4242 6342
246 1047 555 1209 im
591 961 668 1009 ν’

1548 400 2254 497 TRADITIO
2327 407 3180 498 CATHOLICA.

1792 600 2216 663 SxECULUM
2246 604 2423 665 XIV.
2467 603 2745 666 ANNUS
2783 604 2955 666 13’40.

1963 922 2780 1050 ELENCHUS

863 1149 1365 1214 AUCTORU.
1392 1151 1926 1214 BT‘OPERUH
1967 1153 2125 1227 ρυι
2174 1154 2273 1212 IN
2312 1153 2497 1211 HOC
2537 1155 2794 1214 ⁵1⁵0Μο
2852 1157 3138 1218 CXLIX

2312 1153 2497 1211 HOC
2537 1155 2794 1214 ⁵1⁵0Μο
2852 1157 3138 1218 CXLIX
3186 1153 3859 1214 CON'I'INENTUR.

2122 1331 2330 1354 -—.

2341 1331 2608 1356 ο.-

1823 1495 2319 1558 NICEPHORUS
2368 1497 2796 1558 GREGOIMS.

730 1617 1095 1697 Byzantium
1125 1615 1418 1678 Historias
1447 1615 1596 1677 libri
1631 1631 2037 1677 xxv-xum.

889 1721 1246 1780 NICEPHOR!
1283 1716 1607 1778 GREGORB
1653 1732 1911 1778 semen
1965 1732 2106 1778 ALIA
2142 1736 2316 1779 vum
2360 1733 2751 1780 Anoumaml.

733 1823 1101 1901 Martyrium
1134 1823 1194 1881 S.
1244 1820 1488 1883 Codrati
1525 1826 1587 1882 et
1634 1821 1961 1881 Soeiorum
1999 1818 2281 1879 Corinthi
2328 1818 2393 1879 in
2433 1820 2900 1897 PeIOponneso.
3867 1835 3981 1894 503

727 1929 978 1992 Scholia
1031 1929 1099 1989 in
1157 1926 1387 1989 librum
1444 1924 1693 2004 Synesii
1748 1927 1837 1986 De
1895 1924 2266 1996 insomniis,
2307 1923 2414 2002 qui
2457 1932 2652 1986 exstat
2702 1925 2768 1986 in
2816 1932 2990 1991 tomo
3040 1935 3256 1994 nostro
3291 1934 3501 2006 LXVI,

805 2030 926 2093 col.
971 2028 1142 2096 1281.
3873 2039 3978 2099 521

726 2138 1096 2207 Fragmenta
1138 2146 1218 2193 ex
1271 2128 1612 2206 Nicephori
1675 2127 1936 2205 Dialogo
1991 2127 2093 2188 cui
2143 2125 2361 2188 titulus
2399 2145 2414 2187 :
2468 2128 2870 2204 Florentius,
2917 2147 3000 2192 ex
3047 2131 3327 2196 editione
3370 2136 3502 2196 Val.

806 2244 1047 2305 Parisot
1078 2243 1144 2303 in
1185 2239 1608 2305 Cantacuzéne
1649 2238 1881 2298 homme
1928 2237 2142 2299 d'Etat
2181 2246 2238 2298 et
2295 2239 2626 2298 historian.
3864 2245 3982 2306 61.3

728 2345 1395 2423 NicephoriGregorm
1427 2343 1726 2423 Epistolas
1758 2360 1884 2402 xvr.
1941 2344 2102 2418 (Viri
2145 2342 2316 2403 docti
2355 2343 2578 2402 Scinas
2623 2349 2678 2400 et
2729 2343 3130 2405 Mustoxides
3164 2346 3229 2405 in
3263 2347 3510 2426 Sylloge

804 2452 1268 2512 Anecdotorum
1307 2449 1574 2512 Venetiis
1619 2466 1781 2507 anno
1817 2449 1970 2510 1817
2003 2448 2295 2525 Gregorce
2343 2447 2501 2508 alias
2541 2447 2837 2523 epistolas
2882 2468 2994 2508 sex
3046 2449 3416 2519 ediderunt;
3450 2463 3514 2513 at

804 2553 1186 2615 collectionis
1225 2553 1409 2613 istius
1443 2550 1910 2629 exemplaribus
1946 2550 2231 2611 omnibus
2275 2552 2341 2610 in
2389 2550 2707 2611 Orientem
2749 2553 3161 2628 transmissis,
3196 2557 3333 2634 jam
3375 2555 3514 2616 nul-

809 2655 921 2718 libi
946 2658 1013 2717 in
1037 2655 1331 2734 partibus
1373 2656 1610 2716 nostris
1649 2662 1965 2732 comparet
2002 2662 2057 2713 et
2095 2653 2299 2714 adhuc
2335 2672 2405 2712 ea
2434 2655 2761 2732 caremus.)
3869 2660 3983 2721 647

886 2761 1213 2820 ΟΡυδουιΑ
1269 2775 1487 2819 nunu.

726 2860 1030 2938 Prologus
1072 2860 1570 2922 encomiasticus
1604 2858 1670 2918 in
1711 2859 2061 2936 Odysseam
2099 2859 2375 2921 breviter
2408 2861 2844 2940 perstringens
2876 2863 3184 2943 poematis
3222 2863 3524 2927 indolem.
3866 2863 3983 2923 663

725 2961 981 3024 Moralis
1023 2960 1339 3023 enarratio
1374 2958 1961 3039 peregrinationum
1997 2960 2262 3038 Ulyssis.
3864 2967 3984 3028 667

1284 3127 1506 3189 NILUS
1538 3126 1958 3187 CABASILAS
1991 3127 2746 3192 THESSALONICENSIS
2784 3100 3377 3194 ME’TROPOLITA.

724 3259 971 3322 Notitia
1002 3277 1082 3320 ex
1130 3257 1356 3318 Leonis
1397 3257 1621 3319 Allatii
1654 3255 1947 3318 Diatriba
2001 3259 2073 3318 de
2124 3258 2316 3320 Nilis.
3871 3270 3984 3328 671

725 3361 808 3421 De
859 3361 1065 3421 causis
1105 3360 1576 3422 dissensionum
1611 3363 1674 3422 in
1717 3360 1996 3422 Ecclesia
2029 3367 2088 3421 et
2141 3362 2219 3422 de
2270 3363 2539 3440 primatu
2580 3364 2782 3440 Papae.
3873 3368 3985 3428 683

719 3464 987 3523 Joannis
1026 3461 1312 3523 Matthxi
1356 3461 1790 3540 Caryophylli,
1853 3462 2316 3540 archiepiscopi
2358 3465 2705 3524 Iconiensis
2736 3510 2750 3538 ,
2807 3463 3176 3542 Con/utalia
3211 3466 3388 3542 Nili,
3431 3467 3514 3529 ad

809 3567 1127 3629 Urbanum
1180 3569 1344 3630 VIII
1369 3568 1739 3645 Pontiﬁcem
1774 3567 2146 3629 Maximum.
3872 3577 3987 3638 729

721 3669 1095 3732 Encomium
1137 3666 1425 3744 Gregorii
1478 3665 1766 3726 Palamte.
3879 3678 3988 3740 877

1103 3844 1581 3907 THEODORUS
1640 3844 2207 3920 MELITENIOTA,
2263 3845 3002 3927 MAGNJEJ‘ECCLESI/E
3057 3844 3590 3910 SACELLARIUS.

725 3978 974 4038 Notitia
1009 3995 1086 4036 ex
1119 3974 1320 4035 Leone
1359 3973 1594 4033 Allatio
1653 3974 1727 4035 de
1773 3975 2135 4037 Theodoris.
3870 3978 3987 4039 877

721 4079 1012 4138 Editoris
1044 4077 1314 4137 Romani
1346 4076 1658 4137 Monitum
1694 4078 1765 4138 in
1811 4077 2039 4138 Ethica
2068 4080 2410 4160 sequentia.
3871 4079 3983 4138 881

724 4182 938 4242 Ethice
994 4194 1365 4240 sermonum
1405 4179 1470 4241 in
1504 4179 1872 4256 Evangelia.
2547 4219 2550 4223 -
3871 4179 3988 4238 883

719 4282 808 4342 Ex
837 4279 997 4339 libro
1037 4278 1114 4338 de
1147 4277 1555 4339 astronomia.
3871 4277 3981 4336 987

1934 4384 2333 4447 GEORGIUS
2384 4385 2754 4448 LAPITHA.

714 4515 961 4580 Notitia
997 4536 1075 4579 ex
1107 4516 1311 4580 Leone
1362 4515 1599 4579 Allatio
1649 4515 1723 4577 de
1773 4514 2090 4593 Gcorgiis.
3700 4501 3702 4503 ’
3831 4506 3987 4570 1005

718 4620 1014 4696 Epistolas
1047 4627 1171 4680 tres
1202 4620 1280 4680 ad
1337 4616 1771 4697 Nicephorum
1819 4619 2188 4694 Gregoram.
3832 4604 3984 4665 1009

714 4725 974 4785 Carmen
1015 4725 1273 4800 morale,
1323 4740 1399 4786 ex
1431 4723 1708 4785 editione
1738 4723 1871 4784 Car.
1909 4719 2227 4783 Benedicti
2265 4719 2459 4780 Hasii.
3824 4709 3980 4770 1009

2110 4849 2571 4912 ANONYMUS.

712 4985 1043 5064 Catalogus
1074 4985 1383 5047 librorum
1427 4979 1794 5044 monasterii
1832 4977 2053 5040 insulas
2093 4979 2316 5050 Patmi,
2345 4976 2577 5040 saeculo
2613 4978 2774 5039 XIV.
3831 4959 3979 5022 10'47

711 5090 916 5153 Index
944 5087 1303 5150 Graecitatis
1351 5085 1431 5146 ad
1470 5082 1814 5163 Nicephori
1857 5082 2152 5159 Gregora:
2199 5081 2550 5140 Historiam
2605 5079 3043 5157 Byzantinam.
3827 5065 3976 5124 1051

911 5196 1250 5254 ADDENDA.

714 5295 1051 5376 Nicephori
1083 5289 1382 5372 Gregoraa
1407 5292 1721 5354 Allocutio
1751 5291 1831 5353 ad
1863 5289 2296 5351 Andronicum
2330 5287 2786 5364 Palacologum,
2818 5302 2960 5372 cum
2994 5283 3191 5367 victor
3222 5276 3534 5342 rediisset.

792 5372 882 5464 Eur
919 5404 1389 5481 Programmate
1414 5398 1794 5464 Academico
1827 5396 2141 5477 Lipsiensi
2175 5397 2255 5458 ad
2295 5412 2535 5457 annum
2578 5393 2731 5454 1865
2762 5393 3116 5472 proposito.
3476 5440 3484 5448 .
3829 5372 3982 5437 1067

2278 5662 2525 5726 Original
2556 5663 2765 5712 edition
2798 5662 3090 5728 published
3124 5663 3194 5728 by
3229 5663 3350 5718 μ).
3385 5663 3585 5727 “igne,
3619 5663 3770 5713 Paris
3816 5661 3980 5730 1865

2387 5763 2620 5828 Reprint
2653 5763 2724 5827 by
2758 5761 3005 5828 Brcpols,
3031 5763 3324 5812 Turnhout
3358 5763 3672 5827 (Belgium)
3720 5767 3835 5815 198
3855 5764 3883 5812 2
