4242 6342
187 409 303 419 -_
330 411 337 419 ,
366 391 2390 418 *Μ*Μῴ
2411 391 3229 397 --ἠῄ-*νΨ--ν
3308 391 3337 392 γέ

582 589 1576 726 ΝΙΚΗΦΟΡΟΥ
1697 585 2044 718 ΤΟΥ
2157 576 2938 710 ΓΡΗΓΟΡΑ

979 835 1560 948 ΡΩΜΑΙΚ
1577 833 1777 940 ΗΣ
1868 824 2562 937 ΙΣΤΟΡΙΑΣ

1469 1053 1832 1140 ΛΟΓΟΣ
1908 1049 2097 1132 KE’.

754 1411 1789 1574 NICEPHORI
1864 1397 2827 1559 GREGORIE

959 1703 1830 1820 BYZANTlN/E
1913 1697 2641 1815 HISTORIA}

916 1958 1264 2047 LIBER
1375 1949 2007 2046 VICESIMUS
2097 1944 2674 2050 QUINTUS.

255 2308 414 2375 [CmL
447 2308 568 2363 Vat.
609 2305 762 2368 l095,
793 2303 918 2358 P98
945 2300 1024 2371 0.]
1045 2304 1121 2355 A'.
1162 2300 1317 2369 Ἐμοὶ
1341 2298 1394 2351 δέ
1425 2297 1756 2368 προσωτέρω
1782 2291 1833 2352 Δ

1740 2312 1756 2345 ›
1782 2291 1833 2352 Δ
1933 2292 2124 2360 1-18
2161 2291 2200 2344 Ι.
2229 2289 2363 2344 Cum
2410 2289 2627 2355 longius
2660 2276 2923 2358 progredi.
2959 2287 3154 2340 vellem
3203 2285 3415 2339 duabus

188 2403 448 2469 ’προάγειν
496 2396 805 2469 βουλομένῳ
827 2397 972 2446 δυοῖν
1003 2395 1185 2456 ἕνεκα,
1211 2393 1358 2451 ὅπως
1414 2407 1472 2442 τι
1523 2389 1754 2456 μάθοιμι

192 2491 351 2557 ζιέχρι
380 2487 551 2540 πόσου
581 2487 677 2554 τῆς
707 2482 986 2551 ἀλλοτρίας
1012 2480 1226 2546 ἐκείνης
1251 2478 1353 2544 γῆς
1383 2476 1479 2528 καὶ
1517 2473 1583 2527 δι’
1614 2475 1756 2524 ὅσον

189 2579 356 2632 ἐθνῶν
388 2578 618 2630 ἐκείνων
655 2576 829 2644 διήκει
883 2573 1184 2640 σωζόμενον
1219 2569 1279 2619 τὸ
1302 2563 1645 2635 Χριστιανῶν
1676 2562 1756 2614 ἐτι

190 2673 368 2735 γένος,
389 2668 486 2722 καὶ
517 2668 664 2729 ὅπως
691 2669 748 2718 ἐν
771 2666 952 2734 μέσοις
985 2664 1096 2723 τοῖς
1123 2659 1374 2714 ἀσεϐέσιν
1407 2656 1486 2708 ἐτι
1511 2654 1620 2706 τῶν
1654 2671 1758 2705 πα-

193 2757 361 2821 τρίων
386 2755 570 2824 ἔχεται
599 2753 883 2821 δογμάτων
905 2751 1001 2818 τῆς
1024 2748 1303 2809 εὐσεϐείας
1333 2745 1474 2799 κατὰ
1493 2745 1581 2797 τὸν
1606 2744 1757 2812 σφίσι

192 2844 568 2911 ἁπλούστερόν
615 2861 669 2895 τε
705 2843 796 2894 καὶ
830 2840 1186 2906 ἀληθέστερον
1238 2837 1460 2904 τρόπον,
1506 2835 1597 2887 καὶ
1646 2835 1759 2901 ἃμα

195 2935 499 2988 θεάσασθαι
533 2935 585 2984 εἷ
611 2934 661 2985 τί
697 2949 800 2984 που
826 2932 920 3000 τῆς
939 2931 1169 3000 ἀρχαίας
1209 2929 1397 2996 σοφίας
1426 2928 1639 2991 ἐκείνης
1663 2940 1760 2975 πει

199 3027 374 3091 ρίεστι
419 3024 650 3090 λείψανα
697 3022 982 3084 Χαλδαίοις
1019 3022 1108 3074 καὶ
1153 3020 1412 3087 Πέρσαις,
1437 3013 1686 3083 ἐμποδὼν
1712 3014 1761 3066 οξ

194 3118 300 3170 τῶν
356 3114 740 3184 Ἰεραπολιτῶν
761 3113 1083 3182 γεγένηνται
1107 3107 1491 3176 κοσμιώτεροι,
1526 3105 1647 3157 ἐπεί
1679 3104 1761 3156 τοί

196 3226 255 3275 γε
281 3206 446 3276 μέχρι
472 3205 568 3257 καὶ
609 3207 666 3266 ἐς
707 3203 950 3264 ἐκείνους
1003 3198 1392 3271 προεληλύθειν
1417 3196 1548 3264 ἐγὼ,
1584 3196 1764 3249 διακο-

200 3301 347 3360 σίους
376 3299 515 3365 ὁμοῦ
547 3297 642 3348 καὶ
679 3293 741 3366 [ί.
781 3293 847 3347 99
881 3293 938 3364 τι]
968 3291 1165 3360 χιλίους
1196 3291 1358 3356 ἐγγύς
1387 3305 1489 3342 που
1521 3287 1764 3350 σταδίους

199 3389 468 3456 Θαλάττης
513 3387 834 3456 ἀπέχοντας.
889 3385 964 3435 Οὔ
1018 3382 1125 3450 γὰρ
1152 3379 1312 3433 εὔοδα
1351 3379 1570 3431 ἔσεσθαι
1603 3379 1764 3431 ὑπισ-

200 3478 420 3545 χνοῦντό
451 3493 542 3542 μοι
570 3477 649 3527 ἔτι
676 3476 744 3526 τὰ
776 3472 1009 3543 πρόσθεν
1043 3471 1131 3523 διὰ
1184 3471 1243 3522 τὸ
1273 3469 1381 3521 τῶν
1414 3467 1768 3539 προσοικούν-

199 3587 306 3621 των
354 3567 766 3633 ἁλλόγλωσσον·
800 3565 860 3616 οὐ
902 3563 1007 3632 μὴν
1052 3561 1160 3614 οὐδ’
1205 3564 1253 3614 εί
1293 3560 1451 3613 εῦοδα
1483 3555 1551 3628 ἦν
1584 3557 1765 3610 ἐντεῦο

201 3659 315 3717 θεν,
347 3655 536 3724 ἥκιστ’
568 3653 660 3707 οὖν
712 3655 861 3722 ὅμως
915 3649 1329 3720 περιλείπεσθαι
1381 3648 1660 3716 Χαλδαῖκῇ
1707 3662 1765 3698 τε

204 3749 274 3815 γῇ
322 3746 419 3798 καὶ
465 3745 708 3814 Περσικῇ
742 3744 933 3811 σοφίας
966 3743 1103 3803 ὅλως
1148 3740 1366 3808 ἐκείνης
1410 3740 1528 3808 ἴχνη
1577 3755 1633 3791 τε
1679 3739 1768 3789 καὶ

206 3836 588 3904 γνωρίσματα.
637 3832 728 3896 Ἐξ
753 3833 874 3884 ὅτου
907 3833 1012 3900 γὰρ
1056 3829 1115 3881 ea
1146 3827 1410 3880 Σκυθικὸν
1439 3826 1770 3898 ἐπιρῤεῦσαν

208 3927 385 3990 γένος’
407 3925 502 3976 καὶ
550 3920 779 3991 ἐκχυθὲν
810 3919 1020 3972 ἄνωθέν
1049 3919 1216 3971 ποθεν
1248 3918 1308 3982 ἐξ
1340 3916 1619 3986 ἀρκτικῶν
1665 3933 1774 3984 πη·

208 4015 317 4082 γῶν
349 4013 604 4082 καθάπερ
655 4011 886 4082 ἀχανοῦς
939 4029 1082 4073 τινος
1131 4011 1274 4079 ὓδωρ
1311 4009 1603 4075 πελάγους,
1635 4009 1776 4077 Πέρ-

209 4125 303 4169 σας
344 4123 404 4158 τε
447 4105 778 4157 ἐδουλώσατο
824 4105 918 4157 καὶ
957 4105 1176 4173 Μήδους
1225 4103 1322 4155 καὶ
1374 4103 1554 4154 πᾶσαν
1602 4101 1777 4152 εἰπεῖν

207 4197 442 4264 ταυτηνὶ
487 4195 586 4264 τὴν
630 4193 816 4247 Ἀσίαν
843 4193 1003 4263 ἄχρις
1047 4191 1225 4245 Ἰνδῶν
1263 4207 1322 4242 τε
1373 4190 1600 4242 ἐκείνων
1642 4191 1778 4259 προς

207 4289 280 4340 ἕω
315 4291 412 4339 καὶ
440 4285 596 4355 ἄχρις
639 4285 889 4353 Ἀρᾶιῦων
914 4285 1140 4336 τουτωνὶ
1168 4281 1304 4350 πρὸς
1334 4280 1507 4344 νότον,
1526 4279 1587 4332 οῦ
1617 4280 1781 4348 μόνον

206 4380 274 4430 si
322 4377 499 4429 πλείω
547 4375 653 4428 τῶν
693 4376 974 4444 ἐγχωρίων
1020 4373 1167 4440 ἠθῶν
1220 4372 1447 4424 ἐκείνων
1501 4369 1635 4437 ἔσϐη
1685 4370 1779 4420 καὶ

209 4471 514 4538 ἐτεθνήκει,
560 4468 696 4519 ἀλλὰ
747 4467 842 4519 καὶ
887 4466 1026 4517 αὐτὰ
1076 4465 1183 4516 τῶν
1231 4464 1402 4516 ἐθνῶν
1436 4464 1661 4516 ἐκείνων
1712 4463 1780 4514 τὰ

208 4563 414 4614 τοττικὰ
471 4559 817 4627 διαστήματὰ
863 4575 918 4610 τε
975 4557 1066 4608 καὶ
1119 4557 1244 4625 ὅρια
1299 4562 1630 4626 συγκέχυται
1688 4557 1782 4610 καὶ

215 4653 570 4706 παντάπασίν
620 4652 734 4702 ἐστι
784 4650 1110 4703 δυσείκαστα
1145 4649 1261 4702 νῦν.
1311 4651 1566 4702 Γίνεσθαι
1598 4650 1652 4702 δέ
1691 4667 1782 4718 μοι

218 4744 456 4810 μάλιστα
507 4739 625 4802 νῦν,
674 4739 832 4809 εἴπερ
883 4738 1023 4802 ποτ’,
1056 4738 1374 4806 ἀξύμφορον
1410 4738 1647 4806 ἔφασκον
1684 4737 1783 4806 τὴν

213 4837 389 4886 ἐκεῖσε
416 4833 646 4899 πάρώον
672 4832 759 4883 διὰ
790 4833 884 4893 τὰς
913 4832 1036 4900 ἄρτι
1080 4833 1484 4901 κατεσχηκυίας
1517 4833 1608 4882 καὶ
1645 4831 1782 4882 Σκύο

1856 2399 1919 2439 ex
1949 2385 2149 2443 causis.
2178 2383 2373 2450 partim
2413 2392 2468 2434 ut
2515 2394 2928 2449 cognoscerem,
2955 2376 3021 2430 ad
3051 2392 3214 2445 quem
3248 2376 3412 2430 linem

1859 2484 2018 2528 terra:
2044 2474 2189 2526 illius
2220 2472 2541 2541 peregrinae,
2569 2479 2623 2522 et
2655 2486 2752 2538 per
2775 2483 2911 2538 quas
2932 2478 3120 2536 g‘ntes
3144 2467 3417 2521 Christia-

1857 2581 2056 2618 norum
2092 2564 2274 2618 adhuc
2303 2579 2471 2632 genus
2500 2562 2707 2615 salvum
2736 2561 3147 2620 extenderetur,
3192 2567 3248 2611 et
3278 2573 3416 2626 quo-

1859 2656 2023 2710 modo
2048 2655 2193 2708 inter
2219 2655 2426 2708 medios
2453 2652 2792 2720 irreligiosos
2820 2650 3069 2704 homines
3094 2651 3267 2717 patria
3295 2649 3420 2701 lidvi

1860 2747 2113 2815 dogmata
2145 2745 2478 2814 simpliciore
2510 2759 2604 2797 sua
2635 2753 2690 2798 et
2721 2745 2935 2797 veriore
2972 2741 3182 2795 ratione
3217 2741 3423 2808 ample-

1861 2848 2122 2897 cteretur,
2167 2838 2362 2907 partim
2413 2849 2471 2890 ut
2521 2836 2785 2897 viderem,
2841 2852 2970 2889 num
3029 2835 3167 2888 forte
3220 2835 3421 2888 alicubi

1863 2930 2004 2998 apud
2033 2929 2318 2983 Chaldaeos
2347 2938 2402 2982 et
2439 2929 2630 2980 Persas
2674 2926 2913 2993 antiquze
2951 2925 3099 2978 illius
3137 2925 3426 2993 sapientia

1863 3029 2146 3075 exstarent
2195 3019 2463 3086 reliquim.
2499 3017 2566 3070 ab
2619 3015 2969 3083 Ilicrapolitis
3023 3015 3428 3068 honestissimis

1866 3111 2223 3178 impediebar,
2251 3110 2315 3162 ad
2347 3125 2484 3179 quos
2517 3124 2686 3176 usque
2718 3122 2818 3176 ego
2847 3121 3224 3176 procesReram
3255 3122 3430 3174 quan-

1865 3217 2027 3269 quam
2055 3202 2201 3254 mille
2233 3202 2345 3254 I'ere
2374 3201 2628 3254 ducentis
2659 3199 2850 3253 stadiis
2879 3215 2909 3252 a
2933 3199 3070 3252 mari
3100 3198 3423 3265 disjunetos.

1870 3297 1930 3348 lli
1968 3295 2114 3348 enim
2163 3295 2311 3347 locos
2359 3295 2524 3347 etiam
2562 3292 2971 3361 longinquiores
3002 3291 3072 3344 ob
3124 3290 3425 3344 incolarum

1869 3386 2206 3452 peregrinam
2276 3385 2516 3453 linguam
2576 3399 2684 3437 non
2736 3385 3022 3437 commode
3073 3384 3211 3436 adiri
3270 3399 3430 3452 posse

1869 3477 2238 3538 allirmabant;
2270 3478 2402 3543 quin
2434 3479 2598 3530 etiam
2632 3476 2675 3530 si
2701 3476 2856 3529 facile
2885 3475 3022 3529 adiri
3063 3485 3309 3544 ansent,
3351 3485 3432 3528 at-

1877 3575 2056 3618 tamen
2089 3581 2432 3634 nequaquam
2474 3565 2616 3633 apnd
2647 3564 2935 3619 Chaldaeos
2965 3575 3020 3619 et
3050 3567 3245 3619 Persas
3286 3567 3433 3620 illius

1871 3656 2150 3724 sapientia:
2189 3656 2416 3724 vestigia
2467 3666 2631 3723 atque
2690 3657 2898 3710 indicia
2945 3671 3256 3725 superesse.
3311 3656 3433 3721 Quo

1871 3745 2016 3799 enim
2069 3760 2135 3800 ex
2189 3754 2432 3814 tempore
2485 3760 2616 3811 gens
2662 3745 2913 3815 Scythica
2953 3760 3018 3798 ex
3053 3747 3294 3800 fontibus
3332 3745 3436 3814 19

1874 3836 2396 3904 septentrionalibus
2421 3836 2592 3889 eilnsa
2625 3836 2887 3889 [luctuum
2929 3837 3103 3890 instar
3138 3837 3303 3888 maris
3334 3835 3436 3888 im-

1875 3928 2050 3982 manis
2082 3927 2298 3997 lateque
2323 3927 2543 3996 expansi
2573 3927 2624 3980 in
2650 3927 2831 3981 Asiam
2861 3927 3022 3981 irruit
3049 3937 3213 3996 atque
3242 3929 3436 3982 Persas

1876 4019 2170 4087 Medosque
2199 4027 2255 4072 et
2289 4027 2454 4071 totam
2487 4017 2599 4072 fere
2628 4018 2836 4072 hancce
2859 4018 3039 4071 Asiam
3063 4033 3169 4071 una
3193 4033 3256 4071 ex
3285 4029 3437 4086 parte

1879 4127 2053 4179 usque
2086 4111 2152 4164 ad
2188 4109 2351 4164 Indos
2381 4109 2646 4164 orientem
2672 4125 2882 4172 versus,
2918 4111 3158 4162 etaltera
3191 4125 3257 4162 ex
3285 4119 3439 4176 parte

1879 4218 2051 4272 usque
2073 4203 2138 4256 ad
2163 4203 2371 4256 Arabes
2391 4201 2674 4255 meridiem
2699 4215 2888 4253 versus
2916 4200 2968 4252 in
2995 4200 3258 4253 ditionem
3285 4217 3437 4253 suam

1881 4292 2111 4360 redegit.
2150 4307 2257 4344 non
2290 4290 2463 4343 solum
2496 4289 2783 4343 domestici
2831 4289 3209 4358 indigenarum
3260 4305 3442 4343 mores

1883 4385 2278 4456 propemodum
2307 4383 2560 4437 exstincti
2593 4391 2720 4435 sunt
2747 4389 2910 4449 atque
2946 4381 3319 4453 intermortui,
3345 4383 3438 4434 sed

1884 4474 2049 4528 etiam
2109 4473 2223 4541 ipsa
2271 4473 2512 4540 gentium
2572 4471 2857 4526 intervalla
2920 4471 3164 4538 [inesnue
3216 4471 3444 4522 cortfttsa

1884 4575 2014 4620 sunt
2044 4573 2206 4632 atque
2243 4580 2389 4616 nunc
2441 4577 2667 4630 prorsus
2717 4564 2938 4629 cognitu
2997 4560 3259 4615 difﬁcilia.
3303 4561 3442 4613 Tum

1885 4668 2064 4711 autem
2094 4669 2256 4722 quam
2289 4655 2520 4707 maxime
2549 4653 2653 4706 iter
2683 4654 2736 4706 in
2773 4652 2902 4704 istas
2934 4663 3112 4706 terras
3145 4651 3446 4704 incommo.

1887 4748 2015 4800 dum
2069 4746 2201 4798 mihi
2243 4745 2358 4797 fore
2405 4744 2660 4797 dicebant
2703 4743 2774 4797 ob
2809 4742 3191 4798 contentiones
3232 4741 3449 4794 discor-

1888 4839 2116 4906 diasque
2161 4836 2226 4889 de
2259 4836 2570 4904 principatu
2604 4837 2746 4886 inter
2779 4833 2925 4902 ipsos
2970 4831 3199 4902 Scythas
3226 4837 3449 4884 exorlas

215 4925 308 4986 ϐας
367 4925 563 4984 αὐτοὺς
616 4923 735 4975 κατ’
791 4922 1034 4992 ἀλλήλων
1071 4923 1252 4992 ἐριδας
1309 4941 1366 4974 τε
1419 4925 1512 4975 καὶ
1565 4923 1890 4998 στάσειςος

1772 4941 1854 4998 :c,
1889 4929 2134 4998 principe
2185 4941 2375 4981 eorum
2426 4936 2587 4993 atque
2633 4926 2771 4979 duce
2821 4924 2981 4992 paulo
3029 4928 3155 4976 ante
3209 4932 3447 4974 mortuo.

215 5017 340 5084 περὶ
396 5014 702 5083 πρωτείων,
740 5012 833 5066 τοῦ
868 5015 1017 5082 σφῶν
1068 5013 1311 5083 ἀρχηγοῦ
1363 5016 1458 5067 καὶ
1506 5016 1776 5084 ἡγεμόνος

217 5109 318 5176 πρὸ
350 5104 549 5174 μικροῦ
593 5103 934 5173 τεθνηκότος.
979 5105 1144 5158 Ταῦτ’
1185 5105 1277 5158 οῦν
1309 5105 1472 5173 ἔγωγ’
1504 5105 1776 5174 ἀκηκοὼς,

221 5201 311 5250 καὶ
364 5197 484 5266 ἅμα
539 5197 778 5266 συνορῶν
824 5196 922 5265 τῆς
951 5197 1142 5266 ὁμοίας
1187 5198 1504 5266 συγχύσεως
1531 5200 1592 5249 τὸ
1623 5198 1782 5264 νεμό-

223 5305 386 5356 μενον
416 5288 510 5339 καὶ
540 5288 627 5339 ἐπ’
658 5287 905 5356 ’Ἄραϐας
936 5290 1184 5340 τουτουσὶ
1231 5287 1574 5358 προχωροῦν,
1604 5290 1787 5338 τελευ-

220 5383 486 5446 τήσαντος
511 5381 706 5430 νεωστὶ
739 5379 830 5429 καὶ
864 5377 958 5430 τοῦ
989 5380 1288 5445 Αἰγυπτίου
1319 5380 1519 5448 Φαραὼ
1554 5381 1647 5432 καὶ
1676 5379 1785 5430 τῶν

217 5475 379 5524 υἱέων
426 5471 554 5539 περὶ
592 5471 692 5539 τῆς
736 5470 909 5541 ἀρχῆς
953 5472 1011 5522 ἐν
1069 5471 1319 5541 ἀλλήλοις
1365 5472 1786 5534 στασιαζόντων,

220 5568 314 5614 καὶ
374 5565 738 5631 πεφυρμένων
783 5567 1032 5634 πανταχῆ
1065 5566 1172 5616 τῶν
1223 5565 1322 5632 τῆς
1363 5565 1643 5630 Αἰγύπτου
1693 5566 1790 5617 καὶ

229 5654 493 5727 ’Δραῦέας
532 5656 892 5723 πραγμάτων,
943 5657 1175 5723 τάχιστα
1225 5655 1530 5725 ἀνεχώρουν
1581 5654 1790 5708 ἐκεῖθεν

461 5750 725 5808 Partum.
760 5751 874 5809 (in.
908 5745 1172 5810 CXLIX.

1885 5020 2038 5086 Quod
2074 5033 2197 5073 cum
2254 5032 2356 5085 ego
2389 5017 2666 5070 audissem
2703 5015 3015 5082 similesque
3052 5013 3244 5066 turbas
3285 5011 3450 5064 etiam

1886 5113 1942 5165 in
1973 5111 2182 5165 Arabes
2213 5109 2449 5179 grassari
2491 5108 2756 5171 viderem,
2805 5122 2930 5159 cum
2983 5118 3158 5172 nuper
3227 5113 3450 5156 mortua

1891 5203 2175 5256 Pharaone
2208 5201 2460 5271 [Egyptio
2489 5201 2583 5254 lilii
2613 5201 2732 5267 ejus
2762 5201 2829 5254 de
2860 5214 3029 5264 regno
3057 5199 3200 5250 inter
3237 5211 3295 5249 se
3339 5195 3452 5248 dis-

1890 5292 2136 5345 siderent
2185 5301 2236 5344 et
2285 5290 2660 5360 Egyptiorum
2713 5290 3066 5356 Arabumque
3113 5301 3202 5341 res
3249 5285 3452 5352 ubique

1892 5383 2209 5444 miscerent,
2245 5382 2533 5436 celerrime
2583 5383 2706 5434 inde
2761 5380 3042 5447 profectus
3098 5378 3151 5430 in
3207 5376 3452 5429 Ciliciam

1894 5476 2118 5538 recessi,
2157 5474 2448 5526 maximam
2498 5481 2659 5539 atque
2710 5470 3180 5539 opulentissimam
3225 5475 3454 5524 terram,

1893 5567 2000 5618 situ
2058 5574 2222 5633 atque
2282 5573 2473 5616 natura
2537 5563 2876 5630 praeclaram,
2953 5561 3043 5614 ubi
3112 5574 3234 5611 cum
3320 5558 3456 5611 alias

1896 5657 2095 5710 multas
2123 5655 2409 5724 praeclaras
2441 5655 2606 5710 urbes
2640 5656 2784 5708 inter
2815 5669 2980 5724 seque
3009 5651 3218 5706 vicinas
3247 5651 3456 5710 inveni.

3089 5747 3112 5802 1
