4242 6342
211 369 273 432 l3
1182 351 1631 416 BYZANTIN/E
1669 346 2056 410 HISTORIE
2099 345 2246 405 LIB.
2294 344 2462 405 XXV.
3395 329 3463 415 ιι

207 476 432 536 ἐκείνως
455 473 736 537 διεξιέναι,
774 469 868 522 καὶ
905 466 1148 539 μιγνύων
1199 468 1309 529 τοῖς
1339 466 1569 520 τοιοῖσδε
1609 466 1676 518 τὰ
1715 464 1790 532 μὴ
1823 467 1864 523 Α

1823 467 1864 523 Α
1893 461 1990 530 qui
2024 463 2134 532 jam
2172 467 2331 513 antea
2353 499 2368 522 ,
2405 465 2465 510 ut
2500 469 2692 509 verum
2734 452 2832 508 tibi
2869 451 3046 504 dicam
3072 491 3085 514 ,
3119 464 3204 504 res
3240 448 3344 502 ista
3375 463 3465 500 ra-

207 568 386 621 τοιάδε
433 565 532 633 τὴν
572 563 670 633 σὴν
719 563 889 632 ἀκοὴν
938 559 1282 623 ἀποκναίειν,
1314 557 1412 611 καὶ
1459 555 1636 610 ταῦτα
1690 553 1785 606 νύν

204 657 350 709 οὕτω
401 655 583 723 λύπης
642 655 859 722 ἔχοντος
911 651 1110 712 ἄλλως,
1151 653 1242 703 ὅτε
1290 648 1526 718 μάλιστα
1565 646 1785 699 πάντων

205 747 405 800 amvi
450 746 637 797 ἐκεῖνα
697 742 917 809 μνήμης
970 740 1192 808 ἁπάσης
1250 734 1444 789 δπισθε
1511 730 1786 785 ποιεῖσθαι

203 838 304 888 οὐκ
363 837 517 887 ἐστιν
571 832 694 885 ὅθεν
751 830 815 883 οὒ
879 830 973 882 καὶ
1005 830 1157 890 ὅπως
1205 825 1265 879 οὓ
1319 815 1786 894 βεϐούλημαι,οἷς

207 927 769 995 βάρους·ἐνέστακται
805 924 1084 993 πρόφασις
1131 917 1381 972 ὁπωσοῦν
1423 917 1514 969 καὶ
1542 913 1786 968 ὁθενοῦν.

205 1017 320 1070 Νῦν
372 1017 422 1068 δ’
479 1015 668 1084 ἐπειδὴ
710 1014 792 1067 σοί
843 1031 907 1082 γε
958 1010 1108 1065 τοῦθ’
1157 1010 1308 1081 ἥδιον
1363 1008 1576 1061 ἐκείνου
1609 1003 1791 1074 πολλῷ

209 1109 475 1178 μανθάνω
534 1107 746 1169 δοκεῖν,
801 1106 1043 1172 ἄσμενος
1116 1099 1274 1169 κάγὼ
1337 1099 1524 1152 λοιπὸν
1590 1096 1791 1149 αὐτίκα

211 1201 358 1268 μάλα
385 1200 486 1267 τὴν
507 1200 607 1267 σὴν
629 1197 726 1265 τῆς
756 1195 903 1266 ἐμῆς
936 1193 1350 1263 ἀνθαιρήσομαι
1378 1189 1661 1259 βούλησιν.
1685 1189 1792 1241 Καὶ

208 1294 258 1342 τί
297 1292 410 1359 γὰρ
438 1291 570 1343 ἄλλο
595 1288 703 1341 τῶν
732 1288 909 1342 ἄλλων
936 1285 1145 1350 δόξειεν
1186 1278 1252 1337 αὖ
1297 1282 1793 1349 εὐδαιμονέστερον

210 1383 400 1448 ἔμοιγε
443 1376 610 1446 νῦνῆ
663 1374 748 1428 σοι
805 1391 867 1442 γε
915 1373 985 1426 τὰ
1034 1369 1263 1425 τοιαῦτα
1302 1366 1634 1438 χαρίζεσθαι
1683 1364 1795 1416 τῶν

210 1469 594 1539 διηγημάτων,
622 1459 698 1520 ὧν
727 1466 851 1535 ἐμοὶ
881 1465 983 1535 μὲν
1018 1465 1152 1536 ῥᾷον
1177 1461 1353 1525 ούδέν,
1386 1460 1470 1512 σοὶ
1496 1459 1554 1510 δέ
1589 1459 1798 1526 βέλτιον

209 1564 361 1617 οὐδέν
388 1586 403 1628 ;

279 1655 358 1711 Δ’.
434 1655 600 1708 Ἀλλὰ
668 1653 776 1721 γὰρ
825 1652 854 1704 ὀ
907 1650 1128 1717 ἑταῖρος
1197 1649 1333 1717 ἡμῖν
1395 1642 1798 1714 ’Δγαθάγγελος

208 1748 437 1800 τοιαῦτα
489 1747 588 1815 μὲν
630 1745 774 1812 ὑπὲρ
819 1736 896 1794 ῶν
957 1739 1304 1806 σεσιώπηκεν
1370 1737 1794 1802 άπολελόγηται,

209 1840 442 1894 τοιαῦτα
487 1838 546 1890 δὲ
602 1838 743 1905 ὑπὲρ
775 1827 850 1888 ὧν
882 1831 1161 1902 φθέγξαιτ’
1201 1829 1270 1884 ἂν
1317 1830 1396 1891 είς
1444 1828 1670 1880 τούπιὸν
1699 1830 1796 1895 τῆς

210 1933 527 2002 διηγήσεως
553 1925 950 1998 ἐπηγγέλλετο,
987 1923 1098 1976 τῶν
1129 1923 1228 1990 μὲν
1262 1919 1548 1990 προτέρων
1581 1918 1797 1986 σμικρὰ

208 2020 704 2088 ἐπαναλαμϐάνειν
733 2018 819 2070 διὰ
846 2017 907 2070 τὸ
936 2017 1038 2086 ἤδη
1079 2015 1336 2084 είρῆσθαι
1361 2012 1430 2064 τὰ
1463 2011 1658 2074 πλείω,
1682 2012 1797 2070 τοῖς

209 2117 256 2167 δ’
298 2113 522 2168 ἐπιοῦσι
575 2111 683 2165 τῶν
742 2109 1058 2177 ἀναγκαίων
1134 2106 1300 2176 μηδὲν
1366 2103 1800 2172 ὑπισχνούμενος

209 2207 607 2276 παραλείπειν.
648 2204 924 2272 Ἐντυχεῖν
959 2200 1060 2270 μὲν
1100 2193 1194 2251 οὖν
1239 2196 1393 2263 ἔλεγε
1426 2193 1658 2247 καὶτῶν
1707 2209 1800 2261 με·

218 2300 542 2368 ρικωτέρων
589 2296 907 2349 ἐπισκόπων
954 2293 1071 2344 ὅσοι
1112 2289 1232 2344 καθ’
1273 2290 1340 2351 ἃς
1374 2286 1537 2348 αὐτὸς
1586 2284 1800 2354 περιῄει

214 2395 415 2460 κώμας
477 2391 574 2443 καὶ
621 2387 807 2448 πόλεις
859 2386 1159 2453 ἐτύγχανον
1209 2381 1383 2446 ὄντες,
1441 2379 1690 2447 ἐντυχεῖν
1743 2375 1800 2428 δὲ

216 2482 278 2553 [Γ.
317 2480 423 2535 1(Ρο
453 2478 512 2549 α]
573 2479 809 2546 μάλιστα
841 2475 906 2544 δὴ
948 2474 1316 2543 πατριάρχαις
1360 2470 1563 2535 αὐτοῖς,
1600 2470 1801 2537 Γρηγοο

219 2577 320 2642 ρὲῳ
353 2591 414 2624 τε
439 2570 644 2642 δηλαδὴ
691 2570 768 2635 τῷ
804 2566 1212 2634 ’Δλεξανδρεὲας
1248 2563 1343 2614 καὶ
1385 2559 1635 2628 Ίγνατίῳ
1678 2560 1800 2611 ’Av-

216 2665 486 2734 τιοχείας,
541 2663 638 2714 καὶ
697 2660 868 2730 τρίτῳ
921 2657 979 2719 ὃς
1038 2657 1171 2725 πρὶν
1232 2655 1266 2723 ἢ
1322 2653 1577 2720 Λάζαρον
1637 2651 1800 2718 τῆτες

219 2759 402 2810 ἐκεῖσε
473 2752 727 2820 ἀφῖχθαι,
769 2749 862 2800 τὸν
931 2743 1337 2816 πατριαρχικδν
1402 2739 1800 2810 Ἰεροσολύμων

219 2849 391 2899 διεῖπε
432 2844 623 2912 θρόνον
643 2857 657 2872 ·
686 2842 748 2892 τὸ
774 2841 882 2907 γάρ
915 2837 996 2889 τοί
1021 2854 1086 2904 γε
1112 2836 1284 2902 ὄνομα
1320 2833 1570 2901 ἐλελήθει
1603 2847 1670 2899 με
1702 2829 1800 2880 τοῦ

220 2938 434 3004 ἀνδρὸς.
474 2934 748 3000 Ἑντυχεῖν
787 2928 832 2982 δ’
877 2928 970 2980 οὖν
1015 2930 1073 2978 ὲν
1123 2926 1400 2994 διαφόροις
1437 2922 1612 2976 ἄλλοτ’
1657 2919 1802 2988 ἄλλῳ

221 3030 332 3088 τοῖς
367 3025 576 3085 τόποις,
609 3020 734 3073 ἔνθα
792 3019 889 3071 καὶ
940 3017 1038 3085 τὴν
1096 3015 1306 3068 δίαιταν
1358 3013 1592 3073 ἕκαστος
1647 3009 1803 3078 ἔτυχε

1891 552 2038 605 tioue
2057 551 2164 620 22
2176 563 2452 618 exponere
2478 545 2637 601 valde
2661 545 2871 599 veritus
2889 543 3015 605 sim,
3038 556 3104 595 ne
3123 541 3464 595 diversarum

1891 657 2075 696 rerum
2122 641 2595 709 conglutinatione
2653 645 2776 690 tuas
2823 649 2986 689 aures
3064 633 3468 694 obtunderem,

1890 735 2148 806 satisjam
2187 733 2536 787 contristatas
2554 730 2642 783 ubi
2677 726 2934 791 maxime,
2975 723 3344 793 quodcunque
3382 721 3468 773 vel

1893 827 2129 880 minimae
2158 824 2423 879 molestia
2445 834 2774 891 quacunque
2797 833 2862 872 ex
2888 830 3055 871 causa
3083 813 3326 869 eiliciens
3344 825 3469 865 esse

1892 925 2115 987 posset,
2165 915 2218 970 id
2271 915 2340 969 ab
2383 913 2536 966 omni
2591 907 3129 965 commemoratione
3177 904 3470 974 seiungere

1897 1026 2007 1066 non
2039 1009 2193 1079 potui
2236 1021 2344 1061 non
2398 1005 2453 1059 in
2501 1003 2746 1056 animum
2793 999 3079 1054 inducere.
3133 994 3291 1049 Nunc
3338 1007 3471 1046 vero

1896 1114 2023 1156 cum
2058 1098 2158 1152 tibi
2202 1096 2376 1150 multo
2413 1094 2626 1164 gratius
2656 1092 2760 1145 bac
2791 1090 3007 1144 ratione
3034 1102 3201 1156 quam
3231 1085 3346 1146 illa,
3381 1097 3469 1136 res

1894 1203 2158 1246 enarrare
2189 1187 2365 1258 videri
2399 1183 2754 1255 cognoverim
2778 1221 2793 1245 ,
2855 1182 3114 1236 lubenter
3149 1180 3262 1248 jam
3310 1186 3468 1230 tuum

1893 1281 2187 1337 consilium
2225 1293 2349 1332 meo
2383 1287 2740 1346 anteponam.
2776 1273 2920 1339 Quid
2956 1271 3115 1326 enim
3144 1266 3297 1323 aliud
3330 1266 3468 1321 milii

1899 1387 2050 1427 nunc
2097 1370 2449 1440 prasstantius
2495 1367 2671 1421 videri
2726 1373 2940 1434 potest,
2986 1375 3152 1431 quam
3199 1359 3337 1414 tales
3372 1357 3473 1411 tibi

1901 1462 2252 1514 narrationes
2280 1473 2584 1527 proponere
2606 1497 2621 1522 ,
2653 1456 2854 1525 quibus
2881 1454 3020 1508 nihil
3053 1452 3191 1507 mibi
3219 1449 3473 1513 facilius,

1905 1550 2008 1606 tibi
2043 1550 2182 1603 nihil
2220 1549 2416 1602 melius
2454 1557 2558 1601 est.

1975 1643 2064 1697 IV.
2100 1643 2226 1696 Haec
2252 1642 2419 1711 igitur
2446 1649 2802 1709 posteaquam
2827 1637 3238 1710 Agatltangelus
3257 1636 3475 1691 anticus

1908 1736 1976 1791 de
2004 1737 2071 1792 iis
2093 1751 2216 1805 quae
2242 1735 2462 1789 silentio
2487 1734 2796 1798 transisset,
2822 1734 2888 1787 ad
2917 1747 3069 1786 suam
3093 1729 3474 1784 defensionem

1905 1830 2158 1897 protulit,
2183 1827 2250 1881 de
2279 1828 2348 1882 iis
2366 1843 2487 1896 qua:
2507 1827 2561 1880 in
2582 1827 2835 1895 sequenti
2860 1827 3178 1879 narratione
3204 1825 3481 1880 relaturus

1901 1929 2079 1984 esset,
2112 1919 2391 1989 professus
2418 1927 2525 1982 est,
2553 1934 2611 1974 se
2644 1933 2816 1988 pauca
2853 1929 3063 1973 tantum
3096 1934 3162 1973 ex
3197 1919 3480 1989 prioribus

1909 2021 2264 2081 recepturum
2293 2027 2416 2066 esse
2453 2021 2744 2080 propterea
2775 2010 2923 2079 quod
2962 2009 3242 2082 majorem
3265 2022 3478 2080 partem

1903 2105 2013 2173 jam
2055 2105 2433 2173 exposuisset,
2472 2104 2673 2158 deinde
2714 2119 2846 2158 vero
2886 2105 3058 2168 nihil,
3097 2106 3246 2173 quod
3287 2122 3480 2161 neces-

1906 2196 2110 2248 sarium
2145 2203 2328 2259 esset,
2362 2210 2421 2249 se
2453 2196 2788 2250 omissurum
2828 2195 3101 2264 promisit.
3139 2196 3481 2252 Convenisse

1909 2286 2076 2354 igitur
2112 2301 2169 2339 se
2207 2287 2431 2341 dicebat
2479 2297 2680 2355 praeter
2733 2288 3095 2357 particulares
3140 2289 3473 2360 episcopos,

1905 2393 2044 2447 quos
2072 2378 2127 2431 in
2156 2378 2391 2448 singulis
2419 2380 2557 2433 vicis
2586 2380 2925 2451 urbibusque
2949 2381 3273 2438 offendisset
3292 2425 3304 2445 .
3340 2400 3480 2453 prae-

1908 2469 2100 2522 sertim
2133 2468 2281 2537 ipsos
2311 2469 2682 2538 patriarchas,
2716 2470 3042 2540 Gregorium
3067 2512 3079 2535 ,
3108 2473 3479 2540 patriarcbam

1914 2556 2291 2622 Alexandrias,
2339 2558 2605 2627 Ignatium
2648 2561 2988 2624 Antiocliim,
3035 2566 3258 2617 tertium
3309 2579 3437 2618 eum
3465 2605 3482 2627 .

1909 2649 2003 2716 qui
2051 2647 2450 2718 Hierosolymis
2500 2651 2939 2716 patriarchicum
2991 2654 3190 2707 solium
3241 2655 3485 2710 obtinuit

1909 2749 2037 2793 ante
2090 2739 2394 2804 Lazarum,
2446 2741 2540 2809 qui
2594 2741 2697 2795 huc
2742 2757 2888 2796 anno
2941 2759 3009 2797 eo
3046 2745 3235 2809 venit;
3280 2762 3480 2800 nomen

1909 2843 2091 2887 autem
2140 2832 2241 2886 viri
2287 2848 2372 2887 me
2413 2835 2570 2902 fugit.
2611 2833 2950 2889 Couvenisse
2991 2852 3048 2890 se
3092 2836 3260 2907 igitur
3310 2840 3480 2893 alium

1909 2923 2014 2992 23
2064 2923 2172 2977 alio
2215 2925 2372 2988 loco,
2423 2923 2516 2977 ubi
2563 2940 2717 2978 suam
2767 2927 2998 2996 quisque
3047 2939 3178 2982 tunc
3222 2932 3482 2999 temporis

1908 3015 2090 3068 sedem
2130 3015 2354 3068 ﬁxisset.
2398 3016 2574 3084 Atque
2612 3017 2848 3085 primum
2884 3020 3104 3088 quidem
3146 3022 3221 3074 ait
3259 3036 3318 3076 se
3351 3037 3483 3076 con-

223 3117 528 3188 τηνικαῦτα
580 3115 923 3178 ποιούμενος.
970 3108 1081 3158 Καὶ
1124 3107 1194 3157 τὰ
1247 3103 1348 3173 μὲν
1401 3102 1595 3170 πρῶτά
1639 3117 1876 3190 φησινρ

1831 3130 1876 3190 C
1911 3107 2068 3161 viciis
2097 3117 2153 3161 et
2182 3108 2472 3161 calumniis
2495 3107 2562 3160 ab
2595 3108 2705 3161 illis
2738 3111 3067 3178 exagitatum
3102 3128 3256 3177 esse;
3298 3129 3393 3168 eos
3431 3125 3484 3169 ri.

225 3208 589 3269 ézttweyisw
641 3203 888 3262 ἐκείνους
942 3200 1036 3250 καὶ
1097 3195 1553 3264 διαλοιδορεῖσθαί
1601 3196 1672 3258 0i,
1715 3195 1808 3247 atat

226 3299 337 3355 οἷον
393 3297 842 3368 είςωνευομένοις
919 3292 1155 3344 ἑοικέναι
1233 3293 1328 3342 καὶ
1388 3287 1806 3356 ἁποσειομένοις

227 3393 534 3465 ὁλοσχερῶς
587 3392 687 3458 τὴν
739 3383 904 3439 αὐτοῦ
944 3384 1335 3448 συνδιαίτησιν,
1378 3380 1485 3448 ἰδίᾳ
1537 3379 1635 3446 μὲν
1672 3378 1806 3428 ἐκα-

232 3507 376 3553 στον,
433 3486 520 3538 ἐπ’
575 3483 696 3550 in};
760 3480 806 3532 δ’
865 3477 1053 3545 ῶσπερ
1105 3476 1168 3525 ἐκ
1224 3469 1404 3524 κοινοῦ
1463 3468 1808 3536 συνθήματος

231 3582 477 3639 ἅπαντας
525 3575 614 3628 διὰ
661 3573 754 3625 τὸν
808 3569 901 3621 τοῦ
939 3566 1170 3634 πατρίου
1228 3565 1498 3630 δόγματος
1557 3558 1808 3610 ἐντεῦθεν

233 3670 476 3739 ῥαγέντα
502 3663 768 3716 κλύδωνα.
802 3657 990 3717 Οὕτως
1026 3654 1193 3718 ὀξέως
1233 3652 1542 3718 ἐπέδραμεν
1575 3651 1606 3718 ὴ
1649 3649 1808 3717 φήμη

234 3765 448 3830 ῥυεῖσα,
487 3755 740 3820 καθάπερ
765 3748 958 3818 ἀγρίου
985 3745 1122 3812 πνοή
1161 3761 1245 3806 τις
1275 3744 1497 3810 ἀνέμου,
1534 3739 1810 3806 Αἴγυπτόν

231 3868 289 3902 τε
327 3849 424 3901 καὶ
451 3844 651 3913 Συρίαν
697 3840 794 3892 καὶ
835 3835 1088 3889 Κιλικίαν
1143 3832 1237 3884 καὶ
1289 3833 1471 3882 πᾶσαν
1506 3829 1686 3880 εἰπεῖν
1732 3827 1812 3877 oi-

233 3940 532 4008 κουμένην,
595 3935 841 3999 ὅπουπερ
899 3928 966 3980 ἂν
1008 3921 1351 3994 Χριστιανῶν
1391 3920 1608 3988 λάχοιεν
1647 3917 1812 3985 δῆμοι

233 4030 333 4098 τὴν
372 4028 588 4094 οἷκησιν
623 4021 858 4089 ἔχοντες,
895 4015 1001 4067 τῶν
1042 4010 1140 4064 τοῦ
1189 4009 1426 4078 [Ιαλαμᾶ
1472 4006 1813 4074 παρανόμων

237 4124 329 4174 καὶ
351 4118 525 4171 νύθων
555 4112 860 4181 δογμάτων,
892 4109 989 4158 καὶ
1012 4103 1208 4164 οὕτως,
1239 4101 1522 4168 ἀνώνυμος
1554 4098 1631 4153 ὢν
1659 4100 1686 4149 ὁ
1718 4115 1814 4150 τα-

236 4213 519 4277 λαίπωρος
569 4205 857 4274 πρότερον,
911 4195 1197 4264 διαϐόητος
1236 4192 1326 4242 ἐπὶ
1372 4190 1541 4256 κακία
1589 4189 1814 4254 γέγονεν

237 4309 510 4375 ὕστερον
559 4302 729 4354 ποιεῖν
772 4297 880 4364 γάρ
926 4308 1060 4360 φησι
1111 4286 1472 4355 περιϐοήτους
1524 4284 1584 4335 ού
1631 4281 1816 4344 δεξιὰν

240 4372 442 4468 πρᾶξιν
491 4395 672 4463 μόνον,
714 4387 850 4442 ἀλλὰ
892 4384 986 4437 καὶ
1034 4379 1231 4433 κακίαν
1271 4375 1512 4429 νικῶσαν
1564 4372 1814 4441 πονηρῶν

238 4488 618 4557 εὐδοκίμησιν.

311 4584 390 4635 E'.
436 4577 588 4630 Ἐπεὶ
611 4573 658 4627 δ’
686 4567 1087 4636 ἀναλαμϐάνων
1123 4561 1331 4614 ἄνωθεν
1377 4561 1579 4618 ἐκεῖνος
1610 4559 1818 4610 ἕκαστα

239 4676 377 4746 διῄει
430 4668 684 4726 ἑκάστοις
728 4657 1055 4725 ἑκασταχοῦ,
1088 4653 1154 4706 τά
1198 4670 1257 4704 τε
1307 4651 1442 4703 ἄλλα
1492 4650 1583 4700 καὶ
1614 4650 1687 4710 ὼς
1722 4648 1820 4715 τὴν

239 4741 414 4830 αύτὴν
461 4762 555 4812 καὶ
607 4753 770 4816 αὐτὸς
824 4751 909 4819 εἴη
966 4746 1322 4816 περιϐάλπων
1361 4742 1588 4810 γνώμην
1635 4741 1820 4799 αὐτοῖς

239 4854 526 4913 εὐσεϐείας
582 4849 769 4907 ἓνεκα,
804 4844 900 4896 καὶ
954 4840 1028 4901 ὡς
1080 4837 1169 4890 διὰ
1224 4836 1315 4888 τὸν
1367 4834 1612 4885 τοιοῦτον
1661 4831 1821 4899 ζῆλον

239 4949 421 5018 φυγὰς
457 4941 557 5010 τῆς
591 4937 847 5005 πατρίδος
897 4932 1129 4999 γένοιτο,
1166 4928 1260 4980 καὶ
1286 4926 1360 4987 ὼς
1396 4925 1425 4976 ὁ
1454 4922 1692 4983 τοιοῦτος
1728 4923 1817 4972 tv»-

238 5012 438 5092 τεύθεν
483 5033 722 5085 ἐλαύνων
754 5026 952 5095 τρόπος
996 5024 1055 5082 ἐς
1092 5019 1217 5079 τοὺς
1264 5017 1452 5084 ἀήθεις
1486 5012 1636 5083 αύτῷ
1680 5012 1820 5064 πλα-

241 5131 443 5186 νᾶςθαι
483 5125 706 5195 δράσειε
750 5119 969 5178 τόπους,
1002 5110 1224 5163 -ἐπεὶ
1280 5104 1376 5161 οὖν
1416 5106 1589 5160 ταῦτά
1634 5123 1692 5158 τε
1727 5107 1823 5156 κει)⁸

241 5224 376 5278 ἄλλα
411 5217 590 5277 ἄλλοις
623 5209 823 5280 ὁμοίως
850 5205 1075 5259 διετέλει
1108 5203 1301 5268 λέγων,
1331 5200 1504 5252 ὁπόσα
1537 5200 1688 5266 κοινῇ
1726 5197 1823 5248 καὶ

245 5313 367 5366 καθ’
401 5310 610 5360 ἕκαστα
637 5301 852 5370 βέϐαιον
884 5296 1090 5349 ἆπασιν
1131 5292 1414 5352 εύσεδείας
1450 5290 1616 5342 αὑτὸν
1657 5287 1824 5354 ἐγνώ-

248 5405 398 5472 ριῖεν
430 5395 689 5464 ἀθλητὴν,
719 5387 787 5460 ἦν
817 5387 992 5448 οὐδεὶς
1017 5384 1128 5437 οὔθ’
1245 5383 1319 5451 μὴ
1347 5383 1442 5450 τῆς
1486 5383 1612 5451 πρὶν
1646 5381 1826 5447 αἰφνι-

244 5495 357 5543 δίου
394 5484 763 5553 σκληρότητος
797 5475 1116 5545 μετέμελεν,
1155 5471 1267 5523 οὔθ’
1315 5470 1371 5532 ὃς
1411 5471 1512 5522 οὐκ
1545 5467 1824 5537 ἠσπάζετό

244 5586 303 5633 τε
338 5581 436 5632 καὶ
471 5569 934 5640 ἁντεξιλοτιμεῖτό
960 5569 1006 5618 οἱ
1047 5566 1140 5616 καῖ¹
1172 5564 1238 5615 τὰ
1281 5561 1446 5613 πιστᾶ
1478 5561 1573 5627 τῆς
1606 5562 1730 5627 περὶ
1766 5560 1826 5610 τὸ

250 5675 412 5733 αὶϐας
472 5666 702 5736 ἀληθοῦς
760 5662 1010 5731 ὁμονοίας
1059 5657 1373 5726 περιφανῶς
1418 5653 1710 5713 ἀντεδίδου,
1751 5652 1826 5712 ὡς

252 5763 557 5833 τηνικαῦτα
615 5759 705 5811 καὶ
763 5756 851 5808 τον
920 5751 1252 5819 Ἀντιοχείας
1301 5748 1576 5817 ἔγγραφον
1632 5743 1825 5796 ἑαυτοῦ

1912 3200 2151 3266 singulos
2187 3208 2240 3252 et
2271 3211 2499 3252 cunctos
2535 3202 2738 3266 pariter
2776 3202 2943 3254 veluti
2975 3217 3040 3255 ex
3073 3206 3376 3272 composito
3411 3206 3484 3258 ir-

1911 3287 2206 3339 ridentium
2239 3301 2296 3340 se
2329 3301 2592 3354 suamque
2624 3291 2937 3343 societatem
2975 3293 3196 3359 penitus
3224 3311 3485 3351 aversan-

1912 3378 2046 3430 tiuin
2077 3393 2186 3446 prze
2215 3392 2272 3431 se
2304 3378 2491 3432 tulisse
2521 3382 2757 3447 speciem
2789 3393 3008 3449 propter
3033 3385 3192 3451 patrii
3214 3385 3485 3456 dogmatis

1913 3469 2108 3522 ﬂuctus
2148 3470 2234 3522 hic
2270 3478 2512 3524 coortos.
2551 3471 2687 3525 Tum
2724 3476 2923 3527 acriter
2955 3489 3110 3528 smne
3146 3481 3485 3547 tempestatis

1913 3560 2084 3613 instar
2118 3560 2442 3632 lEgyptum,
2478 3563 2688 3632 Syriam
2713 3605 2726 3628 ,
2757 3565 3001 3619 Ciliciam
3043 3578 3326 3638 totumque
3369 3573 3483 3627 fere

1912 3651 2104 3704 orbem
2150 3663 2456 3718 terrarum,
2496 3653 2588 3706 ubi
2625 3653 3070 3710 Clinstiauorum
3107 3659 3292 3726 pepuli
3329 3662 3488 3716 sedes

1913 3744 2092 3797 sortiti
2143 3753 2303 3808 sunt,
2358 3747 2598 3813 pervasit
2632 3745 2772 3800 fama
2811 3749 3126 3815 spuriorum
3174 3763 3228 3804 et
3267 3751 3488 3823 illegiti—

1914 3851 2128 3888 morum
2181 3835 2411 3889 Palamze
2450 3837 2795 3904 dogmatum,
2834 3854 2943 3906 quo
2998 3841 3200 3895 factum
3254 3855 3374 3908 est,
3428 3857 3490 3902 ut

1915 3926 2079 3981 miser
2114 3927 2250 3993 iste,
2288 3927 2381 3996 qui
2424 3939 2584 3981 antea
2625 3930 2894 3984 obscurus
2937 3939 3092 3998 erat,
3139 3935 3488 4005 improbitate

1910 4020 2020 4090 jam
2072 4019 2304 4090 inclytus
2353 4034 2474 4075 esse
2523 4021 2806 4090 inciperet.
2851 4023 3090 4077 Gloriam
3145 4030 3331 4094 enim,
3403 4031 3488 4084 in-

1916 4112 2064 4179 quit,
2109 4126 2214 4165 non
2264 4112 2440 4165 solum
2483 4113 2675 4166 dextro
2722 4122 2886 4183 atque
2937 4117 3192 4184 prudenti
3242 4120 3490 4178 facinore

1917 4201 2165 4268 acquiri,
2201 4200 2296 4255 sed
2332 4202 2495 4256 etiam
2531 4204 2799 4257 malorum
2840 4207 3193 4275 improbitate
3228 4212 3488 4268 virtutem

1919 4300 2231 4359 superante.

1994 4554 2059 4610 V.
2088 4556 2224 4610 Cum
2263 4567 2445 4611 autem
2482 4559 2569 4612 ille
2620 4558 2786 4613 rebus
2820 4560 2986 4617 altius
3027 4566 3275 4632 repetitis
3300 4569 3492 4638 singu-

1923 4649 1991 4704 lis
2023 4648 2235 4717 singula
2270 4647 2503 4702 referret
2541 4649 2594 4702 in
2631 4650 2931 4720 primisque
2965 4653 3032 4707 iis
3057 4668 3357 4721 exponeret
3383 4697 3397 4723 ,
3427 4676 3488 4714 se

1921 4738 2196 4802 eamdem,
2229 4753 2391 4806 quam
2426 4739 2553 4807 ipsi,
2597 4741 2931 4794 sententiam
2961 4741 3237 4799 ferventer
3273 4749 3494 4815 pietatis

1924 4843 2086 4882 causa
2119 4828 2374 4896 amplecti
2416 4837 2473 4881 et
2503 4828 2572 4882 ob
2619 4829 2795 4898 ipsum
2834 4831 2938 4884 hoc
2991 4832 3193 4887 ardens
3250 4837 3492 4890 studium

1923 4930 2197 4974 extorrem
2231 4935 2259 4971 a
2297 4919 2471 4988 patria
2520 4921 2702 4974 vivere
2728 4935 2792 4975 ac
2824 4922 2915 4974 tali
2961 4923 3236 4978 sentiendi
3282 4928 3493 4981 ratione

1926 5013 2149 5066 ductum
2188 5013 2405 5066 insueta
2441 5021 2497 5065 et
2549 5013 2784 5066 insoluta
2823 5013 2938 5067 loca
2988 5014 3251 5070 oberrare
3282 5047 3346 5056 -—
3401 5019 3493 5072 ubi

1927 5101 2042 5155 haec
2098 5110 2262 5171 atque
2312 5101 2417 5155 alia
2464 5102 2734 5170 ejusmodi
2785 5103 2908 5157 aliis
2945 5106 3258 5169 enarravit,
3296 5109 3500 5176 quibus

1928 5194 2183 5247 universe
2216 5202 2380 5262 atque
2410 5193 2726 5261 singillatim
2759 5208 2818 5247 se
2853 5194 3111 5248 omnibus
3149 5207 3496 5252 constantem

1926 5285 2208 5353 religionis
2273 5296 2733 5353 propugnatorem
2773 5286 3059 5354 probavit,
3121 5297 3234 5341 tum
3269 5291 3488 5357 quidem

1927 5390 2089 5428 nemo
2122 5383 2261 5436 erat,
2289 5390 2451 5442 quem
2481 5392 2588 5428 non
2623 5385 2824 5430 temere
2855 5386 3012 5429 antea
3039 5389 3316 5447 concepta:
3337 5397 3494 5436 acer-

1926 5467 2116 5520 bitatis
2165 5468 2493 5532 pwniteret,
2546 5467 2654 5537 24
2690 5483 2871 5531 nemo,
2929 5470 3062 5536 quin
3101 5470 3334 5539 benigne
3370 5488 3496 5527 eum

1927 5561 2205 5628 exciperet
2259 5570 2314 5612 ct
2376 5561 2628 5612 certatim
2673 5561 2978 5613 bonurer
3037 5578 3098 5616 ac
3157 5578 3302 5616 vera:
3369 5565 3498 5618 litiei

1929 5649 2238 5706 concordire
2285 5649 2570 5704 manifesta
2632 5652 2857 5720 pignora
2903 5652 3080 5706 daret.
3139 5653 3278 5707 Tum
3332 5656 3498 5710 etiam

1930 5741 2232 5796 Antiochia:
2299 5744 2616 5810 patriarcha
2659 5745 2923 5813 SCIiplUttl
2974 5756 3180 5798 tomum
3235 5747 3497 5814 pmtulit,
