4242 6342
274 302 332 363 n
1228 314 1657 375 BYZANTIN£
1699 286 2074 375 HIS’l‘OitLE
2116 320 2255 381 LIB.
2301 323 2471 380 xxv.
3439 328 3505 392 ts

270 416 518 508 ράλογον,
556 417 673 470 ἀλλ’
708 422 756 473 εί
785 423 862 491 μὴ
894 423 1000 475 πᾶν
1028 423 1146 477 ἐκεῖ
1166 426 1227 478 τδ
1266 430 1550 497 γινόμενόν
1583 432 1696 482 ἐστι
1736 449 1836 484 πα·
1867 436 1915 492 Λ
1943 448 1945 486 1

1826 458 1836 469 -
1867 436 1915 492 Λ
1943 434 2356 488 fundamentum
2403 438 2610 490 lirtuius
2666 424 3062 492 nanciscuuttlr
3098 446 3154 493 et
3199 440 3375 508 palam
3407 442 3501 495 itu-

270 499 516 567 ράλογον.
552 504 741 574 Ἡμεῖς
777 507 821 558 δ’
852 509 1100 563 ἐνταυθοῖ
1126 514 1264 581 μήτε
1298 517 1533 584 περεσσά
1564 519 1625 569 τὸ
1657 521 1834 585 παρά-

270 607 376 641 παν
410 590 705 660 ζητοῦντες
760 596 1081 663 σοφίζεσθαι
1125 603 1265 656 κατά
1321 621 1383 670 γε
1435 605 1533 674 τὴν
1572 610 1834 676 περιττὴν

267 682 356 732 καὶ
411 681 666 751 εὖτεχνον
723 687 929 757 ταύτην
980 691 1197 759 σοφίαν,
1252 693 1378 762 μήθ’
1440 697 1668 757 ἑαυτοὺς
1728 698 1835 747 τῶν

268 769 430 824 θείων
480 775 683 839 μᾶλλον
708 776 948 830 δικαιοῦν
982 781 1229 850 πατρίων
1278 782 1833 852 διαπληκτιζομένους

272 864 328 912 ὲν
380 860 577 930 [πίοι
643 865 698 935 a]
733 865 1034 931 διαλέξεσιν
1089 870 1301 940 ἄμετρα
1370 874 1461 925 τὸν
1524 875 1835 944 καινότερον

267 951 490 1016 τρόπον,
522 954 657 1007 ἀλλὰ
713 959 827 1020 τοῖς
893 958 994 1027 μὲν
1044 960 1253 1013 ἀνωθεν
1309 958 1369 1015 εὖ
1432 966 1835 1034 γεγραμμένοις

266 1042 602 1109 ἐμμένοντες
653 1047 909 1117 δόγμασι,
955 1052 1021 1103 τὰ
1087 1053 1143 1103 δὲ
1201 1055 1471 1120 σιγηθέντ“
1532 1058 1836 1120 ἀναξαίνειν

268 1131 496 1202 μηδαμῆ
528 1136 789 1205 μηδαμῶς
819 1141 1095 1204 ἀξιοῦντες
1143 1145 1263 1211 μηδ’
1296 1145 1554 1199 ἀναλύειν
1582 1146 1836 1216 ἀκαίροις

264 1225 566 1290 πειρᾶσθαι
632 1228 1036 1297 συλλογισμοῖς,
1089 1235 1250 1301 ἡμεῖς
1303 1252 1362 1291 τε
1406 1237 1454 1288 οί
1522 1240 1835 1305 ποιμαίνειν

267 1312 456 1365 ἐνθάδε
494 1313 748 1382 λαχόντες
778 1323 1166 1387 πνευματικῶς
1212 1324 1304 1376 τὸν
1341 1328 1552 1396 μακρὶν
1581 1328 1837 1395 όδεέομεν

266 1401 419 1469 βῗον,
484 1405 578 1456 καὶ
632 1406 692 1457 τδ
745 1415 1111 1477 πνευματικὸν
1170 1413 1325 1481 ἡμῶν
1384 1415 1579 1483 ὁμοίως
1632 1417 1838 1486 ἄγομεν

265 1493 519 1556 ποίμνιον
542 1496 644 1548 ὑπὸ
673 1499 980 1571 κυϐερνήτῃ
1003 1502 1079 1570 τῷ
1107 1505 1251 1573 μόνῳ
1277 1506 1492 1558 πάντων
1521 1507 1838 1579 δημιουργῷ

266 1585 363 1633 καὶ
417 1584 556 1652 Θεῷ,
626 1588 914 1651 πολυθεῖας
966 1593 1021 1644 δὲ
1091 1595 1186 1646 καὶ
1243 1597 1432 1658 ἀθεῖας
1484 1596 1834 1667 Παλαμικάς,

268 1673 475 1739 μᾶλλον
499 1675 543 1726 δ’
588 1677 852 1746 ἐνσάρκου
901 1683 1215 1751 οἰκονομίας
1266 1686 1545 1754 ἀθέτησιν,
1568 1688 1766 1739 ταυτὸν
1793 1687 1837 1740 δ’

262 1766 443 1815 εἰπεῖν
478 1766 806 1836 Ἐκκλησίας
844 1772 1061 1842 ἀπάσης
1108 1774 1363 1839 καθάπαξ
1389 1778 1698 1845 ἀνατροπὴν
1724 1778 1832 1830 οὔτ’

262 1854 570 1924 ἐδεξάμεθα
600 1858 721 1912 οὔτε
756 1862 863 1930 μὴν
892 1864 1169 1933 δεξαίμεθ’
1217 1867 1281 1919 ἀν
1333 1884 1485 1929 ποτε,
1528 1867 1629 1920 κᾶν
1655 1868 1839 1937 ἐχθροὶ

268 1948 459 2015 μυρίοι
510 1951 723 2017 μυρίων
774 1951 1087 2022 ἔμπροσθεν
1134 1956 1321 2008 ίστὼσι
1368 1959 1614 2010 θανάτων
1664 1960 1836 2026 exs-31}

265 2041 362 2091 καὶ
422 2043 815 2111 μηχανήματα,
859 2045 992 2097 ἀλλὰ
1042 2050 1133 2098 καὶ
1191 2050 1355 2100 αὑτὸν
1406 2050 1699 2115 Παλαμᾶν,
1746 2051 1838 2101 καὶ

264 2132 384 2182 ὅσοι
415 2132 585 2184 ταυτά
620 2133 910 2201 φρονοῦσιν
932 2136 1099 2203 αὐτῷ,
1144 2137 1284 2206 μετὰ
1321 2138 1432 2189 τῶν
1455 2138 1621 2190 αὐτοῦ
1666 2138 1834 2189 τοιού-

264 2238 375 2271 των
425 2222 734 2288 δογμάτων,
765 2218 839 2275 ὧν
896 2226 991 2277 καὶ
1038 2226 1200 2293 ἡμεῖς
1261 2227 1407 2288 ὅπως
1460 2227 1579 2278 ποτ’
1634 2227 1692 2277 ὲν
1744 2226 1840 2295 θέα

267 2311 638 2380 κατέστημεν,
670 2313 745 2379 τῷ
785 2314 989 2386 αἰωνίῳ
1036 2317 1485 2385 παραπέμπομεν
1532 2316 1839 2383 ἀναθέματί

267 2418 325 2451 τε
386 2402 485 2453 καὶ
515 2405 671 2473 πυρί.
729 2406 948 2459 Τούτων
999 2406 1045 2459 δ⁹
1094 2409 1291 2478 ἀκριϐῆ
1348 2409 1445 2479 τὴν
1501 2407 1839 2477 παράστασιν

267 2492 414 2560 ἔχεις
445 2511 501 2546 τε
534 2499 623 2548 καὶ
659 2495 802 2560 ἔξεις
840 2499 1026 2562 αὐτὸς,
1057 2499 1209 2551 διιὼν
1249 2502 1348 2561 τὰς
1393 2498 1626 2551 ἐνταῦθα
1657 2501 1839 2558 πόλεις

268 2588 364 2637 καὶ
406 2587 588 2656 χώρας
623 2591 899 2655 Αἰγύπτου
934 2596 1028 2643 καὶ
1074 2592 1349 2659 ’Λραόξας,
1373 2593 1624 2661 Φοινίκης
1655 2608 1712 2643 τε
1747 2597 1839 2645 καὶ

272 2680 494 2747 Συρίας,
527 2683 619 2731 καὶ
655 2682 755 2733 ὅσα
793 2684 918 2750 περὶ
941 2683 1142 2744 ταύτας
1180 2683 1388 2735 οἰκοῦσι
1419 2684 1548 2751 γένη
1579 2684 1839 2753 Χριστια-

270 2772 401 2837 νῶν,
448 2774 597 2833 ὅπως
663 2777 721 2825 ἐν
783 2773 933 2841 μέσῳ
996 2772 1102 2825 τῶν
1130 2773 1346 2827 ἀσεϐῶν
1403 2773 1499 2826 καὶ
1551 2774 1839 2844 ἀκάθαρτα

273 2862 427 2929 χείλη
460 2862 689 2930 ἑχόντων
715 2862 1011 2923 οίκοῦντες,
1043 2863 1139 2913 καὶ
1172 2862 1475 2932 ἀλλοτρίοις
1497 2860 1839 2923 δουλεύοντες

272 2953 479 3015 ὅπλοις,
526 2954 676 3018 ὅμως
722 2957 789 3021 τῇ
829 2952 940 3004 τῶν
988 2949 1093 3006 ὧδε
1134 2953 1476 3021 στοιχοῦντες
1528 2953 1838 3004 ὶπισκόπων

272 3041 593 3110 διδασκαλίᾳ
616 3042 675 3093 τὸ
704 3041 928 3109 πάτριον
962 3041 1123 3103 σέϐας
1160 3041 1245 3092 ἀεὶ
1276 3043 1385 3101 τοῖς
1418 3041 1583 3108 ἰεροῑς
1614 3040 1838 3107 νέμουσι

273 3132 528 3200 δόγμασι.
582 3131 932 3200 Μηκύνοιμεν
974 3133 1019 3184 δ’
1076 3132 1165 3195 ἂν,
1224 3132 1273 3183 εί
1330 3131 1509 3196 λέγειν
1558 3131 1839 3198 ἐθέλοιμεν

278 3224 497 3275 ᾶπαντα
560 3224 755 3290 ἑφεξῆς
807 3224 907 3275 ὅσα
954 3240 1012 3274 τε
1064 3225 1091 3274 ό
1133 3222 1273 3284 θεῖος
1315 3223 1523 3282 ἐκεῖνος
1575 3220 1712 3288 ἀνὴρ
1751 3220 1838 3271 ἐπ’

277 3313 412 3382 ἐμοῦ
448 3312 669 3382 διεξῄει,
698 3314 792 3365 καὶ
816 3314 915 3364 ὅσα
945 3314 1092 3366 ἄλλοι
1138 3312 1311 3374 ἄλλως
1346 3310 1551 3379 ἀλλαχῆ
1579 3310 1674 3369 καὶ
1705 3326 1841 3360 παν-

278 3404 437 3471 ταχῆ,
468 3406 567 3471 τῆς
591 3406 781 3471 ὁμοίας
817 3404 1049 3473 ἐχόμενα
1078 3402 1282 3465 τάξεώς
1326 3419 1381 3453 τε
1417 3401 1510 3453 καὶ
1534 3398 1839 3460 εὐλαϐείας.

1939 524 2272 593 probitatem
2304 530 2460 594 quasi
2497 530 2696 581 vividis
2727 529 3003 583 coloribus
3038 531 3283 584 indutam
3317 541 3503 586 osten-

1935 618 2092 669 dunt.
2117 616 2297 689 Quare
2343 620 2472 670 mihi
2510 621 2696 672 mirari
2731 621 2880 672 subit
2904 605 3025 671 inon
3058 621 3101 673 si
3145 622 3275 688 quid
3311 623 3384 675 ibi
3416 638 3503 674 ra-

1938 707 2073 759 tioni
2123 708 2519 763 inconveniens
2574 710 2800 775 incidat,
2844 711 2937 763 sed
2992 712 3036 763 si
3072 714 3503 781 non,quidqnid

1935 801 2169 867 geritur,
2199 816 2228 853 a
2283 802 2490 854 ratione
2522 801 2835 856 abhorreat.
2870 802 2981 856 Nos
3029 813 3212 858 autem
3247 805 3338 857 hic
3359 848 3373 869 ,
3406 808 3501 873 qui

1935 904 2043 943 non
2061 905 2519 958 supervacaneam
2537 893 2693 945 istam
2718 902 2773 946 et
2799 893 3147 947 artificiosam
3174 895 3503 963 sapientiam

1936 980 2135 1035 sectari
2165 980 2218 1034 in
2241 983 2424 1035 animo
2458 983 2723 1036 habemus
2758 997 2860 1035 nec
2902 986 3199 1039 rhetoricis
3225 986 3506 1039 subtilita-

1940 1072 2085 1125 tibus
2105 1070 2289 1124 divina
2307 1088 2430 1125 cum
2453 1073 2696 1141 profanis
2713 1075 3180 1128 coul'tuulenlibus
3195 1076 3503 1131 studemus.

1936 1159 2099 1228 hujus
2124 1162 2384 1228 temporis
2410 1162 2463 1214 in
2495 1163 2763 1229 dogmatis
2778 1164 3089 1232 antiquitus
3114 1164 3253 1219 bene
3285 1166 3506 1234 scriptis

1936 1264 2371 1318 permancamus,
2400 1267 2578 1320 neque
2596 1268 2715 1319 quze
2740 1254 2958 1308 silentio
2984 1254 3221 1309 involuta
3241 1267 3390 1320 sunt,
3420 1273 3506 1309 rc-

1938 1340 2136 1395 fricare
2153 1350 2249 1394 aut
2283 1343 2487 1411 ineptis
2525 1343 3037 1398 ratiocinationibus
3056 1346 3312 1412 expedire
3342 1361 3506 1399 cone-

1938 1445 2084 1492 mur,
2112 1446 2234 1494 nos,
2273 1432 2419 1495 dico,
2451 1434 2652 1499 quibus
2691 1433 2781 1487 hic
2810 1442 3091 1502 pastorum
3127 1450 3324 1488 munus
3360 1435 3506 1499 obti-

1938 1518 2017 1587 git
2048 1520 2246 1586 spiritu
2280 1522 2441 1575 aliter
2473 1523 2687 1591 longam
2720 1525 2886 1578 vitam
2908 1524 3159 1594 degimus
3203 1534 3257 1578 et
3287 1541 3505 1594 gregem

1939 1617 2186 1661 nostrum
2217 1610 2557 1677 spiritualem
2592 1612 2787 1665 eodem
2821 1613 2981 1666 modo
3011 1614 3249 1680 regimus
3278 1616 3382 1666 sub
3411 1630 3509 1682 gu-

1942 1695 2254 1755 bernatore,
2290 1698 2665 1752 universitatis
2714 1716 2899 1754 rerum
2960 1702 3077 1754 solo
3107 1702 3303 1769 opiﬂcc
3342 1712 3506 1769 atque

1943 1784 2071 1846 Deo,
2098 1786 2519 1856 polytlteismum
2552 1798 2732 1843 autem
2773 1800 2829 1844 et
2876 1792 3203 1845 atheismum
3249 1794 3502 1854 Palamze,

1939 1872 2111 1939 magis
2137 1889 2268 1926 vero
2322 1877 2743 1932 exstinctionem
2811 1881 3057 1949 mysterii
3114 1882 3505 1936 incarnatitmis

1940 1958 2059 2025 Dei,
2083 1962 2165 2014 vel
2190 1962 2334 2031 quod
2362 1966 2501 2017 idem
2528 1976 2630 2027 est,
2662 1967 2830 2020 totius
2863 1969 3115 2022 Ecclesia:
3133 1970 3347 2036 planam
3376 1986 3503 2021 con-

1940 2050 2256 2103 versionrm
2316 2068 2424 2103 non
2485 2053 2838 2120 probavimus
2885 2071 3061 2125 neque
3110 2073 3349 2123 unquam
3400 2058 3505 2125 27

1941 2139 2321 2206 probabimus,
2366 2142 2408 2192 si
2445 2144 2609 2194 etiam
2642 2144 2878 2196 hostium
2915 2145 3330 2199 innumerabilis
3366 2147 3506 2198 mul-

1943 2231 2119 2283 litudo
2145 2233 2519 2298 quarumlibet
2577 2236 2835 2289 mortium
2894 2238 3253 2292 instrumenta
3288 2248 3342 2291 et
3397 2254 3507 2291 ma-

1940 2320 2131 2375 chinas
2164 2322 2319 2375 nobis
2343 2325 2650 2391 protendat,
2711 2328 2802 2379 sed
2839 2336 2895 2381 ct
2930 2327 3108 2396 ipsum
3150 2327 3420 2387 Palauram
3451 2339 3507 2383 et

1942 2411 2032 2476 qni
2076 2426 2201 2462 cum
2236 2426 2302 2463 eo
2328 2413 2576 2464 sentiunt
2604 2429 2727 2465 eum
2762 2416 3030 2482 dogmatis
3078 2416 3213 2477 suis.
3248 2434 3365 2483 qua:
3407 2435 3505 2471 nos

1940 2515 2157 2567 quoque
2210 2500 2429 2567 quando
2474 2503 2749 2566 vidimus,
2781 2519 2997 2558 aeterna:
3027 2509 3409 2561 't'xsecrationi
3452 2518 3505 2561 et

1940 2589 2049 2657 igni
2087 2591 2430 2644 mandamus.
2487 2590 2695 2647 llorum
2734 2595 3026 2649 verborum
3048 2612 3303 2651 accurata
3332 2599 3501 2651 docu-

1943 2689 2123 2733 menta
2158 2681 2375 2734 invenis
2400 2695 2562 2751 atque
2594 2686 2841 2739 invenies
2863 2730 2877 2750 ,
2925 2688 2970 2741 si
3019 2690 3186 2742 urbes
3218 2700 3382 2758 atque
3417 2706 3500 2742 re~

1934 2766 2129 2842 giones
2145 2766 2359 2838 Egypti
2386 2781 2439 2824 ct
2461 2772 2696 2834 Arabiae,
2717 2774 3012 2828 Pltmnicize
3039 2787 3095 2829 et
3121 2776 3287 2845 Syrim
3312 2788 3366 2832 et
3383 2795 3506 2846 quae

1941 2855 1995 2907 in
2025 2855 2091 2908 iis
2109 2855 2351 2910 incolunt
2370 2868 2557 2927 gentes
2585 2860 3024 2916 Christianorum
3039 2878 3329 2933 peragrare
3348 2866 3502 2931 velis,

1940 2960 2061 3013 qua:
2101 2962 2409 3016 quanquam
2453 2951 2698 3003 habitant
2746 2952 2887 3004 inter
2934 2954 3130 3021 impios
3175 2955 3496 3023 impuruque

1868 3074 1910 3129 ϐ
1942 3052 2037 3090 ore
2082 3039 2338 3105 praeditos
2390 3048 2553 3108 atque
2594 3041 2789 3103 alienis
2829 3044 2992 3097 armis
3034 3044 3291 3112 subjectae
3333 3056 3497 3105 sunt,

1897 3109 1910 3130 ⁸
1945 3134 2124 3179 tamen
2189 3129 2496 3181 doctrinam
2551 3131 2738 3183 talium
2810 3134 3191 3201 episcOporum
3270 3149 3506 3202 sequen-

1946 3226 2049 3279 tes,
2095 3219 2454 3271 reverentiam
2506 3235 2535 3273 a
2597 3220 2845 3289 patribus
2910 3224 3159 3276 traditam
3230 3241 3505 3291 nunquam

1945 3323 2052 3361 non
2110 3307 2314 3360 sanctis
2371 3309 2680 3364 attrilmuut
2759 3312 3043 3381 dogmatis.
3111 3313 3354 3381 Longum
3400 3325 3502 3373 est.

1945 3396 2127 3449 omnia
2184 3412 2443 3451 enarrare
2528 3415 2648 3467 qua:
2702 3399 2923 3455 divinus
2980 3402 3068 3455 ille
3138 3403 3220 3456 vir
3293 3418 3504 3457 mecum

273 3495 724 3560 communicavit,
775 3505 831 3548 et
884 3509 1004 3562 qtue
1056 3493 1147 3546 alii
1194 3493 1327 3546 alias
1368 3492 1528 3546 aliter
1575 3488 1709 3543 mihi
1759 3485 2066 3542 referebant
2126 3485 2192 3538 ad
2234 3487 2485 3540 eumdem
2544 3489 2794 3543 ordinem
2850 3498 3013 3558 atque
3046 3491 3303 3560 pietatem
3340 3498 3506 3561 perti-

275 3600 483 3642 llt‘lllla.

348 3684 421 3738 Z'.
468 3682 746 3747 'EEut'Iav
774 3681 820 3735 δ’
850 3680 942 3734 οὖν
976 3682 1123 3749 ὅμως
1165 3682 1322 3749 ἡμεῖς
1359 3680 1415 3730 ὲν
1463 3676 1692 3735 ἐκείνοις
1726 3674 1840 3726 δια-

271 3775 592 3843 τετριφότες
626 3775 737 3835 τοῖς
774 3772 982 3831 τόποις,
1014 3771 1206 3822 ἔπειτα
1248 3768 1476 3835 πλήρεσι
1502 3768 1613 3826 τοῖς
1646 3761 1838 3823 ίστίοες

274 3866 603 3934 ἀναχθέντες
649 3867 714 3915 ὲκ
763 3861 1012 3923 Κιλικίας
1052 3862 1348 3929 δευτεραῖοι
1386 3860 1440 3918 ἐς
1489 3857 1715 3923 Κύπρον
1743 3856 1840 3922 τὴν

274 3962 441 4028 νῆσον
493 3955 866 4024 κατήχθημεν,
917 3953 1047 4005 ἔνθα
1094 3953 1160 4020 δὴ
1210 3952 1301 4004 καὶ
1350 3949 1513 4002 πολὺν
1540 3946 1837 4017 διατρίϐειν

276 4044 545 4113 ἐγνώκειν
572 4042 746 4109 ἔγωγε
778 4041 963 4109 χρόνον
992 4040 1079 4092 διά
1116 4055 1173 4089 τε
1202 4038 1369 4089 τᾶλλα
1399 4037 1507 4087 τῶν
1548 4036 1646 4103 τῆς
1673 4034 1837 4102 νήσου

273 4136 460 4189 καλῶν
505 4134 598 4186 καὶ
629 4134 728 4201 τήν
762 4148 823 4198 γε
870 4131 1093 4197 ἔννομον
1127 4144 1185 4179 τε
1235 4129 1327 4179 καὶ
1368 4125 1638 4193 φιλόξενον
1686 4125 1840 4175 πολι-

272 4230 450 4290 τείαν,
481 4223 579 4280 καῖ
607 4228 843 4294 μάλιστα
875 4222 1089 4276 πάντων
1115 4222 1204 4275 διᾶι
1230 4223 1328 4288 τὴν
1357 4217 1453 4270 τοῦ
1497 4215 1663 4285 σοφοῦ
1699 4214 1843 4266 ἐκεί-

274 4338 369 4373 νου
404 4319 596 4385 ἀνδρὸς
626 4317 865 4385 ὁμιλίαν,
894 4313 1172 4384 Γεωργίου
1201 4312 1342 4381 φημὶ
1371 4308 1463 4362 τοῦ
1493 4309 1759 4371 Λαπίθου,
1796 4298 1842 4372 ᾧ

2018 3671 2127 3726 γιι.
2161 3669 2264 3725 Sex
2305 3686 2404 3740 per
2439 3685 2612 3726 annos
2641 3688 2765 3728 cum
2804 3674 2857 3728 in
2890 3675 2996 3729 illis
3022 3675 3159 3731 locis
3190 3677 3505 3741 fuissemus,

1943 3778 2011 3817 ex
2038 3761 2227 3815 Cilicia
2258 3762 2391 3815 velis
2422 3764 2596 3831 passis
2620 3764 2675 3816 in
2709 3766 2879 3817 altum
2910 3766 3099 3831 delati,
3130 3769 3374 3824 secundo
3419 3771 3506 3825 die

1945 3854 2010 3905 ad
2043 3853 2276 3905 insulam
2305 3852 2544 3921 Cyprum
2564 3855 2897 3922 appulimus,
2925 3858 3015 3911 ubi
3044 3859 3263 3927 longum
3295 3869 3510 3928 tempus

1948 3944 2273 3995 commorari
2328 3944 2724 3998 constitueram
2777 3962 2902 3999 cum
2952 3949 3024 4001 ob
3063 3950 3188 4009 alia,
3219 3966 3337 4018 qu:e
3374 3968 3507 4019 prve-

1944 4032 2039 4086 bet
2071 4032 2249 4086 insula
2280 4032 2590 4095 commoda,
2621 4044 2732 4087 tum
2773 4036 2917 4103 quod
2957 4039 3032 4090 rei
3071 4038 3301 4106 publica:
3331 4042 3506 4094 admi-

1946 4121 2198 4174 nistratio
2228 4122 2483 4188 przeclare
2510 4122 2721 4190 legibus
2757 4132 3055 4192 temperata
3092 4136 3196 4187 est,
3224 4138 3278 4181 et
3307 4127 3508 4195 oppido

1946 4209 2237 4278 hospitalis
2268 4247 2284 4273 ,
2342 4212 2577 4263 maxime
2633 4227 2765 4265 vero
2790 4227 2857 4266 eo
2884 4215 3147 4279 consilio,
3200 4224 3257 4268 ut
3289 4216 3506 4283 Georgii

1947 4298 2212 4368 Lapitlue,
2246 4300 2342 4353 viri
2375 4301 2523 4354 illius
2548 4302 2936 4369 sal‘iientissimi
2971 4306 3365 4358 consuetudine
3392 4318 3509 4358 ute-

273 4412 377 4463 οὐκ
411 4382 576 4470 εὐθὺς
607 4382 818 4468 ἀποϐὰς
840 4408 939 4475 τῆς
970 4382 1028 4457 νε
1046 4408 1106 4465 ὀις
1154 4401 1567 4470 ὲνετετυχήκειν
1600 4398 1843 4467 αὑθημε-
1876 4382 1918 4437 υ
1947 4435 1948 4441 η

1829 4424 1843 4436 .
1876 4382 1918 4437 D
1947 4404 2056 4453 rer,
2091 4405 2253 4458 quem
2286 4391 2397 4459 28
2428 4391 2651 4458 quidem
2687 4406 2717 4443 e
2756 4392 2877 4444 navi
2900 4407 3151 4462 egressus
3187 4404 3294 4446 non
3322 4394 3504 4447 statim

275 4499 407 4568 ρῦν·
454 4498 517 4549 οὐ
567 4497 675 4565 γὰρ
725 4495 953 4563 πλησίον
986 4495 1101 4545 ἐκεῖ
1133 4509 1234 4545 που
1281 4491 1379 4559 τὴν
1425 4487 1640 4559 οἴκησιν
1673 4481 1841 4555 εἶχεν,

274 4589 417 4645 ἀλλά
458 4588 601 4641 δυοῖν
631 4588 866 4657 ἡμέραιν
923 4585 1016 4638 τοῦ
1066 4584 1282 4653 λιμένος
1321 4582 1630 4650 ἀπέχουσαν
1669 4580 1747 4641 εἰς
1784 4577 1844 4629 ὃν

276 4684 442 4750 ἡμεῖς
468 4680 769 4747 τηνικαῦτα
798 4674 1323 4741 ὲσεπεπλεύκειμεν.
1366 4673 1547 4724 Ῥόδου
1595 4670 1694 4738 μὲν
1737 4668 1845 4735 γὰρ

275 4769 495 4837 ἐκείνης
530 4768 627 4834 τῆς
652 4766 817 4833 νήσου
852 4763 1053 4832 μείζων
1089 4761 1240 4814 ἐστὶν
1261 4762 1294 4827 ἡ
1330 4759 1574 4827 Κύπρος,
1602 4758 1696 4810 καὶ
1726 4759 1844 4827 ἆμα

274 4858 337 4909 οὐ
380 4853 503 4906 κατ’
533 4855 770 4923 ἐκείνην,
797 4852 910 4905 ἀλλ’
950 4852 1229 4921 ἐπιμήκης
1268 4849 1331 4900 τὸ
1362 4852 1546 4918 σχῆμα
1571 4861 1584 4875 °
1641 4848 1844 4915 μεταξῦ

274 4944 320 4996 δ’
358 4943 531 5011 αὐτῆς
558 4942 684 5011 ὅρος
724 4943 967 5009 ἑστήκει,
998 4940 1096 5008 τὴν
1122 4937 1364 5007 κορυφὴν
1392 4939 1448 4997 ὲς
1489 4934 1620 5003 ὕψος
1648 4937 1846 5001 ἀνάγον

282 5032 519 5101 μακρόν.
547 5029 832 5095 Ὄλυμπος
868 5026 1115 5078 καλεῖται
1143 5026 1203 5075 τὸ
1249 5025 1395 5092 ὅρος,
1430 5024 1487 5088 ἐξ
1512 5022 1572 5074 οὗ
1619 5024 1709 5074 καὶ
1741 5040 1845 5090 πη·-

278 5121 374 5187 γαὶ
410 5114 671 5185 ποταμῶν
700 5112 1068 5175 ἀποδλύξουσι
1115 5114 1285 5181 τρεῖς,
1318 5106 1393 5162 ὦν
1434 5111 1461 5162 ὁ
1497 5110 1700 5177 μείζων
1744 5127 1842 5161 κα-

279 5211 543 5275 λούμενος
592 5206 833 5267 Λάπιθος
878 5206 1092 5257 κάτεισι
1141 5206 1356 5271 τέμνων
1405 5202 1495 5254 καὶ
1538 5201 1845 5271 περιρρέων

280 5302 379 5369 τὴν
433 5300 755 5351 Λευκωσίαν
800 5294 1000 5345 οὑτωσὶ
1071 5293 1415 5361 καλουμένην
1474 5291 1689 5359 χώραν,
1750 5291 1845 5342 καὶ

281 5388 579 5443 ἀποπτύων
609 5388 667 5440 τδ
692 5385 907 5456 ῥεῖθρον
935 5386 1085 5453 παρᾶ
1106 5385 1205 5451 τὴν
1233 5387 1287 5443 ἐς
1310 5382 1510 5451 ἄρκτον
1538 5380 1846 5447 βλέπουσαν

284 5482 584 5532 θάλασσαν.
632 5476 837 5528 Τούτου
886 5475 1038 5543 παρά
1090 5475 1186 5535 τὰς
1238 5472 1402 5541 ὄχθας
1462 5471 1653 5539 ἔτυχεν
1706 5470 1846 5538 ἔχων

286 5571 492 5629 ἐκεῖνος
523 5566 623 5634 τὴν
652 5566 886 5633 οἴκησιν,
925 5562 1006 5615 διὸ
1034 5563 1128 5613 καὶ
1165 5560 1411 5629 Λαπίθης
1439 5560 1500 5612 ἔκ
1529 5576 1591 5626 γε
1624 5560 1715 5611 τοῦ
1745 5575 1843 5611 πο-

286 5656 462 5729 ταμοῦ
498 5656 593 5709 καὶ
633 5656 793 5718 αὐτὸς
839 5655 987 5717 ὅπως
1028 5652 1154 5706 ποτὲ
1192 5652 1642 5723 παρωνόμασται.
1684 5650 1842 5723 Γνιίη

1944 4480 2139 4535 eodem
2181 4481 2270 4534 die
2296 4480 2593 4534 convenire
2630 4482 2803 4549 potui.
2849 4482 2965 4535 Non
3007 4483 3153 4535 enim
3186 4484 3238 4535 in
3282 4485 3507 4551 propin-

1944 4586 2053 4638 quo
2086 4570 2541 4629 babebatscdem.
2576 4573 2670 4625 sed
2696 4573 2929 4625 duorum
2963 4574 3177 4627 dierum
3213 4574 3315 4628 iter
3336 4574 3511 4627 inter.

1944 4669 2063 4714 erat
2116 4661 2257 4713 inter
2282 4675 2402 4713 eam
2442 4671 2606 4729 atque
2640 4674 2851 4729 portutn
2888 4664 2939 4715 in
2973 4678 3134 4729 quem
3181 4674 3292 4715 tutu
3325 4664 3509 4715 incur-

1950 4752 2143 4805 rimus.
2174 4751 2387 4819 Cyprus
2421 4754 2566 4804 enim
2597 4753 2768 4820 major
2789 4760 2872 4804 est
2908 4752 3080 4804 insula
3105 4752 3295 4804 lthodo
3330 4768 3508 4819 neque

1945 4842 2137 4896 eadem
2168 4883 2182 4906 ,
2230 4858 2339 4910 qua
2405 4844 2493 4895 illa
2554 4842 2727 4895 forma
2753 4884 2767 4906 ,
2804 4843 2898 4896 sed
2935 4844 3187 4910 oblonga.
3239 4843 3295 4894 In
3331 4843 3507 4894 media

1946 4944 2127 4991 autem
2165 4932 2339 4985 insula
2371 4948 2527 4985 mons
2586 4941 2692 4994 est,
2736 4932 2825 4984 cui
2869 4932 3085 4984 culmen
3139 4934 3205 4984 ad
3259 4947 3507 4999 magnam

1947 5023 2294 5076 altitudinem
2331 5022 2508 5076 cﬂ‘ert.
2560 5024 2821 5091 Olympus
2859 5022 3165 5090 appellatur
3214 5038 3283 5073 ex
3327 5036 3507 5088 eoque

1946 5115 2112 5166 tritun
2157 5113 2443 5165 ﬂuviorum
2481 5113 2659 5166 fontes
2708 5111 3023 5180 proﬂuunt,
3067 5126 3301 5180 quorum
3338 5113 3511 5163 maxi-

1948 5218 2086 5265 mus,
2129 5204 2215 5255 cui
2267 5201 2499 5270 Lapitlto
2557 5217 2755 5256 nomen
2791 5211 2911 5262 est,
2953 5200 3271 5255 Lcucosiam
3336 5201 3511 5269 regio-

1948 5307 2092 5352 nem,
2124 5307 2245 5359 qua:
2273 5292 2499 5355 diritur,
2533 5291 2772 5343 secernit
2811 5298 2975 5357 atque
3021 5288 3375 5351 circumﬂuit,
3409 5287 3506 5342 ﬂu-

1946 5391 2173 5447 ctusque
2208 5381 2259 5434 in
2303 5397 2450 5434 mare
2476 5420 2489 5437 ,
2538 5381 2683 5447 quod
2724 5380 2775 5433 in
2816 5380 3223 5447 septentriones
3256 5386 3504 5446 spectat,

1945 5471 2165 5523 emittit.
2198 5471 2275 5521 Ad
2314 5472 2474 5538 hujus
2504 5470 2744 5521 ﬂuminis
2766 5469 2915 5537 ripas
2945 5470 3033 5522 ille
3056 5470 3390 5523 domicilium
3416 5466 3509 5521 ha-

1949 5561 2099 5621 bttit,
2136 5570 2470 5629 quapropter
2496 5561 2659 5612 etiam
2705 5556 2825 5626 ipse
2875 5559 3134 5627 Lapithes
3181 5574 3246 5612 ex
3282 5558 3507 5611 ﬂumine

1948 5651 2364 5721 cognominatus
2419 5651 2653 5706 videtur.
2704 5652 2897 5704 Statim
2956 5666 3083 5704 vero
3112 5652 3235 5719 quis
3278 5666 3343 5704 ex
3392 5649 3508 5702 sola
