4242 6342
230 263 302 323 25
1231 277 1364 337 BYZ
1384 279 1679 339 \NTlN/E
1725 282 2122 350 HlS’l‘ORI/K,
2155 289 2294 349 LIB.
2340 290 2518 349 xxv.
3389 259 3488 353 ‘96

237 373 360 425 ἀλλ’
393 376 453 425 ιν
475 375 535 426 οὒ
577 379 773 448 μακρῴ
803 381 878 449 τῷ
909 384 1084 450 χρόνῳ
1112 387 1284 454 ῥᾷστα
1313 391 1683 458 σαλευομένης
1724 393 1820 444 καὶ
1848 394 1898 451 Α

1809 404 1820 443 ι
1848 394 1898 451 Α
1925 399 2218 453 harmonia:
2271 401 2462 460 instar,
2499 416 2621 454 cum
2685 401 2903 455 chordae
2953 399 3356 465 dirumpuntur.
3385 406 3388 408 ⁷
3414 401 3484 456 L‘t

236 466 606 536 διαλυομένης
648 471 867 540 ἀπάσης
932 476 1187 541 προνοίας
1243 479 1584 550 συνδετικῆς,
1634 482 1822 552 ὥσπερ

236 557 513 622 ἁρμονίας
542 563 901 629 ῥηγνυμένων
924 565 1033 618 τῶν
1056 567 1285 636 χορδῶν.
1311 571 1424 638 Τῆς
1451 575 1560 638 γὰρ
1590 573 1821 626 καθόλου

240 645 524 708 πολιτείας
562 651 932 722 ὑγιαινούσης,
964 656 1177 725 ἀνάγκη
1228 658 1402 720 δήπου
1440 662 1534 712 καὶ
1576 661 1644 714 τά
1678 664 1821 732 μέρη

241 735 426 797 καλῶς
457 737 822 792 ἀπαλλάττειν
854 744 1350 814 συνεξομοιούμενα
1383 749 1462 817 τῷ
1497 750 1623 815 ὅλῳ,
1655 750 1822 803 καθά-

249 840 356 891 περ
393 821 488 890 οῦν
525 828 834 881 τούναντίον
879 835 1137 904 νοσούσης
1188 839 1281 889 καὶ
1329 840 1468 891 αὐτὰ
1522 844 1817 906 συννοσεῖν,

242 916 322 977 ὡς
391 919 474 978 είς
521 922 830 988 ἀρχέτυπον
890 927 988 995 τὴν
1054 929 1288 997 μίμησιν
1336 935 1676 1001 ἀναφέροντα
1730 937 1820 987 καὶ

245 1008 505 1079 μάρτυρα
544 1013 850 1084 βεϐαιωτὴν
885 1019 984 1086 τῆς
1017 1022 1219 1084 κακίας
1245 1026 1690 1093 προενηνεγμένα
1720 1030 1820 1090 τὴν

245 1096 534 1165 πολιτικὴν
578 1101 753 1170 ἀρχὴν
798 1107 888 1156 καὶ
942 1109 1293 1165 κατάστασιν,
1326 1113 1543 1175 Δίκαιος
1586 1115 1766 1166 τοίνυν
1794 1117 1820 1166 ό

247 1185 453 1253 Κύριος
485 1188 579 1246 ὢν.
618 1195 706 1242 καὶ
757 1193 1106 1260 δικαιοσύνας
1158 1200 1233 1262 ὡς
1277 1201 1336 1252 τὸ
1381 1203 1526 1264 είκὸς
1567 1203 1817 1268 ἀγαπῶν,

243 1275 372 1342 eeo:
404 1279 608 1345 μᾶλλον
640 1281 765 1351 ἔθνη
798 1283 833 1337 ἀ
868 1288 945 1355 μὴ
973 1289 1138 1356 νόμον
1172 1291 1270 1357 μὶν
1303 1290 1436 1359 ἔχει,
1470 1291 1630 1358 φύσει
1665 1293 1719 1345 δὲ
1752 1293 1821 1344 τά

243 1368 339 1418 τοῦ
375 1373 546 1438 νόμου
575 1377 719 1425 ποιεῖ
751 1378 890 1428 κατὰ
925 1379 1012 1433 τὸ»
1041 1379 1184 1434 θεῖον
1211 1381 1558 1447 Ἀπόστολον,
1597 1387 1745 1451 μισεῖ
1762 1385 1818 1437 δὲ

243 1458 294 1508 οἶ
318 1459 423 1528 ζῇν
455 1462 554 1529 μὲν
580 1464 813 1534 ᾕρηνταί
859 1485 916 1520 τε
964 1473 1056 1523 καὶ
1092 1473 1491 1542 ιπηγγείλαντο
1527 1479 1664 1528 κατά
1695 1477 1819 1537 τοὺς

242 1552 342 1620 τῆς
371 1555 656 1619 εὐσεϐείας
690 1560 926 1629 θεσμοὺς
967 1565 1061 1616 καὶ
1100 1567 1320 1633 νόμους,
1353 1566 1534 1636 ἐ-ργοις
1563 1567 1607 1619 δ’
1636 1568 1816 1628 αὐτοῖς

243 1646 763 1714 καταψευδομένους
809 1651 920 1702 τῶν
959 1654 1306 1721 ἐπαγγελιῶν
1356 1657 1446 1708 καὶ
1487 1655 1816 1724 ἀποσειομέ-

1925 487 2092 548 enim,
2124 485 2168 542 si
2205 499 2376 551 totum
2405 490 2641 543 civitatis
2696 505 2893 556 corpus
2941 504 3135 543 sanum
3180 497 3282 551 est,
3324 491 3484 542 etiam

1923 579 2168 631 membra
2207 593 2330 631 cum
2348 595 2413 632 eo
2437 579 2827 633 concordantia
2861 581 2999 632 bene
3025 593 3143 631 sese
3165 580 3364 632 habere
3388 594 3484 632 ne-

1921 680 2074 719 cesse
2105 675 2209 728 est,
2237 670 2315 721 sic
2346 679 2555 733 contra,
2589 669 2680 723 ubi
2713 670 2842 721 illud
2897 679 3142 736 aegrotat.
3171 670 3334 722 etiam
3373 671 3486 723 liam

1922 772 2030 809 non
2063 768 2292 826 possunt
2321 775 2426 812 non
2463 775 2604 828 aegre
2637 760 2829 812 affecta
2870 775 3012 820 esse,
3044 761 3244 826 quippe
3275 775 3395 827 qua:
3433 759 3486 810 i‘d

1924 857 2177 916 tanquam
2245 850 2480 918 primum
2546 851 2821 920 quoddam
2869 851 3144 918 exemplar
3205 851 3488 903 imitentur

1920 947 2082 1005 atque
2112 939 2352 992 civitatis
2382 941 2840 1007 gubernationem
2879 956 2942 994 ac
2971 949 3174 994 statum
3213 947 3272 992 ut
3327 939 3486 992 vitio-

1919 1028 2098 1082 sitatis
2148 1038 2340 1083 testem
2394 1030 2885 1098 locupletissimum
2943 1030 3236 1098 proferaut.
3303 1029 3485 1080 Domi-

1921 1135 2023 1172 nus
2049 1129 2249 1180 autem,
2281 1121 2370 1187 qtti
2399 1122 2580 1190 justus
2609 1106 2691 1173 est
2721 1130 2794 1180 et.
2827 1133 2884 1174 ut
2922 1131 3375 1178 consentaneum,
3401 1119 3487 1183 iu-

1921 1211 2125 1264 stitiam
2154 1221 2317 1273 amat,
2369 1212 2433 1263 ad
2477 1213 2735 1278 maiorem
2785 1211 3101 1264 felicitatem
3131 1210 3314 1264 evehit
3351 1223 3484 1276 gen-

1922 1301 2064 1365 tiles,
2112 1302 2229 1369 qui,
2286 1310 2344 1354 ut
2396 1303 2472 1357 ait
2505 1313 2732 1356 sani-tus
2763 1302 3120 1370 Apostolus‘,
3173 1313 3484 1368 quanquam

1920 1393 2123 1446 nullam
2151 1392 2388 1447 habeant
2429 1395 2640 1462 legem.
2699 1406 2875 1448 tamen
2931 1404 3123 1446 natura
3173 1391 3311 1444 duce
3369 1390 3486 1458 ejus

1922 1483 2209 1550 praceptis
2239 1484 2643 1551 obsequuntur,
2672 1486 2787 1538 odit
2839 1499 2973 1537 vero
3007 1498 3102 1536 eos
3136 1483 3228 1551 qui
3263 1482 3484 1548 quidem

1923 1571 1974 1624 in
2015 1585 2073 1624 se
2099 1584 2457 1638 susceperunt
2479 1583 2643 1642 atque
2674 1573 2903 1640 professi
2940 1582 3068 1626 sunt
3098 1587 3156 1625 se
3184 1571 3483 1624 secundum

1922 1660 2201 1729 religionis
2231 1662 2480 1716 instituta
2507 1664 2763 1733 legesque
2812 1677 2934 1716 esse
2963 1662 3225 1722 victuros,
3249 1661 3487 1713 actioni-

242 1751 370 1796 νους
397 1736 575 1789 πάντα
605 1738 948 1808 δικαιοσύνης
975 1744 1172 1796 κανόνα
1201 1746 1290 1796 καὶ
1320 1746 1583 1814 στάθμην.
1624 1746 1682 1797 Ὀ
1708 1745 1815 1815 γὰρ
1852 1725 1891 1778 Β

1808 1765 1815 1794 ι
1852 1725 1891 1778 Β
1925 1751 2025 1804 bus
2054 1760 2232 1804 tamen
2263 1753 2524 1820 promissa
2553 1754 2781 1807 eludunt
2804 1763 3067 1806 ctomnes
3100 1752 3324 1821 justitize
3355 1767 3483 1802 nor-

238 1827 601 1899 δικαιοσύνην
643 1831 741 1899 μὲν
779 1833 1279 1904 ἀποστρεφόμενος,
1312 1836 1524 1897 ἀδικίας
1556 1837 1602 1889 δ’
1632 1837 1820 1890 ἀνθαι-

242 1919 512 1988 ρούμενος
544 1923 802 1991 κλήρους,
838 1926 931 1979 καὶ
966 1928 1101 1994 μήτε
1143 1928 1266 1989 τοὺς
1294 1927 1468 1989 θείους
1499 1927 1816 1996 αίδούμενος

239 2012 468 2077 νόμους,
509 2017 850 2085 περιφρονῶν
893 2017 938 2070 δ’
987 2017 1325 2082 ἀνθρώπινον
1363 2020 1583 2072 ἅπασαν
1626 2019 1816 2089 τύχην,

237 2100 398 2163 οὗτος
425 2102 672 2173 ἀφώρισε
699 2106 796 2173 μὲν
827 2107 969 2158 ἑκών
999 2123 1059 2174 γε
1094 2102 1232 2158 εἶναι
1256 2108 1394 2160 Θεοῦ
1425 2108 1515 2159 τοῦ
1544 2109 1640 2176 τῆς
1664 2109 1820 2177 δίκης

239 2192 459 2261 ἔχοντος
497 2198 615 2257 τοὺς
659 2198 881 2265 θρόνους
915 2199 1100 2266 σαφῶς
1141 2199 1356 2259 ἑαυτὸν,
1388 2201 1730 2270 συνῳκείωσε
1773 2202 1817 2254 δ’

239 2287 361 2352 ἀμα
393 2288 470 2358 τῷ
501 2289 751 2359 διαϐόλῳ.
792 2294 885 2344 Διὸ
918 2295 1012 2346 καὶ
1060 2294 1374 2346 πλεονεκτεῖ
1413 2295 1509 2362 μὲν
1544 2294 1685 2346 κατὰ
1722 2294 1819 2358 τῆς

238 2379 428 2447 χώρας
481 2380 698 2450 ἐκείνης
747 2383 814 2436 τὰ
867 2378 1118 2456 χείρω,ᾔ
1166 2386 1235 2438 τά
1279 2386 1454 2437 τοιάδε
1489 2387 1815 2455 γεωργεῖται

239 2473 412 2535 κακά,
443 2476 750 2541 μειονεκτεῖ
777 2476 822 2528 δ’
870 2477 1151 2544 ἑπομένως
1181 2477 1249 2529 τά
1281 2476 1514 2546 κρείττω
1541 2495 1554 2507 ·
1607 2477 1697 2529 καὶ
1730 2477 1813 2540 γί-

240 2574 395 2614 νεται
427 2564 695 2634 παντελὴς
727 2567 843 2618 ἐκεῖ
873 2567 1054 2618 καλῶν
1087 2567 1312 2634 ἐρημία,
1343 2567 1435 2618 καὶ
1465 2569 1813 2636 κατορχεῖται

239 2650 434 2703 λοιπὸν
464 2655 558 2705 καὶ
600 2655 628 2704 ό
669 2653 913 2717 διάϐολος
949 2655 1119 2724 ἀρδην
1145 2657 1316 2724 αὐτῆς
1346 2657 1652 2719 εὐσεϐείας.
1681 2659 1812 2724 πρὸς

243 2740 479 2808 ἄρνησιν
530 2742 655 2803 τοὺς
705 2742 856 2810 αὐτῷ
911 2744 1266 2811 πειθομένους
1316 2748 1486 2814 συχνά
1533 2747 1812 2813 ἐρεθίζων.

245 2827 346 2883 υἷα
387 2831 452 2900 δὴ
495 2834 632 2885 κάπὶ
666 2835 766 2903 τὴν
799 2835 1107 2896 Βυζαντίων
1157 2838 1411 2903 γενέσθαι
1445 2839 1812 2907 Ευμπέπτωκε

247 2923 524 2976 πολιτείαν
548 2941 562 2953 ·
601 2927 880 2993 μισήσασα
920 2929 1028 2995 γάρ
1072 2929 1330 2997 ἀλήθειαν
1374 2932 1559 2998 ἐκείνη
1596 2933 1688 2983 καὶ
1719 2951 1814 2984 πο-

1925 1857 2038 1896 mas
2065 1857 2126 1895 ac
2156 1843 2368 1909 regulas
2411 1843 2697 1910 alijiciuut.
2725 1843 2827 1907 Qui
2863 1843 3010 1895 enim
3037 1842 3301 1909 justitiam
3333 1856 3488 1893 aver-

1924 1941 2072 1984 satus
2116 1931 2394 1999 injustitia:
2428 1933 2781 1999 amplectitur
2829 1940 3028 1992 sortes,
3074 1939 3127 1982 et
3159 1929 3366 1998 legibus
3405 1928 3487 1980 di-

1924 2024 2062 2074 vinis
2097 2022 2293 2089 spretis
2350 2023 2641 2075 humanam
2691 2024 2992 2089 quamlibet
3047 2022 3323 2073 fortunam
3377 2020 3486 2072 cir-

1923 2115 2230 2179 cuiuspieit,
2269 2114 2312 2166 is
2343 2113 2628 2166 manifesto
2676 2130 2732 2167 se
2770 2114 3034 2182 disjunxit
3086 2127 3183 2164 sua
3231 2119 3423 2177 sponte
3455 2125 3484 2160 a

1923 2203 2031 2256 Deo
2062 2205 2285 2270 Ῑηδιὶιὶω
2332 2207 2525 2256 solium
2585 2215 2798 2256 teni-nte
2826 2243 2841 2264 ,
2902 2214 3065 2269 atque
3108 2217 3230 2253 cum
3269 2200 3483 2251 diabolo

1921 2298 2191 2348 contraxit
2231 2296 2676 2349 familiaritatem.
2704 2296 2818 2360 Qua
2842 2298 2906 2347 de
2931 2309 3090 2347 causa
3117 2295 3168 2344 in
3202 2293 3287 2343 illa
3314 2301 3479 2352 terra,

1922 2387 2012 2441 ubi
2034 2388 2154 2440 talia
2176 2399 2433 2441 seruntur
2452 2388 2607 2449 mala,
2625 2388 2730 2457 36
2745 2388 2991 2456 pessume
3009 2398 3153 2438 artes
3169 2385 3481 2453 praevalent.

1919 2480 2150 2551 virtutes
2179 2493 2310 2530 vero
2336 2479 2644 2530 necessario
2687 2478 3004 2531 inferiorem
3041 2486 3234 2529 tenent
3268 2475 3482 2533 locum;

1921 2569 1992 2620 ibi
2024 2567 2498 2621 exsistitomuium
2543 2568 2808 2622 bonorum
2845 2569 3098 2631 vastitas;
3148 2567 3216 2618 ibi
3251 2565 3486 2631 denique

1918 2657 2166 2711 diabolus
2197 2659 2250 2710 in
2300 2659 2469 2726 ipsam
2509 2659 2828 2727 religionem
2882 2656 3353 2724 impudentissime
3401 2654 3484 2705 in-

1919 2751 2111 2812 sultat,
2143 2767 2304 2816 quam
2345 2762 2402 2802 ut
2437 2751 2705 2816 dent-gent
2753 2760 2808 2802 et
2860 2750 3047 2801 tollant
3095 2761 3223 2798 suos
3254 2746 3486 2798 asseclas

1917 2841 2117 2894 acriter
2149 2840 2389 2907 instigat.
2437 2838 2565 2891 Tale
2601 2837 2729 2906 quid
2761 2838 2922 2890 etiam
2963 2837 3336 2905 Byzantiorum
3374 2835 3483 2884 rei-

1920 2931 2149 2997 publicae
2187 2929 2405 2982 accidit.
2441 2928 2580 2982 Odia
2615 2929 2760 2981 enim
2795 2930 2846 2978 in
2878 2929 3161 2979 veritatem
3189 2933 3241 2976 et
3266 2924 3483 2989 imperii

248 3017 460 3086 λιτικῆς
495 3017 669 3085 ἀρχῆς
697 3019 1064 3090 δικαιοσύνην,
1095 3023 1493 3092 οίκειωσαμένη
1525 3024 1571 3077 δ’
1603 3023 1813 3077 ἀδικίαν
1839 3036 1884 3098 C
1912 3023 1923 3092 j

1807 3022 2180 3098 icjustitiam
2237 3031 2542 3089 concepto,
2603 3019 2868 3085 injustitia
2918 3032 3047 3068 Vero
3081 3026 3134 3068 et
3184 3013 3482 3067 mendaciis

249 3107 342 3158 καὶ
379 3106 596 3175 ψεῦδος,
637 3109 785 3172 ὅλαις
833 3111 1112 3180 παλάμαις
1151 3114 1247 3174 τάς
1286 3115 1488 3182 ἑαυτῆς
1524 3116 1658 3183 πρὸς
1691 3116 1808 3168 ἀσέ-

249 3200 402 3249 ϐειαν
453 3199 754 3251 ἀνεπέτασε
802 3202 994 3263 πύλας.
1033 3203 1281 3272 Κάπειδὴ
1319 3204 1394 3271 τῷ
1424 3204 1658 3274 διαϐόλῳ
1708 3206 1813 3258 σώ·

252 3304 421 3355 ματος
470 3287 560 3338 ἐπὶ
614 3287 822 3350 τούτοις
878 3290 983 3342 ἔδει
1039 3292 1132 3344 καὶ
1181 3292 1414 3360 ὀργάνου
1472 3294 1616 3362 μάλα
1671 3295 1816 3364 αὐτῷ

250 3380 620 3448 προσήκοντος
653 3380 767 3443 νῦν,
804 3380 1046 3450 εὑρίσκει
1089 3383 1373 3450 Παλαμᾶν,
1406 3385 1717 3454 ἀνδράριον,
1742 3388 1818 3450 ὼς

249 3471 466 3538 ἀκήκοα
486 3472 606 3538 μὲν,
640 3471 1013 3542 ὲντελέστερον
1043 3473 1089 3526 δ’
1119 3477 1182 3528 ἐκ
1221 3475 1320 3543 τῆς
1371 3477 1535 3529 αὐτοῦ
1572 3479 1817 3547 μεμαθή-

248 3574 363 3610 κειν
390 3559 631 3628 γραφῆς,
667 3561 881 3624 εὐτελὲς
907 3561 1006 3629 μὲν
1034 3563 1208 3624 ἄλλως
1232 3567 1325 3618 καὶ
1359 3567 1499 3636 πλὴν
1534 3566 1628 3618 τοῦ
1661 3584 1814 3619 κενο-

248 3649 421 3712 δοξεῖν
466 3650 558 3701 καὶ
608 3651 676 3702 δι’
715 3653 844 3705 αὑτό
885 3655 946 3720 γέ
994 3672 1075 3705 τοι
1122 3653 1277 3706 τοῦτο
1307 3656 1616 3720 κακοδοξεῖν
1653 3658 1814 3708 πλέον

247 3741 384 3801 εἰδὸς
419 3742 572 3793 οὐδὲν
603 3743 784 3808 om;-
834 3743 923 3796 καὶ
971 3743 1142 3813 τούτῳ
1195 3751 1503 3816 συμμαχεῖν
1539 3747 1815 3808 πεπεικὼς

248 3835 372 3894 τοὺς
412 3836 470 3884 ἐν
519 3833 760 3903 ἐξουσίᾳ,
817 3836 988 3888 πάντα
1037 3837 1340 3907 συλλήϐδην
1386 3840 1580 3901 εἰπεῖν,
1644 3840 1813 3890 ὁπόσα

249 3927 368 3978 κατ’
397 3926 589 3988 ἄλλους
622 3926 754 3976 ἄλλα
787 3927 1012 3994 καιροὺς
1042 3930 1158 3989 ταῖς
1194 3927 1288 3980 τοῦ
1319 3928 1456 3982 Θεοῦ
1493 3929 1813 3997 ἱκκλησίαις

247 4016 456 4083 βέϐηλά
505 4032 562 4068 τε
614 4017 705 4068 καὶ
746 4017 873 4068 νόθα
911 4019 1331 4088 παρεισεφθάρη
1369 4020 1635 4088 δόγματα,
1675 4019 1812 4086 πρὸς

246 4109 339 4161 ἕνα
364 4111 574 4162 τουτονὶ
615 4107 881 4176 συνήλασε
917 4112 1126 4178 χρόνον,
1159 4111 1252 4163 καὶ
1301 4113 1572 4181 πολύχουν
1610 4111 1809 4180 κομιδῆ

242 4200 303 4248 τὸ
337 4200 573 4266 πονηρὸν
601 4199 859 4251 ἐσκέδασε
892 4201 1032 4251 κατὰ
1083 4201 1179 4266 τῆς
1213 4199 1542 4264 Ἐκκλησίας
1571 4201 1807 4268 Χριστοῦ

244 4288 302 4338 τὸ
351 4285 638 4355 γεώργιον.
694 4289 770 4341 Οὐ
815 4291 921 4358 γὰρ
979 4290 1270 4343 πολυθεῖαν
1327 4293 1487 4358 μόνον
1521 4292 1810 4357 ἑδίδαξενό

1919 3113 2329 3173 adscitis,0mui
2389 3112 2585 3162 virium
2641 3111 2993 3162 contentione
3036 3107 3298 3174 itupietati
3337 3105 3484 3156 fores

1921 3202 2162 3255 reclusit.
2197 3205 2308 3262 Qua
2357 3201 2409 3251 in
2469 3215 2526 3250 te
2563 3214 2686 3251 cum
2726 3198 2942 3251 ili-bolo
2971 3212 3199 3265 corpore
3241 3195 3476 3263 quodam

1919 3306 1974 3348 et
2015 3296 2377 3347 instrumento
2413 3291 2516 3342 sibi
2545 3291 2701 3357 plane
2728 3288 3082 3342 conveniente
3127 3301 3266 3354 opus
3296 3294 3442 3338 esset
3463 3320 3482 3349 ο

1921 3382 2124 3451 reperit
2157 3395 2298 3433 nunc
2356 3380 2669 3439 Palamam,
2723 3375 3133 3437 homunculum,
3189 3383 3247 3426 ut
3300 3373 3482 3426 audivi

1918 3473 2138 3542 quidem
2176 3470 2506 3541 (accuratius
2540 3480 2722 3520 autem
2773 3481 2840 3518 ex
2876 3469 3083 3533 scripto
3136 3465 3305 3532 ipsius
3357 3480 3480 3516 euut

1916 3561 2222 3630 cognovi),
2276 3560 2601 3612 vilissimum
2667 3573 2841 3626 neque
2893 3557 3189 3624 quidquam
3251 3558 3483 3623 amplius

1918 3653 2182 3706 scientem
2215 3652 2315 3702 nisi
2353 3649 2628 3717 quomodo
2662 3663 2855 3700 vanam
2893 3647 3117 3716 gloriam
3158 3656 3400 3713 captaret
3427 3655 3482 3697 et

1917 3743 1987 3796 ob
2018 3742 2068 3796 id
2125 3742 2299 3808 ipsum
2349 3755 2544 3807 pravas
2578 3739 2866 3806 opiniones
2923 3737 3164 3806 fingeret.
3216 3736 3314 3790 Cui
3355 3751 3477 3788 cuin

1916 3835 2095 3891 socios
2129 3834 2464 3901 ailjunxisset
2511 3832 2808 3900 principes,
2844 3830 3135 3899 dogmata,
3191 3839 3248 3881 ut
3296 3827 3481 3897 paucis

1917 3922 2400 3993 comprehendam,
2455 3921 2680 3989 profana
2728 3930 2890 3988 atque
2930 3919 3233 3971 adulterata
3262 3957 3276 3980 ,
3330 3933 3480 3984 qua)-

1917 4031 2130 4082 cuoque
2159 4014 2281 4066 aliis
2311 4012 2414 4064 alia
2449 4011 2784 4079 temporibus
2820 4011 2870 4061 iu
2914 4008 3006 4061 Dei
3048 4007 3318 4060 Ecclesias
3361 4022 3482 4073 per-

1913 4107 2120 4161 niciose
2152 4105 2538 4171 obrepseruut,
2574 4103 2740 4154 hocce
2772 4110 3013 4167 tempore
3045 4107 3241 4151 cuncta
3298 4099 3479 4164 coegit

1914 4210 1971 4254 et
2007 4197 2209 4252 Christi
2257 4193 2514 4248 Ecclesiae
2563 4192 2895 4244 uberrimam
2937 4199 2991 4241 et
3039 4189 3238 4256 oppido
3275 4187 3474 4239 variam

1915 4288 2280 4359 improbitatis
2305 4287 2513 4354 frugem
2552 4285 2801 4352 aspersit.
2843 4280 2974 4334 Nam
3018 4280 3312 4354 iniser‘iste
3366 4294 3472 4329 nou

244 4379 615 4447 ταλαίπωρος,
647 4379 779 4430 ἀλλὰ
819 4380 911 4430 καὶ
945 4380 1136 4433 ἀθεῖαν
1182 4382 1586 4450 προστέθεικεν,
1621 4387 1810 4452 ἀρεια-
1837 4374 1919 4433 Di

1796 4413 1810 4423 -
1837 4374 1887 4433 Ι)
1913 4381 2088 4433 solum
2123 4378 2538 4448 polytlieismuni
2574 4375 2779 4436 docuit,
2815 4373 2907 4426 sed
2944 4373 3104 4424 etiam
3144 4369 3471 4422 atlieisuimn

246 4471 440 4538 νισμόν
466 4469 513 4519 θ’
544 4470 657 4537 ἀμα
685 4471 779 4522 καὶ
820 4472 1204 4540 είκονομαχίαν
1233 4475 1321 4524 καὶ
1352 4473 1606 4540 καθάπαξ
1638 4477 1806 4544 ἀρνη-

246 4576 327 4610 σιν
377 4560 689 4626 οἰκονομίας
738 4561 1004 4630 ενσάρκου
1044 4562 1141 4614 τοῦ
1194 4565 1319 4615 Υίοῦ
1357 4565 1449 4616 καὶ
1482 4566 1657 4628 Λόγου
1713 4567 1803 4618 τοῦ

246 4654 404 4708 Θεοῦ.
436 4653 543 4705 Καὶ
580 4653 628 4703 τί
667 4652 749 4703 δεῖ
797 4653 923 4704 καθ’
957 4654 1162 4707 ἕκαστα
1201 4656 1396 4722 λέγειν,
1434 4656 1554 4720 ἐξὸν
1601 4659 1665 4709 ἐκ
1699 4657 1805 4710 τῶν

247 4746 408 4814 ἱερῶν
437 4744 633 4812 βίϐλων
655 4743 763 4794 τῶν
782 4743 940 4795 θείων
962 4746 1218 4814 Πατέρων
1247 4748 1488 4816 ἐλέγχειν
1518 4750 1634 4801 κατ’
1660 4751 1806 4820 ίχνος

243 4838 490 4895 ἐπιόντας
525 4837 738 4889 ἅπαντα
760 4850 775 4896 ;

311 4926 368 4981 l'.
406 4926 516 4979 Καὶ
545 4928 641 4991 μὲν
666 4927 729 4994 δὴ
754 4927 956 4978 τοιαῦτ’
975 4927 1060 4979 ἐπ’
1080 4929 1210 4997 ἐμοῦ
1240 4930 1574 4999 συνείροντος
1599 4931 1691 4985 τοῦ
1722 4951 1807 4985 σο-

245 5016 346 5084 φοῦ
391 5017 484 5068 καὶ
528 5015 804 5084 θεοφιλοῦς
850 5017 912 5087 [ί.
949 5019 1049 5072 103
1089 5019 1142 5088 b|
1189 5020 1395 5073 ἐκείνου
1443 5023 1656 5090 ἀνδρὸς,
1713 5026 1806 5076 καὶ

244 5105 454 5174 βίϐλους
482 5104 526 5155 δ’
549 5106 718 5156 ἑνί-ηε
753 5110 1173 5175 προκομίζοντος
1203 5109 1266 5172 ἃς
1295 5127 1352 5162 τε
1387 5113 1548 5174 αὐτὸς
1583 5116 1805 5182 φιλοπό-

243 5213 344 5255 νως
377 5197 439 5247 ἐκ
471 5196 652 5263 πάσης
683 5197 1069 5265 ὲρανιοάμενος
1097 5200 1246 5263 θείας
1277 5202 1496 5271 Γραφῆς
1525 5205 1662 5256 ὅπλα
1693 5211 1804 5268 τοῖς

242 5288 354 5338 ἐκεῖ
371 5285 550 5347 καλῶς
569 5286 812 5337 εὐσεϐεῖν
827 5287 1168 5355 αἱρουμένοις
1186 5293 1485 5359 χαρίζεται,
1504 5295 1594 5344 καὶ
1612 5294 1677 5356 ἃς
1693 5295 1806 5346 ἓτε-

244 5391 321 5441 ροι
342 5374 584 5425 τῶνέκεῖ
607 5366 1035 5440 προσοικούντων
1053 5378 1346 5448 ἐλλογίμων
1365 5382 1574 5448 ἀνδρῶν
1596 5383 1806 5450 ὀρθοδό-

243 5466 342 5527 ξων
361 5464 705 5532 ἐπιδεδώκασι,
724 5470 840 5530 ταῖς
857 5467 950 5520 τοῦ
971 5469 1201 5536 Παλαμὶ
1220 5471 1555 5535 κακοδοξίαις
1577 5490 1806 5544 περιφα-

316 5623 329 5649 ¹
362 5621 520 5674 lio.u.
563 5637 619 5683 tt,
668 5621 746 5673 l-l.

1910 4469 2121 4524 addidit
2153 4469 2425 4534 simulque
2475 4467 2840 4520 Ariauismum
2888 4472 2943 4515 et
2995 4459 3423 4514 Iconouiachiam
3458 4496 3472 4518 ,

1912 4560 2249 4629 negationem
2299 4557 2532 4624 denique
2606 4552 2994 4607 incarnationis
3044 4549 3161 4602 Filii
3213 4547 3474 4613 Verbiqte

1912 4653 2027 4705 Dei.
2081 4650 2185 4704 Sed
2217 4649 2345 4716 quid
2389 4649 2584 4700 attinet
2631 4645 2838 4713 singula
2886 4642 3161 4710 persequi,
3211 4638 3314 4707 37
3347 4653 3470 4690 cum

1910 4742 2091 4796 omnia
2151 4757 2215 4794 ex
2247 4740 2415 4793 sacris
2449 4738 2745 4805 St'ripllll‘ls
2774 4735 2994 4788 Patrum
3028 4744 3337 4786 sanctorum
3376 4745 3470 4797 per

1908 4834 2118 4900 singula
2149 4832 2367 4899 vestigia
2392 4829 2673 4883 confutare
2699 4827 2894 4880 liccat?

1915 5003 1918 5005 Α
1977 4935 2046 4986 Χ.
2075 4933 2209 4987 Dum
2243 4934 2368 4986 talia
2404 4931 2534 4984 milii
2567 4931 2735 4983 refert
2786 4930 2867 4980 vir
2901 4927 2987 4979 ille
3027 4923 3466 4993 sapientissimus

1909 5026 2130 5095 l)eoque
2164 5025 2543 5086 cliarissinius,
2571 5037 2669 5074 nec
2696 5037 2804 5073 non
2838 5018 3113 5071 interdum
3165 5017 3336 5067 libros
3368 5029 3460 5078 ap-

1909 5128 2106 5186 portat,
2142 5133 2263 5170 cum
2299 5129 2437 5184 quos
2465 5114 2580 5181 ipse
2617 5112 2787 5168 multo
2836 5125 2958 5162 cum
3013 5107 3195 5159 studio
3247 5120 3308 5156 ex
3348 5113 3458 5155 tota

1907 5207 2187 5275 Scriptura
2219 5221 2368 5258 sacra
2409 5205 2628 5272 collegit
2655 5211 2707 5254 et
2731 5217 2826 5269 pro
2859 5201 3025 5251 armis
3078 5201 3182 5265 piis
3223 5195 3462 5247 homini-

1907 5301 2028 5359 bus,
2064 5298 2155 5364 qui
2186 5296 2296 5349 illic
2328 5296 2591 5359 incolunt,
2621 5292 3008 5360 suppeditavit,
3051 5299 3163 5343 tu'u
3199 5306 3334 5356 quos
3368 5289 3460 5339 alii

1906 5391 2038 5442 clari
2071 5399 2232 5456 atque
2266 5387 2551 5440 orthodoxi
2609 5386 2798 5438 insulae
2856 5385 2953 5436 viri
3021 5384 3199 5450 pravis
3231 5381 3462 5434 Palatina:

1909 5478 2264 5547 epiniouihus
2294 5477 2580 5532 manifesto
2602 5477 2845 5532 oblocuti
2895 5475 3226 5538 ediderunt,
3282 5485 3466 5525 ruiizor
