  <div class='ocr_page' id='page_1' title='image "/cluster/home/n/w/nwhite01/storage/ocr_20150623/149/nnc1.0046980431/023.png"; bbox 0 0 4242 6342; ppageno 0'>
   <div class='ocr_carea' id='block_1_1' title="bbox 783 250 4068 352">
    <p class='ocr_par' dir='ltr' id='par_1_1' title="bbox 783 250 4068 352">
     <span class='ocr_line' id='line_1_1' title="bbox 783 250 4068 352; baseline 0.009 -30"><span class='ocrx_word' id='word_1_1' title='bbox 783 275 851 336; x_wconf 66' lang='grc' dir='ltr'>ρτ</span> <span class='ocrx_word' id='word_1_2' title='bbox 1953 277 2128 337; x_wconf 82' lang='lat' dir='ltr'><strong>NICE</strong></span> <span class='ocrx_word' id='word_1_3' title='bbox 2141 277 2369 337; x_wconf 76' lang='lat' dir='ltr'><strong>PIIORI</strong></span> <span class='ocrx_word' id='word_1_4' title='bbox 2412 277 2794 340; x_wconf 49' lang='lat' dir='ltr'><strong>sumente</strong></span> <span class='ocrx_word' id='word_1_5' title='bbox 3809 250 3815 256; x_wconf 59' lang='grc'><em>’</em></span> <span class='ocrx_word' id='word_1_6' title='bbox 3967 292 4068 352; x_wconf 74' lang='lat'><strong>23-</strong></span> 
     </span>
    </p>
   </div>
   <div class='ocr_carea' id='block_1_2' title="bbox 787 382 2462 470">
    <p class='ocr_par' dir='ltr' id='par_1_2' title="bbox 787 382 2462 458">
     <span class='ocr_line' id='line_1_2' title="bbox 787 382 2462 458; baseline 0.007 -22"><span class='ocrx_word' id='word_1_7' title='bbox 787 382 1062 451; x_wconf 71' lang='lat' dir='ltr'><strong>pert‘vrtur</strong></span> <span class='ocrx_word' id='word_1_8' title='bbox 1091 384 1157 437; x_wconf 89' lang='lat' dir='ltr'><strong>ad</strong></span> <span class='ocrx_word' id='word_1_9' title='bbox 1186 383 1437 453; x_wconf 84' lang='lat' dir='ltr'><strong>Cyprios,</strong></span> <span class='ocrx_word' id='word_1_10' title='bbox 1478 384 1923 442; x_wconf 78' lang='lat' dir='ltr'><strong>Cantacuzenum</strong></span> <span class='ocrx_word' id='word_1_11' title='bbox 1960 390 2347 458; x_wconf 87' lang='lat' dir='ltr'><strong>imperatorem</strong></span> <span class='ocrx_word' id='word_1_12' title='bbox 2382 396 2424 448; x_wconf 77' lang='grc' dir='ltr'><strong>Α</strong></span> <span class='ocrx_word' id='word_1_13' title='bbox 2457 409 2462 427; x_wconf 65' lang='grc' dir='ltr'><strong>ι</strong></span> 
     </span>
    </p>
   </div>
   <div class='ocr_carea' id='block_1_3' title="bbox 2365 382 4040 470">
    <p class='ocr_par' dir='ltr' id='par_1_3' title="bbox 2382 391 4040 470">
     <span class='ocr_line' id='line_1_3' title="bbox 2382 391 4040 470; baseline 0.01 -30"><span class='ocrx_word' id='word_1_14' title='bbox 2382 396 2424 448; x_wconf 76' lang='grc' dir='ltr'><strong>Α</strong></span> <span class='ocrx_word' id='word_1_15' title='bbox 2457 391 2559 452; x_wconf 89' lang='grc' dir='ltr'><strong>νῶς</strong></span> <span class='ocrx_word' id='word_1_16' title='bbox 2588 393 2983 461; x_wconf 83' lang='grc' dir='ltr'>ἀντιλέγοντες,</span> <span class='ocrx_word' id='word_1_17' title='bbox 3011 394 3169 461; x_wconf 85' lang='grc' dir='ltr'>λόγος</span> <span class='ocrx_word' id='word_1_18' title='bbox 3210 396 3265 458; x_wconf 76' lang='grc' dir='ltr'><strong>ἐς</strong></span> <span class='ocrx_word' id='word_1_19' title='bbox 3291 397 3386 458; x_wconf 74' lang='grc' dir='ltr'><strong>τὰς</strong></span> <span class='ocrx_word' id='word_1_20' title='bbox 3429 397 3534 450; x_wconf 86' lang='grc' dir='ltr'><strong>τῶν</strong></span> <span class='ocrx_word' id='word_1_21' title='bbox 3565 400 3825 468; x_wconf 76' lang='grc' dir='ltr'><strong>Κυπρίων</strong></span> <span class='ocrx_word' id='word_1_22' title='bbox 3865 404 4040 470; x_wconf 74' lang='grc' dir='ltr'>ἐμπέ-</span> 
     </span>
    </p>
   </div>
   <div class='ocr_carea' id='block_1_4' title="bbox 787 474 2346 549">
    <p class='ocr_par' dir='ltr' id='par_1_4' title="bbox 787 474 2346 549">
     <span class='ocr_line' id='line_1_4' title="bbox 787 474 2346 549; baseline 0.007 -23"><span class='ocrx_word' id='word_1_23' title='bbox 787 483 951 527; x_wconf 91' lang='lat' dir='ltr'><strong>noctn</strong></span> <span class='ocrx_word' id='word_1_24' title='bbox 979 475 1113 527; x_wconf 81' lang='lat' dir='ltr'><strong>clam</strong></span> <span class='ocrx_word' id='word_1_25' title='bbox 1149 474 1468 544; x_wconf 69' lang='lat' dir='ltr'><strong>Byzantium</strong></span> <span class='ocrx_word' id='word_1_26' title='bbox 1504 478 1813 547; x_wconf 88' lang='lat' dir='ltr'><strong>ingressum</strong></span> <span class='ocrx_word' id='word_1_27' title='bbox 1854 495 2151 549; x_wconf 83' lang='lat' dir='ltr'><strong>occupasse</strong></span> <span class='ocrx_word' id='word_1_28' title='bbox 2201 483 2346 549; x_wconf 87' lang='lat' dir='ltr'><strong>prin-</strong></span> 
     </span>
    </p>
   </div>
   <div class='ocr_carea' id='block_1_5' title="bbox 785 566 2350 633">
    <p class='ocr_par' dir='ltr' id='par_1_5' title="bbox 785 566 2350 633">
     <span class='ocr_line' id='line_1_5' title="bbox 785 566 2350 633; baseline 0.007 -16"><span class='ocrx_word' id='word_1_29' title='bbox 785 566 1026 633; x_wconf 87' lang='lat' dir='ltr'><strong>cipatum</strong></span> <span class='ocrx_word' id='word_1_30' title='bbox 1067 566 1286 620; x_wconf 77' lang='lat' dir='ltr'><strong>auxiliis</strong></span> <span class='ocrx_word' id='word_1_31' title='bbox 1307 577 1362 620; x_wconf 89' lang='lat' dir='ltr'><strong>et</strong></span> <span class='ocrx_word' id='word_1_32' title='bbox 1399 567 1683 624; x_wconf 89' lang='lat' dir='ltr'><strong>fallacibus</strong></span> <span class='ocrx_word' id='word_1_33' title='bbox 1712 571 2214 628; x_wconf 75' lang='lat' dir='ltr'><strong>machinationibus</strong></span> <span class='ocrx_word' id='word_1_34' title='bbox 2246 575 2350 628; x_wconf 75' lang='lat' dir='ltr'><strong>Pa-</strong></span> 
     </span>
    </p>
   </div>
   <div class='ocr_carea' id='block_1_6' title="bbox 789 655 2352 731">
    <p class='ocr_par' dir='ltr' id='par_1_6' title="bbox 789 655 2352 731">
     <span class='ocr_line' id='line_1_6' title="bbox 789 655 2352 731; baseline 0.006 -22"><span class='ocrx_word' id='word_1_35' title='bbox 789 656 964 719; x_wconf 71' lang='lat' dir='ltr'><strong>lamte,</strong></span> <span class='ocrx_word' id='word_1_36' title='bbox 991 655 1080 709; x_wconf 91' lang='lat' dir='ltr'><strong>cui</strong></span> <span class='ocrx_word' id='word_1_37' title='bbox 1103 667 1261 710; x_wconf 90' lang='lat' dir='ltr'><strong>antea</strong></span> <span class='ocrx_word' id='word_1_38' title='bbox 1294 657 1575 713; x_wconf 81' lang='lat' dir='ltr'><strong>horribilis</strong></span> <span class='ocrx_word' id='word_1_39' title='bbox 1593 659 1951 726; x_wconf 87' lang='lat' dir='ltr'><strong>jurisjurandi</strong></span> <span class='ocrx_word' id='word_1_40' title='bbox 1985 662 2213 731; x_wconf 83' lang='lat' dir='ltr'><strong>pignore</strong></span> <span class='ocrx_word' id='word_1_41' title='bbox 2233 679 2352 719; x_wconf 90' lang='lat' dir='ltr'><strong>sese</strong></span> 
     </span>
    </p>
   </div>
   <div class='ocr_carea' id='block_1_7' title="bbox 786 746 2357 822">
    <p class='ocr_par' dir='ltr' id='par_1_7' title="bbox 786 746 2357 822">
     <span class='ocr_line' id='line_1_7' title="bbox 786 746 2357 822; baseline 0.008 -25"><span class='ocrx_word' id='word_1_42' title='bbox 786 746 1191 809; x_wconf 78' lang='lat' dir='ltr'><strong>obstrinxisset,</strong></span> <span class='ocrx_word' id='word_1_43' title='bbox 1249 748 1333 801; x_wconf 91' lang='lat' dir='ltr'><strong>vel</strong></span> <span class='ocrx_word' id='word_1_44' title='bbox 1370 749 1517 818; x_wconf 92' lang='lat' dir='ltr'><strong>quod</strong></span> <span class='ocrx_word' id='word_1_45' title='bbox 1558 749 1702 803; x_wconf 87' lang='lat' dir='ltr'><strong>idem</strong></span> <span class='ocrx_word' id='word_1_46' title='bbox 1730 761 1816 805; x_wconf 87' lang='lat' dir='ltr'><strong>est</strong></span> <span class='ocrx_word' id='word_1_47' title='bbox 1847 766 1945 821; x_wconf 88' lang='lat' dir='ltr'><strong>per</strong></span> <span class='ocrx_word' id='word_1_48' title='bbox 1977 753 2147 807; x_wconf 89' lang='lat' dir='ltr'><strong>Deum</strong></span> <span class='ocrx_word' id='word_1_49' title='bbox 2176 754 2357 822; x_wconf 84' lang='lat' dir='ltr'><strong>juras-</strong></span> 
     </span>
    </p>
   </div>
   <div class='ocr_carea' id='block_1_8' title="bbox 785 839 2351 907">
    <p class='ocr_par' dir='ltr' id='par_1_8' title="bbox 785 839 2351 907">
     <span class='ocr_line' id='line_1_8' title="bbox 785 839 2351 907; baseline 0.006 -21"><span class='ocrx_word' id='word_1_50' title='bbox 785 845 885 896; x_wconf 88' lang='lat' dir='ltr'><strong>set.</strong></span> <span class='ocrx_word' id='word_1_51' title='bbox 918 851 1080 904; x_wconf 83' lang='lat' dir='ltr'><strong>quem</strong></span> <span class='ocrx_word' id='word_1_52' title='bbox 1104 839 1324 907; x_wconf 87' lang='lat' dir='ltr'><strong>ejurare</strong></span> <span class='ocrx_word' id='word_1_53' title='bbox 1359 839 1752 907; x_wconf 88' lang='lat' dir='ltr'><strong>profitebatur,</strong></span> <span class='ocrx_word' id='word_1_54' title='bbox 1787 857 1847 896; x_wconf 87' lang='lat' dir='ltr'><strong>se</strong></span> <span class='ocrx_word' id='word_1_55' title='bbox 1902 842 2351 897; x_wconf 90' lang='lat' dir='ltr'><strong>confirmaturum</strong></span> 
     </span>
    </p>
   </div>
   <div class='ocr_carea' id='block_1_9' title="bbox 784 931 2354 1002">
    <p class='ocr_par' dir='ltr' id='par_1_9' title="bbox 784 931 2354 1002">
     <span class='ocr_line' id='line_1_9' title="bbox 784 931 2354 1002; baseline 0.008 -26"><span class='ocrx_word' id='word_1_56' title='bbox 784 941 906 979; x_wconf 89' lang='lat' dir='ltr'><strong>esse</strong></span> <span class='ocrx_word' id='word_1_57' title='bbox 947 937 1115 994; x_wconf 83' lang='lat' dir='ltr'><strong>atque</strong></span> <span class='ocrx_word' id='word_1_58' title='bbox 1161 931 1504 982; x_wconf 86' lang='lat' dir='ltr'><strong>sanciturom</strong></span> <span class='ocrx_word' id='word_1_59' title='bbox 1566 931 1994 1002; x_wconf 81' lang='lat' dir='ltr'><strong>polytbeismum</strong></span> <span class='ocrx_word' id='word_1_60' title='bbox 2049 949 2354 1002; x_wconf 88' lang='lat' dir='ltr'><strong>omnesque</strong></span> 
     </span>
    </p>
   </div>
   <div class='ocr_carea' id='block_1_10' title="bbox 787 1016 2352 1093">
    <p class='ocr_par' dir='ltr' id='par_1_10' title="bbox 787 1016 2352 1093">
     <span class='ocr_line' id='line_1_10' title="bbox 787 1016 2352 1093; baseline 0.008 -25"><span class='ocrx_word' id='word_1_61' title='bbox 787 1016 904 1085; x_wconf 80' lang='lat' dir='ltr'><strong>ejus</strong></span> <span class='ocrx_word' id='word_1_62' title='bbox 933 1019 1189 1086; x_wconf 86' lang='lat' dir='ltr'><strong>profanas</strong></span> <span class='ocrx_word' id='word_1_63' title='bbox 1220 1030 1384 1087; x_wconf 85' lang='lat' dir='ltr'><strong>atque</strong></span> <span class='ocrx_word' id='word_1_64' title='bbox 1411 1021 1756 1090; x_wconf 82' lang='lat' dir='ltr'><strong>irreligiosas</strong></span> <span class='ocrx_word' id='word_1_65' title='bbox 1783 1025 2081 1085; x_wconf 86' lang='lat' dir='ltr'><strong>novitates,</strong></span> <span class='ocrx_word' id='word_1_66' title='bbox 2135 1041 2259 1093; x_wconf 72' lang='lat' dir='ltr'><strong>qua:</strong></span> <span class='ocrx_word' id='word_1_67' title='bbox 2297 1028 2352 1080; x_wconf 91' lang='lat' dir='ltr'><strong>in</strong></span> 
     </span>
    </p>
   </div>
   <div class='ocr_carea' id='block_1_11' title="bbox 789 1107 2358 1186">
    <p class='ocr_par' dir='ltr' id='par_1_11' title="bbox 789 1107 2358 1186">
     <span class='ocr_line' id='line_1_11' title="bbox 789 1107 2358 1186; baseline 0.008 -28"><span class='ocrx_word' id='word_1_68' title='bbox 789 1107 881 1160; x_wconf 84' lang='lat' dir='ltr'><strong>Dei</strong></span> <span class='ocrx_word' id='word_1_69' title='bbox 937 1108 1237 1163; x_wconf 86' lang='lat' dir='ltr'><strong>Eeclesiam</strong></span> <span class='ocrx_word' id='word_1_70' title='bbox 1271 1111 1495 1166; x_wconf 68' lang='lat' dir='ltr'><strong>intrusa:</strong></span> <span class='ocrx_word' id='word_1_71' title='bbox 1523 1126 1728 1168; x_wconf 86' lang='lat' dir='ltr'><strong>essent.</strong></span> <span class='ocrx_word' id='word_1_72' title='bbox 1787 1115 1901 1168; x_wconf 89' lang='lat' dir='ltr'><strong>Hoc</strong></span> <span class='ocrx_word' id='word_1_73' title='bbox 1930 1115 2167 1186; x_wconf 82' lang='lat' dir='ltr'><strong>Georgio</strong></span> <span class='ocrx_word' id='word_1_74' title='bbox 2196 1117 2358 1186; x_wconf 90' lang='lat' dir='ltr'><strong>Lapi-</strong></span> 
     </span>
    </p>
   </div>
   <div class='ocr_carea' id='block_1_12' title="bbox 787 1201 2353 1278">
    <p class='ocr_par' dir='ltr' id='par_1_12' title="bbox 787 1201 2353 1278">
     <span class='ocr_line' id='line_1_12' title="bbox 787 1201 2353 1278; baseline 0.008 -28"><span class='ocrx_word' id='word_1_75' title='bbox 787 1201 913 1261; x_wconf 75' lang='lat' dir='ltr'><strong>thze,</strong></span> <span class='ocrx_word' id='word_1_76' title='bbox 943 1201 1350 1268; x_wconf 76' lang='lat' dir='ltr'><strong>sapientissimo</strong></span> <span class='ocrx_word' id='word_1_77' title='bbox 1379 1204 1519 1265; x_wconf 88' lang='lat' dir='ltr'><strong>viro,</strong></span> <span class='ocrx_word' id='word_1_78' title='bbox 1552 1220 1803 1273; x_wconf 83' lang='lat' dir='ltr'><strong>magnam</strong></span> <span class='ocrx_word' id='word_1_79' title='bbox 1833 1207 2021 1278; x_wconf 83' lang='lat' dir='ltr'><strong>injecit</strong></span> <span class='ocrx_word' id='word_1_80' title='bbox 2049 1210 2353 1274; x_wconf 79' lang='lat' dir='ltr'><strong>tristitiam,</strong></span> 
     </span>
    </p>
   </div>
   <div class='ocr_carea' id='block_1_13' title="bbox 784 1292 2354 1369">
    <p class='ocr_par' dir='ltr' id='par_1_13' title="bbox 784 1292 2354 1369">
     <span class='ocr_line' id='line_1_13' title="bbox 784 1292 2354 1369; baseline 0.008 -27"><span class='ocrx_word' id='word_1_81' title='bbox 784 1304 893 1344; x_wconf 91' lang='lat' dir='ltr'><strong>non</strong></span> <span class='ocrx_word' id='word_1_82' title='bbox 917 1293 1062 1359; x_wconf 93' lang='lat' dir='ltr'><strong>quod</strong></span> <span class='ocrx_word' id='word_1_83' title='bbox 1112 1292 1531 1349; x_wconf 82' lang='lat' dir='ltr'><strong>Cantacuzenus</strong></span> <span class='ocrx_word' id='word_1_84' title='bbox 1581 1299 1950 1367; x_wconf 83' lang='lat' dir='ltr'><strong>principatum</strong></span> <span class='ocrx_word' id='word_1_85' title='bbox 2009 1311 2354 1369; x_wconf 86' lang='lat' dir='ltr'><strong>occupasset,</strong></span> 
     </span>
    </p>
   </div>
   <div class='ocr_carea' id='block_1_14' title="bbox 783 1383 2348 1458">
    <p class='ocr_par' dir='ltr' id='par_1_14' title="bbox 783 1383 2348 1458">
     <span class='ocr_line' id='line_1_14' title="bbox 783 1383 2348 1458; baseline 0.007 -24"><span class='ocrx_word' id='word_1_86' title='bbox 783 1383 878 1435; x_wconf 87' lang='lat' dir='ltr'><strong>sed</strong></span> <span class='ocrx_word' id='word_1_87' title='bbox 915 1386 1056 1452; x_wconf 86' lang='lat' dir='ltr'><strong>quod</strong></span> <span class='ocrx_word' id='word_1_88' title='bbox 1088 1387 1176 1437; x_wconf 90' lang='lat' dir='ltr'><strong>tali</strong></span> <span class='ocrx_word' id='word_1_89' title='bbox 1200 1386 1570 1454; x_wconf 85' lang='lat' dir='ltr'><strong>jurejurando</strong></span> <span class='ocrx_word' id='word_1_90' title='bbox 1603 1389 1843 1442; x_wconf 68' lang='lat' dir='ltr'><strong>Palamae</strong></span> <span class='ocrx_word' id='word_1_91' title='bbox 1871 1389 2141 1458; x_wconf 86' lang='lat' dir='ltr'><strong>impietati</strong></span> <span class='ocrx_word' id='word_1_92' title='bbox 2194 1392 2348 1445; x_wconf 57' lang='lat' dir='ltr'><strong>addi.</strong></span> 
     </span>
    </p>
   </div>
   <div class='ocr_carea' id='block_1_15' title="bbox 784 1478 2352 1553">
    <p class='ocr_par' dir='ltr' id='par_1_15' title="bbox 784 1478 2352 1553">
     <span class='ocr_line' id='line_1_15' title="bbox 784 1478 2352 1553; baseline 0.006 -25"><span class='ocrx_word' id='word_1_93' title='bbox 784 1485 903 1529; x_wconf 80' lang='lat' dir='ltr'><strong>ctus</strong></span> <span class='ocrx_word' id='word_1_94' title='bbox 929 1484 1229 1530; x_wconf 82' lang='lat' dir='ltr'><strong>teneretur.</strong></span> <span class='ocrx_word' id='word_1_95' title='bbox 1261 1478 1441 1543; x_wconf 84' lang='lat' dir='ltr'><strong>Quare</strong></span> <span class='ocrx_word' id='word_1_96' title='bbox 1475 1496 1503 1532; x_wconf 92' lang='lat' dir='ltr'><strong>a</strong></span> <span class='ocrx_word' id='word_1_97' title='bbox 1532 1483 1785 1547; x_wconf 66' lang='lat' dir='ltr'><strong>praeclara</strong></span> <span class='ocrx_word' id='word_1_98' title='bbox 1832 1483 1926 1535; x_wconf 87' lang='lat' dir='ltr'><strong>illa</strong></span> <span class='ocrx_word' id='word_1_99' title='bbox 1956 1499 2054 1552; x_wconf 77' lang='lat' dir='ltr'><strong>spe</strong></span> <span class='ocrx_word' id='word_1_100' title='bbox 2083 1484 2352 1553; x_wconf 86' lang='lat' dir='ltr'><strong>dejectus,</strong></span> 
     </span>
    </p>
   </div>
   <div class='ocr_carea' id='block_1_16' title="bbox 783 1566 2354 1643">
    <p class='ocr_par' dir='ltr' id='par_1_16' title="bbox 783 1566 2354 1643">
     <span class='ocr_line' id='line_1_16' title="bbox 783 1566 2354 1643; baseline 0.009 -27"><span class='ocrx_word' id='word_1_101' title='bbox 783 1581 903 1632; x_wconf 75' lang='lat' dir='ltr'><strong>qua:</strong></span> <span class='ocrx_word' id='word_1_102' title='bbox 927 1566 1021 1618; x_wconf 90' lang='lat' dir='ltr'><strong>diu</strong></span> <span class='ocrx_word' id='word_1_103' title='bbox 1053 1569 1164 1636; x_wconf 87' lang='lat' dir='ltr'><strong>jam</strong></span> <span class='ocrx_word' id='word_1_104' title='bbox 1191 1571 1391 1623; x_wconf 86' lang='lat' dir='ltr'><strong>mentis</strong></span> <span class='ocrx_word' id='word_1_105' title='bbox 1418 1571 1663 1624; x_wconf 69' lang='lat' dir='ltr'><strong>Imtitiam</strong></span> <span class='ocrx_word' id='word_1_106' title='bbox 1695 1574 1897 1636; x_wconf 86' lang='lat' dir='ltr'><strong>alebat,</strong></span> <span class='ocrx_word' id='word_1_107' title='bbox 1932 1590 2075 1643; x_wconf 54' lang='lat' dir='ltr'><strong>aegre</strong></span> <span class='ocrx_word' id='word_1_108' title='bbox 2112 1577 2235 1629; x_wconf 89' lang='lat' dir='ltr'><strong>tulit</strong></span> <span class='ocrx_word' id='word_1_109' title='bbox 2268 1577 2354 1630; x_wconf 92' lang='lat' dir='ltr'><strong>in-</strong></span> 
     </span>
    </p>
   </div>
   <div class='ocr_carea' id='block_1_17' title="bbox 783 1655 2356 1730">
    <p class='ocr_par' dir='ltr' id='par_1_17' title="bbox 783 1655 2356 1730">
     <span class='ocr_line' id='line_1_17' title="bbox 783 1655 2356 1730; baseline 0.006 -24"><span class='ocrx_word' id='word_1_110' title='bbox 783 1655 1182 1721; x_wconf 59' lang='lat' dir='ltr'><strong>dignationem,</strong></span> <span class='ocrx_word' id='word_1_111' title='bbox 1213 1657 1401 1710; x_wconf 86' lang='lat' dir='ltr'><strong>animo</strong></span> <span class='ocrx_word' id='word_1_112' title='bbox 1443 1659 1621 1712; x_wconf 85' lang='lat' dir='ltr'><strong>turbis</strong></span> <span class='ocrx_word' id='word_1_113' title='bbox 1645 1660 1850 1727; x_wconf 88' lang='lat' dir='ltr'><strong>agitato</strong></span> <span class='ocrx_word' id='word_1_114' title='bbox 1877 1661 2158 1730; x_wconf 88' lang='lat' dir='ltr'><strong>marisque</strong></span> <span class='ocrx_word' id='word_1_115' title='bbox 2184 1663 2356 1716; x_wconf 90' lang='lat' dir='ltr'><strong>instar</strong></span> 
     </span>
    </p>
   </div>
   <div class='ocr_carea' id='block_1_18' title="bbox 783 1746 2357 1819">
    <p class='ocr_par' dir='ltr' id='par_1_18' title="bbox 783 1746 2357 1819">
     <span class='ocr_line' id='line_1_18' title="bbox 783 1746 2357 1819; baseline 0.006 -22"><span class='ocrx_word' id='word_1_116' title='bbox 783 1753 1067 1799; x_wconf 73' lang='lat' dir='ltr'><strong>mstuaute.</strong></span> <span class='ocrx_word' id='word_1_117' title='bbox 1099 1746 1364 1814; x_wconf 83' lang='lat' dir='ltr'><strong>Sperabat</strong></span> <span class='ocrx_word' id='word_1_118' title='bbox 1386 1751 1533 1801; x_wconf 86' lang='lat' dir='ltr'><strong>enim</strong></span> <span class='ocrx_word' id='word_1_119' title='bbox 1561 1749 1672 1818; x_wconf 76' lang='lat'><strong>33</strong></span> <span class='ocrx_word' id='word_1_120' title='bbox 1707 1765 1920 1804; x_wconf 72' lang='lat' dir='ltr'><strong>mecuzu</strong></span> <span class='ocrx_word' id='word_1_121' title='bbox 1968 1766 2027 1805; x_wconf 89' lang='lat' dir='ltr'><strong>se</strong></span> <span class='ocrx_word' id='word_1_122' title='bbox 2073 1752 2357 1819; x_wconf 81' lang='lat' dir='ltr'><strong>navigatu-</strong></span> 
     </span>
    </p>
   </div>
   <div class='ocr_carea' id='block_1_19' title="bbox 786 1837 2357 1912">
    <p class='ocr_par' dir='ltr' id='par_1_19' title="bbox 786 1837 2357 1912">
     <span class='ocr_line' id='line_1_19' title="bbox 786 1837 2357 1912; baseline 0.006 -23"><span class='ocrx_word' id='word_1_123' title='bbox 786 1854 904 1890; x_wconf 89' lang='lat' dir='ltr'><strong>rum</strong></span> <span class='ocrx_word' id='word_1_124' title='bbox 940 1837 1063 1891; x_wconf 90' lang='lat' dir='ltr'><strong>iude</strong></span> <span class='ocrx_word' id='word_1_125' title='bbox 1093 1840 1329 1892; x_wconf 81' lang='lat' dir='ltr'><strong>abeunte</strong></span> <span class='ocrx_word' id='word_1_126' title='bbox 1379 1839 1552 1910; x_wconf 83' lang='lat' dir='ltr'><strong>usque</strong></span> <span class='ocrx_word' id='word_1_127' title='bbox 1584 1837 1928 1911; x_wconf 76' lang='lat' dir='ltr'><strong>Byzantium,</strong></span> <span class='ocrx_word' id='word_1_128' title='bbox 1965 1853 2022 1898; x_wconf 88' lang='lat' dir='ltr'><strong>ut</strong></span> <span class='ocrx_word' id='word_1_129' title='bbox 2065 1853 2117 1898; x_wconf 89' lang='lat' dir='ltr'><strong>te</strong></span> <span class='ocrx_word' id='word_1_130' title='bbox 2147 1845 2357 1912; x_wconf 84' lang='lat' dir='ltr'><strong>aspice-</strong></span> 
     </span>
    </p>
   </div>
   <div class='ocr_carea' id='block_1_20' title="bbox 785 1935 2354 2007">
    <p class='ocr_par' dir='ltr' id='par_1_20' title="bbox 785 1935 2354 2007">
     <span class='ocr_line' id='line_1_20' title="bbox 785 1935 2354 2007; baseline 0.007 -27"><span class='ocrx_word' id='word_1_131' title='bbox 785 1937 867 1982; x_wconf 81' lang='lat' dir='ltr'><strong>ret</strong></span> <span class='ocrx_word' id='word_1_132' title='bbox 894 1939 1090 2000; x_wconf 86' lang='lat' dir='ltr'><strong>tuaque</strong></span> <span class='ocrx_word' id='word_1_133' title='bbox 1119 1935 1520 1988; x_wconf 80' lang='lat' dir='ltr'><strong>consuetudine</strong></span> <span class='ocrx_word' id='word_1_134' title='bbox 1545 1942 1843 2000; x_wconf 53' lang='lat' dir='ltr'><strong>Euteretur,</strong></span> <span class='ocrx_word' id='word_1_135' title='bbox 1916 1943 1978 1988; x_wconf 90' lang='lat' dir='ltr'><strong>ut</strong></span> <span class='ocrx_word' id='word_1_136' title='bbox 2025 1951 2188 2003; x_wconf 85' lang='lat' dir='ltr'><strong>supra</strong></span> <span class='ocrx_word' id='word_1_137' title='bbox 2243 1937 2354 2007; x_wconf 86' lang='lat' dir='ltr'><strong>jam</strong></span> 
     </span>
    </p>
   </div>
   <div class='ocr_carea' id='block_1_21' title="bbox 784 2022 2355 2096">
    <p class='ocr_par' dir='ltr' id='par_1_21' title="bbox 784 2022 2355 2096">
     <span class='ocr_line' id='line_1_21' title="bbox 784 2022 2355 2096; baseline 0.005 -22"><span class='ocrx_word' id='word_1_138' title='bbox 784 2022 1045 2087; x_wconf 77' lang='lat' dir='ltr'><strong>diximus,</strong></span> <span class='ocrx_word' id='word_1_139' title='bbox 1076 2025 1301 2093; x_wconf 86' lang='lat' dir='ltr'><strong>majoris</strong></span> <span class='ocrx_word' id='word_1_140' title='bbox 1329 2027 1612 2094; x_wconf 67' lang='lat' dir='ltr'><strong>sapientia:</strong></span> <span class='ocrx_word' id='word_1_141' title='bbox 1639 2027 1946 2096; x_wconf 80' lang='lat' dir='ltr'><strong>cupiditate</strong></span> <span class='ocrx_word' id='word_1_142' title='bbox 1984 2029 2210 2093; x_wconf 89' lang='lat' dir='ltr'><strong>ductus,</strong></span> <span class='ocrx_word' id='word_1_143' title='bbox 2239 2030 2355 2082; x_wconf 87' lang='lat' dir='ltr'><strong>for-</strong></span> 
     </span>
    </p>
   </div>
   <div class='ocr_carea' id='block_1_22' title="bbox 787 2118 2359 2188">
    <p class='ocr_par' dir='ltr' id='par_1_22' title="bbox 787 2118 2359 2188">
     <span class='ocr_line' id='line_1_22' title="bbox 787 2118 2359 2188; baseline 0.005 -22"><span class='ocrx_word' id='word_1_144' title='bbox 787 2124 927 2166; x_wconf 88' lang='lat' dir='ltr'><strong>tasse</strong></span> <span class='ocrx_word' id='word_1_145' title='bbox 960 2120 1126 2167; x_wconf 85' lang='lat' dir='ltr'><strong>etiam</strong></span> <span class='ocrx_word' id='word_1_146' title='bbox 1164 2126 1223 2169; x_wconf 93' lang='lat' dir='ltr'><strong>ut</strong></span> <span class='ocrx_word' id='word_1_147' title='bbox 1247 2127 1515 2184; x_wconf 69' lang='lat' dir='ltr'><strong>praeterea</strong></span> <span class='ocrx_word' id='word_1_148' title='bbox 1541 2118 1644 2170; x_wconf 88' lang='lat' dir='ltr'><strong>alia</strong></span> <span class='ocrx_word' id='word_1_149' title='bbox 1671 2119 1919 2187; x_wconf 69' lang='lat' dir='ltr'><strong>quadam</strong></span> <span class='ocrx_word' id='word_1_150' title='bbox 1949 2122 2169 2188; x_wconf 81' lang='lat' dir='ltr'><strong>negotia</strong></span> <span class='ocrx_word' id='word_1_151' title='bbox 2198 2137 2359 2175; x_wconf 87' lang='lat' dir='ltr'><strong>cura-</strong></span> 
     </span>
    </p>
   </div>
   <div class='ocr_carea' id='block_1_23' title="bbox 785 2207 2358 2280">
    <p class='ocr_par' dir='ltr' id='par_1_23' title="bbox 785 2207 2358 2280">
     <span class='ocr_line' id='line_1_23' title="bbox 785 2207 2358 2280; baseline 0.006 -25"><span class='ocrx_word' id='word_1_152' title='bbox 785 2215 867 2257; x_wconf 87' lang='lat' dir='ltr'><strong>ret</strong></span> <span class='ocrx_word' id='word_1_153' title='bbox 898 2213 952 2259; x_wconf 91' lang='lat' dir='ltr'><strong>et</strong></span> <span class='ocrx_word' id='word_1_154' title='bbox 989 2220 1077 2259; x_wconf 88' lang='lat' dir='ltr'><strong>res</strong></span> <span class='ocrx_word' id='word_1_155' title='bbox 1103 2207 1350 2261; x_wconf 85' lang='lat' dir='ltr'><strong>illustres</strong></span> <span class='ocrx_word' id='word_1_156' title='bbox 1378 2218 1542 2275; x_wconf 87' lang='lat' dir='ltr'><strong>atque</strong></span> <span class='ocrx_word' id='word_1_157' title='bbox 1573 2210 1820 2278; x_wconf 84' lang='lat' dir='ltr'><strong>egregias</strong></span> <span class='ocrx_word' id='word_1_158' title='bbox 1875 2210 2160 2273; x_wconf 83' lang='lat' dir='ltr'><strong>inviseret,</strong></span> <span class='ocrx_word' id='word_1_159' title='bbox 2218 2228 2358 2280; x_wconf 79' lang='lat' dir='ltr'><strong>quas</strong></span> 
     </span>
    </p>
   </div>
   <div class='ocr_carea' id='block_1_24' title="bbox 784 2298 2358 2369">
    <p class='ocr_par' dir='ltr' id='par_1_24' title="bbox 784 2298 2358 2369">
     <span class='ocr_line' id='line_1_24' title="bbox 784 2298 2358 2369; baseline 0.008 -22"><span class='ocrx_word' id='word_1_160' title='bbox 784 2311 894 2363; x_wconf 82' lang='lat' dir='ltr'><strong>prae</strong></span> <span class='ocrx_word' id='word_1_161' title='bbox 927 2298 1128 2351; x_wconf 79' lang='lat' dir='ltr'><strong>ceteris</strong></span> <span class='ocrx_word' id='word_1_162' title='bbox 1151 2298 1539 2368; x_wconf 86' lang='lat' dir='ltr'><strong>Byzantiorum</strong></span> <span class='ocrx_word' id='word_1_163' title='bbox 1567 2300 1699 2354; x_wconf 88' lang='lat' dir='ltr'><strong>urbs</strong></span> <span class='ocrx_word' id='word_1_164' title='bbox 1732 2301 2003 2369; x_wconf 85' lang='lat' dir='ltr'><strong>possidet.</strong></span> <span class='ocrx_word' id='word_1_165' title='bbox 2060 2301 2198 2356; x_wconf 82' lang='lat' dir='ltr'><strong>Tum</strong></span> <span class='ocrx_word' id='word_1_166' title='bbox 2227 2319 2358 2359; x_wconf 87' lang='lat' dir='ltr'><strong>vero</strong></span> 
     </span>
    </p>
   </div>
   <div class='ocr_carea' id='block_1_25' title="bbox 788 2388 2355 2460">
    <p class='ocr_par' dir='ltr' id='par_1_25' title="bbox 788 2388 2355 2460">
     <span class='ocr_line' id='line_1_25' title="bbox 788 2388 2355 2460; baseline 0.005 -20"><span class='ocrx_word' id='word_1_167' title='bbox 788 2388 939 2440; x_wconf 85' lang='lat' dir='ltr'><strong>brevi</strong></span> <span class='ocrx_word' id='word_1_168' title='bbox 975 2398 1223 2457; x_wconf 89' lang='lat' dir='ltr'><strong>tempore</strong></span> <span class='ocrx_word' id='word_1_169' title='bbox 1252 2407 1478 2460; x_wconf 84' lang='lat' dir='ltr'><strong>prorsus</strong></span> <span class='ocrx_word' id='word_1_170' title='bbox 1503 2401 1694 2446; x_wconf 84' lang='lat' dir='ltr'><strong>contra</strong></span> <span class='ocrx_word' id='word_1_171' title='bbox 1729 2408 1817 2446; x_wconf 90' lang='lat' dir='ltr'><strong>res</strong></span> <span class='ocrx_word' id='word_1_172' title='bbox 1844 2393 2112 2448; x_wconf 88' lang='lat' dir='ltr'><strong>cecidisse</strong></span> <span class='ocrx_word' id='word_1_173' title='bbox 2144 2396 2355 2459; x_wconf 85' lang='lat' dir='ltr'><strong>videns,</strong></span> 
     </span>
    </p>
   </div>
   <div class='ocr_carea' id='block_1_26' title="bbox 786 2477 2355 2553">
    <p class='ocr_par' dir='ltr' id='par_1_26' title="bbox 786 2477 2355 2553">
     <span class='ocr_line' id='line_1_26' title="bbox 786 2477 2355 2553; baseline 0.008 -27"><span class='ocrx_word' id='word_1_174' title='bbox 786 2491 982 2544; x_wconf 84' lang='lat' dir='ltr'><strong>magno</strong></span> <span class='ocrx_word' id='word_1_175' title='bbox 1020 2477 1208 2531; x_wconf 90' lang='lat' dir='ltr'><strong>dolore</strong></span> <span class='ocrx_word' id='word_1_176' title='bbox 1235 2480 1516 2534; x_wconf 87' lang='lat' dir='ltr'><strong>cruciatus</strong></span> <span class='ocrx_word' id='word_1_177' title='bbox 1573 2481 1954 2552; x_wconf 77' lang='lat' dir='ltr'><strong>illacrymabat</strong></span> <span class='ocrx_word' id='word_1_178' title='bbox 2015 2485 2266 2553; x_wconf 83' lang='lat' dir='ltr'><strong>religioni</strong></span> <span class='ocrx_word' id='word_1_179' title='bbox 2301 2487 2355 2541; x_wconf 90' lang='lat' dir='ltr'><strong>in</strong></span> 
     </span>
    </p>
   </div>
   <div class='ocr_carea' id='block_1_27' title="bbox 784 2569 2359 2638">
    <p class='ocr_par' dir='ltr' id='par_1_27' title="bbox 784 2569 2359 2638">
     <span class='ocr_line' id='line_1_27' title="bbox 784 2569 2359 2638; baseline 0.009 -21"><span class='ocrx_word' id='word_1_180' title='bbox 784 2569 1086 2635; x_wconf 91' lang='lat' dir='ltr'><strong>perieulum</strong></span> <span class='ocrx_word' id='word_1_181' title='bbox 1115 2571 1410 2638; x_wconf 68' lang='lat' dir='ltr'><strong>compulsa:</strong></span> <span class='ocrx_word' id='word_1_182' title='bbox 1426 2573 1716 2627; x_wconf 86' lang='lat' dir='ltr'><strong>manifesto</strong></span> <span class='ocrx_word' id='word_1_183' title='bbox 1743 2575 1956 2629; x_wconf 88' lang='lat' dir='ltr'><strong>areanis</strong></span> <span class='ocrx_word' id='word_1_184' title='bbox 1970 2576 2064 2630; x_wconf 86' lang='lat' dir='ltr'><strong>Dei</strong></span> <span class='ocrx_word' id='word_1_185' title='bbox 2087 2577 2138 2630; x_wconf 93' lang='lat' dir='ltr'><strong>id</strong></span> <span class='ocrx_word' id='word_1_186' title='bbox 2159 2579 2359 2632; x_wconf 88' lang='lat' dir='ltr'><strong>admit-</strong></span> 
     </span>
    </p>
   </div>
   <div class='ocr_carea' id='block_1_28' title="bbox 787 2660 2358 2736">
    <p class='ocr_par' dir='ltr' id='par_1_28' title="bbox 787 2660 2358 2736">
     <span class='ocr_line' id='line_1_28' title="bbox 787 2660 2358 2736; baseline 0.009 -26"><span class='ocrx_word' id='word_1_187' title='bbox 787 2660 953 2711; x_wconf 89' lang='lat' dir='ltr'><strong>tentis</strong></span> <span class='ocrx_word' id='word_1_188' title='bbox 967 2661 1266 2715; x_wconf 85' lang='lat' dir='ltr'><strong>rationibus</strong></span> <span class='ocrx_word' id='word_1_189' title='bbox 1281 2665 1596 2719; x_wconf 88' lang='lat' dir='ltr'><strong>conflatum.</strong></span> <span class='ocrx_word' id='word_1_190' title='bbox 1618 2666 1994 2736; x_wconf 77' lang='lat' dir='ltr'><strong>lllaerymabat</strong></span> <span class='ocrx_word' id='word_1_191' title='bbox 2014 2670 2176 2723; x_wconf 88' lang='lat' dir='ltr'><strong>etiam</strong></span> <span class='ocrx_word' id='word_1_192' title='bbox 2199 2671 2358 2724; x_wconf 87' lang='lat' dir='ltr'><strong>morti</strong></span> 
     </span>
    </p>
   </div>
   <div class='ocr_carea' id='block_1_29' title="bbox 787 2754 2360 2826">
    <p class='ocr_par' dir='ltr' id='par_1_29' title="bbox 787 2754 2360 2826">
     <span class='ocr_line' id='line_1_29' title="bbox 787 2754 2360 2826; baseline 0.006 -23"><span class='ocrx_word' id='word_1_193' title='bbox 787 2761 912 2812; x_wconf 71' lang='lat' dir='ltr'><strong>tum,</strong></span> <span class='ocrx_word' id='word_1_194' title='bbox 947 2767 1110 2818; x_wconf 87' lang='lat' dir='ltr'><strong>quam</strong></span> <span class='ocrx_word' id='word_1_195' title='bbox 1139 2754 1543 2820; x_wconf 80' lang='lat' dir='ltr'><strong>su3picabatur,</strong></span> <span class='ocrx_word' id='word_1_196' title='bbox 1603 2770 1728 2808; x_wconf 86' lang='lat' dir='ltr'><strong>cum</strong></span> <span class='ocrx_word' id='word_1_197' title='bbox 1777 2757 2038 2825; x_wconf 81' lang='lat' dir='ltr'><strong>cogitare:</strong></span> <span class='ocrx_word' id='word_1_198' title='bbox 2067 2774 2229 2826; x_wconf 89' lang='lat' dir='ltr'><strong>quam</strong></span> <span class='ocrx_word' id='word_1_199' title='bbox 2274 2775 2360 2812; x_wconf 91' lang='lat' dir='ltr'><strong>ar-</strong></span> 
     </span>
    </p>
   </div>
   <div class='ocr_carea' id='block_1_30' title="bbox 784 2844 2361 2918">
    <p class='ocr_par' dir='ltr' id='par_1_30' title="bbox 784 2844 2361 2918">
     <span class='ocr_line' id='line_1_30' title="bbox 784 2844 2361 2918; baseline 0.005 -22"><span class='ocrx_word' id='word_1_200' title='bbox 784 2844 922 2897; x_wconf 82' lang='lat' dir='ltr'><strong>dens</strong></span> <span class='ocrx_word' id='word_1_201' title='bbox 946 2860 1072 2914; x_wconf 86' lang='lat' dir='ltr'><strong>erga</strong></span> <span class='ocrx_word' id='word_1_202' title='bbox 1107 2845 1273 2897; x_wconf 81' lang='lat' dir='ltr'><strong>Deum</strong></span> <span class='ocrx_word' id='word_1_203' title='bbox 1302 2845 1544 2898; x_wconf 84' lang='lat' dir='ltr'><strong>studium</strong></span> <span class='ocrx_word' id='word_1_204' title='bbox 1575 2863 1850 2914; x_wconf 78' lang='lat' dir='ltr'><strong>quantque</strong></span> <span class='ocrx_word' id='word_1_205' title='bbox 1895 2865 2196 2918; x_wconf 79' lang='lat' dir='ltr'><strong>pugnacem</strong></span> <span class='ocrx_word' id='word_1_206' title='bbox 2224 2867 2361 2905; x_wconf 87' lang='lat' dir='ltr'><strong>con-</strong></span> 
     </span>
    </p>
   </div>
   <div class='ocr_carea' id='block_1_31' title="bbox 787 2937 2359 3012">
    <p class='ocr_par' dir='ltr' id='par_1_31' title="bbox 787 2937 2359 3012">
     <span class='ocr_line' id='line_1_31' title="bbox 787 2937 2359 3012; baseline 0.006 -22"><span class='ocrx_word' id='word_1_207' title='bbox 787 2939 1084 2991; x_wconf 87' lang='lat' dir='ltr'><strong>tentionem</strong></span> <span class='ocrx_word' id='word_1_208' title='bbox 1115 2954 1215 3007; x_wconf 92' lang='lat' dir='ltr'><strong>pro</strong></span> <span class='ocrx_word' id='word_1_209' title='bbox 1241 2937 1465 2992; x_wconf 81' lang='lat' dir='ltr'><strong>Patrum</strong></span> <span class='ocrx_word' id='word_1_210' title='bbox 1501 2940 1770 3010; x_wconf 81' lang='lat' dir='ltr'><strong>dogmatis</strong></span> <span class='ocrx_word' id='word_1_211' title='bbox 1813 2958 1986 3012; x_wconf 74' lang='lat' dir='ltr'><strong>usque</strong></span> <span class='ocrx_word' id='word_1_212' title='bbox 2016 2943 2083 2998; x_wconf 82' lang='lat' dir='ltr'><strong>ad</strong></span> <span class='ocrx_word' id='word_1_213' title='bbox 2127 2955 2359 2999; x_wconf 84' lang='lat' dir='ltr'><strong>mortem</strong></span> 
     </span>
    </p>
   </div>
   <div class='ocr_carea' id='block_1_32' title="bbox 780 3033 1330 3086">
    <p class='ocr_par' dir='ltr' id='par_1_32' title="bbox 780 3033 1330 3086">
     <span class='ocr_line' id='line_1_32' title="bbox 780 3033 1330 3086; baseline 0.002 -1"><span class='ocrx_word' id='word_1_214' title='bbox 780 3033 1134 3086; x_wconf 77' lang='lat' dir='ltr'><strong>cxhibiturus</strong></span> <span class='ocrx_word' id='word_1_215' title='bbox 1157 3047 1330 3086; x_wconf 80' lang='lat' dir='ltr'><strong>esses.</strong></span> 
     </span>
    </p>
   </div>
   <div class='ocr_carea' id='block_1_33' title="bbox 855 3123 2360 3198">
    <p class='ocr_par' dir='ltr' id='par_1_33' title="bbox 855 3123 2360 3198">
     <span class='ocr_line' id='line_1_33' title="bbox 855 3123 2360 3198; baseline 0.005 -22"><span class='ocrx_word' id='word_1_216' title='bbox 855 3123 948 3178; x_wconf 80' lang='lat' dir='ltr'><strong>XI.</strong></span> <span class='ocrx_word' id='word_1_217' title='bbox 974 3123 1075 3176; x_wconf 87' lang='lat' dir='ltr'><strong>Sed</strong></span> <span class='ocrx_word' id='word_1_218' title='bbox 1093 3123 1225 3192; x_wconf 89' lang='lat' dir='ltr'><strong>quid</strong></span> <span class='ocrx_word' id='word_1_219' title='bbox 1245 3124 1435 3177; x_wconf 85' lang='lat' dir='ltr'><strong>attinet</strong></span> <span class='ocrx_word' id='word_1_220' title='bbox 1454 3125 1637 3177; x_wconf 87' lang='lat' dir='ltr'><strong>omnia</strong></span> <span class='ocrx_word' id='word_1_221' title='bbox 1656 3125 1969 3195; x_wconf 80' lang='lat' dir='ltr'><strong>singulatim</strong></span> <span class='ocrx_word' id='word_1_222' title='bbox 1992 3129 2222 3190; x_wconf 82' lang='lat' dir='ltr'><strong>referre.</strong></span> <span class='ocrx_word' id='word_1_223' title='bbox 2238 3146 2360 3198; x_wconf 73' lang='lat' dir='ltr'><strong>quze</strong></span> 
     </span>
    </p>
   </div>
   <div class='ocr_carea' id='block_1_34' title="bbox 785 3216 2359 3286">
    <p class='ocr_par' dir='ltr' id='par_1_34' title="bbox 785 3216 2359 3286">
     <span class='ocr_line' id='line_1_34' title="bbox 785 3216 2359 3286; baseline 0.004 -18"><span class='ocrx_word' id='word_1_224' title='bbox 785 3216 838 3268; x_wconf 92' lang='lat' dir='ltr'><strong>in</strong></span> <span class='ocrx_word' id='word_1_225' title='bbox 876 3217 964 3268; x_wconf 87' lang='lat' dir='ltr'><strong>illa</strong></span> <span class='ocrx_word' id='word_1_226' title='bbox 1001 3216 1180 3268; x_wconf 84' lang='lat' dir='ltr'><strong>insula</strong></span> <span class='ocrx_word' id='word_1_227' title='bbox 1217 3232 1324 3270; x_wconf 90' lang='lat' dir='ltr'><strong>non</strong></span> <span class='ocrx_word' id='word_1_228' title='bbox 1362 3219 1547 3270; x_wconf 90' lang='lat' dir='ltr'><strong>minus</strong></span> <span class='ocrx_word' id='word_1_229' title='bbox 1576 3217 1796 3270; x_wconf 89' lang='lat' dir='ltr'><strong>duobus</strong></span> <span class='ocrx_word' id='word_1_230' title='bbox 1827 3219 1990 3271; x_wconf 89' lang='lat' dir='ltr'><strong>anuis</strong></span> <span class='ocrx_word' id='word_1_231' title='bbox 2025 3220 2359 3286; x_wconf 78' lang='lat' dir='ltr'><strong>viderimus,</strong></span> 
     </span>
    </p>
   </div>
   <div class='ocr_carea' id='block_1_35' title="bbox 783 3307 2362 3381">
    <p class='ocr_par' dir='ltr' id='par_1_35' title="bbox 783 3307 2362 3381">
     <span class='ocr_line' id='line_1_35' title="bbox 783 3307 2362 3381; baseline 0.003 -20"><span class='ocrx_word' id='word_1_232' title='bbox 783 3323 906 3375; x_wconf 72' lang='lat' dir='ltr'><strong>(pne</strong></span> <span class='ocrx_word' id='word_1_233' title='bbox 936 3307 1216 3360; x_wconf 65' lang='lat' dir='ltr'><strong>vommoda</strong></span> <span class='ocrx_word' id='word_1_234' title='bbox 1247 3319 1546 3376; x_wconf 87' lang='lat' dir='ltr'><strong>suppetttut</strong></span> <span class='ocrx_word' id='word_1_235' title='bbox 1570 3309 1818 3370; x_wconf 86' lang='lat' dir='ltr'><strong>urbibus.</strong></span> <span class='ocrx_word' id='word_1_236' title='bbox 1849 3312 2111 3378; x_wconf 85' lang='lat' dir='ltr'><strong>portubus</strong></span> <span class='ocrx_word' id='word_1_237' title='bbox 2130 3312 2362 3381; x_wconf 84' lang='lat' dir='ltr'><strong>aliisque</strong></span> 
     </span>
    </p>
   </div>
   <div class='ocr_carea' id='block_1_36' title="bbox 784 3399 2362 3473">
    <p class='ocr_par' dir='ltr' id='par_1_36' title="bbox 784 3399 2362 3473">
     <span class='ocr_line' id='line_1_36' title="bbox 784 3399 2362 3473; baseline 0.002 -20"><span class='ocrx_word' id='word_1_238' title='bbox 784 3399 942 3460; x_wconf 66' lang='lat' dir='ltr'><strong>locis,</strong></span> <span class='ocrx_word' id='word_1_239' title='bbox 971 3414 1092 3473; x_wconf 67' lang='lat' dir='ltr'><strong>cum</strong></span> <span class='ocrx_word' id='word_1_240' title='bbox 1119 3399 1261 3451; x_wconf 87' lang='lat' dir='ltr'><strong>haud</strong></span> <span class='ocrx_word' id='word_1_241' title='bbox 1293 3414 1460 3466; x_wconf 88' lang='lat' dir='ltr'><strong>pauca</strong></span> <span class='ocrx_word' id='word_1_242' title='bbox 1488 3399 1555 3452; x_wconf 83' lang='lat' dir='ltr'><strong>ad</strong></span> <span class='ocrx_word' id='word_1_243' title='bbox 1587 3401 1966 3453; x_wconf 85' lang='lat' dir='ltr'><strong>enarrandum</strong></span> <span class='ocrx_word' id='word_1_244' title='bbox 2003 3411 2211 3456; x_wconf 83' lang='lat' dir='ltr'><strong>restent</strong></span> <span class='ocrx_word' id='word_1_245' title='bbox 2235 3419 2362 3456; x_wconf 86' lang='lat' dir='ltr'><strong>nos-</strong></span> 
     </span>
    </p>
   </div>
   <div class='ocr_carea' id='block_1_37' title="bbox 784 3491 2355 3560">
    <p class='ocr_par' dir='ltr' id='par_1_37' title="bbox 784 3491 2355 3560">
     <span class='ocr_line' id='line_1_37' title="bbox 784 3491 2355 3560; baseline 0.004 -19"><span class='ocrx_word' id='word_1_246' title='bbox 784 3508 891 3560; x_wconf 86' lang='lat' dir='ltr'><strong>que</strong></span> <span class='ocrx_word' id='word_1_247' title='bbox 917 3492 1274 3560; x_wconf 77' lang='lat' dir='ltr'><strong>protrahant?</strong></span> <span class='ocrx_word' id='word_1_248' title='bbox 1336 3491 1514 3555; x_wconf 84' lang='lat' dir='ltr'><strong>Quare</strong></span> <span class='ocrx_word' id='word_1_249' title='bbox 1566 3491 1718 3544; x_wconf 91' lang='lat' dir='ltr'><strong>hisce</strong></span> <span class='ocrx_word' id='word_1_250' title='bbox 1752 3492 1920 3544; x_wconf 86' lang='lat' dir='ltr'><strong>rebus</strong></span> <span class='ocrx_word' id='word_1_251' title='bbox 1952 3493 2133 3546; x_wconf 88' lang='lat' dir='ltr'><strong>missis</strong></span> <span class='ocrx_word' id='word_1_252' title='bbox 2168 3494 2355 3560; x_wconf 75' lang='lat' dir='ltr'><strong>profe~</strong></span> 
     </span>
    </p>
   </div>
   <div class='ocr_carea' id='block_1_38' title="bbox 786 3581 2363 3651">
    <p class='ocr_par' dir='ltr' id='par_1_38' title="bbox 786 3581 2363 3651">
     <span class='ocr_line' id='line_1_38' title="bbox 786 3581 2363 3651; baseline 0.002 -16"><span class='ocrx_word' id='word_1_253' title='bbox 786 3584 986 3636; x_wconf 82' lang='lat' dir='ltr'><strong>ctionis</strong></span> <span class='ocrx_word' id='word_1_254' title='bbox 1014 3585 1345 3636; x_wconf 89' lang='lat' dir='ltr'><strong>mentionem</strong></span> <span class='ocrx_word' id='word_1_255' title='bbox 1381 3581 1601 3636; x_wconf 86' lang='lat' dir='ltr'><strong>faciam.</strong></span> <span class='ocrx_word' id='word_1_256' title='bbox 1655 3581 1850 3635; x_wconf 88' lang='lat' dir='ltr'><strong>Statim</strong></span> <span class='ocrx_word' id='word_1_257' title='bbox 1902 3581 2069 3650; x_wconf 64' lang='lat' dir='ltr'><strong>igitur</strong></span> <span class='ocrx_word' id='word_1_258' title='bbox 2104 3593 2225 3651; x_wconf 85' lang='lat' dir='ltr'><strong>post</strong></span> <span class='ocrx_word' id='word_1_259' title='bbox 2253 3585 2363 3638; x_wconf 87' lang='lat' dir='ltr'><strong>sol-</strong></span> 
     </span>
    </p>
   </div>
   <div class='ocr_carea' id='block_1_39' title="bbox 788 3672 2360 3741">
    <p class='ocr_par' dir='ltr' id='par_1_39' title="bbox 788 3672 2360 3741">
     <span class='ocr_line' id='line_1_39' title="bbox 788 3672 2360 3741; baseline 0 -14"><span class='ocrx_word' id='word_1_260' title='bbox 788 3677 996 3727; x_wconf 84' lang='lat' dir='ltr'><strong>stitinm</strong></span> <span class='ocrx_word' id='word_1_261' title='bbox 1031 3674 1277 3726; x_wconf 68' lang='lat' dir='ltr'><strong>mstivum</strong></span> <span class='ocrx_word' id='word_1_262' title='bbox 1317 3687 1441 3726; x_wconf 91' lang='lat' dir='ltr'><strong>cum</strong></span> <span class='ocrx_word' id='word_1_263' title='bbox 1487 3672 1884 3740; x_wconf 79' lang='lat' dir='ltr'><strong>profectionem</strong></span> <span class='ocrx_word' id='word_1_264' title='bbox 1917 3675 2360 3741; x_wconf 83' lang='lat' dir='ltr'><strong>pararem,opti-</strong></span> 
     </span>
    </p>
   </div>
   <div class='ocr_carea' id='block_1_40' title="bbox 790 3763 2360 3834">
    <p class='ocr_par' dir='ltr' id='par_1_40' title="bbox 790 3763 2360 3834">
     <span class='ocr_line' id='line_1_40' title="bbox 790 3763 2360 3834; baseline 0.001 -16"><span class='ocrx_word' id='word_1_265' title='bbox 790 3783 911 3819; x_wconf 80' lang='lat' dir='ltr'><strong>ltllls</strong></span> <span class='ocrx_word' id='word_1_266' title='bbox 947 3765 1211 3834; x_wconf 79' lang='lat' dir='ltr'><strong>Georgius</strong></span> <span class='ocrx_word' id='word_1_267' title='bbox 1237 3765 1548 3833; x_wconf 82' lang='lat' dir='ltr'><strong>lacrymans</strong></span> <span class='ocrx_word' id='word_1_268' title='bbox 1604 3771 1660 3816; x_wconf 90' lang='lat' dir='ltr'><strong>et</strong></span> <span class='ocrx_word' id='word_1_269' title='bbox 1692 3763 1873 3816; x_wconf 87' lang='lat' dir='ltr'><strong>medio</strong></span> <span class='ocrx_word' id='word_1_270' title='bbox 1925 3765 2134 3821; x_wconf 88' lang='lat' dir='ltr'><strong>animo.</strong></span> <span class='ocrx_word' id='word_1_271' title='bbox 2192 3775 2250 3818; x_wconf 89' lang='lat' dir='ltr'><strong>ut</strong></span> <span class='ocrx_word' id='word_1_272' title='bbox 2284 3766 2360 3820; x_wconf 90' lang='lat' dir='ltr'><strong>ita</strong></span> 
     </span>
    </p>
   </div>
   <div class='ocr_carea' id='block_1_41' title="bbox 789 3855 2360 3924">
    <p class='ocr_par' dir='ltr' id='par_1_41' title="bbox 789 3855 2360 3924">
     <span class='ocr_line' id='line_1_41' title="bbox 789 3855 2360 3924; baseline 0.001 -17"><span class='ocrx_word' id='word_1_273' title='bbox 789 3858 992 3918; x_wconf 84' lang='lat' dir='ltr'><strong>dicant,</strong></span> <span class='ocrx_word' id='word_1_274' title='bbox 1012 3858 1082 3909; x_wconf 87' lang='lat' dir='ltr'><strong>ob</strong></span> <span class='ocrx_word' id='word_1_275' title='bbox 1104 3871 1288 3909; x_wconf 91' lang='lat' dir='ltr'><strong>meum</strong></span> <span class='ocrx_word' id='word_1_276' title='bbox 1318 3856 1620 3909; x_wconf 87' lang='lat' dir='ltr'><strong>discessum</strong></span> <span class='ocrx_word' id='word_1_277' title='bbox 1645 3855 1825 3918; x_wconf 86' lang='lat' dir='ltr'><strong>fissus,</strong></span> <span class='ocrx_word' id='word_1_278' title='bbox 1854 3872 2032 3923; x_wconf 73' lang='lat' dir='ltr'><strong>usque</strong></span> <span class='ocrx_word' id='word_1_279' title='bbox 2055 3856 2120 3909; x_wconf 88' lang='lat' dir='ltr'><strong>ad</strong></span> <span class='ocrx_word' id='word_1_280' title='bbox 2143 3868 2360 3924; x_wconf 82' lang='lat' dir='ltr'><strong>portum</strong></span> 
     </span>
    </p>
   </div>
   <div class='ocr_carea' id='block_1_42' title="bbox 791 3948 2363 4017">
    <p class='ocr_par' dir='ltr' id='par_1_42' title="bbox 791 3948 2363 4017">
     <span class='ocr_line' id='line_1_42' title="bbox 791 3948 2363 4017; baseline 0 -14"><span class='ocrx_word' id='word_1_281' title='bbox 791 3965 879 4003; x_wconf 88' lang='lat' dir='ltr'><strong>me</strong></span> <span class='ocrx_word' id='word_1_282' title='bbox 921 3949 1372 4017; x_wconf 83' lang='lat' dir='ltr'><strong>prosequebatur,</strong></span> <span class='ocrx_word' id='word_1_283' title='bbox 1408 3948 1528 4009; x_wconf 83' lang='lat' dir='ltr'><strong>ubi,</strong></span> <span class='ocrx_word' id='word_1_284' title='bbox 1588 3963 1716 4002; x_wconf 89' lang='lat' dir='ltr'><strong>cum</strong></span> <span class='ocrx_word' id='word_1_285' title='bbox 1779 3949 2059 4017; x_wconf 76' lang='lat' dir='ltr'><strong>navigium</strong></span> <span class='ocrx_word' id='word_1_286' title='bbox 2112 3957 2363 4003; x_wconf 90' lang='lat' dir='ltr'><strong>nostrum</strong></span> 
     </span>
    </p>
   </div>
   <div class='ocr_carea' id='block_1_43' title="bbox 794 4038 2364 4107">
    <p class='ocr_par' dir='ltr' id='par_1_43' title="bbox 794 4038 2364 4107">
     <span class='ocr_line' id='line_1_43' title="bbox 794 4038 2364 4107; baseline -0.001 -13"><span class='ocrx_word' id='word_1_287' title='bbox 794 4043 930 4094; x_wconf 81' lang='lat' dir='ltr'><strong>velis</strong></span> <span class='ocrx_word' id='word_1_288' title='bbox 956 4040 1131 4106; x_wconf 80' lang='lat' dir='ltr'><strong>passis</strong></span> <span class='ocrx_word' id='word_1_289' title='bbox 1165 4038 1405 4093; x_wconf 82' lang='lat' dir='ltr'><strong>secunda</strong></span> <span class='ocrx_word' id='word_1_290' title='bbox 1434 4047 1762 4107; x_wconf 85' lang='lat' dir='ltr'><strong>tempestate</strong></span> <span class='ocrx_word' id='word_1_291' title='bbox 1799 4038 1856 4090; x_wconf 93' lang='lat' dir='ltr'><strong>in</strong></span> <span class='ocrx_word' id='word_1_292' title='bbox 1894 4038 2067 4092; x_wconf 84' lang='lat' dir='ltr'><strong>altum</strong></span> <span class='ocrx_word' id='word_1_293' title='bbox 2107 4039 2364 4106; x_wconf 80' lang='lat' dir='ltr'><strong>provola-</strong></span> 
     </span>
    </p>
   </div>
   <div class='ocr_carea' id='block_1_44' title="bbox 791 4130 2366 4201">
    <p class='ocr_par' dir='ltr' id='par_1_44' title="bbox 791 4130 2366 4201">
     <span class='ocr_line' id='line_1_44' title="bbox 791 4130 2366 4201; baseline -0.001 -17"><span class='ocrx_word' id='word_1_294' title='bbox 791 4141 900 4196; x_wconf 89' lang='lat' dir='ltr'><strong>ret,</strong></span> <span class='ocrx_word' id='word_1_295' title='bbox 920 4133 1011 4184; x_wconf 85' lang='lat' dir='ltr'><strong>diu</strong></span> <span class='ocrx_word' id='word_1_296' title='bbox 1031 4131 1210 4185; x_wconf 88' lang='lat' dir='ltr'><strong>stabat</strong></span> <span class='ocrx_word' id='word_1_297' title='bbox 1232 4130 1407 4183; x_wconf 91' lang='lat' dir='ltr'><strong>oculis</strong></span> <span class='ocrx_word' id='word_1_298' title='bbox 1433 4145 1516 4182; x_wconf 90' lang='lat' dir='ltr'><strong>me</strong></span> <span class='ocrx_word' id='word_1_299' title='bbox 1540 4131 1836 4198; x_wconf 83' lang='lat' dir='ltr'><strong>insequens</strong></span> <span class='ocrx_word' id='word_1_300' title='bbox 1859 4130 2165 4198; x_wconf 88' lang='lat' dir='ltr'><strong>multasque</strong></span> <span class='ocrx_word' id='word_1_301' title='bbox 2191 4131 2366 4201; x_wconf 87' lang='lat' dir='ltr'><strong>lacry-</strong></span> 
     </span>
    </p>
   </div>
   <div class='ocr_carea' id='block_1_45' title="bbox 791 4221 2365 4291">
    <p class='ocr_par' dir='ltr' id='par_1_45' title="bbox 791 4221 2365 4291">
     <span class='ocr_line' id='line_1_45' title="bbox 791 4221 2365 4291; baseline -0.003 -14"><span class='ocrx_word' id='word_1_302' title='bbox 791 4239 911 4277; x_wconf 82' lang='lat' dir='ltr'><strong>mas</strong></span> <span class='ocrx_word' id='word_1_303' title='bbox 943 4222 1299 4289; x_wconf 78' lang='lat' dir='ltr'><strong>profundens,</strong></span> <span class='ocrx_word' id='word_1_304' title='bbox 1331 4221 1441 4291; x_wconf 79' lang='lat'><strong>39</strong></span> <span class='ocrx_word' id='word_1_305' title='bbox 1466 4221 1641 4274; x_wconf 87' lang='lat' dir='ltr'><strong>donec</strong></span> <span class='ocrx_word' id='word_1_306' title='bbox 1671 4235 1702 4275; x_wconf 88' lang='lat' dir='ltr'><strong>e</strong></span> <span class='ocrx_word' id='word_1_307' title='bbox 1730 4231 2030 4289; x_wconf 86' lang='lat' dir='ltr'><strong>conspectu</strong></span> <span class='ocrx_word' id='word_1_308' title='bbox 2060 4230 2220 4275; x_wconf 67' lang='lat' dir='ltr'><strong>terrae</strong></span> <span class='ocrx_word' id='word_1_309' title='bbox 2243 4237 2365 4274; x_wconf 84' lang='lat' dir='ltr'><strong>seu-</strong></span> 
     </span>
    </p>
   </div>
   <div class='ocr_carea' id='block_1_46' title="bbox 792 4311 2364 4382">
    <p class='ocr_par' dir='ltr' id='par_1_46' title="bbox 792 4311 2364 4382">
     <span class='ocr_line' id='line_1_46' title="bbox 792 4311 2364 4382; baseline -0.002 -14"><span class='ocrx_word' id='word_1_310' title='bbox 792 4315 894 4369; x_wconf 91' lang='lat' dir='ltr'><strong>sim</strong></span> <span class='ocrx_word' id='word_1_311' title='bbox 923 4314 1296 4382; x_wconf 85' lang='lat' dir='ltr'><strong>paulatimque</strong></span> <span class='ocrx_word' id='word_1_312' title='bbox 1331 4313 1542 4380; x_wconf 87' lang='lat' dir='ltr'><strong>magnis</strong></span> <span class='ocrx_word' id='word_1_313' title='bbox 1574 4311 1876 4366; x_wconf 82' lang='lat' dir='ltr'><strong>intervallis</strong></span> <span class='ocrx_word' id='word_1_314' title='bbox 1907 4313 2064 4380; x_wconf 86' lang='lat' dir='ltr'><strong>quasi</strong></span> <span class='ocrx_word' id='word_1_315' title='bbox 2096 4313 2364 4366; x_wconf 84' lang='lat' dir='ltr'><strong>receden-</strong></span> 
     </span>
    </p>
   </div>
   <div class='ocr_carea' id='block_1_47' title="bbox 2454 483 4042 556">
    <p class='ocr_par' dir='ltr' id='par_1_47' title="bbox 2454 483 4042 556">
     <span class='ocr_line' id='line_1_47' title="bbox 2454 483 4042 556; baseline 0.007 -22"><span class='ocrx_word' id='word_1_316' title='bbox 2454 498 2670 535; x_wconf 83' lang='grc' dir='ltr'>πτωκεν</span> <span class='ocrx_word' id='word_1_317' title='bbox 2687 483 2854 546; x_wconf 76' lang='grc' dir='ltr'>ἀκοὰς</span> <span class='ocrx_word' id='word_1_318' title='bbox 2876 483 2950 546; x_wconf 81' lang='grc' dir='ltr'>ὡς</span> <span class='ocrx_word' id='word_1_319' title='bbox 2976 485 3128 537; x_wconf 82' lang='grc' dir='ltr'>λάθοι</span> <span class='ocrx_word' id='word_1_320' title='bbox 3143 487 3359 555; x_wconf 81' lang='grc' dir='ltr'><strong>νύκτωρ</strong></span> <span class='ocrx_word' id='word_1_321' title='bbox 3378 489 3748 556; x_wconf 86' lang='grc' dir='ltr'>παρεισελθὼν</span> <span class='ocrx_word' id='word_1_322' title='bbox 3762 493 3816 555; x_wconf 76' lang='grc' dir='ltr'><strong>ἐς</strong></span> <span class='ocrx_word' id='word_1_323' title='bbox 3834 492 4042 555; x_wconf 72' lang='grc' dir='ltr'>Βυζαν-</span> 
     </span>
    </p>
   </div>
   <div class='ocr_carea' id='block_1_48' title="bbox 2453 569 4042 652">
    <p class='ocr_par' dir='ltr' id='par_1_48' title="bbox 2453 569 4042 652">
     <span class='ocr_line' id='line_1_48' title="bbox 2453 569 4042 652; baseline 0.009 -31"><span class='ocrx_word' id='word_1_324' title='bbox 2453 588 2567 622; x_wconf 87' lang='grc' dir='ltr'>τιον</span> <span class='ocrx_word' id='word_1_325' title='bbox 2585 573 2614 624; x_wconf 83' lang='grc' dir='ltr'>ὁ</span> <span class='ocrx_word' id='word_1_326' title='bbox 2638 569 2888 638; x_wconf 74' lang='grc' dir='ltr'>βασιλεὺς</span> <span class='ocrx_word' id='word_1_327' title='bbox 2911 575 3384 645; x_wconf 81' lang='grc' dir='ltr'>Καντακουζηνδς,</span> <span class='ocrx_word' id='word_1_328' title='bbox 3403 583 3497 632; x_wconf 76' lang='grc' dir='ltr'>καὶ</span> <span class='ocrx_word' id='word_1_329' title='bbox 3520 579 3615 647; x_wconf 81' lang='grc' dir='ltr'>τὴν</span> <span class='ocrx_word' id='word_1_330' title='bbox 3637 582 4042 652; x_wconf 73' lang='grc' dir='ltr'><strong>αὐτοκράτορος</strong></span> 
     </span>
    </p>
   </div>
   <div class='ocr_carea' id='block_1_49' title="bbox 2455 661 4040 742">
    <p class='ocr_par' dir='ltr' id='par_1_49' title="bbox 2455 661 4040 742">
     <span class='ocr_line' id='line_1_49' title="bbox 2455 661 4040 742; baseline 0.01 -30"><span class='ocrx_word' id='word_1_331' title='bbox 2455 661 2566 714; x_wconf 72' lang='grc' dir='ltr'>ἐλοι</span> <span class='ocrx_word' id='word_1_332' title='bbox 2605 662 2884 732; x_wconf 88' lang='grc' dir='ltr'>βασιλείαν</span> <span class='ocrx_word' id='word_1_333' title='bbox 2918 668 3230 735; x_wconf 74' lang='grc' dir='ltr'><strong>συνεργίαις</strong></span> <span class='ocrx_word' id='word_1_334' title='bbox 3267 670 3361 721; x_wconf 82' lang='grc' dir='ltr'>καὶ</span> <span class='ocrx_word' id='word_1_335' title='bbox 3388 671 3634 738; x_wconf 81' lang='grc' dir='ltr'>δολεραίς</span> <span class='ocrx_word' id='word_1_336' title='bbox 3665 673 3758 726; x_wconf 76' lang='grc' dir='ltr'>τοῦ</span> <span class='ocrx_word' id='word_1_337' title='bbox 3797 675 4040 742; x_wconf 80' lang='grc' dir='ltr'>Παλαμᾶ</span> 
     </span>
    </p>
   </div>
   <div class='ocr_carea' id='block_1_50' title="bbox 2459 756 4041 835">
    <p class='ocr_par' dir='ltr' id='par_1_50' title="bbox 2459 756 4041 835">
     <span class='ocr_line' id='line_1_50' title="bbox 2459 756 4041 835; baseline 0.011 -33"><span class='ocrx_word' id='word_1_338' title='bbox 2459 756 2988 822; x_wconf 54' lang='grc' dir='ltr'>προκαταστπεσιν,</span> <span class='ocrx_word' id='word_1_339' title='bbox 3021 757 3218 826; x_wconf 81' lang='grc' dir='ltr'>ὅρκους</span> <span class='ocrx_word' id='word_1_340' title='bbox 3248 761 3542 827; x_wconf 76' lang='grc' dir='ltr'><strong>φρικώδεις</strong></span> <span class='ocrx_word' id='word_1_341' title='bbox 3573 765 3813 832; x_wconf 80' lang='grc' dir='ltr'>ἐχέγγυα</span> <span class='ocrx_word' id='word_1_342' title='bbox 3844 769 4041 835; x_wconf 73' lang='grc' dir='ltr'>πρότε-</span> 
     </span>
    </p>
   </div>
   <div class='ocr_carea' id='block_1_51' title="bbox 2459 845 4040 926">
    <p class='ocr_par' dir='ltr' id='par_1_51' title="bbox 2459 845 4040 926">
     <span class='ocr_line' id='line_1_51' title="bbox 2459 845 4040 926; baseline 0.011 -33"><span class='ocrx_word' id='word_1_343' title='bbox 2459 859 2551 911; x_wconf 89' lang='grc' dir='ltr'><strong>ρον</strong></span> <span class='ocrx_word' id='word_1_344' title='bbox 2590 845 2738 913; x_wconf 83' lang='grc' dir='ltr'>αὐτῷ</span> <span class='ocrx_word' id='word_1_345' title='bbox 2779 850 3214 917; x_wconf 75' lang='grc' dir='ltr'><strong>παρασχόμενος,</strong></span> <span class='ocrx_word' id='word_1_346' title='bbox 3261 851 3515 920; x_wconf 73' lang='grc' dir='ltr'>βεϐαιοῦν</span> <span class='ocrx_word' id='word_1_347' title='bbox 3556 856 3651 906; x_wconf 80' lang='grc' dir='ltr'>καὶ</span> <span class='ocrx_word' id='word_1_348' title='bbox 3695 859 3894 924; x_wconf 77' lang='grc' dir='ltr'>κυροῦν</span> <span class='ocrx_word' id='word_1_349' title='bbox 3938 858 4040 926; x_wconf 78' lang='grc' dir='ltr'>τὴν</span> 
     </span>
    </p>
   </div>
   <div class='ocr_carea' id='block_1_52' title="bbox 2457 931 4040 1012">
    <p class='ocr_par' dir='ltr' id='par_1_52' title="bbox 2457 931 4040 1012">
     <span class='ocr_line' id='line_1_52' title="bbox 2457 931 4040 1012; baseline 0.011 -28"><span class='ocrx_word' id='word_1_350' title='bbox 2457 933 2623 986; x_wconf 79' lang='grc' dir='ltr'>αὑτοῦ</span> <span class='ocrx_word' id='word_1_351' title='bbox 2659 936 2949 990; x_wconf 82' lang='grc' dir='ltr'>πολυθεῖαν</span> <span class='ocrx_word' id='word_1_352' title='bbox 2981 940 3074 991; x_wconf 74' lang='grc' dir='ltr'><strong>καὶ</strong></span> <span class='ocrx_word' id='word_1_353' title='bbox 3106 941 3206 993; x_wconf 86' lang='grc' dir='ltr'>ὅσα</span> <span class='ocrx_word' id='word_1_354' title='bbox 3238 931 3347 994; x_wconf 80' lang='grc' dir='ltr'><strong>τῶν</strong></span> <span class='ocrx_word' id='word_1_355' title='bbox 3381 943 3624 1012; x_wconf 73' lang='grc' dir='ltr'>βεϐήλων</span> <span class='ocrx_word' id='word_1_356' title='bbox 3655 947 3819 1000; x_wconf 80' lang='grc' dir='ltr'>αὑτοῦ</span> <span class='ocrx_word' id='word_1_357' title='bbox 3857 967 4040 1001; x_wconf 80' lang='grc' dir='ltr'>καινο-</span> 
     </span>
    </p>
   </div>
   <div class='ocr_carea' id='block_1_53' title="bbox 2457 1027 4037 1111">
    <p class='ocr_par' dir='ltr' id='par_1_53' title="bbox 2457 1027 4037 1111">
     <span class='ocr_line' id='line_1_53' title="bbox 2457 1027 4037 1111; baseline 0.011 -35"><span class='ocrx_word' id='word_1_358' title='bbox 2457 1027 2675 1092; x_wconf 88' lang='grc' dir='ltr'>φωνιῶν</span> <span class='ocrx_word' id='word_1_359' title='bbox 2720 1029 2982 1101; x_wconf 74' lang='grc' dir='ltr'>εἰσερρύη</span> <span class='ocrx_word' id='word_1_360' title='bbox 3032 1035 3172 1085; x_wconf 73' lang='grc' dir='ltr'>κατὰ</span> <span class='ocrx_word' id='word_1_361' title='bbox 3217 1034 3317 1102; x_wconf 82' lang='grc' dir='ltr'>τῆς</span> <span class='ocrx_word' id='word_1_362' title='bbox 3372 1036 3465 1088; x_wconf 79' lang='grc' dir='ltr'>τοῦ</span> <span class='ocrx_word' id='word_1_363' title='bbox 3514 1035 3648 1111; x_wconf 74' lang='grc' dir='ltr'>Θεοῦ</span> <span class='ocrx_word' id='word_1_364' title='bbox 3688 1039 4037 1110; x_wconf 82' lang='grc' dir='ltr'>Ἐκκλησίας,</span> 
     </span>
    </p>
   </div>
   <div class='ocr_carea' id='block_1_54' title="bbox 2455 1117 4038 1203">
    <p class='ocr_par' dir='ltr' id='par_1_54' title="bbox 2455 1117 4038 1203">
     <span class='ocr_line' id='line_1_54' title="bbox 2455 1117 4038 1203; baseline 0.013 -36"><span class='ocrx_word' id='word_1_365' title='bbox 2455 1117 2652 1170; x_wconf 78' lang='grc' dir='ltr'>ταυτὸν</span> <span class='ocrx_word' id='word_1_366' title='bbox 2682 1117 2727 1170; x_wconf 85' lang='grc' dir='ltr'>δ’</span> <span class='ocrx_word' id='word_1_367' title='bbox 2749 1122 2924 1174; x_wconf 84' lang='grc' dir='ltr'>είπεῐν</span> <span class='ocrx_word' id='word_1_368' title='bbox 2943 1162 2959 1184; x_wconf 90' lang='grc'><strong>,</strong></span> <span class='ocrx_word' id='word_1_369' title='bbox 2993 1125 3074 1185; x_wconf 79' lang='grc' dir='ltr'><strong>είς</strong></span> <span class='ocrx_word' id='word_1_370' title='bbox 3107 1125 3242 1178; x_wconf 79' lang='grc' dir='ltr'>Θεὸν</span> <span class='ocrx_word' id='word_1_371' title='bbox 3272 1127 3581 1196; x_wconf 80' lang='grc' dir='ltr'>ὀμωμοκὼς</span> <span class='ocrx_word' id='word_1_372' title='bbox 3614 1129 3674 1182; x_wconf 83' lang='grc' dir='ltr'><strong>δν</strong></span> <span class='ocrx_word' id='word_1_373' title='bbox 3708 1131 4038 1203; x_wconf 72' lang='grc' dir='ltr'><strong>ἐξόμνυσθαι</strong></span> 
     </span>
    </p>
   </div>
   <div class='ocr_carea' id='block_1_55' title="bbox 2456 1208 4038 1294">
    <p class='ocr_par' dir='ltr' id='par_1_55' title="bbox 2456 1208 4038 1294">
     <span class='ocr_line' id='line_1_55' title="bbox 2456 1208 4038 1294; baseline 0.012 -36"><span class='ocrx_word' id='word_1_374' title='bbox 2456 1208 2843 1276; x_wconf 80' lang='grc' dir='ltr'>ἐπηγγέλλετο.</span> <span class='ocrx_word' id='word_1_375' title='bbox 2872 1214 3045 1266; x_wconf 81' lang='grc' dir='ltr'>Τοῦτο</span> <span class='ocrx_word' id='word_1_376' title='bbox 3076 1218 3320 1288; x_wconf 79' lang='grc' dir='ltr'><strong>σφοδρῶς</strong></span> <span class='ocrx_word' id='word_1_377' title='bbox 3343 1220 3435 1270; x_wconf 85' lang='grc' dir='ltr'><strong>τδν</strong></span> <span class='ocrx_word' id='word_1_378' title='bbox 3462 1221 3625 1289; x_wconf 81' lang='grc' dir='ltr'>σοφὸν</span> <span class='ocrx_word' id='word_1_379' title='bbox 3651 1225 3855 1277; x_wconf 78' lang='grc' dir='ltr'>ἐκεῖνον</span> <span class='ocrx_word' id='word_1_380' title='bbox 3882 1226 4038 1294; x_wconf 70' lang='grc' dir='ltr'>ἠνία-</span> 
     </span>
    </p>
   </div>
   <div class='ocr_carea' id='block_1_56' title="bbox 2459 1300 4036 1385">
    <p class='ocr_par' dir='ltr' id='par_1_56' title="bbox 2459 1300 4036 1385">
     <span class='ocr_line' id='line_1_56' title="bbox 2459 1300 4036 1385; baseline 0.012 -35"><span class='ocrx_word' id='word_1_381' title='bbox 2459 1316 2552 1351; x_wconf 90' lang='grc' dir='ltr'><strong>σεν</strong></span> <span class='ocrx_word' id='word_1_382' title='bbox 2582 1300 2752 1368; x_wconf 78' lang='grc' dir='ltr'>ἄνδρα</span> <span class='ocrx_word' id='word_1_383' title='bbox 2772 1340 2790 1365; x_wconf 90' lang='grc'><strong>,</strong></span> <span class='ocrx_word' id='word_1_384' title='bbox 2826 1303 3100 1373; x_wconf 79' lang='grc' dir='ltr'>Γεὼργιον</span> <span class='ocrx_word' id='word_1_385' title='bbox 3125 1309 3218 1361; x_wconf 81' lang='grc' dir='ltr'><strong>τὸν</strong></span> <span class='ocrx_word' id='word_1_386' title='bbox 3249 1311 3498 1378; x_wconf 77' lang='grc' dir='ltr'><strong>Λαπίθην</strong></span> <span class='ocrx_word' id='word_1_387' title='bbox 3519 1351 3534 1374; x_wconf 93' lang='grc'><strong>,</strong></span> <span class='ocrx_word' id='word_1_388' title='bbox 3567 1315 3664 1381; x_wconf 79' lang='grc' dir='ltr'>οὐχ</span> <span class='ocrx_word' id='word_1_389' title='bbox 3696 1315 3777 1366; x_wconf 75' lang='grc' dir='ltr'>ὅτι</span> <span class='ocrx_word' id='word_1_390' title='bbox 3803 1316 3902 1384; x_wconf 83' lang='grc' dir='ltr'>τὴν</span> <span class='ocrx_word' id='word_1_391' title='bbox 3932 1317 4036 1385; x_wconf 85' lang='grc' dir='ltr'>βα-</span> 
     </span>
    </p>
   </div>
   <div class='ocr_carea' id='block_1_57' title="bbox 2459 1389 4036 1476">
    <p class='ocr_par' dir='ltr' id='par_1_57' title="bbox 2459 1389 4036 1476">
     <span class='ocr_line' id='line_1_57' title="bbox 2459 1389 4036 1476; baseline 0.012 -35"><span class='ocrx_word' id='word_1_392' title='bbox 2459 1389 2667 1442; x_wconf 87' lang='grc' dir='ltr'>σιλείαν</span> <span class='ocrx_word' id='word_1_393' title='bbox 2689 1391 2800 1446; x_wconf 67' lang='grc' dir='ltr'>ἕλοι</span> <span class='ocrx_word' id='word_1_394' title='bbox 2825 1391 3299 1469; x_wconf 73' lang='grc' dir='ltr'>Καντακουζηνδς,</span> <span class='ocrx_word' id='word_1_395' title='bbox 3326 1401 3442 1452; x_wconf 82' lang='grc' dir='ltr'>ἀλλ’</span> <span class='ocrx_word' id='word_1_396' title='bbox 3463 1403 3544 1454; x_wconf 78' lang='grc' dir='ltr'>ὅτι</span> <span class='ocrx_word' id='word_1_397' title='bbox 3569 1405 3827 1465; x_wconf 73' lang='grc' dir='ltr'><strong>τοιούτοις</strong></span> <span class='ocrx_word' id='word_1_398' title='bbox 3850 1409 4036 1476; x_wconf 75' lang='grc' dir='ltr'>ὅρκοις</span> 
     </span>
    </p>
   </div>
   <div class='ocr_carea' id='block_1_58' title="bbox 2460 1483 4039 1563">
    <p class='ocr_par' dir='ltr' id='par_1_58' title="bbox 2460 1483 4039 1563">
     <span class='ocr_line' id='line_1_58' title="bbox 2460 1483 4039 1563; baseline 0.013 -33"><span class='ocrx_word' id='word_1_399' title='bbox 2460 1483 2938 1551; x_wconf 88' lang='grc' dir='ltr'>προκατείληπτο,</span> <span class='ocrx_word' id='word_1_400' title='bbox 2972 1488 3191 1557; x_wconf 77' lang='grc' dir='ltr'><strong>δέσμιος</strong></span> <span class='ocrx_word' id='word_1_401' title='bbox 3224 1495 3344 1555; x_wconf 83' lang='grc' dir='ltr'>ταῖς</span> <span class='ocrx_word' id='word_1_402' title='bbox 3379 1494 3475 1545; x_wconf 81' lang='grc' dir='ltr'>τοῦ</span> <span class='ocrx_word' id='word_1_403' title='bbox 3520 1495 3754 1563; x_wconf 72' lang='grc' dir='ltr'>Παλαμᾶ</span> <span class='ocrx_word' id='word_1_404' title='bbox 3796 1495 4039 1562; x_wconf 59' lang='grc' dir='ltr'>γεγονὼς</span> 
     </span>
    </p>
   </div>
   <div class='ocr_carea' id='block_1_59' title="bbox 2457 1567 4037 1646">
    <p class='ocr_par' dir='ltr' id='par_1_59' title="bbox 2457 1567 4037 1646">
     <span class='ocr_line' id='line_1_59' title="bbox 2457 1567 4037 1646; baseline 0.011 -27"><span class='ocrx_word' id='word_1_405' title='bbox 2457 1567 2822 1632; x_wconf 72' lang='grc' dir='ltr'>δυσσεϐείαις.</span> <span class='ocrx_word' id='word_1_406' title='bbox 2851 1573 3016 1626; x_wconf 86' lang='grc' dir='ltr'>Ὅθεν</span> <span class='ocrx_word' id='word_1_407' title='bbox 3040 1577 3138 1637; x_wconf 81' lang='grc' dir='ltr'>τὰς</span> <span class='ocrx_word' id='word_1_408' title='bbox 3168 1579 3420 1644; x_wconf 78' lang='grc' dir='ltr'><strong>γενναίας</strong></span> <span class='ocrx_word' id='word_1_409' title='bbox 3451 1581 3666 1644; x_wconf 82' lang='grc' dir='ltr'>ὲκείνας</span> <span class='ocrx_word' id='word_1_410' title='bbox 3693 1582 3915 1646; x_wconf 77' lang='grc' dir='ltr'>ἐλπίδας</span> <span class='ocrx_word' id='word_1_411' title='bbox 3944 1586 4037 1636; x_wconf 75' lang='grc' dir='ltr'><strong>οὖ-</strong></span> 
     </span>
    </p>
   </div>
   <div class='ocr_carea' id='block_1_60' title="bbox 2460 1657 4036 1736">
    <p class='ocr_par' dir='ltr' id='par_1_60' title="bbox 2460 1657 4036 1736">
     <span class='ocr_line' id='line_1_60' title="bbox 2460 1657 4036 1736; baseline 0.012 -29"><span class='ocrx_word' id='word_1_412' title='bbox 2460 1657 2596 1709; x_wconf 76' lang='grc' dir='ltr'>τωσὶ</span> <span class='ocrx_word' id='word_1_413' title='bbox 2627 1657 2994 1728; x_wconf 79' lang='grc' dir='ltr'><strong>ζημιούμενος</strong></span> <span class='ocrx_word' id='word_1_414' title='bbox 3023 1663 3079 1716; x_wconf 82' lang='grc' dir='ltr'><strong>αἶ</strong></span> <span class='ocrx_word' id='word_1_415' title='bbox 3109 1665 3169 1717; x_wconf 76' lang='grc' dir='ltr'>τὸ</span> <span class='ocrx_word' id='word_1_416' title='bbox 3198 1667 3458 1736; x_wconf 73' lang='grc' dir='ltr'>ἡδόμενον</span> <span class='ocrx_word' id='word_1_417' title='bbox 3487 1669 3712 1722; x_wconf 74' lang='grc' dir='ltr'>ἔϐοσκον</span> <span class='ocrx_word' id='word_1_418' title='bbox 3741 1673 3804 1725; x_wconf 86' lang='grc' dir='ltr'><strong>ἐκ</strong></span> <span class='ocrx_word' id='word_1_419' title='bbox 3837 1673 4036 1726; x_wconf 76' lang='grc' dir='ltr'>πολλοῦ</span> 
     </span>
    </p>
   </div>
   <div class='ocr_carea' id='block_1_61' title="bbox 2457 1747 4037 1832">
    <p class='ocr_par' dir='ltr' id='par_1_61' title="bbox 2457 1747 4037 1832">
     <span class='ocr_line' id='line_1_61' title="bbox 2457 1747 4037 1832; baseline 0.01 -33"><span class='ocrx_word' id='word_1_420' title='bbox 2457 1749 2554 1816; x_wconf 85' lang='grc' dir='ltr'><strong>τῆς</strong></span> <span class='ocrx_word' id='word_1_421' title='bbox 2585 1747 2763 1819; x_wconf 77' lang='grc' dir='ltr'>ψυχῆς</span> <span class='ocrx_word' id='word_1_422' title='bbox 2784 1791 2799 1815; x_wconf 95' lang='grc'><strong>,</strong></span> <span class='ocrx_word' id='word_1_423' title='bbox 2834 1753 3103 1821; x_wconf 75' lang='grc' dir='ltr'>ήσχαλλεν</span> <span class='ocrx_word' id='word_1_424' title='bbox 3124 1797 3139 1819; x_wconf 89' lang='grc'><strong>,</strong></span> <span class='ocrx_word' id='word_1_425' title='bbox 3175 1758 3464 1828; x_wconf 70' lang='grc' dir='ltr'>ἐδυσφόρει</span> <span class='ocrx_word' id='word_1_426' title='bbox 3486 1800 3498 1815; x_wconf 89' lang='grc'><strong>.</strong></span> <span class='ocrx_word' id='word_1_427' title='bbox 3533 1760 3762 1830; x_wconf 75' lang='grc' dir='ltr'>θόρυϐον</span> <span class='ocrx_word' id='word_1_428' title='bbox 3793 1759 3907 1832; x_wconf 70' lang='grc' dir='ltr'>εἶχε</span> <span class='ocrx_word' id='word_1_429' title='bbox 3941 1767 4037 1818; x_wconf 69' lang='grc' dir='ltr'>καὶ</span> 
     </span>
    </p>
   </div>
   <div class='ocr_carea' id='block_1_62' title="bbox 2460 1839 4039 1922">
    <p class='ocr_par' dir='ltr' id='par_1_62' title="bbox 2460 1839 4039 1922">
     <span class='ocr_line' id='line_1_62' title="bbox 2460 1839 4039 1922; baseline 0.012 -32"><span class='ocrx_word' id='word_1_430' title='bbox 2460 1839 2617 1892; x_wconf 73' lang='grc' dir='ltr'>σάλον</span> <span class='ocrx_word' id='word_1_431' title='bbox 2645 1843 2987 1896; x_wconf 76' lang='grc' dir='ltr'>παντοδαπὸν</span> <span class='ocrx_word' id='word_1_432' title='bbox 3016 1847 3074 1899; x_wconf 81' lang='grc' dir='ltr'><strong>ἐν</strong></span> <span class='ocrx_word' id='word_1_433' title='bbox 3103 1846 3270 1918; x_wconf 80' lang='grc' dir='ltr'>ψυχῇ.</span> <span class='ocrx_word' id='word_1_434' title='bbox 3299 1850 3530 1914; x_wconf 77' lang='grc' dir='ltr'>Ἶιλπιζε</span> <span class='ocrx_word' id='word_1_435' title='bbox 3563 1854 3670 1922; x_wconf 82' lang='grc' dir='ltr'><strong>γὰρ</strong></span> <span class='ocrx_word' id='word_1_436' title='bbox 3704 1856 4039 1908; x_wconf 56' lang='lat' dir='ltr'><strong>cavatas-3-</strong></span> 
     </span>
    </p>
   </div>
   <div class='ocr_carea' id='block_1_63' title="bbox 2460 1933 4038 2009">
    <p class='ocr_par' dir='ltr' id='par_1_63' title="bbox 2460 1933 4038 2009">
     <span class='ocr_line' id='line_1_63' title="bbox 2460 1933 4038 2009; baseline 0.01 -27"><span class='ocrx_word' id='word_1_437' title='bbox 2460 1947 2573 1983; x_wconf 87' lang='grc' dir='ltr'>σειν</span> <span class='ocrx_word' id='word_1_438' title='bbox 2605 1933 2817 1986; x_wconf 81' lang='grc' dir='ltr'>ἐκεῖθεν</span> <span class='ocrx_word' id='word_1_439' title='bbox 2849 1936 3124 1989; x_wconf 70' lang='grc' dir='ltr'>ἐπανιόντι</span> <span class='ocrx_word' id='word_1_440' title='bbox 3169 1955 3259 2006; x_wconf 89' lang='grc' dir='ltr'><strong>μοι</strong></span> <span class='ocrx_word' id='word_1_441' title='bbox 3307 1941 3469 2009; x_wconf 74' lang='grc' dir='ltr'>μέχρι</span> <span class='ocrx_word' id='word_1_442' title='bbox 3507 1943 3600 1995; x_wconf 74' lang='grc' dir='ltr'>καὶ</span> <span class='ocrx_word' id='word_1_443' title='bbox 3643 1945 3700 2005; x_wconf 85' lang='grc' dir='ltr'><strong>ἐς</strong></span> <span class='ocrx_word' id='word_1_444' title='bbox 3741 1944 4038 2007; x_wconf 71' lang='grc' dir='ltr'>Βυζάντιον</span> 
     </span>
    </p>
   </div>
   <div class='ocr_carea' id='block_1_64' title="bbox 2459 2018 4037 2102">
    <p class='ocr_par' dir='ltr' id='par_1_64' title="bbox 2459 2018 4037 2102">
     <span class='ocr_line' id='line_1_64' title="bbox 2459 2018 4037 2102; baseline 0.008 -34"><span class='ocrx_word' id='word_1_445' title='bbox 2459 2018 2558 2086; x_wconf 80' lang='grc' dir='ltr'>τῆς</span> <span class='ocrx_word' id='word_1_446' title='bbox 2592 2021 2692 2088; x_wconf 83' lang='grc' dir='ltr'>σῆς</span> <span class='ocrx_word' id='word_1_447' title='bbox 2722 2021 2885 2076; x_wconf 72' lang='grc' dir='ltr'>ἕνεκα</span> <span class='ocrx_word' id='word_1_448' title='bbox 2920 2022 3048 2085; x_wconf 80' lang='grc' dir='ltr'>θέας</span> <span class='ocrx_word' id='word_1_449' title='bbox 3084 2026 3177 2076; x_wconf 78' lang='grc' dir='ltr'><strong>καὶ</strong></span> <span class='ocrx_word' id='word_1_450' title='bbox 3212 2027 3462 2096; x_wconf 75' lang='grc' dir='ltr'><strong>ὁμιλίας,</strong></span> <span class='ocrx_word' id='word_1_451' title='bbox 3495 2030 3568 2093; x_wconf 79' lang='grc' dir='ltr'>ὡς</span> <span class='ocrx_word' id='word_1_452' title='bbox 3603 2031 3847 2099; x_wconf 77' lang='grc' dir='ltr'>έφθημεν</span> <span class='ocrx_word' id='word_1_453' title='bbox 3883 2035 4037 2102; x_wconf 68' lang='grc' dir='ltr'>εῐρη-</span> 
     </span>
    </p>
   </div>
   <div class='ocr_carea' id='block_1_65' title="bbox 2459 2107 4039 2189">
    <p class='ocr_par' dir='ltr' id='par_1_65' title="bbox 2459 2107 4039 2189">
     <span class='ocr_line' id='line_1_65' title="bbox 2459 2107 4039 2189; baseline 0.004 -26"><span class='ocrx_word' id='word_1_454' title='bbox 2459 2107 2636 2169; x_wconf 82' lang='grc' dir='ltr'>κότες,</span> <span class='ocrx_word' id='word_1_455' title='bbox 2669 2110 2736 2163; x_wconf 80' lang='grc' dir='ltr'><strong>δι’</strong></span> <span class='ocrx_word' id='word_1_456' title='bbox 2761 2110 2939 2180; x_wconf 77' lang='grc' dir='ltr'>ἔρωτα</span> <span class='ocrx_word' id='word_1_457' title='bbox 2976 2114 3168 2181; x_wconf 76' lang='grc' dir='ltr'>σοφίας</span> <span class='ocrx_word' id='word_1_458' title='bbox 3202 2118 3470 2184; x_wconf 72' lang='grc' dir='ltr'>μείζονος,</span> <span class='ocrx_word' id='word_1_459' title='bbox 3502 2120 3631 2183; x_wconf 80' lang='grc' dir='ltr'>ίσως</span> <span class='ocrx_word' id='word_1_460' title='bbox 3661 2120 3717 2172; x_wconf 81' lang='grc' dir='ltr'>δὲ</span> <span class='ocrx_word' id='word_1_461' title='bbox 3748 2124 3840 2175; x_wconf 66' lang='grc' dir='ltr'>καὶ</span> <span class='ocrx_word' id='word_1_462' title='bbox 3871 2122 4039 2189; x_wconf 80' lang='grc' dir='ltr'>ἄλλης</span> 
     </span>
    </p>
   </div>
   <div class='ocr_carea' id='block_1_66' title="bbox 2460 2198 4040 2279">
    <p class='ocr_par' dir='ltr' id='par_1_66' title="bbox 2460 2198 4040 2279">
     <span class='ocr_line' id='line_1_66' title="bbox 2460 2198 4040 2279; baseline 0.009 -31"><span class='ocrx_word' id='word_1_463' title='bbox 2460 2198 2597 2265; x_wconf 77' lang='grc' dir='ltr'>πρὸς</span> <span class='ocrx_word' id='word_1_464' title='bbox 2630 2202 2839 2263; x_wconf 75' lang='grc' dir='ltr'>τούτοις</span> <span class='ocrx_word' id='word_1_465' title='bbox 2874 2204 3064 2272; x_wconf 80' lang='grc' dir='ltr'>χρείας</span> <span class='ocrx_word' id='word_1_466' title='bbox 3101 2205 3196 2258; x_wconf 77' lang='grc' dir='ltr'>καὶ</span> <span class='ocrx_word' id='word_1_467' title='bbox 3229 2207 3358 2269; x_wconf 83' lang='grc' dir='ltr'>θέας</span> <span class='ocrx_word' id='word_1_468' title='bbox 3390 2211 3692 2279; x_wconf 77' lang='grc' dir='ltr'>ὀπόσατὴν</span> <span class='ocrx_word' id='word_1_469' title='bbox 3725 2211 4040 2275; x_wconf 69' lang='grc' dir='ltr'>Βυζαντίων</span> 
     </span>
    </p>
   </div>
   <div class='ocr_carea' id='block_1_67' title="bbox 2461 2290 4036 2372">
    <p class='ocr_par' dir='ltr' id='par_1_67' title="bbox 2461 2290 4036 2372">
     <span class='ocr_line' id='line_1_67' title="bbox 2461 2290 4036 2372; baseline 0.012 -31"><span class='ocrx_word' id='word_1_470' title='bbox 2461 2290 2758 2358; x_wconf 82' lang='grc' dir='ltr'>κεκτῆσθαι</span> <span class='ocrx_word' id='word_1_471' title='bbox 2816 2294 2972 2346; x_wconf 80' lang='grc' dir='ltr'>πόλιν</span> <span class='ocrx_word' id='word_1_472' title='bbox 3021 2295 3311 2366; x_wconf 81' lang='grc' dir='ltr'>συμόαίνει</span> <span class='ocrx_word' id='word_1_473' title='bbox 3367 2301 3475 2352; x_wconf 86' lang='grc' dir='ltr'><strong>τῶν</strong></span> <span class='ocrx_word' id='word_1_474' title='bbox 3530 2302 3706 2356; x_wconf 71' lang='grc' dir='ltr'>ἄλλων</span> <span class='ocrx_word' id='word_1_475' title='bbox 3759 2304 4036 2372; x_wconf 78' lang='grc' dir='ltr'>ἐξαῖρετα.</span> 
     </span>
    </p>
   </div>
   <div class='ocr_carea' id='block_1_68' title="bbox 2461 2377 4016 2464">
    <p class='ocr_par' dir='ltr' id='par_1_68' title="bbox 2461 2377 4016 2464">
     <span class='ocr_line' id='line_1_68' title="bbox 2461 2377 4016 2464; baseline 0.011 -35"><span class='ocrx_word' id='word_1_476' title='bbox 2461 2377 2574 2430; x_wconf 81' lang='grc' dir='ltr'><strong>Νῦν</strong></span> <span class='ocrx_word' id='word_1_477' title='bbox 2597 2380 2640 2431; x_wconf 81' lang='grc' dir='ltr'>δ’</span> <span class='ocrx_word' id='word_1_478' title='bbox 2661 2382 2720 2432; x_wconf 89' lang='grc' dir='ltr'><strong>ἐν</strong></span> <span class='ocrx_word' id='word_1_479' title='bbox 2747 2383 2945 2447; x_wconf 70' lang='grc' dir='ltr'>ἀκαρεῖ</span> <span class='ocrx_word' id='word_1_480' title='bbox 2968 2387 3225 2440; x_wconf 75' lang='grc' dir='ltr'>τάναντία</span> <span class='ocrx_word' id='word_1_481' title='bbox 3253 2389 3488 2442; x_wconf 81' lang='grc' dir='ltr'>νικῶντα</span> <span class='ocrx_word' id='word_1_482' title='bbox 3520 2392 3789 2460; x_wconf 83' lang='grc' dir='ltr'>θεώμενος</span> <span class='ocrx_word' id='word_1_483' title='bbox 3817 2397 4016 2464; x_wconf 72' lang='grc' dir='ltr'>περιαλ</span> 
     </span>
    </p>
   </div>
   <div class='ocr_carea' id='block_1_69' title="bbox 2461 2467 4040 2550">
    <p class='ocr_par' dir='ltr' id='par_1_69' title="bbox 2461 2467 4040 2550">
     <span class='ocr_line' id='line_1_69' title="bbox 2461 2467 4040 2550; baseline 0.001 -13"><span class='ocrx_word' id='word_1_484' title='bbox 2461 2471 2562 2540; x_wconf 71' lang='grc' dir='ltr'><strong>τὴς</strong></span> <span class='ocrx_word' id='word_1_485' title='bbox 2590 2467 2689 2542; x_wconf 75' lang='grc' dir='ltr'><strong>ἦν.</strong></span> <span class='ocrx_word' id='word_1_486' title='bbox 2721 2475 2814 2526; x_wconf 61' lang='grc' dir='ltr'><strong>καὶ</strong></span> <span class='ocrx_word' id='word_1_487' title='bbox 2844 2477 3076 2546; x_wconf 75' lang='grc' dir='ltr'>ἐδάκρυε</span> <span class='ocrx_word' id='word_1_488' title='bbox 3111 2480 3211 2549; x_wconf 79' lang='grc' dir='ltr'>μὲν</span> <span class='ocrx_word' id='word_1_489' title='bbox 3242 2481 3340 2550; x_wconf 81' lang='grc' dir='ltr'>τὴν</span> <span class='ocrx_word' id='word_1_490' title='bbox 3370 2484 3656 2536; x_wconf 74' lang='grc' dir='ltr'>εὐσέϐειαν</span> <span class='ocrx_word' id='word_1_491' title='bbox 3684 2487 3740 2546; x_wconf 85' lang='grc' dir='ltr'><strong>ἐς</strong></span> <span class='ocrx_word' id='word_1_492' title='bbox 3770 2485 3914 2538; x_wconf 75' lang='grc' dir='ltr'>οὕτω</span> <span class='ocrx_word' id='word_1_493' title='bbox 3945 2506 4040 2539; x_wconf 83' lang='grc' dir='ltr'>πε-</span> 
     </span>
    </p>
   </div>
   <div class='ocr_carea' id='block_1_70' title="bbox 2466 2563 4037 2643">
    <p class='ocr_par' dir='ltr' id='par_1_70' title="bbox 2466 2563 4037 2643">
     <span class='ocr_line' id='line_1_70' title="bbox 2466 2563 4037 2643; baseline 0.013 -35"><span class='ocrx_word' id='word_1_494' title='bbox 2466 2563 2702 2628; x_wconf 85' lang='grc' dir='ltr'>ριφανῶς</span> <span class='ocrx_word' id='word_1_495' title='bbox 2726 2565 3108 2619; x_wconf 81' lang='grc' dir='ltr'>συνελαθεϊσαν</span> <span class='ocrx_word' id='word_1_496' title='bbox 3129 2570 3517 2637; x_wconf 78' lang='grc' dir='ltr'>ἐκριπισθέντα</span> <span class='ocrx_word' id='word_1_497' title='bbox 3544 2573 3791 2626; x_wconf 85' lang='grc' dir='ltr'>κίνδυνον</span> <span class='ocrx_word' id='word_1_498' title='bbox 3811 2576 4037 2643; x_wconf 83' lang='grc' dir='ltr'>τρόποις</span> 
     </span>
    </p>
   </div>
   <div class='ocr_carea' id='block_1_71' title="bbox 2461 2652 4041 2733">
    <p class='ocr_par' dir='ltr' id='par_1_71' title="bbox 2461 2652 4041 2733">
     <span class='ocr_line' id='line_1_71' title="bbox 2461 2652 4041 2733; baseline 0.009 -30"><span class='ocrx_word' id='word_1_499' title='bbox 2461 2652 2552 2704; x_wconf 76' lang='grc' dir='ltr'>τοῦ</span> <span class='ocrx_word' id='word_1_500' title='bbox 2580 2653 2714 2706; x_wconf 79' lang='grc' dir='ltr'>Θεοῦ</span> <span class='ocrx_word' id='word_1_501' title='bbox 2744 2659 3202 2726; x_wconf 82' lang='grc' dir='ltr'>συγχωρήσαντος</span> <span class='ocrx_word' id='word_1_502' title='bbox 3230 2661 3585 2732; x_wconf 71' lang='grc' dir='ltr'>ἀπορρήτοις,</span> <span class='ocrx_word' id='word_1_503' title='bbox 3617 2666 3846 2733; x_wconf 76' lang='grc' dir='ltr'>ἐδάκρυε</span> <span class='ocrx_word' id='word_1_504' title='bbox 3876 2668 3920 2718; x_wconf 85' lang='grc' dir='ltr'>δ’</span> <span class='ocrx_word' id='word_1_505' title='bbox 3948 2668 4041 2720; x_wconf 83' lang='grc' dir='ltr'><strong>ἆλ-</strong></span> 
     </span>
    </p>
   </div>
   <div class='ocr_carea' id='block_1_72' title="bbox 2461 2743 4039 2820">
    <p class='ocr_par' dir='ltr' id='par_1_72' title="bbox 2461 2743 4039 2820">
     <span class='ocr_line' id='line_1_72' title="bbox 2461 2743 4039 2820; baseline 0.01 -27"><span class='ocrx_word' id='word_1_506' title='bbox 2461 2743 2566 2805; x_wconf 88' lang='grc' dir='ltr'><strong>λως</strong></span> <span class='ocrx_word' id='word_1_507' title='bbox 2613 2747 2704 2796; x_wconf 77' lang='grc' dir='ltr'><strong>καὶ</strong></span> <span class='ocrx_word' id='word_1_508' title='bbox 2745 2748 2834 2799; x_wconf 80' lang='grc' dir='ltr'>τὸν</span> <span class='ocrx_word' id='word_1_509' title='bbox 2878 2749 2968 2799; x_wconf 82' lang='grc' dir='ltr'><strong>σὺν</strong></span> <span class='ocrx_word' id='word_1_510' title='bbox 3011 2750 3361 2820; x_wconf 82' lang='grc' dir='ltr'>ὑφορώμενος</span> <span class='ocrx_word' id='word_1_511' title='bbox 3408 2753 3659 2814; x_wconf 77' lang='grc' dir='ltr'>θάνατον,</span> <span class='ocrx_word' id='word_1_512' title='bbox 3702 2755 3761 2807; x_wconf 68' lang='grc' dir='ltr'><strong>τὸ</strong></span> <span class='ocrx_word' id='word_1_513' title='bbox 3805 2755 3899 2807; x_wconf 76' lang='grc' dir='ltr'>τοῦ</span> <span class='ocrx_word' id='word_1_514' title='bbox 3943 2756 4039 2808; x_wconf 72' lang='grc' dir='ltr'>σοῦ</span> 
     </span>
    </p>
   </div>
   <div class='ocr_carea' id='block_1_73' title="bbox 2463 2836 4038 2916">
    <p class='ocr_par' dir='ltr' id='par_1_73' title="bbox 2463 2836 4038 2916">
     <span class='ocr_line' id='line_1_73' title="bbox 2463 2836 4038 2916; baseline 0.008 -29"><span class='ocrx_word' id='word_1_515' title='bbox 2463 2836 2602 2888; x_wconf 73' lang='grc' dir='ltr'>κατὰ</span> <span class='ocrx_word' id='word_1_516' title='bbox 2636 2836 2768 2890; x_wconf 69' lang='grc' dir='ltr'>Θεὸν</span> <span class='ocrx_word' id='word_1_517' title='bbox 2797 2838 2961 2906; x_wconf 69' lang='grc' dir='ltr'>ζήλου</span> <span class='ocrx_word' id='word_1_518' title='bbox 2991 2841 3254 2911; x_wconf 81' lang='grc' dir='ltr'>διάπυρον</span> <span class='ocrx_word' id='word_1_519' title='bbox 3286 2844 3503 2908; x_wconf 80' lang='grc' dir='ltr'>ἐννοῶν,</span> <span class='ocrx_word' id='word_1_520' title='bbox 3538 2848 3629 2897; x_wconf 73' lang='grc' dir='ltr'>καὶ</span> <span class='ocrx_word' id='word_1_521' title='bbox 3660 2847 3795 2914; x_wconf 68' lang='grc' dir='ltr'>ὅσην</span> <span class='ocrx_word' id='word_1_522' title='bbox 3825 2849 3923 2916; x_wconf 75' lang='grc' dir='ltr'>τὴν</span> <span class='ocrx_word' id='word_1_523' title='bbox 3952 2848 4038 2898; x_wconf 79' lang='grc' dir='ltr'><strong>ἕν-</strong></span> 
     </span>
    </p>
   </div>
   <div class='ocr_carea' id='block_1_74' title="bbox 2465 2931 4038 3007">
    <p class='ocr_par' dir='ltr' id='par_1_74' title="bbox 2465 2931 4038 3007">
     <span class='ocr_line' id='line_1_74' title="bbox 2465 2931 4038 3007; baseline 0.009 -28"><span class='ocrx_word' id='word_1_524' title='bbox 2465 2945 2654 2980; x_wconf 88' lang='grc' dir='ltr'>στασιν</span> <span class='ocrx_word' id='word_1_525' title='bbox 2687 2931 2826 2997; x_wconf 85' lang='grc' dir='ltr'>ύπὲρ</span> <span class='ocrx_word' id='word_1_526' title='bbox 2859 2933 2966 2984; x_wconf 85' lang='grc' dir='ltr'><strong>τῶν</strong></span> <span class='ocrx_word' id='word_1_527' title='bbox 3004 2936 3249 3004; x_wconf 85' lang='grc' dir='ltr'>πατρίων</span> <span class='ocrx_word' id='word_1_528' title='bbox 3274 2936 3646 2990; x_wconf 72' lang='grc' dir='ltr'>ἐνδείκνυσθαι</span> <span class='ocrx_word' id='word_1_529' title='bbox 3672 2939 3888 3007; x_wconf 77' lang='grc' dir='ltr'>μέλλεις</span> <span class='ocrx_word' id='word_1_530' title='bbox 3913 2939 4038 3007; x_wconf 83' lang='grc' dir='ltr'>δογ-</span> 
     </span>
    </p>
   </div>
   <div class='ocr_carea' id='block_1_75' title="bbox 2387 3022 3091 3118">
    <p class='ocr_par' dir='ltr' id='par_1_75' title="bbox 2387 3022 3091 3118">
     <span class='ocr_line' id='line_1_75' title="bbox 2387 3022 3091 3118; baseline 0.014 -47"><span class='ocrx_word' id='word_1_531' title='bbox 2387 3057 2429 3118; x_wconf 80' lang='lat' dir='ltr'>c</span> <span class='ocrx_word' id='word_1_532' title='bbox 2471 3022 2655 3089; x_wconf 77' lang='grc' dir='ltr'>μάτων</span> <span class='ocrx_word' id='word_1_533' title='bbox 2681 3024 2807 3093; x_wconf 81' lang='grc' dir='ltr'>ἄχρι</span> <span class='ocrx_word' id='word_1_534' title='bbox 2839 3025 3091 3081; x_wconf 79' lang='grc' dir='ltr'>θανάτου.</span> 
     </span>
    </p>
   </div>
   <div class='ocr_carea' id='block_1_76' title="bbox 2538 3113 4041 3198">
    <p class='ocr_par' dir='ltr' id='par_1_76' title="bbox 2538 3113 4041 3198">
     <span class='ocr_line' id='line_1_76' title="bbox 2538 3113 4041 3198; baseline 0.011 -32"><span class='ocrx_word' id='word_1_535' title='bbox 2538 3113 2637 3170; x_wconf 76' lang='lat' dir='ltr'><strong>IA&#39;.</strong></span> <span class='ocrx_word' id='word_1_536' title='bbox 2657 3116 2766 3168; x_wconf 73' lang='grc' dir='ltr'>Καὶ</span> <span class='ocrx_word' id='word_1_537' title='bbox 2789 3117 2842 3169; x_wconf 89' lang='grc' dir='ltr'><strong>τί</strong></span> <span class='ocrx_word' id='word_1_538' title='bbox 2869 3118 2950 3169; x_wconf 85' lang='grc' dir='ltr'><strong>δεῖ</strong></span> <span class='ocrx_word' id='word_1_539' title='bbox 2967 3119 3142 3172; x_wconf 85' lang='grc' dir='ltr'>πάντα</span> <span class='ocrx_word' id='word_1_540' title='bbox 3159 3121 3412 3187; x_wconf 77' lang='grc' dir='ltr'>διεξιέναι</span> <span class='ocrx_word' id='word_1_541' title='bbox 3434 3125 3554 3178; x_wconf 77' lang='grc' dir='ltr'>καθ’</span> <span class='ocrx_word' id='word_1_542' title='bbox 3581 3125 3809 3189; x_wconf 74' lang='grc' dir='ltr'>ἕκαστα,</span> <span class='ocrx_word' id='word_1_543' title='bbox 3826 3129 3923 3181; x_wconf 69' lang='grc' dir='ltr'><strong>ὅσα</strong></span> <span class='ocrx_word' id='word_1_544' title='bbox 3941 3130 4041 3198; x_wconf 84' lang='grc' dir='ltr'>τῆς</span> 
     </span>
    </p>
   </div>
   <div class='ocr_carea' id='block_1_77' title="bbox 2463 3204 4040 3282">
    <p class='ocr_par' dir='ltr' id='par_1_77' title="bbox 2463 3204 4040 3282">
     <span class='ocr_line' id='line_1_77' title="bbox 2463 3204 4040 3282; baseline 0.011 -28"><span class='ocrx_word' id='word_1_545' title='bbox 2463 3206 2626 3274; x_wconf 82' lang='grc' dir='ltr'>νήσου</span> <span class='ocrx_word' id='word_1_546' title='bbox 2650 3207 2796 3258; x_wconf 81' lang='grc' dir='ltr'>δυοῖν</span> <span class='ocrx_word' id='word_1_547' title='bbox 2821 3210 2915 3276; x_wconf 71' lang='grc' dir='ltr'>οὐχ</span> <span class='ocrx_word' id='word_1_548' title='bbox 2944 3204 3106 3278; x_wconf 77' lang='grc' dir='ltr'>ἦττον</span> <span class='ocrx_word' id='word_1_549' title='bbox 3129 3212 3263 3262; x_wconf 90' lang='grc' dir='ltr'>ἐτῶν</span> <span class='ocrx_word' id='word_1_550' title='bbox 3288 3213 3594 3282; x_wconf 70' lang='grc' dir='ltr'>τεθεάμεθα</span> <span class='ocrx_word' id='word_1_551' title='bbox 3614 3258 3628 3279; x_wconf 91' lang='grc'><strong>,</strong></span> <span class='ocrx_word' id='word_1_552' title='bbox 3653 3219 3827 3271; x_wconf 74' lang='grc' dir='ltr'>ὁπόσα</span> <span class='ocrx_word' id='word_1_553' title='bbox 3853 3222 4040 3273; x_wconf 79' lang='grc' dir='ltr'>πόλεσί</span> 
     </span>
    </p>
   </div>
   <div class='ocr_carea' id='block_1_78' title="bbox 2461 3296 4038 3379">
    <p class='ocr_par' dir='ltr' id='par_1_78' title="bbox 2461 3296 4038 3379">
     <span class='ocr_line' id='line_1_78' title="bbox 2461 3296 4038 3379; baseline 0.011 -33"><span class='ocrx_word' id='word_1_554' title='bbox 2461 3311 2519 3346; x_wconf 84' lang='grc' dir='ltr'><strong>τε</strong></span> <span class='ocrx_word' id='word_1_555' title='bbox 2555 3296 2647 3345; x_wconf 73' lang='grc' dir='ltr'>καὶ</span> <span class='ocrx_word' id='word_1_556' title='bbox 2682 3296 2862 3363; x_wconf 78' lang='grc' dir='ltr'>λιμέσι</span> <span class='ocrx_word' id='word_1_557' title='bbox 2898 3300 2993 3350; x_wconf 76' lang='grc' dir='ltr'><strong>καὶ</strong></span> <span class='ocrx_word' id='word_1_558' title='bbox 3026 3299 3125 3352; x_wconf 82' lang='grc' dir='ltr'>ὅσα</span> <span class='ocrx_word' id='word_1_559' title='bbox 3157 3301 3222 3368; x_wconf 84' lang='grc' dir='ltr'>δὴ</span> <span class='ocrx_word' id='word_1_560' title='bbox 3254 3304 3373 3365; x_wconf 88' lang='grc' dir='ltr'>ταῖς</span> <span class='ocrx_word' id='word_1_561' title='bbox 3413 3305 3600 3365; x_wconf 78' lang='grc' dir='ltr'>ἄλλαις</span> <span class='ocrx_word' id='word_1_562' title='bbox 3636 3309 3896 3376; x_wconf 66' lang='grc' dir='ltr'>πρόσεστι</span> <span class='ocrx_word' id='word_1_563' title='bbox 3931 3312 4038 3379; x_wconf 79' lang='grc' dir='ltr'>χώ-</span> 
     </span>
    </p>
   </div>
   <div class='ocr_carea' id='block_1_79' title="bbox 2463 3388 4040 3464">
    <p class='ocr_par' dir='ltr' id='par_1_79' title="bbox 2463 3388 4040 3464">
     <span class='ocr_line' id='line_1_79' title="bbox 2463 3388 4040 3464; baseline 0.011 -26"><span class='ocrx_word' id='word_1_564' title='bbox 2463 3405 2584 3456; x_wconf 68' lang='grc' dir='ltr'>ραις</span> <span class='ocrx_word' id='word_1_565' title='bbox 2619 3388 2736 3440; x_wconf 83' lang='grc' dir='ltr'>ἐκεῖ</span> <span class='ocrx_word' id='word_1_566' title='bbox 2769 3392 2836 3443; x_wconf 75' lang='grc' dir='ltr'>τὰ</span> <span class='ocrx_word' id='word_1_567' title='bbox 2875 3393 3140 3460; x_wconf 80' lang='grc' dir='ltr'>χρήσιμα,</span> <span class='ocrx_word' id='word_1_568' title='bbox 3180 3411 3288 3446; x_wconf 89' lang='grc' dir='ltr'><strong>των</strong></span> <span class='ocrx_word' id='word_1_569' title='bbox 3323 3396 3635 3464; x_wconf 73' lang='grc' dir='ltr'>ἔμπροσθεν</span> <span class='ocrx_word' id='word_1_570' title='bbox 3671 3402 4040 3455; x_wconf 72' lang='grc' dir='ltr'>ἀνθελκόντων</span> 
     </span>
    </p>
   </div>
   <div class='ocr_carea' id='block_1_80' title="bbox 2463 3478 4043 3560">
    <p class='ocr_par' dir='ltr' id='par_1_80' title="bbox 2463 3478 4043 3560">
     <span class='ocr_line' id='line_1_80' title="bbox 2463 3478 4043 3560; baseline 0.01 -31"><span class='ocrx_word' id='word_1_571' title='bbox 2463 3478 2610 3545; x_wconf 78' lang='grc' dir='ltr'>ἡμᾶς</span> <span class='ocrx_word' id='word_1_572' title='bbox 2637 3479 2696 3530; x_wconf 87' lang='grc' dir='ltr'><strong>ού</strong></span> <span class='ocrx_word' id='word_1_573' title='bbox 2727 3481 2938 3548; x_wconf 80' lang='grc' dir='ltr'>μικρῶν</span> <span class='ocrx_word' id='word_1_574' title='bbox 2966 3481 3348 3549; x_wconf 72' lang='grc' dir='ltr'>ὑπαρχόντωνς</span> <span class='ocrx_word' id='word_1_575' title='bbox 3381 3488 3472 3537; x_wconf 84' lang='grc' dir='ltr'><strong>Διὸ</strong></span> <span class='ocrx_word' id='word_1_576' title='bbox 3500 3487 3705 3540; x_wconf 84' lang='grc' dir='ltr'>τούτων</span> <span class='ocrx_word' id='word_1_577' title='bbox 3736 3492 4043 3560; x_wconf 78' lang='grc' dir='ltr'>ἀποσχόμε-</span> 
     </span>
    </p>
   </div>
   <div class='ocr_carea' id='block_1_81' title="bbox 2463 3572 4039 3650">
    <p class='ocr_par' dir='ltr' id='par_1_81' title="bbox 2463 3572 4039 3650">
     <span class='ocr_line' id='line_1_81' title="bbox 2463 3572 4039 3650; baseline 0.01 -29"><span class='ocrx_word' id='word_1_578' title='bbox 2463 3587 2552 3630; x_wconf 91' lang='grc' dir='ltr'><strong>νος</strong></span> <span class='ocrx_word' id='word_1_579' title='bbox 2594 3572 2853 3624; x_wconf 75' lang='grc' dir='ltr'>ἐπανόδου</span> <span class='ocrx_word' id='word_1_580' title='bbox 2906 3576 3280 3643; x_wconf 80' lang='grc' dir='ltr'>μεμνήσομαι.</span> <span class='ocrx_word' id='word_1_581' title='bbox 3311 3578 3470 3646; x_wconf 82' lang='grc' dir='ltr'>Ἀρτι</span> <span class='ocrx_word' id='word_1_582' title='bbox 3518 3581 3699 3632; x_wconf 84' lang='grc' dir='ltr'>τοίνυν</span> <span class='ocrx_word' id='word_1_583' title='bbox 3744 3584 3840 3634; x_wconf 84' lang='grc' dir='ltr'><strong>τού</strong></span> <span class='ocrx_word' id='word_1_584' title='bbox 3886 3586 4039 3650; x_wconf 76' lang='grc' dir='ltr'>ἡλίου</span> 
     </span>
    </p>
   </div>
   <div class='ocr_carea' id='block_1_82' title="bbox 2462 3665 4042 3742">
    <p class='ocr_par' dir='ltr' id='par_1_82' title="bbox 2462 3665 4042 3742">
     <span class='ocr_line' id='line_1_82' title="bbox 2462 3665 4042 3742; baseline 0.009 -28"><span class='ocrx_word' id='word_1_585' title='bbox 2462 3667 2590 3729; x_wconf 82' lang='grc' dir='ltr'>περὶ</span> <span class='ocrx_word' id='word_1_586' title='bbox 2616 3665 2821 3732; x_wconf 74' lang='grc' dir='ltr'>τροπὰς</span> <span class='ocrx_word' id='word_1_587' title='bbox 2850 3668 3142 3734; x_wconf 72' lang='grc' dir='ltr'>γενομένου</span> <span class='ocrx_word' id='word_1_588' title='bbox 3172 3669 3268 3730; x_wconf 79' lang='grc' dir='ltr'><strong>τας</strong></span> <span class='ocrx_word' id='word_1_589' title='bbox 3299 3670 3534 3740; x_wconf 72' lang='grc' dir='ltr'>θερινὰς,</span> <span class='ocrx_word' id='word_1_590' title='bbox 3565 3675 3750 3740; x_wconf 65' lang='grc' dir='ltr'>ἐπειδὴ</span> <span class='ocrx_word' id='word_1_591' title='bbox 3785 3692 3846 3742; x_wconf 87' lang='grc' dir='ltr'><strong>γε</strong></span> <span class='ocrx_word' id='word_1_592' title='bbox 3882 3678 4042 3728; x_wconf 71' lang='grc' dir='ltr'>ἀπαί-</span> 
     </span>
    </p>
   </div>
   <div class='ocr_carea' id='block_1_83' title="bbox 2467 3754 4042 3835">
    <p class='ocr_par' dir='ltr' id='par_1_83' title="bbox 2467 3754 4042 3835">
     <span class='ocr_line' id='line_1_83' title="bbox 2467 3754 4042 3835; baseline 0.011 -32"><span class='ocrx_word' id='word_1_593' title='bbox 2467 3771 2580 3820; x_wconf 90' lang='grc' dir='ltr'>ρειν</span> <span class='ocrx_word' id='word_1_594' title='bbox 2607 3754 2853 3821; x_wconf 77' lang='grc' dir='ltr'>ἔμελλον,</span> <span class='ocrx_word' id='word_1_595' title='bbox 2878 3757 3006 3825; x_wconf 77' lang='grc' dir='ltr'>ἄχρι</span> <span class='ocrx_word' id='word_1_596' title='bbox 3036 3758 3253 3824; x_wconf 78' lang='grc' dir='ltr'>λιμένος</span> <span class='ocrx_word' id='word_1_597' title='bbox 3283 3761 3488 3823; x_wconf 74' lang='grc' dir='ltr'>ἐκεῖνος</span> <span class='ocrx_word' id='word_1_598' title='bbox 3523 3780 3588 3830; x_wconf 88' lang='grc' dir='ltr'><strong>με</strong></span> <span class='ocrx_word' id='word_1_599' title='bbox 3622 3764 3987 3835; x_wconf 76' lang='grc' dir='ltr'>προῦπεμπεν</span> <span class='ocrx_word' id='word_1_600' title='bbox 4014 3773 4042 3822; x_wconf 89' lang='grc' dir='ltr'>ὁ</span> 
     </span>
    </p>
   </div>
   <div class='ocr_carea' id='block_1_84' title="bbox 2465 3844 4043 3928">
    <p class='ocr_par' dir='ltr' id='par_1_84' title="bbox 2465 3844 4043 3928">
     <span class='ocr_line' id='line_1_84' title="bbox 2465 3844 4043 3928; baseline 0.013 -34"><span class='ocrx_word' id='word_1_601' title='bbox 2465 3844 2626 3906; x_wconf 83' lang='grc' dir='ltr'>καλδς</span> <span class='ocrx_word' id='word_1_602' title='bbox 2661 3845 2965 3912; x_wconf 84' lang='grc' dir='ltr'>Γεώργιος,</span> <span class='ocrx_word' id='word_1_603' title='bbox 2999 3849 3251 3918; x_wconf 86' lang='grc' dir='ltr'>δακρύων</span> <span class='ocrx_word' id='word_1_604' title='bbox 3280 3867 3338 3904; x_wconf 88' lang='grc' dir='ltr'><strong>τε</strong></span> <span class='ocrx_word' id='word_1_605' title='bbox 3375 3855 3466 3905; x_wconf 75' lang='grc' dir='ltr'><strong>καὶ</strong></span> <span class='ocrx_word' id='word_1_606' title='bbox 3502 3857 3675 3922; x_wconf 81' lang='grc' dir='ltr'>μέσην</span> <span class='ocrx_word' id='word_1_607' title='bbox 3707 3860 3880 3912; x_wconf 80' lang='grc' dir='ltr'>ιίπείν</span> <span class='ocrx_word' id='word_1_608' title='bbox 3909 3879 4043 3928; x_wconf 76' lang='grc' dir='ltr'>τεμ-</span> 
     </span>
    </p>
   </div>
   <div class='ocr_carea' id='block_1_85' title="bbox 2464 3937 4042 4022">
    <p class='ocr_par' dir='ltr' id='par_1_85' title="bbox 2464 3937 4042 4022">
     <span class='ocr_line' id='line_1_85' title="bbox 2464 3937 4042 4022; baseline 0.013 -36"><span class='ocrx_word' id='word_1_609' title='bbox 2464 3937 2691 4001; x_wconf 71' lang='grc' dir='ltr'>νόμενος</span> <span class='ocrx_word' id='word_1_610' title='bbox 2713 3939 2810 4006; x_wconf 78' lang='grc' dir='ltr'>τὴν</span> <span class='ocrx_word' id='word_1_611' title='bbox 2843 3940 3070 4008; x_wconf 86' lang='grc' dir='ltr'>καρδίαν</span> <span class='ocrx_word' id='word_1_612' title='bbox 3112 3942 3300 4012; x_wconf 80' lang='grc' dir='ltr'><strong>τῲ’μῷ</strong></span> <span class='ocrx_word' id='word_1_613' title='bbox 3331 3947 3613 4015; x_wconf 82' lang='grc' dir='ltr'>χωρισμῷ,</span> <span class='ocrx_word' id='word_1_614' title='bbox 3643 3947 3783 4001; x_wconf 85' lang='grc' dir='ltr'>ῶστε</span> <span class='ocrx_word' id='word_1_615' title='bbox 3819 3954 3911 4003; x_wconf 71' lang='grc' dir='ltr'><strong>καὶ</strong></span> <span class='ocrx_word' id='word_1_616' title='bbox 3941 3956 4042 4022; x_wconf 77' lang='grc' dir='ltr'>τῆς</span> 
     </span>
    </p>
   </div>
   <div class='ocr_carea' id='block_1_86' title="bbox 2465 4027 4042 4110">
    <p class='ocr_par' dir='ltr' id='par_1_86' title="bbox 2465 4027 4042 4110">
     <span class='ocr_line' id='line_1_86' title="bbox 2465 4027 4042 4110; baseline 0.013 -33"><span class='ocrx_word' id='word_1_617' title='bbox 2465 4027 2613 4096; x_wconf 72' lang='grc' dir='ltr'>ἡμᾶς</span> <span class='ocrx_word' id='word_1_618' title='bbox 2634 4028 2873 4097; x_wconf 67' lang='grc' dir='ltr'>ἀγούσης</span> <span class='ocrx_word' id='word_1_619' title='bbox 2893 4029 3136 4094; x_wconf 69' lang='grc' dir='ltr'>ὁλκάδος,</span> <span class='ocrx_word' id='word_1_620' title='bbox 3161 4035 3347 4104; x_wconf 81' lang='grc' dir='ltr'>ἐπειδή</span> <span class='ocrx_word' id='word_1_621' title='bbox 3372 4053 3434 4102; x_wconf 92' lang='grc' dir='ltr'><strong>γε</strong></span> <span class='ocrx_word' id='word_1_622' title='bbox 3457 4037 3755 4092; x_wconf 78' lang='grc' dir='ltr'>ἀνεπέτασε</span> <span class='ocrx_word' id='word_1_623' title='bbox 3778 4042 4042 4110; x_wconf 70' lang='grc' dir='ltr'>’τὰ-ἱστία,</span> 
     </span>
    </p>
   </div>
   <div class='ocr_carea' id='block_1_87' title="bbox 2466 4117 4046 4206">
    <p class='ocr_par' dir='ltr' id='par_1_87' title="bbox 2466 4117 4046 4206">
     <span class='ocr_line' id='line_1_87' title="bbox 2466 4117 4046 4206; baseline 0.012 -36"><span class='ocrx_word' id='word_1_624' title='bbox 2466 4117 2625 4186; x_wconf 77' lang='grc' dir='ltr'>οῠρια</span> <span class='ocrx_word' id='word_1_625' title='bbox 2658 4119 2903 4189; x_wconf 77' lang='grc' dir='ltr'>ἐφιείσης</span> <span class='ocrx_word' id='word_1_626' title='bbox 2935 4124 3027 4174; x_wconf 80' lang='grc' dir='ltr'>ἐπὶ</span> <span class='ocrx_word' id='word_1_627' title='bbox 3055 4123 3110 4175; x_wconf 76' lang='grc' dir='ltr'><strong>τὸ</strong></span> <span class='ocrx_word' id='word_1_628' title='bbox 3139 4125 3399 4192; x_wconf 73' lang='grc' dir='ltr'>πέλαγος,</span> <span class='ocrx_word' id='word_1_629' title='bbox 3426 4129 3701 4198; x_wconf 81' lang='grc' dir='ltr'>θεώμενος</span> <span class='ocrx_word' id='word_1_630' title='bbox 3730 4134 3918 4187; x_wconf 81' lang='grc' dir='ltr'>ἵστατο</span> <span class='ocrx_word' id='word_1_631' title='bbox 3951 4139 4046 4206; x_wconf 86' lang='grc' dir='ltr'>μέ-</span> 
     </span>
    </p>
   </div>
   <div class='ocr_carea' id='block_1_88' title="bbox 2469 4211 4047 4292">
    <p class='ocr_par' dir='ltr' id='par_1_88' title="bbox 2469 4211 4047 4292">
     <span class='ocr_line' id='line_1_88' title="bbox 2469 4211 4047 4292; baseline 0.014 -33"><span class='ocrx_word' id='word_1_632' title='bbox 2469 4227 2560 4277; x_wconf 83' lang='grc' dir='ltr'><strong>χρι</strong></span> <span class='ocrx_word' id='word_1_633' title='bbox 2586 4211 2782 4263; x_wconf 84' lang='grc' dir='ltr'>πολλοῦ</span> <span class='ocrx_word' id='word_1_634' title='bbox 2813 4229 2900 4280; x_wconf 80' lang='grc' dir='ltr'><strong>με,</strong></span> <span class='ocrx_word' id='word_1_635' title='bbox 2932 4214 3102 4266; x_wconf 76' lang='grc' dir='ltr'>πολλὰ</span> <span class='ocrx_word' id='word_1_636' title='bbox 3128 4218 3410 4284; x_wconf 84' lang='grc' dir='ltr'>καταχέων</span> <span class='ocrx_word' id='word_1_637' title='bbox 3433 4221 3500 4272; x_wconf 85' lang='grc' dir='ltr'>τὰ</span> <span class='ocrx_word' id='word_1_638' title='bbox 3523 4222 3753 4292; x_wconf 68' lang='grc' dir='ltr'>δάκρυα.</span> <span class='ocrx_word' id='word_1_639' title='bbox 3781 4226 3884 4288; x_wconf 76' lang='grc' dir='ltr'>ἕως</span> <span class='ocrx_word' id='word_1_640' title='bbox 3913 4230 4047 4281; x_wconf 80' lang='grc' dir='ltr'>ἁπε-</span> 
     </span>
    </p>
   </div>
   <div class='ocr_carea' id='block_1_89' title="bbox 2472 4300 4047 4384">
    <p class='ocr_par' dir='ltr' id='par_1_89' title="bbox 2472 4300 4047 4384">
     <span class='ocr_line' id='line_1_89' title="bbox 2472 4300 4047 4384; baseline 0.014 -36"><span class='ocrx_word' id='word_1_641' title='bbox 2472 4300 2761 4369; x_wconf 75' lang='grc' dir='ltr'>κρύψαμεν</span> <span class='ocrx_word' id='word_1_642' title='bbox 2802 4302 3014 4373; x_wconf 81' lang='grc' dir='ltr'>ἐκείνην</span> <span class='ocrx_word' id='word_1_643' title='bbox 3055 4304 3152 4372; x_wconf 76' lang='grc' dir='ltr'>τὴν</span> <span class='ocrx_word' id='word_1_644' title='bbox 3196 4308 3319 4374; x_wconf 76' lang='grc' dir='ltr'>γῆν,</span> <span class='ocrx_word' id='word_1_645' title='bbox 3361 4307 3461 4377; x_wconf 78' lang='grc' dir='ltr'>τῆς</span> <span class='ocrx_word' id='word_1_646' title='bbox 3506 4311 3682 4378; x_wconf 57' lang='grc' dir='ltr'>ὅψεως</span> <span class='ocrx_word' id='word_1_647' title='bbox 3725 4315 3908 4384; x_wconf 73' lang='grc' dir='ltr'>ἡρέμα</span> <span class='ocrx_word' id='word_1_648' title='bbox 3949 4321 4047 4370; x_wconf 74' lang='grc' dir='ltr'>καὶ</span> 
     </span>
    </p>
   </div>
   <div class='ocr_carea' id='block_1_90' title="bbox 796 4394 2471 4475">
    <p class='ocr_par' dir='ltr' id='par_1_90' title="bbox 796 4401 2471 4472">
     <span class='ocr_line' id='line_1_90' title="bbox 796 4401 2471 4472; baseline -0.002 -12"><span class='ocrx_word' id='word_1_649' title='bbox 796 4409 863 4460; x_wconf 90' lang='lat' dir='ltr'><strong>tis</strong></span> <span class='ocrx_word' id='word_1_650' title='bbox 894 4406 1256 4460; x_wconf 78' lang='lat' dir='ltr'><strong>attf‘erremur.</strong></span> <span class='ocrx_word' id='word_1_651' title='bbox 1288 4404 1553 4471; x_wconf 81' lang='lat' dir='ltr'><strong>Prospera</strong></span> <span class='ocrx_word' id='word_1_652' title='bbox 1586 4401 1744 4454; x_wconf 86' lang='lat' dir='ltr'><strong>nobis</strong></span> <span class='ocrx_word' id='word_1_653' title='bbox 1771 4403 2122 4470; x_wconf 82' lang='lat' dir='ltr'><strong>contingente</strong></span> <span class='ocrx_word' id='word_1_654' title='bbox 2146 4406 2360 4472; x_wconf 80' lang='lat' dir='ltr'><strong>naviga-</strong></span> <span class='ocrx_word' id='word_1_655' title='bbox 2396 4405 2438 4459; x_wconf 88' lang='lat' dir='ltr'><strong>D</strong></span> <span class='ocrx_word' id='word_1_656' title='bbox 2468 4414 2471 4443; x_wconf 75' lang='grc' dir='ltr'><strong>τ</strong></span> 
     </span>
    </p>
   </div>
   <div class='ocr_carea' id='block_1_91' title="bbox 2372 4394 4047 4475">
    <p class='ocr_par' dir='ltr' id='par_1_91' title="bbox 2396 4394 4047 4475">
     <span class='ocr_line' id='line_1_91' title="bbox 2396 4394 4047 4475; baseline 0.008 -30"><span class='ocrx_word' id='word_1_657' title='bbox 2396 4405 2438 4459; x_wconf 78' lang='grc' dir='ltr'><strong>υ</strong></span> <span class='ocrx_word' id='word_1_658' title='bbox 2468 4397 2606 4446; x_wconf 76' lang='grc' dir='ltr'>κατὰ</span> <span class='ocrx_word' id='word_1_659' title='bbox 2652 4394 2844 4462; x_wconf 70' lang='grc' dir='ltr'>μικρὸν</span> <span class='ocrx_word' id='word_1_660' title='bbox 2879 4396 3183 4464; x_wconf 71' lang='grc' dir='ltr'>ἐνδιδούσης</span> <span class='ocrx_word' id='word_1_661' title='bbox 3222 4400 3277 4449; x_wconf 89' lang='grc' dir='ltr'><strong>ἐν</strong></span> <span class='ocrx_word' id='word_1_662' title='bbox 3310 4401 3422 4461; x_wconf 77' lang='grc' dir='ltr'>τοϊς</span> <span class='ocrx_word' id='word_1_663' title='bbox 3469 4405 3698 4471; x_wconf 85' lang='grc' dir='ltr'>μακροῖς</span> <span class='ocrx_word' id='word_1_664' title='bbox 3741 4404 4047 4475; x_wconf 79' lang='grc' dir='ltr'>διαστήμα-</span> 
     </span>
    </p>
   </div>
   <div class='ocr_carea' id='block_1_92' title="bbox 798 4491 2365 4558">
    <p class='ocr_par' dir='ltr' id='par_1_92' title="bbox 798 4491 2365 4558">
     <span class='ocr_line' id='line_1_92' title="bbox 798 4491 2365 4558; baseline -0.004 -9"><span class='ocrx_word' id='word_1_665' title='bbox 798 4499 942 4549; x_wconf 87' lang='lat' dir='ltr'><strong>tione</strong></span> <span class='ocrx_word' id='word_1_666' title='bbox 969 4510 1112 4548; x_wconf 90' lang='lat' dir='ltr'><strong>nono</strong></span> <span class='ocrx_word' id='word_1_667' title='bbox 1149 4493 1238 4548; x_wconf 88' lang='lat' dir='ltr'><strong>die</strong></span> <span class='ocrx_word' id='word_1_668' title='bbox 1267 4491 1333 4546; x_wconf 84' lang='lat' dir='ltr'><strong>ad</strong></span> <span class='ocrx_word' id='word_1_669' title='bbox 1362 4492 1581 4546; x_wconf 82' lang='lat' dir='ltr'><strong>Cretam</strong></span> <span class='ocrx_word' id='word_1_670' title='bbox 1612 4491 1947 4558; x_wconf 86' lang='lat' dir='ltr'><strong>appulimus,</strong></span> <span class='ocrx_word' id='word_1_671' title='bbox 1986 4491 2221 4543; x_wconf 86' lang='lat' dir='ltr'><strong>insulam</strong></span> <span class='ocrx_word' id='word_1_672' title='bbox 2253 4491 2365 4544; x_wconf 87' lang='lat' dir='ltr'><strong>fre-</strong></span> 
     </span>
    </p>
   </div>
   <div class='ocr_carea' id='block_1_93' title="bbox 795 4569 2365 4654">
    <p class='ocr_par' dir='ltr' id='par_1_93' title="bbox 795 4569 2365 4654">
     <span class='ocr_line' id='line_1_93' title="bbox 795 4569 2365 4654; baseline -0.002 -17"><span class='ocrx_word' id='word_1_673' title='bbox 795 4585 1215 4654; x_wconf 87' lang='lat' dir='ltr'><strong>quentissimam</strong></span> <span class='ocrx_word' id='word_1_674' title='bbox 1261 4595 1316 4634; x_wconf 91' lang='lat' dir='ltr'><strong>et</strong></span> <span class='ocrx_word' id='word_1_675' title='bbox 1341 4569 1524 4652; x_wconf 69' lang='lat' dir='ltr'><strong>Cypro</strong></span> <span class='ocrx_word' id='word_1_676' title='bbox 1577 4580 1750 4633; x_wconf 85' lang='lat' dir='ltr'><strong>multo</strong></span> <span class='ocrx_word' id='word_1_677' title='bbox 1781 4581 2062 4649; x_wconf 81' lang='lat' dir='ltr'><strong>majorem.</strong></span> <span class='ocrx_word' id='word_1_678' title='bbox 2120 4580 2365 4649; x_wconf 75' lang='lat' dir='ltr'><strong>Oblonga</strong></span> 
     </span>
    </p>
   </div>
   <div class='ocr_carea' id='block_1_94' title="bbox 797 4671 2364 4742">
    <p class='ocr_par' dir='ltr' id='par_1_94' title="bbox 797 4671 2364 4742">
     <span class='ocr_line' id='line_1_94' title="bbox 797 4671 2364 4742; baseline -0.003 -14"><span class='ocrx_word' id='word_1_679' title='bbox 797 4691 926 4728; x_wconf 85' lang='lat' dir='ltr'><strong>vero</strong></span> <span class='ocrx_word' id='word_1_680' title='bbox 953 4685 1037 4728; x_wconf 85' lang='lat' dir='ltr'><strong>est</strong></span> <span class='ocrx_word' id='word_1_681' title='bbox 1070 4675 1278 4742; x_wconf 86' lang='lat' dir='ltr'><strong>pariter</strong></span> <span class='ocrx_word' id='word_1_682' title='bbox 1311 4682 1475 4740; x_wconf 83' lang='lat' dir='ltr'><strong>atque</strong></span> <span class='ocrx_word' id='word_1_683' title='bbox 1509 4671 1620 4732; x_wconf 88' lang='lat' dir='ltr'><strong>illa,</strong></span> <span class='ocrx_word' id='word_1_684' title='bbox 1663 4671 1826 4739; x_wconf 79' lang='lat' dir='ltr'><strong>longa</strong></span> <span class='ocrx_word' id='word_1_685' title='bbox 1858 4671 2070 4724; x_wconf 89' lang='lat' dir='ltr'><strong>scilicet</strong></span> <span class='ocrx_word' id='word_1_686' title='bbox 2124 4687 2232 4724; x_wconf 89' lang='lat' dir='ltr'><strong>non</strong></span> <span class='ocrx_word' id='word_1_687' title='bbox 2264 4673 2364 4724; x_wconf 87' lang='lat' dir='ltr'><strong>mi-</strong></span> 
     </span>
    </p>
   </div>
   <div class='ocr_carea' id='block_1_95' title="bbox 799 4761 2369 4830">
    <p class='ocr_par' dir='ltr' id='par_1_95' title="bbox 799 4761 2369 4830">
     <span class='ocr_line' id='line_1_95' title="bbox 799 4761 2369 4830; baseline -0.003 -11"><span class='ocrx_word' id='word_1_688' title='bbox 799 4782 901 4819; x_wconf 91' lang='lat' dir='ltr'><strong>nus</strong></span> <span class='ocrx_word' id='word_1_689' title='bbox 933 4765 1042 4817; x_wconf 87' lang='lat' dir='ltr'><strong>duo</strong></span> <span class='ocrx_word' id='word_1_690' title='bbox 1068 4765 1233 4818; x_wconf 77' lang='lat' dir='ltr'><strong>millia</strong></span> <span class='ocrx_word' id='word_1_691' title='bbox 1266 4763 1576 4830; x_wconf 87' lang='lat' dir='ltr'><strong>octingenta</strong></span> <span class='ocrx_word' id='word_1_692' title='bbox 1603 4762 1799 4825; x_wconf 77' lang='lat' dir='ltr'><strong>stadia,</strong></span> <span class='ocrx_word' id='word_1_693' title='bbox 1827 4761 2118 4816; x_wconf 84' lang='lat' dir='ltr'><strong>latitudine</strong></span> <span class='ocrx_word' id='word_1_694' title='bbox 2139 4761 2369 4816; x_wconf 83' lang='lat' dir='ltr'><strong>dimidio</strong></span> 
     </span>
    </p>
   </div>
   <div class='ocr_carea' id='block_1_96' title="bbox 801 4852 2366 4922">
    <p class='ocr_par' dir='ltr' id='par_1_96' title="bbox 801 4852 2366 4922">
     <span class='ocr_line' id='line_1_96' title="bbox 801 4852 2366 4922; baseline -0.003 -13"><span class='ocrx_word' id='word_1_695' title='bbox 801 4856 972 4909; x_wconf 91' lang='lat' dir='ltr'><strong>multo</strong></span> <span class='ocrx_word' id='word_1_696' title='bbox 1000 4856 1233 4908; x_wconf 91' lang='lat' dir='ltr'><strong>minore.</strong></span> <span class='ocrx_word' id='word_1_697' title='bbox 1272 4853 1411 4908; x_wconf 88' lang='lat' dir='ltr'><strong>Cum</strong></span> <span class='ocrx_word' id='word_1_698' title='bbox 1447 4868 1579 4905; x_wconf 82' lang='lat' dir='ltr'><strong>vero</strong></span> <span class='ocrx_word' id='word_1_699' title='bbox 1611 4854 1719 4922; x_wconf 84' lang='lat' dir='ltr'><strong>jam</strong></span> <span class='ocrx_word' id='word_1_700' title='bbox 1750 4853 1846 4905; x_wconf 89' lang='lat' dir='ltr'><strong>diu</strong></span> <span class='ocrx_word' id='word_1_701' title='bbox 1873 4852 2237 4907; x_wconf 83' lang='lat' dir='ltr'><strong>vehementer</strong></span> <span class='ocrx_word' id='word_1_702' title='bbox 2267 4869 2366 4906; x_wconf 85' lang='lat' dir='ltr'><strong>cu-</strong></span> 
     </span>
    </p>
   </div>
   <div class='ocr_carea' id='block_1_97' title="bbox 801 4940 2372 5014">
    <p class='ocr_par' dir='ltr' id='par_1_97' title="bbox 801 4940 2372 5014">
     <span class='ocr_line' id='line_1_97' title="bbox 801 4940 2372 5014; baseline -0.001 -18"><span class='ocrx_word' id='word_1_703' title='bbox 801 4956 986 5012; x_wconf 88' lang='lat' dir='ltr'><strong>perem</strong></span> <span class='ocrx_word' id='word_1_704' title='bbox 1018 4943 1386 5014; x_wconf 86' lang='lat' dir='ltr'><strong>labyrinthum</strong></span> <span class='ocrx_word' id='word_1_705' title='bbox 1420 4942 1472 4995; x_wconf 92' lang='lat' dir='ltr'><strong>in</strong></span> <span class='ocrx_word' id='word_1_706' title='bbox 1504 4940 1665 4996; x_wconf 88' lang='lat' dir='ltr'><strong>Creta</strong></span> <span class='ocrx_word' id='word_1_707' title='bbox 1699 4942 1876 4996; x_wconf 88' lang='lat' dir='ltr'><strong>insula</strong></span> <span class='ocrx_word' id='word_1_708' title='bbox 1930 4943 2143 5004; x_wconf 84' lang='lat' dir='ltr'><strong>videre,</strong></span> <span class='ocrx_word' id='word_1_709' title='bbox 2215 4945 2372 5011; x_wconf 87' lang='lat' dir='ltr'><strong>isque</strong></span> 
     </span>
    </p>
   </div>
   <div class='ocr_carea' id='block_1_98' title="bbox 801 5033 2370 5113">
    <p class='ocr_par' dir='ltr' id='par_1_98' title="bbox 801 5033 2370 5113">
     <span class='ocr_line' id='line_1_98' title="bbox 801 5033 2370 5113; baseline -0.002 -26"><span class='ocrx_word' id='word_1_710' title='bbox 801 5034 960 5102; x_wconf 77' lang='lat' dir='ltr'><strong>longe</strong></span> <span class='ocrx_word' id='word_1_711' title='bbox 994 5034 1211 5087; x_wconf 74' lang='lat' dir='ltr'><strong>abesset</strong></span> <span class='ocrx_word' id='word_1_712' title='bbox 1257 5049 1284 5085; x_wconf 93' lang='lat' dir='ltr'><strong>a</strong></span> <span class='ocrx_word' id='word_1_713' title='bbox 1323 5042 1483 5101; x_wconf 90' lang='lat' dir='ltr'><strong>portu</strong></span> <span class='ocrx_word' id='word_1_714' title='bbox 1511 5037 1577 5087; x_wconf 89' lang='lat' dir='ltr'><strong>al</strong></span> <span class='ocrx_word' id='word_1_715' title='bbox 1609 5033 2088 5113; x_wconf 55' lang='lat' dir='ltr'><strong>quem,appulsuri</strong></span> <span class='ocrx_word' id='word_1_716' title='bbox 2124 5049 2370 5096; x_wconf 79' lang='lat' dir='ltr'><strong>eramus,</strong></span> 
     </span>
    </p>
   </div>
   <div class='ocr_carea' id='block_1_99' title="bbox 804 5125 2375 5196">
    <p class='ocr_par' dir='ltr' id='par_1_99' title="bbox 804 5125 2375 5196">
     <span class='ocr_line' id='line_1_99' title="bbox 804 5125 2375 5196; baseline 0 -18"><span class='ocrx_word' id='word_1_717' title='bbox 804 5127 1008 5195; x_wconf 83' lang='lat' dir='ltr'><strong>placuit</strong></span> <span class='ocrx_word' id='word_1_718' title='bbox 1040 5126 1172 5179; x_wconf 92' lang='lat' dir='ltr'><strong>mihi</strong></span> <span class='ocrx_word' id='word_1_719' title='bbox 1212 5137 1325 5179; x_wconf 91' lang='lat' dir='ltr'><strong>tum</strong></span> <span class='ocrx_word' id='word_1_720' title='bbox 1356 5126 1645 5179; x_wconf 74' lang='lat' dir='ltr'><strong>occasione</strong></span> <span class='ocrx_word' id='word_1_721' title='bbox 1689 5127 1813 5178; x_wconf 87' lang='lat' dir='ltr'><strong>data</strong></span> <span class='ocrx_word' id='word_1_722' title='bbox 1877 5142 1944 5179; x_wconf 74' lang='lat' dir='ltr'><strong>ex</strong></span> <span class='ocrx_word' id='word_1_723' title='bbox 1991 5125 2116 5179; x_wconf 92' lang='lat' dir='ltr'><strong>navi</strong></span> <span class='ocrx_word' id='word_1_724' title='bbox 2153 5141 2375 5196; x_wconf 79' lang='lat' dir='ltr'><strong>egresso</strong></span> 
     </span>
    </p>
   </div>
   <div class='ocr_carea' id='block_1_100' title="bbox 804 5217 2373 5288">
    <p class='ocr_par' dir='ltr' id='par_1_100' title="bbox 804 5217 2373 5288">
     <span class='ocr_line' id='line_1_100' title="bbox 804 5217 2373 5288; baseline 0 -18"><span class='ocrx_word' id='word_1_725' title='bbox 804 5218 984 5272; x_wconf 84' lang='lat' dir='ltr'><strong>visere</strong></span> <span class='ocrx_word' id='word_1_726' title='bbox 1012 5234 1135 5272; x_wconf 90' lang='lat' dir='ltr'><strong>eum</strong></span> <span class='ocrx_word' id='word_1_727' title='bbox 1168 5219 1257 5288; x_wconf 90' lang='lat' dir='ltr'><strong>qui</strong></span> <span class='ocrx_word' id='word_1_728' title='bbox 1286 5219 1532 5285; x_wconf 75' lang='lat' dir='ltr'><strong>proxime</strong></span> <span class='ocrx_word' id='word_1_729' title='bbox 1557 5219 1712 5271; x_wconf 84' lang='lat' dir='ltr'><strong>abest</strong></span> <span class='ocrx_word' id='word_1_730' title='bbox 1761 5220 1829 5270; x_wconf 88' lang='lat' dir='ltr'><strong>ah</strong></span> <span class='ocrx_word' id='word_1_731' title='bbox 1882 5218 2020 5272; x_wconf 81' lang='lat' dir='ltr'><strong>urbe</strong></span> <span class='ocrx_word' id='word_1_732' title='bbox 2067 5217 2284 5273; x_wconf 86' lang='lat' dir='ltr'><strong>Guosso</strong></span> <span class='ocrx_word' id='word_1_733' title='bbox 2317 5219 2373 5271; x_wconf 89' lang='lat' dir='ltr'><strong>in</strong></span> 
     </span>
    </p>
   </div>
   <div class='ocr_carea' id='block_1_101' title="bbox 808 5309 2374 5379">
    <p class='ocr_par' dir='ltr' id='par_1_101' title="bbox 808 5309 2374 5379">
     <span class='ocr_line' id='line_1_101' title="bbox 808 5309 2374 5379; baseline 0 -17"><span class='ocrx_word' id='word_1_734' title='bbox 808 5311 984 5363; x_wconf 88' lang='lat' dir='ltr'><strong>media</strong></span> <span class='ocrx_word' id='word_1_735' title='bbox 1018 5309 1193 5362; x_wconf 88' lang='lat' dir='ltr'><strong>insula</strong></span> <span class='ocrx_word' id='word_1_736' title='bbox 1216 5311 1340 5363; x_wconf 86' lang='lat' dir='ltr'><strong>sita.</strong></span> <span class='ocrx_word' id='word_1_737' title='bbox 1373 5309 1745 5379; x_wconf 80' lang='lat' dir='ltr'><strong>Labyrinthus</strong></span> <span class='ocrx_word' id='word_1_738' title='bbox 1775 5318 1962 5363; x_wconf 87' lang='lat' dir='ltr'><strong>autem</strong></span> <span class='ocrx_word' id='word_1_739' title='bbox 2016 5319 2099 5363; x_wconf 88' lang='lat' dir='ltr'><strong>est</strong></span> <span class='ocrx_word' id='word_1_740' title='bbox 2141 5324 2374 5364; x_wconf 86' lang='lat' dir='ltr'><strong>caverna</strong></span> 
     </span>
    </p>
   </div>
   <div class='ocr_carea' id='block_1_102' title="bbox 808 5400 2374 5470">
    <p class='ocr_par' dir='ltr' id='par_1_102' title="bbox 808 5400 2374 5470">
     <span class='ocr_line' id='line_1_102' title="bbox 808 5400 2374 5470; baseline 0.001 -15"><span class='ocrx_word' id='word_1_741' title='bbox 808 5402 1226 5469; x_wconf 76' lang='lat' dir='ltr'><strong>spatiosissima,</strong></span> <span class='ocrx_word' id='word_1_742' title='bbox 1253 5403 1547 5456; x_wconf 60' lang='lat' dir='ltr'><strong>artificiose</strong></span> <span class='ocrx_word' id='word_1_743' title='bbox 1579 5400 1740 5456; x_wconf 86' lang='lat' dir='ltr'><strong>facta.</strong></span> <span class='ocrx_word' id='word_1_744' title='bbox 1771 5401 1908 5455; x_wconf 90' lang='lat' dir='ltr'><strong>Cum</strong></span> <span class='ocrx_word' id='word_1_745' title='bbox 1934 5403 2081 5456; x_wconf 91' lang='lat' dir='ltr'><strong>enim</strong></span> <span class='ocrx_word' id='word_1_746' title='bbox 2104 5401 2242 5470; x_wconf 87' lang='lat' dir='ltr'><strong>lapis</strong></span> <span class='ocrx_word' id='word_1_747' title='bbox 2266 5418 2374 5456; x_wconf 91' lang='lat' dir='ltr'><strong>non</strong></span> 
     </span>
    </p>
   </div>
   <div class='ocr_carea' id='block_1_103' title="bbox 811 5492 2373 5561">
    <p class='ocr_par' dir='ltr' id='par_1_103' title="bbox 811 5492 2373 5561">
     <span class='ocr_line' id='line_1_103' title="bbox 811 5492 2373 5561; baseline 0 -16"><span class='ocrx_word' id='word_1_748' title='bbox 811 5492 1107 5546; x_wconf 86' lang='lat' dir='ltr'><strong>admodum</strong></span> <span class='ocrx_word' id='word_1_749' title='bbox 1137 5508 1298 5561; x_wconf 84' lang='lat' dir='ltr'><strong>asper</strong></span> <span class='ocrx_word' id='word_1_750' title='bbox 1339 5503 1506 5556; x_wconf 89' lang='lat' dir='ltr'><strong>esset,</strong></span> <span class='ocrx_word' id='word_1_751' title='bbox 1562 5493 1717 5546; x_wconf 90' lang='lat' dir='ltr'><strong>locus</strong></span> <span class='ocrx_word' id='word_1_752' title='bbox 1767 5492 2046 5558; x_wconf 77' lang='lat' dir='ltr'><strong>facillime,</strong></span> <span class='ocrx_word' id='word_1_753' title='bbox 2101 5499 2373 5560; x_wconf 76' lang='lat' dir='ltr'><strong>quantum</strong></span> 
     </span>
    </p>
   </div>
   <div class='ocr_carea' id='block_1_104' title="bbox 813 5584 2375 5654">
    <p class='ocr_par' dir='ltr' id='par_1_104' title="bbox 813 5584 2375 5654">
     <span class='ocr_line' id='line_1_104' title="bbox 813 5584 2375 5654; baseline -0.001 -17"><span class='ocrx_word' id='word_1_754' title='bbox 813 5586 937 5654; x_wconf 80' lang='lat' dir='ltr'><strong>quis</strong></span> <span class='ocrx_word' id='word_1_755' title='bbox 969 5585 1150 5645; x_wconf 82' lang='lat' dir='ltr'><strong>vellet,</strong></span> <span class='ocrx_word' id='word_1_756' title='bbox 1173 5585 1350 5638; x_wconf 73' lang='lat' dir='ltr'><strong>excidi</strong></span> <span class='ocrx_word' id='word_1_757' title='bbox 1389 5585 1587 5654; x_wconf 87' lang='lat' dir='ltr'><strong>potuit.</strong></span> <span class='ocrx_word' id='word_1_758' title='bbox 1617 5584 1829 5637; x_wconf 72' lang='lat' dir='ltr'><strong>Artifex</strong></span> <span class='ocrx_word' id='word_1_759' title='bbox 1880 5586 2046 5652; x_wconf 81' lang='lat' dir='ltr'><strong>igitur</strong></span> <span class='ocrx_word' id='word_1_760' title='bbox 2077 5600 2182 5637; x_wconf 90' lang='lat' dir='ltr'><strong>una</strong></span> <span class='ocrx_word' id='word_1_761' title='bbox 2225 5596 2375 5654; x_wconf 88' lang='lat' dir='ltr'><strong>porta</strong></span> 
     </span>
    </p>
   </div>
   <div class='ocr_carea' id='block_1_105' title="bbox 815 5676 2377 5747">
    <p class='ocr_par' dir='ltr' id='par_1_105' title="bbox 815 5676 2377 5747">
     <span class='ocr_line' id='line_1_105' title="bbox 815 5676 2377 5747; baseline 0.001 -20"><span class='ocrx_word' id='word_1_762' title='bbox 815 5677 1259 5747; x_wconf 72' lang='lat' dir='ltr'><strong>patefactalonge</strong></span> <span class='ocrx_word' id='word_1_763' title='bbox 1294 5677 1502 5746; x_wconf 72' lang='lat' dir='ltr'><strong>lapides</strong></span> <span class='ocrx_word' id='word_1_764' title='bbox 1558 5676 1862 5730; x_wconf 74' lang='lat' dir='ltr'><strong>cxcidrndo</strong></span> <span class='ocrx_word' id='word_1_765' title='bbox 1918 5692 2240 5746; x_wconf 78' lang='lat' dir='ltr'><strong>progressus</strong></span> <span class='ocrx_word' id='word_1_766' title='bbox 2294 5687 2377 5731; x_wconf 75' lang='lat' dir='ltr'><strong>est</strong></span> 
     </span>
    </p>
   </div>
   <div class='ocr_carea' id='block_1_106' title="bbox 2469 4486 4049 4566">
    <p class='ocr_par' dir='ltr' id='par_1_106' title="bbox 2469 4486 4049 4566">
     <span class='ocr_line' id='line_1_106' title="bbox 2469 4486 4049 4566; baseline 0.009 -30"><span class='ocrx_word' id='word_1_767' title='bbox 2469 4502 2573 4536; x_wconf 87' lang='grc' dir='ltr'>σιν.</span> <span class='ocrx_word' id='word_1_768' title='bbox 2607 4486 2874 4548; x_wconf 76' lang='grc' dir='ltr'>Εὑπλοίας</span> <span class='ocrx_word' id='word_1_769' title='bbox 2903 4486 2948 4537; x_wconf 80' lang='grc' dir='ltr'>δ’</span> <span class='ocrx_word' id='word_1_770' title='bbox 2972 4488 3102 4555; x_wconf 79' lang='grc' dir='ltr'>ἡμῖν</span> <span class='ocrx_word' id='word_1_771' title='bbox 3131 4490 3430 4557; x_wconf 83' lang='grc' dir='ltr'>γενομένης</span> <span class='ocrx_word' id='word_1_772' title='bbox 3463 4493 3698 4545; x_wconf 72' lang='grc' dir='ltr'>ἐναταῖοι</span> <span class='ocrx_word' id='word_1_773' title='bbox 3731 4496 3786 4556; x_wconf 83' lang='grc' dir='ltr'><strong>ἐς</strong></span> <span class='ocrx_word' id='word_1_774' title='bbox 3819 4497 4049 4566; x_wconf 76' lang='grc' dir='ltr'>Κρήτην</span> 
     </span>
    </p>
   </div>
   <div class='ocr_carea' id='block_1_107' title="bbox 2469 4578 4050 4655">
    <p class='ocr_par' dir='ltr' id='par_1_107' title="bbox 2469 4578 4050 4655">
     <span class='ocr_line' id='line_1_107' title="bbox 2469 4578 4050 4655; baseline 0.005 -25"><span class='ocrx_word' id='word_1_775' title='bbox 2469 4578 2751 4646; x_wconf 77' lang='grc' dir='ltr'>ἀφίγμεθα</span> <span class='ocrx_word' id='word_1_776' title='bbox 2773 4619 2784 4641; x_wconf 97' lang='grc'><strong>,</strong></span> <span class='ocrx_word' id='word_1_777' title='bbox 2817 4579 2978 4645; x_wconf 74' lang='grc' dir='ltr'>νῆσον</span> <span class='ocrx_word' id='word_1_778' title='bbox 3008 4579 3589 4650; x_wconf 78' lang='grc' dir='ltr'>πολυανθρωποτάτην</span> <span class='ocrx_word' id='word_1_779' title='bbox 3616 4587 3709 4637; x_wconf 75' lang='grc' dir='ltr'><strong>καὶ</strong></span> <span class='ocrx_word' id='word_1_780' title='bbox 3744 4587 3919 4650; x_wconf 75' lang='grc' dir='ltr'>μείζω</span> <span class='ocrx_word' id='word_1_781' title='bbox 3950 4587 4050 4655; x_wconf 73' lang='grc' dir='ltr'>μὲν</span> 
     </span>
    </p>
   </div>
   <div class='ocr_carea' id='block_1_108' title="bbox 2471 4667 4051 4746">
    <p class='ocr_par' dir='ltr' id='par_1_108' title="bbox 2471 4667 4051 4746">
     <span class='ocr_line' id='line_1_108' title="bbox 2471 4667 4051 4746; baseline 0.005 -24"><span class='ocrx_word' id='word_1_782' title='bbox 2471 4669 2650 4738; x_wconf 81' lang='grc' dir='ltr'>πολλῷ</span> <span class='ocrx_word' id='word_1_783' title='bbox 2687 4669 2786 4737; x_wconf 77' lang='grc' dir='ltr'>τῆς</span> <span class='ocrx_word' id='word_1_784' title='bbox 2830 4667 3081 4739; x_wconf 82' lang='grc' dir='ltr'>Κύπρου,</span> <span class='ocrx_word' id='word_1_785' title='bbox 3126 4671 3376 4741; x_wconf 74' lang='grc' dir='ltr'>ἐπιμήκη</span> <span class='ocrx_word' id='word_1_786' title='bbox 3418 4673 3461 4724; x_wconf 88' lang='grc' dir='ltr'>δ’</span> <span class='ocrx_word' id='word_1_787' title='bbox 3485 4673 3686 4740; x_wconf 83' lang='grc' dir='ltr'>ὁμοίως</span> <span class='ocrx_word' id='word_1_788' title='bbox 3729 4677 3914 4746; x_wconf 71' lang='grc' dir='ltr'>ἐκείνῃ</span> <span class='ocrx_word' id='word_1_789' title='bbox 3957 4682 4051 4730; x_wconf 75' lang='grc' dir='ltr'>καὶ</span> 
     </span>
    </p>
   </div>
   <div class='ocr_carea' id='block_1_109' title="bbox 2470 4758 4052 4833">
    <p class='ocr_par' dir='ltr' id='par_1_109' title="bbox 2470 4758 4052 4833">
     <span class='ocr_line' id='line_1_109' title="bbox 2470 4758 4052 4833; baseline 0.005 -21"><span class='ocrx_word' id='word_1_790' title='bbox 2470 4759 2675 4828; x_wconf 84' lang='grc' dir='ltr'>ταύτην</span> <span class='ocrx_word' id='word_1_791' title='bbox 2718 4760 3098 4829; x_wconf 79' lang='grc' dir='ltr'>ὑπάρχουσαν,</span> <span class='ocrx_word' id='word_1_792' title='bbox 3149 4761 3224 4822; x_wconf 80' lang='grc' dir='ltr'>ὡς</span> <span class='ocrx_word' id='word_1_793' title='bbox 3269 4758 3408 4816; x_wconf 71' lang='grc' dir='ltr'>εἶναι</span> <span class='ocrx_word' id='word_1_794' title='bbox 3459 4764 3632 4832; x_wconf 78' lang='grc' dir='ltr'>μῆκος</span> <span class='ocrx_word' id='word_1_795' title='bbox 3677 4767 3777 4833; x_wconf 77' lang='grc' dir='ltr'>μὲν</span> <span class='ocrx_word' id='word_1_796' title='bbox 3817 4768 4052 4820; x_wconf 80' lang='grc' dir='ltr'>σταδίων</span> 
     </span>
    </p>
   </div>
   <div class='ocr_carea' id='block_1_110' title="bbox 2473 4847 4051 4926">
    <p class='ocr_par' dir='ltr' id='par_1_110' title="bbox 2473 4847 4051 4926">
     <span class='ocr_line' id='line_1_110' title="bbox 2473 4847 4051 4926; baseline 0.005 -22"><span class='ocrx_word' id='word_1_797' title='bbox 2473 4851 2538 4924; x_wconf 78' lang='grc' dir='ltr'><strong>[ί.</strong></span> <span class='ocrx_word' id='word_1_798' title='bbox 2571 4852 2671 4905; x_wconf 74' lang='grc'><strong>104</strong></span> <span class='ocrx_word' id='word_1_799' title='bbox 2694 4850 2750 4923; x_wconf 88' lang='lat' dir='ltr'><strong>a]</strong></span> <span class='ocrx_word' id='word_1_800' title='bbox 2781 4853 2950 4921; x_wconf 81' lang='grc' dir='ltr'>αὐτὴν</span> <span class='ocrx_word' id='word_1_801' title='bbox 2980 4855 3077 4905; x_wconf 87' lang='grc' dir='ltr'><strong>ούκ</strong></span> <span class='ocrx_word' id='word_1_802' title='bbox 3106 4847 3268 4924; x_wconf 77' lang='grc' dir='ltr'>ἧττον</span> <span class='ocrx_word' id='word_1_803' title='bbox 3297 4855 3632 4909; x_wconf 80' lang='grc' dir='ltr'>ὀκτακοσίων</span> <span class='ocrx_word' id='word_1_804' title='bbox 3663 4858 3778 4926; x_wconf 80' lang='grc' dir='ltr'>ἄμα</span> <span class='ocrx_word' id='word_1_805' title='bbox 3810 4861 3903 4911; x_wconf 69' lang='grc' dir='ltr'>καὶ</span> <span class='ocrx_word' id='word_1_806' title='bbox 3935 4859 4051 4912; x_wconf 89' lang='grc' dir='ltr'>δισ-</span> 
     </span>
    </p>
   </div>
   <div class='ocr_carea' id='block_1_111' title="bbox 2473 4943 4053 5019">
    <p class='ocr_par' dir='ltr' id='par_1_111' title="bbox 2473 4943 4053 5019">
     <span class='ocr_line' id='line_1_111' title="bbox 2473 4943 4053 5019; baseline 0.004 -23"><span class='ocrx_word' id='word_1_807' title='bbox 2473 4946 2690 5012; x_wconf 85' lang='grc' dir='ltr'>χιλίων,</span> <span class='ocrx_word' id='word_1_808' title='bbox 2745 4943 2945 5006; x_wconf 79' lang='grc' dir='ltr'>πλάτος</span> <span class='ocrx_word' id='word_1_809' title='bbox 2992 4945 3050 4997; x_wconf 72' lang='lat' dir='ltr'><strong>tn</strong></span> <span class='ocrx_word' id='word_1_810' title='bbox 3083 4945 3261 5015; x_wconf 83' lang='grc' dir='ltr'>πολλῷ</span> <span class='ocrx_word' id='word_1_811' title='bbox 3288 4947 3382 4998; x_wconf 81' lang='grc' dir='ltr'>τοῦ</span> <span class='ocrx_word' id='word_1_812' title='bbox 3415 4948 3643 5015; x_wconf 75' lang='grc' dir='ltr'>ἡμίσεος</span> <span class='ocrx_word' id='word_1_813' title='bbox 3671 4949 3839 5016; x_wconf 76' lang='grc' dir='ltr'>ἥττω.</span> <span class='ocrx_word' id='word_1_814' title='bbox 3869 4951 4053 5019; x_wconf 86' lang='grc' dir='ltr'>Ἐχων</span> 
     </span>
    </p>
   </div>
   <div class='ocr_carea' id='block_1_112' title="bbox 2474 5036 4052 5106">
    <p class='ocr_par' dir='ltr' id='par_1_112' title="bbox 2474 5036 4052 5106">
     <span class='ocr_line' id='line_1_112' title="bbox 2474 5036 4052 5106; baseline 0.001 -16"><span class='ocrx_word' id='word_1_815' title='bbox 2474 5038 2518 5090; x_wconf 83' lang='grc' dir='ltr'>δ’</span> <span class='ocrx_word' id='word_1_816' title='bbox 2545 5040 2607 5089; x_wconf 81' lang='grc' dir='ltr'><strong>ἐκ</strong></span> <span class='ocrx_word' id='word_1_817' title='bbox 2644 5036 2838 5089; x_wconf 79' lang='grc' dir='ltr'>πολλοῦ</span> <span class='ocrx_word' id='word_1_818' title='bbox 2871 5037 2959 5090; x_wconf 83' lang='grc' dir='ltr'><strong>διὰ</strong></span> <span class='ocrx_word' id='word_1_819' title='bbox 2998 5040 3217 5106; x_wconf 77' lang='grc' dir='ltr'>μακρὶς</span> <span class='ocrx_word' id='word_1_820' title='bbox 3249 5038 3349 5106; x_wconf 84' lang='grc' dir='ltr'>τῆς</span> <span class='ocrx_word' id='word_1_821' title='bbox 3385 5039 3624 5104; x_wconf 77' lang='grc' dir='ltr'>ἐφέσεως</span> <span class='ocrx_word' id='word_1_822' title='bbox 3658 5040 3834 5106; x_wconf 79' lang='grc' dir='ltr'>ἔγωγε</span> <span class='ocrx_word' id='word_1_823' title='bbox 3869 5041 3961 5092; x_wconf 73' lang='grc' dir='ltr'><strong>τον</strong></span> <span class='ocrx_word' id='word_1_824' title='bbox 3995 5044 4052 5092; x_wconf 83' lang='grc' dir='ltr'><strong>ἐν</strong></span> 
     </span>
    </p>
   </div>
   <div class='ocr_carea' id='block_1_113' title="bbox 2479 5128 4055 5200">
    <p class='ocr_par' dir='ltr' id='par_1_113' title="bbox 2479 5128 4055 5200">
     <span class='ocr_line' id='line_1_113' title="bbox 2479 5128 4055 5200; baseline 0.001 -19"><span class='ocrx_word' id='word_1_825' title='bbox 2479 5129 2670 5198; x_wconf 77' lang='grc' dir='ltr'>Κρήτῃ</span> <span class='ocrx_word' id='word_1_826' title='bbox 2699 5128 3020 5198; x_wconf 67' lang='grc' dir='ltr'>λαϐύρινθον</span> <span class='ocrx_word' id='word_1_827' title='bbox 3048 5128 3368 5190; x_wconf 83' lang='grc' dir='ltr'>θεάσασθαι,</span> <span class='ocrx_word' id='word_1_828' title='bbox 3397 5130 3586 5197; x_wconf 83' lang='grc' dir='ltr'>ἐπειδὴ</span> <span class='ocrx_word' id='word_1_829' title='bbox 3620 5131 3752 5184; x_wconf 81' lang='grc' dir='ltr'>πολὺ</span> <span class='ocrx_word' id='word_1_830' title='bbox 3778 5129 3871 5183; x_wconf 74' lang='grc' dir='ltr'>τοῦ</span> <span class='ocrx_word' id='word_1_831' title='bbox 3900 5130 4055 5200; x_wconf 82' lang='grc' dir='ltr'>λιμέ-</span> 
     </span>
    </p>
   </div>
   <div class='ocr_carea' id='block_1_114' title="bbox 2480 5218 4048 5292">
    <p class='ocr_par' dir='ltr' id='par_1_114' title="bbox 2480 5218 4048 5292">
     <span class='ocr_line' id='line_1_114' title="bbox 2480 5218 4048 5292; baseline 0.001 -20"><span class='ocrx_word' id='word_1_832' title='bbox 2480 5237 2565 5280; x_wconf 86' lang='grc' dir='ltr'><strong>νος</strong></span> <span class='ocrx_word' id='word_1_833' title='bbox 2595 5219 2654 5270; x_wconf 75' lang='grc' dir='ltr'><strong>οὗ</strong></span> <span class='ocrx_word' id='word_1_834' title='bbox 2685 5218 3151 5287; x_wconf 79' lang='grc' dir='ltr'>καθωρμίσθημεν</span> <span class='ocrx_word' id='word_1_835' title='bbox 3181 5222 3514 5289; x_wconf 82' lang='grc' dir='ltr'>ἀφεστήκοι,</span> <span class='ocrx_word' id='word_1_836' title='bbox 3548 5222 3693 5288; x_wconf 75' lang='grc' dir='ltr'>ἔδοξέ</span> <span class='ocrx_word' id='word_1_837' title='bbox 3729 5240 3818 5289; x_wconf 89' lang='grc' dir='ltr'><strong>μοι</strong></span> <span class='ocrx_word' id='word_1_838' title='bbox 3853 5225 4048 5292; x_wconf 67' lang='grc' dir='ltr'>καιρὸν</span> 
     </span>
    </p>
   </div>
   <div class='ocr_carea' id='block_1_115' title="bbox 2479 5305 4054 5375">
    <p class='ocr_par' dir='ltr' id='par_1_115' title="bbox 2479 5305 4054 5375">
     <span class='ocr_line' id='line_1_115' title="bbox 2479 5305 4054 5375; baseline 0.002 -17"><span class='ocrx_word' id='word_1_839' title='bbox 2479 5307 2654 5375; x_wconf 81' lang='grc' dir='ltr'>Ιχοντι</span> <span class='ocrx_word' id='word_1_840' title='bbox 2682 5305 2776 5358; x_wconf 85' lang='grc' dir='ltr'>νῦν</span> <span class='ocrx_word' id='word_1_841' title='bbox 2808 5305 3072 5358; x_wconf 75' lang='grc' dir='ltr'>ἁποόαντι</span> <span class='ocrx_word' id='word_1_842' title='bbox 3101 5307 3398 5360; x_wconf 74' lang='grc' dir='ltr'>θεάσασθαι</span> <span class='ocrx_word' id='word_1_843' title='bbox 3430 5309 3523 5360; x_wconf 75' lang='grc' dir='ltr'>καὶ</span> <span class='ocrx_word' id='word_1_844' title='bbox 3555 5310 3718 5362; x_wconf 79' lang='grc' dir='ltr'>αὑτὸν</span> <span class='ocrx_word' id='word_1_845' title='bbox 3742 5352 3756 5375; x_wconf 98' lang='grc'><strong>,</strong></span> <span class='ocrx_word' id='word_1_846' title='bbox 3792 5312 4054 5363; x_wconf 87' lang='grc' dir='ltr'>Κνωσσοῦ</span> 
     </span>
    </p>
   </div>
   <div class='ocr_carea' id='block_1_116' title="bbox 2483 5396 4057 5467">
    <p class='ocr_par' dir='ltr' id='par_1_116' title="bbox 2483 5396 4057 5467">
     <span class='ocr_line' id='line_1_116' title="bbox 2483 5396 4057 5467; baseline 0.001 -19"><span class='ocrx_word' id='word_1_847' title='bbox 2483 5398 2769 5464; x_wconf 75' lang='grc' dir='ltr'>μεσογεῐου</span> <span class='ocrx_word' id='word_1_848' title='bbox 2801 5397 3005 5457; x_wconf 84' lang='grc' dir='ltr'>πόλεως</span> <span class='ocrx_word' id='word_1_849' title='bbox 3038 5396 3268 5463; x_wconf 78' lang='grc' dir='ltr'>ἔγγιστα</span> <span class='ocrx_word' id='word_1_850' title='bbox 3296 5397 3444 5450; x_wconf 80' lang='grc' dir='ltr'>ὄντα.</span> <span class='ocrx_word' id='word_1_851' title='bbox 3476 5399 3635 5451; x_wconf 85' lang='grc' dir='ltr'>Ἐστι</span> <span class='ocrx_word' id='word_1_852' title='bbox 3668 5400 3711 5451; x_wconf 87' lang='grc' dir='ltr'>δ’</span> <span class='ocrx_word' id='word_1_853' title='bbox 3737 5402 3762 5452; x_wconf 86' lang='grc' dir='ltr'>ὁ</span> <span class='ocrx_word' id='word_1_854' title='bbox 3793 5399 4057 5467; x_wconf 79' lang='grc' dir='ltr'>λαϐύριν-</span> 
     </span>
    </p>
   </div>
   <div class='ocr_carea' id='block_1_117' title="bbox 2482 5488 4054 5560">
    <p class='ocr_par' dir='ltr' id='par_1_117' title="bbox 2482 5488 4054 5560">
     <span class='ocr_line' id='line_1_117' title="bbox 2482 5488 4054 5560; baseline 0.002 -20"><span class='ocrx_word' id='word_1_855' title='bbox 2482 5489 2571 5549; x_wconf 72' lang='grc' dir='ltr'><strong>θος</strong></span> <span class='ocrx_word' id='word_1_856' title='bbox 2603 5488 2867 5555; x_wconf 87' lang='grc' dir='ltr'>σπήλαιον</span> <span class='ocrx_word' id='word_1_857' title='bbox 2896 5489 3412 5556; x_wconf 81' lang='grc' dir='ltr'>πολυχωρητότατον</span> <span class='ocrx_word' id='word_1_858' title='bbox 3440 5491 3719 5560; x_wconf 79' lang='grc' dir='ltr'>τεχνητόν.</span> <span class='ocrx_word' id='word_1_859' title='bbox 3761 5493 3913 5542; x_wconf 70' lang='grc' dir='ltr'>Ἐπεὶ</span> <span class='ocrx_word' id='word_1_860' title='bbox 3949 5495 4054 5557; x_wconf 74' lang='grc' dir='ltr'><strong>γαρ</strong></span> 
     </span>
    </p>
   </div>
   <div class='ocr_carea' id='block_1_118' title="bbox 2483 5579 4056 5652">
    <p class='ocr_par' dir='ltr' id='par_1_118' title="bbox 2483 5579 4056 5652">
     <span class='ocr_line' id='line_1_118' title="bbox 2483 5579 4056 5652; baseline 0.002 -22"><span class='ocrx_word' id='word_1_861' title='bbox 2483 5579 2638 5648; x_wconf 77' lang='grc' dir='ltr'>ἔτυχε</span> <span class='ocrx_word' id='word_1_862' title='bbox 2672 5579 2816 5640; x_wconf 83' lang='grc' dir='ltr'>λίθος</span> <span class='ocrx_word' id='word_1_863' title='bbox 2849 5581 2909 5633; x_wconf 80' lang='grc' dir='ltr'>οὐ</span> <span class='ocrx_word' id='word_1_864' title='bbox 2946 5581 3087 5636; x_wconf 66' lang='grc' dir='ltr'><strong>πᾶν.)</strong></span> <span class='ocrx_word' id='word_1_865' title='bbox 3124 5581 3356 5648; x_wconf 70' lang='grc' dir='ltr'>σκληρὸς</span> <span class='ocrx_word' id='word_1_866' title='bbox 3388 5581 3485 5651; x_wconf 76' lang='grc' dir='ltr'>τὴν</span> <span class='ocrx_word' id='word_1_867' title='bbox 3514 5583 3701 5635; x_wconf 86' lang='grc' dir='ltr'>οὐσίαν</span> <span class='ocrx_word' id='word_1_868' title='bbox 3735 5583 4001 5652; x_wconf 74' lang='grc' dir='ltr'>ὑπάρχων</span> <span class='ocrx_word' id='word_1_869' title='bbox 4033 5586 4056 5633; x_wconf 75' lang='grc' dir='ltr'>ὁ</span> 
     </span>
    </p>
   </div>
   <div class='ocr_carea' id='block_1_119' title="bbox 2484 5673 4052 5745">
    <p class='ocr_par' dir='ltr' id='par_1_119' title="bbox 2484 5673 4052 5745">
     <span class='ocr_line' id='line_1_119' title="bbox 2484 5673 4052 5745; baseline 0 -21"><span class='ocrx_word' id='word_1_870' title='bbox 2484 5673 2586 5725; x_wconf 75' lang='grc' dir='ltr'>τότε</span> <span class='ocrx_word' id='word_1_871' title='bbox 2604 5691 2664 5738; x_wconf 76' lang='grc' dir='ltr'>ις,</span> <span class='ocrx_word' id='word_1_872' title='bbox 2693 5673 2857 5727; x_wconf 74' lang='grc' dir='ltr'>ἐίωκε</span> <span class='ocrx_word' id='word_1_873' title='bbox 2888 5673 3087 5741; x_wconf 78' lang='grc' dir='ltr'>πολλὴν</span> <span class='ocrx_word' id='word_1_874' title='bbox 3111 5675 3207 5743; x_wconf 73' lang='grc' dir='ltr'>τὴν</span> <span class='ocrx_word' id='word_1_875' title='bbox 3235 5673 3519 5745; x_wconf 60' lang='grc' dir='ltr'>ῥᾳστώνην</span> <span class='ocrx_word' id='word_1_876' title='bbox 3544 5674 3791 5740; x_wconf 64' lang='grc' dir='ltr'>λαξεύειν</span> <span class='ocrx_word' id='word_1_877' title='bbox 3817 5675 3904 5741; x_wconf 74' lang='grc' dir='ltr'>ἐφ’</span> <span class='ocrx_word' id='word_1_878' title='bbox 3925 5673 4052 5725; x_wconf 68' lang='grc' dir='ltr'>ὁπό-</span> 
     </span>
    </p>
   </div>
  </div>
