4242 6342
845 382 911 444 3i
1996 384 2406 444 NICEI‘IIURI
2444 384 2823 444 GREUORE
4005 379 4069 440 3‘2

844 489 914 546 lis
933 494 1041 562 jam
1070 489 1317 563 impediti
1348 502 1527 558 erant,
1557 495 1852 561 quominus
1885 496 1938 548 in
1964 498 2277 563 superiores
2305 513 2394 549 re-
2425 497 2474 557 Α
2501 515 2519 549 ι

2387 526 2394 536 -
2425 497 2474 557 Α
2501 514 2621 557 νους
2654 498 2909 562 δυνάμεις
2932 536 2943 557 ,
2981 494 3128 559 μέγα
3159 493 3213 544 δὲ
3250 492 3339 544 διὰ
3369 491 3526 545 τοῦτο
3558 494 3777 560 φρονεῖν
3809 491 4062 559 ἔχοντας,

843 580 1033 651 gioncs
1062 586 1127 632 et“
1166 581 1341 633 laeum
1386 580 1687 634 Mzeotidem
1750 592 1805 636 et
1840 584 1905 635 ad
1953 585 2094 637 ostia
2138 585 2397 639 Tanaidis

845 687 944 739 pro
973 687 1072 723 suo
1101 670 1209 740 52
1238 668 1467 721 arbitrio
1526 679 1689 738 atque
1738 672 2037 733 voluntate,
2098 683 2160 726 ut
2212 684 2395 737 antea,

844 761 1162 825 navigarent
1192 775 1251 810 ac
1290 760 1857 813 circumveherentur.
1924 759 2106 825 Quare
2153 778 2281 816 suas
2309 778 2401 816 co-

845 852 963 917 pias
991 861 1337 909 contraxere.
1389 851 1694 903 triremium
1754 866 2043 904 numerum
2102 863 2397 916 auxerunt,

840 940 1002 991 etiam
1038 951 1249 991 veteres
1278 955 1343 991 ex
1381 939 1666 992 navalibus
1705 941 2071 1011 undecunque.
2098 943 2396 1010 productas

842 1042 1007 1080 naves
1083 1028 1408 1091 refecerunt,
1460 1030 1730 1098 simulque
1808 1033 1988 1085 socias
2043 1033 2397 1099 subditasque

846 1121 1010 1171 urbes
1072 1119 1390 1186 insulasque
1434 1120 1500 1172 ad
1560 1123 1878 1176 certaminis
1926 1123 2241 1177 societatem
2302 1126 2399 1178 ad-

841 1217 1117 1269 vocarent,
1182 1215 1241 1259 ut
1296 1222 1446 1259 arma
1503 1208 1862 1277 triremesque
1893 1222 1949 1264 et
2000 1212 2204 1265 milites
2254 1214 2397 1267 clas-

837 1298 980 1350 sicos
1036 1313 1133 1365 pro
1192 1312 1288 1350 sua
1339 1314 1568 1366 quaeque
1634 1300 1890 1352 facultate
1916 1301 2257 1356 conferrent.
2288 1303 2391 1356 Ad-

838 1387 1285 1439 vocabantetiam
1313 1403 1377 1439 ex
1403 1388 1625 1439 remotis
1654 1390 1968 1456 regionibus
2004 1391 2203 1445 milites
2230 1393 2395 1459 largis

838 1477 889 1527 in
925 1491 1160 1543 prmsens
1186 1477 1491 1542 stipendiis,
1519 1478 1847 1543 largioribus
1868 1479 1922 1532 in
1957 1480 2202 1533 futurum
2232 1483 2390 1549 polli-

835 1565 1211 1629 citationibus,
1239 1582 1362 1619 cum
1393 1568 1530 1620 alios
1568 1578 1679 1620 tum
1714 1567 2022 1631 Catalaunos,
2050 1573 2145 1638 qui
2178 1572 2245 1624 ad
2271 1573 2397 1626 Gal-

836 1656 998 1707 licum
1030 1672 1177 1710 mare
1209 1657 1438 1710 inferius
1478 1658 1801 1720 incolentes,
1861 1661 1950 1713 ubi
2005 1662 2388 1730 Pyrenaeorum

836 1746 1102 1798 montium
1138 1748 1306 1813 pedes
1334 1748 1582 1815 proxime
1629 1748 1910 1810 desinunt,
1972 1750 2177 1804 ferocia
2226 1760 2391 1821 atque

835 1838 1033 1890 virtute
1066 1838 1253 1891 bellica
1299 1840 1414 1891 sive
1437 1842 1649 1908 'praeliis
1684 1842 2038 1895 terrestribus
2063 1843 2175 1896 sive
2202 1845 2397 1914 pugnis

836 1931 1119 1983 navalibus
1152 1930 1483 1993 exhibenda,
1521 1933 1656 1985 nulli
1685 1932 2004 1986 Latinorum
2035 1934 2260 1989 cedunt.

907 2194 1041 2248 XIII.
1072 2197 1206 2250 Cum
1239 2198 1405 2265 igitur
1452 2199 1591 2252 hanc
1654 2201 1726 2254 ob
1754 2216 1974 2254 causam
2028 2202 2191 2255 etiam
2220 2201 2383 2257 Creta

837 2287 1071 2339 tumultu
1101 2288 1415 2342 turbaretur
1435 2300 1489 2341 et
1515 2305 1787 2343 armorum
1811 2292 2086 2345 sociorum
2118 2294 2393 2345 omnium-

834 2395 939 2445 quc
967 2394 1145 2431 rerum
1178 2381 1245 2431 ad
1275 2380 1514 2433 hostium
1568 2382 1911 2436 incursiones
1963 2384 2232 2437 arcemlas
2270 2385 2393 2438 ido-

837 2484 1060 2521 nearum
1122 2482 1381 2538 apparatu
1447 2473 1603 2540 quasi
1635 2481 2047 2538 concuterctur,
2104 2475 2231 2528 inde
2266 2491 2393 2529 vere

838 2559 1060 2613 ineunte
1095 2561 1226 2619 abii.
1262 2573 1426 2629 atque
1461 2564 1682 2615 sinistra
1730 2564 2006 2618 Salamine
2049 2566 2223 2619 insula
2255 2582 2391 2633 pra:-

836 2651 1103 2709 termissa.
1146 2651 1237 2704 ubi
1274 2652 1667 2708 Themistocles
1696 2653 1913 2707 Neoclis
1942 2655 2085 2707 lilius
2111 2656 2391 2723 quondam

834 2743 1018 2809 copias
1054 2744 1272 2795 navales
1302 2743 1591 2797 Persarum
1626 2744 1952 2799 demersisse
1980 2746 2203 2810 dicitur,
2229 2758 2283 2801 et
2310 2750 2393 2803 in-

834 2834 1002 2895 sulas,
1028 2849 1165 2899 quas
1198 2833 1460 2900 Cyelades
1490 2846 1710 2896 vocant,
1738 2847 2150 2903 przetervcctus,
2179 2839 2243 2891 ad
2286 2839 2393 2893 Eu-

835 2921 1007 2974 bmam
1056 2922 1289 2975 insulam
1324 2924 1506 2990 appuli
1530 2927 1636 2991 jam
1692 2926 1893 2978 multos
1953 2942 2127 2981 annos
2162 2928 2390 2982 Venetis

832 3012 1123 3064 sub-.Iitam.
1160 3012 1274 3077 Qua
1312 3014 1365 3065 in
1401 3014 1575 3066 insula
1610 3029 1732 3067 cum
1771 3015 1988 3083 longius
2036 3027 2249 3084 tempus
2278 3020 2387 3091 43

2505 586 2693 636 ἔπειτα
2731 584 2876 650 παρὰ
2909 582 3064 647 δόξαν
3098 581 3188 631 ὑπ’
3214 580 3435 632 ἐκείνων
3464 580 3563 650 ήδη
3601 580 3974 644 κωλυομένους
4011 581 4066 636 ἐς

2502 674 2590 726 τὸν
2623 674 2734 724 ἄνω
2758 674 2920 724 τόπον
2950 673 3041 723 καὶ
3072 673 3167 738 τὴν
3196 671 3446 722 Μαιῶτιν
3475 671 3565 722 καὶ
3596 672 3690 729 τάς
3722 667 3945 728 ἐκϐολὰς
3972 669 4065 720 τοῦ

2500 765 2760 821 Τανάϊδος
2800 762 3056 815 ἀναπλεῖν
3094 762 3187 813 καὶ.
3232 760 3515 825 περιπλεῖν
3556 760 3678 811 κατ’
3706 758 3953 823 ἐξουσίαν
3991 757 4067 816 ὡς

2501 856 2783 924 πρότερον.
2813 852 2977 905 Ὀθεν
3002 852 3153 903 αὐτοί
3178 868 3236 902 τε
3266 851 3364 911 τὰς
3395 851 3601 910 οίκείας
3629 850 3878 917 ἤθροιζον
3904 846 4067 899 δυνάο

2502 963 2649 1013 μεις,
2694 946 2937 1013 τριήρεις
2982 960 3038 993 τε
3089 941 3305 1002 πλείους
3349 939 3458 992 τῶν
3505 940 3639 999 τέως
3686 940 3860 989 οὐσῶν
3906 955 4065 989 κατε-

2500 1038 2760 1099 σκεύαζον
2798 1037 2885 1089 καὶ
2928 1033 3020 1095 τὰς
3064 1036 3126 1085 ἐκ
3168 1031 3360 1084 πολλοῦ
3403 1030 3837 1097 νενεωλκημένας
3871 1029 4066 1081 καθελ-

2497 1127 2759 1187 κύσαντες
2811 1124 3141 1191 πανταχόθεν
3192 1122 3561 1183 ἐπεσκεύαζον
3588 1143 3620 1182 ,·
3656 1123 3750 1172 καὶ
3801 1118 3916 1186 ἃμα
3962 1121 4062 1179 τὰς

2499 1218 2840 1287 συμμαχίδας
2874 1218 2971 1270 καὶ
3006 1214 3278 1283 ὑπηκόους
3313 1215 3494 1273 πόλεις
3532 1213 3620 1265 καὶ
3654 1212 3845 1279 νήσους
3884 1214 3939 1271 ἐς
3971 1212 4062 1261 τδν

2497 1309 2674 1361 κοινὸν
2703 1308 2928 1361 ἐκάλουν
2957 1306 3173 1371 ἀγῶνα,
3205 1305 3341 1357 ὅπλα
3375 1305 3451 1354 κα“
3495 1302 3735 1371 τριήρεις
3770 1300 3858 1351 καὶ
3894 1317 4059 1366 στρα-

2497 1401 2694 1462 τιώτας
2720 1401 3031 1467 ναυμάχους
3060 1395 3516 1463 συνεισφερούσας
3545 1395 3685 1445 κατὰ
3715 1392 3810 1460 τὴν
3836 1390 4061 1443 ὲνοῦσαν

2497 1491 2699 1559 ἑκάστῃ
2727 1490 2974 1556 δύναμιν.
3007 1488 3375 1539 Συνεκάλεσαν
3401 1486 3445 1537 δ’
3470 1481 3562 1536 οὖν
3590 1485 3679 1535 καὶ
3707 1485 3813 1534 τῶν
3842 1485 4061 1551 πόρρω.

2498 1582 2589 1633 θεν
2614 1582 2798 1650 ἁϐροῖς
2830 1581 2929 1648 μὲν
2953 1582 3043 1631 καὶ
3070 1580 3170 1646 ήδη
3203 1579 3568 1645 μισθώμασιν,
3593 1576 3916 1642 ἁδροτέραις
3939 1575 3985 1626 δ’
4008 1576 4061 1635 ἐς

2498 1673 2557 1723 τὸ
2594 1672 2782 1738 μέλλον
2814 1669 3199 1734 ἐπαγγελίαις,
3235 1669 3426 1728 ἄλλους
3459 1684 3516 1718 τε
3553 1670 3637 1718 κατ
3679 1665 4024 1725 Κατελάνους
4046 1704 4060 1721 ,

2498 1763 2545 1815 οἳ
2576 1764 2814 1831 ᾧκηνται
2848 1762 2996 1813 κάτω
3026 1759 3175 1825 παρὰ
3204 1759 3302 1826 τὴν
3335 1757 3596 1837 Γαλλικὴν
3627 1757 3920 1818 θάλασσαν,
3954 1757 4063 1821 ὅπη

2498 1852 2603 1904 τῶν
2636 1850 2956 1919 Πυρηναίων
2988 1848 3129 1918 ὀρῶν
3160 1849 3207 1900 aI
3241 1848 3399 1907 πόδες
3432 1851 3664 1914 ἄγχιστα
3695 1846 3974 1912 λήγουσιν,
4008 1847 4063 1904 ἐς

2497 1943 2697 2009 τόλμαν
2732 1940 3051 2007 πολεμικὴν,
3087 1939 3185 2006 ὅση
3222 1954 3280 1989 τε
3319 1936 3659 2003 ⁴ᾗπειρωτικὴ
3698 1934 3791 1985 καὶ
3826 1934 3924 1997 ὅση
3962 1931 4059 1981 θα-

2497 2035 2743 2094 λάττιος,
2790 2030 2897 2083 τῶν
2945 2029 3227 2099 πρωτείων
3276 2027 3452 2080 οὐδέσι
3502 2026 3745 2078 Λατίνων
3796 2040 4059 2091 παραχω-

2501 2124 2750 2195 ροῦντας.

2566 2219 2663 2270 Il".
2704 2216 2854 2267 Ἐπεὶ
2883 2214 3013 2281 γοῦν
3037 2214 3121 2266 δια
3147 2213 3317 2265 ταῦτα
3350 2212 3442 2264 καὶ
3474 2210 3661 2279 Κρήτη
3692 2208 3921 2275 θόρυϐον
3947 2205 4060 2275 εἶχε

2496 2314 2589 2362 καὶ
2618 2310 2692 2369 ὡς
2723 2309 2896 2359 εἰπεῖν
2924 2308 3127 2359 ἐσείετο
3159 2307 3327 2364 πᾶσα,
3358 2300 3886 2371 παρασκευαζομένη
3925 2300 4061 2365 προς

2494 2398 2630 2451 ὅπλα
2667 2396 2988 2466 συμμαχικά
3019 2412 3074 2448 τε
3112 2396 3203 2448 καὶ
3238 2395 3337 2446 ὅσα
3370 2393 3475 2444 τῶν
3508 2389 3819 2457 πολεμικῶν
3857 2387 4062 2453 ἐφόδων

2493 2492 2631 2543 είσὶν
2681 2488 3076 2558 ἀποτρεπτικὰ.
3136 2485 3448 2553 μετέόαινον
3499 2481 3705 2534 ἐκεῖθεν
3754 2480 4059 2548 ἀρχομένου

2491 2581 2585 2634 τοῦ
2620 2577 2752 2651 ἦρος
2774 2620 2789 2641 ,
2823 2581 2914 2632 καὶ
2949 2579 3104 2645 ἀφεὶς
3138 2577 3391 2643 εὐώνυμα
3425 2575 3697 2642 Σαλαμῖνα
3728 2572 3825 2640 τὴν
3857 2572 4023 2637 νῆσον
4045 2609 4058 2627 .

2493 2674 2618 2724 ἔνθα
2650 2671 3014 2738 Θεμιστοκλέα
3046 2668 3134 2720 τὸν
3163 2666 3456 2726 Νεοκλέους
3489 2666 3690 2716 ἐκεῖνον
3722 2663 3886 2716 πάλαι
3922 2662 4057 2729 φασὶ

2491 2764 2589 2832 τὴν
2618 2764 2722 2813 τῶν
2754 2761 2976 2829 Περσῶν
3009 2759 3219 2825 ἐκείνην
3249 2757 3505 2825 ναυτικὴν
3537 2754 3935 2807 καταδαπτίσαι
3964 2753 4057 2804 δύο

2492 2867 2674 2918 ναμιν,
2723 2850 2917 2915 νήσους
2964 2864 3020 2899 τε
3070 2847 3134 2904 ἃς
3180 2844 3463 2905 Κυκλάδας
3509 2846 3640 2911 φασὶ
3685 2843 4059 2909 παραλλάξας,

2494 2938 2832 2991 κατέπλευσα
2876 2938 2932 2998 ἐς
2975 2935 3205 2987 Εὔϐοιαν
3248 2937 3345 3001 τὴν
3389 2935 3568 3000 νῆσον,
3612 2933 3849 2999 ὑπήκοον
3890 2928 4059 2984 οὖσαν

2494 3032 2793 3091 Βενετικοῖς
2840 3029 2973 3080 ἐτῶν
3023 3028 3119 3095 ἤδη
3172 3026 3411 3094 μακρῶν.
3464 3025 3567 3077 Καί
3622 3042 3685 3092 με
3735 3024 4057 3090 βουλόμενον

831 3105 1154 3156 commorari
1190 3106 1615 3166 constituissem,
1644 3124 1921 3160 armorum
1947 3110 2184 3179 bellique
2210 3128 2381 3180 appa-
2413 3135 2457 3195 ρ
2493 3141 2506 3173 τ

2380 3135 2457 3195 ηρ
2493 3121 2710 3174 πλείονα
2754 3121 2943 3187 χρόνον
2986 3118 3317 3186 ἐνδιατρῖψαι
3361 3114 3529 3184 ταύτῃ
3574 3117 3605 3181 ἡ
3656 3114 3761 3166 τῶν
3807 3114 4055 3166 Εὐϐοέων

832 3202 973 3252 ratu,
1007 3193 1060 3246 in
1085 3210 1245 3261 quem
1272 3210 1486 3246 summo
1515 3196 1698 3248 studio
1732 3208 1895 3264 atque
1921 3200 2202 3254 alacritate
2224 3203 2385 3256 etiam

832 3284 1171 3338 Eubmenses
1223 3286 1615 3348 incubuerunt,
1656 3304 1685 3341 ε
1727 3291 2010 3357 proposito
2043 3291 2383 3348 deterrebar.

833 3374 993 3426 Fama
1026 3375 1170 3426 enim
1210 3384 1349 3437 erat,
1401 3377 1621 3446 jamjam
1673 3379 1925 3432 triremes
1985 3394 2052 3433 ex
2086 3382 2275 3434 Genua
2308 3384 2389 3437 in-

832 3465 967 3517 festo
996 3464 1196 3532 impetu
1229 3465 1282 3518 in
1312 3482 1409 3520 eos
1442 3468 1792 3537 navigaturas
1821 3485 1965 3525 esse.
2004 3470 2187 3536 Quare
2232 3472 2387 3527 brevi

832 3562 1073 3621 tempore
1111 3566 1217 3608 tom
1246 3557 1421 3610 insula
1459 3560 1791 3625 perlustrata
1823 3573 1880 3614 et
1918 3563 2174 3628 urbibus,
2206 3579 2384 3632 quan.

835 3653 951 3695 tum
982 3643 1099 3696 ﬁeri
1136 3646 1331 3712 potuit,
1375 3646 1585 3707 invisis,
1639 3648 1705 3701 ad
1751 3649 2129 3718 Artemisium,
2166 3652 2388 3708 Euboan

833 3736 1265 3799 promontorium
1344 3738 1812 3811 septentrionale,
1905 3741 2180 3808 profectus
2241 3759 2385 3797 sum.

831 3823 983 3877 Unde
1012 3840 1135 3877 cum
1156 3826 1263 3893 iam
1293 3828 1518 3894 provehi
1553 3830 1773 3895 vellem,
1798 3832 1990 3885 classis
2021 3834 2260 3887 hostium
2290 3837 2387 3889 de-

829 3916 1003 3967 currit
1054 3931 1248 3984 meque
1298 3932 1326 3969 a
1362 3917 1697 3983 profectione
1753 3921 2056 3988 prohibuit.
2113 3923 2389 3980 Triremes

830 4006 976 4057 enim
1004 4006 1323 4060 Genuenses
1352 4009 1768 4075 quatuordecim
1797 4012 2090 4065 celerrimo
2120 4028 2286 4067 cursu
2319 4015 2385 4067 ad

829 4094 1071 4162 Oropum
1096 4106 1152 4148 et
1177 4097 1426 4151 Aulidem
1459 4100 1799 4166 appellentes
1834 4102 1937 4154 sub
1968 4100 2131 4155 linem
2184 4108 2389 4161 aestatis

833 4184 1331 4249 conspiciebantur.
1362 4187 1509 4240 Inter
1541 4188 1702 4241 hasce
1728 4190 1875 4242 enim
1901 4190 2069 4243 urbes
2092 4192 2255 4258 paulo
2277 4209 2389 4245 me-

835 4274 1027 4327 ridiem
1059 4290 1252 4329 versus
1279 4278 1409 4331 sitas
1438 4286 1632 4345 portus
1663 4290 1745 4333 est
1770 4280 2056 4349 oblongus,
2084 4298 2175 4346 qui
2199 4298 2389 4351 quam-

831 4379 1047 4431 cunque
1073 4367 1411 4432 tempestatis
1461 4368 1544 4420 vel
1585 4368 2069 4423 turbulentissimae
2108 4371 2213 4425 vim
2244 4388 2387 4427 con-

2489 3210 2792 3263 ἀνέστειλεν
2834 3208 3080 3275 ἀσχολία,
3128 3207 3293 3273 πολλή
3340 3224 3420 3265 τις
3466 3202 3597 3255 οὖσα
3644 3206 3733 3255 καὶ
3779 3204 3915 3269 αὕτη
3966 3206 4060 3255 καὶ

2494 3300 2635 3367 μάλα
2664 3298 2725 3361 γέ
2753 3315 2803 3349 τι
2833 3294 3346 3361 κατεσπουδασμένη
3383 3294 3517 3358 πρὸς
3546 3294 3725 3343 ὃπλων
3753 3295 3839 3343 καὶ
3875 3293 4058 3359 μάχης

2491 3389 2839 3456 παρασκευήν
2864 3404 2878 3419 ·
2918 3385 3131 3454 μέλλειν
3163 3383 3269 3450 γὰρ
3308 3382 3384 3452 [ί.
3425 3382 3523 3435 I05
3560 3380 3629 3450 τι]
3690 3383 3812 3433 ὅσον
3847 3382 4059 3433 οὐδέπω

2488 3474 2642 3540 λόγος
2664 3470 2731 3541 ἦν
2757 3474 3017 3539 πολεμίας
3045 3473 3105 3523 ἐκ
3133 3469 3395 3531 Γεννούας
3422 3471 3506 3521 ἐπ’
3527 3470 3720 3528 αὐτοὺς
3748 3470 4057 3521 καταπλεύο

2491 3585 2603 3619 σειν
2645 3568 2909 3634 τριήρεις.
2947 3565 3109 3615 Ὀθεν
3153 3565 3208 3614 ἐν
3256 3562 3446 3630 βραχεῖ
3490 3562 3585 3629 τὴν
3630 3562 3793 3629 νῆσον
3840 3562 4060 3629 ἐκείνην

2490 3658 2656 3709 ἐλθὼν
2690 3658 2786 3707 καὶ
2831 3655 3246 3721 περισκοπήσας
3288 3653 3503 3704 ἃπασαν
3526 3692 3539 3712 ,
3574 3652 3669 3703 καὶ
3702 3651 3799 3711 τὰς
3841 3652 4059 3719 ἐκείνης

2487 3750 2610 3799 ὅσον
2635 3748 2759 3813 ἐξῆν
2781 3746 3073 3813 ἱστορήσας
3100 3745 3300 3802 πόλεις,
3326 3736 3458 3811 ἧκον
3482 3742 3573 3793 ἐπὶ
3597 3742 3655 3792 τὸ
3686 3742 4054 3808 Ἀρτεμίσιον,

2492 3840 2699 3908 βόρειον
2740 3838 2910 3905 ἄκρον
2950 3836 3202 3894 Εὐϐοίας.
3250 3834 3516 3887 Κάκεῖθεν
3559 3833 3713 3892 αὖθις
3754 3833 4056 3899 ἀνάγεσθαι

2492 3928 2811 3998 βουλόμενον
2838 3927 3068 3995 ἐπέσχεν
3098 3923 3356 3991 ἐξαίφνης
3387 3925 3419 3992 ὴ
3449 3923 3557 3974 τῶν
3591 3923 3861 3989 πολεμίων
3892 3942 4060 3976 κατα-

2491 4017 2767 4070 πλεύσασα
2806 4016 3052 4081 δύναμις.
3088 4016 3347 4083 Τριήρεις
3386 4015 3493 4081 γὰρ
3535 4015 3899 4066 Γεννουῖτικαὶ
3932 4031 4059 4066 τεο·

2491 4106 2887 4176 σαρεσκαίδεκα
2910 4104 3163 4171 λήγοντος
3187 4104 3378 4172 θέρους
3400 4102 3655 4170 ὤφθησαν
3676 4105 3771 4170 τὴν
3792 4106 4060 4172 ταχίστην

2489 4198 2548 4255 ἐς
2583 4195 2823 4263 Ὦρωπδν
2866 4192 2960 4244 καὶ
3007 4192 3201 4244 Αὐλίδα
3248 4194 3630 4257 καταίρουσαι.
3680 4193 3898 4255 Μεταξὺ
3950 4195 4060 4260 γάρ

2489 4290 2607 4340 ταῖν
2655 4287 2800 4338 δυοῖν
2845 4285 3075 4336 ταύταιν
3122 4284 3445 4351 νοτιωτέραν
3487 4283 3585 4352 τὴν
3628 4284 3777 4335 θέσιν
3820 4268 4060 4352 ἐχουσῶν

2492 4379 2599 4431 τῶν
2635 4378 2840 4430 πόλεων
2874 4377 3019 4428 ἔστιν
3053 4377 3327 4443 ἐπιμήκης
3371 4375 3536 4443 λιμὴν
3565 4413 3579 4435 ,
3623 4376 3801 4426 πᾶσαν
3841 4376 4059 4441 ἀνέμων

833 4457 1026 4507 temnit
1053 4474 1066 4519 ;
1102 4456 1156 4508 in
1187 4472 1312 4510 eum
1342 4458 1508 4526 igitur
1550 4461 1711 4513 modo
1743 4461 1928 4514 hostes
1974 4462 2174 4516 invecti
2210 4474 2383 4518 erant.
2420 4448 2463 4500 θ
2493 4488 2508 4537 )

2420 4448 2463 4500 D
2493 4469 2765 4537 χλευάζων
2802 4468 2971 4535 βίαιον
3007 4466 3254 4534 κίνησιν,
3292 4468 3348 4524 ἐς
3389 4464 3447 4515 ὃν
3479 4464 3680 4529 ἀρτίως
3720 4465 4058 4516 ἐσέπλευσαν

833 4544 1058 4597 Postero
1088 4554 1272 4599 autem
1306 4547 1394 4599 die
1462 4549 1680 4616 triginta
1728 4561 1965 4619 quatuor
2020 4553 2272 4606 triremes
2295 4554 2390 4625 Ve-

834 4646 971 4688 neta:
990 4635 1098 4703 jam
1126 4637 1219 4688 diu
1245 4637 1515 4690 insidiata:
1549 4639 1660 4691 illis
1693 4640 1936 4693 hostium
1962 4642 2194 4694 navibus
2219 4644 2386 4695 adve—

831 4735 931 4779 cta:
960 4738 1150 4793 portus
1209 4726 1461 4781 faucibus
1501 4729 1812 4783 interclusis
1861 4731 2174 4787 Genuiticas
2221 4748 2387 4787 naves

835 4818 1155 4886 necopinato
1174 4819 1331 4887 quasi
1362 4821 1463 4871 reti
1483 4821 1795 4874 cinxerunt.
1827 4822 1905 4875 Ex
1930 4824 2132 4891 quibus
2149 4834 2387 4892 quatuor

832 4924 998 4962 naves
1025 4912 1203 4963 statim
1230 4912 1362 4965 velis
1391 4912 1585 4978 passis,
1629 4914 1784 4979 quasi
1833 4914 2075 4967 alearum
2103 4915 2270 4983 jactui
2329 4928 2387 4966 re

830 5003 1360 5067 commissa,aperto
1430 5002 1676 5068 periculo
1724 5003 1955 5056 dubium
2007 5004 2383 5071 prtclercntes,

830 5093 1068 5151 hostium
1099 5094 1336 5158 gladium
1367 5094 1853 5161 subterfugerant;
1906 5096 2146 5163 reliquas
2205 5105 2385 5148 autem

831 5198 993 5235 naves
1022 5184 1207 5250 paucis
1236 5184 1501 5251 exceptis,
1541 5187 1631 5251 qui
1667 5185 1719 5236 in
1748 5187 2120 5239 continentem
2151 5188 2387 5239 exsilue-

830 5284 977 5337 runt,
1017 5291 1205 5329 omnes
1226 5292 1348 5328 cum
1376 5276 1690 5329 hominibus
1716 5278 1903 5331 Veneti
1934 5286 2196 5346 ceperunt
2223 5295 2383 5331 manu

828 5365 933 5436 44
964 5382 1070 5417 non
1090 5377 1341 5419 conserta
1369 5383 1545 5435 neque
1578 5384 1753 5436 pugna
1779 5369 1954 5422 navali
1988 5370 2294 5421 commissa.
2321 5370 2386 5423 Et

830 5460 940 5509 ha-e
969 5459 1189 5525 quidem
1224 5475 1307 5511 res
1338 5462 1412 5512 sic
1445 5477 1500 5513 se
1526 5461 1640 5515 fere
1689 5461 1781 5514 illo
1835 5471 2078 5527 tempore
2130 5462 2383 5518 habebat.

832 5547 1126 5599 I‘rzelectus
1152 5558 1334 5599 autem
1369 5550 1559 5603 classis
1589 5550 1811 5602 Veneta:
1873 5560 2225 5617 posteaquam
2278 5562 2383 5603 tam

833 5654 1090 5705 prospere
1124 5654 1209 5691 res
1236 5639 1572 5703 ceciderunt,
1608 5640 1826 5694 Eubth
1858 5642 2183 5701 rationibus,
2210 5658 2385 5707 quan-

831 5739 943 5782 tum
974 5732 1201 5784 maxime
1241 5730 1354 5783 Iicri
1390 5732 1585 5798 potuit,
1614 5731 1901 5797 ordinatis,
1938 5733 2166 5787 natibus
2194 5734 2387 5787 solutis

2488 4562 2534 4611 οί
2568 4558 2832 4625 πολέμιοι.
2866 4558 2969 4609 Καὶ
3002 4557 3116 4624 ἆμα
3145 4558 3201 4615 ἐς
3227 4554 3324 4623 τὴν
3352 4554 3643 4621 ὑστεραίαν
3670 4554 3928 4620 τέσσαρες
3962 4558 4058 4605 καὶ

2488 4649 2781 4716 τριάκοντα
2806 4648 3051 4715 τριήρεις
3081 4646 3387 4707 Βενετικαῖ,
3419 4644 3517 4704 τὰς
3551 4642 3809 4709 πολεμίας
3840 4646 4057 4706 ἐκείνας

2490 4741 2552 4790 ἐκ
2597 4737 2796 4789 πολλοῦ
2838 4738 3195 4803 ναυλοχούσαι
3218 4775 3232 4797 ,
3267 4735 3609 4787 ἐπέπλευσαν
3644 4751 3701 4784 τε
3744 4737 3833 4786 καὶ
3866 4737 3924 4787 τὸ
3959 4738 4055 4787 τοῦ

2488 4830 2703 4898 λιμένος
2736 4827 2971 4895 ἔφραξαν
3006 4827 3197 4892 στόμα.
3228 4826 3346 4876 Τῶν
3375 4824 3467 4877 οὖν
3500 4824 3883 4876 Γεννουῖτικῶν
3918 4827 4055 4876 νεῶν

2486 4924 2561 4985 ὡς
2601 4926 2658 4976 ἐν
2697 4922 2897 4989 δικτύῳ
2938 4920 3089 4988 παρὰ
3130 4919 3283 4981 δόξαν
3321 4918 3419 4985 ἢδη
3469 4916 3957 4983 συγκλεισθεισῶν,
4001 4920 4055 4967 αἱ

2492 5012 2591 5079 μὲν
2620 5010 2881 5078 τέσσαρες
2914 5008 3073 5067 εὐθὺς
3105 5007 3513 5057 ἀναπετάσασαι
3543 5006 3611 5055 τά
3646 5005 3805 5061 ἱστία.
3836 5007 3927 5056 καὶ
3964 5024 4055 5057 κα-

2490 5100 2664 5167 θάπερ
2694 5100 2750 5149 ἐν
2782 5097 2967 5158 κύϐοις
2997 5093 3092 5147 τοῦ
3125 5094 3431 5162 προφανοῦς
3460 5093 3551 5145 τὸν
3582 5093 4055 5159 άμφιϐαλλὸμενον

2489 5187 2841 5255 ἁνΟελόμεναί
2884 5204 2943 5237 τε
2993 5188 3087 5237 καὶ
3135 5184 3501 5254 ἀναρρίῲασαι
3552 5184 3815 5246 κίνδυνον,
3866 5185 4053 5235 ἔλαθον

2489 5279 2688 5331 οὑτωσὶ
2733 5279 2793 5329 τὺ
2838 5276 3092 5342 πολέμιον
3138 5275 3415 5342 διαδρᾶναι
3464 5274 3646 5341 ξίφος·
3693 5275 3788 5334 τὰς
3835 5291 3899 5339 γε
3951 5277 4053 5341 μὴν

2490 5369 2827 5430 ἐπιλοίπους,
2863 5365 3002 5434 πλὴν
3036 5364 3229 5431 ὀλίγων
3265 5363 3473 5431 ἀνδρῶν
3510 5366 3563 5423 ἐς
3597 5363 3694 5426 τὴν
3730 5364 3926 5430 χέρσον
3964 5366 4051 5415 ἐκκ-

2489 5458 2913 5526 πεπηδηκότων,
2944 5455 3272 5522 αὐτάνδρους
3302 5453 3521 5513 ἁπάσας
3551 5449 3693 5503 εἷλον
3730 5455 3855 5519 πρὶν
3890 5455 4049 5521 ἄρξαι

2489 5551 2686 5616 χειρῶν
2714 5550 2804 5598 καὶ
2836 5546 3154 5613 ναυμαχίας.
3184 5545 3288 5594 Καὶ
3314 5544 3483 5595 ταῦτα
3514 5542 3610 5609 μὲν
3642 5543 3758 5609 τῇδέ
3790 5560 3863 5609 πη
3898 5545 4048 5613 ἔσχεν

2490 5643 2603 5692 ἐκεῖ
2637 5642 2757 5691 κατ’
2785 5640 2989 5688 ἐκεῖνον
3020 5635 3111 5686 τὸν
3144 5636 3331 5703 χρόνον
3360 5650 3371 5661 ε
3405 5634 3432 5684 ὃ
3466 5649 3528 5698 γε
3568 5634 3672 5701 μὴν
3704 5633 3795 5685 τοῦ
3839 5637 4049 5689 Βενετι-

2490 5733 2586 5783 κο]
2636 5729 2824 5782 στόλου
2868 5726 3157 5795 ναύαρχος,
3203 5727 3258 5788 ἐς
3305 5722 3458 5776 τοῦτο
3502 5724 3669 5792 τύχης
3716 5725 4046 5794 ἐληλυθότων
