4242 6342
176 402 241 459 33
534 450 538 455 .
1198 386 1636 452 animum
1677 387 2062 449 titsrouna
2106 389 2245 449 Lm.
2291 388 2467 448 xxv.
3356 392 3425 459 ει

173 508 318 575 αὑτῴ
354 505 467 558 τῶν
501 506 847 576 πραγμάτων
868 543 883 568 ,
919 504 988 557 τά
1024 519 1076 557 τε
1117 501 1244 570 περὶ
1270 494 1380 571 ¹τὴν
1414 498 1646 555 Εὔϐοιαν
1680 497 1755 559 ὥς
1784 502 1833 559 Α

1747 514 1755 559 ;
1784 502 1833 559 Α
1863 499 1998 554 velis
2026 500 2204 568 plenis
2236 499 2362 553 inde
2431 504 2579 553 recta
2614 496 2931 568 Byzantium
2983 513 3172 555 versus
3202 516 3422 556 cursum

175 598 301 663 ἐνῆν
333 598 667 667 διῳκήσατο,
702 596 794 648 καὶ⁸
824 594 939 662 ἅμα
970 594 1238 663 πλήρεσιν
1270 592 1462 653 ἱστίοις
1494 590 1663 650 λύσας
1693 588 1755 653 ιε

177 685 407 746 Είιδοὲας
442 684 656 752 ἀνήχθη
686 682 817 735 εὐθὺ
850 682 1144 744 Βυζαντίου
1182 679 1503 745 ποιούμενος
1533 676 1632 745 τὴν
1662 692 1757 729 πο·

179 776 352 840 ρεὲαν.
396 773 550 823 Ἐπεὶ
581 770 638 823 δὶ
678 768 881 839 μεταξὺ
910 767 1203 837 γεγένηταί
1235 767 1283 818 οῖ
1318 765 1507 833 μαθεῖν
1537 764 1595 815 ὲν
1625 764 1757 814 θεσ-

179 863 441 932 σαλονίκη
470 853 769 930 δίατρίδειν
794 860 885 913 τὸν
912 860 1154 930 βασιλέα,
1182 860 1455 926 τέσσαρας
1484 854 1594 907 τῶν
1621 853 1755 906 νεῶν

176 954 589 1021 ἀπηλεξάμενος
636 953 726 1005 καὶ
768 951 877 1004 τῶν
925 952 1162 1020 μάλιστά
1204 952 1251 1001 οῖ
1295 948 1631 1001 πιστοτάτων
1676 947 1755 997 ἐνὶ

182 1044 497 1114 παραδοὺς,
530 1042 935 1114 πρεσϐεύσοντα
961 1042 1171 1111 πέμπει
1203 1042 1335 1111 πρδς
1369 1039 1597 1110 βασιλέα
1629 1040 1757 1107 περὶ

181 1134 510 1203 συμμαχίας
551 1134 694 1187 κατά
735 1133 846 1186 τῶν
890 1130 1085 1185 κοινῶν
1129 1131 1363 1202 ἐχθρῶν.
1409 1131 1581 1192 Αὐτὸς
1625 1130 1671 1181 δ’
1700 1134 1756 1190 ἐς

178 1224 477 1283 Βυζάντιον
527 1225 747 1295 ήλαυνε,
794 1225 1152 1295 καρτερήσων
1198 1223 1299 1294 τήν
1346 1224 1441 1275 τοῦ
1492 1220 1756 1290 βασιλέως

176 1315 389 1384 ἇῳιξιν.

247 1407 351 1460 IA'.
416 1404 591 1465 Αὐτὸς
620 1403 666 1459 δ’
704 1404 772 1459 ἀν
805 1405 1004 1473 είδτίης
1042 1404 1250 1474 βέλτιον
1282 1403 1418 1476 έμοῧ
1469 1404 1537 1458 τὰ
1581 1403 1736 1472 ἑξῆς.

179 1496 342 1558 αὖτός
374 1513 433 1548 τε
462 1493 655 1564 παρὼν
699 1496 1006 1565 γινομένοις
1036 1498 1128 1548 καὶ
1159 1496 1397 1565 βλέπων,
1428 1495 1520 1548 καὶ
1553 1496 1758 1563 σφόδρα

180 1589 263 1640 axi
287 1586 531 1656 σπουδῆς
551 1587 621 1639 τὰ
646 1587 865 1640 τοιαῦτα
902 1587 1244 1657 συγγράφειν
1267 1587 1426 1655 ἔχων.
1477 1586 1620 1654 Ἐγὼ
1646 1588 1757 1656 γάρ

182 1683 304 1739 τους
338 1681 401 1731 ὲν
443 1679 684 1749 θαλάττῃ
720 1681 861 1742 τέως
893 1678 1080 1742 δεδιὼς
1110 1678 1374 1748 θορύϐους
1410 1679 1546 1732 κατά
1574 1679 1756 1747 χώραν

1862 584 2118 638 intendit.
2154 585 2368 639 Interea
2401 599 2533 638 vero
2566 586 2770 639 certior
2819 585 2998 641 factus
3040 589 3425 657 imperatorem

1863 671 2263 729 Thessalonicae
2318 678 2670 739 commorari,
2715 687 2952 746 quatuor
2976 678 3140 747 elegit
3193 696 3260 734 ex
3315 682 3427 735 suis

1864 761 2121 822 navibus,
2157 764 2358 830 quibus
2396 781 2562 818 unum
2595 781 2661 818 ex
2705 765 3038 820 fidelissimis
3090 767 3197 820 sibi
3232 770 3425 836 prafe-

1862 853 1937 903 cit
1970 861 2027 905 et
2051 852 2118 905 ad
2154 853 2540 921 imperatorem
2594 857 2660 910 de
2708 857 2975 911 societate
3015 868 3209 911 contra
3244 860 3429 912 hostes

1864 945 2493 1013 communcsjungcnda
2534 957 2785 1001 acturum
2845 949 3014 1002 misit.
3073 949 3191 1017 Ipse
3244 963 3424 1004 autem

1864 1032 2182 1101 Byzantium
2215 1050 2444 1088 cursum
2475 1036 2697 1103 direxit,
2750 1038 3102 1107 imperatoris
3132 1039 3426 1094 adventum

1859 1121 1933 1175 ibi
1968 1124 2394 1191 pmstolaturus.

1933 1398 2069 1455 XIV.
2103 1399 2183 1454 Tu
2213 1416 2342 1454 vero
2370 1401 2482 1471 jam
2510 1416 2574 1457 ea
2623 1420 2747 1474 quae
2782 1406 3030 1460 insecuta
3090 1415 3242 1468 sunt,
3288 1421 3427 1474 quo-

1862 1493 2025 1546 modo
2060 1508 2178 1546 sese
2210 1492 2469 1556 habeant,
2500 1508 2584 1548 me
2614 1496 2809 1550 melius
2836 1497 3165 1566 coguovisﬁ,
3218 1510 3277 1551 ut
3329 1498 3423 1565 qui

1860 1584 1977 1652 ipse
2006 1584 2172 1637 rebus
2195 1584 2461 1649 adfueris,
2516 1585 2630 1653 ipse
2659 1585 2867 1640 videris
2919 1601 3124 1655 easque
3176 1588 3422 1641 conscri-

1864 1674 1995 1728 bere
2023 1676 2395 1744 maximoperc
2434 1677 2683 1732 studeas.
2720 1679 2831 1747 Ego
2864 1692 2995 1732 vero
3021 1680 3308 1743 tumultus,
3330 1680 3423 1747 qui

189 1771 377 1834 μένειν
408 1770 599 1839 ἔκρινα
634 1773 746 1823 δεῖν
773 1772 832 1822 ὲν
880 1769 1080 1839 καιρῷ.
1120 1770 1252 1823 Ὅτε
1284 1769 1348 1837 δὴ
1382 1770 1473 1821 καὶ
1503 1770 1602 1831 τὰς
1629 1769 1759 1820 Γεν-
1789 1793 1835 1849 Β

1748 1799 1759 1808 -
1789 1793 1835 1849 Β
1864 1778 2011 1816 mare
2052 1768 2506 1833 pervagabantur,
2567 1776 2843 1831 metuens,
2882 1767 2934 1820 in
2969 1768 3092 1821 loco
3124 1766 3257 1820 mihi
3309 1782 3423 1820 ma-

192 1862 475 1923 νουῖτικάς
510 1862 719 1922 ὲκείνας
743 1862 1008 1930 τέσσαρας
1032 1862 1281 1930 τριήρεις
1298 1859 1761 1929 παλινδρομούσας

188 1952 531 2019 ἐθεασάμην.
578 1952 631 2005 αῖ
679 1954 966 2020 διαφυγεῖν
1004 1951 1378 2022 ἐδυνήθησαν,
1421 1950 1497 2014 ῶς
1526 1952 1765 2022 είρήκει-

190 2058 311 2107 μεν,
358 2044 452 2094 τὸν
488 2042 595 2111 πρὸ
649 2041 879 2111 βραχέος
935 2043 1143 2094 ἐκεῖνον
1201 2042 1482 2106 κίνδυνον,
1531 2041 1656 2108 μίαν
1705 2058 1762 2093 τε

188 2133 322 2184 κατά
371 2134 433 2184 τὸ
463 2132 685 2201 λεληθὸς
715 2135 824 2185 τῶν
868 2133 1129 2203 παράλων
1168 2133 1394 2195 έλούσας
1430 2134 1765 2187 πλουσιωτά-

188 2242 283 2291 την
318 2224 551 2287 Εὖϐοίας
582 2225 759 2287 πόλιν,
795 2225 887 2278 καὶ
915 2225 1540 2296 ἐξανδραποδισαμένους
1570 2228 1632 2279 ἐκ
1671 2226 1765 2279 τοῦ

190 2316 487 2384 αἰφνιδίου,
516 2319 610 2370 καὶ
644 2317 1047 2386 ἀπεληλυθυίας
1096 2318 1260 2381 εὐθὺς
1293 2317 1415 2387 μεθ’
1436 2311 1511 2370 ὧν
1555 2317 1767 2370 ἀπώλε-

194 2425 288 2459 σαν
321 2410 599 2478 πρότερον
650 2410 1019 2478 στρατιωτῶν,
1056 2409 1132 2479 μὴ
1170 2410 1561 2479 προαισθέσθαι
1607 2410 1769 2481 δυνη-

195 2501 399 2552 θέντων
454 2500 564 2551 τῶν
597 2499 869 2562 Εὐϐοέων,
907 2499 1045 2553 ἀλλά
1088 2500 1180 2551 τὸν
1226 2500 1591 2568 Ἐνδυμίωνος
1631 2500 1768 2562 τέως

192 2592 373 2641 εἰπεῖν
404 2589 779 2644 καθευδόντων
810 2588 979 2643 ὕπνον
1008 2590 1096 2644 διά
1122 2607 1185 2659 γε
1224 2591 1284 2643 τὸ
1325 2590 1555 2660 ἔναγχος
1596 2594 1769 2644 ἐκεῖνο

194 2681 546 2751 πρ’.τέρημα.

258 2771 367 2825 ΙΕ⁹.
401 2773 481 2824 υὺ
528 2772 696 2835 πολὺς
743 2771 945 2841 μεταξὺ
974 2773 1260 2844 παρερῤύη
1292 2777 1509 2844 χρόνος,
1550 2776 1643 2829 καὶ
1669 2775 1767 2837 τὰς

192 2864 489 2923 Βενετικέις
521 2861 731 2923 ὲκείνας
757 2862 1011 2932 ιθεὼμην
1039 2864 1302 2932 τέτταρας
1335 2867 1425 2915 καὶ
1472 2865 1769 2934 τριάκοντα

193 2956 445 3022 τριήρης
483 2953 659 3005 οῖκαδε
689 2952 976 3017 κατιούσας
1018 2954 1332 3023 ἀπράκτους
1366 2956 1431 3006 ἐκ
1469 2953 1769 3016 Βυζαντίου

193 3044 277 3096 διὰ
334 3045 396 3095 τὸ
448 3043 506 3098 έν
560 3043 925 3114 Θεσσαλονίκῃ
972 3044 1273 3113 τηνικαῦτα
1331 3044 1630 3115 διατρίϐειν
1676 3047 1769 3097 τὸν

1866 1853 2104 1907 nendum
2134 1870 2255 1909 esse
2285 1857 2530 1922 decrevi,
2578 1874 2705 1910 cum
2752 1860 3057 1927 prmsertim
3104 1874 3271 1915 naves
3303 1876 3429 1927 qua-

1866 1952 1991 1998 tuor
2019 1944 2154 1998 istas
2182 1944 2524 2010 Gcnucnses,
2560 1963 2696 2017 quas
2736 1948 3040 2018 periculum
3094 1950 3257 2018 paulo
3299 1961 3427 2003 ante

1864 2035 2245 2106 subterfugere
2280 2041 2521 2108 potuisse
2553 2039 2816 2104 diximus,
2860 2056 3151 2096 recurrere
3184 2050 3241 2096 et
3280 2043 3421 2096 clam

1866 2143 1973 2182 una
1999 2145 2065 2183 ex
2093 2132 2525 2199 opulentissimis
2556 2132 2775 2187 Eubaaa:
2807 2132 3038 2187 urbibus
3075 2133 3141 2186 ad
3179 2148 3327 2192 mare
3350 2134 3426 2187 si-

1866 2218 1937 2271 tis
1962 2226 2122 2285 capta
2179 2230 2344 2287 atque
2403 2231 2631 2288 repente
2680 2221 2926 2293 direpta,
2978 2237 3102 2275 cum
3164 2223 3431 2275 militibus

1865 2322 2005 2376 quos
2032 2318 2190 2362 antea
2210 2310 2531 2372 amiserant,
2592 2326 2782 2364 rursus
2831 2311 2986 2366 abire
3024 2312 3295 2374 viderem,
3320 2312 3431 2365 Eu-

1868 2399 2186 2454 bmensit-us
2203 2417 2310 2455 non
2337 2403 2439 2457 tale
2463 2403 2593 2472 quid
2620 2404 3118 2473 praesentientibus,
3136 2406 3228 2460 sed
3252 2405 3429 2476 Endy-

1867 2492 2070 2547 mionis
2092 2508 2371 2557 somnum,
2408 2508 2469 2549 ut
2501 2496 2676 2561 aiunt,
2731 2497 2804 2551 ob
2834 2505 3112 2551 recentem
3145 2497 3293 2551 illam
3352 2500 3431 2551 vi-

1868 2584 2098 2637 ctoriam
2132 2585 2562 2640 dormientibus.

1934 2767 2043 2838 55
2074 2768 2190 2824 XV.
2251 2768 2369 2824 Non
2416 2768 2488 2823 ita
2522 2769 2693 2823 multo
2749 2778 2872 2838 post
2904 2769 3068 2824 etiam
3101 2769 3430 2825 Venetorum

1869 2863 2122 2917 triremes
2145 2872 2382 2931 quatuor
2407 2871 2463 2916 et
2517 2864 2709 2931 viginti
2758 2862 3025 2933 Byzantio
3052 2861 3273 2915 domum
3311 2864 3435 2915 red-

1868 2963 2059 3007 euntes
2087 2954 2337 3008 videbam
2373 2969 2431 3007 re
2466 2953 2684 3015 infecta,
2724 2954 2870 3023 quod
2904 2953 3307 3007 Thessalonica:
3336 2954 3435 3007 im—

1870 3053 2091 3113 perator
2124 3055 2236 3098 tum
2269 3046 2612 3098 versabatur.
2667 3043 2855 3099 llieme
2886 3053 3066 3098 autem
3094 3046 3300 3098 interea
3325 3046 3436 3098 ela-

199 3134 454 3201 βατιλέα.
504 3132 656 3185 Ἐπεὶ
707 3134 763 3185 δὲ
816 3135 909 3186 καὶ
952 3136 981 3186 ὁ
1038 3135 1134 3202 μὲν
1183 3134 1392 3203 χειμὼν
1450 3138 1511 3187 ἑν
1559 3127 1841 3200 τούτοιςῦ

1759 3155 1770 3200 ;
1798 3127 1841 3185 C
1874 3149 1965 3203 psa
1996 3149 2117 3187 cum
2145 3134 2255 3203 jam
2288 3136 2440 3187 verni
2479 3134 2611 3188 solis
2641 3134 2789 3188 faces
2816 3136 3270 3199 accenderentur,
3299 3150 3434 3203 qua-

196 3225 401 3293 παρῄει
455 3227 552 3278 καὶ
590 3226 643 3277 αῖ
688 3226 829 3279 κατά
865 3224 925 3295 [ι.
976 3223 1077 3278 105
1107 3224 1159 3296 ὁ]
1200 3227 1260 3278 τὸ
1304 3226 1399 3294 Εαρ
1432 3226 1583 3296 ήλίου
1631 3226 1769 3296 λαμ-

194 3317 371 3377 πάδες
402 3317 709 3386 ἀνήπτοντο
736 3356 751 3380 ,
789 3317 1290 3385 τεσσαρεσκαίδεκα
1331 3320 1584 3388 τριήρεις
1613 3318 1769 3382 αὖθις

193 3410 256 3460 ὲκ
297 3407 551 3469 Βενετίας
598 3407 653 3468 l;
702 3407 999 3470 Βυζάντιον
1046 3407 1195 3469 ὅλαις
1246 3408 1526 3460 ἀνέϐαινον
1558 3392 1770 3469 κώπαις

195 3502 283 3550 καὶ
335 3498 491 3559 ὅλαις
534 3498 727 3567 ὁρμαῖς
764 3499 861 3567 τῆς
884 3497 1083 3567 ψυχῆς,
1127 3498 1212 3567 ἐφ’
1236 3491 1279 3564 ᾧ
1320 3498 1414 3549 τὸν
1444 3500 1537 3551 τοῦ
1568 3499 1769 3553 Πόντου

198 3588 712 3656 προκατειληφυίας
744 3587 946 3656 αὐχένα
979 3589 1079 3650 τὰς
1120 3589 1468 3653 Γενουῖτικάς
1495 3593 1772 3661 ναυλοχεῖν

195 3678 457 3740 ολκάδας,
498 3678 552 3729 αἳ
594 3679 691 3747 τὴν
737 3678 1103 3748 σιτοπομπίαν
1135 3680 1343 3734 ἄνωθεν
1371 3684 1434 3733 ἐκ
1462 3682 1559 3734 τοῦ
1590 3683 1773 3747 Εὐξεί-

197 3783 292 3819 νου
319 3764 417 3819 καὶ
450 3765 559 3819 τῶν
588 3763 868 3817 Σκυθικῶν
891 3766 1172 3833 παραλίων
1204 3768 1521 3837 ἐσκομίζειν
1547 3769 1772 3839 ἔμελλον

198 3858 314 3917 τοῖς
350 3858 416 3907 ἐν
446 3855 706 3907 Γαλάτου.
743 3854 866 3907 Τῶν
896 3870 956 3922 γε
988 3855 1095 3925 μὴν
1125 3856 1251 3926 ἑξῆς
1281 3858 1441 3922 αὐτὸς
1482 3860 1548 3912 ἂν
1574 3860 1773 3927 εἰδείης

202 3946 363 4011 αὖθις
401 3948 635 4001 ἐνταῦθα
664 3948 853 4017 παρὼν
878 3950 970 4002 καὶ
991 3951 1131 4019 ὁρῶν
1163 3952 1408 4019 ἀκριϐῶς
1445 3953 1544 4021 τὴν
1570 3954 1773 4007 ἀπόϐα-

204 4058 315 4094 σιν.
362 4040 520 4109 Ἐμοὶ
556 4042 665 4110 γάρ
699 4043 967 4111 ἀμυδραῖς
1002 4059 1141 4094 τισιν
1177 4043 1365 4105 ἀκοαῖς
1397 4044 1773 4114 μεμαθηκέναι

204 4133 659 4199 συμπέπτωκεν,
720 4133 837 4186 ἐκεῖ
877 4134 1201 4201 διατρίϐοντι
1228 4174 1241 4196 ,
1295 4135 1364 4186 τά
1416 4152 1472 4186 τε
1506 4136 1639 4187 ἀλλα
1685 4138 1776 4191 καὶ

202 4223 279 4283 ὡς
313 4219 515 4289 μικροῦ
559 4221 740 4274 πᾶσαν
788 4222 888 4291 τὴν
916 4222 1011 4274 τοῦ
1046 4223 1346 4276 Γαλατικοῦ
1381 4228 1643 4294 φρουρίου
1680 4227 1772 4279 δύ-

208 4328 407 4379 ναμιν,
443 4312 554 4362 ἀνω
581 4311 679 4379 μὲν
716 4314 862 4381 παρά
898 4313 988 4365 τὸν
1019 4308 1268 4377 Εὓξιινον
1301 4317 1493 4368 πόντον
1523 4318 1775 4369 ἀποκλει-

1873 3224 2176 3278 tuordccim
2210 3239 2375 3278 naves
2408 3239 2599 3277 rursus
2631 3224 2874 3278 Venetiis
2908 3224 3225 3294 Byzantium
3260 3236 3437 3278 ventis

1872 3317 2041 3369 remis
2091 3316 2353 3385 omnique
2406 3316 2573 3367 animi
2627 3316 2831 3382 impetu
2883 3318 3331 3380 contenderunt,
3378 3329 3438 3370 ut

1874 3407 2031 3462 Ponti
2060 3406 2311 3461 faucibus
2339 3408 2622 3475 occupatis
2642 3406 3015 3462 Genuensium
3050 3407 3279 3460 navibus
3308 3421 3439 3459 one-

1874 3500 2036 3554 rariis
2084 3500 2497 3563 insidiarentur,
2549 3515 2673 3569 qua:
2713 3500 2783 3553 ab
2838 3500 3220 3568 superioribus
3276 3498 3435 3551 Ponti

1876 3586 2071 3641 Euxini
2109 3586 2222 3640 oris
2252 3596 2305 3639 et
2335 3586 2657 3656 Scytharum
2690 3587 2851 3642 terris
2880 3588 3013 3641 mari
3060 3588 3436 3657 adjaceutihus

1873 3676 2124 3732 Galatteis
2188 3686 2554 3731 commeatum
2602 3687 3052 3747 transportatum
3092 3689 3266 3733 erant.
3332 3679 3439 3731 Res

1874 3779 2080 3833 autem,
2109 3787 2229 3839 qua:
2257 3774 2514 3825 insecuta:
2543 3772 2672 3834 sint,
2704 3786 2866 3839 quem
2891 3771 3093 3823 exitum
3120 3769 3435 3831 habuerint,

1876 3870 1934 3914 tu
1969 3863 2082 3930 ipse
2124 3872 2375 3915 accurate
2426 3861 2553 3923 scis,
2606 3877 2728 3915 cum
2780 3876 3022 3931 praesens
3068 3876 3165 3915 eas
3210 3860 3435 3914 videris.

1876 3952 1985 4022 Ego
2036 3952 2180 4005 enim
2239 3951 2352 4006 illic
2405 3963 2770 4007 commoratus
2827 3963 3033 4006 tantum
3079 3969 3141 4006 ex
3192 3952 3440 4005 obscuris

1875 4042 2207 4112 quibusdam
2246 4044 2560 4099 rumoribus
2607 4060 2731 4098 cum
2786 4045 2888 4098 alia
2939 4053 3049 4096 tuin
3098 4046 3202 4097 hoc
3230 4044 3437 4104 audivi,

1876 4134 2113 4189 Venetos
2140 4136 2531 4203 propemodum
2556 4146 2780 4189 cunctas
2804 4135 3007 4189 castelli
3030 4135 3249 4190 Galata-i
3275 4150 3439 4188 naves

1876 4226 2051 4281 Ponto
2096 4226 2305 4280 Euxino
2339 4229 2660 4281 interclusas
2696 4227 2923 4296 cepisse,
2962 4242 3082 4281 cum
3127 4227 3287 4281 modo
3346 4228 3442 4281 de-

1876 4320 2242 4381 scendissent,
2278 4328 2330 4372 et
2358 4318 2616 4385 majorem
2652 4318 2869 4386 quidem
2918 4333 3105 4371 earum
3139 4328 3345 4386 partem
3373 4319 3439 4369 ad

204 4402 455 4463 σθεῖσαν,
488 4401 614 4464 ἄρτι
643 4400 700 4452 δὲ
736 4399 1053 4467 κατιοῦσαν,
1112 4404 1306 4467 ἕλοιεν,
1363 4406 1504 4457 κατά
1558 4406 1652 4474 μὲν
1683 4408 1774 4459 τὸν
1808 4404 1853 4499 D’

1767 4404 2036 4499 tD'Ponti
2088 4411 2268 4464 fauces
2313 4426 2421 4477 quo
2471 4410 2607 4463 nihil
2660 4410 2887 4477 periculi
2928 4410 3217 4476 suspicatae
3274 4417 3442 4461 vecta:

203 4491 413 4555 αὐχένα
446 4487 543 4540 τοῦ
581 4488 781 4540 Πόντου
818 4489 915 4558 τήν
968 4490 1140 4542 πλείω
1190 4490 1482 4543 κατιοῦσαν
1509 4496 1596 4547 διά
1620 4512 1682 4562 γε
1710 4496 1773 4565 δὴ

204 4581 264 4631 τὸ
313 4580 391 4645 μὴ
447 4578 869 4647 προαισθέσθαι,
900 4579 998 4648 τὴν
1051 4580 1106 4632 δὲ
1137 4581 1329 4651 λοιπὴν
1363 4584 1618 4652 μείνασαν
1665 4584 1777 4637 διε-

206 4670 568 4737 σπασμένως,
632 4670 738 4737 ὅπη
799 4670 864 4736 δὴ
918 4671 1013 4722 καὶ
1065 4670 1217 4740 τύχοι
1275 4674 1520 4741 ὁρμοῦσι
1572 4675 1775 4744 ἑκάστη

209 4759 495 4827 σποράδην
539 4760 677 4809 κατὰ
704 4758 773 4809 τὰ
796 4758 891 4809 τοῦ
926 4759 1128 4811 Πόντου
1162 4762 1399 4823 ἐπίνεια,
1433 4763 1778 4830 παραπλέον-

206 4868 292 4911 τε,
325 4850 577 4917 ὕστερον.
612 4851 766 4902 Ἐπεὶ
797 4851 970 4902 δὲκαὶ
1011 4850 1301 4919 σύμμαχον
1342 4853 1441 4922 ήδη
1477 4856 1655 4922 σχοῖεν
1688 4853 1778 4907 τὸν

211 4939 446 5007 βασιλέα
473 4937 771 5003 Βενετικο“τ,
804 4939 866 4991 ἐκ
894 4956 952 4991 τε
986 4944 1087 5010 γῆς
1114 4942 1207 4992 καὶ
1228 4942 1494 5012 θαλάττης
1520 4944 1780 5013 πλείστην

211 5031 674 5099 εἰσενεγκάμενον
711 5030 963 5099 δύναμιν,
989 5034 1084 5083 καὶ
1117 5032 1232 5101 ἅμα
1264 5034 1511 5102 τριήρεις
1547 5036 1778 5102 προσέλ-

212 5124 358 5175 θοιεν
389 5124 574 5190 σφίσιν
625 5125 688 5175 ἐκ
721 5124 886 5193 νήσου
928 5126 1025 5193 τῆς
1057 5125 1279 5195 Κρήτης
1329 5123 1475 5177 ὀκτὼ
1509 5126 1783 5194 συμμαχί-

210 5217 320 5280 δες,
353 5217 448 5268 καὶ
478 5215 613 5283 πρὸς
640 5215 851 5276 τούτοις
879 5215 1101 5277 ὁλκάδες
1133 5217 1557 5268 συσκευασθεῖεν
1590 5216 1648 5281 ἓξ
1677 5217 1783 5269 τῶν

215 5312 358 5359 πάνυ
398 5307 709 5375 μεγίστων,
749 5306 995 5373 μηχανὰς
1044 5306 1389 5368 παντοδαπὰς
1429 5309 1519 5359 καὶ
1555 5308 1783 5365 ὁπλίτας

216 5400 476 5469 ἀρίστους
505 5377 763 5464 φέρουσαι
800 5398 1107 5457 πλείστους,
1151 5398 1361 5465 καίριον
1391 5397 1493 5466 ήδη
1524 5398 1784 5467 νομισθῆ-

219 5508 305 5542 ναι
337 5490 454 5549 τοῖς
488 5490 659 5539 ἅπασι
707 5487 911 5548 πάσαις
939 5486 1073 5554 ὁμοῦ
1116 5487 1381 5556 δυνάμεσι
1414 5490 1784 5556 προσελάσαν-

222 5600 313 5644 τας
350 5580 739 5633 κυκλώσασθαι
771 5581 830 5631 τὸ
858 5581 1121 5649 φροῠριον
1156 5580 1487 5649 αὐθημερόν.
1526 5585 1633 5633 Καὶ
1663 5583 1783 5636 τού-

223 5691 331 5725 των
385 5671 587 5722 οὐτωσὶ
639 5671 1045 5739 πεπραγμένων
1098 5671 1392 5740 ἀνυσθῆναι
1431 5673 1584 5739 σφίσι
1616 5674 1783 5742 μηδὲν

226 5762 579 5831 ἠκηκόειμεν,
615 5761 689 5823 ὡς
723 5763 1024 5829 ἀπογνόντα
1052 5761 1241 5815 λοιπὸν
1275 5763 1364 5815 τὸν
1390 5762 1488 5833 τῆς
1522 5764 1782 5832 ναυτικῆς

1882 4514 2088 4561 essent,
2122 4503 2357 4571 reliquas
2388 4517 2517 4554 vero
2564 4501 2840 4569 dispersas
2896 4500 2950 4553 in
2999 4500 3229 4568 singulis
3255 4500 3442 4551 statio-

1882 4592 2046 4645 nibus
2077 4592 2253 4656 Ponti,
2280 4593 2367 4645 ubi
2400 4607 2627 4661 quaeque
2660 4593 2713 4644 in
2741 4591 2955 4644 ancoris
2980 4589 3189 4651 fuisset,
3223 4599 3443 4658 praeter-

1883 4683 2192 4751 navigando
2237 4693 2424 4749 postea
2467 4696 2789 4749 occupasse.
2836 4679 2972 4734 Cum
3016 4690 3198 4733 autem
3250 4679 3439 4732 Veneti

1878 4777 1989 4845 jam
2032 4776 2445 4843 imperatorem,
2480 4774 2571 4841 qui
2605 4783 2748 4825 terra
2780 4771 3024 4839 marique
3070 4771 3329 4822 maximas
3354 4784 3444 4821 co-

1880 4870 1998 4936 pias
2020 4867 2361 4930 contulisset,
2391 4865 2597 4919 socium
2629 4864 2733 4916 sibi
2757 4863 3134 4931 adiunxissent
3167 4862 3439 4915 triremes-

1883 4971 1990 5023 que
2025 4970 2092 5008 ex
2138 4953 2299 5009 Creta
2342 4965 2468 5008 octo
2516 4953 2695 5006 socias
2755 4953 3134 5018 accepissent,
3183 4958 3444 5017 praeterea

1883 5044 1993 5115 46
2020 5058 2113 5098 sex
2171 5057 2335 5096 naves
2386 5041 2667 5094 onerarias
2720 5042 2985 5092 maximas
3044 5040 3192 5091 omni
3246 5052 3444 5106 genere

1885 5135 2261 5189 machinarum
2299 5140 2353 5186 et
2402 5132 2585 5199 gravis
2627 5140 2915 5184 armatura:
2956 5128 3224 5181 militibus
3270 5125 3442 5194 pluri-

1885 5227 1988 5280 mis
2022 5226 2447 5289 fortissimisque
2506 5222 2801 5275 instructas
2848 5229 3279 5288 comparassent,
3333 5218 3442 5287 jam

1886 5317 2143 5370 omnibus
2208 5316 2466 5367 idoneum
2525 5322 2739 5380 tempus
2804 5312 2979 5363 visum
3040 5324 3159 5363 esse
3232 5308 3446 5362 cunctis

1886 5406 2058 5473 copiis
2088 5406 2336 5472 protinus
2351 5404 2631 5457 castellum
2651 5402 2932 5455 adoriendi
2952 5413 3113 5468 atque
3132 5398 3444 5452 obsidendi.

1887 5496 2003 5549 Tali
2043 5496 2255 5548 ratione
2294 5494 2454 5547 rebus
2484 5493 2749 5546 institutis
2779 5492 2915 5546 nihil
2948 5495 3015 5545 ab
3047 5492 3113 5544 iis
3145 5491 3206 5543 ad
3235 5490 3441 5544 exitum

1887 5581 2181 5635 adductum
2215 5596 2355 5641 esse,
2389 5580 2764 5643 audiebamus,
2816 5581 2885 5633 ita
2923 5590 2980 5632 ut
3006 5580 3197 5633 classis
3227 5579 3446 5633 Venetae

1888 5672 2175 5741 prtcfectus
2225 5686 2280 5723 re
2326 5671 2433 5739 jam
2494 5672 2781 5740 dCSperala
2826 5680 2880 5723 ct
2945 5672 3293 5738 imperatore,
3351 5669 3445 5736 qui

1890 5765 2089 5818 bellum
2121 5771 2559 5833 persequeretur,
2595 5764 2807 5831 I'CiiClO,
2843 5777 3051 5817 summa
3098 5764 3447 5818 festinatione
