4242 6342
814 393 883 452 35
1989 372 2407 434 NICEPIIORI
2449 367 2834 431 GREGOIUE
3981 367 4048 426 εδ

819 499 1157 560 recessisset,
1192 491 1396 548 certior
1431 486 1608 542 factus
1632 487 1699 542 ab
1727 487 1912 542 Genua
1948 488 2056 555 jam
2095 485 2374 552 sexaginta
2416 492 2457 544 Α
2491 500 2494 516 ι

2373 526 2374 533 η
2416 492 2457 544 Α
2491 480 2599 533 τῶν
2632 477 2936 533 Βενετικῶν
2982 476 3269 546 δυνάμεως
3317 474 3584 546 ναύαρχον
3626 475 3720 528 τοῦ
3760 477 3858 544 μὲν
3896 476 4048 526 πολέ-

819 595 1072 647 triremes
1096 596 1296 655 pra-ter
1337 579 1582 635 omnium
1629 579 2091 649 exspectationem
2124 577 2176 629 in
2209 576 2378 630 altum

818 690 1041 737 evectas
1069 688 1208 728 (⁸1313.

890 855 1029 907 XVI.
1061 854 1184 906 llzec
1211 851 1465 920 equidem
1515 864 1544 902 a
1590 845 1768 916 patria
1815 852 2062 898 remotus
2087 841 2243 911 quasi
2287 855 2384 909 per

821 946 1076 1000 nebulam
1112 944 1334 1007 audivi;
1364 951 1420 994 tu
1455 949 1636 994 autem
1665 938 1976 991 narratione
2003 933 2386 1003 progrediente

820 1039 1036 1090 veriora
1069 1037 1314 1102 qua-dam
1345 1044 1510 1099 atque
1551 1029 1788 1085 certiora
1819 1030 1886 1080 de
1931 1025 2099 1078 rebus
2151 1023 2240 1077 hic
2271 1033 2385 1076 tum

821 1127 989 1195 gestis
1027 1137 1288 1191 expones.
1337 1121 1542 1175 additis
1585 1121 1755 1173 etiam
1797 1131 1978 1169 rerum
2007 1115 2208 1168 causis.
2236 1111 2389 1166 Nune

822 1231 952 1268 vero
991 1230 1077 1266 res
1122 1228 1354 1282 quarum
1409 1213 1525 1279 ipse
1571 1210 1680 1262 illic
1735 1215 2013 1275 spectator
2048 1205 2146 1265 fui.
2192 1218 2258 1256 ex
2292 1218 2382 1255 or-

822 1307 949 1358 dine
985 1306 1082 1357 tibi
1135 1310 1395 1357 accurate
1431 1310 1596 1365 atque
1635 1295 1952 1366 singillatim
1989 1293 2242 1346 referam.
2285 1292 2390 1345 Rc-

823 1396 1144 1449 vertendum
1188 1393 1353 1461 igitur
1389 1391 1551 1442 nobis
1619 1397 1704 1442 est
1761 1385 1828 1439 ad
1881 1385 1933 1436 id
1975 1385 2119 1436 unde
2164 1382 2392 1451 digressi

827 1502 1039 1549 Sumus,
1072 1492 1132 1536 nt
1169 1482 1415 1536 historiae
1462 1479 1800 1534 continuitas
1848 1476 2162 1544 praeclaram
2213 1489 2393 1526 rerum

829 1575 1159 1643 cognitionis
1188 1573 1500 1626 facilitatem
1532 1567 1770 1638 prmbeat
1794 1605 1810 1630 .
1845 1581 1966 1634 quae
2001 1563 2143 1619 inest
2177 1561 2229 1616 in
2269 1577 2396 1631 per-

829 1667 1146 1734 spicuitatc.

897 1837 1063 1892 XVII.
1100 1837 1236 1890 Cum
1277 1836 1441 1906 igitur
1473 1836 1620 1890 circa
1652 1833 1840 1888 fauces
1883 1831 2101 1887 Eubmaa
2136 1838 2194 1884 et
2224 1828 2392 1899 Cary-
2422 1814 2471 1874 Β

829 1943 973 1983 stum
1011 1930 1200 1982 urbem
1242 1936 1480 1981 exeunte
1505 1928 1616 1993 jam
1649 1933 1841 1978 aestate
1891 1935 2289 1982 commorarer,
2331 1917 2397 1972 ad

831 2022 1057 2083 Orcum,
1099 2019 1317 2072 Eubma:
1359 2018 1552 2070 urbem
1584 2022 1745 2082 portu
1776 2020 2048 2073 ornatam,
2079 2008 2396 2077 quindecim

834 2110 938 2162 illa:
989 2122 1155 2160 naves
1181 2105 1397 2158 Venetae
1448 2103 1800 2172 appulerunt,
1836 2114 1974 2168 quas
2023 2113 2091 2151 ex
2133 2096 2400 2166 portubus

833 2199 1074 2269 Byzantii
1133 2197 1428 2249 recessisse
1475 2206 1642 2262 supra
1692 2189 2208 2245 demonstravimus.
2265 2185 2400 2241 Octo

834 2301 1014 2344 autem
1084 2287 1429 2342 Cretensium
1490 2285 1742 2337 triremes
1800 2281 1926 2334 inde
1985 2280 2090 2350 47
2151 2278 2218 2333 ad
2272 2293 2401 2332 suas

837 2399 924 2436 res
951 2379 1208 2434 tntandas
1235 2378 1458 2431 domum
1497 2375 1790 2428 redierant.
1817 2371 2043 2426 Crebris
2069 2383 2200 2424 vero
2233 2377 2399 2437 atque

835 2471 1092 2539 gravibus
1152 2467 1360 2520 nuntiis
1414 2465 1754 2519 terrentibus
1808 2462 2067 2524 insulam,
2119 2459 2398 2528 sexaginm

838 2562 1074 2614 hostium
1119 2574 1285 2612 naves
1340 2558 1588 2626 proxime
1639 2557 1851 2616 adesse.
1896 2553 2148 2607 celeriter
2183 2551 2402 2605 Veneta:

837 2654 1031 2708 classis
1062 2651 1346 2720 praefectus
1373 2664 1543 2703 naves
1573 2657 1838 2718 apparatu
1887 2646 2119 2700 classico
2150 2651 2401 2712 exempto

839 2760 1038 2798 vacuas
1069 2746 1121 2796 in
1172 2751 1330 2811 portu
1379 2739 1708 2795 rudentibus
1737 2751 2033 2805 suspensas
2078 2735 2400 2798 submersit,

840 2853 907 2890 ne
933 2837 1000 2888 ab
1031 2835 1278 2887 hostibus
1304 2832 1555 2901 protinus
1594 2828 2052 2897 adnavigantibus
2103 2827 2222 2894 capi
2273 2839 2402 2893 pos-

841 2934 983 2977 sent.
1011 2923 1145 2976 Tum
1173 2935 1336 2989 quam
1367 2918 1655 2973 celerrime
1690 2925 1865 2985 potest
1893 2929 2085 2969 omnes
2123 2913 2366 2968 Eubmen
2385 2940 2399 2951 -

843 3030 932 3068 ses
991 3013 1056 3065 :ul
1132 3011 1376 3064 bellicam
1432 3008 1808 3062 fortitudinem
1859 3005 2062 3060 excitat
2131 3004 2403 3072 simulque

844 3120 969 3157 cum
1005 3103 1232 3161 Latinis.
1261 3099 1354 3169 qui
1388 3100 1618 3154 Athenis
1651 3107 1808 3153 erant
1839 3107 1895 3152 et
1927 3097 2155 3160 Thebis,
2188 3095 2319 3164 agit,
2350 3103 2406 3147 ut

847 3203 1211 3246 trecentorum
1242 3193 1485 3260 equitnm
1513 3191 1849 3244 delectorum
1875 3188 2134 3241 auxilium
2167 3188 2403 3240 mittant.

847 3285 1046 3339 Urbem
1084 3293 1264 3335 autem
1299 3282 1389 3335 die
1423 3291 1699 3349 noctuque
1725 3280 1939 3348 egregie
1969 3279 2220 3347 nullique
2258 3290 2410 3329 sum-

848 3376 965 3443 ptui
990 3389 1212 3442 parcens
1231 3386 1445 3425 armare
1465 3381 1519 3424 et
1542 3371 1690 3423 omni
1720 3371 2185 3422 munimentorum
2215 3381 2412 3435 genere

851 3469 1068 3518 Iirmare
1098 3477 1261 3532 atque
1294 3465 1472 3532 sepire
1503 3462 1645 3514 haud
1677 3461 1908 3516 destitit.
1951 3461 2175 3515 Duobus
2208 3460 2414 3513 interea

849 3556 1047 3624 elapsis
1076 3556 1273 3608 diebus
1319 3569 1487 3606 naves
1521 3554 1625 3606 illze
1654 3551 1896 3605 hostium
1931 3551 2193 3605 Euboeam
2224 3560 2416 3617 peten-

855 3656 934 3698 tes
965 3645 1069 3697 sub
1104 3658 1393 3712 veSperum
1418 3642 1935 3711 conspiciebantur;
1967 3652 2132 3709 atque
2171 3641 2264 3693 illo
2294 3640 2416 3707 qui-

853 3736 974 3790 dem
1004 3751 1250 3804 veSpcro,
1277 3750 1400 3790 cum
1429 3744 1577 3789 esset
1605 3733 1853 3797 malacia,
1885 3733 1940 3786 in
1969 3733 2078 3785 alto
2101 3731 2236 3784 mari
2263 3747 2418 3787 ctena

854 3837 1042 3896 parata
1065 3838 1118 3879 et
1149 3827 1333 3889 rebus,
1363 3841 1482 3894 qua:
1504 3825 1758 3894 gerenda:
1783 3832 1960 3884 erant,
1991 3824 2244 3891 provisis,
2278 3823 2422 3876 inse-

856 3917 1078 3986 quentis
1110 3916 1218 3969 diei
1251 3917 1422 3985 prima
1453 3917 1575 3970 luce
1605 3915 1786 3970 statim
1822 3914 1939 3968 acie
1977 3915 2240 3967 instructa
2272 3914 2419 3966 omni

858 4023 1055 4075 genere
1086 4023 1361 4059 armorum
1393 4007 1606 4076 stipata:
1637 4007 1692 4059 in
1736 4005 1864 4059 Orci
1887 4013 2116 4073 portum
2155 4005 2425 4056 invehun-

862 4112 950 4153 tnr
1000 4111 1363 4166 magnumque
1414 4099 1500 4150 sui
1543 4105 1806 4150 terrorem
1858 4095 2066 4148 faciunt
2108 4095 2425 4148 certaminis

861 4188 1090 4241 sublatis
1136 4188 1327 4256 signis,
1354 4186 1682 4240 canentibus
1716 4186 1867 4239 tubis
1902 4171 2160 4252 tibiisque
2195 4185 2425 4251 aliisque

863 4278 1264 4341 instrumentis,
1325 4293 1447 4346 qua:
1490 4278 1704 4331 animos
1751 4277 1817 4329 ad
1869 4277 2206 4329 alacritatem
2263 4285 2426 4342 atque

863 4367 1114 4419 ardorem
1163 4365 1434 4433 pugnandi
1494 4365 1760 4419 excitant.
1829 4365 1966 4418 Cum
2012 4376 2194 4417 autem
2251 4366 2422 4433 praelii

2485 587 2588 638 μου
2624 570 2868 639 διάδοχον
2895 570 3117 638 ἀφεῖναι
3147 567 3240 620 τὸν
3275 568 3420 637 βασι)
3433 567 3515 631 έα,
3549 563 3708 618 αὐτὸν
3732 565 3787 616 δέ
3811 565 4052 632 μαθόντα

2483 661 2583 730 ἠδη
2613 663 2705 713 καὶ
2735 663 2981 731 τριήρεις
3021 663 3085 712 ἐκ
3109 658 3377 720 Γεννούας
3406 658 3672 726 ἐξήκοντα
3701 657 3848 724 παρά
3879 657 4058 709 πᾶσαν

2486 752 2840 820 ἀναγομένας
2867 751 3083 813 ἐλπίδα,
3110 749 3259 811 ὅλαις
3291 749 3599 816 ἀναχωρεῖν
3647 746 3917 816 πορείαις.

2557 843 2677 906 ις’.
2712 841 2822 893 Καὶ
2870 841 2906 893 ἃ
2964 841 3067 909 μέν
3096 838 3352 908 ἀμυδρῶς
3378 838 3540 896 αὐτὸς
3576 839 3865 906 ὴκηκὲειν,
3907 835 4061 902 Exin-

2496 946 2595 997 μος
2625 929 2700 981 ὢν
2735 930 2833 998 τῆς
2872 929 3152 996 πατρίδος,
3184 927 3337 981 ταῦτ’
3366 928 3517 979 ἐστίν
3541 940 3558 958 ⁸
3588 926 3747 990 αὐτὸς
3793 928 3841 978 δ’
3885 927 3951 980 ἄν
3979 944 4062 991 μςι

2489 1021 2667 1088 λέγοις
2711 1021 3086 1089 τάληθέστερά
3109 1036 3168 1072 τε
3200 1021 3297 1072 καὶ
3330 1019 3654 1088 βεϐαιότερα
3681 1020 3788 1070 τῶν
3815 1018 4065 1070 ἑνταυῦοἰ

2489 1113 2901 1181 πεπραγμένων
2949 1115 3195 1174 ἐκείνων,
3233 1113 3334 1180 τῆς
3365 1097 3693 1180 ἀφηγήσεως
3741 1109 4064 1178 προῖοὑσης.

2491 1204 2807 1274 προστιθεὶς
2858 1205 2919 1255 ἐν
2967 1203 3153 1272 ταυτῷ
3217 1205 3315 1256 καὶ
3378 1204 3446 1254 τὰ
3495 1203 3605 1254 τῶν
3656 1199 4069 1268 πεπραγμένων

2491 1295 2659 1349 αἴτια.
2701 1295 2814 1347 Νῦν
2852 1295 2897 1346 δ’
2948 1289 3023 1346 ὧν
3068 1295 3231 1355 αὐτὸς
3291 1295 3565 1360 αὐτόπτης
3617 1292 3743 1359 ἑξῆς
3793 1293 4068 1359 ἐγενόμην

2495 1388 2616 1438 ἐκεί
2654 1384 2871 1454 παρὼν,
2923 1380 3042 1453 εἶμι
3077 1385 3218 1453 ἐρῶν
3259 1384 3420 1444 αὐτὸς
3460 1383 3661 1435 αὐτίκα
3689 1385 3782 1436 τὸν
3813 1382 4071 1433 λεπτότε-

2496 1492 2588 1544 ρον
2615 1479 2707 1528 καὶ
2741 1475 2866 1527 καθ’
2893 1475 3102 1527 ἕκαστα
3128 1474 3352 1541 τρόπον.
3394 1472 3835 1541 Ἐπαναληπτὲον
3865 1471 4054 1522 τοίνυν

2493 1565 2584 1616 τὸν
2614 1566 2770 1630 λόγον
2821 1565 2927 1632 ὅπη
2958 1564 3019 1614 τὸ
3059 1565 3323 1632 πρότερον
3361 1565 3505 1630 ἴχνος
3557 1561 3838 1624 ἐλίπομεν,
3889 1561 3977 1611 ἵνα
4011 1562 4070 1610 τ)

2498 1655 2598 1724 τῆς
2632 1654 2874 1724 ἱστορίας
2933 1656 3168 1721 συναφὲς
3218 1657 3318 1722 τὴν
3363 1653 3456 1704 τοῦ
3518 1653 3720 1720 σαφοῦς
3778 1653 4069 1720 ῥαστώνην

2499 1746 2676 1813 εὐφυᾶ
2704 1748 2922 1813 παρέχῃ
2960 1745 3069 1805 τοίς
3116 1744 3568 1811 ἐντυγχάνουσιν.

2569 1833 2666 1889 ιζ’.
2706 1835 2937 1903 Ἔτυχον
2991 1835 3091 1905 μὶν
3138 1832 3251 1898 ἐγὼ
3310 1833 3602 1900 διατρίϐων
3658 1833 3786 1901 περὶ
3815 1832 3884 1884 τὰ
3917 1831 4071 1884 κοῖλα

2505 1925 2600 1993 τῆς
2635 1925 2862 1986 Εὐϐοίας
2886 1926 2983 1978 καὶ
3017 1924 3305 1994 Κάρυστον
3333 1924 3486 1976 πόλιν
3526 1923 3784 1994 λήγοντος
3827 1923 3931 1993 ἢδη
3978 1923 4074 1975 τοῦ

2509 2017 2724 2086 θέρους,
2772 2016 2872 2068 καὶ
2937 2013 3238 2084 τηνικαῦτα
3310 2013 3586 2077 ξυνέὸαινε
3656 2015 3954 2067 καταπλεῖν
4020 2015 4076 2077 ἐς

2517 2109 2727 2178 Ὠρεὸν,
2756 2106 2913 2158 πόλιν
2937 2105 3166 2167 Εύδοίας
3195 2105 3499 2173 εὐλίμενον,
3549 2106 3645 2167 τὰς
3680 2106 4079 2157 πεντεκαίδεκα

2506 2199 2795 2261 Bassus;
2859 2198 3074 2261 ἐκείνας
3155 2198 3449 2267 τριήρεις,
3509 2197 3578 2258 ἃς
3646 2200 3710 2249 ἐκ
3768 2197 4082 2258 Βυζαντίων

2501 2291 2736 2356 λιμένων
2796 2288 3041 2358 έφθημεν
3099 2287 3461 2356 δεδηλωκότες
3537 2289 3908 2350 ἐπανιούσας⁶
3975 2290 4077 2349 τὰς

2505 2383 2612 2451 γαρ
2669 2380 2815 2434 ὀκτὼ
2862 2380 3146 2450 Κρητικὰς
3199 2381 3494 2444 διαστάσας
3554 2380 3783 2433 αὐτόθεν
3833 2382 4081 2450 οἴχεσθαι

2504 2475 2766 2537 ἀπιούσας
2800 2475 2858 2537 ἐς
2883 2475 3128 2543 ίΚρὴτην
3161 2474 3404 2542 φυλακῆς
3431 2473 3593 2526 ινεκα
3627 2474 3734 2526 τῶν
3763 2474 3936 2528 ἰδίων.
3968 2475 4080 2526 Καὶ

2505 2565 2620 2632 ἅμα
2656 2564 2849 2631 συχναὶ
2888 2567 2982 2616 ιιαῖ⁹
3017 2563 3232 2633 βαρεῖαι
3261 2564 3634 2632 κατέπληττον
3668 2565 3923 2629 ἀγγελίαι
3978 2563 4078 2631 τὴν

2508 2654 2691 2719 νῆσον,
2751 2649 3024 2718 ἐγγύτατα
3082 2647 3225 2702 εἶναι
3281 2652 3544 2718 πολεμίας
3617 2651 3881 2718 ἐξήκοντα
3925 2653 4080 2710 ναῦς.

2505 2742 2754 2803 Σπεύσας
2783 2739 2875 2794 οὖν
2899 2743 2926 2794 ὁ
2953 2742 3059 2794 τῶν
3087 2741 3387 2794 Βενετικῶν
3411 2742 3674 2811 ναύαρχος
3704 2743 3770 2793 τὰ
3808 2743 3908 2809 μέν
3940 2743 4076 2807 πλη.

2514 2835 2746 2903 ρώματα
2778 2835 2954 2887 πάντα
2983 2833 3089 2886 τῶν
3119 2835 3335 2887 οἰκείων
3375 2834 3510 2885 νεῶν
3533 2835 3737 2898 ἐξεῖλεν
3763 2834 3946 2894 εὐθὺς,
3982 2835 4083 2885 αὖ·

2506 2928 2605 2986 τὰς
2633 2925 2690 2976 δὲ
2721 2927 2880 2986 κενὰς
2906 2925 2962 2976 ἐν
2991 2923 3066 2992 τῷ
3088 2923 3267 2992 λιμένι
3304 2925 3581 2984 καλωδ.οις
3620 2922 4085 2991 προσηρτημένις

2511 3016 2828 3077 κατέδυσεν,
2859 3014 2934 3077 ὡς
2971 3014 3046 3084 μὴ
3075 3014 3338 3083 ἀλώσιμοι
3361 3016 3467 3076 τοῖς
3489 3013 3764 3081 πολεμίοις
3797 3012 3860 3084 [ί.
3889 3013 3991 3064 106
4029 3011 4086 3082 α]

2510 3106 2668 3171 εὐθὺς
2695 3106 3054 3158 ἐπιπλεύσασι
3079 3105 3722 3173 γένοιντο.Ἐπειθ⁹,δσον
3747 3104 4087 3173 ταχος,πάνο

2509 3216 2606 3260 τας
2627 3215 2687 3250 τε
2721 3198 2956 3258 Εὐϐοέας
2981 3198 3116 3266 πρὸς
3143 3197 3430 3266 ὁπλιτικὴν
3456 3198 3708 3265 ἠρέθιζεν
3735 3197 3956 3264 ἀκμὴν,
3997 3198 4093 3249 καὶ

2513 3289 2625 3356 ἅμα
2641 3289 2684 3340 δ’
2709 3289 3075 3355 ἐπρεσϐεύετο
3104 3287 3237 3356 πρὸς
3263 3288 3388 3349 τοὺς
3414 3289 3466 3338 ιν
3483 3287 3736 3354 Ἀθήναις
3760 3288 3853 3338 καὶ
3881 3287 4093 3352 Θήὸαις

2514 3375 2797 3436 Λατίνους,
2827 3375 3156 3442 τριακοσίων
3187 3375 3396 3426 ίππέων
3428 3373 3730 3426 ἐπιλέκτων
3757 3375 3922 3426 αἰτῶν
3947 3391 4095 3442 συμ-

2516 3466 2740 3533 μαχίαν.
2768 3465 2880 3532 Τήν
2922 3482 2982 3530 γε
3013 3466 3120 3533 μὴν
3148 3465 3302 3517 πόλιν
3329 3463 3499 3516 νύκτα
3528 3481 3585 3516 τε
3621 3466 3715 3516 καὶ
3744 3465 3953 3532 ἡμέραν
3989 3467 4095 3515 οὐκ

2515 3558 2760 3624 ἠμέλησε
2791 3558 2970 3608 πᾶσαν
3001 3556 3233 3616 ὁπλίζων
3269 3555 3571 3617 πολυτελῶς
3603 3558 3696 3607 καί⁵
3722 3557 3897 3624 πάσης
3931 3557 4099 3621 ἀφει-

2515 3645 2622 3698 δῶν
2653 3646 2903 3714 δαπάνης
2955 3647 3051 3698 καὶ
3105 3646 3281 3697 πάντα
3324 3644 3637 3713 προστιθεὶς
3666 3645 3759 3697 καὶ
3791 3645 4100 3714 περιτιθεὶς

2522 3736 2876 3805 ὀχυρώματα.
2903 3737 3009 3790 Δύο
3029 3737 3232 3806 μεταξὺ
3262 3737 3719 3806 παρερῤυήκεσαν
3751 3735 3976 3805 ἡμέραι,
4004 3738 4102 3788 χλι

2524 3825 2783 3892 ὤφθησαν
2829 3829 2885 3877 αί
2926 3827 3178 3894 πολέμιαι
3209 3827 3332 3894 νῆες
3379 3828 3582 3878 ἐκεῖναι
3611 3827 3738 3894 περὶ
3781 3825 3962 3894 δείλην
3993 3843 4100 3876 που

2521 3915 2617 3983 τὴν
2650 3914 2828 3982 ὀψίαν,
2853 3915 3208 3968 ἐπιπλέουσαι
3255 3918 3395 3968 κατά
3432 3917 3528 3985 τῆς
3558 3916 3808 3978 Εὐϐοίας.
3845 3915 3958 3968 Καὶ
3994 3915 4096 3982 τὴν

2528 4005 2625 4071 μὲν
2661 4004 2896 4071 ἑσπέραν
2918 4005 3155 4074 ἐκείνην,
3186 4008 3431 4076 γαλήνης
3459 4007 3646 4074 οὔσης,
3673 4009 3730 4059 ἐν
3758 4007 3833 4075 τῷ
3865 4007 4099 4074 πελάγει

2531 4093 2794 4162 μετέωροι
2849 4096 3401 4164 δειπνοποιησάμεναι
3453 4098 3544 4149 καὶ
3583 4097 3642 4148 τὸ
3677 4097 3936 4164 ποιητέον
3978 4114 4102 4148 σκε-

2529 4182 2790 4251 ψάμεναι,
2820 4184 2991 4236 ἓῒυοεν
3013 4187 3174 4248 εὐθὺς
3206 4187 3283 4248 είς
3306 4189 3546 4254 μάχιμον
3576 4186 3726 4249 τάξιν
3757 4186 4100 4254 ἡθροίζοντο.

2533 4275 2639 4325 Καὶ
2675 4275 2774 4342 μὲν
2803 4275 2867 4344 δὴ
2911 4277 3440 4346 καταπεφραγμέναι
3482 4280 3647 4328 πᾶσιν
3683 4277 3888 4339 ὅπλοις,
3929 4295 4105 4346 προσ-

2531 4365 2794 4417 ελάσασαι
2828 4368 2880 4426 ἐς
2912 4365 3002 4416 τὴν
3045 4366 3230 4434 Ὠρεοῦ
3259 4367 3451 4434 λιμένα
3483 4368 3686 4418 ἐκεῖναι
3725 4367 4107 4436 καταπληκτι-

866 4457 1070 4509 navalis
1103 4455 1258 4522 cepia
1287 4454 1398 4526 48
1427 4470 1534 4508 non
1584 4455 1760 4517 fieret,
1801 4455 2033 4507 navibus
2082 4455 2286 4522 quippe
2320 4469 2426 4505 non
2465 4473 2505 4525 ο
2539 4473 2541 4502 :

2465 4473 2505 4525 ι)
2539 4454 2647 4515 κῶς
2680 4455 3039 4516 ἐσεπλεύσαν,
3071 4455 3136 4505 τά
3179 4470 3237 4506 τε
3273 4457 3475 4523 σημεῖα
3520 4454 3620 4521 τῆς
3655 4453 3834 4522 μάχης
3883 4454 4106 4521 ἡρμένα

865 4546 1286 4598 occurrentibus
1341 4561 1462 4613 qua:
1514 4561 1636 4598 cum
1674 4545 1739 4597 iis
1779 4546 1832 4597 in
1889 4556 2162 4597 certamen
2209 4545 2433 4597 descen-

864 4639 1079 4698 derent,
1109 4636 1318 4689 idoneis
1349 4635 1556 4689 relictis
1587 4635 1909 4703 sagittariis,
1935 4635 2029 4702 qui
2061 4649 2228 4686 naves
2255 4647 2438 4686 cusro-

866 4725 1049 4777 dirent
1085 4739 1328 4791 eosque,
1368 4725 1461 4792 qui
1492 4739 1557 4776 ex
1598 4723 2026 4791 propugnaculis
2079 4723 2182 4775 tela
2233 4723 2438 4791 jacula-

870 4819 1088 4880 bantur,
1141 4815 1499 4868 defenderent
1527 4825 1691 4882 atque
1722 4823 2060 4879 averterent,
2120 4814 2314 4883 reliqui
2369 4815 2434 4866 ad

870 4907 1060 4959 urlem
1103 4905 1428 4973 cingendam
1483 4905 1675 4957 multis
1728 4920 1851 4957 cum
1906 4905 2069 4959 scalis
2123 4904 2176 4957 in
2237 4914 2435 4958 terram

869 5000 1075 5064 egressi
1105 4996 1353 5064 protinus
1379 5010 1436 5048 se
1471 5005 1726 5064 capturos
1757 5010 1876 5048 esse
1904 4995 2092 5048 urbem
2123 4996 2436 5062 sperabant,

874 5084 1221 5137 multitudine
1247 5094 1302 5136 et
1339 5084 1531 5137 bellica
1561 5083 1792 5136 militum
1847 5083 2075 5137 audacia
2115 5084 2265 5137 freti.
2320 5082 2439 5136 Cir-

875 5190 1205 5228 cumsossam
1243 5175 1408 5243 igitur
1439 5175 1628 5227 urbem
1669 5174 2060 5243 oppugnabant
2093 5177 2194 5228 tela
2226 5175 2442 5229 eminus

881 5267 1166 5328 mittendo,
1200 5267 1360 5318 scalis
1406 5266 1606 5319 mmnia
1643 5265 1943 5318 adoriendo
1984 5275 2058 5329 et,
2089 5267 2216 5334 quia
2269 5268 2444 5320 immi—

878 5371 1008 5408 num
1065 5357 1356 5408 multitudo
1399 5356 1806 5425 suppeditabat.
1840 5357 2029 5424 procul
2059 5359 2344 5412 cuniculos
2375 5358 2439 5410 ad

879 5461 1066 5497 muros
1103 5453 1249 5497 recta
1281 5447 1512 5514 agendo,
1544 5457 1602 5500 ut
1649 5459 1741 5500 aut
1786 5447 2055 5500 scalarum
2087 5464 2316 5501 ascensu
2350 5458 2443 5501 aut

881 5536 1257 5588 cuniculorum
1292 5538 1647 5592 subterraneo
1695 5555 1858 5592 cursu
1899 5540 1950 5590 in
2001 5539 2190 5591 urbem
2224 5540 2444 5593 clancu-

879 5625 992 5680 lunt
1029 5626 1418 5695 irrumperent.
1455 5631 1588 5682 Cum
1618 5641 1798 5684 autem
1839 5631 2056 5684 Veneta:
2086 5632 2276 5684 classis
2308 5648 2444 5699 prae-

897 5717 1070 5772 fcctns
1101 5729 1263 5784 atque
1312 5720 1418 5772 dux
1472 5721 1736 5777 machinis
1787 5722 2065 5776 machinas
2117 5724 2444 5776 intrinsecus

2541 4546 2780 4614 ἔχουσαι,
2811 4547 2904 4598 καὶ
2934 4545 3031 4608 τὰς
3064 4545 3368 4614 πολεμικὰς
3398 4545 3838 4613 ἁνακρουόμεναι
3866 4545 4107 4610 σαλπιγ-

2541 4637 2641 4703 γᾱς
2672 4653 2727 4686 τε
2770 4636 2863 4688 καὶ
2905 4634 3190 4704 σύριγγας,
3225 4637 3319 4687 καὶ
3348 4636 3448 4686 ὅσα
3475 4635 3583 4686 τῶν
3628 4633 3884 4686 τοιούτων
3935 4635 4108 4702 ὁργά-

2541 4743 2646 4775 νων
2677 4724 2912 4793 ὲρεθίξει
2951 4726 3086 4791 πρὸς
3118 4724 3382 4792 εὐψυχίαν
3424 4723 3726 4790 πολεμικὴν
3760 4723 3866 4774 τῶν
3896 4724 4111 4791 ἀνδρῶν

2538 4813 2637 4882 τὴν
2665 4816 2860 4884 ὁρμήν.
2899 4814 3054 4866 Ἐπεὶ
3088 4815 3143 4865 δέ
3174 4814 3474 4882 ναυμαχίας
3509 4813 3718 4879 ἀγῶνες
3736 4813 3939 4881 ἥκιστα
3967 4807 4110 4882 ἦσαν

2544 4905 2624 4970 (οὐ
2683 4904 2788 4972 γὰρ
2841 4899 2982 4972 ἦσαν
3020 4904 3076 4955 ai
3123 4903 3626 4970 ἀνταγωνιζόμεναι
3674 4904 3846 4972 νῆες),
3885 4902 4109 4965 τοξότας

2544 4996 2700 5056 ὅσους
2732 4997 2896 5064 ἐχρῆν
2931 4996 3322 5058 καταλιπόντες
3353 4999 3409 5048 ἐν
3437 4998 3554 5059 ταῖς
3586 4998 3744 5050 ναυσὶ
3773 4997 4025 5064 φυλακῆς
4050 5013 4110 5049 τε

2545 5087 2708 5138 ἕνεκα
2746 5089 2840 5139 καὶ
2883 5085 2979 5138 τοῦ
3030 5086 3323 5156 βάλλοντας
3380 5085 3657 5155 ἀνείργειν
3685 5087 3778 5138 καὶ
3826 5087 4112 5155 ἀντιπερι-

2545 5179 2686 5247 σπᾷν
2716 5178 2832 5228 ἐκεῖ
2863 5177 2989 5240 τοὺς
3021 5179 3116 5229 ἐπὶ
3151 5177 3258 5229 τῶν
3290 5177 3589 5242 ἐπάλξεων,
3620 5179 3670 5230 oi
3703 5177 3879 5230 λοιποὶ
3907 5178 4110 5238 πάντες

2547 5269 2639 5319 ἐπὶ
2669 5266 2766 5336 τὴν
2815 5267 2918 5334 γῆν
2975 5266 3308 5331 ἀπέϐαινον,
3360 5267 3745 5320 κυκλώσασθαι
3796 5267 3895 5334 τὴν
3953 5267 4108 5318 πόλιν

2548 5358 2880 5426 βουλόμενοι,
2947 5357 3218 5424 κλίμακάς
3275 5375 3332 5409 τε
3412 5359 3742 5425 ἐπαγόμενοι
3807 5358 4109 5417 πλείστις,

2545 5449 2637 5498 καὶ
2668 5447 2783 5514 ἅμα
2814 5448 3062 5513 αἱρήσειν
3093 5446 3290 5498 αὐτίκα
3322 5447 3468 5513 μάλα
3492 5449 3588 5516 την
3620 5448 3770 5500 πΰλιν
3798 5448 4111 5508 ἐλπίζοντες

2545 5538 2632 5589 διά
2681 5555 2738 5588 τε
2792 5537 2853 5588 τὸ
2910 5536 3112 5604 πλῆθος
3171 5536 3261 5586 καὶ
3311 5539 3408 5604 τὴν
3450 5536 3656 5604 τόλμην
3701 5535 3807 5586 τῶν
3851 5534 4110 5586 ὁπλιτῶν.

2549 5628 3246 5700 ῐΙεριστρατοπεδεύσιντες
3282 5624 3374 5680 οῦν
3428 5627 3799 5696 ἐπολιόρκουκ,
3846 5625 4022 5688 ςὰξοις
4057 5640 4111 5674 τε

2551 5725 2830 5790 βάλλοντες
2862 5721 3140 5787 ἐκηϐὀλοις
3179 5721 3267 5771 καὶ
3302 5719 3572 5787 κ>.ί,.ακλς
3613 5720 3689 5787 τις)
3724 5720 3890 5786 τείχει
3942 5732 4112 5786 1:90:-
