4242 6342
790 328 860 389 39
2020 308 2437 368 NlCEPllORl
2478 302 2863 365 GREGORIE
3954 297 4029 358 40

793 433 997 504 potuit,
1045 427 1288 482 armatis.
1328 424 1556 477 alteram
1588 419 1741 474 misit
1777 416 2053 479 Venetiae,
2106 429 2226 504 quae
2252 413 2353 482 51
2387 419 2428 473 Α
2459 430 2468 445 ·

2351 468 2353 477 ν
2387 419 2428 473 Α
2459 412 2556 472 τὰς
2589 414 2791 469 οἰκειας
2815 406 3091 460 ἐνεσαινον
3122 405 3273 466 ναῦς,
3298 404 3392 472 οὐχ
3425 406 3533 456 ὅσαι
3558 398 3710 471 ἧκον,
3743 403 3859 455 οῦδὲ
3900 405 4026 473 μεῠ⁸

793 494 993 577 i‘atres
1017 517 1229 572 nobiles
1264 512 1331 567 de
1370 511 1538 566 rebus
1579 507 1747 579 gestis
1790 504 2084 560 certiorem
2115 502 2353 564 laceret;
2463 523 2468 548 t

2463 502 2652 568 όμοίου
2695 499 2787 552 τοῦ
2828 498 3129 567 σχήματος,
3163 496 3299 549 ἀλλὰ
3351 497 3496 565 μάλα
3534 495 3597 560 γέ
3649 510 3700 545 τι
3742 494 4028 561 ἀντιστρό-

794 614 1019 666 alteram
1060 605 1400 676 Byzantium,
1450 617 1571 669 quas
1626 601 1767 651 idem
1826 598 2106 649 nuntiaret
2136 592 2357 646 Venetis
2464 615 2469 636 ι

2353 609 2357 641 ι
2464 605 2600 658 φως·
2634 586 2774 641 εἶναι
2812 589 2911 659 μὲν
2942 588 3049 656 γὰρ
3094 587 3219 648 τοὺς
3260 586 3317 636 δν
3352 588 3420 655 "Ti
3461 584 3695 653 nol-sals
3729 584 3910 651 ἐκείνη
3953 587 4028 651 τῇ

796 702 870 754 ibi
904 668 1272 757 venantibus,
1321 668 1590 759 simulque
1621 686 1999 757 specularetur
2028 698 2137 753 quo
2169 683 2353 735 hostes
2466 699 2471 711 ·

2466 678 2825 731 πεπτωκότας
2868 675 2965 740 οὐχ
3023 668 3187 741 ἦττον
3225 670 3626 734 πεντακοσίων,
3677 668 4031 738 τραυματίας

798 789 1295 857 proﬁciscerentur.
2464 770 2473 818 ἕ

2464 769 2509 819 δ’
2545 765 2610 820 αὖ
2650 767 2747 834 οὺχ
2801 758 2963 834 ἦττον
3010 764 3045 831 ἢ
3088 762 3376 822 τοσούτους
3415 760 3763 828 γεγενῆσθαι.
3796 761 3878 821 Ὠς
3937 758 4031 810 καὶ

798 850 1243 942 ἀναγκασθέντας
1316 871 1395 923 ἐτι
1446 868 1637 928 νυκτὸς
1704 864 1871 930 οῦσης
1952 859 2291 929 πλημμελῶς
2375 858 2673 909 ἐκπλεῦσαι
2709 896 2724 917 ,
2786 853 3113 922 λειπομένας
3164 852 3366 921 ἐρετῶν
3455 850 3597 911 ἐνίας
3667 851 4035 918 παρέλκοντες

797 972 953 1034 ναῦς.
989 970 1233 1038 Τάχιὲιτα
1258 968 1301 1017 δ’
1337 967 1365 1017 ό
1394 963 1667 1033 ναύαρχος
1693 962 1901 1020 ἐκεῖνος
1930 958 2020 1009 καὶ
2053 953 2356 1022 στρατηγὸς
2397 953 2490 1004 τοῦ
2558 950 2844 1005 Βενετικοῦ
2911 947 3103 1000 στόλου
3130 946 3225 999 δύο
3258 947 3364 999 τῶν
3392 946 3607 1038 οἰκείων
3635 942 3861 1005 ἐλκύσας
3894 942 4036 1038 νειῖιν

802 1068 867 1116 ἐκ
918 1065 1025 1115 τῶν
1072 1036 1376 1113 θαλαττίων
1407 1058 1640 1119 ὑδάτων,
1684 1055 1780 1115 τὰς
1826 1051 2026 1121 μᾶλλον
2082 1048 2191 1101 τῶν
2256 1047 2431 1101 ἀλλων
2471 1044 2930 1115 ταχυναυτούσας,
2983 1041 3075 1094 καὶ⁵
3104 1039 3177 1102 ὡς
3203 1041 3329 1107 ἐνῆν
3381 1043 3443 1091 ἐκ
3496 1037 3589 1089 τοῦ
3620 1037 3802 1106 σχεδον
3870 1036 4035 1087 καθο⁹

811 1156 1035 1214 πλίσας.
1064 1153 1162 1220 τὴν
1220 1152 1320 1220 μέν
1350 1151 1405 1211 ἐς
1436 1149 1535 1216 τὴν
1594 1147 1705 1206 ,τῶν
1747 1143 2047 1197 Βενετικῶν
2110 1142 2570 1210 ἀριστοκρατικὴν
2606 1136 2927 1191 ἀπέστειλεν
2983 1128 3253 1200 ἐξουσίαν,
3296 1132 3615 1199 φράσουσαν
3665 1132 3732 1181 τὰ
3783 1144 4037 1220 πεπραγ-

809 1246 965 1315 μένα,
996 1244 1095 1311 τὴν
1118 1218 1167 1293 δ’
1208 1218 1264 1303 ἐς
1313 1240 1630 1302 Βυζάντιον,
1661 1235 2013 1303 δηλώσουσάν
2041 1250 2102 1285 τε
2167 1232 2235 1284 τά
2302 1230 2438 1283 αὑτά
2472 1231 2583 1291 τοῖς
2622 1228 2852 1281 ἐνταῦθα
2906 1226 3231 1288 Βενετικοῐς,
3273 1223 3362 1275 καὶ
3396 1221 3512 1289 ἁμα
3552 1218 4039 1288 κατασκεψομένην

800 1338 924 1394 τοὺς
964 1334 1252 1397 πολεμίους
1287 1331 1389 1397 ὅπη
1422 1327 1756 1395 πορεύοιντο.

876 1426 1061 1480 XVIII.
1095 1424 1206 1475 liae
1236 1421 1360 1473 navi
1397 1435 1497 1491 ego
1528 1421 1643 1489 ipse
1673 1429 1862 1473 vectus
1885 1419 2106 1488 perveni
2143 1418 2209 1471 ad
2242 1417 2368 1471 IIeI-
2548 1419 2551 1427 '

2548 1419 2657 1470 ΠΡ.
2689 1415 2876 1485 Ταύτῃ
2903 1414 2966 1483 δὴ
3011 1416 3075 1481 τῇ
3110 1415 3199 1480 νηὶ
3230 1414 3321 1464 καὶ
3358 1411 3519 1474 αὖτίς
3547 1410 3782 1479 ἐμαυτὸν
3810 1406 4044 1477 ἐμῦισά-

807 1520 1142 1583 Ιθςροιιιυιη,
1175 1512 1266 1563 ubi
1302 1526 1427 1565 cum
1460 1512 1624 1563 remis
1652 1510 1902 1563 inhibitis
1922 1509 1990 1563 ad
2018 1519 2235 1577 portum
2267 1508 2370 1562 Te-
2476 1530 2482 1558 ι

2366 1537 2370 1546 ~
2476 1526 2571 1569 σας
2594 1503 2727 1574 ἧκον
2753 1509 2878 1573 ἄχρι
2919 1502 3012 1557 τοῦ
3050 1504 3442 1573 Ἰ-ἶλλησπόντου
3463 1519 3477 1533 ο
3520 1501 3706 1556 αὐτόθι
3738 1501 3847 1569 γὰρ
3877 1500 4041 1567 όρμι-

807 1606 1091 1658 ncdiorum
1127 1603 1180 1655 in
1220 1600 1436 1654 ancoris
1457 1598 1952 1659 commorabamur,
1982 1599 2209 1651 nuntius
2236 1596 2370 1650 alla-
2479 1625 2482 1647 ε

2366 1626 2370 1638 ·
2479 1604 2690 1671 σαμένη
2737 1601 2832 1652 καὶ
2884 1598 2983 1661 τὰς
3030 1596 3218 1659 κώπας
3270 1595 3517 1664 σχάσασα
3574 1592 3724 1660 παρὰ
3786 1590 3878 1642 τὸν
3930 1590 4041 1642 τῶν

809 1708 895 1748 tus
942 1704 1051 1756 est,
1092 1692 1332 1745 hostium
1383 1690 1648 1754 classem,
1695 1701 1753 1741 ut
1803 1688 2019 1742 saucios
2054 1696 2273 1741 curaret
2317 1696 2373 1741 et
2477 1697 2484 1714 '

2369 1726 2373 1739 ι
2477 1695 2741 1748 Τενεδίων
2785 1691 2979 1761 λιμένα
3026 1692 3058 1759 ἡ
3106 1689 3346 1758 φέρουσα
3379 1690 3525 1758 ἡμᾶς
3570 1687 3753 1754 ἐκείνη
3784 1684 3915 1746 ναῦς
3950 1683 4044 1735 τὸν

807 1795 1073 1853 quantum
1116 1785 1234 1837 ﬁeri
1274 1790 1457 1851 posset
1490 1782 1614 1834 loco
1667 1790 1893 1839 eorum.
1948 1780 2043 1848 qui
2090 1779 2144 1832 in
2188 1779 2372 1848 praelio

2367 1799 2372 1825 ι
2408 1835 2446 1853 η
2479 1786 2589 1839 τῶν
2635 1785 2910 1853 πολεμίων
2946 1782 3172 1851 ἠκηκόει
3223 1782 3410 1831 στόλον
3441 1782 3497 1841 ἐς
3527 1780 3657 1830 Χίον
3703 1779 4042 1845 κατάραντα,

809 1877 1162 1939 ceciderant,
1213 1880 1591 1943 supplementa
1640 1871 1784 1926 unde
1828 1871 2140 1940 expeditum
2188 1879 2335 1924 esset
2361 1911 2376 1934 ,
2408 1868 2484 1926 ’ἐ

2368 1868 2450 1933 ,⁸³
2481 1877 2799 1946 ἐπιμελείας
2847 1892 2903 1928 τε
2940 1874 3001 1945 [ί.
3041 1874 3140 1927 107
3191 1871 3249 1943 a]
3300 1873 3459 1925 ἕνεκα
3512 1873 3623 1924 τῶν
3657 1868 4043 1939 πεπληγότων,

810 1969 1096 2027 scriberet,
1131 1967 1197 2020 ad
1220 1968 1413 2019 Chium
1448 1965 1678 2018 insulam
1709 1978 1829 2017 esse
1859 1962 2164 2031 appulsam.
2198 1961 2379 2027 Quare
2482 1988 2485 1999 ε

2373 1982 2379 2014 ι
2482 1969 2575 2022 καὶ
2607 1969 2724 2039 άμα
2750 1969 2872 2021 ὅσον
2912 1967 3143 2020 δύναιντ’
3185 1966 3252 2018 ἂν
3280 1965 3405 2028 τοὺς
3447 1965 3555 2017 τῶν
3579 1962 4048 2030 τετελευτηκότων

814 2059 988 2121 navis,
1026 2059 1219 2108 nuntio
1252 2055 1510 2118 victoria,
1534 2069 1695 2122 quem
1730 2053 2047 2122 Byzantium
2081 2052 2377 2122 perferret,
2482 2064 2489 2114 ί

2373 2095 2377 2113 .
2482 2064 2541 2115 ἐν
2575 2066 2641 2132 τῇ
2680 2062 2827 2131 μάχῃ
2863 2061 3061 2125 τόπους
3092 2059 3435 2124 ἐκλέξασθαι,
3466 2057 3660 2111 ὁπόθεν
3701 2059 3830 2127 ῥᾷον
3861 2054 3927 2108 ἀν
3961 2054 4048 2120 εἴη

816 2149 1022 2200 homini
1059 2145 1316 2213 expedito
1349 2144 1663 2206 commissa,
1691 2157 1785 2195 ora
1816 2143 1993 2195 soluta
2016 2157 2178 2210 quam
2203 2144 2381 2196 celer-
2487 2178 2491 2199 ‹

2375 2172 2381 2181 ’
2487 2155 2659 2222 σφίσι.
2694 2154 2782 2205 Διὸ
2808 2154 2907 2216 τὰς
2938 2155 3036 2222 μὲν
3082 2152 3341 2219 ἀγγελίας
3371 2150 3470 2219 τῆς
3500 2150 3658 2218 νίκης
3687 2147 3910 2215 εὐζώνῳ
3942 2150 4050 2196 τινὶ

816 2240 952 2290 rimo
1003 2238 1177 2305 potuit
1230 2236 1487 2289 Eubmam
1524 2235 1761 2302 repetiit.
1806 2233 1932 2285 Mihi
1974 2248 2104 2286 vero
2146 2243 2384 2301 quatuor
2486 2266 2491 2292 ε

2375 2249 2384 2263 ’
2486 2244 2750 2296 δεδωκυῖα
2798 2244 2949 2312 ἀνδρὶ
3013 2242 3301 2310 πέπομφεν
3352 2244 3409 2303 ἐς
3454 2239 3771 2304 Βυζάντιον,
3816 2237 3956 2305 αὑτὴ
4006 2235 4050 2288 δ’

822 2330 933 2381 illic
961 2329 1078 2380 dies
1119 2326 1481 2379 commoranti
1512 2326 1895 2392 opportunitas
1934 2324 2165 2378 dabatur
2214 2323 2387 2392 Trojae
2489 2356 2497 2389 ε

2378 2341 2387 2377 ⁵
2489 2336 2833 2401 ἀναζεύξασα
2854 2337 2950 2403 τὴν
2972 2334 3235 2403 ταχίστην
3258 2333 3430 2403 ᾤχετο
3449 2335 3504 2395 ἐς
3537 2331 3765 2384 Εὔϐοιαν
3790 2328 4053 2383 ἀπιοῦσα.

820 2421 966 2473 illius
992 2422 1225 2470 obseura
1256 2416 1478 2487 vestigia
1510 2416 1803 2479 invisendi,
1835 2416 1900 2469 de
1935 2430 2041 2484 qua
2072 2416 2277 2469 multus
2304 2424 2387 2469 est

820 2512 1155 2563 clarissimus
1195 2510 1482 2570 Homerus,
1527 2508 1671 2576 quod
1724 2508 1915 2561 classis
1974 2507 2391 2561 innumerabilis

821 2609 889 2653 ob
930 2603 1189 2655 Ilelcnatn
1217 2601 1270 2652 in
1300 2615 1421 2653 eam
1445 2599 1689 2668 proletaa
1720 2599 1906 2651 multis
1935 2598 2195 2652 heroibus
2224 2599 2391 2651 amis-

822 2697 898 2746 sis
933 2702 1054 2761 post
1080 2693 1265 2744 decem
1298 2705 1473 2744 annos
1502 2689 1748 2742 funditus
1800 2704 1919 2742 eam
1953 2689 2203 2755 diripuit.
2236 2689 2394 2743 Vide-

826 2786 947 2836 bam
979 2786 1144 2837 etiam
1184 2782 1510 2837 Scamandri
1541 2781 1691 2834 ﬂuvii
1721 2781 1881 2841 ostia.
1920 2795 2029 2835 non
2057 2780 2297 2848 quidem,
2336 2789 2394 2832 ut

828 2876 1094 2928 llomerus
1120 2876 1171 2927 in
1202 2874 1366 2928 Iliade
1393 2874 1605 2937 scribit,
1638 2872 1770 2940 ripis
1790 2888 1819 2926 a
1843 2872 2087 2926 Vulcano
2118 2873 2188 2926 ob
2209 2872 2394 2925 Achil-

828 2969 933 3019 lem
967 2966 1216 3019 Thetidis
1255 2965 1426 3018 Iilium
1455 2965 1686 3027 adustis,
1729 2975 2000 3033 quatenus
2038 2964 2172 3017 illud
2224 2964 2395 3016 libera

830 3058 1103 3110 fabulatus
1133 3057 1337 3124 lingua,
1361 3056 1455 3108 sed
1484 3056 1593 3108 lilia
1624 3055 1885 3121 silvaaque
1906 3068 1970 3106 ac
1993 3053 2174 3105 herba:
2200 3053 2397 3120 insigni

2501 2430 2654 2497 Ἐμοὶ
2684 2429 2737 2482 δὲ
2774 2430 3037 2495 τέτταρας
3077 2427 3289 2497 ἡμέρας
3344 2427 3460 2477 ἐκεῖ
3504 2422 3881 2492 περιμείναντι
3927 2420 4055 2474 θεά-

2493 2518 2689 2571 σασθαι
2740 2520 3093 2584 προσεγίνετο
3136 2514 3334 2584 Τροίας
3386 2513 3601 2581 ἐκείνης
3659 2512 3863 2577 σκιώδη
3916 2510 4059 2578 μνή-

2495 2626 2663 2679 ματα,
2712 2603 2778 2678 ἧς
2828 2607 2991 2670 πολὺς
3044 2607 3271 2675 Ὁμήρῳ
3312 2604 3387 2674 τῷ
3438 2604 3576 2656 ’.τάνυ
3632 2604 3807 2669 λόγος,
3840 2602 3922 2653 ὅτι
3960 2617 4061 2668 μυ-

2495 2699 2735 2767 ρίανδροι
2806 2698 2984 2749 στόλοι
3046 2695 3114 2747 δι’
3179 2695 3399 2763 Ἑλένην
3461 2695 3679 2762 ἐκείνην
3737 2691 3823 2744 ἐπ’
3890 2690 4060 2755 αὐτὴν

2495 2785 2973 2846 καταπλεύσαντες
3002 2782 3229 2845 πολλούς
3279 2798 3338 2834 τε
3390 2781 3677 2834 ἀπώλεσαν
3705 2779 3811 2831 τῶν
3845 2780 4061 2832 οἰκείων

2495 2877 2679 2944 ἥρωας
2730 2875 2827 2927 καὶ
2872 2873 3042 2942 αὐτὴν
3088 2872 3224 2942 μετά
3256 2871 3387 2924 δέκα
3432 2870 3525 2939 ἐτη
3574 2869 3770 2930 τελέως
3802 2869 4062 2938 ἐξηνδρα-

2498 2969 2806 3021 ποδίσαντο.
2860 2964 3203 3034 Ἐοεασάμην
3259 2964 3303 3015 δ’
3356 2961 3493 3031 ὁμοῦ
3557 2962 3649 3014 καὶ
3705 2961 4064 3028 Σκαμάνδρου

2500 3057 2744 3127 ποταμοῦ
2796 3057 2895 3118 τας
2954 3055 3223 3117 ἐκϐολάς,
3277 3054 3338 3117 δς
3394 3054 3541 3120 Ἴδης
3615 3052 3913 3114 ἀποδλύζει
3971 3050 4068 3103 τοῦ

832 3148 1239 3217 pulchritudine
1268 3149 1395 3199 cirt:
1451 3161 1581 3198 eum
1614 3145 1828 3207 Ilorent,
1859 3143 2059 3211 quibus
2090 3145 2251 3197 rebus
2290 3143 2397 3196 llo-
2423 3162 2469 3223 ς
2499 3153 2507 3200 l

2395 3162 2469 3223 -C
2499 3151 2679 3219 ὅρους,
2711 3148 2811 3215 οὐχ
2840 3147 2913 3207 ὡς
2953 3147 3200 3215 Ὄμηρος
3238 3146 3295 3197 ἐν
3341 3144 3522 3197 Ἰλιάδι
3559 3145 3829 3212 καόμενον
3867 3145 4070 3211 γράφει

836 3243 971 3293 uteri
1008 3242 1192 3309 lingua
1221 3238 1487 3293 mendacii
1520 3241 1653 3292 satis
1672 3238 1939 3307 arguitur.
1978 3237 2062 3290 Sit
2091 3237 2165 3290 ita
2202 3252 2355 3291 sane.

2501 3238 2600 3299 τάς
2633 3236 2797 3306 δχοας
2829 3235 2934 3287 ὑπὸ
2973 3234 3273 3303 Ἡφαίστου
3304 3233 3372 3285 δι’
3416 3234 3665 3302 ’Λχλλέα
3713 3235 3801 3284 τὶν
3830 3233 4070 3293 Θέτιδος,

836 3332 955 3382 καθ’
988 3333 1110 3382 ὅσον
1138 3333 1315 3383 ἐκεῖνο
1351 3331 1798 3398 αὑτονομουμένῃ
1865 3330 2163 3396 μυθεύεται
2231 3329 2468 3399 γλώττῃ,
2510 3328 2648 3381 ἀλλὰ
2710 3328 2873 3396 κρίνα
2933 3328 3029 3379 καὶ
3096 3326 3301 3396 λόχμας
3360 3329 3449 3379 καὶ
3505 3317 3685 3395 χλέας’
3724 3325 3849 3393 περὶ
3912 3323 4075 3376 αὑτὸν

836 3425 1011 3486 ὡραία
1062 3424 1234 3475 πάντα
1292 3423 1388 3474 καὶ
1439 3423 1536 3490 τὴν
1596 3423 1835 3490 Ὀμήρου
1877 3421 2127 3489 γλῶτταν
2165 3422 2405 3491 ἐλέγχειν
2448 3424 2626 3475 ἱκανά.
2692 3418 2837 3475 Εἶεν.

910 3516 1014 3585 52
1066 3517 1204 3570 XIX.
1239 3518 1350 3585 Ego
1371 3532 1499 3569 vero
1525 3532 1715 3569 navem
1738 3521 2048 3570 onerariam
2081 3527 2299 3586 postero
2322 3518 2409 3571 die

856 3607 1176 3676 Byzantium
1214 3611 1589 3675 navigaturam
1623 3618 1839 3671 nactus,
1884 3612 2103 3662 domum
2143 3610 2266 3663 veni
2304 3626 2409 3662 non

854 3699 1090 3766 amplius
1119 3699 1306 3751 decem
1343 3700 1526 3753 aureis
1550 3701 1788 3753 nummis
1816 3715 2027 3753 mecum
2054 3708 2299 3768 portans,
2332 3714 2413 3753 re-

848 3792 1017 3857 liquis
1051 3792 1306 3843 omnibus
1346 3792 1398 3843 in
1447 3790 1735 3843 itineribus
1766 3792 1883 3845 istis
1915 3793 2273 3859 consumptis.
2307 3792 2411 3845 Ar-

849 3882 1084 3934 bitratus
1132 3896 1280 3943 vero,
1334 3881 1561 3949 singulis
1607 3883 1773 3933 rebus
1804 3883 2130 3936 necessariis
2162 3886 2411 3935 emendis

850 3975 1019 4040 magis
1077 3975 1270 4026 idonea
1321 3988 1439 4026 esse
1501 3973 1827 4025 randuscula
1878 3983 1933 4025 et
1984 3972 2213 4025 minoris
2274 3982 2416 4025 notua

849 4077 1127 4123 nummos,
1178 4076 1376 4113 aureos
1412 4060 1534 4114 illas
1578 4061 1727 4113 hisce
1776 4061 2411 4132 statimlcommutabam.

854 4153 947 4204 Die
984 4162 1163 4205 autem
1196 4152 1503 4219 insequenti
1542 4166 1665 4205 cum
1704 4152 1977 4205 venalium
2016 4167 2198 4205 rerum
2229 4152 2419 4206 vendi-

852 4253 995 4295 tores
1026 4242 1281 4304 adissem,
1302 4243 1556 4295 abolitam
1582 4258 1703 4297 esse
1735 4242 2076 4311 reperiebam
2105 4243 2417 4310 pecuniam,

850 4348 1011 4399 quam
1066 4333 1118 4385 in
1157 4334 1410 4386 manibus
1456 4332 1723 4385 habebam
1764 4333 1993 4398 eiusque
2042 4332 2278 4398 pretium
2312 4346 2421 4383 uno

852 4425 938 4476 die
970 4426 1106 4477 adeo
1137 4425 1482 4478 innninutum
1510 4463 1524 4485 ,
1578 4431 1635 4476 ut
1680 4422 1867 4475 decem
1918 4422 1993 4473 illi
2048 4424 2252 4476 nummi
2299 4431 2424 4473 octo

2588 3516 2689 3570 18'.
2745 3517 2885 3584 Ἐγὼ
2944 3516 2993 3569 δ’
3053 3520 3108 3579 ἐς
3164 3516 3261 3586 τὴν
3314 3517 3607 3585 ὑστεραίαν
3669 3517 3890 3579 ὁλκάδος
3948 3518 4080 3569 ἁνα-

2514 3609 2753 3677 γομένης
2796 3608 2971 3679 τυχὼν
3024 3611 3079 3672 ἐς
3130 3609 3423 3673 Βυζάντιον
3477 3612 3657 3663 οἶκαδε
3713 3613 4079 3681 ἀφικομένην,

2512 3702 2665 3753 οὐδὲν
2692 3701 3047 3770 νομισμάτων
3075 3701 3473 3771 ἐπιφερόμενος
3497 3701 3627 3755 δέκα
3680 3704 3901 3771 χρυσῶν
3947 3706 4078 3756 ἐπέ-

2514 3807 2668 3843 κεινα
2711 3790 2909 3859 (πάντα
2954 3792 3063 3860 γάρ
3098 3809 3188 3858 μοι
3225 3793 3365 3844 κατά
3416 3793 3515 3854 τὰς
3550 3795 3833 3863 περιόδους
3864 3796 4082 3858 ἐκείνας

2514 3880 2829 3948 ἀνάλωται),
2860 3882 3018 3944 δόξαν
3055 3881 3145 3934 οὖν
3175 3885 3297 3949 ἐμοὶ
3329 3884 3447 3945 ταῖς
3472 3885 3597 3935 καθ’
3624 3885 3834 3937 ἐκαστα
3864 3888 4082 3956 χρείαις

2516 3971 2916 4039 ἀναγκαιότερα
2960 3971 3029 4023 τὰ
3062 3972 3184 4024 καθ’
3229 3973 3435 4025 ἐκαστα
3482 3978 3575 4028 καὶ
3604 3977 3905 4047 λεπτότερα
3940 3980 4083 4047 μέρη

2516 4062 2623 4113 τῶν
2690 4063 3039 4131 νομισμάτων
3108 4065 3394 4134 ὑπάρχειν,
3452 4067 3561 4118 τῶν
3614 4069 3871 4121 τοιούτων
3926 4071 4086 4132 εὐθὺς

2520 4152 2841 4221 ἠλλαξάμην
2874 4156 3077 4207 ἐκεῖνα.
3117 4156 3224 4208 Καὶ
3253 4158 3671 4227 προσεληλυθὼς
3706 4162 3763 4223 ἐς
3800 4161 3899 4229 τὴν
3932 4164 4087 4213 ὑστε-

2525 4244 2684 4313 ραίαν
2710 4246 2821 4307 τοῖς
2841 4244 2910 4296 τὰ
2933 4244 3068 4297 ὥνια
3101 4248 3526 4315 πιπράσκουσιν,
3544 4248 3702 4318 εὗρον
3734 4252 4088 4311 ἐκπεπτωκὸς

2528 4334 2589 4385 τὸ
2618 4336 2675 4385 ἐν
2718 4337 2904 4403 χερσὶν
2933 4337 3110 4388 ἐκεῖνό
3152 4356 3239 4406 μοι
3274 4338 3558 4408 χάραγμα,
3588 4341 3682 4393 καὶ
3719 4342 3773 4402 ἐς
3817 4343 4091 4409 τοσαύτην

2532 4426 2859 4494 κατενεχθὲν
2889 4428 3069 4496 ἡμέρᾳ
3104 4429 3202 4497 μιᾷ
3229 4429 3325 4497 τὴν
3354 4428 3543 4495 ὕφεσιν
3568 4430 3642 4491 ὡς
3676 4431 3774 4499 τὴν
3820 4432 3928 4483 τῶν
3958 4433 4091 4484 δέκα

856 4527 1062 4569 tantum
1094 4524 1462 4583 exmquarent.
1494 4515 1673 4579 Quare
1698 4525 1852 4567 vetus
1880 4515 2103 4582 quidam
2131 4514 2337 4569 amicus
2367 4514 2421 4566 in
2452 4505 2504 4562 D

2415 4505 2504 4565 tD
2534 4533 2624 4586 μοι
2668 4520 3023 4585 νομισμάτων
3064 4519 3286 4571 ἐκείνων
3333 4520 3608 4587 ποσότητα
3656 4522 3961 4590 καταϐῆναι
3997 4525 4090 4590 μέ-

854 4624 1014 4660 aures
1052 4608 1184 4659 mihi
1232 4606 1640 4669 insusurravit,
1676 4616 1736 4657 ut
1790 4605 2043 4673 protinus
2090 4606 2282 4659 eodem
2340 4605 2429 4658 die

2418 4621 2429 4658 ξ
2529 4626 2648 4676 χρις
2674 4608 2835 4660 ὀκτώ.
2871 4610 2977 4661 Καί
3008 4628 3097 4678 μοι
3135 4612 3266 4677 πρὸς
3312 4611 3404 4673 οῦς
3434 4613 3824 4681 παρεληλυθώς
3874 4632 3956 4676 τις
3988 4616 4093 4667 τῶν

856 4713 1045 4749 omnes
1081 4698 1395 4749 nummulos
1421 4696 1486 4749 ad
1518 4712 1604 4749 res
1629 4698 1965 4751 neceSsarias
1994 4698 2254 4749 emendas
2278 4697 2433 4748 adbi-

2531 4697 2696 4749 πάλαι
2722 4698 2988 4760 συνήθων,
3016 4696 3326 4766 αὐθημερὸν
3355 4700 3605 4750 ἐκέλευεν
3642 4701 3917 4763 ἐξαντλεῖν
3950 4705 4093 4755 ἆπαν

858 4790 1041 4839 berem
1072 4827 1085 4849 ,
1121 4805 1187 4840 ne
1235 4788 1400 4840 rebus
1430 4788 1675 4855 quotidie
1711 4787 1901 4855 Euripi
1952 4786 2227 4840 instabilis
2259 4789 2434 4840 instar
2530 4807 2533 4818 ⁴

2418 4804 2434 4838 r
2530 4787 2591 4837 τὸ
2620 4788 2801 4852 κέρμα
2842 4788 2897 4843 ἐς
2941 4787 3008 4837 τὰ
3049 4787 3143 4853 τῆς
3180 4789 3362 4856 χρείας
3406 4790 3829 4858 ἀναγκαιότερα,
3867 4793 3944 4862 μὴ
3978 4792 4093 4845 καθ’

860 4879 1253 4931 ﬂuctuantibus
1310 4878 1442 4931 Inibi
1495 4880 1805 4939 accideret,
1870 4887 1927 4930 ut
1978 4877 2126 4929 brevi
2183 4887 2432 4945 tempore

862 4968 1005 5035 quod
1042 4977 1169 5020 tunc
1198 4968 1477 5031 haberem,
1504 4970 1569 5019 ad
1606 4969 1834 5020 nihilum
1871 4969 2231 5036 redigeretur.
2251 4970 2428 5035 Atque

869 5073 999 5109 sane
1036 5056 1263 5109 miratus
1307 5071 1426 5109 sum
1450 5095 1463 5115 .
1498 5071 1583 5109 nte
1634 5057 1762 5109 Dius
1793 5056 2007 5109 Fidius!
2045 5058 2317 5124 quomodo
2350 5057 2429 5110 sol

865 5162 959 5199 sua
992 5146 1112 5197 luce
1153 5147 1358 5198 hancce
1395 5153 1595 5197 terram
1632 5145 1959 5200 collustrare
1994 5150 2278 5201 sustineat.
2318 5149 2430 5200 Pa-

865 5237 1071 5289 tientia:
1100 5251 1211 5288 Sine
1242 5236 1481 5288 rationes
1520 5236 1745 5289 vocibus
1773 5238 1953 5290 tacitis
1999 5239 2113 5305 ipse
2156 5239 2425 5291 sermonis

866 5344 1061 5395 expers
1088 5342 1187 5380 nos
1215 5341 1244 5378 a
1275 5328 1552 5378 communi
1582 5342 1765 5379 rerqu
1796 5328 1988 5395 opiﬁce
2012 5342 2262 5381 sermone
2287 5345 2428 5396 prte-

866 5418 1012 5471 ditos
1044 5418 1239 5469 docere
1288 5418 1524 5477 tinetur,
1553 5419 1645 5486 qui
1674 5459 1687 5482 ,
1721 5435 2028 5487 quanquam
2059 5436 2275 5490 semper
2303 5423 2429 5475 inde

870 5509 1155 5576 prmceptis
1182 5511 1342 5578 jnstis
1366 5510 1602 5563 instituti
1630 5524 1795 5580 atque
1829 5514 2140 5581 gubernati,
2182 5514 2315 5565 nihil
2350 5523 2432 5565 ta-

875 5614 997 5649 lllel|
1040 5615 1276 5667 unquam
1303 5618 1494 5654 eorum
1527 5618 1648 5669 qua:
1681 5620 1818 5670 opus
1849 5612 1996 5665 sunt,
2022 5620 2433 5673 cognoscamus.

2535 4878 2747 4945 ἡμέρας
2790 4879 2877 4929 ἀεὶ
2927 4877 3034 4929 τῶν
3082 4878 3358 4944 τοιούτων,
3399 4882 3470 4940 ὡς
3516 4883 3671 4949 δρᾷς,
3722 4884 4097 4935 ἁστατούντων

2537 4969 2760 5037 εῦρίπου
2788 4969 2962 5036 δίκην,
2987 4972 3226 5037 καταστῇ
3264 4986 3342 5019 σοι
3371 4972 3527 5020 ταυτὶ
3554 4973 3874 5039 κεκτημένῳ
3908 4976 4099 5040 κεκτῆ-

2540 5058 2664 5112 σθαι
2695 5059 2859 5128 μηδὲν
2888 5062 2945 5109 ἐν
2969 5059 3178 5128 βραχεῖ.
3213 5060 3319 5111 Καὶ
3356 5061 3538 5127 μέντοι
3567 5063 3659 5113 καὶ
3688 5062 4002 5129 ἐθαύμασα,
4039 5065 4097 5130 νὴ

2536 5152 2627 5201 τὸν
2678 5152 2871 5217 φίλιον,
2907 5152 3053 5212 ὅπως
3103 5151 3354 5219 ἀνέχεται
3401 5152 3499 5212 τάς
3546 5153 3752 5214 οἰκείας
3805 5156 4035 5216 ἀκτῖνας
4077 5158 4099 5204 ο

2538 5243 2687 5309 ἥλιος
2725 5242 3051 5309 ἐπιλάμπων
3097 5244 3223 5311 τῇδε
3261 5245 3326 5310 τῇ
3378 5245 3470 5311 γῇ.
3512 5244 3663 5296 [ιοιεῖ
3710 5243 3774 5307 δ’,
3808 5245 3884 5307 ὡς
3939 5247 4096 5307 ἔοικε,

2548 5333 2928 5403 μακροθυμίας
2975 5333 3209 5402 τρόπους
3244 5337 3448 5400 φωναῖς
3497 5335 3792 5401 ἀφθόγγοις
3839 5336 4100 5389 διδάσκων

2546 5428 2689 5495 ἡμᾶς
2737 5430 2763 5478 ό
2796 5426 2955 5493 λόγου
3010 5426 3236 5495 μηδαμῆ
3283 5426 3591 5495 μετασχὼν,
3640 5429 3761 5488 τοῦς
3815 5427 3962 5496 λόγῳ
4012 5429 4099 5495 μὲν

2546 5514 2874 5584 τιμηθέντας
2932 5516 3067 5583 πρὸς
3126 5515 3220 5567 τοῦ
3294 5516 3475 5568 κοινοῦ
3533 5515 3901 5584 δημιουργοῦ,
3965 5517 4101 5585 νομί-

2554 5622 2674 5674 μοις
2718 5606 2763 5658 δ⁹
2814 5606 2903 5659 ἀεὶ
2966 5605 3396 5677 ῥυθμιζομένους
3454 5608 3662 5659 ἐκεῖθεν
3693 5608 4098 5675 παραγγελίαις,

878 5694 1171 5757 ἐπαῖοντάς
1211 5710 1272 5762 γε
1304 5697 1408 5765 μὴν
1438 5698 1649 5761 οὐδενὸς
1672 5700 1879 5768 οὐδαμῆ
1917 5699 2037 5752 ποθ’
2063 5694 2136 5767 ᾧν
2170 5701 2425 5755 ἁπάντων
2466 5701 2651 5769 ἐχρῆν.
