4242 6342
240 314 311 379 49
1196 321 1645 385 ΒΥΖΛΝΤΙΝίΕ
1683 326 1915 385 IUSTO

1836 326 2074 388 l'Oiil.-E
2113 329 2255 391 LIB.
2302 332 2469 395 XXV.
3443 340 3511 401 50

239 435 363 494 τοὺς
394 433 809 498 συντεθεικοτες
834 434 1035 498 αὐτοὺς
1058 437 1216 492 αὐτοὶ
1245 441 1337 494 καὶ
1373 443 1665 510 κατέχουσι
1691 440 1825 511 παρ’
1854 446 1899 504 Α

1854 446 1899 504 Α
1930 444 2214 510 involutis,
2261 464 2437 518 neque
2469 448 2535 502 ad
2570 458 2809 503 vestram
2862 451 3111 505 notitiam
3158 467 3220 506 ea
3266 454 3509 521 proferre

239 529 483 594 ἑαυτοῖς,
509 529 825 582 ἀνέκπυστα
852 529 1490 603 τάνδον“σιωπῆς’μυχοῐς
1519 534 1829 590 καλύπτον-

241 639 327 681 τες
358 622 458 673 καὶ
487 620 620 690 ὑμῖν
645 621 968 691 ἐμφανίζειν
990 623 1053 677 οὐ
1078 624 1222 691 μάλα
1251 625 1585 695 τολμῶντες.

312 712 445 765 Kl".
484 711 625 782 Περὶ
686 712 789 781 μὲν
822 709 919 765 σοῦ
950 713 1139 767 πολλοὶ
1192 713 1457 778 πολλάκις
1507 718 1569 769 ὲκ
1616 716 1830 769 πολλῶν

243 804 553 873 ἐλέχθησαν
594 805 768 872 λόγοι,
799 805 1051 876 διάφοροι
1085 806 1186 876 μὲν
1237 804 1380 862 εἶναι
1422 809 1727 871 δοκοῦντες,
1763 808 1825 879 [ί.

250 899 346 951 ιον
376 896 450 967 b].
472 896 611 968 πρὸς
647 897 694 950 δ’
722 898 821 950 ἱνα
850 898 1052 962 πάντες
1098 899 1391 970 βλέποντες
1424 902 1628 953 σκοπόν
1653 915 1668 930 ο
1700 902 1831 967 τάγ-

242 990 434 1057 γώμια
464 991 536 1040 τὰ
561 991 630 1043 σὰ
663 989 887 1060 δηλαδὴ,
917 989 993 1053 ὡς
1021 991 1247 1044 ἐκείνων
1281 993 1498 1063 ἑκάστῳ
1531 992 1830 1052 διαθέσεως

242 1084 387 1148 ἔχειν
418 1082 559 1149 προς
591 1082 652 1135 σὲ
681 1082 987 1148 συνέϐαινε,
1017 1084 1112 1137 καὶ
1153 1084 1269 1153 ἅμα
1301 1086 1664 1156 σχολαστικῆς
1694 1089 1831 1158 πρός

242 1191 303 1235 γε
334 1176 405 1226 τά
436 1173 698 1242 δρώμενα
728 1176 991 1232 διανοίας.
1027 1171 1123 1239 Οἷς
1154 1194 1216 1245 γε
1253 1178 1360 1247 μὴν
1395 1180 1450 1240 ἐς
1488 1179 1555 1232 τὰ
1593 1180 1833 1247 μάλιστα

242 1267 476 1332 ςοιτῶσι
525 1267 760 1339 Παλαμᾷ
786 1285 844 1320 τε
892 1267 987 1321 καὶ
1020 1270 1274 1339 Κοκκίνῳ
1299 1272 1377 1340 τῷ
1418 1272 1746 1340 Ἡρακλείας
1782 1275 1834 1325 ὲ-

245 1360 509 1426 ττισκόπῳ
534 1361 686 1430 παρὰ
716 1361 925 1414 τούτων
955 1361 1148 1431 μαθεῖν
1166 1364 1565 1434 ἐναργέστερον
1588 1363 1833 1432 tintin-

240 1470 321 1515 το,
358 1453 449 1520 εἴη
475 1454 542 1506 ειν
570 1452 712 1517 ταδὶ,
748 1453 806 1506 ἓν
837 1456 937 1524 μὲν
960 1457 1043 1508 ὅτι
1088 1455 1408 1527 Ῥωμαῖκὴν
1452 1457 1696 1527 ἱστορίαν
1723 1457 1834 1510 τῶν

244 1537 839 1615 γινομένωνάπάντων
872 1548 1246 1617 συγγράφοντι
1272 1566 1355 1601 σοι
1386 1551 1593 1619 σφόδρα
1625 1549 1833 1619 φιλότι-

249 1658 346 1704 μον
373 1639 435 1689 τύ
469 1654 534 1705 γε
583 1639 664 1700 είς
700 1639 759 1691 σὲ
802 1632 960 1709 ἧκον,
1012 1640 1182 1704 εἰκὸς,
1225 1640 1426 1709 μᾶλλον
1460 1643 1505 1694 δ’
1552 1643 1653 1695 οὐκ
1685 1642 1834 1704 εἰκὸς

246 1730 361 1783 ἀλλ’
388 1732 634 1800 ἀνάγκη.
661 1734 755 1785 καὶ
781 1732 910 1803 περὶ
938 1731 1048 1784 τῶν
1072 1732 1554 1802 ἑκκλησιαστικῶν
1582 1736 1832 1805 συγγρά·

248 1842 369 1889 σειν
396 1824 675 1893 πολέμων.
722 1824 819 1885 Τίς
850 1825 961 1893 γάρ
990 1824 1101 1879 τῶν
1129 1826 1301 1895 μηδὲν
1351 1826 1579 1896 μηδαμῆ
1626 1842 1834 1899 προση-

248 1922 457 1970 κὸντων
506 1936 591 1971 σοι
631 1918 910 1991 δημοσίων
956 1920 1320 1991 πραγμάτων,
1374 1921 1540 1991 φαίην
1562 1920 1607 1974 δ’
1649 1922 1834 1976 ἄνκαὶ

249 2011 688 2079 (λίκουμενικῶν,
739 2011 1101 2082 αὐθαιρέτως
1152 2012 1389 2083 μόχθους
1438 2014 1834 2084 ἀναδεχόμενον

252 2106 471 2173 βλέπων
509 2121 569 2157 σε
595 2105 755 2173 δόξης
795 2106 962 2158 ἕνεκα
1002 2106 1091 2159 δια
1120 2106 1222 2175 τῆς
1253 2105 1622 2175 πλανωμένης
1652 2108 1745 2161 καὶ
1777 2109 1837 2161 τὸ

250 2202 261 2248 i
271 2216 394 2268 [10;
424 2201 519 2251 ἐπὶ
544 2197 748 2266 σαθροῦ
783 2215 925 2263 τινος
966 2200 1061 2252 καὶ
1084 2198 1239 2252 νόθου
1271 2199 1436 2266 φάναι
1479 2200 1667 2261 κλέους
1690 2202 1839 2268 ἐρει-

252 2294 480 2360 ῖιούσης.
512 2294 600 2343 ἶνα
632 2290 839 2361 δηλαδὴ
867 2287 1069 2360 μεστόν
1115 2290 1345 2344 σεαυτοῦ
1382 2291 1473 2343 τὸν
1504 2291 1702 2363 ἐφεξῆς
1734 2310 1835 2345 κα·

249 2379 491 2451 ταλίπῃς
522 2378 720 2443 αἰῶνα,
754 2379 991 2450 ὑποψίας
1019 2379 1200 2433 ἀθῶον
1258 2382 1477 2449 ἀφεῖναι
1523 2383 1836 2451 ἀνάσχοιτο,

252 2476 345 2526 καὶ
380 2474 522 2542 μηδὲ
562 2474 744 2527 πᾶσαν
786 2474 1020 2527 ἐνταῦθα
1069 2474 1271 2541 μᾶλλον
1317 2476 1470 2544 ἰσχὺν
1518 2477 1836 2549 καταθεῖναξ

254 2582 310 2615 σε
341 2563 647 2618 στ.ουδάσαι
676 2565 955 2629 λογίσαιτο
983 2566 1157 2632 λόγων
1185 2566 1294 2618 τῶν
1325 2568 1455 2632 σῶν,
1482 2568 1567 2620 ἵνα
1592 2572 1682 2621 καὶ
1712 2570 1838 2632 τοὺς

255 2657 536 2718 κλύῗωνας
567 2656 677 2708 τῶν
716 2658 964 2727 πατρίων
994 2657 1307 2727 δογμάτων,
1336 2660 1459 2711 ὅσον
1490 2662 1730 2725 ἐφικτὸν,
1752 2662 1839 2713 διὰ

259 2752 442 2821 πάσης
496 2750 834 2821 δημοσιεύσῃ
878 2752 978 2819 τῆς
1030 2752 1379 2821 οἰκουμένης,
1434 2756 1527 2806 καὶ
1565 2755 1679 2820 Ξιμα
1714 2755 1840 2817 τοὺς

260 2847 385 2906 σιὺς
418 2844 565 2913 ὑπὲρ
607 2844 814 2896 τούτων
845 2844 1060 2913 ἀγῶνας
1089 2844 1322 2916 ἐνδείξῃ,
1356 2847 1449 2898 καὶ
1473 2845 1565 2908 οὓς
1594 2848 1679 2898 ἀεὶ
1705 2848 1842 2917 πρὸς

258 2939 364 2990 τῶν
417 2937 730 3002 κακοδόξων
776 2937 1057 3000 κινδύνους
1099 2938 1391 3005 ὲφίστασαι
1418 2976 1430 2996 .
1478 2939 1842 2992 παντοδαπῶν

258 3029 564 3092 ἀπάξοντας
589 3028 838 3082 θανάτων
860 3047 875 3095 ;
900 3029 995 3081 Ἕν
1028 3029 1126 3099 μὲν
1148 3029 1211 3099 δὴ
1242 3029 1334 3081 οὖν
1374 3029 1531 3082 τοῦτο
1564 3032 1731 3099 φασὶν
1760 3033 1843 3085 αῖ-

1932 537 2218 593 auderent.

2007 719 2209 774 XXIII;
2249 719 2323 774 De
2384 730 2434 775 te
2470 721 2635 792 igitur
2681 722 2836 777 multi
2882 738 3027 791 smpe
3059 737 3087 776 a
3125 723 3310 777 multis
3364 721 3511 798 lere-

1935 812 2139 865 bantur
2178 827 2482 873 sermones;
2514 813 2606 880 qui
2659 829 2973 883 quanquam
3027 814 3173 869 inter
3219 830 3277 868 sc
3309 814 3510 870 diversi

1936 905 2286 965 videbantur,
2320 904 2385 957 ad
2418 921 2585 956 unum
2638 915 2820 959 tamen
2862 922 3058 962 omnes
3098 906 3261 961 linem
3295 914 3510 974 specta-

1935 997 2089 1057 bant.
2145 996 2209 1049 ad
2250 1010 2371 1049 tuas
2420 998 2633 1051 scilicet
2687 997 2894 1060 laudes.
2935 1010 3099 1067 prout
3146 1000 3383 1068 quisque
3430 997 3516 1053 vel

1934 1087 2119 1141 animo
2153 1088 2205 1139 in
2245 1096 2297 1141 te
2325 1087 2558 1141 allectus
2588 1088 2670 1141 vel
2699 1087 2911 1158 judicio
2943 1088 3012 1143 de
3056 1093 3242 1155 rebus,
3270 1106 3393 1159 quae
3420 1104 3516 1159 εει

1937 1164 2155 1240 runtur,
2186 1179 2447 1247 prmditus
2479 1190 2615 1233 erat.
2654 1181 2755 1246 Qui
2786 1196 2920 1236 vero
2951 1182 3187 1236 maxime
3237 1182 3514 1235 Palamam

1934 1280 1990 1324 et
2018 1268 2339 1334 Coceitium,
2380 1271 2653 1326 Heraclea:
2698 1274 3063 1343 episcopum,
3101 1272 3517 1342 frequentantes

1934 1364 2043 1434 62
2075 1362 2369 1417 dilucidius
2415 1362 2483 1417 ab
2534 1365 2667 1431 ipsis
2722 1381 2813 1419 res
2854 1380 3185 1435 cognoscere
3237 1374 3513 1435 poterant,

1934 1455 2101 1508 hasce
2135 1454 2246 1509 lere
2280 1472 2475 1509 causas
2503 1456 2738 1511 afferunt
2770 1474 2784 1511 :
2822 1458 3057 1525 primum
3093 1457 3337 1527 quidem,
3368 1458 3515 1527 quod

1938 1546 2038 1602 tibi
2074 1546 2361 1601 historiam
2395 1549 2697 1602 Romanam
2739 1549 2989 1602 omnium
3027 1564 3235 1615 rerum,
3266 1544 3390 1618 quae
3426 1565 3521 1619 ge-

1937 1648 2157 1702 runtur,
2215 1649 2481 1706 quantum
2536 1640 2589 1692 in
2629 1650 2679 1693 te
2708 1650 2811 1703 est,
2847 1639 3143 1694 ambitioso
3165 1639 3347 1694 studio
3390 1655 3521 1694 con-

1939 1730 2204 1784 scribenti
2232 1732 2771 1787 consentaneumer
2807 1730 2990 1799 potius
3019 1731 3397 1785 necessarium
3423 1732 3515 1795 sit,

1936 1824 2102 1879 etiam
2163 1824 2232 1879 dc
2301 1823 2701 1877 certaminibus
2755 1822 3144 1877 ecclesiasticis
3217 1838 3517 1892 exponere.

1936 1916 2070 1982 Quis
2095 1916 2267 1980 enim,
2300 1916 2393 1986 qui
2438 1916 2729 1970 molestum
2788 1930 2875 1969 res
2924 1915 3192 1985 publicas,
3246 1932 3368 1985 qua:
3416 1917 3519 1968 mi-

1937 2010 2085 2063 nime
2120 2003 2189 2063 all
2224 2020 2275 2063 te
2304 2010 2600 2078 pertinent,
2633 2020 2689 2063 et
2722 2024 2894 2078 prepe
2933 2009 3166 2063 dixerim
3223 2018 3338 2062 toto
3382 2008 3519 2063 orbe

1939 2114 2208 2158 terrarum
2260 2112 2441 2172 gestas
2510 2101 2898 2156 conscribendi
2947 2101 3190 2155 laborem
3262 2111 3312 2154 te
3374 2100 3518 2153 ultro

1940 2192 2337 2262 suseipientem
2390 2192 2573 2246 videat
2628 2192 2814 2259 glori:e
2861 2206 3027 2245 causa
3078 2201 3283 2245 terram
3325 2205 3519 2259 perva-

1941 2285 2122 2357 gantis
2152 2293 2207 2339 et
2235 2282 2527 2354 vestigium
2555 2282 2743 2352 putida
2766 2272 3003 2353 quadarn
3028 2294 3103 2348 et,
3134 2293 3194 2337 ut
3216 2284 3290 2338 ita
3315 2283 3519 2344 dicam,

1941 2379 2250 2433 adulterata
2305 2376 2450 2431 fama
2510 2376 2820 2438 innitentis,
2888 2376 3145 2430 nimirum
3212 2386 3272 2430 ut
3337 2376 3527 2431 futura

1941 2470 2138 2527 saecula
2197 2482 2286 2523 tua
2339 2468 2511 2538 gloria
2560 2467 2719 2537 plena
2771 2467 3073 2537 relinquas,
3105 2475 3156 2522 te
3204 2467 3520 2538 suspicione

1943 2564 2177 2619 liberum
2213 2563 2397 2616 sinere
2418 2561 2737 2626 sustinebit,
2762 2576 2940 2630 neque
2963 2563 3145 2630 potius
3170 2545 3389 2615 omnem
3413 2561 3520 2615 vim

1945 2666 2167 2710 tuorum
2202 2658 2490 2708 \crborum
2535 2655 2588 2705 in
2621 2668 2689 2707 eo
2727 2663 2778 2706 te
2809 2667 3017 2722 ponere
3050 2653 3432 2715 arbitrabitur,
3466 2662 3527 2707 ut

1943 2749 2109 2804 etiam
2141 2758 2495 2816 tempestates
2528 2746 2832 2814 patriorum
2877 2745 3218 2816 dogtnatum,
3251 2754 3522 2815 quantum

1945 2843 2066 2897 fieri
2100 2842 2296 2911 possit,
2332 2857 2430 2910 per
2459 2850 2630 2894 totum
2658 2839 2851 2907 orbem
2880 2840 3105 2909 evulges
3130 2840 3406 2907 simulque
3431 2848 3527 2894 tua

1945 2935 2247 2989 certamina
2286 2950 2384 3003 pro
2414 2933 2481 2990 iis
2522 2942 2774 3001 suscepta
2826 2946 2989 3001 atque
3037 2932 3300 3001 pericula,
3333 2946 3528 2987 omnes

1950 3039 2154 3083 mortes
2196 3026 2525 3087 redolentia,
2555 3026 2624 3079 ab
2660 3024 2925 3091 improbis
2953 3023 3052 3078 tibi
3088 3039 3309 3093 semper
3344 3023 3527 3078 inten-

261 3137 371 3170 τιον
422 3117 521 3172 τοῦ
558 3135 620 3187 γε
665 3118 730 3188 δὴ
776 3119 887 3171 τῶν
919 3120 1094 3173 ἄλλων
1134 3120 1336 3189 μᾶλλον
1362 3121 1503 3174 κατὰ
1540 3122 1634 3174 σοῦ
1674 3127 1842 3177 κινεῖ·
1872 3155 1913 3211 c

1872 3155 1913 3211 ϐ
1951 3130 2058 3175 tata
2099 3117 2398 3173 ostendas?
2462 3116 2612 3170 llanc
2675 3130 2839 3168 unam
2872 3129 2994 3169 esse
3044 3128 3267 3168 causam
3309 3114 3526 3177 dicunt,

264 3212 386 3265 σθαι
433 3212 563 3273 τοὺς
620 3211 954 3278 ἀντιθέτους,
1005 3213 1099 3264 καὶ
1152 3212 1411 3265 τοιούτων
1461 3231 1544 3267 σοι
1577 3214 1841 3284 διηνεκῶς

263 3302 626 3366 συσκευάζειν
658 3301 904 3356 θανάτων
926 3302 1209 3373 κρατῆρας
1235 3319 1250 3335 ⁸
1284 3304 1536 3374 δεύτερον
1559 3308 1605 3359 δ’
1627 3310 1712 3360 ὃτι
1734 3310 1844 3361 τῶν

261 3400 442 3452 ἀλλων
472 3396 771 3467 άφρόντιδα
801 3396 916 3466 βίον
963 3398 1057 3449 καὶ
1088 3397 1329 3467 ἄμοχθον
1378 3401 1519 3453 οἶκοι
1543 3402 1845 3472 διατριόόν-

260 3508 391 3549 των,
425 3492 531 3541 οὐκ
558 3487 781 3557 ἠμέλεις
817 3485 981 3556 ζήλου
1016 3487 1080 3539 σὺ
1124 3490 1217 3541 καὶ
1251 3488 1479 3557 θορύϐου
1509 3494 1707 3554 παντὸς
1742 3496 1846 3562 ἐμ-

263 3584 485 3636 πιπλῶν
545 3581 614 3633 τὰ
675 3580 941 3649 βασίλεια,
998 3581 1092 3633 νῦν
1145 3582 1267 3649 μὲν,
1303 3581 1396 3643 οὓς
1438 3584 1709 3650 εὐγένειαι
1750 3590 1845 3639 καὶ

260 3675 459 3743 χρύνου
526 3670 688 3739 τύχαι
754 3668 1060 3739 περιοδικαὶ
1114 3670 1431 3737 κοσμοῦσιν,
1472 3671 1692 3742 ἔχεσθαι
1745 3674 1845 3744 μὲν

260 3764 537 3834 λαμπρῶς
577 3765 661 3815 ἀεὶ
696 3762 805 3815 τῶν
845 3764 1089 3831 πατρίων
1122 3762 1390 3816 διδάσκων
1436 3764 1575 3817 ἐθῶν
1616 3768 1711 3818 καὶ
1756 3767 1845 3819 νό-

262 3873 407 3920 μων,
442 3850 749 3921 ἀπέχεσθαι
796 3850 852 3902 δὲ
886 3851 997 3903 τῶν
1035 3851 1289 3920 ἀθέσμων
1318 3852 1411 3905 τοῦ
1453 3854 1691 3923 Παλαμᾶ
1720 3874 1845 3911 και-

258 3942 568 4012 νοιρωνιῶν,
620 3942 715 3994 νῦν
742 3940 787 3994 δ’
827 3942 991 3994 αὑτὸν
1030 3942 1266 4013 ἐλέγχων
1321 3946 1424 4017 ἰδίᾳ
1453 3963 1511 3998 τε
1557 3950 1652 4000 καὶ
1681 3950 1845 4018 δημο-
1871 3960 1917 4006 L"

261 4039 354 4108 σὶᾳ
380 4037 477 4088 τὸν
511 4034 762 4106 βασιλέα,
794 4036 890 4089 καὶ
925 4036 1019 4089 νῦν
1056 4036 1154 4105 μὲν
1188 4036 1323 4107 ὁμοῦ
1364 4038 1847 4110 τῷπατριαρχεύ-

260 4149 423 4184 σαντι
458 4132 587 4198 πρὶν
622 4129 901 4199 Ἰσιδώρῳ,
932 4129 1026 4182 νῦν
1069 4130 1116 4182 δ’
1146 4129 1283 4198 ὁμοῦ
1334 4130 1411 4198 τῷ
1440 4132 1691 4184 δοσσεδεῖ
1736 4135 1847 4187 Πα-

259 4224 442 4295 λαμᾷ,
463 4228 556 4276 καὶ
581 4224 676 4276 νῦν
716 4225 814 4292 μὲν
848 4223 1128 4292 Ἰουλιανῴ
1159 4224 1527 4293 παραϐάλλων
1554 4229 1647 4279 καὶ
1674 4226 1849 4291 Μάξι-

264 4316 471 4387 μιανῷ,
512 4314 607 4367 νῦν
650 4315 694 4367 δ’
730 4316 1123 4386 Εἰκονομάχοις
1155 4318 1251 4369 καὶ
1290 4318 1401 4377 τοῖς
1428 4318 1691 4382 τοιούτοις
1723 4319 1847 4371 διώ-

261 4428 448 4473 κταις.
479 4407 711 4461 Κάπειτ⁹
738 4408 836 4476 οὐχ
862 4409 1007 4469 ὅπως
1035 4410 1095 4460 οὐ
1118 4412 1228 4470 τοῖς
1259 4409 1521 4472 τοιούτοις
1548 4410 1844 4480 ἠρκέσθης,

1950 3222 2176 3281 prepter
2217 3226 2381 3279 quam
2412 3208 2713 3262 adversarii
2751 3207 2802 3260 in
2837 3218 2889 3259 te
2927 3206 3328 3272 vehementius,
3361 3221 3527 3274 quam

1952 3304 2004 3357 in
2043 3302 2309 3370 reliquos,
2346 3301 2555 3353 incitati
2594 3300 2703 3353 sint
2758 3298 2968 3368 tibique
3017 3310 3289 3369 perpetuo
3338 3298 3529 3361 morti-

1952 3396 2064 3450 fera
2096 3395 2291 3465 pocula
2343 3400 2686 3461 comparent.
2741 3391 2925 3445 Altera
2989 3406 3154 3446 causa
3207 3401 3313 3455 est,
3357 3391 3527 3460 quod,

1947 3489 2069 3542 aliis
2110 3488 2259 3541 domi
2294 3488 2461 3539 vitam
2495 3500 2745 3539 securam
2782 3495 2837 3539 et
2874 3485 3163 3538 socordem
3216 3484 3529 3553 agentibus,

1951 3594 2005 3635 tu
2044 3598 2150 3635 non
2203 3581 2458 3636 cessabas
2508 3580 2625 3634 zelo
2656 3590 2711 3634 ct
2768 3581 2943 3634 turbis
2992 3580 3249 3633 omnibus
3302 3579 3533 3648 implere

1950 3676 2239 3747 palatium,
2269 3690 2393 3731 cum
2428 3675 2644 3741 generis
2681 3673 2966 3728 nobilitate
2998 3683 3054 3728 ct
3104 3673 3341 3727 fortuna:
3376 3672 3533 3726 vicis-

1948 3760 2290 3826 situdinibus
2313 3778 2542 3822 ornatos
2564 3769 2851 3838 splendide
2878 3768 3083 3837 patrios
3110 3766 3220 3837 63
3271 3781 3453 3821 mores
3474 3776 3531 3821 et

1949 3865 2099 3934 leges
2136 3876 2356 3932 semper
2381 3862 2659 3930 amplecti,
2690 3860 2995 3931 illcgitimis
3019 3868 3202 3913 autem
3230 3858 3532 3914 verborum

1950 3955 2291 4009 novitatibus
2342 3954 2575 4008 Palama:
2624 3951 2907 4006 abstinere
2951 3953 3201 4017 docercs,
3240 3952 3296 4005 in
3350 3950 3531 4020 ipsum

1950 4057 2134 4102 autem
2168 4047 2555 4115 imperatorem
2586 4045 2837 4115 privatim
2867 4056 3033 4114 atque
3064 4044 3283 4115 publice
3324 4057 3531 4113 oppro-

1950 4140 2067 4193 bria
2103 4140 2379 4209 injiceres,
2408 4138 2571 4192 modo
2601 4153 2726 4192 eum
2764 4153 2870 4191 una
2922 4151 3048 4191 cum
3095 4134 3333 4201 lsidoro,
3367 4146 3532 4189 antea

1949 4229 2375 4301 patriarcbicam
2429 4230 2616 4284 sedem
2674 4228 2981 4293 obtinente,
3043 4226 3207 4282 modo
3240 4241 3347 4281 una
3402 4242 3531 4281 cum

1951 4321 2118 4390 impio
2154 4322 2369 4375 Palama
2399 4361 2413 4385 ,
2452 4331 2567 4374 tum
2622 4336 2747 4374 cum
2799 4320 3018 4375 Juliauo
3070 4328 3126 4372 et
3174 4318 3529 4379 Maximiano.

1950 4423 2066 4468 tum
2106 4430 2229 4467 cum
2262 4413 2644 4468 lconomacbis
2682 4425 2737 4467 et
2760 4394 3042 4483 ejusmodi
3082 4412 3534 4480 persecutoribus

261 4504 407 4558 ἀλλὰ
437 4502 627 4572 καὺτῷ
664 4500 862 4571 μακρῷ
905 4502 1171 4572 συνεδρίῳ
1197 4501 1294 4569 τῆς
1326 4503 1530 4554 ἀτόπου
1565 4503 1842 4571 φάλαγγος
1881 4495 1922 4549 D

1881 4495 2343 4575 Dcomparando.
2401 4504 2606 4569 Deinde
2664 4504 2809 4573 quod
2867 4503 3019 4557 hisee
3072 4519 3180 4556 non
3235 4507 3533 4557 contentus

261 4600 374 4649 τῶν
426 4596 706 4663 ποιμένων
750 4593 979 4645 ἐκείνων
1028 4594 1559 4664 πεπαρῤησιασμὲνῃ
1585 4595 1677 4647 καὶ
1707 4595 1847 4646 άπα-

263 4688 606 4761 ρακαλύπτῳ
645 4690 713 4757 τῇ
750 4687 967 4757 γλώττῃ
998 4687 1416 4756 παρεισκυκλιῖιν
1442 4691 1541 4741 οὐκ
1567 4687 1737 4751 ἀνὶεις
1760 4690 1851 4741 καὶ

263 4780 740 4850 ἐπαιιαλαμδάνων
771 4781 909 4834 αὑτά
932 4798 989 4833 τε
1018 4780 1212 4839 ταῦτα.
1244 4780 1448 4847 καὶίόσα
1481 4780 1686 4833 τούτων
1707 4798 1853 4852 παρ-

263 4878 501 4945 ενεὶρων
543 4874 736 4943 μείζω,
780 4876 871 4927 καὶ
895 4874 1318 4943 προσονειδίςων
1346 4875 1490 4943 μάλα
1526 4892 1588 4942 γε
1616 4875 1852 4945 πικρῶς,

264 4972 357 5024 καὶ
411 4968 555 5022 κατᾶ
612 4967 812 5021 σαυτοῦ
868 4966 1041 5038 συχνά
1092 4969 1262 5019 ποιῶν
1317 4966 1710 5037 μανικώτερον,
1758 4970 1853 5021 κλὶ

266 5059 447 5123 ταῦτ’,
487 5059 647 5127 εἰπερ
680 5075 764 5120 τις
813 5059 1021 5127 ἕτερος.
1051 5057 1208 5121 εἰδὼς
1255 5059 1437 5122 αὑτὸν,
1470 5058 1545 5121 ὡς
1577 5059 1738 5128 εἴπερ
1761 5059 1853 5111 καὶ

266 5154 532 5220 αύτῆμαρ
579 5150 904 5218 καταπὲψει,
956 5150 1095 5204 ἀλλά
1125 5168 1188 5219 γε
1234 5152 1327 5202 καὶ
1361 5150 1689 5218 μετὶπισθεν
1739 5150 1853 5218 ἔχει

267 5246 452 5308 κότον,
490 5242 634 5311 δφρα
665 5242 913 5313 τελέσσῃ.

345 5340 476 5389 KA'.
507 5334 703 5405 Τρίτον
753 5336 835 5387 ὃτι
878 5334 1159 5404 χλευάζων
1206 5335 1401 5396 αὐτοὺς
1440 5334 1575 5402 πρὸς
1624 5334 1856 5401 άπειλῆς

270 5430 580 5499 δνήνεγκας
631 5426 837 5496 σχῆμα,
870 5426 1055 5494 λόγοις
1100 5427 1507 5497 ἁντιῤῥητικςῖς
1567 5426 1857 5479 καταλύειν

268 5522 361 5573 τον
396 5521 590 5590 τόμον.
620 5519 680 5572 ὃν
707 5519 863 5573 αὐτοὶ
897 5510 1097 5573 νεωστῖ
1126 5523 1218 5573 καὶ
1256 5521 1429 5587 λάθρα
1462 5521 1734 5572 συνθεῖναι
1766 5538 1857 5572 τεο

272 5615 626 5684 τιλμήκεσαν
685 5613 825 5666 κατὰ
885 5615 983 5683 τῆς
1019 5614 1326 5677 εὐσεϐείας,
1365 5614 1856 5683 ἐπαγγειλάμενος.

276 5712 382 5761 Καὶ
418 5708 681 5779 τέταρτον
715 5710 800 5762 ὅτι
854 5710 1065 5778 μακρὸν
1115 5710 1217 5779 ἤδη
1248 5712 1436 5778 χρίνον
1482 5712 1582 5779 τὴν
1623 5708 1858 5779 θύραθεν

279 5805 463 5857 πᾶσαν
498 5804 689 5872 σοφίαν
712 5802 1019 5861 διδάσκοντι
1055 5802 1338 5867 πλείστους
1367 5803 1457 5855 καὶ
1486 5802 1856 5866 παντοδαποὺς

1950 4597 2051 4665 ipsi
2085 4614 2279 4666 magno
2328 4597 2565 4650 concilio
2599 4596 2803 4649 insana:
2848 4595 3066 4648 illorum
3125 4604 3405 4664 pastorum
3438 4608 3534 4649 ca-

1953 4698 2118 4743 tcrva:
2146 4688 2319 4743 libera
2371 4696 2428 4741 et
2475 4686 2725 4741 intimida
2762 4686 2947 4755 lingua
2996 4686 3217 4741 easdem
3270 4686 3537 4740 calumias

1953 4784 2253 4840 identidem
2303 4786 2552 4855 ingerere
2585 4794 2640 4838 et
2689 4784 2770 4837 vel
2802 4783 2869 4837 iis
2902 4783 3137 4851 majores
3203 4782 3535 4836 iutcrscrere

1955 4877 2438 4945 acerbissimisque
2484 4876 2794 4930 maledictis
2848 4876 3223 4945 perstringere
3273 4875 3537 4943 atqncjn

1957 4977 2129 5022 temet
2181 4970 2359 5036 ipsum
2415 4967 2607 5021 saevire
2670 4982 2778 5020 non
2842 4965 3168 5029 desistcbas,
3223 4979 3535 5034 quanquam

1952 5046 2107 5114 baud
2157 5075 2288 5114 sane
2336 5060 2614 5130 ignorans,
2665 5074 2815 5122 eum,
2863 5058 2994 5112 licet
3048 5056 3115 5109 ad
3174 5068 3390 5125 tempus
3426 5057 3537 5109 ira-

1959 5155 2216 5209 cundiam
2247 5153 2580 5223 supprimat.
2627 5161 2869 5206 attamen
2920 5150 2988 5205 ad
3043 5151 3288 5204 futurum
3325 5159 3539 5217 tempus

1961 5247 2205 5307 dill‘errc,
2247 5246 2424 5301 donec
2461 5245 2526 5299 ad
2563 5245 2726 5299 linem
2752 5243 3011 5297 adducat.

2034 5337 2226 5392 XXIV.
2261 5338 2502 5392 Tertiam
2533 5351 2757 5391 causam
2805 5335 3061 5397 aﬂeruut,
3098 5333 3241 5404 quod
3287 5348 3384 5388 eos
3412 5332 3538 5387 irri-

1963 5432 2100 5495 dens
2138 5431 2277 5486 adco
2327 5430 2694 5485 comminatus
2743 5444 2823 5491 es,
2873 5438 2925 5483 te
2973 5427 3320 5482 orationibus
3368 5425 3539 5478 antir-

1964 5526 2188 5579 rbeticis
2219 5534 2425 5578 tomum
2445 5522 2596 5577 illum
2627 5520 2992 5576 refutaturum
3015 5536 3159 5583 esse,
3184 5535 3343 5590 quem
3365 5535 3539 5588 nuper

1961 5629 2019 5673 et
2046 5617 2355 5672 clanculum
2385 5622 2575 5671 contra
2609 5629 2793 5669 veram
2834 5612 2996 5667 ﬁdem
3053 5627 3387 5681 componere
3416 5613 3539 5665 ausi

1964 5712 2221 5765 fuissent.
2245 5710 2530 5775 Quartum,
2555 5708 2703 5777 quod
2736 5707 2828 5761 diu
2856 5706 2965 5775 jam
3000 5704 3286 5774 profanam
3318 5719 3541 5757 omnem

1965 5803 2294 5874 sapientiam
2356 5801 2609 5858 docendo
2668 5800 2767 5856 tibi
2851 5799 3118 5868 plurimos
3175 5798 3542 5865 undecunque
