4242 6342
780 399 858 470 Ὶ9

1964 406 2377 468 ΝΙΟΕΗῘΟΙΗ
2423 409 2806 469 ΕΒΕΟΟΗΕ

3949 409 4021 470 80

777 532 903 590 quae
925 533 1121 576 manus
1151 521 1300 576 omni
1331 530 1510 577 morte.
1553 521 1744 594 plenas
1775 522 2108 591 protendunt
2136 540 2151 588 ;
2183 539 2352 592 quare
2379 528 2425 586 Α

2348 528 2425 586 εΑ
2456 541 2605 594 στην,
2649 527 2744 578 καὶ
2791 523 2867 594 μὴ
2902 527 3073 595 ῥᾷστα
3114 525 3424 594 δυναμένην
3471 526 3803 596 ἀναίμακτον
3835 527 4023 592 προϊε-

778 607 1102 680 priusquam
1150 613 1275 681 quis
1325 612 1515 668 Isthmi
1571 614 1743 668 instar
1799 613 2022 668 ﬂuctum
2079 615 2340 683 mrinque

777 699 1079 758 irruentem
1127 704 1390 772 reprimat
1428 716 1483 760 et
1530 708 1583 758 in
1633 707 1798 757 alium
1840 705 2018 758 locum
2064 717 2340 775 transgre—

777 787 980 854 tliatur,
1037 803 1162 842 eum
1233 792 1522 858 utriusque
1585 804 1811 845 necesse
1865 803 1952 844 est
2003 791 2340 845 constituere

777 879 941 948 leges.

2446 618 2570 670 σθαι
2605 619 2702 686 τὴν
2754 618 3078 687 μεταϐολὴν,
3131 619 3238 671 οὐδ’
3281 620 3410 672 ἄνευ
3452 619 3513 671 τὸ
3558 618 3809 670 πλεῖστον
3843 620 4022 670 είπεῖν

2446 700 2540 760 τοῦ
2574 708 2771 776 βιαίου.
2808 708 3048 761 Δεδιέναι
3074 706 3204 775 γοῦν
3238 709 3328 762 καὶ
3365 710 3460 771 τὰς
3491 708 3882 777 ἐφεδρευούσας
3906 708 4023 770 τοῖς

2446 796 2706 857 τοιούτοις
2767 798 2965 865 κῆρας,
3013 799 3136 851 ὅσαι
3191 797 3436 850 θανάτων
3490 797 3759 850 παντοίων
3812 797 4022 864 μεστὰς

2449 883 2788 935 ὑποτείνουσι
2841 885 3063 953 χεῖρας·
3113 887 3203 937 καὶ
3258 885 3454 953 χρῆναι
3502 887 3588 938 διὰ
3626 887 3836 947 ταῦτα,
3888 883 4023 952 πρὶν

777 977 1113 1048 μεταστῆναι
1148 979 1237 1030 τὸν
1267 979 1420 1049 δίκην
1460 978 1653 1048 ἰσθμοῦ
1684 981 1806 1043 τοὺς
1841 977 2181 1047 ἑκατέρωθεν
2232 977 2656 1045 άναχαιτίζοντα
2707 980 3004 1042 κλύδωνας,
3050 982 3176 1042 τοὺς
3243 981 3521 1049 ἑκατέρων
3585 982 3866 1051 ὁρισθῆναι
3933 982 4022 1030 (.s-

777 1088 969 1140 σμους.

849 1165 968 1220 ΧΙΙ.
1014 1165 1318 1232 Imperator
1379 1163 1549 1233 igitur
1609 1178 1733 1215 cum
1799 1171 2002 1216 tantam
2057 1165 2110 1216 in
2173 1162 2362 1230 tantis.

775 1257 1036 1324 temporis
1087 1256 1362 1324 angustiis
1405 1256 1456 1307 in
1508 1269 1565 1306 se
1612 1254 1911 1308 irruentem
1950 1263 2358 1320 tempestatum.

773 1348 880 1400 vim
929 1346 1163 1408 viderel,
1213 1347 1407 1398 acerbe
1466 1345 1518 1397 id
1573 1344 1800 1406 ferebat,
1852 1343 2169 1412 indignatus
2199 1354 2338 1410 erat,

773 1439 981 1506 magnis
1009 1436 1285 1503 variisque
1335 1435 1618 1488 doloribus
1648 1436 1890 1486 animum
1928 1435 2181 1503 augebat.
2216 1434 2335 1488 Non

770 1526 917 1580 eiiim
965 1525 1220 1587 habebat,
1260 1524 1402 1577 unde
1454 1523 1678 1577 verbum
1732 1508 2331 1577 consolatoriumacci-

769 1625 967 1686 perct;
1006 1631 1175 1686 quare
1225 1631 1346 1669 sese
1378 1616 1555 1684 ipsum
1599 1615 1710 1668 fere
1743 1615 2066 1682 deplorahat
2090 1624 2145 1666 et
2174 1615 2332 1682 quasi

769 1709 1118 1778 desperatam
1158 1708 1330 1762 vitam
1380 1706 1578 1776 degere
1610 1706 1921 1760 videbatur.
1957 1706 2186 1775 Semper
2215 1716 2335 1760 erat

775 1800 1082 1855 taciturnus
1127 1814 1306 1868 neque
1350 1814 1474 1878 cum
1524 1814 1800 1883 quoquam
1841 1799 2057 1852 occulta
2092 1797 2332 1867 pectoris

2519 1162 2615 1216 lB’.
2649 1165 2932 1235 Τοσαύτην
2977 1163 3156 1218 τοίνυν
3193 1165 3314 1217 κατ’
3340 1163 3505 1218 αὐτοῦ
3546 1156 3806 1235 ῥαγεῖσαν
3841 1171 4021 1236 κυμά-

2443 1272 2552 1306 των
2581 1255 2874 1324 ἐπαγωγὴν
2906 1257 2962 1308 ἐν
2994 1256 3175 1325 ταυτῷ
3228 1257 3468 1327 συνορῶν
3515 1259 3544 1309 ὁ
3591 1257 3840 1326 βασιλεὺς
3871 1260 4021 1312 οὕτω

2445 1346 2616 1414 στενῷ
2647 1350 2840 1417 κομιδῆ
2873 1347 2950 1416 τῷ
2982 1348 3182 1419 καιρῷ,
3229 1351 3462 1419 ἤσχαλλε
3493 1367 3550 1402 τε
3582 1352 3674 1402 καὶ
3700 1351 4014 1420 ἐδυσφόρει,

2443 1438 2535 1487 καὶ
2568 1440 2802 1504 μακραῖς
2832 1439 3087 1491 ἐϐάλλετο
3143 1443 3238 1492 καὶ
3282 1442 3644 1510 πολυτρόποις
3692 1445 3788 1514 τὴν
3834 1445 4020 1514 ψυχὴν

2441 1525 2675 1588 ὀδύναις.
2709 1526 2792 1594 Μὴ
2824 1528 2964 1597 ἔχων
2992 1529 3036 1582 δ’
3073 1531 3178 1599 ὅπη
3213 1529 3413 1600 βλέψας
3446 1535 3761 1602 παρήγορον
3797 1536 3860 1587 ἄν
3894 1553 4018 1587 τιια

2440 1614 2654 1678 δέξαιτο
2690 1616 2869 1682 λόγον,
2901 1618 3080 1670 ἔστενέ
3116 1635 3231 1682 πως
3264 1621 3360 1673 καλ⁵
3396 1623 3580 1684 αὐτὸν,
3616 1627 3705 1675 καὶ
3743 1621 3854 1676 οἷον
3877 1628 4019 1678 άπε-

2441 1705 2718 1783 λεγομένῳ
2749 1707 2912 1778 ἐῴκει
2941 1709 3002 1762 τὸ
3038 1709 3156 1779 ζῇν.
3203 1711 3516 1780 Ἐχεμυθῶν
3543 1715 3648 1784 γὰρ
3683 1711 3751 1785 ἦν
3776 1716 3882 1778 ἀεὶ,
3917 1720 4015 1770 καί

2438 1799 2615 1851 οὐδενί
2649 1817 2776 1852 ποτε
2812 1801 2920 1852 τῶν
2970 1801 3225 1856 ἁπάντων
3256 1804 3510 1858 ἐϐούλετο
3557 1808 3874 1863 κοινοῦσθαι
3900 1811 4014 1863 τῶν

769 1892 1177 1947 communicare
1217 1872 1456 1945 volebat.
1494 1888 1666 1944 Omne
1697 1873 1844 1943 enim
1878 1889 2167 1943 consilium
2204 1887 2334 1956 reji-
2363 1883 2405 1938 Β
2433 1908 2444 1924 ι

2363 1883 2405 1938 Β
2433 1890 2533 1958 τῆς
2566 1890 2742 1960 ψυχῆς
2775 1894 3104 1965 ἀπορρήτων
3145 1895 3298 1949 οὐδὲν
3343 1897 3551 1968 οὐδαμῆ
3575 1915 3590 1931 ο
3643 1902 3863 1955 πάντων
3902 1903 4011 1974 γάρ

768 2003 892 2042 cere
921 1986 1131 2040 solebat
1161 1984 1325 2038 etiam
1356 1993 1651 2051 antequam
1686 1981 1926 2035 audiret.
1954 1980 2132 2034 Tanta
2167 1979 2333 2047 igitur

765 2091 1012 2130 arrumna
1067 2089 1190 2127 cum
1227 2072 1512 2141 conjugem
1553 2071 1763 2124 videret
1807 2071 2065 2124 alllictum
2096 2069 2334 2137 impera-

769 2168 895 2230 trix,
935 2167 1060 2219 talia
1105 2166 1168 2218 ad
1209 2180 1334 2217 eum
1385 2163 1568 2216 dicere
1615 2178 1808 2216 exorsa
1838 2173 1961 2216 est:
1997 2180 2013 2212 ι
2063 2161 2179 2215 Νοη
2212 2161 2332 2213 sine

770 2261 858 2313 l‘ei
909 2259 1131 2312 numine
1164 2257 1481 2310 hominibus
1513 2265 1604 2308 aut
1636 2255 1934 2308 infortunia
1962 2254 2205 2308 accidere
2239 2261 2333 2306 aut

767 2367 854 2405 res
882 2365 1172 2420 prosperas
1202 2353 1447 2410 evenire,
1485 2349 1757 2402 neminem
1790 2348 2042 2416 ignorare
2069 2344 2330 2406 arbitror,

762 2441 855 2510 qui
891 2441 1089 2494 mentis
1125 2440 1233 2509 95
1270 2450 1434 2507 atque
1465 2437 1680 2491 consilii
1731 2439 2003 2505 particeps
2047 2449 2153 2498 res,
2195 2448 2332 2503 quo-

764 2531 926 2584 modo
974 2544 1203 2600 «litaeque
1255 2539 1503 2598 agantur,
1552 2537 1697 2580 recte
1748 2526 2064 2595 perspiciat.
2112 2523 2328 2577 Justum

761 2638 891 2677 vere
940 2637 1061 2676 esse
1108 2623 1274 2675 Deum
1320 2629 1376 2673 et
1414 2619 1593 2687 justos
1641 2619 1890 2670 homines
1931 2616 2000 2669 ab
2032 2630 2097 2668 eo
2132 2612 2326 2676 amari,

762 2717 926 2770 etiam
979 2715 1084 2767 hoc
1117 2721 1249 2782 puto
1278 2711 1534 2764 omnibus
1577 2724 1893 2777 persuasum
1940 2722 2060 2761 esse
2087 2710 2327 2776 quorum

763 2806 935 2860 animi
983 2803 1357 2874 gubernaculo
1405 2801 1710 2870 prudentia:
1751 2799 2080 2868 dirigantur.
2115 2798 2172 2853 Si
2205 2797 2331 2866 quis

760 2899 911 2954 enim
955 2910 1112 2950 mane
1141 2895 1323 2950 studio
1353 2908 1511 2947 suum
1552 2894 1676 2954 iter,
1709 2901 1768 2944 ut
1801 2891 1874 2944 ita
1901 2890 2103 2952 dicam,
2137 2903 2328 2957 perse-

760 2995 853 3065 qui
908 2992 1015 3047 sibi
1067 2988 1442 3062 proposuerit,
1473 3000 1707 3057 vespera
1743 2995 1928 3039 autem
1967 2997 2145 3052 usque
2188 2981 2326 3036 adeo

761 3085 1037 3154 posterius
1071 3081 1271 3136 sedens
1299 3079 1690 3147 conspiciatur,
1729 3091 1892 3145 quam
1931 3075 2166 3131 debebat
2198 3089 2326 3143 pro-

2435 1983 2693 2048 καθάπαξ
2723 1986 3152 2058 ἀποδοκιμάζειν
3184 1989 3373 2043 είωθεν
3407 1992 3494 2045 ἀεὶ
3538 1992 3606 2045 τά
3640 1994 4010 2065 βουλεύματα,

2433 2075 2527 2127 καὶ
2557 2079 2688 2146 πρὶν
2715 2080 2967 2134 ἀκοῦσαι.
3003 2083 3160 2136 Οὖτω
3187 2082 3369 2138 τοίνυν
3391 2085 3609 2155 ὁρῶσαν
3635 2090 3735 2155 τὴν
3763 2088 4011 2158 βασιλίδα

2432 2167 2523 2218 τὸν
2578 2168 2810 2235 σύζυγον
2849 2171 3038 2240 ἔχοντα
3089 2173 3286 2244 λύπης,
3339 2177 3570 2246 φάσκειν
3625 2179 3784 2250 ἐπῄει
3840 2181 4010 2233 τοιαδὶ

2435 2259 2570 2328 πρὸς
2637 2263 2830 2314 αὐτόν·
2894 2265 3016 2316 Ὅτι
3076 2267 3173 2334 μὲν
3223 2269 3324 2320 οὐκ
3376 2269 3526 2321 ἀθεεὶ
3572 2271 3670 2331 τὰς
3720 2274 4010 2342 συμφοράς

2433 2347 2644 2401 ἐπιέναι
2673 2352 2784 2411 τοῖς
2812 2352 3117 2422 ἀνθρώποις
3143 2355 3277 2420 ἔστι,
3305 2357 3559 2427 καθάπερ
3584 2359 3856 2428 δήπουθεν
3885 2363 4006 2415 οὐδὲ

2431 2435 2529 2497 τὰς
2561 2437 2889 2508 εὐπραγίας,
2933 2435 3147 2509 ἀγνοεῖν
3177 2439 3333 2513 οἶμαι
3377 2449 3485 2499 τῶν
3533 2451 3752 2504 πάντων
3788 2455 4004 2520 οὐδένα,

2431 2523 2511 2590 οἷς
2543 2528 2634 2579 νοῦ
2685 2529 2901 2596 μέτεστι
2935 2534 3030 2586 καὶ
3073 2534 3332 2602 διανοίας,
3386 2539 3496 2593 τῶν
3541 2543 3628 2594 ἀεὶ
3664 2549 4007 2612 γιγνομένων

2433 2619 2846 2688 στοχαζομένοις
2874 2622 3070 2692 ὀρθῶς.
3116 2627 3337 2680 Δίκαιον
3369 2630 3416 2681 δ’
3453 2627 3594 2685 εἶναι
3631 2635 3722 2686 τὸν
3749 2637 3883 2688 Θεὸν
3910 2641 4008 2692 καὶ

2429 2709 2610 2763 δίκαια
2637 2712 2877 2781 δρῶντας
2902 2715 3221 2786 ἀνθρώπους
3250 2721 3445 2787 φιλεῖν,
3475 2724 3568 2778 καὶ
3593 2725 3749 2778 τοῦτο
3775 2729 3819 2780 δ’
3847 2725 4004 2799 οῐμαι

2428 2801 2538 2863 τοῖς
2574 2803 2744 2856 ἅπασι
2774 2807 3051 2876 γνώριμον
3086 2805 3226 2863 εἶναι
3272 2806 3352 2874 οἷς
3385 2813 3475 2865 τὸν
3527 2815 3652 2868 νοῦν
3697 2818 3795 2887 τῆς
3823 2820 4004 2890 ψυχῆς

2427 2890 2566 2954 οἴαξι
2620 2893 3099 2964 πηδαλιουχεῖσθαι
3161 2896 3521 2972 ξυνερρυήκει
3580 2907 3870 2969 συνέσεως.
3926 2912 4002 2964 Τὸ

2427 2976 2560 3042 γοῦν
2587 2979 2757 3034 ἐωθέν
2785 2999 2908 3037 τινα
2934 2983 3032 3055 τὴν
3065 2987 3254 3050 πρόσω
3285 2990 3451 3058 φάναι
3485 2994 3710 3063 πορείαν
3762 2995 4003 3064 βαδίζειν

2428 3069 2616 3159 ἀπάσῃ
2647 3073 2851 3144 σπουδῇ
2875 3077 3210 3146 προθέμενον
3231 3081 3485 3135 τοσοῦτον
3505 3084 3730 3138 ὄπισθεν
3754 3089 3999 3159 ἑσπέρας

759 3189 983 3246 gressus
1008 3186 1150 3235 esse,
1183 3171 1271 3224 vel
1299 3169 1492 3239 pusilla
1533 3177 1715 3221 mente
1761 3167 2008 3220 imbutus
2050 3166 2326 3220 intellexe-
2352 3208 2392 3263 ο
2425 3162 2434 3206 ⁴

2324 3195 2326 3202 .
2352 3208 2392 3263 C
2425 3157 2658 3263 δρᾶσθαι
2689 3161 2997 3231 καθήμενον
3033 3165 3158 3218 ὅσον
3197 3166 3506 3235 ἔμπροσθεν
3537 3174 3725 3242 ἐχρῆν,
3753 3157 3912 3228 τοῦτο
3940 3177 3999 3229 δὲ

762 3271 854 3332 rit,
885 3267 990 3321 hoc
1022 3264 1115 3318 Dei
1139 3277 1260 3318 esse
1292 3261 1524 3322 facinus,
1552 3259 1644 3327 qui
1679 3258 1916 3312 hominis
1945 3258 2104 3310 istius
2140 3273 2319 3312 mores

759 3358 1084 3428 improbans
1107 3353 1388 3414 omnibus,
1413 3365 1534 3419 quae
1561 3350 1650 3403 ille
1676 3349 1807 3418 agit,
1837 3347 2127 3402 manifesto
2162 3363 2322 3416 repu-

757 3459 886 3521 gnat
923 3450 1152 3519 ejusque
1193 3443 1436 3498 studium
1466 3441 1531 3493 ad
1566 3439 1925 3503 contrarium,
1951 3453 2115 3508 quam
2163 3439 2318 3492 initia

758 3541 1153 3610 promiserunt,
1185 3531 1568 3588 circumﬂectit
1597 3530 1826 3584 exitum.
1875 3529 2094 3583 Memini
2135 3538 2317 3583 autem

757 3632 1054 3701 Gregoram
1099 3643 1203 3681 nou
1236 3624 1403 3679 semel
1430 3638 1530 3676 nec
1564 3622 1650 3675 bis
1680 3630 1854 3686 terve,
1892 3621 1986 3675 sed
2019 3620 2319 3688 saepissime

758 3726 811 3778 in
843 3722 1029 3790 longis
1057 3729 1221 3787 atque
1254 3716 1420 3770 variis
1461 3713 1755 3782 colloquiis
1804 3712 2000 3766 crebro
2029 3712 2317 3766 nobiscum

756 3816 848 3870 hic
895 3811 1180 3873 institutis,
1235 3809 1287 3862 id
1331 3807 1475 3875 quod
1517 3807 1634 3875 ipse
1686 3805 1828 3858 haud
1886 3804 2129 3874 ignoras,
2157 3804 2317 3857 nobis

755 3905 965 3963 dicere,
1015 3903 1189 3956 libros
1239 3899 1468 3953 [’alamm
1521 3911 1712 3964 magna
1762 3906 1979 3948 scatere
2019 3893 2314 3963 impietate.

755 3998 902 4064 Quos
941 3997 983 4049 si
1018 4009 1116 4047 nos
1145 3993 1516 4058 recipercmus
1545 4003 1608 4040 ac
1641 4003 1836 4056 magno
1869 3987 2054 4040 favore
2088 3996 2142 4040 et
2170 3988 2315 4040 omni

756 4087 1137 4144 benevolentia
1173 4094 1656 4153 prosequeremur,
1697 4081 1831 4133 nulli
1881 4081 1955 4132 rei
2011 4080 2244 4149 publica:
2287 4095 2315 4132 a

754 4181 915 4236 nobis
942 4188 1212 4246 suscepta:
1242 4176 1413 4229 Deum
1455 4174 1663 4241 justum
1709 4187 2002 4240 prosperos
2031 4187 2320 4226 successus

755 4274 1015 4328 daturum
1057 4283 1202 4333 esse,
1245 4266 1386 4318 dixit
1428 4273 1595 4332 atque
1626 4263 1879 4332 promisit
1912 4262 2140 4325 ille,sed
2181 4263 2316 4326 fore,

759 4375 816 4419 ut
845 4363 1028 4418 omnia
1075 4361 1531 4414 subverterentur
1565 4370 1628 4406 ac
1678 4354 2318 4421 manifesto‘corrumpe-

760 4465 947 4510 rentur
985 4450 1148 4506 νιτιιιιί
1199 4457 1414 4517 segetes
1441 4445 1751 4514 fulguribus
1792 4444 2068 4498 aethereis.
2103 4443 2194 4497 Sin
2225 4459 2319 4497 au-

2425 3250 2520 3300 καὶ
2549 3245 2630 3313 οἷς
2655 3252 2834 3318 ὀλίγος
2859 3255 3143 3322 ἐμπέφυκε
3173 3257 3313 3320 νοῦς,
3344 3261 3498 3330 γνοίη
3526 3262 3592 3315 ἂν
3615 3264 3752 3317 Θεοῦ
3778 3267 3998 3330 πάντως

2422 3332 2582 3398 εἶναι,
2617 3339 2755 3405 μήτε
2793 3339 2896 3409 μὴν
2919 3342 3032 3403 τοῖς
3063 3342 3156 3395 τοῦ
3183 3342 3489 3412 βαδίζοντος
3516 3349 3739 3418 τρόποις
3763 3356 3999 3420 ἀρεσκο-

2425 3427 2611 3498 μένου,
2645 3430 2737 3481 καὶ
2769 3429 2884 3499 ἅμα
2909 3435 3019 3494 τοῖς
3045 3434 3219 3505 τούτῳ
3247 3437 3553 3507 δρωμένοις
3583 3439 3787 3495 ἅπασιν
3814 3445 3997 3512 ἐμφα-

2420 3517 2526 3579 νῶς
2573 3522 2909 3589 μαχομένου,
2961 3524 3055 3577 καὶ
3108 3528 3164 3588 ἐς
3217 3529 3290 3581 τὰ
3350 3531 3492 3583 πάνυ
3549 3533 3658 3585 τῶν
3695 3535 3996 3603 προοιμίων

2423 3609 2795 3665 ἐναντιώτατα
2826 3615 3038 3683 πέρατα
3074 3616 3170 3686 τὴν
3212 3621 3448 3689 σπουδὴν
3489 3625 3993 3695 ἀντιπεριάγοντος.

2421 3701 2719 3772 Μέμνημαι
2749 3707 2931 3759 τοίνυν
2974 3709 3070 3778 οὐχ
3103 3709 3266 3775 ἅπαξ,
3298 3713 3416 3765 οὐδὲ
3465 3713 3545 3776 δίς
3580 3727 3682 3767 που
3729 3720 3822 3770 καὶ
3872 3723 3994 3787 τρὶς

2423 3795 2605 3863 μόνον.
2655 3796 2789 3848 ἀλλά
2839 3800 2933 3851 καί
2967 3800 3108 3868 μάλα
3154 3802 3326 3870 δήπου
3377 3821 3439 3871 γε
3475 3805 3737 3868 πολλάκις
3785 3809 3993 3879 ἀμφοῖν

2421 3886 2551 3964 ᾐμῖν
2584 3888 2830 3950 εἰπόντος
2857 3888 2952 3941 τοῦ
2994 3890 3250 3962 Γρηγορᾶ
3281 3897 3421 3947 κατὰ
3450 3897 3545 3959 τὰς
3589 3898 3843 3952 ἐνταυθοῖ
3865 3904 3994 3955 πολε

2419 3973 2573 4036 λάκις
2605 3975 2911 4039 ἰδιαζούσας
2953 3975 3014 4051 [Γ.
3049 3980 3151 4034 H8
3201 3980 3257 4053 α]
3305 3985 3520 4051 μακρὰς
3551 3988 3642 4039 καὶ
3690 3969 3994 4052 πολυειδεῖς

2420 4067 2577 4137 ήμῶν
2611 4069 2827 4136 ὁμιλίας
2853 4065 3030 4139 (οἶσθα
3061 4073 3118 4125 δέ
3143 4077 3234 4127 καὶ
3262 4075 3448 4146 αὐτὸς)
3477 4077 3573 4139 τὰς
3597 4078 3812 4147 βίϐλους
3844 4077 3988 4136 εἶναι

2418 4159 2514 4211 τοῦ
2547 4160 2783 4228 Παλαμᾶ
2811 4161 3131 4225 δυσσεϐείας
3183 4167 3413 4234 πλήρεις
3455 4172 3669 4238 μακρᾶς
3692 4187 3704 4199 ·
3743 4171 3804 4233 ἃς
3835 4173 3989 4241 δεχο-

2424 4253 2604 4320 μένοις
2637 4256 2788 4324 ήμῖν,
2819 4257 2914 4309 καὶ
2953 4257 3157 4324 πολλὴν
3187 4263 3283 4311 καὶ
3316 4262 3667 4334 παντοδαπὴν
3697 4267 3795 4335 τὴν
3826 4268 3990 4335 εὐμέ-

2419 4363 2567 4398 νειαν
2600 4351 2751 4415 σφίσι
2783 4350 3198 4417 παρεχομένοις,
3235 4350 3439 4420 ἔφασκέ
3461 4371 3519 4407 τε
3553 4358 3646 4409 καὶ
3677 4358 3988 4428 ὑπισχνεῖτο

2423 4439 2612 4507 μηδενὶ
2649 4439 2758 4492 τῶν
2785 4442 2917 4510 ἡμῖν
2957 4459 3018 4508 γε
3039 4442 3344 4511 δρωμένων
3387 4447 3662 4516 δημοσίων
3691 4450 3988 4520 εὐδρομίαν

758 4558 865 4601 tem
918 4546 1036 4598 haec
1083 4541 1168 4595 vel
1220 4540 1309 4592 illa
1377 4552 1463 4590 res
1510 4537 1693 4604 aliquo
1743 4535 1904 4588 modo
1949 4535 2106 4588 initio
2158 4535 2317 4588 nobis
2349 4529 2433 4585 οε

2311 4552 2317 4587 ι
2349 4535 2391 4585 ῐ)
2421 4528 2808 4597 ἀκολουθήσειν
2836 4531 2971 4600 πρὸς
3005 4532 3096 4586 τοῦ
3139 4533 3347 4611 δικαίου
3401 4536 3557 4602 Θεοῦ,
3597 4539 3715 4593 ἀλλ’
3757 4542 3986 4611 ἀνατρέ·

755 4636 1050 4692 succedere
1079 4633 1259 4685 visura
1287 4640 1452 4692 esset,
1485 4637 1719 4682 attamen
1745 4643 1853 4679 non
1883 4627 2044 4695 longo
2074 4636 2317 4695 tempore

756 4725 1082 4795 interposito
1110 4722 1221 4792 96
1245 4722 1386 4784 fore,
1407 4731 1464 4772 ut
1493 4720 1848 4773 acerbissima
1885 4719 2022 4771 mala
2045 4719 2318 4771 uberrime

755 4818 821 4872 ad
857 4824 1161 4870 extremum
1202 4817 1633 4864 succrescerent.
1675 4810 1819 4863 Idem
1863 4809 1998 4878 ipsis
2028 4810 2320 4862 vehemen-

757 4910 863 4963 tius
920 4904 1364 4977 pronuntiantem
1411 4901 1759 4962 audivimus,
1806 4910 1866 4952 ut
1918 4900 2054 4952 nihil
2104 4899 2320 4952 dubita-

757 4999 919 5053 tionis
978 4997 1094 5050 suis
1139 4998 1384 5050 moribus
1423 4995 1778 5055 admisceret,
1825 5007 1945 5059 quae
1993 4992 2315 5059 plerumque

753 5087 1198 5141 incertitudinem
1228 5086 1394 5138 futuri
1435 5083 1699 5151 temporis
1732 5081 2104 5134 metuentibus
2136 5083 2315 5134 inesse

751 5180 906 5232 solet.
945 5178 1134 5246 Neque
1184 5176 1380 5230 nescis.
1415 5184 1621 5244 quanto
1669 5173 1794 5227 odio
1843 5174 1945 5226 viri
1983 5188 2090 5226 non
2129 5186 2157 5224 a
2201 5173 2315 5226 suis

752 5270 934 5321 verbis
966 5269 1278 5322 recedentis
1309 5269 1619 5320 libertatem
1655 5264 1927 5334 persecuti
1958 5264 2149 5318 simus.
2174 5265 2315 5318 Con-

751 5359 1104 5414 siderandum
1158 5360 1322 5428 igitur
1379 5367 1485 5422 est,
1539 5372 1667 5410 num
1720 5356 1861 5408 forte
1918 5355 2030 5410 Deo
2079 5356 2196 5424 ipso
2243 5357 2312 5411 ob

749 5450 941 5518 dogma
978 5461 1315 5517 repugnante
1351 5449 1502 5502 irrita
1540 5448 1830 5502 iaciamus.
1869 5466 1886 5497 ι

818 5716 952 5769 Xlil.
999 5715 1120 5768 llaec
1149 5725 1311 5783 atque
1344 5716 1611 5782 ejusmodi
1671 5729 1793 5767 cum
1853 5714 1940 5767 illa
1973 5715 2308 5782 protulisset,

747 5809 1074 5878 imperator;
1119 5827 1135 5858 ι
1180 5809 1388 5869 Mulier,
1424 5808 1622 5876 inquit,
1657 5824 1762 5860 non
1812 5808 1993 5859 omnia
2047 5808 2311 5862 debemus

2419 4616 2617 4669 πεσθαί
2640 4634 2697 4668 τε
2724 4619 2899 4670 πάντα
2923 4620 3018 4672 καὶ
3044 4604 3366 4690 φθείρεσθῶ
3392 4627 3704 4693 προφανῶς,
3732 4604 3986 4699 καθάπερ

2421 4710 2704 4775 κεραυνοῖς
2734 4709 2994 4778 αίθερῖοις
3027 4712 3092 4763 τὰ
3121 4713 3267 4779 λήῖα.
3319 4716 3380 4767 El
3422 4716 3476 4768 δέ
3510 4733 3616 4770 που
3666 4719 3759 4771 καὶ
3809 4719 3984 4784 δόξειε

2417 4799 2526 4850 τῶν
2551 4801 2838 4870 ἡμετέρων
2875 4801 3052 4870 ἔργων
3081 4801 3138 4854 ἓν
3166 4804 3452 4858 ὁποιονοῦν
3493 4806 3698 4878 ὁπηοῦν
3737 4811 3985 4881 εὐτυχεῖν

2417 4891 2481 4939 ἐκ
2522 4891 2842 4959 προοιμίων,
2880 4893 2995 4943 ἀλλ’
3021 4888 3115 4945 οὖν
3140 4897 3240 4947 οὐκ
3273 4898 3356 4960 είς
3386 4898 3605 4967 μακρὰν
3634 4901 3751 4952 ἐκεῖ
3787 4903 3984 4972 πικρὸν

2418 4982 2744 5050 ἐπιφύεσθαι
2784 4986 2878 5037 καὶ
2921 4987 3064 5054 μάλα
3113 4987 3381 5057 πολύχουν
3429 4992 3486 5042 ἐν
3530 4993 3642 5050 τοῖς
3691 4992 3891 5062 πέρασι
3923 4997 3983 5046 τὸ

2416 5074 2702 5143 γεώργιον.
2733 5075 2903 5128 Τοῦτο
2932 5076 2988 5128 δε
3019 5079 3250 5140 καύταῖς
3276 5079 3579 5149 πανδήμοις
3625 5083 3982 5154 σφοδρότερον

2415 5166 2750 5232 ὴκηκόειμεν
2786 5167 3043 5236 φάμενον,
3076 5169 3135 5220 οὐ
3167 5169 3467 5240 δισταγμοῦ
3499 5190 3642 5235 τινος
3676 5176 3845 5242 μέρος
3874 5193 3982 5227 πα-

2419 5260 2757 5324 ραμιγνύντα
2783 5259 2861 5329 τῷ
2890 5261 3031 5328 ήθει,
3059 5263 3238 5323 ὁποῖος
3273 5265 3382 5324 τοῖς
3410 5262 3635 5317 δεδιόσιν
3664 5267 3852 5318 ’ἐπεται
3880 5269 3981 5336 τὴν

2415 5349 2508 5401 τοῦ
2547 5350 2835 5418 μέλλοντος
2864 5352 3086 5420 ἀδηλίαν
3119 5352 3194 5412 ὠς
3224 5354 3292 5404 τὰ
3338 5352 3527 5408 πολλά.
3579 5357 3686 5408 Καὶ
3730 5354 3885 5408 οἶσθά
3915 5375 3979 5424 γε

2413 5439 2488 5502 ὠς
2529 5439 2809 5509 ἠχθόμεθά
2837 5442 2932 5511 τῆς
2967 5442 3277 5512 παρρησίας
3305 5444 3490 5513 τάνδρί
3513 5461 3528 5476 ·
3559 5446 3587 5496 ὸ
3609 5445 3654 5499 δ’
3685 5449 3783 5498 οὐκ
3809 5449 3979 5500 ἐνεδί-

2412 5531 2505 5584 δου
2533 5533 2724 5599 λέγων.
2760 5533 3028 5586 Σκεπτέον
3058 5533 3150 5588 οὖν
3177 5535 3255 5606 μὴ
3283 5534 3419 5588 Θεοῦ
3457 5537 3762 5605 μαχομένου
3789 5538 3878 5591 διὰ
3919 5541 3979 5592 τὸ

2413 5624 2588 5692 δόγμα
2624 5623 2876 5694 πονῶμεν
2901 5627 3160 5694 ἀνήνυτα.
3201 5645 3220 5678 ι

2485 5717 2582 5769 ΙΓ⁹.
2616 5715 2796 5768 Ταῦτα
2825 5719 3002 5768 τοίνυν
3034 5719 3128 5769 καὶ
3157 5720 3222 5770 τὰ
3252 5719 3475 5772 τοιαῦτα
3509 5721 3805 5790 διεξιούσης
3838 5723 3979 5772 ἑκεί-

2415 5825 2532 5878 νης,
2571 5827 2588 5859 ι
2616 5804 2685 5859 Ὠ
2717 5808 2895 5875 γύναι,
2927 5810 3089 5876 φησὶν
3123 5812 3149 5861 ὁ
3181 5809 3455 5878 βασιλεὺς,
3497 5813 3558 5864 οὐ
3591 5813 3768 5864 πάντα
3804 5812 3976 5865 καθά-
