4242 6342
746 400 819 468 ετ
1950 406 2371 472 NICEPHORI
2410 413 2795 476 GREGOIUE
3924 409 3996 473 83

748 513 806 569 Si
863 515 970 570 boc
1023 516 1097 571 ita
1124 526 1248 583 est,
1285 518 1517 572 multum
1548 519 1726 581 aberit
1753 562 1767 585 ,
1802 532 1860 575 ut
1888 521 2124 578 alterum
2178 524 2317 579 alter

2366 529 2587 595 ιοῦτω,
2634 529 2832 583 πολλοῦ
2884 529 3034 600 μέντ’
3062 528 3127 582 ἂν
3161 528 3380 598 tuaac:
3423 530 3490 583 τὰ
3532 528 3731 597 ἑτέρων
3774 526 3996 595 ἐτέρους

747 606 1067 675 perspiciat.
1103 609 1211 663 Deo
1239 610 1388 665 enim
1419 612 1525 666 soli
1561 612 1667 667 boc
1687 613 2028 669 inaccessum
2062 626 2317 670 servatur

749 705 915 763 atque
950 700 1179 767 regitur.
1212 702 1306 769 qui
1339 702 1618 757 hominem
1653 704 1791 758 bene
1826 704 2117 761 facientem
2150 706 2315 761 vitam

749 797 1004 842 acturum
1069 790 1498 858 placidissimam
1555 810 1744 864 pacem
1795 798 2096 865 spirantem
2160 799 2315 872 103

752 878 1041 943 promisit,
1078 895 1240 936 secus
1273 894 1455 937 autem
1495 896 1745 955 agentem
1783 890 1948 943 etiam
1985 893 2315 945 contrariam

753 968 877 1023 vitae
922 982 1129 1027 sortem
1172 975 1509 1029 habiturum.
1555 979 1744 1048 Neque
1790 997 1919 1035 vero
1970 982 2193 1035 minima
2233 991 2317 1037 est

751 1062 836 1112 vel
872 1060 1132 1131 ignobilis
1185 1066 1541 1134 diﬂ‘erentia,
1577 1086 1697 1139 qua:
1751 1072 1981 1127 interest
2024 1072 2171 1127 inter
2216 1074 2317 1128 bo~

753 1169 883 1207 num
915 1164 970 1208 et
1003 1155 1206 1210 bonum
1239 1169 1406 1228 atque
1439 1164 1580 1215 inter
1618 1162 1819 1218 malum
1852 1172 1908 1218 et
1938 1166 2161 1219 malum.
2190 1164 2319 1220 Om-

754 1243 907 1295 nium
941 1243 1090 1296 euiin
1123 1245 1395 1302 bonorum
1423 1250 1690 1317 Optimum
1722 1262 1888 1320 atque
1923 1254 2159 1322 primum
2194 1268 2317 1306 esse

752 1336 1114 1403 cognovimus
1162 1340 1421 1409 pietatem
1469 1358 1599 1412 erga
1649 1343 1819 1397 Deum
1851 1354 1905 1395 et
1937 1344 2314 1413 incorruptam

756 1426 940 1482 (idem.
963 1430 1058 1484 Ille
1088 1433 1259 1495 enim,
1300 1435 1545 1497 «Amato,
1574 1436 1772 1504 inquit,
1802 1435 2115 1503 Dominum,
2144 1439 2315 1493 Deum

758 1527 911 1571 tuum
948 1537 1014 1574 es
1059 1516 1255 1576 intimo
1297 1524 1465 1577 corde
1504 1534 1668 1591 atque
1705 1526 1949 1588 animo,»
1990 1537 2045 1581 et
2084 1526 2313 1581 rursus:

758 1630 772 1657 ι
805 1609 1043 1664 Adorato
1081 1612 1390 1677 Dominum,
1426 1615 1592 1667 Deum
1638 1626 1789 1669 tuum
1854 1633 2091 1685 eumque
2140 1618 2315 1670 solum

750 1700 959 1766 colito;
994 1702 1209 1755 saliunt
1248 1704 1401 1756 enim
1431 1706 1611 1759 colere
1644 1717 1729 1760 est
1765 1723 1852 1760 res
1888 1718 2100 1763 creatas
2138 1710 2318 1763 colere

752 1794 937 1858 potius
971 1810 1133 1861 quam
1174 1806 1503 1852 creatorem.
1550 1797 1845 1866 Perspecta
1884 1799 1980 1852 tibi
2017 1800 2128 1853 erit
2164 1800 2315 1853 omni

2422 623 2624 676 ειδέναι
2649 624 2801 677 ποτέ.
2832 623 2954 693 Θεῷ
2983 624 3091 693 γὰρ
3126 626 3272 693 μόνῳ
3301 621 3443 675 τοῦτ’
3474 622 3735 690 ἁπρόῖτον
3758 620 3995 687 τετήρη-

2418 717 2602 783 ταίγε
2644 718 2738 769 καὶ
2771 718 3141 785 τεταμίευται.
3182 716 3515 784 Ἆνθρὼπων
3560 715 3606 766 δ’
3649 713 3708 775 ὃς
3746 712 3812 763 ἂν
3844 710 3994 779 δρῴη

2419 808 2657 874 τάγαθὰ,
2690 809 2921 860 πνέοντα
2965 808 3080 876 βίον
3109 808 3336 877 εἰρήνης
3364 804 3506 858 εἷναί
3531 806 3579 857 o!
3610 796 3993 871 ὑπεσχημένον

2418 900 2626 952 ἐκεῖθεν
2680 900 2827 968 βιοῦν
2851 916 2865 931 ο
2896 900 2954 964 ὃς
2982 902 3027 953 δ’
3056 899 3150 952 οὖν
3180 898 3457 961 τάναντία,
3478 898 3649 966 τούτῳ
3690 896 3735 949 δ’
3770 891 3838 948 αὖ
3868 895 3968 946 τάν

2419 992 2601 1045 αντία.
2652 988 2801 1045 Εἶναι
2842 993 2886 1044 δ’
2932 992 2995 1044 οὐ
3028 995 3168 1045 πάνυ
3217 1009 3269 1045 τι
3319 974 3610 1059 ἐλαχίστην
3647 989 3753 1040 οὐδ’
3796 986 3992 1052 ἀγεννῆ

2417 1100 2539 1135 τινα
2571 1085 2671 1154 τὴν
2715 1083 2916 1152 μεταξὺ
2958 1085 3242 1153 διαφοράν,
3281 1083 3346 1151 ῆν
3391 1080 3571 1148 ἀγαθά
3616 1097 3671 1131 τε
3710 1078 3824 1146 ἔχει
3859 1075 3994 1144 προς

2418 1177 2601 1243 ἀγαθὰ
2636 1178 2726 1229 καὶ
2770 1178 2835 1247 ἢν
2866 1172 2933 1229 αὖ
2966 1176 3131 1229 κακία
3176 1176 3309 1244 πρὸς
3349 1170 3578 1227 κακίαν.’
3617 1171 3865 1235 ’Λγαθιῖιν
3896 1170 3996 1237 μὲν

2420 1270 2530 1338 γάρ
2560 1270 2814 1322 ἁπάντων
2846 1270 3137 1338 κράτιστόν
3168 1286 3225 1321 τε
3265 1270 3357 1319 καὶ
3403 1267 3712 1335 πρώτιστον
3742 1263 3922 1327 ἔγνως)
3936 1278 3993 1310 εν

2421 1353 2561 1409 εἶναι
2601 1357 2698 1425 τὴν
2727 1357 2865 1425 πρὸς
2891 1356 3024 1409 Θεὸν
3064 1355 3345 1409 εὐσέϐειάν
3379 1371 3438 1405 τε
3477 1351 3570 1403 καὶ
3612 1347 3995 1414 ἁκαπήλευτυν

2423 1448 2625 1503 πίστιν.
2681 1465 2700 1499 ι
2732 1447 3239 1515 ’Δγαπήσεις’γὰρ,
3280 1445 3437 1513 φησὶ,
3492 1442 3700 1509 Κύριον
3731 1438 3822 1490 τὸν
3860 1435 3995 1488 Θεό)

2422 1557 2517 1591 σου
2548 1538 2607 1604 ἐξ
2638 1538 2768 1608 ὅλης
2789 1538 2965 1607 ψυχῆς
3018 1539 3113 1595 καὶ
3154 1538 3213 1599 ἐξ
3244 1536 3375 1603 ὅλης
3400 1537 3500 1602 τῆς
3547 1532 3784 1590 διανοίας
3814 1546 3930 1587 σου,
3969 1547 3985 1575 ι

2422 1629 2517 1682 καὶ
2555 1628 2741 1691 πάλιν,
2790 1647 2808 1679 ι
2849 1628 3053 1696 Κύριον
3091 1627 3182 1679 τὶν
3221 1626 3356 1679 Θεόν
3418 1643 3512 1677 σου
3569 1623 3993 1691 προσκυνήσεις.

2420 1723 2517 1776 καὶ
2554 1722 2704 1792 αὺτῷ
2750 1724 2895 1791 μόνῳ
2930 1721 3268 1791 λατρεύσεις.
3309 1738 3330 1771 ι
3373 1718 3447 1772 Τδ
3473 1717 3582 1785 γὰρ
3615 1717 3759 1784 ἄλλῳ
3792 1732 3867 1780 τῳ
3896 1715 3995 1762 h-

2420 1814 2636 1883 τρεύειν
2691 1818 2758 1885 τῇ
2815 1815 2991 1866 κτίσει
3047 1811 3199 1879 παρὰ
3254 1812 3349 1864 τδν
3399 1811 3663 1864 κτίσαντα
3710 1806 3995 1873 λατρεύειν

748 1900 811 1935 ex
870 1896 1021 1951 parte
1070 1887 1336 1939 bonorum
1385 1888 1729 1954 diﬁcrcntia‘,
1776 1891 1821 1943 si
1865 1905 1928 1943 ea
1959 1890 2312 1943 enumerabis

2366 1886 2386 1939 ι
2415 1906 2553 1958 ἐστί.
2586 1903 2871 1972 Γνώριμον
2894 1905 2939 1957 δ’
2962 1905 3027 1958 ἂν
3057 1903 3144 1972 εἴη
3174 1919 3257 1955 σοι
3285 1903 3506 1962 πάντως
3540 1901 3573 1968 ἠ
3600 1898 3708 1949 τῶν
3734 1896 3995 1947 τοιούτων

748 1978 1011 2047 deinceps
1041 1994 1105 2035 ex
1139 1979 1326 2031 inﬁmo
1354 1980 1524 2048 gradu
1558 1991 1722 2049 atque
1757 1982 2138 2035 fundamento.
2169 1981 2315 2035 Con-

750 2078 830 2120 tra
864 2084 995 2121 vero
1021 2070 1264 2124 omnium
1298 2070 1563 2123 malorum
1609 2072 1905 2139 pessimum
1956 2083 2037 2124 est
2078 2073 2313 2126 secessio

750 2179 777 2215 ει
823 2161 929 2218 Deo
954 2202 968 2222 ,
1002 2163 1159 2229 cujus
1206 2162 1421 2230 signum
1454 2172 1619 2231 atque
1656 2164 1918 2216 indicium
1960 2164 2312 2218 manifestum

752 2261 837 2303 0st
871 2252 1173 2320 patriorum
1211 2263 1610 2321 prazceptorum
1647 2266 1812 2322 atque
1851 2258 2029 2324 legum
2066 2258 2311 2321 abolitio,

750 2356 870 2406 qua:
921 2341 977 2398 ﬁt
1026 2342 1413 2398 additamentis
1463 2355 1513 2397 et
1562 2346 2004 2414 ademptionibus
2054 2364 2155 2402 nec
2204 2366 2312 2402 non

754 2434 1169 2503 impudentibus
1202 2436 1462 2505 perjuriis
1495 2452 1688 2491 eorum
1717 2482 1730 2502 ,
1759 2440 1852 2507 qui
1891 2456 2016 2491 cum
2055 2442 2165 2495 Deo
2200 2443 2315 2495 bel-

753 2525 887 2582 lant.
940 2526 1128 2595 Neque
1181 2534 1326 2583 enim
1376 2532 1664 2599 quisquam
1713 2532 1884 2585 Deum
1920 2533 2222 2603 peierabit,
2258 2535 2313 2588 in

749 2625 907 2685 cujus
949 2623 1133 2677 animo
1166 2622 1237 2691 pii
1272 2624 1324 2675 in
1365 2623 1531 2677 Deum
1568 2640 1761 2677 sensus
1791 2626 2004 2679 ardent.
2046 2629 2314 2680 Accurate

753 2713 803 2765 id
850 2710 1007 2765 facile
1055 2713 1393 2767 intellexeris
1423 2714 1466 2765 si
1505 2724 1717 2767 veteres
1747 2716 1964 2769 Judtcos
1996 2716 2049 2768 in
2082 2731 2313 2771 examen

750 2804 1001 2867 vocaris,
1034 2803 1127 2871 qui
1160 2819 1284 2857 eum
1320 2804 1412 2857 Dei
1461 2807 1837 2859 reverentiam
1882 2810 1946 2858 ad
1994 2808 2316 2875 peregrinos

753 2896 885 2949 deos
931 2899 1364 2963 transtulerunt,
1396 2900 1580 2955 statim
1639 2904 1690 2953 in
1736 2901 2059 2953 servitutem
2108 2902 2316 2970 redigo-

754 2987 953 3041 bantur
975 3006 1003 3042 a
1038 2991 1288 3044 ﬁnitimis
1318 2994 1597 3062 gentibus,
1626 3010 1859 3062 quarum
1891 2995 2101 3048 domini
2131 3004 2311 3058 erant,

751 3082 994 3148 quandiu
1029 3083 1115 3151 pie
1148 3083 1219 3137 de
1248 3084 1361 3137 Deo
1393 3095 1725 3151 senserunt;
1760 3088 1849 3139 ubi
1887 3099 2068 3141 autem
2098 3088 2220 3156 pius
2247 3088 2314 3141 iis

750 3184 871 3226 erat
919 3175 1215 3244 princeps,
1263 3193 1467 3237 rursus,
1507 3182 1825 3247 superiores
1871 3181 2122 3237 hostibus
2155 3180 2316 3252 105

751 3281 932 3321 erant.
979 3268 1159 3338 Atque
1208 3284 1264 3323 ut
1297 3282 1482 3325 vetera
1515 3274 1857 3335 omittamus,
1886 3275 2310 3329 Constantinum

751 3361 1003 3430 Magnum
1036 3363 1179 3418 inter
1210 3366 1568 3433 imperatores
1597 3366 1931 3430 consideres,
1964 3382 2171 3435 quzeso,
2202 3367 2312 3427 cui.

752 3470 875 3507 cum
909 3455 1117 3507 cultum
1158 3456 1424 3518 deorum,
1464 3473 1573 3525 quo
1609 3458 1832 3525 quidem
1868 3459 2093 3513 nomine
2126 3474 2319 3527 perpe-

755 3562 866 3599 ram
899 3548 1378 3614 nuncupabantur,
1407 3550 1472 3601 ad
1502 3566 1692 3601 verum
1724 3550 1891 3601 Deum
1921 3550 2312 3612 transtulisset,

653 3666 656 3670 ~
751 3639 1017 3707 contigit,
1062 3649 1121 3692 ut
1158 3640 1451 3709 ampliores
1492 3640 1704 3707 imperii
1750 3638 1889 3696 ﬁnes
1922 3655 2085 3707 quam
2125 3654 2317 3693 omnes

754 3742 879 3783 Nile
914 3748 1038 3784 eum
1073 3732 1435 3798 imperatores
1471 3733 1576 3784 sibi
1606 3731 1932 3785 vindicaret.
1972 3730 2317 3800 Imperatori-

754 3823 857 3875 bus
893 3834 1072 3875 autem
1111 3832 1232 3890 post
1263 3837 1389 3874 eum
1416 3864 1427 3884 ,
1464 3822 1555 3890 qui
1599 3822 1984 3877 hatreticorum
2024 3823 2316 3889 opiniones

755 3914 809 3968 in
849 3915 1030 3966 divina
1074 3914 1197 3967 ﬁdei
1234 3913 1488 3981 dogmata
1526 3914 1786 3968 inducere
1818 3915 2118 3981 Deumque,
2150 3928 2313 3981 quem

754 4019 811 4057 se
841 4005 1103 4058 extremis
1135 4005 1306 4058 labris
1343 4004 1528 4057 colere
1563 4004 1863 4066 dicebant,
1896 4006 2139 4073 peierare
2182 4003 2317 4056 inci-

757 4096 1013 4162 piebant,
1045 4097 1229 4148 statim
1257 4096 1577 4163 magnitudo
1609 4096 1700 4149 illa
1728 4096 1943 4164 imperii
1971 4096 2038 4147 ab
2068 4094 2317 4149 hostibus

754 4188 958 4241 sensim
999 4188 1367 4257 paulatimque
1404 4188 1814 4245 diminuebatut‘

828 4371 987 4423 XVII.
1044 4370 1150 4421 Sed
1188 4371 1407 4439 longum
1448 4381 1666 4439 tempus
1703 4386 1789 4424 me
1823 4371 2111 4435 deﬁceret,
2145 4374 2187 4425 si
2228 4387 2321 4427 ve-

759 4472 873 4514 tera
908 4478 963 4514 et
1000 4462 1240 4514 recentia
1292 4464 1541 4530 exempla
1593 4463 1658 4516 ad
1710 4464 1997 4516 veritatem
2042 4463 2316 4517 dictorum

2415 1998 2638 2061 ἀγαθῶν
2677 1999 2741 2051 ἐκ
2784 1999 2894 2051 τῶν
2946 1995 3173 2066 βαθμῶν
3223 1993 3348 2062 ἑξῆς
3394 1995 3489 2047 καὶ
3536 1991 3859 2045 ὐποϐἀσεων
3895 1988 3994 2053 τῆς

2416 2090 2851 2162 ἀπαριθμήσεως
2883 2090 3141 2160 διαφορά.
3174 2088 3374 2142 Κακῶν
3412 2088 3457 2139 δ’
3502 2082 3571 2137 αὖ
3624 2083 3880 2139 ἁπάντων
3924 2079 3991 2131 ἂν

2416 2184 2499 2251 εἴη
2530 2183 2789 2237 κάκιστον
2826 2186 2886 2236 ἐκ
2916 2182 3203 2250 διαμέτρου
3224 2181 3440 2241 πάντως
3470 2181 3499 2231 ό
3524 2176 3661 2251 Θεοῦ
3688 2172 3988 2245 χωρισμὸς,

2416 2272 2474 2324 οὗ
2507 2276 2729 2341 σημεῖον
2766 2274 2853 2322 καὶ
2897 2269 3184 2337 γνώρισμα
3216 2268 3490 2339 προφανὲς
3526 2269 3559 2334 η
3593 2265 3701 2316 τῶν
3742 2264 3988 2331 πατρίων

2416 2366 2656 2416 κανόνων
2684 2366 2773 2416 καὶ
2816 2366 2993 2433 νόμων
3027 2364 3305 2431 ἀθέτησις,
3345 2360 3413 2429 ἢν
3443 2354 3769 2430 προσθέσεσί
3805 2371 3863 2407 τε
3904 2354 3992 2419 γί-

2416 2457 2601 2509 νεσθαι
2653 2458 2742 2510 καὶ
2789 2456 3108 2524 ὑφαιρέσεσι
3160 2456 3270 2516 τοῖς
3319 2453 3610 2521 θεομάχοις
3662 2450 3989 2513 συμπίπτει,

2418 2548 2509 2600 καὶ
2562 2546 2678 2616 ἅμα
2731 2549 2846 2608 ταῖς
2905 2547 3175 2599 άναιδέσιν
3212 2543 3542 2612 ὲπιορκίαις.
3595 2541 3730 2596 Οὐδὲ
3771 2540 3879 2608 γᾰρ
3925 2540 3994 2592 ἂν

2416 2640 2738 2709 ὲπιορκῆσαί
2774 2656 2901 2690 ποτε
2932 2640 3141 2706 γένοιτο
3169 2635 3326 2700 Θεὺν,
3349 2636 3456 2705 ὅτῳ
3488 2634 3555 2688 ἂν
3581 2632 3822 2694 εὐσεϐεῖς
3866 2632 3994 2699 περὶ

2417 2735 2554 2787 Θεοῦ
2579 2735 2673 2795 τὰς
2701 2733 2995 2801 ὑπολήψεις
3020 2735 3077 2785 ὲν
3101 2730 3301 2801 καρδίᾳ
3329 2728 3687 2798 περιθάλπειν
3718 2726 3775 2795 [ί.
3801 2724 3903 2777 120
3933 2721 3990 2792 a]

2417 2828 2582 2897 ἐνείη.
2624 2827 2830 2888 Μάθοις
2874 2825 2917 2877 δ’
2965 2823 3031 2878 ἂν
3078 2822 3359 2892 ἀκριϐῶς,
3405 2818 3673 2873 Ἰουδαίων
3719 2817 3992 2881 ἐξετάζων

2416 2916 2542 2979 τοὺς
2580 2915 2765 2977 πάλαι,
2809 2909 2889 2976 οἷς
2932 2913 2993 2963 τὸ
3040 2910 3133 2964 τοῦ
3174 2910 3311 2962 Θεοῦ
3354 2909 3515 2972 σέϐας
3555 2910 3634 2969 είς
3674 2907 3992 2974 ἀλλοτρίους

2418 3006 2861 3078 μετατιθεμένοις
2896 3004 3047 3062 θεοὺς
3075 3000 3283 3063 δούλοις
3310 3001 3471 3062 εὐθὺς
3500 2997 3853 3051 καθίστασθαι
3879 2996 3992 3047 τῶν

2416 3099 2716 3168 περιοίκων
2754 3096 3082 3148 συνέπιπτεν
3116 3092 3303 3153 ἐθνῶν,
3346 3086 3420 3143 ὧν
3469 3090 3820 3147 εὐσεϐοῦντες
3851 3084 3992 3158 ἦσαν

2366 3232 2383 3255 ,
2416 3191 2692 3253 δεσπόται,
2729 3187 2993 3257 ἡγεμόνος
3022 3184 3067 3236 δ’
3094 3181 3249 3243 αὖθις
3288 3181 3543 3243 εὐσεϐοῦς
3566 3180 3987 3249 καθισταμένου,

2420 3284 2514 3335 καὶ
2540 3283 2649 3335 τῶν
2683 3280 2935 3333 ἐναντίων
2982 3273 3136 3336 αὖθις
3178 3275 3503 3345 ὑπερτέρας
3543 3271 3789 3341 γίνεσθαι
3827 3271 3987 3323 x301-

2419 3390 2601 3427 στατο.
2649 3372 2753 3425 Καὶ
2782 3373 2870 3423 ἵνα
2914 3370 3040 3430 τοὺς
3084 3369 3249 3419 πάλαι
3312 3366 3719 3436 καταλίπωμεν,
3748 3368 3849 3436 ὅρα
3895 3383 3989 3433 μοι

2418 3468 2822 3534 Κωνσταντῑνον
2860 3464 2951 3515 τὸν
3003 3464 3173 3531 μέγαν
3229 3463 3287 3513 ὲν
3337 3458 3670 3530 βασιλεῦσιν,
3707 3452 3751 3525 ᾧ
3788 3459 3849 3510 τὸ
3883 3475 3911 3509 τ
3934 3462 3992 3508 ἔον

2415 3558 2784 3627 ιζευδωνόμων
2818 3555 2979 3616 σέϐας
3019 3556 3095 3616 εἰς
3125 3557 3215 3605 τὸν
3248 3552 3421 3622 ἀληθῆ
3446 3554 3824 3620 μετενεγκόντι
3854 3551 3991 3601 Θεὸν

2415 3651 2662 3711 πλείονος
2698 3650 2730 3717 ἢ
2761 3647 2901 3701 κατὰ
2934 3647 3145 3706 πάντας
3190 3644 3317 3698 τοὺς
3370 3644 3480 3713 πρὸ
3528 3642 3691 3695 αὑτοῦ
3732 3641 3987 3711 βασιλέας

2416 3739 2583 3806 ἄρξαι
2631 3740 2821 3805 γέγονε
2863 3734 2987 3803 γῆς.
3042 3734 3199 3786 Ἀλλὰ
3236 3734 3347 3795 τοῖς
3410 3730 3528 3801 μετ’
3574 3733 3780 3785 ἐκεῖνον
3820 3730 3986 3792 εὐθὺς

2418 3829 2614 3899 ἁρξασί
2666 3845 2725 3880 τε
2774 3827 2865 3877 καὶ
2917 3826 3242 3895 ἀρξαμένοις
3280 3826 3379 3885 τὰς
3429 3824 3671 3892 αἱρέσεις
3709 3822 3851 3875 κατὰ
3875 3822 3985 3875 τῶν

2420 3923 2579 3975 θείων
2634 3919 2919 3986 δογμάτων
2970 3917 3213 3983 εἰσάγειν
3267 3918 3366 3985 τῆς
3412 3916 3669 3977 πίστεως,
3722 3916 3812 3965 καὶ
3854 3914 3989 3965 Θεὸν

2419 4015 2698 4081 ἐπιορκεῖν
2739 4011 2800 4063 ὃν
2849 4011 3035 4078 ἄκροις
3081 4008 3318 4075 ἔφασκον
3360 4007 3543 4061 σέϐειν
3581 4008 3693 4067 τοῖς
3728 4007 3985 4075 χείλεσιν,

2418 4106 2581 4167 εὐθὺς
2636 4106 2728 4155 καὶ
2776 4102 2837 4154 τὸ
2880 4102 2977 4170 τῆς
3030 4100 3205 4168 ἀρχῆς
3241 4099 3452 4166 ἐκείνης
3495 4098 3600 4149 ὑπὸ
3628 4099 3733 4151 τῶν
3772 4098 3987 4166 ἐχθρῶν

2417 4197 2602 4267 ἠρέμα
2648 4197 2739 4246 καὶ
2783 4193 2927 4248 κατὰ
2978 4192 3171 4262 μικρὸν
3204 4190 3529 4260 ζημιοῦσθαι
3572 4191 3853 4244 συνέϐαινε
3886 4191 3987 4259 pl-

2420 4290 2603 4358 γεθος.

2492 4379 2592 4436 ΙΖ’.
2635 4380 2776 4433 Ἀλλ’
2812 4381 2840 4433 ό
2874 4378 3081 4449 μακρὶις
3121 4376 3384 4445 ἐπιλείψει
3412 4394 3480 4445 με
3517 4376 3705 4445 χρόνος
3738 4375 3989 4428 παλαιῶν

2421 4490 2480 4525 τε
2508 4474 2603 4525 καὶ
2633 4473 2768 4525 νέων
2809 4472 3221 4538 ὑποδειγμάτων
3250 4468 3557 4536 μεμνῆσθαι
3589 4468 3720 4535 πρὸς
3751 4467 3849 4534 τὴν
3878 4467 3990 4519 τῶν

756 4553 1189 4606 conﬁrmandam
1250 4554 1494 4622 proferre
1547 4556 1784 4620 vellem,
1843 4555 1895 4609 id
1949 4555 2095 4624 quod
2151 4556 2315 4608 etiam

2366 4575 2393 4628 Β
2424 4566 2727 4635 εἰρημένων
2774 4564 3027 4632 ἀλήθειαν
3083 4563 3326 4615 θέλοντα.
3358 4560 3529 4612 Τοῦτο
3561 4559 3604 4611 δ’
3641 4560 3702 4611 οὺ
3752 4562 3895 4612 πάνυ
3935 4578 3990 4611 τι

759 4648 917 4713 plane
943 4646 1010 4697 ab
1039 4645 1282 4698 historiae
1309 4646 1656 4713 simplicitate
1681 4647 1917 4699 alienum
1943 4657 2107 4703 esset.
2140 4647 2315 4711 Quare

759 4737 861 4789 hoc
890 4744 1106 4790 tantum
1134 4735 1297 4789 dictis
1319 4736 1515 4789 addam
1547 4736 1876 4805 dicendique
1907 4740 2066 4791 ﬁnem
2101 4738 2314 4790 faciam.

756 4828 1105 4894 Cognoscere
1136 4828 1282 4880 eiiim
1336 4831 1560 4891 studes,
1596 4829 1871 4897 quomodo
1902 4829 2026 4894 ﬁat,
2063 4840 2156 4889 ut,
2190 4845 2314 4884 cum

761 4921 1163 4988 imperatores,
1199 4922 1454 4988 quamvis
1500 4922 1765 4977 continuo
1807 4922 2172 4989 improbitatis
2216 4936 2315 4973 au—

755 5021 937 5064 ctores
966 5011 1113 5073 siuti,
1148 5011 1374 5063 minima
1410 5021 1589 5064 tamen
1624 5015 1762 5065 mala
1794 5012 2067 5070 interdum
2103 5014 2314 5079 patian-

759 5112 868 5165 tur,
903 5102 1137 5170 subjecti
1170 5100 1240 5154 iis
1270 5101 1524 5159 homines
1554 5103 1957 5170 multiplicibus
1998 5102 2319 5160 calamitati-

762 5193 868 5245 bus
896 5191 1305 5257 conﬂictentur,
1324 5193 1455 5245 licet
1484 5208 1704 5261 parvam
1728 5193 1960 5248 fortasse
1991 5204 2083 5249 aut
2112 5196 2317 5251 nullam

757 5287 921 5338 aliam
969 5287 1185 5353 culpam
1234 5285 1562 5349 attulerint,
1598 5288 1701 5339 nisi
1738 5287 1884 5354 quod
1920 5289 2126 5341 conscii
2162 5297 2320 5341 erant

760 5389 815 5429 ct
846 5385 992 5429 metu
1029 5379 1204 5432 coacti
1237 5376 1377 5433 socii
1409 5377 1807 5445 improbitatis.
1858 5379 1929 5435 Ut
1962 5381 2127 5446 igitur
2162 5380 2318 5437 tnu’ti

761 5481 1008 5523 sclerum
1047 5468 1314 5521 Iibrormn
1365 5470 1681 5538 adiumenta
1715 5486 1821 5524 non
1852 5472 2045 5539 exigua
2092 5473 2157 5527 ad
2203 5476 2320 5543 ejus

762 5562 842 5617 rei
900 5560 1269 5628 cegnitionem
1337 5562 1497 5615 nobis
1555 5564 1859 5616 attulerunt
1917 5573 1966 5617 et
2031 5566 2292 5621 diuturna

763 5663 952 5712 nostra
998 5651 1153 5720 105
1192 5654 1531 5722 experientia
1586 5668 1866 5726 utcunque
1921 5674 2019 5711 nos
2061 5660 2318 5720 edocuit,

762 5744 1025 5802 Dominus
1074 5744 1142 5795 iis
1186 5745 1562 5813 principibus,
1594 5749 1686 5816 qui
1739 5766 1847 5804 nou
1895 5752 2042 5804 oumi
2075 5768 2137 5804 cx
2171 5762 2322 5820 parte

766 5849 985 5895 causam
1034 5842 1197 5909 atque
1245 5834 1523 5896 licentiam
1581 5840 1952 5911 improbitatis
2007 5844 2273 5899 dederunt
2306 5886 2318 5909 ,

2423 4658 2727 4726 συγχωρεῖν
2766 4656 2863 4723 τὴν
2895 4655 2993 4721 τῆς
3032 4655 3273 4721 ἱστορίας
3299 4653 3598 4719 ἁπλότητα.
3632 4653 3725 4702 Διὸ
3748 4656 3859 4712 τοῖς
3892 4654 3991 4720 ρη-

2423 4752 2592 4802 Οεῖσιν
2640 4752 2815 4804 ἐκεῖνο
2850 4750 3008 4816 μόνον
3040 4747 3295 4815 προσθεὶς
3338 4744 3743 4811 ἀπαλλάξομαι.
3782 4744 3992 4795 Μαθεῖν

2420 4844 2528 4909 γὰρ
2559 4842 2843 4909 ὲζητήκεις
2875 4842 2966 4891 καὶ
3005 4839 3153 4899 ὅπως
3193 4838 3300 4890 τῶν
3333 4836 3614 4905 πρυσεχῶς
3645 4835 3741 4901 τῆς
3790 4836 3991 4893 κακίας

2421 4935 2609 4984 αἰτίων
2657 4931 2932 4999 ἀρχόντων
2976 4930 3175 4998 ἣκιστα
3215 4929 3535 4996 πασχόντων
3586 4925 3779 4985 ἐνίοτε,
3829 4923 3991 4991 μόνοι

2421 5023 2778 5091 πολυτρόποις
2826 5023 3135 5075 δαπανᾶταί
3174 5022 3371 5073 πάθεσι
3399 5021 3460 5070 τδ
3487 5018 3750 5085 ὑπήκοον,
3785 5014 3991 5082 μικρὰν

2424 5111 2553 5174 ἴσως
2576 5111 2608 5180 ἦ
2647 5111 2913 5180 μηδεμίαν
2941 5111 3130 5178 ἑτέραν
3156 5107 3704 5172 συνεισενεγκάμενον
3730 5103 3790 5152 τό
3812 5102 3993 5168 napi-

2422 5221 2528 5256 παν
2581 5202 2721 5271 πλὴν
2773 5201 2867 5255 τοῦ
2920 5200 3218 5257 συνειδέναι
3266 5198 3358 5249 καὶ
3417 5195 3864 5262 συμπαρανομείν
3902 5190 3993 5240 διὰ

2424 5294 2607 5362 φόϐον.
2636 5294 2893 5345 Φαίνεται
2933 5293 3114 5341 τοίνυν
3146 5288 3217 5350 ῶς
3253 5306 3316 5355 γε
3346 5288 3455 5339 τῶν
3497 5285 3665 5339 πάλαι
3694 5284 3891 5353 βίϐλων
3934 5283 3990 5332 σί

2424 5385 2640 5443 πλείους
2680 5383 2740 5434 οὐ
2776 5382 2976 5451 μικρὰς
3011 5381 3249 5431 συνιέναι
3279 5379 3549 5445 παρέσχον
3579 5376 3676 5435 τὰς
3710 5374 3990 5441 ἀφορμὰς,

2424 5476 2518 5529 καὶ
2551 5474 2665 5542 ἅμα
2695 5475 2728 5542 ἡ
2785 5474 2997 5541 χρόνιος
3048 5472 3206 5539 ἡμῶν
3253 5470 3399 5529 ὅπως
3436 5467 3565 5518 ποτὲ
3602 5467 3858 5517 πέπεικεν
3888 5469 3994 5528 εμ-

2426 5566 2632 5633 πειρία,
2654 5566 2727 5624 ὡς
2749 5559 2828 5625 οἷς
2855 5563 2962 5613 τῶν
2994 5562 3274 5629 ἡγεμόνων
3302 5562 3440 5627 μήτε
3471 5559 3577 5609 πᾶν
3601 5556 3662 5608 τὸ
3685 5556 3777 5622 τῆς
3811 5556 3993 5615 αἰτίας

2422 5658 2681 5725 ἄντικρυς
2713 5657 2919 5707 ἀνεῖται
2953 5658 3007 5714 ἐς
3049 5656 3248 5708 κακίαν
3270 5652 3569 5713 ἐνδόσιμον,
3605 5650 3726 5708 ταῖς
3754 5662 3811 5697 τε
3848 5664 3997 5711 συμ⁴

2425 5753 2619 5820 φοραῖς
2659 5750 2767 5800 τῶν
2800 5748 3055 5815 ὑπηκόων
3087 5744 3454 5815 κηδεμονικῶς
3494 5740 3902 5809 καμπτομένοις
3936 5739 3995 5790 ἐν

2426 5842 2751 5896 ταπεινώσει
2799 5839 3012 5908 γίνεται
3070 5839 3295 5907 καρδίας
3344 5836 3554 5895 τούτοις
3611 5829 3993 5889 ἐπικαλεῖσθαι
