4242 6342
227 363 326 431 1οό

1187 352 1628 415 ΒῩΖΑΝΤΙΝΑὲ
1675 349 1862 409 ΗίΞΤι

1893 349 2057 407 »ἱλΙῶ
2098 349 2236 411 LIB.
2284 347 2517 406 XXVII.
3357 347 3454 407 lilii

225 479 343 544 βίας
375 470 701 540 ἐπειγοόςης
730 470 866 539 πρὸς
897 468 1004 519 τῶν
1029 466 1284 516 τοιούτων
1319 463 1484 514 ἐνίοτε
1520 463 1605 512 κί’
1647 463 1789 511 ἐνια-
1820 464 1862 518 Α

1894 458 2220 525 quibusdam
2263 458 2547 511 instituere
2609 458 2952 525 precationes
3005 464 3061 509 ct
3117 458 3164 506 vi
3230 469 3455 524 urgente

224 565 322 634 χοῦ
361 566 470 616 τῶν
521 564 681 615 θείων
730 561 980 630 μετέχειν
1032 556 1363 625 μυστηρίων,
1415 554 1614 621 ὁμοίως
1667 553 1792 604 κᾶν·

221 654 399 707 ταῦθα
429 656 590 708 κάκεῖ
607 654 716 703 τῶν
740 649 922 702 αὐτῶν
960 646 1273 715 λεγομένων
1320 645 1515 712 εὐχῶν.
1566 641 1710 709 Ἐγὼ
1735 643 1790 695 δὲ

222 745 316 798 τὸν
347 747 491 796 θεῖον
519 742 683 802 εὐθὺς
730 740 1059 808 παρήγαγον
1085 737 1152 788 ἐκ
1201 734 1495 800 Δαμασκοῦ
1537 733 1792 800 Ἰωάννην

220 837 376 906 αὐτῷ
393 836 495 905 (1),
518 831 885 903 φυλάττεσθαι
928 830 1298 900 παραινοῦντα
1331 829 1467 896 μήτε
1495 825 1794 891 λαμϐάνειν

216 926 517 998 αίρετικῶν
568 925 873 996 μετάληψιν
907 927 1044 993 μήτε
1088 921 1318 974 διδόναι·
1355 937 1373 970 ι
1406 919 1497 987 Μὴ
1537 918 1654 968 δότε
1687 918 1794 984 γὰρ

219 1021 290 1070 τὰ
339 1021 471 1084 ἆγια
505 1019 615 1077 τοῖς
654 1017 834 1076 κυσὶν,
877 1033 896 1065 ι
942 1014 970 1064 ὸ
1019 1011 1222 1079 Κύριος
1260 1009 1449 1078 ἔφησε,
1484 1025 1504 1060 ‹
1542 1005 1673 1074 μηδὲ
1712 1005 1794 1073 ρε-

221 1127 390 1162 πτετε
443 1109 570 1170 τοὺς
606 1107 956 1177 μαργαρίτας
991 1106 1144 1172 ὑμῶν
1180 1102 1490 1172 ἔμπροσθεν
1532 1101 1640 1152 τῶν
1683 1098 1795 1168 χοί-

222 1218 359 1268 ρων,
397 1218 418 1249 ο
455 1201 539 1252 ἵνα
576 1198 650 1267 μὴ
688 1199 907 1266 μέτοχοι
957 1197 1056 1265 τῆς
1105 1195 1426 1258 κακοδοξίας
1457 1191 1677 1259 καὶτῆς
1703 1191 1795 1242 αὑ-

220 1290 335 1341 τῶν
367 1287 657 1355 γενώμεθα
715 1285 1133 1356 κατακρίσεωςσ
1181 1284 1228 1335 εί
1275 1285 1383 1350 γὰρ
1438 1282 1628 1344 ’ἐνωσίς
1680 1283 1795 1332 ἐστι

225 1379 364 1446 πρὸς
394 1379 652 1445 Χριστὸν,
685 1378 781 1428 καὶ
812 1374 950 1444 πρὸς
987 1372 1247 1442 ἀλλήλους
1280 1371 1496 1433 πάντως
1519 1386 1530 1398 ⁸
1567 1372 1659 1422 καὶ
1691 1371 1796 1423 πᾶ-

221 1464 277 1520 σι
311 1471 425 1530 τοῖς
447 1470 579 1537 ἡμῖν
635 1466 1236 1535 συμμεταλαμϐάνουσι
1283 1463 1424 1516 κατὰ
1476 1463 1796 1532 προαίρεσιν

221 1560 518 1624 ἐνοὺμεθα,
566 1560 660 1612 καὶ
705 1560 904 1619 πάντες
938 1558 995 1609 ἒν
1041 1557 1204 1626 σῶμά
1249 1558 1436 1626 ἔσμεν,
1468 1556 1552 1608 ὅτι
1606 1557 1670 1608 ἐκ
1702 1555 1794 1607 τοῦ

221 1650 343 1710 ἐνὸς
373 1650 542 1716 ἄρτου
587 1649 1097 1717 μεταλαμϐάνομεν,
1141 1647 1216 1709 ὡς
1245 1649 1274 1700 ὁ
1304 1648 1445 1707 θεῖος
1477 1644 1795 1707 Ἀπόστολος

224 1737 421 1805 ἔφησε.
472 1739 583 1806 Τῆς
625 1738 722 1790 οῦν
754 1738 1132 1806 προαιρέσεως
1179 1735 1431 1789 ἐνταυθοῖ
1478 1735 1797 1804 μαχομένης

1895 545 2167 599 interdum
2195 559 2318 598 cum
2348 547 2413 599 iis
2454 545 2713 615 mysteria
2736 559 2895 613 agerc
2948 560 3161 612 unaque
3210 547 3452 598 celebra-

1897 636 2095 690 tiones.
2153 636 2222 690 At
2255 651 2355 705 ego
2404 637 2586 690 statim
2646 637 2803 704 123
2851 637 3086 690 Joannis
3136 636 3455 690 Damasccni

1895 726 2213 778 memoriam
2267 725 2318 778 ei
2364 728 2636 787 revocavi,
2679 728 2773 797 qui
2811 737 2996 780 monet
3036 743 3048 778 :
3086 743 3153 782 ne
3197 743 3296 783 nos
3347 727 3458 781 lia--

1894 816 2191 870 reticorum
2212 816 2490 870 doctrinas
2522 825 2799 871 sectemur
2825 832 3004 885 neque
3046 817 3110 870 iis
3139 817 3208 871 ad
3243 820 3463 872 nostras’

1894 906 2110 959 aditum
2146 907 2555 972 patefaciamus.
2590 927 2607 958 ι
2643 907 2818 961 Nolite
2863 916 3110 962 sanctum
3146 906 3277 960 dare
3310 909 3455 960 cani-

1897 997 2018 1059 bus,
2048 1015 2066 1047 ι
2105 997 2238 1052 dicit
2271 997 2555 1061 Dominus,
2588 1017 2605 1048 ‹
2650 1013 2829 1067 neque
2875 998 3106 1052 mittatis
3139 998 3461 1066 margaritas

1896 1100 2106 1144 vestras
2147 1099 2275 1142 ante
2313 1105 2508 1159 porcos
2539 1091 2578 1153 ',
2608 1109 2626 1142 ι
2680 1101 2741 1144 ut
2785 1105 2853 1143 ne
2911 1090 3222 1143 imbuamur
3278 1090 3462 1158 pravis

1897 1179 2124 1234 istorum
2149 1181 2502 1249 opinionibus
2539 1191 2701 1250 atque
2739 1196 2863 1236 cum
2901 1182 2967 1236 iis
3000 1181 3457 1237 condemnemur.

1895 1270 1996 1324 Ubi
2024 1273 2168 1324 enim
2199 1273 2512 1324 communio
2534 1282 2618 1326 est
2651 1273 2808 1325 nobis
2863 1287 2990 1325 cum
3051 1272 3179 1326 Jesu
3215 1272 3459 1333 Christo,

1897 1363 2061 1415 etiam
2094 1363 2235 1416 inter
2259 1379 2359 1416 nos
2391 1364 2706 1417 communio
2735 1373 2992 1430 constat;
3019 1372 3074 1418 et
3105 1379 3231 1416 cum
3283 1361 3462 1415 omni-

1899 1454 1999 1506 bus
2030 1453 2248 1522 quidem
2284 1455 2376 1521 qui
2409 1455 2965 1520 nobiscumsanctam
3017 1469 3230 1508 coenam
3291 1455 3463 1522 parti-

1897 1541 2085 1609 cipant
2113 1543 2163 1593 in
2220 1541 2326 1594 ﬁde
2395 1543 2673 1612 conjuncti
2739 1559 2950 1606 sumus,
3009 1552 3066 1596 et
3121 1560 3221 1597 nos
3270 1559 3465 1597 omnes

1899 1648 2068 1685 unum
2097 1648 2294 1700 corpus
2333 1634 2631 1696 efﬁcimur,
2669 1638 2813 1702 quod
2844 1650 2955 1688 uno
2986 1635 3079 1687 illo
3111 1650 3246 1702 pane
3285 1635 3462 1688 vesci-

1898 1736 2044 1783 mur,
2068 1727 2126 1772 ut
2163 1732 2385 1775 sanctus
2417 1721 2712 1791 Apostolus
2743 1723 2899 1776 dicit.
2936 1742 2953 1773 ι
2993 1723 3135 1786 Quid
3178 1723 3362 1790 igitur,
3419 1724 3464 1774 si

224 1801 330 1882 xei.-
353 1801 598 1894 ἀλλήλων
635 1801 1098 1899 ήμᾶςγδιιστὼσης
1137 1829 1238 1898 τῆς
1278 1825 1385 1880 τῶν
1413 1801 1700 1894 δογματων
1741 1801 1798 1878 ἐς·
1831 1801 1862 1858 Β

1902 1811 1955 1864 in
1991 1812 2093 1866 ﬁJc
2121 1813 2472 1876 dissidemus,
2542 1831 2753 1884 nosque
2809 1817 3125 1883 dogmatum
3170 1816 3466 1869 diversitas

223 1935 359 1971 νεκα
416 1920 789 1987 καινοτομίας,
827 1917 944 1980 πῶς
973 1919 1038 1970 ἂν
1071 1919 1200 1988 μίαν
1233 1917 1494 1987 σχοίημεν
1530 1916 1621 1968 τὸν
1659 1917 1795 1987 Χριο

224 2008 350 2060 στὸν
384 2008 650 2076 κεφαλὴν,
685 2008 719 2078 ἢ
774 2008 889 2070 πῶς
923 2008 990 2061 ἂν
1043 2007 1295 2076 ἀλλήλοις
1355 2003 1792 2074 συνευξαίμεθας

227 2116 249 2148 ι
287 2096 384 2158 Τίς
418 2097 547 2164 γὰρ,
588 2115 606 2147 ι
653 2097 812 2164 φησὶ,
867 2115 888 2147 ‹
930 2096 1086 2165 μερὶς
1141 2093 1317 2164 πιστῷ
1349 2092 1488 2163 μετὰ
1517 2093 1792 2161 ξὰπίστους

219 2189 256 2258 ἦ
292 2189 378 2250 τίς
415 2188 670 2240 κοινωνία
712 2189 854 2255 φωτὶ
905 2188 1044 2256 πρὸς
1091 2188 1317 2251 σκότος;
1376 2187 1408 2254 ἠ
1457 2185 1542 2246 τίς
1573 2184 1796 2253 συμφώ-

223 2296 382 2346 νησις
429 2279 650 2348 Χριστῷ
693 2279 832 2348 πρὸς
875 2278 1104 2346 Βελίαρ;
1152 2296 1172 2329 ι
1222 2277 1467 2339 ’Δκούεις
1491 2276 1548 2330 δὲ
1583 2274 1794 2328 καὶτοῦ

219 2370 360 2422 Θεοῦ
391 2371 482 2423 διὰ
509 2370 606 2439 τῆς
638 2371 987 2439 πμφητικῆς
1017 2369 1396 2438 φθεγγομένου
1429 2367 1695 2436 γλώττης,
1719 2367 1795 2429 ὡς

226 2481 249 2513 σ
297 2463 427 2515 Ἐὰν
453 2461 770 2532 προφέρητέ
797 2479 889 2531 μοι
918 2460 1220 2530 σεμίδαλιν,
1251 2461 1478 2529 μάταιον
1496 2475 1510 2489 ο
1539 2457 1795 2526 θυμίαμα

220 2552 509 2620 βδέλυγμα
555 2551 709 2603 ἔσται
747 2567 871 2620 μοι’
931 2570 950 2602 ι
1003 2549 1081 2618 τῷ
1107 2551 1215 2616 γὰρ
1246 2546 1558 2618 ἁμαρτωλῷ
1586 2542 1739 2598 εἶπεν
1766 2547 1794 2599 ὁ

218 2644 380 2706 Θεὸς,
416 2662 435 2693 ι
472 2644 589 2695 Ἰνα
621 2643 674 2694 τί
721 2644 786 2695 σὺ
822 2642 1050 2711 ἐκδιηγῇ
1079 2642 1152 2694 τὰ
1183 2638 1531 2706 δικαιώματά
1565 2655 1665 2705 μου
1699 2637 1794 2689 καὶ

218 2735 631 2802 ἀναλαμϐάνεις
656 2734 754 2803 τὴν
781 2733 1049 2802 διαθήκην
1079 2748 1181 2801 μου
1204 2730 1294 2783 διὰ
1319 2730 1585 2798 στόματός
1604 2746 1696 2781 σου
1719 2746 1734 2794 ;
1764 2747 1785 2780 ι

214 2825 294 2878 Οὐ
340 2825 452 2892 γὰρ
487 2825 556 2877 τὰ
583 2826 846 2892 γινόμενα
892 2822 999 2894 χρὴ
1032 2823 1254 2875 σκοπεῖν
1301 2821 1479 2890 μόνον,
1523 2819 1658 2872 ἀλλὰ
1700 2818 1792 2871 καὶ

213 2915 316 2984 τὴν
349 2915 535 2967 αίτίαν
573 2915 682 2966 τῶν
725 2914 1028 2982 γινομένων
1072 2912 1372 2981 ἐπιζητεῖν,
1405 2912 1435 2964 ὁ
1481 2909 1792 2979 χρυσορῤή-

217 3024 339 3076 μων
371 3004 577 3074 ἔφησεν
609 3005 866 3074 Ἰωάννης
895 3004 996 3074 (2).
1024 3004 1222 3084 Τὸμὲν
1244 3002 1352 3072 γὰρ
1393 3003 1534 3054 κατὰ
1565 2999 1791 3070 γνώμην

216 3097 514 3162 γινόμενον
548 3093 641 3146 τοῦ
667 3093 825 3157 Θεοῦ,
856 3094 962 3145 κᾶν
993 3092 1194 3161 φαῦλον
1217 3087 1356 3144 εἶναι
1384 3092 1513 3160 δοκῇ
1571 3089 1790 3144 πάντων

215 3188 375 3239 ἐστὶν
417 3186 644 3256 ἄριστον
676 3199 692 3214 ·
722 3186 785 3237 τὸ
821 3185 878 3238 δὲ
912 3185 1064 3253 παρὰ
1109 3183 1338 3252 γνώμην
1375 3184 1469 3235 καὶ
1504 3181 1580 3251 μὴ
1602 3181 1792 3235 δοκοῦν

211 3277 434 3344 ἐκείνῳ,
466 3276 576 3329 κᾶν
625 3276 850 3344 ἄριστον
889 3270 1028 3328 εἶναι
1073 3275 1387 3344 νομίζηται.
1423 3273 1641 3327 πάντων
1674 3273 1792 3326 ἐστὶ

211 3369 558 3437 φαυλότατον
597 3370 694 3422 καλ⁵
740 3367 1226 3436 παρανομώτατον.
1277 3366 1393 3418 Κᾶν
1428 3365 1665 3435 φονεύσῃ
1707 3382 1792 3428 τις

210 3462 360 3515 κατὰ
391 3462 619 3530 γνώμην
636 3459 730 3513 τοῦ
749 3458 908 3524 Θεοῦ,
927 3457 1337 3528 φιλανθρωπίας
1358 3457 1539 3526 πάσης
1568 3457 1793 3528 βελτίων

209 3553 240 3603 ὁ
261 3553 424 3618 φόνος
443 3565 458 3579 ·
483 3549 585 3602 κᾶν
601 3549 854 3617 φείσηταί
870 3563 955 3610 τις
977 3548 1129 3617 παρά
1154 3547 1215 3599 τὸ
1238 3547 1430 3600 δοκοῦν
1449 3545 1664 3616 ἐκείνῳ,
1694 3547 1792 3614 φό-

209 3658 304 3692 νου
337 3641 542 3702 παντδς
572 3639 909 3708 ἀνοσιωτέρα
932 3638 1130 3704 γένοιτ’
1163 3639 1229 3690 ἄν
1257 3638 1288 3706 ὴ
1313 3636 1502 3705 φειδώ.
1522 3637 1596 3690 Οὐ
1614 3638 1722 3707 γὰρ
1757 3639 1790 3706 ἡ

209 3748 380 3798 φυσις
412 3731 522 3782 τῶν
553 3731 922 3800 πραγμάτων,
947 3728 1064 3783 ἀλλ’
1100 3729 1158 3784 αι
1179 3728 1272 3781 τοῦ
1299 3729 1435 3782 Θεοῦ
1455 3730 1622 3798 ψῆφοι
1651 3729 1792 3782 καλὰ

213 3823 312 3874 καὶ
335 3820 516 3889 φαῦλα
546 3819 696 3872 ταῦτ’
725 3816 869 3873 εἶναι
923 3820 1198 3875 ποιοῦσιν.
1227 3820 1437 3889 Ὠσπερ
1459 3819 1505 3871 δ’
1534 3820 1788 3883 ἐκείνοις,

212 3911 424 3978 φησὶν,
472 3909 810 3975 ἐγκαλοῦμεν
861 3909 945 3960 ὅτι
1003 3905 1436 3978 παρανομοῦσιν,
1493 3905 1638 3959 οὕτω
1697 3907 1790 3959 καὶ

209 3999 398 4065 πολλῷ
435 3998 638 4066 μᾶλλον
671 3999 800 4066 ὑμῖν
830 3999 913 4050 ὅτι
956 4000 1069 4060 τοῖς
1119 3997 1498 4067 παρανομοῦσι
1535 3999 1790 4068 συνέρχε-

209 4093 329 4145 σθε.
395 4091 508 4143 Καὶ
541 4090 664 4158 οὐχὶ
706 4089 819 4150 τοῖς
877 4088 1237 4159 συντρέχουσι
1285 4089 1471 4158 μόνον,
1511 4089 1649 4142 ἀλλὰ
1695 4091 1788 4142 καὶ

206 4185 320 4243 τοίς
346 4181 556 4251 κυρίοις
588 4181 690 4249 μὲν
726 4177 845 4233 οὖσι
891 4178 1156 4240 κωλῦσαι,
1206 4179 1282 4249 μὴ
1331 4180 1672 4249 βουλομένοις
1703 4181 1785 4234 δέ.

209 4275 275 4325 Εἰ
301 4274 413 4341 γὰρ
436 4274 515 4333 είς
542 4271 768 4340 θέατρον
789 4271 888 4324 οὐκ
906 4271 1277 4340 ἐπιτρέπομεν
1294 4270 1574 4336 ἀπελθεῖν,
1601 4271 1786 4341 πολλῷ

210 4364 416 4430 μᾶλλον
456 4362 547 4414 ἐπὶ
595 4362 920 4430 συναγωγῆς
966 4361 1125 4414 τοῦτο
1178 4361 1284 4432 χρὴ
1325 4364 1532 4413 ποιεῖν·
1580 4363 1784 4430 μείζων

208 4455 320 4519 γὰρ
350 4453 664 4519 παρανομία
696 4452 913 4519 ἐκείνης
941 4449 1104 4519 αῦτη,
1138 4454 1219 4502 ὅτι
1263 4454 1378 4502 ἐκεῖ
1406 4451 1501 4520 μὲν
1537 4451 1781 4521 ἁμαρτία
1818 4478 1862 4532 D

209 4546 267 4594 τὸ
313 4544 624 4610 γινόμενον,
661 4541 896 4593 ἐνταῦθα
942 4541 985 4593 δ’
1020 4542 1264 4594 ἁσέόεια.
1300 4560 1318 4592 ι
1366 4543 1527 4611 Ὁρᾷς
1572 4543 1646 4602 ὡς
1693 4544 1787 4595 καὶ

209 4635 269 4684 τὸ
308 4651 415 4701 χρη
437 4634 565 4684 στὸν
596 4635 767 4684 ἐνίοτε
808 4633 965 4695 δόξαν
1011 4629 1148 4684 εἶναι
1184 4633 1351 4684 κακὸν
1379 4635 1482 4683 ὑπὸ
1509 4631 1602 4684 τοῦ
1642 4632 1788 4683 θείου

204 4725 358 4776 τοῦδε
392 4724 587 4790 ἀνδρὸς
624 4724 946 4793 ἀπεδείχθη,
985 4725 1080 4774 καὶ
1121 4724 1250 4792 ὅσην
1284 4723 1533 4775 ἐντεῦθεν
1572 4725 1781 4785 ἐκεῖνος

206 4816 298 4882 τὴν
330 4815 658 4882 ἐπιτίμησιν
691 4819 753 4885 τῇ
782 4817 888 4866 τῶν
921 4815 1246 4882 ἐτεροδίξων
1281 4815 1541 4883 κοινωνίᾳ
1571 4813 1782 4882 προσά-

206 4925 362 4968 attat;
400 4910 467 4959 Ἀ
501 4909 610 4975 γάρ
664 4925 746 4968 τις
778 4908 1040 4958 δεσπότου
1087 4907 1516 4975 προστάττοντος
1561 4907 1692 4975 δρᾷν
1719 4906 1783 4974 ἧς

209 5013 364 5048 κιστα
395 4997 522 5066 δρᾷ,
546 4997 752 5049 τούτων
791 4998 1065 5065 τιμωρίαν
1111 4997 1172 5066 μ’.
1213 4996 1315 5050 125
1342 4996 1400 5066 ui
1439 4999 1678 5048 τίννυσιν
1706 4998 1786 5048 εί-

207 5088 379 5145 κὸτως
406 5088 570 5148 αὐτὸς
603 5089 630 5139 ὁ
669 5088 749 5156 μὴ
794 5087 958 5156 δρῶν,
997 5088 1092 5140 καὶ
1120 5088 1168 5138 εἰ
1197 5086 1272 5156 μὴ
1302 5086 1470 5139 κακὸν
1520 5086 1782 5156 ἀπαντῴη

205 5176 262 5222 τι
295 5178 472 5243 πέρας
497 5191 513 5206 ο
554 5182 648 5228 καὶ
699 5177 1011 5226 τούναντίον
1056 5172 1208 5238 αὖθις
1235 5191 1247 5204 ·
1281 5177 1339 5227 οῦ
1391 5177 1498 5242 γὰρ
1537 5178 1649 5237 τοῖς
1681 5177 1788 5228 τῶν

202 5267 502 5334 δρωμένων
549 5269 781 5338 πέρασιν
837 5269 986 5330 εἰκὸς
1034 5269 1351 5320 ἀκολουθεῖν
1385 5269 1484 5337 τὴν
1539 5270 1632 5320 τοῦ
1674 5271 1792 5338 κρί-

217 5377 399 5423 νοντος
426 5364 724 5430 ἀπόφασιν,
757 5363 870 5414 ἀλλ’
902 5365 950 5412 εἰ
976 5363 1085 5424 τοῖς
1116 5362 1452 5423 δεσποτικυῐέ
1487 5365 1513 5412 ὁ
1561 5363 1699 5430 δρῶν
1731 5365 1791 5428 ἡ-

275 5508 290 5537 ¹
326 5505 523 5558 Μαιιὴ.
555 5521 650 5571 vn,
679 5507 730 5560 6.
792 5510 842 5562 ,²
879 5506 924 5560 ll
957 5506 1084 5560 Cor.
1119 5522 1192 5569 γε,
1232 5506 1312 5558 15.
1393 5507 1410 5536 ³
1445 5507 1547 5558 lsa.
1583 5522 1620 5570 ι,
1658 5505 1744 5558 l5.

277 5648 352 5712 (l)
392 5646 499 5697 Τοῦ
533 5646 894 5714 Δαμασκηνοῦ
927 5646 989 5698 ἐκ
1023 5646 1113 5697 τοῦ
1150 5648 1277 5713 περὶ
1321 5646 1427 5698 τιῖιν
1476 5646 1643 5713 ἁγίων
1678 5654 1769 5698 καί

207 5719 491 5786 ἁλραντων
522 5719 612 5767 τοῦ
628 5719 872 5782 ‘hupiau.

530 5812 797 5868 Ριιτευη..
847 5809 958 5866 (ΞΒ.
999 5808 1262 5870 CXLIX.

1899 1902 2179 1968 distrahit,
2206 1920 2316 1972 quo
2342 1915 2497 1973 pacto
2515 1907 2769 1960 eumdem
2803 1907 3084 1961 Christum
3101 1915 3266 1973 caput
3294 1906 3466 1959 habe-

1899 2009 2021 2048 mus
2039 2003 2132 2047 aut
2149 1997 2335 2050 eadem
2353 2013 2479 2051 cum
2512 1997 2579 2050 iis
2603 1999 2869 2052 sacriﬁcia
2893 1999 3142 2067 agimus?
3167 1999 3294 2063 Qua:
3314 1998 3462 2052 enim

1897 2093 2209 2144 communia
2244 2101 2372 2144 sunt
2412 2091 2556 2146 ﬁdeli
2581 2107 2704 2145 cum
2741 2093 3104 2155 iut’ideli,lnci
3146 2108 3273 2146 cum
3313 2103 3465 2146 tene-

1895 2180 2031 2244 bris,
2055 2181 2275 2237 Christo
2303 2200 2428 2238 cum
2463 2185 2675 2238 Bcliare
2708 2186 2765 2237 ’?
2813 2184 2956 2238 Audi
2987 2201 3108 2252 qua:
3148 2185 3292 2238 Deus
3329 2184 3466 2237 dicit

1893 2287 1995 2341 per
2017 2287 2079 2326 os
2103 2274 2418 2341 prophetat:
2448 2295 2464 2325 ι
2491 2275 2714 2328 Frustra
2738 2275 2872 2328 mihi
2903 2275 3152 2329 oB‘eretis
3201 2276 3467 2346 similagi-

1894 2372 2053 2420 nem;
2086 2358 2422 2414 thuribulum
2459 2375 2487 2413 a
2515 2376 2602 2416 me
2633 2363 3014 2430 repudiabitur
3037 2364 3111 2415 ³.»
3161 2364 3252 2417 Sic
3292 2367 3467 2418 incre—

1895 2458 1986 2518 pat
2010 2449 2151 2504 Deus
2184 2452 2410 2521 impium
2446 2471 2460 2506 :
2494 2452 2632 2517 Quid
2655 2469 2828 2508 meam
2851 2456 3118 2525 justitiam
3143 2455 3466 2510 insectaris?

1893 2539 2024 2607 quid
2075 2541 2289 2594 divinos
2322 2543 2494 2597 libros
2530 2543 2586 2595 in
2635 2559 2731 2598 ore
2788 2556 2882 2598 tuo
2917 2545 3123 2600 habes?
3171 2545 3292 2599 Non
3317 2547 3462 2598 enim

1892 2631 2066 2684 solum
2101 2633 2262 2704 124
2288 2650 2409 2702 quae
2441 2635 2494 2689 in
2521 2635 2696 2690 oculis
2725 2647 2851 2691 sunt
2875 2639 3148 2707 reSpicere
3176 2654 3277 2692 nos
3302 2654 3466 2706 Opor-

1894 2728 1990 2783 tet,
2018 2722 2110 2776 sed
2133 2723 2296 2776 etiam
2332 2725 2573 2779 rationes
2609 2725 2886 2796 inquirere
2927 2743 3049 2797 qua:
3091 2729 3176 2782 his
3201 2728 3464 2797 subject.e

1892 2818 2021 2863 sunt
2048 2812 2439 2869 dicitJoannes
2479 2815 2925 2884 Chrysostomus.
2958 2818 3092 2872 Nam
3122 2833 3462 2887 quaecunque

1891 2903 2192 2957 secundum
2222 2905 2317 2958 Dei
2346 2905 2484 2960 ﬁunt
2511 2907 3018 2970 voluntatem,licet
3075 2910 3236 2962 nobis
3293 2925 3460 2976 prava

1892 2992 2204 3058 videantur,
2259 3005 2438 3049 tamen
2488 3007 2614 3050 sunt
2647 2999 2872 3067 optima.
2919 2999 3050 3064 Quae
3098 3014 3226 3052 vero
3271 3010 3460 3054 contra

1891 3081 1985 3136 Dei
2020 3083 2158 3137 ﬁunt
2184 3085 2518 3141 voluntatem
2538 3089 2748 3143 etiamsi
2777 3091 2980 3157 optima
3018 3091 3311 3151 habentur,
3343 3107 3460 3143 om-

1895 3174 2044 3227 nium
2081 3177 2312 3244 pessima
2345 3189 2470 3232 sunt
2495 3190 2550 3232 et
2592 3183 2932 3249 pravussima.
2991 3182 3179 3250 Itaque
3244 3183 3287 3236 si
3338 3187 3462 3253 quis

1892 3261 2006 3316 Deo
2023 3263 2247 3331 jubente
2273 3269 2582 3336 quempiam
2612 3269 2869 3335 trucidet,
2891 3271 2942 3325 id
2967 3271 3160 3325 melius
3181 3281 3269 3327 est
3300 3289 3460 3341 quam

1893 3351 1941 3406 si
1969 3368 2094 3406 eum
2126 3369 2308 3410 amore
2342 3368 2734 3425 prosequatur;
2761 3371 2818 3414 et
2852 3365 2896 3414 si
2940 3362 3064 3430 quis
3097 3373 3284 3432 parcat
3349 3366 3462 3418 rui-

1893 3443 2062 3510 piam,
2099 3445 2208 3499 Dco
2252 3457 2493 3512 vetante,
2536 3449 2590 3502 id
2631 3451 2783 3519 pejus
2823 3460 2907 3505 est
2953 3470 3116 3522 quam
3163 3454 3208 3508 si
3253 3455 3456 3510 ca'dein

1893 3545 2189 3604 pcrpctrct.
2219 3536 2406 3606 Neque
2429 3540 2574 3591 enim
2607 3541 2818 3608 species
2849 3541 3076 3597 bonane
3118 3544 3230 3597 siut
3277 3561 3365 3598 res
3389 3562 3458 3598 an

1892 3641 2095 3694 pravzr,
2119 3628 2214 3681 sed
2253 3645 2374 3697 qua:
2422 3630 2475 3682 in
2502 3630 2569 3683 iis
2604 3630 2698 3684 Dei
2737 3634 2992 3688 voluntas
3042 3648 3325 3703 appareat,
3371 3637 3458 3688 iu-

1893 3717 2062 3772 dicat.
2109 3718 2180 3774 Ut
2239 3735 2368 3774 vero
2430 3736 2531 3776 nos
2577 3723 2709 3777 istos
2761 3725 2905 3793 quod
2952 3728 3206 3780 mandata
3258 3729 3460 3782 lredunt
3539 3709 3544 3713 ’

1893 3811 1967 3864 ita
2025 3814 2198 3868 multo
2232 3816 2400 3884 magis
2451 3815 2801 3886 iucrepamus
2847 3835 2961 3884 vos,
3012 3821 3159 3889 quod
3209 3838 3333 3876 cum
3370 3822 3456 3873 in-

1893 3902 2149 3959 ﬁdelibus
2181 3908 2494 3962 societatem
2534 3910 2725 3966 facitis.
2765 3913 2880 3967 Non
2913 3923 3092 3968 tamen
3126 3930 3219 3968 eos
3243 3923 3455 3968 tantutu

1890 3996 1985 4064 qui
2027 3998 2493 4065 conspirationem
2527 4002 2735 4056 faciunt
2759 4003 3129 4072 increpamus,
3161 4005 3254 4058 sed
3289 4007 3456 4058 etiam

1889 4103 2028 4157 quos
2063 4090 2361 4158 prohibere
2424 4107 2583 4161 posse
2625 4093 2847 4162 quidem
2895 4095 3125 4160 scimus,
3178 4112 3280 4150 nec
3328 4113 3457 4149 vero

1889 4179 2053 4235 velle.
2103 4179 2160 4233 Si
2199 4183 2348 4235 enim
2388 4180 2734 4249 frequentare
2780 4184 3054 4238 theatrum
3086 4194 3351 4250 velamus,
3403 4188 3455 4238 id

1891 4269 2064 4324 multo
2089 4271 2260 4340 magis
2304 4287 2404 4325 nos
2441 4284 2659 4342 oportet
2713 4283 2979 4339 vetemus,
3028 4276 3173 4344 quod
3207 4277 3272 4329 ad
3298 4293 3458 4346 syna-

1886 4376 2078 4431 gogam
2115 4364 2330 4418 attinet.
2369 4364 2498 4418 Nam
2524 4365 2639 4419 hate
2668 4365 2919 4434 impietas
2948 4370 3121 4438 major
3165 4384 3327 4437 quam
3362 4370 3454 4422 illa

1887 4464 1993 4507 est.
2024 4455 2230 4523 Nempe
2269 4456 2380 4510 illic
2411 4472 2531 4524 qua:
2573 4468 2810 4526 aguntur
2866 4459 3110 4527 improha
3157 4469 3308 4522 sunt,
3368 4461 3456 4514 hic

1890 4555 2078 4599 autem
2118 4564 2246 4603 vere
2277 4550 2461 4616 impia.
2505 4568 2523 4600 ι
2563 4551 2728 4604 Vides
2775 4551 2942 4619 igitur
2995 4553 3453 4619 quemadmodum

1890 4652 2013 4703 quae
2038 4638 2183 4708 justa
2218 4641 2914 4708 nonnunquamvideantur
2951 4643 3030 4695 vir
3065 4644 3154 4695 ille
3177 4646 3457 4698 sanctissi-

1889 4743 2012 4780 mus
2039 4744 2206 4796 prava
2237 4745 2356 4783 esse
2381 4731 2621 4795 dicat,et
2647 4744 2987 4801 quantopere
3018 4735 3107 4786 hic
3139 4750 3234 4788 eos
3270 4736 3452 4789 incre-

1888 4828 1979 4886 pet
2033 4821 2126 4888 qui
2175 4837 2299 4874 cum
2356 4823 2667 4876 iulidelibus
2711 4823 2938 4879 faciunt.
3005 4825 3194 4894 Itaque
3243 4828 3287 4880 si
3327 4830 3451 4895 quis

1889 4911 2104 4964 Domini
2151 4914 2481 4967 voluntatem
2523 4931 2629 4967 non
2657 4917 2920 4984 exegerit,
2955 4920 3092 4970 hanc
3133 4919 3203 4970 ob
3229 4934 3448 4971 causam

1895 5016 2084 5076 pinnas
2116 5003 2267 5056 dabit
2291 5005 2417 5057 'sive
2455 5006 2589 5058 nihil
2617 5006 2763 5060 illinc
2793 5009 2917 5061 mali
2949 5007 3146 5061 exierit
3180 5011 3295 5063 sive
3319 5026 3450 5062 cm:-

1887 5091 2111 5144 trarium
2142 5094 2424 5148 acciderit.
2473 5095 2604 5148 Nam
2671 5113 2776 5149 non
2821 5099 3203 5167 qttalis,l25
3266 5118 3446 5154 rerum

1884 5192 2115 5234 eventus
2141 5183 2208 5235 sit
2242 5185 2502 5236 Dominus
2526 5185 2758 5253 judicat,
2793 5189 2883 5240 sed
2915 5203 3044 5240 num
3067 5190 3320 5243 voluntas
3351 5206 3447 5243 sua

1885 5286 2072 5327 exacta
2136 5275 2225 5327 sit.
2285 5274 2409 5328 lla-c
2438 5290 2619 5328 autem
2667 5276 2880 5330 Domini
2915 5279 3164 5331 voluntas
3205 5282 3353 5348 leges
3395 5291 3449 5334 ct

1891 5365 2136 5419 instituta
2158 5374 2279 5418 sunt
2307 5366 2724 5434 imperatoribus
2749 5380 2803 5422 et
2835 5371 3174 5439 principibus
3195 5413 3209 5434 ,
3238 5371 3448 5425 civibus

1951 5645 2024 5709 ('3)
2059 5644 2440 5712 Χρυσυςτὸμοα
2477 5645 2539 5694 ἐκ
2579 5642 2669 5694 τοῦ
2715 5643 2854 5694 κατὰ
2900 5645 3167 5696 Ἰουδαίων
3199 5647 3444 5714 δευτέρου

1879 5734 1935 5764 ια)
1948 5733 2059 5780 χύλο

2988 5807 3025 5863 lo
