4242 6342
757 374 855 438 ῖ-Ξξ3

1961 377 2373 435 NICEPIIORI
2416 376 2797 437 GREGOli/E

3906 384 4009 449 124

753 508 872 546 rum
897 510 1090 548 sonum
1123 509 1342 549 carmen
1376 502 1594 547 cantare
1620 507 1935 551 consna‘sw,
1958 508 2067 558 quo
2089 494 2328 543 animum
2373 499 2406 548 ,λ

2373 499 2406 548 ,λ
2438 494 2518 544 δεῖ
2544 495 2902 563 ψυχαγωγίας
2933 495 3131 559 ἔξωθεν
3166 495 3354 561 ῖκανῖβ
3384 496 3441 559 ἐξ
3481 496 3789 549 ἀντιπάλων
3825 499 4009 566 ῥαγεί-

752 599 781 635 a
829 579 999 637 variis
1049 602 1110 638 ac
1144 585 1377 638 turbidis
1413 585 1695 637 nocturnis
1747 582 1976 633 somniis
2024 594 2325 644 revocaret,

754 675 991 742 cu'mque
1028 675 1182 728 bona:
1217 676 1369 744 14.3
1409 672 1788 739 tranquillitati
1840 670 1995 724 facile
2052 672 2325 724 redderet.

751 764 885 818 Nam
954 766 1165 819 somnia
1236 778 1627 831 nonnunquam
1704 766 1901 815 mirum
1977 762 2030 814 in
2102 762 2324 813 modum

752 869 1011 926 tanquam
1068 858 1180 909 acri
1224 855 1477 907 violentia
1540 864 1779 907 mentem
1846 852 2160 915 Sollicitant,
2196 847 2327 919 quin

753 948 803 1001 si
855 951 1048 1017 gravia
1084 955 1211 1002 sunt
1261 947 1723 1014 vehementerque
1783 959 1977 997 sensus
2039 951 2326 1009 occupant,

755 1054 975 1092 omnem
1009 1039 1119 1091 fere
1158 1054 1216 1091 se
1274 1037 1567 1107 colligendi
1624 1042 1940 1104 potestatem
1980 1036 2029 1087 ei
2066 1034 2326 1102 eripiunt.

753 1128 939 1197 ltaque
974 1128 1105 1179 mihi
1141 1142 1360 1196 quoque
1411 1126 1776 1195 gratissimum
1833 1125 1972 1177 foret
2024 1124 2270 1191 accipere
2300 1137 2329 1174 a

759 1229 811 1272 te
850 1232 1021 1272 novas
1054 1219 1419 1281 narrationes,
1446 1226 1502 1269 et
1532 1216 1791 1283 quoniam
1835 1216 1936 1267 boc
1971 1215 2088 1281 ipso
2117 1222 2329 1281 tempo-

756 1324 815 1363 re
843 1310 989 1363 Dens
1018 1319 1239 1378 propter
1260 1322 1397 1360 vera:
1425 1307 1685 1360 doctrinae
1714 1305 2120 1375 perversioncm
2156 1304 2329 1358 iratus

758 1410 837 1455 tot
893 1415 955 1453 ac
1014 1410 1191 1452 tantas
1220 1399 1387 1450 mittit
1437 1397 1707 1460 miserias,
1772 1396 1963 1447 borum
2009 1395 2329 1447 alterutrum

758 1505 968 1542 mecum
996 1489 1430 1542 eommunicabis
1454 1507 1465 1539 :
1491 1496 1583 1540 aut
1614 1501 1697 1539 me
1725 1487 2025 1539 amicorum
2057 1484 2332 1538 conditio-

758 1582 844 1632 nis
868 1581 1162 1633 certiorem
1222 1580 1408 1632 facies.
1441 1578 1551 1647 Ego
1598 1591 1781 1632 autem
1826 1578 2178 1646 complorabo
2237 1593 2331 1632 eos

755 1671 1032 1737 etiamque
1057 1680 1116 1723 ut
1148 1671 1398 1723 laborum
1456 1669 1796 1739 fortunaeque
1858 1672 2034 1723 socios
2074 1672 2329 1725 salutabo

756 1768 811 1810 et
858 1762 1021 1832 mntis
1071 1760 1208 1813 meis
1236 1760 1420 1815 verbis
1458 1775 1776 1829 prosequar,
1826 1768 1879 1813 et
1924 1774 2029 1812 una
2087 1776 2211 1813 cum
2263 1761 2331 1813 iis

2435 600 2531 645 σης
2572 586 2952 654 δηγημάτων.
3014 581 3182 638 Οἶσθα
3239 588 3350 655 γὰρ
3404 586 3478 649 ὡς
3533 588 3629 639 καὶ
3683 588 4006 659 Πυθαγόρας

2432 676 2637 734 ἐκεῖνος
2692 678 2717 726 ὁ
2767 677 2968 743 Σάμιος
3012 676 3180 744 λύρας
3215 677 3385 729 ἕωθεν
3420 677 3511 729 καὶ
3540 676 3693 747 ᾠδῶν
3730 682 4005 746 μουσικῶν

2432 768 2820 835 νενουθέτηκεν
2857 766 3148 832 ἅπτεσθαι,
3209 768 3407 820 ὁπόσαι
3464 786 3527 834 γε
3577 769 3759 823 ἱκαναὶ
3806 770 3866 821 rb
3896 770 4006 821 τῶν

2433 858 2712 926 λογισμῶν
2742 857 3041 927 τηνικαῦτα
3074 859 3342 928 κοιμίζειν
3386 862 3653 927 κυμαῖνον
3684 862 3746 913 ὲκ
3774 861 3881 912 τῶν
3909 861 4008 913 τοῦ

2435 952 2604 1003 ὕπνου
2638 951 2972 1021 νυκτερινῶν
3003 953 3337 1020 ἀθυρμάτων
3368 952 3770 1021 καθιστάμενον
3806 954 4007 1020 ῥόθιον,

2435 1045 2531 1095 καὶ
2575 1043 2981 1112 μεθαρμόττειν
3027 1042 3228 1111 ῥαδίως
3275 1044 3369 1094 ἐπὶ
3400 1042 3458 1093 τὸ
3491 1033 3732 1111 εὔθυμον
3770 1044 3942 1095 ὁπόσα
3974 1045 4009 1111 ἡ
4065 1050 4069 1054 ’

2436 1134 2541 1186 τῶν
2596 1133 2820 1201 ὀνείρων
2892 1131 3189 1201 αὖτονομία
3245 1132 3513 1194 παίζουσα
3567 1132 4010 1201 δραστικώτερον

2436 1224 2608 1277 ἐνίοτε
2665 1223 2809 1276 κατά
2849 1222 2949 1292 τῆς
3009 1224 3248 1292 γαλήνης
3292 1224 3402 1275 τῶν
3452 1222 3731 1291 λογισμῶν
3779 1222 4009 1290 ἀφίησιν

2437 1316 2748 1383 ἀπαρκτίου
2784 1314 2938 1383 δίκην
2989 1312 3205 1383 μακροῦ
3252 1330 3432 1375 τινος.
3464 1314 3552 1364 ὅτε
3603 1313 3667 1383 δὴ
3716 1316 3807 1365 καὶ
3860 1314 4006 1381 μάλα

2435 1406 2767 1474 ἀταμίευτος
2824 1406 2937 1465 τοῖς
2989 1403 3368 1473 αἰσθητηρίοις
3418 1404 3447 1454 ὁ
3503 1402 3669 1465 ὕπνος
3733 1405 4006 1472 ἐντρέχων

2434 1499 2634 1565 ἥκιστα
2660 1498 2721 1547 τὸ
2748 1494 2883 1564 πρὸς
2908 1496 3123 1563 ἄμυναν
3150 1495 3285 1555 τέως
3315 1496 3457 1563 ἔχειν
3488 1494 3788 1561 δυνάμενον
3818 1493 4007 1559 σφίσιν

2435 1586 2543 1656 ἔῲη
2575 1587 2658 1640 ἀν.
2711 1586 2799 1637 Διδ
2833 1586 2925 1637 καὶ
2958 1587 3087 1653 ἡμῖν
3125 1584 3343 1654 ἥδιστον
3396 1585 3461 1636 ἂν
3508 1584 3718 1651 γένοιτο
3751 1582 4007 1650 ἄκουσμα

2434 1679 2543 1731 τῶν
2579 1678 2683 1742 ἔξω
2714 1676 3061 1747 πραγμάτων
3108 1676 3226 1729 ἔνια
3263 1671 3569 1744 διηγήσεως
3614 1674 3874 1725 ὑπόθεσιν
3909 1674 4009 1726 νῦν

2436 1770 2752 1838 κομίζοντος
2783 1770 2876 1821 σοῦ
2908 1786 2995 1836 γε.
3028 1768 3183 1820 Ἐπεὶ
3238 1766 3345 1835 γὰρ
3397 1766 3607 1832 κακῶν,
3656 1765 3816 1834 εἰπερ
3848 1766 4006 1831 ποιιτὲ1

758 1865 1052 1903 nnerorem
1140 1851 1351 1918 capiam
1396 1854 1460 1905 et
1514 1850 1781 1916 lartitia'm,
1854 1865 2033 1919 neque
2086 1866 2326 1917 unquam
2362 1836 2403 1889 Β

2362 1836 2403 1889 Β
2433 1836 2531 1913 νῦν
2568 1862 2597 1912 δ
2625 1862 2736 1930 βίος
2779 1861 3163 1931 ἐμπέπλησται
3190 1859 3557 1928 ὀργιζομένου
3598 1858 3736 1909 Θεοῦ
3775 1857 3864 1909 διὰ
3903 1856 4008 1922 τὴν

756 1949 961 1992 tantam
990 1956 1179 1993 eorum
1215 1942 1578 1995 constantiam
1612 1942 1869 1994 admirari
1925 1941 2172 1995 cessabo.
2224 1941 2331 1995 Aut

755 2030 822 2084 de
860 2042 1271 2099 persecutorum
1304 2033 1617 2087 conditione
1659 2034 1791 2086 mibi
1843 2034 2115 2096 narrabis,
2149 2043 2203 2086 et
2236 2035 2330 2087 lte-

756 2124 883 2175 tiori
908 2124 1136 2178 fortasse
1167 2139 1262 2193 spe
1316 2124 1634 2178 alliciemur.
1660 2124 1795 2177 Nam
1844 2123 1993 2193 ipsos
2039 2125 2331 2193 aliquando

760 2216 1029 2268 insaniam
1057 2231 1213 2278 suam
1244 2218 1529 2285 agnituros
1560 2231 1679 2269 esse
1705 2230 1882 2285 spero,
1917 2216 2187 2284 siquidem
2224 2218 2339 2286 jam

758 2312 903 2362 inter
931 2310 1075 2378 ipsos
1106 2310 1436 2379 ﬂagitiorum
1481 2309 1772 2377 Opprobria
1802 2310 2061 2371 suboriri.
2089 2318 2279 2362 contra
2308 2325 2338 2363 ο

759 2402 1067 2456 recessibus
1094 2418 1284 2455 eorum
1327 2416 1463 2468 quos
1507 2412 1913 2469 persequuntur
1942 2409 1996 2453 et
2047 2416 2077 2453 c
2105 2400 2336 2454 summis

760 2492 1002 2546 tenebris
1023 2493 1236 2561 plenam
1264 2494 1469 2547 sensim
1501 2490 1790 2544 veritatem
1817 2492 1871 2544 in
1899 2491 2078 2545 lucem
2111 2491 2335 2560 prodire

759 2584 1027 2637 sentiunt.

2434 1954 2544 2005 τῶν
2572 1952 2731 2004 θείων
2762 1952 3051 2021 δογμάτων
3088 1949 3374 2018 ἀθέτησιν,
3418 1951 3562 2003 δυοῖν
3593 1950 3743 2001 ἔσται
3779 1947 4009 2014 θάτερον

2438 2044 2682 2105 πάντως·
2732 2043 2766 2111 ἢ
2813 2042 2921 2112 γάρ
2951 2043 3121 2108 φίλων
3149 2045 3279 2110 ἡμῖν
3310 2041 3644 2108 ἀπαγγελεῖς
3688 2040 4005 2107 συμφοράς.

2436 2135 2530 2187 καὶ
2563 2132 2821 2203 δακρύσω
2871 2135 2970 2202 μὲν
3022 2134 3098 2195 ὡς
3134 2134 3280 2193 είκδς
3314 2133 3503 2202 ἕτερον
3534 2132 3734 2200 τρόπον
3767 2130 3898 2197 ὲγὼ,
3935 2131 4007 2194 τῇ

2437 2221 2493 2272 δὲ
2524 2221 2778 2290 κοινωνίᾳ
2805 2222 2899 2273 τοῦ
2940 2222 3150 2281 πάθους
3182 2223 3424 2282 ἐκείνους
3459 2219 3890 2290 προσαγορεύσω
3919 2219 4017 2271 καὶ

2437 2311 3058 2380 πόρῤωθεν,ἀ;ρθόγγοις
3074 2329 3131 2362 τε
3155 2312 3367 2373 λαλιαίς
3388 2311 3461 2372 ώς
3487 2314 3664 2363 εἰπεῖν
3693 2310 4010 2379 προσφθεγ-

2436 2403 2691 2468 γόμενος,
2731 2401 2825 2453 καὶ
2851 2402 3018 2472 οἴκτῳ
3057 2404 3147 2455 τὸν
3176 2400 3357 2455 οἶκτον
3385 2403 3683 2463 ἀντιδιδοὺς
3717 2406 3812 2455 καὶ
3841 2403 4009 2469 συνη-

2435 2492 2661 2560 δόμενος
2701 2493 2879 2561 σφίσι,
2932 2496 3027 2546 καὶ
3062 2494 3361 2561 θαυμάζων
3403 2495 3504 2562 τῆς
3551 2494 3849 2565 καρτερίας
3882 2493 4011 2552 τοὺς

2435 2583 2660 2651 ἀνδρας,
2692 2583 2724 2651 ἢ
2752 2584 3043 2654 συμφορὰς
3083 2585 3333 2638 διωκτῶν
3362 2587 3730 2656 ἀκουσόμεθα,
3764 2588 3858 2638 καὶ
3891 2586 4009 2655 βελ-

757 2676 908 2739 τίους
930 2677 1116 2729 λοιπον
1140 2679 1233 2731 καὶ
1263 2677 1404 2745 ὑπὲρ
1440 2676 1621 2730 αὐτῶν
1666 2677 1769 2740 τάς
1821 2678 2045 2740 ἐλπίδας
2082 2675 2386 2746 ληψόμεθα.
2428 2677 2651 2730 Σύνεσιν
2696 2678 2806 2746 γὰρ
2864 2677 3018 2749 οἶμαι
3074 2682 3169 2734 καὶ
3220 2683 3362 2747 σφᾶς
3420 2681 3518 2745 ὀψὲ
3564 2682 3695 2747 γοῦν
3723 2680 4015 2749 εἰληφότας

759 2772 1140 2841 διορθωθῆναι,
1202 2769 1385 2839 ἔργοις
1443 2770 1545 2841 ἤδη
1577 2770 1877 2841 βλέποντας
1919 2770 2215 2839 προφανεῖς
2257 2768 2560 2837 φυομένους
2586 2770 2715 2833 τοὺς
2744 2771 2855 2823 τῶν
2916 2773 3138 2824 οἰκείων
3168 2772 3555 2842 ἀτοπημάτων
3619 2776 4017 2844 ὲλέγχους,καὶ

762 2864 872 2925 τῶν
909 2868 966 2915 ἐν
1001 2864 1191 2932 μυχοῖς
1220 2861 1481 2931 διωγμῶν
1516 2865 1613 2915 καί⁵
1665 2863 1841 2931 σκότῳ
1879 2860 2038 2930 βαθεῖ.
2070 2860 2433 2929 κοιμωμένων
2464 2861 2787 2932 προτάσεων
2821 2863 3036 2932 ἀληθῶν
3074 2869 3135 2917 τὺ
3175 2867 3551 2936 συμπέρασμα
3583 2868 3893 2921 ἀνατέλλον.

829 2955 923 3009 ΧΙ.
964 2956 1229 3025 Equidem
1258 2957 1332 3012 mi
1362 2956 1681 3011 cbarissime
1704 2955 1814 3024 iam
1852 2962 2075 3022 paratus
2112 2968 2259 3019 sum,
2287 2958 2341 3005 et

761 3060 1143 3116 quamcunque
1179 3047 1261 3099 vis
1299 3047 1673 3100 narrationem
1704 3044 1927 3098 faciam.

836 3134 996 3206 144
1011 3136 1125 3189 XII.
1146 3136 1226 3189 Tu
1251 3151 1408 3202 vero,
1426 3133 2349 3203 charissimeAgathangele,nonne
2375 3122 2418 3182 (Ξ

764 3226 920 3293 prius
980 3227 1284 3281 narrationi
1337 3235 1526 3295 aptum
1580 3225 1868 3280 exordium
1920 3226 2144 3287 addere.
2190 3226 2338 3293 quod

765 3318 1284 3386 deincepsinvenire
1308 3333 1439 3373 sane
1468 3316 1684 3371 dilIicile
1714 3325 1817 3381 est,
1852 3326 1949 3370 aut
1981 3317 2180 3384 prioris
2212 3332 2341 3369 nar-

766 3410 996 3463 rationis
1020 3411 1335 3464 memoriam
1370 3425 1629 3465 revocare
1658 3410 1819 3463 nobis
1839 3410 1892 3463 in
1918 3410 2101 3463 animo
2134 3409 2344 3462 babes?

769 3499 844 3553 ita
881 3510 940 3553 ut
970 3502 1296 3554 narrationis
1341 3500 1637 3553 momentis
1666 3508 1871 3553 catena:
1918 3500 2093 3552 instar
2144 3499 2346 3553 adnec-

768 3590 949 3644 tendis
975 3600 1182 3644 certum
1215 3591 1508 3659 quemdam
1535 3590 1602 3643 ad
1623 3606 1805 3643 rerum
1829 3591 2197 3643 narrationem
2225 3605 2345 3658 qua:

772 3691 961 3750 postea
991 3692 1123 3735 acute
1148 3690 1280 3735 sunt
1312 3681 1601 3735 transitum
1630 3681 1727 3734 tibi
1751 3680 2082 3748 patefacias?
2104 3680 2344 3733 Primum

772 3774 920 3827 enim
950 3773 1137 3827 auditu
1160 3773 1385 3843 dignum
1406 3782 1491 3827 est
1528 3772 1657 3841 quid
1690 3780 1813 3840 post
1840 3786 2071 3841 pugnam
2095 3772 2347 3825 navalem

771 3864 920 3919 illam
952 3863 1267 3918 Latinorum
1314 3864 1517 3917 classes
1558 3864 1791 3917 inviam
1837 3876 1895 3915 se
1945 3863 2245 3930 premendo
2291 3873 2347 3917 et

773 3956 1077 4011 obsidendo
1124 3955 1441 4019 eﬂ‘ecerint;
1506 3955 1705 4008 deinde
1772 3954 1902 4022 quid
1952 3954 2110 4007 lrene
2164 3957 2348 4023 regina

772 4056 1060 4115 postquam
1095 4046 1436 4100 Orestiadem
1478 4056 1535 4099 et
1592 4045 2032 4115 Didymotichum
2097 4045 2351 4113 pervenit

771 4137 1035 4198 eﬂecerit,
1095 4138 1330 4189 filiorum
1402 4135 1553 4205 regni
1624 4134 1974 4203 cupiditatem
2035 4136 2349 4202 priusquam

772 4231 954 4283 furore
990 4230 1193 4283 incitati
1227 4228 1427 4281 caedem
1467 4227 1695 4280 ederent
1720 4238 2072 4294 repressum;
2126 4226 2351 4279 tertium

2526 2954 2630 3008 IA'.
2661 2955 2770 3008 Καὶ
2799 2956 2906 3025 μὴν
2938 2957 3153 3025 ἕτοιμος
3186 2959 3384 3026 ἔγωγε,
3420 2958 3681 3027 βέλτιστε,
3712 2958 3889 3026 λέγειν
3913 2962 4019 3016 ὅσα

2451 3045 2513 3114 δὴ
2543 3047 2639 3099 καὶ
2664 3041 2752 3097 οἶα
2786 3045 2994 3114 βούλοιο
3024 3048 3091 3099 ἂν
3120 3049 3428 3101 ἐπιτάττειν
3453 3050 3635 3111 αὑτός.

2521 3135 2621 3189 lB'.
2660 3136 2869 3191 Οὐκοῦν
2908 3138 3290 3208 ἁρμόττουσαν
3328 3140 3507 3207 ἀρχὴν
3529 3138 3807 3192 ἀναθεῖναι
3834 3140 4018 3208 δεῖτῷ

2440 3227 2583 3295 λόγῳ
2606 3227 2896 3296 πρότερον,
2924 3230 3148 3294 φίλτατε
3195 3230 3589 3297 Ἀγαθάγγελεσ
3618 3230 3687 3300 ἢν
3712 3232 3810 3283 οὐκ
3837 3231 4019 3292 ἄλλως

2444 3318 2719 3386 ἁλώσιμον
2750 3317 2970 3371 ἔσεσθαι
3006 3314 3160 3387 οἶμαι
3196 3319 3228 3388 ἢ
3261 3321 3316 3381 ἐς
3349 3321 3412 3371 τδ
3443 3321 3708 3389 πρότερον
3736 3322 3880 3388 ἴχνος
3905 3320 4021 3371 τῶν

2442 3409 2618 3476 λόγων
2653 3410 2878 3461 ἐκείνων
2914 3412 3310 3480 ἀναπόμπιμον
3351 3413 3706 3481 πεπραχότας
3735 3411 3833 3480 τὴν
3875 3413 4019 3479 μνή-

2448 3516 2577 3567 μην,
2608 3503 2701 3551 καὶ
2725 3500 2884 3569 δίκην
2915 3502 3105 3570 σειρᾶς
3132 3502 3230 3564 τάς
3251 3503 3350 3572 τῆς
3370 3504 3619 3571 γλώττης
3644 3502 3855 3553 ἐκεῖθεν
3880 3518 4021 3569 κρη⁴

2446 3591 2602 3652 πίδας
2663 3592 3001 3661 ἀνάψαντας⁹
3037 3594 3251 3663 ἀσφαλῆ
3286 3595 3354 3646 τά
3388 3595 3485 3659 τῆς
3532 3593 3854 3662 ἀναλήψεως
3912 3578 4019 3661 ἤδη

2448 3683 2637 3750 ἐφόδια
2667 3683 2723 3745 ἐς
2751 3684 2849 3751 τὴν
2881 3684 2989 3736 τῶν
3024 3685 3153 3752 tea;
3180 3684 3482 3754 κεκτῆσθαι
3516 3686 3769 3753 διήγησιν
3798 3686 3855 3735 ὲν
3882 3684 4021 3751 βρα-

2449 3774 2554 3839 χεῖ.
2586 3767 2739 3823 Εἶναι
2773 3771 2818 3823 δ’
2855 3773 3158 3837 ἀναγκαῖον
3201 3772 3469 3824 πυθέσθαι
3500 3772 3716 3842 πρῶτον
3760 3774 3907 3840 ἡμᾶς
3935 3772 4020 3824 ὅτι

2451 3863 2581 3914 ποτὲ
2642 3863 2784 3931 μετά
2836 3864 2934 3930 τὴν
2967 3864 3282 3933 ναυμαχίαν
3321 3864 3537 3932 ἐκείνην
3589 3862 4025 3931 ἀντικαθήμενοι

2450 3957 2545 4006 καὶ
2577 3953 3067 4022 ἀντεφεδρεύοντες
3095 3953 3376 4022 ἑκατέροις
3405 3953 3659 4021 ἑκάτεροι
3698 3951 3806 4003 τῶν
3853 3953 4022 4004 Λατίσ

2452 4062 2559 4098 νων
2587 4046 2635 4096 οἱ
2677 4044 2858 4097 στόλοι
2882 4046 3002 4097 τότε
3040 4046 3379 4113 πεπράκασι-
3408 4044 3660 4111 δεύτερον
3693 4043 3736 4093 δ’
3776 4044 3858 4094 ὅτι
3889 4046 4022 4095 ποτὲ

2454 4140 2550 4190 καὶ
2586 4138 2617 4205 ἡ
2663 4136 2874 4204 βασιλὶς
2901 4136 3104 4205 Εἰρήνη
3130 4135 3192 4205 [ί.
3231 4136 3328 4188 130
3367 4133 3429 4206 α]
3454 4134 3736 4185 τετέλεκεν
3782 4134 4028 4187 ἀπιοῦσά

2454 4247 2513 4281 τε
2546 4230 2603 4291 ὲς
2645 4228 2969 4297 Ὀρεστιάδα
3000 4228 3097 4279 καὶ
3126 4226 3534 4295 Διδυμότειχον,
3569 4226 3663 4275 καὶ
3691 4224 3786 4285 τὰς
3816 4223 4022 4291 μεταξὺ

772 4338 892 4390 quia:
930 4321 1147 4374 fanatici
1221 4328 1601 4388 persecutores
1651 4317 1706 4370 in
1763 4332 1865 4370 nos
1927 4314 2238 4383 concipiant
2299 4325 2355 4369 et

2348 4328 2355 4367 ι
2455 4320 2554 4386 τῆς
2582 4319 2873 4387 φιλαρχίας
2901 4318 3010 4370 τῶν
3035 4317 3241 4370 παίδων
3268 4317 3450 4386 ἔριδας
3481 4318 3809 4384 ἐπειγομένη
3842 4316 4023 4383 κοιμί-

774 4424 1114 4482 concoquant
1150 4412 1399 4466 consilia.

2460 4426 2574 4470 σαι,
2608 4411 2739 4479 πρὶν
2770 4411 2849 4471 είς
2880 4410 3132 4477 αἱμάτων
3162 4408 3345 4477 χύσεις
3392 4411 3451 4463 τὸ
3498 4409 3617 4459 κατ’
3647 4409 3892 4477 ἀλλήλων
3926 4410 4021 4460 ὲκ-

774 4503 935 4570 6ῇναι
967 4503 1312 4571 μαινόμενονο
1344 4501 1440 4552 καὶ
1469 4500 1655 4567 τρίτον
1684 4499 1878 4561 ὁποίας
1905 4499 1999 4551 καὶ
2025 4499 2148 4549 καθ’
2180 4500 2336 4567 ἡμῶν
2375 4500 2473 4563 τὰς
2504 4503 2734 4570 μελέτας
2758 4504 2785 4554 ὁ
2810 4502 2917 4553 τῶν
2980 4502 3225 4553 διωκτῶν
3293 4501 3572 4570 ίστουργεῖ
3597 4502 3690 4552 καὶ
3718 4499 4024 4568 συρράπτει

776 4598 987 4655 θίασος.

845 4686 1127 4741 Xlll.ll.ec
1181 4701 1304 4739 cum
1346 4684 1550 4753 optime
1593 4697 1654 4737 se
1683 4682 1920 4738 habeant
1952 4684 2173 4753 obloqui
2226 4685 2345 4748 tibi,
2388 4689 2434 4744 ι)

776 4778 858 4831 \ir
913 4778 1116 4839 divine,
1179 4777 1330 4841 nolo,
1380 4777 1491 4829 imo
1533 4789 1756 4843 prorsus
1819 4774 1917 4828 tibi
1965 4776 2236 4843 obsequar
2290 4786 2345 4828 et

780 4870 934 4921 initio
964 4869 1183 4935 quidem
1220 4869 1264 4921 si
1304 4882 1412 4919 non
1466 4866 1677 4934 singula
1716 4867 1899 4919 omnia
1951 4881 2074 4935 qum
2127 4867 2344 4921 interim

776 4971 895 5013 acta
946 4970 1090 5022 sunt,
1149 4970 1327 5012 tamen
1380 4972 1502 5027 qua:
1549 4966 1974 5011 commemorata
2030 4958 2347 5027 dignissima

781 5062 909 5102 sunt
940 5050 1033 5101 tibi
1069 5066 1361 5116 exponam.

856 5142 988 5195 XIV.
1028 5142 1355 5195 Venetorum
1389 5140 1577 5196 classis
1606 5139 1920 5210 praefectus,
1951 5140 2193 5195 incertus
2218 5140 2349 5209 quid

784 5235 989 5284 taceret
1022 5248 1144 5285 eum
1195 5242 1392 5300 praeter
1429 5246 1646 5286 omnem
1680 5232 1999 5300 Opinionem
2045 5233 2155 5301 jam
2209 5233 2352 5286 facta

787 5338 965 5391 pugna
999 5324 1169 5375 navali
1202 5325 1522 5377 Genuenses
1550 5323 1871 5378 offendisset
1899 5324 1954 5376 in
1981 5326 2241 5379 societate
2268 5325 2354 5377 Bi-

790 5416 1081 5483 thynorum
1111 5415 1266 5469 ducis
1298 5415 1551 5485 Hyrcani,
1582 5417 1670 5470 cui
1701 5431 1823 5469 cum
1855 5431 2123 5468 summam
2163 5417 2227 5469 ad
2258 5415 2357 5469 de-

798 5509 1158 5571 spcralionctn
1196 5508 1351 5578 145
1385 5508 1600 5562 adducti
1637 5516 1841 5572 essent,
1897 5508 1975 5560 illi
2032 5524 2089 5561 sc
2119 5508 2356 5562 tradide-

791 5607 946 5655 Iant;
992 5615 1220 5665 rumque
1256 5601 1354 5653 bos
1380 5616 1567 5668 magna
1604 5614 1729 5653 cum
1773 5599 2063 5652 securitate
2113 5614 2178 5652 ex
2230 5601 2354 5653 Asia

796 5691 1049 5755 ίι·.ι]ιιει“ιε
1110 5694 1335 5745 κίάἰεδρι
1398 5692 1581 5760 copias
1637 5691 2002 5744 merccnarias
2049 5708 2167 5758 qna:
2225 5691 2356 5744 satis

798 5783 1001 5834 ιιὶειιιικι
1027 5798 1203 5839 ιδδδυιιι
1228 5786 1292 5837 ad
1330 5789 1512 5841 hostes
1546 5782 1963 5853 impugnandos,
1990 5786 2349 5851 tcpcllcndos.

2535 4684 2635 4739 II".
2681 4685 2809 4753 Ἐμὲ
2848 4684 2894 4736 δ’
2930 4680 2988 4735 εὖ
3019 4700 3099 4735 σοι
3127 4683 3361 4750 λέγοντι,
3391 4682 3510 4735 θεία
3556 4700 3645 4750 μοι
3678 4683 3907 4751 κεφαλὴ,
3936 4685 4030 4734 ἀν·

2453 4778 2689 4844 τιλέγειν
2718 4776 2817 4844 μὲν
2846 4775 3051 4845 ἥκιστα
3086 4775 3328 4837 πάντων,
3366 4774 3651 4825 πείθεσθαι
3695 4774 3753 4825 δὲ
3788 4774 4031 4839 μάλιστα

2455 4868 2675 4920 πάντων
2708 4867 2904 4936 χρεών.
2954 4866 3060 4918 Καί
3101 4883 3183 4918 σοι
3228 4867 3366 4933 ἐρᾶν
3398 4866 3630 4933 ἔρχομαι
3662 4866 3708 4917 εί
3741 4866 3811 4932 μὴ
3849 4866 4031 4918 πάντα

2454 4960 2518 5028 δὴ
2552 4960 2617 5012 τὰ
2677 4958 2880 5028 μεταξὺ
2931 4960 3051 5013 καθ’
3091 4959 3319 5023 ἕκαστα,
3366 4960 3482 5011 ἀλλ’
3528 4955 3621 5011 οὖν
3662 4958 3929 5021 ἀπολέξας
3960 4958 4032 5009 τὰ

2458 5050 2818 5117 καιριώτερα.

2530 5140 2627 5193 1Δ’.
2672 5141 2730 5192 ’0
2758 5140 2867 5210 γάρ
2918 5156 3000 5191 τοι
3053 5139 3147 5191 τοῦ
3180 5140 3467 5191 Βενετικοῦ
3519 5138 3707 5190 στόλου
3753 5137 4032 5205 ναύαρχος

2458 5232 2638 5300 ἥκιστ’
2672 5231 2811 5299 ἔχων
2840 5233 2867 5283 ὁ
2896 5248 2949 5283 τι
2988 5230 3245 5297 πράξειεν
3272 5231 3367 5297 ἀφ’
3398 5224 3459 5281 οὗ
3502 5229 3655 5296 παρὰ
3687 5230 3869 5281 πᾶσαν
3909 5230 4030 5279 ἐνέ-

2462 5341 2591 5393 τυχε
2622 5324 2952 5394 προσδοκίαν
2986 5323 3088 5390 ἥδη
3125 5324 3262 5389 μετά
3288 5324 3386 5391 τὴν
3416 5320 3730 5389 ναυμαχίαν
3762 5322 3877 5381 τοῖς
3898 5320 4033 5370 Γεν-

2460 5417 2701 5476 νουῖταις
2750 5412 2829 5482 τῷ
2889 5415 2998 5465 τῶν
3051 5412 3291 5465 Βιθυνῶν
3346 5412 3733 5479 σπεισαμένοις
3796 5410 4031 5478 ἡγεμόνι

2463 5503 2691 5572 Περσῶν
2730 5501 3005 5571 Ὑρκανῷ,
3059 5502 3194 5568 πρὸς
3229 5501 3395 5569 μόνην
3440 5499 3669 5566 ταυτηνὶ
3708 5496 4031 5549 τελευταίαν

2460 5594 2517 5656 ἐξ
2546 5592 2911 5658 ἀπογνώσεως
2931 5592 3213 5661 ἐληλυθόσι
3240 5591 3563 5657 καταφυγὴν
3584 5589 3863 5657 πολεμίοις
3884 5590 4027 5641 πάνυ

2464 5705 2511 5738 τι
2540 5684 2991 5738 δυσαντίϐλεπτον
3018 5686 3111 5736 καὶ
3140 5679 3253 5736 οἷον
3296 5681 3792 5748 ἀνανταγώνιστον,
3837 5682 4029 5733 κάκεί-

2464 5783 2551 5833 Οεν
2585 5779 2680 5847 fit}
2724 5778 2861 5846 μετά
2897 5780 3115 5846 μακρὶς
3173 5778 3269 5847 τῆς
3322 5776 3501 5839 ἀδείας
3547 5775 3945 5845 μισθοφορικὴν
3977 5769 4037 5835 ἐξ
