4242 6342
810 435 902 497 131
1992 426 2037 484 Ν
2044 421 2404 487 ICEPHORI
2443 423 2824 483 GREGORJE

875 548 1031 618 [52
1069 546 1210 602 XIX.
1245 547 1373 612 Qum
1402 560 1526 599 cum
1582 542 1657 596 ita
1690 556 1746 595 se
1775 538 2046 594 haberem
2107 537 2266 591 lrcne
2307 550 2390 590 re-
2415 541 2464 600 Α

801 641 926 708 gina
958 639 1298 694 Orestiadem
1330 647 1386 690 ct
1418 633 1856 703 Didymotichum
1889 631 2132 698 prolecta
2177 636 2282 692 est,
2317 638 2376 680 ut

803 730 1090 784 distineret
1116 727 1304 781 aliines‘
1331 728 1425 795 qui
1473 725 1748 780 aﬂinitatis
1778 721 2009 774 vinculis
2044 718 2379 787 contemptis

806 822 950 874 inter
988 836 1044 872 se
1082 819 1416 873 discordiam
1465 815 1813 876 exercebant,
1862 811 2175 866 Matthmum
2209 810 2376 862 lilium

805 920 862 964 et
887 906 1152 979 generum
1195 909 1553 976 l’alaeologum
1582 920 1789 974 regem.
1854 903 1911 957 In
1942 902 2205 957 comitatu
2237 899 2379 952 inter

804 1000 942 1053 alios
963 1016 1148 1054 secum
1183 1000 1343 1052 duxit
1371 999 1507 1051 duos
1531 1000 1841 1050 sacerdotes
1867 995 1957 1062 qui
1989 1001 2153 1046 testes
2185 998 2377 1044 essent

803 1102 860 1146 et
891 1091 1156 1160 Angelum
1192 1091 1284 1158 qui
1323 1089 1415 1141 illo
1448 1098 1695 1156 tempore
1729 1083 1982 1140 catholici
2013 1082 2218 1153 judicis
2255 1095 2378 1134 mu-

806 1197 936 1234 nere
971 1180 1318 1249 fungebatur.
1381 1177 1481 1231 llic
1514 1192 1623 1246 quo
1660 1186 1907 1243 tempore
1937 1175 2169 1243 patriam
2201 1184 2376 1225 meam

810 1272 1002 1340 reliqui
1038 1272 1332 1325 admodum
1357 1270 1572 1339 juvenis
1603 1268 1869 1330 necdum,
1918 1267 1972 1320 ni
2004 1266 2180 1328 fallor,
2210 1263 2381 1332 pubes

806 1375 945 1419 erat.
1004 1362 1225 1422 ,Tamcn
1262 1364 1372 1431 jam
1413 1361 1673 1428 praeclara
1729 1358 1900 1411 valuit
1959 1356 2026 1408 ad
2078 1355 2378 1409 dicendum

808 1466 1029 1519 natura,
1068 1456 1141 1508 ita
1193 1464 1248 1507 ut
1297 1468 1397 1508 nos
1437 1467 1587 1520 Spem
1637 1451 1897 1519 Optimam
1925 1448 1992 1502 de
2022 1448 2142 1518 ejus
2176 1447 2378 1526 ingenii

811 1546 1167 1599 facultatibus
1224 1558 1569 1611 caperemus.
1643 1541 1847 1594 Omnes
1911 1539 2058 1593 enim
2125 1540 2217 1607 qui
2272 1552 2380 1591 una

807 1653 931 1688 cum
948 1651 1013 1688 eo
1027 1635 1307 1703 sapientiae
1324 1643 1427 1687 tuae
1451 1633 1679 1686 Studiosi
1695 1640 1851 1684 erant
1875 1639 2077 1700 tuaque
2093 1628 2381 1699 disciplina

807 1727 1153 1786 fruebantur,
1203 1727 1362 1793 longe
1420 1725 1714 1793 superabat
1760 1723 1956 1791 lingua:
2010 1721 2268 1776 facilitate
2325 1731 2382 1775 et

807 1819 1006 1871 mentis
1037 1816 1307 1869 acumine.
1368 1815 1525 1868 Nunc
1549 1829 1680 1868 vero
1705 1815 1749 1867 si
1783 1826 1996 1883 tempus
2017 1827 2125 1882 quo
2149 1827 2179 1865 a
2208 1812 2379 1880 patria

807 1909 998 1962 absum
1024 1907 1282 1976 respicio,
1334 1894 1533 1960 indolis
1555 1907 1675 1975 ejus
1701 1893 2002 1958 bonitatem
2027 1903 2092 1957 ad
2121 1903 2379 1956 meliores

809 2001 993 2068 fruges
1025 2001 1345 2068 pervenisse
1371 1997 1647 2066 suspicor,
1675 1998 1748 2050 ita
1802 2005 1860 2049 ut
1897 2010 1927 2048 a
1951 1995 2232 2065 prooemiis
2270 1994 2380 2048 illis

806 2091 916 2158 jam
938 2090 1004 2144 ad
1025 2093 1223 2144 bonam
1254 2090 1618 2143 maturitatem
1651 2087 1999 2158 processerit.
2051 2086 2227 2151 Quare
2251 2085 2380 2138 dum

808 2183 984 2235 virum
1007 2184 1148 2249 regis
1163 2197 1259 2234 usu
1275 2194 1329 2235 et
1346 2182 1578 2234 amicitia
1599 2197 1705 2232 non
1726 2180 1906 2234 minus
1923 2178 2028 2232 frui
2049 2177 2207 2230 video
2221 2191 2379 2243 quam

809 2274 1178 2327 nobilissimos
1211 2274 1387 2336 viros,
1424 2271 1654 2342 gaudeo.
1720 2272 1837 2326 Jam
1891 2279 2116 2339 propter
2163 2268 2382 2321 virtutis

810 2365 1178 2432 praestantiam
1213 2364 1382 2431 ipsius
1414 2363 1573 2431 regite
1607 2362 1803 2416 donius
1824 2361 2026 2432 judicia
2075 2359 2246 2413 libera
2277 2360 2382 2411 lin-

809 2472 912 2522 gna
930 2457 1246 2522 exsequitur
1262 2456 1502 2522 itemque
1520 2454 1845 2523 indiciorum
1874 2454 1942 2506 de
1963 2453 2128 2506 rebus
2144 2447 2383 2520 publicis

817 2547 973 2617 153
1004 2548 1233 2601 consilia
1268 2561 1332 2600 ac
1355 2548 1576 2600 decreta
1603 2546 1969 2599 administrat.
2007 2543 2262 2611 Cumque
2288 2558 2382 2610 per

812 2657 1032 2694 munem
1060 2650 1273 2694 aetatem
1320 2654 1538 2706 semper
1570 2638 1796 2707 justitia:
1821 2652 1984 2706 quam
2029 2637 2221 2689 dicunt
2269 2644 2382 2687 tru-

815 2730 927 2784 tina
978 2747 1064 2784 res
1101 2741 1246 2784 recte
1277 2740 1331 2783 et
1384 2732 1504 2782 sine
1557 2728 1750 2781 fraude
1784 2729 2086 2789 examinet,
2115 2728 2378 2795 majorem

815 2820 1097 2872 hominum
1142 2819 1563 2872 admirationem
1624 2819 1792 2871 movit
1841 2833 2005 2886 qnam
2057 2818 2238 2886 justus
2291 2817 2382 2869 ille

818 2910 1109 2973 Aristides,
1138 2922 1192 2962 et
1224 2912 1276 2962 in
1308 2925 1401 2962 ore
1429 2909 1677 2962 omnium
1710 2919 1793 2962 est
1826 2925 1932 2962 non
1981 2909 2159 2962 solum
2192 2909 2380 2961 conci—

814 3003 990 3065 vinin,
1027 3001 1122 3055 sed
1175 3001 1342 3054 etiam
1376 2999 1520 3067 apud
1555 2998 1800 3054 confines
1845 3008 2037 3068 gentes
2083 2999 2226 3052 fama
2262 2999 2382 3068 ejus

815 3093 1149 3162 percrebuit,
1207 3100 1262 3145 et
1314 3104 1508 3144 omnes
1539 3091 1745 3160 pariter
1775 3091 1879 3144 viri
1925 3091 2085 3159 hujus
2111 3104 2382 3142 verecun-

3948 425 4055 486 132

2565 538 2665 592 l9.
2693 538 2911 590 Τούτων
2937 537 2979 588 δ’
3021 534 3192 598 οὕτως
3243 538 3475 606 ἐχόντων
3516 537 3696 602 ἔδοξεν
3746 540 3953 609 Εἰρήνῃ
3990 544 4060 607 τῇ

2484 627 2716 696 βασιλίδι
2743 628 2796 687 ἐς
2827 645 2885 680 τε
2926 627 3249 693 Ὀρεστιάδα
3286 628 3382 680 καὶ
3409 629 3794 698 Διδυμὸτειχον
3824 631 4061 701 διαϐάσῃ

2480 717 2758 782 διαλλάξαι
2781 720 2908 783 τοὺς
2935 720 3088 782 νέους
3116 720 3389 789 αλλήλοις,
3425 722 3473 772 εί
3504 723 3781 790 δυνηθείη,
3811 722 4061 790 βαθείαις

2480 814 2621 866 τισὶν
2648 813 2907 882 ὑποψίαις
2935 815 3025 868 ἐπ’
3065 817 3328 882 ἀλλήλους
3356 819 3588 886 χρωμέντ
3613 837 3695 881 υς,
3744 816 3954 884 οὐδαμῆ
3998 818 4062 868 τ’)

2484 905 2774 966 ἔνσπονδον
2814 906 3062 959 σύνοικον
3102 911 3494 976 κεκτημέναις.
3547 910 3822 961 λιατοαῖον
3856 907 4063 976 δηλαδὴ

2480 999 2572 1051 τὸν
2609 1000 2722 1052 υἱὸν
2749 1001 2842 1052 καὶ
2876 1000 2964 1052 τόν
2987 1017 3048 1066 γε
3074 1002 3164 1052 επὶ
3198 1000 3429 1069 θυγατρί⁵
3474 1001 3724 1069 γαμϐρὸν
3758 1002 4061 1052 Halmom-

2482 1107 2577 1156 γον
2595 1092 2687 1142 τὸν
2708 1090 2952 1155 βασιλέα,
2981 1093 3469 1162 συμπαρει).ηφυία
3497 1097 3630 1162 πρᾲς
3657 1109 3719 1157 γε
3745 1095 3853 1152 τοῖς
3876 1092 4064 1153 ἄλλοις

2481 1180 2574 1231 καὶ
2632 1178 2741 1233 τῶν
2798 1180 3105 1251 ἀρχιερέων
3162 1160 3254 1234 δύο
3309 1160 3687 1251 συνεκδήμους
3745 1181 4062 1251 μαρτυρίας

2481 1270 2662 1334 ἕνεκα,
2721 1274 2818 1325 καὶ
2862 1273 2980 1339 ἃμα
3024 1274 3313 1340 Ἄγγελον,
3365 1268 3409 1341 ᾧ
3441 1275 3718 1341 καθολικῷ
3749 1275 4064 1343 τηνικαῦτα

2484 1365 2889 1431 συμπέπτωκεν
2906 1362 3051 1418 ἐἶναι
3084 1370 3246 1435 κριτῇ
3269 1382 3282 1395 °
3313 1367 3371 1428 ὃς
3401 1368 3501 1435 τῆς
3525 1367 3778 1435 πατρίδος
3808 1365 4066 1416 ἐντεῦθεν

2482 1455 2686 1519 ἐξιέναι
2722 1455 3007 1522 μέλλοντος
3042 1457 3174 1524 ἐμοῦ
3231 1458 3374 1508 πάνυ
3430 1476 3482 1509 τι
3521 1457 3640 1518 νέος
3664 1455 3731 1524 ἦν
3759 1458 3851 1509 καὶ
3901 1456 4064 1508 οὐπω

2482 1541 2635 1612 οἶμαι
2666 1545 2887 1612 εφηῦος,
2919 1546 2980 1617 [ί.
3017 1547 3115 1600 152
3142 1547 3197 1617 a]
3225 1551 3421 1617 εὐγενῆ
3473 1551 3519 1602 δ’
3552 1553 3698 1618 ὅμως
3730 1551 4064 1619 ὐπεζωγρὲ-

2485 1650 2575 1702 φει
2595 1637 2695 1702 τὴν
2722 1639 2776 1698 ἐς
2805 1636 2996 1703 λόγους
3021 1641 3234 1690 ἐκεῖθεν
3262 1641 3449 1707 φύσιν,
3482 1642 3577 1692 καὶ
3607 1641 3753 1709 μάλα
3781 1640 4066 1707 ἐπαγγελ-

2483 1725 2721 1794 λομένην
2758 1727 2895 1797 προς
2930 1731 3111 1784 πᾶσαν
3145 1731 3345 1800 ἀρετῆς
3379 1731 3523 1783 ἰδέαν
3553 1733 3731 1800 εὐφυᾶ
3765 1733 3858 1784 τὸν
3884 1732 4064 1801 ἄνδρα.

2485 1817 2553 1868 τὰ
2584 1818 2975 1887 συντομώτατα
2999 1825 3388 1891 καταστήσειν.
3421 1823 3639 1885 Πάντας
3670 1825 3779 1892 γὰρ
3810 1825 3921 1876 ὅσοι
3947 1826 4064 1876 τῶν

2487 1906 2605 1973 ἅμα
2642 1908 2790 1978 αὐτῷ
2811 1909 2912 1976 τῆς
2943 1912 3041 1979 σῆς
3070 1913 3259 1978 σφέας
3285 1908 3428 1982 ἦσαν
3467 1914 3604 1975 τέως
3643 1914 3929 1981 ἀκροαταὶ,
3963 1915 4067 1964 καὶ

2486 1997 2595 2050 τῶν
2624 1999 2723 2068 τῆς
2759 2000 2856 2069 σῆς
2884 2001 3233 2063 δ;δασκαλίας
3264 2005 3481 2072 ἐκείνης
3514 2007 3808 2074 κρατήρων
3830 2006 4066 2072 φοιτῶν-

2486 2102 2576 2148 τες
2623 2086 2930 2154 ἁπήλαυον,
3003 2093 3233 2159 μακροῖς
3281 2094 3600 2159 παρήλαυνε
3655 2096 3767 2154 τοῖς
3837 2095 4068 2162 μέτροις

2485 2177 2672 2245 δρόμῳ
2696 2195 2750 2228 τε
2783 2177 3026 2246 γλώττης
3062 2183 3157 2234 καὶ
3177 2181 3416 2242 διανοίας
3449 2183 3691 2253 ὀξύτητι.
3739 2183 3852 2237 Νῦν
3877 2185 3932 2237 δε
3959 2184 4068 2253 τῆς

2489 2268 2706 2334 μακρᾶς
2738 2268 2952 2335 ἐκείνης
2982 2270 3297 2337 ἁτε-ιόημίας
3325 2271 3635 2340 ἀνειληςῖὼς
3673 2273 3927 2340 ἐμαυτὸν,
3958 2273 4067 2341 τῆς

2487 2359 2717 2425 φυσικῆς
2759 2359 2972 2427 ἐκείνης
3003 2363 3332 2428 ἐπαγγελίας
3365 2365 3574 2432 ἀμείνω
3603 2366 3730 2434 περὶ
3771 2367 3862 2417 τὸν
3884 2365 4066 2434 ἄνδρα

2488 2446 2669 2514 βλέπω
2694 2449 2790 2519 τὴν
2822 2452 3058 2521 βλάστην
3112 2453 3206 2505 καὶ
3238 2455 3544 2524 προοιμίων
3594 2457 3826 2508 ἐκείνων
3872 2457 4064 2526 πολλῷ

2486 2540 2557 2591 τὰ
2587 2541 2680 2592 νῦν
2710 2547 3149 2612 συμπεράσματα
3179 2548 3566 2616 κραταιότέραη
3595 2549 3686 2600 Διὸ
3717 2551 3813 2601 καὶ
3839 2550 4021 2617 βασιλι
4043 2579 4063 2588 -

2486 2624 2589 2692 κῆς
2616 2626 2914 2695 ὲγγύτητός
2971 2646 3029 2680 τε
3059 2633 3152 2682 καὶ
3184 2631 3474 2699 εὐμενείας
3526 2634 3735 2695 οὐδενὸς
3767 2636 3876 2687 τῶν
3903 2654 4067 2706 περι-

2485 2713 2754 2782 λαμπρων
2777 2716 2990 2784 ἀνδρῶν
3013 2711 3359 2789 ἐνδεέστερον
3394 2721 3693 2790 μετέχοντα
3722 2721 3932 2790 βλέπων
3961 2724 4062 2777 τδν

2486 2806 2653 2877 ἄνδρα
2675 2808 2921 2877 γέγηοαο
2974 2810 3074 2879 ἠδη
3109 2812 3218 2880 γὰρ
3253 2812 3323 2864 δι’
3355 2813 3560 2883 ἀρετῆς
3596 2815 3920 2881 περιουσίαν
3954 2816 4065 2869 κάν

2489 2899 2675 2964 μέσοις
2703 2902 2816 2961 τοῖς
2841 2899 3137 2967 βατιλείοις
3165 2904 3700 2975 πεπαρῤησιασμένῃ
3737 2908 3804 2974 τῇ
3837 2906 4066 2976 γλώττῃ

2483 2985 2694 3037 διέπειν
2743 2988 2870 3050 τοὺς
2928 2988 3025 3056 τῆς
3077 2989 3383 3053 εὐθυδικίας
3420 2990 3679 3045 τέτακται
3729 2994 3925 3063 νόμους
3959 2994 4065 3047 καὶ

2486 3075 2593 3127 τῶν
2615 3075 2892 3144 δημοσίων
2918 3078 3259 3147 πραγμάτων
3295 3081 3603 3150 οἰκονομεῖν
3636 3084 3691 3134 ἐν
3713 3083 3892 3152 κρίσει
3924 3084 4062 3146 τούς

814 3186 901 3238 dia
933 3185 1145 3239 imbuit.
1201 3185 1544 3251 Quapropter
1589 3183 1754 3237 etiam
1801 3183 1989 3250 regina
2037 3196 2162 3234 cum
2209 3179 2378 3250 Didy-
2409 3166 2489 3266 θ’

2409 3209 2454 3266 c
2485 3165 2678 3232 λόγους
2713 3170 2803 3221 καὶ
2841 3170 2909 3222 τὰ
2937 3170 3264 3240 ψηφίσματα
3289 3187 3304 3201 ·
3325 3167 3406 3234 οἷς
3431 3174 3692 3244 ἁρῤεπεῖς
3720 3175 3815 3225 τὸν
3839 3174 4061 3228 ἅπαντα

817 3278 1114 3330 motichum
1149 3276 1586 3344 proliiisceretur
1624 3291 1745 3328 eum
1792 3276 1893 3329 sibi
1957 3280 2212 3329 comitem
2263 3289 2383 3328 esse

819 3369 990 3421 voluit
1037 3379 1095 3420 ut
1129 3369 1358 3422 auribus
1402 3377 1456 3420 et
1489 3368 1661 3421 oculis
1693 3381 1814 3435 quae
1864 3366 1938 3419 ibi
1981 3365 2299 3419 dicerentur
2328 3373 2385 3419 et

816 3471 1107 3524 agerentur
1139 3460 1457 3512 observaret
1477 3467 1530 3512 et
1550 3472 1766 3510 omnem
1791 3455 1980 3509 arbitri
2005 3454 2383 3508 auctoritatem

820 3547 1065 3601 haberet.
1127 3547 1330 3615 Regina
1384 3556 1568 3600 autem
1613 3561 1740 3599 cum
1793 3559 1860 3598 eo
1911 3544 2154 3598 venisset
2198 3543 2383 3597 omnia

816 3653 1156 3706 quacunque
1206 3637 1272 3689 ad
1324 3635 1765 3704 persuadendum
1822 3633 2103 3702 aptissima
2159 3631 2386 3700 putabat

820 3729 1043 3796 protulit
1092 3739 1147 3781 et
1199 3724 1290 3780 ubi
1344 3727 1582 3793 graviter
1634 3726 1925 3794 objurgare
1976 3725 2028 3776 ei
2079 3738 2185 3776 non
2226 3722 2384 3775 licuit

819 3833 1000 3886 regi-in
1046 3819 1301 3886 juvenem
1335 3822 1510 3870 amice
1546 3832 1608 3870 ac
1657 3815 1868 3884 placide
1922 3814 2172 3868 tractavit
2226 3816 2296 3867 ita
2327 3813 2387 3867 ut

821 3909 1011 3961 matris
1037 3922 1188 3960 more
1216 3907 1618 3974 quodaminodo
1657 3921 1781 3960 eum
1821 3907 2221 3975 objurgaverit.
2279 3903 2385 3957 Vo-

820 3999 919 4052 lnit
953 4009 1156 4059 autem,
1192 4009 1250 4050 ut
1291 4014 1502 4050 summa
1555 3997 1808 4057 referam,
1844 3997 2060 4050 lmece:
2095 4008 2154 4048 nt
2187 3995 2387 4048 Pulmo-

822 4089 975 4157 logus
994 4104 1162 4156 gener
1188 4099 1243 4139 et
1269 4103 1359 4139 rex
1391 4103 1486 4139 sua
1516 4098 1708 4154 Sponte
1739 4087 1921 4139 uxoris
1953 4087 2102 4139 fratri
2136 4086 2386 4138 Mattlneo

820 4181 1063 4248 regionis
1092 4183 1160 4231 ab
1201 4179 1483 4232 Orestiadc
1522 4195 1694 4246 usque
1729 4179 1794 4230 ad
1823 4178 2020 4245 Bizyen
2056 4178 2386 4246 pertinentis

823 4284 928 4321 una
967 4285 1092 4322 cum
1135 4270 1267 4322 locis
1297 4280 1348 4321 et
1397 4269 1629 4322 urbibus
1662 4268 1730 4319 ab
1779 4276 2009 4334 utraque
2045 4276 2197 4333 parte
2238 4264 2383 4324 sitis,

822 4373 1089 4412 summam
1125 4367 1447 4424 potestatem
1471 4358 1823 4417 concederet,
1857 4359 1971 4424 ipse
1995 4364 2176 4408 autem
2212 4355 2387 4423 regio-

820 4468 943 4505 nem
978 4469 1005 4503 a
1050 4449 1428 4519 Didymoticho
1459 4464 1632 4516 usque
1682 4448 1747 4500 ad
1781 4445 2233 4499 Thessalonicam
2284 4446 2384 4497 ad-

2486 3261 2678 3327 xvaov
2715 3262 2809 3312 καὶ
2835 3260 3012 3329 πάντη
3036 3262 3449 3332 ἁκαπηλεύτους
3483 3265 3581 3328 τὰς
3609 3266 3709 3334 τῆς
3734 3265 3888 3336 δίκης
3920 3267 4066 3319 ἐπά-

2485 3367 2597 3418 γων
2651 3353 2987 3420 πλάστιγγας
3048 3355 3230 3424 Θαῦμα
3265 3355 3342 3424 τῷ
3390 3356 3490 3425 βίῳ
3538 3357 3748 3426 γίνεται
3804 3359 3991 3426 μεῖζον
4020 3358 4060 3427 ἢ

2486 3442 2629 3495 κατὰ
2658 3443 2836 3498 πάντα
2880 3446 3088 3499 δίκαιον
3126 3448 3486 3519 Ἀριστείδην,
3533 3451 3626 3504 καὶ
3665 3453 3833 3504 πᾶσιν
3859 3449 4058 3513 ἁπλῶς

2489 3535 2841 3604 περιλὰλημα
2893 3538 3212 3591 καθίσταται
3263 3542 3580 3610 κράτιστον,
3634 3542 3731 3612 οὐχ
3759 3543 4061 3612 ὁμοφύλοις

2492 3628 2671 3690 μόνον,
2728 3629 2845 3680 ἀλλ’
2889 3629 2991 3697 ἤδη
3031 3631 3122 3682 καὶ
3158 3632 3213 3692 ἐς
3243 3633 3327 3689 τε
3365 3633 3623 3701 περίοικα
3673 3633 3782 3685 τῶν
3810 3633 3983 3686 ὲΟνῶν
4021 3637 4062 3703 ὴ

2489 3717 2648 3784 φήμη
2697 3715 3014 3784 διέδραμεν,
3041 3717 3317 3785 ἀκήρατον
3359 3719 3604 3786 φέρουσα
3635 3721 3695 3772 τὲ
3728 3723 3923 3786 σεμνὸν
3956 3724 4074 3787 τῆς

2489 3805 2693 3866 αἰδοῦς.
2730 3806 2918 3876 Καὶδὴ
2948 3807 3120 3860 ταῦτα
3154 3810 3242 3859 καὶ
3275 3810 3609 3879 συνέκδημον
3655 3812 3687 3878 ἡ
3737 3811 3950 3879 βασιλὶς
3999 3815 4062 3874 ἐς

2489 3897 2865 3966 Διδυμότειχον
2896 3899 3062 3968 ἑαυτῇ
3091 3900 3347 3963 γενέσθαι
3386 3901 3493 3952 τῶν
3521 3902 3645 3954 καθ’
3665 3903 3830 3956 αὐτὸν
3857 3922 4061 3974 προτεο

2488 3991 2746 4060 τίμηκεν,
2777 3991 2850 4054 ὡς
2876 3993 3138 4061 αὐτήκοος
3171 3996 3270 4045 καὶ
3299 3995 3579 4062 αὐτόπτης
3624 3999 3741 4046 ἐκεῖ
3764 3998 4060 4063 γενόμενος

2489 4085 2582 4137 καὶ
2611 4084 2769 4146 αὐτὸς
2796 4085 2905 4136 τῶν
2939 4102 2997 4136 τε
3047 4087 3108 4156 δὴ
3161 4087 3577 4156 λεχθησομένων
3613 4090 3706 4140 καὶ
3739 4091 4060 4157 πραχἿησι-

2494 4177 2672 4244 μένων
2696 4177 2908 4238 γένοιτο
2931 4178 3025 4227 καὶ
3070 4177 3277 4246 μάρτυς
3328 4180 3790 4249 ἀπαράγραπεος.
3843 4182 4060 4231 Ἐκείσε

2489 4266 2666 4318 τοίνυν
2690 4267 2720 4335 ἡ
2747 4267 2955 4334 βασιλὶς
2979 4270 3248 4337 γενομένη
3277 4270 3431 4322 πάντ’
3457 4271 3643 4336 ἔλεγεν
3671 4268 3749 4332 οἷς
3779 4289 3836 4322 τε
3864 4275 4062 4338 ἐμφωο

2490 4352 2668 4403 λεύειν
2721 4353 2936 4405 ὑπενόει
2988 4354 3087 4418 τὴν
3117 4356 3208 4406 τοῦ
3261 4357 3471 4409 πείθειν
3505 4360 3679 4427 ίτχὺν,
3714 4361 3808 4411 καὶ
3845 4356 3924 4422 οἷς
3956 4362 4061 4413 οὐκ

2491 4442 2802 4511 ἐφεδρεύειν
2831 4441 2940 4511 εἶχε
2974 4445 3295 4513 σκυΟρωπὶν
3339 4449 3516 4512 οὐδὲν,
3539 4451 3647 4500 τῶν
3682 4454 4064 4520 ἐπιτιμήσεων

822 4542 1236 4596 ministrandam
1267 4541 1595 4608 susciperet,
1654 4540 1888 4605 reliquas
1917 4553 2105 4590 omnes
2138 4538 2388 4604 regiones
2417 4539 2465 4594 Ι)
2491 4535 2497 4561 "

2384 4569 2388 4582 .
2417 4539 2465 4594 ι)
2491 4533 2698 4601 ἥμερόν
2727 4551 2847 4585 τινα
2877 4536 3078 4604 τρόπον
3114 4537 3497 4606 ὲνδεικνυμένη
3548 4538 3626 4609 τῷ
3650 4542 3753 4610 νέῳ
3806 4545 3903 4611 τὴν
3934 4545 4059 4611 ἡλι-

822 4649 930 4685 una
959 4647 1083 4686 cum
1123 4633 1268 4699 regia
1311 4641 1577 4699 potestate
1621 4631 1906 4697 utriusque
1934 4637 2088 4696 pater
2115 4627 2386 4680 (iantacu-

823 4739 992 4778 zenus
1019 4723 1322 4792 possideret
1348 4735 1519 4788 usque
1547 4721 1612 4773 ad
1647 4720 1880 4782 obitum,
1941 4719 2140 4773 deinde
2186 4719 2383 4770 l‘ala-o-

825 4814 977 4882 logns
1028 4813 1192 4880 hujus
1249 4812 1462 4880 imperii
1519 4825 1806 4863 successor
1836 4810 2012 4863 fieret.
2093 4809 2167 4861 'l‘e
2199 4807 2382 4867 igitur,

822 4905 984 4963 dixit.
1019 4912 1237 4971 oportet
1257 4901 1640 4955 Cantacnzeno
1671 4913 1928 4967 tanquam
1965 4899 2124 4968 154
2158 4900 2295 4966 patri
2328 4908 2383 4950 et

822 4993 1132 5061 reipublicm
1150 5009 1250 5046 usu
1280 4992 1474 5044 edocto
1497 5000 1690 5041 cuncta
1710 4989 2017 5042 committas
2038 4999 2092 5040 et
2117 4990 2167 5039 in
2195 4988 2384 5054 primis

822 5088 1024 5153 regiam
1089 5092 1410 5151 potestatem
1463 5093 1524 5133 ut
1574 5082 1786 5132 labores
1857 5080 1948 5131 tibi
2003 5078 2308 5140 minucrit,
2339 5077 2382 5128 si

823 5175 1042 5242 quando
1097 5174 1211 5241 ipse
1237 5172 1300 5224 ad
1355 5186 1534 5224 rerum
1567 5171 1994 5235 gubernaculum
2037 5170 2294 5230 accedas,
2331 5178 2385 5219 cl.

824 5269 1142 5337 priusquam
1177 5267 1293 5332 ipse
1321 5279 1503 5316 reruni
1544 5265 1732 5316 tUrbas
1783 5262 2038 5328 degustes
2084 5278 2176 5313 eas
2213 5276 2386 5326 quan-

824 5369 938 5414 tum
975 5357 1089 5409 ﬁeri
1127 5357 1300 5422 potuit
1329 5354 1422 5407 tibi
1455 5353 1742 5406 ordinarit.
1790 5352 1909 5404 Noli
1946 5352 2110 5417 igitur
2147 5365 2384 5418 unquam

825 5458 914 5500 tua
949 5448 1192 5516 pericula
1234 5457 1444 5498 vertere
1479 5445 1531 5498 in
1576 5444 1669 5497 lilii
1706 5459 1929 5511 regnum
1962 5441 2110 5508 quod
2165 5451 2383 5507 propter

823 5538 1134 5592 aliinitatcm
1159 5537 1543 5590 ciconeessum
1572 5545 1677 5589 est.
1721 5534 1861 5599 Quid
1887 5534 2055 5594 enim,
2084 5543 2136 5584 tn
2164 5533 2256 5599 qui
2280 5547 2386 5583 una

824 5647 948 5683 cum
981 5638 1153 5682 matre
1177 5630 1230 5681 in
1255 5644 1378 5679 enin
1416 5628 1684 5681 hostiliter
1711 5625 2268 5694 egisti,nihilominus
2303 5634 2382 5676 ta-

827 5737 948 5772 nien
987 5735 1271 5788 postquam
1303 5719 1602 5772 secundum
1635 5718 1761 5771 belli
1809 5717 1956 5784 leges
1988 5718 2040 5768 in
2083 5715 2385 5767 custodiant

825 5811 1375 5879 dnclus,tictHqutte
1412 5810 1688 5881 inopinato
1741 5809 2006 5863 liberatus
2061 5823 2149 5875 cs,
2203 5807 2268 5860 ab
2322 5822 2386 5862 (ευ

2496 4626 2619 4677 κίαν
2651 4625 2878 4693 βασιλεῖ,
2933 4629 3207 4696 μητρικὴν
3250 4631 3550 4696 εἰσάγουσα
3612 4653 3727 4694 πως
3774 4637 3922 4704 αὐτῴ
3960 4637 4064 4706 τὴν

2495 4720 2834 4787 παραίνεσιν.
2867 4719 2949 4772 Τὰ
2975 4721 3030 4772 δὲ
3053 4718 3142 4791 ἦν,
3169 4721 3244 4783 ὠς
3267 4724 3325 4773 ἐν
3359 4725 3640 4794 κεφαλαίῳ
3665 4727 3849 4792 φάναι,
3882 4745 4066 4797 1:va-

2494 4810 2690 4876 χωρεῖν
2714 4809 2804 4860 τὺν
2822 4810 3068 4880 γαμϐρὸν
3091 4813 3184 4863 καὶ
3211 4814 3436 4880 βασιλέα
3467 4815 3832 4880 "alato/dmi;
3865 4820 4021 4871 ὲκόντ
4037 4841 4064 4870 α

2493 4896 2757 4964 Ματθαίῳ
2786 4896 2863 4964 τῷ
2896 4900 3306 4967 γυναικαδέλφῳ
3338 4901 3436 4969 τὴν
3468 4902 3525 4965 ἐξ
3561 4905 3902 4973 ὐρεστιάδος
3929 4907 4062 4974 ἄχρι

2496 4988 2690 5055 Βιζύης
2726 4990 2861 5055 μετὰ
2887 5005 2947 5056 γε
2977 4991 3084 5041 τῶν
3109 4991 3451 5061 ἑκατέρωθεν
3475 4996 3692 5061 χωρίων
3717 4997 3808 5044 καὶ
3849 4998 4064 5049 πόλεων

2495 5079 2598 5144 γῆν
2630 5078 2910 5146 αὐτονόμῳ
2941 5079 3200 5146 νέμεσθαι
3255 5081 3567 5149 δεσποτεία,
3607 5082 3770 5132 ait)»;
3828 5083 3873 5134 δ’
3913 5084 4063 5150 ἔχειν

2494 5170 2588 5237 τὴν
2638 5173 2701 5221 ὲκ
2765 5170 3143 5237 Διδυμοτείχου
3197 5172 3359 5240 μέχρι
3403 5172 3823 5239 Θεσσαλονλης,
3881 5176 4059 5227 τὸνδε

2497 5261 2669 5310 κοινὸν
2714 5263 2916 5326 ἀμ’ρςῖν
2973 5263 3181 5328 πατέρα
3214 5263 3664 5330 Ιίαντακουζηνὸν
3693 5264 3781 5314 τὸν
3823 5265 4061 5331 βασιλέα

2495 5348 2562 5396 τὰ
2584 5347 2879 5413 λειπόμενα
2904 5353 3037 5414 μετα
3074 5348 3133 5417 μ’.
3170 5351 3270 5401 ’ίῦὲ
3304 5349 3356 5418 bj
3396 5350 3492 5417 τῆς
3527 5349 3916 5421 βασιλευούσης
3948 5356 4060 5406 τῶν

2496 5438 2700 5489 πόλεων
2734 5445 2894 5505 μέχρι
2933 5441 3202 5508 τελευτῆς,
3240 5443 3324 5490 ὅτε
3354 5443 3448 5492 καὶ
3501 5443 3682 5494 αὐτῶν
3717 5445 4062 5515 κληρονόμον

2495 5532 2677 5598 ἐντελῆ
2711 5532 2804 5580 καὶ
2835 5531 3076 5599 διαδοχον
3111 5533 3292 5596 μέλλει
3349 5550 3407 5584 σε
3458 5534 3829 5598 καταλεψειν.
3867 5538 4062 5603 Χρεδιν

2494 5623 2537 5674 δ’
2570 5619 2704 5674 εἷναί
2757 5639 2815 5673 σε
2866 5625 3102 5683 παντως,
3143 5624 3348 5692 ἔλεγεν,
3381 5628 3478 5676 6n
3522 5630 3616 5680 καὶ
3667 5631 3835 5696 πατρὶ
3869 5628 3966 5679 καὶ
3994 5633 4061 5697 τῇ

2495 5715 2599 5765 τὼν
2655 5718 2996 5783 πραγμάτων
3055 5718 3453 5786 ἐγγεγηρακότι
3512 5721 3715 5789 πείρα,
3782 5721 4065 5772 πιστεύειν

2497 5805 2642 5874 cur}:
2671 5808 2733 5861 τά
2765 5823 2816 5858 τε
2855 5807 2986 5861 ἄλλα
3017 5810 3107 5860 καὶ
3134 5811 3230 5876 τὴν
3258 5808 3349 5861 τοῦ
3374 5808 3662 5879 βασιλικηῦ
3707 5812 3821 5881 βίον
3856 5812 4064 5880 κνδῑρο
