4242 6342
781 396 884 464 139

1988 393 2403 459 NICEPHORI
2440 393 2823 454 GREGORE

3931 395 4034 464 140

779 514 1082 582 mitigando
1155 517 1392 566 mutaret
1479 508 1963 566 vehementissime
2048 509 2426 578 increpuit.A

2381 514 2426 567 Α
2459 510 2580 559 σίαν
2627 505 2864 560 ἐνταῦθά
2925 523 3040 569 πως
3089 506 3418 575 ἐφιλονείκει
3475 509 3788 578 μιμεῖσθαι,
3842 515 3901 566 τδλ
3927 516 4030 582 τῆς

779 605 913 661 Nam
945 615 1101 671 turpe
1129 616 1251 656 esse
1277 602 1415 656 dixit
1440 602 1484 656 si
1528 603 1642 668 ipse
1676 601 1768 669 qui
1803 603 2070 656 continuo
2100 611 2180 656 tot
2213 601 2350 654 civi-

777 697 878 748 bus
905 694 1106 748 caedem
1146 702 1363 760 pararet
1405 689 1638 743 Hecuba:
1681 701 1734 742 et
1771 691 2056 757 Polyxena:
2084 691 2352 759 lacrymas

774 783 1060 838 effundere
1093 784 1392 836 videretur.
1423 779 1580 845 Quod
1606 791 1914 834 monstrum
1947 781 2129 833 infelix
2168 795 2352 848 mega-

772 874 974 943 lopolis
1005 873 1137 924 urbs
1174 871 1276 924 sibi
1305 870 1588 934 educavit,
1620 885 1798 938 neque
1844 869 2103 937 ignorans
2135 867 2347 934 pridem

773 974 1075 1025 cantatum,
1108 962 1350 1015 ultimam
1383 961 1596 1014 ruinam
1620 969 1674 1013 et
1705 960 1873 1027 ipsius
1903 967 1956 1011 et
1985 960 2201 1027 pietatis
2229 973 2351 1013 esse

777 1059 897 1123 ejus
927 1071 960 1105 κ
991 1053 1228 1105 litteram
1260 1053 1612 1119 duplicatam.
1653 1049 1834 1114 Quare
1877 1051 1920 1104 si
1948 1051 2074 1119 quis
2114 1059 2348 1103 matrem

779 1161 953 1198 meam
1003 1160 1124 1212 qua:
1158 1143 1262 1196 hoc
1298 1151 1539 1211 tempore
1574 1141 1776 1194 similia
1811 1153 2151 1211 perpetraret
2190 1159 2350 1194 arcu-

777 1251 901 1289 sare
936 1235 1088 1298 velit,
1108 1249 1216 1287 non
1245 1232 1504 1295 huic,sed
1540 1231 1616 1284 illi
1649 1233 1865 1300 culpam
1898 1233 2162 1285 attribuat
2189 1248 2352 1299 opor-

777 1328 939 1380 tebit.
971 1328 1070 1379 Hic
1095 1325 1242 1378 enim
1279 1325 1606 1394 injuriarum
1643 1324 1878 1391 cupidus
1903 1323 2049 1392 leges
2085 1324 2347 1388 violavit;

778 1421 868 1472 illa
894 1433 1022 1472 vero
1051 1425 1241 1471 contra
1270 1433 1396 1470 cum
1431 1433 1487 1470 se
1507 1416 1752 1469 defendit
1784 1424 1843 1468 ut
1878 1415 2168 1469 infantium
2197 1425 2350 1484 patre

774 1513 1036 1565 orborum
1064 1513 1226 1563 vitam
1257 1521 1589 1579 protegeret,
1613 1509 2077 1576 quemadmodum
2097 1508 2350 1561 columba

776 1604 957 1670 pullos
999 1603 1240 1656 custodit
1273 1612 1469 1676 iioctu,
1505 1614 1614 1667 quo
1645 1610 1892 1667 tempore
1944 1614 2072 1652 aves
2123 1612 2350 1667 rapaces

776 1696 1076 1759 pnedatum
1108 1693 1395 1746 evoltant.
1424 1691 1632 1756 Quodsi
1663 1691 1756 1759 qui
1791 1692 1857 1744 de
1889 1689 2157 1760 ejusmodi
2185 1688 2349 1742 rebus

777 1787 1225 1854 rectius-queunt
1245 1784 1516 1853 judicare,
1537 1782 1692 1850 sequi
1711 1795 1927 1849 aequum
1958 1789 2062 1843 est,
2089 1779 2343 1848 equidem

2455 599 2704 667 καρδίας,
2732 598 2806 660 ὡς
2842 598 3008 661 ἔοικε,
3054 599 3322 667 Θηριῶδες
3356 601 3540 654 ἀσκῶν
3580 603 3673 655 καὶ
3711 605 4028 672 γυμνάζων,

2458 688 2531 757 μὴ
2563 689 2700 760 λάθῃ
2733 691 2831 759 τὴν
2851 687 2965 754 ἕξιν
2991 689 3085 758 ὀψὲ
3126 691 3449 761 διαφθεῖραν
3480 695 3577 763 τῆς
3608 695 3846 762 φύσεως.
3867 699 4028 752 Τοῦτ’

2453 779 2628 832 ἐκεῖνο
2667 782 2874 849 σχεδῖιν,
2916 783 3056 835 ὀκνῶ
3086 785 3196 852 γὰρ
3254 785 3467 838 ἐκείνου
3526 787 3728 854 λέγειν,
3765 789 4026 842 ἐπέκειαα

2452 870 2546 922 τοῦ
2577 871 2685 924 τῶν
2714 873 2961 942 Φεραίων
2993 875 3160 928 πάλαι
3185 878 3473 945 τυράννου,
3495 878 3552 941 ὃς
3572 881 3850 950 τραγῳδοῦ
3881 898 4028 942 τινος

2454 963 2706 1031 ἐμμελῶς
2745 965 2832 1016 ἐπ’
2882 965 3049 1016 αὑτοῦ
3113 967 3366 1034 Τρωϊκὰς
3422 968 3708 1037 συμφορὰς
3756 971 4024 1031 ἐπιόντος.

2453 1055 2641 1124 ἐπειδὴ
2672 1056 2806 1124 πρὸς
2842 1055 2900 1107 τὸ
2935 1055 3106 1118 πάθος
3156 1057 3353 1126 ᾔσθετο
3387 1060 3754 1127 χαυνούμενος
3788 1061 3886 1128 τὴν
3915 1061 4024 1128 ψυ-

2453 1146 2553 1216 χὴν
2579 1147 2836 1217 καθάπερ
2860 1147 3022 1216 ἐλαίῳ
3048 1147 3163 1214 σίδη
3176 1164 3287 1218 ρος,
3325 1149 3633 1219 άνεπήδησέ
3660 1167 3720 1202 τε
3747 1151 3906 1212 εὐθὺς
3930 1153 4025 1203 καὶ

2453 1238 2544 1288 τὸν
2599 1239 2874 1306 τραγῳδὸν
2933 1239 3142 1308 ἰταμῶς
3179 1239 3522 1309 ἐλοιδόρησεν
3574 1243 3656 1295 ὃτι
3688 1242 3754 1311 δὴ
3780 1242 3879 1313 τὴν
3909 1243 4026 1309 ἕξιν

2453 1328 2615 1380 αὐτοῦ
2644 1328 2740 1396 τῆς
2762 1327 2939 1396 ψυχῆς
2989 1327 3263 1396 ἐμάλαξεν
3309 1329 3560 1382 ὁπωσοῦν
3616 1329 3893 1398 μεταθεὶς,
3932 1332 4020 1390 αξ-

2453 1418 2616 1488 σχρδν
2648 1415 2788 1471 εἶναι
2816 1420 2994 1487 φήσας
3016 1421 3063 1470 εί
3091 1419 3381 1482 τοσούτους
3407 1421 3772 1488 ἀποσφάττων
3810 1423 3898 1474 ἀεὶ
3926 1439 4028 1472 πῖ-

2451 1509 2622 1571 λίτας,
2673 1511 2785 1568 τοῖς
2835 1509 2936 1576 τῆς
2985 1509 3222 1578 Ἑκάϐης
3281 1513 3375 1563 καὶ
3413 1510 3715 1581 Πολυξένης
3769 1512 4028 1580 δακρύων

2453 1601 2675 1669 Θρήνοις
2718 1600 2934 1669 ὀφθείη.
2967 1602 3220 1656 Τοιοῦτον
3270 1607 3303 1672 ἠ
3334 1605 3605 1672 δυστυχὴς
3661 1605 4026 1672 μεγαλόπολις

2453 1689 2574 1742 καθ’
2606 1690 2805 1759 ἑαυτῆς
2861 1689 3152 1760 ἐξέθρεψεν
3183 1692 3493 1761 ἄνθρωπον,
3528 1692 3626 1744 καὶ
3668 1693 3820 1744 ταῦτ’
3850 1693 4028 1744 εἰδυῖα

2452 1781 2735 1850 πόρρωθεν
2773 1780 3030 1850 ᾀδόμενον
3058 1781 3295 1850 ἐσχάτην
3330 1783 3612 1836 ἀπώλειαν
3644 1781 3816 1850 αὐτῆς
3840 1783 3886 1834 θ’
3906 1785 4027 1850 ᾰμα

779 1877 894 1929 hmc
933 1875 1048 1945 ipsa
1097 1876 1267 1928 Deum
1319 1881 1378 1925 ut
1428 1873 1678 1926 miserias
1725 1871 1776 1924 ei
1822 1871 2064 1923 mitteret
2109 1870 2343 1922 movisse
2377 1845 2454 1904 Βι

2377 1845 2419 1904 Β
2452 1875 2544 1924 και
2579 1872 2857 1933 εὐσεϐείας
2912 1875 3178 1943 ὑπάρχειν
3227 1877 3396 1944 αὐτῆς
3442 1876 3502 1926 τὸ
3550 1893 3584 1927 κ
3642 1877 3906 1944 στοιχεῖον
3950 1875 4029 1926 δι-

780 1968 939 2022 facile
981 1966 1328 2029 contendam,
1364 1979 1552 2034 pinnas
1578 1963 1703 2017 dico
1737 1970 1964 2032 prepter
1998 1961 2139 2030 regis
2163 1960 2347 2015 libidi-

781 2074 930 2123 nem,
958 2073 1081 2111 cum
1130 2057 1275 2111 Deus
1300 2072 1368 2109 ne
1401 2055 1684 2109 minimam
1712 2052 1935 2121 quidem
1980 2052 2248 2106 maculam
2280 2051 2348 2106 iis

775 2165 914 2218 quos
950 2150 1053 2202 sibi
1085 2149 1248 2218 elegit
1293 2147 1443 2216 infigi
1483 2147 1744 2216 patiatur.

2455 1960 2758 2028 πλούμενον
2777 1977 2789 1992 ·
2825 1961 2966 2014 ὥστε
2993 1965 3087 2014 καὶ
3123 1962 3178 2014 εί
3201 1979 3282 2026 τις
3314 1965 3734 2033 παρασυρείσαν
3761 1969 3859 2033 τὴν
3882 1967 4026 2032 ἐμὴν

2450 2054 2703 2122 ἐγκαλεῖν
2727 2053 2838 2122 ἔχοι
2869 2055 3083 2124 μητέρα
3110 2057 3455 2125 παραπλήσι’
3484 2056 3620 2109 ἄττα
3675 2059 4027 2126 πεπραχυῖαν

2447 2144 2526 2214 τῷ
2564 2146 2866 2214 τηνικαῦτα
2902 2147 3102 2216 καιρῷ,
3131 2148 3232 2200 οὐκ
3249 2147 3489 2216 ἐκείνην,
3515 2148 3631 2200 ἀλλ’
3661 2148 3824 2200 αὑτὸν
3846 2148 4030 2199 αἰτιᾶ-

777 2243 901 2297 σθαι
932 2241 1140 2312 χρεών·
1171 2243 1199 2294 ὁ
1232 2243 1331 2310 μὲν
1358 2243 1467 2310 γὰρ
1530 2243 1598 2295 τά
1659 2241 1917 2311 ἀλλότρια
1984 2237 2166 2315 ζητῶν
2206 2239 2538 2310 παρηνόμει,
2573 2242 2606 2310 ἡ
2644 2241 2688 2294 δ’
2723 2241 2962 2310 ἠμύνετο
3001 2242 3249 2306 ἐπιόντα,
3283 2244 3472 2312 τηρεῖν
3519 2244 3855 2312 ἐπειγομένη
3903 2246 4025 2307 τοῖς

776 2337 1030 2406 ὀρφανοῖς
1087 2337 1300 2398 τέκνοις
1357 2336 1418 2388 τὸ
1477 2337 1595 2405 ζῇν,
1656 2334 1906 2404 καθάπερ
1941 2332 2162 2404 τρυγὼν
2212 2334 2341 2396 τοὺς
2383 2334 2588 2404 ἑαυτῆς
2653 2335 3142 2403 νυκτοφυλακοῦσα
3203 2336 3378 2389 διέπει
3407 2339 3660 2401 νεοττοὺς
3703 2337 4026 2407 ἀλλοφύλων

776 2429 1039 2480 ἐπιόντων
1067 2429 1269 2496 ὀρνέων
1332 2426 1546 2488 νυκτός.
1616 2426 1677 2477 Ei
1741 2425 1797 2477 δὲ
1827 2425 1923 2476 καὶ
1962 2418 2041 2486 οἷς
2088 2423 2318 2490 περὶτὰ
2345 2425 2567 2477 τοιαῦτα
2605 2424 2975 2496 συνετώτερον
3005 2424 3186 2477 ἔπεισι
3235 2428 3445 2496 κρίνειν
3479 2427 3765 2482 πείθεσθαι
3809 2428 4024 2484 δίκαιον

776 2520 840 2592 [ι.
868 2521 970 2574 155
994 2521 1050 2591 a]
1103 2522 1209 2590 εἴη,
1242 2521 1398 2573 ταῦτ’
1432 2518 1570 2572 εἶναι
1598 2518 1980 2588 διατειναίμην
2041 2517 2204 2584 ἔγωγ’
2267 2517 2333 2569 ἂν
2373 2517 2408 2570 ά
2445 2517 2534 2569 τὸν
2561 2517 2692 2569 Θεὸν
2722 2520 2801 2581 εἰς
2826 2519 3074 2584 ἀνάγκας
3097 2521 3417 2587 ἐπενεγκεῖν
3444 2521 3567 2575 κατ’
3593 2523 3762 2592 αὐτῆς
3786 2523 4016 2593 ἠρέθισε

773 2614 833 2666 τὸ
867 2616 1009 2681 μέγα
1034 2613 1202 2674 πάθος
1232 2615 1425 2676 ἐκεῖνο,
1479 2613 1577 2680 τὴν
1608 2612 1705 2682 τῆς
1742 2609 2034 2682 βασιλικῆς
2089 2608 2336 2672 ἐξουσίας
2372 2612 2517 2679 φημὶ
2553 2611 2781 2680 ζημίαν,

781 2709 952 2778 μύσος
985 2711 1097 2770 τοῖς
1127 2709 1402 2769 ἐκλεκτοῖς
1432 2707 1920 2776 προστριϐόμενον.

850 2803 990 2855 XXI.
1013 2802 1170 2870 162
1197 2800 1300 2853 Sed
1337 2800 1584 2869 profecto
1613 2800 1714 2853 hoc
1741 2815 1906 2852 unum
1929 2799 2100 2866 patris
2125 2798 2229 2851 mei
2253 2797 2347 2851 im-

777 2895 910 2964 perii
939 2894 1292 2962 rupiditatem
1321 2893 1440 2960 ejus
1468 2907 1572 2960 qua
1597 2892 1708 2962 jam
1736 2892 1906 2944 multo
1939 2901 2066 2944 ante
2097 2891 2345 2961 ﬂagrarat

775 2988 935 3042 nobis
957 2988 1093 3039 satis
1113 2985 1432 3046 declaravit,
1456 2993 1712 3051 tanquam
1736 2984 2028 3037 scintillam
2057 2982 2195 3052 ignis
2215 2997 2245 3036 e
2269 2981 2348 3036 ci-

774 3095 904 3132 nere
919 3079 1236 3132 elucesccus
1255 3076 1661 3142 llamma,vento
1676 3076 2039 3144 undecunque
2052 3075 2345 3128 excitante.

776 3171 984 3224 Deinde
1015 3184 1140 3222 cum
1185 3168 1449 3238 Bithynia:
1479 3178 1757 3236 satrapam
1792 3165 2103 3236 Hyrcanum
2151 3166 2345 3220 barba-
2369 3199 2414 3259 ο

776 3278 961 3315 roruin
1004 3261 1200 3314 ducem
1244 3267 1514 3327 quotquot
1545 3274 1714 3327 usque
1745 3258 1811 3310 ad
1851 3273 1999 3310 mare
2036 3257 2218 3310 Asiam
2251 3257 2343 3309 ha-

780 3356 978 3419 bitant,
1013 3353 1157 3407 haud
1194 3351 1385 3421 proeul
1418 3351 1548 3404 sede
1579 3352 1721 3421 regia
1769 3352 1840 3403 ita
1876 3359 1934 3402 ut
1976 3350 2148 3403 ferme
2182 3349 2344 3417 quiu-

716 3494 723 3502 .
775 3446 952 3499 decim
1007 3443 1308 3497 stadiorum
1373 3441 1665 3495 intervallo
1726 3441 1965 3503 abesset,
2010 3439 2342 3492 commorari

775 3534 1098 3602 accepisset,
1141 3532 1375 3584 barbaro
1418 3531 1546 3584 huic
1591 3531 1752 3583 filiam
1791 3530 1939 3584 misit
1972 3540 2026 3582 et
2068 3530 2123 3583 in
2155 3528 2344 3582 matri-

778 3629 1022 3677 monium
1063 3622 1246 3685 dedit,
1305 3629 1364 3673 ut
1401 3635 1498 3688 per
1550 3619 1697 3673 hunc
1731 3620 1967 3672 celerius
2015 3629 2070 3673 et
2127 3619 2343 3672 facilius

776 3715 1152 3784 exstingueret
1206 3712 1550 3765 Christianos
1606 3712 1790 3781 potius
1839 3726 2000 3778 quam
2053 3721 2111 3762 ut
2165 3710 2344 3778 Lydis:

779 3807 933 3858 illum
973 3813 1247 3870 satrapam
1287 3801 1618 3870 longinquas
1645 3808 1821 3853 terras
1848 3809 1903 3852 et
1935 3815 2059 3852 oras
2090 3799 2341 3853 habitan-

779 3907 888 3950 tem
941 3894 1260 3948 debellaret.
1294 3891 1434 3956 Quid
1489 3890 1722 3945 referam
1773 3907 1892 3959 quae
1935 3891 2142 3945 interea
2187 3891 2344 3945 facta:

779 3988 891 4040 sint
921 3985 1258 4038 calamitates
1298 3992 1354 4036 et
1399 3991 1601 4051 quanta
1633 3983 1878 4048 pericula
1927 3982 2016 4036 ille
2071 3985 2344 4051 paraverit

777 4093 904 4133 cum
940 4077 1300 4130 Barbarorum
1334 4074 1521 4142 copias
1567 4074 1619 4126 in
1654 4073 1929 4127 Romanos
1960 4073 2343 4127 contraheret?

778 4170 893 4233 Qua
941 4183 1000 4220 re
1045 4165 1271 4219 consilia
1319 4178 1417 4216 sua
1471 4162 1686 4231 tegebat
1720 4165 1980 4215 continuo
2015 4162 2345 4230 superbiens

779 4269 828 4309 et
865 4257 1013 4308 brevi
1051 4269 1108 4306 se
1140 4261 1368 4304 cunctas
1397 4251 1766 4304 Romanorum
1801 4233 1975 4305 terras
1998 4262 2343 4306 vastaturum

781 4365 902 4401 οδεε
925 4349 1159 4414 jactans.
1193 4345 1326 4397 Nam
1369 4360 1425 4396 re
1460 4357 1584 4395 vera
1621 4345 1755 4396 mihi
1786 4345 2014 4398 insidias
2045 4345 2257 4413 paravit
2288 4355 2343 4398 et

778 4443 984 4494 cladem
1015 4439 1228 4491 cunctis
1261 4437 1610 4491 Christianis.
1651 4438 1840 4499 Itaque
1890 4453 2013 4490 cum
2056 4437 2146 4490 Dei
2185 4441 2340 4490 auxi-

2856 2612 2956 2664 ούκ
3021 2613 3349 2681 ἀνεχομένου
3376 2613 3595 2684 βλέπειν
3615 2615 3726 2668 οὐδ’
3761 2615 4024 2670 ἀκούσιον

2518 2794 2649 2848 KA'.
2697 2793 2839 2846 Ἀλλ’
2871 2794 2930 2846 ἓν
2982 2795 3082 2863 μὲν
3134 2795 3198 2865 δὴ
3230 2794 3390 2849 τοῦτο
3433 2797 3639 2868 δέδειχε
3701 2803 3886 2869 σαφῶς
3917 2806 4023 2873 τὴν

2446 2887 2618 2940 πάλαι
2671 2885 3061 2955 κρυπτομένην
3119 2887 3175 2939 ἐν
3202 2891 3268 2957 τῇ
3297 2889 3491 2942 τούτου
3541 2889 3690 2962 ψυχῇ
3743 2895 3883 2946 κατὰ
3917 2900 4023 2966 τῆς

2447 2979 2680 3045 πατρίου
2714 2994 2806 3045 μοι
2844 2977 3124 3045 βασιλείας
3150 2980 3404 3048 μελέτην,
3444 2983 3697 3052 καθάπερ
3740 2987 4024 3055 σπινθῆρα⁵

2449 3069 2617 3136 πυρὸς
2633 3070 2696 3119 ἐκ
2714 3069 2940 3131 σποδιᾶς
2955 3070 3324 3140 ἀναλάμψασα
3353 3072 3511 3141 φλὸξ,
3540 3074 3844 3145 πνεύματος
3869 3079 4024 3131 ὁθεν-

2445 3159 2709 3227 δητεοτοῦν
2763 3161 3143 3227 ἐρεθίσαντοςο
3202 3163 3459 3232 δεύτερον
3517 3163 3596 3227 δὲ,
3661 3167 3848 3238 ἐπειδὴ
3922 3173 4022 3223 καὶ

2456 3251 2724 3320 Ὑρκανὸν
2748 3253 2838 3304 τὸν
2875 3252 2971 3319 τῆς
2995 3253 3248 3315 Βιυυνίας
3279 3256 3427 3322 ἐώρα
3492 3258 3778 3329 σατράπην
3812 3261 4026 3330 βαρϐα-

2446 3361 2556 3410 ρων
2583 3343 2861 3408 ἁπάντων,
2890 3344 3078 3394 ὁπόσοι
3112 3346 3212 3411 τὴν
3246 3345 3375 3413 ἄχρι
3405 3346 3680 3415 θαλάττης
3709 3351 3893 3402 Ἀσίαν
3923 3371 4023 3404 κει

2446 3433 2776 3502 κλήρωνται,
2813 3435 3021 3486 πόλεων
3051 3437 3146 3504 τῆς
3183 3437 3444 3506 μεγίστης
3491 3439 3718 3508 ἔγγιστα
3754 3445 4023 3512 ποιούμε-

2444 3541 2534 3578 νον
2583 3525 2680 3587 τὰς
2738 3525 3045 3594 διατριϐὰς,
3093 3527 3167 3589 ὡς
3203 3530 3597 3585 πεντεκαίδεκά
3651 3549 3753 3585 που
3788 3538 4025 3589 σταδίων

2447 3610 2672 3666 εἶναιτὸ
2711 3615 2945 3682 μεταξὺ,
2987 3618 3212 3685 πέμψας
3248 3621 3346 3688 τὴν
3383 3620 3660 3689 θυγατέρα
3693 3628 3822 3684 τοις
3859 3626 4018 3678 ἀλλο-

2447 3707 2649 3772 φύλους
2679 3707 2919 3769 ἐκείνους
2958 3709 3251 3777 μνηστεύει
3280 3710 3493 3778 γάμους
3525 3713 3699 3783 αύτῷ,
3729 3715 3797 3766 ἶν’
3825 3718 3886 3768 ἐκ
3925 3717 4023 3770 τοῦ

2447 3799 2634 3868 σχεδὸν
2678 3798 3010 3869 τελεώτερον
3054 3800 3114 3851 τὸ
3150 3801 3257 3852 τῶν
3291 3803 3639 3871 Χριστιανῶν
3665 3809 3896 3880 ἐκτρίψη
3927 3812 4027 3876 γέ-

2447 3909 2556 3954 νος,
2589 3892 2654 3944 δι’
2685 3893 2848 3944 αὑτοῦ
2877 3893 3076 3961 μᾶλλον
3105 3894 3137 3962 ἢ
3169 3896 3288 3946 κατ’
3318 3899 3524 3949 ἐκεῖνον
3552 3901 3639 3952 τὸν
3675 3901 3781 3954 τῶν
3815 3905 4012 3958 Λυδῶν

2449 3985 2738 4054 σατράπην
2797 3985 2984 4056 πόρρω
3013 4003 3119 4038 που
3153 3989 3258 4056 γῆς
3287 3991 3380 4040 καὶ
3436 3993 3708 4064 Θαλάττης
3739 3999 4022 4054 οἰκοῦντα.

2449 4076 2557 4128 Καὶ
2586 4076 2637 4127 τί
2673 4077 2778 4146 χρὴ
2801 4081 2894 4138 τὰς
2933 4078 2990 4128 ἐν
3023 4081 3172 4149 μέσῳ
3210 4082 3482 4148 συνείρειν
3517 4084 3709 4154 τύχας,
3768 4095 3860 4140 καὶ
3914 4092 4021 4143 ὅσα

2449 4167 2759 4238 βαρϐάρους
2830 4172 2972 4224 κατά
3044 4173 3330 4241 Ῥωμαίων
3389 4179 3769 4248 στρατολογῶν
3837 4184 4023 4238 ἐποίει

2448 4259 2615 4324 δεινὰ,
2672 4262 2757 4329 ἐφ’
2785 4256 2869 4323 οἷς
2897 4262 3060 4316 αὐτὸν
3108 4265 3548 4331 ἐγκαλύπτεσθαι
3611 4271 3716 4324 ἔδει
3749 4272 4022 4345 διηνεκῶς

2449 4352 2905 4423 ἐγκαυχώμενος’,
2969 4357 3062 4407 καὶ
3125 4358 3557 4428 ὑπισχνούμενος
3612 4364 3867 4429 ἀοίκητον
3917 4385 4021 4436 την

2461 4443 2746 4512 Ῥωμαίων
2772 4445 2990 4498 ἃπασαν
3021 4450 3123 4516 γῆν
3158 4451 3214 4500 ἐν
3267 4452 3460 4519 βραχεῖ
3495 4455 3809 4508 παντάπασι
3846 4476 4017 4511 κατα-

779 4533 912 4584 lium
953 4547 1017 4582 ne
1051 4529 1263 4582 minimi
1317 4529 1536 4596 quidem
1590 4528 1817 4581 haberet
1852 4543 2030 4597 neque
2074 4530 2123 4581 in
2170 4529 2339 4583 Deum
2376 4537 2454 4594 υς

2376 4537 2421 4594 D
2450 4541 2701 4605 στήσεινς
2735 4539 2846 4589 Καὶ
2867 4533 2932 4608 ἦν
2965 4541 3063 4607 μὲν
3095 4545 3119 4592 ὁ
3145 4541 3342 4609 δρόμος
3373 4543 3518 4606 ἅπας
3540 4545 3687 4616 αύτῴ
3714 4549 4016 4616 κατ’ἐμοὶ,

773 4622 1018 4690 judicem
1066 4620 1382 4686 respiceret,
1435 4627 1609 4670 totum
1672 4633 1729 4671 se
1777 4619 1927 4672 dedit
1974 4621 2176 4688 impiis.
2221 4620 2344 4675 l‘lzec

777 4729 996 4782 quoque
1027 4714 1158 4765 satis
1192 4721 1464 4764 testantur
1482 4721 1824 4778 quantOpere
1855 4711 1943 4763 ille
1990 4713 2138 4779 regni
2172 4715 2345 4780 patris

781 4823 885 4857 lttcl
932 4806 1230 4871 cupiditate
1277 4803 1538 4871 ﬂagrarit,
1569 4819 1732 4870 quam
1768 4813 1824 4855 ut
1875 4810 2034 4857 mole
2079 4806 2188 4856 dixi
2233 4807 2343 4873 jam

783 4897 951 4946 llluilO
984 4906 1109 4946 ante
1155 4903 1394 4960 ceperat.
1444 4894 1598 4956 Quod
1646 4907 1790 4944 enim
1846 4909 1973 4946 vere
2019 4898 2218 4947 malum
2263 4904 2346 4947 est

780 4999 901 5055 post
948 4997 1162 5050 tempus
1206 4995 1450 5036 inituram
1487 4999 1638 5034 snam
1674 4984 1827 5053 163
1854 5001 2055 5038 exuere
2087 5003 2192 5039 non
2228 4998 2345 5054 pot-

777 5091 882 5140 est,
917 5080 1010 5130 sed
1033 5089 1198 5129 etiam
1227 5091 1349 5129 cum
1375 5077 1533 5128 laeile
1566 5078 1730 5129 rebus
1756 5089 2019 5144 arguatur
2043 5080 2344 5132 simulatio-

782 5184 902 5220 nun
936 5169 1062 5220 boni
1096 5167 1303 5234 abjicit.
1337 5165 1499 5218 Redit
1521 5167 1665 5218 enim
1695 5165 1864 5220 altera
1892 5178 2086 5222 natura
2118 5179 2172 5223 et
2197 5171 2342 5237 quod

783 5277 1056 5327 proprium
1090 5259 1251 5311 habet
1281 5259 1534 5311 facillime
1567 5259 1778 5325 recipit.
1815 5261 1952 5312 Deus
1980 5272 2156 5315 autem
2179 5264 2225 5314 si
2259 5280 2344 5317 res

783 5365 997 5402 nostras
1037 5350 1085 5403 ei
1133 5350 1520 5403 tradiderimus
1563 5350 1876 5403 felicitati-In
1925 5354 2082 5405 nobis
2127 5357 2342 5408 occulto

783 5451 1060 5507 coniparat
1115 5442 1274 5507 idque
1320 5452 1479 5510 prout
1531 5444 1646 5492 vult
1701 5443 1974 5494 facillime.
2018 5447 2110 5498 Ille
2165 5457 2339 5498 tamen

784 5533 964 5599 impiis
1013 5533 1105 5599 qui
1149 5535 1407 5585 fortunati
1467 5550 1587 5586 €530
1645 5536 1969 5586 videbantur
2018 5539 2068 5588 iu
2102 5552 2342 5604 prwSens

784 5635 954 5674 lutum
990 5639 1045 5675 se
1083 5637 1425 5676 (Ullltltlllcrc
1477 5626 1663 5677 maluit
1701 5636 1753 5678 ct
1794 5630 2056 5680 continuo
2092 5630 2221 5680 niiiii
2256 5645 2342 5681 ca-

781 5718 1078 5767 lamitatem
1111 5733 1315 5783 parare.
1361 5718 1462 5767 5rd
1499 5726 1744 5783 proiectu
1786 5720 2099 5771 felicitati-in
2148 5734 2199 5771 et
2251 5739 2343 5773 ve-

781 5825 894 5858 rum
933 5811 1260 5875 voluptatem
1317 5822 1519 5860 numen
1567 5821 1754 5867 κλωνί,
1818 5813 1918 5863 ubi
1957 5819 2097 5879 quo!
2152 5814 2250 5865 huc
2290 5816 2342 5864 in

2451 4629 2482 4693 ἠ
2519 4627 2574 4678 δὲ
2599 4627 2769 4696 βλάϐη
2805 4632 2944 4680 κατα
2997 4631 3213 4682 πάντων
3270 4630 3648 4700 Χριστιανῶν·
3685 4640 3859 4702 οὕτως
3891 4646 4019 4696 οὐδὲ

2454 4718 2646 4786 μικρὸν
2677 4719 2888 4784 ἐφόδιον
2931 4723 3026 4789 τὴν
3080 4723 3170 4774 τοῦ
3224 4723 3356 4775 Θεοῦ
3394 4729 3628 4793 νομίζων
3666 4733 4013 4798 ἐπικουρίαν,

2452 4811 2558 4862 οὐδ’
2591 4816 2642 4873 ἐς
2677 4814 2774 4880 τὴν
2802 4814 2909 4864 τῶν
2937 4816 3239 4882 μελλόντων
3271 4821 3489 4888 μνήμην
3523 4822 3895 4892 κολαστηρίων
3924 4832 4019 4879 ἰωι

2447 4903 2716 4964 ὀπωυοῦν,
2760 4904 2877 4954 ὅλον
2907 4905 3096 4956 ἐαυτὸν
3127 4909 3236 4967 τοῖς
3268 4910 3491 4959 ἀσεϐέσι
3519 4912 3868 4982 προσένειμε.
3906 4919 4020 4970 Καὶ

2453 4995 2548 5060 μὲν
2579 4993 2643 5062 δὴ
2666 4995 2915 5061 δεύτερον
2945 4996 3144 5048 κεισθω
3171 5000 3264 5049 καὶ
3315 4999 3470 5051 τοῦτο
3494 5002 3690 5070 δεῖγμα
3718 5009 3815 5075 της
3848 5008 4018 5061 αὑτοῦ

2453 5085 2696 5153 μελέτης,
2736 5089 2824 5154 ἣν,
2867 5089 2938 5148 ὡς
2968 5090 3308 5159 εἰρήκειμεν,
3351 5093 3516 5145 πάλαι
3547 5096 3710 5146 πολύν
3739 5113 3860 5150 τινα
3886 5102 4019 5168 χρό-

2449 5193 2535 5227 νον
2572 5179 2792 5230 ἐϐοσκεν
2824 5181 2877 5229 ὲν
2910 5183 2974 5250 τῇ
3010 5180 3153 5250 ψυχῇ
3189 5185 3328 5235 κατά
3352 5184 3449 5250 τῆς
3482 5187 3715 5254 πατρίου
3743 5206 3834 5255 μοι
3861 5189 4022 5255 βασι-

2448 5271 2628 5332 λείαςο
2668 5273 2724 5323 τὸ
2778 5275 2883 5341 γὰρ
2927 5274 3083 5341 φύσει
3148 5277 3315 5326 κακὸν
3373 5280 3781 5345 άποτρὶψισυαι
3833 5302 4018 5349 [iung

2447 5366 2541 5432 τὴν
2574 5365 2688 5426 ’ἐξιν
2724 5367 2820 5417 οὐκ
2853 5366 2914 5417 ἄν
2954 5384 3083 5418 ποτε
3115 5369 3351 5430 δύναιτο,
3390 5371 3523 5420 αλλα
3551 5379 3638 5421 και
3672 5373 3765 5438 τὴν
3790 5378 3881 5423 τού
3917 5392 4017 5423 κλ-

2447 5455 2534 5506 λο]
2600 5462 2959 5526 προσποίησιν
3011 5462 3248 5528 εὐχερῶς
3317 5465 3424 5514 toi.
3487 5479 3806 5530 πραγμασιν
3861 5466 4019 5528 ελεγ-

2449 5551 2673 5615 χύμενον
2733 5553 3068 5608 απσσείεται,
3137 5555 3608 5621 παλινδρομούσης
3670 5557 3762 5621 τῆς
3798 5558 4019 5621 φύσεως

2447 5641 2540 5690 καὶ
2602 5642 3086 5710 ἁναλαμΰανοᾶσης
3141 5648 3201 5694 ὲκ
3267 5646 3355 5695 τιιῦ
3407 5649 3602 5713 (ξένου
3663 5649 3718 5695 τὸ
3770 5649 4018 5713 γνήσιον.

2461 5728 2607 5789 ’ἱτζξῖιν
2650 5734 2754 5798 γὰρ
2787 5733 2903 5799 (κιρ
2934 5737 2997 5783 τα
3026 5735 3145 5784 xa’."
3183 5736 3339 5784 αὑτὸν
3378 5737 3749 5803 ἐπιτρέψαντα
3776 5737 3870 5805 τὴν
3903 5739 4021 5790 τῶν

2451 5823 2654 5871 παιδων
2687 5823 3036 5890 εὐδαιμονίαν
3081 5827 3260 5894 ἡσυχῆ
3318 5828 3861 5895 πραγματεύσασθαι.
3911 5827 4019 5874 ’κάν
