4242 6342
220 397 318 467 141

1179 407 1616 469 BYZANTINIE
1654 406 2033 468 HlSTORI/E
2065 407 2204 468 LIB.
2244 406 2482 465 XXVII.

3350 395 3447 458 ΗΞ

217 516 355 577 διον,
387 513 549 584 εἰπερ
570 512 839 580 ίϐούλετο,
863 516 944 582 ὂν,
964 519 993 571 ό
1024 518 1080 573 δὲ
1112 523 1224 583 τοῖς
1245 521 1500 574 ἀσεϐέσιν
1527 521 1602 583 ὡς
1635 522 1792 584 εὐτυ·
1818 522 1864 583 Α

1773 548 1792 559 -
1818 522 1864 583 Α
1892 529 2139 589 tempore
2179 521 2397 573 fortuna
2445 518 2645 572 fruitur
2673 526 2729 571 et
2761 524 3087 587 potestatein
3122 514 3287 569 habet
3331 516 3448 582 pius

218 605 340 673 χιίν
392 602 641 657 δοκοῦσιν
688 607 752 668 ὶς
782 607 844 658 τὸ
879 609 1051 676 παρὸν
1110 610 1313 676 μᾶλλον
1347 612 1541 663 ἑαυτὸν
1570 610 1789 669 ἀναθεὶς

220 691 396 746 ἀῑδιον
424 693 600 761 εζλιτο
635 695 858 764 μοχθεῖν
888 696 1010 750 κατ’
1063 697 1229 764 ἐμοῦο
1265 699 1401 767 μηδὲ
1433 699 1541 769 γὰρ
1575 699 1703 753 ἀλλο
1738 715 1791 750 τι

225 782 679 853 μακαριζομένων
712 785 1003 860 γνώρισμα
1028 787 1148 855 βίου
1187 789 1437 855 γίνεσθαι
1474 790 1671 858 τουτῳῒ
1698 791 1793 843 καὶ

222 873 597 944 ἀληθευούσης
630 875 861 938 εὶζωῖας
913 875 946 945 ἢ
980 878 1120 930 κατά
1146 895 1208 945 γε
1252 878 1313 932 τὸ
1343 879 1437 933 νῦν
1465 880 1792 949 εὐτυχοῦντα

218 965 489 1018 δύνασθαι
550 965 793 1033 φθείρειν
842 967 1085 1030 οὐσσϐεῖς
1131 970 1227 1021 καὶ
1273 970 1438 1040 μηδὲν
1477 970 1792 1030 ἀδικοῦντας

218 1055 572 1125 ἀνθρώπους.
600 1054 693 1116 οὒς
744 1056 813 1109 δι’
853 1056 989 1109 αὐτό
1044 1074 1106 1123 γι
1138 1060 1292 1112 τουτὶ
1325 1060 1578 1130 νενόμικε
1602 1060 1793 1112 δυστυ-

220 1147 361 1213 χεῖν,
387 1146 470 1197 ὅτι
506 1145 737 1215 θεότητα
762 1146 983 1198 σέϐουσι
1013 1149 1467 1215 τρισυπόστατον,
1497 1152 1791 1219 φεύγοντες

219 1237 418 1289 ἀθεϊαν
440 1236 576 1305 ὁμοῦ
604 1239 697 1288 καί
725 1237 1035 1291 πολυθείαν.
1063 1239 1231 1307 Δῆλον
1260 1239 1316 1293 δέ
1342 1256 1355 1270 ’
1387 1241 1482 1293 καὶ
1510 1241 1618 1311 γάρ
1647 1243 1798 1293 ὲκεί-

221 1343 339 1389 νοις
375 1326 675 1397 σύνδρομον
712 1327 924 1380 καὶτὸν
957 1328 1055 1381 τοῦ
1098 1329 1333 1398 Παλαμᾶ
1377 1330 1571 1400 κρίνας
1617 1330 1794 1399 ὐπάρ-

221 1434 342 1483 χειν
374 1417 583 1481 θίασον,
632 1419 889 1487 πονηροῖς
938 1417 1191 1487 ὀργάνοις
1254 1420 1393 1488 μετά
1425 1419 1534 1471 τῶν
1583 1418 1795 1472 ἀσεϐῶν

208 1503 454 1560 ’ἐκείνων
504 1510 597 1561 καὶ⁵
634 1508 845 1571 τούτοις
905 1510 1177 1580 ἐχρήσατο
1230 1508 1353 1564 κατ’
1387 1508 1544 1579 ἐμοῦ,
1582 1509 1668 1562 ῐνα
1700 1510 1795 1561 καὶ⁴

221 1598 386 1649 τοῦτο
417 1599 515 1667 τῆς
547 1601 610 1650 ἐκ
636 1595 837 1650 πολλοῦ
874 1596 941 1668 [ί.
979 1597 1081 1650 155
1117 1596 1172 1666 b]
1219 1597 1621 1666 ταμιευομένης
1649 1596 1795 1666 αὐτῷ

222 1689 348 1740 κατ’
377 1688 513 1756 ἐμοῦ
544 1687 833 1757 γνώρισμα
866 1687 1092 1756 γνώμης
1120 1686 1206 1757 εἴη
1237 1687 1330 1739 καὶ
1364 1687 1461 1756 τῆς
1488 1687 1596 1740 τῶν
1617 1688 1795 1756 ὅρκων

223 1775 382 1841 αὖθις
413 1778 760 1847 συγχύσεως·
792 1777 882 1831 διά
912 1778 1021 1847 γάρ
1049 1777 1230 1831 αὐτῶν
1258 1778 1477 1847 ἁπάσης
1509 1778 1793 1845 ἐπιορκίας

1890 620 1946 665 et
1992 611 2239 665 insontes
2284 611 2535 665 homines
2560 607 2942 677 exstinguendi
2974 622 3115 676 quos
3142 614 3369 677 propter
3398 608 3449 657 id

1892 703 2070 771 ipsum
2100 702 2347 757 infelices
2370 712 2543 772 putat,
2572 702 2717 771 quod
2738 701 2943 757 trinum
2973 700 3140 754 Deum
3162 701 3373 760 colunt.
3399 709 3455 752 et

1890 807 1988 846 eos
2014 792 2107 861 qui
2140 786 2308 845 [leum
2341 808 2460 846 esse
2496 802 2695 862 negant
2718 806 2933 860 unaque
2961 790 3055 858 qui
3092 791 3290 845 multos
3321 791 3455 845 deus

1890 895 2013 934 esse
2055 865 2309 944 credunt,
2352 880 2595 949 fugiunt.
2647 882 2765 949 Ipse
2794 882 2938 935 enim
2968 878 3449 937 Palama‘deoruni

1892 972 2101 1025 cultum
2156 972 2427 1042 sequitur.
2465 973 2617 1028 Unde
2674 974 2837 1027 etiam
2875 974 3075 1027 factum
3119 983 3203 1026 est
3250 981 3309 1024 ιιι
3346 988 3451 1025 una

1892 1076 2015 1114 cuin
2057 1062 2238 1130 impiis
2270 1062 2375 1116 illis
2415 1062 2624 1118 nefario
2656 1063 2818 1117 modo
2856 1080 2941 1118 me
2984 1064 3314 1119 tractaverit.
3348 1064 3454 1117 Ita-

1893 1168 1999 1221 que
2034 1169 2098 1206 ex
2154 1152 2258 1206 hoc
2284 1168 2502 1222 quoque
2542 1154 2893 1208 consiliorum
2934 1154 3055 1222 ejus
3104 1170 3226 1223 quae
3265 1156 3317 1208 in
3368 1170 3453 1207 me

1888 1241 1999 1310 jam
2033 1241 2203 1294 multo
2242 1256 2273 1296 e
2313 1250 2558 1310 tempore
2587 1244 2774 1297 animo
2811 1243 3095 1298 volutabat
3136 1255 3192 1297 et
3223 1244 3451 1314 periurii

1898 1332 2158 1385 indicium
2213 1333 2373 1386 nobis
2402 1335 2677 1401 apparuit.
2718 1334 2822 1386 Per
2851 1334 2975 1388 illos
3003 1335 3151 1388 enim
3200 1334 3459 1403 perjuriis

1893 1430 1948 1474 et
1978 1422 2274 1475 discordiis
2302 1423 2498 1475 urbem
2528 1420 2688 1475 facile
2721 1422 2987 1490 implevit.
3007 1423 3138 1477 Nam
3169 1424 3272 1477 viri
3304 1425 3459 1493 proni

1895 1520 2053 1563 crant
2089 1511 2155 1563 ad
2194 1510 2397 1579 ﬂagitia
2442 1519 2497 1563 et
2540 1526 2665 1564 cum
2703 1513 2854 1564 vultu
2895 1513 3034 1565 tristi
3082 1520 3138 1567 et
3180 1514 3460 1581 impietate

1896 1615 2116 1669 unaque
2161 1600 2477 1666 pharetram
2514 1614 2636 1667 qua:
2683 1601 2746 1651 ad
2793 1601 3041 1655 facienda
3086 1600 3289 1671 ﬂagitia
3327 1617 3463 1671 epos

1895 1703 2015 1746 erat
2048 1692 2389 1747 occultantes
2427 1691 2598 1745 variis
2641 1708 2704 1746 ac
2761 1692 2974 1748 idoneis
3017 1696 3140 1749 telis
3185 1697 3463 1756 refertam.

1903 1780 2040 1835 illud
2084 1780 2305 1835 silentio
2335 1793 2391 1835 et
2414 1782 2667 1837 celeriter
2703 1782 2863 1854 164
2902 1784 3236 1847 eiiecerunt,
3269 1799 3324 1839 et
3358 1789 3463 1840 alia

220 1871 362 1939 όμού
395 1872 490 1932 καὶ
515 1870 862 1937 διχοστασίας
884 1869 1034 1938 μάλα
1064 1868 1259 1939 ῥᾳδίως
1280 1868 1377 1939 τὴν
1409 1869 1564 1922 πόλιν
1589 1871 1796 1933 ἐκεῖνος
1830 1864 1869 1916 ll

1791 1888 1796 1930 ς
1830 1864 1869 1916 Β
1900 1873 1985 1924 via
2018 1871 2287 1924 sinceram
2320 1880 2558 1925 mentem
2589 1874 2780 1926 matris
2808 1890 2941 1929 mea:
2979 1874 3311 1945 deceperunt
3349 1893 3466 1943 qua:

224 1963 551 2031 ἐνέπλησεν.
598 1962 770 2025 Ὀξεῖς
806 1978 866 2015 τε
920 1961 1029 2031 γὰρ
1063 1962 1141 2024 είς
1185 1962 1388 2015 κακῖαν
1428 1961 1578 2025 ὄντες
1623 1962 1672 2013 οἱ
1704 1960 1795 2013 ἄν-

1791 1990 1795 1999 ι
1903 1961 2160 2030 scopulos
2185 1960 2238 2013 in
2266 1960 2399 2014 mari
2421 1960 2655 2016 latentes
2689 1962 3005 2032 neutiquam
3040 1967 3466 2020 noverat.Dolos

223 2053 373 2122 δρες,
408 2053 504 2105 καὶ
538 2052 653 2122 ἄμα
711 2054 779 2121 τῇ
834 2053 927 2105 τοῦ
964 2053 1247 2122 σχήματος
1308 2052 1499 2121 μέλανι
1530 2052 1668 2119 μετά
1696 2053 1795 2121 τῆς

1789 2071 1795 2110 ;
1902 2048 2050 2103 enim
2078 2057 2134 2101 et
2162 2047 2531 2115 proditionem
2552 2052 2604 2104 ei
2632 2059 2795 2104 noctu
2831 2052 3037 2121 diuque
3068 2056 3244 2109 moliti
3275 2068 3464 2111 contia

220 2145 481 2207 ἀσεϐείας
521 2147 614 2198 καὶ
643 2144 741 2215 τὴν
767 2145 825 2206 ις
859 2144 925 2196 τά
966 2142 1192 2196 τοιαῦτα
1222 2145 1319 2213 τῆς
1352 2144 1619 2213 πονηρίας
1657 2144 1797 2197 ἀπο-

1789 2174 1797 2186 .
1895 2138 2147 2193 amicitiae
2191 2139 2400 2193 vultum
2448 2154 2632 2196 coram
2680 2143 3003 2199 exhibentes
3051 2161 3152 2201 nec
3188 2148 3464 2217 Opinatani

222 2231 450 2301 χρῶσαν
484 2230 767 2301 φαρέτραν
799 2229 1267 2297 συγκρύπτοντες,
1316 2229 1676 2283 παντοδαπῶν
1706 2232 1800 2282 καὶ
1895 2259 1897 2273 ι

1793 2252 1800 2282 ι
1895 2245 2022 2284 eam
2052 2239 2464 2298 persecutorum
2494 2232 2668 2286 turba:
2703 2233 3069 2290 tradiderunt.
3100 2236 3280 2303 Quare
3308 2242 3468 2294 “Olli:-

223 2321 589 2390 πολυτρόπων
644 2320 922 2388 γέμουσαν
984 2320 1093 2372 τῶν
1142 2319 1358 2389 βελῶν,
1414 2323 1643 2374 κάκεῖνα
1697 2322 1800 2392 μὲν

1793 2341 1800 2369 ι
1899 2330 2091 2392 utpote
2119 2321 2212 2390 qui
2249 2320 2516 2376 beneﬁcia
2553 2321 2606 2376 in
2639 2336 2737 2378 eos
2766 2327 3195 2385 contulissemus
3244 2331 3468 2387 insidia-

224 2412 415 2481 ἡρέμα
452 2414 546 2464 καὶ
577 2411 781 2481 σπουδῇ
823 2411 1197 2480 περαίνοντες,
1231 2411 1332 2481 τὴν
1355 2411 1412 2465 δέ
1447 2430 1508 2480 γε
1534 2415 1632 2482 τῆς
1661 2414 1801 2482 ἐμῆς

1022 2427 1197 2474 οντες,
1231 2411 1332 2481 τὴν
1355 2411 1412 2465 δέ
1447 2430 1508 2480 γε
1534 2415 1632 2482 τῆς
1661 2414 1801 2482 ἐμῆς
1901 2421 2050 2467 tores
2081 2413 2386 2483 turpissimi
2411 2414 2513 2469 visi
2546 2425 2695 2469 sunt.

224 2504 485 2567 ὑπιόντες
539 2504 712 2567 ἄλλως
780 2504 986 2574 μητρὸς
1035 2504 1415 2573 ἁπλουστέραν
1471 2506 1783 2574 εὐμένειαν,
1848 2506 2068 2575 ὐφάλων
2097 2506 2311 2575 πετρῶν
2330 2506 2540 2579 οὐδαμῆ
2603 2526 2690 2562 πω
2727 2511 3003 2582 μαθούσης
3065 2517 3469 2586 συμπτώματα,

223 2598 326 2649 καὶ
375 2596 563 2659 δόλους
628 2597 726 2666 μὲν
787 2597 926 2666 αὐτῇ
967 2596 1063 2649 καὶ
1096 2596 1388 2665 προδοσίας
1422 2597 1718 2667 ρἁτοντες
1775 2597 1988 2667 ἡμέρας
2035 2597 2133 2650 καὶ
2182 2596 2394 2660 νυκτὸς,
2428 2598 2609 2667 φιλίας
2661 2600 2707 2653 δ’
2734 2597 2800 2655 αὖ
2838 2602 3103 2671 ἑτέρωθεν
3168 2606 3472 2671 δεικνύντες

230 2689 565 2756 πρόσωπον,
619 2688 807 2741 ἔλαθον
845 2688 1087 2759 ἀψοφητὶ
1150 2688 1227 2759 τῷ
1252 2688 1363 2742 τῶν
1436 2689 1744 2743 διωκόντων
1806 2688 2218 2757 προδεδωκότες
2277 2688 2446 2756 βυθῷ,
2509 2689 2721 2760 λῃστῶν
2754 2693 3077 2765 ἀδικώτεροι
3122 2698 3341 2751 πάντων
3364 2705 3471 2765 τοῖς

221 2781 543 2853 εὐεργέταις
573 2781 832 2848 φανέντες
863 2784 1017 2851 ἡμῖν.

295 2875 430 2927 KB'.
467 2874 549 2926 Τὰ
581 2873 639 2927 δὲ
668 2875 899 2927 τοιαῦτα
918 2875 1020 2945 τῆς
1046 2874 1362 2947 ἀπορρήτου
1395 2871 1662 2943 Προνοίας
1685 2870 1803 2940 κρί-

1795 2900 1803 2911 -
1978 2868 2146 2924 XXll.
2178 2868 2284 2925 Sed
2331 2871 2582 2941 equidem
2628 2873 2727 2929 bas
2760 2875 3274 2952 Providentite’qum
3316 2901 3470 2939 com-

226 2983 379 3034 ματα
409 2965 663 3033 ὲρευνᾷν,
709 2965 860 3026 ὅπως
890 2966 938 3018 οί
983 2967 1052 3019 τὰ
1083 2965 1267 3019 δίκαια
1314 2964 1604 3035 ζητοῦντες
1637 2964 1798 3032 ἡμεῖς

1794 2979 1798 3021 ;
1907 2961 2172 3031 prehendi
2206 2977 2312 3016 non
2356 2972 2533 3032 potest
2567 2965 2807 3020 rationes
2858 2966 3185 3038 investigare
3239 2988 3336 3026 cur
3371 2991 3469 3027 nos

223 3056 338 3117 τοῖς
377 3054 585 3116 ἀδίκοις
622 3053 729 3106 ὐπδ
756 3053 865 3107 τῶν
899 3052 1101 3106 ἀδίκων
1133 3053 1201 3106 δι’
1230 3052 1396 3122 ἔτερα
1429 3050 1802 3122 προδεδόμεθα

1798 3068 1802 3100 ι
1907 3051 1999 3120 qui
2025 3054 2171 3124 justa
2202 3068 2561 3123 sequeremur
2592 3060 2701 3108 tam
2739 3055 2940 3127 injuste
2978 3058 3048 3112 ab
3080 3059 3339 3127 improbis
3365 3073 3473 3119 tra-

224 3144 325 3198 νῦν
351 3145 555 3198 οὑτωσὶ
608 3144 1081 3214 πλημμελήματα,
1114 3142 1225 3210 ἐγὼ
1256 3145 1357 3211 μὲν
1384 3142 1484 3196 οὐκ
1519 3143 1584 3195 ἂν
1621 3140 1803 3194 δυναί-
1829 3184 1873 3215 μ

1800 3169 1873 3215 τ,
1908 3141 2006 3195 diti
2054 3142 2226 3197 simus
2252 3184 2267 3209 ,
2309 3158 2541 3213 nequeo.
2582 3143 2786 3199 Tamen
2839 3148 2932 3215 qui
2989 3150 3336 3207 considerate
3388 3171 3475 3209 res

230 3254 367 3308 μην.
428 3236 648 3300 Ἔξεστι
702 3237 811 3303 γάρ
856 3237 964 3296 τοῖς
1003 3233 1229 3295 ἀπαθῶς
1278 3233 1523 3286 ἐθέλουσι
1586 3231 1874 3302 β).ἑπειν“⁴

1797 3231 1874 3277 ι“
1909 3231 2182 3302 inspicere
2220 3232 2427 3293 volunt.
2460 3248 2523 3287 ea
2553 3249 2673 3303 quae
2725 3251 2820 3304 per
2852 3251 3071 3291 onmem
3107 3240 3270 3294 vitam
3328 3244 3472 3313 justa

225 3332 296 3382 τα
331 3329 427 3381 ἶσα
460 3330 609 3398 παρά
641 3329 734 3382 τὸν
765 3328 882 3398 βίον
910 3330 996 3382 ἀεὶ
1018 3328 1318 3396 γιγνόμενα
1344 3328 1467 3397 μὲν,
1487 3327 1803 3396 κεκρυμμέ-

228 3437 332 3488 νην
359 3418 408 3470 δ’
439 3417 632 3485 ἔχοντα
657 3419 758 3488 τὴν
790 3418 889 3488 τῆς
918 3420 1177 3488 ἀληθείας
1202 3421 1380 3473 αἰτίαν
1406 3421 1482 3480 ώς
1511 3419 1581 3471 τὰ
1610 3418 1801 3471 πολλά.

229 3512 458 3579 Αεγέτω
488 3510 531 3562 δ’
560 3505 655 3563 οὖν
690 3511 842 3581 ὅμως
880 3512 975 3563 καὶ
998 3510 1027 3561 ό
1058 3513 1344 3581 προφήτης
1376 3512 1602 3577 ἐκεῖνος,
1640 3530 1658 3562 ι
1691 3512 1805 3562 ’Ὶνα

228 3602 284 3653 τί
330 3602 456 3662 ὁδὸς
513 3599 729 3652 ἀσεϐῶν
781 3597 1104 3664 εὐοδοῦταις
1139 3617 1156 3648 ι
1198 3600 1338 3667 βοῶν
1380 3600 1442 3652 ὲκ
1496 3599 1670 3667 μέσης
1709 3598 1804 3650 καὶ

233 3692 581 3761 ςλεγομένης
614 3690 811 3760 ψυχῆς.
853 3691 1074 3756 Λεγέτω
1116 3690 1161 3741 δ’
1213 3689 1340 3758 ἑξῆς
1378 3688 1473 3743 καὶ
1505 3690 1539 3758 ἡ
1591 3688 1800 3758 μεγάλη

228 3782 332 3850 τῆς
375 3780 663 3843 εὐσεϐείας
692 3780 911 3848 ἐκείνης
953 3780 1209 3846 σάλπιγξ,
1249 3779 1335 3832 ῐνα
1382 3779 1458 3849 μὴ
1504 3780 1615 3840 τοῖς
1658 3777 1805 3829 ίκδι-

228 3876 349 3927 κεῖν
410 3873 654 3925 ἐθέλουσι
701 3872 769 3924 τά
814 3870 891 3941 μὴ
945 3870 1131 3924 δίκαια
1171 3871 1444 3942 πρόφασις
1471 3870 1536 3922 τά
1577 3868 1804 3922 τοιαῦτα

231 3962 518 4039 κακίας
548 3984 567 4017 ι
607 3966 1020 4036 Παραδίδονται,
1048 3984 1066 4015 ι
1104 3966 1211 4036 γάρ
1243 3981 1395 4035 φησι,
1428 3981 1444 4014 ι
1484 3964 1578 4014 καὶ
1602 3962 1803 4018 δίκαιοι

227 4059 498 4122 πολλάκις
536 4062 617 4122 εἰς
645 4061 837 4129 χεῖρας
866 4059 1105 4123 ἀσεϐῶν,
1146 4059 1244 4129 οὐχ
1288 4057 1355 4111 ἵν’
1397 4058 1596 4109 ἐκεῖνοι
1635 4074 1801 4126 τιμη-

227 4152 424 4214 θῶσιν,
459 4151 575 4203 ἀλλ’
625 4152 693 4203 ἶν’
720 4146 865 4204 οὗτοι
904 4150 1303 4220 δοκιμασθῶσι·
1340 4153 1433 4202 καὶ
1470 4150 1662 4218 φαῦλοι
1704 4150 1803 4217 μὲν

228 4245 287 4294 ὲν
323 4241 543 4310 θανάτῳ
600 4243 834 4310 ἐξαισίῳ,
849 4242 992 4293 κατά
1021 4242 1079 4293 τὸ
1108 4239 1520 4310 γεγραμμένον,
1573 4255 1804 4305 καταγε-

226 4334 435 4385 λῶνται
469 4332 515 4384 δ’
538 4334 689 4401 ὅμως
711 4332 773 4384 τὸ
804 4333 978 4401 παρὸν
1008 4332 1275 4393 εὐσεϐεῖς,
1307 4332 1413 4392 ἕως
1438 4332 1469 4398 ὴ
1494 4329 1803 4399 χρηστότης

226 4420 323 4472 τοῦ
362 4419 502 4472 Θεοῦ
547 4420 851 4487 κρύπτεται
904 4418 999 4470 καὶ
1046 4418 1117 4470 τὰ
1177 4415 1388 4486 μεγάλα
1434 4418 1661 4484 ταμιεῖα
1693 4416 1801 4466 τῶν

1905 3320 2162 3375 videntur
2190 3325 2421 3377 veritate
2455 3324 2556 3377 niti
2584 3340 2705 3394 quae
2732 3335 2788 3379 nt
2820 3328 2921 3379 alia
2960 3329 3127 3383 multa
3152 3332 3475 3403 plerumque

1905 3426 2006 3465 nos
2058 3410 2241 3476 lateat,
2294 3414 2592 3468 invenient.
2623 3414 2903 3484 Loquatur
2947 3417 3116 3487 igitur
3169 3423 3473 3491 propheta:

1910 3519 1928 3551 ι
1988 3500 2097 3556 Cur
2148 3503 2438 3571 impiorum
2490 3504 2592 3558 via:
2639 3506 2815 3573 planae
2862 3508 3026 3561 sunt?
3076 3527 3095 3560 ι
3134 3511 3374 3568 clamans
3409 3529 3474 3568 ex

1906 3589 2102 3645 intimo
2133 3592 2369 3662 etpleno
2404 3604 2644 3661 pectore.
2684 3594 2858 3651 Tollat
2895 3613 3113 3666 quoque
3146 3616 3330 3655 vocem
3354 3619 3474 3673 gra-

1904 3696 2026 3736 vem
2060 3697 2212 3737 suam
2246 3684 2418 3752 pietas
2470 3696 2526 3739 ut
2578 3686 2643 3739 iis
2695 3688 2787 3755 qui
2822 3690 3019 3758 punire
3048 3692 3219 3747 velint
3273 3693 3477 3762 injusta

1907 3773 2020 3826 haec
2043 3786 2111 3827 ne
2159 3773 2269 3828 si’nt
2299 3789 2460 3829 causa
2495 3778 2799 3845 pravitatis.
2840 3797 2858 3829 ι
2908 3779 3224 3836 Traduntur
3245 3785 3414 3850 enim,
3454 3805 3470 3833 ι

1904 3863 2055 3926 dicit,
2111 3883 2129 3915 ι
2168 3866 2331 3919 etiam
2369 3867 2440 3934 pii
2501 3884 2643 3935 sa'pe
2697 3870 2953 3925 manibus
3014 3875 3309 3944 impiorum
3364 3892 3474 3931 non

1904 3968 2012 4021 quo
2065 3954 2119 4008 hi
2161 3957 2524 4023 aestimentur,
2562 3959 2654 4012 sed
2699 3975 2809 4029 quo
2842 3962 2915 4017 illi
2972 3966 3288 4032 probentur.
3324 3968 3473 4038 linpii

1903 4042 2048 4096 enim
2081 4055 2139 4098 ut
2170 4046 2430 4115 scriptum
2463 4058 2563 4113 est,
2596 4060 2718 4118 post
2747 4063 2975 4108 mortem
3008 4070 3197 4124 poenas
3227 4059 3472 4119 solvent;

1906 4134 1980 4202 pii
2014 4143 2196 4190 autem
2232 4137 2285 4190 in
2316 4138 2425 4191 vita
2454 4139 2752 4194 illudentur
2794 4146 2971 4211 quoad
3017 4148 3107 4200 Dei
3142 4149 3349 4218 justitia
3380 4168 3475 4220 pa-

1904 4226 2089 4279 tiatur.
2119 4227 2375 4297 Utrisque
2413 4241 2534 4299 post
2565 4232 2726 4286 vitam
2756 4236 2967 4304 amplis,
2998 4250 3057 4294 ιιι
3088 4241 3298 4306 dicunt,
3332 4244 3479 4297 Cellae

1907 4318 1958 4368 in
1985 4320 2184 4386 quibus
2224 4321 2466 4374 facinora
2502 4333 2690 4377 nostra
2716 4328 2997 4381 recondita
3047 4341 3177 4384 sunt
3222 4335 3478 4401 aperien-

1906 4419 2013 4470 tur,
2057 4420 2112 4462 et
2144 4410 2330 4473 verba,
2361 4411 2623 4477 facinora,
2651 4416 2877 4469 consilia
2909 4420 3192 4485 equaliter
3227 4421 3281 4474 in
3320 4424 3476 4493 165

228 4512 468 4578 ὓστερον
520 4509 805 4577 ἑκατέροις
842 4508 1243 4575 ἀποκειμένων,
1299 4505 1461 4575 ἡνίκα
1513 4507 1671 4571 λόγος
1710 4507 1803 4555 καὶ
1831 4526 1882 4584 D

1831 4526 1882 4584 Β
1911 4501 2112 4553 trutina
2146 4502 2609 4555 examinabuntur
2643 4519 2671 4556 a
2723 4503 2831 4558 Deo
2861 4521 2986 4559 cum
3023 4512 3236 4563 venerit
3274 4512 3478 4580 judicia

228 4602 433 4671 πρᾶξις
469 4602 563 4653 καὶ
593 4601 863 4667 διανόημα
897 4601 1009 4661 τοῖς
1051 4599 1283 4659 δικαίοις
1332 4596 1426 4650 τοῦ
1472 4595 1608 4648 Θεοῦ
1643 4598 1805 4647 σταθ-

232 4698 355 4765 μοῖς
383 4691 791 4753 ταλαντεύεται,
816 4691 945 4743 ὅταν
972 4691 1182 4757 ἀναστῇ
1213 4689 1400 4757 κρῖναι
1433 4689 1531 4753 τὴν
1553 4688 1686 4753 γῆν,
1705 4686 1804 4753 τὴν

230 4785 433 4854 βουλὴν
453 4785 548 4835 καὶ
580 4783 646 4835 τά
677 4783 811 4851 ἔργα
843 4782 1111 4848 συνάγων,
1133 4781 1228 4831 καὶ
1257 4778 1481 4846 γυμνῶν
1499 4780 1567 4829 τά
1596 4779 1805 4845 ἐσφρα-

227 4877 474 4945 γισμένα
502 4872 633 4942 παρ’
662 4872 811 4941 αὐτῷ
851 4875 946 4924 καὶ
980 4870 1286 4938 σωζόμενα.
1330 4886 1348 4920 ι
1385 4870 1450 4921 Εἰ
1487 4867 1542 4918 δὲ
1583 4867 1659 4935 μὴ
1707 4883 1807 4918 πε-

230 4969 500 5035 φόνευκεν
545 4964 707 5026 εὐθὺς
755 4962 1195 5033 χειρωσάμενος,
1236 4960 1289 5013 τί
1338 4959 1532 5023 τοῦτο;
1587 4960 1807 5028 Πρῶτον

234 5060 336 5128 μιν
364 5058 476 5126 γὰρ
521 5057 582 5108 οὐ
627 5056 806 5125 χρεὼν
850 5054 970 5106 ἀντὶ
1020 5051 1135 5103 τῶν
1173 5052 1585 5120 πεπραγμένων
1619 5051 1808 5103 κακῶν

229 5152 299 5204 τα
334 5150 411 5218 μὴ
446 5146 817 5214 πεπραγμένα
851 5142 1279 5212 προϐάλλεσθαι·
1305 5144 1366 5195 οὐ
1393 5147 1503 5211 γάρ
1524 5159 1610 5204 τις
1628 5141 1807 5194 οίκίαν

230 5237 552 5306 ἐμπρήσας,
605 5234 688 5285 ὅτι
746 5232 820 5300 μὴ
880 5230 1035 5282 πόλιν
1083 5230 1211 5298 ὅλην
1259 5230 1585 5298 ἐνέπρησεν,
1633 5228 1809 5288 ἀθῶος

214 5332 387 5396 εμένει
422 5327 521 5394 τῆς
568 5322 865 5382 κολάσεως.
914 5320 1179 5388 Δεύτερον
1212 5320 1290 5383 δὲ,
1337 5321 1396 5371 οὐ
1450 5319 1557 5387 γὰρ
1610 5322 1810 5386 μᾶλλον

228 5422 316 5473 διὰ
342 5420 575 5485 θάτερον
600 5414 860 5483 φεύξεται
891 5411 1122 5481 θάτερον
1148 5412 1181 5481 ἢ
1210 5411 1275 5462 δι’
1307 5412 1621 5480 ἀμφότερον
1641 5429 1811 5479 τιμω-

234 5514 360 5579 ρίαν
390 5508 624 5576 ὀφλήσει
645 5504 742 5575 τὴν
776 5504 969 5573 μείζω,
999 5497 1077 5563 οἷς
1100 5501 1260 5554 τοῦτο
1292 5504 1390 5570 μὲν
1422 5502 1584 5563 αὐτὸς
1616 5503 1807 5571 ἔδρασε

234 5605 347 5666 νῦν,
385 5602 567 5653 ἐκεῖνο
591 5597 650 5651 δὲ
676 5596 846 5666 θύραν
872 5595 1053 5655 ἀλλοις
1078 5593 1343 5661 ἀνέῳγεν,
1377 5594 1520 5662 ἔργῳ
1540 5593 1808 5646 διδάσκων

235 5695 297 5744 τὰ
332 5691 508 5760 μείζω
530 5689 625 5741 καὶ
661 5687 782 5740 καθ’
812 5688 940 5757 ὅλης
984 5685 1290 5753 τολμᾶσθαι
1336 5685 1437 5749 τῆς
1484 5687 1689 5747 πόλεως
1718 5686 1809 5738 λε-

233 5783 502 5853 ληθότως,
543 5780 596 5832 εί
635 5796 716 5842 τις
767 5775 1077 5848 προδιδόναι
1110 5774 1374 5843 βούλοιτο·
1415 5775 1808 5847 συγκεχώρηκε

1910 4591 2118 4644 laturus
2169 4592 2415 4656 mundo,
2474 4604 2712 4648 mentem
2751 4605 2990 4649 nostram
3049 4614 3113 4653 ac
3164 4616 3251 4654 res
3301 4614 3481 4672 gestas

1908 4681 2246 4735 conferendo
2267 4692 2321 4734 et
2355 4698 2474 4749 quae
2507 4684 2649 4751 apud
2688 4700 2747 4737 se
2796 4688 3029 4753 reposita
3062 4700 3189 4742 sunt
3217 4701 3273 4744 et
3306 4707 3483 4746 asser-

1910 4784 2030 4826 vata
2055 4773 2450 4841 depromenda.
2489 4793 2507 4824 ι
2550 4773 2691 4839 Quid
2724 4792 2876 4839 vero,
2905 4778 2949 4831 si
2996 4780 3086 4834 ille
3124 4796 3233 4835 non
3267 4795 3478 4839 extent-

1911 4864 1999 4932 μὴ)
2038 4880 2135 4931 per
2157 4865 2262 4917 vim
2296 4865 2499 4918 caadcm
2541 4865 2711 4919 fecit?
2745 4866 2988 4923 Primum
3024 4873 3171 4926 nulla
3207 4885 3291 4929 est
3315 4892 3481 4931 causa

1909 4968 2009 5005 cur
2038 4968 2135 5021 pro
2169 4954 2498 5021 perpetratis
2524 4953 2862 5011 facinoribus
2892 4973 3013 5027 qua:
3036 4975 3143 5015 non
3170 4975 3481 5032 perpetrata

1911 5045 2020 5099 sint
2056 5044 2414 5113 proferamus.
2452 5045 2640 5114 Neque
2674 5050 2818 5100 enim
2851 5050 2945 5116 qui
2977 5051 3199 5106 domum
3234 5055 3481 5110 incendit

1910 5138 2054 5204 quod
2080 5152 2186 5213 non
2222 5146 2385 5190 totam
2420 5138 2609 5190 urbem
2651 5139 2897 5194 incendit
2932 5157 3132 5198 vacuus
3182 5160 3341 5214 pazna
3374 5157 3479 5201 est.

1912 5228 2116 5281 Dein'de
2146 5237 2350 5291 autem,
2382 5245 2487 5281 non
2523 5240 2743 5298 propter
2759 5231 2990 5286 alterum
3022 5234 3192 5302 fugiet
3223 5236 3480 5301 alterum,

1912 5319 2005 5375 sed
2039 5323 2219 5387 potius
2244 5329 2467 5387 prepter
2493 5332 2785 5390 utrumque
2815 5338 3002 5392 pmnas
3024 5325 3257 5393 majores
3283 5330 3479 5384 solvet.

1913 5412 2047 5464 Nam
2079 5412 2223 5481 quod
2275 5416 2434 5465 modo
2467 5413 2580 5481 ipse
2632 5415 2924 5478 commisit,
2957 5416 3009 5468 id
3063 5418 3237 5488 ipsum
3270 5430 3483 5487 portatu

1915 5500 2140 5554 reclusit
2172 5500 2315 5553 aliis.
2349 5500 2567 5553 Summa
2600 5504 2849 5555 conando
2892 5507 3055 5559 etiam
3092 5511 3144 5560 in
3187 5518 3353 5563 totam
3392 5528 3484 5564 ur-

1918 5590 2041 5643 bem
2082 5589 2217 5643 alios
2248 5589 2481 5657 prmivit,
2509 5604 2685 5658 neque
2718 5607 2845 5643 num
2883 5593 3006 5662 quis
3032 5595 3326 5665 aliquando
3358 5613 3481 5652 eam

1916 5681 2236 5750 proditurus
2256 5692 2406 5735 esset
2438 5684 2621 5734 animo
2651 5684 2953 5751 reputavit;
2987 5686 3111 5740 aliis
3153 5703 3321 5754 pauca
3357 5689 3483 5759 qui-

1916 5773 2041 5827 dem
2082 5775 2380 5839 concessit,
2414 5774 2511 5829 sed
2544 5774 2673 5829 inde
2703 5783 2761 5829 ut
2795 5776 2912 5848 ipse
2941 5778 3170 5848 plurima
3199 5782 3484 5838 commoda
