4242 6342
808 366 909 432 H7

1989 373 2402 436 NICEPHORI
2443 369 2823 433 GREGORE

3943 359 4045 422 148

807 487 931 549 tuit,
959 481 1055 538 sed
1089 492 1314 538 matrem
1342 499 1517 540 meam
1556 485 1842 540 accersivit
1868 495 1924 541 et
1971 501 2094 542 cum
2131 501 2196 541 ea
2246 499 2373 539 san-
2403 484 2442 538 Α
2477 501 2482 548 ι

2371 484 2442 538 ›Α
2477 483 2624 550 μέσῳ
2669 480 2816 530 δυοῖν
2860 474 3103 544 γεγονότι
3155 473 3217 526 τὸ
3263 471 3590 541 κουφότερον
3624 467 3842 523 ἑλέσθαι
3900 482 4046 534 συμ-

807 587 906 630 ctre
959 576 1050 630 Dei
1083 575 1267 630 Matris
1321 578 1583 646 templum
1619 579 1752 632 adiit
1794 577 1867 634 ibi
1910 586 1972 630 ut
1999 585 2136 630 teste
2170 585 2226 630 et
2266 590 2366 627 au-

809 677 958 718 ctore
989 674 1172 718 saneta
1229 676 1405 721 matre
1434 667 1590 722 factis
1623 667 1931 734 promissis,
1986 681 2094 719 non
2137 665 2372 732 amplius

811 754 1042 838 infidelis
1082 755 1379 810 haberetur
1411 767 1630 824 propter
1658 757 1811 824 plura
1839 771 1962 825 qua:
1982 764 2140 809 antea
2169 753 2372 806 fecerat

810 839 1072 911 perjuria.
1126 843 1297 897 Mater
1337 844 1505 911 igitur
1552 859 1647 911 per
1684 845 1892 898 litteras
1938 843 2219 912 promissis
2268 841 2374 892 illis

811 933 1147 998 gravissimis
1171 935 1432 1002 acceptis,
1468 934 1726 1005 Byzantio
1762 934 2199 988 Thessalonicam
2225 930 2374 983 venit

812 1026 1056 1093 mihique
1085 1027 1223 1078 bona
1246 1026 1427 1079 omnia
1458 1027 1753 1089 nuntiavit,
1787 1040 1979 1092 nempe
2017 1024 2186 1095 licere
2235 1022 2372 1075 mihi

815 1115 1014 1166 mnissa
1043 1113 1214 1166 Cralis
1244 1114 1482 1167 amicitia
1519 1114 1957 1168 Thessalonicam
1991 1114 2299 1180 relinquere
2320 1121 2376 1164 et

817 1205 1055 1271 Byzantii
1111 1220 1236 1258 cum
1272 1206 1499 1275 conjuge
1537 1206 1736 1269 vivere,
1773 1214 1829 1259 et
1881 1206 2024 1274 quod
2084 1204 2148 1257 ad
2173 1205 2374 1272 regiam

818 1304 1145 1362 potestatem
1175 1297 1452 1359 attineret,
1485 1312 1733 1350 sect-rum
1773 1297 2000 1350 alterum
2033 1305 2215 1347 utrum
2244 1309 2378 1348 enn-

818 1395 1102 1434 cessurum
1136 1397 1293 1437 esse:
1335 1392 1429 1435 aut
1460 1381 1505 1434 si
1555 1382 1688 1435 mihi
1742 1383 1980 1449 placeret
2013 1379 2152 1433 velle
2191 1394 2248 1433 se
2275 1378 2380 1446 By-

821 1471 987 1523 zantii
1022 1487 1146 1523 eum
1176 1471 1322 1538 regia
1351 1479 1618 1536 potestate
1659 1487 1878 1525 manere
1906 1480 1961 1525 et
1991 1469 2259 1539 usquead
2286 1469 2383 1522 Se-

823 1558 1106 1627 lymbriam
1144 1575 1231 1614 res
1261 1562 1664 1624 administrare,
1699 1562 1963 1631 autquod
1997 1564 2265 1629 reliquum
2299 1575 2383 1612 es-

823 1657 904 1700 set
928 1649 1047 1702 vit:e
1072 1649 1216 1703 domi
1248 1665 1410 1718 agere
1445 1650 1497 1703 in
1526 1652 1710 1720 quiete
1761 1663 1814 1705 et
1840 1652 1973 1704 otio.
2007 1651 2120 1720 Ego
2153 1665 2274 1703 cum
2303 1651 2385 1718 jtt-

825 1739 1113 1808 raiuranda
1165 1737 1254 1794 illa
1291 1741 1582 1804 vidissem,
1637 1742 1865 1797 credidi.
1911 1742 2021 1798 Cur
2062 1742 2208 1795 non?
2261 1757 2382 1794 cum

827 1834 915 1885 ille
945 1831 1294 1886 Christianus
1319 1843 1463 1888 esset
1507 1841 1563 1886 et
1593 1843 1705 1887 tam
1755 1835 1935 1904 gravia
1972 1843 2188 1900 tamque
2236 1833 2386 1901 jure-

825 1923 1059 1991 jurando
1111 1925 1376 1990 promissa
1414 1925 1623 1979 llrmata
1667 1937 1873 1980 essent.
1908 1926 2087 1991 Quare
2119 1940 2206 1978 me
2236 1940 2387 1980 com-

831 2016 975 2068 movi
1003 2023 1058 2069 et
1081 2016 1262 2068 statim
1294 2017 1611 2086 Byzantium
1645 2012 1922 2084 prolectus
1947 2033 2067 2071 sum
2093 2017 2246 2071 vultu
2273 2032 2392 2069 mu-

832 2113 944 2159 tato
968 2115 1022 2160 et
1052 2107 1198 2161 omni
1226 2107 1536 2175 suspicione
1588 2109 1816 2178 abjeeta.
1878 2108 2084 2162 Deinde
2113 2123 2236 2161 cum
2271 2122 2392 2176 quae

835 2196 923 2248 ille
967 2195 1322 2265 jurejurando
1373 2200 1717 2266 promiserat'
1752 2215 1939 2254 revera
1982 2216 2089 2253 non
2124 2199 2389 2261 viderem,

837 2285 988 2352 (quid
1027 2286 1171 2338 enim
1206 2287 1400 2341 scienti
1456 2289 1636 2342 omnia
1669 2304 1914 2344 enarrem
1932 2291 1998 2357 ?),
2035 2291 2182 2344 brevi
2229 2291 2392 2360 Didy-

839 2375 1139 2429 motichum
1160 2391 1408 2430 reversus
1431 2393 1548 2431 sum
1569 2394 1675 2432 una
1697 2382 2066 2451 cumfeonjuge
2088 2382 2390 2450 mea.17l

837 2466 1165 2533 Apparatus,
1195 2467 1445 2532 consilia,
1483 2467 1725 2522 facinora
1756 2487 1877 2540 qua:
1913 2472 2003 2525 ille
2041 2488 2106 2525 ex
2138 2473 2229 2526 illo
2261 2483 2398 2526 tem-

841 2569 969 2621 pore
1009 2556 1060 2608 in
1092 2557 1346 2611 miseram
1378 2559 1541 2612 vitam
1585 2576 1758 2614 meam
1810 2559 2094 2631 praeparat.
2146 2563 2398 2617 omittere

842 2660 986 2697 nunc
1014 2647 1206 2702 melius
1239 2659 1341 2702 est.
1377 2650 1640 2719 Equidem
1669 2669 1790 2707 cum
1815 2669 1960 2709 nunc
1990 2655 2186 2723 injuste
2219 2654 2399 2706 vivere

840 2745 895 2786 et
926 2737 1062 2788 mori
1096 2737 1228 2791 mihi
1266 2743 1668 2809 proposuerim,
1702 2758 1888 2796 omnes
1916 2743 2047 2796 mihi
2072 2759 2100 2796 a
2129 2744 2287 2811 culpa
2315 2759 2402 2797 me

843 2827 1033 2879 abesse
1063 2828 1377 2882 assentient.
1437 2830 1617 2896 Quare
1664 2833 1865 2887 falleris
1890 2834 2018 2886 dum
2073 2835 2265 2887 credas
2317 2849 2402 2887 me

846 2917 1026 2970 verbis
1066 2921 1173 2973 tuis
1202 2919 1590 2976 obsecuturum
1615 2938 1756 2978 esse.
1787 2924 1920 2978 Nam
1959 2925 2139 2979 omnia
2171 2926 2404 2980 libenter

847 3009 1019 3074 patiar
1045 3024 1143 3077 pro
1184 3010 1290 3063 vita
1317 3027 1457 3076 mea,
1494 3013 1705 3066 etiamsi
1747 3015 1996 3068 mercede
2034 3015 2173 3068 vites
2202 3030 2361 3082 ampu
2381 3045 2404 3054 -

848 3108 961 3150 tare
986 3114 1204 3151 necesse
1241 3111 1403 3155 esset.
1436 3103 1739 3156 Jucundius
1768 3119 1988 3172 quoque
2019 3114 2160 3158 esset
2199 3104 2252 3156 in
2294 3107 2406 3158 otio

849 3189 956 3239 vita
985 3190 1191 3256 privata
1225 3191 1328 3244 frui
1371 3193 1424 3246 in
1466 3195 1709 3261 qualibet
1755 3204 1901 3250 terra
1951 3196 2040 3248 ubi
2077 3197 2228 3248 nulla
2277 3197 2406 3248 mihi

852 3280 1088 3344 pericula
1125 3281 1462 3349 immineant,
1517 3300 1679 3355 quam
1713 3294 2002 3356 paternum
2037 3302 2262 3356 regnum
2314 3302 2409 3354 ap-

855 3367 1087 3430 petendo
1115 3371 1280 3424 vitam
1314 3386 1489 3426 meam
1524 3374 1839 3441 periclitari.
1894 3375 2185 3442 Imperium
2233 3385 2414 3429 autem

855 3458 1091 3526 optabile
1120 3471 1263 3514 esset
1293 3460 1591 3517 dummodo
1629 3464 1889 3518 Romanis
1937 3465 2223 3519 commoda
2257 3465 2418 3520 affer-

861 3555 960 3599 ret.
1014 3548 1082 3600 At
1138 3548 1278 3604 Dens
1328 3551 1697 3606 Romanorum
1736 3552 2049 3608 felicitatem
2089 3556 2270 3622 potius
2318 3571 2418 3608 au-

857 3645 978 3698 ποθι
1011 3651 1172 3704 quam
1204 3638 1372 3691 solam
1405 3653 1599 3693 meam.

2472 571 2782 624 πέπτωκεν.
2824 565 3131 620 Ἐκπύστου
3161 563 3218 617 δὲ
3252 562 3346 614 τοῦ
3379 561 3704 630 πράγματος
3756 557 4046 626 γεγονότος

2470 663 2673 732 ᾤχοντο
2701 659 2801 728 τὴν
2839 658 3100 725 ταχίστην
3144 655 3192 706 oi
3247 655 3472 722 φρουροί
3524 668 3625 719 μου
3677 649 3767 700 καὶ
3809 646 4047 715 φύλακες

2473 751 2906 821 ἀπαγγέλλοντες
2955 749 3012 808 ἐς
3067 745 3361 809 Βυζάντιον
3408 743 3476 794 τά
3519 739 3828 807 ξυμϐάντα.
3865 739 3930 788 Ἀ
3981 737 4046 802 δη

2476 846 2567 897 καὶ
2603 842 2862 912 ἀκηκοότι
2891 837 3074 906 τούμῷ
3105 833 3351 902 πενθερῷ
3386 829 3638 894 καθεκτῷ
3670 824 3811 880 εἶναι
3845 826 3947 877 οὐκ
3974 821 4046 894 ἦν

2475 934 2716 1001 ἐφικτόν.
2762 929 2923 982 ’Δὶλά
2956 929 3054 996 τὴν
3079 925 3216 994 ἐμὴν
3259 921 3620 992 παρειληφότι
3650 919 3861 987 μητέρα
3887 918 3943 975 ἐς
3976 916 4045 966 τὰ

2474 1030 2574 1095 τῆς
2605 1024 2946 1092 Θεομήτορος
2984 1017 3157 1080 ἔδοξεν
3182 1012 3529 1082 ἀφικνεῖσθαι
3561 1013 3860 1077 ἀνάκτορα.
3897 1005 4043 1057 ὥστε

2479 1117 2570 1168 ὑπ’
2603 1115 2788 1182 ἐκείνῃ
2841 1110 3080 1178 μάρτυρί
3117 1123 3176 1158 τε
3233 1105 3326 1156 καὶ
3357 1104 3597 1170 ὲςγγυητξῇ
3645 1103 3744 1161 τὰς
3795 1097 4054 1164 ἐνόρκους

2478 1207 2803 1273 ἐπαγγελίας
2828 1198 3195 1270 παρεσχηκότι
3226 1195 3422 1264 μηκέτι
3442 1195 3622 1245 δοκεῖν
3650 1192 3874 1249 ἄπιστος
3898 1187 4056 1246 αὖθις

2478 1299 2564 1351 διὰ
2597 1298 2693 1358 τὰς
2729 1294 2983 1354 πολλάκις
3023 1290 3133 1341 τῶν
3185 1286 3400 1340 οἰκείων
3427 1283 3576 1352 αὐτῷ
3608 1281 3895 1349 γεγονυίας
3929 1276 4058 1328 ἀθε-

2479 1390 2663 1455 τήσεις
2689 1386 2885 1454 ὅρκων.
2909 1381 3064 1433 Dii-rw
3084 1380 3266 1430 τοίνυν
3290 1374 3610 1446 ἐγγράφους
3640 1370 3897 1437 εἰληφυῖα
3928 1369 4058 1424 τοὺς

2483 1477 2774 1550 φρικώδεις
2823 1471 2980 1536 αὖθις
3012 1474 3253 1531 ἐκείνους
3305 1468 3504 1536 ὅρκους
3553 1467 3586 1534 η
3643 1465 3827 1532 μήτηρ
3875 1462 3905 1525 ὴ
3952 1459 4061 1524 ἐμὴ

2482 1569 2616 1642 ἧκεν
2647 1573 2708 1622 ἐκ
2741 1565 3034 1626 Βυζαντίου
3067 1565 3122 1623 ἐς
3145 1559 3566 1622 Θεσσαλονίκην,
3594 1549 4062 1620 εὐαγγελιζομὲνη

2489 1680 2579 1726 μοι
2609 1657 2819 1726 τάγαθά
2851 1656 2947 1718 ὡς,
3000 1655 3049 1705 εί
3086 1651 3185 1714 τὰς
3229 1649 3324 1702 τοῦ
3362 1647 3552 1718 Κράλη
3607 1645 3883 1712 συνθήκας
3920 1642 4061 1705 ἀφε-

2490 1756 2636 1823 μένῳ
2669 1768 2758 1820 μοι
2788 1749 3018 1816 γένηται
3074 1744 3210 1812 πρὸς
3243 1743 3536 1807 Βυζάντιον
3567 1740 3630 1788 ἐκ
3659 1733 4062 1798 Θεσσαλονίκης

2491 1839 2861 1910 ἀφικνεῖσθαι,
2913 1837 3042 1906 περὶ
3078 1833 3176 1904 τὴν
3209 1830 3443 1895 σύζυγον
3474 1829 3676 1892 ἐξεῖναι
3722 1839 4060 1890 παρακεχω-

2494 1909 2700 2004 ρηκότα
2749 1947 2841 1999 μοι
2887 1929 2986 1996 τῆς
3034 1926 3319 1996 βασιλικῆς
3366 1920 3616 1984 ἐξουσίας
3666 1915 3754 1968 τδν
3799 1909 4065 1979 πενθερὸν

2491 2001 2710 2085 αύτίκα,
2741 2020 2887 2073 δυοῖν
2923 2016 3179 2085 θάτεραι),
3212 2015 3242 2083 ἢ
3272 2012 3350 2081 τῷ
3381 2009 3662 2076 Βυζαντίῳ
3704 2004 3866 2056 αὑτὸν
3906 2001 4067 2070 βασις

2492 2114 2660 2177 λικῶς
2698 2109 3102 2180 ἐνδιατρίδοντα
3144 2107 3210 2157 τὰ
3265 2103 3430 2172 μέχρι
3465 2096 3818 2166 Σηλυμϐρίας
3854 2090 4069 2180 ἐκεῖθεν

2492 2207 2700 2259 διέπειν
2738 2201 3065 2272 πράγματα,
3091 2195 3419 2264 βουλομένου
3451 2191 3544 2245 καὶ
3578 2186 3871 2272 ἐνδιδόντος
3903 2179 4068 2272 ἐμοῦ,

2494 2294 2528 2362 ἢ
2560 2294 2650 2345 τὸν
2699 2268 2924 2359 ἡσύχιον
2976 2286 3071 2351 ξὺν
3113 2279 3520 2353 ἀπραγμοσύνῃ
3548 2277 3758 2342 διάγειν
3799 2271 3908 2339 βίον
3939 2268 4073 2333 ἄχρι

2495 2357 2755 2448 τελευτῆς
2789 2379 2928 2430 οἴκοι
2958 2375 3291 2442 καθήμενον.
3327 2370 3547 2429 Τούτοις
3588 2361 3823 2432 ἐντυχὼν
3851 2358 3944 2412 καὶ
3973 2357 4076 2407 αὑ-

2497 2476 2588 2537 τὸς
2615 2475 2725 2534 τοῖς
2755 2472 2938 2541 ὅρκοις
2970 2469 3336 2540 ἐπεπείσμην·
3368 2463 3460 2514 καὶ
3494 2460 3608 2520 πῶς
3640 2458 3747 2525 γὰρ
3778 2451 3840 2541 οὔ
3870 2471 3882 2514 ;
3932 2450 4073 2515 Χρι-

2501 2560 2712 2620 στιανὸς
2753 2557 2828 2610 ὣν
2867 2557 3008 2609 οὕτω
3040 2555 3240 2623 φρίκης
3275 2538 3458 2618 έχουσι
3487 2546 3582 2599 καὶ
3617 2544 3760 2596 οὕτω
3789 2539 3855 2592 δι’
3891 2538 4076 2604 ὅρκων

2500 2653 2761 2703 τοιούτων
2811 2621 3265 2712 ἠσφαλισμένοις.
3307 2636 3472 2689 Ὅθεν
3526 2631 3622 2685 καὶ
3673 2629 3810 2698 ἄρας
3863 2621 4078 2712 ἐκεῖθεν

2503 2737 2664 2798 εὐθὺς
2685 2737 2739 2795 ἐς
2764 2709 3058 2794 Βυζάντιον
3085 2727 3385 2794 ἀφικόμην,
3411 2723 3628 2782 ἀπάσας
3648 2717 3882 2781 ὑποξίας
3917 2709 4081 2762 κατό-

2503 2839 2599 2877 πιν
2627 2820 3004 2888 ἀπεωσμένος.
3049 2813 3296 2881 Κάπειδὴ
3332 2811 3406 2880 μὴ
3440 2807 3580 2862 κατά
3621 2806 3720 2866 τὰς
3753 2801 3860 2853 τῶν
3891 2799 4078 2865 ὅρκων

2505 2914 2831 2981 ἐπαγγελίας
2862 2905 3212 2976 ἐντυγχάνειν
3243 2920 3334 2971 μοι
3359 2899 3490 2969 παρ’
3524 2897 3714 2952 ἐλπίδα
3753 2893 3864 2950 τοῖς
3897 2889 4080 2956 πρᾶγ-

2512 2977 2640 3076 μασι
2662 2977 2992 3061 συνέπιπτε,
3024 2994 3097 3062 (τί
3139 2996 3247 3062 γὰρ
3286 2992 3366 3042 δεῖ
3397 3005 3464 3058 με
3497 2984 3652 3041 πάντ’
3680 2981 3856 3049 είδυίᾳ
3881 2977 4081 3040 διεξιέο

2511 3067 2597 3149 ναι
2623 3095 2661 3161 ς)
2721 3094 2809 3146 διὰ
2848 3091 2988 3142 πάνυ
3034 3087 3264 3156 βραχέος
3307 3084 3364 3145 ἐς
3403 3078 3787 3146 Διδυμότειχον
3827 3067 4084 3123 ἐνταυθοῖ

2515 3156 2708 3254 ξύννγε
2746 3181 2965 3248 συζύγῳ
3006 3179 3170 3231 πάλιν
3209 3173 3364 3234 αὐτὸς
3410 3167 3692 3237 ἐπανῄειν.
3742 3163 3853 3223 Τάς
3879 3175 3944 3224 γε
3976 3156 4084 3254 μὴν

2514 3246 2948 3345 ἑξῆς-συσκευάς-
2980 3272 3075 3321 καὶ
3117 3265 3342 3337 μελέτας
3373 3261 3465 3314 καὶ
3508 3257 3758 3325 πράξεις,
3790 3254 3914 3305 ὅσαι
3949 3246 4085 3345 παρ’

2513 3334 2678 3421 αύτοῦ
2709 3363 2852 3417 κατά
2881 3361 2981 3429 τῆς
3012 3334 3154 3427 ἐμῆς
3197 3357 3292 3421 ξὺν
3337 3352 3523 3420 ἁπάσῃ
3563 3345 3842 3399 τελοῦνται
3872 3334 4081 3401 σπουδῇ

2512 3451 2947 3523 ταλαιπώρουίῖ.
2975 3451 3072 3504 157
3099 3448 3128 3502 b
3173 3447 3189 3518 ]
3231 3446 3376 3513 ζωῆς
3409 3443 3643 3501 ἐκεῖθεν,
3688 3437 3912 3502 ἄμεινον
3961 3443 4092 3523 σιω-

2516 3550 2645 3618 πᾷν.
2676 3517 2996 3613 Βουλομένῳ
3027 3517 3206 3592 τοίνυν
3253 3551 3342 3605 μοι
3395 3532 3494 3602 ζῇν
3524 3530 3620 3584 καὶ
3661 3526 3918 3596 θνήσκειν
3955 3517 4090 3618 ⁸ἀδίῖ

2516 3609 2650 3703 κως,
2680 3609 3044 3705 οἶμαινκαὶτδ
3067 3626 3386 3695 ἀνεγκλήτῳ
3408 3623 3546 3676 εἶναι
3568 3620 3775 3676 πάντας
3799 3632 3863 3667 συ
3874 3609 4093 3681 μφῆσαί

864 3739 953 3788 μοι
986 3701 1234 3779 ἓξτεσθαι.
1285 3729 1374 3779 Διὸ
1408 3728 1497 3778 καὶ
1542 3729 1743 3796 ἥκιστα
1790 3729 2040 3797 φαίνεται
2090 3730 2247 3783 εὔοδα
2294 3728 2575 3784 πείθεσθαί
2639 3701 2713 3796 με
2740 3701 2750 3705 ⁷
2777 3726 2888 3785 τοῖς
2950 3721 3101 3789 παρά
3168 3715 3261 3770 σοῦ
3297 3715 3634 3782 λεγομένοις.
3681 3709 3861 3760 Πάντα
3891 3704 4002 3769 γὰρ
4029 3701 4096 3752 ἂν

862 3815 1035 3881 Efst
1077 3817 1255 3888 δρῴην
1288 3795 1578 3888 προθύμωε
1613 3821 1752 3891 ὑπὲρ
1801 3795 1862 3889 γε
1916 3822 2060 3892 ζωῆς
2102 3823 2200 3892 τῆς
2254 3824 2415 3892 ὲμῆς.
2455 3824 2547 3875 καί
2583 3795 2866 3890 είμισθοῦ
2931 3832 2996 3881 γε
3054 3811 3200 3879 ἐξείη
3237 3807 3664 3877 ἀμπελουργεῖνο
3696 3802 3845 3869 ἥδιον
3880 3799 3990 3864 γὰρ
4028 3795 4096 3847 ἂν

862 3911 919 3958 ὲν
947 3909 1346 3978 ἀπραγμοσύνῃ
1371 3909 1484 3979 βίον
1507 3889 2176 3980 ίδιεὶλτηνῖάνύσαιμι-καθζ
2233 3889 2489 3982 ὁποι-ανδή
2526 3930 2646 3965 τινα
2696 3909 2984 3976 γενόμενος
3029 3903 3157 3972 γῆν,
3207 3901 3331 3952 ὅθεν
3375 3898 3550 3959 οὐδεὶς
3596 3889 3967 3963 προσδοκᾶται
4006 3904 4098 3956 μοι

864 4005 1102 4064 κὶνδυνος
1130 4003 1373 4072 ἔφεδρος.
1397 4003 1429 4070 ἢ
1454 4004 1727 4072 βασιλείαν
1749 4004 2002 4073 ζητοῦντι
2024 4005 2252 4072 πάτριον
2313 4005 2458 4073 ἔχειν
2495 4003 2590 4055 καὶ
2624 4001 2755 4052 αὐτὸ
2823 3993 3148 4066 ζημιοῦσθαι
3178 3988 3512 4043 κινδυνεύειν
3546 3989 3606 4038 τὸ
3630 3986 3750 4054 ζῇν.
3793 3982 3952 4035 Οὕτω
3987 3981 4098 4048 γὰρ

865 4099 931 4150 ἂν
969 4099 1091 4164 ἐμοὶ
1121 4101 1184 4149 τὸ
1214 4097 1520 4165 βασιλεύειν
1557 4100 1643 4166 εῖη
1712 4098 1924 4157 εὑκτὸν,
1995 4099 2043 4149 εί
2085 4098 2377 4166 Ῥωμαίοις
2401 4093 2734 4161 λυσιτελοίη·
2807 4090 2984 4160 ᾅλλως
3027 4088 3125 4140 οὒκ
3176 4085 3241 4138 ἂν
3299 4082 3496 4151 δήπου.
3546 4081 3675 4142 Θεὸς
3727 4079 3772 4130 δ’
3818 4079 3910 4146 είη
3941 4076 4100 4144 κοινῇ

880 4193 1172 4259 Ῥωμαίοις
1207 4191 1409 4261 μᾶλλον
1442 4192 1717 4261 περαίνων
1735 4192 1795 4262 τὸ
1823 4189 2133 4258 εὕδαιμονῆ
2170 4189 2517 4258 μονοτρόπως
2549 4186 2694 4254 ἐμοί.
2741 4205 2757 4235 ι

941 4379 1130 4436 XXIV.
1166 4377 1291 4431 llmc
1320 4375 1487 4445 igitur
1521 4388 1643 4427 cum
1696 4373 1788 4426 ille
1818 4371 2048 4425 dixisset
2077 4383 2255 4438 neque
2279 4369 2429 4436 plura

2613 4371 2736 4422 ΚΝ.
2766 4365 2949 4420 Ταῦτα
2974 4365 3072 4433 μὲν
3105 4360 3197 4417 οὖν
3224 4362 3506 4431 είρηκότος
3537 4358 3767 4418 ἐκείνου,
3802 4357 3896 4409 καὶ
3937 4355 4106 4407 πλέον

873 4482 1022 4533 lrene
1079 4475 1266 4544 regina
1316 4472 1507 4526 audire
1553 4470 1733 4530 vellet,
1771 4468 1926 4520 irrita
1985 4465 2301 4534 Byzantium
2344 4478 2425 4515 re-
2461 4443 2548 4513 Dt

2461 4443 2512 4500 D
2538 4461 2758 4513 ἀκούειν
2787 4457 2940 4509 οὐδὲν
2965 4457 3336 4524 ἐθελήσαντος,
3377 4454 3652 4523 ἄπρακτος
3688 4451 3720 4515 ἡ
3754 4447 3964 4517 βασιλὶς
4011 4447 4104 4496 Ei—

875 4588 1029 4625 versa
1059 4581 1164 4623 εει.
1195 4567 1316 4634 Ipso
1343 4575 1589 4631 tempore
1621 4576 1731 4629 quo
1752 4558 1981 4612 solstitia
2012 4557 2195 4608 aestiva
2221 4564 2432 4606 mutan-

879 4674 965 4715 tur
987 4671 1043 4714 et
1074 4661 1318 4714 Thraces
1345 4655 1558 4710 assidue
1592 4656 1646 4706 in
1687 4652 1829 4704 areis
1854 4650 2182 4702 frumentum
2221 4651 2432 4712 parant,

875 4757 1288 4810 Cautueuzenus
1321 4765 1412 4801 rex
1462 4743 1720 4814 Byzantio
1754 4741 2030 4810 profectus
2061 4752 2182 4791 cum
2236 4734 2437 4787 Barba-

881 4862 1062 4900 rorum
1100 4844 1208 4896 illis
1231 4840 1403 4908 mpiis
1431 4836 1619 4908 generi
1657 4834 1888 4903 llyrrani
1917 4830 1980 4884 ad
2007 4830 2238 4882 alterum
2277 4839 2440 4892 gene-

885 4955 1002 4991 rum
1046 4935 1403 5002 Palzeolognm
1436 4946 1618 4998 regem
1645 4923 2066 4996 aggrediendum
2098 4938 2154 4974 se
2183 4917 2440 4972 accinxit.

886 5031 1094 5083 Interea
1126 5025 1442 5094 Byzantium
1495 5021 1818 5088 navigarunt
1865 5013 2153 5068 duodecim
2191 5010 2443 5062 triremes

888 5123 1218 5174 Venetorum
1258 5133 1379 5184 qua:
1437 5130 1560 5168 cum
1591 5113 1664 5166 ibi
1704 5111 1865 5163 bri-ve
1914 5117 2128 5174 tempus
2170 5105 2224 5155 in
2257 5112 2445 5169 portu-

890 5213 992 5266 lius
1024 5217 1369 5264 commorata:
1408 5211 1592 5257 esseut
1633 5215 1792 5269 quam
1830 5197 1985 5264 172
2026 5193 2309 5248 celerrime
2361 5205 2446 5239 re-

893 5317 1062 5354 versae
1086 5307 1211 5352 sunt
1240 5314 1335 5365 per
1363 5296 1592 5348 Pontum
1626 5294 1919 5349 Euxinum,
1946 5287 2289 5338 dextrorsum
2308 5291 2357 5334 et
2377 5280 2418 5332 si
2437 5309 2449 5317 -

897 5395 1220 5444 nistrorsum
1272 5386 1610 5454 navigantes,
1644 5380 1733 5433 ubi
1780 5376 2147 5432 Genuensiutn
2189 5388 2350 5424 naves
2372 5371 2453 5422 of-

899 5483 1189 5535 fenderunt
1237 5487 1289 5530 et
1343 5477 1686 5530 incluserunt
1715 5481 1769 5524 et
1824 5471 1876 5521 iu
1925 5482 2072 5520 mare
2127 5463 2452 5533 profundunt

900 5580 1330 5631 b'*bltlcr5tlrlﬂll.

977 5753 1097 5804 isxc
1151 5748 1311 5819 igitur
1369 5763 1441 5800 ita
1493 5761 1547 5799 se
1601 5743 1894 5796 habt-bant.
1953 5739 2068 5792 .l.nn
2107 5733 2459 5804 Agathmgeli

2539 4552 2674 4620 ρήνη
2708 4551 2980 4601 ἐπάνεισιν
3030 4549 3108 4608 είς
3142 4545 3454 4608 Βυζάντιον.
3487 4544 3647 4610 Ἀρτι
3696 4540 3751 4591 δὲ
3786 4540 3880 4591 τοῦ
3908 4538 4104 4606 χρόνου

2540 4643 2636 4701 τὰς
2673 4640 2890 4710 θερινὰς
2923 4639 3014 4690 τοῦ
3048 4637 3199 4706 ἡλίου
3231 4635 3439 4704 τροπὰς
3474 4631 3971 4700 παραλλὰττοντος,
4016 4630 4111 4679 καὶ

2539 4736 2648 4784 τῶν
2672 4732 2902 4802 Θρᾳκῶν
2925 4732 3016 4783 ἐπὶ
3042 4730 3252 4788 ἅλωνας
3286 4727 3380 4777 καὶ
3407 4727 3552 4777 σίτου
3581 4721 3925 4791 μοχθούντων
3957 4721 4115 4770 ἐσκοο

2547 4823 2729 4892 μιδὰς,
2758 4823 2898 4890 ἄρας
2943 4823 3006 4872 ἐκ
3057 4818 3349 4881 Βυζαντίου
3381 4817 3408 4868 ὁ
3438 4814 3688 4883 βασιλεὺς
3723 4811 4116 4876 Καντακουζη-

2546 4932 2574 4965 ν
2609 4930 2632 4972 ς
2661 4911 2757 4977 τὴν
2785 4907 3127 4977 βαρϐαρικὴν
3172 4906 3386 4972 ἐκείνην
3431 4899 3702 4970 Ὑρκανοῦ
3732 4899 3824 4950 τοῦ
3855 4896 4115 4965 γαμόροῦ

2545 5003 2775 5070 δύναμιν
2824 5002 2918 5051 ἐπὶ
2957 5000 3136 5067 μάχην
3176 4994 3276 5064 ἦγε
3326 4996 3551 5062 θατέρο)
3587 4989 3839 5059 γαμϐροῦ
3877 4989 4115 5042 Παλαιο-

2547 5097 2707 5161 λόγου
2739 5093 2833 5144 τοῦ
2869 5093 3151 5162 βασιλέως.
3187 5091 3293 5141 Καὶ
3329 5089 3631 5155 τηνικαῦτα
3656 5085 4032 5135 κατέπὶευσαν
4064 5085 4116 5142 ἐς

2555 5187 2846 5248 Βυζάντιον
2875 5183 3198 5234 δυοκαίδεκα
3225 5181 3466 5248 τριήρεις
3500 5177 3800 5233 Bentt-icui,
3830 5174 3886 5224 αἲ
3915 5171 3981 5242 δὴ
4027 5175 4120 5223 καὶ

2557 5281 2726 5348 βριχὺ
2761 5280 2869 5334 τοῖς
2905 5273 3138 5326 ἐνταῦθα
3183 5273 3399 5337 λιμέσιν
3445 5265 3854 5333 ἐνδιατρίψασαι
3895 5266 3996 5330 τὴν
4027 5280 4121 5313 τα-

2554 5366 2747 5433 χίστην
2799 5362 2954 5422 αὖθις
3009 5359 3345 5426 ἀνήχθησαν,
3393 5358 3481 5406 καὶ
3516 5354 3585 5405 τά
3618 5371 3677 5404 τε
3707 5353 3795 5413 δεξ
3821 5353 3854 5402 ὰ
3887 5353 3984 5401 καὶ
4011 5352 4124 5414 ἀρι-

2557 5456 2722 5523 στερὰ
2755 5452 2848 5506 τοῦ
2884 5451 3142 5514 Εὐξείνου
3181 5448 3596 5516 διανειμάμεναι
3634 5445 3835 5495 Πόντου
3868 5441 4086 5505 πλευρὰ
4108 5476 4123 5499 ,

2559 5550 2708 5608 ὅσαις
2751 5545 2815 5598 ἂν
2873 5544 3149 5611 ἐντύχοιεν
3205 5540 3359 5591 ναυσὶ
3422 5537 3836 5596 Γεννουῖτικαῖς,
3898 5534 4131 5601 ἐνεπίμ-

2566 5640 2782 5707 πρασάν
2808 5654 2865 5688 τε
2895 5637 2984 5686 καὶ
3015 5633 3197 5703 β·.;θοῖς
3224 5631 3588 5698 παρέπεμπον
3617 5626 3967 5681 δισποντίςις.

2639 5731 2741 5781 Καὶ
2774 5727 2944 5779 ταῦτα
2981 5727 3073 5795 μὲν
3107 5725 3228 5794 τῇδέ
3265 5741 3339 5790 πη
3372 5723 3492 5791 ἔσχε
3527 5723 3617 5773 καὶ
3647 5721 3674 5772 ό
3702 5719 3764 5787 τῆ
3819 5717 4132 5783 διηγήσεως
