4242 6342
202 364 304 433 149

1164 373 1610 437 ΒΥΖᾹΝἸἹΝΑΞ
1651 359 2043 435 uisronns'
2078 375 2215 432 LIB.
2267 374 2502 434 xxvn.

3338 366 3436 430 150

210 480 602 552 ’Δγαθαγγὲλῳ
649 483 849 555 δρόμος
900 486 1136 539 ἐνταῦθα
1181 487 1537 558 ἐπεραίνετοο
1578 489 1672 540 καὶ
1705 485 1766 538 τὸ
1795 490 1838 543 Α
1869 501 1885 538 1

1762 508 1766 530 >
1795 490 1838 543 Α
1869 467 2110 538 narratio
2136 485 2211 553 ad.
2238 485 2396 539 finem
2422 492 2765 552 pervenerat.
2792 484 2980 554 quue
3011 492 3255 550 tempore
3279 496 3353 533 λε
3383 495 3437 530 τις

196 570 355 640 θέρος
390 571 555 639 ἔληγε
587 574 893 642 τηνικαῦτα
925 577 1330 632 καῖ’ἐτελεύτα.

264 663 399 717 κε’.
435 663 576 730 Ἐγὼ
600 665 657 718 δὲ
689 666 999 730 ὒπολασὼν,
1029 686 1048 719 ι
1073 662 1143 721 Ὠ
1170 669 1298 721 καλὲ
1335 667 1758 737 Ἀγαθάγγελε,ι

195 751 358 823 ἔφην,
423 771 442 804 ι
472 754 708 834 ῶραισοι
750 758 973 810 ἀπιέναι
1022 758 1121 829 ἤδη
1184 763 1316 829 πρὶν
1353 762 1452 830 τὴν
1507 759 1765 834 ἐπιοῦσαν

195 845 353 908 ἡλίου
404 845 562 912 φλόγ’
595 830 894 916 ἀνασχεῖνο
947 847 1230 918 προῦργου
1289 850 1399 920 γὰρ
1449 852 1560 913 τοῖς
1613 830 1765 912 ἐμοῖς

196 931 340 989 εἶναι
377 937 636 1002 διώκταις
686 940 978 1008 συμϐαίνει
1005 941 1093 994 διά
1123 943 1400 1010 τεττάρων
1505 943 1672 1010 τριῶν
1703 958 1766 1009 γε

194 1029 330 1089 ἴσως
371 1030 597 1098 ἡμερῶν
642 1031 735 1083 τὸν
764 1033 896 1102 ἐμὸν
939 1035 1148 1088 τουτονὶ
1177 1036 1594 1105 περιτρέχουσιν
1617 1031 1767 1086 οἷκον

192 1119 634 1187 ρινηλατούντων
659 1122 815 1190 δίκην
848 1123 1149 1194 ἀκροᾶσθαι
1181 1125 1381 1188 κυνῶν,
1403 1125 1506 1178 καὶ
1539 1124 1658 1186 δέος
1691 1123 1766 1194 μὴ

192 1210 542 1277 αξσθομένων
573 1212 760 1279 φωνῆς
795 1229 942 1276 τινος
985 1214 1194 1268 ἔνδοθεν
1231 1217 1413 1284 ῐχνους
1451 1215 1549 1285 τὴν
1597 1216 1766 1284 αὐτὴν

189 1303 326 1363 ἡμῖν
365 1301 514 1370 ἀλῴς
547 1302 780 1356 θανάτου
809 1306 964 1373 δίκην
1005 1306 1185 1376 δφλων
1219 1311 1314 1361 καὶ
1359 1309 1542 1372 αἰτός.
1577 1309 1765 1362 ’Δπιθι

187 1388 398 1453 τοίνυν,
431 1391 500 1442 τά
534 1390 580 1442 δ’
608 1391 856 1462 ἡμέτερα
888 1394 1012 1446 ὅποι
1043 1396 1255 1448 κελεύοι
1281 1397 1412 1459 Θεὸς
1437 1398 1552 1450 ίτωο
1589 1399 1767 1452 πάντα

186 1481 293 1546 γὰρ
330 1480 433 1545 τῆς
462 1479 673 1532 ἐκείνου
706 1483 890 1551 χειρὸς
914 1486 1006 1536 καὶ
1036 1487 1293 1554 προνοίας
1321 1486 1571 1555 ἐξῆπται.
1597 1483 1768 1541 Οῐσθα

186 1564 230 1614 δ’
269 1563 348 1626 ώς
380 1565 550 1631 ἐγγύς
572 1585 673 1621 που
707 1569 798 1621 καὶ
827 1569 984 1638 μόνον
1015 1573 1076 1624 οὐ
1107 1572 1212 1641 πρὸ
1241 1575 1422 1643 θυρῶν
1451 1577 1540 1628 καὶ
1579 1578 1612 1646 η
1643 1578 1766 1630 τοὺ·

187 1658 415 1719 πιόντος
478 1659 633 1722 ἔτους
666 1659 833 1730 ἀρχὴ,
887 1663 944 1714 ἐν
1096 1665 1191 1716 καὶ
1243 1664 1422 1735 χρεὼν
1461 1667 1661 1720 ειδέναι
1708 1683 1767 1720 σε

185 1750 504 1817 εἰθισμένον
550 1755 663 1815 τοῖς
712 1755 975 1824 ἀρχουσιν
1021 1752 1160 1810 εἶναι
1207 1757 1585 1820 διαλεκτικούς
1617 1775 1768 1822 τινας

185 1841 394 1909 ἄνδρας
429 1846 494 1896 ἐκ
528 1844 785 1914 περιόδου
840 1846 1195 1916 προπέμπειν
1233 1850 1387 1918 ἡμῖν,
1438 1851 1655 1914 όπυίους
1705 1853 1770 1904 ἐκ

186 1933 446 2001 ὶατύπης
475 1935 570 1988 καὶ
604 1935 846 2009 θυμέλης
880 1939 974 1992 καὶ
1025 1940 1303 2010 συρίγγων
1357 1941 1452 1994 καὶ
1498 1942 1593 1995 τοῦ
1645 1943 1772 2015 κόρ-

185 2027 357 2089 δακος
411 2028 788 2097 λαμϐάνοντες
833 2032 1120 2101 θεολόγους
1177 2035 1307 2105 ἡμῖν
1365 2034 1771 2106 αὑθημερινοὺς

188 2120 346 2169 αὐτοὶ
374 2121 773 2189 σχεδιάζουσιν,
814 2123 1001 2194 ὥσπερ
1033 2127 1080 2179 οί
1119 2126 1281 2194 μῦθοι
1328 2127 1500 2180 πάλαι
1532 2129 1658 2192 τοὺς
1685 2131 1770 2197 γί-

188 2221 423 2270 γαντας*
459 2207 526 2259 δι’
551 2203 626 2261 ὧν
654 2211 877 2281 ἐλλοχᾷν
900 2215 1050 2283 ἡμᾶς
1071 2214 1131 2266 οὐ
1152 2216 1305 2286 παρά
1329 2217 1534 2284 φαῦλον
1559 2219 1775 2275 ποιοῦν-

186 2314 280 2348 ται
337 2297 430 2350 διὰ
463 2301 700 2362 λπολλῶν
747 2322 804 2358 τε
848 2309 941 2358 καὶ
983 2307 1315 2377 πολλαχόθεν
1359 2308 1420 2381 [ί.
1461 2310 1562 2365 158
1591 2311 1644 2384 ιι]
1679 2315 1772 2366 καὶ

187 2391 555 2460 πολυτρόπων
587 2396 684 2464 τῆς
719 2398 919 2468 πείρας
949 2399 1131 2466 εἰδῶν,
1191 2403 1277 2455 ῖνα
1313 2402 1461 2456 δυοῖν
1503 2404 1770 2474 θάτερον,

187 2479 217 2538 ἢ
254 2479 519 2544 λαθόντες
550 2484 681 2548 ῐσως
713 2487 1114 2542 ὑποσκελίσωσί
1137 2507 1196 2543 τε
1227 2491 1322 2543 καὶ
1361 2492 1772 2562 περιτρέψωσιν

188 2573 244 2633 ἐς
281 2574 342 2626 τὸ
368 2577 523 2643 σφίσι
554 2576 898 2648 βουλόμενον,
931 2582 964 2652 ἢ
994 2583 1125 2650 γοῦν
1166 2582 1468 2637 αἴσθωνται
1493 2587 1773 2656 ὁποτέρω-

189 2664 279 2716 θεν
314 2667 380 2718 ἂν
412 2669 504 2739 εἴη
532 2669 687 2738 σφίσι
715 2671 791 2740 τῷ
814 2673 912 2743 τῆς
945 2675 1122 2744 ψυχῆς
1152 2677 1405 2748 ἡδομένῳ
1435 2679 1772 2748 χαρίσασθαι

187 2761 342 2828 ῥᾷον·
377 2760 410 2829 ἢ
443 2761 554 2830 γάρ
595 2765 1076 2835 κατεργασθέντας
1132 2769 1282 2838 ἡμᾶς
1335 2769 1402 2838 τῇ
1448 2771 1636 2838 μακρᾷ
1677 2773 1772 2825 καὶ

187 2848 352 2917 ἀήθει
378 2850 556 2922 ταύτῃ
587 2853 937 2926 ταλαιπωρίᾳ
968 2857 1206 2925 ῥαγῆναι
1235 2856 1329 2911 τοῦ
1367 2857 1467 2928 ζῇν
1493 2862 1588 2915 καὶ
1608 2862 1774 2930 ἀπρο-

186 2942 460 3006 φασίστου
495 2944 684 3012 τυχεῖν
729 2936 900 3015 οὗπερ
929 2945 1174 3014 ἐφίενται
1205 2947 1486 3017 δράματος
1515 2949 1692 3013 αὐτοὶ,
1736 2948 1769 3018 ἢ

185 3034 245 3084 τό
279 3050 343 3100 γε
387 3033 669 3104 δεύτερον,
707 3035 900 3105 βιαίων
932 3039 1083 3107 ἡμᾶς
1126 3039 1372 3093 θανάτων
1404 3040 1625 3111 ἀθυρμκ
1671 3058 1770 3094 πεο

186 3126 464 3194 πραχόσιν
489 3129 548 3180 ἐν
578 3127 778 3196 ἀφανεῖ
803 3131 914 3190 τοῖς
945 3129 1052 3195 ἔξω
1090 3132 1297 3201 χωρίῳ,
1328 3134 1405 3200 τῷ
1433 3134 1566 3204 οἴκῳ
1615 3135 1767 3204 τῳδὶ,
1796 3170 1840 3228 c

185 3220 245 3269 τὸ
276 3217 586 3288 ἄπραγμον
617 3221 802 3287 σφίσιν
831 3221 1014 3283 αὐτοῖς
1039 3225 1097 3275 ἐν
1125 3225 1320 3294 βραχεῖ
1349 3226 1456 3278 τῶν
1483 3227 1770 3296 ἡμετέρων

188 3312 382 3365 εἵνεκα
419 3311 719 3380 φροντίδων
747 3313 896 3378 δόξαι
927 3319 1253 3386 παρασχεῖν.
1291 3319 1370 3369 Δι’
1399 3319 1434 3371 ἀ
1478 3322 1572 3372 καὶ
1602 3321 1770 3388 μελή-

190 3418 308 3454 σειν
330 3400 495 3470 ἡμῶν
526 3398 681 3473 οἶμαι
713 3403 852 3474 Θεῷ·
879 3405 967 3459 διὰ
993 3408 1274 3476 φροντίδος
1303 3408 1349 3462 δ’
1377 3405 1472 3463 οὖν
1508 3404 1649 3464 εἶναι
1679 3415 1772 3465 καὶ

190 3494 274 3543 συὶ
305 3492 574 3562 βούλομαι
606 3497 859 3561 ἀπιόντι,
895 3499 1040 3552 δυοῖν
1069 3501 1298 3571 θάτερον
1350 3503 1504 3573 δρᾷν·
1539 3505 1630 3556 τοῦ
1664 3507 1772 3573 γάρ

188 3604 269 3639 τοι
299 3587 652 3655 φθινοπώρου
686 3591 842 3644 τοῦδε
869 3594 963 3646 καὶ
996 3593 1109 3664 ἅμα
1145 3593 1239 3648 τ’δῦ
1284 3597 1515 3649 κατόπιν
1571 3600 1774 3666 χειμῶ-

187 3698 275 3740 νος
304 3681 750 3750 τελευτησάντων
777 3685 826 3737 εί
854 3687 950 3756 μὲν
978 3687 1126 3752 ὅπως
1157 3689 1288 3741 ποτὲ
1322 3691 1585 3752 θανόντας
1618 3693 1772 3760 ἡμᾶς

190 3773 410 3838 πύθοιο,
444 3775 552 3826 τῶν
579 3777 996 3846 συντακτηρίων
1044 3780 1273 3833 ἐκείνων
1323 3781 1571 3850 μέμνησο
1596 3783 1771 3850 λόγων

190 3866 377 3934 ἡμῶν,
430 3869 525 3919 καὶ
575 3867 686 3919 τῶν
725 3870 790 3936 γέ
839 3886 922 3922 σοι
971 3872 1210 3938 ἐφικτῶν
1253 3873 1381 3942 μήτ’
1431 3874 1768 3944 ἀμελητέον,

193 3960 334 4025 μήτε
363 3958 539 4028 δήπου
570 3961 682 4012 τῶν
709 3961 1076 4031 ὀφειλομένων
1129 3964 1267 4027 ὅλως
1309 3967 1542 4019 κατόπιν
1589 3969 1773 4022 θετέον

189 4051 518 4116 φροντίδων.
552 4053 710 4114 εἰδὼς
749 4055 845 4120 μὲν
869 4054 943 4114 ὼς
965 4053 1117 4106 οὐδὲν
1148 4057 1239 4107 τὸν
1270 4057 1526 4125 ἀκίνητον
1564 4058 1767 4124 ὀφθαλ-

193 4142 296 4209 μὸν
327 4142 617 4211 λεληθέναι
658 4144 734 4213 μὴ
767 4145 849 4197 ὅτι
889 4145 996 4197 τῶν
1030 4148 1087 4210 ἐς
1118 4147 1428 4216 τούμφανὲς
1477 4149 1773 4218 δρωμένων

189 4235 427 4286 δύναται
477 4234 540 4286 τὸ
586 4236 849 4304 παράπαν
887 4237 1064 4300 οὐδὲν,
1122 4237 1240 4292 ἀλλ’
1290 4239 1400 4293 οὐδ’
1441 4241 1586 4310 ἴχνος
1641 4242 1772 4308 γοῦν

189 4327 346 4379 οὐδὲν
383 4325 495 4380 τῶν
519 4326 878 4396 ἀνθρωπίνων
905 4329 1167 4384 ἁπάντων
1197 4331 1453 4398 καθάπαξ
1478 4335 1654 4384 εἰπεῖν
1687 4333 1773 4385 λος

190 4414 436 4484 γισμῶν,
462 4414 616 4478 είδὼς
643 4414 687 4465 δ’
719 4410 784 4468 αὖ
820 4414 916 4468 καὶ
958 4415 1054 4468 τοῦ
1104 4416 1392 4484 μέλλοντος
1441 4421 1652 4472 ἐκείνου
1698 4421 1773 4474 δι-

1872 576 2032 631 finem
2063 577 2205 646 cepit
2239 586 2290 630 et
2323 577 2509 631 desiit.

1944 665 2106 721 XXV.
2164 668 2276 738 Ego
2315 683 2444 722 vero
2477 667 2895 736 respondebam,
2924 665 3082 730 Vide,
3114 665 3439 719 amicissime

1871 759 2262 828 Agathangele,
2296 771 2360 822 ,ιιι
2388 759 2552 814 abeas
2595 767 2890 828 antequam
2925 758 3054 811 solis
3086 758 3173 810 lux
3209 756 3436 820 urimur,

1873 849 2006 902 Nam
2044 835 2490 917 persecutoribus
2537 852 2672 906 meis
2717 852 2810 920 qui
2841 857 3076 920 quatuor
3132 847 3210 900 vel
3267 846 3442 899 tribus

1873 949 2021 994 certe
2048 941 2243 995 diebus
2269 945 2492 996 domum
2529 942 2667 996 hanc
2713 941 3153 995 circumcursant
3182 951 3440 1004 prospere

1873 1031 2110 1102 obtingit
2140 1044 2198 1087 ut
2227 1035 2613 1089 auscultcntur
2646 1043 2905 1103 tanquam
2935 1047 3098 1086 canes
3129 1031 3194 1084 ad
3222 1029 3438 1084 investi-

1872 1123 2109 1192 gandum
2134 1126 2491 1194 sagacissimi,
2525 1134 2580 1180 et
2613 1125 2965 1178 metuendum
3001 1133 3082 1178 est
3102 1137 3225 1176 cum
3257 1133 3442 1170 νηοί-ιιι

1875 1217 2020 1271 intus
2042 1203 2277 1286 aliquam
2306 1217 2650 1287 perceperint
2675 1231 2742 1271 ne
2771 1216 2912 1270 idem
2941 1229 3151 1268 mecum
3185 1213 3278 1265 tibi
3305 1227 3443 1278 qun-

1874 1322 1979 1376 que
2011 1293 2201 1363 mortis
2224 1308 2554 1377 supplicium
2585 1310 2900 1362 contrahas.
2934 1306 3116 1360 Abeas
3139 1305 3322 1371 igitur,
3355 1317 3444 1353 cc-

1874 1399 2007 1453 dant
2039 1414 2127 1456 res
2151 1411 2354 1455 nostra:
2391 1415 2502 1470 quo
2535 1401 2674 1454 Deus
2723 1401 2861 1453 ferat
2889 1415 2903 1463 ;
2957 1406 3152 1450 cuncta
3185 1396 3330 1449 enim
3379 1393 3445 1446 ab

1875 1489 2021 1544 illius
2052 1491 2258 1544 auxilio
2295 1499 2351 1545 et
2389 1492 2732 1560 providentia
2790 1489 3048 1558 pendent.
3101 1486 3222 1540 Scis
3260 1495 3443 1538 autem

1875 1598 2038 1651 quant
2074 1584 2443 1652 propinquum
2469 1585 2543 1638 sit
2577 1593 2633 1638 et
2665 1596 2801 1650 pene
2827 1580 2892 1633 ad
2921 1581 3118 1646 januas
3139 1564 3446 1646 appropin-

1876 1674 2097 1742 quantis
2145 1675 2270 1728 anni
2323 1674 2560 1736 initium,
2621 1671 2902 1742 quoquod
2960 1668 3101 1724 scire
3146 1678 3197 1720 te
3229 1674 3447 1734 oportet

1876 1762 2152 1831 principes
2191 1763 2372 1816 solent
2429 1763 2618 1816 doctos
2661 1761 2925 1831 quosdam
2978 1758 3224 1812 homines
3279 1755 3446 1809 certis

1875 1853 2212 1920 temporibus
2225 1853 2291 1906 ad
2325 1867 2424 1906 nos
2449 1854 2686 1915 mittere,
2715 1866 2896 1921 quose
2919 1849 3184 1904 ramentis
3208 1854 3264 1901 et
3282 1861 3445 1900 scena

1871 1953 1927 1999 et
1959 1945 2228 1999 cuniculis
2277 1956 2333 1998 et
2361 1944 2590 1999 cordace
2612 1952 2922 2013 assumptos
2956 1942 3235 2010 theologos
3287 1937 3446 1991 nobis

1872 2039 2120 2107 quotidie
2149 2039 2248 2106 ipsi
2275 2037 2546 2092 fabricant
2597 2045 2653 2090 nt
2693 2039 2746 2090 in
2791 2035 2988 2089 fabulis
3033 2034 3295 2102 gigantes.
3348 2031 3448 2083 Per

1872 2145 2011 2199 quos
2039 2130 2262 2183 insidias
2289 2129 2464 2188 .nobis
2497 2137 2710 2183 struere
2771 2139 2927 2195 turpe
2977 2141 3084 2178 non
3132 2120 3448 2177 existin-ant

1872 2221 2059 2275 multis
2086 2220 2358 2289 variisque
2395 2220 2592 2282 modis,
2627 2219 2698 2273 ita
2728 2228 2784 2272 ut
2826 2229 2919 2273 aut
2953 2217 3200 2270 fraudem
3243 2213 3447 2268 faciant

1871 2322 1928 2367 et
1968 2312 2123 2382 173
2161 2326 2276 2366 rem
2309 2311 2373 2364 ad
2409 2326 2564 2366 suam
2601 2312 2934 2366 voluntatem
2971 2318 3185 2362 vertant
3236 2313 3331 2358 aut
3365 2306 3449 2357 in-

1875 2405 2118 2474 telligant
2153 2402 2430 2473 quomodo
2485 2401 2699 2456 libidini
2757 2416 2868 2456 suae
2915 2399 3131 2453 facilius
3161 2397 3446 2465 indulgere

1873 2496 2104 2563 possint.
2133 2493 2268 2548 Nam
2304 2494 2520 2548 videtur
2551 2492 2661 2548 illis
2703 2491 2820 2546 fore
2852 2499 2911 2545 ut
2942 2499 3037 2543 aut
3077 2490 3240 2558 hujus
3295 2489 3448 2541 inso-

1874 2588 1984 2643 litae
2008 2589 2266 2658 aclongze
2292 2588 2554 2643 custodite
2586 2586 2804 2642 miseria
2837 2587 3192 2641 conﬁciamur
3229 2583 3299 2636 ita
3326 2581 3449 2651 qui-

1873 2679 1996 2734 dem
2031 2689 2090 2735 ut
2125 2680 2318 2734 mortis
2355 2689 2556 2734 nostra:
2593 2678 2694 2748 ipsi
2739 2693 2847 2731 non
2899 2677 2976 2731 rei
3013 2677 3323 2736 videantur,
3356 2682 3448 2727 aut

1873 2779 1932 2824 ut
1958 2769 2121 2824 morti
2154 2769 2565 2824 violentissima;
2601 2767 2898 2831 tradamur,
2928 2767 3001 2822 ita
3056 2777 3112 2820 ut
3148 2766 3248 2836 ipsi
3293 2765 3443 2820 brevi

1871 2877 1902 2916 a
1932 2864 2084 2918 curis
2141 2872 2370 2931 pr0pter
2405 2879 2505 2918 nos
2543 2862 2869 2916 liberentur.
2905 2859 3012 2914 Sed
3069 2860 3152 2913 ha:
3213 2875 3299 2913 res
3337 2859 3446 2912 Deo

1871 2970 2017 3012 cura:
2048 2963 2231 3011 erunt.
2269 2955 2348 3008 Tu
2384 2970 2602 3025 quoque
2637 2953 2794 3010 velim
2829 2967 2990 3008 cures
3036 2962 3094 3007 ut
3129 2968 3196 3006 ex
3231 2951 3446 3004 duobus

1873 3048 2105 3104 alterum
2140 3047 2325 3104 facias.
2360 3049 2638 3102 Autumno
2689 3047 2836 3102 enim
2871 3057 2923 3100 et
2972 3047 3164 3116 hyeme
3196 3045 3444 3114 sequenti

1873 3139 2144 3203 confecta,
2175 3140 2219 3193 si
2271 3154 2370 3194 nos
2409 3147 2656 3193 mortuos
2685 3153 2806 3194 esse
2836 3137 3100 3204 audieris,
3131 3136 3319 3193 ultima
3353 3142 3444 3193 illa

1873 3245 1902 3284 a
1953 3231 2111 3286 nobis
2163 3231 2308 3286 dicta
2364 3231 2628 3285 memoria
2683 3240 2935 3299 repetes;
2991 3246 3168 3301 neque
3224 3249 3285 3286 ea
3327 3249 3446 3301 quae

1873 3336 2099 3394 possunt
2131 3324 2265 3377 ellici
2321 3323 2645 3392 negligenda
2699 3331 2827 3376 sunt
2884 3337 3064 3393 neque
3091 3325 3251 3391 justaa
3301 3341 3448 3378 cura:

1873 3417 2285 3487 posthabeudae.
2337 3415 2458 3471 Scis
2507 3416 2654 3470 enim
2711 3425 2930 3470 acutum
2982 3418 3203 3471 oculum
3257 3417 3446 3486 fugere

1873 3505 2008 3558 nihil
2051 3520 2240 3558 eorum
2295 3521 2415 3574 quae
2470 3504 2749 3573 propalam
2810 3507 2986 3569 fiunt,
3036 3523 3103 3560 ne
3151 3508 3444 3574 vestigium

1872 3599 2095 3665 quidem
2127 3608 2184 3650 ut
2213 3598 2284 3650 ita
2334 3597 2511 3652 dicam
2545 3612 2736 3651 eorum
2782 3613 2903 3666 qua:
2939 3600 3190 3652 homines
3233 3601 3449 3669 excogi-

1876 3695 2010 3740 tant.
2049 3687 2167 3742 Scis
2207 3702 2370 3755 porro
2406 3688 2565 3756 quale
2608 3688 2679 3741 sit
2713 3689 3125 3750 ftiturttnuillml
3175 3692 3445 3760 judicium

1873 3779 2018 3848 quod
2044 3780 2234 3833 evitari
2265 3795 2374 3833 non
2409 3791 2586 3849 potest
2615 3798 2627 3843 ;
2661 3781 2704 3834 si
2733 3796 2861 3834 vero
2887 3781 2939 3834 in
2971 3785 3070 3836 hac
3095 3782 3205 3836 vita
3235 3799 3450 3837 reman-

1873 3870 2011 3923 sisse
2038 3884 2138 3922 nos
2177 3872 2462 3940 acceperis
2495 3886 2676 3924 rerum
2718 3887 2840 3940 qua:
2873 3872 2965 3926 tibi
3005 3889 3151 3927 cura:
3199 3877 3446 3928 omnium

1873 3959 2107 4014 maxime
2131 3961 2183 4014 id
2220 3960 2459 4025 curabis,
2502 3960 2828 4016 incolumem
2863 3972 2913 4017 te
2941 3963 3156 4033 juvabit
3191 3964 3357 4028 Deus,
3388 3979 3447 4018 ιιι

1879 4066 2074 4106 rursus
2106 4051 2172 4104 ad
2223 4068 2322 4106 nos
2358 4056 2549 4107 redeas
2580 4063 2636 4107 et
2668 4055 3005 4122 publicarum
3059 4054 3219 4126 174
3265 4073 3444 4111 rerum

1876 4140 2016 4194 ratio
2039 4156 2160 4208 quae
2191 4141 2260 4194 sit
2281 4150 2337 4194 et
2363 4156 2484 4210 qui?
2505 4141 2673 4196 fuerit
2702 4158 2926 4199 enarres
2957 4154 3009 4198 et
3045 4146 3206 4214 quale
3237 4149 3448 4214 rapacis

1875 4233 2021 4287 illius
2049 4234 2243 4303 synodi
2284 4235 2567 4288 decretum
2599 4235 2668 4289 sit
2703 4237 2848 4305 quod
2887 4238 3135 4292 Palamas
3185 4240 3443 4310 agnovit;

1876 4333 2041 4393 atque
2078 4334 2134 4377 ut
2162 4325 2307 4393 piam
2335 4324 2496 4380 fidem
2528 4327 2720 4380 morbo
2738 4327 2963 4380 minime
2989 4328 3242 4382 laborare
3262 4339 3449 4382 osten-

1875 4415 1971 4469 das
2001 4431 2066 4469 ex
2100 4416 2258 4469 libris
2300 4417 2666 4470 incommodis
2710 4417 2813 4471 ttisi
2855 4418 3038 4472 omnia
3094 4419 3160 4471 ad
3214 4421 3446 4474 nihilum

191 4505 503 4576 καστηρίου
559 4506 622 4558 το
666 4505 910 4573 ἀφυκτόν
958 4522 1017 4558 τε
1047 4507 1144 4559 καὶ
1172 4507 1584 4576 ἀναπόδραστον
1622 4511 1768 4562 ὅσον.
1803 4520 1852 4578 ῃ

1803 4520 1852 4578 ῃ
1878 4509 2229 4578 pervenerint
2258 4517 2441 4577 partes
2484 4508 2762 4578 digniores
2790 4509 2994 4563 electas
3018 4511 3192 4577 znobis
3241 4512 3443 4566 mittes.

192 4603 252 4654 El
281 4601 343 4654 δέ
373 4600 444 4667 τῇ
471 4598 619 4653 κάτω
648 4599 821 4670 ταύτῃ
850 4598 965 4670 ζωῇ
989 4601 1410 4670 παραμένοντας
1440 4602 1519 4652 ἔτι
1560 4602 1768 4669 μανθά-

190 4711 299 4755 νεις
324 4692 501 4761 ἡμᾶς,
535 4685 610 4744 ὧν
637 4691 814 4744 ἀλλων
843 4707 928 4744 σοι
969 4691 1143 4758 μέλει,
1179 4692 1264 4743 σοὶ
1288 4691 1344 4742 δέ
1377 4691 1597 4744 πάντων
1625 4693 1769 4744 ὲκεί-

1875 4602 1957 4655 Αιι
1997 4616 2160 4669 quem
2198 4615 2328 4654 vero
2383 4599 2548 4655 finem
2584 4609 2636 4654 te
2687 4615 2795 4654 non
2857 4601 3106 4672 ignorare
3149 4613 3314 4672 puto;
3358 4607 3444 4658 sin

1875 4709 2029 4754 vero,
2057 4692 2344 4762 intelliges.

199 4800 294 4838 ’ων
321 4782 692 4853 προτιμᾶσθω
711 4782 871 4834 ταυτὶ
904 4780 1240 4850 σεσωσμένῳ
1270 4783 1364 4834 καὶ
1399 4784 1481 4833 σοὶ
1553 4781 1878 4850 βοηθοῦντος
1911 4782 2072 4845 Θεοῦ,
2132 4783 2335 4852 δηλαδὴ
2378 4782 2516 4851 πρὸς
2549 4784 2698 4852 ἡμᾶς
2763 4784 2922 4845 αὖθις
2952 4785 3236 4838 ἐπανιέναι
3283 4787 3351 4838 τά
3387 4805 3444 4838 τε

189 4881 297 4932 τῶν
357 4877 641 4947 δημοσίων
698 4879 1064 4946 πραγμάτων,
1108 4876 1184 4940 ῶς
1223 4876 1350 4946 ἔσχε
1397 4893 1455 4930 τε
1498 4877 1704 4947 μεταξὺ
1738 4878 1830 4930 καὶ
1869 4878 2004 4946 ἐχοι,
2025 4877 2432 4948 διηγησομένῳ,
2457 4880 2550 4930 καὶ
2571 4878 2687 4943 ἅμα
2713 4878 2810 4944 τῆς
2835 4877 2880 4928 θ’
2908 4877 3200 4944 ὁμολογίας
3231 4879 3444 4943 ἐκείνης

191 4976 255 5044 ἦν
290 4974 392 5026 ἐπὶ
429 4969 531 5038 τῆς
563 4970 931 5042 λῃστευούσης
959 4971 1240 5040 ἐκείνηςό
1265 4971 1533 5040 Παλαμᾶς
1591 4971 1803 5037 ἀνέγνω
1844 4971 2090 5033 συνόδου,
2155 4970 2424 5023 δεικνύειν
2455 4970 2620 5040 θῆθεν
2667 4970 2868 5023 ἐθέλων
2924 4971 3000 5032 ὡς
3051 4971 3254 5038 ἥκιστα
3302 4975 3448 5022 νοσεῖ

195 5066 322 5135 περὶ
363 5063 466 5132 τὴν
496 5062 695 5131 εὐσεσῆ
730 5066 935 5124 πίστιν.
1011 5067 1107 5117 καὶ
1149 5064 1286 5134 πρός
1333 5081 1398 5132 γε
1445 5064 1555 5117 τῶν
1610 5065 1833 5118 ἀτόπων
1868 5065 2096 5117 ἐκείνων
2125 5063 2331 5145 τόμων,
2362 5065 2412 5116 εί
2450 5065 2526 5134 μὴ
2557 5065 2738 5116 πάντα
2771 5064 2941 5131 φάναι
2969 5063 3272 5133 συλλήϐδην
3302 5066 3356 5123 ἐς
3387 5065 3446 5114 τὸ

199 5160 368 5228 μηδὲν
403 5158 697 5220 ἐλλείπειν,
731 5157 845 5210 ἀλλ’
871 5157 962 5211 οὖν
992 5160 1060 5212 τὰ
1091 5158 1426 5229 καιριώτερα
1452 5160 1562 5214 τῶν
1581 5160 1764 5230 μερῶν
1801 5159 2196 5230 ἀπολεξαμένῳ
2233 5161 2449 5229 κομιεῖν
2513 5160 2667 5229 ἡμῖν.
2703 5156 2819 5226 Ἐφ’
2857 5158 2965 5226 ὅτῳ
3005 5158 3087 5221 δέ,
3148 5157 3256 5209 οὐδ’
3286 5158 3449 5209 αὑτὶν

195 5257 412 5320 ἀγνοεῖν
442 5249 600 5322 οἶμαι
629 5252 709 5307 σι’
743 5255 792 5306 εί
824 5253 870 5307 δ’
901 5253 1018 5316 οὖν,
1048 5255 1235 5325 γνώσῃ
1260 5255 1306 5308 δ’
1339 5251 1454 5315 οὖν.
1485 5275 1504 5307 ι

266 5351 417 5414 KG".
449 5348 670 5402 τοὺτων
728 5347 772 5399 δ’
804 5347 945 5400 οὕτω
1001 5347 1304 5416 λεχθέντων
1360 5350 1520 5418 ἡμῖν,
1577 5351 1606 5404 ὁ
1668 5351 1770 5420 μὲν

1952 5349 2141 5403 XXVI.
2171 5348 2302 5416 Quae
2332 5363 2455 5402 cum
2486 5349 2700 5403 locutus
2736 5355 2882 5401 esset
2916 5345 3318 5416 Agathangelus
3365 5349 3447 5401 via

209 5439 618 5512 ’.Χγαθάγγελος
659 5437 828 5508 ἀπῄει
870 5437 970 5508 τὴν
999 5437 1256 5490 είωθυῖαν
1285 5436 1547 5508 ἐνδακρύς
1585 5456 1645 5493 τε
1680 5441 1776 5493 καὶ
1877 5460 1884 5493 ι

1770 5477 1776 5492 .
1877 5456 1984 5511 qua
2019 5441 2305 5495 consuevit
2340 5440 2494 5505 abiit,
2535 5439 2788 5509 lacrymis
2827 5447 2882 5492 et
2915 5438 3135 5492 tristitia
3168 5439 3445 5506 impletus.

203 5537 346 5603 pila
377 5551 430 5588 τι
459 5531 748 5595 πλείστους
781 5531 840 5583 ἐν
877 5529 1146 5599 θαλάμοις
1194 5529 1378 5600 ψυχῆς
1429 5532 1774 5602 ἐπαγόμενος

1772 5553 1774 5559 ι
1878 5533 1992 5602 Ego
2020 5547 2151 5586 vero
2179 5530 2329 5584 domi
2367 5530 2592 5585 relictus
2636 5543 2778 5581 sum.
2816 5527 3064 5581 Ilominis
3090 5527 3312 5596 quidem
3356 5544 3447 5581 so-

198 5627 376 5695 λύπης
409 5624 646 5695 σωροὺς,
681 5622 792 5691 ἐγὼ
833 5623 888 5676 δὲ
917 5624 1057 5676 οἶκοι
1107 5623 1402 5694 λέλειμμαι
1439 5624 1625 5692 μόνος,
1679 5625 1773 5678 ἀν-

1768 5653 1773 5664 ι
1874 5627 2006 5681 latio
2035 5626 2280 5695 privatus
2307 5640 2483 5688 eram,
2518 5623 2612 5678 sed
2641 5639 2749 5676 non
2784 5623 2875 5676 Dei
2908 5621 2972 5676 ad
3007 5636 3170 5690 quem
3197 5635 3282 5673 me
3313 5635 3443 5672 cou-

200 5717 436 5785 Ερὼπων
468 5716 568 5785 μὲν
600 5716 799 5781 οὐδενὶ,
839 5716 988 5785 μόνῳ
1023 5717 1078 5768 δέ
1113 5717 1466 5785 προσανέχων
1495 5717 1616 5786 Θεῷ
1647 5718 1770 5769 ὅσον
1872 5734 1875 5743 ε

1872 5721 2159 5772 vertebant
2206 5731 2329 5770 cum
2393 5715 2458 5768 ad
2516 5730 2600 5768 me
2658 5713 2835 5783 ipsum
2888 5721 3152 5780 quantum
3204 5722 3447 5780 poterant

201 5807 441 5876 ἐφικτὸν,
485 5807 566 5870 είς
600 5806 836 5875 ἐμαυτὲν
867 5807 1159 5876 γενόμενος
1206 5807 1304 5876 ἤδη
1367 5809 1458 5860 καὶ
1503 5807 1636 5877 πρὸς
1677 5807 1770 5860 ἔκ-

1876 5809 2134 5872 retltrcm,
2179 5818 2231 5863 et
2280 5807 2346 5862 ad
2398 5806 2672 5861 insolitam
2723 5815 2774 5858 ct
2827 5803 3075 5858 altioxezn
3117 5800 3451 5870 contempla-
