4242 6342
779 377 877 441 155
1969 383 2392 445 NICEPIIORI
2435 386 2826 446 GREGORE
3908 380 4008 449 156

778 478 983 538 litetem
1031 485 1207 540 multo
1264 485 1529 556 majorem
1588 504 1750 557 quam
1814 499 1974 544 antea
2034 491 2453 563 HyrcanumAi

2338 497 2781 566 ιΑέξωτερικῆς
2846 495 3098 565 βοηθείας
3178 494 3623 565 ἀπῳκισμένους.
3694 493 3857 547 Ὀθεν
3916 497 4013 547 καὶ

774 575 1056 645 cupiarum
1092 572 1499 634 multitudinem
1535 582 1754 634 mittere
1801 589 1858 635 et
1886 584 2114 638 alteram
2165 586 2340 640 multo
2441 591 2449 641 1

2339 619 2340 624 η
2441 586 2895 658 Καντακουζηνὸς
2935 586 2993 651 ἐξ
3021 587 3316 641 ἀντιπάλου
3352 588 3453 654 τῆς
3486 585 3668 656 ὁρμῆς
3700 582 4014 638 πολλαπλα-

781 670 1040 738 majorem
1098 683 1128 721 e
1186 671 1500 739 propinquo
1529 671 1652 723 loco
1692 676 1993 741 comparari
2032 677 2203 743 jubet.
2262 677 2339 729 Ex
2443 697 2456 730 ι

2333 693 2339 729 L
2443 680 2544 731 σίω
2577 679 2676 747 μὶν
2704 680 2804 746 τῆς
2836 679 2966 749 πρὶν
3005 679 3065 742 ἐξ
3104 679 3374 748 Ὑρκανοῦ
3422 677 3766 747 βαρϐαρικὴν
3835 690 4008 745 μετα-

778 762 993 813 (ltt'obus
1021 759 1187 829 igitur
1220 763 1453 815 alterum
1503 763 1618 815 ﬁeri
1668 769 1931 832 oportuit,
1973 778 2030 821 ut
2062 785 2186 821 cum
2217 769 2341 822 Tri-
2444 787 2453 819 τ

2337 801 2341 811 ι
2444 771 2721 837 πέμπεται
2767 770 3019 835 δύναμιν,
3068 770 3458 822 πολλαπλασίω
3496 770 3541 821 δ’
3576 764 3642 821 αὖ
3686 767 3785 819 καὶ
3840 768 4012 834 αὐτῆς

780 840 935 903 bullis
964 852 1243 920 conjuncti
1274 869 1340 905 ex
1370 853 1567 907 itinere
1613 866 1837 923 repente
1884 857 2144 924 impetum
2199 858 2343 913 lace-
2443 861 2455 911 ί

2337 889 2343 899 -
2443 861 2508 911 ἐκ
2529 858 2622 910 τοῦ
2664 860 2930 927 σύνεγγυς
2984 861 3077 913 καὶ
3135 862 3367 913 κατόπιν
3407 862 3601 930 ἐτέραν
3654 859 4012 927 παρασκευά-

780 949 901 993 rent
934 944 1158 996 sedibus
1187 952 1343 998 antea
1388 946 1565 1011 captis
1612 956 1667 998 et
1717 948 1993 1016 prau-lusis
2041 951 2140 1001 viis
2179 967 2341 1019 quam
2445 951 2455 1003 ἐ

2338 973 2341 1004 ι
2445 951 2632 1014 ζεσθαι
2664 952 3060 1020 παραγγέλλει,
3096 953 3243 1004 δυοῖν
3281 952 3534 1019 θάτερον,
3564 952 3597 1020 ἢ
3639 954 3705 1020 τῇ
3762 953 3826 1001 ὲκ
3878 949 4013 1017 Τρι-

782 1031 855 1083 illi
886 1033 1409 1096 animadverterent,
1464 1046 1558 1088 aut
1614 1036 1658 1088 si
1710 1037 1811 1087 hoc
1865 1038 2043 1091 minus
2096 1040 2345 1092 valerent
2446 1047 2457 1093 t

2342 1077 2345 1086 π
2446 1044 2659 1095 ϐαλλῶν
2690 1045 2976 1113 συμμαχίᾳ.
3025 1044 3167 1096 κατὰ
3210 1043 3310 1111 τὴν
3366 1044 3483 1094 ὁδὸν
3521 1043 3781 1109 ἐξαίφνης
3835 1043 4017 1091 ἐπιτε-

782 1120 1095 1186 szantium
1132 1136 1575 1193 pmoccuparent
1603 1134 1655 1177 et
1689 1125 1755 1177 ad
1798 1127 2095 1194 perniciem
2135 1139 2191 1181 et
2232 1144 2348 1182 ser—
2447 1136 2457 1184 ί

2338 1160 2348 1170 ·
2447 1136 2803 1201 θησομένους,
2839 1137 2907 1187 τὰ
2970 1136 3166 1205 ἐνεδρα
3204 1134 3716 1202 προκατειληφότας
3768 1134 3863 1184 καὶ
3914 1134 4013 1191 τὰς

780 1214 1006 1263 vittttent
1038 1212 1185 1263 omni
1217 1212 1539 1266 defensioue
1583 1213 1864 1268 meliorem
1916 1216 2220 1271 traherent.
2269 1220 2348 1273 Ac
2448 1242 2455 1258 -

2342 1238 2348 1269 ι
2448 1226 2714 1293 παρόδους
2754 1226 2881 1293 πρὶν
2954 1225 3195 1285 ἐκείνους
3238 1223 3553 1283 αἰσθέσθαι.
3597 1224 3628 1290 ἦ
3664 1226 3712 1274 εί
3748 1223 3823 1290 μὴ
3856 1220 4017 1272 τοῦτο

782 1315 906 1352 cum
940 1302 1188 1370 pecuniis
1246 1303 1517 1371 indigeret
1564 1304 1679 1367 ille,
1712 1306 1894 1359 omnia
1922 1321 2045 1374 qua:
2100 1306 2346 1377 Byzantii
2447 1315 2457 1365 ί

2344 1354 2346 1360 ι
2447 1315 2745 1382 δυνηθεῖεν,
2779 1316 2893 1368 ἀλλ’
2930 1316 3046 1384 ἅμα
3076 1315 3226 1383 αὑτῷ
3257 1314 3460 1383 φθῆναι
3495 1313 4019 1383 προκαταλαδόντας

784 1406 934 1444 sacra
965 1402 1284 1446 ornamenta
1317 1403 1496 1459 erant,
1532 1410 1670 1448 auro
1696 1405 1747 1449 et
1792 1404 2017 1465 argento
2048 1406 2102 1451 et
2150 1399 2351 1467 lapidi-
2449 1404 2459 1454 1

2341 1429 2351 1440 -
2449 1402 2738 1467 Βυζάντιον
2769 1404 2856 1457 ἐπ’
2897 1405 3102 1475 ὀλέθρῳ
3138 1406 3233 1458 καὶ
3266 1403 3700 1475 ἀνδραποδισμῷ
3750 1401 4016 1456 παντελεῖ

788 1486 887 1536 bus
914 1483 1171 1551 Speciosis
1195 1483 1481 1545 adornata,
1504 1485 1569 1537 ad
1610 1486 1892 1553 pecuniam
1926 1489 2349 1557 comparandam

785 1576 837 1628 in
874 1591 1040 1628 unum
1070 1576 1337 1645 collegit.‘
1366 1576 1520 1631 Unde
1559 1590 1683 1629 cum
1727 1577 1838 1646 regi
1892 1592 2152 1648 prospera
2203 1591 2353 1635 esset

786 1667 997 1720 tortum
1053 1668 1233 1732 facta,
1284 1666 1597 1723 distributis
1646 1668 1699 1721 in
1764 1668 2030 1725 Barbaros
2079 1673 2351 1739 pecuniis,

784 1761 984 1811 iterum
1022 1760 1196 1823 palam
1247 1773 1491 1812 summos
1517 1760 1790 1830 Byzantiis
1838 1771 2078 1815 terrores
2110 1773 2163 1815 et
2212 1765 2350 1832 peri-

786 1850 906 1902 ruta
945 1850 1247 1918 proposuit,
1275 1865 1344 1906 ne
1372 1850 1513 1905 forte
1538 1851 1899 1919 Palaeologum
1930 1852 2088 1921 180
2112 1854 2356 1923 recipere

787 1955 817 1989 v
857 1940 1011 1991 llent.
1051 1939 1252 1993 Verum
1284 1942 1568 1994 enimvero
1597 1942 1860 2009 Opinione
1906 1954 2085 1996 vestra
2113 1944 2276 1998 citius
2305 1944 2357 1997 in

789 2030 1151 2084 Barbarorum
1205 2040 1475 2098 potestate
1525 2049 1622 2087 vos
1666 2034 1923 2087 videbitis
1981 2050 2171 2089 omnes
2233 2052 2357 2090 cum

792 2121 961 2173 totius
988 2123 1139 2174 urbis
1167 2122 1401 2184 civibus,
1438 2138 1683 2177 summos
1725 2134 1782 2176 et
1834 2122 2072 2187 inﬁmos,
2116 2124 2360 2181 illustres

788 2224 843 2265 et
888 2214 1158 2267 obscuros
1204 2215 1452 2268 homines
1503 2232 1628 2269 cum
1689 2216 2015 2271 mulieribus
2061 2218 2360 2286 liberisque

790 2304 1067 2358 omnibus.
1095 2304 1261 2359 Scitis
1289 2306 1437 2358 enirn
1466 2307 1532 2359 ad
1566 2308 1776 2362 Aureas
1820 2308 2134 2363 nominatas
2177 2318 2362 2377 portas

792 2386 1000 2463 magna:
1033 2396 1194 2464 hujus
1243 2397 1395 2452 urbis
1445 2398 1498 2450 in
1547 2400 1782 2468 geminis
1838 2400 1959 2453 illis
1994 2411 2050 2455 et
2111 2403 2363 2455 maximis

792 2487 1033 2541 caste!lis
1071 2489 1398 2542 collocatum
1454 2490 1769 2559 praesidium
1814 2508 1992 2544 nteum
2042 2494 2361 2562 jamdudum

791 2595 857 2632 ex
903 2581 1230 2650 alienigenis
1271 2593 1647 2650 comparatum
1698 2583 1843 2653 quod
1922 2586 2239 2653 acropoleos
2280 2597 2365 2641 est

792 2671 1179 2741 Byzantiorum
1232 2674 1568 2729 tutissimum
1627 2677 2123 2745 propugnaculum.
2179 2676 2364 2745 Itaque

793 2765 950 2819 t'acile
984 2781 1208 2834 possum
1242 2767 1286 2821 si
1320 2770 1480 2820 velim
1511 2768 1688 2822 tribus
1715 2784 1907 2823 eorum
1944 2770 2189 2826 millibus
2220 2772 2363 2825 haud

793 2856 1114 2910 inferiorem
1149 2858 1201 2911 in
1231 2858 1549 2929 Byzantium
1588 2860 1942 2917 introducere
1999 2862 2364 2917 Barbarorum

786 2948 1138 3018 jnventutem
1196 2958 1252 3004 et
1318 2966 1416 3005 vos
1473 2966 1666 3007 omnes
1714 2952 1942 3007 omnino
1998 2953 2053 3007 in
2104 2954 2363 3020 majorem

796 3041 1012 3094 trahere
1047 3042 1347 3110 perniciem
1395 3058 1558 3112 quam
1610 3059 1734 3115 qua:
1784 3043 2058 3100 Orestiadi
2109 3048 2363 3117 contigit,

794 3153 959 3206 quam
994 3137 1244 3193 funditus
1278 3154 1385 3192 non
1416 3140 1611 3195 everti.
1638 3139 1800 3195 Stare
1825 3156 1945 3196 eam
1978 3157 2173 3210 passus
2202 3159 2362 3208 sum;

795 3228 942 3297 quod
979 3229 1202 3299 quidem
1234 3229 1527 3298 benignius
1574 3230 1677 3285 feci
1719 3247 1883 3301 quam
1935 3232 2246 3288 Alexander
2278 3236 2369 3288 ille

797 3319 1044 3383 Macedo,
1097 3321 1190 3390 qui
1243 3321 1491 3377 funditus
1536 3323 1735 3378 evertit
1787 3324 2011 3381 Thebas
2038 3334 2099 3380 ut
2146 3325 2371 3380 Gracia:

797 3413 1079 3467 montibus
1109 3414 1295 3467 lumen
1348 3414 1678 3484 imponeret.
1736 3414 2003 3485 Equidem
2054 3417 2110 3471 in
2166 3433 2366 3472 memo-

800 3506 933 3558 riam
971 3505 1205 3557 l'ortuna:
1237 3520 1423 3559 muros
1451 3504 1604 3558 urbis
1634 3506 1828 3575 reliqui
1857 3508 1927 3561 ob
1972 3508 2173 3563 civium
2209 3510 2370 3565 ﬁdem

798 3597 1071 3651 desertos.
1100 3596 1209 3650 Nec
1236 3596 1469 3650 multum
1524 3598 1698 3651 abfuit
1731 3600 1865 3668 quin
1894 3600 2018 3656 aliis
2044 3603 2274 3657 urbibus
2305 3620 2371 3657 ne

799 3688 989 3742 eadem
1024 3688 1268 3741 facerent
1291 3689 1633 3755 nuntiarem,
1668 3704 1737 3744 ne
1772 3690 1827 3743 in
1885 3692 2104 3747 easdem
2159 3694 2372 3749 incide-

803 3790 923 3831 rent
950 3780 1306 3832 calamitates.
1336 3778 1449 3832 Rex
1498 3780 1645 3834 enim
1698 3782 1916 3851 imperii
1957 3785 2259 3853 cupiditate
2295 3790 2375 3840 in-

799 3876 877 3926 cit
918 3884 1005 3925 tus
1044 3870 1410 3941 gubernacula
1461 3872 1779 3941 reipublicae
1813 3885 2000 3928 tenere
2024 3876 2175 3929 nullo
2211 3877 2373 3931 modo

798 3975 1003 4035 potest.
1038 3965 1113 4018 lta
1142 3966 1363 4018 locutus
1392 3976 1476 4018 est
1523 3975 1578 4019 et
1621 3966 1766 4035 quod
1800 3966 2037 4030 dixerat,
2074 3967 2225 4023 fecit.
2268 3968 2372 4023 l’er

800 4059 1009 4126 legatos
1034 4057 1181 4110 enim
1239 4055 1491 4128 Hyrcano
1522 4058 1675 4127 181
1711 4059 1944 4112 barbaro
1973 4060 2111 4113 clam
2165 4061 2375 4114 detum-

800 4151 902 4205 tiat
950 4158 1009 4204 ut
1053 4151 1163 4204 duo
1213 4152 1445 4204 militum
1501 4152 1669 4204 millia
1702 4168 1864 4220 quant
1897 4152 2185 4213 celerrime
2220 4172 2376 4223 para-

801 4255 906 4298 ret.
956 4244 1266 4298 Verisimile
1302 4245 1450 4298 enim
1502 4259 1624 4298 esse
1668 4244 2035 4298 Triballorum
2071 4249 2372 4301 exercitum

800 4337 1088 4390 Thraciam
1122 4338 1464 4397 invasurum,
1494 4346 1555 4390 ut
1602 4354 1727 4391 cum
1765 4337 2068 4408 Palaaologo
2113 4357 2236 4407 tege
2285 4357 2375 4393 so-

2449 1512 2508 1548 τε
2548 1498 2641 1549 καὶ
2672 1498 2850 1566 πάσης
2877 1498 3096 1567 ἀμύνης
3135 1497 3406 1567 ἀμείνονι.
3437 1495 3687 1565 Κάπειδὴ
3718 1495 4023 1564 χρημάτων

2452 1588 2511 1639 ἐν
2530 1585 2739 1649 τούτοις
2770 1588 2902 1651 ἔδει,
2934 1588 3132 1657 μηνύει
3184 1589 3255 1641 τά
3286 1589 3409 1657 ίερὰ
3464 1587 3575 1641 τῶν
3631 1589 3690 1639 ἐν
3738 1585 4029 1648 Βυζαντίῳ

2454 1679 2893 1747 φροντιστηρίων
2949 1681 3211 1733 ἁπάντων
3264 1679 3551 1749 κειμήλια,
3589 1678 3692 1730 ὅσα
3719 1694 3782 1729 τε
3837 1674 4033 1745 χρυσῷ

2457 1771 2553 1821 καὶ
2584 1770 2812 1840 ἀργύρῳ
2840 1772 2937 1825 καὶ
2968 1773 3071 1825 ὅσα
3102 1771 3270 1833 λίθοις
3304 1769 3622 1822 πολυτελέσι
3662 1769 4033 1836 κεκόσμηται,

2464 1856 2621 1910 πάνθ’
2654 1857 2777 1925 ἑξῆς
2812 1858 3172 1927 ἀθροισθέντα
3202 1856 3506 1927 συλλήϐδην
3538 1856 3839 1926 χρημάτων
3865 1854 4035 1907 ἀλλά-

2461 1949 2684 2014 ξασθαι.
2712 1950 2992 2019 Εὐπορίας
3008 1946 3101 2004 οὖν
3140 1949 3393 2003 ἐντεῦθεν
3418 1949 3569 2017 αὑτῷ
3599 1948 3901 2017 γενομένης
3937 1945 4038 1997 καὶ

2460 2038 2719 2109 διανομῆς
2750 2045 2806 2102 ἐς
2844 2040 3182 2111 βαρϐάρους,
3238 2039 3572 2093 ἐπιστέλλων
3605 2038 3762 2099 αὖθις
3814 2035 4035 2105 ὴπείλει

2461 2127 2786 2196 περιφανῶς
2814 2128 2885 2182 τὰ
2913 2128 3241 2199 παγχάλεπα
3279 2127 3620 2190 Βυζαντίοις,
3647 2126 3713 2179 τά
3747 2126 3791 2178 δ’
3822 2120 3912 2187 a5,
3960 2124 4037 2192 μὴ

2464 2222 2668 2291 σφόδρα
2735 2222 3105 2289 Παλαιολόγον
3157 2222 3500 2291 εἰσδέχεσθαι
3560 2218 3872 2288 βούλεσθαι.
3902 2234 3918 2265 ι
3958 2212 4039 2267 Ἦ

2462 2314 2571 2381 γὰρ
2625 2313 2723 2365 οὐκ
2772 2314 2840 2366 ἂν
2891 2313 3169 2383 φθάνοιτε,
3222 2331 3240 2364 ο
3296 2313 3454 2383 φησὶ,
3511 2330 3529 2363 ι
3573 2313 3683 2372 τοῖς
3740 2308 4042 2378 βαρϐάροις

2466 2402 2849 2472 προδεδομένοι
2885 2404 2981 2456 σύν
3031 2421 3090 2455 τε
3135 2402 3424 2473 αύτάνδρῳ
3488 2400 3688 2461 πάντες
3728 2401 3915 2470 ἁπάσῃ
3970 2401 4040 2467 τῇ

2464 2491 2640 2552 πόλει,
2676 2489 2739 2561 ει.
2771 2490 2871 2545 105
2891 2490 2939 2562 r]
2970 2492 3191 2560 μείζους
3225 2491 3322 2544 καὶ
3375 2486 3594 2559 ἧτξους,
3663 2489 3927 2557 ἐπίσημοι
3980 2504 4043 2539 τε

2466 2584 2561 2636 καὶ
2589 2584 2818 2653 ἄσημοι,
2856 2584 3050 2655 ἄνδρες
3088 2583 3227 2654 ὁμοῦ
3265 2586 3360 2637 καὶ
3406 2585 3666 2651 γυναῖκες
3706 2582 3802 2633 καὶ
3852 2579 4044 2649 ἡλικία

2465 2678 2637 2732 πᾶσα.
2676 2679 2819 2730 Ἱστε
2848 2678 2957 2748 γὰρ
2980 2678 3107 2740 τοὺς
3145 2677 3299 2746 παρὰ
3335 2676 3431 2740 τὰς
3454 2676 3666 2747 χρυσᾶς
3694 2674 4047 2740 καλουμένας

2465 2768 2564 2837 τῆς
2595 2769 2839 2839 μεγάλης
2886 2768 3122 2838 ταυτησὶ
3174 2768 3382 2830 πόλεως
3442 2766 3618 2829 πύλας
3660 2766 3882 2827 διπλοῦς
3947 2765 4049 2817 καὶ

2472 2860 2763 2927 μεγίστους
2797 2861 3037 2923 ἐκείνους
3060 2858 3306 2929 πύργους
3334 2860 3474 2931 ἐμὴν
3504 2862 3568 2914 ἐκ
3608 2860 3804 2913 πολλοῦ
3842 2860 4048 2928 ξυμμι-

2468 2953 2541 3021 γῆ
2574 2954 2954 3022 κεκτημένους
2988 2952 3048 3016 ἐξ
3088 2952 3403 3021 ἀλλοφύλων
3438 2952 3686 3021 φρουρὰν
3744 2953 3838 3003 καὶ
3868 2969 4048 3017 κεφα-

2469 3044 2568 3112 λὴν
2605 3044 2685 3105 είς
2725 3043 3022 3113 ἀκρόπολιν
3063 3043 3221 3103 ὄντας
3289 3042 3599 3105 Βυζαντίων
3635 3040 4044 3109 καιριωτάτην,

2393 3162 2439 3221 C
2468 3135 2543 3197 ὡς
2568 3133 2710 3187 εἷναί
2746 3153 2835 3205 μοι
2875 3135 3019 3189 πάνυ
3047 3151 3101 3187 τι
3137 3135 3322 3206 ῥᾴδιον
3368 3134 3564 3187 θάττον
3590 3133 3623 3203 ἦ
3653 3133 3810 3200 λόγος
3850 3132 4050 3201 βουλη-

2477 3231 2623 3283 θέντι
2650 3229 2719 3283 δι’
2782 3228 2966 3282 αὐτῶν
3016 3228 3295 3297 ἐμπλῆσαι
3337 3225 3647 3295 δισμυρίων
3694 3224 3791 3293 οὐχ
3847 3224 4052 3293 ἥττους

2478 3322 2775 3384 Βυζάντιον
2819 3322 3153 3390 ὁπλομάχων
3189 3320 3483 3389 βαρϐάρων
3514 3318 3609 3369 καὶ
3638 3316 3848 3378 πάντας
3874 3315 4050 3385 ἄρδην

2480 3415 2626 3483 ὑμᾶς
2666 3414 2867 3483 ἡϐηδὸν
2918 3413 3254 3482 διαφθεῖραι,
3297 3412 3481 3480 χεῖρον
3523 3411 3555 3479 ἡ
3592 3409 3735 3460 κατὰ
3772 3408 3869 3477 τὴν
3898 3407 4057 3479 Ὀρε-

2481 3508 2673 3562 στιάδα
2698 3510 2948 3576 ταυτηνὶ,
2977 3507 3043 3575 ἡν
3073 3505 3276 3564 τελέως
3305 3503 3403 3573 μὲν
3424 3502 3526 3554 οὐκ
3550 3501 3843 3570 ἁνέτρεψα,
3868 3501 3975 3569 μάτ
3988 3518 4053 3564 εν

2480 3602 2524 3653 δ’
2555 3596 2649 3653 οὖν
2669 3599 2969 3667 ἱσταμένην
3000 3598 3215 3666 ἀφῆκα,
3255 3594 3783 3665 φιλανθρωπότερόν
3804 3610 3856 3645 τι
3881 3594 4057 3645 ποιῶν

2483 3694 2577 3747 καὶ
2608 3692 2974 3761 συνετώτερον
3007 3691 3039 3761 ἢ
3078 3689 3599 3758 φιλανθρωπότερον
3636 3689 3812 3739 εἰπεῖν
3853 3686 3885 3755 ἢ
3933 3686 4059 3736 κατ’

2482 3786 2690 3838 ἐκεῖνον
2728 3783 3083 3851 Ἀλέξανδρον
3126 3782 3216 3833 τὸν
3276 3780 3589 3834 Μακεδόνα.
3665 3778 3903 3838 Ἐκεῖνος
3955 3779 4058 3842 μὲν

2484 3876 2592 3945 γάρ
2626 3877 2687 3927 ἐκ
2710 3874 2980 3945 θεμελίων
3039 3872 3304 3942 ἀνέτρεψε
3362 3872 3568 3941 Θὴὀας,
3612 3869 3914 3940 μηλόδοτον
3954 3870 4061 3936 τῆς

2495 3970 2746 4030 Ἑλλάδος
2769 3970 3119 4036 καταστήσας
3140 3967 3232 4018 τὸν
3260 3965 3540 4031 ὀνρθαλμόν
3568 3979 3581 3993 ·
3636 3961 3744 4029 ἐγὼ
3798 3961 3855 4015 δὲ
3916 3980 4061 4031 μνη-

2487 4064 2637 4129 μεῖον
2682 4058 3052 4111 καταλέλοιπα
3084 4054 3387 4124 συμφορῶν
3425 4055 3492 4107 τὰ
3534 4054 3632 4120 τῆς
3658 4052 3867 4112 πόλεως
3900 4053 4059 4122 τείχη

2483 4152 2816 4218 κενωθείσης
2841 4149 2909 4201 δι’
2937 4149 3195 4217 εὐήθειαν
3252 4147 3579 4215 οἰκητόρων,
3613 4145 3835 4196 πόλεσιν
3864 4144 4062 4204 ἄλλαις

2487 4245 2645 4314 μόνον
2696 4243 2820 4312 οὐχὶ
2845 4241 2913 4293 δι’
2941 4242 3165 4310 ἐρήμων
3205 4238 3314 4291 τῶν
3361 4238 3658 4290 οἰκοπέδων
3715 4235 3924 4305 βοῶντα
3979 4236 4058 4305 μὴ

2482 4335 2617 4403 δρᾷν
2646 4333 2715 4385 τὰ
2746 4332 2906 4395 αὐτὰ,
2946 4331 3033 4382 ἵνα
3067 4330 3141 4399 μὴ
3176 4332 3288 4391 τοῖς
3339 4328 3521 4389 αὐτοῖς
3555 4327 3908 4395 περιπαρῶσι
3959 4342 4063 4377 κα-

798 4430 1055 4482 εἱι-ιαιριη
1118 4428 1306 4481 iniret.
1370 4427 1609 4481 Necesse
1662 4437 1747 4480 est
1798 4429 1983 4497 igitur,
2036 4431 2234 4499 inquit,
2293 4448 2378 4485 me
2410 4451 2457 4509 ι)

2410 4451 2457 4509 D
2484 4426 2623 4484 κοῖς.
2676 4420 2856 4489 Θυμδς
2893 4421 2998 4489 γὰρ
3034 4420 3294 4489 βασιλέως
3328 4416 4062 4517 όξύτητιᾳιριλαρχίας-ὲρεῖ

798 4519 957 4587 sequi
990 4535 1113 4571 cum
1147 4519 1513 4571 Barbarorum
1550 4521 1795 4572 exercitu
1838 4530 1893 4572 et
1929 4520 2246 4587 Byzantium
2283 4537 2379 4590 per
2416 4507 2435 4509 ⁷

2416 4507 2435 4509 ⁷
2486 4514 2769 4583 θιζόμενος
2802 4513 3066 4581 πηδάλιον
3094 4512 3241 4580 ἔχειν
3289 4510 3489 4579 ἥκιστα
3540 4510 3781 4562 δύναται.
3825 4527 3842 4558 ι
3890 4507 4059 4560 Ταῦτ’

800 4615 1015 4667 Aureas
1042 4624 1225 4680 portas
1260 4612 1518 4665 celeriter
1567 4614 1873 4680 ingressum
1916 4621 2082 4665 totum
2110 4628 2233 4665 eum
2279 4614 2379 4665 ho~

2489 4609 2666 4676 ἔλεγε,
2708 4610 2805 4659 καὶ
2835 4608 2948 4669 τοῖς
2976 4606 3154 4672 λόγοις
3186 4606 3217 4671 ἡ
3251 4606 3357 4655 τῶν
3408 4603 3586 4673 ἔργων
3633 4602 3820 4653 εἰπετο
3878 4617 4063 4669 παρα-

801 4707 1047 4757 nnnibus
1092 4705 1283 4756 urbem
1330 4705 1703 4772 exstinguere.
1752 4705 1865 4757 Nec
1919 4704 2021 4757 nisi
2066 4720 2168 4773 ego
2207 4706 2379 4773 impe-

2487 4701 2679 4770 σκευή.
2723 4698 2953 4767 Πέμψας
2989 4698 3097 4764 γάρ
3152 4697 3415 4766 βαρϐάρῳ
3465 4694 3652 4762 κρύφα
3718 4692 3916 4761 μηνύει
3983 4692 4063 4759 τῷ

801 4799 956 4855 rabo,
990 4808 1170 4861 neque
1213 4793 1293 4847 illi
1331 4794 1622 4861 imperare,
1673 4810 1851 4863 neque
1880 4812 2002 4850 esse
2035 4796 2238 4863 quibus
2276 4799 2379 4849 itu-

803 4896 979 4947 ενοι-ει,
1014 4886 1175 4938 liceat
1200 4886 1253 4937 in
1287 4884 1560 4939 futurum.
1583 4886 1761 4954 Atque
1777 4887 1871 4956 qui
1898 4888 2203 4955 periculum
2236 4887 2379 4940 eﬂ'u-

800 4980 1001 5045 perint,
1029 4977 1082 5031 bi
1104 4992 1323 5045 quoque
1345 4978 1397 5029 in
1426 4978 1694 5033 ditionem
1717 4990 1864 5033 tuam
1881 4981 2063 5034 redire
2085 4991 2375 5047 cogentur.

2498 4793 2751 4862 ’Υρκανῴ
2783 4792 3105 4859 δισμυρίους
3167 4790 3265 4856 τὴν
3289 4789 3554 4856 ταχίστην
3616 4785 3843 4848 ὁπλίτας
3883 4801 4064 4852 παρα-

2490 4886 2777 4939 σκευάσαι.
2844 4883 3123 4946 Ἐπίδοξον
3169 4883 3277 4951 γάρ
3326 4881 3596 4948 ὑπάρχειν
3656 4878 3943 4930 ἐσϐάλλειν
3980 4880 4061 4937 εἰς

2488 4979 2715 5048 Θρᾴκην
2746 4976 2979 5045 στρατὸν
3014 4973 3333 5042 Τριϐαλλῶν
3365 4971 3716 5038 Παλαιολόγῳ
3741 4968 3817 5036 τῷ
3850 4970 4063 5036 βασιλεί

803 5074 1263 5144 συμμαχήσοντα.
1315 5067 1471 5127 Εἶναι
1509 5073 1554 5125 δ’
1604 5072 1697 5126 οὖν
1754 5076 2059 5142 ἀναγκαῖον
2123 5076 2271 5145 κάμέ
2309 5091 2443 5142 φησι
2479 5074 2712 5125 κατόπιν
2756 5070 2853 5136 ξύν
2882 5086 2944 5137 γε
2971 5069 3050 5138 τῷ
3092 5065 3416 5137 βαρϐαρικῴ
3457 5065 3681 5117 ἐπιόντα
3718 5062 3936 5132 στρατῷ
3974 5061 4062 5113 διὰ

802 5173 913 5223 τῶν
961 5174 1211 5242 χρυσέων
1266 5190 1324 5226 τε
1370 5174 1599 5226 εἰσιέναι
1647 5170 1835 5224 πυλῶν
1874 5175 1952 5232 είς
1985 5172 2279 5230 Βυζάντιον
2326 5169 2488 5231 εὐθὺς
2525 5170 2621 5221 καὶ
2659 5168 2843 5220 πᾶσαν
2895 5164 3197 5232 αύτανδρον
3247 5161 3418 5232 ἄρδην
3452 5158 3704 5229 ἐκτρῖψαι
3744 5158 3842 5227 τὴν
3881 5157 4060 5229 «πόλινἱ

805 5289 829 5316 ιι
854 5287 877 5328 ς
908 5270 956 5320 εἰ
988 5268 1063 5339 μὴ
1098 5284 1161 5335 γε
1197 5268 1321 5336 ἐμὲ,
1356 5266 1469 5319 ἀλλ’
1493 5265 1587 5319 οὖν
1617 5264 1746 5335 μήτ’
1779 5265 1944 5318 αὐτὸν
1983 5263 2289 5333 βασιλεύειν
2325 5264 2428 5328 ἔτι,
2472 5262 2599 5332 μήτ’
2632 5255 2711 5323 οἷς
2754 5256 3144 5329 βασιλεύεσθαι
3184 5255 3277 5307 τοῦ
3314 5253 3503 5306 λοιποῦ
3545 5251 3721 5321 χρεὼν
3748 5248 3889 5304 εἶναι
3914 5264 3929 5279 °
3965 5252 4064 5305 καὶ

807 5363 887 5425 οἷς
928 5365 973 5416 δ’
1013 5365 1079 5418 αὖ
1112 5365 1396 5431 διαδρᾶναι
1428 5363 1519 5415 τὸν
1550 5362 1796 5414 κίνδυνον
1830 5359 2105 5429 δήπουθεν
2138 5360 2372 5426 γένοιτο,
2407 5360 2503 5412 καὶ
2525 5357 2736 5419 τούτοις
2767 5356 2811 5408 δ’
2842 5350 2985 5407 εἶναι
3022 5354 3133 5413 σοῖς
3166 5351 3523 5418 ὑποχειρίοις.

879 5458 968 5514 ιν.
1024 5460 1118 5513 His
1159 5454 1229 5514 ita
1280 5458 1611 5527 comparatis
1667 5474 1776 5510 non
1826 5456 2014 5510 multis
2054 5467 2177 5525 post
2226 5458 2386 5510 annis

2562 5458 2635 5509 A'.
2668 5454 2890 5507 Τούτων
2942 5452 2991 5505 δ’
3030 5449 3178 5502 οὓτω
3228 5442 3796 5515 παρεσκευασμένων,
3833 5442 3897 5493 ού
3933 5440 4065 5493 πολ-

804 5555 1220 5608 (;.mtacuzenus
1299 5566 1327 5603 a
1403 5548 1841 5618 speculatoribus
1914 5549 2117 5603 certior
2209 5549 2386 5603 factus

2490 5550 2608 5612 λαῖς
2639 5547 2867 5618 ὓστερον
2894 5545 3134 5614 ἡμέραις
3165 5541 3381 5609 ὀλίγους
3413 5539 3573 5595 ὄντας
3603 5537 3632 5589 ό
3667 5534 4065 5601 Καντακουῖη-

808 5658 1012 5710 ιυιιοοε
1079 5644 1129 5693 in
1202 5640 1485 5708 Palmologi
1551 5639 1869 5694 societatem
1927 5637 2115 5692 venire
2174 5635 2387 5691 Tribal-

2490 5638 2579 5699 νὸς
2603 5637 2689 5689 διὰ
2720 5637 2830 5688 τῶν
2857 5632 3266 5703 ἡμεροσκόπων
3299 5625 3641 5697 μεμαθηκὼς
3676 5626 3772 5675 καὶ
3818 5618 4065 5727 μάλιςΙίς

814 5741 994 5790 lorum
1060 5737 1262 5789 milites
1312 5746 1365 5788 rt
1417 5735 1503 5787 vix
1571 5742 1811 5802 quatuor
1874 5732 2063 5791 millia,
2132 5732 2387 5784 celeriter

2491 5726 2964 5799 τετρακισχιλίους
2986 5725 3077 5777 τὸν
3110 5722 3347 5792 ἀριθμὸν
3380 5719 3505 5781 τούς
3525 5734 3589 5785 γε
3627 5717 3709 5777 είς
3741 5715 4063 5786 ξυμαχίαιν

812 5833 1080 5886 Barbaros
1146 5829 1377 5900 llyrcani
1432 5828 1619 5897 copias
1680 5826 1884 5895 eptimc
1952 5827 2247 5880 instructas
2309 5837 2388 5878 at-

2387 5857 2388 5860 η
2496 5823 2675 5883 ἰόντας
2704 5818 3026 5888 Τριῦχλλῶν
3062 5814 3403 5884 στρατιώτας
3452 5808 3829 5877 Παλαιολόγῳ,
3897 5821 4062 5874 μετα-
