4264 6362
839 364 941 430 163

2042 352 2458 414 NICEPIIURI
2504 351 2892 410 GREGORE

3979 354 4076 414 164

835 476 985 532 tiade
1010 474 1200 529 relicta
1233 467 1553 540 Byzantium
1577 465 1648 520 ob
1670 479 1789 519 eam
1815 477 2032 518 causam
2063 462 2258 516 itinere
2285 477 2414 516 con—
2441 469 2484 522 Α

2449 469 2484 522 Α
2516 466 2657 514 πάνυ
2681 463 2926 530 ταχείαις
2975 463 3186 531 χερσὶν,
3239 461 3520 530 ἄπρακτον
3586 460 3749 514 αὑτὸν
3796 463 3853 515 ἐν
3899 469 4081 531 τρισὶν

839 571 1038 626 tendit.
1069 569 1132 622 Et
1163 580 1287 618 eum
1311 567 1368 614 in
1419 560 1731 629 suspicione
1778 555 2141 625 patriarcham
2185 554 2414 607 haberet

837 675 963 712 cuin
1005 659 1075 709 ob
1113 655 1252 707 alias
1285 665 1479 704 causas
1504 661 1614 702 tum
1652 645 1993 715 potissimum
2014 643 2085 696 ob
2118 642 2411 695 amicitiam

838 765 942 816 qua
985 746 1355 814 propenderet
1410 741 1462 792 in
1524 737 1884 805 Pala-ologum
1916 776 1931 801 ,
1987 734 2413 803 prudentissime

839 839 942 892 sibi
976 838 1130 890 visus
1159 845 1245 889 est
1293 830 1624 898 exj-eriendo
1674 842 1793 881 esse
1822 828 1943 897 ejus
1982 827 2036 880 in
2073 841 2130 878 se
2162 825 2413 877 volunta-

841 941 949 983 tem
985 928 1390 982 intellecturus.
1419 921 1562 973 Misit
1609 920 1774 988 igitur
1798 919 1890 986 qui
1917 932 1983 971 ex
2012 931 2078 970 eo
2107 923 2414 984 quaererent

841 1039 972 1075 num
1010 1021 1244 1073 militum
1273 1026 1326 1067 et
1355 1024 1671 1067 senatorum
1706 1011 1915 1062 viribus
1966 1009 2164 1059 eedens
2193 1022 2416 1075 persua-

839 1111 1029 1172 deret,
1069 1118 1126 1161 ut
1170 1106 1450 1159 Mattheus
1505 1119 1598 1155 rex
1637 1103 2003 1154 declararctur
2035 1112 2084 1150 et
2113 1098 2413 1164 Palamlugo

841 1216 1036 1255 socero
1089 1199 1486 1265 ignosceretur.
1541 1190 1670 1254 Qua:
1707 1189 1795 1239 ille
1845 1202 1966 1238 cum
2004 1186 2229 1239 moleste
2271 1189 2413 1239 ferre

843 1294 1128 1344 vnlcrelur
1153 1298 1210 1342 et
1238 1285 1558 1354 asperrimis
1582 1281 1766 1333 verbis
1795 1280 2065 1348 rejieeret,
2096 1295 2158 1331 ex
2188 1281 2414 1347 patriar-

843 1384 996 1436 ehica
1035 1382 1160 1433 sede
1188 1379 1398 1443 ejet-tus
1425 1383 1504 1426 est
1542 1372 1828 1440 postridie.
1862 1371 1978 1438 Ipse
2007 1371 2148 1438 apud
2183 1371 2414 1421 Athana-

844 1475 982 1527 sium
1018 1470 1260 1530 divertit,
1312 1465 1553 1533 supellex
1592 1471 1770 1513 autem
1806 1462 1856 1512 in
1905 1460 2078 1512 sancti
2127 1459 2414 1512 Mamantis

847 1563 1183 1616 mansionem
1233 1565 1596 1625 transnortata
1649 1562 1731 1605 est
1766 1592 1778 1612 ,
1830 1568 1989 1619 quam
2031 1559 2154 1603 ante
2181 1561 2414 1619 quatuor

844 1669 1017 1706 annos
1040 1655 1141 1706 sibi
1161 1661 1389 1704 mnerat.
1418 1647 1576 1699 Brevi
1621 1647 1744 1698 inde
1771 1654 2012 1711 tempore.
2044 1645 2410 1711 prmterlapso,

843 1747 1126 1800 Matthwus
1179 1744 1545 1797 Cmnaeuzent
1608 1738 1768 1807 189
1819 1738 1960 1789 lilius
2002 1736 2066 1788 de
2124 1745 2280 1788 scuto
2322 1750 2414 1787 rex

2517 553 3053 622 ﬁpépatcdmmsiv
3077 546 3402 622 ἐπεπράχει.
3439 553 3581 604 Δέκα
3617 552 3822 621 μεταξὺ
3869 555 4080 624 παρῆλ-

2517 647 2608 694 οον
2643 645 2871 712 ἡμέραι,
2897 647 2989 696 καὶ
3013 645 3146 710 ἄρας
3175 646 3201 696 ό
3223 643 3676 711 Καντακουζηνδς
3694 643 3753 708 ἐξ
3797 645 4080 712 Ὀρεστιά-

2514 735 2600 794 δος
2641 732 2775 804 ἧκεν
2801 737 2880 799 είς
2925 735 3220 800 Βυζάντιον
3277 736 3365 788 διά
3419 736 3611 790 ταῦτα.
3681 739 3790 790 Καὶ
3839 739 4082 791 ὕποπτον

2517 831 2656 897 ἔχων
2697 831 2759 881 ἐκ
2791 831 2990 883 πολλοῦ
3025 832 3116 883 τὸν
3152 831 3501 899 πατριάρχην
3552 831 3769 883 πολλῶν
3819 848 3878 884 τε
3906 831 4083 884 ἄλλων

2516 917 2682 969 ἓνεκα
2720 919 2814 968 καὶ
2845 919 2946 984 τῆς
2995 918 3130 986 πρὸς
3183 917 3551 984 Παλαιολόγον
3612 919 3852 986 μάλιστα
3901 919 4082 985 φιλίας

2519 1012 2610 1062 καὶ
2645 1010 3046 1077 ὁμοφροσύνης,
3082 1010 3242 1075 σοφὸν
3274 1003 3412 1062 εἷναί
3446 1011 3496 1061 οἰ
3526 1009 3841 1077 νενόμισται
3882 1013 4079 1078 πεῖραν

2518 1099 2609 1148 καὶ
2647 1097 2740 1148 νῦν
2772 1099 3061 1164 εἰληφέναι
3094 1099 3192 1166 τῆς
3221 1097 3447 1167 γνώμης
3486 1098 3673 1150 αὑτοῦ.
3711 1100 3937 1168 Πέμψας
3988 1099 4083 1151 οῦν

2517 1192 2681 1259 ἤρετο
2717 1193 2765 1242 εἰ
2800 1192 2905 1261 χρὴ
2941 1192 3060 1252 ταῖς
3091 1191 3197 1242 τῶν
3227 1193 3584 1258 στρατιωτῶν
3620 1192 3714 1242 καὶ
3749 1191 3858 1242 τῶν
3908 1192 4084 1251 ἄλλως

2517 1281 2754 1348 ἐχόντων
2784 1281 3166 1346 συγκλητικῶν
3215 1281 3436 1344 εἴξαντα
3473 1281 3616 1348 βίαις
3645 1282 3745 1348 τήν
3777 1298 3835 1332 τε
3888 1282 4087 1348 ἀναγό-

2520 1389 2708 1439 ρευσιν
2735 1373 2828 1424 τοῦ
2855 1375 3015 1436 υἱέως
3052 1371 3296 1425 ἐνδοῦναι
3349 1372 3632 1426 Ματθαίου
3668 1373 3940 1438 γενέσθαι,
3989 1374 4086 1424 καὶ

2517 1459 2633 1523 ἅμα
2665 1460 2742 1527 τῷ
2768 1460 2861 1512 τοῦ
2897 1460 3151 1529 γαμϐροῦ
3183 1461 3550 1527 Παλαιολόγου
3577 1460 3991 1529 ἀμνημοσύνην.
4023 1462 4083 1513 'C

2516 1550 2562 1600 δ’
2587 1551 2699 1603 οὐδ’
2727 1553 2920 1621 ἄκροις
2954 1553 3214 1620 ἠνέσχετο
3273 1551 3529 1616 δέξασθαι
3574 1555 3684 1614 τοῖς
3721 1552 3876 1612 ώσὶν,
3945 1552 4084 1603 ἀλλὰ

2517 1644 2879 1712 τραχυτέροις
2911 1661 2969 1696 τε
2999 1642 3284 1696 ἀπεώσατο
3316 1645 3517 1711 λόγοις,
3572 1646 3666 1696 καὶ
3718 1643 3834 1714 ἅμα
3871 1645 3925 1707 ἐς
3981 1647 4086 1710 τὴν

2518 1734 2813 1801 ὑστεραίαν
2841 1734 2933 1786 τοῦ
2983 1736 3376 1805 πατριαρχείου
3416 1734 3728 1799 ἐξίσταται·
3766 1739 3858 1787 καὶ
3918 1737 4083 1797 αὐτὸς

840 1839 1147 1890 declaratus
1177 1845 1261 1888 est
1316 1834 1368 1885 in
1404 1830 1772 1884 Romanorum
1809 1828 2028 1897 palatio.
2071 1825 2134 1879 Et
2185 1841 2411 1880 ternum
2445 1813 2485 1865 Β

2449 1813 2485 1865 Β
2520 1825 2620 1894 μὲν
2651 1829 2707 1877 ἐν
2751 1828 2818 1895 τῇ
2851 1827 2949 1878 τοῦ
2984 1826 3308 1880 ’Δθανασίου
3364 1826 3619 1878 καταλύει
3681 1828 3841 1896 μονῇ,
3899 1828 3968 1878 τά
4025 1826 4083 1879 ἃ

841 1941 1055 1996 tempus
1089 1928 1174 1979 his
1207 1926 1369 1978 rebus
1408 1927 1752 1990 abSiImptum
1785 1931 1890 1973 est.

2517 1916 2828 1985 0x:uo;6pz
2869 1918 2924 1978 ἐς
2958 1917 3024 1987 [ί.
3062 1918 3163 1970 107
3195 1917 3273 1988 v.]
3312 1919 3410 1986 τὴν
3441 1919 3537 1970 τοῦ
3570 1919 3725 1986 ἀγίου
3780 1919 4081 1986 Μάμαντος

839 2022 1265 2089 ἀπεφορτίζοντο
1317 2018 1504 2086 μονὴν,
1575 2016 1643 2083 ἦν
1697 2015 1801 2084 πρὸ
1855 2016 2134 2084 τεττάρων
2173 2012 2436 2066 ἐνιαυτῶν
2487 2011 2889 2080 σφετερίζεται.
2967 2014 3179 2081 Βραχὺς
3234 2013 3442 2066 ἐκεῖθεν
3482 2013 3653 2084 ἐρρύη
3715 2013 3926 2084 χρόνος,
3989 2020 4083 2067 καὶ

839 2115 1117 2173 Martiale;
1152 2113 1178 2162 ὁ
1229 2108 1322 2161 τοῦ
1368 2106 1832 2175 Καντακυυζηνοῦ
1883 2107 1996 2168 υίὸς
2041 2107 2130 2157 ἐπ’
2170 2104 2400 2166 ἀσπίδος
2442 2104 2696 2173 βασιλεὺς
2735 2106 2793 2156 ἐν
2851 2104 3102 2176 παλατίῳ
3129 2108 3426 2177 Ῥωμαίων
3484 2110 3899 2178 ἀναγορεύεται.
3965 2111 4080 2162 Καὶ

838 2207 898 2257 τδ
936 2203 1034 2272 ἔαρ
1060 2205 1115 2255 ἐν
1139 2204 1346 2264 τοὺτοι,
1377 2199 1655 2252 ἐτελεύτα.

910 2322 978 2376 Χ.
1006 2321 1214 2376 Αἰεῑειιο
1254 2319 1366 2387 jam
1396 2317 1572 2371 media
1602 2318 1670 2370 ab
1718 2326 1950 2385 utraque
1977 2326 2128 2385 parte
2162 2315 2408 2369 reconci-

842 2416 972 2469 liata
1004 2424 1088 2468 est
1118 2410 1436 2465 Latinorum
1489 2410 1554 2462 ad
1591 2410 1828 2477 paranda
1864 2409 2004 2462 bella
2040 2409 2247 2462 navalia
2276 2423 2408 2461 eon-

841 2503 1037 2555 tentio.
1067 2499 1310 2555 Catelani
1340 2500 1484 2552 enim
1519 2514 1586 2550 ex
1619 2498 1738 2566 ejus
1762 2497 1959 2565 opibus
1981 2506 2188 2565 etquas
2218 2496 2406 2549 Veneti

845 2595 1087 2663 pra-bent
1113 2591 1480 2661 quadraginta
1511 2589 1614 2644 sibi
1648 2589 1900 2643 triremes
1933 2589 2234 2641 instruunt.
2266 2587 2408 2641 Con-

836 2699 1139 2742 sueverant
1176 2685 1323 2739 enim
1373 2684 1565 2738 Veneti
1617 2681 1941 2754 jamdudum
1995 2682 2065 2735 ob
2127 2681 2409 2733 hominum

845 2779 1083 2846 inopiam
1114 2791 1278 2829 omne
1311 2775 1551 2829 studium
1596 2775 1650 2828 in
1701 2772 2026 2842 colligendis
2077 2772 2275 2840 Opibus
2314 2786 2412 2838 po-

845 2881 1002 2920 nere.
1037 2866 1403 2931 Quamobrem
1431 2863 1612 2927 etiam.
1642 2863 1842 2916 multas
1882 2870 1937 2915 et
1983 2862 2332 2930 gravissimas
2385 2875 2414 2913 α

844 2959 962 3011 suis
995 2968 1048 3010 et
1101 2955 1408 3024 peregrinis
1451 2955 1709 3024 gentibus
1766 2954 1940 3007 illatas
1983 2951 2214 3022 injurias
2245 2952 2415 3020 negli-

843 3061 978 3119 gunt
1009 3059 1062 3103 et
1085 3049 1242 3102 facile
1273 3046 1481 3107 ferunt,
1504 3060 1574 3099 ne
1603 3045 1655 3098 in
1689 3045 1827 3099 bella
1863 3055 1958 3097 aut
1983 3042 2283 3097 domestica
2319 3051 2415 3096 aut

842 3151 1071 3195 externa
1128 3137 1484 3190 traherentur
1542 3150 1724 3204 neque
1761 3150 1940 3188 causa:
1997 3134 2414 3201 implicarentur

843 3247 967 3299 qua:
1001 3229 1278 3282 uberrima
1313 3227 1484 3279 totius
1524 3226 1652 3278 anni
1679 3223 1890 3277 tributa
1925 3224 2200 3292 perderet.
2229 3222 2418 3290 Itaque
2447 3218 2491 3276 (ἱ

851 3320 1099 3373 hostibus
1146 3319 1260 3370 suis
1292 3317 1340 3368 vi
1375 3315 1597 3383 quidem
1650 3314 1976 3370 interiores.
2019 3313 2196 3365 fructu
2230 3323 2411 3363 autent

842 3411 1157 3477 superiores
1201 3416 1365 3470 sunt;
1397 3420 1578 3474 neque
1610 3405 1717 3458 ulla
1771 3414 1856 3458 est
1903 3404 2220 3457 Latinorum
2259 3418 2411 3471 gens.

846 3501 932 3552 i-ui
967 3509 1113 3552 tanta
1163 3499 1233 3551 sit
1290 3497 1643 3565 pecuniarum
1703 3497 2017 3550 multitudo.
2052 3495 2148 3548 Sin
2199 3510 2330 3547 vero
2359 3493 2410 3546 vi

841 3591 1079 3657 qundam
1109 3590 1265 3657 plane
1285 3597 1559 3657 Coguntur
1591 3590 1757 3640 armis
1783 3586 2135 3648 contendere,
2160 3585 2414 3639 celeriter

847 3682 994 3747 iarga
1021 3681 1376 3747 pecuniarum
1399 3679 1554 3746 copia
1589 3679 1801 3732 animos
1837 3693 2025 3730 eorum
2057 3676 2149 3744 qui
2184 3675 2413 3742 proximi

849 3771 1098 3824 hostibus
1145 3781 1200 3823 et
1232 3772 1548 3837 quicunque
1594 3769 1736 3821 circa
1772 3783 1866 3821 eos
1895 3767 2105 3831 colunt,
2144 3765 2246 3818 sibi
2283 3781 2415 3819 con-

844 3862 1058 3914 ciliant.
1082 3860 1200 3926 Quo
1225 3876 1418 3913 omnes
1451 3859 1517 3912 ad
1544 3861 1861 3912 societatem
1883 3872 2032 3910 suam
2065 3865 2416 3924 quotcunque

847 3960 906 4004 ct
935 3965 1293 4019 quoscunque
1318 3952 1514 4001 volunt
1554 3947 1712 4002 facile
1739 3950 1982 4000 trahunt.
2033 3945 2219 4014 Itaque
2249 3946 2417 3998 niaxi-

847 4043 953 4096 mis
975 4052 1171 4110 pia'ter
1195 4044 1423 4095 caeteros
1463 4055 1655 4094 omnes
1679 4039 1908 4108 populos
1941 4039 2117 4105 capiis
2164 4037 2413 4091 instructi

848 4137 903 4187 in
940 4135 1118 4201 fugam
1155 4136 1336 4187 hostes
1365 4141 1718 4197 convertunt.
1755 4132 1872 4184 Tali
1904 4130 2064 4200 190
2086 4131 2248 4183 modo
2273 4145 2417 4182 nunc

848 4241 1070 4292 quoque
1104 4227 1155 4276 in
1193 4240 1320 4276 suas
1354 4234 1537 4292 partes
1563 4232 1841 4274 traxerant
1875 4223 2286 4290 Romanos,qui
2316 4221 2415 4290 ipsi

852 4328 981 4363 suas
1035 4312 1159 4363 belli
1225 4324 1415 4363 contra
1473 4310 1793 4364 Genucuses
1853 4324 2048 4363 causas
2097 4309 2417 4374 habebant,

851 4406 998 4470 quod
1041 4406 1090 4454 in
1121 4404 1500 4470 superioribus
1546 4403 1701 4454 libris
1754 4417 2132 4469 sarpenuinero
2176 4402 2415 4463 laudavi,

852 4506 904 4546 et
935 4495 1226 4547 Catelanos
1259 4494 1350 4561 qui
1400 4494 1502 4561 ipsi
1535 4508 1755 4562 quoque
1798 4509 1924 4546 suas
1950 4508 2144 4546 causas
2203 4494 2327 4546 belli
2363 4495 2414 4544 in

847 4584 1171 4638 Genuenses
1207 4585 1502 4649 habebant,
1533 4594 1591 4636 ut
1619 4595 1804 4652 postea
1839 4584 2063 4638 dicitur.

2591 2313 2646 2366 1⁸.
2673 2312 2778 2364 Τοῦ
2807 2313 2863 2364 δέ
2905 2311 3101 2381 θέρους
3127 2313 3227 2381 ἤδη
3289 2311 3585 2382 μεσοῦντος
3621 2314 3790 2383 πολλή
3826 2330 3906 2376 τις
3949 2318 4084 2368 ἐκα-

2516 2406 2755 2475 τέρωθεν
2786 2400 2946 2467 αὖθις
2997 2404 3378 2474 συνεκροτήθη
3418 2405 3623 2474 σπουδὴ
3685 2409 3800 2468 τοῖς
3830 2407 4088 2470 Λατίνοις

2515 2501 2651 2568 πρὸς
2681 2499 3004 2550 διαποντίων
3038 2497 3294 2566 πολέμων
3318 2500 3698 2564 παρασκευάς.
3741 2501 3803 2552 Ol
3831 2502 3928 2567 μὲν
3969 2505 4089 2570 γὰρ

2516 2589 2814 2644 Κατελάνοι
2859 2590 2920 2642 ἐκ
2973 2607 3029 2642 τε
3083 2590 3300 2642 οἰκείων
3345 2591 3646 2660 χρημάτων
3683 2591 3777 2643 καὶ
3814 2587 3889 2645 ὧν
3933 2577 4090 2661 τηνι-

2517 2681 2695 2736 καῦτα
2753 2682 3034 2734 Βενετικοὶ
3077 2681 3392 2750 χαρίζονται
3457 2681 3608 2749 σφίσι
3677 2682 4090 2751 τετταράκοντα

2518 2774 2768 2842 τριήρεις
2817 2772 3160 2834 ὁπλίζουσιν.
3194 2772 3471 2825 Εἰώθεσσν
3495 2773 3604 2842 γὰρ
3635 2774 3700 2826 ἐκ
3759 2773 3953 2825 πολλοῦ
3983 2775 4089 2827 Βε-

2517 2865 2720 2916 νετικοὶ
2748 2863 2817 2916 δι’
2857 2863 3202 2932 ὀλιγανδρίαν
3247 2863 3374 2932 περὶ
3401 2864 3698 2932 χρημάτων
3728 2864 3874 2916 ἆταν
3910 2865 4090 2917 ἐνδείο

2516 2952 2746 3002 κνυσθαι
2788 2949 3115 3018 σπούδασμα
3149 2949 3438 3018 συλλογὴν,
3467 2944 3541 3004 ῶν
3566 2951 3728 3003 ἕνεκα
3767 2952 3860 3004 καὶ
3907 2953 4092 3005 πολλά

2514 3043 2621 3095 τῶν
2672 3041 3072 3110 εὐτελεστέρων
3132 3041 3485 3112 ἀδικημάτων
3550 3033 3727 3095 ἐκοντι
3805 3047 4092 3113 παρατρέ-

2514 3133 2666 3202 χουσί
2698 3150 2753 3185 τε
2791 3135 2883 3184 καὶ
2908 3133 3165 3202 φέρουσιν
3207 3132 3573 3201 ὑπομένοντες
3604 3133 3666 3186 ἐκ
3698 3152 3756 3186 τε
3789 3135 4091 3204 ὁμοφύλων

2523 3227 2617 3276 καὶ
2658 3225 2968 3292 ἀλλοςύλων
3023 3223 3195 3290 γενῶν
3233 3224 3375 3292 ὑπέρ
3416 3241 3478 3290 γε
3515 3224 3608 3276 τοῦ
3642 3225 3717 3294 μὴ
3751 3227 3886 3293 πρὸς
3915 3227 4092 3294 δημο-

2522 3319 2644 3376 σίας
2680 3319 2771 3371 καί
2806 3317 3130 3386 ὑπαιθρίους
3160 3316 3353 3387 ῥυῆναι
3390 3320 3589 3387 μάχας,
3638 3317 3774 3387 μηδὲ
3811 3320 4095 3387 πρόφατιν

2524 3407 2883 3475 παρεισδῦναί
2940 3423 3061 3460 τινα
3113 3408 3599 3476 συγκεχωρηκέναι
3640 3409 3846 3476 μεταξὺ
3907 3409 4097 3462 διακό-

2524 3516 2765 3552 πτουσαν
2791 3499 2890 3568 τὴν
2921 3499 3029 3551 τῶν
3073 3496 3131 3562 ἐξ
3160 3502 3427 3569 ἐμπορίας
3463 3501 3813 3568 παντοδαπῆς
3852 3503 4096 3568 ἐτησῖων

2523 3590 2731 3658 κερδῶν
2755 3591 3039 3658 συλλογήν.
3067 3592 3175 3643 Καὶ
3219 3590 3392 3654 οὕτως
3415 3592 3500 3644 ἀεὶ
3531 3590 3822 3644 τοῦλαττον
3870 3609 4096 3662 συγχω-

2526 3680 2746 3749 ροῦντες
2781 3683 3115 3752 καρποῦνται
3143 3683 3204 3734 τὸ
3235 3684 3440 3750 μεῖζον,
3469 3683 3541 3745 ώς
3567 3685 3723 3750 γένος
3751 3678 3889 3735 εἶναι
3918 3687 4094 3736 Λατί-

2524 3789 2629 3824 νων
2671 3773 2855 3840 σχεδὸν
2889 3773 3040 3824 οὐδὲν
3071 3773 3099 3825 ὃ
3152 3773 3420 3844 τοσαύτην
3473 3775 3588 3844 ἔχει
3649 3777 3949 3845 χρημάτων
4002 3780 4093 3829 ἐν-

2524 3863 2713 3915 τεῦθεν
2740 3864 3042 3933 δαψίλειαν.
3079 3866 3251 3918 Ὅταν
3289 3867 3331 3919 δ’
3379 3868 3455 3929 είς
3506 3868 3720 3936 ἐμφανῆ
3777 3868 4095 3936 βιασθέντες

2525 3953 2741 4006 ὁθενοῦν
2779 3956 3100 4008 καταστῶσι
3153 3955 3251 4026 τὴν
3321 3955 3527 4026 μάχην,
3581 3957 3744 4019 εὐθὺς
3791 3957 4097 4027 ἀφειδούσῃ

2527 4045 2674 4114 χειρὶ⁸
2743 4046 3045 4114 χρημάτων
3108 4047 3445 4116 παμπόλλων
3497 4047 3762 4100 ὠνοῦνται
3813 4050 3911 4110 τὰς
3981 4050 4096 4100 τῶν

2529 4139 2928 4202 ἀστυγειτόνων
2991 4141 3101 4199 τοῖς
3153 4140 3474 4203 ἀντιπάλοις
3524 4142 3748 4210 γνώμας
3818 4145 3913 4195 καὶ
3976 4145 4097 4196 ὅσοι

2528 4231 2826 4292 περίοικοι,
2861 4231 2956 4282 καὶ
2986 4229 3140 4300 ῥᾷσθ’
3179 4233 3379 4283 οὑτωσὶ
3405 4233 3542 4296 πρὸς
3583 4236 3901 4304 συμμαχίαν
3959 4237 4097 4304 μεθ-

2526 4320 2772 4371 έλκουσιν
2806 4320 3016 4372 ἑαυτῶν
3041 4322 3270 4384 όπόσους
3303 4339 3362 4375 τε
3389 4325 3483 4376 καὶ
3531 4325 3677 4385 οἵους
3725 4326 3790 4377 ἂν
3827 4326 4094 4379 ἐθέλοιεν.

2529 4412 2633 4462 Καὶ
2653 4411 2796 4462 οὕτω
2831 4413 3116 4479 μεγίσταις
3151 4415 3183 4482 ἢ
3228 4415 3365 4467 κατά
3387 4416 3598 4477 πάντας
3629 4416 3819 4478 ἀλλους
3853 4419 3958 4468 τῶν
3998 4419 4096 4469 νῦν

2526 4500 2822 4569 δυνάμεσιν
2907 4504 3327 4569 ναυστολοῦντες
3418 4508 3884 4578 κατατροποῦνται
3966 4512 4094 4568 τοὺς

2449 4569 2494 4625 D
2523 4589 2817 4651 ἐναντίους.
2854 4591 2958 4642 Τὸν
2988 4592 3050 4660 δὴ
3091 4592 3335 4646 τοιοῦτον
3379 4595 3610 4648 καὶ-νῦν
3646 4599 3850 4666 τρόπον
3882 4598 4093 4667 timeto;-

856 4699 1016 4732 σαντο
1081 4680 1179 4747 μὲν
1225 4680 1527 4748 Ῥωμαίους
1577 4681 1799 4746 ἔχοντας
1863 4682 1957 4731 καὶ
2022 4681 2217 4740 αὐτοὺς
2286 4680 2420 4742 ἰδίας
2461 4685 2760 4748 προφάσεις
2825 4686 2922 4754 τῆς
2957 4689 3136 4756 μάχης
3207 4689 3345 4742 κατὰ
3398 4691 3744 4753 Γεννορῖτιῖιν⁹
3781 4696 3853 4756 ὡς
3888 4697 3943 4744 ἐν
3972 4700 4093 4757 ταῖς

855 4776 1110 4842 ετνιυτέρω
1139 4773 1342 4842 βίϐλοις
1383 4775 1514 4840 ἡμῖν
1541 4774 1802 4834 πολλάκις
1835 4789 1893 4824 τε
1947 4773 2042 4825 καὶ
2083 4774 2439 4840 πολυτρόπως
2481 4776 2718 4843 εἴρηται,
2757 4778 3101 4846 ᾠκειώσαντο
3132 4783 3185 4834 δὲ
3228 4785 3570 4845 Κατελάνους
3605 4787 3825 4854 ἔχοντας
3857 4791 3949 4838 καὶ
3993 4789 4062 4838 αὑ

853 4868 978 4927 τοὺς
1016 4867 1152 4929 ιδίας
1191 4867 1390 4935 ὁμοίως
1425 4868 1523 4935 τῆς
1556 4868 1736 4936 μάχης
1773 4869 2081 4936 προφάσεις
2108 4868 2248 4918 κατά
2283 4867 2637 4927 Γεννουῖτῶν.
2667 4870 2743 4931 ώς
2765 4873 3069 4940 εἰρήσεται.

924 4983 1018 5036 XI.
1059 4985 1151 5036 Est
1207 4985 1350 5036 enim
1396 4984 1573 5036 insula
1637 5000 1827 5052 magna
1874 4996 2036 5052 atque
2086 4985 2279 5036 incolis
2312 4983 2417 5034 fre-

858 5091 1030 5142 quens
1083 5092 1201 5143 qua:
1252 5076 1501 5127 Sardinia
1563 5074 1868 5142 appellatur
1903 5076 1967 5126 ad
2003 5088 2152 5127 mare
2177 5073 2416 5142 Tyrrhe-

850 5171 1005 5220 nium
1043 5169 1169 5220 sita.
1194 5167 1450 5220 Abu'nilat
1484 5167 1763 5220 montibus
1796 5165 1920 5218 altis
1948 5177 2003 5218 et
2032 5165 2193 5217 variis
2240 5165 2418 5216 ﬂuviis

855 5262 1117 5321 alluitur;
1157 5262 1274 5327 pagi
1330 5268 1383 5309 et
1421 5259 1617 5326 oppida
1651 5271 1990 5325 quacunque
2044 5257 2217 5308 media
2271 5265 2413 5307 terra

853 5359 950 5399 aut
984 5349 1048 5400 ad
1089 5363 1234 5400 mare
1264 5347 1363 5400 sita
1396 5358 1517 5399 snnt
1551 5349 1757 5414 optime
1795 5358 1925 5399 sunt
1953 5349 2283 5408 constituta;
2315 5362 2421 5398 one

856 5454 912 5494 et
946 5444 1094 5493 lacus
1140 5450 1193 5491 et
1224 5452 1412 5507 portus
1458 5443 1867 5507 eireuinjacent.
1913 5440 2027 5505 Ipsa
2063 5455 2158 5506 per
2205 5442 2424 5507 longum

859 5545 1076 5598 tempus
1113 5547 1140 5580 a
1167 5529 1440 5582 Catelans
1478 5531 1767 5582 tenebatur
1795 5539 1848 5580 et
1893 5545 2034 5581 nunc
2073 5545 2288 5596 quoque
2317 5546 2428 5581 ma-

855 5628 1028 5692 jorem
1062 5634 1267 5690 partem
1327 5632 1563 5674 tenetur.
1597 5622 1763 5674 PauLO
1811 5631 1970 5673 antea
2007 5620 2291 5674 fraudibus
2331 5637 2422 5672 oe-

858 5717 1023 5768 cuitis
1054 5717 1163 5767 duo
1212 5714 1286 5766 ibi
1330 5713 1551 5767 castella
1599 5724 1859 5779 cvpcrant
1897 5712 2231 5764 Genuenses.
2267 5721 2421 5764 ante-

2597 4986 2700 5042 IA'.
2731 4991 2909 5058 Νῆσος
2965 4995 3072 5060 γάρ
3110 4996 3226 5047 ἐστι
3268 4998 3483 5065 μεγάλη
3529 4999 3622 5050 καὶ
3661 5001 4092 5070 πολυάνθρωπος

2528 5083 2838 5152 καλουμένη
2876 5087 3082 5151 Σαρδὼ,
3116 5089 3266 5157 παρὰ
3310 5092 3370 5140 τὸ
3429 5091 3767 5160 Τυρρηνικὸν
3828 5095 4091 5162 ἀνειμένη

2526 5175 2780 5241 πέλαγος,
2813 5177 2911 5244 ὅρη
2950 5179 3048 5243 μὲν
3085 5178 3384 5232 πλουτοῦσα
3437 5185 3622 5249 μακρὰ
3651 5187 3743 5236 καὶ
3782 5186 3898 5251 Ξμα
3927 5202 4095 5239 πυτα-

2532 5269 2650 5336 μοίς
2678 5267 2950 5336 ἀρδομέ-ιη
2997 5271 3296 5332 παντοίοις,
3329 5273 3517 5323 πόλεσι
3546 5276 3599 5326 δέ
3626 5277 3719 5326 καὶ
3758 5278 3972 5343 κώμαις
4004 5282 4092 5329 εύ-

2523 5356 2836 5421 Θηνουμένη
2869 5354 3112 5416 πολλαῖς,
3148 5360 3338 5409 ὁπόσαι
3365 5377 3419 5410 τε
3453 5379 3515 5428 με
3531 5366 3732 5429 σ’ὶγειοι
3773 5366 3868 5416 καὶ
3894 5368 4090 5420 όπόςαι

2528 5448 2808 5515 παράλιοι·
2840 5446 3002 5498 ἀκταί
3039 5464 3095 5497 τε
3129 5448 3296 5517 αὐτὴν
3347 5453 3439 5502 καὶ
3497 5452 3710 5521 λιμένες
3771 5459 4091 5525 περιχορεύ-

2521 5540 2760 5590 ουσικαὶ
2789 5539 2976 5589 κόλποι
3020 5540 3340 5602 πολυειδεῖς.
3368 5542 3517 5611 Λῦτη
3581 5545 3750 5596 πολύν
3800 5564 3923 5598 τινα
3966 5552 4089 5618 χρόα

2526 5646 2614 5679 νον
2645 5629 2746 5678 ὑπὸ
2787 5629 3113 5691 Κατελάνοις
3175 5632 3388 5685 ἐτέλεσε
3421 5651 3479 5685 τε
3535 5637 3626 5686 καὶ
3658 5636 3753 5704 ἤδη
3793 5641 3863 5701 τῖι
3887 5640 4086 5693 πλείοιι

2527 5720 2683 5787 μέρει
2714 5718 2877 5770 τελεῖ.
2916 5720 3024 5771 Νῦν
3056 5721 3097 5771 δ’
3129 5723 3294 5791 ὀλίγῳ
3321 5727 3593 5793 ,πρότερον
3617 5726 3787 5789 δόλοις
3806 5729 4086 5799 λαθραίοις
