4264 6362
139 367 235 434 165

1061 361 1515 425 ΒῩΖΑΝΤΙΝΕ
1557 358 1955 424 HISTORIA;
1992 358 2147 445 LIB.
2183 358 2462 421 XXVIII.

3294 362 3393 425 166

135 478 372 549 φρούρια
407 476 505 531 δύο
529 476 800 549 κατέσχον
829 478 880 533 0!
938 474 1260 531 Γεννουῖται
1306 476 1519 540 αὐτόθι,
1576 477 1708 546 πρὶν
1740 488 1781 537 Α
1812 490 1819 520 ‹

1740 488 1781 537 Α
1812 486 1976 539 quam
2010 470 2203 524 incolae
2254 468 2787 525 animadverterunt.
2832 470 2965 538 Quae
3005 488 3095 527 res
3119 471 3396 539 Catelan's

1126 564 1301 618 Τοῦτο
1378 566 1712 627 Κατελάνοις

133 567 422 621 αἰσθέσθαι
491 568 622 630 τοὺς
711 566 1037 638 ἐγχωρίους.

130 655 189 727 [Γ.
214 655 322 709 ΙΟ8
340 654 419 727 r.]
444 654 690 723 γνωσθέν
715 652 839 706 οὔτε
871 652 1111 722 φορητὸν
1141 653 1238 706 καὶ
1262 653 1462 723 κομιδῇ
1490 654 1712 722 νενόμι-

130 763 247 798 σται
294 747 464 817 βαρύ.
489 746 581 820 Arb
615 746 709 799 καὶ
741 743 888 798 οὕτω
928 744 1216 813 δυσμενῶς
1274 745 1415 812 πρὸς
1455 744 1705 806 ἐκείνους

1816 565 2035 634 cognita
2067 563 2249 633 gravis
2279 573 2431 618 certe
2478 579 2577 619 nec
2611 564 2835 618 ferenda
2873 568 3099 620 omnino
3126 568 3244 621 visa
3287 578 3391 623 cst.

1816 654 2088 721 Quocirca
2119 670 2244 709 cum
2291 655 2506 710 infestis
2527 670 2658 727 erga
2693 657 2813 711 illos
2851 659 3047 713 animis
3079 669 3303 722 essent,
3340 660 3393 714 in

1817 748 2145 802 societatem
2176 748 2366 802 Veneti
2404 760 2819 818 peropportune
2848 749 3215 806 obvenerunt.

125 844 521 913 διακειμένοις,
551 842 689 913 πρὸς
720 843 822 912 τὴν
854 840 1067 894 ἐαυτῶν
1106 839 1349 910 ἑτοίμοις
1383 840 1708 911 συμμαχίαν
1746 841 2001 915 ἐνέτυχον
2033 834 2217 913 σφίσιν
2238 845 2287 897 οἱ
2338 844 2615 897 Βενετικοὶ
2643 845 2787 897 κατὰ
2825 845 2886 899 τὸ
2954 845 3100 915 μάλα
3150 865 3202 900 τι
3276 851 3397 903 καί-

129 950 265 1003 ριον.

135 1030 145 1085 ἓ
194 1027 299 1080 IB'.
360 1026 614 1091 Κάπειδή
673 1042 804 1096 περ,
856 1025 934 1088 ὡς
989 1024 1224 1095 ἔφημεν,
1301 1026 1708 1095 τετταράκοντα

126 1121 382 1189 τριήρεις
418 1122 534 1182 τοῖς
552 1098 886 1181 Κατελάνοις
910 1118 1197 1187 δυνάμεως
1214 1118 1438 1187 ἁπάσης
1498 1119 1707 1173 ὁπλιτι-

128 1211 225 1277 κῆς
254 1211 677 1279 πεπλήρωνται,
700 1209 808 1262 τῶν
840 1209 1135 1279 βελτίστων
1164 1210 1306 1275 εδοξε
1327 1209 1548 1262 διαϐᾶσι
1574 1210 1709 1278 πρό-

125 1319 283 1371 τερον
309 1304 502 1353 ἐκεῖνα
532 1302 719 1369 σφίσιν
744 1303 932 1363 αὐτοῖς
955 1300 1013 1367 ἐξ
1034 1302 1225 1369 ἐφόδου
1243 1301 1311 1354 τὰ
1330 1301 1572 1371 φρούρια
1610 1318 1708 1354 πε-

128 1393 547 1462 ριποιήσασθαι,
577 1394 725 1463 άπερ
774 1393 832 1445 ἐν
883 1392 1079 1461 Σαρδοῖ
1142 1395 1209 1462 τῇ
1240 1394 1390 1462 νήσῳ
1421 1393 1557 1461 πρὸς
1597 1393 1707 1445 τῶν

125 1483 483 1545 Γεννουῖτῶν,
521 1484 597 1547 ὡς
620 1485 961 1553 εἰρήκειμεν,
1012 1483 1382 1553 ἐξημίωνται.
1411 1484 1633 1537 Τούτων
1658 1483 1705 1538 δ’

125 1576 269 1628 οὕτω
282 1577 592 1645 γινομένων
620 1579 754 1630 καὶὸ
782 1576 1160 1638 Γεννουῖτικδς
1185 1578 1394 1640 στόλος,
1424 1576 1586 1629 πέντε
1615 1578 1707 1629 καὶ

127 1670 399 1737 ἐξήκοντα
448 1669 707 1738 τριήρεσι
730 1670 790 1721 τὸ
816 1669 1020 1722 οίκεῖον
1048 1668 1275 1738 πληρῶν
1304 1669 1566 1734 ἐπίνειον,
1612 1669 1705 1722 τὸν

1885 1020 2002 1079 ΧΠ.
2036 1022 2350 1094 Postquam,
2393 1035 2454 1079 ttt
2486 1027 2595 1093 jam
2649 1026 2786 1092 dixi,
2821 1028 3182 1098 quadraginta
3230 1033 3417 1086 trire»

1816 1118 1986 1171 mium
2017 1121 2174 1186 copia
2207 1118 2454 1172 confecta
2480 1128 2585 1180 est,
2617 1119 2886 1187 optimum
2925 1120 3032 1176 illis
3072 1124 3247 1178 visum
3282 1136 3390 1190 cst,

1814 1209 1988 1278 copiis
2034 1224 2102 1263 eo
2137 1210 2379 1278 traiectis
2432 1212 2617 1264 statim
2660 1226 2857 1281 capere
2908 1214 3127 1268 castella
3172 1232 3292 1284 qua:
3328 1221 3381 1271 in

1816 1299 2066 1355 Sardinia
2104 1301 2278 1367 insula
2315 1316 2343 1353 a
2390 1301 2805 1365 Geuuensibus,
2838 1313 2898 1355 ut
2925 1304 3188 1371 diximus,
3222 1308 3395 1359 viola-

1816 1392 2041 1447 bantur.
2095 1393 2225 1457 Quae
2257 1410 2381 1448 cum
2437 1394 2669 1454 Iierent.
2706 1397 2951 1464 quinque
3006 1408 3060 1451 et
3110 1402 3391 1469 sexaginta

1817 1484 2142 1538 triremibus
2173 1484 2224 1536 in
2283 1494 2441 1553 portu
2480 1486 2787 1539 domestico
2836 1488 3051 1555 positis,
3089 1489 3241 1558 191
3288 1491 3391 1545 Gc-

1816 1576 2108 1629 nuensium
2160 1576 2355 1629 classis
2410 1576 2650 1629 hostium
2719 1577 2948 1630 clrissetn
3013 1581 3387 1647 exspectabat.

1815 1666 1954 1720 Cum
1982 1683 2113 1720 vero
2138 1667 2387 1721 auditum
2444 1678 2591 1722 esset
2632 1669 2753 1723 illos
2783 1668 2848 1722 ad
2888 1669 3193 1723 Sardiniam
3228 1676 3393 1739 proti-

124 1762 396 1815 ἐπίπλουν
421 1761 746 1829 ἐκαραδόκει
772 1761 881 1813 τῶν
897 1763 1026 1814 πολε
1036 1761 1200 1831 μίων.
1219 1762 1374 1814 Ἐπεὶ
1406 1762 1452 1813 δ’
1476 1762 1708 1833 ἠκηκόει
1744 1766 1783 1821 Β

1702 1782 1708 1813 ι
1744 1766 1783 1821 Β
1813 1759 1942 1813 cisci
1976 1758 2227 1821 navibus,
2261 1762 2536 1814 triremem
2571 1778 2735 1815 unam
2767 1763 3058 1825 miserunt,
3084 1779 3203 1830 qua:
3223 1778 3386 1818 cursu

124 1851 353 1910 τούτους
381 1853 438 1912 ἐς
464 1852 565 1919 τήν
598 1851 789 1921 Σαρδὼ
828 1853 1363 1918 καταπεπλευκέναι,
1396 1855 1711 1925 πέμπουσιν

128 1943 181 2001 ἐς
226 1942 602 2011 κατασκοπὴν
655 1943 1103 2011 ταχυναυτοῦσαν
1140 1944 1270 2014 μίαν
1318 1947 1555 2015 τριήρη’
1607 1947 1710 1998 κά-

129 2032 292 2101 πειδὴ
323 2036 562 2102 τάχιστα
592 2033 840 2104 ἐπανῆκε
870 2038 1292 2108 τεσσαράκοντα
1322 2040 1491 2108 μόνας
1533 2038 1710 2107 ἀπαγ-

128 2124 405 2191 γέλλουσα
429 2126 531 2190 τὰς
560 2126 669 2179 τῶν
699 2128 959 2182 ἐναντίων
990 2122 1131 2183 εἶναι
1162 2132 1412 2201 τριήρεις
1439 2131 1559 2202 (τὰς
1604 2132 1711 2202 γάρ

127 2216 237 2266 τῶν
270 2216 582 2270 Βενετικῶν
608 2219 907 2287 τριάκοντα
932 2218 1086 2273 ούπω
1120 2220 1402 2284 τεθέαται,
1439 2222 1573 2291 πρός
1605 2239 1710 2273 τινι

126 2309 314 2378 κόλπῳ
342 2310 445 2380 τὴν
467 2312 750 2383 ἐφεδρείαν
783 2313 949 2382 ἐγγύς
974 2332 1079 2367 που
1108 2313 1368 2379 τελούσας
1410 2316 1603 2384 ἐτέρῳ,
1634 2308 1709 2368 ῶν

126 2402 151 2452 ό
189 2393 471 2465 Νικόλαος
510 2396 650 2473 ἦρχε
698 2403 1007 2476 Πισσαῖος),
1053 2406 1288 2475 ἄραντες
1336 2406 1473 2475 μετὰ
1507 2405 1709 2474 πολλῆς

125 2490 225 2561 τῆς
254 2492 465 2561 ὀφρύος
490 2493 586 2547 καὶ
611 2494 983 2564 σεσοϐημένου
1009 2495 1105 2549 τοῦ
1136 2497 1302 2566 ήοους
1335 2498 1428 2550 καὶ
1451 2496 1544 2550 τοῦ
1578 2514 1713 2568 φρο-

126 2585 400 2654 νήματος,
434 2584 564 2639 εὐθὺ
596 2586 709 2639 τῶν
756 2587 1034 2657 πολεμίων
1067 2587 1309 2659 ἐχώρουν
1338 2588 1523 2642 πολλοὶ
1573 2590 1709 2661 πρὸς

125 2676 370 2743 ὀλίγους.
414 2675 574 2730 Ἀλλά
598 2679 731 2748 πρὶν
758 2678 1081 2746 ἀφικέσθαι,
1108 2677 1289 2733 λαθὼν
1323 2681 1529 2744 ἐκεῖνος
1550 2683 1578 2734 ό
1615 2680 1709 2735 τοῦ

128 2767 425 2821 Βενετικοῦ
459 2768 646 2821 στόλου
680 2769 953 2840 ναύαρχος
1005 2768 1144 2839 ἐφθη
1199 2771 1299 2841 μιᾷ
1359 2769 1710 2842 προειληφὼς

125 2858 316 2925 ήμέρᾳ
364 2854 456 2907 τὸν
488 2856 863 2910 Γεννουῖτικὸν
892 2856 1099 2923 στόλον,
1148 2857 1425 2925 καταίρων
1461 2876 1520 2912 τε
1564 2860 1621 2923 ἐς
1649 2861 1711 2911 τὸ

128 2945 392 3016 Σαρδῷον
422 2946 518 2998 καὶ
550 2945 714 3009 αὐτὸς
746 2946 984 2999 ἐπίνειον
1028 2949 1226 3012 ἐκεῖνο,
1274 2951 1369 3002 καὶ
1400 2947 1711 3020 ξυμμιγνὺς

125 3040 240 3102 τοῖς
270 3039 609 3104 Κατελάνοις
643 3040 742 3093 σὺν
770 3035 857 3102 αῖς
882 3040 1205 3111 είρήκειμεν
1233 3041 1528 3111 τριάκοντα
1556 3043 1709 3111 τριή-

131 3144 251 3198 ρεσι
295 3130 567 3199 μεγάλαις
622 3148 681 3184 τε
725 3132 822 3186 καὶ
859 3132 1003 3202 μάλα
1041 3150 1103 3201 γε
1139 3132 1411 3204 λαμπροῖς
1444 3135 1534 3187 καὶ
1583 3136 1713 3188 πολ-
1740 3115 1782 3172 c

131 3221 242 3283 λοῖς
290 3225 409 3285 τοῖς
450 3221 637 3285 ὅπλοις
684 3222 1023 3293 βριθούσαις.
1080 3225 1440 3296 Κάπειδήπερ
1490 3228 1569 3288 εἰς
1615 3227 1714 3297 τὴν

126 3312 429 3382 ὑστεραίαν
455 3315 700 3377 ἐπιόντες
728 3316 777 3368 οί
808 3315 1125 3369 Γεννουῗται
1156 3317 1532 3387 ἐϐδομήκοντα
1562 3321 1712 3387 παρὰ

129 3406 317 3458 πᾶσαν
388 3406 686 3460 ἐθεάσαντο
738 3406 1070 3474 προσδοκίαν
1136 3410 1235 3472 τὰς
1283 3409 1394 3461 τῶν
1451 3410 1713 3461 ἐναντίων

125 3496 403 3567 τριήρεις,
436 3498 493 3559 ἐς
529 3497 731 3569 πολλὴν
756 3500 1044 3553 ἐνέπιπτον
1071 3501 1172 3570 ήδη
1197 3500 1419 3554 δειλίαν.
1447 3503 1556 3555 Kal
1580 3503 1714 3573 πόρ-

129 3591 307 3657 ρωθεν
340 3592 403 3642 ἐν
445 3592 595 3663 μέσῳ
626 3593 858 3661 πελάγει
907 3593 1081 3665 βραχύ
1124 3613 1176 3648 τι
1206 3597 1712 3666 ἀνακωχεύσαντες.

126 3683 279 3744 ὅπως
330 3681 400 3734 ἂν
430 3681 695 3736 διάθοιντο
724 3685 823 3756 τὴν
871 3686 1186 3755 ναυμαχίαν
1216 3687 1549 3741 ἐσκοποῦντο
1584 3689 1712 3743 καθ’

126 3773 383 3838 ἑαυτούς.
440 3775 549 3828 Καὶ
578 3776 751 3846 ἔδρων
793 3777 861 3830 τὰ
888 3776 1189 3849 δεδογμένα
1222 3780 1403 3844 εὐθύς.
1438 3783 1712 3852 Δεσμοῦσι

128 3867 227 3933 μέν
256 3866 374 3936 γάρ
393 3868 582 3933 σειράς
606 3868 765 3938 δίκην
796 3868 1059 3940 ἀλλήλαις
1090 3871 1322 3942 ἀλλήλας
1357 3874 1453 3936 τὰς
1488 3874 1711 3937 πλείους

123 3956 343 4010 ἐαυτῶν
392 3959 641 4029 τριήρεις
686 3960 827 4031 ὺπέρ
875 3962 970 4017 τοῦ
1003 3964 1082 4034 μὴ
1128 3967 1196 4035 τῇ
1241 3964 1452 4035 διεχείᾳ
1496 3967 1590 4019 καὶ
1629 3966 1709 4037 τῷ

1813 1851 2090 1904 concitato
2120 1852 2571 1921 circumspiceret
2605 1853 2814 1908 hostes.
2852 1855 2974 1907 Hace
3018 1855 3273 1909 celeriter
3304 1872 3390 1908 rc.-

1812 1959 1971 1997 versa
2003 1944 2366 2013 quadraginta
2400 1953 2609 1998 tantum
2648 1943 2905 2000 triremes
2937 1961 3056 1999 esse
3092 1946 3387 2019 nuntiavit.

1812 2026 2150 2081 Venetorum
2184 2027 2332 2079 enim
2391 2026 2615 2095 triginta
2655 2026 2972 2082 triremibus
3003 2028 3202 2097 quibus
3231 2030 3392 2084 Nlcu-

1810 2118 1932 2172 laus
1964 2115 2197 2172 Pisanus
2246 2128 2482 2187 praeerat
2520 2118 2764 2172 nondum
2826 2117 2879 2171 in
2907 2119 3080 2172 aciem
3134 2123 3386 2185 eductis,

1812 2206 1908 2261 sed
1942 2208 2007 2261 ad
2043 2208 2223 2261 sinum
2257 2209 2549 2277 quemdam
2584 2224 2615 2262 e
2650 2209 2967 2279 propinquo
3002 2212 3283 2265 collocatis
3332 2223 3392 2267 ut

1813 2299 2043 2353 insidias
2075 2309 2389 2364 struerent,
2419 2301 2518 2370 ipsi
2550 2302 2807 2356 insolenti
2846 2314 2902 2371 et
2931 2304 3171 2373 supeibo
3202 2305 3389 2357 animo

1816 2394 2073 2447 hostibus
2132 2393 2323 2462 paucis
2359 2394 2516 2447 multi
2563 2404 2873 2448 cesserunt.
2918 2394 3024 2449 Sed
3055 2396 3386 2450 Venetorum

1812 2487 2006 2543 classis
2058 2485 2171 2541 dux
2234 2500 2345 2541 uno
2395 2486 2485 2540 die
2532 2486 2681 2555 cepit
2734 2485 3109 2540 Genuensium
3157 2488 3387 2542 classem

1812 2586 2107 2649 antequam
2146 2577 2235 2631 ille
2268 2577 2511 2634 advenit.
2559 2576 2765 2631 Deinde
2807 2576 2923 2647 ipse
2968 2576 3022 2631 iu
3072 2576 3389 2633 Sardiniqu

1813 2669 1989 2725 tendit
2025 2679 2245 2739 portum
2281 2677 2336 2722 et
2367 2682 2425 2723 se
2452 2668 2738 2738 conjunxit
2774 2684 2899 2723 cum
2942 2668 3220 2725 Catelanis
3247 2688 3389 2740 quu-

1812 2775 1961 2824 rum,
2019 2767 2079 2812 ut
2111 2758 2373 2824 diximus,
2430 2758 2649 2827 triginta
2684 2759 2939 2813 triremes
2984 2776 3190 2831 magna:
3232 2773 3394 2817 erant

1812 2862 1978 2920 atque
2008 2852 2202 2921 ampla:
2224 2860 2279 2905 et
2307 2866 2587 2905 armorum
2644 2851 2998 2905 multitudine
3051 2852 3284 2910 refertae.
3312 2856 3392 2909 Ac

1812 2966 2136 3022 Genuenses
2186 2982 2310 3021 cum
2355 2967 2624 3037 postridie
2658 2968 2895 3038 ingressi
2937 2970 3179 3026 hostium
3223 2973 3392 3026 trire-

1817 3075 1935 3114 mes
1962 3063 2305 3130 septuaginta
2339 3070 2537 3129 praeter
2569 3076 2786 3116 omnem
2816 3063 3129 3131 opinionem
3161 3081 3393 3135 conspe-

1818 3149 2048 3216 xissent,
2084 3166 2313 3221 magnus
2344 3162 2515 3206 terror
2546 3153 2768 3215 invasit,
2802 3165 2856 3209 et
2884 3158 3073 3224 procul
3106 3158 3216 3212 alto
3250 3159 3387 3213 mari

1814 3242 2187 3297 consistentes
2220 3242 2504 3311 paululum
2536 3245 3083 3316 circumspiciebant.
3113 3253 3396 3317 quomodo

1812 3348 2051 3402 pugnam
2103 3334 2349 3388 navalem
2392 3334 2757 3404 disponerent
2806 3350 2863 3392 et
2887 3355 3010 3407 quae
3060 3340 3394 3394 videbantur

1812 3423 1997 3478 statim
2048 3424 2347 3480 faciebant.
2414 3425 2880 3495 Coustriugebaut
2931 3428 3077 3481 enim
3128 3438 3395 3498 tauquam

1812 3513 2037 3568 vinculo
2070 3514 2217 3568 inter
2249 3528 2308 3569 se
2371 3514 2660 3582 plerasque
2701 3512 2955 3568 triremes
2996 3529 3124 3569 suas
3149 3552 3165 3577 ,
3202 3529 3270 3566 ne
3303 3516 3393 3567 di-

1815 3604 2032 3659 stantia:
2052 3618 2244 3659 earum
2278 3602 2434 3673 192
2456 3613 2623 3672 atque
2652 3602 2939 3657 intervalla
2966 3603 3107 3656 viam
3139 3602 3395 3656 hostibus

1816 3696 2147 3763 praeberent,
2196 3710 2297 3751 nec
2333 3697 2599 3749 haberent
2626 3695 2709 3749 sui
2766 3695 2910 3749 unde
2959 3693 3119 3748 facile
3154 3708 3391 3762 pugnam

1815 3786 2146 3855 cﬂugerent.
2181 3786 2352 3839 Porro
2389 3801 2454 3839 ex
2485 3784 2680 3838 mediis
2716 3783 2884 3839 remis
2914 3785 3073 3838 sedes
3103 3782 3397 3836 nonnullas

1814 3877 2097 3943 auferunt,
2130 3887 2189 3931 ut
2214 3886 2472 3946 tanquam
2517 3877 2571 3930 in
2608 3887 2751 3931 terra
2816 3876 3062 3945 praelium
3097 3881 3392 3929 conserant

1814 3977 1871 4023 et
1894 3968 2052 4022 Iacile
2082 3967 2231 4021 exire
2257 3977 2314 4021 et
2337 3967 2491 4021 adire
2538 3976 2592 4020 et
2623 3966 2905 4035 praeterire
2945 3966 3177 4035 possint.

125 4053 427 4124 σκεδασμῴ
455 4055 653 4107 διδόναι
697 4056 931 4126 πάροδον
990 4059 1111 4121 ταῖς
1167 4060 1459 4128 πολεμαις
1510 4062 1695 4126 ναυσὶ,
1733 4060 1861 4130 μηδ’
1892 4060 2037 4130 ἐχειν
2066 4060 2129 4111 ἐκ
2190 4061 2283 4111 τοῦ
2315 4060 2517 4131 ῥᾴστου
2583 4060 2930 4126 φυγομαχεῖν
2961 4059 3082 4118 τοὺς
3114 4058 3387 4119 οἰκείους·

122 4147 409 4216 ἐξαιροῦσι
458 4146 503 4199 δ’
540 4143 609 4201 αὖ
650 4148 762 4201 τῶν
786 4150 1053 4219 ἐρετικῶν
1101 4152 1166 4204 ἐκ
1207 4153 1390 4220 μέσων
1426 4152 1575 4217 ἐνίας
1614 4152 1906 4223 καθέδρας,
1967 4153 2034 4205 ἶν’
2060 4151 2137 4214 ὡς
2182 4154 2239 4205 ἐν
2290 4152 2533 4222 ἐπιπέδῳ
2596 4150 2709 4220 τὴν,
2761 4151 2945 4219 μάχην
3002 4150 3262 4203 ποιῶνται
3296 4153 3390 4202 καὶ

120 4239 444 4301 ἀκωλύτους
478 4240 573 4303 τάς
620 4258 679 4294 τε
712 4240 989 4305 ἐξελάσεις
1020 4245 1116 4296 καὶ
1159 4246 1448 4309 ἐπελάσεις
1479 4248 1573 4300 καὶ
1608 4247 1704 4309 τὰς
1744 4247 2016 4317 παρόδους
2042 4246 2265 4315 ἔχωσιν.

203 4337 308 4394 ll".
357 4341 449 4392 Ἐν
479 4342 682 4401 τούτοις
722 4338 766 4389 δ’
805 4338 1226 4409 ἀσχολουμένων
1256 4343 1435 4396 αὐτῶν
1480 4343 1713 4413 θὸρυδος
1745 4348 1792 4406 D

1706 4348 1792 4406 :D
1890 4342 2028 4397 XIII.
2085 4341 2180 4395 His
2240 4341 2405 4395 rebus
2461 4356 2586 4395 eum
2646 4339 2896 4408 occupati
2958 4347 3166 4403 essent,
3210 4344 3390 4391 motus

122 4436 180 4503 ἐξ
209 4432 495 4502 άπογείων
525 4432 853 4501 πνευμάτων
876 4431 1141 4503 ἐξαίφνης
1163 4432 1226 4505 [ί.
1270 4434 1371 4491 108
1397 4434 1473 4507 v.]
1504 4437 1715 4505 ἐγείρει

122 4542 235 4589 ται,
274 4527 393 4586 τοῖς
446 4524 545 4593 μὲν
591 4526 923 4589 Κατελάνοις
954 4526 1072 4593 ἆμα
1118 4528 1215 4579 καὶ
1268 4525 1572 4587 Βενετικοῖς
1606 4526 1714 4577 ἀπὸ

123 4618 412 4686 πρύμνης,
445 4619 556 4679 τοῖς
598 4618 653 4669 δὲ
701 4618 1045 4681 Γεννουῖταις
1078 4614 1199 4670 οὖσι
1250 4616 1529 4683 πελαγίοις
1563 4617 1713 4668 ἀντί-

120 4726 375 4778 πρωρος.
416 4708 524 4760 Kal
555 4711 654 4778 μὲν
681 4709 746 4777 δὴ
775 4710 965 4764 λοιπὸν
983 4713 1050 4761 τά
1080 4711 1186 4761 τῶν
1210 4712 1383 4761 ἐκεῖσε
1408 4707 1715 4777 τηνικαῦτα

120 4819 263 4852 κατα
269 4787 512 4868 χύεισῶν
532 4800 853 4876 ὁθενδήποτε
885 4801 1136 4869 μεγάλων
1165 4801 1443 4867 τεττάρων
1466 4798 1709 4852 ὁλκάδων

120 4895 271 4946 ἱστία
303 4894 647 4955 πετάσαντες
677 4894 734 4945 οἵ
760 4911 815 4945 τε
842 4894 1145 4946 Κατελάνοι
1172 4895 1264 4945 καὶ
1296 4894 1573 4944 Βενετικοὶ
1600 4896 1712 4955 τοῖς

118 4983 414 5050 πολεμίοις
456 4982 696 5050 ἐχώρουν
726 4982 913 5050 ὁμόσε,
967 4982 1025 5046 ἐξ
1055 4983 1243 5048 οὐρίας
1298 4981 1578 5045 ποιοῦντες
1617 4981 1710 5033 τὸν

119 5076 294 5128 πλοῦν
314 5092 328 5105 ·
368 5073 557 5125 εἵπετο
585 5074 630 5124 δ’
656 5072 793 5142 ὁμοῦ
817 5073 912 5126 καὶ⁵
944 5075 971 5125 ό
999 5074 1184 5134 στόλος
1212 5071 1377 5137 ἄπας,
1405 5075 1517 5133 τοῖς
1550 5073 1711 5123 πολε-

121 5171 309 5237 μικοῖς
343 5165 597 5237 ὀργάνοις
623 5165 950 5235 τερπόμενοι
992 5166 1085 5216 καὶ
1122 5166 1216 5227 τὰς
1248 5165 1355 5215 τῶν
1383 5164 1710 5232 ὁπλομάχων

116 5259 302 5325 ψυχὰς
336 5255 476 5324 πρὸς
509 5253 568 5305 τὸ
616 5254 982 5323 ἀκμαιότερον
1023 5252 1382 5321 ἐρεθίζοντες.
1416 5246 1580 5305 Ὅθεν
1613 5257 1710 5316 τὰς

120 5352 221 5416 μὲν
262 5347 434 5409 εὐθὺς
462 5350 517 5408 ἐς
556 5345 717 5415 βυθὸν
749 5345 1052 5397 κατέδυσαν
1079 5345 1269 5414 ῶσπερ
1299 5346 1710 5416 καταπατηθεί-

120 5462 224 5503 σας
257 5445 365 5493 ὑπὸ
397 5440 510 5491 τῶν
541 5438 802 5499 ὁλκάδων,
835 5440 934 5499 τὰς
956 5438 999 5490 δ’
1025 5438 1370 5507 ἐζώγρησαν.
1400 5438 1510 5489 Kal
1533 5436 1705 5497 οὕτως

118 5540 179 5585 ἐν
218 5534 413 5603 βραχεῖ
441 5532 705 5600 τρόπαιον
735 5530 921 5598 σχεδὸν
954 5530 1290 5598 ἀναίμακτον
1332 5530 1510 5597 ἔσχον,
1538 5530 1706 5595 ὑπὲρ·

115 5644 175 5677 τε
192 5643 273 5693 ροι
310 5626 625 5676 παντάπασι
659 5624 753 5676 τοῦ
784 5622 1159 5675 Γεννουῖτικοῦ
1192 5623 1475 5690 γενίμενοι
1514 5622 1704 5674 στόλου

1820 4434 2162 4490 terrestrium
2196 4440 2486 4487 ventorum
2518 4441 2746 4501 repente
2784 4438 3010 4485 exortus
3039 4438 3145 4494 est,
3176 4428 3267 4498 qui
3293 4426 3393 4483 Ca«

1821 4526 2015 4580 telauis
2055 4524 2277 4595 quidem
2325 4534 2381 4578 et
2410 4523 2636 4578 Venetis
2688 4524 2752 4575 ad
2803 4523 3026 4592 puppim
3059 4529 3253 4579 erant,
3288 4520 3392 4571 (ic-

1818 4619 2125 4673 nuensibus
2166 4630 2348 4670 autem
2405 4615 2500 4683 qui
2550 4616 2603 4667 in
2648 4615 2764 4667 alto
2797 4621 2956 4666 erant
2996 4611 3231 4665 adversi.
3270 4608 3391 4663 Jam

1816 4725 1946 4765 Vero
1989 4725 2114 4763 cum
2163 4720 2401 4778 quatuor
2430 4722 2598 4761 naves
2622 4720 2828 4774 magnae
2850 4713 3038 4759 essent
3060 4713 3225 4772 atque
3254 4718 3392 4755 ortu-

1818 4809 1916 4853 βίαι
1956 4799 2095 4854 velis
2126 4800 2271 4852 datis
2315 4796 2562 4851 Catelani
2593 4805 2649 4849 et
2685 4795 2875 4849 Veneti
2914 4794 3167 4847 hostibus
3213 4806 3395 4845 cesse-

1817 4899 1945 4943 runt
2002 4899 2165 4943 vento
2214 4890 2456 4943 secundo
2518 4887 2874 4955 navigantes;
2923 4893 3110 4939 secuta
3145 4892 3230 4937 est
3281 4893 3392 4934 tota

1817 4982 2010 5036 classis
2044 4980 2212 5034 rebus
2262 4979 2473 5033 bellicis
2508 4978 2775 5031 instructa
2818 4986 3154 5030 armatorum
3193 4974 3393 5027 animis

1816 5072 2173 5125 vehementer
2213 5070 2490 5123 excitatis.
2542 5068 2618 5122 Ex
2667 5069 2753 5122 his
2791 5068 2911 5121 alia:
2967 5066 3020 5119 in
3059 5064 3390 5134 prqundum

1821 5178 1969 5216 mare
2000 5164 2267 5215 demersae
2320 5171 2450 5215 sunt
2517 5162 2749 5214 navibus
2797 5160 3065 5213 ductoriis
3094 5172 3386 5226 oppressm.

1817 5258 1935 5308 alia:
1964 5265 2158 5322 capta-.
2192 5253 2379 5321 Itaque
2415 5254 2568 5307 brevi
2614 5262 2861 5321 tempore
2904 5250 3050 5304 nulla
3098 5248 3212 5301 fere
3242 5259 3393 5300 inmte

1818 5350 1957 5401 facta
1992 5349 2279 5400 victoriam
2312 5346 2697 5414 deportarunt,
2732 5354 2985 5412 superata
3014 5341 3393 5395 Genuensiuui

1814 5443 1988 5491 classe
2024 5439 2181 5505 plane
2212 5448 2324 5489 tota
2358 5435 2602 5504 eXCcptis
2643 5434 3001 5503 quadraginta
3030 5430 3347 5484 triremibus
3374 5469 3388 5489 ,

1813 5548 1933 5599 qua:
1965 5531 2129 5585 celeri
2164 5532 2285 5599 fuga
2316 5530 2538 5596 dilapsa:
2581 5537 2759 5581 erant.
2794 5526 2915 5579 lltec
2943 5540 3064 5577 eum
3094 5528 3254 5575 tinent
3294 5521 3394 5573 lt..-

1814 5624 2014 5677 bebant
2034 5665 2047 5687 ,
2074 5632 2128 5676 et
2151 5633 2310 5676 aestas
2338 5622 2422 5674 his
2446 5621 2611 5673 rebus
2638 5620 2791 5673 ﬁnita
2821 5629 2923 5673 est.

117 5721 347 5781 παντὸς,
385 5719 527 5787 πλην
572 5718 694 5771 ὅσαι
736 5719 975 5786 φυγάδες
1007 5718 1252 5787 ἔφθησαν
1299 5722 1582 5785 γεγονυῖαι
1657 5719 2097 5787 ταχυναυτοῦσαι
2166 5718 2409 5785 τριήρεις
2454 5714 2849 5766 ὀκτωκαίδεκα.
2905 5711 3011 5764 Καὶ
3074 5707 3242 5762 ταῦτα
3287 5707 3395 5776 μὲν

117 5809 313 5866 τοῦτον
369 5810 499 5878 έσχε
562 5810 654 5862 τὸν
698 5815 921 5882 τρόπον,
955 5814 1047 5867 καὶ
1089 5814 1146 5865 τὸ
1188 5812 1343 5883 Θέρος
1386 5816 1442 5865 ἐν
1491 5812 1701 5875 τούτοις
1742 5814 2018 5866 ἐτελεύτα.
