4264 6362
782 356 890 414 I75

1985 342 2396 401 NICEI‘HORI
2439 340 2821 402 CREGORE

3917 335 4014 398 176

783 468 1089 522 secundum
1139 464 1403 531 cujusque
1456 462 1533 516 rei
1583 458 1893 513 domesticze
1943 469 1994 511 et
2050 457 2352 512 nobilitatis
2386 462 2422 510 Α

2390 462 2422 510 Α
2452 457 2479 507 ὁ
2509 455 2960 523 Καντακουζηνδς
2987 452 3296 523 αίσχυνοεδς
3350 450 3541 518 ἔρανον
3593 448 3726 518 πρὸς
3756 446 3863 498 τῶν
3909 447 4016 498 Bu-

788 562 1074 613 ratiomm.
1138 559 1212 610 Ita
1271 558 1444 610 tribus
1502 553 1776 605 mensibus
1835 551 2104 620 reliquum
2164 549 2348 618 templi

784 663 986 704 tea-tom
1031 660 1390 701 restauratum
1430 653 1533 698 est.

856 927 1021 980 XXII.
1061 925 1316 990 Quaenam
1389 937 1594 991 autem,
1662 925 2047 994 Agathangelc,
2107 926 2177 977 ob
2212 927 2354 978 cala-

789 1022 990 1075 mitatis
1017 1020 1468 1088 magnitudinem.
1496 1022 1698 1074 veritus
1723 1036 1789 1073 ne
1826 1021 2076 1075 homines
2106 1022 2353 1088 legerent

787 1123 839 1165 et
878 1111 1153 1174 audirent,
1192 1110 1246 1162 in
1283 1111 1530 1164 oratione
1566 1119 1654 1163 tua
1691 1110 1945 1165 omisisti.
1977 1112 2162 1179 Neque
2207 1113 2352 1165 enim

789 1205 1018 1272 majora,
1055 1213 1114 1255 ut
1149 1202 1276 1256 mihi
1311 1201 1870 1272 videtur,quamqu:e
1893 1213 1993 1257 ate
2028 1203 2172 1257 dicta
2203 1213 2350 1267 sunt,

792 1309 968 1362 neque
1009 1293 1364 1346 insolentiora
1413 1303 1643 1361 possunt
1685 1294 1812 1348 dici.
1849 1295 2052 1348 Tamen
2086 1297 2355 1364 parsimo-

793 1387 876 1438 nia
929 1384 1162 1451 quadam
1216 1384 1484 1438 orationis
1520 1401 1686 1438 unum
1721 1385 1807 1438 vel
1854 1384 1965 1438 duo
1998 1399 2190 1440 eorum
2233 1404 2353 1454 qua:

791 1477 925 1530 levia
974 1486 1102 1530 sunt
1139 1477 1297 1530 velint
1343 1477 1475 1529 mihi
1514 1490 1758 1536 enarres.
1810 1491 1878 1530 ne
1925 1476 2086 1545 longo
2135 1478 2354 1532 silentio

788 1568 1028 1618 animum
1084 1568 1134 1619 in
1190 1568 1562 1634 suspicionem
1623 1567 1851 1621 inducas
1896 1584 2071 1638 neque
2107 1570 2354 1639 longiore

788 1658 1035 1711 oratione
1080 1673 1245 1712 aures
1276 1659 1552 1714 audientis
1583 1659 1874 1715 obtundas.

858 1859 1045 1912 XXIII.
1067 1860 1306 1912 I‘rimnm
1334 1859 1518 1928 igitur,
1553 1860 1735 1914 divine
1755 1861 1868 1925 ‘vir,
1893 1864 2084 1918 audias
2107 1882 2189 1919 me
2227 1883 2353 1920 nar-

790 1965 998 2006 tantem
1029 1953 1096 2006 de
1121 1951 1369 2004 Barliaris
1403 1951 1509 2005 illis
1534 1953 1648 2020 qui,
1674 1953 2110 2021 quantlocunque
2144 1959 2354 2022 volunt,

787 2064 911 2100 cum
945 2061 1155 2098 summa
1189 2045 1464 2097 hilaritate
1509 2045 1936 2113 progrediuntur
1977 2048 2030 2100 in
2069 2049 2265 2116 regias,
2299 2059 2358 2103 ιη

795 2140 1069 2210 mysteriis
1097 2137 1505 2206 superstitionis
1534 2137 1714 2204 impia:
1754 2138 1997 2206 praesint,
2032 2149 2086 2192 et
2118 2141 2355 2195 dissolu-

788 2246 898 2287 tam
932 2233 1377 2300 ineonditamque
1409 2230 1578 2283 vitam
1607 2241 1772 2297 agunt
1807 2231 2144 2296 indulgendo
2177 2235 2356 2287 ventri

789 2338 844 2379 et
875 2325 1183 2378 vinolentia:
1215 2332 1270 2376 et
1307 2322 1570 2390 quidquid
1598 2322 1896 2390 cupiditate
1925 2326 2152 2379 excitari
2193 2328 2355 2383 solet.

797 2418 858 2471 Ili
900 2417 1065 2485 igitur
1099 2419 1221 2467 eum
1275 2416 1328 2467 in
1367 2415 1571 2481 templo
1612 2414 1756 2482 quod
1807 2415 1860 2466 in
1913 2416 2121 2470 a-dibus
2191 2420 2358 2487 regiis

790 2517 878 2560 est
948 2521 1104 2557 sacra
1161 2504 1417 2573 mysteria
1470 2502 1664 2556 faeturi
1728 2505 1857 2564 sint,
1916 2504 1967 2555 in
2013 2505 2170 2559 atriis
2215 2507 2358 2559 nuda

790 2615 913 2652 cum
980 2597 1271 2649 saltatione
1348 2594 1629 2647 incondita
1706 2595 1950 2646 carmina
2018 2604 2074 2647 et
2132 2596 2359 2666 hymnos

792 2691 1082 2746 Mahometi
1133 2699 1356 2744 eanunt.
1406 2689 1616 2752 Quibus
1840 2688 2006 2740 rebus
2073 2690 2247 2754 magis
2294 2689 2358 2742 ad

792 2798 910 2834 sese
963 2796 1122 2848 quam
1177 2778 1242 2831 ad
1300 2776 1589 2844 Evangelia
1649 2777 1920 2828 audienda
1985 2778 2210 2831 trahunt
2265 2790 2361 2830 aut

790 2887 980 2925 omnes
1032 2880 1127 2924 aut
1176 2869 1470 2923 nonnullos
1523 2884 1712 2921 eorum
1767 2869 1862 2936 qui
1922 2869 1993 2922 ibi
2046 2871 2360 2939 congregati

791 2973 945 3017 sunt.
976 2964 1176 3015 Eodem
1223 2961 1386 3014 modo
1417 2961 1482 3012 ad
1521 2961 1723 3027 regiam
1769 2976 2008 3019 mensam
2042 2963 2362 3032 plermnque

791 3056 1033 3126 cymbala
1057 3053 1318 3106 adhibere
1341 3061 1395 3106 et
1418 3052 1630 3105 ludicra
1655 3053 2017 3107 instrumenta
2042 3064 2094 3108 et
2119 3057 2360 3112 carmina

795 3147 960 3213 impia
996 3146 1198 3198 solent.

2456 548 2692 610 ζαντίων
2725 546 2940 599 κελεύει
2999 543 3424 614 συμφορηθῑτηι
3451 540 3569 592 κατ’
3594 541 3748 602 ἀξίαν
3774 539 4018 591 ἑκάστων

2454 644 2563 694 τῶν
2574 658 2634 692 τε
2657 642 2797 710 μάλα
2813 640 3082 691 πλουσίων
3099 640 3190 690 καὶ
3218 639 3314 706 μὴ,
3331 638 3421 688 καὶ
3446 634 3553 688 τῶν
3575 633 3774 702 μᾶλλον
3791 631 4016 695 ἐνδόξων

2454 733 2550 784 καὶ
2581 733 2678 800 μὴ,
2706 734 2801 785 καὶ
2833 731 3004 792 οὕτως
3048 732 3104 780 ἐν
3134 729 3283 795 τρισὶ
3317 730 3446 795 μησὶ
3475 726 3650 779 καὶτὸ
3685 722 3784 791 τῆς
3812 723 4017 792 ὀροφῆς

2455 823 2547 876 τοῦ
2588 821 2692 873 νεὼ
2718 822 3034 888 λειπόμενον
3061 817 3457 870 ἐκτετέλεσται.

2530 935 2656 988 KB'.
2694 936 2828 986 Τίνα
2867 935 2909 986 δ’
2950 930 3038 1003 ἦν,
3076 926 3120 986 ὦ
3155 931 3284 984 καλὲ
3335 929 3733 996 Ἀγαθάγγελε,
3786 924 3936 979 ταῦθ’
3989 926 4027 976 ἃ

2456 1027 2544 1078 διὰ
2595 1025 2791 1085 κακίας
2852 1023 3102 1092 μέγεθος,
3160 1021 3333 1088 φειδοῖ
3390 1020 3498 1073 τῶν
3528 1017 3739 1087 ἀνδρῶν
3777 1015 4022 1077 ἐκείνων,

2457 1120 2563 1170 τῶν
2585 1135 2642 1168 τε
2676 1119 2944 1182 λεγόντων
2971 1115 3112 1184 φημὶ
3139 1116 3229 1166 καὶ
3256 1114 3364 1165 τῶν
3396 1111 3728 1174 ἀκουόντων,
3764 1107 4029 1176 σιωπὼσῃ

2460 1210 2828 1279 παρέπεμψας
2848 1208 3064 1276 γλώττῃ
3091 1224 3104 1272 ;
3143 1206 3274 1275 μηδέ
3306 1206 3413 1271 γὰρ
3443 1199 3584 1256 εἶναι
3620 1202 3769 1254 δοκεῖ
3801 1215 3892 1269 μοι
3917 1200 4028 1251 τῶν

2462 1305 2628 1372 μήπω
2673 1302 2736 1368 γέ
2792 1316 2875 1351 σοι
2931 1299 3232 1368 λεχθέντων
3269 1299 3337 1349 τά
3385 1296 3648 1364 λεχθέντα
3685 1297 3820 1363 μήτε
3855 1290 4031 1360 μείζω

2461 1397 2597 1466 μήτε
2635 1394 2741 1463 μὴν
2775 1391 3120 1462 ἀτοπώτερα.
3158 1391 3348 1458 Ὅμως
3397 1388 3625 1455 ἐκλογὴν
3661 1384 4029 1453 ποιησάμενος

2465 1487 2528 1540 σύ
2561 1504 2623 1556 γε
2653 1485 2907 1538 κάκεῖθεν
2941 1483 3197 1553 μετρίαν,
3227 1483 3286 1535 ἓν
3319 1481 3347 1549 ἧ
3399 1481 3494 1533 δύο
3525 1481 3634 1532 τῶν
3682 1475 4032 1543 κουφοτέρων

2460 1577 2792 1646 ἀπαγγεῖλαί
2861 1593 2950 1645 μοι
3008 1574 3413 1645 προθυμήθητι.
3447 1573 3523 1634 ὡς
3576 1573 3650 1639 μὴ
3707 1565 4032 1621 ἀποκναίειν

2465 1675 2602 1739 μήτε
2646 1671 2832 1738 μακρᾷ
2864 1671 2988 1737 σιγῇ
3026 1671 3122 1729 τὰς
3176 1667 3331 1735 ἡμῶν
3363 1663 3616 1725 ὑπονοίας
3647 1663 3783 1732 μήτε
3824 1675 4033 1729 μακρο-

2466 1765 2642 1833 τέροις
2673 1763 2852 1828 λόγοις
2885 1761 2983 1821 τὰς
3014 1757 3168 1826 ἡμῶν
3198 1756 3389 1818 ἀκοάς.

2532 1877 2657 1928 KF'.
2692 1877 2800 1927 Καὶ
2845 1875 2941 1941 μὲν
2972 1873 3035 1942 δὴ
3078 1890 3294 1939 πρωτον
3327 1871 3468 1923 ἔστω
3519 1887 3624 1931 σοι,
3667 1868 3785 1920 θεία
3825 1884 3912 1934 μοι
3942 1882 4034 1916 κε-

2461 1967 2625 2034 φαλὴ,
2666 1966 2801 2032 πρὸς
2848 1964 3112 2033 ἀκρόασιν
3157 1964 3217 2014 τὸ
3254 1963 3383 2032 περὶ
3423 1963 3532 2013 τῶν
3561 1960 3853 2030 βαρϐάρων
3892 1957 4036 2008 ἐκεί-

2460 2074 2588 2112 νων.
2647 2055 2695 2106 οἳ
2736 2056 3002 2124 διηνεκῶς
3042 2054 3136 2106 καὶ
3191 2055 3278 2106 ὅτε
3315 2052 3590 2122 βούλοιντο
3643 2050 3779 2119 μετὰ
3829 2047 4033 2112 πολλῆς

2460 2149 2780 2216 κωμάζουσι
2814 2147 2914 2214 τῆς
2974 2146 3258 2215 ῥᾳστώνης
3301 2146 3379 2207 εἰς
3419 2145 3485 2195 τά
3519 2142 3789 2210 βασίλεια,
3824 2155 4033 2208 μυστα-

2458 2238 2630 2307 γωγοὶ
2668 2237 2762 2288 καὶ
2811 2237 3064 2305 πρόεδροι
3115 2236 3212 2303 τῆς
3250 2233 3477 2294 ἀσεϐοῦς
3511 2231 3809 2301 θρησκείας
3857 2230 4036 2290 ὄντες,

2461 2324 2554 2376 καὶ
2612 2323 2725 2391 βίον
2760 2323 2880 2391 μένι
2909 2323 2985 2384 ὡς
3017 2323 3202 2389 φασὶν,
3232 2322 3462 2374 ἀσκευόν
3496 2339 3553 2373 τε
3592 2321 3686 2372 καὶ
3724 2320 3900 2384 ἄζυγα
3937 2318 4030 2384 βό·-

2460 2433 2702 2480 σκοντες,
2733 2418 2934 2484 γαστρὶ
2953 2417 3006 2467 δέ
3036 2416 3256 2467 πάντων
3298 2416 3533 2482 μάλιστα
3560 2412 3905 2472 δουλεύοντες
3940 2410 4039 2461 καὶ

2461 2507 2864 2576 ἀκρατοποσίας
2895 2505 3223 2575 ἡττώμενοι,
3257 2507 3350 2556 καὶ
3380 2506 3478 2557 ὅσα
3514 2506 3572 2556 τὸ
3611 2503 3707 2570 τῆς
3735 2499 4038 2567 ἐπιθυμίας

2461 2603 2761 2655 ἀκόλαστον
2797 2601 3118 2667 ἀναφλέγει.
3171 2597 3332 2653 Οὗτοι
3373 2600 3552 2650 τοίνυν
3605 2596 3904 2665 μελλούσης
3933 2594 4036 2659 τῆς

2464 2697 2612 2764 ἱερᾶς
2641 2696 2918 2747 τελεῖσθαι
2957 2695 3347 2762 μυσταγωγίας
3381 2694 3439 2744 ἐν
3490 2691 3568 2758 τῷ
3606 2691 3714 2742 τῶν
3750 2687 4038 2756 βασιλείων

2463 2789 2617 2849 ἐκτὸς
2665 2789 2796 2857 ἱερῷ
2826 2788 3069 2855 τεμένει,
3103 2787 3298 2855 χοροὺς
3352 2784 3611 2843 ίστώντες
3641 2783 3841 2833 ἐκεῖνοι
3885 2779 4041 2844 παρὰ.

2463 2877 2560 2938 τάς
2593 2874 2898 2944 βασιλείους
2931 2874 3098 2936 αὺλάς
3161 2871 3451 2942 ἀντᾴδουσί
3500 2887 3558 2921 τε
3606 2870 3707 2938 τὴν
3758 2870 4039 2936 γυμνικὴν

2462 2967 2680 3037 ἐκείνην
2712 2967 3035 3036 ὀρχούμενοι
3081 2966 3327 3034 ὄρχησιν,
3367 2964 3461 3015 καὶ
3499 2962 3733 3030 ἀσήμοις
3769 2960 4039 3025 κλαγγαῖς

2464 3060 2562 3122 τὰς
2592 3057 2688 3110 τοῦ
2725 3058 2972 3124 Μωάμεθ
3006 3055 3316 3108 ἀναϐοῶσιν
3343 3055 3484 3124 ᾠδὰς
3515 3054 3611 3105 καὶ
3641 3053 3768 3113 τοὺς
3807 3050 4038 3119 ὕμνους,

2390 3139 2436 3202 C
2470 3146 2634 3212 δι’,ὧν
2669 3153 2763 3204 καὶ
2804 3151 3159 3203 ἀνθέλκουσιν
3191 3149 3327 3216 πρὸς
3352 3147 3451 3216 τὴν
3483 3148 3693 3198 ἑαυτῶν
3731 3145 3932 3212 μᾶλλον
3980 3148 4044 3194 ἀ-

794 3241 1020 3309 κρόασιν
1049 3241 1080 3309 ἢ
1114 3240 1342 3309 τὴντῶν
1367 3240 1525 3292 θείων
1559 3241 1904 3309 Εὑαγγελὶων
1935 3243 2062 3295 ποτέ
2129 3245 2226 3311 μὲν
2285 3245 2489 3309 πάντας
2521 3248 2728 3309 ἁπλῶς,
2780 3248 2909 3299 ποτέ
2959 3248 3002 3296 δ’
3073 3246 3246 3307 ἐνίους
3293 3244 3402 3296 τῶν
3449 3242 3828 3310 ἡθροισμένων
3893 3243 4035 3293 ἐκεῖ.

795 3333 869 3386 Τὸ
900 3334 944 3385 δ’
983 3333 1114 3384 αὐτὸ
1141 3335 1234 3384 καῖ¹
1265 3335 1392 3401 περὶ
1430 3335 1529 3402 τὴν
1559 3333 1830 3402 βασίλειον
1863 3337 2148 3404 τράπεζαν
2174 3339 2373 3406 δρῶσιν
2415 3342 2490 3402 ὡς
2528 3342 2596 3392 τὰ
2651 3340 2822 3392 πολλά
2867 3342 3004 3409 μετά
3054 3356 3116 3405 γε
3159 3337 3221 3409 [ί.
3268 3338 3365 3391 112
3400 3334 3472 3407 1.]
3513 3334 3578 3404 δὴ
3615 3333 3912 3402 κυμϐάλων
3939 3338 4042 3389 καὶ

796 3422 1108 3490 θυμελικῶν
1141 3421 1391 3490 ὀργάνων
1438 3423 1530 3474 καὶ
1561 3422 1849 3491 ᾀσμάτων,
1885 3425 2058 3476 ὁπόσα
2100 3429 2210 3487 τοῖς
2239 3429 2498 3481 ἀσεϐέσιν
2539 3429 2792 3482 εἴθισται.

865 3536 1056 3592 XXIV.
1096 3535 1212 3590 Hoc
1257 3552 1425 3589 unum
1452 3554 1479 3589 a
1516 3553 1598 3590 me
1627 3539 1807 3592 obiter
1836 3539 2041 3593 dictum
2080 3542 2172 3595 sit.
2221 3541 2369 3595 Reli—

799 3645 966 3700 quum
998 3636 1082 3681 est
1116 3627 1186 3680 ob
1216 3643 1488 3681 erumnas
1521 3644 1582 3680 ac
1616 3629 1833 3682 labores
1873 3631 2232 3684 barbarorum
2271 3649 2368 3685 co-

800 3723 919 3790 pias
962 3736 1024 3772 ex
1070 3719 1318 3787 Bithynia
1372 3719 1423 3770 in
1462 3720 1730 3788 Europam
1786 3721 2058 3788 proﬁcisci
2105 3726 2368 3788 noluisse,

799 3827 900 3866 nec
937 3812 1320 3866 Cantacuzeno
1359 3812 1468 3879 regi
1501 3825 1622 3863 cum
1655 3812 1720 3863 ad
1761 3828 1816 3866 se
1847 3824 2070 3868 vocaret
2107 3831 2164 3869 se
2191 3818 2370 3884 appli-

800 3911 1037 3954 eaturas.
1093 3899 1210 3964 Qua
1284 3915 1340 3953 re
1409 3900 1497 3953 ille
1549 3910 1796 3964 coactus,
1849 3911 2056 3956 turmas
2121 3906 2369 3958 mercede

807 3991 1113 4043 eondttctas
1157 4005 1280 4042 cum
1319 3991 1640 4045 mulieribus
1687 4003 1742 4046 et
1779 3995 1969 4048 liberis
2008 3998 2059 4048 in
2094 3997 2367 4065 Europam

797 4083 1216 4148 transportavit,
1243 4097 1364 4149 qua:
1399 4084 1444 4134 ei
1479 4083 1607 4136 visa:
1630 4096 1758 4137 sunt
1789 4101 1908 4139 esse
1947 4089 2291 4141 munimento
2317 4099 2371 4143 et

803 4173 1061 4225 tenicnlo
1084 4173 1381 4242 Palaeologo
1400 4189 1599 4240 genero
1620 4184 1875 4244 tanquam
1895 4177 2162 4248 Gorgonis
2182 4179 2368 4235 facies.

801 4262 1073 4315 Triballos
1119 4264 1404 4332 Mysosque
1435 4266 1488 4316 in
1520 4267 1810 4320 nonnullas
1843 4265 2173 4324 Chersonesi
2207 4273 2372 4326 nrbes

793 4359 1219 4427 transportavit,
1261 4359 1304 4410 si
1354 4358 1492 4412 forte
1529 4375 1592 4412 ex
1648 4361 1713 4413 iis
1763 4371 1947 4414 essent
1987 4366 2076 4432 qui
2115 4365 2248 4418 socii
2285 4365 2368 4417 sui

803 4451 856 4502 in
894 4450 1038 4502 bello
1070 4464 1188 4502 esse
1224 4449 1428 4501 vellent
1461 4457 1519 4501 nt
1559 4450 1836 4504 Romanos
1875 4453 1996 4505 illos
2038 4455 2269 4508 miseros
2317 4456 2369 4508 itt

802 4540 1067 4592 servitute
1124 4542 1426 4593 retinerent
1482 4542 1739 4594 mandato
1794 4543 1938 4610 regis
1983 4560 2045 4598 ac
2095 4545 2373 4599 voluntate

802 4631 993 4700 adjnti.
1042 4630 1195 4686 Unde
1231 4641 1486 4698 tanquam
1519 4647 1584 4684 ex
1624 4633 1990 4688 munitissimo
2025 4637 2372 4703 receptaequ

802 4724 1006 4792 egressi
1049 4723 1352 4791 proximam
1385 4722 1640 4777 Thracia
1676 4733 1886 4791 partem
1923 4726 2213 4778 vastabant
2245 4728 2372 4780 sub—

797 4814 1192 4884 jiciebantque.
1258 4813 1375 4866 Jam
1440 4830 1571 4868 vero
1627 4814 1859 4884 llyieani
1931 4815 2073 4869 [ilius
2123 4817 2214 4884 qui
2274 4800 2449 4886 perD

793 4915 1215 4983 'llellespontum
1253 4911 1527 4980 prolectus
1555 4921 1673 4965 erat
1719 4923 1974 4980 tanquam
2011 4913 2061 4965 in
2098 4914 2368 4968 coloniam

801 5017 857 5058 et
892 5007 1116 5073 patriam
1150 5015 1349 5058 terram
1390 5004 1637 5056 habitare
1690 5004 1763 5056 ibi
1814 5021 1938 5058 cum
1994 5005 2245 5059 Barbaris
2275 5007 2368 5074 qui

803 5097 968 5166 paulo
1031 5105 1157 5148 ante
1219 5097 1323 5148 huc
1354 5105 1616 5149 venerant
1666 5111 1722 5148 se
1757 5111 1913 5163 posse
1965 5097 2212 5164 putabat.
2244 5098 2374 5163 Qua:

807 5203 938 5238 vero
973 5195 1277 5253 sequuntur
1313 5195 1371 5237 ut
1417 5188 1670 5253 prudenti
1703 5187 1903 5253 cuique
1940 5187 2234 5240 admodum
2280 5205 2372 5241 co-

805 5276 977 5343 gnita,
1011 5279 1054 5328 si
1113 5276 1373 5339 volueris,
1413 5277 1621 5330 tztcebo.
1681 5277 1844 5347 205.
1901 5278 2032 5331 Nant
2095 5291 2154 5332 ut
2205 5281 2372 5333 certis

804 5369 1114 5421 rationibus
1163 5369 1425 5438 conjietas
1457 5385 1518 5422 ea
1566 5385 1685 5438 qua:
1735 5371 1955 5424 silentio
2008 5375 2370 5440 praetermissa

805 5467 933 5508 sunt
959 5455 1138 5523 qualia
1172 5459 1280 5510 sint
1317 5458 1473 5511 facile
1509 5469 1558 5511 te
1579 5471 1958 5513 assecuturum
1993 5472 2143 5528 puto,
2170 5465 2211 5515 si
2249 5481 2371 5532 quze

802 5549 947 5599 dicta
983 5557 1105 5598 sunt
1143 5548 1311 5616 probe
1350 5548 1613 5611 audieris,
1642 5549 1742 5600 etsi
1772 5551 2072 5617 asperrima
2104 5563 2229 5604 sunt
2262 5553 2372 5604 for-

803 5638 944 5689 sitan
1003 5653 1123 5704 qure
1185 5639 1440 5691 Callistus
1504 5639 1558 5692 in
1614 5639 2058 5695 Caulawzeuum
2122 5643 2372 5699 invectus

797 5730 1155 5783 acerbissime
1187 5732 1450 5786 evomuit.

2546 3546 2667 3600 KA'.
2712 3549 2808 3599 Ἐν
2863 3545 3053 3614 μὲνδὴ
3108 3535 3269 3596 τοῦτο
3326 3543 3569 3604 σκιωδῶς
3628 3542 3865 3612 εἰρήσθω
3912 3557 4042 3608 μοι·

2470 3639 2723 3708 δεύτερον
2759 3641 2802 3692 δ’
2829 3640 2910 3691 ὃτι
2963 3642 3056 3691 καὶ
3085 3639 3170 3690 διὰ
3201 3638 3261 3689 τὸ
3294 3635 3634 3704 πολύμοχθόν
3668 3652 3724 3686 τε
3752 3637 3846 3686 καὶ
3879 3635 4048 3685 πολυ-

2473 3729 2698 3797 άσχολον
2729 3730 2797 3780 τὰ
2829 3729 2936 3779 τῶν
2984 3728 3274 3797 βαρϐάρων
3311 3726 3649 3796 στρατόπεδα
3690 3726 4049 3793 διαπεραιοῦ-

2475 3822 2602 3872 σΟαι
2637 3821 2860 3888 συχνότε
2875 3837 2966 3889 ρον
2995 3820 3129 3889 προς
3162 3818 3434 3888 Εὐρώπην
3460 3819 3521 3869 ἐκ
3555 3817 3808 3876 Βιθυνίας
3833 3818 4049 3882 ἀπηγο-

2477 3913 2737 3981 ρεύκασιν
2774 3912 2893 3980 ἤδη,
2924 3912 3016 3962 καὶ
3055 3911 3242 3962 οὐκέτι
3277 3907 3534 3960 καλοῦντι
3565 3908 3638 3975 τῷ
3667 3907 3881 3976 βασιλεῖ
3904 3907 4050 3959 Iuv-

2474 4004 2796 4073 τακτυζηνῷ
2825 4003 3117 4072 προσέχειν
3151 4003 3361 4069 ἔφασαν
3391 3998 3549 4062 αὖθις
3587 4002 3678 4052 τόν
3728 3999 3852 4050 νοῦν
3876 4016 3888 4028 ·
3921 4001 4050 4050 ὅθεν

2476 4092 2892 4160 ἀναγκασθέντα
2922 4092 3109 4144 τοῦτον
3137 4091 3367 4156 λογάδας
3421 4091 3634 4140 ἐκεῖθεν
3667 4089 4048 4155 μισθώσασθαι

2474 4203 2532 4237 τε
2576 4185 2667 4235 καὶ
2705 4184 2821 4252 ἅμα
2849 4186 3065 4250 γυναιξί
3089 4203 3144 4236 τε
3178 4187 3271 4238 καὶ
3297 4185 3508 4244 τέκνοις
3536 4184 3616 4242 είς
3650 4181 3923 4248 Εὐρώπην
3949 4199 4042 4246 με·

2473 4279 2773 4341 τενεγκεῖν,
2812 4277 3043 4340 ὁπόσους
3092 4279 3432 4348 ἀποχρήσειν
3476 4276 3654 4340 ἔδοξεν
3703 4277 3784 4337 είς
3840 4276 4049 4327 ἐπιτεί-

2477 4389 2647 4439 χισμα
2679 4373 2772 4421 καὶ
2806 4371 3078 4444 φόϐητρον
3135 4373 3253 4423 ἀντὶ
3281 4369 3542 4438 Γοργόνος
3573 4368 3739 4436 ἄλλης
3777 4367 3870 4420 τοῦ
3899 4385 4049 4436 γαμ-

2477 4461 2607 4529 ϐροῦ
2654 4461 3040 4528 Παλαιολὸγου,
3087 4463 3178 4514 καὶ
3209 4464 3262 4514 εί
3291 4479 3374 4523 τις
3403 4461 3598 4530 ἐκείνῳ
3629 4460 3872 4528 βούλοιτο
3909 4478 4050 4532 συμ-

2481 4554 2674 4620 μαχεῖν
2719 4555 2782 4603 ἐκ
2815 4551 3132 4616 Τριϐαλλῶν
3167 4553 3261 4606 καὶ
3293 4552 3513 4604 Μυσῶν.
3564 4553 3673 4603 Καὶ
3713 4549 3912 4610 αὐτοὺς
3942 4553 4050 4602 τῶν

2478 4645 2536 4694 ἐν
2578 4645 2909 4715 Χερρονήσῳ
2938 4642 3143 4696 πόλεων
3176 4643 3436 4704 ἐνοικίζει
3471 4644 3631 4706 τισὶν,
3682 4642 3756 4704 ὡς
3805 4644 3899 4694 καὶ
3928 4643 4049 4694 δού-

2478 4735 2590 4796 λοις
2614 4736 2920 4803 διηνεκέσιν
2954 4735 3054 4804 ήδη
3105 4735 3411 4804 κεχρῆσθαι
3442 4735 3755 4786 παντάπασι
3785 4737 3898 4797 τοῖς
3932 4736 4051 4785 ἐκεῖ

2479 4825 2853 4894 ταλαιπώροις
2887 4823 3200 4893 Ῥωμαίοις,
3245 4825 3344 4891 τῆς
3378 4824 3618 4892 ἐφέσεως
3654 4824 4049 4891 συνειληφότας

2479 4920 2772 4987 ἐπίκουρον
2808 4917 2906 4987 ἠδη
2940 4918 3033 4970 καὶ
3063 4917 3121 4969 τὸ
3160 4917 3253 4968 τοῦ
3307 4915 3571 4985 βασιλέως
3605 4917 3906 4985 ἐνδόσιμον,
3946 4917 4051 4981 ἀφ’

2481 5003 2555 5063 ὧν
2585 5011 2658 5070 ὡς
2686 5010 2743 5074 ἐξ
2769 5010 3113 5078 ὁρμητηρίου
3145 5009 3330 5060 λοιπὸν
3374 5007 3652 5076 ἀσφαλοῦς
3691 5009 3928 5074 ἐξιόντες
3959 5010 4049 5060 καὶ

2482 5101 2580 5169 τὴν
2605 5100 2731 5169 ἑξῆς
2752 5102 2838 5153 ἀεὶ
2869 5100 3145 5168 ληΐζονταί
3176 5115 3234 5150 τε
3266 5100 3360 5150 καὶ
3385 5099 3770 5151 ὑποποιοῦνται
3802 5100 4046 5168 Θράκην.

2487 5192 2628 5259 ’Ἤδη
2659 5193 2714 5244 δὲ
2762 5195 2853 5243 καλ.
2888 5193 2915 5243 ὁ
2955 5191 3050 5242 τοῦ
3095 5191 3364 5259 ’Υρκανοῦ
3403 5193 3525 5253 παῖς
3573 5191 3647 5253 ὠς
3695 5193 3772 5252 εἰς
3824 5191 3960 5242 ίδὶαν
3989 5194 4050 5242 ἀ-

2483 5283 2703 5334 ποικίαν
2728 5285 2820 5334 καὶ
2861 5281 3096 5349 πατρίαν
3129 5282 3233 5349 γῆν
3270 5281 3460 5342 διαϐάς
3499 5283 3588 5331 τὸν
3628 5281 4044 5348 Ἑλλήσποντον,

2484 5375 2757 5424 συνοικεῖν
2821 5375 2937 5423 ἐκεῖ
3002 5374 3112 5433 τοῖς
3175 5372 3340 5438 ὀλίγῳ
3402 5373 3664 5440 πρότερον
3738 5372 4051 5441 ἐληλυθόσιν

2485 5464 2663 5530 ἔκρινε
2691 5465 2801 5516 δεῖν
2833 5465 3064 5524 ἐκείνοις
3091 5463 3408 5533 βαρϐάροις.
3429 5463 3508 5516 Τὰ
3537 5463 3581 5516 δ’
3611 5464 3734 5532 ἑξῆς
3764 5463 3842 5525 ὡς
3870 5463 4049 5533 ἥκιστ’

2479 5554 2651 5621 ἄδηλα
2683 5554 2790 5607 τῶν
2825 5554 3061 5607 συνετῶν
3091 5555 3323 5620 οὐδέσιν,
3358 5557 3405 5607 εί
3449 5555 3658 5624 βούλοιο
3706 5557 3790 5622 σὺ,
3838 5557 4050 5624 σιωπή-

2482 5662 2643 5713 σομαι
2669 5663 2680 5674 ·
2712 5649 3020 5717 ἀποχρῆναι
3056 5636 3161 5719 γάρ
3204 5646 3359 5718 οἶμαι
3408 5653 3500 5702 καὶ
3550 5651 3647 5720 τὴν
3689 5653 3798 5702 τῶν
3834 5670 4049 5704 σιωπω-

2484 5736 2658 5802 μένων
2693 5738 3022 5806 συμϐάλλειν
3057 5741 3305 5794 ἐντεῦθεν
3359 5743 3615 5810 ποιότητα
3660 5745 4050 5810 λογικωτέριις
