4264 6362
780 384 900 456 1'79

1977 387 2392 447 NICEPIIORI
2433 387 2810 447 GREGORA!

3921 381 4020 443 180

791 524 938 571 rum,
971 506 1068 560 sed
1109 505 1363 561 Nemesin
1401 507 1699 577 suspiciam
1747 516 1803 562 et
1835 497 2138 562 venerabor
2188 520 2356 561 teme-
2383 511 2429 566 Α
2459 526 2475 560 ι

2335 535 2356 546 ·
2383 511 2429 566 Α
2459 511 2552 560 καὶ
2597 507 2694 576 τὴν
2729 507 2884 577 ἡμῶν
2937 503 2997 570 ἐξ
3037 503 3282 573 ἀφανοῦς
3327 499 3628 556 ἐπιτίθεται
3677 498 4015 567 τυραννοῦσι

790 602 952 655 ritate
986 609 1042 654 ut
1072 615 1169 668 par
1198 608 1282 654 est
1312 601 1544 671 abiecta.
1575 600 1747 655 Velim
1776 608 1978 665 tamen,
2009 600 2095 654 vir
2121 601 2348 670 optime,

794 709 908 755 me,
939 693 1096 759 plane
1150 691 1344 747 doceat
1397 691 1686 761 prudentia
1740 691 2107 754 tua;ctenim
2156 692 2199 744 si
2255 690 2352 742 hos

793 790 1048 848 praestare
1077 781 1211 834 tnihi
1242 781 1599 850 persuaseris.
1623 796 1708 834 me
1735 797 1842 835 non
1868 783 2191 851 praeveneris
2215 782 2353 834 hanc

794 873 923 926 mihi
981 887 1230 941 magnam
1281 873 1610 940 voluptatem
1663 873 1976 939 praebendo,
2027 887 2151 925 cum
2202 871 2354 924 brevi

796 975 1041 1032 tempore
1068 979 1290 1034 magnas
1312 963 1682 1016 dubitationes
1710 979 1775 1017 ex
1810 964 1991 1016 animo
2021 979 2141 1016 meo
2172 964 2357 1016 detur-

797 1056 945 1110 baris
973 1065 1028 1110 et
1062 1055 1360 1124 deputet-is.
1393 1054 1526 1121 Quae
1555 1054 1777 1124 quidem
1811 1053 1904 1107 diu
1936 1067 2022 1106 me
2059 1053 2354 1106 vehemen-

798 1157 987 1213 terque
1015 1144 1417 1214 deprimebant,
1443 1147 1549 1216 jam
1581 1146 1970 1214 cogitationum
1995 1152 2051 1198 et
2080 1145 2354 1197 rationum

797 1236 1204 1292 multitudinem
1226 1238 1279 1291 in
1299 1239 1621 1292 immensum
1644 1244 1844 1306 augent
1861 1245 1915 1291 et
1935 1235 2356 1304 compositiones

797 1339 853 1382 et
878 1328 1254 1397 oppositiones
1296 1337 1350 1381 et
1394 1327 1786 1396 dispositiones
1817 1342 2000 1381 earum
2034 1325 2168 1380 alias
2199 1326 2356 1378 aliter

801 1420 1108 1484 intrudunt,
1150 1417 1261 1487 jam
1307 1433 1439 1471 vero
1474 1419 1525 1471 in
1577 1419 1901 1472 immensum
1949 1417 2251 1471 dilacerant
2294 1429 2357 1468 ac

799 1511 1122 1580 dirumpunt
1172 1509 1408 1563 tristitia
1459 1509 1618 1577 207
1678 1507 2140 1577 magnitudinem,
2193 1521 2356 1574 quam

800 1605 920 1672 ipse
955 1603 1094 1657 mihi
1127 1602 1250 1657 dedi
1285 1618 1352 1656 eo
1387 1601 1530 1670 quod
1563 1600 1865 1654 nesciebam
1889 1599 2168 1667 quomodo
2195 1608 2246 1652 et
2275 1612 2360 1651 me

796 1702 852 1746 et
886 1692 1035 1745 ltunc
1077 1690 1390 1760 reipublicae
1407 1700 1616 1744 statum
1651 1691 1874 1753 ferrem,
1908 1701 2021 1742 tum
2059 1689 2233 1758 patris
2268 1705 2361 1741 vo-

799 1784 993 1837 luntati
1027 1791 1220 1852 sponte
1250 1782 1567 1845 obsecutus,
1597 1790 1708 1835 tum
1745 1797 1852 1836 non
1887 1784 2069 1850 potius
2097 1781 2167 1834 ob
2204 1795 2361 1850 nego-

797 1877 1000 1930 tiorum
1036 1878 1246 1937 turbas,
1283 1879 1417 1944 qua!
1441 1889 1525 1928 me
1574 1873 2018 1928 circumfundunt
2060 1875 2362 1926 circumve-

799 1969 1145 2036 ltunturque.
1165 1967 1451 2021 Nonnullae
1471 1966 1640 2025 enim,
1663 1967 1771 2018 imo
1789 1979 1977 2019 omnes
1998 1965 2359 2017 Romanorum

805 2056 979 2109 tribus
1014 2056 1114 2123 ipsi
1152 2058 1292 2125 patri
1341 2070 1462 2108 meo
1495 2069 1652 2108 casus
1711 2055 2060 2109 calamitosos
2095 2055 2366 2127 Romano-

803 2163 923 2202 rum
957 2147 1295 2212 attribuunt,
1323 2156 1524 2216 etquae
1559 2147 1785 2215 patriam
1828 2147 2189 2200 vehementer
2220 2163 2365 2202 nunc

810 2241 1095 2294 invadunt.
1127 2241 1243 2295 Jam
1269 2239 1432 2294 etiam
1477 2240 1529 2293 in
1572 2240 1756 2308 populi
1789 2250 2137 2307 conspectum
2177 2239 2366 2306 Opinio

809 2332 900 2384 illa
933 2330 1292 2400 permanavit,
1339 2341 1393 2384 et
1436 2345 1626 2383 omnes
1669 2339 1859 2398 gentes
1905 2329 2266 2382 Barbarorutn
2313 2343 2365 2386 et

809 2424 1059 2476 nationes
1109 2422 1225 2476 vias
1278 2429 1333 2476 et
1379 2421 1494 2476 fora
1546 2431 1600 2474 et
1651 2421 1855 2489 plateas
1923 2421 2060 2474 fama
2118 2423 2366 2490 implent,

805 2529 1040 2583 eamque
1087 2513 1359 2582 adaugent
1411 2513 1705 2582 ignominia
1757 2513 1948 2580 quavis
2000 2513 2203 2566 addita.
2248 2513 2365 2567 Non

809 2613 1038 2671 possunt
1070 2605 1136 2658 de
1162 2605 1313 2674 justo
1342 2614 1434 2656 aut
1468 2605 1672 2674 injusto
1704 2604 1908 2674 aliquid
1951 2605 2221 2674 judicare,
2269 2621 2369 2659 nec

809 2697 992 2749 animo
1021 2706 1278 2764 reputant
1328 2696 1493 2750 licere
1540 2696 1680 2764 patri
1721 2711 1844 2749 meo
1888 2695 1958 2750 ob
1995 2711 2188 2750 causas
2231 2699 2370 2766 quas

811 2788 988 2841 sc‘unt
1017 2800 1207 2842 omnes
1237 2786 1424 2840 tollere
1451 2785 1808 2854 Palaologum
1837 2787 1997 2840 simul
2023 2803 2144 2841 cum
2177 2797 2367 2851 matre,

812 2880 906 2948 qtti
961 2893 1208 2933 socerum
1259 2887 1458 2946 praeter
1505 2893 1749 2932 sororem
1800 2893 1973 2932 meam
2033 2878 2260 2932 abduxit
2315 2889 2371 2933 et

815 2970 974 3024 nobis
1002 2969 1311 3038 anteposuit
1353 2968 1502 3022 ﬁliis.
1536 2968 1655 3023 Jam
1688 2985 1820 3023 vero
1862 2970 2172 3038 intelligunt
2218 2972 2367 3025 illum

811 3063 1045 3117 insidias
1098 3072 1264 3130 atque
1310 3060 1545 3114 artiﬁcia
1590 3062 1750 3115 nobis
1799 3072 2015 3115 struere
2053 3065 2190 3116 etin
2241 3063 2368 3117 odio

2457 600 2695 668 θέλησιν,
2751 599 2844 650 καὶ
2893 598 3117 658 ἄκοντες
3168 595 3385 664 δρῶμεν
3442 592 3535 644 καὶ
3590 591 3875 659 πάσχομεν
3925 591 4015 641 ὑπ’

2456 689 2698 756 ἀνάγκης
2728 689 2898 740 ὁπόσα
2917 688 3025 739 τῶν
3051 687 3262 753 ἐκείνης
3289 681 3482 752 ῥοθίων
3506 684 3533 734 ὁ
3566 680 3772 732 κλύδων
3796 681 4013 744 ἐπάγει,

2459 783 2540 831 σοὶ
2579 779 2677 848 μὲν
2712 781 2818 831 οὐκ
2875 777 3125 846 ἐγκαλεῖν
3176 775 3328 828 οὐδὲν
3355 775 3436 825 ἐτι
3489 772 3600 825 οὐδ’
3657 773 3817 839 ὄρους
3850 773 4020 820 κινεῖν

2458 870 2692 934 ύπεζευγ
2706 871 2895 938 μένους
2920 867 3184 934 ἀνάγκαις
3217 865 3552 934 βουλήσομαι
3584 862 3643 932 [ί.
3683 863 3784 914 HT)
3818 859 3888 929 r.]
3924 859 4019 909 τοῦ

2457 962 2668 1024 λοιποῦ,
2717 961 2832 1013 ἀλλ’
2881 960 3158 1027 ύπόψομαι
3191 958 3284 1010 καὶ
3335 955 3642 1023 φυλάξομαι
3691 954 3790 1022 τὴν
3827 950 4021 1018 Ἀδράη

2461 1071 2661 1116 στειαν,
2686 1050 3103 1111 τούντεῦθεν-ὡς
3133 1049 3281 1108 είκδς
3315 1045 3706 1113 ἀφοσιούμενος
3738 1044 4014 1110 τόλμημα.

2460 1140 2734 1195 Πυθέσθαι
2758 1140 2803 1192 δ’
2825 1135 2920 1191 οῦν
2942 1139 3092 1206 ὅμως
3119 1137 3382 1207 βούλομαι
3400 1136 3534 1202 πρὸς
3561 1135 3656 1203 τῆς
3681 1134 3779 1202 σῆς
3809 1135 4016 1200 σοφίλς,

2458 1226 2504 1284 ὦ
2537 1231 2797 1300 βέλτιστε,
2828 1227 3118 1297 τάκριϐές’
3154 1227 3202 1279 εί
3245 1230 3352 1295 γὰρ
3379 1224 3533 1276 τοῦτο
3565 1225 3785 1292 κρατεῖν
3812 1240 3878 1288 με
3903 1223 4024 1272 πεί-

2462 1339 2635 1385 σειας,
2667 1321 2768 1374 οὐκ
2818 1320 2883 1372 ἂν
2913 1319 3140 1387 φθάνοις
3187 1316 3408 1384 βαθεῖάν
3447 1332 3536 1383 μοι
3574 1314 3930 1383 χαριζόμενος
3963 1316 4026 1375 ὴ-

2459 1414 2636 1482 δονὴν,
2687 1411 2904 1481 μακρὰς
2953 1412 3012 1462 ἐν
3049 1409 3244 1478 βραχεῖ
3277 1409 3373 1476 τῆς
3428 1407 3566 1474 ἐμῆς
3608 1405 4026 1472 ἀποσφενδονῶν

2459 1506 2557 1558 καὶ
2592 1502 2985 1574 ἀπορραπίζων
3013 1501 3190 1570 ψυχῆς
3220 1499 3471 1566 ἀπορίας,
3504 1496 3560 1548 αἶ
3598 1495 3662 1565 δὴ
3690 1496 3776 1547 διὰ
3809 1495 4026 1564 μακροῦ

2460 1601 2559 1671 τὴν
2593 1603 2690 1672 τῆς
2725 1599 2866 1669 ἐμῆς
2904 1599 3141 1659 διανοίας
3175 1598 3363 1650 ἑστίαν
3419 1594 3668 1663 σφοδρῶς
3715 1592 4027 1660 κατασχοῦ-

2463 1710 2574 1756 σαι,
2615 1692 2711 1744 νῦν
2758 1691 2859 1760 μὲν
2899 1690 2991 1742 ἐπ’
3043 1690 3271 1758 ἄπειρον
3309 1686 3533 1752 αῦξουαι
3574 1684 3700 1747 τοὺς
3730 1685 3837 1735 τῶν
3875 1683 4029 1751 ἐμῶν

2463 1784 2762 1855 φροντίδων
2792 1801 2848 1834 τε
2875 1783 2970 1835 καὶ
2994 1780 3270 1850 λογισμῶν
3298 1777 3703 1846 ἀναριθμήτους
3735 1775 4026 1844 ἀριθμοὺς,

2468 1879 2560 1931 καὶ
2589 1878 2687 1936 τάς
2725 1893 2784 1941 γε
2827 1874 2892 1944 δὴ
2950 1873 3227 1932 συνθέσεις
3275 1886 3334 1922 τε
3385 1887 3418 1922 κ
3456 1870 3477 1920 i.
3525 1868 3826 1930 ἀντιθέσεις
3874 1867 4030 1932 σφῶν

2465 1971 2558 2022 καὶ
2587 1966 2850 2028 διαθέσεις
2875 1962 3058 2019 ἄλλοτ’
3084 1963 3260 2026 ἄλλως
3289 1958 3813 2028 παρεισκυκλοῦσαι.
3839 1957 3938 2008 νῦν
3985 1953 4030 2005 δ’

2471 2063 2560 2115 ἐπ’
2595 2061 2826 2129 ἄπειρον
2865 2057 3121 2126 τέμνουσί
3171 2073 3260 2125 μοι
3291 2058 3383 2107 καὶ
3403 2053 3681 2123 διαιροῦσι
3708 2052 3768 2101 τὸ
3796 2049 4027 2118 μέγεθος

2465 2155 2566 2223 τῆς
2583 2152 2904 2222 αύθαιρὲτου
2921 2149 3122 2219 λύπης,
3142 2151 3206 2219 ἢν
3223 2149 3381 2210 αὐτὸς
3403 2146 3625 2216 ἐμαυτῷ
3643 2145 4029 2213 κατηγγύησα,

2466 2244 2641 2297 λαθὼν
2658 2246 2756 2295 οὐκ
2770 2237 2863 2295 οἵδ’
2889 2244 3036 2305 ὅπως
3053 2241 3287 2307 ἐμαυτὸν
3303 2241 3396 2291 καὶ
3410 2239 3560 2291 τουτί⁸
3572 2239 3630 2290 τὸ
3645 2239 3737 2305 τῆς
3754 2235 3936 2304 βασιλε
3949 2235 4032 2294 ἔας

2469 2337 2866 2404 ὑποδεξάμενος
2892 2336 3097 2403 σχῆμα,
3138 2335 3254 2394 πῶς
3303 2335 3403 2399 μὲν
3447 2329 3588 2383 ἑκὼν
3623 2331 3734 2392 τοῖς
3777 2327 4035 2397 πατρίοις

2471 2432 2902 2499 ύποταττόμενος
2933 2429 3142 2490 πόθοις,
3173 2425 3286 2486 πῶς
3328 2426 3372 2477 δ’
3409 2425 3469 2476 ού
3514 2424 3656 2491 μάλα
3686 2421 3826 2474 ἑκὼν
3847 2422 3935 2474 διά
3971 2438 4034 2486 γε

2468 2524 2594 2582 τοὺς
2644 2519 3040 2591 περιρρέοντάς
3089 2533 3146 2569 τε
3202 2516 3296 2569 καὶ
3344 2514 3847 2584 περιστοιχίζοντας
3893 2513 4035 2571 τέως

2470 2617 2621 2683 ἡμᾶς
2674 2612 2873 2683 κομιδῆ
2927 2611 3204 2671 κυκεῶνας
3263 2607 3622 2676 πραγμάτων,
3677 2605 3752 2666 ὡς
3792 2605 4038 2670 εἴρηται.

2473 2707 2593 2760 Εἰσὶ
2624 2706 2756 2773 γὰρ,
2805 2703 2944 2755 είσὶν
2978 2702 3131 2760 ἔνιοι,
3173 2699 3372 2766 μᾶλλον
3423 2696 3465 2748 δ’
3503 2695 3608 2747 οὐκ
3638 2695 3795 2754 ἔνιοι,
3828 2696 3909 2746 ὅτι
3962 2693 4040 2759 μὴ

2471 2799 2611 2866 πλὴν
2642 2795 2800 2848 ἐνίων
2829 2793 3067 2854 ἅπαντες
3106 2789 3392 2858 Ῥωμαίων
3421 2787 3606 2853 δῆμοι,
3651 2785 3698 2836 οἳ
3737 2787 3825 2836 καὶ
3847 2783 4040 2851 τοὺμῴ

2471 2889 2568 2949 τὰς
2593 2885 2771 2946 αἰτίας
2795 2883 2903 2936 τῶν
2932 2879 3256 2950 Ῥωμαϊκῶν
3282 2879 3582 2948 συμφορῶν
3619 2880 3717 2931 ἀνα
3729 2877 3896 2944 ρτῶσι
3933 2892 4043 2926 πα-

2471 2979 2580 3047 τρὶ,
2609 2979 2731 3029 ὅσαι
2767 2973 3017 3045 χαλεπῶς
3067 2969 3451 3041 ἀνεῤῥὼγεααν
3499 2970 3610 3022 νῦν.
3657 2969 3791 3036 Ἤδη
3833 2968 3890 3018 δὲ
3937 2969 4037 3016 καὶ

2473 3071 2551 3132 είς
2589 3068 2847 3137 δημόσιον
2869 3064 3041 3135 ἐρῤύη
3071 3063 3299 3132 θέατρον
3342 3062 3373 3130 ἡ
3421 3061 3745 3130 κατηγορία,
3773 3059 3864 3110 καὶ
3907 3057 4036 3125 ἔθνη

810 3159 1123 3224 aequitatem
1155 3153 1393 3216 habere;
1427 3165 1555 3207 sunt
1582 3163 1765 3206 autem
1797 3154 1871 3207 illi
1895 3154 2068 3207 dediti
2099 3171 2222 3208 cum
2260 3165 2370 3208 toto
2395 3177 2440 3234 (ς
2476 3178 2494 3211 τ

2353 3171 2440 3234 )C
2476 3163 2654 3213 πάντα
2701 3158 2995 3228 βαρϐάρων
3049 3155 3140 3207 καὶ
3201 3154 3328 3222 γένη
3381 3155 3614 3205 παντοῖα
3677 3150 3881 3219 μεστάς
3935 3149 4037 3215 μὲν

817 3246 1000 3298 animo
1030 3259 1090 3295 ac
1114 3243 1408 3295 voluntate.
1438 3242 1650 3294 Patrem
1679 3257 1856 3294 meum
1890 3252 2089 3295 temere
2113 3243 2369 3307 oderunt,

817 3334 960 3403 quod
994 3333 1316 3385 necessitate
1356 3339 1574 3384 coactus
1603 3330 1669 3382 ad
1700 3331 1962 3384 auxilium
1995 3331 2206 3384 vocavit
2241 3330 2369 3383 Bar-

821 3425 1002 3489 baros,
1049 3439 1148 3494 per
1177 3437 1440 3491 generum
1475 3420 1832 3491 alienigenam
1875 3433 1930 3477 et
1983 3423 2271 3476 honestum
2315 3439 2372 3476 se

818 3517 1143 3570 defensurus
1171 3515 1240 3568 ab
1275 3529 1474 3584 genero
1513 3513 1761 3582 indigena
1791 3525 1956 3583 atque
1985 3515 2294 3575 inhonesto.
2320 3523 2374 3567 et

821 3607 962 3673 quod
991 3605 1060 3656 ob
1091 3605 1388 3672 nequitiam
1433 3612 1486 3656 et
1518 3605 1712 3656 malam
1747 3605 2082 3659 voluntatem
2119 3606 2264 3658 cives
2296 3606 2376 3657 in-

820 3696 977 3749 vasit.
1022 3695 1187 3766 208
1223 3694 1334 3748 Hoc
1366 3709 1493 3747 vero
1525 3695 1685 3747 modo
1713 3694 1950 3748 divinam
1987 3710 2045 3750 se
2083 3695 2376 3748 Providen-

821 3788 947 3839 tiam
979 3785 1172 3839 tollere
1212 3785 1479 3839 nesciunt.
1508 3783 1698 3838 Omnia
1727 3785 1870 3837 enim
1900 3799 1928 3838 a
1974 3785 2081 3837 Deo
2111 3786 2371 3853 pendent,

819 3877 906 3930 tui
938 3877 1116 3931 omnis
1146 3876 1281 3931 ﬁdes
1312 3875 1561 3930 habenda
1587 3885 1693 3941 est,
1710 3890 1887 3944 neque
1917 3877 2027 3929 ullo
2053 3880 2213 3930 modo
2239 3875 2377 3929 divi-

819 3983 888 4021 na
918 3967 1260 4035 providentia
1291 3975 1467 4036 potest
1490 3966 1622 4019 falli.
1652 3967 1970 4021 Necessario
1998 3969 2374 4035 consequitur,

819 4059 1086 4129 quidquid
1113 4059 1302 4112 divina
1328 4057 1680 4111 Providentia
1704 4057 2093 4126 pracognitum
2115 4068 2218 4112 est.
2243 4058 2376 4122 Qui-

818 4153 922 4206 bus
941 4167 1046 4205 non
1075 4160 1219 4203 tanta
1238 4149 1407 4218 gloria
1426 4149 1675 4218 contigit,
1694 4165 1787 4203 eos
1806 4149 2173 4223 lacileoutnnes
2201 4149 2252 4201 iu
2280 4151 2376 4206 de-

823 4244 912 4295 l~iii
933 4253 988 4295 et
1014 4257 1146 4311 vaga
1172 4240 1342 4310 gloria
1365 4255 1564 4310 ponere
1577 4241 1780 4293 divina:
1801 4241 2165 4295 Providentia:
2186 4241 2379 4296 funda-

823 4343 1002 4386 ll‘u‘tlL‘l
1032 4349 1141 4387 non
1173 4342 1301 4401 puto
1334 4332 1386 4384 in
1425 4332 1490 4385 iis
1517 4333 1679 4385 rebus
1704 4347 1824 4399 quae
1853 4348 1949 4400 per
1978 4348 2136 4386 omne
2162 4343 2378 4399 tempus

824 4427 1153 4493 proveniunt
1215 4425 1647 4494 provenicntque
1697 4424 1912 4476 sublato
1967 4424 2123 4476 ﬁrmo
2179 4424 2371 4476 fulcro.

2474 3253 2691 3320 ἀγυιὰς,
2738 3250 2942 3319 μεστὰς
2971 3248 3014 3299 δ’
3044 3246 3249 3315 ἀγορὰς
3293 3247 3386 3298 καὶ
3421 3246 3679 3303 πλατείας
3706 3244 3804 3305 τῆς
3846 3245 4039 3310 φήμης

2475 3343 2742 3406 ποιοῦσιν,
2788 3338 3224 3412 ἐπιρῤωννύντες
3259 3338 3427 3407 αὐτὴν
3454 3338 3541 3390 ἀεὶ
3572 3338 3664 3390 καὶ.
3691 3338 3865 3390 πᾶσαν
3897 3336 4041 3387 ἐπά-

2474 3455 2664 3508 γοντες
2718 3435 3006 3502 λοιδορίαν,
3053 3432 3262 3487 δικαίου
3314 3433 3441 3501 πέρι
3506 3435 3596 3484 καὶ
3634 3432 3817 3484 ἀδίκου
3873 3431 4044 3496 μηδὲν

2475 3523 2751 3588 ἐξετάζειν
2781 3523 3003 3586 εἰδότες,
3039 3521 3160 3589 μηδ’
3192 3523 3271 3582 είς
3311 3521 3434 3572 νοῦν
3465 3521 3786 3588 βαλλόμενοι
3822 3521 3895 3580 ὡς
3921 3520 4044 3581 ἐξὶν

2476 3616 2554 3686 τῷ
2596 3615 2762 3684 πατρί
2814 3631 2939 3682 μου,
2973 3613 3040 3665 δι’
3087 3612 3150 3673 ἀς
3193 3611 3431 3672 ἅπαντες
3465 3612 3644 3686 ίσκααιν
3687 3611 3885 3670 αἰτίας,
3932 3612 4044 3660 ll:-

2477 3706 2753 3771 λαιολόγον
2797 3704 2959 3756 αὑτὸν
2997 3703 3208 3756 ἀνελεῖν
3252 3702 3390 3770 ὁμοῦ
3422 3706 3487 3772 τῇ
3537 3704 3730 3770 μητρὶ,
3781 3703 3807 3752 ὁ
3853 3703 3908 3752 δὲ
3945 3703 4043 3750 καὶ

2477 3797 2723 3867 γαμϐρὸν
2754 3795 2847 3848 ἐπὶ
2873 3798 2937 3865 τῇ
2969 3797 3075 3864 ἐμῇ
3107 3794 3475 3864 προσείληγεν
3507 3793 3707 3862 ἀδελφῇ
3747 3794 3839 3846 καὶ
3880 3794 4042 3860 ἡμῶν

2479 3889 2852 3959 προτετίμηκε
2874 3887 2984 3941 τῶν
3012 3887 3193 3941 υίέων.
3235 3887 3350 3939 Νῦν
3379 3887 3422 3939 δ’
3474 3885 3889 3938 ἐπιϐουλεύοντα
3924 3885 3979 3951 β)
3994 3888 4047 3936 έ-

2479 4000 2671 4045 ποντες
2710 3983 2917 4034 ἐκεῖνον
2965 3980 3059 4033 καὶ
3100 3981 3282 4034 πᾶσαν
3327 3981 3574 4048 μηχανὴν
3627 3978 3879 4031 κινοῦντα
3917 3978 4042 4028 καθ’

2481 4075 2658 4142 ἡμῶν,
2693 4073 2786 4125 καὶ
2825 4074 2942 4124 δέον
2984 4073 3180 4140 μισεῖν,
3215 4072 3262 4122 οί
3302 4070 3348 4122 δ’
3376 4071 3570 4138 ἐκείνῳ
3607 4072 3704 4138 μὲν
3731 4071 4044 4139 προστίθενο

2479 4183 2570 4216 ται
2624 4166 2774 4234 πάσῃ
2811 4162 3032 4232 γλώσσῃ
3082 4179 3141 4213 τε
3174 4164 3268 4214 καῖ⁵
3307 4161 3521 4230 γνώμῃ,
3551 4161 3638 4212 τὸν
3665 4162 3708 4211 δ’
3734 4161 3862 4228 ἐμὸν
3888 4164 4047 4228 ἀκρί-

2479 4272 2584 4318 τως
2605 4253 2818 4323 μισοῦσι
2838 4254 3070 4322 πατέρα,
3095 4254 3170 4304 ὅτ’
3203 4251 3640 4320 ἀναγκαζόμενος
3668 4255 3747 4314 είς
3778 4251 4037 4319 βοήθειαν

2491 4344 2880 4411 προσκαλεῖται
2907 4329 3231 4411 βαρϐάρους,
3264 4342 3601 4410 ἀμυνόμενος
3655 4342 3742 4392 διὰ
3789 4341 4043 4407 γαμϐροῦ

2482 4453 2552 4503 γα
2560 4435 2729 4504 μϐρὸν
2747 4433 3042 4501 ἀλλοφύλου
3060 4434 3155 4500 μὲν
3170 4431 3799 4499 ὁμόρυλονβὺγνώμονος
3812 4431 3855 4482 δ’
3875 4432 4046 4496 ἐγνώ-

823 4517 1005 4584 ‘Neque
1044 4515 1188 4570 enim
1223 4531 1342 4583 qua:
1389 4531 1497 4567 non
1551 4525 1774 4582 possunt
1817 4516 2126 4568 necessario
2157 4517 2378 4570 evenire
2413 4517 2454 4571 D
2489 4547 2507 4594 ι,

2361 4531 2378 4570 Ξ
2413 4517 2454 4571 υ
2489 4545 2644 4594 μονα,
2679 4526 2772 4580 καὶ
2804 4527 2918 4592 ἅμα
2946 4524 3181 4587 ἐπεξιὼν
3209 4524 3496 4584 κακονοίας
3523 4528 3614 4576 καὶ
3647 4524 3905 4584 ἀϐουλίας
3933 4527 4045 4583 τοῖς

821 4608 979 4674 plane
1023 4606 1202 4674 qualia
1238 4615 1421 4674 postea
1456 4615 1638 4668 erunt,
1687 4605 1802 4659 haec
1845 4621 1966 4659 cum
2016 4606 2226 4659 inﬁnita
2269 4607 2380 4659 sint

819 4697 1194 4751 verisimiliter
1224 4697 1387 4750 etiam
1419 4706 1546 4750 ante
1581 4698 1832 4764 Cognosci
1861 4713 2095 4765 unquam
2131 4707 2374 4765 possunt.

822 4787 898 4838 lta
948 4789 1128 4840 omnia
1177 4801 1458 4840 sacrorum
1493 4788 1881 4855 prophetarum
1911 4788 2053 4840 dicta
2086 4803 2220 4840 vana
2252 4799 2379 4842 sunt

817 4887 912 4930 aut
963 4879 1008 4932 si
1061 4879 1151 4948 qui
1205 4877 1442 4931 Dodona:
1494 4889 1590 4931 aut
1628 4879 1693 4931 ad
1744 4880 2063 4947 Delphicum
2109 4880 2376 4947 tripodem

816 4978 972 5022 erant
1004 4970 1096 5037 qui
1135 4969 1550 5022 consulentibus
1594 4969 1775 5023 futura
1818 4970 2210 5037 praedicebat“,
2254 4985 2377 5024 cum

820 5061 1064 5114 inﬁnitas
1097 5061 1340 5114 scicntize
1375 5061 1575 5113 ﬁnibus
1622 5062 1995 5115 circumscribi
2040 5078 2150 5116 non
2184 5065 2374 5131 possit.

819 5154 1003 5219 Itaque
1035 5153 1086 5204 in
1135 5152 1249 5220 ipsa
1301 5153 1655 5206 obtrectanda
1687 5153 1869 5205 divina
1906 5151 2247 5206 Providentia
2279 5153 2374 5206 tle-

821 5245 1256 5303 prcltcnduutur.
1288 5244 1352 5299 Et
1398 5245 1642 5312 ineptum
1695 5254 1960 5313 quantum
2007 5254 2061 5296 et
2113 5244 2270 5312 quale
2308 5245 2379 5297 sit

821 5337 960 5386 haut
1015 5337 1244 5390 multum
1301 5336 1474 5401 abest,
1529 5336 1658 5405 quin
1714 5335 1999 5404 imperitus
2042 5335 2276 5403 quisque
2325 5344 2376 5386 et

820 5427 973 5477 rutlis
1017 5436 1178 5495 atque
1226 5427 1457 5496 agrestis
1487 5429 1646 5496 plane
1688 5427 1970 5495 intelligat.
2007 5425 2110 5491 Qui
2147 5440 2268 5478 cum
2305 5426 2376 5476 ita

818 5517 882 5569 εσιί
914 5521 1203 5570 inusitatos
1233 5519 1365 5573 ﬁnes
1391 5535 1658 5588 rupesque
1682 5531 1828 5574 esset
1853 5519 2113 5587 depulsus
2139 5519 2375 5589 perfacili

817 5624 947 5661 sane
1006 5610 1187 5663 animo
1244 5611 1433 5664 {uisset
1483 5611 1526 5665 si
1588 5626 1694 5664 non
1757 5611 2102 5680 infragililnts
2163 5620 2377 5678 putat-ct

820 5703 1242 5758 necessitatibus
1273 5704 1487 5758 vinctos
1512 5720 1692 5758 rcrum
1731 5705 2128 5773 prtetcritarunt
2171 5703 2377 5755 futuru-

821 5809 1048 5862 runtquc
1078 5809 1306 5852 eventus
1342 5799 1657 5864 procedere,
1693 5808 1746 5850 ct
1779 5797 1976 5866 cuique
2015 5795 2220 5849 ltotnini
2255 5794 2376 5848 inli-

2485 4618 2771 4688 ὑπηκόοις.
2813 4618 2923 4669 Καὶ
2961 4617 3096 4683 τῷδε
3125 4614 3203 4684 τῷ
3233 4617 3419 4684 τρόπῳ
3443 4615 3544 4683 τὴν
3576 4616 3727 4667 θείαν
3765 4615 4048 4682 ἀναιροῦν-

2480 4724 2570 4767 τες
2590 4707 2690 4758 οὐκ
2719 4705 2866 4756 ἴσασι
2895 4704 3177 4771 πρόνοιαν,
3209 4704 3301 4754 καὶ
3323 4702 3422 4771 τὴν
3445 4703 3911 4770 ἐπιπορευομένην
3933 4705 4045 4762 τοῖς

2481 4796 2802 4863 πράγμασιν
2828 4790 3144 4852 ἀθετοῦντες
3179 4790 3428 4859 ἀνάγκην
3467 4791 3564 4858 τῆς
3595 4790 3784 4858 τύχης.
3819 4791 4046 4841 Πάντων

2482 4891 2590 4954 γὰρ
2620 4886 2694 4949 ὼς
2724 4884 2869 4946 εἰκὸς
2900 4883 3376 4952 προεγνωσμένων
3408 4882 3546 4948 Θεῷ,
3579 4884 3673 4934 καὶ
3713 4882 3846 4932 πᾶσι
3881 4897 4044 4931 πεπι-

2484 4979 2781 5044 στευμένου
2836 4975 3000 5044 μήπω
3044 4971 3104 5043 μ’.
3148 4973 3247 5025 H3
3274 4971 3350 5041 v.1]
3383 4972 3569 5042 μηδενί
3604 4989 3680 5041 τῳ
3731 4972 3917 5040 τρόπῳ
3949 4973 4045 5038 τὴν

2482 5064 2633 5116 θείαν
2679 5063 2880 5128 ἐξεῖναι
2931 5060 3326 5129 διαψευσθῆναι
3379 5061 3656 5126 πρόνοιαν,
3709 5058 3766 5122 ἐξ
3798 5061 4043 5128 ἀνάγκης

2483 5156 2770 5208 ἀκολουθεῖ
2803 5155 2896 5205 καὶ
2928 5155 3034 5205 πᾶν
3063 5153 3126 5206 τὸ
3160 5155 3222 5221 τῇ
3265 5153 3386 5221 θείᾳ
3434 5151 3877 5220 προεγνωσμένον
3918 5169 4046 5218 προ-

2484 5249 2601 5316 νοίᾳ
2635 5246 3011 5313 πεπράξεσθαι
3046 5246 3185 5297 καθα
3207 5246 3301 5295 καὶ
3331 5230 3733 5313 προέγνωσται.
3765 5239 3858 5306 Οἷς
3881 5245 3923 5295 δ’
3947 5247 4043 5313 οὐχ

2481 5336 2621 5388 οῦτω
2654 5337 2810 5403 δόξης
2843 5337 2988 5403 ἔχειν
3025 5335 3334 5402 συμϐαίνει,
3367 5335 3464 5385 ούκ
3494 5335 3558 5385 ἀν
3610 5333 3862 5403 φθάνοιεν
3898 5330 4042 5386 οὗτοι

2482 5430 2680 5490 πάντες
2706 5430 2794 5480 ἐπ’
2837 5427 3093 5479 ἀϐεϐαίου
3131 5428 3222 5477 καὶ
3257 5428 3616 5493 πλανωμένης
3653 5425 3928 5494 τιθέμενοι
3959 5427 4042 5476 δό-

2482 5521 2600 5588 ξης,
2628 5520 2701 5583 ὼς
2728 5520 2898 5588 ἔγωγε
2926 5516 3100 5589 οἶμαι,
3127 5521 3253 5580 τοὺς
3285 5519 3382 5587 τῆς
3412 5519 3560 5579 θείας
3594 5520 3875 5587 θεμελίους
3911 5536 4042 5586 προ-

2481 5615 2649 5676 νοίας,
2684 5612 2766 5680 ἐφ’
2812 5615 2910 5666 ὅσα
2941 5614 3031 5664 τὸν
3072 5613 3248 5664 πάντα
3302 5612 3490 5679 χρόνον
3536 5613 3813 5680 προϐαίνει
3855 5630 3913 5662 τε
3950 5612 4041 5662 καὶ

2484 5706 2818 5774 προϐήσεται
2847 5706 2942 5757 τυῦ
2971 5704 3358 5772 βεϐαιώσοντος
3386 5703 3482 5754 οὐκ
3511 5703 3659 5763 ὄντος
3693 5703 4033 5771 ἐρείσματος.

2482 5793 2577 5858 Οἷς
2603 5799 2708 5867 γὰρ
2761 5798 2860 5851 οὐκ
2899 5799 3046 5851 ἐστιν
3101 5795 3157 5862 ἐξ
3187 5796 3430 5866 ἀνάγκης
3479 5795 3702 5864 βεϐαίαν
3736 5794 4034 5864 κεκτῆσθαι
