4264 6362
761 396 863 457 183

1914 406 2327 466 NICEPHORI
2363 408 2749 468 GREGOR/E

3890 403 3996 465 184

757 504 916 559 nibus
946 505 1368 563 circumscribit.
1419 512 1648 564 Perinde
1696 526 1758 565 ac
1792 510 1835 564 si
1867 513 1994 580 quis
2043 513 2323 566 ambulare
2354 523 2396 576 Α
2427 518 2441 567 ἐ

2311 529 2323 566 ι
2354 523 2396 576 Δ
2427 515 2731 581 ἁπλότητος
2780 516 3062 584 ίσταμένῳ
3115 515 3294 584 μένων
3324 517 3415 567 τὸν
3448 515 3625 566 πάντα
3673 511 3864 570 α’ὦνα,
3895 511 3995 560 κάν

753 591 991 663 aliquem
1007 596 1194 650 videns
1209 597 1626 660 referat,verum
1643 599 1825 653 dicere
1841 615 1964 653 eum
1981 615 2202 654 necesse
2219 610 2324 655 est.

759 682 865 737 Nec
892 693 1095 750 tamen,
1119 687 1264 754 quod
1291 702 1476 740 verum
1498 688 1586 742 ille
1618 699 1824 753 narrat,
1865 691 1935 743 ob
1958 705 2077 742 eam
2109 704 2328 745 causam

756 774 842 825 hic
880 775 1151 838 ambulat,
1192 776 1284 830 sed
1319 778 1465 844 quod
1503 778 1595 846 qui
1621 778 1883 841 ambulat,
1908 778 2186 833 ambulare
2212 780 2328 848 ipse

753 864 888 928 vult,
911 868 1224 921 necessario
1239 867 1299 919 fit
1317 876 1374 921 ut
1397 884 1583 922 verum
1605 870 1694 924 ille
1717 879 1917 923 narret.
1941 869 2115 939 thui
2136 868 2330 923 ambu-

755 957 830 1009 lat
848 972 1067 1010 causam
1085 958 1176 1010 dat
1196 973 1296 1011 cur
1327 959 1417 1014 ille
1432 977 1621 1014 verum
1640 961 1806 1024 dicat,
1830 960 1900 1014 ita
1923 972 1980 1014 ut
1999 970 2119 1030 post
2138 976 2325 1013 causa-

754 1057 866 1100 tum
883 1053 1119 1102 narratio
1135 1050 1316 1105 locum
1336 1050 1686 1106 obtineat.0b
1703 1053 2018 1107 societatem
2035 1053 2326 1121 quamdam

753 1141 996 1194 narratio
1013 1141 1232 1196 videtur
1263 1158 1383 1210 quae
1413 1155 1671 1212 tanquam
1707 1144 1884 1212 imago
1915 1143 2166 1211 sequitur
2185 1143 2328 1195 veri-

755 1231 883 1283 t.tis
900 1232 1126 1286 omnino
1155 1235 1538 1288 necessitatem
1565 1235 1784 1289 habere.
1809 1235 1912 1288 Sed
1932 1249 2018 1288 res
2036 1251 2143 1287 non
2166 1234 2237 1286 ita
2269 1250 2328 1288 se

755 1317 936 1372 habet.
951 1321 1160 1374 Etenim
1176 1337 1276 1376 nec
1288 1323 1811 1377 narrantisnarratio
1828 1337 1924 1377 nec
1941 1323 2177 1377 videntis
2193 1322 2329 1375 visio

755 1413 920 1466 ullam
944 1415 1329 1468 necessitatem
1351 1415 1582 1482 imponit
1606 1414 1942 1468 ambulantis
1975 1414 2243 1467 voluntati
2271 1422 2330 1468 ct

755 1503 1027 1558 libertati.
1056 1505 1234 1575 Atque
1253 1506 1297 1558 si
1329 1506 1628 1571 videbitur,
1657 1507 1925 1560 rationem
1957 1506 2097 1560 hanc
2118 1521 2216 1575 per
2245 1508 2325 1560 aI-

759 1607 938 1649 terum
977 1597 1288 1665 exemplum
1313 1597 1589 1666 quoddam
1623 1596 2053 1665 probabiliorem
2077 1597 2326 1654 reddam.

761 1687 1033 1741 Ponamtts
1065 1690 1229 1757 igitur
1259 1689 1493 1757 aliquem
1526 1689 1732 1756 lignum
1765 1689 1942 1742 tribus
1973 1689 2180 1744 cubitis
2203 1689 2323 1742 Ion-

758 1792 884 1843 gum
917 1777 984 1831 ad
1026 1778 1203 1831 baculi
1236 1795 1391 1833 usum
1428 1789 1624 1847 sponte
1651 1780 1798 1832 domi
1832 1790 2136 1846 secantem,
2178 1781 2328 1834 nullo

2430 608 2507 677 τῷ
2536 610 2762 678 μηδαμῆ
2807 627 2939 663 ποτε
2978 612 3413 679 παραλλάττοντι
3470 607 3725 661 ἐνεστῶτι
3767 608 3996 672 ἱστάμε-

2431 715 2540 760 νος.
2573 700 2684 752 Kal
2728 699 2872 770 δρῶν
2902 703 2964 754 οὐ
2993 701 3084 772 βίᾳ
3120 701 3556 772 μεταρῤυθμίζει
3587 700 3691 751 τινί
3721 697 3749 749 δ
3775 697 3875 762 τὴν
3898 696 3996 758 ἀρ-

2431 789 2532 858 χὴν
2560 793 2675 852 τοῖς
2719 792 3084 860 ἀνθρωπίνοις
3141 793 3448 861 θελήμασιν
3481 791 3682 843 ἔδωκεν
3739 785 3998 846 αὐτεξού-

2432 898 2567 935 σιον.
2589 881 2818 952 Ὅμοιον
2849 885 2958 954 γὰρ
2987 884 3054 937 ἂν
3086 887 3170 954 εῐη
3198 883 3389 952 ὥσπερ
3419 883 3486 936 ἂν
3529 883 3581 934 εί
3601 899 3684 943 τις
3716 877 3999 949 βαδίζοντα

2429 989 2551 1024 τινα
2601 972 2814 1041 βλέπων
2849 975 3169 1042 ἐξαγγέλλοι
3209 977 3276 1044 τῇ
3327 975 3561 1044 γλώττῃ.
3609 972 3713 1023 Τὸν
3767 969 3864 1038 μὲν
3912 969 3998 1016 λέ-

2430 1079 2598 1130 γοντα
2663 1065 2953 1133 ἀληθεύειν
2992 1067 3227 1136 ἀνάγκη,
3280 1068 3342 1118 οὐ
3403 1067 3686 1135 μέντοιγε
3746 1061 3894 1131 παρὰ
3938 1059 4000 1109 τὸ

2431 1153 2718 1220 ἀληθεύειν
2767 1158 2862 1208 τὸν
2918 1157 3150 1224 λέγοντα
3207 1159 3235 1210 6
3279 1156 3511 1225 βαδίζων
3561 1154 3789 1221 βαδίζει.
3841 1153 4000 1204 Ἀλλά

2431 1241 2738 1310 τοῦμπαλιν
2764 1245 2899 1297 διότι
2925 1247 2952 1297 6
2983 1245 3218 1315 βαδίζων
3241 1246 3480 1314 βαδίζειν
3507 1245 3850 1314 βεϐούληται,
3871 1243 4004 1309 ἁλη-

2433 1334 2611 1386 θεύειν
2639 1334 2698 1395 ἐξ
2719 1337 2966 1406 ἀνάγκης
2990 1336 3048 1409 [1⁵.
3084 1338 3186 1392 IN
3210 1337 3289 1408 0.]
3315 1337 3603 1406 συμϐαίνει
3633 1335 3723 1388 τδν
3751 1333 4001 1398 λέγοντα.

2433 1423 2545 1475 Καὶ
2573 1425 2757 1476 δίδωσι
2797 1424 2897 1491 μὲν
2921 1426 3020 1495 τὴν
3052 1428 3237 1479 αἰτίαν
3269 1427 3297 1478 6
3330 1425 3560 1495 βαδίζων
3578 1424 3672 1477 τοῦ
3701 1441 3764 1490 γε
3791 1422 3882 1474 τὸν
3913 1422 4004 1472 λέ-

2431 1532 2594 1582 γοντα
2624 1515 2938 1584 ἀληθεύειν,
2965 1517 3066 1588 τὴν
3108 1518 3164 1570 δὲ
3191 1517 3288 1570 τοῦ
3317 1517 3562 1571 αἰτιατοῦ
3607 1516 3789 1584 χώραν
3819 1512 4008 1564 δεύτε-

2433 1621 2526 1673 ρος
2557 1605 2728 1659 ἐπιὼν
2759 1610 2789 1660 6
2815 1607 2979 1675 λόγος
3014 1608 3302 1677 λαμεάνει.
3366 1608 3475 1660 Καὶ
3521 1607 3670 1660 δοκεῖ
3729 1605 3829 1672 μὲν
3863 1601 4007 1654 κατὰ

2435 1699 2730 1765 μετουσίαν
2763 1699 2886 1750 τινὰ
2939 1701 3033 1753 καὶ
3084 1702 3112 1752 6
3146 1699 3303 1767 λόγος
3338 1700 3413 1762 ὡς
3465 1699 3734 1765 ἑπόμενον
3774 1694 4008 1761 ίνδαλμα

2431 1790 2529 1855 τὴν
2555 1789 2649 1841 τοῦ
2701 1778 2992 1858 ἀληθεύειν
3047 1789 3194 1862 ἔχειν
3231 1793 3391 1854 ’ὅπως
3424 1790 3547 1844 ποτ’
3594 1790 3861 1858 ἀνάγκην,
3904 1788 4008 1838 οὐκ

760 1865 891 1916 toris
915 1864 1141 1933 jubente
1170 1880 1235 1919 ex
1265 1867 1518 1920 omnibus
1548 1866 1639 1935 qui
1674 1866 1898 1921 domum
1936 1877 2334 1935 praetereuntes
2365 1855 2404 1908 Β
2434 1881 2444 1930 ι

2322 1883 2334 1922 ι
2365 1855 2404 1908 Β
2434 1881 2548 1946 ἔχει
2581 1881 2625 1932 δ’
2660 1877 2754 1934 οὖν
2777 1855 2804 1910 ⁸-
2824 1882 2942 1934 οὐδὲ
2979 1855 3379 1952 γὰρ’-οὐδεμίαν
3410 1883 3656 1948 ἀνάγκην
3687 1855 3805 1931 οὔθ(
3837 1881 3865 1930 6
3908 1876 4006 1928 τοῦ

758 1970 882 2009 eum
908 1963 1160 2010 cernunt.
1217 1957 1326 2011 Nec
1374 1971 1505 2011 vero
1540 1959 1674 2026 ipse,
1705 1969 1762 2011 ut
1798 1959 2014 2027 Opinor,
2054 1958 2334 2012 dubitabis

759 2048 892 2108 quin
919 2049 988 2101 ob
1021 2049 1302 2102 hominum
1332 2048 1696 2118 frequentiam
1729 2059 2126 2119 praetereuntes
2147 2050 2330 2104 statim

761 2149 988 2194 cernant
1015 2149 1066 2193 et
1100 2141 1411 2208 intelligant
1441 2157 1547 2209 qua
1587 2142 1658 2194 sit
1681 2141 2025 2210 longitudine
2057 2152 2112 2195 et
2141 2143 2332 2195 latitu-

762 2229 889 2283 dine
918 2230 1208 2296 baculum;
1237 2231 1438 2284 nullam
1474 2240 1658 2285 autem
1687 2232 1824 2284 visio
1855 2233 2006 2301 operi
2039 2234 2335 2285 necessita-

764 2333 873 2377 tcm
908 2323 1090 2376 infert.
1140 2323 1194 2377 Si
1243 2325 1406 2392 igitur
1435 2324 1579 2378 Deus
1619 2325 1763 2378 sicut
1817 2325 2105 2392 praesentia
2156 2325 2335 2378 cernit

765 2424 820 2470 et
857 2430 978 2483 qua:
1005 2424 1207 2468 suntet
1241 2431 1361 2484 qua:
1395 2416 1555 2483 212
1584 2416 1763 2468 futura
1800 2429 1928 2469 sunt
1957 2417 2161 2476 omnia.
2199 2431 2335 2484 quo.

766 2508 930 2562 modo
961 2508 1109 2562 dit-at
1140 2507 1430 2576 quisquam
1461 2509 1554 2561 Dei
1587 2508 1853 2561 visionem
1883 2518 1938 2562 et
1960 2509 2332 2576 cognitionem

766 2601 928 2654 ullum
956 2601 1154 2654 afferre
1182 2601 1566 2654 necessitatem
1594 2601 1660 2654 iis
1696 2617 1818 2668 qua:
1867 2611 1992 2654 nata
2024 2602 2201 2656 libero
2233 2616 2335 2655 nec

765 2693 875 2746 ullo
916 2693 1198 2746 dominatu
1246 2691 1512 2745 obstricto
1562 2692 1755 2745 ordine
1828 2693 2218 2761 perficiuntur?
2266 2693 2334 2749 Ut

763 2786 909 2838 enim
961 2784 1244 2838 hominum
1275 2784 1518 2838 omnium
1545 2785 1690 2837 nulla
1717 2785 1855 2838 visio
1885 2785 1950 2839 iis
1973 2801 2093 2854 qua:
2122 2786 2174 2838 in
2200 2801 2336 2854 pra:-

767 2882 908 2932 senti
941 2877 1056 2931 fieri
1090 2887 1417 2939 cci-nuntur.
1446 2879 1518 2930 ita
1554 2892 1655 2931 nec
1689 2878 1780 2931 Dei
1806 2878 2166 2946 prmcognitio
2216 2878 2334 2932 sive

767 2968 1010 3040 cognitio
1041 2969 1106 3022 iis
1132 2984 1253 3034 qua:
1285 2968 1421 3022 fiunt
1447 2969 1612 3023 ullam
1646 2984 1886 3037 unquam
1916 2970 2025 3022 vim
2056 2968 2214 3022 affert
2235 2983 2337 3022 nec

768 3061 1080 3116 necessitati
1117 3061 1426 3115 libertatem
1458 3061 1626 3113 semel
1657 3061 1841 3113 datam
1875 3060 2120 3129 subjicit.
2161 3059 2328 3114 Simi-

2435 1972 2686 2038 léyovro;
2715 1974 2872 2039 λόγος
2902 1973 3018 2026 οὐθ’
3068 1977 3096 2026 6
3135 1974 3230 2025 τοῦ
3288 1973 3574 2043 βλέποντος
3623 1969 3900 2039 όφθαλμδς
3937 1969 4008 2034 τῇ

2435 2059 2530 2110 τοῦ
2593 2061 2902 2128 βαδίζοντος
2929 2063 3237 2129 ἐπήνεγκεν
3284 2058 3570 2129 ἐλευθερίᾳ
3605 2059 3745 2110 κατά
3775 2058 3876 2124 τὴν
3910 2054 4008 2106 τοῦ

2437 2151 2675 2220 βαδίζειν
2698 2152 2992 2205 ἀδέσποτον
3011 2152 3256 2221 θέλησιν.
3287 2152 3395 2204 Καὶ
3425 2151 3634 2204 είδοκεί
3662 2147 4010 2216 γυμναστέον

2435 2239 2594 2304 αὖθις
2628 2245 2719 2296 τὸν
2767 2245 2928 2312 λόγον
2960 2243 3044 2313 ἐφ’
3078 2246 3268 2314 ἐτέρου
3294 2245 3440 2304 τινὸς
3485 2243 3884 2309 ὐποδείγματος
3920 2257 4011 2287 τε-

2434 2331 2723 2398 λεώτερονο
2761 2333 2964 2385 κείσθω
2989 2333 3100 2400 γάρ
3123 2351 3242 2386 τινα
3289 2334 3532 2402 τήμερον
3572 2335 3813 2401 τρίπηχυ
3851 2327 4012 2390 ξύλον

2436 2426 2566 2493 φέρε
2605 2426 2778 2478 είπείν
2803 2428 2883 2487 εἰς
2917 2425 3116 2495 ῥάϐδου
3144 2428 3336 2496 χρείαν
3367 2424 3424 2490 ἐξ
3471 2423 3819 2492 αὐτοσχεδίου
3848 2419 4003 2487 θελή-

2439 2535 2573 2578 σεως
2621 2517 2835 2570 οἴκοθεν
2866 2518 3125 2582 ἀποξέειν
3161 2517 3584 2586 μεταποιοῦντα,
3619 2513 3842 2583 μηδενὸς
3898 2513 4012 2563 τῶν

2438 2610 2692 2663 ἁπάντων
2733 2610 2900 2678 μηδὲν
2930 2612 3311 2671 ἐπιτάττοντος
3339 2608 3539 2672 ἔξωθεν
3574 2610 3690 2660 ὅσοι
3717 2605 4013 2674 παριόντες

2437 2704 2657 2773 δρῶσιν.
2691 2704 2805 2754 Οὐκ
2838 2703 2905 2756 ἂν
2954 2698 3049 2754 οὖν
3082 2703 3196 2755 οὐδ’
3225 2703 3406 2763 αὐτὸς,
3438 2695 3616 2769 οἶμαι,
3655 2697 4013 2767 ἀμφισϐητή-

2440 2810 2592 2855 σειας
2624 2793 2698 2864 μὴ
2723 2795 2842 2846 κατ’
2877 2794 3079 2862 ἀθρόαν
3112 2794 3242 2856 τοὺς
3284 2794 3586 2862 παριόντας
3629 2789 3926 2857 περίληψιν
3958 2790 4016 2838 6-

2440 2886 2541 2954 ρᾷν
2577 2885 2676 2953 μὲν
2719 2885 2813 2938 καὶ
2842 2886 3137 2952 γινώσκειν
3169 2884 3332 2946 εὐθὺς
3377 2883 3551 2951 ὁπόση
3586 2884 3681 2935 καὶ
3709 2881 3799 2932 οἷα
3836 2879 4014 2946 μῆκος

2438 2972 2555 3040 ἃμα
2588 2972 2680 3024 καὶ
2714 2972 2917 3033 πλάτος
2963 2973 2994 3040 ἡ
3030 2972 3247 3040 ῥάὖδος,
3285 2971 3557 3039 μηδεμίαν
3587 2969 3632 3021 δ’
3681 2968 3909 3034 ἐπάγειν
3953 2966 4018 3016 ἀ-

2439 3062 2650 3131 νάγκην
2678 3065 2742 3130 τῇ
2775 3063 2974 3129 πράξει
3002 3063 3100 3131 τὴν
3127 3061 3280 3116 θέαν.
3315 3063 3378 3115 EI
3409 3060 3501 3114 οὐν
3523 3061 3617 3112 καὶ
3643 3059 3773 3120 Θεὸς
3803 3058 3875 3119 ὡς
3895 3059 4018 3109 ἐνε-

767 3155 895 3208 Iitcr
921 3155 1069 3208 enitn
1103 3154 1243 3208 Deus
1277 3168 1339 3206 ea
1373 3168 1494 3221 quae
1521 3151 1658 3207 liunt
1710 3163 1763 3207 et
1796 3167 1916 3219 qua:
1975 3153 2156 3205 futura
2206 3159 2336 3205 sunt
2362 3179 2407 3241 ο
2442 3172 2451 3204 ι

2333 3179 2407 3241 γε
2442 3154 2619 3206 στῶτα
2653 3154 2811 3208 πάντ’
2857 3155 2945 3206 ἐπ’
2980 3154 3102 3224 ἴσης
3154 3155 3256 3226 όρᾷ
3284 3155 3355 3207 τά
3399 3172 3457 3205 τε
3496 3153 3562 3222 δὴ
3612 3152 3873 3219 γινόμενα
3919 3150 4017 3241 καὶ

770 3247 969 3308 cernit,
1007 3246 1158 3298 nullo
1191 3246 1512 3301 discrimine
1544 3245 1892 3314 interposito,
1917 3245 2120 3312 quippe
2149 3244 2242 3312 qui
2283 3245 2336 3296 in

768 3337 1123 3406 simplicitate
1174 3338 1478 3406 praesentia!
1533 3351 1645 3390 sua:
1687 3337 1951 3390 continuo
2002 3345 2338 3404 permaneat.

772 3431 848 3483 Ita
868 3430 1028 3482 etiam
1061 3429 1368 3482 libertatem
1406 3429 1606 3498 cuique
1653 3428 1836 3482 datam
1898 3443 2179 3494 nunquam
2230 3445 2340 3481 non

773 3522 1045 3576 concedit.
1075 3522 1304 3582 Idcirco,
1338 3530 1394 3573 ut
1420 3521 1552 3584 dixi,
1582 3534 1682 3577 nec
1711 3520 1997 3587 providere
2029 3528 2085 3573 et
2115 3535 2342 3588 procog—

776 3626 1002 3664 unseere
1035 3612 1223 3671 Deum,
1256 3625 1419 3679 quam
1451 3611 1634 3664 videre
1656 3618 1710 3664 et
1728 3625 2058 3676 cognoscere
2085 3609 2342 3662 malueris

777 3705 980 3766 dicere,
1007 3720 1132 3758 cum
1163 3703 1454 3771 przcteritis
1508 3703 1673 3757 simul
1709 3713 1764 3757 et
1804 3702 2003 3756 futuris
2045 3703 2138 3770 qui
2187 3701 2341 3755 Iocus

775 3812 796 3844 ι
814 3796 1084 3849 indicetur
1110 3795 1289 3848 nullus
1315 3794 1643 3848 inveniatur.

2441 3249 2801 3316 γενησόμενα,
2837 3248 2889 3297 τί
2923 3263 3006 3309 τις
3069 3246 3133 3298 ἂν
3163 3246 3278 3316 ἔχοι
3331 3245 3511 3312 λέγειν
3541 3244 3614 3306 ὡς
3661 3245 3693 3311 ἡ
3741 3242 3837 3296 τοῦ
3873 3240 4018 3294 Θεοῦ

2441 3337 2643 3406 θεωρία
2683 3339 2782 3390 καὶ
2812 3339 3016 3404 γνῶσις
3048 3339 3294 3406 ἀνάγκην
3324 3339 3520 3402 ἐπάγει
3564 3335 3686 3388 τινὰ
3719 3336 3828 3396 τοῖς
3863 3335 4020 3384 ἐλεύ-

2442 3429 2601 3496 θερον
2627 3430 2901 3484 τελεῖσθαι
2930 3432 3022 3483 καὶ
3045 3432 3340 3484 ἀδέσποτον
3361 3430 3628 3497 πεφυκόσι
3655 3429 3748 3478 τὸν
3771 3428 3977 3494 τρόπον
3999 3443 4014 3489 ;

2443 3523 2659 3592 Ὠσπερ
2711 3526 2819 3593 γὰρ
2865 3525 2988 3576 οὐδὲ
3033 3525 3138 3576 τῶν
3175 3525 3477 3591 ἀνθρώπιον
3522 3523 3747 3587 οὐδεμία
3789 3537 3872 3580 τις
3904 3519 4018 3570 τῶν

2447 3616 2727 3680 ἁπάντων,
2757 3614 2832 3678 ὡς
2887 3617 3122 3685 εἴρηται.
3157 3617 3278 3684 ὄψις
3307 3617 3579 3682 ἀνάγκην,
3614 3608 3693 3670 οἷς
3731 3614 3796 3665 ἂν
3825 3613 3888 3662 ἐκ
3920 3611 4019 3662 τοῦ

2453 3708 2794 3773 πενρὴκοιτος
2828 3708 3136 3775 γινομένοις
3161 3709 3281 3777 δρᾷ,
3321 3706 3548 3774 μηδαμῆ
3595 3707 3786 3771 ἐπάγει
3831 3703 4022 3770 βιαίαν

2451 3798 2729 3864 οὐδεμίαν,
2766 3797 2940 3860 οὓτως
2991 3799 3098 3850 οὐδ’
3144 3801 3176 3867 ἡ
3235 3797 3326 3850 τοῦ
3391 3796 3526 3848 Θεοῦ
3575 3798 3684 3848 εἴτε
3711 3795 4023 3863 πρόγνωσιν

777 3892 956 3957 λέγειν
995 3890 1172 3958 χρεὼν
1222 3890 1328 3941 εἴτε
1387 3889 1610 3955 γνῶσιν,
1676 3883 1757 3950 οἷς
1796 3888 1895 3958 δρᾷ
1935 3887 2280 3956 γιγνομένοις
2347 3893 2410 3945 οὐ
2451 3889 2626 3960 βίαιον
2656 3891 2853 3958 ἐπάγει
2882 3892 3090 3944 οὐδέσιν
3121 3891 3294 3956 οὐδὲν,
3331 3889 3441 3942 οὐδ’
3469 3892 3684 3956 ἀνάγκη
3712 3887 3889 3940 δουλοί
3919 3887 4022 3955 τὴν

777 3985 923 4047 ἅπαξ
947 3983 1038 4036 ὐπ’
1071 3983 1236 4035 αὐτοῦ
1300 3981 1593 4049 δεδομένην
1659 3981 1974 4050 ἐλευθερίαν
2038 3984 2150 4044 τοῖς
2207 3985 2550 4053 πράγμασιν.
2590 3985 2709 4037 Ἐπ’
2747 3986 2868 4053 ίσης
2906 3987 3014 4055 γὰρ
3051 3989 3078 4039 6
3111 3988 3243 4049 Θεὸς
3279 3988 3384 4057 ὁρᾷ
3423 3987 3487 4039 τά
3531 3985 3796 4053 γινόμενά
3825 4000 3886 4035 τε
3924 3985 4024 4034 καὶ

778 4075 1141 4144 γενησόμενα,
1176 4074 1268 4126 καὶ
1299 4073 1448 4124 οὐδὲν
1511 4071 1710 4140 μᾶλλον
1776 4072 1922 4140 αὐτῴ
1971 4074 2120 4141 παρὰ
2184 4073 2411 4142 θάτερον
2452 4074 2700 4142 θάτερον,
2740 4079 2796 4128 ἐν
2828 4079 2894 4146 τῇ
2929 4078 3192 4142 ἁπλότητι
3240 4080 3415 4145 μένων
3457 4077 3542 4130 ἐπ’
3581 4078 3698 4146 ίσης
3727 4076 3889 4137 αὐτὸς
3925 4076 4023 4128 τοῦ

778 4170 1044 4244 σςετέρου
1096 4167 1358 4235 διηνεκῶς
1404 4162 1738 4224 ἐνεστῶτοςο
1773 4164 1868 4215 καὶ
1897 4163 2097 4248 ὁμοίως
2144 4165 2232 4216 ἀεὶ
2279 4165 2340 4217 τὸ
2411 4167 2695 4235 δεδομένον
2759 4170 3016 4232 ἐκάστοις
3062 4168 3340 4221 ἐνδίδωσιν
3387 4167 3764 4239 αὐτεξούσιον,
3797 4170 3888 4218 Διὸ
3924 4169 4023 4220 καὶ

776 4264 928 4316 οὐδὲν
961 4259 1184 4327 μᾶλλον,
1221 4258 1294 4318 ὡς
1333 4258 1569 4325 εἴρηται,
1599 4255 1763 4323 φαίης
1801 4254 1866 4306 ἂν
1933 4255 2025 4307 τὸν
2069 4255 2201 4307 Θεὸν
2247 4261 2486 4327 προορᾷν
2539 4276 2596 4310 τε
2653 4261 2745 4311 καὶ
2818 4260 3212 4328 προγινώσκειν
3265 4262 3298 4330 ἥ
3368 4263 3500 4330 ὁρᾷν
3553 4263 3644 4312 καὶ
3702 4259 4020 4327 γινώσκειν,

775 4357 868 4409 τοῦ
933 4351 1184 4426 χρονικοῦ
1250 4351 1640 4420 παρῳχηκότος
1693 4351 1808 4416 ἆμα
1865 4351 1957 4401 καὶ
1994 4351 2279 4418 μέλλοντος
2331 4353 2413 4404 ένί
2454 4370 2522 4419 γε

2587 4354 2663 4423 τῷ
2691 4355 2878 4424 τρόπῳ
2924 4355 3124 4418 τελέως
3183 4355 3436 4408 ἐντεῦθεν
3498 4355 3872 4424 ἐξωθουμένου
3924 4358 4023 4408 καὶ

782 4452 966 4522 χώραν
1031 4447 1178 4516 αὐτῴ
1209 4447 1591 4515 προσήκουσαν
1621 4443 1876 4509 οὐδεμίαν
1911 4443 2124 4511 οὐδαμῆ
2159 4445 2599 4512 ὲψευρίσκοντος.

851 4545 942 4602 XX
957 4545 1087 4599 VIII.
1118 4542 1257 4608 Quid
1283 4541 1497 4609 igitura
1527 4538 2005 4592 criminationibus
2044 4550 2250 4608 patrem
2275 4539 2340 4591 ad
2375 4543 2421 4598 D
2523 4543 2535 4593 I

2338 4540 2340 4590 Ι
2375 4543 2421 4598 D
2523 4543 2659 4595 κη’.
2703 4543 2768 4595 Τί
2801 4545 2982 4596 τοίνυν
3014 4545 3072 4605 ἐς
3093 4544 3153 4595 τὸ
3184 4543 3361 4596 ἀθῶον
3391 4543 3556 4606 αὐτὸς
3584 4543 3917 4612 παρεξάγεις
3953 4547 4022 4600 τά

785 4638 1158 4697 innocentiam
1189 4649 1416 4688 revocas
1473 4635 1682 4686 incerta
1712 4633 1982 4686 sententia
2037 4648 2163 4686 cum
2227 4643 2344 4686 arte

781 4733 1014 4803 quadam
1038 4731 1090 4781 in
1121 4738 1266 4780 tuam
1306 4740 1417 4778 rem
1452 4737 1604 4774 versa
1631 4731 1687 4773 et
1730 4723 2002 4775 rationum
2049 4721 2242 4775 fraude
2272 4722 2340 4773 ad

782 4825 1116 4879 voluntatem
1143 4817 1332 4872 studes
1382 4823 1598 4868 mutare
1642 4814 1960 4880 ea.qnibus
1991 4829 2206 4882 [)(Bnattl
2255 4813 2344 4865 ille

783 4918 935 4973 dabit
970 4915 1079 4969 Deo
1121 4913 1213 4980 qui
1245 4910 1417 4963 cernit
1457 4917 1511 4960 et
1546 4907 1848 4976 dijudicat?
1898 4907 2108 4959 Etenim
2154 4914 2346 4972 sponte

785 5009 1042 5079 profugus
1067 5004 1157 5058 Dei
1189 5012 1245 5054 et
1281 5001 1511 5052 fortune
1537 4997 1725 5051 faustae
1758 4997 2048 5065 gloriaeque
2073 4995 2348 5049 desiderio

783 5104 1004 5160 ductus,
1038 5097 1104 5148 ab
1131 5094 1318 5145 divino
1349 5091 1439 5142 illo
1473 5091 1588 5140 viro
1623 5098 1924 5154 seiunctus,
1949 5103 2112 5154 quam
2146 5085 2348 5155 glorio-

784 5207 902 5245 sum
941 5203 1138 5241 nomen
1174 5199 1266 5251 per
1293 5192 1490 5235 terram
1524 5195 1707 5233 serere
1739 5179 1971 5237 studuit.
2035 5189 2139 5229 tam
2169 5179 2347 5244 inglo-

785 5283 984 5333 riosmn
1047 5289 1277 5330 messem
1339 5281 1606 5340 perpetuo
1661 5269 1808 5322 facit.
1857 5269 2100 5323 Consilio
2133 5283 2351 5336 semper

787 5374 1081 5428 destitutus
1117 5384 1144 5420 a
1176 5364 1336 5434 213
1389 5362 1645 5414 felicitate
1698 5360 1966 5430 rejicitur,
2017 5370 2178 5428 atque
2230 5375 2351 5427 qua:

787 5465 1214 5545 persequebatur
1239 5472 1497 5528 tanquam
1538 5457 1745 5524 Optima
1803 5456 2132 5517 arbitratus,
2194 5453 2354 5506 exiis

788 5559 1045 5612 ontnibns
1080 5555 1237 5622 plane
1269 5554 1513 5622 dejectus
1557 5560 1640 5603 est
1684 5565 1712 5600 a
1755 5546 1972 5598 fortuna
2011 5545 2097 5598 cui
2149 5545 2353 5598 servie-

790 5654 882 5706 bat
916 5658 1159 5700 mactus.
1216 5643 1319 5697 Ubi
1359 5644 1602 5696 omnium
1655 5655 1838 5707 regunt
1892 5637 2270 5689 lclicissimnm
2299 5653 2354 5690 se

791 5761 907 5797 esse
947 5740 1192 5809 putabat,
1227 5736 1429 5790 ibidem
1465 5735 1680 5788 fortuna
1739 5734 1790 5782 in
1850 5731 2075 5782 alteram
2147 5739 2352 5796 partem

793 5837 1051 5890 ineiiaata
1086 5833 1338 5884 universo
1369 5829 1489 5881 vita:
1521 5824 1833 5895 spectaculo
1861 5833 1915 5876 ct
1948 5836 2214 5877 terrarum
2237 5823 2354 5875 urbi

2449 4633 2543 4686 τοῦ
2574 4635 2779 4704 πατρὸς
2803 4636 3150 4704 ἐγκλήματα,
3213 4635 3489 4704 σφαλερᾶς
3555 4635 3796 4695 διανοίας
3852 4637 4025 4703 εὐφη-

2452 4724 2552 4792 μόν
2583 4740 2704 4775 τινα
2761 4726 2861 4790 τὴν
2900 4725 3254 4792 ἀποστροςὴν
3320 4725 3866 4793 ἀντιμηχανώμενος,
3932 4727 4025 4776 καὶ

2450 4816 2627 4882 λόγοις
2667 4816 2964 4883 ἀπατηλοῖς
3007 4817 3139 4885 πρὸς
3170 4817 3228 4866 τὸ
3263 4814 3592 4884 βουλόμενον
3636 4817 3890 4879 σπεύδεις
3931 4835 4027 4886 με-

2450 4907 2726 4959 τατιθέναι
2762 4906 2838 4964 ὧν
2858 4907 2957 4977 τὴν
2987 4909 3213 4960 κόλασιν
3264 4909 3447 4976 ἔργοις
3483 4911 3690 4970 ἐκεῖνος
3723 4908 3912 4976 ὑφέξει
3951 4911 4027 4978 τῷ

2453 4995 2706 5064 βλέποντι
2738 4995 2800 5066 [ι’.
2839 4997 2935 5049 115
2960 4995 3032 5066 r.]
3064 4997 3156 5047 καὶ
3184 4996 3463 5064 κρινοῦντι
3507 4997 3664 5065 Θεῷς
3705 4998 3889 5066 Φυγάς
3914 5001 4026 5065 γὰρ

2452 5085 2734 5154 ἐθελοντὴς
2759 5083 2851 5136 τοῦ
2880 5084 3016 5135 Θεοῦ
3058 5082 3318 5150 γεγονὼς,
3353 5085 3448 5134 καὶ
3482 5085 3630 5152 πόθῳ
3675 5087 4024 5155 προσκαίρου

2452 5177 2622 5245 τύχης
2647 5176 2738 5227 καὶ
2773 5176 2929 5240 δόξης
2967 5174 3064 5226 τοῦ
3086 5175 3232 5226 θείου
3263 5175 3441 5242 φωτὸς
3491 5176 3704 5228 ἐκείνου
3767 5179 4028 5248 ἀπερρω-

2454 5269 2585 5334 γὼς,
2619 5267 2750 5336 παρ’
2792 5269 2913 5319 ὅσον
2949 5267 3193 5331 ἐπίδοξον
3233 5267 3402 5334 ὄνομα
3459 5267 3546 5318 διά
3580 5267 3682 5335 γῆς
3720 5269 4028 5322 ἐσπούδακε

2458 5362 2726 5427 σπείρειν,
2759 5362 2906 5426 παρὰ
2944 5359 3201 5410 τοσοῦτον
3227 5359 3414 5421 ἄδοξον
3450 5361 3652 5427 στάχυν
3682 5361 3767 5410 ἀεὶ
3795 5360 4027 5429 θερίζει,

2455 5450 2525 5502 δι’
2559 5449 2816 5500 ἀδουλίαν
2881 5449 2967 5499 ἀεὶ
3005 5447 3101 5498 τοῦ
3157 5447 3426 5514 βελτίονος
3479 5449 4027 5516 ἀπορραπιζτίμενος·

2456 5541 2552 5592 καὶ
2581 5540 2616 5593 ἃ.
2656 5540 2875 5591 διώκειν
2905 5540 3080 5590 είλετο
3105 5539 3332 5606 νομίσας
3372 5536 3510 5590 εἶναι
3534 5542 3766 5608 χρηστα,
3811 5543 4030 5594 πάντων

2459 5637 2816 5687 ἐκπέπτωκεν
2867 5635 3056 5701 ἄρδην,
3111 5635 3200 5699 ὐφ’
3263 5630 3329 5704 ἧς
3387 5635 3644 5700 ἐλάτρευε
3695 5635 4028 5703 διωκόμενος

2458 5745 2647 5795 τύχης.

2462 5821 2708 5887 γίνεσθαι
2754 5820 3038 5888 βασιλέων,
3078 5819 3353 5890 ἐκεῖθενὴ
3408 5819 3703 5880 ἀντίπαλος
3735 5818 4028 5889 πψαδύσα

2718 5728 2824 5779 Καὶ
2885 5727 3005 5777 ὃθεν
3069 5727 3550 5793 εὐδαιμονέστατος
3612 5730 3830 5777 παντων
3872 5727 4025 5795 ᾠῃθη
