4264 6362
225 307 336 370 185

1204 310 1649 368 ΒΥΖΑΝΤΙΝᾹΞ
1695 309 2081 370 ιιιδΤΟιιιβΕ
2120 311 2266 370 LIB.
2310 311 2586 371 XXVIII.

3379 314 3480 375 186

224 418 381 503 ῥύμη
412 415 511 484 τῆς
538 415 705 485 τύχης
740 414 909 469 αὐτοῦ
950 416 1161 484 γυμνὸν
1207 418 1375 470 παντὶ
1407 416 1486 486 τῷ
1534 416 1628 468 τοῦ
1687 416 1803 486 βίου
1834 428 1878 482 Α

1794 428 1878 482 ιΑ
1911 418 2064 471 illum
2094 418 2336 472 ostendit
2383 419 2709 487 destitutum
2748 433 2855 472 non
2908 419 3068 473 modo
3113 436 3142 475 a
3180 420 3289 475 Deo
3347 440 3478 490 uno,

221 507 449 577 θεάτρῳ
477 509 572 561 καὶ
602 509 793 575 κόσμῳ
828 507 1178 577 προδείκνυσι
1210 510 1284 575 μὴ
1321 509 1482 575 μόνον
1501 509 1597 560 τοῦ
1636 510 1804 577 μόνου

219 599 390 664 Θεοῦ,
431 601 567 652 ἀλλά
588 600 684 651 καὶ
720 595 903 670 ἧσπερ
931 599 1236 653 ἐσπούδακε
1263 598 1426 669 δόξης
1459 600 1801 670 προσκαίρου

219 695 435 760 τυχεῖν.
485 691 605 744 Ἐπ’
645 691 907 760 οὐδεμιᾶς
936 692 1042 758 γάρ
1071 689 1309 756 βεϐαίως
1339 691 1558 760 ἑστήξει
1595 694 1804 759 κρηπί-

219 784 315 842 Ge;
343 782 546 850 κλῆρος
576 781 737 849 δόξης
763 782 938 844 οὐδεὶς
998 782 1054 842 ὃς
1087 799 1146 833 τε
1193 780 1331 834 Θεοῦ
1389 783 1804 851 ἀποπεφοίτηκε

218 875 319 925 καὶ
342 873 402 924 ὃν
430 874 492 925 τὸ
511 874 609 942 τῆς
637 873 811 943 τύχης
840 875 1181 943 ἐχορήγησεν
1219 858 1489 928 ἄστατον.
1509 878 1665 927 Δυοίν
1688 876 1819 944 γὰρ

220 962 516 1030 ἑπομένων
544 964 608 1032 τῇ
635 964 731 1032 τῆς
782 964 1125 1033 προσκαίρου
1157 964 1329 1035 τύχης
1380 964 1650 1034 εὐκληρίᾳ
1700 983 1803 1019 κα-

219 1046 359 1108 κῶν,
392 1048 426 1116 ἦ
460 1051 557 1101 καὶ
594 1049 763 1119 ἄμφω
795 1055 1105 1121 περιχεῖται
1140 1056 1254 1115 τοϊς
1302 1053 1512 1115 ἀθλίοις
1568 1056 1802 1120 ἐναλλὰξ

217 1140 415 1192 ὀπόσοι
456 1140 664 1210 ταύτην
696 1142 1111 1211 ἀμφιέννυνται,
1150 1144 1181 1213 ἢ
1221 1144 1369 1198 δυοῖν
1420 1137 1673 1214 θάτερον.
1724 1148 1795 1199 "II

218 1232 333 1299 γὰρ
361 1229 476 1285 olis
506 1233 690 1300 τὸτῆς
728 1233 897 1302 τύχης
948 1235 1204 1299 ἄστατον,
1246 1239 1341 1289 καὶ
1395 1236 1627 1289 δεδιέναι
1686 1238 1794 1306 τὴν

217 1320 492 1389 αἰφνίδιον
521 1321 739 1390 ἀνάγκη
795 1323 1103 1393 μεταϐολὴν
1155 1325 1263 1388 ἀεὶ,
1300 1327 1393 1377 καὶ
1444 1324 1524 1393 τῷ
1574 1329 1800 1395 συνεχεῖ

216 1412 316 1465 τοῦ
344 1413 505 1476 δέους
526 1414 868 1483 εὐδαιμονεῖν
912 1414 1174 1485 ἀσφαλῶς
1228 1416 1451 1486 μηδαμῆ
1496 1420 1801 1488 συγχωρεῖ-

220 1504 371 1569 σθαι,
401 1506 500 1559 καὶ
540 1507 823 1577 παρούσης
849 1507 949 1575 μὲν
978 1508 1268 1560 λυπεῖσθαι
1307 1509 1395 1562 διά
1418 1509 1519 1579 τὴν
1543 1514 1642 1580 τῆς
1660 1512 1798 1563 ἀπο-

219 1592 386 1661 ϐολῆς
420 1593 633 1659 ἐλπίδα,
681 1596 906 1664 ῥυείσης
927 1593 975 1647 δ’
1003 1591 1075 1648 αὖ
1102 1596 1393 1648 λυπεῖσθαι
1434 1598 1523 1650 διὰ
1562 1599 1660 1668 τὴν
1676 1600 1798 1651 ἐνα-

220 1676 570 1750 πομένουσαν
616 1687 839 1755 μνήμην
889 1686 984 1739 καὶ
1022 1688 1125 1757 τήν
1153 1704 1217 1755 γε
1246 1688 1310 1747 δὴ
1354 1689 1453 1758 τῆς
1480 1690 1795 1759 ἀναλήψεως

1908 524 2101 563 verum
2130 511 2295 564 etiam
2328 512 2395 565 ab
2432 512 2547 582 ipsa
2577 528 2683 582 qua
2717 511 2822 565 frui
2855 512 3024 567 voluit
3050 512 3287 578 fortuna,
3358 515 3475 569 Non

1905 601 2053 653 enim
2091 602 2246 655 firmo
2300 603 2464 657 stabit
2496 604 2856 674 fundamento
2893 604 3061 673 gloria
3098 606 3206 660 ulla
3265 621 3411 673 quae,
3445 622 3474 661 a

1908 691 2018 746 Deo
2052 704 2318 763 separata,
2375 711 2405 748 a
2462 696 2709 749 mutabili
2748 696 2968 751 fortuna
3006 700 3303 753 constituta
3364 709 3472 753 est.

1907 786 2146 839 Duorum
2175 789 2321 841 enim
2345 789 2612 841 malorum
2642 803 2761 856 quae
2790 788 2979 842 fausta:
3010 788 3244 841 fortuna:
3275 800 3475 844 sortem

1903 886 2232 945 sequuntur,
2268 886 2361 931 aut
2393 877 2556 931 ambo
2585 878 2997 946 perfunduntur
3034 881 3302 933 aerumnis
3353 896 3477 949 quae

1904 967 2051 1020 illam
2084 967 2447 1031 circumdant,
2480 977 2572 1021 aut
2599 976 2750 1021 Certe
2778 969 3134 1025 alterutrum.
3189 972 3299 1023 Aut
3325 969 3473 1022 enim

1905 1066 2151 1112 metuere
2182 1056 2475 1122 fortunam,
2505 1058 2724 1125 cognita
2751 1060 2873 1128 ejus
2926 1058 3318 1127 inconstantia,
3379 1075 3479 1112 ne-

1902 1162 2056 1203 cesse
2091 1157 2197 1214 est,
2230 1158 2285 1203 et
2317 1150 2370 1202 in
2408 1159 2733 1218 perpetuum
2783 1166 2843 1204 se
2877 1151 3010 1204 dare
3044 1153 3250 1214 timori,
3303 1169 3370 1207 ne
3422 1155 3475 1206 in

1902 1254 2092 1295 secura
2122 1239 2385 1294 felicitate
2414 1252 2694 1304 versetur,
2727 1241 2964 1310 denique
3014 1258 3138 1295 cum
3170 1244 3257 1296 illa
3295 1246 3471 1307 adest,

1901 1332 2025 1399 angi
2054 1346 2277 1387 necesse
2307 1341 2391 1386 est
2419 1332 2489 1387 ob
2514 1333 2744 1403 jactura:
2780 1344 3008 1397 metum,
3044 1334 3256 1402 dilapsa
3285 1345 3470 1388 autem

1903 1434 2093 1474 rursus
2122 1423 2247 1490 angi
2286 1422 2357 1475 ob
2398 1423 2718 1477 memoriam
2747 1424 2867 1493 ejus
2896 1432 2947 1477 et
2985 1427 3468 1492 recuperationem

1900 1511 2265 1582 desperatam.
2292 1514 2385 1567 Sin
2417 1529 2552 1568 vero
2568 1509 2703 1568 'eam
2735 1516 2936 1576 ntseit,
2982 1514 3180 1568 beatus
3209 1528 3473 1568 essenon

1901 1611 2100 1673 potest.
2136 1603 2269 1658 Nam
2295 1620 2419 1672 qua:
2449 1604 2607 1659 adest
2654 1606 2991 1673 voluptatem
3043 1607 3349 1674 possessori
3404 1605 3479 1658 af-

1905 1697 2035 1751 fert.
2070 1695 2360 1761 Quomodo
2386 1704 2571 1750 autem
2600 1694 2729 1750 felix
2754 1710 2876 1750 esse
2916 1697 3142 1765 poterit,
3175 1697 3269 1765 qui
3304 1698 3480 1749 sensi-

203 1778 540 1842 νάπὸγνωσιν
564 1793 581 1808 ’
614 1779 772 1848 ἢούκ
816 1774 951 1842 οίδε,
992 1782 1086 1831 καὶ
1128 1781 1209 1850 μὴ
1268 1782 1423 1842 εἰδὼς
1461 1783 1574 1835 οὐδ’
1621 1782 1801 1834 εὐδαί-
1834 1766 1875 1825 Β

1789 1813 1801 1822 ·
1834 1766 1875 1825 Β
1906 1789 2008 1842 bus
2047 1788 2099 1842 id
2137 1803 2246 1841 non
2279 1789 2532 1857 percipit,
2561 1788 2708 1857 quod
2763 1788 3049 1858 possidere
3093 1788 3352 1841 videtur?
3380 1788 3473 1841 Sin

227 1886 367 1936 μων.
403 1870 665 1939 Παροῦσα
698 1875 799 1940 μέν
825 1873 935 1940 γὰρ
965 1872 1164 1940 ἡδονὴν
1181 1874 1282 1926 οὐκ
1337 1874 1451 1943 εχει
1477 1876 1683 1944 τουτῳὶ
1710 1892 1801 1928 κε-

223 1963 487 2032 κτημένῳ
506 1979 522 1993 ·
545 1965 639 2015 καὶ
655 1964 774 2026 πῶς
799 1964 864 2017 ἂν
891 1964 974 2033 εἴη
1005 1964 1281 2031 εὐδαίμων
1308 1967 1403 2035 τὴν
1423 1967 1676 2036 αίσθησιν
1701 1969 1801 2021 οὐκ

222 2050 365 2117 ἔχων
400 2044 481 2103 ὧν
512 2051 819 2120 κεκτῆσθαι
852 2053 1001 2106 δοκεῖ
1029 2068 1045 2116 ;
1076 2053 1175 2105 Ἂν
1220 2054 1267 2106 δ’
1305 2054 1403 2122 att
1450 2057 1542 2106 καὶ
1591 2060 1654 2107 τὸ
1700 2055 1799 2124 τῆς

224 2142 452 2208 φύσεως
477 2140 610 2206 ίδιον
638 2143 934 2213 ἐπενέγκῃ,
956 2143 1102 2211 λέγω
1122 2144 1187 2214 δὴ
1212 2144 1312 2213 τὴν
1345 2146 1651 2216 μεταϐολὴν
1673 2147 1801 2200 ἐαυ-

215 2235 439 2305 τῆς,τῷ
464 2236 567 2305 τῆς
595 2237 863 2305 αἰφνιδίου
888 2238 1205 2307 ἐκπλήξεως
1241 2238 1636 2308 ὑπερϐάλλοντι
1671 2257 1797 2294 συν-

218 2329 435 2383 ανεῖλεν
472 2329 643 2381 ἐνίοτε
686 2331 782 2382 καὶ
838 2330 903 2381 τὸ
968 2330 1092 2399 ζῇν.
1158 2331 1267 2383 Καὶ
1318 2331 1646 2401 προλέλοιπε
1700 2332 1799 2399 μὲν

214 2417 384 2468 αὑτὸν
419 2416 584 2480 εὐθὺς
607 2417 635 2469 ὃ
674 2417 965 2487 προλιπεῖν
991 2419 1091 2488 μὲν
1133 2420 1234 2470 οὐκ
1284 2414 1355 2489 ἦν
1396 2420 1548 2486 αὐτῷ
1619 2421 1800 2489 βουλο-

218 2509 395 2578 μένῳ,
434 2509 864 2563 καταλέλειπται
903 2511 949 2563 δ’
993 2512 1157 2573 αὐτὸς
1196 2509 1309 2562 οὐθ’
1360 2512 1438 2573 ὡς
1480 2512 1799 2565 καταλελεῖ-

214 2601 350 2667 φθαι
374 2601 669 2670 νενόμικεν
704 2601 820 2654 οὐθ’
845 2603 921 2657 ὡς
979 2601 1132 2670 βιοῦν
1174 2609 1512 2672 προῄρηται.
1552 2602 1795 2655 Τοιαῦτα

212 2693 318 2762 γὰρ
353 2694 427 2748 τὰ
462 2692 573 2746 τῶν
591 2692 861 2764 χρονικῶν
896 2694 1238 2766 πραγμάτων
1275 2694 1541 2761 ἐγκύκλια
1568 2692 1799 2761 παίγνια

213 2793 306 2841 καὶ
338 2791 392 2842 οἱ
421 2791 524 2859 τῆς
546 2789 718 2859 τύχης
744 2790 1007 2857 γέλωτες,
1037 2790 1166 2843 σκιά
1202 2791 1278 2859 μὴ
1333 2786 1662 2859 κρατεῖσθαι
1692 2803 1793 2838 πε-

214 2883 453 2949 φυκυῖα,
482 2884 578 2935 καὶ
613 2882 867 2935 ἀνούσιον
907 2884 1080 2949 δνομα
1125 2884 1245 2945 ταῖς
1288 2883 1397 2934 τῶν
1450 2878 1796 2951 μικρολόγων

212 2973 307 3023 καὶ
348 2969 711 3039 μικροψύχων
786 2968 1235 3037 ἐπιπλανώμενον
1285 2969 1631 3036 φαντασίαις.
1702 2969 1792 3020 Διὸ

1900 1896 2036 1934 vero
2075 1889 2263 1949 postea
2300 1889 2509 1933 natura:
2539 1880 2826 1949 proprium
2869 1879 3049 1941 feret,
3114 1881 3472 1931 mutationem

1901 1986 2058 2024 suam
2086 1971 2233 2035 dico,
2274 1970 2564 2040 repentino
2593 1972 3023 2038 perturbationis
3071 1972 3277 2048 impetu
3312 1970 3477 2041 215.

1900 2063 2177 2124 interdum
2208 2063 2379 2130 ipsam
2424 2062 2589 2116 vitam
2622 2062 2781 2127 tollit,
2809 2072 2864 2116 et
2898 2062 3029 2115 illud
3073 2076 3198 2115 eum
3230 2063 3472 2128 reliquit,

1898 2152 2043 2222 quod
2079 2151 2393 2220 relinquere
2422 2166 2555 2205 sane
2618 2151 2863 2205 nolebat.
2921 2151 3168 2205 Relictus
3221 2152 3336 2218 ipse
3391 2158 3477 2204 est

1898 2258 2075 2313 neque
2113 2251 2172 2295 ut
2218 2243 2456 2311 relinqui
2510 2259 2570 2297 se
2608 2251 2900 2312 putaverat
2953 2257 3134 2309 neque
3168 2251 3224 2295 ιιι
3288 2242 3474 2295 vivere

1897 2340 2282 2387 consueverat.
2321 2332 2444 2385 llaec
2472 2333 2619 2386 enim
2647 2347 2765 2400 qum.
2796 2333 2849 2385 in
2881 2342 3128 2400 tempore
3152 2334 3220 2384 ab
3245 2348 3312 2385 co
3334 2332 3474 2386 facta

1897 2434 2030 2478 sunt
2064 2424 2431 2478 ludibriorum
2481 2424 2895 2479 vicissitudines
2949 2432 3079 2477 sunt
3133 2435 3190 2478 et
3238 2424 3473 2479 fortuna:

1902 2518 2071 2580 risus,
2100 2519 2294 2569 umbra
2328 2532 2450 2586 qua:
2489 2533 2595 2571 non
2622 2516 3015 2585 comprehendi
3052 2526 3229 2585 potest
3286 2529 3339 2570 et
3390 2519 3474 2570 iu-

1895 2617 1998 2655 ane
2019 2616 2217 2655 nomen
2235 2602 2380 2671 quod
2408 2605 2459 2655 in
2484 2604 2960 2671 pusillanimorum
2984 2605 3266 2658 hominum
3288 2617 3469 2661 mente

1893 2704 2167 2748 versatur.
2194 2692 2562 2758 Quamobrem
2591 2694 2849 2748 facillime
2883 2695 3115 2749 infinitis
3148 2699 3469 2751 mutatiooi-

1893 2786 1998 2839 bus
2021 2796 2278 2854 tanquam
2313 2794 2645 2839 tesserarum
2704 2786 2948 2839 millibus
2977 2788 3216 2841 eruitur.
3270 2789 3333 2842 Et
3372 2791 3467 2857 qui

1896 2878 1947 2930 in
1972 2878 2233 2931 felicitate
2264 2893 2587 2946 permanere
2620 2878 2995 2934 vehementer
3027 2882 3220 2945 voluit,
3256 2897 3287 2934 e
3311 2899 3473 2937 secu-

1891 2970 2054 3025 ritate
2084 2970 2208 3042 ejus
2237 2970 2399 3026 facile
2424 2971 2664 3042 ejicitur.
2698 2970 2802 3040 Qui
2839 2990 2967 3028 vero
2997 2986 3193 3044 sponte
3233 2992 3352 3029 eam
3390 2994 3471 3030 re—

212 3065 307 3117 καὶ
334 3066 529 3134 ’ῥᾷστα
578 3063 794 3132 μυρίοις
840 3062 1279 3132 ἀναμοχλεύεται
1329 3061 1516 3123 κύϐοις
1559 3059 1791 3128 μεταὸο-
1816 3064 1896 3161 ci

1785 3088 1859 3161 rc
1892 3063 2112 3130 linquit,
2145 3063 2211 3115 ad
2252 3062 2421 3116 Deum
2454 3064 2723 3117 bonorum
2750 3079 2883 3119 sane
2906 3065 3101 3119 ducem
3132 3068 3314 3120 animo
3335 3084 3469 3120 cou-

210 3156 319 3207 λῶν
357 3155 749 3224 ἀτεκμάρτων.
786 3154 897 3205 Καὶ
922 3156 948 3205 ὁ
980 3154 1190 3223 σφόδρα
1229 3153 1401 3205 θέλων
1431 3154 1566 3220 αὐτῇ
1602 3168 1787 3218 παρα-

212 3251 400 3319 μένειν
431 3248 524 3301 τοῦ
557 3248 742 3317 μένειν
773 3248 1020 3316 ἀσςραλὴς
1056 3247 1524 3314 ἁποσφενδονᾶται
1549 3246 1771 3317 ῥαδίως

1892 3170 2076 3217 verso,
2118 3154 2409 3209 incolumis
2437 3156 2561 3208 vitae
2594 3167 2787 3208 azstum
2844 3158 3127 3224 superabit
3182 3174 3360 3225 neque
3392 3161 3471 3211 in-

1882 3246 2052 3301 sidias
2082 3260 2183 3299 nec
2216 3246 2503 3299 latrocinia
2540 3248 2786 3301 omnium
2821 3247 3105 3301 hominum
3140 3249 3380 3301 timebit.

207 3345 234 3395 ὁ
256 3340 313 3393 δὲ
344 3341 557 3411 ταύτης
588 3343 687 3413 μὲν
711 3341 997 3410 ἐθελοντὴς
1030 3340 1316 3409 ἐκχωρῶν,
1345 3340 1465 3408 Θεῷ
1494 3340 1549 3393 δὲ
1574 3340 1653 3410 τῷ
1674 3340 1783 3393 τῶν
1821 3338 2105 3399 καλῶνλώς
2172 3338 2389 3406 ἀληθῶς
2450 3337 2671 3407 χορηγῷ
2714 3338 3005 3408 προσέχων
3035 3342 3128 3391 τὸν
3183 3341 3331 3404 νοῦν,
3376 3342 3468 3392 εὐ-

210 3435 416 3503 σταλὴς
442 3436 543 3502 τὴν
572 3435 666 3487 τοῦ
696 3433 813 3504 βίου
852 3434 1215 3503 παρατρέχων
1247 3433 1522 3485 Θάλασσαν
1552 3433 1774 3500 ἔφεδρον
1813 3432 2100 3485 ἐπίϐουλον
2122 3431 2241 3482 οὐδὲ
2268 3430 2474 3500 λῃστὴν
2516 3431 2817 3499 φοϐήσεται
2841 3432 3060 3484 πάντων
3083 3433 3270 3485 οὐδένα
3312 3436 3470 3489 ποτε.

280 3527 412 3582 κε’.
460 3526 523 3600 [ί.
564 3528 667 3581 HS
695 3527 770 3597 11.]
793 3528 899 3580 Καὶ
935 3528 1021 3580 ἴνα
1070 3544 1128 3579 σε
1164 3529 1220 3588 ἐς
1250 3527 1311 3579 τὸ
1344 3528 1604 3596 πρότερον
1640 3526 1782 3596 ῐχτος

206 3623 422 3673 ἐκείνου
466 3620 557 3673 τοῦ
608 3621 1005 3689 ὐποδείγματος
1056 3620 1213 3681 αὖθις
1261 3620 1555 3687 ἀναγαγὼν
1606 3637 1781 3671 κοτα-

206 3708 414 3759 κλείσω
457 3707 548 3758 τὸν
594 3707 770 3775 λόγον,
815 3707 1065 3776 δεδειχὼς
1111 3707 1187 3770 ὡς
1230 3708 1506 3774 ἄνθρωποι
1553 3709 1663 3759 τῶν
1692 3710 1784 3759 ἁν-

206 3798 505 3867 Θρωπίνων
532 3798 694 3852 α“τιοι
729 3800 969 3865 γίνονται
1015 3798 1311 3867 συμφορῶν
1343 3802 1435 3851 καὶ
1462 3800 1559 3869 οὐχ
1585 3802 1613 3852 ὁ
1645 3800 1779 3861 Θεὸς

205 3890 318 3943 οὐδ’
351 3891 385 3957 ἠ
424 3889 591 3942 αὐτοῦ
642 3890 964 3955 πρόγνωσις,
993 3890 1102 3942 οὐδ’
1135 3891 1347 3959 ἀνάγκη
1396 3909 1478 3953 τις
1528 3894 1786 3959 τυραννεί

205 3978 304 4032 τοῦ
342 3979 463 4049 βίου
517 3981 641 4042 τοὺς
691 3980 908 4043 οίακας,
943 3982 1058 4032 ἀλλ’
1109 3981 1355 4033 ἑκούσιον
1398 3982 1609 4051 θέλημα
1656 3983 1784 4045 τοὺς

207 4076 416 4134 κακοὺς
448 4073 528 4133 εἰς
570 4073 713 4125 κακά
763 4073 1143 4141 παραπέμπει,
1172 4074 1466 4143 προσέχειν
1486 4077 1599 4136 τοῖς
1631 4076 1785 4141 λεγο-

208 4165 397 4231 μένοις
452 4162 650 4232 χρεών.
696 4162 965 4231 Καθάπερ
1010 4164 1143 4233 γάρ,
1185 4163 1237 4215 εἰ
1275 4181 1359 4227 τις
1406 4165 1784 4237 μοχθηροτέρᾳ

207 4258 351 4323 μετά
382 4255 480 4308 τοῦ
529 4255 771 4317 πλείονος
796 4255 976 4324 χρῷτο
1011 4256 1195 4327 διαίτῃ
1240 4260 1336 4310 καὶ
1366 4257 1678 4326 ἀπᾴδουσαν
1705 4259 1783 4328 τῷ

204 4351 404 4417 γαστρὶ
450 4347 753 4417 συμφοροίη
801 4347 1024 4415 τροφὴν,
1055 4346 1270 4414 ἀνάγκη
1318 4349 1496 4398 νοσεῖν
1533 4350 1621 4400 καὶ
1663 4350 1779 4401 δια.

1954 3524 2156 3579 XXIX.
2190 3526 2369 3594 Atque
2399 3534 2458 3579 ut
2486 3535 2537 3579 te
2586 3525 2653 3578 ad
2709 3526 2857 3580 illius
2899 3529 3131 3594 exempli
3177 3529 3465 3596 vestigium

1878 3618 2135 3671 reducam
2171 3615 2441 3684 finemque
2507 3618 2745 3671 orationi
2805 3619 3104 3687 imponam,
3168 3631 3461 3687 postquam

1879 3709 2098 3762 ostendi
2184 3708 2437 3761 homines
2503 3709 2669 3762 sortis
2728 3725 2840 3763 suae
2904 3725 3027 3764 esse
3093 3724 3345 3765 auctores
3409 3722 3466 3765 et

1877 3813 1983 3851 non
2021 3800 2189 3851 Deum
2223 3813 2402 3867 neque
2432 3798 2551 3866 ejus
2592 3798 2992 3866 providentiam
3021 3815 3121 3853 nec
3160 3803 3461 3855 necessita-

1876 3895 1983 3941 tem
2010 3885 2301 3956 quamdam
2335 3887 2388 3939 itt
2421 3887 2529 3939 vita
2567 3886 2861 3951 dominari,
2905 3887 3000 3942 sed
3036 3889 3271 3943 liberum
3315 3891 3461 3942 arbi-

1880 3980 2047 4032 trium
2075 3979 2250 4032 malos
2274 3978 2329 4030 in
2366 3977 2506 4030 mala
2556 3980 2857 4048 projicere,
2910 3980 2979 4033 ad
3020 3995 3085 4034 ea
3133 3997 3255 4050 quae
3314 3982 3458 4036 dicta

1883 4079 2014 4123 sunt
2043 4080 2284 4123 mentem
2337 4068 2624 4124 attendere
2667 4080 2904 4138 oportet.
2978 4071 3454 4137 Quemadmodum

1880 4164 2029 4215 enim
2064 4161 2109 4214 si
2135 4162 2262 4230 quis
2291 4162 2435 4214 malo
2471 4162 2619 4214 victu
2646 4172 2828 4215 utatur
2865 4164 3189 4231 plerumque
3240 4176 3295 4218 et
3329 4183 3457 4216 ven-

1882 4260 1966 4307 tre
2015 4263 2378 4323 repugnante,
2405 4262 2669 4322 aegrotare
2716 4269 2843 4308 eum
2900 4262 2959 4308 et
3013 4256 3216 4309 multos
3245 4257 3461 4310 dolores

1884 4344 1994 4412 pati
2020 4358 2244 4397 necesse
2265 4353 2390 4409 est;
2417 4357 2639 4397 causam
2663 4357 2794 4399 vero
2823 4345 2987 4413 hujus
3014 4346 3113 4408 rei,
3144 4347 3245 4397 nisi
3275 4349 3460 4415 :egroti

204 4442 410 4509 φόρους
460 4440 556 4491 καὶ
601 4438 767 4501 ἀλλας
823 4437 1122 4498 ἐπ’ἀλλαις
1166 4438 1470 4507 ἀλγηδόνας
1523 4433 1782 4507 διηνεκῶς
1817 4453 1888 4507 ι).

1778 4459 1782 4495 π
1817 4453 1858 4507 ι)
1887 4438 2153 4491 sentiendi
2192 4437 2521 4503 vivendique
2540 4437 2759 4499 rationi,
2782 4451 2883 4490 nec
2907 4437 3074 4489 victui
3113 4437 3232 4505 jure
3259 4440 3462 4490 tribue-

204 4532 533 4599 ὑπομένειν,
583 4530 678 4582 καὶ
723 4531 785 4582 τὸ
830 4529 1000 4581 αίτιον
1033 4528 1172 4595 πλὴν
1214 4528 1313 4595 τῆς
1352 4529 1444 4580 τοῦ
1483 4529 1782 4599 πάσχοντος

201 4621 439 4689 γνώμης
488 4620 580 4671 καὶ
625 4618 996 4688 προαιρέσεως
1045 4616 1171 4669 οὐτε
1209 4619 1277 4686 τῇ
1316 4620 1490 4688 τροςοῇ
1523 4623 1781 4700 προστρί-

200 4713 359 4779 ψειεν
428 4710 492 4764 ἄν
560 4726 641 4771 τις
691 4709 912 4771 δικαίως
958 4706 1070 4760 οὔτ’
1125 4707 1432 4777 ἀνθρώπων
1481 4710 1675 4773 οὐδενὶ,
1720 4711 1780 4761 οὐ

206 4805 358 4873 μέντ’
404 4802 473 4854 ἂν
518 4801 638 4853 οὐδέ
696 4802 815 4863 ταῖς
860 4802 970 4854 τῶν
1017 4800 1266 4868 ὁρώντων
1306 4801 1643 4871 προρρήσεσι
1688 4802 1782 4853 καὶ

206 4892 607 4965 προγνώσεσιν,
640 4891 695 4943 εί
745 4909 890 4953 τινες
947 4888 1056 4944 εἷεν
1115 4892 1290 4961 ίατροὶ
1336 4891 1516 4954 καλῶς
1562 4895 1629 4945 ἐκ
1684 4894 1782 4961 τῆς

201 4987 443 5053 ἀκαίρου
479 4985 681 5052 τροςρῆς
733 4984 943 5051 ἐκείνης
991 4984 1379 5053 στοχαζόμενοι
1417 4986 1511 5036 καὶ
1545 5000 1783 5052 προανα-

202 5077 519 5144 φιονοῦντες
560 5076 638 5144 τῷ
686 5074 787 5144 μὲν
826 5073 923 5145 τὴν
967 5076 1261 5128 ἀκόλουθον
1298 5074 1578 5145 νόσον,’τῷ
1605 5076 1660 5127 δὲ
1690 5076 1782 5128 τὸν

203 5172 479 5236 ἑπόμενον
503 5168 749 5233 θάνατον,
782 5167 874 5219 καὶ
903 5167 1153 5236 ἀνάγκην
1180 5168 1437 5235 οὐδεμίαν
1466 5169 1772 5239 ἐπήνεγκεν

204 5256 331 5310 οὒτε
362 5257 476 5315 τοῖς
510 5255 809 5323 νοσήμασιν
839 5254 1069 5316 ἐκείνοις
1091 5253 1214 5307 οὔτε
1254 5255 1332 5323 τῷ
1362 5255 1578 5324 θανάτῳ
1607 5257 1779 5325 πρόρ-

208 5353 369 5419 ρησις
404 5346 498 5399 καὶ
534 5346 839 5412 πρόγνωσις
889 5344 983 5398 τοῦ
1014 5346 1251 5409 συνετῶς
1295 5345 1531 5415 ὁρῶντος
1564 5347 1776 5417 ἰατροῦ,

204 5439 383 5498 οὓτως
414 5435 526 5488 οὐδ’
569 5437 604 5505 ή
639 5434 732 5489 τοῦ
769 5434 905 5488 Θεοῦ
958 5437 1263 5505 πρόγνωσις
1295 5438 1511 5509 ἀνάγκῃ
1552 5440 1782 5491 summa?

203 5535 327 5593 τοὺς
372 5530 786 5599 ἁ;ιαρτάνοντας
824 5529 903 5590 είς
952 5528 1012 5581 τὸ
1065 5529 1421 5599 ἁμαρτάνειν,
1462 5532 1566 5583 οὐδ’
1600 5533 1780 5599 ἀμαρ-

204 5624 467 5682 τάνοντσς
499 5620 564 5674 αὖ
600 5621 867 5680 παντοίοις
900 5622 962 5672 ἐκ
991 5622 1255 5673 παντοίων
1297 5624 1388 5672 καί
1429 5622 1689 5685 ποικίλοις
1716 5626 1780 5675 ἐκ

209 5716 476 5769 ποικίλων
534 5714 724 5776 δεινοῖς
773 5714 1118 5783 περιπίπτειν
1172 5714 1469 5784 ἀμοιϐαδὸν
1519 5716 1610 5769 καὶ
1668 5711 1779 5768 οἷον

1886 4529 1957 4582 rit
2007 4529 2292 4598 quisquam
2321 4527 2487 4598 215
2528 4542 2627 4580 nec
2665 4527 2762 4579 ulli
2792 4526 3024 4580 homini.
3065 4526 3253 4596 Neque
3289 4529 3457 4581 etiam

1884 4620 2354 4690 pnesagitionibus
2383 4630 2439 4672 et
2474 4618 2999 4687 praecognitionibus
3033 4618 3079 4671 si
3115 4618 3309 4673 medici
3364 4622 3459 4671 ad—

1883 4722 2011 4767 sunt
2055 4709 2151 4779 qui
2201 4726 2266 4764 εχ
2331 4710 2481 4763 victu
2533 4709 2628 4762 illo
2680 4709 2983 4775 conjiciunt
3036 4709 3163 4762 huic
3207 4711 3459 4764 morbum

1882 4802 2204 4863 affuturum,
2232 4799 2309 4854 illi
2338 4814 2470 4853 vero
2489 4808 2743 4861 mortem,
2774 4799 2979 4851 nullam
3012 4808 3193 4851 tamen
3219 4801 3459 4851 ιιριορςεί-

1884 4900 2050 4946 tatem
2095 4891 2255 4946 affert
2298 4906 2399 4944 nec
2444 4890 2639 4944 morbo
2673 4904 2775 4943 nec
2810 4889 2975 4943 morti
3039 4890 3455 4957 prudentissimi

1883 4983 2079 5047 medici
2108 4979 2420 5051 praasagitio
2475 4988 2528 5032 et
2578 4978 2957 5047 prtecognitio.
3010 4976 3085 5031 Ita
3133 4993 3309 5045 neque
3362 4978 3455 5029 Usi

1883 5071 2233 5142 praecognitio
2260 5070 2585 5123 necessitate
2618 5068 2787 5120 trahit
2813 5079 3101 5135 peccantes
3135 5068 3199 5119 ad
3225 5084 3457 5132 peccatr-

1882 5163 2011 5216 dum
2038 5176 2136 5215 nec
2172 5169 2457 5229 peccantes
2489 5174 2555 5212 ex
2580 5158 2819 5211 miseriis
2850 5160 2901 5210 in
2935 5158 3118 5210 miseri
3142 5174 3184 5210 IS
3210 5160 3448 5225 proﬁcit.

1885 5267 1945 5311 ut
1976 5271 2072 5324 per
2102 5254 2387 5307 ditlieilem
2436 5252 2811 5321 labyrinthum
2843 5258 3232 5320 pervagentur
3284 5262 3340 5303 et
3385 5254 3456 5303 ob

1882 5363 2073 5419 poenas
2106 5362 2242 5416 quas
2274 5361 2300 5399 s
2328 5345 2376 5399 bi
2402 5344 2599 5397 ibidem
2642 5352 2836 5411 parant
2885 5341 3355 5396 soilit-itutlinibtu
3400 5345 3454 5397 iu

1884 5450 2215 5510 perpetuum
2268 5438 2608 5491 irretiantur.
2666 5435 2967 5487 Prmidere
3006 5436 3173 5487 Deum
3220 5452 3280 5488 ca
3333 5452 3454 5501 qua:

1882 5531 2060 5586 futura
2082 5541 2209 5584 sunt
2242 5540 2425 5599 utpote
2448 5529 2540 5597 qui
2577 5528 2831 5581 universa
2864 5536 3118 5594 tanquam
3154 5529 3453 5593 pt':t-§t‘;tltft

1886 5633 2079 5678 cernat
2106 5637 2327 5675 necesse
2354 5629 2461 5674 est.
2494 5622 2727 5673 Causam
2752 5635 2882 5671 vero
2904 5618 3169 5669 malorum
3194 5617 3450 5671 inducere

1882 5716 1999 5787 tjus
2022 5713 2423 5785 providentiam
2442 5727 2662 5765 necesse
2690 5726 2800 5766 non
2828 5721 2928 5765 est.
2969 5709 3034 5762 Et
3056 5710 3097 5762 si
3117 5710 3241 5778 quid
3264 5727 3325 5762 et
3355 5710 3452 5763 bc-
