4264 6362
188 421 291 488 197

1236 412 1681 485 BYZANTINM
1713 417 2093 481 HISTORIA!)
2117 419 2258 479 LIB.
2286 416 2496 482 XXXI.

3344 418 3445 482 198

178 534 409 601 ὁμοίως·
451 535 548 588 καί
595 538 659 607 τῇ
713 537 911 590 ἑαυτοῦ
970 536 1251 607 παρουσία
1309 536 1620 606 βεϐαιώσας
1655 534 1752 588 καὶ
1784 540 1825 595 Α

1793 540 1825 595 Α
1856 534 2102 585 omnium
2127 548 2257 601 erga
2298 547 2356 585 se
2387 530 2573 592 Iidem,
2599 530 2692 598 qui
2737 540 2895 582 antea
2932 530 3146 584 fuerant
3178 529 3441 601 ambigui,

178 624 505 694 ἐπιρρώσας
542 627 789 690 ἅπαντας
824 629 903 689 είς
942 627 1043 695 τὴν
1095 626 1289 679 ἑαυτοῦ
1337 628 1519 679 πίστιν
1554 627 1761 695 ἀμφιρ-

181 715 376 779 ρεπείς
408 715 471 768 τὸ
514 718 783 784 πρότερον
829 719 1005 779 δντας.
1037 716 1190 779 τέλος
1236 718 1348 778 τοῖς
1379 715 1651 777 Τενεδίοις
1680 716 1763 768 λι-

183 805 345 870 μέσιν
379 806 687 874 ὁρμίζεται.
718 808 889 859 Ἔνθα
923 808 989 877 δὴ
1039 808 1132 859 καὶ
1178 806 1365 876 μαθὼν
1409 808 1481 870 ὼς
1540 808 1605 859 ὲκ
1633 807 1763 858 πολ-

181 895 277 947 ὶηοῦ
336 902 625 967 τριήρεσιν
677 898 872 951 ἕνδεκα
926 898 1405 968 παρασκευάζοιτο
1438 899 1559 950 κατ’
1596 898 1760 950 αὑτοῦ

183 987 441 1053 βασιλεὺς
486 990 513 1041 ὁ
558 992 653 1042 καὶ
704 990 1001 1060 πενθερὸς,
1055 989 1292 1043 ἐνταῦθα
1329 991 1421 1041 καὶ
1456 990 1619 1052 αὐτὸς
1670 989 1763 1041 τοῦ

1869 623 2109 691 denique
2133 625 2187 676 in
2220 622 2427 677 Tenedi
2452 632 2675 691 portum
2731 622 2984 677 incurrit.
3054 622 3133 677 lbi
3176 624 3437 692 comperit

1870 729 1934 768 ex
1966 714 2128 784 longe
2163 724 2405 780 tempore
2439 712 2690 767 undecim
2745 722 2936 767 contra
2961 729 3019 767 se
3046 714 3228 783 parari
3259 729 3289 768 a
3316 731 3441 783 rege

1870 805 2179 870 triremes,
2232 810 2288 860 et
2349 805 2532 859 afﬁnis
2586 815 2641 859 et
2696 806 2810 874 ipse
2866 806 2941 860 ibi
2992 816 3179 875 postea
3236 806 3440 889 morari

1870 899 2046 952 voluit
2085 907 2141 952 et
2194 912 2260 952 ex
2315 900 2571 952 omnibus
2631 900 2859 953 rationis
2896 914 2960 953 ac
2998 901 3196 952 mentis
3238 915 3442 969 prmce-

1872 991 1982 1060 ptis
2012 990 2276 1059 impetum
2302 1006 2423 1045 esse
2448 992 2833 1059 excipiendum
2854 992 3228 1048 existimavit.

180 1080 375 1132 λοιποῦ
406 1082 678 1150 καθῆσθαι
727 1087 953 1151 κέκρικε
999 1084 1129 1148 δειν,
1159 1085 1255 1136 καὶ
1291 1083 1567 1145 ,άπάσαις
1629 1082 1832 1152 ψήφοις
1876 1084 1995 1151 ἅμα
2023 1083 2303 1153 λογισμῶν
2344 1086 2439 1136 καὶ
2466 1084 2646 1153 ψυχῆς
2700 1086 2991 1155 προθέσεσι
3036 1087 3127 1136 τὸν
3176 1084 3440 1137 ἐπίπλουν

181 1174 520 1242 ἐκδέχεσθαι.

254 1267 335 1319 Γ’.
373 1267 595 1320 Τούτων
631 1269 678 1320 δ’
707 1268 850 1321 οὕτω
883 1268 1229 1338 χωρούντων,
1263 1269 1410 1335 εδοξε
1442 1269 1539 1322 καὶ
1582 1269 1764 1323 Παλα-

186 1360 263 1429 μᾷ
308 1359 393 1429 τῷ
432 1359 687 1412 δυσσεϐεῖ
720 1361 963 1429 Πρόκλον
1002 1362 1145 1427 τινὰ,
1185 1363 1515 1430 πλασαμένῳ
1548 1362 1762 1431 πρόφα-

187 1468 295 1514 σιν,
357 1452 413 1514 ἐς
452 1452 747 1515 Βυζάντιον
788 1453 1086 1520 ἀφικέσθαι
1123 1454 1394 1507 πλείστων
1424 1454 1611 1519 ἕνεκα,
1641 1457 1759 1520 ἐνὸς

188 1541 287 1607 μὲν
333 1543 421 1594 ἵνα
475 1544 931 1614 Καντακουζηνὸν
984 1546 1208 1615 ὲρεθίσῃ
1251 1548 1342 1600 τὸν
1396 1546 1623 1616 βασιλέα
1673 1567 1764 1601 τε-

185 1635 353 1696 λείοις
386 1634 631 1704 ὀλέθροις
664 1638 789 1700 τοὺς
815 1639 914 1703 τῆς
952 1638 1235 1701 εὐσεϐείας
1270 1643 1588 1711 προμάχους
1613 1643 1765 1713 ἡμᾶς

189 1722 588 1793 παραπέμψαι,
623 1724 877 1795 δεύτερον
908 1726 953 1780 δ’
992 1728 1079 1780 ῐνα
1129 1732 1224 1781 καὶ
1261 1730 1361 1791 τὰς
1398 1730 1551 1794 αὖθις
1584 1730 1764 1785 αὐτῶν

186 1814 388 1865 νεωστὶ
450 1818 829 1885 γεγενημένας
898 1821 1039 1872 κατὰ
1090 1820 1190 1889 τῆς
1243 1821 1525 1885 εὐσεϐείας
1571 1823 1764 1892 ἑτέρας

190 1905 410 1971 βίϐλους
444 1909 556 1969 τοῖς
590 1906 907 1971 Βυζαντίοις
964 1911 1189 1981 προθείη
1243 1912 1609 1979 διδασκαλίαν,
1637 1915 1763 1966 ἀκό-

187 1998 378 2050 λουθον
424 1999 526 2066 μὲν
568 2003 633 2069 τῇ
672 2002 801 2070 πρὶν
847 2004 1033 2076 ἐκείνῃ
1076 2004 1337 2075 πολυθεῖᾳ
1364 2006 1611 2076 τάνδρὸς,
1645 2026 1765 2059 και-

190 2091 599 2158 νοφανεστέραν
629 2091 673 2143 δ’
704 2092 798 2144 οὖν
824 2096 901 2156 είς
936 2096 1134 2158 κακίας
1162 2096 1496 2167 ὑπερϐολήν·
1526 2099 1620 2150 καὶ
1652 2102 1765 2165 τρί-

189 2198 278 2232 τον
349 2181 440 2233 ἴνα
491 2184 585 2235 καὶ
641 2183 853 2253 βασιλεῖ
902 2188 1343 2259 Καντακουζηνῷ
1402 2192 1501 2251 τὰς
1558 2193 1766 2254 οίκείας

189 2270 356 2339 εὐχὰς
386 2272 761 2343 φυλακτήριον
788 2276 930 2328 κατὰ
966 2277 1329 2345 Παλαιολόγου
1363 2281 1647 2349 χαρίσαιτο
1672 2281 1765 2333 τοῦ

192 2364 475 2431 γαμϐροῦ,
501 2366 721 2435 ἥδιστον
764 2367 859 2419 καὶ
892 2369 1037 2437 μάλα
1068 2370 1131 2437 γέ
1163 2388 1246 2422 τοι
1279 2372 1528 2424 ποθεινὸν
1558 2372 1767 2440 ἐφόδιον

190 2456 363 2525 αὐτῷ.
413 2457 564 2511 Ἐπεί
586 2476 648 2525 γε
692 2461 797 2529 μὴν
825 2464 917 2515 καὶ
948 2463 1171 2527 ὁλκάδος
1201 2464 1395 2532 ἔτυχεν
1429 2467 1492 2518 ὲκ
1533 2466 1641 2516 τῶν
1669 2467 1766 2532 τῆς

190 2546 852 2618 θεσσαλονίκηςλιμένων
874 2551 1175 2620 μελλούσης
1221 2552 1536 2621 ἀνάγεσθαι,
1586 2555 1768 2622 φέρων

192 2635 287 2686 καὶ
312 2636 485 2697 αὐτὸς
542 2640 738 2691 ἑαυτὸν
781 2642 836 2702 ἐς
866 2642 1037 2711 αὐτὴν
1072 2643 1416 2713 ἐμϐεϐλήκει.
1445 2644 1553 2696 Καὶ
1604 2644 1765 2712 μέχρι

195 2724 298 2788 μὲν
328 2724 443 2776 τῶν
463 2727 900 2794 Ἑλλησποντίων
930 2731 1193 2801 πορθμῶν
1221 2734 1279 2798 ἐξ
1302 2735 1486 2803 οὐρίας
1508 2729 1642 2803 ἧγεν
1672 2735 1768 2785 αὖ-

194 2812 322 2875 τοὺς
354 2814 623 2880 πελάγιον
656 2818 801 2869 κατὰ
830 2818 1086 2888 πρύμναν
1110 2820 1168 2872 τὸ
1209 2820 1425 2888 πνεῦμα
1446 2823 1765 2891 φερόμενον*

193 2903 436 2956 ἐνταῦθα
477 2904 523 2956 δ’
555 2905 720 2959 αὑτοῦ
776 2906 1038 2975 λήξαντος
1069 2909 1164 2961 καὶ⁸
1212 2905 1327 2963 οἷον
1357 2913 1532 2964 εἰπεῖν
1562 2930 1769 2981 νεκρω-

192 2997 379 3062 θέντος
414 3000 679 3070 ἐξαίφνης
716 3005 947 3072 νηνεμία
993 3005 1177 3074 μακρὰ
1231 3006 1461 3081 κατέσχε
1497 3009 1558 3060 τὸ
1603 3009 1770 3061 πέλα-

191 3106 285 3153 γος
335 3093 439 3144 καὶ
490 3094 749 3160 ἀκίνητον
786 3091 899 3165 εἶχε
942 3096 1041 3162 τὴν
1071 3096 1269 3149 ὁλκάδα
1300 3097 1497 3160 τελέως
1534 3100 1766 3166 ἐκείνην,

193 3181 277 3233 ἐπ’
324 3183 582 3254 ἀγκύρας
626 3178 754 3253 μιᾶς
805 3186 1042 3256 ἡμέραιν
1098 3188 1243 3242 δυοῖν
1294 3189 1645 3243 σαλεύουσαν.
1685 3192 1841 3295 1‘ij

192 3273 247 3325 δὲ
296 3276 466 3345 τρίτῃ
518 3278 954 3345 προσελάσαντες
989 3282 1051 3331 ὲκ
1088 3279 1239 3332 δυοῖν
1283 3282 1552 3347 ποταμοῖν
1578 3322 1592 3345 ,
1630 3283 1769 3336 Σκα-

196 3365 443 3434 μάνδρου
499 3370 579 3418 τέ
615 3370 706 3421 καὶ
757 3369 1063 3439 Σιμόεντος,
1112 3371 1160 3423 οἳ
1217 3372 1427 3435 πόλεως
1472 3373 1769 3437 Ἀσιάτιδος

192 3459 480 3525 Δαρδάνου
531 3464 932 3532 καταρρἐυσιν
996 3465 1079 3531 ἐφ’
1117 3466 1372 3532 ἑκάτερα,
1427 3469 1768 3533 πειρατικοῖς

190 3566 301 3601 τισι
336 3548 566 3619 λέμϐοις
594 3553 643 3604 οί
673 3551 939 3622 βάρϐαροι
960 3556 1163 3624 ταύτην
1194 3556 1440 3625 αἱροῦσιν
1474 3555 1765 3623 ἀναιμωτί.

194 3643 305 3694 Καὶ
368 3643 508 3711 πρὸς
546 3643 825 3710 αίγιαλοὺς
872 3644 1308 3708 καθελκύσαντες
1348 3645 1606 3711 ἐκείνους,
1638 3644 1769 3696 ἔνθα

190 3734 287 3785 καὶ
334 3731 450 3784 τῶν
489 3734 762 3803 Ὑρκανοῦ
816 3736 908 3788 τοῦ
957 3737 1238 3804 σατράπου
1294 3737 1455 3789 υίέων
1508 3738 1601 3789 τὸν
1634 3754 1769 3806 πρε-

195 3824 469 3891 σϐύτερον
518 3823 820 3892 τηνικαῦτα
875 3822 1181 3892 συνηνέχθη
1222 3825 1501 3890 παρεῖναι,
1542 3824 1634 3875 τὸν
1668 3826 1766 3890 τῆς

192 3915 422 3977 ὁλκάδος
459 3915 673 3967 ἅπαντα
709 3915 906 3983 φόρτον
952 3914 1169 3967 ἐκείνου
1215 3913 1502 3982 βλέποντος
1534 3914 1768 3981 ἐξετίθε-

195 4008 297 4061 σαν
329 4025 389 4059 τε
435 4008 530 4060 καὶ
563 4007 884 4077 ἐξεφόρουψ
925 4005 984 4077 [ί.
1023 4007 1125 4059 119
1164 4004 1240 4077 υ.]
1280 4005 1400 4075 μεθ’
1429 4001 1503 4059 ὧν
1526 4006 1624 4077 ἥδη
1676 4007 1770 4060 καὶ

200 4101 473 4168 Ιίαλαμᾶς
517 4100 756 4168 ἐξήγετο·
794 4099 889 4151 καὶ
921 4097 1186 4165 γνωσθεὶς
1212 4098 1359 4160 ὅστις
1402 4100 1487 4166 εἴη
1525 4100 1616 4151 τὸν
1648 4100 1770 4166 τρό-

198 4213 300 4250 ⁸πον
331 4197 431 4248 καὶ
464 4194 565 4262 τὴν
590 4192 763 4257 ἀξίαν,
798 4194 856 4245 ού
889 4193 1047 4260 μόνον
1069 4194 1130 4242 ἐκ
1159 4194 1257 4260 τῆς
1280 4191 1530 4260 δαψιλοῦς
1557 4191 1769 4261 ἐκείνης

197 4289 393 4351 ὑλαίας
440 4285 755 4352 ἀποσκευῆς
783 4324 798 4349 ,
853 4284 991 4337 ἀλλὰ
1042 4282 1146 4347 κάξ
1202 4277 1277 4336 ὧν
1313 4283 1371 4334 ὲν
1404 4284 1515 4343 τοῖς
1546 4282 1770 4342 κόλποις

196 4385 477 4453 ἔκρυπτεν
508 4378 754 4448 ἀργύρου
785 4393 842 4428 τε
872 4377 967 4428 καὶ
1015 4373 1216 4443 χρυσοῦ
1242 4374 1593 4443 νομισμάτων
1621 4390 1770 4440 παμ-

197 4472 440 4533 πόλλων,
492 4460 706 4528 πολλοῖς
758 4466 919 4527 εὐθὺς
983 4466 1079 4517 καὶ
1121 4465 1255 4532 πρὸς
1314 4463 1419 4515 τῶν
1480 4462 1769 4532 βαρϐάρων

198 4563 461 4616 ἐϐάλλετο
489 4561 601 4620 τοῖς
632 4557 932 4627 σκώμμασι
977 4556 1073 4608 καὶ⁵
1123 4554 1325 4622 πολλῆς
1355 4554 1422 4607 τὰ
1454 4548 1567 4607 ὦτα
1596 4554 1768 4623 ὲμπέ-
1802 4581 1845 4635 D

195 4656 442 4723 πλησται
498 4651 696 4721 χλεύης
723 4688 737 4714 ,
788 4648 945 4715 λεγόν
982 4664 1057 4699 ων
1098 4646 1172 4708 ὼς
1211 4646 1496 4700 Διδάσκειν
1540 4644 1771 4713 ὀφείλων

193 4751 449 4817 ἑτέρους,
480 4744 759 4811 ἄνθρωπε,
808 4745 949 4793 κατὰ
997 4741 1097 4808 τὴν
1125 4739 1235 4791 τῶν
1284 4739 1393 4790 σῶν
1439 4737 1773 4790 διδασκάλων

193 4835 531 4909 νομοθεσίαν
562 4834 651 4885 τὸν
686 4832 917 4883 ἄσκευόν
972 4846 1032 4882 τε
1079 4831 1175 4883 καὶ
1217 4830 1453 4897 άχαλκον
1506 4828 1644 4899 βίον,
1688 4828 1777 4896 ἔρ-

193 4946 313 4995 γοις
367 4926 559 4986 αὐτοῖς
614 4923 777 4984 αὐτὸς
820 4924 917 4989 τήν
954 4938 1014 4973 τε
1064 4920 1165 4988 τῆς
1216 4920 1315 4986 σῆς
1368 4918 1775 4980 άνακαλύπτεις

190 5020 376 5089 ψυχῆς
431 5014 737 5086 μοχθηρίαν
776 5012 869 5064 καὶ
912 5014 1030 5081 ἅμα
1078 5009 1342 5063 τάναντία
1388 5009 1597 5071 πείθεις
1648 5010 1776 5070 τοὺς

194 5111 507 5181 ἑπομένους
539 5124 621 5159 σοι
651 5107 803 5176 δρᾲν.
833 5106 894 5157 ’Δ
909 5122 992 5173 ρτι
1023 5105 1080 5157 δὲ
1116 5104 1211 5157 καὶ
1247 5102 1355 5155 τῶν
1378 5102 1577 5172 βίϐλων
1609 5101 1774 5154 αὑτοῦ

195 5201 695 5273 προκομιζομένων
732 5196 916 5266 ἠρώτα
968 5197 1090 5250 καθ’
1121 5198 1352 5249 ἕκαστον
1381 5199 1407 5249 ὀ
1441 5195 1713 5265 βάρϐαρος
1747 5196 1774 5247 ὅ

194 5314 245 5347 τι
275 5312 336 5346 τε
364 5292 457 5359 εἴη
489 5292 583 5342 καὶ
614 5291 736 5343 ὅτου
768 5290 827 5340 τὸ
864 5291 1045 5358 ἔργον.
1092 5290 1197 5340 Καὶ
1218 5288 1360 5341 οὓτω
1390 5288 1677 5357 μανθάνων
1707 5290 1774 5339 τὰ

201 5390 298 5458 μὲν
329 5387 488 5455 αὐτῷ
513 5385 749 5454 Παλαμᾷ
780 5384 1166 5451 συγγραφέντα
1196 5383 1337 5435 κατὰ
1381 5383 1554 5449 μέσης
1591 5398 1773 5449 παρα-

199 5484 393 5551 χρῆμα.
432 5478 650 5531 κελεύει
697 5478 924 5544 ῥιφῆναι
952 5477 1251 5542 θαλάσσης,
1280 5470 1457 5541 οἶμαι,
1486 5474 1581 5540 τῆς
1625 5474 1775 5534 θείας

196 5575 448 5642 ἀοράτως
509 5570 648 5639 πρὸς
691 5568 851 5619 τοῦτο
898 5566 1154 5634 κινούσης
1193 5566 1451 5632 προνοίας
1482 5606 1495 5629 ,
1550 5564 1638 5616 ἵνα
1700 5566 1774 5631 μὴ

200 5666 527 5731 σεσυισμένα
584 5662 786 5726 πολλῆς
842 5677 898 5712 τε
957 5669 1049 5711 καὶ
1095 5660 1362 5726 νεωτέρας
1403 5659 1500 5725 τῆς
1534 5657 1772 5717 ἀσωτίας

202 5759 534 5827 ἐμπλήσωσι
573 5757 673 5816 τὰς
734 5772 795 5818 γε
857 5752 964 5803 τῶν
1021 5750 1402 5818 ἁπλουστέρων
1454 5749 1632 5816 ψυχὰς
1682 5752 1773 5800 καὶ

201 5851 361 5907 αὐτὰ.
411 5850 483 5899 Τό
532 5864 592 5912 γε
659 5849 764 5914 μὴν
813 5845 955 5897 θεῖον
1012 5843 1104 5894 τοῦ
1155 5840 1774 5911 Χριστοῦ,Εὺαγγέλιον

1940 1268 2030 1323 11ι.
2068 1280 2199 1336 Quae
2229 1285 2350 1324 cum
2380 1270 2451 1325 ita
2486 1283 2671 1325 essent
2700 1283 2754 1325 et
2782 1272 3014 1326 Palamm
3038 1272 3310 1343 improbo,
3343 1275 3440 1344 qui

1870 1360 2121 1415 Proetum
2173 1354 2466 1431 quemdam
2524 1364 2984 1425 circumvenerat,
3021 1380 3184 1417 causa
3247 1366 3440 1419 adesse

1871 1452 2158 1506 videbatur
2182 1470 2365 1507 rerum
2403 1454 2769 1522 complurium
2807 1470 2968 1508 causa
3018 1456 3179 1524 227
3209 1455 3433 1524 petendi

1867 1543 2129 1614 Byzantii.
2164 1544 2229 1597 Et
2258 1546 2493 1612 primum
2530 1545 2751 1615 quidem
2778 1557 2833 1601 ut
2856 1546 3299 1602 Cantacuzenum
3338 1548 3446 1601 im-

1866 1638 2115 1707 pelleret,
2173 1647 2232 1690 ut
2262 1638 2665 1707 nosreligionis
2716 1654 2860 1692 verae
2922 1639 3241 1706 praesidium
3287 1640 3441 1693 durae

1869 1727 2324 1781 traderetmorti:
2388 1728 2587 1781 deinde
2623 1740 2680 1781 ut
2712 1730 2849 1783 alios
2886 1730 3058 1783 libros
3081 1744 3256 1798 nuper
3308 1745 3441 1784 con-

1868 1828 1947 1872 tra
1988 1833 2173 1870 veram
2200 1819 2513 1886 religionem
2567 1820 2803 1885 scriptos
2838 1819 3153 1888 Byzantinis
3194 1819 3440 1873 mitteret

1793 1897 1838 1955 Β
1867 1918 1919 1962 et
1945 1925 2063 1961 eam
2094 1909 2317 1977 quidem
2359 1910 2685 1968 doctrinam.
2714 1925 2835 1978 quae
2866 1910 3084 1963 favebat
3134 1911 3304 1964 veteri
3361 1912 3436 1963 illi

1869 2000 2105 2068 plurium
2137 2001 2365 2054 deorum
2403 2001 2571 2053 cultui
2622 2002 2851 2053 nimium
2898 2002 3177 2070 improbe;
3229 2011 3284 2055 et
3326 2011 3436 2054 ter-

1871 2090 2030 2152 tium‘,
2069 2099 2126 2143 ut
2172 2090 2556 2144 Cantaruzcno
2599 2093 2710 2159 regi
2763 2090 3093 2143 domesticas
3150 2099 3437 2158 praestaret

1870 2193 2081 2245 preces,
2135 2179 2449 2248 praesidium
2498 2187 2691 2232 contra
2736 2178 3128 2253 ‘Palzeologum,
3192 2182 3438 2240 attinent,

1868 2270 2241 2323 dulcissimum
2266 2279 2691 2341 etsummopere
2729 2270 2830 2339 ipsi
2874 2270 3253 2323 desideratum
3280 2272 3441 2324 viati-

1867 2376 2012 2413 cum.
2048 2361 2180 2414 Cum
2207 2373 2259 2413 et
2295 2364 2449 2414 navis
2496 2363 2749 2415 oneraria
2781 2378 2809 2415 e
2843 2360 3244 2416 Thessalonicae
3276 2375 3437 2432 portu

1871 2460 2090 2503 vectura
2122 2466 2181 2504 se
2211 2452 2497 2517 prreberet,
2535 2453 2649 2520 ipse
2682 2468 2802 2505 eam
2837 2453 3234 2506 conscenditet
3266 2470 3439 2524 usque

1870 2542 1933 2593 ad
1970 2541 2170 2595 fretum
2203 2542 2616 2611 llelleSpontum
2657 2559 2752 2597 eos
2810 2547 3063 2612 portabat
3118 2556 3313 2600 ventus
3351 2563 3440 2601 sc-

1870 2634 2081 2685 cuntlus
2102 2633 2153 2685 in
2184 2634 2403 2701 puppim
2438 2634 2702 2688 incidens.
2732 2635 2827 2690 Hic
2852 2652 2981 2689 vero
3015 2653 3081 2688 eo
3107 2649 3355 2693 cessante
3381 2651 3437 2693 et

1873 2731 1931 2775 ut
1953 2723 2025 2775 ita
2042 2724 2217 2774 dicam
2244 2724 2513 2776 moriente
2543 2727 2725 2778 subito
2747 2728 2973 2779 malacia
3003 2744 3195 2797 magna
3220 2731 3436 2784 tenebat

1873 2829 2044 2868 mare.
2085 2822 2139 2865 et
2172 2813 2329 2881 plane
2364 2815 2643 2869 immotam
2677 2816 2945 2871 retinebat
2986 2834 3179 2872 navem
3216 2821 3269 2873 in
3333 2837 3438 2873 una

1872 2905 2110 2957 anchora
2144 2904 2368 2957 biduum
2426 2907 2797 2961 vacillantem.
2853 2908 3040 2963 Tertio
3071 2911 3160 2964 die
3225 2911 3437 2965 advecti

1872 3012 1937 3050 ex
1968 2997 2188 3052 duobus
2229 2998 2430 3063 ﬂuviis,
2491 2998 2826 3054 Scamandro
2868 3010 2919 3055 et
2980 3002 3281 3067 Simoente,
3346 3007 3437 3074 qui

1874 3085 1998 3140 inde
2026 3102 2055 3139 a
2085 3088 2353 3149 Dardano,
2389 3090 2525 3143 urbe
2565 3090 2807 3146 Asiatica
2843 3091 3041 3157 ﬂuunt,
3091 3093 3179 3147 illa
3229 3096 3442 3165 cymbis

1873 3179 2117 3247 piraticis
2168 3180 2390 3235 Barbari
2425 3183 2573 3237 nullo
2601 3182 2779 3237 eti'uso
2802 3186 3065 3253 sanguine
3092 3186 3248 3255 potiti
3288 3196 3438 3247 sunt,

1875 3280 1929 3324 et
1952 3271 2018 3324 ad
2049 3273 2233 3326 littora
2280 3274 2402 3327 illos
2438 3274 2821 3337 abducebant,
2854 3286 2915 3330 ut
2943 3279 3014 3331 ibi
3043 3278 3257 3346 Satrapi
3299 3279 3442 3350 Hyr-

1880 3365 2001 3417 cani
2033 3364 2269 3418 liliorum
2319 3374 2448 3419 natu
2479 3368 2651 3436 major
2689 3382 2758 3420 eo
2788 3377 3035 3438 tempore
3067 3370 3285 3426 adesset
3342 3388 3436 3425 ac-

1876 3454 2033 3518 cidit,
2076 3464 2235 3524 atque
2264 3471 2425 3511 omne
2460 3459 2614 3512 navis
2644 3473 2786 3513 onus
2813 3476 2880 3514 eo
2916 3462 3243 3529 inspiciente
3269 3479 3439 3532 expo-

1878 3547 2111 3602 nebatur
2159 3551 2235 3604 et’
2263 3552 2673 3619 exportabatur.
2700 3551 2837 3605 Cum
2897 3554 2963 3607 iis
2994 3555 3242 3609 Palamas
3296 3558 3434 3611 edu-

1876 3637 2139 3704 cebatur;
2174 3650 2227 3693 et
2253 3642 2492 3709 agnitus,
2515 3643 2693 3709 qualis
2721 3653 2867 3698 esset
2906 3655 2959 3697 et
2999 3649 3244 3701 moribus
3278 3656 3330 3702 et
3360 3650 3444 3701 di-

1876 3728 2081 3796 gnitate
2110 3746 2222 3785 non
2281 3735 2456 3786 solum
2500 3744 2724 3803 prepter
2768 3736 3039 3791 immanes
3083 3738 3440 3811 ingentesque

1874 3821 2041 3892 228
2072 3824 2338 3884 sarcinas.
2372 3826 2465 3881 sed
2496 3829 2663 3881 etiam
2693 3845 2760 3883 ex
2816 3829 2881 3883 iis
2912 3847 3035 3901 qua:
3066 3833 3118 3885 in
3156 3833 3278 3887 sinu
3311 3835 3445 3889 late-

1877 3915 2031 3979 bant,
2065 3918 2340 3985 argenteis
2365 3929 2419 3971 et
2447 3922 2629 3973 aureis
2676 3922 2917 3975 nummis
2947 3923 3221 3991 plurimis,
3249 3926 3442 3979 convi-

1876 4007 1980 4060 ciis
2022 4009 2205 4061 statim
2242 4010 2429 4063 inultis
2455 4026 2484 4063 a
2537 4010 2796 4066 Barbaris
2834 4014 3310 4083 perstringebatur
3342 4032 3441 4068 au-

1878 4113 2075 4167 resque
2104 4100 2221 4167 ejus
2254 4101 2439 4154 multis
2470 4103 2786 4170 opprobriis
2840 4104 3229 4173 implebantur.
3281 4106 3441 4160 Dice-

1880 4186 2010 4240 bant
2039 4190 2210 4254 enim,
2244 4188 2449 4243 Docere
2479 4191 2648 4245 debes
2674 4192 2830 4256 alios,
2864 4196 3166 4247 secundum
3217 4206 3437 4249 tuorum

1877 4290 2271 4348 praceptorum
2312 4298 2560 4336 normam
2606 4285 2770 4337 vitam
2819 4300 3011 4354 gerere
3044 4286 3442 4355 impedimento

1877 4380 1936 4424 et
1961 4386 2068 4427 rere
2100 4388 2351 4437 vacuam,
2389 4376 2499 4428 vita
2534 4388 2621 4429 tua
2672 4376 2842 4444 ipsius
2867 4379 3035 4431 animi
3064 4378 3140 4432 tui
3179 4381 3444 4448 improbi-

1880 4476 2047 4519 tatem
2089 4467 2288 4534 retegis
2313 4468 2588 4536 simulque
2632 4469 2931 4538 discipulos
2986 4480 3109 4525 tuos
3165 4477 3438 4527 contraria

1879 4556 2063 4609 doces.
2098 4556 2233 4610 Cum
2283 4558 2449 4612 etiam
2508 4560 2628 4613 libri
2691 4562 2812 4630 ejus
2861 4574 3334 4630 expromerentur,
3383 4568 3438 4620 iu

1878 4661 2212 4715 unoquoque
2245 4650 2524 4716 qua-rebat
2556 4649 2847 4716 Barbarus,
2880 4653 3008 4720 quid
3050 4655 3122 4707 sit
3176 4664 3230 4709 et
3256 4659 3444 4725 cujus-

1876 4753 2003 4791 nam
2043 4752 2204 4807 opus.
2238 4739 2305 4792 Et
2331 4740 2572 4804 discens,
2601 4744 2894 4796 nonnullos
2939 4744 3006 4797 ab
3050 4745 3167 4813 ipso
3219 4745 3436 4801 Palama

1876 4846 1998 4884 esse
2026 4833 2389 4901 conscriptos,
2446 4836 2497 4886 in
2527 4835 2765 4886 medium
2800 4850 2948 4888 mare
2971 4837 3153 4888 statim
3211 4853 3307 4891 eos
3342 4841 3442 4891 im—

1878 4921 2047 4990 mergi
2093 4922 2268 4991 jubet,
2303 4923 2473 4977 credo
2522 4924 2749 4978 numine
2781 4925 2967 4979 divino
3024 4927 3311 4997 invisaque
3367 4931 3439 4983 ita

1878 5012 2222 5080 institueute,
2254 5031 2319 5069 ne
2352 5018 2551 5070 servati
2587 5018 2663 5070 illi
2687 5018 2837 5087 ipsos
2876 5018 3174 5087 proborum
3229 5022 3445 5073 animos

1877 5106 2046 5158 multa
2086 5116 2142 5160 et
2203 5107 2502 5160 recentiori
2554 5108 2643 5160 illa
2699 5108 3047 5176 improbitate
3123 5110 3439 5177 implerem,

1889 5211 2147 5250 sanctum
2182 5206 2366 5251 autem
2424 5197 2629 5251 Christi
2678 5199 3025 5266 Evangeliutn
3092 5203 3262 5255 multa
3314 5217 3439 5255 cum

1878 5288 2213 5341 verecundia
2306 5290 2489 5343 coiere
2560 5291 2712 5359 juxta
2790 5292 3109 5359 psalterium
3183 5294 3440 5354 Davidis,

1876 5381 1912 5434 ii
1953 5381 2047 5449 qui
2082 5392 2195 5432 tum
2247 5396 2429 5435 secum
2481 5393 2636 5435 erant
2673 5383 2811 5451 jussi
2864 5394 3013 5437 sunt.
3080 5383 3237 5437 Soliti
3282 5393 3442 5436 erant

1876 5476 2039 5527 etiam
2106 5473 2389 5527 Ismaelttze
2455 5475 2636 5527 colere
2706 5490 2828 5527 cum
2890 5490 3083 5528 omnes
3145 5474 3441 5543 prbpbetas

1878 5577 1991 5619 tum
2019 5569 2184 5618 etiam
2254 5565 2536 5617 Christum
2601 5567 3033 5633 redemptorem,
3084 5567 3289 5634 quippe
3345 5566 3439 5634 qui

1874 5665 2019 5707 esset
2047 5671 2185 5707 unus
2217 5670 2246 5707 e
2276 5656 2575 5722 prophetis.
2617 5655 2819 5708 Deinde
2858 5656 3009 5708 illum
3067 5657 3292 5727 jubebat
3324 5656 3439 5709 ςιιίς

1878 5748 2218 5800 vestimentis
2268 5748 2496 5809 nudari;
2537 5748 2638 5799 alia
2664 5764 2791 5799 v«~ro
2847 5759 2895 5800 (ιι
2925 5749 3121 5801 detrita
3178 5749 3247 5801 illi
3285 5748 3437 5800 indui

1875 5856 2111 5907 cinoque
2152 5842 2203 5892 in
2237 5843 2537 5892 custodiam
2559 5839 2776 5892 ennium
2803 5840 3113 5894 institorum
3146 5842 3439 5896 emendum
