4264 6362
177 378 288 440 Ξὶὸ

1183 376 1620 436 ΒΥΖΛΝΤΙΝΑΞ
1663 372 2043 432 HISTORIA?
2090 372 2225 430 LIB.
2257 352 2472 431 ΧΧΙΧ.

3336 376 3440 455 2C6

176 492 453 563 Βαρλαάμ
486 494 600 546 δντι
634 493 853 563 Λατίνῳ
884 493 1024 561 φίλοι
1060 496 1152 546 καὶ
1199 494 1293 545 νῦν
1322 494 1434 563 τοῖς
1462 492 1755 577 ὁμοφύλοις
1791 499 1833 551 Α

1791 499 1833 551 Α
1864 505 1959 559 per
1990 489 2155 543 breve
2192 500 2401 557 tempus
2430 500 2479 541 et
2530 489 2767 543 :cncbne
2796 490 3022 546 occulta:
3057 502 3216 548 erant
3252 495 3440 549 multi—

176 586 373 654 ἐκείνῳ
406 586 649 651 γίνονται
682 585 843 654 φίλοι,
891 590 956 653 τῇ
1003 584 1292 653 ἀλλοφύλῳ
1342 584 1521 655 σκέπῃ
1553 600 1646 634 κα.
1670 580 1759 633 δε-

177 677 412 746 σποτεία
471 677 746 747 χρώμενοι
798 677 1054 745 σωστικῷ
1102 675 1305 744 λιμένι.
1343 674 1501 727 Οὕτω
1548 674 1616 726 τά
1659 673 1761 740 τῆς

176 767 443 829 ἀσεϐείας
490 765 701 836 δργανα
735 766 871 833 μετά
898 766 1010 820 τῶν
1050 767 1271 819 οἰκείων
1300 764 1589 831 δογμάτων
1626 767 1760 835 πρὸς

179 859 277 924 μὲν
309 857 525 927 βραχύν
547 876 670 912 τινα
698 859 891 927 χρόνον
919 859 1173 927 ἀντέσχε,
1205 856 1300 909 καὶ¹
1321 846 1553 926 λέληθεν
1586 854 1761 907 ἐνίοτε

174 950 305 1012 τοὺς
348 950 581 1012 πολλοὺς
611 952 669 1001 ἐν
704 952 887 1004 σκότει
926 951 1034 1007 κάκ
1058 948 1354 1018 διαμέτρου
1375 948 1473 1015 τῆς
1496 939 1760 1015 ἀληθείας

180 1042 485 1109 ἱστάμενα,
515 1039 595 1110 τῷ
631 1027 813 1110 χρόνῳ
860 1041 917 1093 δὲ
950 1040 1206 1110 φωρᾶται
1259 1038 1339 1106 τῷ
1371 1038 1470 1107 τῆς
1499 1035 1763 1106 ἀληθείας

177 1133 587 1202 θεατριζόμενα
622 1136 764 1200 φωτὶ
794 1135 888 1185 καὶ¹
920 1132 1012 1184 ὑπ’
1054 1128 1237 1185 αὐτῶν
1283 1122 1622 1198 ἐλεγχόμενα
1653 1126 1764 1179 τῶν

176 1226 561 1293 πραγμάτων,
589 1226 701 1286 τοῖς
726 1224 950 1285 οἰκείοις
985 1224 1211 1292 πτεροῖς
1249 1221 1535 1274 ἁλίσκεται
1567 1238 1626 1273 τε
1670 1219 1767 1272 καὶ

177 1318 401 1378 ἑαυτοῖς
453 1316 797 1383 περιπίπτει.
850 1316 1001 1382 Μηδὲ
1055 1315 1163 1383 γὰρ
1200 1312 1429 1383 μηδενὸς
1472 1308 1768 1371 διώκοντος

175 1408 369 1467 ἄλλου,
420 1406 511 1472 ὑφ’
549 1407 757 1458 ἑαυτῶν
790 1407 946 1459 αὐτοὶ
976 1405 1267 1458 διώκονται
1304 1402 1476 1471 μόνοι,
1534 1402 1632 1451 καὶ
1664 1400 1768 1453 πά-

180 1512 415 1563 σχουσιν
457 1494 672 1547 οἴκοθεν
703 1494 847 1563 ᾇπερ
878 1494 1049 1561 ἔδρων
1083 1492 1227 1545 κατά
1253 1491 1364 1543 τῶν
1394 1487 1768 1541 εὐσεϐούντων

181 1588 365 1647 αὐτοὶ,
426 1589 526 1655 τῆς
571 1586 722 1650 Θείας
752 1588 892 1638 κατὰ
926 1585 1101 1654 βραχὺ
1142 1582 1239 1635 καί⁸
1285 1581 1588 1650 λεληθότως
1611 1579 1768 1647 δίκης

1870 582 2049 633 tudini
2091 594 2145 633 et
2205 581 2425 633 veritati
2474 595 2704 648 prorsus
2758 592 3149 652 repugnantes.
3212 584 3442 640 Nemine

1868 674 2015 725 enim
2072 670 2463 740 persequente,
2488 685 2529 726 'a
2595 674 2906 741 semetipsis
2964 675 3280 743 atlliguntur
3318 680 3444 741 soli,

1870 768 1927 813 et
1951 774 2014 813 ea
2047 760 2274 813 omnino
2312 760 2621 828 patiuntur,
2663 761 2864 829 quibus
2896 764 2997 830 ipsi
3028 764 3282 819 homines
3321 766 3445 834 pios

1873 848 2199 900 aﬂ‘eeerant.
2253 848 2385 914 Quae
2446 851 2592 902 enim
2653 850 2973 919 aliquandiu
3004 858 3297 921 suppressa
3329 864 3445 908 erat

1866 939 2083 1008 justitia
2119 939 2329 1003 divina,
2358 952 2504 993 nunc
2535 956 2751 1009 agressa
2785 957 2883 996 eos
2910 942 3107 1011 pressit
3139 944 3448 1014 corybant-

1870 1022 2082 1099 busque
2121 1031 2340 1099 pejores
2402 1030 2670 1086 reddidit.
2706 1033 2870 1103 236
2917 1035 3050 1103 Nam
3108 1045 3307 1104 praeter
3351 1052 3447 1089 eos

1873 1122 2022 1190 ipsos
2050 1123 2217 1175 etiam
2255 1122 2438 1190 plures
2466 1122 2573 1189 alii
2602 1123 2801 1177 similia
2847 1128 2988 1188 passi
3016 1136 3193 1190 erant,
3253 1134 3309 1179 et
3340 1126 3445 1179 ful-

1872 1211 2179 1280 guritorum
2244 1212 2415 1267 instar
2467 1226 2522 1269 et
2564 1215 2749 1269 divina
2795 1216 3030 1285 quadam
3066 1218 3272 1272 insania
3303 1235 3382 1279 ea;
3410 1219 3445 1269 ti

1874 1307 2004 1373 quid
2037 1289 2349 1360 faciendum
2394 1309 2464 1361 sit
2510 1309 2782 1372 nesciunt,
2852 1311 2946 1361 sed
3007 1310 3257 1362 homines
3299 1309 3451 1377 implt

1873 1407 1929 1451 et
1957 1399 2229 1452 exsecrati
2263 1398 2317 1451 in
2347 1407 2597 1468 potorum
2629 1400 3040 1469 l'urentiumque
3071 1401 3293 1455 modum
3320 1415 3455 1453 CON-

1877 1498 1962 1542 tra
2015 1498 2187 1542 semet
2220 1488 2323 1557 ipsi
2363 1489 2695 1543 bacchantes
2746 1502 2803 1544 et
2840 1491 3200 1553 insanientes,
3251 1506 3447 1545 novam

1875 1579 2165 1647 quamdam
2193 1589 2251 1633 et
2283 1583 2476 1633 miram
2509 1591 2816 1648 sequuntur
2844 1584 3137 1636 rationem.

183 1679 245 1749 [Γ.
292 1678 397 1731 ΙΞὲ
417 1679 498 1750 v.]
532 1678 938 1748 μετερχομένης
979 1677 1075 1730 καὶ
1138 1673 1472 1743 ἑλαυνούσης
1498 1672 1697 1733 αὐτοὺς
1762 1670 2003 1723 καὶτῶν
2051 1671 2541 1739 κορυϐαντιῶντων
2590 1673 2810 1742 χείρους
2848 1676 3129 1742 ποιούσης.
3171 1676 3312 1742 Πρδς
3343 1675 3453 1742 γάρ

182 1776 375 1835 αὐτοῖς
412 1774 511 1825 καὶ
546 1772 765 1834 πλείους
793 1770 974 1823 αὐτῶν
1026 1769 1205 1836 ἕτεροι
1271 1767 1339 1819 τά
1368 1768 1529 1835 ὅμοια
1591 1763 1982 1829 ἐπεπόνθεσαν,
2052 1765 2144 1815 καὶ¹
2187 1764 2262 1826 ὡς
2293 1765 2653 1834 ὲμϐρόντητοί
2718 1782 2860 1827 τινες
2898 1767 3000 1819 καὶ
3047 1766 3295 1836 θεηλάτῳ
3330 1784 3456 1837 ίμα-

186 1868 277 1937 νίᾳ
318 1866 428 1918 τινὶ
458 1866 762 1933 πληγέντες
827 1864 928 1916 οὐκ
971 1863 1154 1915 ίσασιν
1190 1862 1218 1913 δ
1254 1877 1306 1912 τι
1345 1858 1536 1926 δρῷεν,
1578 1855 1712 1909 ἀλλά
1777 1855 2190 1925 περινοστοῦσιν
2237 1858 2285 1908 ot
2350 1857 2632 1920 δυσσεϐεῖς
2681 1858 2773 1911 καὶ
2811 1858 3089 1924 ἐξάγιστοι
3140 1860 3453 1926 μεθυόντων

187 1962 609 2031 ἧμαινομένων
680 1960 861 2028 δίκην,
924 1959 1050 2013 καθ’
1103 1957 1316 2011 ἑαυτῶν
1366 1951 1728 2026 βακχεύοντες
1785 1969 1843 2004 τε
1884 1950 1980 2004 καὶ
2035 1952 2562 2021 οίστρηλατούμενοι
2609 1954 2795 2007 καινόν
2846 1971 2969 2008 τινα
3021 1957 3116 2008 καὶ
3170 1957 3452 2027 τερατώδη

186 2060 417 2129 τρόπον.

3096 2105 3134 2137 ,κ

256 2232 351 2299 (τ’.
401 2229 551 2298 Ἐγὼ
581 2231 659 2293 δὲ,
702 2229 935 2299 μηδαμῆ
964 2227 1061 2281 τοῦ
1107 2226 1304 2292 καιροῦ
1360 2218 1772 2293 συγχωροῦντος
1806 2221 1847 2280 Β

1768 2221 1847 2280 ;Β
1946 2219 2039 2273 Vl.
2084 2217 2365 2287 ,Equidem
2421 2233 2545 2273 cum
2604 2218 2656 2271 in
2711 2220 2879 2274 rebus
2922 2220 3199 2291 _similibus
3249 2225 3452 2276 morari

191 2345 282 2397 μοι
313 2330 431 2388 τοῖς
469 2324 674 2393 ὁμοίοις
698 2322 1062 2394 ἐνδιατρίϐειν
1087 2322 1142 2382 ἐς
1169 2321 1229 2373 τὸ
1256 2318 1432 2386 παρὸν
1462 2315 1768 2384 ἀφηγήμα-

188 2436 294 2481 σιν,
329 2419 419 2485 ἐφ’
458 2418 624 2483 ἕτερα
662 2416 962 2483 τρέψομαι,
1022 2412 1371 2481 πλατυτέραν
1425 2412 1642 2477 ἐκείνης
1673 2425 1767 2460 τα-

190 2512 573 2578 μιευσάμενος
602 2509 701 2578 τὴν
728 2509 1013 2577 ἀφήγησιν
1044 2506 1121 2566 ὼς
1149 2503 1298 2565 είκὸς
1343 2501 1574 2570 προϊών.
1610 2502 1771 2566 Ι’Λρτι

186 2606 295 2671 γάρ
335 2603 501 2669 περὶξ
538 2600 753 2671 τροπὰς
810 2599 1030 2667 θερινὰς
1090 2596 1182 2649 τοῦ
1216 2595 1373 2664 ἡλίου
1424 2592 1767 2661 ἐληλυθότος,

184 2696 379 2748 ἕνδεκα
441 2695 635 2747 ναυσὶν
692 2695 757 2745 ὲκ
802 2690 1117 2753 Βυζαντίων
1173 2688 1465 2757 λιμένωνό
1514 2683 1770 2753 βασιλεὺς

185 2787 457 2855 ἀναχθεὶς
523 2781 983 2850 Καντακουζηνδς
1060 2778 1349 2847 ἑϐδομαῖος
1419 2778 1476 2838 ὲς
1544 2772 1771 2825 Τένεδον

187 2880 536 2946 ἀφικνεῖται,
564 2873 948 2942 πολεμησείων
981 2871 1099 2923 ἐκεῖ
1126 2869 1204 2936 τῷ
1253 2866 1492 2936 γαμϐρῷ
1534 2864 1772 2917 Παλαιο-

185 2969 361 3038 λόγῳ·
435 2967 630 3034 ἧλπιζε
668 2966 776 3034 γὰρ
809 2964 955 3016 δυοῖν
1005 2961 1260 3029 θάτερον,
1296 2960 1329 3029 ἢ
1366 2957 1632 3026 προδοσίᾳ
1665 2956 1771 3006 τῶν

185 3063 405 3114 ἔνδοθεν
438 3060 471 3129 ἦ
502 3063 569 3127 τῇ
598 3058 797 3123 ἔξωθεν
829 3056 978 3124 μάχῃ
1005 3052 1342 3121 ἀφυλάκτοις
1371 3053 1435 3101 ὲκ
1467 3049 1562 3101 τοῦ
1593 3050 1775 3116 αἰφνι-

185 3154 301 3206 δίου
338 3148 718 3215 ἐπεισπεσὼν,
751 3148 918 3199 αὺτόν
946 3162 1006 3197 τε
1047 3146 1164 3210 ἃμα
1204 3147 1300 3197 καὶ
1324 3142 1384 3193 τὸ
1414 3141 1513 3210 τῆς
1538 3141 1768 3193 Τενέδου

188 3244 612 3311 καταλήψεσθαι
662 3240 949 3308 φρούριον,
1004 3236 1099 3290 καὶ
1158 3234 1275 3287 ἀντ’
1309 3233 1477 3287 αὐτοῦ
1534 3233 1625 3284 τὸν
1655 3232 1772 3284 υίὸν

188 3335 382 3389 αὐτόθι
412 3332 763 3400 καταλείψειν
805 3327 1107 3391 Ματθαῖον,
1156 3326 1235 3396 τῷ
1266 3326 1434 3395 πατρὶ
1466 3322 1772 3391 τηνικαῦτα

190 3427 551 3496 συμπλέοντα
604 3422 743 3492 ὁμοῦ
802 3423 869 3489 τῇ
921 3418 1165 3487 συζύγῳ.
1220 3418 1372 3470 Ἐπεὶ
1398 3417 1455 3469 δὲ
1485 3414 1562 3485 τῷ
1590 3415 1772 3483 λιμένι

187 3519 298 3571 τῶν
335 3516 605 3569 Τενεδίων
638 3514 729 3565 τὸν
769 3510 1029 3563 εῖσπλουν
1070 3507 1519 3578 προαισθομένων
1549 3504 1608 3567 ἐξ
1643 3504 1769 3571 ἐφό-

186 3613 277 3664 δου
315 3606 660 3675 ποιήσασθαι
718 3606 926 3673 ἥκιστα
968 3603 1151 3673 ἔσχεν,
1208 3601 1301 3651 ἐπὶ
1344 3598 1549 3667 θάτερα
1583 3593 1769 3647 λοιπὸν

187 3700 285 3766 τῆς
328 3700 501 3764 νήσου
564 3694 968 3764 παραπλεύσας
1022 3690 1229 3743 πάσαις
1288 3685 1389 3755 μὲν
1417 3687 1484 3753 τῇ
1524 3686 1592 3753 γῇ
1650 3686 1769 3745 ταῖς

185 3792 384 3841 ναυσὶν
435 3785 709 3853 ἀποϐῆναι
745 3781 1126 3851 προσσχόντας
1176 3779 1379 3847 ἥκιστα
1409 3775 1593 3843 ἔκρινε
1625 3772 1768 3833 δέον,

182 3882 294 3934 δέει
330 3879 429 3932 τοῦ
462 3880 538 3947 μὴ
560 3876 639 3943 τῷ
676 3876 915 3944 πλείστῳ
944 3873 1102 3942 μέρει
1137 3870 1472 3930 κενωθείσας
1514 3867 1613 3929 τὰς
1639 3865 1769 3927 ναῦς

183 3970 261 4036 τῷ
302 3965 658 4033 Παλαιολόγῳ
687 3962 787 4032 τὴν
839 3959 1070 4029 γνώμην
1125 3955 1610 4026 προστεθειμένας,
1668 3952 1766 4021 ζη-

187 4060 466 4130 μιωθῆναι
501 4057 575 4125 μὴ
604 4056 766 4124 μόνον
794 4053 885 4105 τὸν
908 4051 1128 4104 ἅπαντα
1154 4048 1342 4100 στόλον
1387 4046 1507 4113 μεθ’
1535 4039 1609 4097 ὧν
1637 4045 1765 4111 ἀφί-

183 4167 350 4203 κοντο
403 4146 742 4215 σκεμμάτων
795 4161 854 4196 τε
890 4146 982 4195 καὶ
1018 4140 1439 4211 βουλευμάτων,
1479 4138 1616 4191 ἀλλά
1675 4137 1768 4190 γαὶ

186 4242 341 4309 σφῶν
379 4238 564 4292 αὐτῶν
592 4236 788 4297 αὐτοὺς
821 4233 1070 4300 γενέσθαι
1111 4232 1375 4301 προδότας
1399 4229 1633 4297 ἀπονητὶ
1653 4231 1769 4289 τοῖς

184 4335 431 4404 ἐχθροῖς.
466 4330 558 4382 Διὸ
590 4328 655 4394 δὴ
691 4326 784 4378 καὶ
814 4326 1070 4393 τέτταρσι
1105 4324 1299 4391 μόναις
1325 4323 1634 4389 ἐπέτρεψαν
1667 4320 1767 4388 τὴν

180 4427 487 4484 ἀπόϐασιν,
525 4417 610 4484 αἶς
668 4420 941 4489 ἐθάρρουν
979 4416 1047 4469 τὰ
1102 4414 1357 4481 μάλιστα.
1416 4414 1527 4466 Καὶ
1587 4413 1766 4463 τοίνυν

180 4515 283 4581 τῆς
337 4509 667 4569 ἀποϐάσεως
727 4505 1025 4572 γινομένης
1057 4504 1159 4573 ήδη
1216 4503 1311 4554 καὶ
1340 4502 1765 4571 ἡτοιμασμένων

177 4598 261 4661 οἷς
306 4600 410 4669 μὲν
442 4595 775 4648 ἐπετέτακτο
812 4593 921 4661 πῦρ
947 4593 1058 4652 τοῖς
1092 4590 1201 4642 τῶν
1223 4588 1516 4659 ἀσταχύων
1558 4592 1766 4641 ἐκεῖναι

178 4694 525 4760 δράγμασιν,
581 4680 663 4747 οἷς
711 4684 755 4736 δ’
807 4681 1063 4752 ὲκριζοῦν
1114 4681 1213 4742 τὰς
1269 4681 1574 4749 ἀμπέλους,
1608 4675 1687 4741 οἷς
1718 4681 1762 4731 δ’

179 4784 472 4851 ἀγώγιμον
498 4782 562 4830 ἐκ
594 4778 691 4847 τῆς
726 4777 893 4846 νήσου
925 4775 983 4827 τὸ
1036 4772 1179 4841 ὕδωρ
1220 4773 1277 4834 ἐς
1306 4772 1404 4833 τὰς
1436 4772 1565 4831 ναῦς
1602 4771 1763 4839 κομί-

1874 2320 2100 2382 prOpter
2158 2311 2419 2379 temporis
2475 2311 2744 2363 rationem
2806 2312 3031 2364 minime
3064 2312 3248 2373 liveat,
3304 2328 3454 2366 nunc

1874 2402 2186 2457 narratione
2212 2402 2274 2453 ad
2314 2403 2419 2455 alia
2442 2418 2614 2461 versa.
2652 2401 2824 2468 proiix
2850 2418 2914 2456 or
2959 2404 3243 2458 abstini-us
3275 2419 3447 2474 expu-

1874 2493 2194 2553 sitione,tuti
2214 2493 2394 2557 decet,
2412 2508 2648 2562 pergant.
2670 2493 2792 2562 Ipso
2820 2493 2986 2562 igitur
3002 2495 3239 2549 solstitio
3262 2506 3452 2551 aestivo

1875 2584 2127 2638 undecim
2157 2585 2386 2637 navibus
2421 2595 2608 2638 vectus
2640 2600 2670 2637 c
2695 2594 2854 2652 portu
2888 2584 3148 2654 Byzantio
3178 2587 3447 2641 (iantacu-

1879 2692 2049 2730 zenus
2071 2677 2233 2745 imp.,
2266 2677 2356 2731 die
2385 2677 2619 2744 septimo
2644 2677 2925 2731 Tenedum
2947 2680 3337 2747 pervenitcuut
3356 2679 3458 2733 Pa-

1873 2768 2100 2835 laeologo
2124 2766 2269 2820 aﬂiui
2324 2766 2397 2820 ibi
2431 2767 2814 2822 dimicaturus.
2853 2768 3121 2837 Sperabat
3153 2774 3300 2826 enim
3339 2774 3456 2827 fore

1873 2859 2228 2922 alterutrum,
2263 2866 2323 2911 ut
2354 2867 2449 2910 aut
2481 2858 2785 2912 incolarum
2821 2860 3129 2928 proditione
3153 2875 3246 2915 aut
3278 2880 3455 2934 pugna

1875 2960 2027 3003 extra
2058 2951 2348 3004 commissa
2397 2950 2451 3003 in
2484 2951 2635 3004 viros
2665 2950 2913 3005 custodia
2944 2952 3240 3009 destitutos
3272 2956 3458 3011 subito

1877 3040 2128 3094 incidens
2149 3040 2326 3107 ipsum
2354 3041 2627 3110 simulque
2641 3041 2845 3095 Tenedi
2874 3044 3183 3112 prazsidium
3212 3056 3454 3116 caperet,

1876 3146 1929 3190 et
1957 3151 2055 3204 pro
2082 3150 2141 3189 se
2182 3136 2351 3189 lilium
2377 3136 2451 3189 ibi
2488 3138 2830 3206 relinqueret
2860 3138 3194 3207 Mattbteum,
3218 3145 3311 3212 qui
3347 3159 3454 3200 una

1876 3242 1999 3280 cum
2030 3242 2198 3282 uxore
2228 3243 2295 3281 eo
2333 3239 2576 3297 tempore
2609 3231 2973 3284 comitabatur
3004 3242 3236 3300 patrem.
3294 3236 3454 3291 Post-

1875 3335 2035 3387 quam
2093 3330 2273 3372 autem
2326 3334 2433 3371 non
2463 3320 2642 3388 potuit
2674 3322 2858 3373 statim
2914 3324 3181 3393 attingere
3232 3338 3453 3394 portum

1877 3411 2244 3465 Tenediorum
2277 3414 2483 3481 quippe
2524 3414 2599 3465 rei
2637 3430 2743 3466 non
2776 3416 3089 3484 ignarorum
3123 3436 3136 3473 :
3187 3424 3345 3476 veriti
3379 3438 3449 3476 ne

1877 3519 2047 3557 naves
2093 3506 2385 3558 maximam
2428 3516 2637 3571 partem
2671 3518 2948 3560 evacuatae
2993 3510 3297 3582 Pala-ologo
3327 3518 3448 3584 opi-

1878 3594 2097 3647 nionem
2133 3604 2439 3659 moverent,
2492 3611 2596 3663 qua
2651 3611 2759 3649 non
2798 3597 2973 3651 solun:
3017 3609 3129 3653 tota
3175 3604 3451 3670 expeditio

1877 3680 1932 3735 in
1962 3684 2206 3736 consiliis
2245 3695 2294 3736 et
2341 3686 2645 3738 rationibus
2675 3685 2745 3739 sit
2772 3686 3020 3755 decepta,
3044 3690 3204 3760 237
3242 3694 3337 3747 sed
3390 3710 3450 3750 se

1875 3774 2023 3842 ipsos
2076 3777 2160 3829 sui
2227 3776 2400 3844 ipsius
2452 3777 2767 3845 proditores
2831 3782 2978 3833 nulla
3042 3786 3225 3838 dedita
3279 3801 3444 3855 opera

1875 3862 2046 3917 factos
2075 3881 2196 3917 esse
2234 3865 2488 3918 inimicis.
2538 3864 2674 3920 Cum
2706 3882 2838 3919 vero
2867 3868 3121 3924 decessus
3151 3874 3449 3941 parabatur

1874 3957 2075 4024 aliique
2121 3971 2180 4010 se
2232 3957 2591 4026 accingebant
2635 3959 2934 4027 manipulis
2983 3963 3255 4031 spicarum
3306 3967 3445 4036 διιιεί

1876 4048 2172 4103 immittere
2207 4050 2407 4117 ignem,
2439 4049 2532 4103 alii
2565 4052 2871 4119 exstirpare
2902 4053 3061 4119 vites,
3110 4056 3203 4109 alii
3247 4073 3444 4127 aquam

1874 4140 2163 4193 viatoriam
2193 4156 2257 4193 ex
2292 4142 2471 4193 insula
2510 4143 2561 4193 in
2594 4156 2760 4195 naves
2792 4146 3234 4210 portare,subito
3261 4149 3446 4203 fortis-

1878 4232 2014 4285 sima
2072 4232 2308 4300 praisidii
2361 4232 2719 4285 Tenediensis
2772 4250 2897 4301 pars
2950 4239 3136 4305 erupit
3185 4255 3249 4293 ex
3292 4243 3443 4298 urbis

1874 4323 2045 4391 portis
2096 4324 2309 4391 pedites
2359 4333 2414 4377 et
2468 4324 2702 4386 equites.
2757 4340 2935 4393 pugna
2986 4338 3138 4382 atrox
3195 4334 3260 4385 ad
3314 4335 3445 4389 litus

1872 4413 2102 4464 Conﬂata
2133 4422 2251 4474 est,
2304 4424 2497 4466 nautas
2552 4429 2658 4465 non
2693 4416 3039 4481 patiebantur
3076 4435 3271 4488 aquam
3307 4425 3444 4478 bau-

1872 4504 2005 4561 rire.
2043 4504 2136 4557 sed
2176 4504 2453 4572 puppibus
2486 4506 2721 4557 (ICSCCHS
2760 4521 2854 4558 eos
2902 4513 3107 4563 reverti
3147 4516 3440 4579 cogebant.

1870 4596 2042 4659 Quam
2074 4597 2142 4645 ob
2176 4611 2289 4648 rem
2328 4596 2607 4662 paululum
2659 4612 2689 4649 ιι
2756 4607 2896 4651 terra
2935 4604 3125 4655 remoti
3159 4604 3440 4674 Byzantini

1872 4699 2037 4736 navvs
2094 4683 2398 4749 sistebant;
2458 4686 2765 4752 insequenti
2831 4687 2920 4740 die
2967 4691 3163 4745 solutis
3201 4700 3440 4763 ancoris,

1872 4776 2034 4827 tertio
2065 4778 2149 4830 die
2181 4775 2249 4828 ad
2298 4775 2537 4829 Imbrum
2587 4778 2819 4832 insulam
2859 4784 3205 4849 appellebant
3230 4827 3242 4845 .
3277 4806 3441 4856 quam

176 4877 317 4937 ζειν,
348 4872 517 4930 εὐθὺς
546 4868 781 4935 ὲξεπήδα
808 4868 907 4935 τῆς
936 4865 1193 4925 Τενεδίας
1217 4863 1484 4923 ὁπλίσεως
1508 4863 1569 4912 τὸ
1590 4863 1763 4931 ὲρῤω-
1794 4885 1842 4943 D

1757 4885 1842 4943 ιι)
1871 4864 2033 4917 etiam
2066 4864 2171 4917 sibi
2211 4865 2463 4917 infestam
2511 4868 2832 4925 credebant.
2896 4873 3081 4941 Ibique
3137 4876 3335 4927 simum
3386 4890 3441 4930 et

180 4965 515 5033 μενέστερον
551 4962 613 5012 ὲκ
645 4960 752 5010 τῶν
811 4956 904 5009 τοῦ
962 4955 1226 5024 φρουρίου
1263 4953 1469 5018 πυλῶν,
1509 4953 1664 5013 πεζοί
1700 4969 1761 5003 τε

176 5060 273 5109 καὶ
304 5055 522 5114 ἱππεῖς,
555 5052 648 5102 καὶ
696 5051 873 5117 μάχην
906 5048 1143 5117 στερρὰν
1181 5045 1333 5112 παρὰ
1388 5047 1480 5096 τὸν
1513 5043 1761 5110 αἰγιαλὸν

178 5143 592 5212 συστησάμενοι
627 5141 737 5193 οὐδ’
768 5138 1135 5208 ὑδρεύσασθαι
1165 5138 1291 5196 τοὺς
1324 5135 1616 5194 ναυτικοὺς
1646 5133 1762 5187 εἴα-

178 5252 303 5296 σαν,
339 5232 463 5285 ἀλλ’
501 5233 823 5297 ἠνάγκασαν
875 5232 931 5278 ὲν
987 5226 1181 5296 βραχεῖ
1213 5228 1281 5278 τὰ
1322 5227 1641 5294 πρυμνήσια
1679 5242 1767 5276 τε·

180 5330 390 5393 μόντας
423 5323 712 5375 ἀποπλεῖν.
755 5318 919 5372 Ὅθεν
951 5319 1017 5388 δὴ
1062 5318 1157 5370 καὶ
1190 5316 1386 5384 μικρὸν
1421 5316 1765 5376 ἀποστάντες

176 5418 277 5484 τῆς
314 5418 425 5485 γῆς
456 5418 504 5469 οἱ
572 5413 853 5476 Βυζάντιοι
891 5411 988 5470 τάς
1053 5408 1185 5469 ναῦς
1221 5407 1585 5475 ἀνεκώχευον,
1626 5409 1691 5476 τῇ
1722 5407 1765 5459 δ’

1869 4965 2101 5023 egerunt
2124 4966 2178 5009 et
2200 4957 2340 5024 passi
2366 4967 2514 5022 sunt,
2546 4960 2878 5015 etabierunt
2910 4963 3133 5030 lEnum,
3169 4968 3431 5033 oppidum

1870 5047 2250 5101 Cautacnzeno
2276 5049 2532 5125 amicum.
2565 5051 2694 5104 lude
2727 5053 2978 5107 Mattbzo
3013 5072 3153 5109 novo
3191 5073 3315 5126 rege
3361 5077 3444 5108 ro-

1865 5136 1997 5205 licto
2026 5152 2131 5190 una
2160 5153 2286 5190 cum
2324 5154 2493 5192 uxore
2523 5142 2806 5196 celerrime
2832 5162 2955 5199 cum
2980 5147 3169 5199 decem
3205 5150 3435 5200 navibus

1866 5226 2183 5295 Byzantium
2213 5230 2642 5295 perveniebant;
2669 5234 2831 5287 unius
2858 5236 3003 5289 enitn
3039 5237 3350 5302 pra-sidium
3382 5241 3431 5288 in

1867 5316 2082 5370 duobus
2120 5320 2412 5374 itineribus
2442 5325 2508 5374 ad
2560 5321 2839 5377 Tenedum
2885 5338 2941 5380 et
2980 5328 3218 5383 ltnbrutn
3274 5330 3437 5384 factis

1870 5409 1934 5460 ad
1969 5410 2328 5479 Palaeologum
2359 5428 2540 5483 regem
2572 5414 2868 5470 deseivisse
2898 5420 3122 5474 dicitur.

174 5509 449 5578 ὑστεραία
510 5508 608 5569 τὰς
642 5505 890 5573 ἀγκύρας
947 5502 1009 5573 [ί.
1056 5502 1158 5555 125
1193 5499 1264 5572 r.]
1320 5500 1681 5562 ἀναλαϐόντες
1722 5503 1954 5569 τριταῖοι
2004 5504 2059 5564 ἐς
2130 5503 2354 5573 Ἴμϐρον
2394 5514 2494 5577 τὴν
2525 5512 2687 5574 νῆσον
2732 5514 3130 5570 κατέπλευσαν.
3167 5516 3433 5583 πολΐεμίαν

174 5602 481 5671 ἡγούμενοι
515 5601 608 5652 καὶ
649 5598 841 5667 αὑτήν.
910 5594 1207 5649 Κάνταῦθα
1259 5596 1327 5645 τά
1392 5595 1553 5662 ὃμοια
1582 5593 1881 5662 δράσαντες
1942 5611 2000 5647 τε
2032 5597 2127 5648 καὶ
2189 5599 2458 5663 παθόντες
2498 5604 2730 5674 πλήρεσι
2762 5607 2977 5668 κώπαις
3001 5608 3256 5659 κάκεῖθεν
3287 5609 3433 5679 ἀπῄ-

174 5710 308 5747 εσαν
348 5695 434 5755 είς
472 5687 633 5745 Αἶνον
659 5690 758 5760 τὴν
816 5688 993 5751 πόλιν,
1049 5687 1491 5756 Καντακουζηνῷ
1554 5689 1981 5758 προσκειμένην.
2026 5691 2193 5744 Ἔνθα
2224 5693 2288 5760 δὴ
2332 5695 2612 5750 Ματοαῖον
2649 5698 2741 5750 τὸν
2807 5702 2927 5751 νέον
2998 5700 3221 5769 βασιλέα
3256 5719 3425 5753 κατα-

174 5788 432 5849 λιπόντες
486 5786 586 5838 σῦν
642 5786 709 5849 τῆ
775 5781 994 5851 συζύγῳ
1052 5781 1283 5849 τάχιστα
1339 5782 1614 5850 ἐπανῆκον
1682 5783 1815 5834 δέκα
1855 5786 2045 5837 ναυσὶν
2107 5787 2187 5849 εἰς
2242 5786 2571 5849 Βυζάντιον·
2631 5792 2728 5859 τῆς
2761 5794 2869 5863 γὰρ
2903 5797 3025 5863 μιᾶς
3067 5796 3126 5847 τὸ
3156 5795 3429 5865 πλήρωμά
