4264 6362
178 396 289 461 200
1208 406 1649 465 ΒῩΖᾹΝΤΙΝΕ
1693 405 2067 464 ΗΙΞΤΟΙΗίΕ
2112 407 2253 464 [.lll.
2297 406 2507 465 XXIX.
3333 411 3439 474 910

182 512 504 584 λη’),ὁπόση
539 516 651 578 τοίς
676 515 845 579 θείοις
880 518 975 586 τῆς
1032 520 1359 589 Ἐκκλησίας
1384 522 1621 589 δόγμασι
1688 519 1886 589 καιροῦ
1957 521 2252 581 καλοῦντος
2321 521 2536 587 ἐγένετό
2566 521 2614 573 οἱ
2649 521 2938 593 σύμμαχος
2979 525 3441 593 κράτιστος.”Ωσ-

182 625 288 676 περ
318 610 367 661 δ’
403 609 471 661 αὖ
503 611 773 682 ίερωσὺνῃ
800 615 865 682 τῇ
918 614 1150 686 ἀληθείᾳ
1219 617 1318 685 τὴν
1392 618 1640 683 γλῶτταν
1697 618 1996 685 τιμήσασα,
2060 616 2344 684 ἀκάματον
2375 618 2470 683 τὴν
2500 618 2609 669 τῶν
2654 619 2881 686 χειλέων
2912 622 3207 691 ἀκρόπολιν
3238 624 3436 694 ἔστησε

182 702 423 770 φύλακα,
455 705 529 763 ὡς
560 704 633 771 μή
662 705 815 758 λάθοι
850 707 1134 776 προκύψας
1155 708 1251 777 ὀψέ
1279 726 1406 761 ποτε
1436 711 1591 775 λόγος
1619 708 1765 777 μάλα
1810 709 1910 777 μέν
1938 726 2026 769 ητις
2086 709 2501 777 ἐπαγγελτικὸς.
2556 712 2616 763 οὐ
2654 712 2795 777 μάλα
2863 713 2919 765 δέ
2947 731 3031 775 τις
3063 716 3439 786 τελεσιουργὸς

179 791 272 842 καὶ
297 790 599 860 ὼςρέλιμος.
639 793 743 847 Καὶ
786 796 853 847 τὰ
898 797 1068 851 πλείω
1136 799 1312 865 λέγοις
1365 800 1432 852 ἂν
1481 801 1642 863 αὐτὸς
1692 800 1789 872 καὶ
1826 800 2061 865 ὰφηγοίο
2126 799 2440 869 πλατυτέρα
2470 803 2682 873 γλώττῃ
2720 820 2778 855 τε
2816 805 2910 857 καὶ
2953 805 3160 872 βίϐλοις
3199 808 3343 876 μάλα
3372 810 3437 874 γέ

175 903 227 937 τι
256 884 474 953 σφόδρα
524 882 944 954 ἁρμοττούσαις.
987 891 1099 944 Νῦν
1149 894 1204 945 δέ
1244 911 1325 948 σοι.
1359 896 1453 947 καὶ
1488 895 1620 961 περὶ
1687 891 1796 943 τῶν
1871 891 2070 957 ἔξωθεν
2122 895 2618 970 ἀπαγγελλομένων
2670 898 2784 949 ἔνια
2836 900 3194 971 διηγήσομα’,
3222 895 3297 955 ὧν
3343 908 3438 956 καὶ

176 981 203 1031 ό
226 979 429 1048 παρὼν
461 981 563 1043 τάς
589 982 749 1051 ἡμῶν
780 986 950 1056 ἀκοάς
984 987 1248 1056 ἐνέπλησε
1287 989 1481 1056 χρόνος
1511 978 1943 1054 τῶνδυσχερῶν.

242 1072 329 1127 Η’.
360 1075 527 1143 Φήμη
576 1076 687 1146 γὰρ
711 1078 940 1151 ἀφίκετο
962 1065 1241 1151 ⁸πρότριτα
1274 1084 1330 1144 ἐς
1371 1083 1665 1147 Βυζάντιον
1692 1080 1754 1131 ἐκ
1786 1089 1828 1137 Δ

170 1164 281 1216 τῶν
302 1164 484 1218 ἕωθεν
516 1168 976 1237 ἐπιδημησάντων
996 1170 1337 1242 ’Δντιοχέων,
1369 1174 1444 1236 ὡς
1476 1175 1619 1242 ὁρμῇ
1643 1172 1758 1224 δαι-

172 1255 340 1320 μονίᾳ
379 1257 488 1307 τινὶ
519 1260 803 1325 συσχεθεὶς
843 1263 871 1314 ό
913 1266 1013 1325 τῆς
1038 1260 1326 1330 Ἀἰγύπτου
1358 1267 1451 1318 καὶ
1495 1265 1759 1334 Ἀραϐίας

168 1344 471 1412 δεσπότης,
501 1350 692 1401 ὀπόσοι
724 1351 1075 1418 Χριστιανῶν
1105 1356 1317 1407 οἰκοῦσι
1355 1356 1456 1425 τὴν
1487 1358 1592 1426 γῆν
1615 1356 1759 1408 ἐκεί-

170 1452 292 1500 νην.
331 1435 597 1504 ἐξήνεγκε
625 1440 802 1508 δόγμα
839 1445 1051 1506 πάντας
1094 1448 1293 1514 ἡϐηδὸν
1327 1448 1559 1512 ἀνελεῖν,
1594 1450 1640 1499 εἰ
1683 1447 1758 1516 μὴ

170 1526 223 1584 ἐς
240 1526 347 1593 τὴν
371 1527 486 1578 τῶν
506 1531 756 1598 Ἀράϐων
787 1537 1081 1603 θρησκείαν
1105 1539 1163 1588 τὸ
1189 1538 1282 1589 σέ6
1294 1555 1352 1599 ις
1372 1541 1463 1591 καὶ
1483 1540 1637 1591 αὐτοὶ
1665 1555 1759 1607 με-

170 1618 477 1678 τατεθεῖεν.
512 1622 649 1690 μηδὲ
678 1628 785 1694 γὰρ
834 1623 973 1680 εῖναι
1001 1628 1174 1695 λέγων
1196 1631 1344 1692 εἰκὸς
1370 1630 1472 1682 ὑπὸ
1492 1631 1590 1700 τὴν
1621 1632 1760 1700 ἐμὴν

171 1706 431 1767 ἐξουσίαν
481 1710 771 1772 τελοῦντας
802 1716 900 1780 τὴν
937 1718 1077 1787 ἐμὴν
1122 1719 1406 1787 φαυλίζειν
1433 1720 1757 1789 θρησκείαν.

182 1797 531 1851 Ἐνστὰντων
579 1801 675 1853 οὖν
730 1806 848 1857 ἐκεῖ
877 1807 1182 1876 τηνικαῦτα
1234 1811 1575 1879 παμπόλλων
1617 1813 1756 1882 ὑπὲρ

171 1889 268 1954 τῆς
305 1891 599 1953 εὐσεῆείας
644 1895 974 1965 ἐρρωμένως
1020 1902 1115 1951 καὶ⁵
1164 1901 1261 1952 σὺν
1294 1902 1492 1974 ζεούσῃ
1527 1905 1593 1973 τῇ
1626 1920 1761 1970 προ-

173 1977 367 2048 θυμία,
386 1983 581 2047 γέγονε
616 1984 978 2050 φόνοςπολὺς,
1002 1990 1076 2052 ὡς
1108 1994 1341 2060 φανῆναι
1373 1990 1434 2053 If.
1472 1992 1570 2047 124
1595 1991 1666 2064 r.]
1698 1994 1760 2045 τὸ

171 2068 383 2135 πλῆθος
433 2073 545 2124 τῶν
571 2077 969 2143 ἀναιρεθέντων
1017 2081 1156 2149 ὑπὲρ
1197 2082 1539 2152 δισμυρίους,
1590 2086 1759 2154 ἀρξα-

176 2162 349 2226 μένου
378 2163 483 2231 μὲν
528 2166 593 2216 ὲκ
628 2167 995 2239 Παλαιστίνης
1033 2172 1252 2241 πρῶτον
1286 2174 1378 2226 τοῦ
1410 2175 1605 2241 δεινοῦ,
1639 2172 1757 2230 εἶτα

171 2253 474 2317 διαῦἀντος
512 2258 715 2327 Κοίλην
759 2262 961 2333 Συρίαν
1012 2265 1103 2315 καὶ
1134 2266 1391 2332 Φοινίκην
1428 2271 1628 2332 πᾶσαν,
1665 2271 1758 2323 καὶ

171 2344 297 2395 ὅσαι
327 2348 432 2411 τὴν
459 2349 751 2414 Δαμασκὸν
785 2351 1164 2418 ἀστυγείτονες
1197 2358 1614 2427 περιχορεύουσι
1656 2360 1756 2412 πό-

174 2433 289 2496 λεις
318 2439 416 2488 καὶ
451 2438 634 2507 κῶμαι
663 2441 824 2511 μέχρι
847 2443 1025 2513 Τύρου
1050 2448 1144 2499 καὶ
1176 2448 1427 2512 Σιδῶνος,
1457 2451 1551 2501 καὶ
1578 2450 1676 2520 ὅση
1695 2451 1756 2505 τὸ

170 2525 300 2595 ὅρος
330 2530 427 2579 τὸν
458 2530 755 2599 Κάρμηλον
796 2536 1114 2602 περικλύζει
1158 2538 1424 2595 θάλασσα.
1468 2542 1557 2593 Ἐν
1586 2559 1756 2611 μετα-

176 2614 333 2685 μέλῳ
368 2618 416 2670 δ’
452 2618 522 2671 αὖ
566 2620 658 2673 τοῦ
708 2624 1112 2692 προστάξαντος
1163 2630 1447 2698 γεγονότος
1476 2633 1752 2686 πέπαυται

173 2708 233 2759 τδ
256 2707 460 2763 δεινόν.

244 2800 330 2852 Θ’.
365 2801 556 2854 Ταῦτα
593 2805 690 2857 καὶ
722 2805 892 2858 πλείω
924 2808 1060 2876 πρὸς
1085 2809 1295 2875 τούτοις
1322 2814 1484 2883 ἔτερα
1510 2814 1756 2869 ὑπειπὼν

173 2893 200 2943 ὁ
233 2891 408 2955 καλὸς
443 2894 851 2963 Ἀγαθάγγελος
883 2898 1054 2970 ᾤχετο
1086 2902 1266 2957 ἀπιὼν
1297 2906 1425 2975 περὶ
1455 2907 1624 2975 μέσας
1651 2925 1754 2960 που

174 2984 409 3047 νύκτας,
446 2984 603 3048 αὖθις
649 2989 774 3052 τοὺς
814 2990 1122 3063 ἡμετέρους
1173 2996 1406 3065 δημίους
1448 2998 1627 3051 λαθὼν
1663 3002 1756 3053 καὶ

175 3079 305 3137 τοὺς
337 3077 636 3147 θηριώδεις
661 3082 930 3149 φύλακας,
978 3085 1141 3155 μόνον
1187 3090 1287 3158 ἐμὲ
1346 3092 1754 3154 καταλελοιπὼς

174 3171 240 3238 τῇ
287 3172 454 3239 στενῇ
493 3172 589 3224 καὶ
632 3173 778 3244 δεινῇ
825 3176 1073 3246 συνήθως
1112 3179 1300 3253 ἐκείνῃ
1326 3182 1506 3255 διαίτῃ
1538 3182 1755 3252 χρώμε-

174 3276 287 3312 νον.

245 3347 309 3403 l'.
337 3350 503 3419 ’Ἄρτι
538 3352 595 3405 δὲ
629 3354 724 3406 τοῦ
755 3356 859 3423 μὲν
894 3358 1262 3427 ἐφεστηκότος
1283 3361 1546 3431 λήξαντος
1579 3367 1751 3431 ἔτους,

173 3439 270 3493 τοῦ
304 3441 362 3494 δὲ
402 3442 533 3508 ἑξῆς
579 3445 1007 3516 ἐνδημήσαντος,
1040 3451 1109 3505 τά
1145 3451 1435 3520 Ῥωμαίων
1464 3458 1637 3509 ἐνόσει
1660 3459 1753 3511 τοῦ

174 3532 441 3596 εἰωθότος
494 3536 757 3590 ἐπέκεινα
791 3541 1096 3610 πράγματα
1145 3542 1236 3597 διά
1260 3561 1320 3599 τε
1350 3547 1451 3615 τὴν
1500 3548 1755 3603 εἰωθυῖαν

176 3625 412 3694 Περσῶν
438 3628 816 3696 ἐπικράτειαν,
848 3630 916 3700 ἢν
943 3632 1045 3701 ήδη
1078 3634 1538 3707 Καντακουζηνοῦ
1571 3639 1755 3708 προδι-

1926 1077 2227 1132 ἮΙΙἘιιιιιιι
2247 1081 2390 1134 enim
2427 1083 2827 1138 nudiustertius
2843 1085 3158 1156 Byzanlium
3184 1075 3437 1156 pervenit

1862 1171 1928 1223 ab
1948 1171 2302 1225 Antioelienis
2319 1174 2383 1224 ad
2405 1186 2583 1233 ortum
2606 1176 2736 1229 solis
2756 1177 3434 1243 habitantibus,diabnlico

1861 1263 2294 1330 quodamaﬂlatu
2315 1266 2603 1333 abreptum
2621 1254 2833 1336 :Egypti
2853 1280 2907 1321 et
2922 1272 3431 1325 Arabi:edominum

1861 1352 2097 1406 edidisse
2132 1365 2488 1420 praeceptum,
2530 1368 2609 1421 ιιι,
2650 1361 3241 1425 ιιιιοιιιιιοῑ(11ιι·ἱειίιιιιί
3282 1363 3429 1415 illam

1864 1451 2058 1495 terram
2084 1444 2351 1507 habitent,
2368 1464 2558 1499 iniiues
2580 1450 2938 1516 pubescentes
2957 1452 3301 1513 loflerentnr,
3324 1455 3425 1507 nisi

1861 1546 2009 1585 Suam
2040 1549 2162 1585 cum
2191 1536 2433 1588 Arabum
2467 1539 2727 1605 religione
2758 1553 3055 1598 mutarent.
3091 1543 3233 1595 Dixit
3260 1546 3429 1610 enim,

1862 1639 1969 1675 non
2007 1624 2207 1678 decere
2249 1641 2383 1689 eos,
2426 1630 2517 1696 qui
2564 1630 2794 1697 imperio
2837 1649 2957 1685 meo
3000 1645 3258 1701 pareant,
3304 1635 3431 1686 reli-

1860 1715 2078 1782 gionem
2122 1732 2296 1769 meam
2343 1732 2727 1773 contemnere.
2783 1722 2918 1774 Cum
2965 1724 3130 1791 igitur
3170 1727 3427 1790 permulti

1864 1814 2185 1857 resisterent
2232 1822 2328 1874 pro
2382 1810 2651 1874 religione
2699 1812 2915 1864 fortiter
2962 1823 3017 1865 et
3070 1828 3194 1866 cum
3245 1816 3430 1867 animo

1864 1895 2164 1957 bellicoso,
2211 1898 2382 1952 multa
2424 1902 2602 1953 eazdes
2641 1902 2777 1954 facta
2819 1912 2922 1963 est,
2953 1906 3028 1956 ita
3068 1915 3128 1958 ut
3167 1921 3431 1960 numerus

1862 1987 2278 2042 interfectorum
2326 1975 2613 2060 superaret
2654 1994 2847 2061 viginti
2891 1996 3081 2051 millia.
3127 1998 3421 2067 l’ostquam

1863 2081 1916 2132 in
1964 2081 2247 2134 Palaestina
2304 2086 2536 2149 primum
2585 2087 2864 2152 inceperat
2934 2092 3268 2155 persecutio,
3307 2108 3426 2159 pur-

1860 2171 2001 2220 rexit
2042 2186 2136 2237 per
2172 2167 2602 2241 ler’syriamct
2638 2174 2979 2228 Pboenieiam
3019 2187 3182 2231 totam
3216 2188 3426 2248 etquot

1859 2259 2052 2310 vicinae
2090 2262 2253 2312 urbes
2289 2271 2343 2313 et
2369 2261 2489 2331 pagi
2525 2263 2845 2317 Damascum
2883 2267 3225 2320 circumdant
3253 2286 3424 2338 usque

1859 2350 1927 2402 ad
1954 2351 2155 2421 Tyrum
2205 2366 2261 2407 et
2297 2355 2578 2418 Sidonem,
2618 2366 2671 2410 et
2713 2367 2975 2425 quantum
3014 2376 3160 2414 mare
3202 2361 3426 2418 Carme-

1786 2409 1831 2467 Β
1861 2440 1969 2492 lnm
2002 2450 2242 2495 montem
2285 2443 2620 2499 alluit.Cum
2651 2454 2943 2512 tyrannum
2988 2450 3062 2503 rei
3105 2451 3276 2521 ipsius
3313 2470 3427 2525 pte-

1858 2531 2091 2591 niteret.
2132 2540 2308 2586 terror
2345 2534 2529 2588 desiit.

1926 2815 2083 2886 251
2129 2817 2220 2871 IX.
2262 2819 2554 2889 Postquam
2592 2822 2705 2877 hare
2746 2833 2801 2877 et
2841 2826 3065 2893 insuper
3110 2830 3278 2883 multa
3314 2833 3422 2886 alia

1857 2904 2105 2968 dixisset.
2138 2909 2388 2964 discessit
2432 2913 2607 2969 bonus
2643 2917 3049 2986 Agatbangelus
3097 2921 3271 2974 media
3307 2921 3420 2977 fere

1855 3006 2055 3059 nocte,
2104 2996 2300 3054 fallens
2347 3002 2544 3056 iterum
2598 3004 2822 3062 lictores
2869 3019 3086 3063 nostros
3138 3026 3419 3082 saevosque

1856 3087 2132 3153 custodes,
2200 3105 2285 3144 me
2325 3093 2505 3147 solum
2548 3097 2898 3165 relinquens,
2941 3102 3035 3168 qui
3096 3113 3325 3171 angusta
3365 3114 3421 3159 et

1860 3177 2086 3231 terribili
2114 3179 2221 3233 vita
2256 3192 2314 3234 ut
2345 3174 2549 3252 sempe‘.
2599 3193 2849 3241 vexabar.

1928 3357 1996 3413 Χ.
2064 3357 2167 3413 Ubi
2236 3369 2420 3413 autem
2480 3375 2800 3430 praesentem
2855 3384 3059 3422 annum
3114 3374 3419 3442 excipiebat

1860 3447 2192 3516 insequens,
2230 3466 2317 3504 res
2371 3453 2741 3507 Romanorum
2776 3458 2915 3512 ultra
2961 3465 3415 3521 consuetudinem

1856 3540 2201 3607 :egrotabant
2248 3553 2304 3594 et
2352 3555 2577 3611 propter
2624 3562 2950 3602 consuetum
2989 3553 3276 3610 Persarum
3316 3559 3420 3611 im-

1860 3632 2070 3700 perium
2095 3671 2108 3692 ,
2141 3634 2286 3699 quod
2320 3635 2431 3701 jam
2471 3651 2566 3704 per
2602 3636 3043 3696 Cantacuzenum
3083 3648 3416 3713 proditorem

174 3716 367 3780 δόντος
426 3718 559 3789 ἄχρι
603 3721 788 3773 πυλῶν
817 3725 1124 3795 ἐσχήκεσαν
1180 3727 1512 3794 Βυζαντίων,
1554 3731 1630 3793 ὡς
1680 3734 1759 3783 οί-
1786 3733 1830 3791 C
1861 3719 1943 3773 0bl

1786 3733 1830 3791 ς
1861 3719 2183 3774 obtinebant
2217 3740 2385 3791 usque
2418 3726 2484 3777 ad
2523 3737 2705 3793 portas
2762 3730 3040 3799 Byzantii,
3077 3746 3133 3787 ut
3181 3740 3420 3807 prepriis

176 3805 354 3865 κείοις
402 3805 541 3868 τέως
601 3807 875 3878 χρώμενοί
917 3827 976 3863 τε
1035 3815 1131 3866 καὶ
1196 3816 1615 3885 καταχρώμενοι
1680 3820 1754 3888 μὴ

177 3898 506 3966 πράγμασιν
528 3897 701 3951 ἅπασι
735 3901 917 3967 μόνον,
941 3902 1078 3956 ἀλλὰ
1103 3904 1198 3957 καὶ
1223 3910 1489 3971 γυναῖκας
1518 3908 1613 3961 καὶ
1635 3913 1759 3961 παῖ-

173 3988 273 4050 δας
300 3988 567 4058 ἀνδράσιν
598 3992 734 4059 ὁμοῦ
762 3993 900 4062 πρὸς
929 3995 1038 4047 πᾶν
1066 3994 1129 4047 τὸ
1176 3995 1505 4064 βουλόμενον
1529 3999 1755 4066 ἄγοντές

175 4093 235 4130 τε
265 4078 365 4129 καὶ
412 4078 694 4147 φέροντες,
728 4080 829 4133 οὐκ
886 4082 991 4146 ἔξω
1037 4083 1245 4137 πόλεων
1277 4086 1353 4148 ὡς
1402 4087 1535 4155 πρὶν
1599 4104 1758 4158 περι-

176 4166 403 4229 θέοντές
436 4182 498 4218 τι
548 4170 644 4219 καὶ
676 4168 1071 4237 παραθέοντες,
1108 4172 1225 4225 ἀλλ’
1255 4174 1404 4227 ἔνδον
1436 4176 1537 4247 ἤδη
1569 4179 1757 4231 ποιού-

180 4276 340 4327 μενοι
402 4260 532 4320 τοὺς
569 4262 977 4330 συνοικισμοὺς.
1028 4264 1153 4317 καθ’
1181 4265 1378 4319 ὁπόσον
1400 4268 1493 4320 καὶ
1514 4264 1625 4322 οἷον
1661 4272 1757 4323 καὶ

176 4353 317 4403 ὅπου
374 4353 474 4404 καὶ⁵
524 4353 613 4404 ὅτε
672 4353 734 4405 τὸ
790 4356 889 4422 τῆς
919 4353 1099 4424 ψυχῆς
1133 4356 1420 4425 ὀρεκτικὸν
1474 4360 1758 4414 ὑπετίθετο

178 4437 368 4502 σφίσιν
421 4438 877 4509 ἐπιτροπεύοντες
918 4443 1015 4495 καὶ
1050 4442 1385 4510 δεσποτικῶς
1438 4448 1758 4504 ἐπιτάττον-

174 4545 290 4589 τες.

248 4621 355 4672 lA'.
398 4619 538 4689 Ἤδη
571 4619 627 4673 δὲ
659 4622 755 4673 τοῦ
790 4622 1141 4690 φθινοπώρου
1170 4627 1454 4697 λήγοντος,
1482 4632 1613 4701 περί
1651 4650 1755 4686 που

177 4709 245 4761 τὰ
272 4709 423 4777 μέσα
457 4712 586 4777 μιᾶς
623 4710 733 4764 τῶν
761 4713 974 4767 νυκτῶν
1000 4717 1136 4787 ἀκοή
1155 4733 1240 4779 τις
1277 4720 1539 4788 αίφνίδιος
1564 4723 1625 4773 τὸ
1652 4722 1756 4775 Βυ-

177 4796 404 4858 ζάντιον
429 4798 766 4866 περιήχησεν
794 4798 960 4865 ἅπαν,
988 4797 1124 4855 εἶναι
1151 4806 1361 4873 τείχους
1403 4808 1554 4871 ἐντος
1601 4810 1756 4876 βασισ

175 4886 273 4937 λέα
302 4885 678 4954 Παλαιολόγον
716 4888 807 4940 τὸν
843 4890 985 4956 νέον,
1030 4896 1350 4963 συμμαχίας
1392 4897 1573 4967 πάσης
1603 4900 1757 4953 ἀλλο-

178 4974 351 5043 φύλου
411 4978 585 5047 χωρὶς
630 4980 934 5049 ἀφιγμένον
979 4987 1221 5051 τριταῖον
1269 4988 1333 5040 ἐκ
1382 4989 1608 5044 Τενέδου
1658 4993 1756 5062 τῆς

1861 3823 2075 3868 utentes
2132 3824 2185 3868 et
2236 3817 2530 3871 abutentes
2585 3835 2690 3870 non
2743 3823 2920 3875 solum
2965 3824 3129 3878 rebus
3166 3831 3415 3895 eunetis,

1858 3907 1951 3959 sed
1989 3907 2152 3960 etiam
2192 3911 2445 3964 nndicres
2479 3920 2534 3965 et
2570 3913 2808 3967 infantes
2843 3932 2945 3969 una
2999 3932 3122 3970 cum
3172 3921 3305 3971 viris
3353 3925 3417 3976 ειιί

1858 3996 2126 4064 quidlibet
2155 4007 2414 4067 cogentes
2448 4011 2501 4055 et
2533 4001 2819 4066 ducentes,
2848 4022 2952 4057 non
2985 4017 3135 4059 extra
3168 4009 3330 4063 urbes
3364 4027 3413 4062 ns

1858 4100 2016 4141 antea
2051 4101 2341 4143 currentes
2370 4101 2425 4145 et
2459 4103 2973 4159 praetereurrentes.
3011 4100 3102 4149 sed
3139 4099 3284 4154 intus
3307 4103 3417 4167 jam

1860 4179 2106 4234 colonias
2157 4182 2509 4235 instituent’es
2553 4197 2818 4251 quantum
2874 4198 2926 4241 et
2971 4192 3204 4254 qualiter
3236 4204 3289 4245 et
3328 4194 3417 4246 ubi

1857 4278 1912 4321 et
1937 4269 2159 4336 quando
2187 4271 2402 4326 animus
2433 4274 2702 4328 suadebat
2736 4289 2989 4347 regentes
3017 4282 3417 4355 imperioseque

1858 4360 2249 4428 gubernantes.

1932 4622 2023 4677 XI.
2056 4624 2297 4680 Brumali
2328 4638 2575 4697 tempore
2599 4631 2709 4700 jam
2737 4632 3022 4689 desinente
3052 4638 3228 4691 media
3262 4652 3419 4693 nocte

1858 4711 2001 4766 fama
2058 4715 2345 4768 subitanea
2374 4716 2693 4785 Byzantium
2732 4722 2922 4774 urbem
2949 4725 3219 4790 replevit,
3278 4728 3420 4781 intra

1862 4815 2049 4855 muros
2075 4803 2186 4871 jam
2219 4818 2341 4857 esse
2388 4805 2666 4871 juniorem
2718 4808 3080 4878 Palaeologum
3118 4815 3422 4880 imperato.

1858 4908 1997 4955 rem,
2036 4892 2275 4960 quicum
2311 4896 2518 4949 auxilio
2559 4899 2743 4966 populi
2791 4906 3002 4955 ex1erni
3032 4905 3193 4957 tertio
3234 4907 3320 4958 die
3357 4924 3425 4960 ex

1859 4983 2079 5037 Tenedo
2116 4984 2291 5039 insula
2321 4988 2795 5049 venisset.itinere
2830 4994 2949 5060 ipso
2981 4995 3138 5060 plane
3179 4998 3415 5059 occulto,

176 5067 372 5137 νήσου,
404 5066 635 5135 μηδενὸς
663 5068 996 5139 αἰσθομένου
1018 5074 1113 5125 τὸν
1148 5074 1427 5142 εἴσπλουν,
1464 5057 1752 5148 μεγίσταίς
1786 5057 1832 5115 D
1863 5074 1943 5127 dui

1786 5057 1832 5115 ί)
1863 5074 2081 5127 duobus
2117 5076 2428 5145 permagnis
2462 5078 2767 5133 biremibus
2797 5057 2963 5151 atque
2981 5057 3238 5140 sedecim
3287 5090 3415 5140 uni-

180 5158 280 5226 μὲν
307 5159 572 5227 τριήρεσι
602 5160 768 5225 δυοῖν,
803 5155 1088 5233 ’μονήρεσι
1116 5163 1162 5217 δ’
1206 5168 1507 5221 ἑκκαίδεκα
1545 5171 1633 5223 διὰ
1662 5174 1755 5224 τοῦ

178 5249 317 5318 πρὸς
365 5249 442 5301 ἔω
470 5249 692 5319 λιμένος
730 5253 825 5306 καὶ
876 5256 1106 5326 νεωρίου
1159 5259 1537 5327 εἰσελάσαντα,
1587 5258 1661 5316 ὧν
1702 5267 1755 5316 αἱ

181 5343 279 5405 μὲν
330 5340 547 5392 οἴκοθεν
590 5337 731 5412 ἦσαν
776 5343 926 5415 αὐτῷ
957 5352 1578 5420 προνεναυπηγημέναι,
1615 5356 1669 5407 αἱ
1713 5355 1757 5406 δ’

178 5432 242 5483 ἐκ
271 5431 508 5486 Τενέδου
538 5450 596 5485 τε
640 5436 733 5488 καὶ
770 5436 978 5490 Λέσϐου
1015 5441 1108 5492 καὶ
1154 5442 1378 5510 Λήμνου
1413 5446 1556 5495 κατὰ
1594 5446 1759 5513 μέρος

176 5521 567 5593 ⁴ίιθροισμένιιι,
614 5528 709 5580 καὶ
765 5529 818 5581 ετ
864 5546 1006 5593 τινες
1047 5526 1159 5584 είεν
1203 5534 1503 5604 αὐτόνομον
1543 5536 1761 5588 διαιτώ-

182 5630 334 5680 μενοι
396 5614 532 5683 βίον,
567 5617 662 5684 ὅγε
709 5619 817 5686 μὴν
864 5619 1319 5692 Καντακουζηνὸς
1374 5625 1432 5676 ἐν
1472 5626 1609 5694 ἀκοῇ
1666 5625 1758 5678 τοῦ

181 5704 561 5772 γεγενημένου
593 5708 889 5775 γενόμενος
937 5709 1042 5774 ἕξω
1085 5711 1184 5779 μέν
1215 5712 1322 5765 τῶν
1354 5712 1643 5780 βασιλείων
1672 5716 1761 5767 οὐ·

188 5792 335 5865 δαμῇ
378 5795 758 5867 ἐξεληλυθέναι
805 5799 1060 5868 ἐγνώκει,
1106 5802 1288 5867 δείσας
1337 5804 1438 5874 τὴν
1482 5805 1590 5860 τῶν
1656 5805 1758 5859 Βυ-

1866 5167 2112 5220 remibus
2153 5181 2249 5235 per
2287 5178 2508 5235 portum
2546 5171 2678 5223 solis
2715 5181 2897 5225 ortum
2940 5189 3130 5229 versus
3167 5175 3332 5229 sitmn
3370 5187 3427 5231 et

1866 5273 1962 5325 pcr
1995 5258 2208 5311 navalia
2236 5268 2427 5312 vectus
2454 5274 2569 5323 est,
2607 5277 2839 5329 quarum
2872 5266 3096 5318 navium
3128 5267 3245 5320 alia:
3274 5268 3420 5319 domi

1863 5356 2022 5399 erant
2052 5357 2407 5413 constructae,
2445 5350 2564 5404 alite
2604 5350 2763 5420 242
2802 5368 2866 5405 ex
2908 5353 3131 5408 Tenedo
3158 5369 3209 5409 et
3247 5357 3425 5410 Lesbo

1864 5448 1918 5491 et
1950 5437 2156 5490 Lemno
2172 5455 2237 5493 ex
2267 5450 2423 5507 parte
2442 5444 2757 5505 conductaa;
2780 5454 2837 5498 et
2869 5446 2912 5498 si
2948 5448 3039 5514 qui
3078 5448 3304 5500 liberam
3342 5449 3422 5501 νὶ-

1864 5538 1973 5579 tam
2023 5531 2278 5595 agebant.
2324 5530 2564 5584 Cantacu
2589 5546 2784 5595 lenus,
2808 5547 3093 5603 postquam
3131 5554 3253 5605 qua:
3285 5539 3425 5592 facta

1863 5628 2025 5672 erant
2059 5622 2264 5681 audiit,
2300 5636 2329 5673 e
2370 5623 2516 5690 regia
2550 5625 2699 5677 exire
2732 5628 2890 5694 plane
2928 5630 3149 5683 nolebat
3172 5670 3185 5689 ,
3223 5631 3420 5700 Byzan-

1870 5711 2111 5766 tinorum
2145 5714 2510 5766 extimescens
2546 5714 2846 5783 impetum,
2882 5722 2976 5786 qui
3017 5730 3175 5773 antea
3208 5737 3419 5791 magno.

1866 5820 1997 5874 pere
2050 5806 2153 5861 sibi
2203 5807 2571 5863 irascerentur
2613 5821 2666 5861 et
2713 5818 2937 5878 propter
2982 5827 3079 5871 ea.
3116 5827 3235 5880 qltae
3268 5826 3425 5866 aunt;
