4264 6362
804 410 861 468 21
883 415 895 467 l
2023 419 2438 479 NiCEPHORI
2479 422 2857 483 GREGOILE

3934 388 3996 482 εἰ
4009 418 4044 479 2

802 523 936 582 divi,
961 532 1014 577 et
1046 525 1170 592 quia
1209 525 1411 592 patrias
1446 528 1727 596 religionis
1750 529 1896 606 leges
1920 531 2365 600 contempsisset,
2398 538 2440 592 Α
2475 539 2486 598 ς

2362 570 2365 588 .
2398 538 2440 592 Α
2475 537 2706 598 ςαντίων
2749 537 2951 605 ὁρμὴν,
2982 535 3360 606 ὴρεθιαμένων
3413 531 3578 584 πάλαι
3637 503 3881 598 σφοδρῶς
3920 527 4046 580 κατ’

806 615 1080 680 simulque
1113 615 1485 672 Romanorum
1515 602 2164 674 relictorumllibertalem
2188 621 2372 674 abole-

804 718 824 751 ι
842 705 962 771 it,ip
997 721 1167 774 osque
1188 710 1238 761 in
1259 712 1546 763 servitium
1573 711 1796 763 tradidit
1819 712 2069 764 barbaris
2093 711 2374 764 hostibus-

801 810 909 880 que
959 797 1255 858 luereticis.
1296 801 1440 853 Misit
1469 803 1616 854 cnim
1652 818 1759 856 non
1792 803 2085 856 admodum
2120 804 2373 856 volunta-

804 889 916 941 rios
947 905 977 943 e
1005 881 1149 955 regia
1166 901 1221 944 et
1254 896 1582 948 convocavit
1613 896 2155 963 Simuluspriucipes,
2176 911 2369 949 eorum

804 990 860 1031 ut
895 983 1124 1034 consilio
1163 992 1412 1036 uteretur
1449 985 1590 1038 inter
1628 987 1918 1038 Catelaunos
1957 986 2051 1038 diu
2098 987 2204 1055 jam
2244 1003 2367 1038 cum

802 1089 868 1123 eo
905 1073 1214 1130 habitantes
1247 1091 1478 1130 numero
1521 1087 1766 1136 oculum,
1812 1076 1857 1128 si
1896 1093 2020 1130 cum
2057 1079 2224 1130 armis
2268 1093 2368 1142 pu-

802 1180 973 1233 gnans
990 1165 1169 1218 adiret
1189 1168 1363 1235 regios
1387 1183 1571 1219 muros
1596 1167 1932 1235 Palzeologus
1960 1168 2111 1234 imp.,
2134 1183 2269 1220 neve
2297 1165 2372 1219 illi

801 1257 988 1324 potius
1018 1269 1210 1311 contra
1239 1273 1364 1310 eum
1397 1259 1654 1311 auxiliari
1687 1269 2016 1328 cogerentur
2046 1259 2228 1312 liberi.
2265 1258 2372 1312 Sed

805 1346 915 1398 Deo
953 1360 1058 1398 non
1090 1345 1394 1413 opitulante
1427 1346 1610 1398 omnia
1636 1355 1766 1399 sunt
1801 1345 2149 1412 pessumdata
2177 1363 2190 1408 ;
2229 1345 2374 1397 inse-

803 1438 992 1504 quenti
1024 1439 1174 1491 enim
1205 1437 1294 1490 die
1332 1438 1616 1507 Byzantini
1651 1453 1776 1489 cum
1815 1453 1883 1489 eo
1923 1437 2143 1489 fortiter
2176 1436 2371 1488 urbem

800 1531 1076 1584 obsident.
1130 1530 1192 1582 Et
1242 1533 1559 1598 priusquam
1611 1530 1723 1583 duo
1779 1529 1878 1581 toti
1929 1528 2048 1581 dies
2098 1529 2374 1597 praeterie-

801 1632 933 1675 runt
956 1661 968 1680 .
1001 1622 1298 1674 sarmentis
1337 1622 1524 1675 multis
1560 1621 1922 1675 incendentes
1954 1635 2075 1673 eam
2100 1659 2114 1682 ,
2145 1635 2268 1688 quae
2305 1617 2372 1670 ad

800 1712 1208 1765 Blacliernonse
1239 1712 1503 1780 templum
1532 1728 1751 1766 sacrum
1785 1711 1938 1764 ducit
1973 1720 2182 1780 portam
2213 1723 2375 1777 aper-

803 1813 911 1856 tam
949 1802 1231 1857 inferioris
1266 1804 1456 1872 palatii
1489 1843 1504 1866 ,
1542 1803 1718 1857 eﬂ‘uso
1752 1804 1957 1870 impetu
1993 1800 2370 1866 incurrebant,

2475 626 2661 691 αὐτοῦ,
2693 628 2762 682 τά
2786 644 2844 679 τε
2876 625 3012 681 ἄλλα
3043 625 3216 678 ὁπόσα
3243 625 3505 685 πολλάκις
3538 621 3705 689 ἔφθην
3733 622 3924 680 εἰπὼν,
3947 617 4044 668 καὶ

2474 720 2556 770 ὅτι
2589 719 2714 781 τούς
2751 725 2812 772 τε
2851 720 2948 787 τῆς
2982 717 3267 777 εὐσεϐείας
3306 715 3570 781 πατρίους
3611 711 4045 776 καταπεπὰτηκε

2473 812 2696 877 νόμους,
2719 811 2812 864 καὶ
2836 811 2938 880 τὴν
2956 811 3062 863 τῶν
3086 808 3584 872 ἐναπολειφθέντων
3605 805 3722 872 ἅμα
3757 803 4048 866 Ῥωμαίων

2475 905 2795 974 ἐλευθερίαν
2840 903 3174 972 ἀφελόμενος
3216 899 3491 953 δουλεύειν
3553 897 3751 956 αὐτοὺς
3796 894 4048 946 ἐδεδώκει

2477 998 2776 1067 βαρϐάροις
2804 998 2897 1049 καὶ
2931 996 3186 1048 ἀσεϐέσιν
3214 993 3446 1062 ἐχθροῖς.
3485 991 3714 1056 Πέμψας
3756 987 3799 1038 δ’
3825 985 3916 1037 οὖν
3949 983 4051 1050 τὴν

2476 1093 2738 1159 ταχίστην
2775 1090 2923 1149 ἐντὸς
2944 1090 3229 1158 βασιλείων
3263 1085 3325 1156 [ί.
3359 1084 3461 1137 τοι
3493 1081 3567 1152 tui
3607 1082 3668 1132 ού
3707 1078 3852 1146 μάλα
3897 1077 4053 1126 ἐκου-

2475 1201 2572 1244 τας
2610 1182 2852 1248 ἀθροίζει
2898 1182 3025 1238 τοὺς
3051 1183 3149 1247 τῆς
3205 1177 3510 1242 συγκλήτου
3563 1169 3924 1240 προῦχοντας,
3958 1167 4053 1215 ἵνα

2475 1289 2532 1323 τε
2575 1274 2886 1340 συμμάχοις
2920 1271 3099 1339 χρῷτο
3127 1270 3221 1321 καὶ
3252 1269 3432 1326 αὐτοῖς
3467 1265 3604 1333 μετὰ
3626 1262 3734 1314 τῶν
3761 1262 3820 1310 ἐκ
3848 1255 4050 1307 πολλο]

2479 1364 2872 1415 συνοικούντων
2900 1363 3046 1424 αὐτῷ
3082 1359 3435 1418 Κατελάνων,
3470 1358 3550 1416 είς
3580 1352 3772 1405 ἐκατδν
3807 1347 4058 1414 ἀνηγμέ-

2476 1471 2582 1505 νων
2607 1454 2697 1504 τὸν
2732 1453 2990 1523 ἀριθμὸν,
3024 1450 3188 1502 ὁπότε
3230 1449 3372 1500 ἐπίοι
3431 1447 3530 1497 σὺν
3578 1442 3765 1502 ὅπλοις
3808 1438 4058 1502 πολεμη-

2479 1546 2640 1597 σείων
2675 1544 2859 1609 κύκλῳ
2887 1545 2951 1596 τά
2982 1541 3228 1610 βασίλεια
3254 1539 3409 1606 τείχη
3449 1533 3812 1597 Παλαιολὸγος
3838 1530 3864 1579 ὸ
3892 1528 4056 1594 βασι-

2475 1640 2624 1700 λεὺς,
2667 1637 2760 1689 καὶ
2795 1638 2882 1688 ἵνα
2909 1636 2982 1705 μὴ
3016 1635 3207 1702 ἐκείνῳ
3247 1631 3447 1700 μᾶλλον
3474 1629 3593 1680 κατ’
3629 1624 3794 1678 αὑτοῦ
3831 1637 4057 1688 συμμα-

2477 1734 2593 1800 χεῖν
2627 1729 3055 1797 ἀναγκασθῶσιν
3086 1726 3365 1794 ἐλεύθεροι
3396 1719 3755 1783 δντες.Ἀλλά
3787 1715 3881 1766 τοῦ
3914 1709 4057 1764 Θεοῦ

2482 1799 2558 1888 μὴ
2590 1820 2984 1886 συναιρομένου
3031 1815 3096 1868 τὰ
3141 1815 3319 1867 πάντα
3370 1809 3797 1875 ἀντέστραπται.
3834 1802 3916 1870 Τῇ
3946 1799 4056 1864 γὰρ

803 1898 857 1941 ει
923 1887 1219 1944 Castellum
1271 1891 1417 1958 quod
1473 1891 1665 1944 dicunt
1713 1901 2085 1958 expugnatum
2141 1888 2368 1957 diripic-
2409 1881 2487 1934 θ’

2409 1881 2451 1934 Β
2487 1909 2750 1977 ὑστεραία
2793 1904 3490 1976 περιστρατοπεδεύσαντες
3526 1899 3641 1967 ἅμα
3671 1893 3821 1961 αὐτῷ
3849 1891 4057 1948 πάντες

801 1981 933 2036 bant
979 1990 1039 2034 ut
1084 1981 1268 2038 libuit.
1304 1983 1398 2037 His
1437 1985 1510 2036 ita
1546 1983 1716 2051 gestis
1761 1997 1884 2036 cum
1940 1982 1992 2035 in
2055 1984 2202 2048 regia
2231 1981 2374 2034 mola

805 2088 1028 2140 prorsus
1068 2073 1215 2126 nulla
1251 2073 1614 2136 esset,l‘arina
1636 2072 1852 2126 triticea
1875 2080 1929 2124 et
1963 2069 2119 2138 panis
2150 2081 2376 2138 propter

803 2166 1167 2220 calamitatem
1202 2163 1362 2236 243
1399 2165 1681 2233 inopinato
1718 2167 2066 2232 ingruentem
2113 2181 2222 2219 nou
2248 2182 2378 2233 sup-

806 2258 1090 2326 petebant,
1127 2272 1306 2324 neque
1341 2256 1385 2307 is
1415 2257 1508 2323 qui
1557 2272 1654 2324 per
1685 2257 1927 2326 singulos
1974 2259 2090 2312 dies
2123 2274 2376 2312 necessa-

805 2353 924 2407 rius
954 2363 1074 2406 erat
1100 2360 1355 2419 sumptus
1377 2389 1392 2413 ,
1425 2359 1480 2404 et
1507 2349 1670 2403 simul
1702 2365 1949 2403 murmur
1981 2361 2037 2404 et
2063 2366 2201 2420 quas
2227 2353 2377 2404 intus

807 2431 912 2498 Sibi
947 2443 1180 2496 invicem
1220 2441 1474 2495 fecerunt
1505 2441 1686 2494 callidi
1725 2443 1799 2495 illi
1837 2444 1938 2494 viri
1976 2443 2374 2496 insusurratio-

805 2551 903 2587 nes
957 2531 1418 2586 ctCantacuzeuo
1441 2530 1597 2585 factae
1651 2531 2068 2586 criminationes
2123 2548 2372 2600 magnam

804 2625 1101 2679 movebant
1147 2623 1513 2687 seditionem,
1555 2624 1822 2691 cogebant
1869 2623 2048 2678 fmdus
2095 2639 2219 2677 cum
2271 2625 2373 2676 Pa-

804 2714 1031 2782 licologo
1062 2713 1196 2780 imp.
1233 2712 1388 2779 prius
1421 2713 1557 2764 inire
1580 2752 1594 2775 ,
1626 2727 1790 2779 quam
1846 2729 1933 2766 res
1987 2712 2130 2766 ferre
2178 2713 2375 2766 crude-

805 2808 1061 2861 lissimas.
1084 2805 1219 2859 Cum
1249 2803 1412 2872 igitur
1431 2803 1619 2872 paucis
1637 2803 1831 2856 diebus
1854 2819 1941 2857 res
1961 2803 2066 2857 illa:
2085 2805 2158 2856 ita
2189 2813 2374 2857 essent

804 2902 1133 2958 ronstitutm,
1165 2904 1220 2948 et
1253 2894 1459 2948 ﬁndere
1505 2902 1562 2946 ut
1591 2903 2068 2963 peuesutrumque
2097 2907 2241 2949 esset
2271 2896 2374 2948 im-

802 2982 1016 3060 perium
1048 2989 1376 3050 sanxissent,
1417 2986 1536 3039 sine
1591 2985 1902 3054 suspicione
1951 3002 2074 3040 sese
2136 2987 2369 3041 invicem

804 3082 1032 3134 adibant
1083 3078 1656 3145 consuetudinemque
1685 3089 2086 3133 contraxerunt
2128 3081 2269 3133 intra
2315 3089 2371 3134 et

803 3183 956 3228 extra
992 3171 1193 3241 regiam
1222 3188 1235 3234 ;
1271 3172 1625 3240 quamobrem
1652 3171 1998 3239 perturbatio
2022 3183 2077 3225 et
2101 3172 2368 3226 tumultus

806 3268 1172 3320 movebantur
1202 3264 1497 3318 admodum
1543 3265 1842 3319 insidiosus
1868 3281 2083 3332 semper
2123 3266 2373 3335 Byzanti-

806 3358 928 3417 nis,
957 3357 1050 3427 qui
1085 3357 1348 3410 conviciis
1382 3355 1859 3423 persequebantur
1891 3357 2070 3425 ipsum
2101 3356 2377 3411 Cantacu-

809 3465 1003 3502 zenuui
1029 3489 1042 3510 .
1073 3451 1166 3517 qui
1203 3463 1328 3501 eum
1368 3448 1545 3500 adorti
1581 3457 1767 3500 essent
1803 3455 1967 3514 atque
2004 3447 2376 3511 minabantur,

811 3557 871 3594 se
905 3556 1037 3594 suos
1071 3540 1278 3606 gladios
1312 3539 1377 3592 ad
1414 3539 1589 3607 ipsum
1628 3536 2076 3591 interficiendum
2114 3553 2235 3590 esse
2267 3539 2374 3591 tiu-

808 3640 1018 3693 cturos,
1039 3629 1143 3682 nisi
1175 3629 1658 3682 celerrime.vestes
1689 3629 1864 3696 regias
1889 3644 2012 3681 cum
2048 3628 2236 3680 babilu
2263 3643 2382 3679 m0-

809 3721 1021 3775 nastico
1053 3733 1310 3773 mutaret.
1334 3720 1572 3787 Indeque
1602 3730 1716 3784 post
1745 3736 1849 3773 uou
1881 3719 2081 3773 multos
2110 3721 2227 3774 dies
2259 3720 2382 3774 reli-

810 3815 929 3880 quit
976 3823 1136 3864 noctu
1188 3811 1746 3880 palatium,mouachi
1796 3824 1944 3864 veste
1985 3811 2228 3876 indutus,
2275 3827 2380 3864 una

811 3920 935 3958 cum
971 3918 1160 3967 uxore,
1192 3904 1305 3971 ipse
1335 3903 1568 3971 Joasapb
1595 3904 2012 3971 cognominatus
2036 3945 2049 3968 ,
2083 3904 2166 3956 illa
2197 3913 2378 3955 autem

813 3996 1080 4065 Eugenia.
1125 3995 1247 4064 Ipse
1289 3998 1339 4046 in
1378 3994 1768 4062 Manganorum
1805 3996 2198 4048 monasterium
2239 3995 2384 4049 refu-

812 4088 1030 4155 giebat,
1080 4085 1170 4137 illa
1211 4093 1394 4138 autem
1445 4083 1498 4136 in
1549 4082 1598 4135 id
1661 4083 1807 4151 quod
1859 4084 2085 4136 Marthae
2155 4085 2379 4140 dicitur.

814 4178 1199 4245 Sequebantur
1247 4190 1342 4227 eos
1389 4190 1498 4227 non
1547 4174 1724 4226 solum
1773 4185 1835 4228 e'a
1888 4175 2069 4254 oni-nia
2123 4192 2244 4245 qua:
2313 4179 2379 4230 ad

817 4273 988 4324 witam
1037 4269 1452 4323 sustentandam
1507 4268 1814 4320 necessaria
1867 4279 2028 4330 sunt,
2074 4270 2168 4322 sed
2217 4272 2382 4322 etiam

815 4367 1158 4434 quiecunque
1202 4363 1256 4414 in
1293 4359 1453 4430 244
1491 4361 1640 4424 regio
1679 4362 1874 4414 :erario
1927 4364 2179 4430 reposita:
2226 4376 2386 4418 erant

815 4457 1017 4510 divitia:
1043 4455 1230 4508 faciles
1265 4461 1503 4521 portatu,
1533 4452 1830 4520 Palreologo
1863 4454 1992 4521 imp.
2025 4454 2268 4523 ipsorum
2302 4474 2386 4509 sa-

817 4548 916 4601 luti
954 4547 1351 4615 prospiciente.

2484 2002 2772 2062 Βυζάντιοι
2823 1997 3156 2070 ἐρρωμένως
3191 1993 3570 2059 ἐπολιόρκουν.
3604 1988 3715 2040 Καὶ
3757 1985 3888 2052 πρὶν
3922 1981 4056 2038 ὅλας

2483 2093 2575 2145 δύο
2622 2091 2915 2160 παρελθεῖν
2952 2089 3187 2157 ἡμέρας,
3240 2085 3538 2152 φρυγάνοις
3590 2078 3804 2136 πολλοῖς
3841 2070 4058 2160 πυρπο-

2484 2157 2752 2251 λήσαντες
2795 2182 2896 2249 τὴν
2941 2178 3076 2247 πρὸς
3125 2177 3216 2228 τὸν
3246 2177 3304 2226 ἐν
3354 2171 3686 2239 Βλαχέρναις
3719 2165 3860 2216 θεῖον
3913 2157 4057 2212 νεὼν

2485 2270 2849 2340 ἀνοιγομένην
2880 2269 3056 2333 πύλην
3083 2266 3178 2319 τοῦ
3205 2265 3355 2317 κάτω
3379 2259 3664 2315 παλατίου,
3693 2251 4059 2322 είσερρύησαν

2484 2366 2698 2433 ἀσχέτῳ
2754 2363 2922 2432 ῥύμῃ,
2977 2362 3072 2412 καὶ
3119 2357 3180 2411 τὸ
3224 2354 3524 2409 Καστέλιον
3567 2350 3710 2402 οὕτω
3758 2345 4058 2433 λεγόμενον

2485 2452 3010 2524 ἐξηνδραποδίσαντό
3047 2468 3105 2503 τε
3139 2448 3235 2502 καὶ
3261 2446 3602 2512 διενείμαντο
3635 2439 3776 2491 κατά
3802 2438 3942 2503 σφᾶς
3981 2432 4059 2492 ὡς

2482 2550 2792 2601 ἐϐούλοντο.
2835 2545 3042 2597 Τούτου
3084 2543 3128 2594 δ’
3177 2539 3321 2592 οὕτω
3375 2532 3809 2600 συνενεχθέντος,
3863 2524 4058 2590 ἐπειδὴ

2484 2641 2776 2713 βασιλείων
2834 2637 2983 2699 ἐντὸς
3036 2634 3200 2704 μύλος
3261 2631 3357 2699 μὲν
3401 2629 3605 2696 ἥκιστα
3645 2617 3734 2690 ἦν,
3768 2620 3971 2713 ἄλευρα
3999 2613 4059 2665 δὲ

2482 2711 2577 2788 καὶ
2624 2733 2780 2801 ἄρτοι
2828 2731 2916 2782 διὰ
2937 2727 2998 2779 τὸ
3033 2727 3130 2794 τῆς
3156 2722 3440 2792 συμφορᾶς
3475 2719 3739 2782 ἀδόκητον
3769 2711 3827 2761 ού
3858 2723 4057 2801 προῳ-

2483 2825 2811 2893 κονόμηντο,
2838 2822 2872 2890 ἥ
2921 2837 2977 2870 τε
3023 2818 3146 2871 καθ’
3189 2814 3400 2883 ἡμέραν
3441 2809 3654 2873 δαπάνη
3681 2803 3774 2855 τοῦ
3815 2798 4059 2868 πλήθους

2481 2889 2699 2970 ἔνδοθεν
2732 2889 3110 2982 ἀπαραίτητον
3140 2907 3239 2975 τὴν
3263 2903 3527 2973 χορηγίαν
3560 2897 3783 2986 ἀπῄτει,
3824 2895 3917 2986 καὶ
3939 2889 4059 2986 ἅμα

2480 3011 2508 3058 ὁ
2541 3002 2862 3072 γογγυσμὸς
2901 3002 2997 3050 καὶ⁵
3044 2999 3091 3048 oi
3131 2994 3266 3063 πρὸς
3296 2991 3559 3058 ἀλλήλους
3591 2982 3916 3072 ψιθυρισμοί
3946 2982 4061 3072 τῶν

2480 3067 2634 3155 ἐντὸς
2662 3067 3024 3158 πολυτρόπων
3064 3085 3289 3136 ἐκείνων
3319 3077 3530 3147 ἀνδρῶν
3561 3077 3654 3127 καὶ.
3701 3073 3755 3124 αἱ
3785 3067 3928 3121 κατά
3960 3067 4059 3117 τοῦ

2487 3179 2951 3250 Καντακουζηνοῦ
2987 3176 3245 3244 λοιδορίαι
3296 3170 3499 3238 πολλὴν
3538 3167 3727 3219 ὧδινον
3779 3162 3880 3229 τὴν
3931 3174 4039 3250 κατ

2486 3274 2652 3329 αὐτοῦ
2694 3245 2932 3339 κίνησιν,
2958 3269 3037 3328 είς
3071 3266 3311 3328 ἀνάγκας
3357 3259 3571 3327 ἦλασαν
3619 3248 3944 3304 σπείσασθαι
3979 3245 4062 3339 τῷ

2485 3366 2722 3436 γαμϐρῷ
2757 3337 2853 3414 καὶ
2892 3358 3102 3429 βασιλεῖ
3133 3351 3510 3416 Παλαιυλόγῳ,
3540 3345 3671 3436 πρλν
3701 3344 3734 3410 ἢ
3762 3339 3957 3436 παθεῖν
3990 3337 4062 3436 τὰ.

2484 3430 2781 3527 ἀνήκεστα,
2829 3451 3088 3520 Βραχέων
3121 3443 3214 3499 οὖν
3258 3443 3408 3504 ἐντὸς
3458 3433 3684 3509 ἡμερῶν
3722 3430 4060 3527 οὑτωσὶ

2485 3549 2830 3619 πραγμάτων
2862 3543 3086 3596 ἐκείνων
3113 3536 3520 3590 συνελαθέντων
3547 3530 3641 3583 καί
3664 3527 3770 3580 τῶν
3811 3522 4060 3577 σπονδῶν

2485 3645 2578 3694 ἐπὶ
2612 3641 2687 3706 τῷ
2724 3635 3031 3706 βασιλεύειν
3075 3631 3242 3698 ἄμφω
3283 3623 3687 3694 γεγενημένων,
3723 3616 4061 3706 ἀνυπόπτως

2484 3731 2586 3800 ἤδη
2619 3699 2932 3797 προσῄεσαν
2959 3720 3051 3772 καὶ
3080 3716 3321 3785 ὡμίλουν
3345 3709 3595 3777 ἀλλήλοις
3619 3703 3737 3800 Δ’τῶν
3769 3699 4064 3800 βασιλείων

2485 3791 2833 3875 οἴκων-ἔνδον
2864 3814 2987 3881 ἅμα,
3021 3811 3111 3862 καὶ
3144 3809 3280 3872 ἔξω·
3315 3803 3397 3855 διὸ
3433 3801 3528 3852 καὶ
3570 3793 3829 3862 σύγχυσίς
3858 3807 3919 3841 τε
3963 3791 4064 3839 καὶ

2489 3912 2720 3980 θόρυϐος
2754 3909 3011 3974 ἠγείρετο
3046 3899 3250 3968 σφόδρα
3306 3895 3518 3961 ἄσημος
3559 3888 3699 3942 κατά
3743 3885 3801 3980 τὸ
3832 3881 4063 3980 συνεχές

2489 4005 2624 4074 πρὸς
2673 3999 2985 4062 Βυζαντίων
3021 3994 3160 4046 κατὰ
3212 3989 3504 4058 πρόσωπόν
3563 3999 3622 4035 τε
3674 3979 3766 4031 καὶ
3821 3974 4062 4033 ἀναιδῶς

2487 4067 2871 4163 λοιδορούντων
2915 4087 3079 4139 αὑτὸν
3114 4074 3567 4143 Καντακουζηνδν
3598 4073 3691 4124 καὶ
3745 4067 4064 4163 ἐπιπηδώνῖ

2485 4205 2592 4240 των
2619 4184 2789 4251 αύτῷ,
2817 4183 2912 4233 καὶ
2945 4183 3000 4230 ἐν
3023 4173 3380 4243 ἐπαγγελίαις
3401 4171 3569 4221 ὄντων
3596 4167 3736 4217 κατὰ
3762 4161 3859 4228 τῆς
3887 4158 4060 4211 αὑτοῦ

2489 4277 2701 4343 σφαγῆς
2735 4273 2803 4325 τὰ
2854 4270 2960 4322 ἴδια
3014 4268 3239 4335 βάπτειν
3291 4261 3442 4328 ξίφη,
3475 4260 3521 4308 εί
3553 4255 3628 4324 μὴ
3661 4253 3759 4318 τὴν
3790 4251 4063 4316 ταχίστην

2489 4369 2624 4437 πρὸς
2675 4365 2736 4417 τὸ
2775 4362 3058 4432 μοναδικὶν
3111 4359 3210 4424 τὴν
3253 4353 3527 4423 βασίλειον
3579 4347 3786 4416 ἀμείψῃ
3837 4344 4062 4437 στολήν..

2493 4460 2686 4512 Ἔνθεν
2721 4476 2802 4508 τοι
2829 4457 2922 4507 καὶ
2955 4455 3072 4520 μετ’
3104 4453 3162 4502 ού
3194 4447 3398 4507 πολλὰς
3423 4443 3520 4504 τὰς
3548 4443 3757 4508 ἡμέρας
3785 4435 3934 4503 ἐξῄει
3962 4432 4058 4484 τοῦ

2419 4553 2457 4601 Ι)
2487 4551 2773 4609 παλατίου,
2805 4549 2866 4599 τὸ
2900 4544 3185 4614 μοναδικδν
3216 4537 3594 4608 ἠμφιεσμένος
3621 4532 3829 4600 σχῆμα,
3874 4527 3968 4590 ξύν
3997 4542 4060 4590 γε

817 4645 884 4710 τῇ
918 4641 1168 4709 ὀμοζύγῳ
1200 4639 1412 4698 νυκτὸς,
1446 4639 1609 4698 αὐτὸς
1659 4637 1758 4703 μὲν
1797 4637 2034 4704 Ίωάσαφ
2085 4644 2532 4710 μετονομασθεὶς,
2571 4643 2602 4711 ὴ
2635 4642 2679 4692 δ’
2741 4638 2993 4704 Εὖγενία,
3056 4636 3150 4686 καὶ
3197 4635 3224 4684 ὁ
3259 4631 3356 4698 μὲν
3409 4631 3487 4687 εἰς
3548 4625 3646 4693 τὴν
3680 4623 3789 4673 τῶν
3825 4621 4059 4685 Μιγγά-

820 4754 926 4787 νων
977 4735 1144 4804 μονὴν
1183 4735 1537 4800 μετοικήσας,
1613 4731 1646 4798 ἡ
1698 4731 1742 4782 δ’
1797 4731 1876 4792 είς
1937 4731 2034 4798 τὴν
2071 4735 2169 4794 τῆς
2220 4736 2447 4804 Μάρθας
2490 4735 2690 4787 οὑτωσὶ
2724 4729 3092 4797 κεκλημένην.
3127 4727 3324 4777 Εἵπετο
3365 4723 3410 4774 δ’
3445 4720 3632 4778 αὐτοῖς
3672 4715 3746 4785 μὴ
3802 4715 3965 4782 μόνον
4005 4713 4061 4763 iv

819 4828 981 4881 πανίΓ
1023 4827 1123 4878 ὃσα
1168 4823 1306 4892 πρὸς
1365 4825 1424 4874 τὸ
1456 4821 1554 4889 ζῇν
1615 4823 1914 4888 ἀναγκαῖα,
1950 4821 2086 4874 ἀλλά
2149 4825 2243 4877 καὶ
2292 4828 2411 4889 ὅσος
2450 4830 2560 4888 τοῖς
2618 4825 2915 4893 βασιλικοῖς
2983 4819 3254 4887 ταμιείοις
3312 4814 3468 4881 ἔτυχε
3503 4812 3642 4870 τέως
3693 4807 4061 4875 ἠθροισμένος

821 4922 1072 4984 πλοῦτος,
1105 4918 1358 4983 καθάπαξ
1388 4918 1532 4978 ἄπας
1565 4918 1865 4988 συλλήϐδην
1892 4921 2066 4973 εἰπεῖν
2095 4922 2377 4989 ἀγώγιμος
2422 4921 2601 4989 σφίσιν
2664 4920 2846 4970 εἵπετο
2882 4918 2975 4968 καὶ
3020 4912 3203 4973 αὐτὸς,
3246 4905 3616 4972 Παλαιολόγου
3661 4901 3755 4953 τοῦ
3789 4898 4059 4966 βασιλέως

819 5013 1053 5072 ἐνδόντος
1079 5011 1216 5062 αἰδοῖ
1245 5010 1337 5062 τοῦ
1367 5008 1586 5077 κήδους.

897 5108 1010 5161 ΧΠ.
1079 5106 1186 5160 Sed
1234 5105 1478 5158 breviter
1524 5101 1756 5157 dicenda
1801 5113 1930 5157 sunt
1973 5122 2094 5173 quze
2138 5109 2384 5175 contige-

821 5209 950 5252 runt
977 5213 1038 5248 eo
1071 5205 1314 5261 tempore
1345 5194 1632 5247 Pliilotbeo
1670 5194 1992 5258 patriarchae
2018 5236 2030 5254 ,
2063 5197 2149 5246 cui
2187 5195 2383 5249 Cocci-

822 5311 895 5345 nu
946 5304 1249 5358 cognomen
1280 5295 1420 5341 erat.
1464 5287 1556 5338 list
1588 5295 1769 5340 autem
1805 5289 1981 5339 oratio
2019 5289 2183 5354 paulo
2220 5290 2385 5341 altius

822 5380 1125 5450 repetenda
1152 5380 1239 5441 iis,
1264 5379 1467 5446 quibus
1495 5377 1750 5429 audiendi
1779 5377 2111 5430 desiderium
2137 5389 2241 5439 est.
2265 5395 2385 5447 qum

824 5472 1109 5540 ειιπίῳῑὶο
1140 5471 1324 5524 divina
1357 5472 1519 5522 etiam
1557 5469 1620 5527 ;iu
1672 5484 1796 5520 cum
1834 5470 2060 5522 irrucrit
2095 5471 2159 5521 ad
2196 5486 2386 5537 reprc-

824 5565 1170 5620 liciulendam
1193 5565 1427 5630 ineptam
1448 5562 1924 5629 peruiciosamque
1947 5565 2387 5614 ostentationem.

827 5657 934 5710 Res
964 5664 1081 5708 erat
1117 5657 1250 5707 brec.
1286 5654 1495 5708 Accidit
1535 5655 1586 5706 in
1626 5654 1953 5706 monasterio
2018 5653 2159 5721 quod
2196 5653 2388 5706 Cralzci

827 5750 1053 5811 dicitur,
1096 5758 1153 5801 ut
1189 5763 1402 5800 sacrum
1443 5750 1806 5814 fragmentum
1843 5765 1871 5798 ιι
1904 5747 2081 5813 capite
2117 5761 2289 5813 usque
2327 5747 2391 5796 al

829 5840 994 5913 pedes
1016 5839 1289 5907 exemplar
1307 5838 1574 5892 exhibens
1593 5837 1963 5891 membrorum
1980 5834 2394 5899 omniumim'e-

2564 5106 2623 5177 [Γ.
2663 5104 2764 5158 125
2796 5103 2868 5173 r.]
2902 5099 3000 5154 lB'.
3049 5098 3207 5151 Ἀλλὰ
3240 5095 3456 5147 λεκτέον
3498 5094 3629 5159 ἡμῖν
3659 5089 3934 5158 ἐνζβραχεί
3968 5091 4063 5141 καὶ

2491 5200 2587 5249 ὅσα
2621 5194 2920 5263 τηνικαῦτα
2947 5191 3320 5258 συμπέπτωκε
3363 5184 3680 5252 πατριάρχῃ
3709 5180 3951 5247 Φιλοθέῳ
3987 5180 4061 5246 τῷ

2495 5287 2914 5353 ἐπικεκλημένῳ
2969 5281 3256 5344 Κοκκίνῳ·
3317 5276 3422 5345 χρὴ
3463 5276 3569 5342 γὰρ
3599 5271 3830 5324 ἐνταῦθα
3863 5272 4062 5339 μικρὸν

2493 5377 2876 5443 ἀναδραμόντα
2909 5374 2986 5441 τῷ
3019 5373 3161 5440 λόγῳ
3189 5369 3359 5434 δεῖξαι
3391 5366 3468 5428 οἷς
3505 5367 3724 5418 ἀκούειν
3755 5367 3943 5431 ἔφεσις
3975 5367 4061 5417 οἵα

2495 5475 2585 5520 καὶ
2616 5469 2789 5536 τούτῳ
2847 5466 3030 5516 θεόθεν
3081 5465 3145 5514 ἐκ
3177 5462 3269 5513 τοῦ
3306 5461 3488 5527 σχεδὸν
3526 5457 3794 5526 ἐνέσκηψε
3840 5459 4062 5510 παιδεία

2493 5562 2627 5628 πρὶς
2660 5561 2881 5625 ἔλεγχον
2905 5557 3002 5622 τῆς
3031 5555 3259 5620 ἀκαίρου
3292 5553 3386 5604 καὶ
3410 5552 3686 5618 σφαλερᾶς
3710 5552 4058 5619 καυχήσεως.

2496 5653 2661 5720 Ἔσχε
2687 5653 2795 5717 γαρ
2831 5649 3049 5699 οὑτωσί.
3097 5646 3342 5711 Ἐγένετο
3391 5643 3531 5695 κατὰ
3559 5646 3656 5710 τὴν
3685 5646 3854 5712 μονὴν
3881 5645 3915 5711 ἢ
3967 5642 4059 5693 τοῦ

2496 5739 2775 5810 Κραταίοῦ
2810 5737 3188 5802 ἐπικέκληται,
3239 5735 3488 5801 λείψανον
3537 5733 3680 5800 ἱερὸν
3713 5735 3775 5782 ἐκ
3815 5731 4057 5796 κεφαλῆς

2495 5832 2619 5898 ἄχρι
2651 5827 2825 5880 ποδῶν
2865 5826 3122 5886 ἀνενδεῶς
3159 5824 3266 5876 τῶν
3305 5823 3481 5891 μελῶν
3528 5822 3781 5873 ἁπάντων
3815 5820 3937 5888 ἔχον
3968 5822 4053 5870 εύ-
