4264 6362
174 384 284 449 213

1211 392 1655 454 ΒΥΖΑΝΤΙΝιΕ
1696 394 2075 459 lIlSTOllLE
2120 394 2257 452 LIB.
2309 394 2501 451 XXIX

3332 399 3436 479 ιιι

178 499 382 566 ρὶίσθιι
425 502 565 570 πρὸς
596 503 707 558 τῶν
739 506 857 558 ἐκεῖ
900 507 1256 576 μοναζουσῶν
1289 513 1587 578 γυναικῶν.
1629 512 1763 581 Περὶ
1792 518 1835 574 Α

1892 513 2081 568 iiretur
2128 527 2157 564 a
2210 511 2570 569 mulieribus.
2602 526 2721 579 quae
2755 513 2829 564 ibi
2873 524 3029 567 erant
3077 514 3435 569 monialibus.

176 582 236 639 οῗ)
273 591 372 643 καὶ
404 590 575 661 πολλή
624 611 709 656 τις
741 595 960 664 ἧκμασε
991 598 1129 661 τέως
1163 601 1433 669 ὑπόληψις
1472 606 1585 665 τοῖς
1627 604 1760 655 πολ-

176 679 310 742 λοῖς,
363 682 617 753 ’Δνδρὲου
646 686 742 740 τοῦ
769 689 993 758 Κρήτης
1022 688 1186 752 εἶναι,
1217 692 1275 754 ὃς
1299 694 1399 745 οὐκ
1428 694 1627 760 ὀλίγοις
1661 695 1760 763 τὴν

189 773 531 841 Ἐκκλησίαν
580 778 892 848 ικόσμησεν
945 783 1108 850 ἱεροῖς
1170 784 1381 851 μέλεσι.
1438 785 1608 838 Τοῦτο
1651 787 1761 856 γὰρ

175 864 609 935 κατορώρυκται
641 868 741 937 μὲν
769 870 846 939 τῷ
874 872 1059 939 ἐδάφει
1089 872 1182 925 τοῦ
1214 873 1359 927 θείου
1394 876 1604 927 ἐκείνου
1631 876 1757 940 νεὼ,

173 954 241 1026 ἦν
275 957 323 1008 δ’
355 959 598 1029 ἀφανείᾳ
626 962 1042 1031 κεκαλυμμένον
1088 967 1152 1017 ἐκ
1180 966 1414 1019 παλαιοῦ
1446 968 1540 1019 καὶ
1583 968 1762 1019 οὐδενί

174 1065 263 1099 στω
287 1048 579 1116 γνώριμον
605 1052 734 1121 ἄχρι
768 1053 869 1120 τῆς
902 1054 1010 1105 τῶν
1044 1054 1137 1107 νῦν
1177 1059 1450 1125 χρονικῶν
1496 1059 1763 1125 περιόδων

177 1139 424 1205 ἡλικίας.
464 1142 625 1209 Ἀρτι
654 1142 700 1195 δ’
751 1144 853 1197 οὐκ
902 1140 1002 1197 οἶδ’
1030 1147 1293 1216 ὁπότερον
1343 1150 1421 1209 είς
1449 1150 1763 1218 τούμφανὲς

175 1229 461 1296 ὶὶηλύθει,
498 1233 596 1283 είτ⁹
627 1233 684 1298 ἐξ
711 1234 998 1299 ἐπιπνοίας
1028 1238 1173 1297 τινὸς
1199 1238 1497 1308 θειοτέρας,
1529 1242 1638 1293 εἴτε
1682 1258 1762 1293 τι·

177 1317 264 1374 νὸς
298 1319 499 1386 χρείας
529 1321 799 1390 ἐνστάσης
848 1323 1098 1388 ὀρύττειν
1132 1329 1332 1388 ἐκεῖσε,
1387 1328 1485 1381 εἰτ’
1520 1332 1621 1382 οὐκ
1666 1326 1763 1382 οἷδ’

176 1406 366 1457 ὅντινα
394 1408 600 1476 τρόπον
635 1408 843 1479 ἕτερον.
883 1413 959 1464 Ού
988 1416 1096 1481 γὰρ
1119 1415 1307 1483 ὄψεσιν
1332 1419 1520 1482 αὑταῖς
1559 1437 1651 1488 μοι
1676 1437 1767 1473 τε-

176 1495 390 1563 τύχηκε
450 1500 733 1568 γενομένῳ
771 1502 915 1554 κατὰ
966 1504 1058 1556 τὸν
1103 1506 1272 1558 τόπον
1311 1507 1631 1575 θεάσασθαι,
1670 1511 1762 1563 τοῦ

178 1586 494 1653 τηνικαῦτα
520 1589 763 1656 διωγμοῦ
799 1595 895 1645 καὶ
936 1594 1030 1647 τοῦ
1052 1600 1151 1664 τῆς
1196 1599 1527 1664 Ἐκκλησίας
1565 1602 1767 1671 χειμῶ-

178 1694 266 1738 νος
300 1680 523 1732 ἐκείνου
563 1681 661 1742 τὰς
690 1683 831 1750 ἐμὰς
876 1686 1256 1752 ἐγκλείσαντος
1300 1689 1491 1758 θύρας,
1521 1692 1597 1751 ὡς
1643 1694 1767 1763 μηδ’

178 1770 271 1820 ἐπὶ
305 1769 491 1839 βραχὺ
509 1771 643 1838 γοῦν
674 1776 755 1836 είς
781 1776 1067 1847 ἐλεύθερον
1093 1781 1429 1849 προκύπτειν
1461 1784 1607 1854 ἔχειν
1631 1786 1767 1854 ἀέρα

180 1861 357 1926 πνοῆς
415 1863 779 1929 ἀκραιφνοῦς.
826 1866 991 1938 ’Δκοῇ
1047 1871 1092 1921 δ’
1132 1871 1281 1940 ὅμως
1331 1873 1499 1942 ὀλίγῳ
1540 1874 1768 1943 ὕστερον
1803 1844 1842 1899 Β

181 1952 562 2021 παρειληφότι
613 1955 708 2008 ἕνα
762 1960 859 2011 xat
892 1961 1057 2013 αὑτὸν
1106 1957 1246 2014 εἷναί
1306 1981 1373 2032 με
1405 1967 1514 2018 τῶν
1545 1966 1768 2019 εἰδότων

181 2042 592 2108 συμπέπτωκε,
647 2047 986 2113 παμπόλλων
1020 2050 1121 2122 ἤδη
1172 2052 1232 2104 τὸ
1283 2057 1516 2124 πρᾶγμα
1548 2058 1643 2108 καὶ
1677 2058 1770 2126 δη-

183 2133 353 2203 μοσία
400 2134 797 2204 θρυλλούντων.
848 2142 939 2193 Διὸ
970 2142 1079 2194 τῶν
1134 2145 1289 2197 οὐδὲν
1332 2147 1545 2217 οὐδαμῆ
1575 2167 1638 2217 γε
1666 2151 1771 2203 ἁπ-

180 2227 417 2276 εικότων
487 2226 691 2291 ἔδοξεν,
737 2231 860 2283 οὐδὲ
910 2232 1005 2285 τοῦ
1056 2236 1253 2303 καιροῦ
1311 2240 1542 2307 καὶτῆς
1580 2242 1769 2309 χρείας

182 2317 256 2380 ὡς
292 2322 667 2390 πορρωτάτω,
699 2328 766 2395 τῇ
803 2327 1013 2396 ἱστορία
1048 2329 1144 2382 καὶ
1166 2330 1326 2383 τοῦτό
1374 2348 1464 2401 μοι
1498 2349 1770 2401 συνυφαν-

184 2410 373 2477 θῆναι,
414 2411 642 2483 ἔλεγχον
668 2417 771 2484 μὲν
812 2419 1007 2489 κομιδῇ
1042 2423 1297 2491 προφανῆ
1325 2424 1551 2493 κομίζον
1583 2424 1769 2478 θεόθεν

184 2502 329 2553 κατὰ
362 2502 463 2571 τῆς
492 2506 600 2556 τῶν
625 2505 869 2563 διωκτῶν
899 2513 1179 2573 ἀπονοίας,
1232 2518 1549 2569 παντάπασι
1567 2517 1611 2569 δ’
1643 2518 1771 2569 ἀκί-

183 2589 384 2660 ϐδηλον
454 2595 515 2647 τδ
562 2598 671 2650 τῶν
721 2599 1070 2672 διωκομένων
1124 2605 1283 2675 ἡμῶν
1333 2609 1634 2677 ἀποφαῖνον
1671 2610 1765 2662 σύ-

189 2701 286 2753 στη
296 2704 396 2753 μα.

256 2777 362 2833 ΚΡ.
397 2780 634 2852 Φιλοθέῳ
657 2785 767 2853 γὰρ
797 2786 873 2855 τῷ
895 2789 1150 2861 Κοκκίνῳ
1171 2793 1473 2862 τηνικαῦτα
1503 2811 1771 2864 πατριαρ-

189 2870 411 2937 χεύοντι
442 2872 642 2938 ἔδοξεν,
673 2876 865 2950 ὥσπερ
891 2880 1122 2948 ἕρμαιον
1143 2883 1236 2935 τὸν
1258 2886 1450 2954 καιρὸν
1470 2887 1767 2955 ἡρπακότι,

192 2964 619 3032 μηχανήσασθαί
648 2985 699 3018 τι
729 2970 867 3038 πρὸς
892 2971 1152 3026 σύστασιν
1169 2973 1271 3044 τῆς
1299 2977 1566 3045 σφετέρας
1592 2978 1770 3030 αὐτῶν

192 3053 526 3124 Παλαμικῆς
580 3058 895 3124 πολυθεῑας.
943 3064 1189 3134 Πλήθους
1249 3063 1344 3120 οὖν
1405 3070 1769 3138 ἠθροισμένου

1864 603 1940 656 De
1991 617 2099 669 qua
2153 617 2209 655 re
2246 616 2439 669 magna
2477 602 2713 655 subinde
2762 602 2907 655 inter
2969 604 3166 673 vulgus
3207 614 3440 658 ortaest

1863 693 2050 760 opinio
2109 707 2230 760 qua;
2285 691 2377 743 illa
2430 691 2496 743 ad
2556 692 2832 745 Andream
2896 690 3221 747 Cretensem
3291 695 3440 749 refe-

1865 782 2052 845 rebat,
2085 784 2177 849 qui
2231 797 2340 834 non
2378 784 2566 849 paucis
2600 786 2773 836 sacris
2829 782 3080 852 reliquiis
3138 784 3439 838 Ecclesium

1864 874 2099 927 ornavit.
2125 874 2393 928 lnl'ossum
2424 886 2540 926 erat
2566 876 2844 943 corpusin
2882 876 3053 930 fundo
3102 879 3242 931 sacri
3297 878 3442 931 illius

1870 968 2081 1037 templi.
2111 967 2243 1020 Erat
2279 970 2522 1023 tenebris
2555 968 2859 1023 involutum
2895 986 2962 1023 ex
2995 972 3159 1041 longo
3196 983 3442 1040 tempore

1870 1058 2191 1126 neminique
2224 1067 2410 1111 notum
2444 1075 2619 1127 usque
2647 1061 2713 1113 ad
2749 1064 3099 1128 praesentium
3134 1074 3439 1131 temporum

1867 1157 2107 1201 aetatem.
2168 1147 2366 1202 Nescio
2391 1158 2571 1201 autem
2617 1151 2895 1218 quomodo
2929 1154 2997 1204 ad
3025 1154 3201 1206 lucem
3235 1164 3445 1220 protra-

1867 1250 2013 1293 ctum
2048 1238 2154 1300 sit.
2192 1251 2377 1293 utrum
2418 1242 2766 1308 iustigatione
2804 1243 2986 1311 aliqua
3026 1243 3209 1295 divina
3244 1262 3311 1296 an
3372 1260 3435 1295 ex

1870 1314 2200 1383 necessitate
2234 1330 2308 1382 ibi
2342 1329 2585 1382 fodiendi
2613 1370 2625 1389 ,
2657 1346 2723 1382 an
2760 1332 2946 1383 nescio
2978 1347 3088 1400 quo
3119 1332 3227 1384 alio
3261 1333 3441 1385 modo.

1873 1417 1993 1471 Non
2031 1419 2177 1469 enim
2213 1418 2347 1471 mihi
2378 1420 2612 1487 contigit
2635 1457 2650 1479 ,
2691 1434 2747 1470 ιιι
2780 1420 2918 1471 meis
2955 1421 3128 1487 ipsius
3159 1422 3334 1473 orulis
3370 1425 3444 1472 lu-

1869 1522 1993 1560 cum
2035 1508 2449 1574 perlustrarem,
2476 1508 2865 1574 persecutione
2899 1524 3021 1575 quae
3061 1517 3171 1560 tttm
3199 1509 3360 1562 licbat
3390 1520 3445 1563 ct

1870 1599 2129 1653 Ecclesiae
2162 1609 2487 1667 tempestate
2523 1600 2612 1651 illa
2643 1617 2791 1651 meas
2826 1602 3119 1653 ciaudente
3150 1609 3335 1668 portas
3371 1604 3443 1651 ita

1873 1698 1933 1741 ut
1974 1705 2041 1741 ne
2075 1689 2130 1742 iu
2163 1689 2329 1743 breve
2359 1689 2521 1758 245
2553 1691 2775 1758 quidem
2828 1700 3045 1757 tempus
3084 1693 3261 1743 libera
3313 1692 3443 1743 lice-

1874 1790 1961 1834 ret
1989 1781 2065 1833 uti
2098 1780 2239 1834 aeris
2271 1784 2657 1850 respiratione.
2693 1781 2880 1833 Fando
2918 1791 3095 1835 tamen
3130 1785 3293 1852 paulo
3324 1794 3445 1852 post

1873 1886 1999 1925 cum
2039 1887 2150 1924 rem
2187 1871 2768 1940 accepissemaccidit
2808 1881 2865 1923 ut
2898 1887 3039 1924 unus
3070 1882 3127 1925 et
3160 1874 3310 1925 solus
3343 1889 3444 1940 ego

1872 1979 1937 2018 cx
1980 1964 2046 2018 iis
2076 1979 2289 2026 essem,
2319 1964 2413 2031 qui
2446 1964 2578 2033 quid
2614 1964 2813 2018 factum
2847 1972 2993 2017 esset
3031 1973 3283 2018 tenerent
3318 1981 3444 2033 pcr-

1872 2054 2061 2107 multis
2106 2054 2222 2117 jam
2274 2069 2389 2106 rem
2451 2055 2671 2121 publice
2728 2055 3447 2124 tlivnlgantibus.Quapro—

1873 2154 1997 2215 pter
2046 2148 2240 2199 harum
2295 2162 2481 2200 rerum
2534 2156 2595 2199 ut
2646 2147 3093 2213 improbabiliun:
3143 2148 3280 2199 nihil
3336 2149 3447 2199 ullo

1873 2238 2037 2291 modo
2067 2238 2277 2307 placuit
2303 2255 2316 2301 ;
2349 2253 2531 2307 neque
2564 2240 2741 2291 visum
2777 2249 2862 2291 cst
2889 2241 3207 2315 att-nuperis
3235 2238 3446 2292 ratione

1871 2340 1928 2384 et
1988 2330 2320 2385 necessitate
2354 2330 2594 2385 alienum
2649 2347 2768 2383 esse
2826 2331 2896 2384 ab
2949 2331 3175 2383 historia
3223 2329 3276 2383 id
3328 2345 3448 2399 per-

1870 2424 2115 2478 scribere
2158 2424 2305 2493 quod
2355 2433 2409 2476 et
2445 2424 2832 2476 docmncntum
2871 2423 3141 2477 divinitus
3174 2422 3444 2490 prmbcret

1872 2514 2381 2568 manifestissimum
2419 2512 2689 2565 vecordia:
2722 2525 3135 2582 persecutormn
3170 2522 3227 2566 et
3259 2513 3442 2567 since-

1876 2622 1991 2659 ratn
2026 2605 2254 2659 omnino
2298 2613 2627 2669 nostrarum
2664 2606 3111 2673 persecutionum
3142 2602 3449 2657 enarratio-

1873 2711 1997 2752 nem
2031 2697 2345 2752 exhiberet.

1942 2787 2082 2843 XIII.
2124 2789 2444 2843 Philotheus
2488 2791 2638 2843 enim
2667 2786 2963 2850 Coccinus,
2999 2796 3131 2840 tunc
3183 2786 3449 2853 temporis

1873 2882 2181 2950 patriarcha
2252 2893 2511 2952 tanquam
2594 2883 2843 2935 idoneam
2895 2880 3124 2948 adeptus
3178 2888 3449 2947 Opportu-

1873 2974 2124 3037 nitatem,
2153 2989 2372 3041 operam
2394 2974 2613 3028 navavit
2642 2975 2708 3026 ad
2729 2972 3169 3027 constituendam
3196 2987 3449 3025 commu—

1874 3079 1997 3118 nem
2033 3065 2407 3119 Palamiticum
2448 3064 3264 3136 polytheisnium.Multitudine
3285 3067 3450 3134 igitur

190 3146 521 3245 παμπόλλου
548 3151 657 3204 τῶν
686 3153 746 3204 ὲν
770 3156 997 3223 ἀγοραῖς
1026 3158 1120 3208 καὶ
1148 3159 1385 3226 τριόδοις
1411 3162 1770 3229 κχλινδουμὲ-
1800 3186 1842 3245 c

1892 3172 2072 3224 magna
2102 3169 2429 3224 congregata
2456 3174 2649 3210 eorum
2678 3160 2773 3226 qui
2808 3160 2861 3210 in
2893 3159 3012 3211 loro
3040 3168 3095 3211 et
3128 3158 3304 3211 triviis
3330 3173 3448 3209 ιιι-ι·-

191 3254 323 3300 νων,
381 3238 515 3302 στὰς
572 3242 658 3311 ἐφ’
722 3244 953 3316 ὑψηλοῦ,
1020 3266 1038 3297 ι
1085 3249 1278 3318 Χρεὼν
1313 3252 1481 3319 ὑμᾶς,
1523 3271 1543 3303 ι
1580 3257 1768 3322 φησιν,

196 3350 215 3382 ι
254 3325 302 3385 ὦ
349 3332 550 3402 ἄνδρες
583 3351 642 3387 τι
672 3336 768 3389 καὶ
806 3341 1063 3404 γυναῖκες
1097 3345 1193 3392 καὶ
1243 3343 1412 3396 τέκνα
1468 3346 1662 3413 νήπια,
1697 3346 1774 3416 μὴ

193 3424 347 3487 Θείας
393 3425 527 3478 ἄνευ
577 3428 837 3498 προνοίας
883 3433 1092 3485 οἴεσθαι
1147 3435 1246 3503 τὴν
1277 3435 1369 3487 τοῦ
1423 3435 1567 3489 θείου
1621 3437 1776 3491 τοῦδε

193 3516 456 3586 λειψάνου
486 3523 599 3582 τοῖς
626 3522 888 3576 ἐνεστῶτι
912 3525 1167 3592 γενέσθαι
1197 3530 1411 3598 καιροῖς
1452 3530 1773 3598 ἐμφάνειαν,

192 3612 307 3683 ἀλλ’
336 3613 429 3664 ἵνα
477 3613 540 3663 τὸ
566 3614 843 3675 πλείστοις
892 3616 983 3670 διὰ
1018 3618 1118 3689 τὴν
1167 3619 1277 3673 τῶν
1328 3619 1622 3673 ἀντιθέτων
1658 3620 1776 3691 ἔριν

193 3704 691 3775 ἀμφισϐητήσιμον
750 3709 996 3778 ἐμφανὲς
1046 3712 1137 3764 καὶ
1172 3712 1340 3777 σαφὲς
1382 3716 1652 3781 καταστῇ,
1682 3716 1779 3766 καὶ

194 3796 482 3865 γνώριμον
530 3799 756 3869 γένηται
801 3802 938 3854 πᾶσι
985 3801 1102 3863 πῶς
1158 3801 1259 3870 μὲν
1292 3803 1354 3855 τὺ
1397 3803 1599 3867 πολλάς
1622 3821 1779 3867 τινας

198 3888 380 3940 σέϐειν
420 3889 569 3957 ἡμᾶς
618 3892 897 3961 ἐνεργείας
925 3893 1215 3955 ἀκτίστους
1259 3894 1354 3945 καὶ
1376 3896 1683 3958 ἁνουσίους,
1715 3895 1779 3957 ἃς

199 3983 295 4033 καὶ⁸
326 3979 595 4049 θεότητας
630 3983 1154 4067 ἁνουσιοῦφειμὲνας
1183 3988 1283 4056 τῆς
1322 3987 1473 4049 θείας
1505 3987 1780 4053 καλοῦμεν

199 4073 393 4133 οὐσίας
427 4072 523 4125 καὶ
561 4066 888 4143 διαφόρους⁴
908 4076 1078 4146 αὐτῆς
1117 4093 1177 4129 τε
1226 4079 1323 4130 καὶ
1356 4078 1625 4148 ἀλλήλων,
1654 4081 1779 4132 ἀκί-

200 4163 397 4232 ϐδηλόν
438 4162 499 4215 τέ
517 4165 634 4216 ἐστι
658 4164 754 4217 καὶ
778 4165 1020 4229 εὐσεϐὲς,
1051 4168 1085 4237 ἡ
1118 4167 1176 4219 δὲ
1203 4168 1629 4235 τῶνξάντιθέτων
1660 4168 1782 4222 καθ’

198 4258 360 4327 ἡμῶν
416 4255 658 4324 λοιδορία
712 4260 941 4327 μάταιος
992 4261 1088 4311 καὶ
1134 4262 1583 4331 κατεγνωσμένη.
1624 4263 1780 4313 Ἔστι

205 4353 301 4419 μὲν
331 4347 432 4402 οὖν
461 4350 757 4403 κάντεῦθεν
801 4352 901 4404 οὐκ
950 4351 1147 4420 ἄδηλον
1185 4353 1247 4404 τὸ
1282 4356 1381 4422 τῆς
1412 4354 1560 4415 θείας
1598 4354 1782 4422 ψήφου

201 4448 294 4497 καὶ
329 4444 435 4511 τῆς
464 4443 644 4495 αὐτῶν
678 4442 978 4511 καταδίκης
1002 4458 1017 4473 ⁸
1061 4443 1212 4496 αὐτοὶ
1250 4445 1348 4510 μὲν
1380 4446 1488 4514 γὰρ
1515 4447 1571 4495 έν
1602 4462 1785 4512 παρα-

1878 3256 2093 3311 Santur,
2126 3258 2277 3301 stans
2310 3250 2364 3300 in
2398 3249 2518 3301 loco
2550 3250 2837 3317 superiore
2870 3268 2882 3301 :
2916 3268 2934 3300 ι
2968 3249 3202 3302 Necesse
3230 3257 3334 3309 est,
3372 3249 3452 3299 in—

1875 3337 2030 3401 quit,
2062 3351 2159 3390 vos
2188 3337 2289 3389 viri
2314 3379 2327 3397 ,
2362 3338 2640 3399 mulieres,
2677 3337 2940 3400 infantes,
2976 3352 3081 3389 non
3111 3336 3232 3390 sine
3263 3336 3452 3389 divina

1880 3428 2223 3495 providentia
2253 3427 2493 3481 credatis
2525 3428 2722 3481 factum
2752 3443 2874 3481 esse
2903 3428 3160 3495 pra'senti
3204 3439 3452 3497 tempore

1880 3520 2076 3572 harutn
2123 3518 2438 3572 divinarum
2486 3520 2843 3587 reliquiarum
2895 3504 3323 3583 revelationem,
3355 3519 3451 3572 sed

1879 3613 2122 3679 ttt,quo,il
2143 3622 2372 3680 propter
2398 3611 2839 3664 adversariorum
2868 3611 3325 3679 disceptationem
3354 3610 3455 3663 du-

1883 3701 2034 3762 bium
2064 3712 2167 3763 est,
2201 3702 2553 3755 manifestum
2590 3702 2682 3753 tiat
2709 3710 2763 3754 et
2799 3703 3020 3767 planum
3044 3713 3208 3770 atque
3240 3701 3308 3753 ab
3340 3718 3456 3752 oin-

1882 3792 2049 3844 nihus
2099 3791 2441 3858 intelligatur
2491 3792 2655 3858 quale
2711 3790 2784 3843 sit
2836 3790 2969 3842 illud
3022 3790 3170 3859 quod
3219 3790 3457 3842 colimus

1884 3883 2087 3935 multas
2142 3881 2465 3935 edit-ientias
2527 3882 2798 3934 increatas
2853 3896 2918 3935 ac
2984 3882 3311 3935 substantia:
3364 3897 3459 3934 ex-

1883 3985 2095 4044 pertes,
2135 3989 2272 4043 quas
2334 3975 2441 4027 alio
2517 3978 2739 4026 nomine
2797 3974 3117 4027 divinitatcs
3190 3973 3454 4039 dicimu<,

2076 4067 2273 4120 ιΙὶγὶιιῖΒ
2298 4066 2619 4120 substantiae
2654 4064 2980 4116 suunuisSaS
3008 4072 3173 4132 atque
3206 4080 3301 4117 eas
3329 4067 3458 4133 qui-

1885 4160 2009 4211 dem
2059 4173 2181 4211 cum
2229 4156 2297 4209 ab
2343 4156 2457 4225 ipsa
2501 4160 2601 4207 hac
2639 4165 2753 4207 tum
2788 4156 2933 4207 inter
2964 4170 3023 4208 se
3051 4169 3175 4208 esse
3209 4156 3459 4210 diversas

1886 4250 2105 4304 veritati
2153 4256 2209 4301 et
2254 4248 2444 4316 pietati
2476 4259 2911 4300 consentaneum
2944 4254 3048 4299 est.
3082 4246 3458 4299 Adversariu-

1889 4358 2013 4395 rum
2060 4351 2241 4395 autem
2292 4341 2345 4393 in
2382 4354 2481 4391 nos
2512 4340 2758 4406 conjecta
2792 4340 3042 4391 convicia
3078 4354 3215 4390 vana
3246 4350 3375 4392 sunt
3406 4353 3461 4391 ct

1894 4432 2226 4487 damnanda.
2262 4431 2356 4484 Est
2386 4430 2551 4499 igitur
2580 4430 2710 4482 hinc
2740 4431 2904 4482 etiam
2940 4446 3047 4481 non
3082 4430 3317 4481 obscura
3350 4433 3463 4483 sul-

202 4540 390 4606 ϐύστῳ
430 4538 524 4589 καὶ
553 4536 780 4603 γωνίαις
812 4538 1140 4609 ἐρριμμένοι
1182 4537 1362 4606 πάσης
1395 4537 1544 4600 ἄξιον
1573 4537 1785 4606 ’ύϐρεως
1821 4522 1842 4574 Ῑ

1893 4524 2123 4594 fragatio
2150 4525 2337 4578 divina
2367 4540 2421 4578 et
2455 4526 2674 4579 illorum
2709 4526 3098 4579 condemnatio
3132 4545 3144 4579 :
3182 4527 3283 4595 ipsi
3314 4529 3461 4579 enim

202 4633 434 4685 ἀνύουσι
470 4628 656 4700 [LHS
681 4626 758 4700 υ.]
787 4628 902 4697 βίον
940 4631 1033 4681 καὶ
1071 4629 1193 4682 λίαν
1222 4628 1619 4698 ἠχρειωμένον,
1651 4630 1785 4697 ἡμῖν

201 4726 257 4777 δὲ
287 4724 611 4795 παρρησίαν
633 4723 848 4775 δίδωσιν
875 4725 903 4775 ό
927 4723 1079 4785 Θεὸς,
1117 4722 1215 4773 καὶ
1245 4720 1607 4790 σεμνύνεσθαι
1630 4722 1697 4773 τά
1726 4738 1783 4772 τε

202 4817 365 4880 ἄλλα,
399 4816 498 4868 καὶ
531 4814 765 4883 μάλιστα
785 4817 850 4884 τῇ
887 4814 978 4865 τοῦ
1009 4813 1274 4884 παρόντος
1294 4813 1381 4865 διὰ
1411 4812 1642 4881 μακρῶν
1680 4811 1783 4881 ήδη

201 4909 312 4961 τῶν
365 4907 640 4976 χρονικῶν
696 4907 960 4975 περιόδων
993 4906 1205 4975 εὑρέσει
1260 4904 1404 4958 θείου
1444 4904 1721 4973 λειψάνου.
1760 4923 1778 4953 ι

202 4994 394 5048 Ταῦτα
424 4993 490 5061 δὴ
518 4995 611 5044 καὶ
657 4993 824 5044 πλείω
874 4997 942 5045 τὰ
968 4993 1334 5061 παραπλήσια
1372 4990 1784 5058 διεξεληλυίλὼς,

203 5089 465 5141 ἐκέλευσε
489 5088 610 5146 ταῖς
637 5083 1003 5153 μοναζούσαις
1028 5086 1226 5150 ὀλίγων
1259 5082 1411 5144 ἐντὸς
1458 5081 1681 5151 ἡμερῶν
1718 5084 1784 5149 τῇ

203 5181 280 5249 τῷ
308 5179 462 5246 ἁγίῳ
496 5177 688 5245 ἐκείνῳ
710 5175 952 5244 λειψὰνῳ
991 5175 1339 5245 ἁρμοττούσῃ
1382 5176 1613 5227 ἐνθεῖναι
1641 5176 1786 5247 θήκῃ

206 5272 351 5324 κατὰ
388 5272 484 5323 τὸν
510 5271 567 5321 ὲν
596 5272 708 5331 τοῖς
741 5268 840 5337 τῆς
877 5270 1044 5337 μονῆς
1095 5266 1459 5337 προπυλαίοις
1514 5283 1789 5337 προπαρε-

209 5360 593 5429 σγευασμένον
643 5360 910 5419 οἰκίσκον,
947 5362 1181 5414 κᾶπειτα
1217 5361 1345 5428 ἑξῆς
1372 5360 1656 5427 ἑτοιμάσαι
1696 5361 1790 5410 καὶ

204 5456 307 5507 ὃσα
344 5455 483 5523 πρὸς
517 5454 864 5523 ἀπαρτισμὸν
904 5452 1262 5521 ὲνθρονισμοῦ
1296 5453 1557 5515 συντελεῖ,
1585 5452 1788 5520 βρώσι-

210 5543 288 5611 μά
316 5559 379 5594 τε
424 5542 560 5611 πρὸς
591 5540 803 5603 τούτοις
832 5543 929 5593 καὶ
961 5542 1171 5610 πόσιμα
1216 5544 1318 5594 ὅσα
1352 5544 1488 5609 πρὸς
1521 5539 1789 5609 ὑποδοχὴν

207 5635 436 5704 ἀρκέσει
481 5632 560 5702 τῷ
612 5650 669 5685 τε
718 5637 816 5702 τῆς
849 5634 1180 5703 Ἐκκλησίας
1225 5634 1426 5686 ἅπαντι
1456 5633 1643 5702 κλήρῳ
1696 5633 1791 5684 καὶ

211 5727 328 5779 ὅσοι
384 5726 499 5779 τῶν
532 5728 847 5780 ἐπισκόπων
875 5732 970 5779 καὶ
1021 5726 1410 5797 πρεσϐυτέρων
1442 5725 1537 5777 καὶ
1580 5726 1787 5779 λαῖκῶν

217 5817 532 5872 ἑπείοακτοι
581 5818 819 5885 ἔσονται,
855 5818 971 5885 ἅμα
1019 5818 1168 5885 αὐτῷ
1213 5816 1310 5883 τὴν
1352 5816 1663 5883 ἱερουργίαν
1705 5832 1789 5867 τε·

1891 4616 1945 4669 in
1975 4617 2221 4670 occultus
2250 4617 2403 4670 locos
2428 4626 2483 4670 et
2514 4619 2744 4686 angulos
2787 4619 2984 4686 dejecti
3036 4619 3190 4670 omni
3241 4619 3461 4685 dignam

1889 4708 2313 4775 exprobratione
2335 4710 2643 4777 transigunt
2663 4714 2822 4760 vitam
2846 4726 2907 4762 ac
2935 4726 3159 4777 prorsus
3190 4713 3239 4761 in
3253 4713 3462 4773 ιιέιὶιίεςς

1890 4801 2056 4853 nobis
2104 4809 2286 4852 autem
2319 4802 2636 4852 lacultatem
2691 4799 2842 4852 dedit
2898 4802 3041 4853 licus
3094 4802 3461 4867 conecditpu:

1894 4902 2089 4943 utcmn
2105 4893 2171 4945 de
2186 4892 2400 4944 caeteris
2420 4892 2584 4943 rebus
2606 4903 2714 4944 tum
2737 4894 2807 4945 de
2823 4897 2921 4945 hac
2937 4896 3173 4945 ntaxitnc
3195 4898 3468 4961 possimus

1890 4984 2502 5053 gloriari,praesentium
2536 4999 2731 5052 nempe
2766 4983 3074 5037 divinarum
3102 4986 3459 5053 reliquiarum

1893 5087 2012 5144 pust
2034 5077 2190 5143 longa
2212 5078 2319 5144 jam
2344 5084 2648 5143 temporum
2671 5076 2954 5128 intervalla
2976 5076 3311 5129 inventione.
3341 5075 3468 5129 iiacc

1892 5166 2062 5235 igitur
2097 5168 2292 5235 hisque
2338 5168 2495 5235 plura
2539 5169 2741 5221 similia
2786 5169 3002 5221 locutus
3056 5169 3333 5222 solitarias
3381 5169 3492 5220 fc.-

1893 5258 2070 5309 minas
2093 5258 2256 5326 jussit
2286 5256 2427 5309 intra
2458 5274 2662 5324 paucos
2693 5259 2809 5311 dics
2836 5274 3020 5311 sacras
3049 5260 3170 5311 illas
3204 5260 3467 5327 reliquias

1894 5350 1948 5401 in
1970 5350 2289 5402 fabricatam
2315 5350 2379 5400 ad
2424 5349 2477 5402 id
2506 5350 2680 5417 ipsum
2712 5351 2904 5404 cistam
2942 5352 3223 5418 imponere
3256 5352 3309 5402 in
3338 5351 3470 5403 ινιὶί-

1893 5443 2013 5495 cuia
2074 5458 2191 5510 quat
2243 5443 2295 5494 in
2327 5442 2467 5494 atrio
2510 5443 2840 5495 monasterii
2873 5452 3017 5496 esset
3057 5452 3335 5495 exstructa
3360 5484 3372 5505 ,
3412 5452 3469 5495 et

1898 5543 2009 5585 tum
2053 5533 2318 5601 deinceps
2348 5535 2512 5586 etiant
2548 5547 2745 5596 parare
2774 5532 3043 5600 quidquid
3078 5532 3144 5584 ad
3181 5533 3469 5600 perlicien-

1895 5627 2019 5680 dam
2073 5626 2549 5695 inauguratinnem
2600 5626 2939 5693 pertineret.
2972 5626 3155 5677 cibum
3209 5634 3469 5691 pratcrca

1898 5736 1961 5773 ac
1996 5730 2182 5787 potum
2214 5719 2306 5787 qui
2343 5719 2407 5771 ad
2439 5718 2829 5785 excipiendum
2856 5716 3133 5770 suliicerct
3166 5719 3339 5769 totius
3378 5732 3469 5767 rr-

1908 5815 2089 5868 (it‘bl.t‘
2132 5814 2365 5878 tierunt,
2412 5828 2472 5865 at:
2516 5827 2899 5879 rptsrupuruttt
2932 5810 3168 5876 druiquc
3224 5819 3277 5863 ct
3338 5824 3465 5874 pto-
