4264 6362
787 372 893 433 215

1995 377 2402 436 ΝΙΕΕΡΗΟΗΙ
2447 381 2828 443 ϐΒΕίὶΟΒίΕ

3930 384 4037 446 216

793 488 1045 537 fanorum
1081 484 1174 551 qui
1226 482 1367 535 forte
1400 481 1614 535 invitati
1647 483 1824 534 forent
1869 498 1992 534 cum
2042 483 2162 551 ipso
2206 500 2360 537 sacra
2399 488 2477 545 Α]

2353 502 2360 536 ι
2399 490 2436 545 Α
2465 488 2731 552 λέσοντες.
2757 493 2866 544 Καὶ
2895 491 3067 544 ταῦτα
3102 493 3202 561 μὲν
3240 493 3361 562 τῇδέ
3406 510 3481 561 πη
3505 491 3838 561 ,ηχώρηκεν
3865 510 3878 524 ·
3911 495 4037 563 ἄρτι

793 573 1014 626 facturi.
1064 573 1129 624 Et
1175 573 1288 624 hare
1337 573 1558 640 quidem
1603 573 1675 623 ita
1720 571 1833 624 fere
1881 583 2190 628 cesserunt.
2240 574 2358 626 Mox

792 673 975 716 autem
1028 663 1080 715 in
1111 663 1316 732 vigiliis
1350 664 1455 715 dici
1515 663 1661 721 festi,
1693 678 1802 730 quo
1866 666 2151 730 oportebat
2205 680 2360 717 sacra

794 755 986 816 obire,
1037 755 1224 807 omnia
1289 754 1550 806 solitariis
1628 754 1732 805 illis
1802 755 1927 808 inde
1997 772 2025 806 a
2094 756 2366 807 matutino

797 861 973 913 usque
998 846 1064 899 ad
1095 845 1469 912 vespertinum
1507 853 1723 910 tempus
1754 847 2198 913 occupatis,qu:e
2228 861 2368 913 opus

796 944 955 989 erant
987 934 1199 988 abunde
1235 935 1682 1002 suppeditabant;
1735 947 1923 988 sancto
1951 945 2133 988 autem
2166 937 2365 1003 cuique

803 1027 1047 1094 homini,
1076 1026 1366 1094 sanctique
1394 1027 1556 1096 hujus
1588 1028 1696 1080 Deo
1726 1028 1886 1080 unico
1915 1043 2142 1096 prorsus
2169 1030 2371 1096 impro-

797 1118 1039 1170 bandum
1064 1128 1180 1170 erat
1208 1133 1271 1170 ac
1305 1118 1530 1171 minime
1557 1118 1842 1170 ferendmn
1875 1120 1970 1170 has
1995 1134 2083 1171 res
2114 1128 2370 1172 tractatas

795 1223 919 1261 csse
993 1209 1247 1262 manibus
1305 1210 1548 1259 virorum
1606 1208 1835 1261 deorum
1887 1208 2149 1262 falsorum
2232 1210 2372 1263 mul-

800 1299 1097 1352 titudinem
1152 1300 1452 1352 colentium
1503 1298 1664 1369 247
1716 1301 1920 1368 quique
1970 1300 2043 1352 ita
2093 1301 2372 1369 impietate

802 1387 1062 1440 diuturna
1111 1395 1168 1439 et
1221 1387 1321 1454 ipsi
1379 1388 1738 1441 vehementer
1787 1389 2078 1442 constricti
2135 1400 2190 1443 et
2233 1390 2373 1442 alios

801 1477 869 1530 ad
919 1491 1037 1530 eam
1073 1490 1174 1529 suo
1213 1479 1467 1546 exemplo
1507 1478 1862 1531 adducerent.
1902 1479 2167 1543 Quocirca
2203 1481 2371 1533 etiam

801 1577 966 1622 nocte
1001 1567 1092 1621 illa
1126 1570 1229 1621 sub
1262 1569 1512 1621 auditum
1540 1570 1649 1639 jam
1681 1570 1944 1638 gallorum
1976 1583 2198 1624 cantum
2235 1571 2375 1624 fama

802 1658 1054 1727 quzedam
1082 1660 1222 1712 clam
1253 1675 1350 1727 per
1379 1660 1570 1713 urbem
1604 1661 1865 1730 serpebat
1900 1662 2102 1716 moenia
2134 1661 2377 1715 intrasse

2466 581 2520 632 δὲ
2545 583 2644 647 τῆς
2675 584 2882 651 ἡμέρας
2908 586 3173 652 ἐνστάσης
3205 586 3260 636 ὲν
3382 585 3476 651 τὴν
3506 584 3800 651 ὑστεραίαν
3828 584 3932 634 ἔδει
3965 587 4039 637 τὰ

2466 673 2564 740 τῆς
2601 675 2910 742 ἱερουργίας
2940 678 3019 728 τε)
3033 676 3231 737 εἰσθαι,
3279 678 3459 729 πάντα
3496 679 3594 743 μὲν
3623 672 3691 745 ἦν
3720 679 3839 737 ταῖς
3869 692 4038 744 μονα-

2469 763 2690 825 ζούσαις
2723 765 2956 824 ἐκείναις
2987 766 3154 818 ’έωθεν
3204 769 3259 827 ὲς
3290 768 3528 834 ἑσπέραν
3564 766 3853 828 πονούσαις
3886 768 4041 820 ἀνεν-

2469 855 2565 907 δεᾶ
2599 856 2663 906 τὰ
2716 857 2813 920 τῆς
2849 857 3060 925 χρείας,
3097 858 3175 925 τῷ
3195 859 3250 909 δὲ
3285 859 3424 926 ἁγίῳ
3478 858 3572 909 καὶ
3605 858 3684 924 τῷ
3739 858 3830 909 τοῦ
3881 857 4038 924 ἁγίου

2476 947 2622 1014 μόνῳ
2674 947 2790 1012 Θεῷ
2847 949 3197 1001 παντάπασιν
3246 949 3561 1001 ἀνένδεκτόν
3607 965 3664 999 τε
3698 948 3791 998 καὶ
3839 948 4041 1014 ἥκιστα

2473 1037 2698 1088 ἀνεκτὸν
2760 1037 2849 1088 ὑπ’
2901 1038 3112 1106 ἀνδρῶν
3175 1038 3452 1090 πολυθέων
3493 1038 3587 1089 καὶ
3654 1035 3796 1088 οὕτω
3845 1036 4042 1086 δυσσε-

2473 1126 2592 1192 ϐείᾳ
2645 1129 2832 1196 μακρᾷ
2885 1129 3063 1180 αὐτῶν
3113 1145 3171 1180 τε
3225 1129 3500 1196 κραταιῶς
3546 1127 3819 1194 ἐχομένων
3848 1126 3941 1177 καὶ
3992 1125 4048 1174 ὲ-

2473 1219 2650 1286 τέροις
2689 1220 2881 1270 αίτίων
2939 1221 3024 1270 ἀεὶ
3081 1220 3382 1287 γινομένων
3421 1221 3519 1286 τὴν
3572 1217 3904 1283 αὐτουργίαν
3949 1232 4047 1265 πε-

2476 1312 2712 1381 πρᾶχθαι
2749 1314 2839 1364 τοῦ
2900 1314 3282 1380 προκειμένου.
3331 1313 3422 1364 Διδ
3473 1312 3565 1364 καὶ
3621 1313 3719 1380 τῆς
3768 1311 3959 1368 νυκτὸς
3997 1310 4054 1359 ἐ-

2478 1406 2664 1472 κείνης
2722 1407 2844 1473 περὶ
2881 1406 2976 1468 τὰς
3016 1405 3391 1470 ἀλεκτρυόνων
3433 1403 3532 1472 ήδη
3563 1401 3858 1470 γενομένης
3879 1398 4048 1468 ᾠδὰς,

2483 1497 2640 1563 φήμη
2667 1497 2946 1564 τιςὴσυχῆ
2985 1497 3226 1564 περιέθει
3276 1495 3373 1562 τὴν
3419 1495 3595 1554 πόλιν,
3649 1492 3796 1544 ἔνδον
3854 1491 4055 1556 τειχῶν

2486 1581 2825 1644 τὸνβασιλέα
2880 1583 3241 1650 Παλαιολόγον
3293 1582 3753 1651 εἰσκεχωρηκέναι
3807 1579 3895 1630 διὰ
3943 1577 4057 1629 τῶν

2486 1671 2789 1724 θαλαττίων
2819 1673 2911 1725 τοῦ
2949 1673 3177 1742 νεωρίου
3209 1673 3394 1724 πυλῶν
3421 1671 3530 1723 τῶν
3574 1671 3712 1738 πρδς
3755 1669 3830 1720 ’έω
3882 1685 4052 1736 ταχυ-

806 1751 1172 1848 Ρθικοιοευηι
1238 1752 1630 1821 imperatorem
1687 1770 1783 1822 Per
1866 1755 2171 1808 marilimas
2216 1769 2381 1807 "3V3-
2413 1793 2453 1848 Β
2485 1763 2811 1827 ναυτούσαις
2868 1767 3126 1835 μονήρεσι
3173 1766 3262 1816 καὶ
3312 1765 3552 1831 διήρεσιν
3592 1765 3652 1813 ὲκ
3691 1759 3915 1813 Τενέδου
3961 1759 4057 1809 καὶ

806 1842 943 1895 lium
975 1853 1164 1911 portas
1195 1843 1261 1896 ad
1294 1844 1566 1898 orientem
1600 1854 1942 1912 Spectantes,
1973 1847 2252 1899 celeribus
2285 1861 2379 1898 na-

809 1933 969 1988 vibus
997 1929 1336 1989 tiniremibns
1360 1946 1414 1988 et
1442 1937 1760 1991 biremibus
1783 1953 1848 1990 ex
1871 1937 2095 1991 Tenedo
2117 1950 2172 1990 et
2199 1937 2380 1990 lmbro

812 2038 876 2075 ac
913 2024 1126 2077 triremi
1171 2026 1292 2078 navi
1338 2041 1444 2078 una
1489 2025 1708 2080 duabus
1754 2026 2007 2080 noctibus
2053 2026 2381 2092 duobusque

814 2115 1012 2169 diebus
1049 2125 1176 2169 ante
1207 2131 1274 2167 ex
1310 2114 1536 2169 Tenedo
1573 2117 1926 2184 navigatione
1964 2116 2235 2170 instituta.
2273 2115 2382 2167 Tu-

817 2207 1026 2262 multus
1055 2206 1222 2274 igitur
1257 2217 1546 2274 propterea
1578 2206 1797 2260 tenebat
1824 2206 2154 2276 Byzantinos
2189 2205 2386 2276 gaudio

816 2306 873 2351 et
891 2311 1128 2351 mmrore
1148 2298 1424 2361 mis'.us,et
1442 2298 1707 2367 quidquid
1734 2301 1785 2351 in
1816 2299 2018 2352 talibus
2035 2298 2282 2352 accidere
2301 2312 2386 2351 so—

817 2389 913 2450 let,
933 2387 1053 2440 aliis
1077 2383 1146 2442 ob
1169 2398 1373 2441 metum
1394 2403 1603 2441 summa
1632 2388 1996 2457 trepidatione
2030 2387 2386 2454 fugientibus.

825 2479 949 2532 aliis
982 2480 1119 2532 lucri
1157 2495 1320 2534 causa
1352 2481 1711 2533 vehementer
1746 2479 2226 2548 persequentibus.
2258 2477 2386 2532 Om-

825 2571 980 2624 nium
1019 2585 1150 2624 vcro
1183 2572 1416 2625 maxime
1448 2582 1630 2625 metus
1661 2571 1880 2625 tenebat
1913 2572 2265 2624 Philotheum
2301 2586 2391 2637 pa-

823 2663 1144 2723 triarcham,
1180 2679 1292 2716 non
1352 2677 1483 2717 sane
1543 2643 1840 2716 mediocris
1895 2674 2187 2732 propterea
2241 2662 2389 2731 quod

824 2756 1033 2808 factum
1093 2754 1226 2808 illud
1289 2769 1391 2807 nec
1447 2755 1670 2823 opinato
1706 2766 1759 2807 et
1813 2765 2039 2822 repente
2094 2753 2390 2807 acciderat.

830 2847 1051 2900 Etenim
1095 2847 1188 2915 qui
1233 2845 1349 2898 heri
1391 2861 1448 2898 se
1486 2846 1727 2915 jactabat
1764 2860 2089 2898 consecrare
2125 2844 2390 2911 templum

825 2939 892 2992 ad
929 2939 1243 2992 firmandam
1265 2938 1633 2991 Palamiticam
1657 2937 1913 3000 hiercsin,
1936 2936 2274 3004 irreligiosus
2299 2935 2397 2985 ho-

825 3031 913 3083 die
963 3031 1114 3084 visus
1161 3039 1245 3083 est
1291 3043 1346 3083 et
1392 3029 1879 3083 vehementissime
1915 3027 2162 3096 profecto
2197 3026 2308 3079 Deo
2341 3035 2397 3079 et

2490 1854 2718 1924 Ἰμὸρου
2758 1857 2848 1908 καὶ
2880 1859 3096 1927 τριήρει
3134 1857 3255 1924 μιᾷ,
3290 1856 3432 1907 δυοῖν
3455 1852 3820 1921 νυχθημέροιν
3855 1850 4059 1920 πρότε-

2490 1964 2582 2016 ρον
2615 1951 2677 1999 ὲκ
2714 1949 2938 2001 Τενέδου
2981 1950 3073 2000 τὶν
3108 1948 3339 2000 ἔκπλουν
3390 1944 3752 2008 πεποιηκότα.
3816 1939 4060 2010 Θόρυδος

2486 2039 2579 2092 οὖν
2606 2039 2694 2092 διὰ
2731 2041 2888 2092 τοῦτο
2922 2041 3152 2108 κατέσχε
3185 2041 3310 2100 τοὺς
3359 2035 3690 2100 Βυζαντίους
3745 2034 3906 2102 ἡδονῇ
3962 2035 4062 2085 καὶ

2488 2130 2634 2199 λύπῃ
2670 2130 3003 2198 σύμμικτος,
3035 2129 3126 2180 καὶ
3152 2129 3250 2181 ὅσα
3307 2130 3362 2178 ὲν
3386 2129 3496 2186 τοῖς
3524 2123 3785 2183 τοιούτοις
3821 2118 4062 2185 συμόαέ-

2488 2237 2599 2272 νειν
2633 2220 2812 2280 εἴωθε,
2843 2219 2952 2271 τῶν
2987 2218 3087 2286 μὲν
3125 2217 3214 2268 διὰ
3254 2215 3418 2283 φόϐον
3453 2214 3695 2282 ἀσχέτως
3727 2210 4059 2278 φευγόντιιιν,

2490 2309 2598 2361 τῶν
2634 2310 2689 2362 δὲ
2712 2311 2799 2362 διὰ
2826 2310 3015 2379 κέρδος
3045 2307 3315 2376 λαμπρῶς
3346 2306 3676 2358 διωκόντων.
3719 2302 3944 2354 Πάντων
4004 2299 4060 2349 δὲ

2495 2403 2726 2469 μάλιστα
2752 2400 2915 2465 φόϐος
2946 2399 3173 2466 κατέσχε
3202 2400 3290 2449 τὸν
3325 2396 3667 2462 πατριάρχην
3693 2392 3941 2443 Φιλόθεον
3999 2390 4060 2439 οὗ

2497 2494 2648 2545 πάνυ·
2693 2493 2885 2561 μικρὸς
2934 2492 3019 2544 διὰ
3043 2490 3103 2542 τὸ
3133 2489 3274 2542 πάνυ
3301 2487 3395 2539 τοῦ
3425 2486 3831 2555 συμπτώματος
3886 2481 4064 2550 ἀπρό-

2492 2601 2655 2636 οπτον
2691 2585 2785 2635 καὶ
2818 2582 3114 2651 αἰφνίδιον·
3172 2580 3265 2631 καὶ
3294 2579 3400 2646 γὰρ
3430 2581 3456 2628 ὸ
3489 2577 3614 2646 χθὲς
3664 2572 4066 2644 βρενθυόμενος

2496 2671 2784 2740 καθιεροῦν
2815 2673 2905 2722 τὸν
2939 2671 3062 2722 ναὸν
3116 2671 3190 2729 είς
3232 2667 3522 2736 βεϐαίωσιν
3591 2665 3690 2732 τῆς
3729 2660 4065 2728 Παλαμικῆς

2495 2762 2756 2832 αἱρέσεως
2788 2761 2993 2829 ἁνίερος
3022 2761 3256 2828 τήμερον
3276 2756 3430 2823 ὤφθη
3470 2757 3563 2806 καὶ
3600 2754 3744 2822 μάλα
3776 2769 3829 2802 τι
3853 2749 4064 2817 σφόδρα

2496 2852 2630 2905 Θεοῦ
2662 2854 2750 2903 καὶ
2797 2850 3095 2920 ἱερωσύνης
3126 2847 3364 2909 ἀνάξιος.
3410 2845 3576 2896 Ὅθεν
3620 2845 3738 2894 ἐπεὶ
3778 2841 3851 2908 μὴ
3911 2839 4068 2890 λελο-

2498 2944 2732 3013 γισμένα
2760 2943 3018 3010 πράττειν
3053 2939 3185 3009 μηδὲ
3235 2937 3447 2988 συνέσει
3485 2937 3837 3003 προσήκοντα
3891 2932 4065 2994 παρέ-

2501 3050 2688 3103 χουσιν
2711 3033 2760 3083 οἱ
2792 3030 3025 3082 τοιοῦτοι
3062 3028 3265 3098 καιροὶ,
3304 3029 3398 3078 καὶ
3437 3023 3654 3091 μάλισθ’
3685 3025 3770 3074 ὅτε
3807 3021 3901 3072 καὶ
3939 3019 4070 3086 0εή-

828 3124 1137 3178 sacerdotio
1195 3122 1471 3191 indignus.
1507 3121 1687 3186 Quare
1750 3120 2006 3188 quoniam
2072 3134 2181 3172 non
2247 3118 2512 3188 cogi-(:1

2385 3125 2658 3186 Ἐλατός
2711 3143 2793 3187 τις
2853 3122 3066 3174 ἐλαύνοι
3125 3121 3332 3188 πληγὴ,
3395 3119 3587 3193 ἐξέστη
3625 3116 3718 3167 καὶ
3760 3105 3912 3173 οὗτος
3971 3110 4069 3171 τοῦ

832 3226 943 3268 tata
1005 3231 1164 3284 agere
1219 3229 1318 3267 nec
1372 3215 1568 3267 rationi
1623 3211 2012 3264 convenientia
2068 3210 2396 3278 permittunt

836 3309 966 3363 talia
1024 3317 1302 3375 tempora,
1365 3315 1420 3358 et
1475 3305 1779 3373 pra‘sertim
1828 3317 1950 3355 cum
2003 3302 2168 3354 ctiam
2221 3301 2404 3354 divina

835 3399 1085 3470 quadam
1140 3397 1370 3467 impellit
1423 3398 1599 3465 plaga,
1651 3394 1859 3448 exstitit
1912 3401 1967 3446 ct
2015 3394 2102 3446 hic
2152 3394 2256 3445 fixa
2294 3403 2404 3446 sta-

837 3491 931 3544 tim
982 3490 1316 3559 cogitatione
1345 3499 1400 3541 et
1447 3488 1745 3540 arbitratus
1799 3485 2174 3552 insuspectum
2229 3483 2392 3536 modo

837 3597 958 3635 esse
988 3598 1113 3636 eum
1143 3596 1303 3650 quem
1338 3580 1392 3633 in
1425 3580 1546 3632 aliis
1580 3578 1880 3632 reconditis
1914 3577 2162 3647 partibus
2199 3575 2401 3628 divinae

841 3673 1138 3743 Sapientia:
1176 3673 1453 3741 appellant
1489 3672 1735 3734 furnum,
1777 3670 1869 3722 ubi
1910 3670 2076 3722 etiam
2117 3682 2225 3736 quo
2265 3665 2403 3719 divi-

840 3781 970 3818 num
1004 3765 1274 3818 adeuntes
1306 3763 1576 3831 baptisma
1612 3760 1822 3815 condiri
1861 3767 2142 3828 unguento
2172 3771 2404 3811 consue-

842 3867 958 3911 tum
993 3865 1099 3918 est,
1125 3857 1235 3924 igni
1271 3863 1577 3924 praeparant
1611 3852 2060 3921 quinquennibus
2091 3850 2286 3920 spatiis
2319 3848 2403 3900 vel

841 3950 1009 4002 etiam
1064 3947 1320 4016 pluribus
1373 3946 1605 4003 fortasse
1658 3955 1715 3999 et
1770 3943 2076 3997 minoribus
2130 3940 2404 3995 interdum

846 4036 1011 4108 248
1057 4036 1360 4090 secundum
1396 4035 1734 4088 voluntatem
1777 4041 1832 4088 et
1862 4030 2228 4100 indigentiam
2265 4029 2406 4081 ali'o-

845 4144 967 4182 rum
1018 4129 1125 4181 alio
1177 4141 1422 4194 tempore
1479 4125 1907 4178 constitutorum
1942 4121 2402 4191 patriarcharum,

2504 3216 2842 3275 καθεστῶτος
2898 3214 3060 3274 εὐθὺς
3123 3213 3492 3279 φρονήματος,
3553 3210 3646 3260 καὶ
3695 3203 4072 3270 ξιιννενοηκῶς

2501 3308 2813 3361 ἀνύποπτον
2844 3304 3000 3368 μόνον
3033 3298 3172 3354 εἶναι
3222 3301 3313 3352 τὸν
3364 3300 3456 3351 ἐπὶ
3518 3298 3723 3362 θάτερα.
3776 3294 4075 3362 κρυπτῆρσι

2506 3398 2642 3464 μέρη
2679 3397 2774 3462 τῆς
2806 3393 2898 3445 τοῦ
2928 3393 3060 3444 Θεοῦ
3094 3392 3285 3459 σοφίας
3323 3389 3615 3458 λεγόμενον
3645 3386 3901 3454 φοῦρνον,
3943 3384 4078 3434 ἔνθα

2504 3489 2596 3538 καὶ
2631 3481 2674 3552 ᾧ
2706 3487 2829 3546 τοῦς
2864 3483 2939 3552 τῷ
2973 3483 3100 3551 θείῳ
3152 3482 3477 3550 προσιόντας
3529 3479 3865 3548 βαπτίσματι
3924 3475 4078 3543 χρίε-

2510 3577 2632 3629 σθαι
2675 3576 2827 3643 μύρῳ
2859 3574 3196 3644 νενόμισται,
3240 3572 3466 3639 ἕψουσιν
3513 3572 3570 3620 ὲν
3627 3567 4078 3635 πενταετηρικαῐς

2511 3667 2779 3735 περιόδοις
2815 3666 2847 3735 ἢ
2886 3665 2981 3716 καὶ
3013 3663 3258 3715 πλείοσιν
3292 3664 3423 3724 ἴσως
3489 3661 3582 3713 καὶ
3634 3659 3855 3728 ἥττοσιν
3905 3656 4079 3708 ἐνίοτε

2515 3758 2656 3810 κατὰ
2689 3757 2786 3826 τὴν
2811 3757 2918 3808 τῶν
2940 3755 3117 3822 ἄλλοτ’
3160 3753 3333 3807 ἄλλων
3361 3753 3616 3821 βούλησιν
3648 3752 3741 3801 καὶ
3763 3747 3953 3814 χρείαν
3976 3763 4082 3797 πα-

2513 3849 2810 3915 τριαρχῶν,
2842 3847 2898 3895 ὲν
2933 3844 3110 3913 τούτῳ
3135 3843 3322 3912 φυγὼν
3349 3842 3650 3910 ὑπότρομος
3679 3839 3743 3908 ιι.
3763 3838 3860 3889 126
3893 3835 3969 3906 τ.]
3991 3841 4086 3887 καὶ

2509 3939 2766 4009 περιδεὴς
2794 3940 2821 3989 ὁ
2849 3937 2977 4007 χθὲς
3007 3938 3240 4003 διωκτης
3271 3933 3477 4002 θρασὺς
3505 3934 3596 3982 ἐπὶ
3620 3929 3839 3989 πολλαῖς
3871 3928 4085 3997 ἐκρύπ-

2504 4045 2625 4080 τετο
2659 4030 2773 4088 ταῖς
2807 4028 3074 4095 ἡμέραις,
3110 4021 3482 4092 ἠχρειωμένος
3512 4021 3606 4072 καὶ
3672 4019 3816 4088 μάλα
3872 4018 4088 4083 ἀπαγο-

2512 4119 2682 4189 ρεύων
2715 4117 2777 4168 τὸ
2799 4117 2919 4186 ζῇν.

844 4222 949 4275 hoc
985 4231 1227 4288 tempore
1266 4220 1476 4288 fugiens
1510 4216 1904 4272 tremebundus
1959 4206 2052 4282 qui
2120 4212 2235 4265 heri
2278 4221 2590 4280 persecumr
2651 4209 2953 4264 acerrimus
2982 4208 3178 4270 fuerat,
3210 4205 3260 4256 in
3300 4204 3500 4256 multos
3533 4201 3651 4256 dies
3682 4214 3804 4255 sese
3836 4199 4083 4254 abscon-

849 4315 1037 4378 debat,
1073 4311 1343 4366 inutiliter
1375 4321 1666 4364 conterens
1694 4319 1749 4362 et
1779 4309 1934 4360 valde
1967 4307 2278 4360 detrectans
2309 4303 2498 4358 vitam.

921 4407 1064 4460 XIV.
1107 4405 1264 4458 Licet
1322 4405 1487 4472 igitur
1525 4401 1904 4454 ratiocinando
1940 4399 2160 4453 studere
2193 4396 2408 4463 assequi
2448 4405 2490 4459 ι)

851 4497 1126 4567 quomodo
1163 4496 1411 4563 vulgatas
1463 4493 1576 4545 heri
1618 4501 1671 4544 et
1727 4489 2129 4544 nudiustertius
2167 4489 2405 4556 superbo

850 4604 1002 4641 more
1017 4603 1047 4640 a
1070 4587 1354 4638 l’liilotheo
1372 4595 1561 4638 contra
1576 4583 1734 4650 iusta:
1755 4581 1878 4634 fidei
1903 4578 2406 4648 bominesjactatio-

850 4691 951 4728 nes
981 4673 1301 4728 etscurrilis
1337 4664 1534 4739 lingua:
1572 4671 1793 4725 facetias
1845 4670 2159 4737 coarguerit
2197 4682 2303 4720 non
2343 4667 2414 4718 ita

851 4767 1023 4820 multo
1044 4774 1166 4834 post
1196 4765 1338 4816 Deus
1370 4763 1577 4831 justum
1610 4762 1662 4814 in
1692 4760 1956 4828 judicium
1995 4769 2188 4812 vocato
2223 4773 2289 4811 eo
2323 4759 2413 4826 qui

853 4857 1199 4911 manifestam
1239 4854 1492 4922 injuriam
1532 4852 1692 4903 nimis
1727 4852 1988 4919 jactabat,
2019 4849 2188 4917 magis
2228 4857 2412 4900 autem

852 4953 1018 5005 etiam
1071 4948 1310 5017 jactabat
1366 4956 1519 5006 tum,
1572 4946 1814 5014 jactabat
1863 4957 1992 4995 vero
2045 4943 2212 4993 etiam
2263 4941 2414 5007 prius

864 5057 1026 5111 quam
1053 5051 1189 5101 tum,
1216 5049 1270 5092 et
1301 5040 1468 5107 jactat
1506 5039 1854 5090 continenter
1884 5035 1988 5089 sibi
2024 5035 2126 5102 ipsi
2163 5045 2219 5086 et
2250 5043 2414 5101 quot-

857 5140 990 5196 quot
1023 5131 1168 5184 circa
1204 5145 1328 5182 eum
1369 5139 1421 5181 et
1464 5144 1588 5180 cum
1627 5143 1693 5180 eo
1732 5136 2017 5180 versantur
2056 5128 2286 5180 Palamze
2323 5141 2415 5179 sc-

859 5231 1117 5274 ctatores.
1193 5220 1327 5284 Quis
1389 5230 1571 5272 autem
1633 5233 1799 5272 sanus
1867 5227 2166 5286 prarsumet
2224 5231 2417 5268 nume-

864 5328 985 5365 rare
1018 5322 1206 5380 aperta
1243 5329 1337 5379 pro
1383 5313 1452 5365 iis
1487 5326 1701 5368 semper
1753 5309 1892 5362 facta
1939 5309 2205 5361 divinitus
2252 5292 2415 5376 ιιι-θυι

861 5405 1166 5468 tnenta,ita
1217 5414 1274 5456 ut
1322 5405 1589 5468 judicium
1643 5417 1877 5470 pronum
1910 5402 1973 5454 ad
2006 5400 2416 5453 conversionem

865 5493 1032 5547 animi
1069 5494 1142 5547 sit
1167 5495 1187 5544 ’ἒ
1217 5493 1348 5556 Quis
1399 5510 1506 5545 non
1548 5493 1778 5545 miretur
1813 5491 2005 5544 videns
2050 5490 2417 5543 conStantiam

867 5600 974 5638 non
1025 5585 1346 5640 flectendam
1395 5594 1458 5637 ad
1512 5585 1926 5654 agnoscendum
1966 5599 2121 5635 suum
2154 5582 2420 5636 errorem?

866 5677 933 5731 Et
967 5678 1080 5733 haec
1109 5679 1330 5747 quidem
1365 5678 1467 5731 hoc
1496 5677 1655 5730 tnodo
1684 5685 1831 5742 gesta
1861 5684 2013 5727 sunt.

2587 4390 2685 4446 1Δ’.
2724 4392 2974 4457 Ἔξεστιν
2997 4387 3091 4443 οῦν
3129 4386 3542 4455 συλλογίζεσθαι
3583 4385 3700 4446 πῶς
3741 4383 3808 4436 τὰ
3838 4382 3968 4453 χθὲς
3996 4385 4090 4436 καὶ

2519 4482 2710 4551 πρώην
2745 4481 2882 4549 μετὰ
2931 4478 3162 4546 σοϐαροῦ
3193 4477 3286 4528 τοῦ
3331 4477 3493 4546 ἤθους
3542 4473 3975 4544 δημοσιευθέντα
4011 4474 4087 4539 τῷ

2516 4575 2751 4642 Φιλοθέῳ
2799 4572 3272 4642 μεγαλαυχήματα
3306 4569 3447 4619 κατὰ
3499 4569 3608 4620 τῶν
3656 4565 4090 4633 ὀρθοδοξούντων

2519 4668 2613 4717 καὶ
2661 4666 2758 4726 τὰς
2812 4665 2909 4734 τῆς
2957 4659 3375 4729 βωμολοχούσης
3420 4657 3667 4723 γλώττης
3716 4655 4089 4722 εὐτραπελίας

2519 4756 2742 4826 ἤλεγξεν
2774 4759 2871 4807 οὐκ
2910 4755 2989 4815 εἰς
3020 4752 3240 4819 μακρὰν
3274 4751 3472 4811 ὀΘεδς,
3506 4749 3719 4800 δικαίαν
3765 4749 3862 4814 τὴν
3908 4747 4091 4811 κρίσιν

2521 4845 2832 4912 ἐπενεγκὼν
2885 4846 2960 4913 τῷ
2994 4841 3267 4910 περιφανῆ
3318 4841 3413 4908 τὴν
3461 4839 3673 4889 ἀδικίαν
3729 4837 3808 4897 είς
3843 4836 3904 4886 τὸ
3960 4835 4092 4902 ὖψς

2521 4939 2829 5007 λαλήσαντι,
2869 4938 3070 5005 μᾶλλον
3100 4934 3155 4984 δὲ
3184 4932 3475 5000 λαλήσαντι
3507 4930 3607 4998 μὲν
3632 4929 3722 4980 καὶ
3751 4929 3892 4990 τότε,
3929 4927 4095 4995 λαλή-

2525 5049 2674 5084 σαντι
2735 5031 2790 5081 δὲ
2840 5032 2933 5081 καὶ
2974 5027 3240 5098 πρότερον
3289 5023 3319 5091 ἧ
3361 5023 3481 5073 τότε
3541 5024 3634 5072 καὶ
3685 5020 4092 5090 μεθύστερονῆ

2521 5127 2662 5188 τότε,
2710 5125 2805 5177 καὶ
2854 5125 3099 5175 λαλοῦντι
3147 5117 3412 5187 διηνεκῶς
3460 5116 3609 5181 αύτῴ
3663 5116 3756 5164 καὶ
3802 5114 3916 5163 ὅσοι
3956 5112 4095 5181 ἀμφ’

2521 5219 2680 5269 αὑτὸν
2729 5217 2824 5268 καὶ
2875 5218 2969 5267 σὺν
3023 5209 3174 5281 αὐτῷ
3227 5207 3594 5277 Παλαμισταί.
3645 5203 3739 5264 Τίς
3788 5203 3842 5254 δ’·
3879 5206 3986 5254 οὐκ
4033 5204 4095 5255 ἂν

2522 5309 2744 5360 ἀπείποι
2784 5307 3104 5375 βουλόμενος
3137 5300 3396 5368 ἀριθμεῖν
3433 5299 3557 5357 τοὺς
3592 5296 3916 5359 περιφανεῖς
3975 5295 4095 5346 κατ’

2524 5397 2702 5448 αὐτῶν
2737 5398 2821 5446 ἀεὶ
2853 5396 3168 5461 γινομένους
3207 5390 3388 5440 θεόθεν
3421 5387 3670 5454 ἐλέγχους
3699 5384 3840 5436 ὥστε
3873 5385 4096 5436 σύνεσιν

2528 5492 2675 5556 σχεῖν
2729 5491 2808 5548 εἰς
2863 5487 3240 5554 ἐπιστροφήνς
3299 5481 3391 5540 Τίς
3442 5479 3485 5529 δ’
3526 5478 3624 5529 οὐκ
3675 5477 3740 5528 ἂν
3787 5477 4092 5544 ἐκπλαγείη

2530 5581 2739 5647 βλέπων
2774 5580 2833 5628 τὸ
2866 5579 3115 5646 ἀκαμπὲς
3149 5572 3332 5635 αὺοῶν
3360 5570 3452 5621 καὶ
3497 5569 3893 5636 ἁνεπίστροφον
3933 5569 4014 5630 εἰς
4042 5568 4096 5620 τὺ

2528 5675 2624 5739 τὴν
2684 5671 2950 5738 σφετέραν
3005 5670 3243 5720 συνεῖναι
3284 5661 3553 5723 ·.πλάνην;
3603 5658 3711 5711 Καὶ
3770 5659 3945 5709 ταῦτα
4001 5659 4094 5725 μὲν

2525 5763 2713 5816 τοῦτον
2745 5764 2862 5829 ἔσχε
2898 5761 2985 5812 τὸν
3011 5761 3229 5827 τρόπον.
