4264 6362
167 376 282 435 227

1201 384 1648 443 ΒΥΖᾹΝΤΙΝᾸΞ
1687 387 2070 449 ΗΙΞἸὈΒΙΕ
2109 389 2253 450 LIB.
2299 390 2516 453 XXIX.

3335 394 3439 458 218

241 484 345 549 υἷ’.
381 495 507 547 Τῶν
545 495 591 548 δ’
635 497 793 549 υίέων
825 496 1292 564 Καντακουζηνού
1343 496 1622 561 Martiale;
1655 502 1755 568 μὲν
1789 516 1828 566 Α

1789 516 1828 566 Α
1932 502 2048 558 XV.
2093 502 2361 556 Filiorum
2392 514 2573 556 autem
2602 501 2972 556 Cantacuzcni
3001 501 3291 556 Matthaaus
3318 505 3440 572 qui.

167 590 194 638 6
262 586 527 654 βασιλεὺς
582 587 882 657 διατρίϐων
949 588 1109 656 ἔτυχε
1177 588 1482 647 τηνικαῦτα
1543 591 1600 651 ὲς
1656 591 1759 644 ὅσα

170 678 439 733 ἐπέκεινα
478 680 863 748 Διδυμοτείγου
885 696 943 732 τε
979 682 1076 732 καὶ
1106 680 1478 751 Ὀρεστιάδος,
1502 682 1758 752 Μανουηλ

170 768 214 820 δ’
255 770 285 821 6
340 768 464 838 μετ’
517 768 754 830 ἐκεῖνον,
786 768 1055 835 δεσπότης
1081 768 1143 821 τὸ
1178 769 1396 838 ἀξίωμα
1424 769 1521 830 ῶν,
1559 773 1616 833 ἐς
1654 774 1760 824 Πε-

170 860 532 930 λοπόννησον,
563 861 813 927 πέμπτον
849 860 969 922 ἔτος
1002 860 1103 929 ήδη
1140 860 1248 911 τῶν
1276 860 1396 912 ἐκεῖ
1431 860 1760 929 Ῥωμαϊκῶν

175 952 542 1021 χωρίωνικαὶ
590 951 802 1013 πόλεων
857 952 956 1023 τὴν
1006 940 1319 1020 ἐπιτροπὴν
1350 952 1590 1006 διοικῶν.
1629 953 1687 1005 '0
1717 953 1761 1004 δ’

175 1040 266 1096 ἐπὶ
329 1044 570 1115 θυγατρὶ
618 1044 889 1115 γαμϐρὸς,
950 1045 1159 1097 Κόντου
1211 1044 1559 1114 Κεφαληνίας
1608 1046 1759 1108 παῖς,

177 1138 353 1198 Αἴνου,
398 1138 503 1205 τῆς
552 1138 761 1201 πόλεως
804 1134 872 1207 ἦν
908 1138 1224 1207 ἐπίτροπος.
1258 1138 1352 1190 καὶ
1403 1138 1456 1189 εἴ
1498 1154 1551 1191 τι
1604 1137 1766 1208 πέριξ

178 1232 397 1299 ὑπῆρχε
424 1230 625 1299 χωρίον
668 1228 1012 1298 βαρϐαρικῆς
1058 1228 1238 1280 ἀθῶον
1274 1228 1354 1280 ετι
1393 1227 1763 1297 καταδρομῆς.

179 1317 303 1369 Τῶν
350 1318 407 1370 δὲ
452 1317 898 1383 γυναικαὸόλφων
949 1314 1471 1384 σεϐαστοκρατόρων
1514 1314 1765 1381 Ἰωάννης

182 1410 281 1475 μὲν
312 1407 476 1478 ιτυχε
520 1406 599 1475 τῷ
633 1405 984 1475 Παλαιολὸγῳ
1023 1406 1160 1466 τέως
1200 1406 1654 1472 συνδιαιτώμενος
1689 1404 1767 1475 τῷ

182 1501 421 1569 βασιλεῖ,
454 1498 651 1565 τειχῶν
684 1497 996 1561 Βυζαντίων
1049 1496 1222 1560 ἐντὸς,
1278 1497 1471 1566 ἅτερος
1523 1496 1570 1548 δ’
1630 1492 1770 1566 ἦρχε

183 1593 392 1661 Βιζύης
422 1595 451 1645 ὁ
496 1590 752 1659 Μανουὴλ
800 1592 864 1642 εκ
921 1588 1122 1641 πολλοῦ
1153 1588 1253 1657 τὴν
1292 1591 1597 1660 ἐπιτροπὴν
1628 1588 1773 1656 είλη-

184 1684 299 1752 φὼς
350 1684 489 1753 πρὸς
520 1683 613 1736 τοῦ
644 1680 1105 1749 Καντακουζηνεῦ
1126 1699 1141 1713 '
1176 1683 1228 1735 al
1274 1680 1462 1733 λοιπαὶ
1492 1679 1537 1731 δ’
1566 1680 1771 1732 ὑπέκυ-

184 1778 292 1844 ψαν
326 1775 685 1844 Παλαιολόγῳ
704 1773 782 1841 τῷ
806 1773 1023 1840 βασιλεῖ
1046 1775 1245 1827 ὁπόσαι
1280 1774 1449 1843 μήπω
1476 1773 1772 1843 βαρϐάροις

186 1873 546 1943 τροδέδονται
575 1870 781 1934 πόλεις.

258 1963 386 2029 ις’.
430 1962 634 2032 Μηνῶν
664 1963 707 2015 δ’
743 1966 910 2033 ἐγγὺς
956 1965 1104 2017 δυοῖν
1150 1961 1353 2031 μεταξῦ
1386 1956 1774 2029 παρερῤυηκό-

187 2070 299 2105 των
330 2047 473 2123 ἦκεν
517 2057 582 2107 ἐκ
616 2054 842 2107 Τενέδου
884 2054 979 2106 καὶ
1022 2056 1048 2106 ὁ
1085 2050 1388 2111 Κάλλιστος
1431 2047 1576 2100 οὕτω
1620 2046 1774 2114 λεγὸο

193 2163 382 2216 μενος,
440 2145 790 2215 πατριάρχης
846 2145 943 2213 μὲν
993 2138 1134 2196 εἶναι
1195 2138 1570 2211 συγχωρηθεὶς
1617 2137 1775 2199 αὖθις

193 2238 338 2307 πρὸς
363 2237 740 2303 Παλαιολὸγου
773 2235 864 2289 τοῦ
903 2233 1188 2305 βασιλέως,
1228 2234 1322 2286 ita
1352 2230 1669 2299 ἐζηλωκὼς,
1700 2228 1776 2290 ὡς

193 2331 404 2395 ἔδοξεν,
435 2330 574 2398 ὑπὲρ
624 2328 815 2390 αὐτοῦ,
858 2330 932 2397 μὴ
969 2328 1340 2395 στεργόμενος
1372 2323 1415 2375 δ’
1443 2317 1559 2383 οὖν,
1594 2323 1644 2373 εί
1699 2321 1775 2389 μὴ

193 2424 267 2475 τά
293 2422 441 2476 κατὰ
475 2420 730 2490 βούλησιν
758 2418 903 2488 δρῴη
942 2417 1113 2485 αὐτῷ.
1156 2415 1215 2467 Ὀ
1243 2415 1343 2483 μὲν
1380 2412 1489 2481 γὰρ
1523 2409 1777 2463 ὶϐούλετο

196 2517 436 2578 πάντας,
462 2512 765 2581 συλλήϐδην
800 2513 995 2571 εἰπεῖν,
1025 2507 1361 2567 ἐπισκόπους
1398 2505 1495 2557 καὶ
1535 2505 1778 2570 πρεσϐυο

198 2607 398 2677 τέρους
451 2606 551 2675 τῆς
609 2603 975 2671 ὲπισκοπικῆς
1034 2599 1285 2653 καθελεῖν
1338 2597 1533 2661 ἀξίαςο
1572 2594 1783 2664 βασιλεῖ

199 2698 244 2750 δ’
294 2698 398 2749 οὐκ
442 2691 509 2766 ἦν
560 2694 672 2748 οὐδ’
719 2692 969 2747 ὁπωσοῦν
1024 2690 1275 2750 ἀνεκτὸν,
1308 2689 1357 2740 εί
1412 2688 1486 2757 μὴ
1531 2685 1781 2754 ἀλλήλοις

202 2789 387 2858 ἀφῶσι
421 2788 807 2855 τάγκλήματα.
845 2784 1119 2843 συνιόντες
1145 2784 1227 2843 είς
1257 2780 1337 2832 ἒν.
1377 2779 1509 2847 Ὀψὲ
1554 2795 1618 2845 γε
1676 2776 1782 2846 μὴν

203 2880 299 2934 καὶ
355 2878 562 2947 σφόδρα
628 2882 786 2945 μόγις
833 2876 866 2943 ή
916 2874 1011 2925 τοῦ
1072 2872 1341 2941 βασιλέως
1395 2868 1784 2937 φιλάνθρωπος

204 2971 463 3037 νενίκηκε
497 2967 774 3037 βούλησις.
812 2966 888 3019 Οὐ
919 2965 1117 3026 τελέως
1149 2963 1272 3033 μὲν,
1303 2963 1556 3030 νενίκηκε
1581 2960 1626 3012 δ’
1665 2955 1785 3013 οὖν.

207 3061 335 3125 Τοῖς
396 3046 495 3131 μὲν
544 3060 653 3128 γὰρ
704 3058 1027 3118 ἐπισκόποις
1065 3056 1161 3108 καὶ
1209 3055 1358 3108 άκων
1409 3056 1437 3107 6
1486 3051 1788 3113 Κάλλιστος

1866 594 1989 647 dem
2046 610 2139 647 rex
2196 604 2310 648 tum
2362 593 2504 647 forte
2554 594 2879 647 versabatur
2922 593 2973 644 in
3016 592 3080 645 iis
3122 593 3439 661 regionibus

1864 702 1985 755 qua:
2058 687 2201 739 ultra
2279 684 2720 755 Didymotichum
2775 694 2830 737 et
2895 685 3273 748 Orestiadem;
3326 684 3438 737 Ma-

1865 777 1992 829 nuel
2038 792 2169 829 vero
2208 776 2299 844 qui
2339 775 2617 829 secundus
2655 777 2721 828 ab
2751 776 2844 829 illo
2879 785 3021 837 erat,
3054 784 3318 845 tyrannus
3349 775 3436 839 di-_-

1864 871 2095 938 gnitate,
2128 869 2181 922 iu
2210 869 2373 940 249
2388 868 2767 937 Peloponneso
2797 870 2991 937 quinto
3018 872 3128 937 jam
3162 883 3306 920 anno
3334 866 3443 919 llo-

1866 977 2155 1016 manorum
2184 962 2258 1015 ibi
2288 961 2697 1030 provinciarum
2727 969 2782 1013 ct
2808 962 3024 1012 urbium
3054 960 3439 1028 praefecturam

1866 1053 2308 1106 administrabat.
2358 1050 2579 1105 Sororis
2630 1050 2858 1102 maritus
2885 1048 3044 1102 Comi
3094 1048 3442 1117 tlephaleniaa

1870 1142 2014 1197 ﬁlius
2049 1142 2179 1198 Eni
2212 1143 2366 1196 urbis
2396 1152 2515 1195 erat
2553 1140 2870 1209 praefectus,
2905 1149 2962 1193 et
2983 1139 3028 1192 si
3065 1153 3170 1206 qua
3205 1139 3442 1191 circum-

1878 1235 2024 1288 circa
2070 1244 2192 1289 erat
2237 1244 2381 1288 terra
2428 1232 2785 1286 barbarorum
2830 1232 3013 1285 adhuc
3053 1230 3336 1284 iuvasione
3381 1230 3446 1280 li-

1870 1327 2023 1380 bera.
2059 1314 2313 1383 Fratrum
2363 1325 2551 1378 uxoris
2590 1323 2856 1391 principis
2915 1322 3444 1375 sebastocratorum.

1870 1415 2108 1470 Joannes
2129 1415 2353 1484 quidem
2377 1414 2661 1481 Palmologi
2682 1416 2829 1481 regis
2856 1422 2968 1464 tum
2986 1411 3125 1463 forte.
3149 1418 3451 1464 consuetu-

1872 1508 2002 1561 dine
2030 1508 2287 1561 utebatur
2315 1510 2459 1560 intra
2494 1506 2696 1562 mcenia
2727 1505 3020 1574 Byzantina
3047 1520 3061 1555 :
3091 1502 3230 1554 alter
3260 1511 3444 1554 autem

1872 1600 2053 1653 Bizuae
2112 1609 2348 1668 praeerat
2402 1599 2614 1652 Manuel
2651 1614 2681 1649 e
2737 1599 2897 1665 longo
2962 1606 3210 1661 tempore
3281 1595 3447 1646 tutela

1874 1700 2127 1759 suscepta
2151 1706 2181 1745 a
2207 1690 2613 1745 Cantacuzeno.
2642 1689 2886 1756 [telique
2920 1674 3226 1753 Palaeologo
3273 1684 3449 1751 impe-

1876 1784 2046 1845 ratori
2073 1783 2341 1851 parebant
2369 1791 2639 1851 quotquot
2668 1781 2907 1834 nondum
2946 1778 3162 1831 tradita:
3194 1775 3447 1829 barbaris

1806 1860 1849 1916 Β
1879 1875 2048 1928 urbes
2075 1884 2391 1942 supersunt.

1946 1963 2085 2019 XVI.
2122 1964 2397 2018 Mensibus
2432 1962 2650 2018 interim
2682 1960 2897 2014 duobus
2924 1959 3039 2013 fere
3071 1957 3451 2026 praiterlapsis

1876 2055 2025 2109 venit
2054 2070 2123 2110 ex
2143 2054 2363 2109 Tenedo
2408 2054 2573 2109 etiam
2630 2054 2906 2113 Callistus,
2941 2067 3103 2119 quem
3154 2048 3449 2118 appellant,

1877 2147 2192 2216 patriarcha
2223 2146 2559 2200 constitutus
2585 2160 2779 2197 rursus
2796 2158 2825 2196 a
2850 2142 3154 2209 Palaiologo
3185 2141 3341 2206 imp.,
3364 2147 3452 2190 ut-

1878 2248 2006 2308 pote
2033 2238 2198 2292 rebus
2226 2239 2343 2307 ejus
2385 2244 2444 2289 ut
2477 2236 2766 2289 videbatur
2796 2234 3049 2291 studens.
3072 2245 3249 2299 neque
3277 2241 3458 2286 tamen

1878 2328 1929 2382 ei
1971 2339 2228 2397 acceptus
2282 2328 2386 2381 uisi
2416 2343 2483 2382 ex
2515 2328 2636 2397 ejus
2665 2336 2851 2396 ageret
2876 2314 3132 2378 arbitrio.
3192 2323 3291 2377 Hic
3312 2324 3458 2377 enim

1880 2419 2097 2474 volebat
2126 2435 2318 2474 omnes
2349 2419 2402 2471 in
2438 2418 2754 2472 universum
2790 2417 3081 2486 episcopos
3121 2422 3177 2469 et
3205 2415 3461 2468 sacerdo-

1882 2520 1963 2565 tes
2008 2512 2305 2580 episcopali
2352 2510 2661 2565 sacerdotio
2712 2524 2935 2563 exuere.
2966 2508 3264 2576 Imperator
3325 2522 3462 2559 cou-

1881 2606 2093 2661 sentire
2153 2603 2353 2665 noluit,
2414 2602 2520 2656 nisi
2583 2600 2976 2654 convenientes
3028 2596 3084 2650 in
3145 2610 3313 2649 unum
3356 2595 3459 2647 sibi

1884 2698 2117 2753 invicem
2154 2693 2768 2750 remitterentcrimina.
2806 2691 2941 2745 Sero
2967 2689 3189 2758 quidem
3219 2697 3275 2740 et
3298 2702 3464 2754 aeger-

1886 2792 2025 2845 rime
2055 2788 2404 2859 imperatoris
2428 2787 2729 2839 humanum
2764 2782 2895 2836 vicit
2922 2781 3235 2839 consilium,
3277 2791 3455 2846 neque

1886 2883 2034 2937 omni
2071 2897 2137 2937 ex
2177 2890 2349 2950 parte,
2372 2889 2427 2932 at
2452 2880 2582 2932 vicit
2610 2894 2625 2941 ;
2656 2875 2933 2944 episcopis
2957 2875 3105 2927 enim
3138 2872 3221 2924 vel
3260 2869 3463 2923 invitus

1886 2974 2134 3030 Calixtus
2165 2988 2372 3025 morem
2417 2972 2662 3041 gerebat,
2692 2966 3013 3035 patriarcha:
3062 2977 3194 3017 vero
3239 2968 3362 3030 post
3404 2974 3464 3013 se

1889 3074 2070 3120 creato
2105 3064 2390 3118 Philotheo
2420 3060 2744 3131 cognomine
2778 3057 3018 3111 tloccino
3058 3068 3285 3123 prorsus
3313 3052 3466 3104 nullo

208 3153 531 3215 ἐσπείσατο,
552 3150 632 3220 τῷ
682 3150 739 3203 δὲ
783 3149 923 3219 μετά
954 3165 1019 3215 γε
1070 3147 1233 3200 αὐτὸν
1280 3144 1786 3215 πατριαρχεύσαντι
1813 3186 1857 3245 c

1780 3162 1786 3195 ι
1813 3186 1857 3245 c
1891 3157 2077 3211 modo.
2104 3156 2210 3211 Sed
2239 3155 2448 3210 eisdem
2502 3150 2779 3220 episcopis
2840 3148 3153 3202 convocatis
3183 3143 3345 3213 250
3372 3142 3464 3211 qui

210 3244 473 3314 Κοκκίνῳ
496 3242 573 3312 τῷ
595 3240 829 3308 Φιλοθέῳ
856 3239 1133 3307 λεγομένῳ
1162 3237 1221 3289 τὸ
1250 3238 1512 3306 παράπαν
1550 3234 1786 3303 οὐδαμῆ,

212 3338 352 3391 ἀλλά
378 3338 508 3399 τοὺς
532 3334 730 3396 αὐτοὺς
756 3332 1092 3389 ἐπισκόπους
1121 3326 1497 3398 συνηθροικὼς
1525 3326 1574 3378 οἳ
1598 3326 1787 3394 τοῦτον

217 3430 317 3499 μὲν
374 3430 581 3497 πέρυσι
621 3426 722 3492 τῆς
766 3422 1166 3491 πατριαρχείας
1228 3420 1460 3485 ἔξῶσαν,
1502 3420 1710 3471 ὁκεῖνον
1744 3416 1788 3468 δ’

215 3521 549 3597 άνθείλοντο,
609 3517 674 3569 δι’
745 3516 927 3571 αὐτῶν
998 3514 1190 3582 ἐκείνῳ
1265 3502 1365 3581 τὴν
1438 3510 1783 3573 ὲπεξέλευσιν

217 3616 531 3684 εἴργασται.
575 3611 682 3663 Καὶ
712 3610 965 3678 καθαιρεῖ
1015 3606 1117 3676 μὲν
1157 3604 1320 3658 αὑτὸν
1362 3604 1460 3674 τῆς
1493 3600 1791 3668 ἱερωσύνης

218 3705 357 3775 ὁμοῦ
386 3705 457 3773 τῇ
488 3703 587 3770 τῆς
619 3701 777 3763 ἀξίας
822 3699 1025 3765 ἑλπίδι,
1052 3688 1331 3765 ἐπιτίθησι
1377 3694 1434 3747 δὲ
1482 3695 1574 3747 καὶ
1605 3693 1797 3760 ἀφορι-

222 3795 376 3857 σθεῖς
433 3790 523 3845 ὑπ’
584 3791 798 3844 ἐκείνου
852 3789 984 3859 πρὶν
1030 3786 1125 3840 καὶ
1167 3787 1332 3847 αὐτὸς
1377 3782 1683 3851 άφορισμδν
1732 3783 1796 3833 ὲκ

220 3887 390 3952 Θεοῦ,
429 3883 614 3954 μοιχόν
641 3899 703 3935 τε
735 3879 1031 3935 ἀποκαλῶν
1071 3879 1167 3932 καὶ
1210 3876 1413 3947 λῃστὴν
1444 3876 1542 3927 καὶ
1569 3873 1797 3943 ἅρπαγα

221 3982 321 4047 τῆς
374 3977 601 4049 μηδαμῆ
632 3972 1021 4045 προσηκούσης
1062 3970 1221 4035 ἀξίας
1263 3968 1435 4037 αὐτῷ.
1476 3965 1584 4019 Καὶ
1626 3963 1799 4017 ταῦτα

227 4069 331 4138 μιν
357 4066 550 4118 τοῦτον
578 4064 705 4133 ἔσχε
732 4064 822 4115 τὸν
854 4060 1077 4130 τρόπον.

300 4161 404 4213 lZ'.
454 4155 597 4223 Ἐγὼ
626 4156 670 4208 6’
699 4156 794 4207 ιπὶ
837 4152 1053 4212 τούτοις
1080 4150 1159 4220 τῷ
1209 4149 1423 4219 βασιλεῖ
1464 4147 1803 4219 προσεληλυ-

228 4255 336 4315 Θὼς
369 4252 467 4305 xal.
512 4246 833 4318 άπειληψὼς
885 4246 1011 4317 ίδίᾳ,
1044 4246 1139 4297 καὶ
1181 4246 1279 4297 ὃσα
1316 4242 1588 4312 δήπουθεν
1633 4238 1804 4309 ἐχρῆν

227 4344 529 4415 ὡμιληκὼς
573 4342 713 4411 ὑπὲρ
761 4340 871 4393 τῶν
909 4339 1067 4392 θείων
1098 4337 1199 4407 τῆς
1243 4334 1572 4403 Ἐκκλησίας
1603 4333 1805 4401 δογμά-

224 4454 361 4501 των,
397 4438 489 4488 καὶ
515 4434 613 4504 τὴν
641 4434 777 4499 πρὸς
804 4430 897 4485 τοῦ
939 4427 1403 4498 Καντακουζηνοῦ
1439 4428 1532 4480 κα)⁵
1567 4427 1807 4495 Παλαμᾶ

1893 3250 2040 3303 hunc
2066 3257 2224 3301 antea
2248 3244 2614 3315 patriarchatu
2640 3251 2928 3301 exuerant,
2946 3238 3211 3306 illumque
3250 3236 3304 3288 in
3348 3234 3469 3304 ejus

1890 3342 2069 3395 locum
2100 3338 2453 3397 suﬂecerant,
2474 3350 2570 3405 per
2607 3335 2707 3387 hos
2737 3332 2809 3386 illi
2846 3344 3060 3400 poenam
3094 3326 3384 3396 irrogavit,
3414 3334 3471 3379 et

1894 3428 2145 3498 spoliavit
2169 3442 2294 3481 eum
2329 3424 2637 3480 sacerdOtio
2663 3422 2824 3476 simul
2871 3430 2925 3474 et
2954 3434 3051 3488 spe
3084 3418 3472 3485 recuperandae

1896 3518 2195 3588 dignitatis.
2248 3516 2415 3571 Addit
2462 3516 2627 3569 etiam
2662 3515 2679 3584 (
2712 3511 3222 3567 excommunicatus
3267 3511 3336 3563 ab
3379 3508 3473 3561 illo

1895 3623 2021 3666 ante
2050 3623 2104 3665 et
2128 3611 2265 3680 ipse)
2289 3608 2911 3665 excommunicationem
2943 3603 3215 3657 divinitus
3247 3602 3467 3659 factam,

1897 3702 2171 3757 moechum
2231 3698 2516 3770 appellans
2576 3696 2729 3748 illum
2780 3703 2833 3747 et
2884 3693 3151 3746 latronem
3190 3697 3246 3743 et
3292 3694 3475 3755 rapto-

1898 3808 2013 3848 rem
2036 3794 2156 3862 ejus
2185 3806 2290 3859 qua
2315 3789 2538 3842 minime
2572 3787 2769 3856 dignus
2790 3793 2937 3839 esset
2960 3780 3266 3852 potestatis.
3298 3780 3477 3847 Atque

1901 3887 2016 3940 hac
2039 3884 2260 3955 quidem
2295 3884 2377 3936 sic
2425 3897 2483 3935 se
2545 3881 2844 3935 habebant.

1973 4152 2137 4207 XVII.
2160 4151 2269 4220 Ego
2292 4164 2423 4203 vero
2469 4148 2537 4203 de
2582 4146 2671 4201 his
2708 4145 2874 4200 rebus
2923 4143 3307 4211 imperatorem
3351 4152 3484 4192 con-

1906 4245 2029 4301 veni
2071 4243 2421 4312 privatim.et
2462 4248 2725 4308 quantum
2764 4236 2954 4303 utique
2991 4247 3131 4301 opus
3171 4240 3290 4284 erat
3335 4228 3486 4281 locu—

1908 4348 1997 4394 tus
2016 4353 2132 4392 smu
2151 4335 2219 4390 de
2245 4334 2447 4388 divinis
2470 4332 2726 4386 Ecclesia:
2759 4325 3131 4397 dogmatibus,
3154 4332 3209 4376 et
3228 4320 3425 4374 factam
3452 4334 3484 4372 a

1910 4432 2296 4487 Cantacuzeno
2318 4436 2373 4480 et
2393 4426 2611 4479 Palama
2633 4422 2853 4490 pietatis
2891 4415 3328 4473 immutationem
3371 4425 3486 4463 me-

226 4533 592 4598 καινοτομίαν
643 4528 740 4597 τῆς
792 4522 1073 4586 εὐσεϐείας
1097 4522 1476 4592 γεγενημένην
1523 4521 1808 4588 ὲκτραγῳ-
1844 4530 1882 4582 ι)

1801 4547 1808 4558 ι
1844 4530 1882 4582 D
1914 4526 2119 4578 moravi
2147 4534 2203 4576 et
2223 4520 2396 4588 adjeci
2426 4518 2609 4587 qualia
2635 4515 2751 4569 haec
2777 4522 2908 4569 sunt
2936 4525 3059 4580 quae
3078 4508 3171 4561 Dei
3197 4511 3485 4560 moverunt

226 4627 425 4693 δήσας,
450 4620 639 4693 [[126
669 4616 747 4689 υ.]
785 4618 881 4671 καὶ
902 4615 1163 4686 προσθεὶς
1191 4615 1266 4675 ὡς
1295 4613 1449 4666 ταῦτ’
1476 4612 1626 4665 ἐστιν
1646 4610 1681 4663 ὃ.
1710 4612 1807 4678 την

224 4716 327 4770 τοῦ
354 4712 493 4767 Θεοῦ
534 4714 820 4779 κεκίνηκεν
844 4708 1014 4779 ὁργὴν
1040 4708 1181 4761 κατὰ
1221 4705 1317 4758 τοῦ
1347 4701 1808 4771 Καντακουζηνοῦ

227 4810 305 4869 ὡς
348 4804 596 4873 αἰσχρῶς
640 4802 739 4870 τῆς
785 4800 1066 4869 βασιλείας
1120 4797 1348 4868 ῥιφῆναι
1396 4796 1493 4847 καὶ
1537 4793 1676 4861 πρὸς
1704 4793 1811 4843 τῶν

229 4898 592 4967 φαυλοτάτων
640 4893 1068 4963 ὲξουδενωθῆναι
1120 4890 1413 4961 λαμπρῶς,
1439 4890 1633 4942 ιπειτα
1667 4903 1809 4955 πσρ-

228 4993 402 5063 ῄνουν
439 4987 791 5058 ἀνειληφέναι
839 4986 1116 5039 πεσοῦσαν
1164 4987 1263 5053 τὴν
1298 4984 1532 5053 πάτριον
1575 4984 1675 5049 τῆς
1716 4978 1811 5032 τοῦ

231 5084 372 5141 Θεοῦ
413 5081 743 5150 Ἑκκλησίας
787 5078 1121 5149 εὐπρέπειαν
1168 5074 1427 5144 καὶπρὸς
1483 5072 1544 5125 τὸ
1584 5073 1814 5141 ἀρχαῖον

232 5173 543 5240 ἀναγαγεῖν
594 5170 834 5238 ἀξίωμα,
867 5171 915 5222 εί
959 5168 1035 5239 μὴ
1084 5167 1327 5237 βούλοιτο
1374 5167 1468 5219 καὶ
1499 5165 1662 5225 αὐτὸς
1701 5167 1814 5227 τοῖς

233 5265 452 5333 ὁμοίοις
500 5262 858 5331 περιπίπτειν
890 5261 1105 5320 δεινοῖς.
1140 5259 1274 5312 Θεοῦ
1300 5260 1409 5327 γὰρ
1439 5257 1672 5319 διδόντος
1716 5257 1815 5324 τὴν

236 5355 510 5427 πατρῴαν
542 5355 690 5423 αὐτῷ
727 5351 1007 5422 βασιλείαν
1034 5350 1287 5418 ἀπονητὶ,
1307 5349 1505 5418 χρῆναι
1534 5350 1628 5400 καὶ
1652 5347 1816 5400 αὑτὸν

236 5449 555 5503 ἁποόιὸόναι
608 5448 706 5517 τὴν
772 5446 995 5513 πάτριον
1048 5442 1333 5495 εὐσέϐειαν
1388 5441 1466 5507 τῷ
1520 5440 1661 5507 Θεῷ,
1721 5438 1816 5490 τοῦ

238 5542 387 5589 πάνυ
424 5551 478 5585 τι
518 5532 758 5601 χαλεποῦ
804 5534 865 5583 τὸ
912 5532 1053 5583 πάνυ
1094 5546 1147 5581 τι
1187 5530 1384 5599 ῥᾷστον
1419 5527 1812 5594 ἀλλαξάμενος).

249 5626 538 5681 Ἐντεῦθεν
583 5626 690 5693 γάρ
738 5624 937 5687 ἐξεῖναι
982 5624 1080 5673 τοῦ
1111 5619 1302 5672 λοιποῦ
1357 5620 1689 5687 συλλήπτορι
1748 5621 1816 5688 τῇ

238 5719 449 5771 ἄνωθεν
497 5716 798 5785 κεχρῆσθαι
829 5716 980 5785 δεξιᾷ
1014 5714 1149 5784 τιρδς
1197 5714 1415 5766 ἃπασαν
1455 5712 1654 5779 πρᾶξιν
1683 5712 1819 5779 ὁμοῦ

245 5812 345 5868 καὶ
391 5809 613 5880 βουλήν.
647 5809 789 5878 Πρὸς
816 5808 879 5881 δὴ
904 5806 1081 5863 ταῦτα
1124 5810 1215 5861 καὶ
1254 5808 1322 5859 τὰ
1361 5807 1582 5861 τοιαῦτα
1629 5806 1819 5876 βούλη-

1910 4617 2047 4670 iram
2071 4616 2125 4667 in
2160 4614 2628 4668 Cantacuzenum,
2662 4614 2723 4659 ut
2761 4602 2995 4669 turpiter
3033 4612 3201 4668 regno
3226 4596 3486 4664 expulsus

1908 4721 2017 4763 eta
2053 4704 2304 4775 pessimis
2356 4700 2672 4757 hominibus
2720 4698 2919 4750 mirum
2954 4693 3008 4748 in
3070 4689 3292 4743 modum
3342 4695 3490 4738 esset

1911 4807 2277 4866 contemptus.
2328 4793 2533 4848 Deinde
2567 4789 2826 4844 hortabar
2880 4796 2940 4838 ut
2992 4784 3230 4852 erigeret
3296 4792 3488 4831 rursus

1910 4892 2117 4959 lapsam
2147 4900 2423 4957 paternam
2483 4885 2681 4938 divinae
2723 4880 2981 4934 Ecclesiae
3019 4873 3397 4928 auctoritatem
3432 4877 3489 4921 et

1912 4985 1979 5038 ad
2006 4983 2290 5053 pristinam
2323 4978 2643 5048 dignitatem
2664 4983 2945 5028 revocaret
2966 4969 3067 5022 nisi
3101 4966 3262 5020 vellet
3288 4973 3344 5018 et
3374 4964 3487 5032 ipse

1914 5077 1971 5130 in
2004 5074 2193 5129 eadem
2224 5070 2461 5125 incidere
2490 5066 2758 5137 pericula.
2792 5064 2926 5118 Nam
2963 5074 3087 5114 cum
3128 5060 3272 5111 Deus
3306 5067 3488 5122 pater-

1915 5181 2048 5220 num
2097 5166 2145 5218 ei
2178 5164 2298 5216 sine
2355 5162 2541 5215 labore
2591 5158 2839 5211 dedisset
2887 5153 3199 5222 imperium,
3237 5157 3490 5217 oportere

1916 5258 2080 5312 etiam
2108 5255 2337 5308 reddere
2373 5255 2549 5322 ipsum
2609 5251 2717 5303 Deo
2769 5248 2969 5301 avitam
3028 5245 3280 5313 pietatem
3345 5250 3493 5308 post—

1917 5366 2078 5418 quam
2114 5345 2429 5402 difﬁcillima
2481 5344 2757 5398 facillimis
2812 5347 3098 5393 mutasset.
3170 5336 3306 5388 Ilinc
3345 5332 3490 5386 enim

1921 5443 2035 5495 lleri
2062 5451 2120 5493 ut
2157 5440 2343 5493 liceret
2368 5438 2423 5490 in
2452 5444 2730 5503 posterum
2759 5433 3009 5498 adjutore
3061 5429 3137 5482 uti
3178 5425 3368 5479 divino
3394 5438 3494 5475 nu-

1921 5535 2068 5586 mine
2090 5532 2154 5584 ad
2188 5545 2405 5584 omnem
2439 5539 2495 5582 et
2524 5529 2795 5581 actionem
2829 5530 2887 5577 et
2912 5520 3230 5576 consilium.
3258 5516 3339 5571 Ad
3378 5516 3493 5568 haec

1920 5635 1975 5679 et
2004 5625 2201 5679 similia
2253 5620 2616 5685 persuadendi
2672 5618 2779 5671 vim
2834 5616 2990 5685 251
3029 5612 3283 5667 habentia
3363 5622 3495 5661 sane

1925 5717 2171 5779 multam,
2208 5730 2331 5769 cum
2355 5726 2674 5781 cognossem
2717 5725 2818 5779 ego
2856 5708 3128 5761 eilicaeem
3165 5704 3354 5771 utique
3396 5700 3497 5752 im-

1926 5817 2108 5874 petum
2141 5821 2258 5860 esse
2284 5805 2509 5859 minimc
2532 5803 2671 5857 adeo
2703 5815 2985 5874 magnum,
3023 5797 3197 5853 labori
3247 5795 3492 5850 laborem
