4264 6362
763 371 871 431 219

1951 373 2362 433 NICEPHORI
2403 372 2787 432 GliEGOR/E

3909 375 4014 436 220

766 488 967 540 iterum
991 483 1172 538 addidi
1207 493 1262 537 et
1287 484 1372 538 bis
1391 487 1650 553 deinceps
1669 497 1726 542 et
1755 497 1838 541 ter
1872 498 2177 557 quaterque
2206 505 2330 542 eum
2363 489 2411 548 Α
2438 507 2450 539 ‹

2363 489 2522 548 Ασιν
2577 490 2676 557 μὲν
2732 489 2924 556 ἔχοντα
2992 488 3134 538 πάνυ
3187 487 3388 554 πολλὴν
3444 487 3702 553 ἐγνωκὼς
3749 489 3880 556 ἐγὼ,
3912 492 4016 560 ἐμ-

767 576 1101 628 conveniens
1131 584 1186 627 et
1244 589 1311 628 ex
1367 586 1494 629 ante
1543 576 1706 629 dictis
1759 579 2153 646 consequentia
2209 593 2333 630 cum

770 664 1096 719 dexteritate
1144 665 1392 726 studens,
1426 666 1609 734 rogavi
1680 677 1866 719 utrum
1925 683 1956 720 e
2013 668 2228 721 duobus
2284 669 2334 720 ei

770 759 911 808 forte
971 755 1236 821 perlicere
1293 755 1579 822 placerem
1615 755 1671 808 Si
1725 759 1906 809 minus
1958 759 2336 820 securitatem,

773 847 866 898 tali
899 847 1012 899 otio
1064 862 1150 898 res
1209 846 1405 897 darent
1471 848 1605 900 satis
1650 849 2242 910 suffieientem,edi¢to
2284 862 2339 904 et

770 946 1041 1003 prmcepto
1061 934 1365 987 efﬁeat-iore
1401 935 1635 989 ﬁrmaret
1668 948 1951 1003 parentum
1985 949 2039 992 et
2071 942 2336 1006 majorum

771 1045 991 1079 Stlﬂrllltt
1031 1037 1282 1092 pietatem
1314 1039 1369 1080 et
1398 1029 1447 1078 in
1472 1028 1758 1093 pristinum
1791 1030 1940 1082 illutn
1969 1031 2079 1085 ﬂeo
2113 1032 2337 1097 dignum

771 1131 970 1170 statum
998 1120 1327 1170 restitueret.
1363 1119 1608 1171 reticeret
1650 1131 1829 1173 autem
1873 1139 1993 1189 quae
2035 1125 2339 1188 perniciose

775 1225 890 1276 post
927 1221 1154 1262 mortem
1216 1210 1388 1274 patris
1428 1210 1774 1279 irrepsissent
1821 1229 1986 1264 noxas
2035 1223 2089 1265 et
2141 1216 2340 1269 damna

775 1317 909 1351 nova
943 1315 993 1356 et
1036 1316 1064 1350 a
1119 1300 1319 1353 divinis
1366 1302 1631 1369 dogmatis
1686 1304 2054 1356 abstrahentia
2104 1309 2337 1359 animos.

775 1390 1067 1442 Smautetn
1098 1391 1445 1443 securitatem
1481 1405 1669 1445 nactus
1711 1394 1958 1446 idoneam
1998 1395 2050 1446 in
2115 1413 2338 1449 accura-

775 1481 966 1530 tiorem
1000 1495 1196 1532 vorare
1244 1481 1682 1547 disquisitionem
1716 1486 1880 1538 vellet
1911 1487 2110 1552 injuste
2167 1488 2337 1540 simul

771 1585 835 1621 ac
864 1571 1130 1622 violenter
1161 1572 1305 1623 illata
1356 1571 1668 1640 blasphema
1721 1586 1776 1628 et
1813 1578 2055 1630 inaudita
2108 1579 2286 1631 adhuc
2310 1595 2339 1630 a

772 1659 954 1711 divina
977 1660 1238 1722 Ecl-lesia,
1266 1659 1632 1715 Cantacuzeni
1677 1675 1730 1715 et
1762 1665 1992 1718 Palamzn
2024 1669 2224 1734 scripta
2254 1681 2338 1719 me

2439 562 2684 648 πρακτόν
2709 597 2770 645 γε
2816 579 2921 648 μὴν
2969 579 3146 648 ὁρμὴν
3180 579 3379 648 ἥκιστα
3428 579 3570 631 πάνυ
3602 581 3825 648 πολλὴν,
3867 583 4017 650 πόνῳ

2442 673 2602 722 πόνον
2631 668 2786 731 αὖθις
2819 671 3195 739 προσεθέμην,
3231 673 3325 723 καὶ
3361 673 3443 728 δὶς
3471 673 3598 739 ἑξῆς
3633 673 3727 724 καὶ
3755 674 3878 740 τρὶς
3921 682 4020 726 καὶ

2439 763 2691 828 τετράκις
2745 762 2894 829 αὑτῴ
2929 762 3170 831 προσιὼν
3220 765 3318 815 καὶ
3365 764 3433 814 τὰ
3473 766 3586 825 τοῖς
3620 766 4020 834 προρρηθεῖσιν

2440 852 2710 903 ἀκόλουθα
2788 851 2975 914 δεξιῶς
3048 852 3254 919 ὁμιλῶν
3328 854 3665 905 κατανεῦσαι
3743 857 4020 924 πεποίηκα

2440 938 2583 989 δυοῖν
2630 940 2890 1005 ὁπότερον
2939 938 3103 989 ἕλοιτ’
3136 939 3200 990 ἂν
3249 939 3670 1005 διαπράξασθαι.
3718 943 3776 992 ΕΞ
3820 945 3918 1009 μὲν
3955 945 4015 995 ού

2439 1026 2694 1077 διδόντων
2723 1026 2905 1076 ἄδειαν
2955 1028 3020 1094 τῇ
3057 1027 3282 1093 τοιαύτῃ
3330 1029 3492 1095 σχολῇ
3525 1028 3633 1078 τῶν
3668 1033 4017 1095 πραγμάτων

2440 1115 2496 1174 ἐς
2520 1131 2580 1179 γε
2617 1116 2676 1166 τὸ
2718 1115 2901 1166 ἰκανὸν
2932 1116 3286 1182 ἀποχρῶσαν,
3330 1119 3729 1185 προγράμματι
3761 1118 3889 1183 γοῦν
3919 1124 4018 1171 καὶ

2441 1208 2735 1276 προστάξει
2783 1208 3196 1278 δραστικωτέρᾳ
3253 1208 3557 1275 βεϐαιῶσαι
3612 1211 3709 1274 μὲν
3757 1211 3852 1279 τὴν
3906 1213 4019 1262 τῶν

2441 1300 2646 1362 γονέων
2679 1316 2735 1350 τε
2773 1301 2866 1350 καὶ
2898 1300 3179 1368 προγόνων
3208 1300 3373 1352 αὑτοῦ
3413 1317 3475 1367 γε
3507 1301 3790 1352 εὐσέϐειαν
3832 1306 3924 1354 καὶ
3963 1304 4018 1363 ἐς

2440 1390 2540 1455 τὴν
2572 1389 2701 1456 πρὶν
2736 1389 2952 1458 ἐκείνην
2989 1391 3269 1458 θεοπρεπῆ
3306 1392 3642 1444 κατάστασιν
3673 1393 4016 1459 ἀνενεγκεῖν,

2442 1480 2729 1547 ἀκυρῶσαι
2759 1479 2815 1530 δὲ
2850 1481 2948 1540 τὰς
2992 1482 3129 1546 μετὰ
3161 1479 3418 1548 τελευτὴν
3458 1480 3552 1532 τοῦ
3598 1483 3803 1549 πατρὶς
3851 1482 4018 1533 αὐτοῦ

2441 1570 2948 1639 παρεισφθαρείσας
2976 1571 3199 1638 κηλῖδας
3234 1571 3329 1622 καὶ
3374 1571 3553 1638 κῆρας
3587 1576 3870 1638 νεοφανείς
3921 1574 4020 1623 καὶ

2441 1661 2553 1719 τοῖς
2609 1658 2773 1720 θείοις
2823 1659 3234 1726 ἀποτροπαίους
3291 1659 3582 1726 δόγμασιν.
3623 1661 3682 1710 Εἰ
3736 1660 3780 1711 δ’
3832 1662 4021 1723 ἁδείας

773 1759 1018 1816 paratum
1049 1765 1169 1802 esse
1207 1751 1480 1820 simillime
1538 1756 1827 1807 ostendere
1875 1757 2151 1824 sigillatim
2205 1758 2338 1809 nihil
2376 1740 2457 1801 Βέ

2337 1782 2338 1807 γ
2376 1740 2415 1791 Β
2443 1750 2844 1817 ἐπειλημμένος
2878 1750 2973 1817 τῆς
3014 1749 3402 1820 προσηκούσης
3427 1751 3674 1813 ἐξετάσει
3709 1751 4021 1822 τελεωτέρα

774 1840 862 1891 illa
897 1855 1087 1892 sanum
1115 1851 1169 1893 et
1198 1841 1415 1895 salubre
1446 1843 1781 1905 inferre,sed
1810 1857 1964 1899 natas
1993 1861 2183 1902 esseet
2213 1865 2344 1901 con-

773 1931 926 1983 ﬂatas
952 1932 1020 1984 ab
1053 1933 1119 1985 iis
1139 1933 1495 1988 versicolores
1518 1945 1573 1988 ct
1603 1938 1966 1992 multiformes
1994 1948 2340 2006 portentosas

775 2024 1095 2075 novationes
1131 2026 1412 2077 notionum
1463 2036 1518 2079 et
1555 2029 1881 2096 syllabarum
1913 2040 1969 2083 et
2023 2031 2338 2092 verhoruzn,

775 2117 1076 2179 secundum
1110 2131 1245 2182 quas
1276 2118 1595 2172 novationes
1615 2131 1928 2173 sanctorum
1985 2122 2339 2175 corradentes

776 2207 1074 2258 sententias
1129 2217 1495 2274 corruperunt
1540 2217 1595 2260 et
1651 2212 1990 2274 mutilarunt,
2033 2227 2185 2264 suam
2235 2213 2341 2264 illis

776 2298 1139 2352 admiscentes
1169 2298 1408 2366 undique
1434 2299 1594 2352 simul
1612 2311 1668 2353 et
1686 2301 1884 2368 ubique
1908 2305 2336 2368 perversitatem.

2447 1841 2733 1910 βουληθείη
2783 1839 2982 1891 διδόναι
3027 1843 3095 1892 τὰ
3138 1843 3478 1910 τυραννικῶς
3513 1843 3649 1912 ὁμοῦ
3687 1850 3778 1895 καὶ
3828 1847 4022 1914 βιαίως

2447 1931 2892 2001 παρεισαχθέντα
2943 1932 3244 2001 βλάσφημά
3290 1951 3346 1985 τε
3398 1937 3489 1986 καὶ
3539 1938 3773 2006 νεοφανῆ
3808 1942 3873 2008 τῇ
3925 1940 4021 1990 τοῦ
4107 1940 4109 1942 ’

2445 2026 2582 2077 Θεοῦ
2633 2026 2932 2094 Ἐκκλησία.
2964 2027 3263 2092 γράμματα
3299 2028 3432 2096 πρός
3479 2046 3535 2078 τε
3571 2029 3663 2080 τοῦ
3703 2032 4027 2083 Καντακου-

2446 2117 2612 2183 ζηνοῦ
2645 2118 2740 2168 καὶ
2770 2117 2863 2169 τοῦ
2913 2117 3164 2186 Παλαμᾶ,
3210 2119 3445 2186 ἑτοίμως
3479 2121 3621 2187 ἔχειν
3654 2122 3751 2190 ἐμὲ
3788 2127 3929 2172 κατὰ
3963 2126 4026 2174 τὸ

2447 2209 2588 2260 πάνυ
2621 2225 2673 2259 τι
2709 2209 2909 2276 ῥᾷστον
2937 2209 3204 2260 δεικνύειν
3251 2209 3372 2260 καθ’
3418 2211 3622 2263 ἕκαστα
3672 2213 3840 2281 μηδὲν
3868 2216 4023 2279 ὑγιὲς

2451 2301 2674 2368 μηδαμῆ
2724 2300 3066 2366 ἐπαγόμενα,
3099 2300 3213 2352 ἀλλ’
3247 2303 3617 2368 ἐκπεφυκέναι
3659 2308 3751 2355 καὶ
3803 2323 4024 2373 συμπε-

777 2393 982 2458 φύρθαι
1014 2395 1268 2455 ποικίλας
1298 2394 1480 2456 αὐτοῖς
1521 2396 1618 2446 καὶ
1695 2397 1994 2459 πολυειδεῖς
2021 2398 2117 2459 τὰς
2176 2396 2628 2464 τερατομόρφους
2671 2397 3024 2464 καινοτομίας
3074 2398 3183 2447 τῶν
3233 2397 3456 2448 ἐννοιῶν
3488 2401 3584 2450 καὶ
3649 2401 3758 2451 τῶν
3825 2403 4024 2452 συλλα-

778 2489 888 2539 ϐῶν
944 2492 1038 2541 καὶ
1114 2491 1224 2541 τῶν
1280 2489 1478 2554 λέξεων
1550 2491 1672 2544 καθ’
1737 2493 1940 2554 ὁπόσας
2001 2493 2109 2544 τῶν
2165 2492 2336 2558 ἁγίων
2378 2491 2767 2560 ἐρανισάμενοι
2811 2493 2997 2560 ῥήσεις
3071 2491 3452 2560 παρέφθειράν
3504 2511 3564 2545 τε
3616 2497 3710 2546 καὶ
3775 2512 4026 2566 παρακε-

778 2586 997 2650 κόφασι,
1029 2586 1126 2653 τὴν
1167 2587 1374 2637 ἑαυτῶν
1421 2586 1605 2648 αὐτοῖς
1634 2588 2098 2655 ἀνακεραννύντες
2131 2589 2468 2656 πανταχόθεν
2501 2587 2618 2652 ἅμα
2649 2589 2744 2639 καὶ
2777 2585 3092 2639 παντάπασι
3127 2585 3453 2654 μοχθηρίαν.

847 2677 1031 2730 XVIII.
1061 2676 1218 2745 252
1252 2678 1375 2731 llaec
1401 2686 1458 2730 et
1515 2677 1712 2732 similia
1775 2689 2060 2748 postquam
2120 2680 2231 2732 dixi
2285 2691 2342 2733 et

780 2769 1048 2835 persuasi,
1083 2772 1221 2823 clam
1257 2785 1346 2822 res
1391 2770 1552 2822 allata
1585 2771 1651 2823 ad
1709 2771 1915 2824 alienas
1947 2787 2111 2824 aures
2163 2781 2218 2825 et
2246 2777 2343 2825 atl-

779 2859 1051 2911 versarias
1083 2871 1190 2911 tam
1220 2858 1285 2911 ad
1319 2859 1576 2911 invidiam
1597 2875 1760 2928 quam
1792 2861 1856 2913 ad
1888 2863 2138 2915 timorem
2170 2863 2345 2915 addu-

778 2949 858 3001 xit
919 2949 1144 3002 minime
1197 2950 1527 3013 ferendum;
1573 2953 1807 3004 maxime
1863 2968 1991 3006 vero
2049 2955 2345 3022 perterruit

779 3043 1024 3095 omnium
1056 3052 1110 3095 et
1147 3045 1490 3111 exasperavit
1545 3060 1632 3098 res
1669 3043 2110 3100 Cantacuzenum
2144 3048 2342 3102 divinae

782 3132 1038 3186 Ecclesia:
1064 3141 1272 3200 pestem
1321 3140 1376 3184 et
1427 3132 1772 3186 defensorem
1823 3137 2003 3189 omnis
2057 3138 2343 3204 pravitatis

779 3222 1086 3274 ardentem.
1127 3220 1232 3285 Qui
1274 3220 1535 3273 nimirum
1588 3222 1752 3275 etiam
1795 3224 2026 3286 veritus,
2051 3237 2118 3276 ne
2176 3240 2342 3287 nunc,

778 3328 900 3365 CUI"
933 3327 1033 3365 nec
1065 3313 1179 3380 ipse
1209 3322 1471 3382 tyrannus
1512 3323 1676 3376 esset,
1712 3330 1813 3367 nec
1865 3329 2166 3384 praeceptor
2214 3331 2346 3368 suus

779 3403 994 3457 adesset
1035 3405 1302 3466 Palamas,
1330 3413 1646 3472 superarent
1682 3416 1737 3459 et
1790 3406 2049 3459 ell‘ectum
2084 3409 2346 3462 haberent

778 3512 841 3550 ea
873 3512 994 3565 quae
1023 3497 1319 3551 deliberata
1368 3509 1543 3556 erant.
1575 3499 1715 3552 clam
1746 3514 1940 3567 magno
1988 3515 2112 3552 cum
2163 3503 2344 3554 studio

779 3585 1030 3656 Hyrcano
1049 3603 1252 3657 genero
1276 3599 1332 3642 et
1363 3589 1599 3642 barbaro
1627 3590 1680 3643 in
1720 3590 2027 3659 Bithyniam
2061 3593 2220 3644 missa
2251 3607 2345 3658 pe-

779 3683 960 3741 cunia,
988 3696 1108 3748 quae
1139 3682 1271 3735 satis
1289 3689 1435 3735 esset
1457 3682 1523 3735 ad
1549 3682 1880 3750 implendam
1917 3683 2064 3737 illius
2096 3687 2343 3738 dextram

777 3783 834 3824 et
857 3782 1118 3833 mentem,
1150 3772 1422 3840 persuasit
1453 3782 1512 3824 ut
1571 3772 1804 3825 liberum
1846 3775 2088 3826 mitteret
2144 3775 2348 3842 Byzan-

782 3860 915 3914 tium
937 3860 1204 3912 Palamam
1258 3861 1542 3928 pravitatis
1593 3871 1849 3925 tutorem,
1883 3865 2188 3932 utadjutor
2221 3881 2346 3932 per-

779 3966 939 4003 verso
979 3951 1094 4018 ipse
1125 3950 1282 4004 ﬁeret
1316 3952 1575 4020 dogmati.
1611 3953 1765 4018 Quod
1798 3956 1960 4008 etiam
1979 3956 2138 4009 nobis
2166 3958 2343 4010 visunt

778 4052 858 4096 est
887 4044 1068 4110 potius
1092 4059 1254 4110 quam
1288 4044 1388 4107 illi,
1424 4045 1639 4098 melius.
1675 4045 1808 4098 Nam
1841 4047 1907 4100 ad
1939 4049 2224 4115 przesetitia
2253 4065 2341 4102 or-

779 4144 958 4189 torum
981 4149 1048 4186 ex
1070 4134 1277 4200 pudore
1303 4136 1594 4188 criminum
1637 4151 1762 4190 cum
1785 4139 2028 4193 nondum
2064 4141 2345 4208 insupera-

781 4224 886 4277 bile
916 4236 1062 4278 esset
1093 4226 1356 4280 auxilium
1386 4227 1772 4294 Canlacuzeni,
1806 4232 1900 4284 sed
1933 4225 2102 4298 inagis
2161 4241 2345 4301 tyran-

781 4318 962 4370 nicum
990 4325 1046 4370 et
1101 4319 1256 4371 valde
1311 4319 1576 4386 ineptum,
1605 4336 1715 4374 non
1776 4322 2186 4390 relinquebatur
2233 4326 2342 4393 jam

780 4418 1074 4476 przetextus
1105 4409 1246 4476 fugae
1269 4410 1413 4464 ullus
1443 4412 1650 4465 homini
1688 4413 1742 4467 in
1777 4413 1926 4466 omni
1972 4415 2243 4468 sententia
2288 4425 2344 4468 et

779 4499 990 4552 ratione
1017 4501 1333 4568 perturbato
1355 4513 1412 4555 et
1433 4503 1689 4556 omnibus
1720 4503 1773 4555 in
1801 4505 1965 4557 rebus
1995 4503 2200 4571 inepto.

853 4768 990 4823 XIX.
1013 4768 1091 4821 Ad
1117 4768 1230 4820 hate
1258 4767 1462 4819 Helena
1489 4767 1803 4834 imperatrix
1825 4769 2142 4837 Byzantium
2172 4768 2347 4822 Tene-

783 4864 853 4916 do
895 4861 1134 4932 profeeta
1173 4858 1452 4925 l’alteologi
1505 4859 1752 4927 conjugis
1805 4871 1860 4913 et
1898 4862 2030 4928 imp.
2092 4860 2146 4912 in
2206 4861 2347 4914 hanc

783 4974 896 5011 rem
928 4955 1343 5023 propensionem
1375 4953 1644 5014 cohibuit,
1682 4968 1856 5018 neque
1895 4953 2010 5020 ipsa
2046 4954 2155 5005 ullo
2187 4953 2349 5005 modo

784 5051 969 5102 volens
999 5049 1358 5101 Cantacuzeni
1400 5049 1568 5116 palris
1599 5046 1909 5115 ignominiae
1955 5063 2078 5099 cuin
2112 5046 2212 5099 ista
2251 5062 2349 5099 ex-

786 5142 1092 5194 secratione
1155 5139 1316 5208 253
1373 5139 1632 5192 constitui
1690 5137 2110 5205 spectatricem,
2174 5153 2349 5205 neque

788 5235 1032 5302 profecto
1059 5233 1208 5286 illius
1229 5233 1372 5300 apud
1404 5234 1572 5300 ipsam
1619 5231 1790 5285 factas
1809 5232 2180 5286 clandestinas
2211 5232 2352 5285 indi-

785 5327 1032 5377 cationes
1060 5336 1114 5377 et
1146 5326 1546 5378 admonitiones
1592 5323 1779 5376 irritas
1834 5324 2099 5391 repellere
2143 5323 2346 5377 valens.

788 5415 853 5468 Et
886 5422 986 5468 hoc
1013 5416 1293 5483 eratqnod
1328 5415 1583 5469 Ecclesia:
1614 5425 1670 5466 et
1694 5414 2005 5467 divinorum
2054 5413 2348 5482 aliquando

787 5509 1101 5574 dogmatum
1157 5509 1422 5576 repressit
1474 5524 1661 5560 veram
1715 5507 2161 5559 constitutionem
2223 5522 2348 5559 cum

788 5613 911 5650 meo
942 5597 1041 5650 hac
1072 5599 1124 5650 in
1147 5613 1206 5651 re
1236 5598 1439 5651 studio.
1473 5599 1609 5651 Puto
1642 5599 1751 5650 Deo
1794 5599 2186 5665 comprobante
2229 5611 2352 5663 per-

792 5689 1072 5742 fectiorem
1094 5689 1260 5742 etiam
1298 5690 1497 5743 factam
1539 5702 1660 5743 esse
1690 5689 1758 5742 de
1791 5690 1990 5758 pietate
2022 5688 2349 5741 certantium

794 5783 1274 5840 cxatuinationcnt.
1329 5784 1446 5839 Non
1503 5784 1648 5838 enim
1695 5797 1882 5838 eorum
1939 5783 2028 5850 qui
2085 5781 2350 5848 incipiunt

2521 2681 2628 2730 ΠΡ.
2665 2677 2852 2730 Ταῦτα
2881 2679 2944 2744 δὴ
2971 2679 3065 2730 καὶ
3091 2678 3296 2730 τοιαῦτ’
3331 2680 3466 2746 ἐμοῦ
3507 2697 3570 2745 γε
3606 2682 3890 2750 εἰρηκότος
3925 2688 4026 2737 καὶ

2447 2767 2793 2827 πεπεικότος,
2819 2766 2997 2832 λάθρα
3044 2764 3336 2828 ἐξέπιπτεν
3378 2769 3460 2828 είς
3510 2770 3678 2830 ἀκοὰς
3730 2771 4024 2841 ἀλλοτρίας

2449 2859 2541 2912 καὶ
2570 2856 2899 2918 ἀντιθέτους,
2932 2857 3187 2925 καὶπρὸς
3225 2855 3288 2926 [Γ.
3324 2858 3424 2911 127
3464 2859 3534 2929 r.]
3568 2858 3762 2926 φθόνον
3788 2879 3881 2914 και
3917 2866 4021 2930 φό-

2449 2948 2542 2998 ϐον
2580 2945 2834 3015 ἠρέθιζεν
2877 2946 3079 3014 ἥκιστα
3124 2945 3188 3015 δὴ
3238 2948 3498 3018 φορητόν.
3549 2951 3798 3002 Μάλιστα
3831 2952 3879 3003 δ’
3922 2952 4025 3004 οῦν

2451 3037 2707 3088 ἁπάντων
2751 3035 3013 3105 ἐξέπληξε
3046 3053 3104 3086 τε
3156 3039 3249 3088 καὶ
3280 3038 3511 3106 ἐξέμηνε
3565 3040 4024 3111 Καντακουζηνόν

2367 3164 2414 3224 C
2445 3130 2539 3182 τὸν
2569 3129 2671 3196 τῆς
2716 3127 2813 3179 τοῦ
2846 3129 2979 3180 Θεοῦ
3030 3127 3358 3198 Ἑκκλησίας
3406 3131 3631 3198 ὄλεθρον
3660 3138 3751 3186 καὶ
3786 3134 4026 3201 βεϐαιω·

2447 3224 2548 3290 τὴν
2574 3222 2671 3288 τῆς
2699 3221 2825 3288 ὅλης
2860 3221 3057 3283 κακίας
3081 3223 3366 3288 διάπυρον.
3399 3224 3492 3284 Ὃς
3517 3225 3689 3291 δήπου
3719 3230 3808 3277 καὶ
3833 3227 4025 3288 δείσας

2413 3316 2528 3388 ’μὴ
2560 3312 2676 3373 νῦν,
2700 3314 2862 3365 ὁπότε
2901 3313 3030 3381 μήτ’
3068 3314 3232 3375 αὐτὸς
3269 3315 3586 3384 τυραννοίη,
3614 3315 3743 3382 μήθ’
3789 3321 3816 3369 ὁ
3853 3321 4024 3372 αὑτοῦ

2452 3406 2818 3472 μυσταγωγὸς
2857 3405 3063 3473 παρείη
3094 3406 3386 3474 Παλαμᾶς,
3426 3407 3677 3478 ὑπέρσχῃ
3722 3410 3816 3460 καὶ
3840 3412 4027 3479 πέρας

2450 3499 2550 3566 σχῇ
2585 3497 2651 3549 τά
2679 3496 3108 3566 βεϐουλευμένα,
3146 3497 3321 3567 λ’άθρα
3358 3498 3456 3550 σὺν
3497 3499 3668 3569 πολλῇ
3703 3504 3767 3569 τῇ
3805 3506 4019 3574 σπουδῇ

2450 3587 2756 3656 πεπομφὼς
2793 3588 3049 3656 Ὑρκανῴ
3087 3587 3163 3658 τῷ
3190 3589 3424 3658 γαμϐρῷ
3454 3592 3549 3642 καὶ
3579 3591 3844 3661 βαρϐάρῳ
3877 3597 4023 3664 χρή-

2450 3697 2596 3747 ματα
2634 3680 2766 3748 πρὸς
2794 3681 3050 3734 Βιθυνίαν
3077 3683 3178 3748 τὴν
3208 3681 3417 3734 ἐκείνου
3450 3681 3632 3746 δεξιὰν
3662 3685 3754 3737 καὶ
3783 3687 4023 3755 γνώμην

2450 3767 2651 3828 ἱκανῶς
2699 3767 2892 3836 ἔχοντα
2951 3769 3255 3836 ἐμπιπλᾷν,
3307 3768 3569 3822 πέπεικεν
3622 3772 3914 3839 ὃιεύθερον
3962 3777 4024 3837 ἐς

2447 3857 2740 3920 Βυζάντιον
2789 3858 3106 3911 ἀποστεῖλαι
3171 3859 3436 3926 Παλαμᾶν
3503 3860 3595 3912 τὸν
3655 3861 3757 3929 τῆς
3814 3867 4025 3926 κακίας

2448 3947 2781 4015 προστάτην,
2827 3947 2937 4012 ἵνα,
2981 3946 3073 3998 τὸν
3117 3946 3373 4014 δεύτερον
3427 3951 3594 4015 φάναι
3655 3948 3842 4013 πλοῦν,
3880 3968 4022 4019 συμ-

2450 4040 2624 4109 μαχία
2647 4057 2730 4100 τις
2758 4039 2834 4108 τῷ
2863 4039 3086 4109 πονηρῷ
3116 4039 3247 4106 γοῦν
3273 4040 3436 4101 αὐτὸς
3474 4040 3731 4109 γίγνηται
3759 4042 4025 4108 δόγματι.

2454 4135 2519 4183 Ὃ
2549 4133 2610 4200 δὴ
2635 4134 2727 4184 καὶ
2758 4133 2888 4200 ἡμῖν
2915 4132 3061 4196 ἔδοξε
3086 4132 3287 4200 μᾶλλον
3313 4132 3344 4200 ἢ
3379 4135 3576 4202 ἐκείνῳ
3603 4133 3843 4199 βέλτιονο
3881 4139 4025 4200 πρὶς

2446 4223 2554 4288 γὰρ
2584 4226 2826 4285 παρόντα
2849 4225 2960 4276 τῶν
2987 4226 3087 4293 τῆς
3109 4224 3373 4293 αίσχύνης
3396 4228 3729 4293 κινουμένων
3752 4229 4021 4296 ἐλέγχων,

2448 4315 2548 4364 οὐκ
2583 4312 2749 4381 οὔσης
2783 4315 2886 4384 ἤδη
2914 4315 3014 4383 τῆς
3048 4317 3260 4384 ἀμάχου
3293 4316 3612 4384 συμμαχίας
3665 4316 3759 4369 τοῦ
3800 4320 4024 4372 Καντα-

2447 4406 2734 4475 κουζηνοῦ,
2771 4409 2969 4476 μᾶλλον
3001 4408 3058 4459 δὲ
3097 4409 3198 4474 τῆς
3228 4411 3557 4476 τυραννικῆς
3590 4411 3682 4461 καὶ
3721 4411 3842 4463 λίαν
3889 4416 4018 4465 ἀτό-

2375 4496 2417 4548 D
2448 4512 2572 4557 που,
2613 4495 2712 4547 οὐκ
2757 4495 2989 4547 ἐλείπετ’
3023 4497 3088 4547 ἂν
3137 4495 3216 4547 ἔτι
3267 4497 3537 4563 πρόφασις
3569 4498 3860 4566 ἀποφυγῆς
3903 4502 4016 4552 οὐδ’

2446 4587 2671 4649 ἡτισοῦν
2723 4587 2799 4655 τῷ
2855 4588 2952 4656 τὴν
3007 4586 3233 4654 γνώμην
3282 4589 3375 4639 καὶ
3434 4588 3609 4639 πάντα
3648 4589 3850 4664 τρόπον
3901 4593 4020 4644 δια-

2449 4680 2666 4748 στρὸφῳ
2695 4684 2786 4732 καὶ
2824 4683 3001 4734 πάντα
3030 4682 3236 4749 ἀτόπῳ.

2519 4772 2621 4823 ΙΘ⁹.
2665 4772 2805 4822 Ἀλλ’
2833 4775 2922 4822 ἐπὶ
2967 4773 3178 4833 τούτοις
3211 4776 3241 4840 ἡ
3277 4772 3490 4840 βασιλὶς
3534 4774 3718 4842 Ἑλένη
3751 4775 3891 4843 πρὲις
3922 4777 4026 4826 Βυ-

2450 4864 2666 4925 ζάντιον
2713 4868 2774 4915 ἐκ
2803 4864 3031 4916 Τενέδου
3083 4866 3357 4931 ἀφιγμένη
3396 4864 3491 4933 τὴν
3523 4867 3601 4924 είς
3653 4865 3807 4915 τοῦτο
3847 4869 4025 4934 ῥοπὴν

2450 4954 2758 5018 ἀνεχαίτισε
2785 4953 2875 5004 τοῦ
2909 4951 3144 5017 συζύγου
3190 4953 3286 5002 καὶ
3321 4952 3586 5018 βασιλέως
3623 4954 4022 5018 [illato/.6709,

2455 5044 2580 5112 μήτ’
2625 5044 2762 5112 αὑτὴ
2799 5043 3024 5111 μηδαμῆ
3071 5041 3370 5111 βουλομένη
3413 5045 3508 5107 τῆς
3561 5045 4025 5110 Καντακουζηνοῦ

2452 5135 2544 5186 τοῦ
2598 5135 2803 5203 πατρδς
2853 5133 3118 5202 αίσχύνης
3171 5134 3266 5184 σύν
3305 5150 3367 5198 γε
3414 5133 3490 5200 τῷ
3523 5136 3792 5200 πρέποντι
3824 5135 4027 5187 ἀναθέ-

2456 5243 2588 5294 ματι
2638 5225 2976 5293 καταστῆναί
3038 5243 3155 5285 πως
3210 5225 3500 5291 αὐτήκοος,
3565 5226 3700 5290 μήτε
3763 5226 3872 5292 μὴν
3927 5229 4026 5287 τὰς

2452 5319 2659 5370 ἐκείνου
2711 5318 2841 5384 παρ’
2889 5317 3060 5384 αὐτὴν
3103 5315 3389 5383 γινομένας
3439 5313 3702 5381 λαθραίας
3759 5315 4027 5381 μηνύσεις

2454 5414 2549 5464 καὶ
2576 5411 2956 5479 παρακλήσεις
2991 5409 3204 5470 ἀτελεῖς
3238 5406 3689 5476 παρακρούεσθαι
3715 5406 4022 5475 δυναμένη.

2455 5507 2564 5558 Καὶ
2593 5503 2739 5556 τοῦτ’
2764 5500 2830 5571 ἦν
2860 5501 2888 5553 ὃ
2927 5501 3024 5570 τὴν
3067 5501 3164 5567 τῆς
3206 5500 3529 5568 Ἐκκλησίας
3581 5499 3676 5550 καὶ
3716 5500 3828 5550 τῶν
3863 5501 4026 5550 θείων

2455 5599 2588 5654 τέως
2643 5594 2931 5663 δογμάτων
2995 5591 3219 5642 ἔσϐεσεν
3278 5591 3655 5658 ἐπανόρθωσιν
3723 5592 3865 5655 μετὰ
3930 5591 4026 5654 τῆς

2455 5688 2590 5756 ἐμῆς
2625 5689 2682 5748 ἐς
2711 5687 2868 5738 τοῦτο
2902 5685 3158 5749 σπουδῆς,
3188 5681 3340 5749 οἶμαι
3374 5683 3467 5734 τοῦ
3519 5681 3652 5734 Θεοῦ
3685 5682 4023 5751 τελεωτέραν

2471 5781 2535 5830 Ξῖι
2592 5778 2842 5845 γενέσθαι
2895 5776 2990 5845 τὴν
3044 5776 3150 5826 τῶν
3192 5775 3330 5840 ’ἰτιέρ
3385 5773 3662 5835 εὐσεϐείας
3715 5772 4021 5824 ἀθλούντων
