4264 6362
189 397 287 485 εει
322 436 325 437 ί

1230 394 1671 475 BYZANTINA;
1714 407 2094 468 ntsronmz
2136 409 2282 510 Lm.
2324 404 2534 491 xm.

3326 409 3428 469 922

188 536 520 609 οσίιμασίαν
543 534 1034 605 ἐπιψηφιζομένουε
1054 526 1139 587 ’οὒ
1169 535 1276 603 γὰρ
1304 524 1763 600 τῶννάρξαμένων
1793 537 1838 584 Α
1865 550 1872 580 ι

1745 542 1763 577 ν
1793 537 2077 585 Acertare
2107 522 2237 584 sun't
2295 518 2511 583 corona
2566 536 2623 582 et
2668 526 2914 597 przemin,
2941 526 3036 580 sed
3091 539 3278 580 eorum
3332 520 3429 595 qui

188 630 374 683 ἀθλεῖν
408 630 458 682 oi
496 628 751 697 στέφανοι
785 626 881 677 καὶ
922 626 989 678 τὰ
1025 622 1251 687 ἔπαθλα,
1291 622 1426 677 ἀλλά
1473 623 1580 675 τῶν
1630 620 1760 689 ἄχρι

189 722 384 782 τέλους
412 719 601 773 ἀνύειν
634 704 1343 787 προθυμουμένωνᾶπαντα
1384 713 1483 771 τὸν
1516 711 1610 764 τοῦ
1640 711 1762 779 δρό-

193 828 297 879 μου
347 810 590 862 δίαυλον.
627 808 720 858 Διὸ
761 808 855 859 καὶ
907 804 1170 866 πολλάκις
1216 804 1393 856 ἀλλων
1446 794 1763 869 κοπιώντων

190 902 346 953 ἄλλοι
378 900 508 961 τοὺς
548 899 773 951 ἐκείνων
807 895 1040 966 μόχθους
1070 896 1306 962 ἀπονητὶ
1337 892 1672 961 λαμϐάνουσι
1702 906 1761 941 τε

190 993 286 1043 καὶ
334 990 693 1050 ἀπολαύουσι,
755 988 881 1056 μήτ’
942 986 1167 1038 ἐκείνων
1221 985 1609 1052 ζημιουμένων
1663 982 1762 1043 τὰς

190 1081 431 1152 ἀμοιϐὰς
488 1082 627 1149 πρὸς
668 1079 765 1133 τοῦ
811 1078 1276 1146 ἀγωνοθετοῦντος
1335 1076 1469 1128 Θεοῦ
1527 1074 1616 1127 διὰ
1668 1077 1761 1125 τοῦ

196 1174 405 1243 μεταξὺ
454 1174 562 1227 τῶν
616 1172 843 1240 ἀγώνων
901 1170 1159 1235 Θανάτου,
1213 1171 1308 1222 καὶ
1360 1168 1470 1219 τῶν
1524 1167 1764 1234 ὑστέρων

193 1266 600 1318 κοινωνούντων
650 1267 764 1327 τοῖς
806 1263 1047 1332 πρώτοις
1103 1262 1192 1314 διά
1245 1261 1345 1327 τὴν
1390 1260 1497 1312 τῶν
1542 1260 1765 1328 τρόπων

191 1357 498 1425 ὁμοιότητα
557 1357 657 1423 τῆς
705 1354 965 1422 διανομῆς
1012 1353 1120 1405 τῶν
1177 1351 1462 1420 βραϐείων,
1493 1350 1563 1401 τὰ
1623 1349 1761 1417 βάθη

192 1448 303 1498 τῶν
348 1446 445 1497 τοῦ
496 1445 634 1497 Θεοῦ
674 1444 966 1514 κριμάτων
1000 1443 1059 1494 οὐ
1111 1442 1428 1508 δυναμένων
1459 1442 1518 1491 ἐν
1551 1439 1764 1500 τούτοις

194 1541 225 1607 ὴ
232 1538 356 1607 μῶν
389 1540 415 1589 ἐ
422 1540 640 1607 ρευνᾷν.

267 1626 355 1682 κ’.
420 1628 675 1681 Είκάσειε
719 1627 764 1679 δ’
815 1626 882 1680 ἀν
946 1641 1031 1686 τις
1085 1622 1214 1685 ἴσως
1265 1622 1342 1683 ὡς
1387 1622 1500 1685 τοῖς
1546 1619 1766 1672 ἀσεϐέσι

194 1721 461 1779 διώκταις
506 1717 663 1787 ἡμῶν
702 1716 941 1769 τουτοισὶ
994 1716 1283 1783 μετανοίας
1328 1714 1561 1780 ἀνοίγων
1592 1711 1767 1781 θύραν

194 1813 221 1865 ό
246 1812 430 1873 κοινὸς
463 1807 783 1880 προμηθεὺς
828 1806 1012 1859 δίδωσί
1052 1822 1110 1857 τε
1152 1805 1413 1872 διαμονῆς
1446 1802 1637 1871 καιρὸν
1680 1804 1767 1854 ἐν·

191 1901 408 1965 ταυθοῖ,
455 1902 550 1953 καὶ
608 1896 965 1968 ὑπερτιθησιν
1006 1896 1293 1964 ἑκατέροις
1341 1895 1602 1958 ἑκάτερα,
1637 1893 1768 1961 ἡμῖν

192 2011 252 2048 τε
314 1994 417 2061 τὴν
469 1992 621 2044 θείαν
675 1986 997 2055 ἐπικουρίαν
1063 1986 1337 2045 κάκείνοις
1396 1985 1498 2053 τὴν
1551 1981 1767 2035 δικαίαν

197 2084 570 2149 ἐπεξέλευσιν.
605 2082 667 2152 [ἶ.
704 2081 806 2133 12⁵1
845 2079 920 2150 tu]
954 2077 1202 2130 Παιδεύει
1252 2075 1296 2127 δ’
1319 2073 1412 2127 οὖν
1447 2074 1596 2141 ὅμως
1627 2088 1766 2140 συμ-

196 2173 371 2241 φορὰς
403 2171 682 2241 ἐπιφέρων
712 2169 808 2222 νῦν
842 2168 941 2237 μέν
972 2167 1031 2230 ἐξ
1061 2165 1307 2232 ἀλλήλων
1337 2162 1584 2231 ἀλλήλοις
1617 2160 1769 2214 ἀλλε-

200 2260 535 2329 παλλήλους,
576 2261 665 2312 ἰνα
706 2257 909 2327 μᾶλλον
943 2257 1042 2324 τῆς
1088 2253 1296 2307 ἐαυτῶν
1347 2252 1547 2313 κακίας
1578 2249 1770 2303 αἰσθά-

198 2369 374 2405 νοιντο
406 2352 491 2417 (ού
536 2350 645 2419 γὰρ
688 2350 829 2401 κατά
863 2346 958 2399 τοῦ
1006 2342 1214 2412 ἀγαθοῦ
1252 2345 1411 2412 μόνον
1466 2341 1678 2410 μέμηνε
1707 2339 1769 2391 τὸ

196 2446 389 2510 κακὸν,
430 2442 566 2496 ἀλλά
593 2442 689 2495 καὶ
719 2440 894 2508 ἐαυτῷ
927 2436 1207 2500 στασιάζει
1240 2438 1335 2489 καὶ
1364 2435 1640 2505 μάχεται),
1672 2433 1769 2486 νῦν

196 2533 241 2584 δ’
278 2530 667 2594 ἐπιταράττων
699 2528 795 2579 καὶ
840 2522 1208 2586 διασκεδάξων
1253 2522 1513 2590 ἐξαίφνης
1546 2520 1769 2575 ἄλλοθεν

198 2627 384 2681 ἄλλοθι
417 2625 511 2677 καὶ
562 2620 971 2690 ἀντιπερισπῶν
1006 2619 1094 2670 τὸν
1146 2619 1359 2669 ἅπαντα
1394 2615 1515 2667 νοῦν
1546 2617 1660 2676 τοῖς
1688 2616 1768 2665 oi-

198 2719 366 2778 κείοις
408 2717 695 2783 προσέχειν
731 2710 1017 2780 παθήμασί
1067 2727 1125 2762 τε
1174 2709 1265 2760 καὶ
1302 2710 1642 2777 ἀτοπήμασι,
1675 2706 1769 2758 καὶ

202 2809 276 2877 μὴ
318 2811 503 2876 μόνοις
552 2805 859 2873 ὁλοσχερῶς
892 2804 978 2855 ἀεὶ
1008 2805 1124 2863 τοῖς
1159 2801 1315 2871 ἡμῶν
1354 2800 1624 2869 ἐντρυφᾷν
1654 2798 1769 2851 ἀδί-

201 2918 318 2961 κοις
342 2898 572 2951 ὀνείδεσί
600 2914 659 2948 τε
690 2896 782 2948 καὶ
815 2896 1097 2963 διωγμοῖς.

269 2988 403 3042 KA'.
452 2986 661 3040 Ἐκεῖνο
701 2987 756 3038 δέ
789 2985 907 3046 πῶς
941 2984 1040 3035 οὐκ
1092 2982 1159 3035 ἀν
1206 2997 1291 3044 τις
1346 2978 1629 3048 θαυμάσαι
1670 2976 1771 3045 τῆς

200 3083 350 3141 θείας
388 3079 722 3145 οἰκονομίας,
752 3078 834 3128 ὅτι
868 3076 1018 3143 παρά
1042 3073 1301 3126 τοσοῦτον
1331 3066 1770 3139 Καντακουξηνῷ

208 3171 599 3240 συγκεχώρηκε
645 3170 743 3236 τὴν
792 3166 886 3220 τοῦ
937 3166 1197 3233 μεγίστου
1245 3164 1343 3233 τῆς
1384 3163 1477 3215 τοῦ
1510 3161 1647 3213 Θεοῦ
1680 3178 1765 3212 σο·
1792 3155 1835 3212 C

204 3265 330 3331 φίας
362 3262 468 3313 νεὼ
502 3260 758 3329 βραχεῖαν
789 3259 1003 3324 ἐκείνην
1034 3254 1349 3324 οἰκοδομὴν,
1380 3251 1477 3304 τοῦ
1512 3252 1639 3320 περὶ
1676 3252 1766 3303 τὸν

198 3357 401 3423 ὄροφον
435 3352 635 3419 δηλαδὴ
658 3346 1067 3417 τεθραυσμένου
1102 3346 1323 3415 μέρους,
1357 3344 1484 3413 παρ’
1515 3344 1639 3396 ὅσον
1667 3343 1767 3410 τήν

199 3464 263 3515 γε
306 3446 444 3513 πρὸς
488 3445 679 3512 χιόνων
722 3442 813 3492 καὶ
867 3438 1092 3504 ὄμϐρων
1146 3435 1403 3505 αίθερίων
1450 3434 1768 3503 ἀποτροπὴν

199 3530 594 3587 ἀνασώσασθαι
627 3529 865 3594 σκέπην;
896 3526 1039 3577 Ὅσα
1084 3523 1128 3577 δ’
1158 3521 1252 3576 οὖν
1276 3524 1386 3575 τῶν
1421 3522 1571 3585 ἐντὸς
1603 3525 1771 3591 ὑπερ-

199 3627 478 3689 λαμπρων
523 3618 683 3687 ἱερῶν
727 3615 1033 3681 περιϐόλων
1069 3612 1293 3665 ἐκείνων
1341 3613 1436 3664 καὶ
1474 3612 1767 3679 θυσιαστη·

202 3717 337 3785 ρίων
370 3713 546 3777 ἁγίων
576 3708 921 3760 παντάπασιν
946 3703 1218 3756 ἀνάλωται
1244 3701 1340 3754 καὶ
1362 3700 1766 3766 συντέτριπται,

198 3812 379 3863 ταῦτα
410 3807 455 3858 δ’
491 3803 743 3856 ἀσεϐέσιν
790 3799 952 3853 αὑτοῦ
994 3801 1084 3851 καί¹
1124 3797 1371 3866 βεϐήλοις
1405 3795 1768 3864 ἀνεγηγέρθαι

201 3903 396 3969 χερσὶν
443 3897 652 3963 οὐδαμῆ
710 3890 1125 3959 συγκεχώρηται
1182 3889 1315 3956 πρὸς
1361 3887 1519 3949 Θεοῦ,
1556 3886 1671 3938 ἀλλ’
1712 3886 1769 3937 ὲν

203 3992 349 4061 μέσῃ
424 3987 590 4055 φάναι
666 3983 859 4052 πορείᾳ
930 3983 1029 4050 τῆς
1095 3978 1339 4043 ἐξουσίας
1411 3977 1771 4029 ἐκπέπτωκεν

198 4081 439 4141 ἀκλεῶς,
475 4075 675 4145 χλεύην
709 4073 922 4142 μακρὰν
956 4069 1352 4137 καταλελοιπὼς
1401 4068 1481 4136 τῷ
1519 4068 1619 4137 βίῳ
1647 4065 1771 4119 καθ’

200 4171 408 4225 ἑαυτοῦ
440 4168 529 4219 διὰ
557 4165 653 4234 τὴν
688 4162 1042 4229 καινοτομίαν
1070 4161 1169 4229 τῆς
1200 4162 1454 4221 πίστεως.
1486 4159 1621 4211 Οὐδὲ
1664 4161 1773 4226 γὰρ

198 4260 268 4332 ἦν
297 4260 451 4320 εἰκὸς
506 4259 575 4308 τὰ
620 4256 756 4323 πρὸς
800 4252 1020 4319 ἔλεγχον
1053 4250 1266 4319 ἐμφανῆ
1317 4252 1413 4317 τῆς
1464 4247 1630 4300 αὑτοῦ
1680 4248 1773 4299 καὶ

198 4356 311 4405 τῶν
366 4348 507 4417 ἀμφ’
556 4346 719 4399 αὑτὸν
774 4341 1089 4402 δυσσεϐείας
1122 4339 1437 4392 ἀπολωλότα
1493 4339 1561 4392 δι’
1608 4338 1772 4391 αὐτοῦ

200 4444 374 4497 πάλιν
410 4436 786 4492 ἀνανεοῦσθαι.

1866 618 2040 699 usqiie
2065 620 2133 675 ad
2168 621 2329 693 finem
2362 618 2574 674 emetiri
2604 618 2777 687 parati
2812 624 2942 670 sunt
2966 626 3134 669 totum
3164 614 3430 670 curriculi

1861 714 2121 783 spatium.
2149 710 2330 776 Quare
2353 710 2518 764 etiam
2564 722 2707 776 saepe
2753 707 2873 761 aliis
2914 705 3291 760 laborantibus
3338 703 3431 757 alii

1862 805 2078 857 illorum
2096 785 2313 856 labores
2333 794 2451 853 sine
2475 796 2661 852 labore
2684 797 2920 851 subeunt
2948 796 3125 862 iisque
3150 795 3372 849 fruuntu
3384 811 3428 855 τ,

1862 907 2189 960 cum-neque
2222 891 2300 949 illi
2337 898 2556 957 propter
2588 902 2783 941 cursus
2830 886 3206 940 remissionem
3244 900 3271 935 a
3303 890 3434 951 pro-

1863 990 2100 1052 ponente
2127 960 2423 1034 cerlamina
2484 976 2593 1027 Deo
2627 985 2800 1027 nmrtc
2835 974 3230 1027 certaminibus
3256 972 3432 1023 inter-

1864 1074 2039 1144 posita
2108 1071 2435 1139 plectantur,
2488 1076 2543 1121 et
2592 1066 2922 1134 posteriores
2976 1078 3099 1115 cum
3156 1062 3436 1131 prioribus

1864 1172 2087 1233 propter
2105 1160 2376 1213 rationum
2397 1154 2819 1224 aequabilitatem
2842 1151 3206 1203 communiter
3224 1159 3429 1215 partem

1864 1255 2099 1324 quisque
2153 1264 2308 1302 suam
2370 1246 2717 1315 praemiorum
2763 1240 3054 1308 accipiant.
3088 1236 3430 1289 ‘Divinorum

1864 1354 2045 1397 autem
2075 1339 2409 1409 judiciorum
2435 1345 2680 1388 naturam
2708 1331 3083 1386 absconditam
3104 1326 3434 1395 investigare

1866 1437 1921 1489 in
1953 1437 2038 1489 bis
2066 1448 2168 1488 nos
2200 1429 2420 1500 quidem
2454 1442 2561 1480 non
2595 1437 2903 1494 possumus.

1938 1612 2057 1667 XX.
2103 1609 2421 1679 Conjecerit
2470 1617 2654 1659 autem
2717 1602 2949 1655 fortasse
3001 1595 3200 1665 aliquis
3256 1594 3434 1661 impiis

1869 1706 1956 1761 bis
1984 1703 2187 1757 nostris
2221 1696 2663 1768 persecutoribus
2688 1697 2753 1746 ad
2792 1688 3127 1760 paenitentia:
3171 1692 3434 1753 opportu-

1872 1798 2100 1851 nitatem
2153 1788 2487 1845 oﬁerendam
2528 1797 2874 1839 communem
2911 1781 3157 1833 omnium
3199 1787 3433 1830 tutorem

1871 1888 2041 1941 Deum
2075 1884 2165 1937 hic
2196 1878 2454 1935 manendi
2505 1886 2719 1942 tempus
2778 1873 3020 1939 praebere
3060 1877 3115 1920 et
3155 1868 3436 1934 imponere

1865 2078 2067 2148 justam
2101 2084 2340 2141 pinnam.
2372 2066 2543 2121 Vocat
2570 2061 2736 2130 igitur
2774 2056 2841 2110 ad
2883 2054 3165 2108 meliorem
3200 2050 3433 2117 frugem,

1869 2138 2208 2225 calamitates
2232 2156 2517 2213 inferendo
2547 2166 2691 2205 nunc
2727 2148 2949 2217 quidem
2990 2150 3109 2209 post
3140 2141 3277 2193 alios
3318 2138 3439 2191 aliis

1868 2268 2184 2332 perpetuas,
2217 2248 2382 2320 254ὶ
2417 2255 2476 2300 ιιι
2504 2242 2676 2311 magis
2708 2254 2860 2293 suam
2897 2234 3136 2290 sentiant
3166 2227 3441 2299 perversi-

1872 2320 2037 2407 iatem
2066 2365 2079 2401 :
2106 2360 2214 2399 non
2259 2341 2404 2396 enim
2447 2337 2501 2389 in
2553 2335 2756 2388 bonum
2810 2328 2973 2381 modo
3028 2323 3180 2377 saevit
3213 2320 3436 2381 malum,

1870 2441 1967 2498 sed
1992 2439 2157 2495 etiam
2191 2445 2375 2489 secum
2408 2430 2585 2497 ipsum
2632 2429 2835 2492 pugnat
2880 2426 2938 2471 et
2986 2414 3264 2467 decertat:
3294 2424 3441 2461 nunc

1871 2535 2090 2605 quidem
2125 2524 2449 2597 perturbans
2502 2527 2557 2572 et
2610 2512 2924 2568 distrahens
2990 2504 3171 2559 subito
3219 2500 3441 2555 aliunde

1870 2589 2003 2680 alibi
2037 2630 2093 2675 et
2114 2589 2385 2672 distinens
2414 2620 2578 2664 totam
2615 2610 2853 2657 mentem
2889 2606 2949 2652 ut
2987 2592 3232 2649 attendat
3252 2590 3317 2644 ad
3346 2589 3443 2641 do-

1869 2713 2095 2770 mestica
2138 2707 2280 2762 mala
2341 2710 2399 2756 et
2447 2697 2701 2766 ineptias,
2767 2706 2871 2746 nec
2918 2687 2985 2742 ad
3035 2686 3181 2741 solas
3215 2681 3442 2735 omnino

1871 2818 2110 2873 semper,
2145 2798 2344 2868 quibus
2366 2792 2526 2847 nobis
2568 2787 2855 2846 insultant,
2892 2780 3110 2848 iniquas
3149 2784 3441 2829 contume-

1871 2898 1974 2954 lias
1997 2911 2054 2951 et
2074 2891 2321 2962 injurias.

1941 2984 2084 3039 XXI.
2111 2954 2245 3035 illud
2286 2988 2417 3028 vero
2444 2970 2540 3040 qui
2572 2982 2680 3021 non
2714 2962 3019 3017 admiretur
3048 2958 3246 3025 aliquis
3275 2955 3330 3007 in
3355 2954 3441 3007 tli-

1871 3076 1995 3132 vina
2017 3069 2208 3128 mundi
2233 3061 2727 3121 administratione,
2761 3053 2904 3124 quod
2927 3061 3033 3105 tam
3064 3050 3156 3103 diu
3179 3047 3444 3101 Cantacn-

1868 3180 2003 3221 zeno
2025 3157 2297 3217 concessit
2316 3156 2568 3223 exiguam
2593 3149 2740 3202 illam
2765 3146 2818 3198 in
2843 3141 3078 3196 maximo
3108 3137 3313 3191 divinae
3344 3134 3441 3186 Sa-

1869 3255 2089 3326 pientia:
2115 3248 2314 3317 templo
2348 3246 2544 3299 factam
2580 3236 3023 3293 :edilicationem.
3044 3229 3215 3298 partis
3246 3240 3389 3291 new]
3411 3238 3443 3277 e

1868 3322 2017 3402 circa
2077 3352 2284 3397 tectum
2347 3334 2560 3390 scilicet
2596 3327 2878 3387 sant-ialm,
2917 3322 3091 3374 donec
3130 3324 3442 3386 reparatum

1868 3447 2032 3497 esset.
2048 3431 2194 3504 quod
2223 3429 2375 3483 nives
2393 3436 2449 3478 et
2478 3424 2680 3475 imbres
2705 3432 2771 3471 ex
2796 3428 2922 3468 aere
2942 3412 3152 3465 delatos
3177 3405 3442 3461 defende-

1871 3538 1976 3591 ret,
2005 3499 2246 3580 tectum?
2272 3518 2545 3585 Quantum
2567 3511 2729 3581 igitur
2760 3509 2813 3560 in
2840 3507 3085 3559 internos
3113 3499 3446 3569 splendidis-

1870 3623 2038 3677 simos
2059 3628 2244 3670 sacros
2266 3624 2452 3664 muros
2472 3606 2591 3660 illos
2612 3611 2665 3656 et
2686 3614 2808 3653 aras
2841 3605 3059 3651 sanctas
3090 3594 3314 3646 omnino
3348 3591 3452 3644 im.

1871 3726 2095 3782 pensum
2112 3705 2526 3773 etconjunctum
2550 3707 2656 3751 est.
2678 3699 2779 3750 hoc
2798 3694 2979 3759 impiis
2996 3689 3113 3757 ejus
3134 3694 3187 3739 et
3218 3686 3395 3751 impnr
3420 3697 3449 3737 ε

1871 3805 2004 3859 oriri
2033 3817 2063 3855 e
2090 3797 2343 3852 manibus
2374 3794 2524 3847 nullo
2555 3800 2713 3860 pacto
2734 3797 3057 3842 concessum
3098 3789 3180 3833 est
3221 3793 3250 3830 a
3293 3776 3401 3829 Deo
3428 3791 3443 3839 ;

1871 3912 1961 3950 sec
1993 3895 2046 3947 in
2071 3891 2273 3951 medio,
2301 3896 2359 3942 ut
2389 3888 2566 3948 aiunt,
2592 3884 2813 3943 itinere,
2843 3895 2907 3934 ex
2938 3872 3241 3931 aedificandi
3272 3870 3446 3925 facul-

1875 3996 1981 4042 tate
2016 3985 2232 4053 elapsus
2262 3993 2347 4036 est
2390 3976 2840 4049 ignominiose.et
2885 3968 3150 4023 maculam
3193 3976 3442 4030 magnam

1874 4051 2119 4144 reliquit
2148 4073 2268 4126 vita:
2304 4084 2415 4125 sua:
2469 4075 2692 4136 propter
2737 4061 2897 4114 fidem
2936 4065 3219 4111 novatam.
3256 4051 3448 4117 Neque

1873 4167 2018 4223 enim
2053 4178 2268 4232 aquum
2294 4169 2432 4221 erat,
2469 4174 2531 4213 ea
2562 4170 2683 4224 quae
2712 4154 2767 4206 in
2805 4148 3153 4205 manifestum
3183 4153 3240 4197 et
3273 4144 3448 4210 ipsius

1875 4267 1932 4313 et
1958 4260 2232 4311 sociorum
2257 4250 2555 4320 impietatis
2576 4244 2836 4300 indicium
2854 4239 3063 4311 perdita
3086 4239 3319 4298 fuerant,
3348 4249 3445 4303 per

1879 4364 2005 4405 eum
2046 4345 2284 4401 restitui.

279 4527 510 4588 κποῖι
555 4528 601 4582 δ’
644 4530 672 4581 6
721 4527 1081 4598 βρεφοκτὸνος
1117 4521 1367 4593 Ἡρώδης
1418 4522 1589 4574 πάλαι
1632 4521 1771 4590 πρὸς
1802 4544 1851 4603 D
1949 4530 1963 4583 ς

1760 4539 1851 4603 :D
1949 4527 2115 4583 XXII.
2152 4524 2206 4580 Si
2256 4533 2435 4577 autem
2502 4530 2796 4587 puerorum
2856 4509 3193 4566 interfectori
3243 4507 3444 4562 Ilerotli

202 4625 343 4678 Θεοῦ
404 4620 504 4692 τὴν
539 4618 812 4687 περιφανῆ
863 4634 922 4669 τε
965 4618 1062 4669 καὶ
1117 4614 1495 4666 πολυδάπανον
1557 4613 1772 4682 ἐκείνην

200 4716 502 4784 οἰκοδομὴν
528 4711 621 4764 τοῦ
650 4711 757 4763 τῶν
787 4707 1177 4777 Ἱεροσολύμων
1200 4706 1303 4758 νεὼ
1333 4703 1772 4773 συγκεχώρηται,

203 4803 490 4857 τοσούτων
515 4798 777 4866 ἐφεστίων
796 4812 854 4847 τε
878 4797 970 4846 καὶ
996 4793 1277 4860 συγγενῶν
1311 4793 1563 4860 αἱμάτων
1590 4793 1775 4860 χεῖρας

207 4898 328 4961 ἅμα
375 4892 475 4942 καὶ
527 4889 748 4955 γνώμην
788 4885 1049 4952 ὑπάρχων
1093 4883 1309 4950 μεστὸς,
1344 4881 1456 4933 ἀλλ’
1508 4881 1657 4933 ἐστιν
1703 4882 1778 4931 εί-

206 4988 335 5037 πείν
366 4983 445 5043 ὡς
496 4980 596 5046 τῆς
636 4977 861 5044 πατρίου
893 4974 1067 5043 τούτῳ
1106 4974 1402 5041 θρησκείας
1435 4974 1495 5024 ἐν
1520 4971 1597 5040 τῷ
1628 4971 1776 5040 καλῷ

204 5072 521 5142 τηνικαῦτα
584 5067 850 5137 μενούσης
892 5068 972 5118 ἔτι
1026 5064 1137 5117 οὒτ’
1192 5066 1353 5126 αὐτὸς
1386 5064 1577 5116 ἑαυτὸν
1606 5065 1775 5133 αὐτῆς

204 5164 602 5236 ἠλλοτρίωσεν,
635 5158 745 5211 οὗθ’
775 5159 994 5226 ἐτέρους
1024 5157 1244 5218 οὐδένας
1291 5157 1592 5225 παρέπεισε
1620 5154 1779 5207 τοῦτο

205 5260 428 5312 παθεῖν.
491 5251 936 5316 Καντακουζηνὸς
985 5248 1028 5300 δ’
1077 5248 1287 5300 οὑτωσὶν
1333 5246 1493 5307 αὑτός
1539 5261 1597 5297 τε
1643 5246 1777 5309 ἐξω-

211 5352 424 5419 μόσατο
457 5344 706 5412 φανερῶς
737 5343 833 5410 τὴν
876 5340 1105 5406 πάτριον
1152 5337 1462 5397 εὐσέϐειαν.
1497 5339 1593 5388 καὶ
1638 5336 1779 5405 πλὴν

206 5442 414 5506 ὀλίγων
458 5436 585 5495 τοὺς
628 5433 818 5495 ἄλλους
869 5431 1184 5500 ἠνάγκασεν
1219 5430 1487 5491 ἅπαντας,
1519 5427 1647 5488 τοὺς
1678 5425 1778 5494 μὲν

1876 4622 2006 4676 olim
2039 4633 2069 4670 a
2100 4617 2211 4669 Deo
2239 4611 2472 4682 gloriosa
2509 4608 2599 4660 illa
2657 4614 2713 4657 et
2765 4611 3083 4669 sumptuosa
3138 4597 3451 4665 Hierosoly—

1876 4724 2088 4765 morum
2122 4703 2307 4773 templi
2347 4699 2633 4754 aediﬁcatio
2670 4707 2930 4749 concessa
2965 4701 3071 4751 est,
3120 4700 3227 4742 tam
3291 4688 3447 4741 multi

1876 4800 2037 4869 255
2068 4796 2241 4851 amnis
2269 4803 2323 4847 et
2349 4789 2562 4856 cognati
2614 4785 2899 4853 sanguinis
2934 4782 3121 4850 plenas
3171 4797 3363 4833 manus
3392 4790 3447 4834 ct

1876 4895 2116 4948 animum
2169 4886 2413 4946 babenti,
2447 4884 2569 4936 licet
2633 4888 2811 4932 tamen
2870 4876 3070 4936 dicere,
3100 4888 3221 4926 cum
3274 4873 3446 4940 patria

1878 4984 2005 5037 huic
2033 4979 2221 5048 religio
2251 4979 2455 5043 integra
2497 4972 2662 5023 etiam
2695 4978 2884 5028 staret,
2915 4980 3015 5018 nec
3060 4963 3236 5032 ipsum
3294 4977 3351 5013 se
3379 4962 3446 5012 ab

1876 5088 1941 5133 ea
1972 5070 2274 5128 abdicasse,
2301 5078 2402 5118 nec
2429 5061 2552 5114 aliis
2583 5059 2704 5111 ullis
2738 5054 3098 5125 persuasisse.
3136 5062 3193 5104 ut
3235 5052 3337 5103 hoc
3372 5053 3447 5101 fn-

1877 5168 2086 5215 cerent.
2114 5157 2528 5210 Cantacuzenus
2563 5158 2745 5202 autem
2784 5147 2870 5197 bic
2908 5154 2962 5197 et
3008 5144 3121 5210 ipse
3175 5141 3448 5210 dejuravit

1879 5253 2108 5323 patriam
2142 5252 2398 5317 pietatem
2441 5244 2617 5313 palam
2653 5249 2705 5291 et
2736 5248 2929 5305 praeter
2990 5248 3193 5303 paucos
3259 5247 3450 5284 omni-8

1879 5353 2109 5397 exteros
2160 5337 2358 5405 coegit.
2391 5335 2530 5386 alios
2590 5331 2747 5384 donis
2793 5341 2847 5381 et
2898 5328 3051 5380 luero
3110 5326 3268 5383 falso,
3310 5323 3449 5374 alios

1880 5436 2043 5489 minis
2070 5440 2125 5486 et
2162 5426 2617 5497 castigationibus
2651 5420 2922 5490 malignis,
2965 5419 3017 5473 in
3058 5417 3197 5469 idem
3260 5428 3447 5467 secum

207 5530 447 5595 δωρεαῖς
480 5541 540 5575 τε
572 5528 667 5576 καὶ
695 5524 944 5591 λήμμασι
974 5519 1331 5588 παραλόγοις,
1370 5518 1496 5579 τοὺς
1530 5517 1574 5569 δ’
1623 5519 1782 5568 ἀπει-
1884 5542 1891 5576 ι

1094 5519 1331 5586 αλόγοις.
1370 5518 1496 5579 τοὺς
1530 5517 1574 5569 δ’
1623 5519 1782 5568 ἀπει-
1884 5536 1941 5578 ιιι
1961 5520 2354 5576 descenderent
2397 5513 2778 5585 praecipitium.

206 5621 334 5679 λαῖς
368 5619 469 5669 καὶ
512 5614 768 5666 κολάσεσι
801 5612 1189 5679 κακοτρόποις,
1229 5611 1308 5670 εἰς
1358 5610 1447 5661 τὸν
1486 5609 1598 5659 ἴσον
1633 5607 1781 5675 αὐτῷ

208 5707 611 5776 κατενεχθῆναι
640 5702 906 5774 κρημνόν.

290 5796 417 5853 Kl".
458 5796 643 5860 Ἄξιον
689 5794 734 5847 δ’
786 5793 1037 5847 ἐνταυθοί
1089 5791 1415 5861 γενομένους
1471 5791 1562 5843 καὶ
1608 5792 1665 5842 τό
1719 5806 1779 5859 γε

1952 5786 2136 5841 XXIII.
2170 5784 2286 5838 lluc
2333 5779 2587 5853 quoniam
2629 5775 2999 5847 pervenimus.
3038 5788 3144 5826 non
3208 5769 3447 5824 alienum
