4264 6362
803 419 912 482 223

2015 423 2425 482 NICEI‘HORI
2465 418 2845 480 GREGOIU!

3934 419 4060 489 ’224

807 543 941 603 puto
975 532 1372 601 longitudinem
1409 549 1508 588 nos
1538 533 1851 588 describere
1881 535 2039 604 picta:
2071 552 2248 603 nuper
2278 534 2380 589 sub

2427 536 2455 592 λ
2490 533 2664 601 μῆκος
2690 532 2782 583 καὶ
2811 531 3013 590 πλάτος
3049 528 3192 595 ἡμᾶς
3226 528 3616 594 ἀφηγήσασθαι
3672 530 3767 595 τῆς
3814 530 3915 580 ύπδ
3959 531 4061 599 τὴν

807 621 933 674 tecti
966 621 1127 687 hujus
1155 637 1452 675 concavam
1482 623 1828 692 superficiem
1869 635 2072 678 sancta:
2130 627 2382 693 imaginis

807 709 1087 774 sapientiae
1116 711 1258 776 ejus,
1292 713 1384 778 qui
1449 713 1606 772 inest,
1654 712 1744 766 Dei
1801 714 2099 770 Salvatoris
2151 716 2378 770 Christi.

805 803 938 855 Esse
970 807 1116 856 enim
1151 807 1253 859 hoc
1283 822 1501 876 quoque
1527 810 1764 875 posteris
1791 811 2089 879 jucundum
2124 821 2254 880 puto
2281 829 2380 864 au-

807 893 1220 958 ditu.ntetiam
1288 914 1448 964 supra
1501 902 1682 952 statim
1738 903 1806 953 ab
1855 904 2011 954 initio
2075 905 2377 966 primarum

808 981 972 1050 hujus
1004 978 1242 1036 historize
1272 989 1645 1041 narrationum
1679 990 1892 1042 illarum
1968 1004 2271 1046 nostrarum
2327 1004 2380 1046 et

808 1073 1076 1125 librorum
1108 1085 1342 1130 stantem
1381 1078 1433 1130 in
1477 1081 1727 1132 columna
1783 1091 2015 1134 statuam
2065 1097 2376 1152 equestrem

803 1179 1008 1216 mneam
1053 1165 1428 1220 describentes
1464 1186 1561 1222 nos
1607 1173 1898 1237 gratilicari
1935 1177 2244 1228 hominibus
2290 1193 2380 1228 sa.

806 1256 1165 1323 pientioribus
1193 1273 1382 1310 sumus
1431 1261 1703 1317 arbitrati.
1739 1265 1838 1331 Ipsi
1885 1276 2034 1319 certe
2083 1285 2180 1321 nos
2236 1270 2379 1323 illius

805 1347 930 1400 facti
957 1359 1290 1414 Spectatores
1317 1362 1372 1404 et
1407 1352 1611 1408 nostris
1653 1344 1923 1423 permensi
1955 1359 2094 1413 hanc
2127 1364 2378 1416 manibus

805 1439 1062 1492 facillime
1093 1451 1201 1493 tam
1243 1443 1334 1495 diu
1362 1449 1836 1512 composuerimus
1867 1467 1998 1512 rem,
2030 1453 2270 1519 quandin
2302 1455 2375 1506 ibi

802 1541 923 1579 eam
954 1531 1229 1598 sigillatim
1263 1536 1635 1600 exposuimus.
1671 1539 1800 1591 Esse
1830 1541 1976 1592 enim
2006 1543 2224 1609 dignam
2250 1559 2378 1598 con-

805 1622 1066 1688 templatu
1095 1623 1366 1684 existimo,
1388 1628 1431 1678 si
1472 1629 1595 1694 quis
1627 1646 1690 1682 ex
1720 1632 1982 1686 inferiore
2017 1635 2134 1688 loco
2160 1652 2376 1690 sursum

805 1722 1035 1778 spectet,
1095 1730 1272 1781 neque
1335 1719 1506 1781 possit
1572 1731 1884 1774 accuratam
1966 1727 2374 1794 proportionem

805 1803 1042 1868 partium
1074 1818 1172 1870 per
1195 1804 1359 1873 256
1406 1808 1595 1860 oculos
1636 1815 2009 1866 transmittere
2033 1818 2220 1881 menti,
2252 1833 2374 1870 cum

806 1889 878 1942 ita
909 1891 980 1943 sit
1003 1905 1313 1960 comparata
1342 1895 1452 1957 illa,
1479 1907 1538 1950 ut
1564 1881 1883 1968 plerumque
1904 1914 2214 1971 spectantes
2239 1907 2380 1962 inter

803 1989 861 2034 et
889 1995 978 2034 res
995 1991 1266 2049 spectatas
1296 1985 1633 2055 interpositis
1665 1989 1768 2044 loci
1797 1994 2097 2048 intervallis
2137 1999 2379 2052 auimttm

804 2069 975 2133 fallat,
1014 2088 1135 2139 quae
1163 2083 1345 2127 tamen
1406 2077 1682 2142 applicata
1739 2093 1998 2136 caeterum
2049 2087 2292 2156 undique
2327 2101 2383 2144 et

805 2177 1136 2231 quocunque
1200 2166 1361 2218 modo
1416 2177 1566 2230 sunt,
1627 2180 1686 2222 ut
1742 2173 1992 2226 veritatis
2045 2179 2268 2247 vestigia
2327 2193 2384 2233 et

805 2255 1042 2320 speciem
1085 2256 1523 2326 qualemcunque
1589 2261 1847 2327 elliciant,
1883 2276 1937 2318 et
2007 2268 2128 2321 talis
2172 2269 2382 2326 fraudis

805 2345 1029 2399 morbos
1051 2358 1265 2401 sanent.
1299 2348 1439 2403 Sunt
1461 2353 1607 2404 enim
1642 2354 1767 2406 inde
1799 2372 1828 2408 a
1867 2360 2074 2413 vertice
2111 2377 2284 2430 usque
2313 2367 2379 2417 ad

805 2451 1072 2489 summam
1126 2439 1368 2503 barbam,
1399 2441 1611 2495 labrum
1639 2446 1761 2498 dico
1793 2451 2065 2516 superius,
2102 2455 2382 2522 spitltamze

807 2528 861 2582 in
924 2529 1320 2594 longitudinem
1401 2535 1852 2606 duodetriginta,
1923 2544 1976 2596 in
2033 2545 2380 2603 latitudinem

806 2622 1246 2690 quatuordccim,
1302 2626 1598 2693 digitorum
1648 2643 1827 2686 autem
1881 2638 2088 2704 primus
2151 2652 2274 2694 octo
2328 2651 2382 2694 et

807 2713 1090 2768 dimidiam
1124 2716 1177 2769 in
1209 2718 1606 2787 longitudinem
1652 2723 1906 2788 habebat,
1937 2737 1990 2780 ct
2017 2730 2211 2798 reliqui
2258 2747 2382 2799 pro—

809 2807 1217 2873 portionaliter;
1254 2812 1537 2864 oculorum
1565 2823 1674 2867 tres
1692 2815 1801 2868 fere
1822 2818 2120 2880 spitltamas
2148 2822 2382 2875 habebat

809 2906 1060 2965 uterque,
1086 2914 1252 2953 nasus
1274 2910 1454 2954 autem
1491 2918 1630 2974 pene
1672 2915 1819 2959 octo.
1851 2905 1944 2961 llis
1997 2911 2067 2961 ita
2127 2920 2380 2980 tauquam

808 2989 1099 3042 elementis
1152 2991 1468 3058 propositis,
1525 2994 1652 3072 licet
1709 2996 1858 3059 hinc,
1917 3011 2185 3070 quotquot
2259 3016 2384 3057 sunt

813 3077 1088 3146 pictorum
1113 3081 1491 3149 jucundiores,
1521 3086 1683 3138 etiam
1714 3089 2030 3154 qualitatem
2060 3102 2382 3147 cmterorum

815 3170 1277 3234 membrorum,et
1306 3176 1537 3240 partium
1566 3185 1621 3229 et
1652 3178 1814 3231 simul
1839 3183 2003 3233 totius
2032 3185 2286 3250 corporis‘
2304 3187 2384 3238 di-

813 3259 952 3312 vina:
1000 3260 1150 3314 illius
1205 3261 1508 3317 Salvatoris
1537 3275 1731 3318 statuae
1762 3269 1828 3320 ad
1861 3275 2383 3338 sytnmetrizeratio-

813 3366 937 3405 nem
968 3350 1123 3405 facta:
1156 3351 1360 3417 format,
1399 3367 1601 3423 quanta
1642 3357 1755 3412 fere
1796 3362 1886 3421 sit,
1914 3362 2096 3413 statim
2128 3359 2382 3434 colligere

813 3439 1234 3508 longitudinem.
1300 3445 1427 3497 Haec
1467 3446 1733 3515 descripsi
1784 3449 1836 3500 in
1896 3451 2146 3504 notitiam
2190 3469 2382 3508 eorum

812 3532 906 3600 qui
942 3531 1079 3585 forte
1104 3533 1156 3585 in
1199 3533 1345 3586 illam
1401 3536 1660 3600 incidant,
1693 3539 1951 3607 optimam
2013 3542 2151 3597 hanc
2209 3547 2385 3601 sciens

814 3625 957 3677 viam
996 3639 1116 3678 esse
1154 3625 1220 3677 ad
1269 3641 1454 3680 rerum
1511 3629 1821 3694 scientiam,
1852 3633 1974 3684 etsi
2023 3635 2115 3702 qui
2179 3635 2230 3687 in
2301 3636 2386 3691 his

814 3717 1230 3772 considerantes
1261 3729 1550 3772 versentur
1579 3720 1705 3773 libri
1744 3723 2018 3790 sapientes
2054 3727 2386 3794 prospicien-

817 3810 927 3872 tiaz,
962 3811 1209 3862 utetiam
1261 3811 1542 3864 Aristoteli
1589 3812 1784 3880 placet.
1836 3813 1971 3867 llicit
2033 3817 2120 3868 ille
2166 3819 2384 3885 quidem

814 3917 1035 3956 sensum
1069 3918 1134 3955 ex
1169 3903 1459 3955 multarum
1494 3918 1674 3956 rerqu
1711 3905 1902 3972 peritia
1941 3905 2100 3970 efﬁci,
2134 3911 2385 3976 peritiam

786 4022 788 4024 -
816 4003 998 4046 autem
1031 3993 1298 4062 principia
1333 3992 1631 4061 disciplina:
1666 3996 1933 4065 cujusque
1967 4007 2021 4050 et
2063 3999 2303 4066 praabere
2332 4013 2387 4055 et

817 4083 1163 4138 confirmare.
1196 4085 1356 4153 257
1390 4084 1525 4136 Hinc
1553 4085 1701 4138 enim
1743 4095 1798 4139 et
1827 4086 1963 4140 varii
1996 4087 2269 4144 ﬂuxerunt
2299 4106 2386 4144 sa-

817 4177 1036 4245 pientia:
1065 4175 1266 4239 fontes,
1298 4187 1352 4230 et
1381 4188 1595 4230 veteres
1634 4178 2046 4246 disciplinarum
2073 4181 2388 4238 inventores

817 4275 872 4319 et
901 4266 1201 4320 c-mlestium
1228 4276 1284 4320 et
1308 4268 1649 4320 terrestrium
1698 4284 1882 4322 rerum
1930 4272 2181 4325 notitiam
2230 4290 2387 4327 crue-

819 4368 970 4419 rnnt,
1001 4369 1058 4412 et
1094 4363 1370 4411 variarum
1425 4369 1480 4412 et
1519 4359 1936 4413 multiformium
1989 4379 2172 4416 rerum
2225 4375 2388 4433 atque

816 4450 1122 4503 orationum
1181 4450 1463 4513 doctrinae,
1523 4452 1700 4520 quoad
1774 4454 1892 4519 eius
1957 4453 2068 4506 fieri
2150 4464 2382 4522 poterat,

2483 623 2690 692 κυρτὴν
2740 619 2888 680 ἐντὸς
2935 620 3260 684 ἐπιφάνειαν
3310 619 3402 671 τοῦ
3443 620 3642 687 ὀρόφου
3688 620 3875 672 τούτου
3923 639 4061 686 γρα-

2482 715 2676 781 φείσης
2723 713 2922 780 ἀρτίως
2969 713 3131 776 ἁγίας
3173 712 3380 772 εἰκόνος
3413 713 3508 778 τῆς
3561 712 3925 764 ὲνυποστάτου
3973 730 4063 763 σο-

2483 804 2611 872 φίας
2643 803 2800 865 Θεοῦ,
2839 802 2904 872 [ί.
2939 802 3039 855 106
3089 800 3168 872 υ.]
3217 801 3310 852 τοῦ
3336 803 3584 870 Σωτῆρος
3620 803 3762 868 λέγω
3792 801 4059 870 Χριστοῦ.

2482 890 2639 948 Εἶναι
2672 895 2779 965 γάρ
2811 898 2904 946 καὶ
2945 895 3105 946 τοῦτο
3151 899 3263 956 τοῖς
3303 895 3575 962 ὀψιγόνοις
3608 897 3872 962 ἐράσμιον
3903 890 4061 960 οἶμαι

2479 987 2759 1053 ἀκρόαμα,
2793 987 3046 1054 καθάπερ
3090 986 3154 1051 δὴ
3201 988 3296 1038 καὶ
3328 987 3587 1053 ἀνωτέρω
3645 1003 3739 1036 που
3771 988 3879 1036 τῶν
3913 990 4066 1053 πρῶ-

2479 1095 2587 1128 των
2612 1078 2711 1145 τῆς
2740 1080 2980 1146 ἱστορίας
3014 1080 3278 1144 ταυτησὶν
3311 1079 3600 1146 ἡμετέρων
3632 1079 3855 1130 ἐκείνων
3885 1077 4062 1143 λόγων

2480 1172 2575 1222 καὶ
2632 1170 2832 1238 βίϐλων
2890 1171 3050 1229 εὐθὺς
3105 1173 3163 1222 ἐν
3221 1171 3518 1239 προθύροις
3585 1162 3675 1220 τὸν
3731 1171 3826 1220 ἐπὶ
3879 1169 4062 1229 κίονος

2481 1258 2689 1310 ἑστῶτα
2724 1259 3089 1327 δεδηλωκότες
3122 1259 3362 1325 ἔφιππον
3398 1259 3690 1327 ἀνδριάντα
3732 1259 3966 1325 χαλκοῦν
3998 1255 4059 1309 εὖ

2483 1354 2654 1402 ποιεῖν
2703 1354 2817 1421 τοῖς
2868 1353 3250 1420 σῦνετωτέροις
3295 1352 3579 1418 ἐδόξαμεν,
3612 1353 3767 1404 αὐτοί
3801 1367 3862 1417 γε
3894 1353 4060 1419 ἡμεῖς

2481 1444 2691 1495 ἐκείνου
2740 1444 3028 1510 γεγονότες
3077 1443 3346 1496 αὐτόπται
3392 1443 3486 1494 καὶ
3515 1446 3634 1503 ταῖς
3687 1444 3918 1503 οἰκείαις
3953 1459 4058 1509 με-

2479 1535 2781 1601 τρήσαντες
2853 1533 3044 1585 τοῦτον
3102 1534 3313 1602 χερσὶν,
3377 1536 3468 1586 ἐπὶ
3521 1535 3580 1586 τὸ
3649 1536 3848 1602 ῥᾷστον
3914 1535 4056 1592 τέως

2482 1623 2896 1690 συνενεχθέντος
2935 1623 3030 1674 τοῦ
3091 1624 3437 1691 πράγματος,
3490 1624 3564 1686 ὡς
3622 1625 3737 1675 ἐκεῖ
3780 1641 3881 1675 που
3931 1623 4058 1674 καθ’

2480 1709 2684 1762 ’ἐκαστα
2720 1711 3097 1778 διειλήφαμεν.
3133 1706 3279 1761 Εἶναι
3335 1711 3442 1779 γάρ
3492 1710 3845 1779 ἀξιοζήτητον
3875 1708 4058 1778 οἶμαι,

2482 1799 2638 1860 εἴτις
2682 1801 2929 1853 κάτωθεν
2975 1801 3073 1867 μὲν
3125 1803 3206 1859 είς
3257 1800 3388 1864 ὕψος
3419 1802 3590 1871 ὁρῴη,
3645 1803 3719 1870 μὴ
3756 1803 3971 1853 δύναιτο
4001 1802 4060 1853 δὲ

2484 1892 2581 1960 τὴν
2611 1892 2813 1962 ἀκριϐῆ
2872 1893 3218 1961 συμμετρίαν
3281 1892 3346 1943 δι’
3414 1893 3592 1959 ὂψεως
3655 1895 4060 1961 παραπέμπειν

2483 1984 2560 2051 τῷ
2583 1984 2678 2052 νῷ,
2708 1985 3011 2050 πεφυκυίας
3042 1984 3140 2052 μὲν
3169 1985 3243 2045 ῶς
3274 1985 3342 2036 τά
3377 1985 3546 2036 πολλὰ
3568 1987 3678 2044 τοῖς
3715 1984 3916 2052 μεταξὺ
3945 1985 4060 2036 τῶν

2483 2075 2738 2144 ὁρώντων
2787 2075 2882 2127 καὶ
2913 2075 3208 2144 ὁρωμένων
3244 2078 3490 2136 τοπικοῖς
3517 2075 3882 2144 διαστήμασιν
3914 2077 4063 2128 ἀπα-

2483 2150 2698 2228 τᾶσθαι,
2731 2168 3026 2236 ἐφιεμένης
3061 2168 3105 2219 δ’
3138 2167 3310 2225 ἄλλως
3355 2167 3680 2236 ὀθενδήποτε
3727 2169 3821 2220 καὶ
3871 2172 4063 2220 ὁπωσ-

2482 2258 2686 2327 δήποτε
2718 2260 2998 2324 συλλέγειν
3044 2277 3102 2310 τε
3134 2261 3231 2327 τῆς
3265 2259 3528 2325 ἀληθείας
3567 2259 3688 2328 ἴχνη
3720 2261 3810 2311 καὶ
3841 2262 4061 2320 εἰκόνας

2481 2349 2781 2401 ὁποιασοῦν
2828 2352 2924 2402 καὶ
2959 2353 3028 2402 τά
3078 2351 3179 2418 τῆς
3225 2352 3482 2421 τοιαύτης
3535 2353 3805 2420 ἰατρεύειν
3839 2355 4062 2421 ἀπάτης

2482 2442 2786 2509 νοσήματα.
2830 2443 2988 2494 Ἐστι
3019 2443 3125 2509 γάρ
3157 2442 3216 2493 τὸ
3257 2444 3320 2494 ἐκ
3349 2443 3593 2511 κορυφῆς
3622 2444 3749 2510 ἄχρι
3793 2443 4060 2510 πώγωνος

2482 2532 2651 2601 ἄκρου
2695 2534 2838 2602 φημὶ
2864 2535 2963 2601 τῆς
3004 2534 3218 2602 ὑπήνης
3253 2533 3526 2602 σπιθαμαὶ
3566 2535 3738 2602 μῆκος
3782 2535 3882 2602 μὲν
3908 2534 4062 2586 ὀκτὼ

2481 2626 2576 2676 καὶ
2619 2628 2810 2690 εἴκοσι,
2856 2625 3057 2687 πλάτος
3096 2625 3152 2677 δὲ
3206 2626 3734 2694 τεσσαρεσκαίδεκα,
3771 2625 4061 2678 δακτύλων

2480 2715 2525 2767 δ’
2559 2715 2588 2764 ὁ
2625 2716 2724 2784 μὲν
2756 2717 2968 2784 πρῶτος
2995 2715 3140 2767 ὀκτὼ
3186 2717 3282 2768 καὶ
3310 2717 3571 2785 ἡμισείας
3601 2718 3659 2770 τὸ
3693 2718 3889 2786 μῆκος,
3926 2719 3979 2769 οί
4015 2719 4062 2770 δ’

2481 2806 2633 2858 ἄλλοι
2693 2809 2834 2859 κατά
2887 2807 2948 2859 τὸ
2997 2808 3299 2873 ἀνάλογον·
3337 2809 3445 2859 τῶν
3503 2809 3550 2861 δ’
3608 2809 3901 2877 ὀφθαλμῶν
3955 2810 4062 2860 ἀνά

2442 2892 2650 2963 ,τριῶν
2678 2895 2964 2962 ἑκάτερος,
2997 2897 3029 2962 ἡ
3064 2895 3118 2944 δὲ
3168 2896 3252 2964 ῥὶς
3288 2895 3518 2960 ἔγγιστα
3559 2897 3726 2948 ὀκτώ.
3759 2896 3980 2948 Τούτων
4017 2897 4066 2948 δ’

2482 2984 2659 3044 οὕτως
2700 2985 2953 3052 καθάπερ
3001 2986 3283 3053 στοιχείων
3323 2985 3585 3038 δοθέντων
3620 2985 3831 3048 ἔξεστιν
3876 2987 4067 3038 ἐντεῦ-

2484 3077 2596 3139 θεν,
2639 3076 2824 3126 ὀπόσοι
2873 3079 3224 3145 χαριέστεροι
3277 3077 3386 3126 τῶν
3442 3077 3772 3145 ζωγράφων,
3815 3078 3903 3128 καὶ
3959 3077 4065 3146 τὴν

2412 3196 2456 3254 C
2486 3167 2592 3216 τῶν
2623 3165 2800 3217 ἄλλων
2835 3166 3012 3234 μελῶν
3037 3165 3132 3217 καὶ
3166 3166 3352 3234 μερῶν
3390 3168 3482 3216 καὶ
3515 3167 3637 3234 ἅμα
3669 3166 3766 3233 τῆς
3798 3167 3890 3218 τοῦ
3923 3183 4066 3218 παν-

2483 3257 2576 3319 τὸς
2632 3256 2884 3324 σώματος
2931 3256 3277 3317 διαπλάσεως
3337 3256 3438 3324 τῆς
3501 3258 3655 3316 θείας
3704 3260 3920 3324 ἐκείνης
3963 3259 4062 3310 τοῦ

2486 3349 2734 3416 Σωτῆρος
2762 3349 2968 3409 είκόνος
2997 3349 3138 3400 κατὰ
3165 3349 3224 3398 τὸ
3254 3347 3358 3416 τῆς
3407 3349 3758 3418 συμμετρίας
3795 3351 4067 3416 ἀνάλογον

2485 3438 2585 3506 ὅση
2629 3440 2712 3500 τίς
2739 3440 2888 3490 ἐστιν
2916 3438 3078 3499 εὐθὺς
3128 3437 3544 3504 συλλογίζεσθαι
3583 3441 3755 3508 μῆκος
3791 3443 3884 3492 καὶ
3920 3443 4066 3494 πλά-

2485 3545 2598 3590 τος.
2668 3532 2774 3581 Καὶ
2839 3529 3009 3581 ταῦτα
3081 3528 3298 3598 διῆλθον
3369 3531 3665 3601 ἐμπειρίας
3735 3532 3896 3585 ’ἑνεκα
3954 3534 4069 3585 τῶν

2489 3619 2950 3686 ἐντυγχανόντων,
2997 3617 3292 3686 κράτιστον
3322 3618 3480 3681 εἰδὼς
3513 3620 3724 3685 ἐφόδιον
3756 3621 3835 3682 είς
3864 3639 3926 3687 γε
3964 3623 4068 3689 τὴν

2487 3709 2595 3759 τῶν
2634 3710 2803 3760 ὄντων
2855 3711 3168 3777 ἐπιστήμην
3217 3711 3310 3760 καὶ
3341 3709 3393 3761 εῐ
3428 3727 3575 3765 τινες
3603 3707 3715 3762 εἷεν
3755 3714 3938 3774 αὐτοῖς
3971 3718 4064 3765 ὲν·

2488 3801 2850 3869 θεωρούμενοι
2907 3800 3057 3866 λόγοι
3113 3801 3265 3866 σοφοὶ
3309 3799 3408 3865 τῆς
3467 3803 3746 3870 προνοίας,
3783 3803 3924 3855 καθά
3975 3810 4071 3858 καὶ

2499 3887 2860 3955 Ἀριστοτέλει
2891 3888 3059 3941 δοκεῖ.
3087 3888 3226 3953 Φησὶ
3256 3890 3364 3957 γὰρ
3393 3888 3622 3954 ἐκεῖνος,
3667 3891 3922 3959 αἴσθησιν
3963 3897 4070 3961 μὲν

2487 3981 2776 4048 ἐμπειρίας
2827 3975 2970 4032 εἶναι
3019 3980 3335 4047 ποιητικὴν,
3368 3979 3466 4049 τὴν
3518 3980 3564 4031 δ’
3601 3984 3901 4052 ἐμπειρίαν
3954 3985 4069 4037 τῶν

2489 4073 2623 4139 πρὸς
2655 4073 2968 4139 ἐπιστήμην
2999 4071 3180 4140 ἀρχῶν
3213 4071 3554 4141 παρεκτικὴν
3579 4075 3642 4124 ἐκ
3679 4074 3933 4144 διαδοχῆς
3967 4079 4068 4129 καὶ

2491 4164 2858 4233 συλλήπτριαν
2910 4164 3176 4230 γίνεσθαι.
3245 4162 3532 4214 Ἐντεῦθεν
3598 4165 3706 4232 γάρ
3758 4167 3914 4220 αἵτε
3969 4186 4071 4222 πο-

2487 4257 2714 4316 λυειδεῖς
2761 4257 3041 4326 ἐρρύησαν
3080 4255 3181 4324 τῆς
3212 4257 3404 4324 σοφίας
3435 4260 3631 4325 πηγαὶ.
3663 4259 3752 4308 καὶ
3799 4261 3848 4310 οἱ
3891 4261 4067 4314 πάλαι

2487 4348 2586 4414 τῆς
2615 4350 2928 4416 ἐπιστήμης
2955 4350 3246 4414 ἐφευρεταὶ
3287 4348 3393 4399 τῶν
3425 4366 3482 4400 τε
3526 4349 3785 4419 αἰθερίων
3831 4353 3927 4403 καὶ
3970 4371 4071 4405 πε-

2494 4441 2714 4508 ριγείων
2764 4439 2864 4504 τὴν
2925 4439 3127 4504 γνῶσιν
3183 4439 3479 4507 ἠρύσαντο,
3539 4442 3634 4491 καὶ
3685 4440 3783 4507 τῆς
3831 4458 3896 4506 γε
3957 4445 4070 4496 τῶν

819 4555 981 4592 ansas
1053 4551 1426 4608 sumpserunt.
1487 4540 1650 4608 Esto;
1707 4558 1810 4612 ego
1871 4560 2001 4598 vero
2059 4545 2124 4598 ad
2184 4562 2380 4600 nexum

2427 4519 2461 4572 Ι)
2489 4533 2749 4585 ποικίλων
2804 4533 2896 4583 καὶ
2947 4533 3308 4583 παντοδαπῶν
3347 4536 3690 4601 πραγμάτων
3738 4550 3795 4585 τε
3849 4535 3948 4587 καὶ
3983 4536 4068 4587 λό-

818 4631 984 4685 redeo
1011 4632 1293 4686 orationis.

890 4902 1081 4959 XXIV.
1117 4905 1250 4957 Nam
1300 4903 1391 4971 qui
1419 4903 1723 4972 patriarcha
1757 4903 2234 4971 fueratCallistus,
2269 4920 2391 4977 post

819 5009 971 5052 suam
1004 4996 1634 5050 excommunicationem
1697 5005 1753 5049 et
1797 4996 2191 5050 clandestinam
2245 5001 2389 5052 illam

822 5088 877 5141 in
923 5086 1220 5141 Galaticam
1271 5084 1589 5138 Latinorum
1627 5087 1932 5140 custodiam
1992 5086 2197 5156 fugam,
2233 5089 2393 5156 paulo

823 5190 979 5250 poste
1015 5180 1262 5233 idoneam
1309 5181 1655 5240 occasionem
1693 5188 1908 5242 nactus,
1933 5179 2070 5232 clam
2097 5180 2222 5232 inde
2269 5196 2397 5234 eva-

827 5274 897 5326 sit
920 5281 974 5325 et
1005 5271 1284 5324 Tenedum
1319 5271 1440 5323 navi
1465 5271 1697 5335 abierat,
1729 5271 2032 5340 Palaeologo
2064 5272 2199 5338 imp.
2226 5272 2396 5340 grati-

832 5363 1089 5415 ﬁcaturus
1105 5371 1157 5414 et
1185 5375 1284 5428 pro
1305 5361 1451 5413 dono
1472 5362 1868 5430 omnivigentis
1890 5364 1941 5414 in
1971 5363 2154 5415 animo
2181 5364 2396 5417 habitus

828 5455 1078 5524 praebens
1107 5455 1358 5508 ardorem
1419 5462 1473 5507 et
1516 5470 1572 5506 rc
1626 5455 1739 5524 ipsa
1790 5470 1948 5508 suum
2003 5455 2220 5509 fervens
2270 5472 2398 5522 erga

832 5548 984 5604 illum
1039 5546 1332 5600 ostendens
1371 5545 1726 5611 studium;et
1785 5562 2068 5609 enarrans,
2121 5548 2398 5614 quomodo

834 5640 1026 5693 liceret
1060 5637 1167 5690 frtti
1214 5639 1576 5707 patriarchica
1623 5646 1885 5706 potestate
1916 5645 1971 5689 et
2006 5636 2167 5689 simul
2204 5636 2404 5689 Canta-

841 5730 1363 5797 cuzenircgnantis
1413 5729 1794 5780 benevolentia
1843 5737 1893 5778 et
1948 5726 2400 5786 beneficentia,si

846 5819 1007 5871 vellet
1033 5820 1356 5889 participem
1401 5818 1576 5872 facere
1612 5833 1668 5872 sc
1712 5817 2138 5871 renuntiationis
2171 5815 2236 5870 dc
2272 5814 2402 5868 Mat-

2486 4640 2597 4690 γων
2645 4622 3022 4681 διδασκαλίας,
3047 4622 3170 4672 ὅσον
3208 4623 3456 4688 ἐφικτὸν,
3498 4624 3595 4684 τάς
3627 4625 3882 4691 ἀφορμάς
3918 4627 4070 4678 ἀνει-

2487 4715 2749 4784 λήφεοαν.
2787 4711 2926 4766 Εἶεν.
2977 4712 3115 4778 Ἐγὼ
3153 4711 3196 4762 δ’
3234 4715 3314 4775 εἰς
3333 4713 3424 4764 τδν
3456 4713 3646 4781 εἱρμὸν
3677 4717 3938 4783 ἐπάνειμι
3973 4717 4068 4769 τοῦ

2488 4807 2671 4874 λόγου.

2565 4902 2688 4954 KA'.
2731 4902 2787 4953 Ὀ
2811 4903 2920 4970 γάρ
2968 4917 3048 4952 τοι
3075 4901 3520 4969 πατριάρχεύσας
3577 4901 3872 4961 Κάλλιστος
3931 4904 4070 4967 μετᾶ

2492 4989 2588 5056 τὴν
2618 4989 2782 5040 αὐτοῦ
2837 4987 3160 5057 καθαίρεσιν
3194 4988 3288 5038 καὶ
3333 4988 3425 5038 τὸν
3455 4989 3535 5048 εἰς
3569 4990 3629 5038 τὸ
3663 4988 4072 5056 [ἀλατώνυμον

2495 5079 2558 5150 [ί.
2594 5081 2695 5133 129
2726 5079 2798 5150 r.]
2830 5080 3090 5148 φρούριον
3124 5079 3228 5130 τῶν
3257 5079 3503 5130 Λατίνων
3531 5079 3790 5148 λαθραῖον
3821 5079 4070 5147 δρασμὸν

2495 5174 2723 5237 ἐκεῖνον,
2763 5170 2955 5240 καιροῦ
2989 5170 3128 5237 μετὰ
3169 5172 3359 5237 χρόνον
3390 5172 3512 5220 τινα
3544 5169 3726 5238 τυχὼν
3760 5169 3936 5237 λάθρα
3971 5173 4070 5222 κά⁸

2497 5266 2677 5318 κεῖθεν
2705 5263 2852 5334 ἐξῄει
2883 5268 2976 5317 καὶ
3009 5265 3063 5324 ἐς
3089 5263 3316 5314 Τένεδον
3343 5263 3802 5323 κατεπεπλεύκει,
3839 5264 4074 5316 Παλαισ-

2497 5356 2640 5423 λόγῳ
2697 5355 2772 5424 τῷ
2817 5353 3028 5422 βασιλεῖ
3061 5351 3418 5419 χαριζόμενός
3449 5368 3506 5402 τε
3572 5351 3662 5402 καὶ
3717 5352 3838 5402 ἀντὶ
3892 5353 4071 5422 δώρου

2500 5448 2701 5508 παντὸς
2735 5448 2792 5498 τι
2817 5447 2914 5513 τῆς
2969 5446 3027 5496 ἐν
3077 5443 3277 5511 καρδίᾳ
3329 5441 3781 5508 θαλαμευομένης
3831 5444 4075 5510 σχέσεως

2500 5535 2742 5603 κομίζων
2784 5533 3066 5600 διάπυρον,
3099 5532 3188 5583 τὸν
3244 5529 3384 5596 ὑπὲρ
3415 5528 3582 5580 αὑτοῦ
3624 5529 3870 5597 δηλονότι
3913 5531 4072 5596 ζῆλον

2503 5627 2684 5694 ἔργοις
2706 5625 2908 5685 αὐτοῖς,
2935 5624 3026 5674 καὶ
3051 5620 3430 5691 ἀφηγούμενος
3461 5621 3605 5681 ὅπως
3631 5621 3749 5684 ἐξὸν
3780 5620 4074 5673 ἀπολαύειν

2503 5721 2601 5785 τῆς
2634 5719 3039 5786 πατριαρχικῆς
3071 5715 3318 5779 ἐξουσίας
3373 5715 3467 5766 καὶ
3495 5713 3608 5778 ἅμα
3642 5716 3738 5780 τῆς
3761 5714 4073 5784 Καντακου-

2509 5809 2672 5880 ζηνοῦ
2724 5807 3096 5877 βασιλεύοιτος
3129 5805 3411 5873 εὐμενείας
3441 5805 3532 5856 καὶ
3569 5805 3909 5872 εὐεργέτιδος
3945 5807 4075 5872 γνιῖ).
