4264 6362
174 384 286 448 225

1209 384 1651 445 ΒΥΖᾹΝΤΙΝΕ
1687 383 2073 442 HlSTOllL’E
2107 384 2250 446 LIB.
2284 385 2499 447 XXIX.

3348 387 3451 450 226

181 518 312 571 μης,
366 504 416 554 εί
474 500 727 554 ἐϐούλετο
782 504 1059 553 κοινωνεῖν
1096 500 1245 570 αὐτῷ
1291 501 1393 568 τῆς
1432 499 1575 568 ὑπὲρ
1606 502 1757 553 Ματ-
1790 503 1841 561 Α

1790 503 1841 561 Α
1870 499 2011 551 thmo
2040 499 2191 565 regio
2229 501 2341 552 ﬁlio
2374 504 2534 555 factit-
2560 518 2573 563 ;
2606 500 2693 554 hic
2720 516 2848 554 vero
2878 513 3116 555 extrema
3143 502 3250 572 pati
3284 505 3453 560 male-

177 591 338 644 θαίου
368 591 467 644 τοῦ
494 591 612 644 υίοῦ
635 591 921 660 βασιλικῆς
954 592 1339 662 ἀναρρήσεως,
1365 595 1392 645 ό
1420 594 1477 646 δὲ
1502 594 1567 645 τὰ
1597 594 1763 663 ἐσχα-

178 701 244 734 τα
278 685 520 753 πάσχειν
570 684 777 747 εἵλετο,
828 684 937 737 τῶν
991 685 1264 755 πατρῴων
1318 686 1765 754 ἀντιποιούμενος

177 774 348 825 αὐτοῦ
382 776 629 827 δικαίων.
683 776 791 827 Καὶ
818 778 866 827 εξ
896 776 971 846 μὴ
1005 776 1240 846 λαθραία
1273 780 1417 847 φυγῇ
1452 777 1549 846 τὴν
1586 793 1764 846 σωτη-

180 866 306 932 ρίαν
340 866 601 935 ἐπόριζεν
656 867 854 935 ἐαυτῷ,
894 870 1129 936 τάχιστα
1165 868 1229 919 ἀν
1288 868 1481 938 εἱρκτὴ
1516 870 1763 937 ζοφώδης

180 955 275 1004 καὶ
309 953 549 1006 θανάτου
603 954 781 1021 βιαίου
834 956 1031 1021 γείτων
1088 958 1301 1028 ἐδέχετο
1353 959 1545 1011 τοῦτον
1575 960 1756 1021 εὐθύς.

182 1049 290 1098 Καὶ
326 1048 413 1099 ἶνα
450 1050 549 1100 τάν
596 1052 745 1117 μέσῳ
782 1052 1053 1118 συντέμω,
1091 1050 1210 1101 ὅλον
1240 1050 1487 1102 ἐνιαυτὸν
1517 1053 1631 1102 ἐκεῖ
1650 1052 1762 1121 διη-

179 1137 367 1189 νυκότι
418 1138 487 1189 τά
524 1139 571 1190 τ’
618 1140 751 1191 ἄλλα
791 1138 896 1211 [τεΙ
934 1140 1083 1208 αὑτῷ
1124 1141 1281 1193 πάντ’
1314 1142 1509 1210 ἐδρᾶτο
1557 1144 1622 1193 τά
1654 1159 1762 1193 πα-

177 1229 474 1296 τριάρχαις
527 1228 717 1297 ἐθιμα,
750 1232 843 1282 καὶ
875 1229 990 1297 ἅμα
1017 1232 1235 1298 γραφάς
1262 1232 1362 1283 οὐκ
1396 1231 1590 1300 ἠμέλει
1621 1233 1763 1299 πέμ-

178 1336 296 1369 πων
333 1320 675 1382 Βυζαντίοις,
712 1322 835 1374 ὅσαι
883 1321 980 1390 τὴ]
1015 1324 1093 1382 είς
1142 1321 1308 1374 αὑτὸν
1357 1322 1761 1391 ἐξετραγῴδουν

177 1410 428 1472 ἀδικίαν,
478 1415 571 1464 καὶ
624 1414 811 1482 μοιχὸν
863 1414 961 1482 μὲν
994 1414 1247 1483 προφανῆ
1287 1412 1472 1465 καλῶν
1509 1415 1760 1467 Φιλόθεον

176 1503 265 1553 τον
298 1504 597 1567 Κόκκινον,
632 1506 895 1574 προδότας
925 1506 981 1559 δὲ
1006 1507 1105 1573 τῆς
1133 1507 1240 1558 τῶν
1263 1506 1511 1559 κανόνων
1545 1510 1638 1558 καὶ
1674 1509 1759 1560 νό-

179 1612 297 1659 μων
340 1595 596 1657 ἐξουσίας
636 1600 761 1658 τοὺς
796 1598 1133 1660 ἐπισκόπους
1164 1600 1260 1650 καὶ
1294 1598 1429 1650 Θεοῦ
1484 1616 1760 1668 καταφρο-

176 1688 365 1749 νητάς,
414 1688 495 1739 ὅτι
529 1690 646 1748 ταῖς
680 1688 988 1756 βασιλικαῖς
1030 1689 1348 1754 ὑπείξαντες
1384 1692 1475 1742 καὶ
1502 1676 1775 1760 ἡττηθέν-λ

178 1793 264 1837 τες
297 1778 513 1839 ἀδίκοις
540 1780 771 1848 δωρεαῖς
821 1783 1083 1849 συνέχεάν
1114 1783 1183 1834 τά
1213 1799 1271 1834 τε
1298 1784 1396 1853 τῆς
1432 1782 1760 1851 Ἐκκλησίας

1873 588 1964 641 bat
2007 590 2176 655 patria
2210 589 2318 642 sibi
2382 591 2503 657 jura
2542 589 2948 654 vindicans;et
3001 592 3107 645 nisi
3163 592 3460 647 clandesti-

1871 692 1940 730 na
2006 678 2125 746 fuga
2183 679 2414 731 salutem
2482 680 2802 747 praebuisset
2856 681 2981 739 sibi.
3016 682 3303 735 celerrime
3367 682 3468 736 illc-

1874 770 2119 823 inclusus
2158 780 2306 824 esset
2359 772 2411 823 in
2444 773 2718 835 tenebras,
2750 780 2801 824 et
2834 774 3027 825 mortis
3051 775 3300 826 violenta:
3326 788 3453 841 pro-

1876 862 2117 929 pinquus
2142 862 2295 915 locus
2322 864 2499 929 ipsum
2536 866 2713 916 statim
2748 865 3074 932 excepisset.
3096 867 3270 932 Atque
3295 874 3352 916 ut
3381 866 3450 915 ah

1875 952 1994 1019 ipso
2027 954 2118 1021 qui
2178 954 2232 1005 in
2289 954 2599 1006 meditullio
2650 957 2872 1007 ronciso
2924 955 3196 1023 integrum
3243 972 3445 1007 annum

1869 1043 1943 1096 ibi
2002 1055 2359 1113 transegerat.
2392 1062 2514 1099 cum
2582 1048 2788 1115 reliqua
2833 1051 3013 1099 (illlllla
3060 1048 3452 1113 perﬁcerentur

1867 1135 2194 1202 patriam-his
2223 1136 2442 1199 usitata,
2463 1148 2516 1189 et
2547 1139 2705 1190 simul
2733 1140 3020 1190 accusandi
3048 1139 3312 1191 formulas
3340 1154 3449 1191 non

1869 1226 2167 1295 negligeret
2186 1228 2401 1280 mittere
2442 1228 2604 1296 258
2622 1230 2933 1299 Byzantinis
2950 1239 3221 1298 quotquot
3245 1231 3450 1283 illatam

1868 1314 1972 1366 sibi
2022 1304 2415 1384 exaggerareut
2474 1318 2752 1382 injuriatn,
2782 1330 2838 1373 et
2873 1321 3149 1373 nitechum
3202 1331 3450 1388 apertum

1867 1404 2057 1457 dicens
2095 1406 2441 1460 Philotheum
2475 1407 2772 1461 Coccinum
2805 1420 2861 1463 et
2926 1410 3240 1479 proditores
3300 1420 3454 1479 pote-

1873 1498 2029 1548 statis
2057 1498 2367 1565 regularmn
2401 1510 2455 1551 et
2489 1500 2667 1565 legum
2700 1500 2987 1568 episcopos
3005 1516 3054 1553 et
3086 1502 3176 1554 Dei
3207 1514 3451 1554 eontem-

1868 1596 2075 1655 ptores,
2096 1588 2240 1655 quod
2271 1588 2621 1655 imperatoris
2643 1592 2784 1659 capti
2809 1602 2863 1645 et
2893 1593 3019 1646 victi
3047 1592 3262 1661 iujustis
3291 1592 3450 1645 donis

1866 1678 2159 1731 miscerent
2184 1688 2238 1731 et
2264 1679 2521 1733 Ecclesia:
2546 1697 2629 1735 res
2656 1691 2709 1735 et
2733 1684 2956 1751 legitimi
2986 1693 3243 1751 praeterea
3272 1683 3445 1753 regni.

1866 1767 1933 1820 Et
1965 1768 2189 1837 insuper
2245 1773 2619 1825 exsecratione
2669 1774 2935 1826 subvertit
2987 1789 3082 1827 eos
3134 1784 3195 1825 et
3229 1789 3449 1827 excom-

177 1868 485 1935 πράγματα
516 1871 607 1921 καὶ
621 1841 768 1938 ’πρός
792 1888 853 1938 γε
880 1841 1036 1940 ulla
1076 1875 1174 1942 τῆς
1203 1841 1429 1941 ἐννόμου
1455 1841 1759 1942 βασιλίείαςξ
1794 1841 1836 1894 Β

1794 1841 1836 1894 Β
1868 1859 2245 1915 ιηυιιίοοιὶυιιο
2274 1863 2488 1929 divina;
2518 1879 2638 1932 qua
2667 1865 2887 1932 quidem
2934 1866 3191 1919 continua
3238 1878 3292 1919 et
3315 1866 3450 1919 telo-

178 1961 286 2013 Καὶ
326 1962 427 2014 ἐπὶ
459 1962 671 2025 τούτοις
707 1964 1011 2031 ἀναθέματί
1060 1982 1119 2017 τε
1168 1965 1366 2027 αὐτοὺς
1414 1964 1762 2018 καθυπέϐαλε

177 2053 270 2103 καὶ
300 2053 576 2122 χωρισμῷ
598 2053 755 2105 Θεοῦ.
792 2056 860 2108 Ἀ
893 2055 957 2123 δὴ
1000 2055 1169 2124 συχνὰ
1201 2056 1293 2108 καὶ⁸
1322 2055 1480 2126 δίκην
1504 2056 1674 2125 βελῶν
1701 2059 1764 2108 ἐκ

179 2140 421 2192 Τενέδου
467 2143 800 2209 πεμπόμενα
862 2142 1077 2210 βλέπων
1131 2143 1160 2195 ό
1196 2142 1296 2212 τῆς
1351 2144 1763 2213 πατριαρχικῆς

179 2232 439 2296 ἐξουσίας
477 2232 1024 2303 ἀρτιέπειλημμένος
1052 2234 1321 2297 Κόκκινος
1350 2236 1652 2304 ἠγανάκτει
1703 2253 1764 2288 τε

180 2323 273 2373 καὶ
303 2324 829 2393 άντιμηχανώμενος
880 2326 981 2378 οὐκ
1012 2327 1211 2395 ἡμέλει
1251 2327 1321 2380 τὰ
1352 2329 1467 2381 ίσα.
1503 2329 1763 2394 Συνάγων

177 2416 286 2485 γάρ
324 2416 455 2478 τοὺς
498 2417 913 2486 πλησιοχώρους
970 2419 1328 2483 ἐπισκόπους,
1363 2420 1459 2472 καὶ⁵
1504 2421 1617 2473 ὅσοι
1664 2421 1765 2472 Βυ-

179 2508 383 2575 ζαντίῳ
434 2508 860 2579 ἐνδιατρίϐοντες
928 2511 1119 2578 ἔτυχον
1149 2510 1599 2579 ὀπωσδηποτοῦν,
1656 2512 1763 2579 ψη·

182 2601 437 2669 φίσματα
468 2601 698 2664 ἐξετίθει
738 2618 797 2653 τε
855 2603 948 2654 κα)⁸
981 2601 1253 2669 διέπεμπε
1285 2602 1538 2671 πανταχῆ
1572 2602 1766 2655 ἀναθέ-

186 2690 319 2755 ματί
350 2706 413 2741 τε
466 2691 561 2742 καὶ
606 2690 901 2761 ἀφορισμῷ
935 2691 1385 2759 παραπέμποντα
1438 2690 1762 2745 Κάλλιστον.

184 2781 449 2848 Ἐπεμπε
482 2781 537 2833 δὲ
571 2782 805 2849 μάλιστα
859 2782 969 2843 τοῖς
1022 2782 1081 2834 ἐν
1116 2781 1268 2848 Ἀθῳ
1314 2780 1391 2850 τῷ
1442 2780 1557 2851 ὄρει
1598 2781 1763 2849 μονά-

179 2870 337 2933 ζουσι
362 2872 436 2923 τά
462 2871 684 2924 τοιαῦτα
705 2874 1057 2941 ψηφίσματα,
1087 2872 1486 2941 παραγγέλλων
1516 2873 1609 2924 ἐπὶ
1638 2872 1764 2924 τού-

179 2979 296 3024 τοις
330 2962 459 3031 μηδ’
489 2966 537 3015 εί
577 2963 868 3033 βουληθείη
923 2965 1054 3033 παρ’
1091 2967 1331 3028 ἐκείνους
1378 2967 1570 3034 φοιτᾷν
1619 2965 1766 3032 δέχε-

184 3053 313 3107 σθαι
345 3055 559 3121 τοῦτον,
592 3055 675 3108 ἆτ’
700 3057 788 3109 ἐπ’
816 3058 1127 3126 ἐγκλήμασι
1155 3059 1585 3119 Μασαλιανικοῖς
1614 3057 1762 3107 ἐννό-

1867 1969 1985 2007 rum
2029 1954 2270 2008 adiustar
2300 1970 2367 2008 ex
2389 1956 2616 2008 Tenedo
2650 1958 2811 2009 missa
2844 1958 3036 2009 videns
3068 1958 3446 2026 patriarchica:

1864 2051 2154 2120 potestatis
2204 2067 2381 2119 nuper
2432 2051 2717 2119 particeps
2763 2050 2942 2105 factus
2996 2052 3264 2107 Coeciuus
3304 2068 3447 2121 aegre

1866 2141 2076 2195 ferebat
2102 2156 2155 2195 et
2187 2155 2373 2196 contra
2419 2144 2751 2197 moliebatur
2779 2159 2955 2213 neque
2987 2144 3180 2199 eadem
3213 2145 3445 2215 rejicere

1865 2232 2197 2301 negligebat.
2233 2232 2565 2287 Convocatis
2599 2235 2748 2287 enim
2773 2235 3043 2309 proximis
3073 2236 3367 2304 episeOpis,
3387 2244 3447 2291 et

1868 2323 1933 2375 iis
1961 2325 2053 2388 qui
2090 2332 2203 2376 tum
2237 2322 2374 2377 forte
2405 2324 2905 2393 quomodocunque
2955 2327 3200 2396 Byzantii
3255 2342 3443 2381 versa-

1866 2412 2089 2475 bantur,
2120 2414 2337 2466 decreta
2362 2415 2646 2482 proposuit
2682 2424 2736 2468 et
2763 2415 2910 2469 misit
2945 2418 2998 2470 in
3027 2430 3219 2469 omnes
3262 2426 3449 2486 partes

1866 2504 2245 2559 exsecratione
2309 2515 2363 2559 et
2421 2507 2774 2560 damnatione
2823 2507 3095 2560 munitum
3136 2508 3441 2562 Callistum.

1866 2599 2011 2653 Misit
2053 2610 2236 2653 autem
2282 2600 2517 2654 maxime
2577 2603 2627 2652 in
2671 2600 2814 2653 Atho
2866 2611 3049 2653 monte
3098 2600 3448 2655 versantibus

1865 2690 2151 2744 monachis
2181 2690 2305 2744 talia
2346 2690 2587 2755 decreta,
2620 2690 2897 2759 imperans
2943 2702 3225 2757 pra-terea,
3279 2706 3370 2758 ne,
3400 2690 3446 2747 si

1864 2783 2029 2835 vellet
2061 2782 2130 2834 ad
2188 2782 2312 2835 illos
2370 2782 2584 2845 venire,
2614 2797 2741 2835 eum
2786 2782 3097 2852 reciperent
3126 2783 3197 2836 ob
3226 2782 3445 2837 decreta

1867 2874 2243 2927 massalianica
2294 2874 2587 2941 expulsum
2656 2873 2921 2942 legitime,
2978 2888 3080 2926 nec
3110 2890 3169 2928 se
3224 2874 3448 2944 judiciis

1865 2967 2150 3020 sistentem
2176 2982 2353 3034 neque
2406 2976 2686 3019 verentem
2748 2966 3038 3035 imperiose
3082 2966 3340 3021 mandare
3391 2980 3447 3021 et

1864 3072 2154 3110 exsecrare
2184 3066 2242 3111 et
2276 3058 2794 3113 excommunicare:
2828 3072 3053 3112 necesse
3104 3060 3270 3127 igitur
3318 3075 3448 3129 pro-

180 3164 299 3212 μως
348 3146 747 3215 καθαιρεθέντα
794 3152 887 3201 καὶ
940 3152 1039 3202 οὔκ
1071 3150 1382 3219 ἐμμένοντα
1411 3152 1531 3211 τατς
1558 3149 1758 3213 δίκαις,
1786 3167 1830 3223 ο

1786 3167 1830 3223 ο
1865 3156 2048 3216 plcrea
2089 3156 2143 3200 et
2184 3147 2330 3214 quod
2358 3148 2467 3215 jam
2499 3148 2776 3217 synodicis
2798 3150 3269 3204 exsecrationibus
3296 3162 3443 3205 esset

178 3238 298 3289 ἀλλ’
325 3239 732 3308 ἀρχιερατικῶς
757 3240 1068 3293 ἐπιτάττειν
1094 3243 1187 3293 καὶ
1212 3240 1637 3307 ἀναθεματίζειν
1663 3239 1758 3291 καὶ

174 3330 466 3396 ἀφορίζειν
492 3330 973 3399 ἀναισχυντοῦντα.
1008 3329 1202 3400 Χρεὼν
1229 3328 1323 3383 οῦν
1353 3332 1438 3383 διὰ
1471 3331 1647 3382 ταῦτά
1672 3345 1753 3392 τε,

1865 3237 2074 3306 ejectus
2123 3246 2177 3290 et
2236 3237 2422 3290 divina
2478 3238 2857 3302 damnatione,
2906 3247 3162 3309 tanquam
3234 3249 3444 3310 pestem

1864 3342 1894 3380 a
1926 3341 2082 3381 sacro
2107 3335 2294 3381 monte
2322 3342 2447 3381 eum
2487 3343 2698 3383 arcere.

174 3423 272 3474 καὶ
304 3422 382 3485 ὡς
415 3422 517 3491 ήδη
568 3425 659 3475 καὶ
695 3424 995 3486 συνοδικοϊς
1040 3424 1509 3494 ἀναθεματισμοῐς
1538 3419 1979 3476 ὑποπεπτωκότα
2009 3421 2104 3472 καὶ
2159 3418 2239 3489 τῷ
2299 3421 2365 3473 ἐκ
2430 3419 2567 3473 Θεοῦ
2633 3421 2941 3503 χωρισμῷ,
2978 3417 3066 3477 οἷα
3126 3424 3307 3494 λύμην
3346 3424 3442 3477 τοῦ

173 3515 338 3583 ὄρους
372 3515 684 3567 ἀποσοϐεῖν.

246 3606 378 3661 κε’.
455 3609 605 3661 Ἐπεὶ
637 3609 693 3659 δὲ
722 3610 790 3661 τά
840 3612 1140 3680 πράγματα
1187 3612 1443 3681 καθάπερ
1481 3612 1754 3680 ὀστράκου

179 3701 585 3769 μεταπεσόντος
617 3702 743 3753 νέαν
794 3701 919 3770 ἔσχε
952 3703 1254 3774 μεταϐολὴν
1278 3744 1291 3765 ,
1326 3703 1389 3775 [ί.
1424 3703 1522 3757 129
1558 3700 1634 3773 υ.]
1668 3705 1758 3754 καὶ

175 3796 253 3864 τῷ
292 3796 395 3862 μὲν
429 3793 715 3862 Καλλίστῳ
774 3793 883 3846 τῶν
920 3796 1341 3866 πατριαρχικῶν
1366 3794 1519 3856 αὖθις
1551 3795 1758 3863 κρατῆ-

180 3900 268 3934 σαι
319 3882 639 3950 συμϐέϐηκε
681 3881 921 3949 θρόνων,
984 3884 1062 3951 τῷ
1101 3883 1157 3935 δὲ
1194 3885 1445 3952 Κοκκίνῳ
1496 3884 1755 3952 Φιλοθέῳ,

183 3974 315 4043 πρὶν
342 3973 653 4032 αίσθέσθαι,
682 3972 949 4041 λαμπρῶς
982 3974 1191 4026 ἐκεῖθεν
1214 3974 1549 4046 άπερρῖφθαι
1578 3975 1758 4043 πάσης

184 4063 487 4133 ἱερωσύνης
518 4064 743 4131 γυμνὸν,
771 4065 846 4127 ὡς
870 4066 1213 4135 εἰρήκειμεν,
1239 4066 1543 4133 γράμματα
1565 4063 1754 4133 ἐφοίτα

184 4157 329 4223 αὐτῷ
362 4156 502 4223 πρὸς
536 4156 644 4207 τῶν
677 4156 756 4224 τῷ
799 4156 918 4225 ὄρει
946 4155 1021 4226 τῷ
1063 4157 1266 4209 ¹Ἀθωνι
1322 4156 1757 4224 ἐνδιαιτωμένων

191 4246 502 4315 μοναδικῶν
561 4247 788 4315 ἀνδρῶν,
841 4248 1089 4315 Νίφωνος
1147 4247 1561 4316 κατηγοροῦντά
1612 4263 1757 4308 τινος

185 4339 290 4390 τῶν
351 4340 474 4389 ἐκεῖ
506 4339 759 4406 μοναχῶν
795 4339 988 4407 ἱερέως
1041 4339 1340 4407 τούπίκλην
1368 4339 1664 4407 Σκορπίου,
1699 4337 1756 4398 ὅς

183 4431 645 4499 προκατηγόρητο
672 4431 777 4497 πρὸ
806 4429 1039 4497 βραχέος
1073 4432 1165 4481 ἐπὶ
1218 4432 1283 4498 τῇ
1331 4430 1440 4481 τῶν
1474 4428 1759 4482 Μασαλια-

1932 3604 2097 3659 XXV.
2125 3605 2421 3674 Postquam
2468 3612 2650 3659 autem
2678 3621 2784 3669 res,
2815 3607 2970 3675 quasi
2999 3608 3196 3662 testula
3225 3608 3441 3663 inversa

1861 3712 2058 3752 novam
2080 3704 2303 3765 experta
2327 3705 2410 3749 est
2445 3696 2907 3762 immutationem,
2932 3697 3226 3752 etCallisto
3250 3718 3445 3755 rursus

1860 3789 2227 3858 patriarchica
2279 3789 2409 3841 sede
2456 3789 2618 3856 potiri
2678 3789 2927 3863 contigit,
2959 3788 3446 3861 Coccinumzss

1859 3893 2042 3933 autem
2078 3878 2428 3932 Philotheum
2464 3879 2785 3947 priusquam
2812 3880 3041 3935 sentiret
3064 3882 3353 3949 splendide
3377 3899 3444 3936 ac

1860 3985 1985 4024 cum
2019 3970 2190 4039 gloria
2232 3968 2359 4023 inde
2416 3970 2643 4037 ejicere,
2676 3972 2822 4023 omni
2889 3972 3201 4026 sacerdotio
3241 3974 3443 4043 spolia-

1864 4065 2088 4128 tun:,:ut
2114 4062 2372 4125 diximus,
2391 4060 2606 4113 litteras
2626 4060 2674 4113 ei
2699 4061 2883 4114 attulit
2906 4062 2975 4115 ab
3004 4063 3443 4118 inhabitantibus

1863 4152 2046 4207 Athon
2074 4160 2316 4204 montem
2364 4167 2584 4205 sacrum
2616 4151 2749 4205 viris
2801 4153 3087 4215 solitariis,
3119 4166 3444 4210 accusantes

1857 4244 2169 4312 Niphonem
2200 4246 2491 4312 quemdam
2533 4258 2599 4296 ex
2634 4243 2741 4297 illis
2772 4244 3059 4299 monachis
3092 4248 3441 4301 sacerdotem

1858 4336 2185 4405 Cognomine
2222 4334 2551 4402 Scorpium:
2597 4337 2689 4403 qui
2732 4346 2891 4389 antea
2926 4346 3217 4390 accusatus
3262 4337 3443 4392 fuerat

1862 4428 2026 4494 paulo
2087 4425 2244 4493 prius
2280 4436 2505 4493 propter
2538 4426 2989 4478 Massalianorum
3022 4437 3077 4477 ct
3132 4427 3441 4494 Bogomilo-

182 4522 283 4572 νῶν
319 4527 418 4571 καί
451 4520 761 4585 Βογομίλων
785 4522 1014 4587 αίρέσει,
1044 4519 1287 4581 σκιωδῶς
1321 4536 1434 4579 πως
1464 4520 1555 4571 καὶ
1576 4519 1754 4586 ἀμαρ-
1785 4519 1827 4573 D
1858 4535 1866 4571 ι

1752 4519 1977 4573 νῡτιιιιι
2028 4518 2258 4571 hwresin
2316 4518 2455 4570 clam
2519 4517 2650 4569 abiit
2704 4527 2758 4569 et
2804 4518 2922 4571 sine
2980 4518 3235 4573 testibus.
3299 4520 3436 4574 Huic

179 4612 356 4681 τύρως
402 4610 505 4661 ἔτι.
540 4610 727 4679 Τούτῳ
761 4611 943 4679 μέντοι
979 4611 1131 4679 φίλος
1164 4610 1240 4662 ὢν
1267 4611 1332 4661 ἐκ
1364 4608 1561 4661 πολλοῦ
1606 4607 1760 4661 Κάλ·

177 4700 361 4760 λιστος
416 4698 539 4749 οὐδὲ
570 4697 667 4749 νῦν
729 4700 1074 4767 πατριάρχης
1110 4697 1404 4765 γενόμενος
1459 4697 1559 4765 τῆς
1590 4694 1755 4748 αὑτοῦ

179 4791 364 4856 φιλίας
389 4790 684 4857 ἀπέσχετο,
723 4790 859 4844 ἀλλὰ
912 4792 1009 4859 μία
1041 4807 1125 4851 τις
1160 4785 1228 4859 ἦν
1261 4791 1319 4842 ἐν
1343 4791 1550 4856 ἀμφοῖν
1582 4787 1752 4856 ψυχή.

177 4886 265 4934 Διὸ
299 4884 402 4934 καὶ
440 4882 705 4950 ὠργίζετο
734 4883 845 4943 τοῖς
876 4882 1222 4950 κατηγόροις,
1252 4885 1347 4936 καὶ
1372 4882 1531 4949 ἀραῖς
1552 4879 1757 4948 ἐγγρά-

177 4990 296 5040 φοις
335 4972 435 5023 καὶ
486 4971 813 5039 ἁιρορισμοῖς
839 4969 1192 5023 καθυπέϐαλε
1223 4970 1314 5022 καὶ
1347 4970 1401 5021 εἴ
1426 4986 1510 5031 τις
1551 4970 1635 5037 εἴη
1664 4987 1755 5022 πι-

178 5064 415 5114 στεύων.
458 5061 576 5127 Ἐφ’
608 5057 685 5123 οἷς
714 5060 1147 5127 παρηξυνθὲντες
1179 5062 1401 5122 ἐκεῖνοι,
1433 5062 1526 5112 καὶ
1550 5060 1666 5129 ἅμα
1696 5063 1756 5113 τὸ

176 5154 387 5223 υάρῥος
416 5152 633 5217 ἔχοντες
661 5151 723 5201 ἐκ
754 5150 853 5217 τῆς
899 5149 1179 5219 ἀληθείας,
1224 5150 1658 5219 συνεληλύθεσαν
1691 5150 1755 5202 ἐκ

175 5244 555 5311 συνθήματος,
586 5241 670 5307 ἐφ’
699 5232 869 5308 οὗπερ
896 5239 1015 5301 ἔθος
1032 5235 1102 5309 ἦν
1133 5240 1408 5301 κάκείνοις
1435 5240 1523 5291 ἀεὶ
1548 5242 1757 5292 συνιόν-

175 5352 271 5396 τας
304 5332 587 5386 ποιεῖσθαι
622 5332 690 5383 τά
720 5332 889 5382 τοιαδὶ
928 5332 1035 5384 τῶν
1071 5334 1428 5401 σκεμμάτων.
1464 5333 1571 5383 Καὶ
1590 5332 1755 5400 τόμος

177 5426 459 5479 ἐκτίθεται
514 5427 634 5485 ταῖς
666 5424 922 5475 ἁπάντων
952 5423 1174 5477 ἐκείνων
1216 5426 1544 5494 μαρτυρίαις
1576 5442 1753 5477 συνει-

174 5516 483 5585 λημμένος,
509 5514 579 5566 τά
612 5530 671 5566 τε
696 5513 834 5566 ἀλλα
868 5515 1044 5582 δηλῶν
1074 5519 1166 5570 καὶ
1196 5518 1275 5569 ὅτι
1302 5518 1362 5569 οὺ
1404 5518 1510 5570 τῶν
1535 5519 1642 5569 ἀπὸ
1665 5518 1755 5569 τύ-

176 5620 273 5671 χης
313 5601 411 5655 καὶ
441 5602 551 5653 τῶν
579 5600 638 5665 ἐξ
668 5602 979 5669 αὐτομάτου
1009 5603 1349 5671 συμπίπτειν
1372 5603 1674 5658 δοκούντων
1694 5605 1753 5656 ἓν

177 5710 225 5743 τι
280 5693 381 5745 καὶ
411 5692 475 5744 τὸ
506 5689 600 5744 νῦν
634 5695 1024 5761 πεπραγμένον
1056 5695 1323 5765 ὑπῆρχεν,
1360 5696 1445 5748 ἵνα
1498 5699 1588 5747 καὶ
1622 5699 1749 5765 σιγῇ

178 5782 430 5845 δεδωκώς
459 5799 548 5845 τις
578 5782 844 5853 ἀθόρυϐον
880 5789 981 5855 σχῇ
1008 5788 1246 5849 συνειδὸς
1279 5792 1367 5841 καὶ
1404 5790 1627 5858 μηδάμῆ
1654 5792 1751 5857 τὴν

1859 4608 2077 4675 quidem
2107 4607 2319 4659 amicus
2355 4621 2524 4659 verus
2553 4615 2670 4658 erat
2699 4608 2872 4659 multo
2897 4623 2962 4659 ex
2999 4616 3241 4676 tempore
3262 4610 3433 4662 Calli-

1859 4708 1995 4758 stus,
2037 4712 2213 4763 neque
2247 4712 2394 4749 nunc
2455 4697 2767 4765 patriarcha
2822 4698 2996 4751 factus
3041 4702 3159 4768 ejus
3193 4702 3434 4755 amicitia

1859 4786 2157 4849 abstinuit;
2191 4786 2284 4839 sed
2347 4802 2453 4839 una
2519 4788 2631 4839 fere
2665 4796 2784 4839 erat
2840 4790 2891 4839 in
2937 4798 3167 4856 utroque
3227 4792 3429 4845 anima.

1859 4878 2227 4941 Qumuohrem
2280 4879 2447 4929 etiam
2519 4877 2858 4931 irascebatur
2910 4880 3325 4935 accusatoribus
3377 4890 3434 4935 et

1858 4970 1992 5023 diris
2012 4970 2565 5037 improcandisatque
2594 4970 3145 5026 condemnationibus
3176 4974 3431 5043 subjecit,

1857 5072 1911 5114 et
1938 5061 1980 5112 si
2005 5060 2128 5129 quis
2169 5059 2329 5112 tidem
2357 5061 2584 5113 haberet
2632 5060 2719 5123 iis,
2746 5062 2813 5115 de
2845 5062 3049 5130 quibus
3082 5066 3223 5117 inter
3258 5064 3438 5117 irrita-

1860 5160 1943 5203 tos
1980 5149 2101 5202 illos
2145 5158 2200 5201 et
2242 5150 2407 5203 simul
2463 5165 2528 5202 ex
2596 5152 2824 5205 veritate
2877 5153 3117 5205 auimmn
3171 5154 3439 5208 habentes

1858 5243 2112 5293 convenit
2138 5255 2203 5294 ex
2259 5244 2586 5308 composito.
2614 5242 2734 5306 Quo
2796 5252 3039 5310 tempore
3098 5243 3264 5295 etiam
3322 5258 3441 5298 mos

1857 5344 1976 5387 erat
2003 5334 2128 5397 illis,
2162 5349 2378 5402 semper
2417 5335 2817 5388 convenientes
2847 5335 3023 5388 lacere
3073 5336 3205 5388 tales
3230 5335 3442 5403 disqui-

1857 5426 2107 5489 sitiones,
2140 5434 2192 5479 et
2251 5436 2433 5480 tonius
2485 5427 2779 5495 exponitur
2827 5428 2893 5481 de
2948 5428 3191 5479 omnium
3221 5429 3438 5481 illorum

1858 5518 2188 5571 testimoniis
2210 5529 2534 5587 conceptus,
2568 5520 2619 5572 in
2654 5521 2871 5574 caeteris
2927 5520 3093 5574 etiam
3155 5520 3439 5588 aperiens,

1857 5624 1963 5661 nou
1993 5624 2056 5661 ex
2086 5608 2152 5660 iis
2176 5624 2297 5676 quin
2325 5608 2557 5663 fortuito
2585 5620 2641 5664 et
2682 5620 2876 5679 sponte
2907 5611 3157 5664 accidere
3185 5609 3439 5665 videntur

1858 5713 2025 5750 unum
2053 5697 2311 5766 quiddam
2336 5712 2483 5750 nunc
2508 5714 2726 5766 quoque
2762 5713 2883 5751 es>e
2908 5697 3148 5759 factum;
3190 5696 3438 5748 utetiam

1857 5788 2079 5842 silentio
2119 5787 2347 5855 largitus
2397 5788 2598 5856 aliquis
2656 5788 2950 5857 tranquilla
3002 5798 3250 5841 ltlt‘t't‘tur
3303 5802 3440 5838 (νη-ν
