4264 6362
817 440 917 502 $27

817 559 1074 606 smentta,

819 651 933 692 tum
974 651 1097 688 esse
1127 634 1395 683 volentem
1420 629 1727 685 excitante;
1764 620 1859 673 sed
1920 619 2064 671 Deus
2092 615 2376 668 confestim

821 733 1030 786 occulta
1064 736 1248 794 aperta
1290 722 1487 781 reddit,
1520 719 1953 786 quotiescunque
2003 710 2119 762 vult
2181 705 2380 760 intelli-

823 823 1001 889 gentia
1035 816 1312 883 impertire
1343 829 1456 874 eos,
1493 811 1692 877 quibus
1729 817 1788 858 ut
1810 820 1915 857 non
1949 809 2168 855 teneant
2197 808 2387 848 sanam

828 884 1304 976 beicognitionem
1342 902 1559 959 accidit,
1605 909 1662 950 ιιι
1707 898 1964 950 nimirum
1989 890 2152 957 260
2175 896 2229 938 ct
2261 884 2394 935 mis-

824 1018 918 1055 sus
939 1002 1027 1052 ille.
1056 1000 1214 1067 paulo
1245 1005 1368 1046 ante
1397 992 1464 1044 ab
1501 992 1567 1042 iis
1602 998 1792 1040 contra
1823 983 2074 1036 homines
2107 981 2157 1029 in
2204 985 2392 1026 monte

827 1097 929 1147 hoc
961 1091 1331 1158 deprehensos
1365 1087 1418 1136 in
1458 1081 1703 1150 ﬂagranti
1742 1074 2092 1129 .‘llassalianos
2128 1077 2183 1120 et
2223 1067 2396 1132 [logo-

832 1183 989 1233 Inilos
1025 1154 1207 1229 tomus
1237 1175 1363 1227 libri
1405 1174 1494 1226 fiat
1528 1162 1770 1237 inspectu
1796 1164 2011 1233 dignior
2037 1172 2092 1214 et
2121 1159 2188 1210 ab
2217 1154 2398 1208 omnl-

828 1273 930 1323 bus
969 1279 1332 1335 cognoscatur
1359 1266 1522 1328 hujus
1551 1261 1618 1313 ad
1667 1274 1791 1313 eum
1829 1251 2114 1324 pravitatis
2161 1245 2393 1316 gradum

829 1376 1130 1429 progressa!
1160 1358 1308 1409 radix
1335 1356 1624 1405 ha'reseos.
1739 1407 1748 1414 _

901 1451 1087 1504 XXVI.
1117 1445 1414 1499 Monachus
1434 1444 1580 1495 enim
1610 1439 1830 1508 quidam
1862 1452 1927 1488 ex
1955 1436 2020 1486 iis
2044 1431 2134 1500 qui
2165 1425 2394 1492 Scorpio

836 1544 962 1594 huic
997 1549 1212 1607 parent,
1237 1536 1559 1605 cognomine
1587 1531 1900 1589 Bardarius,
1929 1525 2121 1577 mortis
2146 1518 2394 1589 proximo

832 1633 1114 1700 subjectus
1154 1631 1263 1698 jam
1330 1625 1545 1684 morbo,
1572 1620 1788 1690 jacebat
1822 1614 2083 1670 membris
2121 1610 2310 1663 fractis
2341 1616 2398 1660 et

837 1722 1066 1775 summis
1118 1717 1368 1786 corporis
1407 1709 1702 1767 doloribus
1751 1715 2013 1769 vexatus;
2049 1701 2246 1756 deinde
2301 1715 2398 1767 per

834 1814 1078 1879 integros
1113 1809 1303 1878 viginti
1331 1807 1451 1877 dies
1477 1807 1601 1859 cibo
1640 1811 1882 1881 potuque
1916 1795 2246 1854 abstinebat,
2279 1790 2396 1843 sine

834 1918 968 1955 voce
1008 1901 1247 1968 iacebat,
1272 1899 1522 1951 ultimum
1557 1895 1781 1947 trahens
1815 1891 2102 1958 spiritum;
2136 1899 2237 1938 nec
2280 1896 2399 1934 mo-

833 1997 1076 2049 riebatur
1116 2006 1329 2055 tamen;
1377 1989 1471 2043 sed
1511 2002 1712 2056 corpus
1759 1995 1970 2038 tumore
2003 1977 2248 2032 inﬂatum
2285 1983 2402 2028 erat

834 2099 892 2140 et
928 2083 1202 2138 teterrima
1253 2080 1475 2149 jamjam
1519 2092 1581 2130 os
1629 2072 2050 2128 suffundebatur
2091 2063 2400 2132 nigredine.

842 2176 1082 2228 Tandem
1125 2173 1204 2225 rei
1257 2169 1523 2223 miraculo
1551 2166 1771 2219 attoniti
1821 2161 2081 2232 praesides
2117 2159 2263 2211 illius
2303 2155 2403 2208 do-

839 2268 1025 2321 micilii
1069 2264 1562 2335 quaerebantmum
1609 2257 1741 2326 quid
1783 2269 2009 2310 suorum
2058 2259 2405 2320 peccatorum

838 2375 946 2412 non
980 2356 1260 2411 confessus
1295 2357 1348 2407 in
1382 2353 1575 2406 intimo
1622 2349 1901 2404 conditum
1937 2346 2163 2398 haberet
2223 2351 2408 2410 pecto-

841 2468 919 2512 re,
957 2450 1191 2518 ideoque
1221 2448 1344 2515 ejus
1375 2460 1562 2498 curam
1591 2456 1790 2511 gerens
1817 2440 1960 2492 Deus
1993 2453 2100 2489 non
2131 2441 2409 2503 pateretur

839 2555 964 2592 eum
1020 2550 1303 2591 mortuum
1355 2545 1563 2588 aeterno
1618 2532 1757 2583 tradi
1811 2529 1942 2597 igni.
1974 2525 2072 2578 llic
2117 2533 2406 2592 postquam

841 2630 1136 2690 intellexit,
1170 2627 1402 2683 sublatis
1464 2623 1747 2694 paululum
1803 2619 1999 2681 oculis,
2057 2615 2412 2668 vehementer

839 2717 1086 2787 ejnlavit,
1121 2725 1178 2769 et
1201 2715 1288 2768 vix
1319 2728 1543 2766 movens
1575 2712 1814 2779 linguam
1842 2710 1955 2761 haec
1990 2707 2161 2759 dixit:
2197 2722 2214 2752 ι
2246 2701 2409 2756 Scitis

841 2816 968 2860 ante
1023 2806 1124 2859 hos
1174 2804 1465 2857 duodecim
1509 2816 1684 2855 annos
1720 2799 1961 2853 habitam
2001 2797 2090 2849 hic
2141 2793 2410 2864 synodum

855 2898 1100 2951 virorum
1133 2897 1185 2948 in
1215 2896 1320 2949 hoc
1347 2903 1532 2948 monte
1562 2891 2036 2945 commorantium.
2067 2886 2206 2940 Tum
2242 2885 2410 2953 igitur

853 2990 906 3041 in
937 2987 1306 3055 suspicionem
1352 2995 1544 3037 vocato
1573 2984 1739 3036 etiam
1788 2980 2016 3046 Scorpio
2049 2979 2416 3043 interrogatus

847 3093 969 3145 ego,
1023 3093 1151 3129 num
1204 3076 1404 3130 scirem
1457 3089 1583 3127 eum
1643 3072 1851 3125 sociqu
1906 3069 2073 3122 fuisse
2130 3074 2416 3133 captorum

856 3173 996 3220 hunc
1045 3167 1490 3221 Massalianorum
1525 3175 1581 3218 et
1633 3160 2060 3230 Bogomilorum,
2102 3156 2293 3226 negavi
2330 3169 2417 3208 me

853 3261 994 3312 seire
1023 3258 1273 3325 quamvis
1295 3259 1628 3324 exploratam
1658 3269 1769 3306 rem
1799 3248 2421 3318 habens;261jusju-

855 3354 1084 3403 randum
1116 3349 1300 3402 addidi
1330 3363 1462 3400 mea:
1493 3343 1848 3399 declarationi
1872 3351 2232 3410 etscparatus
2254 3339 2421 3393 malui

850 3457 972 3494 esse
1007 3457 1035 3492 ει
1068 3440 1289 3493 Christo
1323 3446 1544 3506 propter
1569 3437 1718 3488 illius
1747 3433 2046 3487 amicitiam
2079 3431 2424 3486 miserrimus

856 3547 1032 3599 neque
1092 3545 1307 3598 pmnam
1359 3529 1558 3580 timens
1622 3526 1901 3588 divinam,
1952 3538 2130 3590 neque
2179 3523 2422 3576 virorum

859 3625 1206 3676 cordatorum
1243 3621 1654 3673 adhortationes
1679 3631 1934 3669 verens.»
1966 3614 2238 3681 Incipiens
2263 3613 2429 3682 igitur

856 3715 1137 3768 enarravit
1168 3712 1610 3766 Massalianorum
1645 3707 1809 3761 simul
1837 3707 1891 3759 in
1922 3705 2016 3758 illo
2040 3713 2186 3757 etetu
2215 3712 2428 3772 patrata

860 3801 1073 3872 impura
1123 3814 1180 3857 et
1236 3803 1556 3856 detestanda
1610 3800 1876 3860 facinora,
1929 3796 1997 3850 ad
2041 3812 2163 3863 qua:
2220 3796 2427 3863 integre

865 3895 1132 3947 narranda
1169 3910 1277 3947 non
1313 3893 1444 3945 satis
1488 3892 1618 3944 mihi
1663 3898 1955 3957 suppetere
1987 3886 2248 3954 temporis
2279 3885 2430 3938 vide-

865 3998 970 4042 tur.
1009 3987 1168 4038 aliam
1224 3987 1276 4037 in
1315 3993 1521 4051 partem
1558 3997 1640 4033 me
1677 3979 1975 4032 admodum
2022 3979 2271 4031 trahente
2303 3975 2430 4028 reli-

862 4089 1094 4141 quarum
1121 4089 1301 4125 rerum
1331 4071 1580 4124 historia.
1599 4069 1751 4122 Licet
1774 4068 1919 4120 enim
1945 4068 2126 4119 omnia
2154 4063 2428 4133 sigillatim

862 4165 1120 4232 colligere
1166 4172 1222 4216 et
1275 4172 1511 4215 mentem
1549 4170 1604 4212 et
1641 4158 1932 4211 consilium
1970 4166 2026 4217 et
2066 4156 2339 4208 actionem
2376 4165 2433 4208 et

865 4257 1172 4308 orationem
1204 4263 1259 4306 et
1289 4253 1411 4304 mali
1449 4253 1559 4303 vim
1587 4261 1641 4304 et
1674 4251 1767 4302 Dei
1800 4247 2272 4316 longanimitatem
2303 4256 2358 4299 et
2386 4246 2431 4298 si

866 4343 996 4410 quid
1040 4343 1166 4403 tale,
1194 4342 1238 4393 si
1275 4340 1398 4407 quis
1431 4339 1581 4392 adire
1613 4338 1745 4390 velit
1773 4351 1921 4396 eum,
1955 4335 2047 4403 qui
2083 4335 2234 4403 prius
2267 4334 2434 4386 inter-

869 4434 971 4485 fuit
995 4432 1258 4500 iuvenum
1299 4429 1745 4482 Massalianorutn
1781 4426 1996 4477 illorum
2030 4433 2085 4476 et
2128 4424 2434 4492 Bogomilo-

2008 407 2424 475 NICEPHORI
2465 405 2843 466 GREGORE

1116 555 1216 595 nec
1249 540 1358 592 ullo
1391 535 1551 589 modo
1576 534 1816 588 animum
1849 529 2089 583 dormire
2120 536 2173 578 et
2200 527 2385 576 descr—
2416 523 2465 577 Α
2495 517 2722 586 καρδίαν
2750 535 2800 566 κι

2375 550 2385 560 -
2416 523 2465 577 Α
2495 517 2722 586 καρδίαν
2750 513 3030 566 καθεύδειν
3075 513 3165 565 καὶ
3195 510 3424 578 ἠρεμεῖν
3462 503 3792 574 βουλομένην
3848 503 4059 568 ἀναμο-

2488 609 2700 678 χλεῦον,
2738 606 2874 658 ἀλλά
2922 603 3056 654 Θεοῦ
3091 601 3381 670 προφανῶς
3434 597 3526 647 τοῦ
3574 596 3639 646 τὰ
3679 591 3887 661 κρύφια
3919 591 4059 657 δῆλα

2488 699 2742 767 δρῶντος,
2771 697 2929 748 ὁπότε
2969 695 3208 762 βούλοιτο
3243 691 3456 743 σύνεσιν
3492 686 3757 738 ἐντιθέναι
3786 678 3865 744 οἷς
3893 684 4063 735 ἀσυν-

3945 391 4052 454 .‘2‘23

2493 793 2627 850 έτως
2658 790 2802 857 ἔχειν
2859 788 2994 853 πρὸς
3023 786 3120 852 τὴν
3151 785 3278 848 ὑγιᾶ
3303 780 3671 848 συμπέπτωκε
3703 773 4055 839 θεογνωσίαν,

2496 885 2580 935 ἵνα
2611 881 2808 948 δηλαδὴ
2838 881 2931 932 καὶ
2957 879 2983 928 ὁ
3036 876 3143 943 πρὸ
3179 874 3403 942 βραχέος
3425 871 3636 928 ’ἐκεῖνος
3671 864 3941 932 πεμφθεὶς
3967 862 4058 913 ὑπ’

2494 974 2672 1025 αὑτῶν
2708 973 2849 1023 κατὰ
2903 971 3008 1022 τῶν
3054 971 3112 1021 ἐν
3158 970 3233 1032 τε)
3263 967 3378 1032 ὄρει
3404 964 3575 1029 τούτῳ
3625 957 3941 1012 ἑαλωκότων
3975 956 4046 1003 ἐπ

2496 1064 2801 1131 αὐτοφώρῳ
2857 1059 3214 1113 Μασαλιανῶν
3248 1059 3340 1108 καὶ
3383 1053 3694 1120 Βογομίλων
3739 1050 3902 1115 τόμος
3935 1045 4062 1095 θεασ

2495 1157 2831 1225 τρικώτερος
2855 1155 3099 1222 γένηται,
3155 1154 3245 1202 καὶ
3277 1151 3410 1200 πᾶσι
3439 1133 3654 1210 γνωσθῇ
3679 1145 3777 1208 τῆς
3805 1139 3888 1204 ἐφ’
3920 1135 4069 1188 οῦτω

2500 1249 2641 1314 μέγα
2667 1247 2867 1308 κακίας
2893 1239 3384 1311 ἀναρριπισθείσης
3413 1234 3676 1304 αἱρέσεως
3707 1232 3739 1300 ἡ
3777 1228 3924 1298 ῥίζα.

2569 1423 2715 1491 KG".
2747 1422 2996 1490 Μοναχδς
3054 1419 3160 1484 γάρ
3192 1434 3275 1477 τις
3309 1413 3416 1465 τῶν
3470 1411 3546 1477 τῷ
3594 1407 3849 1473 Σκορπίῳ
3894 1403 4074 1469 τούτῳ

2501 1516 2980 1586 ὑπηρετουμένων,
3009 1509 3308 1574 τοὺπίκλην
3341 1504 3655 1574 Βαρδάριος’
3684 1498 3914 1549 θανάτου
3962 1493 4077 1559 γες,

2498 1625 2615 1659 τονι
2647 1607 2875 1672 κάτοχος
2922 1602 3024 1668 ἢδη
3065 1599 3202 1663 νόσῳ
3255 1594 3567 1658 γενόμενος,
3632 1588 3806 1639 ἔκειτο
3846 1583 4075 1648 κάμνων

2500 1701 2596 1761 καὶ
2654 1695 2874 1764 μυρίαις
2906 1689 3163 1757 ἀλγηδόσι
3217 1685 3277 1736 τὸ
3309 1683 3466 1750 σῶμα
3518 1677 3872 1744 κεντούμενος
3904 1672 4074 1723 am.

2506 1761 2740 1843 Ἔπειτα
2769 1786 2852 1852 ἐφ’
2883 1784 3031 1842 ὅλαις
3070 1779 3304 1848 ἡμέραις
3338 1769 3702 1829 εῐκοσιάσιτός
3725 1785 3782 1819 τε
3813 1767 3903 1816 καὶ
3935 1761 4078 1814 ᾶποο

2426 1857 2475 1918 Β
2504 1901 2592 1941 τος
2653 1877 2934 1947 διαμείνας
2995 1872 3207 1940 ἄφωνος
3245 1869 3439 1928 ἐκειτο,
3480 1864 3655 1915 πνέων
3702 1856 3973 1925 ὁσημέραι
4011 1852 4082 1905 τά

2503 1973 2735 2025 λοίσθια.
2764 1971 2875 2021 Οὐκ
2898 1966 3124 2032 ἔθνησκε
3150 1964 3227 2023 δέ,
3261 1959 3397 2011 ἀλλά
3425 1957 3485 2009 τό
3510 1973 3568 2007 τε
3597 1955 3756 2020 σῶμα
3789 1948 4083 2014 ἐξώγκωτο

2507 2065 2600 2117 καὶ
2666 2061 2854 2130 μακρά
2912 2074 2996 2119 τις
3028 2054 3269 2122 ἐπεχὺθη
3317 2050 3396 2118 τῷ
3440 2045 3720 2116 προσώπῳ
3752 2041 4082 2110 μελάνωσις.

2519 2155 2646 2222 Ὀψὲ
2670 2129 2736 2206 ίδε
2765 2151 2842 2220 τῷ
2876 2149 2970 2202 τοῦ
3003 2148 3325 2217 πράγματος
3385 2137 3675 2208 παραδόξῳ
3709 2129 4084 2195 καταπλαγέν-

2507 2264 2596 2307 τες
2622 2240 2668 2296 ὁὶ
2696 2245 2795 2310 τῆς
2827 2242 2998 2309 μονῆς
3051 2241 3164 2289 ἐκεῖ
3217 2232 3638 2304 προεδρεύοντες
3693 2228 3888 2295 ἤροντο
3924 2224 4000 2290 μή
4031 2238 4085 2272 τι

2508 2338 2618 2388 τῶν
2657 2333 2804 2402 αὑτῷ
2831 2329 3334 2400 πλημμεληθέντων
3381 2321 3804 2389 ἁνεξαγόρευτον
3833 2317 3890 2366 ἐν
3918 2314 4090 2367 θαλά-

2514 2441 2635 2493 μοις
2670 2423 2903 2489 κρύπτει
2959 2420 3210 2488 καρδίας,
3275 2414 3486 2467 κᾶπειτ’
3535 2410 3701 2464 αὑτοῦ
3733 2407 4027 2475 κηδόμενος
4059 2405 4089 2454 δ

2510 2512 2640 2573 Θεὸς
2665 2510 2765 2562 οὑκ
2795 2510 2858 2578 ἐᾷ
2890 2507 2968 2577 τῷ
2989 2507 3192 2575 αἰωνίῳ
3226 2503 3453 2557 θανόντα
3484 2502 3705 2569 δοθῆναι
3742 2499 3895 2568 πυρί.
3930 2498 3996 2548 Ὃ
4029 2496 4090 2548 δὲ

2515 2604 2696 2665 συνεὶς
2737 2604 2830 2653 καὶ
2877 2599 3076 2669 μικρὸν
3127 2598 3322 2666 διάρας
3374 2598 3498 2655 τοὺς
3548 2591 3861 2660 ὀφθαλμοὺς
3902 2589 4090 2657 βύθιον

2513 2691 2777 2762 ἀνῴμωξε
2801 2732 2815 2755 ,
2851 2691 2948 2745 καὶ
2999 2689 3152 2758 μόλις
3188 2687 3420 2756 κινήσας
3451 2684 3549 2752 τὴν
3604 2681 3848 2750 γλῶτταν
3905 2678 4093 2731 τοιάδε

2516 2785 2579 2857 μ’.
2611 2785 2716 2838 150
2747 2782 2819 2854 r.]
2849 2783 3013 2855 φησίν
3037 2798 3050 2812 ·
3088 2799 3105 2830 ι
3146 2782 3288 2832 Ἱστε
3315 2778 3412 2845 τὴν
3456 2775 3563 2844 πρὸ
3591 2772 3914 2827 δυοκαίδεκα
3952 2769 4093 2822 ἐτῶν

2517 2877 2766 2928 ἐνταυθοῖ
2823 2874 3122 2943 γενομένην
3187 2871 3407 2924 σύνοδον
3465 2867 3575 2919 τῶν
3615 2868 3671 2919 ἐν
3711 2862 3788 2932 τῷ
3818 2863 3932 2931 ὄρει
3957 2861 4095 2928 τῷδε

2518 2968 2750 3037 ἀνδρῶν.
2786 2967 2916 3019 Τότε
2973 2965 3152 3017 τοίνυν
3186 2957 3613 3019 ὑποπτευθέντος
3653 2954 3858 3008 καὶτοῦ
3915 2953 4096 3020 Σκορ-

2520 3058 2667 3122 πίου,
2696 3055 2989 3126 ἐρωτηθεὶς
3017 3054 3128 3121 ἐγὼ
3158 3055 3205 3106 εἰ
3255 3051 3470 3104 σύνοιδα.
3501 3049 3649 3117 αὑτῷ
3676 3043 3919 3111 κοινωνῷ
3936 3059 4098 3106 γενο-

2529 3147 2672 3215 μένῳ
2704 3149 2815 3205 τοῖς
2846 3143 3151 3211 τηνικαῦτα
3173 3141 3360 3196 ἁλοῦσι
3412 3139 3777 3197 Μασαλιανοῖς
3802 3135 3895 3186 καὶ
3927 3134 4101 3198 Βογο-

2526 3239 2703 3305 μίλοις
2737 3236 3228 3301 ἐνταῦθα,ἐξαρνος
3257 3232 3520 3300 ἐγενόμην
3542 3229 3741 3296 καίπερ
3756 3225 3910 3286 εἰδὼς
3941 3227 4104 3293 ἀκρι-

2524 3330 2656 3392 ϐῶς.
2689 3330 2891 3398 Ὅρκον
2921 3346 2978 3379 τε
3003 3328 3248 3395 ἐπέθηκα
3284 3327 3350 3392 τῇ
3400 3319 3791 3391 ἀπαγορεύσει,
3826 3317 3919 3369 καὶ
3943 3317 4104 3383 ἀφω-

2527 3421 2781 3491 ρισμένος
2811 3420 3078 3489 ἐδεξάμην
3113 3415 3253 3470 εἶναι
3291 3416 3400 3469 ἀπὺ
3439 3411 3676 3482 Χριστοῦ
3706 3410 3794 3462 διὰ
3817 3408 3915 3477 τὴν
3957 3407 4105 3458 ἐκεί-

2526 3532 2617 3566 νου
2661 3501 2844 3581 φιλίαν
2873 3515 2900 3565 ὁ
2948 3512 3286 3580 τρισάθλιος,
3357 3508 3495 3577 μήτε
3553 3504 3885 3570 κολαστήρια
3913 3501 4101 3558 δείσας

2527 3607 2683 3670 Θεοῦ,
2721 3605 2846 3675 μήτ’
2878 3604 3086 3667 ἀνδρῶν
3121 3599 3507 3670 πνευματικῶν
3558 3594 3903 3664 παραινέσεις
3959 3591 4106 3642 αἰδε-

2530 3695 2692 3756 σθείς.
2733 3713 2751 3745 ι
2803 3693 3130 3763 Ἀρξάμενος
3163 3690 3257 3742 οὑν
3284 3687 3524 3756 διεξῆλθε
3563 3684 3662 3747 τὰς
3689 3681 3823 3751 ὁμοῦ
3850 3681 3926 3749 τῷ
3982 3680 4102 3730 θιαο

2531 3803 2608 3854 σῳ
2634 3788 2742 3837 τῶν
2773 3783 3141 3838 Μασαλιανῶν
3182 3779 3576 3848 πεπραγμένας
3609 3775 3867 3844 βεϐήλους
3906 3771 4105 3837 ἐκείνῳ

2532 3881 2625 3932 καὶ
2656 3877 2905 3946 μυσαρὰς
2931 3877 3212 3945 ἐργασίας,
3245 3874 3309 3936 ἃς
3338 3873 3487 3939 ὥραν
3516 3871 3658 3938 ἔχειν
3689 3866 3888 3936 ἤκιστά
3906 3882 4000 3933 μοι
4023 3865 4108 3913 δο-

2531 3975 2614 4023 κεῖ
2644 3970 2765 4021 καθ’
2799 3970 3007 4020 ἕκαστα
3037 3966 3213 4033 λέγειν
3243 3963 3445 4033 ἀρτίως
3502 3962 3622 4028 ἐμὲ,
3669 3959 3768 4027 τῆς
3793 3957 3898 4008 τῶν
3926 3955 4108 4009 ἄλλων

2533 4055 2898 4128 ἁνθελκούσης
2936 4075 3002 4125 με
3065 4055 3362 4124 βιαιότερον
3418 4052 3677 4120 ἱστορίας.
3746 4047 3962 4111 Ἔξεστι
3997 4048 4106 4112 γὰρ

2535 4153 2712 4203 πάντα
2737 4148 2859 4200 καθ’
2887 4149 3120 4199 ἕκαστον
3148 4143 3536 4208 ἀναλέξασθαι,
3585 4142 3676 4193 καὶ
3705 4140 3825 4190 νοῦν
3861 4140 3953 4190 καὶ
3982 4155 4106 4188 σκο-

2535 4243 2637 4294 πὸν
2674 4241 2765 4291 καὶ
2797 4239 2999 4308 πρᾶξιν
3043 4238 3138 4288 καὶ
3183 4237 3339 4301 λόγον
3394 4235 3487 4286 καὶ
3523 4236 3719 4292 κακίας
3746 4229 3978 4296 δύναμιν
4013 4228 4107 4278 καὶ

2535 4332 2671 4386 Θεοῦ
2713 4329 3102 4400 μακροθυμίαν
3126 4329 3220 4379 καὶ
3253 4327 3305 4378 εἴ
3325 4343 3376 4377 τι
3407 4325 3668 4384 τοιοῦτον,
3704 4323 3752 4374 εἴ
3786 4337 3872 4381 τις
3896 4319 4108 4370 ἐπιέναι

2540 4423 2781 4491 βούλοιτο
2814 4421 2902 4472 τόν
2932 4438 2989 4471 τε
3019 4419 3305 4488 γενόμενον
3333 4415 3594 4484 πρότερον
3625 4415 3714 4464 ἐπί
3739 4415 3802 4479 τῇ
3834 4411 3941 4462 τῶν
3975 4410 4109 4461 νέων

873 4539 992 4574 rum
1018 4521 1439 4590 deprehensioni
1472 4519 1761 4572 manifesto
1785 4519 1938 4586 signo
1962 4525 2346 4585 coargutorum
2380 4516 2434 4567 in
2469 4526 2512 4580 ι)
2541 4516 2557 4568 l

2426 4533 2434 4567 ι
2469 4526 2512 4580 ι)
2541 4512 2909 4568 Μασαλιανῶν
2929 4509 3151 4561 ἐκείνων
3190 4508 3283 4558 καὶ
3316 4506 3624 4573 Βογομίλων
3661 4504 3871 4570 εὑρέσει
3899 4519 4110 4569 προφα-

873 4613 1057 4664 ιῑίνίιιο
1091 4619 1295 4672 monte,
1332 4625 1566 4677 quorum
1601 4609 1689 4660 alii
1719 4608 1966 4676 castigati
1995 4617 2143 4670 sunt,
2178 4607 2268 4658 alii
2307 4606 2432 4658 inde

870 4704 1104 4771 expulsi,
1135 4712 1190 4754 et
1223 4702 1382 4753 simul
1435 4701 1736 4752 secundum
1766 4699 1912 4752 [nunc
1945 4699 2080 4750 vidit
2111 4698 2164 4749 in
2203 4713 2433 4762 coargu-

873 4798 1022 4848 tione
1057 4793 1288 4858 Scorpii,
1321 4801 1517 4861 ιιι-ποίοι-
1562 4805 1745 4842 rerum
1786 4787 2240 4841 consuetudinem
2271 4789 2436 4838 mira-

871 4887 993 4938 cula
1043 4894 1295 4953 patraute
1341 4884 1454 4934 Deo
1487 4881 1551 4932 ad
1593 4881 1750 4948 primi
1788 4880 1934 4931 illius
1970 4879 2208 4930 hominis
2238 4876 2436 4928 conﬁr-

874 4975 1193 5024 lliullnllelll.
1223 4970 1542 5038 Expositum
1589 4977 1672 5021 est
1705 4968 1850 5020 enim
1884 4969 1949 5019 de
1984 4976 2212 5033 utroque
2245 4967 2296 5018 in
2332 4965 2436 5018 ﬁne

875 5062 1159 5130 [)raaseutis
1209 5060 1368 5128 hujus
1416 5059 1562 5118 libri,
1613 5059 1910 5110 Romanam
1947 5057 2228 5108 historiam
2282 5070 2440 5106 enar-

878 5154 1069 5204 rantis.
1101 5151 1216 5203 Non
1249 5151 1394 5202 enim
1435 5150 1802 5217 judicavimus
1837 5163 1974 5213 Opus
2004 5162 2147 5205 esse,
2179 5146 2230 5197 in
2275 5146 2435 5197 aliam

881 5243 1000 5294 illos
1033 5241 1324 5293 transferre
1351 5241 1720 5291 narrationem
1755 5255 1769 5290 :
1806 5237 1898 5289 sed
1933 5253 2030 5304 par
2063 5244 2199 5299 erat,
2228 5251 2345 5287 esse
2382 5236 2436 5287 in

877 5333 1222 5384 orationibus
1244 5334 1407 5382 etiam
1444 5330 1559 5382 haec
1596 5330 1836 5381 membra
1865 5338 1920 5380 et
1957 5329 2160 5390 incisa;
2192 5338 2244 5378 et
2278 5336 2438 5378 natu-

883 5441 993 5475 ram
1044 5423 1438 5474 sententiarum
1493 5422 1912 5482 immutabilem,
1957 5429 2015 5471 ut
2051 5435 2107 5472 se
2143 5419 2436 5481 habebant,

881 5516 1007 5567 inde
1047 5516 1248 5581 egressi
1304 5512 1715 5580 descripsimus,
1765 5527 1830 5564 ne
1892 5513 2438 5577 interrumperemur,

882 5607 982 5657 nisi
1019 5606 1176 5672 262
1208 5604 1352 5671 quod
1400 5619 1565 5655 unum
1615 5611 1819 5654 tantum
1871 5602 2289 5668 significandum
2339 5600 2440 5652 fuit

882 5701 1003 5756 hoc,
1045 5698 1146 5748 sub
1188 5698 1416 5748 testibus
1455 5697 1560 5748 illis
1594 5695 1935 5747 confessione
1975 5695 2085 5746 haec
2128 5692 2286 5756 facta,
2318 5710 2441 5746 mox

880 5790 1159 5843 exhalasse
1210 5790 1443 5841 animant
1495 5789 1666 5848 illum,
1716 5797 1772 5839 ut
1819 5787 1977 5838 etiam
2030 5786 2347 5854 suffragium
2388 5788 2441 5838 in

2541 4608 2646 4667 νὼς
2675 4601 3034 4672 ἐλεγχθέντων
3066 4600 3154 4650 ἐπὶ
3189 4598 3284 4650 τοῦ
3340 4597 3482 4649 θείου
3518 4596 3677 4665 ὅρους
3734 4595 3828 4646 καὶ
3851 4595 3962 4645 τῶν
4016 4596 4109 4660 μὲν

2543 4691 2933 4756 κολασθέντων,
2959 4689 3066 4739 τῶν
3113 4685 3157 4737 δ’
3207 4685 3552 4751 ἐξωσθέντων
3588 4685 3813 4742 ἐκεῖθεν,
3857 4687 3952 4732 καὶ
3996 4684 4109 4749 ἅμα

2541 4787 2633 4836 τὸν
2664 4784 2910 4850 δεύτερον
2942 4780 3129 4832 τοῦτον
3160 4777 3224 4846 δὴ
3250 4781 3338 4827 τον
3364 4778 3455 4827 ἐπὶ
3478 4776 3552 4843 τῷ
3583 4775 3798 4842 ἐλεγμῴ
3822 4773 3916 4823 τοῦ
3943 4774 4112 4839 Σκορ-

2544 4876 2668 4926 πίου
2706 4872 3054 4942 παραδόξεως
3107 4869 3488 4936 ἐπισυμϐἀντα
3522 4866 4114 4934 θαυματουργήσαντος

2543 4965 2634 5018 τοῦ
2658 4964 2793 5017 Θεοῦ
2828 4964 2963 5032 προς
2988 4961 3085 5031 τὴν
3110 4958 3203 5011 τοῦ
3229 4959 3446 5027 πρώτου
3473 4957 3780 5025 βεϐαίωσιν.
3816 4957 4115 5008 Ἐκτέθειν-

2543 5070 2631 5108 ται
2660 5056 2767 5123 γὰρ
2796 5053 3090 5121 ἀμφότεροι
3118 5055 3174 5101 ἐν
3195 5050 3273 5118 τῷ
3312 5051 3448 5101 τέλει
3471 5050 3568 5116 τῆς
3607 5047 3885 5115 παρούσης
3914 5048 4115 5115 ἡμετέ-

2549 5171 2644 5221 ρας
2678 5151 2883 5219 βίϐλου,
2912 5151 2976 5218 κῆ
3028 5151 3126 5216 τὴν
3172 5147 3486 5215 Ῥωμαϊκὴν
3537 5147 3786 5209 διέξεισιν
3829 5146 4113 5212 ἱστορίαν”

2546 5245 2606 5294 οὑ
2632 5245 2738 5310 γὰρ
2766 5242 3061 5310 ἐκρίναμεν
3089 5239 3202 5291 δέον
3219 5241 3296 5299 εἰς
3328 5239 3519 5305 ἑτέραν
3546 5236 3782 5295 ἐκείνους
3818 5236 4120 5303 μεταποιῆ-

2551 5350 2638 5384 σαι
2676 5333 2894 5398 φρὰσιν,
2925 5329 3036 5381 ἀλλ’
3084 5325 3224 5380 εἶναι
3273 5329 3414 5380 κατὰ
3458 5328 3554 5386 τὰς
3588 5326 3760 5389 λέξεις
3805 5325 3901 5376 καὶ
3936 5327 4008 5376 τα
4062 5341 4115 5388 γε

2549 5425 2694 5475 κῶλα
2715 5427 2809 5475 καὶ
2836 5423 3097 5489 κόμματα
3130 5424 3221 5472 καὶ
3248 5421 3316 5471 τὰ
3367 5419 3473 5488 ἢθη
3503 5420 3608 5470 τῶν
3658 5419 3876 5470 ἐννοιῶν
3911 5418 4117 5484 ἀμετα-

2549 5518 2825 5585 ποιήτους,
2852 5516 2926 5575 ὠς
2951 5516 3103 5583 ἔσχον
3136 5513 3342 5566 ἐκεῖθεν
3373 5511 3707 5580 ἐληλυθότες,
3738 5510 3830 5562 τοῦ
3864 5512 4119 5578 ἀδιαόλήο

2547 5626 2642 5660 του
2678 5610 2859 5679 χάριν.
2897 5609 3040 5677 Πλὴν
3065 5607 3124 5659 ἓν
3157 5606 3314 5674 μόνον
3345 5604 3675 5672 σημειωτέον
3705 5603 3874 5664 τουτὶ,
3907 5603 3986 5664 ώς
4022 5606 4118 5653 ὑπὸ

2555 5700 2822 5768 μάρτυσιν
2848 5699 3074 5759 ἐκείνοις
3097 5697 3192 5762 τὴν
3224 5697 3575 5764 ἐξαγόρευσιν
3603 5694 3969 5761 ποιησάμενος
4001 5712 4118 5746 ταν·

2551 5793 2671 5860 την“ι
2698 5793 2811 5857 μετ’
2839 5790 3016 5857 ὀλίγον
3033 5788 3449 5855 ἐξέπκνευσεν,ώς
3471 5788 3561 5840 καὶ
3581 5786 3759 5855 ψῆφον
3779 5787 4118 5854 ἐξενηνὲληθαι
