4264 6362
177 391 276 451 1-29
315 394 320 398 δ

1198 354 1637 459 m'zﬁxxrtxa
1677 367 2057 430 HISTORIE
2099 365 2240 425 Lm.
2294 350 2523 429 xxxx.

3311 373 3420 437 230

174 505 312 562 τέως
338 498 419 564 οἷς
451 504 566 553 ἐκεῖ
613 500 994 567 συνετωτέροις
1056 495 1197 549 εἶναι
1247 496 1531 563 τετύχηκε,
1579 493 1653 562 μὴ
1676 489 1743 544 δι’
1773 497 1815 549 Α
1849 490 1858 541 Ι

1735 490 1743 508 ’
1773 497 1815 549 Α
1849 490 2025 541 lucem
2064 480 2176 540 tum
2208 476 2279 542 tu
2308 488 2374 539 iis
2401 495 2760 556 protractum,
2793 488 2993 557 quibus
3027 489 3419 559 intelligendo-

173 591 305 651 ἄλλο
342 606 395 643 τι
421 590 520 650 τὰς
556 588 736 657 βιαίας
764 588 894 653 γοῦν
941 584 1141 646 ταύτας
1176 586 1271 636 καὶ
1308 584 1619 635 τελευταίας
1651 598 1749 633 τα-

180 679 475 749 μηυθῆναι
522 680 829 747 τάνθρώπῳ
886 676 1053 737 πνοὰς
1101 677 1235 744 πρὸς
1285 674 1419 726 Θεοῦ
1447 674 1478 742 ἢ
1511 673 1598 725 διὰ
1649 672 1751 737 τὴν

176 768 289 822 τῶν
326 769 603 839 ῥηθέντων
628 750 999 835 ἐξαγόρευσιν.
1035 768 1222 834 Ὅμως
1254 765 1441 826 ἐπειδὴ
1462 765 1555 816 καὶ
1582 766 1607 815 ό
1630 762 1749 814 δεύ-

176 874 335 924 τερος
356 852 512 918 οὗτος
541 859 735 908 νεωστὶ
764 857 1047 925 γενόμενος
1072 856 1238 922 τόμος
1269 854 1542 933 ἐληλυθὼς
1574 856 1636 904 ἐκ
1658 853 1749 904 τοῦ

172 948 338 1015 δρους
370 948 451 1009 είς
500 950 737 1014 ἐπήκοον
789 946 1071 1015 Καλλίστῳ
1102 962 1159 996 τε
1198 944 1510 1012 ἀνεγνώσθη
1542 941 1619 1011 τῷ
1648 959 1746 1007 πα-

173 1040 419 1108 τριάρχῃ
463 1039 552 1089 καὶ
584 1030 692 1112 τοῖς
720 1038 856 1106 ἀμφ’
886 1037 1422 1112 αὑτὸνῦὲπισκόποις,
1474 1038 1552 1093 εἰς
1582 1034 1750 1103 ὀργὴν

178 1123 337 1187 αὖθις
368 1130 556 1195 ἥγειρε
587 1104 677 1180 τὸν
698 1116 1151 1211 πατριάράηνκαὶ
1182 1127 1461 1195 ἄπρακτος
1499 1126 1747 1193 ἀπεπέμ-

175 1217 309 1285 φθη.
336 1219 449 1269 τῶν
500 1220 637 1285 ἀμφ’
688 1220 851 1271 αὑτὸν
882 1220 1196 1271 ἐπισκόπων
1228 1218 1378 1274 οὐδὲν
1425 1218 1745 1287 εἰρηκότων,

172 1310 315 1361 ἀλλὰ
350 1309 414 1379 ιι,
446 1310 546 1363 150
578 1309 655 1380 υ.]
684 1312 885 1378 κωφοῖς
938 1312 1195 1363 ἐοικότων
1222 1311 1254 1378 ἢ
1288 1294 1455 1371 λίθοις
1486 1310 1747 1379 ἀναισθή-

170 1418 312 1463 τοις,
350 1402 523 1452 εἰπεῖν
568 1402 893 1470 οίκειότερον
914 1418 929 1433 ο
963 1402 1107 1455 οὑτω
1164 1387 1608 1470 βοσκηματὼδεις
1642 1403 1748 1454 sict

172 1492 267 1540 καὶ
302 1491 495 1541 παισὶν
533 1491 793 1560 ἀθύρουσι
824 1492 947 1544 λίαν
970 1492 1252 1562 ἐπίχαρτοι.
1280 1492 1666 1560 προσηκόντως
1696 1494 1747 1544 οί

174 1578 269 1629 νῦν
311 1580 425 1632 τῶν
459 1582 616 1649 ίερῶν
657 1581 955 1650 καθήμενοι
1008 1583 1290 1653 δογμάτων
1330 1582 1537 1650 κριταί.
1584 1581 1746 1633 Ἀλλὰ

171 1671 384 1722 τούτων
433 1670 532 1738 μὲν
578 1671 698 1734 ἅλις
754 1674 1031 1741 εἰρήσεται
1057 1673 1140 1726 σδὲ
1177 1674 1318 1725 κατὰ
1357 1674 1539 1743 χώραν
1573 1674 1745 1726 ἰοῦσιν

172 1760 272 1811 εσα
303 1762 711 1832 ἐπηκολούθησε
759 1765 931 1833 σφίσι.
978 1764 1093 1818 Νῦν
1125 1766 1169 1818 δ’
1202 1769 1376 1820 ἐκεῖνο
1403 1766 1747 1834 ἐπαναλήψο-

177 1868 303 1917 μαι.

243 2022 376 2078 KZ'.
422 2027 671 2094 Ἀφίκετό
702 2047 787 2087 τις
839 2030 903 2083 ἐκ
953 2031 1201 2083 Λατίνων
1245 2030 1545 2094 ἐπίσκοπος
1590 2034 1744 2102 παρὰ

175 2118 428 2185 βασιλέα,
475 2120 725 2191 Ἰωάννην
788 2124 933 2192 φημὶ
976 2125 1069 2176 τὸν
1127 2124 1510 2191 Παλαιολόγον,
1563 2124 1744 2191 φιλίας

173 2211 338 2262 ἕνεκα
365 2214 847 2283 προϋπαρχούσης,
888 2216 1078 2281 σοφίας
1129 2215 1390 2285 ἔμπειρος
1424 2216 1595 2282 ὁπόση
1653 2218 1745 2266 καὶ

170 2302 260 2353 οἷα
280 2302 381 2371 τὴν
409 2303 514 2353 τῶν
557 2306 807 2358 Λατίνων
837 2308 1133 2361 οἰκειοῦται
1171 2310 1367 2378 σχολὴν
1397 2311 1456 2360 ἐν
1479 2309 1740 2376 δογματιο

176 2395 300 2453 καῖὶ
322 2394 437 2444 τῶν
468 2395 625 2447 θείων
661 2400 1006 2467 γραμμάτων
1058 2398 1382 2468 διατριϐαῖς.
1423 2398 1668 2466 Ἔςιςασκε
1697 2398 1741 2450 δ’

177 2489 234 2536 ἐν
266 2488 388 2549 ταῖς
421 2490 543 2539 καθ’
564 2489 775 2557 ἡμέραν
823 2490 1061 2559 ὁμιλίαις
1091 2491 1169 2559 τῷ
1196 2509 1255 2543 τε
1298 2490 1504 2558 βασιλεῖ
1545 2491 1637 2541 καὶ
1662 2486 1745 2551 οἷς

176 2575 507 2644 ἐνετύγχανε
540 2577 863 2645 σοφωτέροις
896 2576 1002 2646 ἰδίᾳ
1035 2581 1127 2629 καὶ
1147 2578 1407 2645 δημοσία,
1427 2575 1594 2627 πολύν
1622 2592 1741 2627 τινα

172 2667 421 2733 γίνεσθαι
474 2668 631 2734 λόγον
679 2670 829 2738 παρὰ
875 2670 1126 2726 Λατίνοις
1172 2669 1300 2736 περὶ
1344 2667 1444 2735 τῆς
1472 2665 1743 2735 βασιλίδος

172 2748 524 2826 ταύτηξτῶν
551 2759 756 2812 πόλεων
776 2759 872 2812 καὶ
907 2761 1021 2813 ὅσοι
1044 2761 1151 2812 τῶν
1174 2757 1470 2827 οἰκητόρων
1501 2755 1744 2816 παιδείας

172 2846 604 2909 ἀντιποιοῦνται,
636 2847 704 2899 τά
730 2862 787 2897 τε
823 2846 959 2900 ἄλλα
996 2846 1091 2897 καὶ
1115 2846 1259 2905 ὅπως
1304 2843 1509 2897 ἄνωθεν
1534 2844 1619 2894 ἀεὶ
1645 2843 1743 2910 ῥα-

171 2936 298 2998 δίως
334 2936 711 3000 ἐξαπατᾶσθαι
745 2937 1007 2991 εἰώθεσαν
1059 2938 1154 2989 καὶ
1184 2935 1362 2990 ἄλλοτ’
1389 2935 1577 2993 ἄλλαις
1598 2931 1745 3002 αἱρέ-

173 3044 288 3079 σεσι
351 3032 449 3080 καὶ
496 3029 783 3095 δογμάτων
831 3033 1204 3093 καινοτομίαις
1267 3023 1743 3093 ἐκκλησιαστικῶν

1857 578 2007 631 ribus
2037 593 2157 631 esse
2188 578 2434 644 contigit,
2462 592 2531 629 ne
2562 587 2783 645 propter
2809 577 2957 631 aliud
2988 579 3120 648 quid
3152 581 3418 636 violentos

1856 668 1953 723 hos
1982 680 2037 722 et
2066 667 2292 721 ultimos
2324 669 2503 735 parari
2554 668 2760 720 homini
2804 671 3029 737 Spiritus
3064 673 3355 727 credamus
3387 689 3418 726 ιι

1856 760 1985 822 Deo,
2035 775 2197 828 quam
2239 769 2390 812 utea
2448 775 2567 826 quae
2616 760 2757 814 dicta
2812 771 2959 822 sunt,
3013 765 3415 828 pronuntiaret.

1854 855 2103 903 Attamen
2156 861 2441 919 postquam
2476 840 2641 903 etiam
2677 853 2956 905 secundus
2992 854 3077 906 hic
3109 871 3285 922 nuper
3317 854 3417 907 ad:-

1854 943 2004 996 venit
2038 952 2220 1004 tomus
2247 958 2311 995 ex
2346 951 2554 1004 monte,
2586 955 2640 997 et
2668 944 2811 997 unde
2843 944 3019 997 mntiri
3056 956 3260 1011 posset,
3290 945 3420 999 Cal-

1851 1035 1979 1087 listo
2016 1034 2276 1087 rccitatus
2315 1046 2398 1088 est
2429 1034 2750 1102 patriarcha:
2779 1045 2836 1088 et
2870 1036 2934 1088 iis
2973 1038 3065 1102 qui
3107 1039 3249 1088 circa
3290 1053 3416 1089 cum

1850 1132 2006 1176 erant
2028 1123 2321 1189 episcopis,
2343 1123 2395 1175 in
2421 1124 2552 1176 iram
2579 1139 2770 1176 rursus
2792 1127 3027 1191 conjecit
3050 1127 3419 1193 patriarcham

1851 1223 1905 1264 et
1939 1212 2139 1266 infecta
2173 1229 2229 1264 re
2270 1213 2531 1268 dimissus
2567 1226 2673 1276 est,
2710 1215 2985 1282 episcopis
3032 1232 3171 1284 quos
3227 1233 3415 1271 secum

1852 1302 2084 1357 habebat
2140 1307 2472 1369 tacentibus,
2510 1309 2601 1360 Sed
2636 1320 2917 1362 mutorum
2974 1310 3257 1362 hominum
3295 1326 3418 1378 spc-

1850 1391 1987 1444 ciem
2025 1394 2393 1447 referentibus
2418 1404 2469 1446 et
2494 1395 2737 1462 lapidum
2767 1413 2928 1450 sensu
2964 1399 3291 1462 carentium,
3322 1400 3417 1466 qui

1851 1496 1957 1533 non
1992 1495 2221 1550 possunt
2258 1485 2401 1551 quod
2431 1494 2618 1552 aptum
2662 1486 2733 1538 sit
2766 1487 2969 1541 dicere.
3018 1490 3093 1541 Ita
3128 1490 3418 1555 pecoribus

1850 1573 2057 1626 similes
2133 1584 2263 1629 sunt
2345 1585 2399 1630 et
2484 1578 2859 1645 petulantibus
2934 1579 3118 1647 pueris
3180 1581 3419 1635 ludibrio

1850 1666 2047 1719 merito
2082 1667 2116 1718 ii
2169 1668 2261 1735 qui
2312 1683 2456 1721 nunc
2504 1685 2787 1723 sacrorum
2848 1670 3166 1739 dogmatum
3217 1674 3414 1729 sedent

1844 1756 2077 1824 iudices.
2108 1757 2213 1811 Sed
2251 1760 2319 1811 de
2356 1760 2442 1813 his
2498 1762 2649 1815 satis.
2712 1762 3044 1817 Narrabitur
3099 1774 3280 1817 autem
3316 1780 3417 1819 suo

1777 1824 2101 1917 l3tempore
2136 1866 2199 1903 ac
2259 1852 2379 1903 loco
2438 1852 2699 1919 quidnam
2759 1855 3065 1910 viatoribus
3129 1857 3415 1912 acciderit.

1848 1937 2006 1991 Nunc
2032 1938 2164 1991 illud
2199 1954 2398 1992 rursus
2426 1942 2712 2009 attingam.

1920 2028 2456 2084 XXVIIAdveuerat
2489 2034 2688 2102 aliquis
2720 2051 2782 2088 ex
2806 2036 3416 2106 Latiuorumepiscopis

1849 2120 1914 2172 ad
1949 2121 2359 2188 imp..loannem
2379 2122 2740 2193 Palatologum
2783 2128 2928 2190 dico,
2960 2114 3195 2197 prapter
3227 2129 3417 2184 amici-

1850 2215 2235 2282 tiamqumjam
2260 2224 2385 2268 ante
2415 2216 2555 2270 inter
2571 2232 2665 2270 eos
2690 2220 3097 2272 intercesserat.
3120 2219 3415 2288 Sapientia:

1846 2322 2049 2377 gnarus
2075 2307 2161 2359 hic
2191 2314 2329 2366 erat,
2348 2318 2549 2374 quanta
2569 2315 2624 2359 et
2656 2309 2801 2375 quali
2824 2308 3142 2363 Latinorum
3170 2325 3202 2363 ν
3228 2324 3416 2365 rorum

1848 2394 2134 2447 domorum
2170 2393 2355 2446 schola
2387 2403 2615 2446 ornatur
2658 2394 2712 2448 in
2748 2397 3069 2465 dogmaticis
3097 2399 3411 2455 litterarum

1848 2484 2157 2537 divinarum
2187 2486 2607 2552 qua-stiouibus.
2631 2487 2924 2541 victitabat
2950 2498 3132 2543 autem
3153 2490 3207 2543 in
3229 2493 3417 2559 quoti-

1848 2577 2028 2630 dianis
2057 2577 2407 2631 sermonibus
2441 2586 2495 2631 et
2524 2578 2840 2645 imperatori
2864 2589 2918 2633 et
2949 2581 2993 2633 si
3026 2582 3119 2651 qui
3156 2582 3294 2635 forte
3330 2597 3416 2635 sa-

1847 2666 2143 2734 pientiores
2162 2668 2320 2736 263
2343 2670 2769 2736 eranqprivatim
2794 2672 3096 2736 etpublice,
3120 2672 3262 2739 apud
3279 2670 3417 2727 Lati-

1847 2770 1947 2807 nos
1963 2755 2279 2823 frequentes
2297 2756 2479 2809 haberi
2498 2758 2773 2811 orationes
2790 2759 2855 2813 de
2876 2762 3056 2828 regina
3077 2763 3174 2813 hac
3199 2763 3413 2814 urbium

1847 2856 1901 2899 et
1931 2855 2198 2914 quotquot
2229 2849 2524 2900 incolarum
2556 2850 2849 2904 eruditioni
2876 2852 3255 2913 adversantur,
3287 2868 3410 2909 cum

1849 2939 1903 2993 in
1930 2940 2164 3002 caeteris,
2202 2946 2313 2991 tum
2350 2942 2626 3008 quomodo
2674 2944 2939 2998 divinitus
2988 2960 3204 3013 semper
3255 2946 3416 3001 facile

1850 3030 1961 3084 falli
1993 3032 2242 3085 consueti
2274 3042 2457 3094 erant,
2488 3043 2542 3086 et
2574 3034 2696 3089 aliis
2731 3036 2857 3088 alibi
2894 3036 3416 3107 hazresibusctdog-

174 3120 513 3183 ὑπείκουσιν,
539 3120 614 3183 ὡς
642 3120 817 3188 φύλλα
846 3121 1075 3190 δένδρων
1102 3120 1322 3186 ἀνέμοις
1353 3114 1740 3186 μεταρῤιπιζό-
1772 3155 1815 3213 C
1851 3138 1858 3175 ι

1728 3141 1740 3151 ·
1772 3155 1815 3213 C
1851 3131 2056 3175 malum
2086 3122 2473 3175 novationibus
2498 3125 2993 3179 ecclesiasticorum
3022 3126 3328 3195 indulgent,
3354 3137 3412 3180 ut

178 3230 312 3279 μενα
364 3214 523 3265 πᾶσι.
592 3232 611 3263 ι
646 3213 757 3266 Καὶ
789 3213 883 3266 νῦν
910 3212 956 3264 δ’
984 3213 1082 3280 οὑχ
1125 3206 1287 3281 ἦττον
1331 3207 1597 3275 Παλαμᾶν
1625 3221 1745 3257 τινα

175 3305 345 3372 ὄνομα
396 3302 585 3364 νόθους
635 3302 999 3371 καινοφωνίας
1037 3304 1353 3368 εἰσαγαγεῖν
1414 3297 1746 3367 ἠκηκόειμεν

174 3394 311 3446 κατὰ
326 3393 439 3444 τῶν
470 3392 627 3445 θείων
654 3394 959 3462 δογμάτων.
988 3390 1138 3445 Εἶναι
1164 3393 1212 3444 δ’
1234 3392 1293 3443 οὐ
1330 3390 1487 3458 μόνον
1513 3386 1745 3457 αἰσχρὰς

171 3491 266 3549 τὰς
287 3486 549 3548 τοιαύτας
577 3487 960 3551 καινοφωνίας,
993 3485 1126 3536 ἀλλὰ
1180 3486 1274 3536 καὶ
1307 3481 1601 3542 πολυειδεῖς
1651 3480 1745 3531 καὶ

174 3576 358 3647 μωρίᾳ
387 3576 839 3644 συγκεκραμένας
869 3575 1152 3627 πολυειδεῖ.
1197 3574 1286 3635 Ὠς
1327 3569 1486 3637 εἶναι,
1520 3569 1599 3630 οἷς
1622 3570 1745 3621 τού-

169 3685 244 3735 τῳ
277 3666 633 3718 συνίστασθαι
680 3666 1037 3737 περιγίνεται,
1097 3667 1327 3734 μακροῖς
1373 3681 1485 3715 τισι
1524 3664 1742 3731 μέτροις

171 3757 554 3824 κατεγνῶσθαι
591 3758 787 3826 μᾶλλον
817 3757 850 3825 ἢ
879 3757 1147 3824 Σαϐελλίῳ
1190 3773 1247 3808 τε
1279 3758 1373 3809 καὶ
1424 3756 1617 3822 Ἀρείῳ
1649 3756 1742 3805 καὶ

169 3851 283 3900 ὅσοι
313 3850 439 3916 κατ’
472 3848 731 3915 Εὐνόμιον
760 3850 853 3900 καὶ
880 3846 1173 3916 Νεστόριον
1205 3848 1297 3898 καὶ
1337 3845 1743 3912 Ἀπολλινάριον

169 3935 279 3992 εἷεν
305 3937 757 4008 συνηγοροῦντες.
778 3938 1053 4007 Σύμφωνα
1082 3939 1180 4005 μὲν
1205 3939 1312 4005 γὰρ
1342 3937 1634 3999 κάκείνοις,
1667 3935 1742 3995 ὡς

168 4032 464 4099 ἔγνωσται,
499 4030 815 4096 φθέγγεται,
847 4029 1125 4097 διαιρόροις
1160 4029 1203 4081 δ’
1225 4029 1317 4080 οῦν
1344 4030 1436 4080 καὶ
1465 4028 1743 4081 ἀτοπωτέ-

171 4141 286 4191 ροις
347 4121 673 4186 ὑπερϐολαῖς
715 4122 1182 4191 παραλλάττοντα.
1221 4121 1329 4171 Καὶ
1377 4120 1437 4171 τό
1467 4137 1526 4187 γε
1563 4136 1744 4188 παρα-

170 4214 518 4280 λογώτατον·
576 4212 683 4279 ὅπη
736 4211 924 4263 τοῦτον
984 4212 1218 4278 μάλιστα
1254 4212 1469 4263 πάντων
1519 4212 1741 4261 ἐκείνων

169 4308 340 4375 ἐχρῆν
358 4303 738 4372 αἰσχύνεσθαι,
769 4296 845 4355 ὧν
876 4305 992 4363 ταῖς
1016 4301 1344 4366 ὑπερϐολαῖς
1374 4299 1480 4351 τῶν
1504 4299 1745 4368 βλασφη-

173 4400 316 4467 μιῶν
375 4397 697 4464 ὑπερέσχεν,
742 4398 767 4447 ὁ
814 4395 871 4446 δὲ
908 4396 1002 4444 καὶ
1038 4394 1173 4460 πρὸς
1207 4394 1491 4444 δικαίωσιν
1548 4390 1741 4442 ἐαυτοῦ

1849 3215 2107 3268 arborum
2143 3214 2271 3267 folia
2304 3215 2483 3268 ventis
2501 3217 2779 3283 jactautur
2805 3219 3084 3272 omnibus.
3132 3237 3149 3263 α
3172 3218 3236 3271 Ει
3269 3235 3414 3273 nunc

1848 3321 1956 3360 non
1990 3309 2170 3361 minus
2191 3306 2465 3360 Palamam
2500 3310 2792 3374 quemdam
2826 3311 3046 3362 nomine
3079 3308 3416 3362 adulterinas

1848 3399 2177 3452 mutationes
2208 3397 2411 3450 inferre
2438 3397 2822 3452 audiveraums
2853 3400 3162 3453 divinorum
3196 3403 3418 3467 dogma-

1849 3501 1985 3543 tum.
2014 3488 2146 3541 Esse
2178 3503 2285 3541 non
2331 3488 2510 3541 solum
2546 3490 2894 3555 turpissimas
2926 3490 3024 3543 has
3055 3493 3411 3552 mutationes,

1847 3574 1942 3628 sed
1970 3574 2135 3627 etiam
2165 3573 2488 3628 multifarias
2513 3585 2568 3629 et
2596 3591 2661 3629 ex
2690 3562 2914 3632 insanire
2939 3580 3247 3633 colluvione
3274 3580 3414 3633 mul-

1847 3662 2047 3716 tiformi
2075 3674 2381 3723 concretas,
2416 3674 2474 3717 ut
2506 3680 2693 3718 verum
2726 3667 2817 3729 sit,
2850 3684 2970 3735 quae
3020 3668 3147 3723 hvic
3191 3684 3413 3736 CIllllpt--

1846 3769 1978 3808 nere
2006 3755 2237 3824 contigit
2271 3757 2457 3810 multis
2491 3758 2815 3826 quibusdam
2845 3760 3045 3823 modis,
3083 3763 3258 3825 inuis
3290 3777 3411 3829 qua:

1845 3844 2178 3900 damnentur
2205 3846 2366 3915 digna
2393 3864 2514 3901 csse
2560 3865 2722 3917 quam
2749 3866 2870 3918 quae
2912 3860 3006 3903 aut
3052 3852 3290 3904 Sabeltio
3318 3862 3411 3904 aut

1845 3940 1974 3992 Ario
2027 3947 2082 3993 et
2142 3940 2417 3995 omnibus.
2469 3939 2561 4007 qui
2626 3940 2890 3994 Eunomio
2945 3953 2999 3992 et
3054 3941 3305 3998 Neszario
3356 3951 3412 3994 ct

1846 4029 2179 4098 Apollinario
2207 4031 2315 4083 sint
2359 4031 2655 4098 astipulati.
2704 4031 2955 4085 Consona
2988 4036 3133 4085 enim
3171 4042 3316 4094 sunt,
3343 4040 3410 4084 ut

1846 4120 2121 4187 cognitum
2156 4127 2259 4182 est,
2288 4120 2451 4172 etiam
2489 4121 2631 4184 illis;
2685 4122 2920 4175 diversis
2974 4134 3154 4174 autem
3186 4133 3241 4174 et
3293 4123 3407 4175 inc-

1845 4211 2119 4280 ptiorihus
2148 4212 2662 4279 exaggerationibus
2708 4214 2865 4280 plena
2905 4224 2960 4267 et
3006 4214 3406 4281 ineptissimum

1847 4302 2000 4361 illud,
2035 4302 2178 4369 quod
2216 4302 2362 4355 hunc
2394 4302 2625 4355 maxime
2651 4305 2895 4355 omnium
2928 4304 3142 4356 illorum
3177 4304 3412 4357 debellat

1847 4393 2075 4460 pudere,
2112 4407 2346 4459 quorum
2375 4393 2887 4460 exaggerationibus
2924 4395 3034 4461 ipsa
3083 4392 3246 4446 etiam
3282 4409 3416 4446 con-

169 4493 268 4543 καὶ
292 4488 556 4557 φρούριον
586 4487 730 4550 μάλα
754 4485 1114 4554 προὸἀλλεται
1145 4484 1362 4553 ἰσχυρὸν
1393 4485 1473 4533 ὅτι
1510 4482 1584 4549 μὴ
1615 4482 1744 4548 όμό-
1776 4485 1817 4536 D
1848 4502 1853 4513 ε

1727 4508 1744 4518 -
1776 4485 1817 4536 D
1848 4485 1984 4537 vicia
2019 4484 2337 4552 superabat.
2372 4483 2471 4537 Hic
2500 4486 2659 4536 etiam
2690 4495 2749 4537 ut
2772 4486 2972 4551 justam
3024 4500 3237 4551 [)(anlm
3269 4488 3411 4538 acci-

169 4599 327 4648 φωνα
395 4577 651 4640 καθάπαξ
693 4577 987 4644 φθέγγεται
1021 4576 1193 4641 σφίσι.
1253 4576 1362 4625 Καὶ
1390 4574 1469 4624 ὅτι
1508 4574 1605 4641 μὲν
1646 4572 1743 4638 οὑχ

167 4672 438 4741 ὁμόφωνα
456 4666 608 4719 ταῦτ’
640 4666 897 4730 ἐκείνοις,
926 4664 1044 4733 βοᾷ,
1073 4666 1152 4716 ὅτι
1187 4664 1241 4715 δὲ
1273 4665 1438 4732 χείρω
1476 4664 1745 4715 κάκείνων

173 4765 409 4831 μακροῖς
444 4776 554 4811 τισι
588 4760 829 4828 μέτροις,
856 4757 1004 4827 σιγᾷ,
1029 4755 1260 4818 παίζων,
1293 4756 1365 4817 ὡς
1390 4755 1455 4807 ἄν
1478 4772 1555 4815 τις
1587 4755 1742 4822 φαίη,

171 4859 227 4906 ὲν
255 4857 316 4906 οὐ
346 4855 620 4912 παικτοῖς;
648 4851 851 4903 Τοῦτον
897 4852 1077 4903 τοίνυν
1117 4851 1194 4909 είς
1230 4848 1352 4916 ὄψιν
1381 4848 1607 4916 ἀφῖχθαί
1656 4863 1744 4915 μοι

173 4947 476 5016 βουλοίμην
502 4945 585 4995 ἄν.
614 4944 672 4995 Εἰ
703 4944 796 4997 οῦν
828 4960 904 4995 σοι
945 4944 1040 4993 καὶ
1062 4943 1218 5010 ἡμῶν
1246 4942 1417 5009 μέλοι,
1449 4938 1511 5010 [ί.
1546 4939 1639 4991 151
1672 4935 1745 5009 1.]

172 5043 248 5109 μὴ
280 5038 655 5108 ἄχθεσθαι,σῦ
687 5036 730 5088 δ’
762 5034 876 5088 ἀλλ’
908 5034 1095 5103 ἐντελῆ
1124 5051 1211 5101 μοι
1243 5034 1338 5103 τὴν
1362 5033 1591 5103 ζήτησιν
1613 5031 1743 5100 δρᾷν

171 5127 471 5198 προουμήθ
486 5144 588 5192 rm.
632 5145 649 5177 ι

241 5394 383 5450 KH'.
414 5394 527 5464 Τὴν
558 5395 620 5461 δή
650 5396 901 5463 τοιαύτην
928 5395 1117 5463 ἔφεσιν
1162 5392 1255 5445 τοῦ
1288 5392 1519 5445 Λατίνου
1575 5389 1742 5459 μηδὲν

173 5488 454 5557 μελλήσας
524 5491 549 5537 ὁ
596 5487 846 5554 βασιλεὺς
900 5487 952 5546 ἐς
989 5487 1086 5552 τὴν
1130 5484 1424 5551 ὑστεραίαν
1461 5482 1618 5541 εὐθὺς
1653 5484 1742 5532 ἐκ-

170 5577 390 5645 πληροῖ,
418 5576 848 5642 παρεσκευακὼς
880 5576 1137 5641 ὁμιλῆσαι
1162 5574 1238 5640 τῷ
1275 5572 1524 5639 ΙΙαλαμᾷ,
1551 5571 1640 5621 καὶ
1668 5563 1743 5620 ὧν

170 5667 321 5733 λέγει
362 5669 530 5719 αὑτὸν
584 5667 844 5735 αὑτήκοον
897 5665 1175 5733 γεγονέναι
1222 5663 1311 5714 τὸν
1344 5664 1590 5714 Λατῖνον.
1631 5661 1742 5726 Τῆς

167 5753 260 5812 οῦν
305 5756 525 5827 ὁμιλίας
577 5760 870 5825 γενομένης
910 5756 1105 5825 μικρὸν
1143 5756 1363 5815 διαστὰς
1399 5755 1487 5805 καὶ
1538 5752 1741 5803 ἀπόλαυ

1847 4586 2020 4644 perct,
2056 4575 2107 4627 in
2138 4590 2416 4628 carcerem
2459 4591 2581 4628 cum
2625 4576 2674 4628 vi
2715 4577 2995 4644 conjectus
3028 4586 3112 4630 est
3169 4577 3409 4640 firmum,

1846 4681 1914 4719 ne
1966 4665 2367 4717 concordanter
2396 4666 2620 4717 omnino
2669 4664 2784 4717 hzec
2820 4676 3014 4717 sonent
3050 4681 3174 4717 cum
3209 4666 3315 4719 illis
3358 4676 3413 4719 et

1846 4754 1987 4821 quod
2018 4768 2123 4804 non
2153 4754 2204 4804 in
2237 4754 2471 4804 uoisono
2501 4754 2615 4807 haec
2642 4768 2765 4805 cum
2799 4753 2902 4805 illis
2926 4757 3163 4807 clamant
3186 4765 3240 4806 ιιι
3265 4756 3409 4821 quod

1848 4845 2027 4911 pejora
2070 4845 2229 4895 etiam
2260 4844 2364 4895 illis
2399 4844 2572 4909 longis
2604 4844 2929 4913 quibusdam
2964 4844 3206 4906 modum,
3243 4854 3409 4906 tacet,

1844 4935 2054 5001 jocans,
2086 4944 2145 4987 ut
2183 4934 2364 4985 dicere
2403 4935 2601 5002 possis,
2650 4934 2746 4997 ibi,
2795 4935 2884 4987 ubi
2934 4935 3115 4988 nullus
3148 4935 3412 5003 essejoco

1845 5024 1999 5077 locus
2029 5026 2214 5077 debet.
2248 5025 2401 5077 lltmc
2435 5024 2598 5093 igitur
2631 5024 2682 5076 in
2712 5036 2994 5091 aspectum
3029 5026 3158 5077 mihi
3190 5024 3411 5077 venisse

1846 5117 2076 5180 vellem;
2113 5117 2154 5166 si
2186 5130 2316 5182 ergo
2355 5115 2449 5167 tibi
2478 5115 2643 5167 etiam
2677 5130 2777 5168 nos
2800 5115 2950 5168 cordi
2987 5114 3148 5184 264
3173 5129 3237 5168 ac.
3265 5129 3412 5167 curae

1847 5223 2058 5265 sumus,
2098 5222 2162 5258 ne
2189 5222 2329 5273 a-gre
2357 5206 2435 5256 fer
2470 5214 2524 5258 et
2576 5206 2641 5257 de
2690 5206 2917 5271 reliquis
2965 5206 3231 5274 integrann
3275 5204 3407 5257 mihi

1846 5312 2154 5365 prominere
2184 5298 2541 5363 quteslionem
2575 5300 2649 5350 sis
2677 5307 2919 5363 paratus.
2968 5314 2985 5345 ›

1919 5387 2150 5439 XXVIII.
2194 5388 2382 5440 Talem
2418 5388 2599 5455 itaque
2639 5387 2900 5453 impetum
2956 5385 3130 5438 Latini
3185 5385 3409 5437 minime

1848 5480 2134 5531 retardans
2194 5481 2519 5548 imperator,
2553 5481 2604 5531 in
2660 5488 2938 5544 posterum
2976 5479 3118 5529 diem
3169 5477 3405 5530 ollicium

1846 5574 2027 5639 explet
2056 5586 2237 5631 suum,
2269 5586 2326 5624 se
2358 5587 2554 5640 parans
2596 5573 2659 5623 ad
2694 5569 3114 5638 colloqucmlnm
3149 5585 3272 5621 cum
3304 5570 3403 5620 l‘a-

1845 5663 2003 5718 lania.
2029 5662 2183 5730 cujus
2206 5662 2457 5730 colloquii
2483 5661 2613 5715 dicit
2639 5662 2813 5729 ipsum
2840 5663 3260 5715 auscultatorem
3287 5676 3407 5714 esse

1846 5752 2118 5806 Latinum.
2151 5752 2437 5821 Colloquio
2485 5763 2667 5805 autem
2703 5752 2949 5805 instituto
2999 5768 3163 5819 ptopt:
3194 5752 3405 5805 distans
