4264 6362
780 408 883 469 259

1984 409 2397 471 NlCEPHORI
2441 415 2822 474 ΟΒΕΟΟΗίΕ

3914 424 4024 485 240

776 499 1121 571 committere
1147 515 1374 568 auribus
1401 517 1683 569 hominum
1725 515 1949 568 omnino
1977 530 2081 566 non
2120 529 2343 569 necesse
2378 535 2419 587 Α
2450 538 2460 570 π

2338 535 2343 566 ε
2378 535 2419 587 Α
2450 527 2837 587 καινοφωνῖαις
2868 524 3112 578 ὑπείκειν
3141 525 3374 595 Παλαμᾶ
3406 527 3618 578 τουτουῖ
3662 541 3677 557 ·
3704 527 3918 579 δπὸσων
3957 545 4022 592 γε

777 620 937 679 puto,
968 610 1098 671 Deo,
1133 608 1226 676 qui
1262 608 1440 661 oculta
1476 607 1885 668 animadvertit,
1937 607 2051 660 lucc
2098 617 2350 660 accurate

780 699 1168 769 perspiciente.
1210 699 1414 753 Tamen
1441 712 1563 751 cum
1599 698 1876 750 voluntate
1915 698 2121 763 divina,
2180 699 2351 766 impe-

780 800 953 854 ralor,
979 798 1259 859 paternam
1287 800 1432 842 tuam
1464 789 1671 858 imperii
1707 798 1907 841 sortem
1928 790 2256 857 susceperis,
2277 790 2351 843 si-

778 882 1003 951 mulque
1054 897 1154 935 nos
1203 881 1557 935 refecerimus
1598 880 1878 948 paululum
1939 882 2029 949 qui
2090 896 2348 948 perseve-

777 976 954 1027 rantia
986 971 1353 1041 periculorum
1391 971 1670 1041 defatigati
1707 973 1875 1024 vitam
1925 989 2029 1023 non
2086 971 2348 1039 alijeceri.

776 1079 917 1127 mus,
955 1078 1190 1133 cumque
1238 1064 1581 1116 decretorum
1622 1072 1677 1115 et
1725 1063 2062 1115 voluminum
2125 1062 2345 1114 illorum

776 1155 1005 1208 macula:
1029 1164 1085 1209 et
1112 1155 1272 1209 exitia
1310 1158 1363 1204 in
1390 1160 1743 1221 conspectum
1782 1152 1940 1205 nobis
1974 1151 2267 1203 inciderint
2294 1161 2349 1204 et

775 1246 975 1300 famam
1014 1247 1121 1314 jam
1154 1245 1297 1297 clare
1340 1244 1779 1310 perspexi-rimus
1808 1254 1860 1295 et
1892 1241 2137 1294 convicia
2167 1241 2265 1292 ista
2291 1250 2345 1292 et

776 1352 1133 1405 quascunque
1182 1345 1377 1387 contra
1433 1334 1602 1387 libros
1642 1333 1857 1384 divinos
1919 1332 2348 1384 obtrectationes

778 1426 1046 1492 falsasque
1077 1424 1494 1476 criminationes
1550 1422 1870 1474 effundunt:
1901 1437 2121 1475 necesse
2179 1421 2343 1489 igitur

777 1516 912 1569 illttd
942 1516 1195 1569 volumen
1224 1518 1333 1581 jam
1371 1513 1678 1581 proferatur
1710 1516 1761 1565 itt
1809 1514 2070 1576 medium,
2124 1530 2194 1566 ne
2223 1527 2344 1567 ora-

777 1609 854 1661 tio
888 1618 1069 1660 uostia
1130 1617 1332 1659 temere
1364 1615 1418 1656 et
1464 1606 1733 1657 iucaSsum
1785 1604 2083 1672 procedat,
2135 1604 2343 1655 nullum

774 1699 981 1752 habens
1012 1696 1239 1750 fundum
1268 1694 1817 1764 fundamentumque.

841 1998 934 2053 lll.
976 1998 1114 2051 Tum
1170 1996 1468 2062 imperator
1515 2009 1527 2044 :
1565 1991 1682 2045 Non
1741 1990 1946 2059 operis,
1987 1987 2186 2054 inquit,
2224 2001 2345 2054 per-

773 2092 894 2145 fecti
933 2091 987 2142 in
1020 2088 1275 2157 pr:eseuli
1331 2086 1669 2154 requirimus
1713 2080 2207 2148 compositionem;
2248 2076 2343 2130 sed

775 2185 1037 2237 iloelrinze
1076 2195 1335 2249 perquam
1391 2176 1702 2245 symbolica:
1733 2184 1787 2227 et
1832 2173 2081 2226 obscura:
2115 2170 2341 2238 vestigia

772 2276 1021 2343 etsigna.
1067 2272 1318 2326 Profecto
1376 2268 1522 2321 enim
1585 2264 2029 2335 presbyterorum
2087 2273 2343 2314 coronam

770 2367 1247 2431 convocabamus:
1289 2376 1466 2430 neque
1510 2374 1640 2413 vero
1675 2358 1729 2409 in
1782 2363 1993 2409 secreto
2032 2363 2085 2405 et
2124 2367 2345 2405 recessu

709 2438 715 2448 ’
773 2476 860 2511 res
894 2457 1052 2511 nobis
1086 2454 1197 2507 ullo
1250 2450 1413 2504 modo
1464 2443 1925 2513 componebatur,
1985 2448 2344 2506 conipouetur

770 2558 950 2603 tamen
979 2548 1127 2616 justo
1158 2554 1426 2610 tempore.
1466 2536 1566 2591 Cui
1596 2532 1935 2603 respondens
1986 2530 2229 2583 Palamas
2282 2527 2336 2580 in

770 2641 1112 2695 Barlazimum
1139 2642 1457 2689 convertere
1489 2626 1791 2682 conabatur
1815 2636 2122 2677 sermonem
2146 2629 2202 2673 et
2221 2619 2341 2671 viva

771 2750 835 2786 ex
886 2729 1117 2784 mortuis
1174 2725 1589 2782 demonstrare;
1649 2716 1743 2771 sed
1807 2716 2044 2781 reiectus
2103 2721 2187 2766 est
2244 2725 2343 2779 per

770 2824 1070 2890 Gregoratn
1101 2833 1225 2872 cum
1267 2814 1333 2867 ad
1374 2828 1461 2866 res
1486 2812 1753 2864 obscuras
1786 2807 2142 2874 confugeret:
2194 2801 2340 2871 quod

774 2915 964 2968 liceret
1018 2918 1143 2964 ante
1171 2906 1361 2961 oculos
1415 2904 1589 2971 posita
1640 2900 1705 2953 ad
1749 2912 1969 2953 causam
2022 2904 2342 2964 praesentem

772 3002 1072 3055 adhibere:
1115 2992 1472 3064 quamobrem
1508 2988 1668 3057 273
1708 2988 1771 3039 ad
1832 2985 1991 3039 aliam
2049 2998 2345 3035 converSus

771 3108 829 3148 et
863 3092 967 3145 alia
992 3088 1157 3143 multa
1182 3087 1399 3139 locutus
1420 3091 1504 3135 est
1531 3090 1584 3133 et
1610 3078 1771 3133 simul
1801 3076 2029 3130 tentavit
2049 3090 2173 3127 eum
2196 3088 2346 3142 qum-

2460 610 2565 677 μὴν
2598 612 2692 662 καὶ
2719 614 2826 663 τῶν
2858 613 3048 665 δεινῶν
3082 616 3464 684 πεπειράμεθα
3489 615 3577 667 διὰ
3610 614 3804 680 ταῦτα,
3839 634 4023 683 παρα-

2454 700 2696 767 πέμπειν
2749 704 2939 765 ἀκοαῖς
2995 704 3363 775 ἀνθρωπίναις
3402 707 3461 758 ού
3514 705 3654 757 πάνυ
3710 721 3763 757 τι
3822 708 4027 775 χρῆναι

2452 792 2680 858 νομίζω,
2710 792 2806 845 τοῦ
2840 796 2909 845 τὰ
2943 796 3165 863 κρυπτά
3197 797 3504 865 ἐφορῶντος
3552 796 3688 849 Θεοῦ
3720 798 4025 862 γινώσκον-

2448 898 2538 941 τος
2564 882 2828 949 ἀκριϐῶς.
2858 886 3048 953 Ὅμως
3072 887 3193 937 ἐπεὶ
3242 885 3491 955 θειοτέρα
3545 887 3708 958 βουλῇ
3772 888 3865 939 τὸν
3918 907 4026 939 πα-

2450 971 2624 1039 τρῷόν
2651 988 2732 1024 σοι
2762 974 2860 1041 τῆς
2884 977 3187 1043 μοναρχίας
3216 976 3515 1044 ἀνεῦηφας
3564 976 3791 1047 κλῆρον,
3830 970 3873 1028 ὦ
3923 976 4024 1043 βα-

2454 1060 2627 1122 σιλεῦ,
2659 1063 2753 1112 καὶ
2787 1064 2901 1130 ἅμα
2936 1064 3081 1130 ἡμᾶς
3141 1066 3645 1132 ἀνεπεπνεύκειμεν
3697 1066 3872 1133 βραχὺ
3926 1066 4024 1117 καὶ

2448 1152 2573 1203 ὅσον
2632 1154 2705 1222 μὴ
2737 1158 2798 1223 τῇ
2839 1154 3093 1223 συνεχείᾳ
3146 1156 3254 1208 τῶν
3320 1156 3507 1207 δεινῶν
3563 1158 4026 1224 ἀπηγορευκότας

2449 1240 2710 1307 προέσθαι
2747 1241 2805 1291 τὸ
2832 1242 2950 1309 ζῇν,
2983 1242 3079 1293 καὶ
3114 1244 3167 1294 αἱ
3224 1243 3332 1293 τῶν
3362 1243 3732 1310 ψηφισμάτων
3794 1246 3888 1295 καὶ
3934 1262 4026 1294 τε·

2452 1335 2775 1402 μογραφιῶν
2812 1337 3034 1385 ἐκείνων
3058 1336 3267 1403 κηλῖδες
3298 1338 3392 1388 καὶ
3453 1336 3623 1404 κῆρες
3690 1331 3827 1404 ⁴ἧκον
3889 1340 4025 1405 ﬁgi?)

2451 1427 2530 1483 εἰς
2579 1425 2702 1491 ὄψιν
2727 1427 2819 1476 καὶ
2846 1426 3040 1495 ἀκοὴν,
3096 1427 3342 1494 ἔγνωμεν
3399 1428 3499 1496 ἤδη
3558 1428 3876 1495 σαφῶςοκαῖ
3925 1432 4024 1479 1.2.;

2453 1514 2568 1564 ἐκεῖ
2601 1513 2970 1582 βλασφημίας,
3028 1516 3120 1567 καὶ
3149 1517 3279 1577 ὅσας
3309 1517 3417 1568 τῶν
3463 1519 3622 1569 θείων
3659 1518 3887 1581 Γραφῶν
3922 1520 4025 1573 τὰς

2453 1604 2705 1664 διασὶο).ὰς
2733 1607 3059 1672 καταχέουσι
3100 1609 3191 1658 καὶ
3239 1611 3628 1675 συκοφαντίας.
3697 1609 4025 1673 ’Λναγκαῖιλν

2453 1695 2544 1747 οὖν
2577 1697 2782 1748 ἐκεῖνον
2805 1698 2904 1765 ήδη
2934 1699 3328 1767 προενεχθῆναι
3364 1702 3452 1751 τὸν
3478 1699 3645 1767 τόμον
3700 1701 3777 1760 εἰς

2460 1787 2546 1839 ἵνα
2585 1788 2659 1856 μὴ
2694 1788 2874 1856 μάτην
2902 1792 2997 1841 καὶ
3028 1793 3106 1853 εἰς
3137 1792 3294 1843 κενὸν
3326 1792 3353 1841 ὁ
3399 1791 3597 1860 δρόμος
3630 1793 3758 1859 ἡμῖν
3799 1790 4023 1858 finds/'7;

2456 1878 2551 1931 τοῦ
2615 1879 2776 1946 λόγου
2834 1880 3105 1950 μηδεμίαν
3170 1882 3309 1950 ἔχων
3360 1882 3600 1951 κρηπῖδα
3649 1883 3743 1933 καὶ
3786 1882 3963 1949 βάσιν.
4008 1903 4022 1927 ι

2526 1972 2598 2026 Γ.
2651 1974 2712 2026 '0
2745 1974 2800 2027 δὲ
2829 1974 3111 2043 βασιλεὺς,
3145 1994 3161 2027 ι
3202 1977 3316 2028 Οὐκ
3349 1976 3511 2046 ἔργου
3568 1977 3714 2039 τινὲς
3774 1976 4024 2033 ens/oe;

2453 2063 2609 2133 ἐντῷ
2650 2064 2775 2133 ἄρτι
2805 2064 3097 2134 ζητοῦμεν,
3137 2084 3154 2116 ι
3192 2066 3318 2135 ἔφη.
3378 2086 3395 2118 ι
3456 2068 3808 2129 κατάστασιν,
3879 2067 3959 2119 ἀλ
3990 2068 4020 2116 ἀ.

2453 2156 2707 2223 γνώσεως
2750 2159 2914 2210 οἱονεὶ
2977 2159 3217 2227 τυπικῆς
3276 2162 3371 2212 καὶ
3420 2160 3685 2222 σκιώδους
3734 2161 3854 2228 ἴχνη
3922 2163 4022 2209 καὶ

2454 2248 2846 2315 ὑπομνήματα.
2886 2243 2963 2299 Ἦ
3003 2249 3113 2318 γὰρ
3137 2247 3203 2301 ἂν
3243 2249 3563 2301 ἐπισκόπων
3602 2250 3695 2301 καὶ
3745 2266 4025 2317 πατριαρ-

2452 2339 2564 2407 χῶν
2594 2339 2733 2406 ὁμοῦ
2760 2342 2853 2391 καὶ
2878 2340 3270 2408 πρεσϐυτέρων
3316 2342 3624 2408 συνήγομεν
3666 2340 3890 2409 θέατρα.
3926 2344 4026 2389 καὶ

2452 2431 2550 2481 οὐκ
2600 2434 2659 2482 ἐν
2708 2431 3047 2500 παραϐύστῳ
3115 2435 3209 2485 καὶ
3270 2432 3443 2501 γωνία
3499 2435 3557 2484 τὸ
3608 2436 3841 2501 πρᾶγμα
3889 2434 3920 2498 ὴ
3974 2436 4026 2481 ῖυ

3832 1717 4021 1765 essay,

2454 2523 2652 2574 οὑτωσί
2681 2541 2793 2585 πως
2838 2524 3088 2575 ἐτελεῖτο.
3142 2525 3335 2575 Ἔσται
3392 2522 3436 2575 δ’
3469 2521 3560 2576 οὖν
3604 2525 3751 2591 ὅμως
3802 2525 4028 2575 κάκεῖν’,

2456 2615 2595 2668 κατὰ
2625 2614 2716 2668 τὸν
2745 2616 2930 2667 δέοντα
2962 2616 3173 2683 χρόνον.
3207 2634 3223 2665 ι
3246 2614 3563 2667 Ὑπολαϐὼν
3589 2614 3679 2666 οὖν
3709 2614 3769 2685 [ί.
3804 2614 3904 2667 131
3942 2613 4024 2683 tu}

2454 2709 2481 2758 ὁ
2512 2707 2774 2774 Παλαμᾶς
2799 2707 2877 2768 εἰς
2908 2707 3171 2775 Βαρλααμ
3198 2706 3426 2772 ἀνάγειν
3484 2707 3757 2774 ἐπεχείρει
3788 2707 3879 2756 τὸν
3934 2706 4026 2755 λύ-

2454 2820 2570 2869 γον,
2604 2803 2694 2852 καὶ
2728 2799 2998 2851 δεικνύειν
3032 2802 3098 2851 τὰ
3119 2799 3296 2862 ζῶντα
3331 2801 3395 2850 ἐκ
3450 2798 3558 2849 τῶν
3621 2798 3849 2866 νεκρῶν.
3900 2798 4028 2848 Ἐχ-

2456 2897 2785 2963 κέκρουσται
2810 2892 2865 2943 δὲ
2914 2891 3050 2958 πρὸς
3098 2889 3189 2942 τοῦ
3242 2890 3519 2958 Γρηγορᾶ,
3573 2892 3653 2951 είς
3696 2890 3757 2941 τὸ
3812 2888 4026 2955 ἀφανὲς

2455 2987 2839 3052 καταφεύγων,
2873 2983 3067 3053 παρὸν,
3101 2982 3135 3035 ἃ
3182 2983 3288 3047 πρὸ
3317 2981 3636 3049 ὀφθαλμῶν,
3671 2981 3874 3032 τούτοις
3927 2998 4024 3031 κε-

2454 3078 2691 3145 Χρῆσθαί
2713 3080 2846 3145 πρὸς
2863 3079 2959 3147 τὴν
2976 3094 3049 3127 ππ
3062 3076 3257 3144 ροῦσαν
3276 3076 3485 3144 χρείαν.
3502 3077 3590 3126 Διό
3614 3075 3707 3126 καὶ
3724 3076 3857 3143 πρὶς
3906 3075 4026 3124 ἑτέ.

774 3184 965 3245 rendo,
1002 3196 1131 3235 num
1162 3186 1347 3233 essent
1378 3177 1473 3244 qui
1529 3173 1826 3228 essentiam
1862 3170 2101 3225 divinam
2156 3178 2209 3222 et
2262 3168 2342 3220 ef—
2379 3216 2420 3270 C

2340 3198 2342 3204 ν
2379 3216 2420 3270 C
2458 3188 2558 3241 ραν
2587 3170 2927 3238 τραπόμενος
2969 3170 3039 3221 τά
3064 3187 3121 3221 τε
3170 3168 3302 3221 ἄλλα
3355 3168 3718 3233 ἐπολυλόγησε
3742 3209 3754 3228 ,
3780 3171 3873 3219 καὶ
3906 3167 4024 3231 ἅμα

776 3275 1067 3330 fieieutiam
1106 3270 1345 3324 divinam
1395 3266 1646 3319 diversas
1705 3278 1825 3316 esse
1868 3269 2168 3329 negarent:

769 3368 844 3421 .de
874 3381 933 3419 re
957 3363 1297 3433 potissimum
1320 3358 1483 3412 etiam
1523 3355 1815 3424 Gregorain
1848 3353 1995 3421 loqui
2024 3350 2215 3407 voluit.

2238 3274 2343 3327 qua

846 3545 935 3599 IV.
971 3541 1110 3594 Tum
1161 3540 1429 3609 Gregoras
1461 3535 1527 3590 ad
1579 3536 1965 3603 imperatorem
2012 3543 2346 3585 conversus:

774 3635 908 3689 Cum
961 3634 1153 3693 multa,
1183 3630 1381 3699 inquit,
1408 3628 1524 3682 sint
1553 3627 1753 3687 studia,
1795 3626 2052 3694 princeps
2077 3620 2349 3689 angustis.

778 3728 933 3784 sime,
970 3738 1089 3790 quae
1119 3718 1441 3791 jamdudum
1506 3726 1720 3767 mortua
1786 3712 2115 3766 reviviscere
2176 3723 2350 3776 nuper

780 3818 870 3869 ille
900 3815 1081 3885 juSsit,
1104 3825 1330 3880 quaeque
1357 3817 1515 3862 antea
1556 3822 1662 3860 nou
1686 3805 1795 3857 visa
1828 3804 1917 3857 ille
1946 3803 2172 3863 invenit,
2202 3800 2347 3854 socia

779 3910 1000 3977 a‘ljutus
1030 3920 1193 3958 manu
1214 3901 1501 3972 principis,
1540 3897 1795 3967 placitum
1829 3896 1967 3964 ejus,
1998 3897 2141 3962 quod
2176 3901 2259 3946 est
2284 3892 2352 3945 de

781 4001 968 4053 multis
1027 3996 1180 4058 deis,
1237 4003 1393 4063 puto,
1450 3988 1682 4044 sufficiet
1741 3988 1871 4040 ltuic
1932 4000 2096 4052 quam
2159 3997 2352 4051 aggre-

783 4092 968 4145 dimur
1011 4080 1703 4147 adumbratioui.Cupicns
1748 4077 1894 4130 enim
1955 4075 2229 4142 extilicare
2256 4073 2353 4125 do-

782 4198 903 4251 gma
933 4179 1075 4249 quod
1107 4187 1193 4231 est
1253 4175 1318 4228 de
1375 4174 1465 4226 Dei
1504 4170 1666 4225 Verbi
1716 4167 2114 4227 incarnatione,
2165 4165 2355 4217 Sintul-

781 4288 886 4341 que
917 4272 1116 4323 multos
1149 4269 1280 4320 deos
1315 4262 1663 4317 introducere
1689 4300 1703 4323 ,
1758 4259 2079 4318 contendit,
2116 4256 2354 4309 efficien-

783 4366 911 4416 tiam
951 4375 1072 4415 esse
1121 4357 1467 4411 divinitatem
1508 4352 1836 4405 submissam
1870 4389 1884 4411 ,
1948 4351 2265 4411 inireatatn,
2303 4355 2356 4400 et

779 4452 1019 4506 essentia
1057 4456 1357 4505 carentem,
1390 4452 1445 4497 et
1472 4442 1741 4494 diversam
1779 4438 2003 4492 omnino
2052 4437 2120 4490 ab
2153 4437 2239 4489 illa
2273 4435 2358 4489 di-

2454 3258 2798 3330 κατέδραμεν
2832 3261 3043 3325 είτινες
3070 3258 3176 3313 εἷεν
3205 3263 3252 3313 of
3280 3262 3379 3332 τὴν
3408 3262 3559 3313 θείαν
3583 3261 3771 3312 ουσίαν
3790 3262 3881 3311 καὶ
3922 3262 4025 3326 τὴν

2451 3353 2602 3407 Θείαν
2623 3355 2896 3423 ἐνέργειαν
2914 3352 3036 3406 κατ’
3051 3353 3199 3406 οὐδὲν
3218 3353 3494 3422 διαφέρειν
3519 3352 3788 3418 λέγοντες.
3804 3353 3875 3403 Πε
3890 3356 3939 3417 ρί
3963 3343 4026 3401 οὗ

2453 3447 2689 3516 μάλιστα
2719 3447 2811 3497 καὶ
2834 3445 2923 3497 τὸν
2947 3446 3233 3515 Γρηγορᾶν
3267 3445 3419 3513 ἠξίου
3442 3444 3706 3509 τὸνλόγον
3724 3444 4023 3494 ποιεῖσθαι.

2523 3538 2594 3592 Δ’.
2631 3541 2740 3591 Καὶ
2773 3543 2799 3591 ὁ
2832 3540 3120 3607 Γρηγορᾶς
3153 3538 3289 3607 πρὸς
3348 3538 3438 3589 τὸν
3473 3537 3699 3606 βασιλέα
3732 3539 4025 3604 στραφεὶς.

2460 3652 2477 3684 ι
2520 3633 2739 3686 Πολλῶν
2788 3632 3077 3701 αἱρέσεων,
3110 3648 3128 3681 ι
3166 3631 3386 3698 ἔφησεν,
3427 3648 3444 3678 ι
3490 3623 3533 3682 ὦ
3583 3629 3829 3680 θειότατε
3869 3626 4028 3694 βατι-

2453 3724 2570 3788 λεῦ,
2633 3723 2832 3787 οὐσῶν,
2887 3722 2951 3785 ἃς
3004 3722 3170 3775 πάλαι
3207 3722 3531 3790 τεθνηκυίας
3585 3719 3887 3771 ἀναόιῶναι
3929 3722 4031 3769 πέ-

2455 3828 2663 3881 πρακεν
2726 3803 2879 3872 οὗτος
2916 3810 3116 3879 ἀρτίως
3172 3811 3268 3859 καὶ
3324 3807 3389 3870 ἃς
3441 3806 3591 3858 οῠπω
3645 3806 3905 3872 φανείσας
3942 3806 4033 3870 ἐξ-

2455 3902 2604 3969 εῦρε,
2652 3901 2940 3970 σύμμαχον
2998 3901 3138 3969 ἔχων
3188 3903 3287 3968 τὴν
3353 3899 3784 3952 δυναστεύουσαν
3842 3900 4029 3964 χεῖρα,

2455 3997 2483 4046 ὁ
2516 3996 2611 4063 τῆς
2637 3995 2947 4057 πολυθεῖας,
2975 3991 3154 4062 οἶμαι,
3196 3992 3351 4059 λόγος
3383 3991 3609 4060 ἀρκέσει
3637 3992 3721 4059 ,τῇ
3774 3990 4030 4057 παρούσῃ

2459 4087 2822 4155 σκιαγραφίᾳ.
2857 4086 3040 4137 θέλων
3080 4084 3191 4153 γὰρ
3251 4082 3560 4136 καταλῦσαι
3608 4082 3668 4133 τὸ
3708 4081 3810 4147 τῆς
3873 4082 3968 4131 ἐνα
4006 4111 4033 4120 «-

2459 4180 2796 4248 θρωπήσεως
2830 4177 2925 4228 τοῦ
2955 4176 3088 4228 Θεοῦ
3119 4177 3294 4242 Λόγου
3328 4177 3521 4243 δόγμα,
3564 4176 3657 4225 καὶ
3706 4173 3823 4243 ἅμα
3858 4174 4032 4223 πολυ-

2460 4272 2614 4326 θεῒαν
2652 4273 2992 4337 εἰσαγαγεῖν.
3057 4271 3341 4337 ἐνέργειαν
3398 4263 3537 4320 εἶναι
3587 4266 3848 4333 κηρύττει
3912 4268 4033 4317 0εό-

2457 4379 2599 4431 τητα
2631 4360 2933 4429 ὑφειμένην
2968 4359 3226 4412 άκτιστον
3259 4362 3355 4411 καὶ
3386 4358 3635 4408 ἀνούσιον
3688 4355 3786 4408 καὶ
3834 4356 4034 4420 διαφο-

2465 4470 2555 4523 ρον
2586 4452 2903 4504 παντάπασι
2956 4450 3057 4519 τῆς
3113 4450 3263 4511 θείας
3319 4448 3535 4516 ἐκείνης
3592 4446 3688 4500 καὶ
3746 4450 4058 4516 μακαρίας.

782 4545 908 4595 vina
942 4550 994 4594 ct
1026 4542 1179 4593 beata
1240 4533 1476 4589 essentia
1542 4540 1598 4585 et
1637 4531 1884 4598 corporis
1930 4528 2102 4582 oculis
2142 4528 2356 4595 conspi-
2393 4546 2433 4597 ο

2349 4558 2356 4565 ·
2393 4546 2433 4597 D
2466 4546 2675 4610 οὐσίας,
2711 4545 2808 4595 καὶ
2828 4542 3161 4610 σωματικοῖς
3200 4539 3503 4608 ὀφθαλμοῖς
3526 4538 3727 4607 ὀρατὴν
3776 4537 3902 4590 καθ’
3932 4542 4033 4590 αυ-

780 4649 941 4688 cuam
977 4648 1073 4699 per
1127 4644 1207 4689 se,
1265 4640 1385 4694 qua:
1412 4639 1536 4677 eum
1590 4621 1772 4674 omnia
1827 4620 2095 4688 perficiat,
2153 4619 2267 4685 ipSi
2304 4626 2356 4669 et

784 4722 1097 4794 perficiatur
1139 4734 1232 4785 per
1271 4715 1565 4770 essentiam
1623 4709 1931 4780 impositam
1965 4720 2019 4763 et
2072 4717 2356 4762 moveatur

785 4818 926 4867 sicut
983 4812 1247 4864 machina:
1316 4814 1573 4859 moveant
1640 4818 1760 4870 quze
1814 4800 2020 4855 moveri
2098 4800 2355 4867 possint:

788 4903 990 4956 deinde
1028 4916 1190 4953 unam
1250 4898 1397 4951 illam
1457 4892 1805 4949 efﬁcientiam
1860 4891 1918 4944 in
1970 4891 2192 4950 multas,
2244 4891 2360 4944 sive

790 4998 976 5066 potius
1019 4992 1232 5045 infinite
1265 4990 1318 5042 in
1373 4987 1614 5040 infinitas
1655 4984 1851 5039 dividit
1907 4983 2050 5036 sicut
2103 4997 2273 5051 genus
2303 4983 2357 5035 in

788 5088 1001 5155 species
1023 5086 1296 5146 diversas,
1330 5090 1387 5133 et
1441 5078 1665 5133 nomine
1694 5076 1932 5145 generali
1981 5072 2171 5128 omnes
2202 5083 2360 5127 vocat

786 5176 1127 5235 eflieieutlas,
1177 5175 1321 5228 solas
1357 5182 1539 5225 autem
1572 5177 1629 5223 et
1679 5169 1941 5237 singulas,
1982 5167 2114 5227 vim,
2144 5163 2310 5218 vitam
2340 5206 2355 5229 ,

789 5263 1105 5333 imperium,
1144 5260 1492 5328 sapientiam,
1545 5258 1854 5311 facultatem
1882 5297 1895 5319 ,
1924 5255 2091 5324 274
2132 5257 2309 5309 lucem
2342 5297 2356 5320 ,

794 5357 1100 5416 veritatem,
1131 5363 1185 5406 et
1222 5366 1332 5404 uno
1363 5352 1532 5403 verbo
1556 5363 1899 5417 qutecunque
1935 5349 2045 5401 Deo
2078 5348 2238 5415 digna
2263 5365 2359 5401 no-

794 5448 937 5500 mina
970 5457 1025 5498 et
1054 5446 1314 5514 cogitata,
1345 5444 1447 5497 etsi
1478 5459 1508 5497 e
1541 5443 1774 5494 diversis
1817 5442 2100 5509 principiis
2133 5444 2365 5494 notatio-

792 5556 916 5592 nem
966 5536 1265 5604 accipiunt,
1297 5546 1475 5588 tamen
1504 5532 1755 5586 eumdem
1799 5533 1939 5585 inter
1973 5546 2032 5585 se
2080 5534 2259 5585 locum
2292 5543 2366 5586 tc-

792 5630 1091 5697 uent,quia
1120 5628 1271 5681 nullo
1302 5628 1413 5679 fere
1454 5626 1614 5679 modo
1650 5625 1864 5678 diversa
1895 5635 2022 5677 sunt
2060 5640 2169 5693 pra:
2200 5625 2367 5693 signi-

792 5724 1045 5776 ficatione
1100 5718 1394 5789 suppositi,
1449 5720 1629 5771 omnia
1679 5734 1787 5769 tino
1835 5717 2003 5770 verbo
2051 5718 2368 5770 divinitates

793 5824 947 5867 vocat
982 5814 1227 5866 diversas
1262 5821 1315 5863 et
1367 5812 1652 5863 lltCl‘t‘alas.
1703 5809 2085 5873 Reprehensos
2135 5811 2295 5875 igitur
2328 5828 2353 5860 τι

2458 4630 2579 4698 τὴν,
2613 4630 2941 4697 ἐνεργοῦσαν
2974 4627 3070 4695 μὲν
3098 4627 3165 4679 τὰ
3196 4628 3372 4680 πάντα
3401 4626 3597 4693 αὐτὴν,
3631 4626 4035 4695 ἐνεργουμένην

2459 4719 2503 4771 δ’
2539 4720 2708 4786 αὐτὴν
2751 4720 2854 4771 ὑπὸ
2900 4718 2999 4787 τῆς
3049 4718 3449 4787 ὑπερκειμένης
3502 4717 3693 4779 οὐσίας
3747 4716 3888 4785 ἃμα,
3936 4721 4033 4767 καὶ

2465 4813 2795 4881 κινουμένην
2828 4812 3080 4879 καθάπερ
3114 4811 3271 4861 ὁποῖα
3294 4808 3403 4861 τῶν
3439 4807 3690 4874 ὀργάνων
3752 4811 3895 4859 κινεῖ
3949 4827 4036 4860 κ--

2466 4904 2727 4972 νούμενα.
2766 4899 2896 4955 Εἶτα
2927 4901 3025 4970 τὴν
3054 4902 3183 4970 μίαν
3210 4898 3494 4968 ἐνέργειαν
3524 4901 3604 4961 εἰς
3647 4898 3871 4960 πολλάς,
3898 4902 4037 4966 μᾶ).-

2466 4992 2559 5043 λον
2592 4991 2637 5042 δ’
2669 4992 2965 5059 ἀπειράκις
2992 4989 3256 5057 ἀπείρους
3280 4986 3494 5051 διελὼν,
3527 4987 3603 5048 ὡς
3628 4987 3785 5053 γένος
3812 4988 3895 5048 είς
3918 4992 4035 5055 ειὸη

2466 5084 2721 5151 διάφορα.
2772 5080 2973 5148 γενικῷ
3006 5082 3106 5148 μὲν
3131 5080 3359 5147 ὀνόματι
3389 5079 3573 5140 πάσας
3623 5078 3907 5144 ἐνεργείας
3940 5099 4039 5132 κα-

2465 5175 2566 5238 λεῖ,
2589 5175 2693 5243 ἰδία
2716 5174 2758 5226 δ’
2778 5170 2841 5224 αὖ
2876 5173 2971 5225 καὶ
3003 5171 3124 5225 καθ’
3146 5173 3350 5224 ἕκαστα
3375 5171 3608 5238 δύναμιν
3629 5210 3644 5232 ,
3668 5168 3839 5239 ζωὴν,
3877 5171 4037 5239 βασι-

2465 5267 2639 5326 λείαν,
2660 5267 2873 5332 σνοφὲαν,
2894 5265 3163 5327 ἐξουσίαν,
3194 5262 3331 5329 φῶς,
3368 5262 3650 5326 ἀλήθειαν.
3689 5264 3799 5315 Καὶ
3845 5264 4036 5325 ἁπλῶς

2466 5354 2636 5407 ὁπόσα
2677 5352 2957 5419 θεοπρεπῆ
2989 5352 3093 5402 τῶν
3138 5352 3419 5418 ὀνομάτων
3476 5351 3573 5401 καὶ
3614 5352 3934 5419 νοημάτων,
3988 5357 4034 5404 εἰ

2467 5448 2561 5495 καὶ
2588 5446 2649 5493 ὲκ
2690 5441 2965 5510 διαφόρων
3001 5442 3186 5509 ἀρχῶν
3218 5440 3487 5507 λαμϐάνει
3511 5438 3609 5508 τὴν
3668 5442 4032 5510 ὲτυμολογέαν

2466 5537 2720 5595 ἕκαστον,
2753 5534 2870 5586 ἀλλ’
2905 5529 2999 5585 οὖν
3024 5534 3303 5601 ὁμοτίμως
3338 5533 3528 5600 ἔχοντα
3560 5533 3697 5601 πρὸς
3731 5534 3939 5602 ἄλληλα
3959 5536 4032 5603 τῷ

2470 5627 2636 5696 μηδέν
2668 5644 2719 5677 τι
2752 5626 2900 5694 π]ρᾶ
2929 5626 3027 5694 τὴν
3052 5624 3143 5676 τοῦ
3193 5625 3555 5691 ὑποκειμένου
3604 5625 3897 5692 διαφωνεῖν
3942 5645 4033 5696 ση-

2470 5720 2692 5787 μασίαν,
2724 5718 2985 5786 θεότητας
3026 5718 3201 5769 πάντα
3241 5718 3497 5779 καθάπαξ
3532 5719 3694 5779 αὐτὸς
3729 5719 3891 5773 καλεῖ
3920 5722 4031 5772 δια-

2469 5810 2663 5877 φόρους
2718 5811 2808 5860 καὶ
2867 5809 3177 5870 άκτίστους.
3252 5810 3680 5876 Ἐγκαλούμενος
3740 5808 3834 5864 οὖν
3892 5816 4020 5881 πρὸς
