4264 6362
727 439 832 509 24⁸1

1901 430 2322 495 NICEPHORI
2363 429 2748 494 GREGORE

3868 429 3979 491 248

799 549 910 606 VII.
949 547 1138 606 Tertio
1190 551 1311 604 loco
1362 548 1738 620 deprehensus
1779 561 1841 602 es
1883 548 2118 617 opinans
2165 544 2293 600 sub-
2329 544 2370 600 Α
2473 549 2483 600 :

2329 544 2370 600 Α
2473 544 2547 600 Z'.
2589 545 2788 615 Τρίτον
2811 545 2868 601 δὲ
2895 547 2977 599 ὃτι
3012 545 3107 598 καὶ
3135 544 3232 608 τάς
3265 543 3416 604 θείας
3453 540 3783 602 ὑποστάσεις
3813 538 3979 590 ἀνου-

728 645 961 700 stantias
997 644 1210 698 divinas
1233 644 1472 698 essentia
1498 655 1703 702 carere,
1733 649 1794 693 ut
1821 638 1988 694 etiam
2048 649 2296 705 saepenu-

727 750 884 790 mero
914 737 1023 804 jam
1055 740 1235 800 antea,
1285 735 1355 788 ita
1394 741 1452 785 ut
1500 719 1819 786 substantiae
1871 728 1969 784 tibi
2006 726 2297 781 videantur

731 841 837 880 non
871 825 1141 880 substare.
1166 823 1319 890 Quod
1350 824 1497 877 enim
1519 823 1756 878 essentia
1776 829 1946 882 caret,
1972 819 2299 874 substantiae

725 917 889 969 etiam
923 927 1008 974 est
1037 931 1256 986 expers,
1283 923 1337 970 et
1365 916 1637 984 sequitur,
1681 925 1759 978 ut,
1807 913 1850 964 si
1903 911 2026 965 illas
2078 924 2298 979 quoque

728 1009 1044 1064 divinitates
1076 1008 1312 1064 essentia
1352 1015 1605 1062 carentes
1667 1007 1722 1061 in
1775 1018 2067 1058 numerum
2116 1002 2300 1055 inﬁni-

731 1112 844 1154 tum
875 1100 1223 1158 divinitatum
1278 1099 1647 1154 increaturam
1685 1095 1923 1162 dividas,
1960 1094 2300 1149 substantias

726 1191 918 1244 eodem
963 1191 1125 1245 modo
1154 1204 1274 1245 esse
1313 1189 1516 1244 divisas
1554 1186 1803 1256 opineris
1835 1203 1849 1240 :
1884 1195 1938 1241 et
1973 1185 2120 1254 quod
2156 1199 2300 1254 saepe

727 1284 974 1338 scribens
1010 1283 1391 1352 deprehensus
1441 1295 1520 1343 es,
1563 1295 1672 1334 non
1723 1280 1897 1334 solum
1954 1278 2121 1332 trium
2171 1278 2302 1332 sub-

728 1374 1076 1437 stantiarum,
1105 1389 1223 1426 esse
1250 1380 1502 1426 naturam
1529 1371 1793 1435 divinam,
1824 1372 1917 1423 sed
1948 1369 2107 1439 281
2134 1369 2299 1423 etiam

731 1464 1048 1524 multarum.
1086 1462 1218 1518 illud
1252 1463 1341 1522 hic
1373 1478 1595 1534 quoque
1625 1477 1790 1520 ausus
1813 1470 1896 1516 est
1929 1462 2139 1524 dicere,
2176 1475 2300 1514 eum

729 1564 783 1608 ct
833 1555 1173 1615 substantias
1221 1555 1472 1611 essentia:
1525 1562 1580 1612 et
1623 1553 1939 1611 divinitates
1978 1551 2303 1610 substantiae

729 1658 982 1716 expertas
1010 1650 1310 1704 venereris.

800 1739 938 1793 VIII.
974 1739 1239 1805 Quartum
1277 1757 1401 1796 cum
1443 1750 1499 1798 et
1543 1742 1767 1797 homine
1799 1751 1857 1797 et
1897 1740 2079 1810 lapide
2111 1754 2302 1794 exem-

731 1832 832 1900 plis
864 1833 1036 1888 utaris
1073 1842 1128 1888 et
1179 1834 1502 1899 contendas,
1559 1835 1857 1890 essentiam
1904 1831 2302 1903 comprehendi

2407 639 2557 700 σίους
2601 634 2742 694 εῖναι
2790 636 3053 709 δοξάζων.
3084 637 3281 700 ἑάλως,
3333 634 3524 703 ὥσπερ
3575 631 3673 684 καὶ
3715 629 3983 690 πολλάκις

2405 731 2508 800 ἤδη
2567 732 2854 800 πρότερον,
2906 730 2983 792 ὡς
3037 727 3281 796 γίνεσθαί
3345 743 3428 778 σοι
3491 722 3590 785 τάς
3647 721 3982 780 ὑποστάσεις

2406 823 2836 886 ἀνυποστάτους.
2872 821 2947 875 Τὸ
2987 821 3094 890 γὰρ
3127 818 3379 872 ἀνούσιον
3411 815 3790 870 ἀνυπόστατον
3817 825 3833 842 ·
3886 810 3985 861 καὶ

2407 913 2596 967 λοιπὸν
2622 914 2698 976 ὡς
2716 914 2845 968 ὅταν
2871 913 2966 966 καὶ
3006 912 3107 973 τὰς
3143 909 3429 968 ἀνουσίους
3458 907 3676 968 ὲκείνας
3718 904 3984 970 θεότητας

2408 1005 2487 1067 εις
2519 1006 2748 1076 ἄπειρον
2791 1003 3028 1074 ἀριθμὸν
3074 1002 3345 1070 θεοτήτων
3389 998 3775 1065 παραπίμπῃς
3823 992 3985 1047 ἀκτί-

2411 1113 2572 1160 στων,
2601 1097 2930 1157 ὑποστάσεις
2957 1093 3098 1148 εἶναι
3130 1095 3226 1146 καὶ
3267 1091 3475 1152 ταύτας
3507 1086 3789 1153 δοξάζεις·
3820 1085 3915 1136 καὶ
3953 1084 3983 1135 δ

2408 1188 2670 1250 πολλάκις
2725 1189 2897 1250 ἑάλως
2921 1187 3170 1257 γράφων,
3227 1184 3303 1256 μὴ
3351 1185 3787 1253 τρισυπόστατον
3841 1173 3987 1229 εἷναι

2413 1282 2572 1351 μόνον
2623 1281 2721 1349 τὴν
2774 1280 2925 1335 θείαν
2963 1281 3146 1348 φύσιν,
3177 1277 3315 1331 ἀλλά
3363 1279 3457 1328 καὶ
3513 1273 3986 1329 πολυυπόστατον,

2408 1373 2570 1427 τοῦτο
2597 1373 2875 1429 κάνταῦθα
2903 1373 3270 1441 τετόλμηκας,
3303 1368 3634 1426 ὑποστάσεις
3673 1365 3772 1434 μὲν
3821 1364 3988 1415 άνου-

2411 1470 2580 1532 σίους,
2617 1467 2877 1534 θεότητας
2917 1466 2960 1519 δ’
2989 1465 3396 1525 ἀνυποστάτους
3428 1462 3623 1516 σέϐων.

2482 1734 2567 1786 ll'.
2604 1733 2879 1801 Τέταρτον
2933 1730 2989 1782 δὲ
3042 1731 3124 1783 ὅτι
3173 1730 3267 1782 καὶ
3316 1728 3405 1780 τὸν
3448 1726 3739 1792 ἄνθρωπον
3767 1721 3860 1776 καὶ
3898 1721 3992 1772 τὸν

2411 1823 2556 1875 λίθον
2577 1824 2654 1882 εἰς
2697 1820 3004 1888 ὑπόδειγμα
3055 1819 3258 1886 φέρων,
3291 1816 3385 1868 καὶ
3432 1813 3748 1881 ὁριζόμενος
3793 1808 3990 1858 οὐσίαν

730 1938 852 1976 eum
887 1923 973 1988 iis,
1005 1939 1127 1994 qua:
1158 1926 1208 1979 in
1236 1941 1297 1979 ea
1343 1924 1642 1980 cernantur
1679 1922 1923 1981 naturali
1984 1925 2170 1988 modo,
2208 1923 2304 1977 dc-
2340 1889 2378 1944 Ι,
2411 1937 2414 1964 ι

2340 1889 2378 1944 u
2411 1912 2552 1968 εἶναι
2616 1915 2754 1981 μετὰ
2807 1911 2916 1964 τῶν
2980 1910 3224 1979 φυσικῶς
3279 1907 3412 1974 περὶ
3462 1905 3634 1970 αὐτὴν
3690 1901 3992 1970 ὁρωμένων

733 2013 1036 2081 prehensus
1080 2030 1138 2070 es
1168 2032 1334 2084 porro
1378 2015 1610 2070 credens
1663 2014 2029 2070 accidentium
2081 2025 2302 2082 quoque

730 2111 1276 2178 comprehensionem
1319 2126 1441 2165 esse
1486 2109 1634 2164 illam
1682 2109 1981 2163 essentiam
2030 2105 2299 2170 divinam,

732 2201 880 2254 velut
901 2203 956 2255 in
981 2201 1161 2270 lapide
1189 2217 1222 2256 a
1255 2211 1305 2256 te
1334 2203 1564 2273 jactato,
1595 2200 1688 2270 qui
1719 2199 2067 2270 gravitatem,
2099 2198 2298 2266 frigus,

731 2290 991 2354 colorem,
1007 2290 1427 2359 longitudinem,
1448 2289 1820 2350 latitudinem,
1841 2285 2303 2352 altitudinemque

729 2394 787 2447 et
824 2397 1166 2452 quaecunque
1201 2382 1471 2452 ejusmodi
1500 2381 1728 2451 cogitari
1756 2387 2004 2448 possunt,
2032 2378 2302 2439 continet,

732 2476 786 2531 id
819 2475 964 2544 quod
995 2476 1160 2531 etiam
1194 2475 1351 2545 pejus
1389 2483 1473 2530 est
1501 2473 1732 2530 stultitia
1761 2473 1969 2541 priore.

803 2566 896 2622 IX.
939 2570 1109 2622 Porro
1143 2569 1399 2637 quintum
1425 2567 1653 2622 stultum
1680 2566 1963 2633 illud,quo
1993 2563 2155 2618 etiam
2175 2578 2308 2617 con-

734 2664 917 2716 tirmas
953 2660 1316 2732 ignorantiam
1360 2668 1509 2717 tuam
1554 2667 1610 2713 et
1650 2657 1946 2714 multorum
1999 2657 2305 2710 doctrinam

734 2754 961 2808 deorum
993 2751 1346 2822 pcrversione
1372 2749 1646 2805 dictorum
1668 2746 1952 2804 Athanasii
1987 2745 2191 2814 magni.
2223 2741 2305 2796 Ad

736 2863 903 2902 unum
931 2845 1076 2899 enim
1111 2844 1200 2899 ille
1227 2845 1361 2899 dicit
1392 2844 1589 2898 referri
1628 2842 1722 2896 illa
1759 2850 1838 2895 tot
1868 2839 2107 2899 nomina,
2146 2836 2309 2890 nimi—

735 2955 855 2995 rum
891 2939 958 2992 ad
988 2938 1306 2992 essentiam.
1348 2937 1431 2992 Tu
1456 2946 1637 2991 autem
1674 2934 1998 3005 imprudens
2031 2941 2223 2987 contra
2257 2941 2308 2986 te

736 3030 966 3097 attulisti
998 3044 1160 3098 quem
1194 3043 1295 3097 pro
1339 3036 1389 3083 te
1418 3028 1685 3082 allaturus
1706 3042 1850 3082 eras.
1889 3027 2022 3080 Tam
2065 3026 2221 3079 rudis
2248 3037 2310 3077 es

735 3132 791 3175 et
816 3122 970 3175 valde
1007 3121 1265 3174 incultus.
1314 3120 1520 3174 Deinde
1571 3100 1638 3173 et.
1686 3120 1970 3173 materiem
2015 3127 2072 3171 et
2125 3115 2311 3186 exple-

741 3215 944 3268 tionem
980 3214 1285 3270 divinitatis
1336 3214 1452 3268 haec
1494 3213 1614 3282 ipse
1657 3212 1930 3275 nominat,
1979 3227 2093 3266 nou
2125 3219 2312 3269 tamen

740 3306 1118 3372 divinitatum,
1149 3322 1271 3375 quae
1293 3306 1362 3360 ab
1392 3307 1653 3370 essentia,
1691 3316 1750 3358 ut
1778 3315 1835 3358 tu
1872 3303 1974 3369 vis,
1998 3316 2054 3358 et
2080 3306 2225 3361 inter
2252 3321 2313 3361 se

738 3400 1013 3458 diiierant.
1047 3398 1337 3464 Quomodo
1385 3399 1530 3452 enim
1583 3397 1710 3454 talia
1763 3397 1949 3452 dicere
1993 3399 2186 3466 possit,
2219 3397 2312 3465 qui

739 3493 804 3548 ad
843 3508 1014 3546 unum
1045 3493 1136 3546 illa
1163 3491 1356 3546 referri
1388 3491 1822 3555 dicit,nimirum
1850 3489 1916 3542 ad
1972 3489 2268 3544 essentiam
2294 3490 2317 3543 2

809 3583 881 3641 Χ.
915 3585 1011 3639 Est
1053 3592 1236 3638 autem
1291 3593 1552 3652 praeterea
1591 3591 1808 3635 sextum
1833 3579 2131 3634 absurdum
2158 3578 2313 3643 illud,

739 3679 889 3750 quod
931 3677 1180 3737 divinum
1226 3692 1450 3748 quoque
1513 3675 1829 3730 criminaris
1891 3673 2313 3737 Damascenum,

740 3773 971 3844 quod-et
997 3773 1177 3842 ipsum
1210 3771 1428 3840 planius
1461 3784 1491 3825 a
1515 3767 1676 3822 nobis
1720 3777 1907 3836 postea
1945 3766 2179 3819 dicetur.
2219 3765 2317 3820 De-

744 3854 1146 3920 monstrabitur
1179 3862 1348 3924 enim,
1379 3860 1690 3930 signiﬁcare
1718 3868 1772 3913 et
1804 3857 2030 3912 dill'erre
2056 3873 2164 3911 non
2195 3871 2318 3911 esse

746 3961 913 4021 idem,
944 3956 1108 4026 282
1135 3954 1356 4010 etiamsi
1385 3963 1442 4007 tu
1473 3950 1827 4007 vociferando
1867 3949 2164 4019 rumparis,
2222 3948 2318 4016 qui

744 4049 1109 4104 remotissima
1149 4048 1380 4102 misceas
1414 4055 1468 4100 et
1496 4044 1680 4100 dicere
1726 4042 1974 4096 divinum
2023 4041 2178 4096 illum
2212 4041 2318 4094 cri-

745 4139 974 4196 mineris
995 4139 1170 4193 virum
1194 4137 1262 4192 ail
1288 4139 1528 4192 increata
1552 4148 1750 4190 natura
1773 4134 1996 4189 diil‘erre
2015 4133 2315 4186 increatam

743 4234 863 4302 ejus
897 4229 1266 4284 etlicieutiam.
1313 4229 1507 4297 Neque
1548 4226 1696 4282 enim
1743 4225 2036 4294 quisquam
2069 4224 2316 4277 omnium

748 4329 801 4379 in
838 4325 986 4379 illius
1014 4323 1257 4392 scriptis,
1293 4320 1543 4390 quamvis
1583 4321 1815 4374 multum
1861 4316 2196 4387 inquisierit,
2227 4318 2317 4371 vix

748 4434 926 4487 neque
956 4433 1211 4486 magnum
1243 4414 1491 4468 omnium
1519 4428 1696 4482 neque
1721 4412 2073 4466 minimorum
2095 4411 2316 4480 quidem

743 4510 1045 4580 quidquam
1076 4508 1254 4562 simile
1289 4506 1531 4560 inveniat
1557 4519 1795 4572 unquam
1846 4504 1915 4558 iis
1952 4519 2072 4572 qua:
2110 4518 2257 4556 nunc
2289 4519 2315 4555 a

2415 2007 2974 2075 συλλαμϐανομένην,
3040 2004 3210 2062 ἑάλως
3261 2001 3341 2052 ἔτι
3402 2001 3494 2051 καὶ
3558 1993 3994 2062 συμϐεϐηκότων

2415 2102 2677 2170 σύλληψιν
2711 2097 2846 2152 εἶναι
2879 2098 3115 2166 νομίζων
3145 2097 3324 2168 [L156
3356 2094 3432 2164 υ.]
3463 2093 3562 2162 τὴν
3591 2091 3743 2143 Θείαν
3771 2089 3995 2151 ἐκείνην

2412 2197 2599 2249 οὐσίαν
2623 2195 2812 2264 ὥσπερ
2852 2194 2945 2245 ὲπί
2976 2192 3069 2243 τοῦ
3107 2189 3510 2260 προϐληθέντος
3558 2203 3641 2237 σοι
3685 2183 3858 2242 λίθου,
3895 2181 3994 2249 βά-

2416 2301 2529 2354 ρος.
2552 2282 2890 2351 ψυχρότητα,
2921 2280 3139 2348 χρῶμα,
3180 2278 3373 2346 μῆκος,
3415 2275 3616 2335 πλάτος
3664 2273 3762 2323 καὶ
3797 2269 3986 2339 βάθος,

2415 2379 2510 2429 καὶ
2538 2376 2638 2427 ὄπα
2674 2373 2899 2426 τοιαῦτα
2929 2374 3068 2423 νοεῖν
3101 2372 3212 2439 ἔχει
3253 2387 3355 2434 τις,
3390 2366 3627 2438 ἔχοντοςζ
3659 2366 3723 2416 Ὃ
3765 2362 3862 2414 καὶ
3895 2358 3995 2412 τοῦ

2415 2468 2686 2539 προτέρου
2717 2467 2898 2535 χεῖρον
2928 2467 3005 2524 εἰς
3041 2463 3291 2516 ἀτοπίαν.

2485 2561 2562 2613 Θ’.
2622 2561 2732 2617 Καὶ
2783 2561 3039 2626 πέμπτον
3075 2556 3298 2618 ἄτοπον,
3339 2553 3422 2606 ὅτι
3473 2552 3568 2604 καὶ
3620 2550 3858 2620 βεϐαιοῖς
3891 2547 3997 2614 τὴν

2419 2654 2516 2719 σὴν
2546 2651 2789 2719 ἀμαθίαν
2825 2650 2918 2702 καὶ
2949 2648 3239 2700 πολυθεῒαν
3273 2647 3360 2698 διά
3388 2644 3487 2711 τῆς
3515 2645 3649 2712 πρὸς
3689 2642 3778 2693 τὸν
3814 2638 3995 2708 μέγαν

2430 2744 2748 2798 Ἀθανάσιον
2779 2741 3170 2808 συκοφαντίας.
3214 2738 3337 2790 Ἐπὶ
3373 2738 3480 2804 γὰρ
3510 2735 3567 2788 ἒν
3605 2735 3808 2792 ἐκεῖνος
3844 2730 3998 2797 ἔχειν

2420 2839 2552 2908 φησὶ
2590 2839 2688 2907 τὴν
2738 2834 3017 2904 ἀναφοράν
3062 2833 3130 2885 τὰ
3177 2831 3318 2884 οὕτω
3349 2828 3521 2881 πολλά
3570 2827 3678 2878 τῶν
3708 2822 3996 2891 ὀνομάτων

2418 2934 2665 2994 ἐκείνων,
2707 2930 2886 2982 εἷτουν
2924 2929 3022 2995 τὴν
3048 2926 3238 2978 οὐσίαν
3265 2942 3276 2954 ·
3324 2925 3386 2976 σὺ
3422 2922 3467 2974 δ’
3510 2921 3609 2972 οὐκ
3655 2916 3824 2988 ᾔσθου
3850 2912 3998 2965 κατὰ

2422 3018 2650 3073 σεαυτοῦ
2689 3017 2933 3086 κομίζων
2981 3015 3038 3066 ὃν
3071 3013 3212 3081 ὑπὲρ
3247 3009 3479 3063 σεαυτοῦ
3527 3007 3830 3074 κεκόμικας
3857 3017 3870 3029 ⁸
3906 2999 4000 3051 (ιῦ-

2421 3132 2526 3178 τως
2557 3112 2776 3182 ἀμαθὴς
2808 3105 2855 3162 εἷ
2887 3109 2983 3162 καὶ
3031 3107 3177 3176 μάλα
3205 3106 3481 3173 ἀγροῖκος.
3519 3096 3653 3152 Εἶτα
3684 3097 3777 3148 καὶ
3811 3093 3999 3162 ἄθροι-

2346 3246 2386 3299 C
2423 3226 2535 3278 σμα
2565 3207 2711 3274 λέγει
2759 3207 2854 3257 καὶ
2898 3202 3175 3272 πλήρωμα
3222 3198 3478 3266 θεότητος
3512 3193 3686 3246 ταῦτα
3714 3191 3902 3250 αὐτὸς,
3935 3188 4001 3238 οὺ

2425 3304 2532 3372 μὴν
2561 3298 2830 3367 θεοτήτων
2860 3295 2957 3362 τῆς
2989 3291 3173 3352 οὐσίας
3207 3288 3483 3355 διαφόρων
3515 3285 3657 3337 κατά
3693 3282 3751 3334 σὲ
3781 3282 3874 3332 καὶ
3898 3279 4000 3332 ἁλ-

2421 3395 2616 3464 λήλων.
2660 3391 2782 3452 Πῶς
2811 3389 2918 3457 γὰρ
2955 3386 3011 3448 ὃς
3040 3385 3130 3438 ἐπὶ
3158 3381 3379 3437 ἓν.αὑτά
3407 3380 3508 3449 τὴν
3542 3376 3824 3444 ἀναφορὰν
3849 3372 4004 3440 ἔχειν

2423 3485 2578 3554 φησ“’,
2609 3478 2810 3549 δηλαδὴ
2840 3477 2939 3546 τὴν
2967 3475 3157 3527 οὐσίαν
3182 3492 3195 3536 ;

2497 3577 2553 3628 ιι.
2585 3574 2740 3625 Ἐστι
2782 3569 2916 3623 κάπὶ
2946 3567 3160 3628 τούτοις
3203 3563 3363 3617 ἕκτον
3405 3561 3627 3621 ἄτοπον,
3665 3559 3748 3610 ὅτι
3787 3556 3886 3608 καὶ
3910 3554 4006 3605 τδν

2427 3670 2570 3722 θεῖον
2607 3665 2963 3733 συκοφαντεῖς
2998 3658 3382 3727 Δαμασκηνὸν,
3424 3655 3500 3716 ὡς
3555 3651 3837 3733 προῖοῦσιν
3871 3651 4008 3716 ἡμῖν

2427 3761 2708 3830 εἰρήσεται
2741 3725 2834 3808 καὶ
2871 3753 3003 3806 αὐτὸ
3026 3725 3382 3818 πλατύτερον.
3415 3725 3911 3814 Δειχθήσεταδγὰρ
3946 3740 4008 3791 τὸ

2427 3847 2858 3921 χαρακτηρίζειν
2904 3843 2981 3913 τῷ
3025 3843 3308 3910 διαφέρειν
3343 3839 3418 3908 μὴ
3453 3831 3595 3889 εἶναι
3644 3835 3862 3896 ταυτδν,
3902 3832 4009 3883 κάν

2429 3947 2492 3997 σὺ
2529 3941 2668 4013 βοῶν
2721 3939 3048 4008 διαρραγῇς,
3092 3935 3161 3986 τά
3192 3933 3402 4001 ἄμικτα
3451 3929 3646 3998 μιγνὺς
3695 3925 3790 3977 καὶ
3822 3924 4010 3989 λέγειν

2426 4035 2519 4088 τὸν
2565 4032 2710 4085 θεῖον
2760 4029 2968 4082 ἐκεῖνον
3008 4025 3337 4091 αἰτιώμενος
3388 4020 3560 4082 ἄνδρα
3611 4020 3708 4084 τῆς
3742 4016 4007 4068 ἀκτίστου

2428 4126 2646 4195 φύσεως
2681 4122 2963 4190 διαφέρειν
3004 4118 3101 4186 τὴν
3139 4117 3396 4169 ἅκτιστον
3432 4113 3636 4180 ταύτης
3686 4108 4010 4175 ἐνέργειαν.

2428 4222 2560 4275 Οὐδὲ
2584 4220 2692 4289 γάρ
2720 4217 2892 4278 οὐδεὶς
2940 4215 3048 4266 τῶν
3078 4212 3336 4264 ἁπάντων
3369 4211 3426 4260 ἐν
3469 4211 3577 4267 τοῖς
3623 4205 3836 4256 ἐκείνου
3872 4217 4010 4266 συγ-

2428 4317 2750 4385 γράμμασιν
2781 4309 2898 4363 οὐεὲ
2934 4306 3104 4360 πολλά
3137 4306 3384 4374 μογήσας
3413 4300 3534 4352 οὔτε
3580 4298 3739 4367 μόγις
3776 4296 3923 4362 μέγα
3959 4309 4014 4344 τι

2426 4412 2536 4464 τῶν
2564 4409 2783 4462 πάντων
2831 4403 2954 4456 οὔτε
3009 4401 3151 4470 μάλα
3200 4397 3356 4467 μόλις
3384 4396 3516 4464 γοῦν
3552 4393 3663 4445 τῶν
3705 4390 4012 4456 ἐλαχίστων

2427 4498 2580 4551 οὐδὲν
2635 4496 2940 4563 ὁμότροπον
2984 4490 3049 4543 ἀν
3093 4487 3217 4539 ποθ’
3267 4485 3416 4554 εὖροι
3477 4482 3719 4534 τουτοισὶ
3765 4483 3880 4539 τοίς
3914 4477 4014 4528 νῦν

747 4615 820 4664 to,
853 4601 1096 4665 Palama,
1120 4589 1494 4652 obt'rectatore
1537 4571 1808 4650 detestato
1831 4607 1888 4650 et
1930 4571 2197 4648 insidioso
2233 4595 2315 4647 in-
2350 4598 2399 4655 Ι)
2428 4616 2431 4626 ε

2350 4598 2399 4655 Ι)
2428 4587 2874 4660 παρευρημένοις
2923 4585 3018 4637 καὶ
3067 4577 3510 4648 προτεθειμένοις
3567 4573 3645 4641 τῷ
3711 4571 4013 4639 καταράτῳ

746 4702 911 4751 venta
949 4702 1006 4748 et
1040 4692 1254 4760 prolata
1303 4699 1450 4744 sunt.
1481 4689 1688 4744 Deinde
1717 4689 2046 4742 alterutrum
2073 4688 2320 4755 quidem,

746 4796 844 4842 aut
880 4787 1026 4840 enim
1081 4800 1190 4840 non
1222 4783 1424 4838 invitus
1451 4783 1588 4836 falso
1623 4781 1957 4844 criminaris,
1995 4790 2087 4832 aut
2119 4779 2324 4832 invitus

750 4878 841 4933 illa
876 4877 1120 4946 ignoras,
1146 4884 1200 4929 et
1231 4876 1529 4929 illiteratus
1553 4888 1633 4937 es,
1671 4883 1731 4925 ut
1755 4871 1999 4932 videtur,
2041 4870 2242 4932 adhuc,
2272 4879 2328 4921 et

751 4971 1053 5040 primorum
1085 4967 1371 5036 sapientia:
1391 4966 1793 5021 elementorum
1826 4964 2054 5017 omnino
2080 4962 2322 5031 ignarus,

749 5078 983 5130 quorum
1022 5059 1156 5115 illud
1191 5058 1518 5121 insanabile,
1554 5057 1660 5111 hoc
1702 5058 2110 5110 semimiserum
2147 5053 2329 5121 (dimi-

750 5156 840 5209 dio
879 5154 1099 5222 melius)
1129 5162 1184 5208 et
1208 5151 1454 5206 sanabile
1497 5162 1580 5205 est
1624 5167 1637 5203 :
1672 5149 1720 5204 si
1753 5149 1918 5218 igitur
1961 5157 2017 5201 et
2075 5149 2194 5216 ipse
2224 5146 2325 5209 vis,

750 5249 854 5300 hoc
901 5245 1100 5314 delige.
1163 5244 1508 5298 Alterutrum
1556 5240 1702 5294 enim
1765 5255 1853 5295 me
1901 5239 2149 5292 visurum
2205 5251 2327 5291 esse

749 5354 911 5408 spero
970 5348 1235 5407 optoque,
1263 5345 1356 5390 aut
1410 5345 1463 5389 te
1511 5335 1730 5389 volente
1758 5332 1995 5388 reditum
2025 5314 2202 5391 tuum,
2234 5341 2330 5382 aut

752 5443 804 5488 te
863 5430 1085 5484 nolente.
1143 5430 1425 5485 interitum
1472 5438 1664 5491 tuum;
1707 5427 1938 5479 alterunt
1995 5424 2140 5478 enim
2177 5432 2227 5477 te
2265 5422 2330 5475 Ii-

751 5525 966 5580 berabit
996 5540 1025 5578 a
1056 5523 1299 5590 pernicie
1326 5533 1550 5585 interna,
1577 5522 1819 5576 alterum
1836 5521 2002 5572 etiam
2034 5527 2264 5570 Caeteros
2297 5532 2325 5569 a

754 5618 970 5668 damno.
1034 5615 1320 5680 Quomodo
1384 5615 1553 5684 igitur
1605 5613 1939 5682 persuadere
2002 5608 2331 5662 conabimur

778 5710 844 5764 ali
883 5725 1062 5778 eoque
1103 5711 1216 5778 jam
1262 5710 1439 5762 uitatis
1485 5716 1745 5776 provecto
1795 5713 1929 5763 vim,
1963 5715 2057 5756 aut
2104 5701 2330 5753 omnino

756 5802 1032 5869 quomodo
1066 5816 1174 5853 non
1208 5800 1610 5869 desperandum
1647 5799 1750 5852 erit
1779 5797 1844 5849 de
1873 5796 1988 5849 utili
2015 5796 2161 5859 exitu
2201 5810 2329 5862 pro-

755 5904 977 5969 spectus
1027 5909 1205 5966 neque
1235 5910 1373 5951 vana
1425 5893 1514 5950 lict
1571 5892 1775 5963 opera?
1810 5891 2012 5945 Tamen
2068 5890 2188 5942 vqu
2223 5889 2329 5956 plc-

2434 4701 2517 4736 σοι
2572 4679 2807 4747 Παλαμᾷ
2858 4675 2953 4728 καὶ
3009 4670 3213 4740 δολερῷ
3264 4667 3600 4734 συκοφάντῃ.
3660 4665 3818 4714 Δυοῖν
3877 4660 4016 4728 γοῦν

2431 4777 2622 4828 ἔπειτα
2678 4772 2926 4839 θάτερον,
2984 4767 3015 4835 ἢ
3063 4766 3170 4833 γὰρ
3224 4760 3367 4813 ἑκὼν
3422 4757 3768 4826 βλασφημεῖς
3821 4753 3855 4820 ἢ
3915 4753 4016 4821 οὐχ

2432 4867 2572 4920 ἑκὼν
2603 4865 2839 4930 ἀγνοεῖς,
2874 4857 3257 4926 ἀναλφάϐητος
3284 4853 3382 4914 ὢν,
3420 4853 3496 4913 ὼς
3539 4851 3738 4910 ἔοικεν,
3774 4847 3878 4904 ἔτι,
3918 4847 4014 4897 καὶ

2431 4957 2540 5010 τῶν
2575 4956 2804 5023 πρώτων
2835 4951 2932 5018 τῆς
2982 4947 3175 5016 σοφίας
3212 4944 3492 5014 στοιχείων
3535 4943 3674 4993 πάνυ
3726 4956 3776 4990 τι
3815 4939 4010 5005 ἀδαὴς.

2431 5045 2531 5102 ’Ὧν
2572 5052 2630 5100 τὸ
2684 5047 2782 5114 μὲν
2826 5044 3068 5105 ἀνίατον,
3098 5040 3158 5092 τὸ
3215 5037 3261 5091 δ’
3309 5034 3692 5106 ἡμιμόχθηροι)
3743 5033 3836 5082 καὶ
3875 5031 4016 5082 ἰάσι-

2437 5163 2536 5215 μον
2565 5161 2578 5175 ·
2615 5143 2682 5212 ἢν
2728 5139 2821 5194 οὖν
2866 5140 2961 5190 καὶ
3008 5137 3169 5195 αὐτὸς
3203 5130 3416 5202 ἐθέλῃς,
3459 5129 3582 5181 ὲλοῦ
3633 5127 3694 5179 τὸ
3730 5125 4012 5192 δεύτερον.

2433 5240 2588 5291 Δυνιῖν
2631 5239 2739 5303 γάρ
2778 5231 3004 5301 δψεσθαι
3052 5229 3281 5294 θάτερον
3311 5223 3516 5286 ἐλπίζω
3552 5220 3648 5272 καὶ
3689 5217 3946 5288 εὔχομαι,
3979 5218 4009 5287 ἢ

2432 5332 2528 5401 τὴν
2593 5329 2691 5398 σὴν
2737 5324 3098 5396 ἐπιστροφὴν,
3140 5322 3188 5371 εἰ
3223 5318 3425 5388 βούλει,
3458 5316 3490 5382 ἢ
3538 5314 3637 5382 τὴν
3691 5312 3791 5379 σὴν
3836 5328 4014 5362 κατα-

2435 5420 2700 5490 στροφὴν,
2734 5419 2781 5469 εἰ
2826 5418 2901 5485 μὴ
2934 5413 3135 5484 βούλει.
3174 5410 3246 5461 Τὸ
3281 5408 3379 5477 μὲν
3417 5408 3525 5474 γάρ
3555 5405 3614 5455 σὲ
3669 5401 3769 5470 τῆς
3820 5401 4018 5452 πολυε-

2434 5513 2559 5574 τοῦς
2592 5512 2866 5572 ἀπωλείας
2895 5512 3180 5575 ἐξελεῖται,
3210 5508 3270 5560 τὸ
3302 5507 3357 5560 δὲ
3391 5506 3489 5558 καὶ
3530 5505 3656 5564 τοὺς
3708 5502 3905 5561 ἄλλους
3941 5498 4016 5568 μὴ

2437 5606 2794 5677 βλάπτεσθαι.
2847 5604 3021 5656 Πόθεν
3059 5601 3148 5654 οὖν
3184 5600 3599 5670 ἐπιχειροίημεν
3647 5596 3714 5648 ἂν
3749 5593 4020 5662 μεταπεί-

2435 5701 2547 5753 θειν
2578 5700 2746 5767 ἄνδρα
2776 5696 3027 5749 τοσοῦτον
3061 5695 3155 5746 καὶ
3188 5693 3359 5754 οὕτως
3394 5692 3612 5761 ἡλικίας
3667 5688 3862 5756 ἔχοντα
3891 5704 3903 5748 ;
3945 5683 4016 5734 Ἰι

2436 5797 2653 5854 πάντως
2678 5793 2801 5843 ὅθεν
2826 5789 2926 5840 οὒκ
2952 5787 3275 5839 ἀνέλπιστον
3306 5783 3370 5836 ἂν
3410 5782 3495 5853 εἴη
3529 5782 3594 5833 τὸ
3624 5780 3851 5848 σκέμμα
3879 5775 4016 5842 πρθς

2437 5887 2717 5955 ὠφέλιμον
2753 5883 2922 5945 τέλος,
2958 5880 3093 5950 μηδὲ
3127 5880 3356 5948 μάταιος
3389 5875 3587 5945 γένοιτ’
3623 5873 3690 5930 ἂν
3721 5874 3754 5943 ἡ
3785 5868 4018 5939 σπουδή.
