4264 6362
164 426 265 490 249

1156 418 1601 483 ΒΥΖΑΝΤΙΝᾸΞ
1668 412 2055 475 ΗΙΞΤΟΒΙᾹΞ
2099 417 2239 479 LIB.
2287 418 2470 478 XXX.

3297 411 3402 474 250

168 537 440 605 Βούλομαι
501 533 547 586 δ’
596 533 687 586 οὖν
752 534 899 602 ὅμως
955 531 1340 601 ἐντελεστέραν
1404 531 1502 583 τοῦ
1574 527 1733 594 λόγου
1764 526 1852 582 At

1718 526 1811 582 JA
1841 530 2052 585 niorcm
2111 531 2164 583 in
2215 531 2476 584 orationis
2526 527 2685 583 initio
2740 541 2930 581 eorum
2981 540 3101 596 quae
3148 524 3402 580 dicentur

168 628 471 700 ἀρχόμενος
522 627 621 696 τὴν
658 626 765 677 τών
821 623 1211 694 ῥηθησομένων
1268 619 1599 692 ποιήσασθαί
1653 634 1738 670 σοι

172 722 635 793 προκατάστασιν,
666 719 759 770 καὶ
795 716 1005 780 διδάξαι
1038 717 1129 770 τὸν
1160 716 1347 786 ἀμαθῆ
1381 714 1440 768 σι
1471 713 1531 779 ἐξ
1561 712 1741 767 αὐτῶν

174 812 479 881 ἀρχόμενος
508 810 616 863 τῶν
664 810 852 863 ἁπλῶν
893 807 1182 879 στοιχείων
1212 806 1305 861 καὶ
1332 802 1550 875 φωνῶν,
1577 801 1652 865 ώς
1691 803 1740 855 οῑ

177 902 595 973 γραμματισταὶ
626 901 696 954 τὰ
727 901 1010 970 μειράκια,
1050 899 1136 951 ῖνα
1187 899 1264 968 μὴ
1315 896 1559 965 συνεχῶς
1607 894 1744 963 πρὸς

176 994 283 1046 τῶν
335 992 554 1046 πολλῶν
612 991 706 1043 καὶ
748 991 912 1053 αὐτὸς
966 989 1169 1059 ἀκούῃς
1225 990 1401 1041 ἐκεῖνο
1428 988 1492 1057 δὴ
1541 986 1603 1039 τδ
1647 984 1743 1039 τοῦ

181 1084 467 1145 Πλάτωνος
521 1082 783 1151 σκῶμμα,
812 1081 889 1144 ώς
937 1080 1160 1149 ἀμαθὴς
1209 1075 1278 1139 εί.
1315 1073 1360 1133 ὦ
1411 1080 1618 1150 ἑταῖρε,
1651 1078 1746 1129 καὶ

178 1179 274 1244 οὐχ
308 1175 420 1245 ἔπῃ
443 1190 460 1206 ·
490 1170 526 1245 ἦ
557 1175 663 1245 γὰρ
690 1172 755 1227 ἂν
790 1171 902 1225 οὐδ’
931 1170 1096 1224 αὑτοῦ
1131 1188 1193 1236 γε
1233 1169 1297 1240 δὴ
1340 1156 1623 1223 Βασιλείου
1649 1165 1747 1221 τοῦ

180 1267 322 1319 θείου
382 1266 756 1327 παντάπασιν,
792 1264 869 1325 di;
905 1263 1104 1326 ῑοικεν,
1153 1262 1384 1331 ἀνήκοος
1431 1258 1624 1329 μείνας
1679 1261 1745 1329 τῇ

181 1355 461 1423 ἐπιστήμῃ
507 1350 647 1422 μετὰ
688 1352 787 1419 τῆς
835 1350 1118 1413 εὐσεϐείας
1166 1350 1310 1403 οὕτω
1356 1348 1747 1419 προσέκοπτες,

182 1441 471 1509 όμιλητέον
516 1436 655 1494 εῐναι
701 1440 951 1507 λέγοντος
1000 1438 1253 1508 ποιηταῖς
1303 1436 1397 1489 καὶ
1450 1434 1752 1502 λογοποιοῖς

183 1534 273 1585 καὶ
326 1535 556 1602 ῥήτορσι
604 1530 702 1585 καὶ
748 1531 923 1584 πᾶσιν
950 1528 1261 1598 ἀνθρώποις
1301 1525 1425 1579 ὅθεν
1469 1525 1534 1578 ἂν
1566 1522 1753 1593 μέλλοι

184 1625 319 1692 πρὸς
356 1624 457 1694 τὴν
487 1624 589 1693 τῆς
634 1622 812 1691 ψυχῆς
871 1620 1194 1691 ἑπιμέλειαν
1240 1608 1477 1685 ὠφέλειά
1506 1632 1589 1677 τις
1637 1614 1755 1666 ἔσε-

184 1717 327 1770 σθαι.
354 1716 571 1783 Ὠσπερ
586 1714 695 1783 γὰρ
716 1715 765 1767 οί
795 1712 1105 1766 δευσοποιοὶ
1125 1706 1755 1779 προπαρασκευάσαντες

1843 623 2133 677 instituere
2194 621 2291 675 tibi
2349 620 2782 677 institutionem,
2835 628 2889 672 et
2937 629 2988 673 te
3049 616 3282 671 edoccre
3335 632 3403 670 ex

1844 713 1977 783 ipsis
2005 712 2220 767 initium
2254 726 2476 767 sumens
2524 710 2866 779 simplicibus
2912 707 3198 762 elementis
3227 715 3281 761 et
3319 720 3405 759 so-
3470 712 3474 719 '

1844 806 1952 870 uls,
1980 813 2041 859 ut
2069 804 2309 873 magistri
2336 816 2556 873 pueros,
2590 818 2655 855 ne
2687 812 2902 870 semper
2932 796 3094 868 283
3124 812 3189 852 ex
3220 794 3409 850 multis

1844 908 1902 956 ot
1941 898 2056 967 ipse
2086 898 2277 952 audias
2308 898 2439 952 illttd
2488 898 2730 952 Platonis
2763 893 3082 956 ludibrium,
3114 887 3286 954 Quam
3330 874 3411 939 in-

1846 993 2042 1047 doctus
2059 1006 2139 1057 es,
2165 990 2358 1053 amice,
2387 1004 2561 1058 neque
2584 986 2936 1056 intelligendo
2962 998 3059 1037 nos
3078 978 3408 1049 assequeris.

1851 1084 2097 1138 Profecto
2125 1082 2294 1146 enim,
2322 1095 2636 1151 quanquam
2669 1094 2735 1131 ne
2771 1076 2945 1144 ipsius
2974 1073 3193 1142 quidem
3224 1068 3409 1124 Basilii

1849 1174 2019 1229 divini
2054 1170 2256 1228 videris
2284 1173 2505 1225 omnino
2536 1169 2837 1238 neglexisse
2874 1163 3297 1226 institutionem,
3333 1161 3405 1213 ita

1850 1260 2170 1319 odendebas
2200 1262 2254 1316 in
2287 1261 2514 1315 scientia
2543 1268 2595 1313 et
2625 1258 2850 1327 pietate,
2879 1253 2970 1322 qui
3000 1250 3219 1320 quidem
3259 1249 3414 1303 fami-

1851 1356 2063 1411 liariter
2094 1352 2356 1407 utendum
2388 1364 2506 1403 esse
2553 1349 2686 1403 dicit
2735 1347 2911 1416 poetis
2943 1354 2999 1399 et
3036 1341 3313 1397 historicis
3360 1350 3416 1392 et

1854 1444 2170 1500 rhetoribus
2214 1454 2271 1497 et
2309 1440 2563 1495 omnibus
2614 1435 2949 1496 hominibus,
2997 1448 3064 1487 ex
3100 1432 3301 1500 quibus
3351 1430 3417 1482 ad

1856 1538 2020 1593 animi
2055 1549 2244 1590 curam
2294 1533 2505 1587 fructus
2540 1528 2742 1600 aliquis
2773 1526 3179 1581 redundaturus
3222 1523 3313 1576 sit.
3350 1520 3418 1575 Ut

1856 1630 2003 1683 enim
2030 1629 2292 1681 tinctores
2325 1641 2448 1679 cum
2487 1617 3108 1692 przepararuntmnltum
3140 1610 3420 1667 tractando

1859 1721 1912 1775 id
1968 1718 2113 1789 quod
2139 1731 2361 1772 succum
2385 1716 2634 1784 recipiat.
2660 1723 2772 1767 tum
2798 1711 3018 1765 demum
3049 1706 3287 1761 colorem
3319 1702 3421 1755 oh-

184 1807 244 1875 ιί.
269 1809 369 1862 157
405 1806 485 1899 ν.]ῗ
503 1805 825 1874 θεραπείαις
845 1805 988 1858 τισὶν
1015 1804 1044 1856 ό
1068 1819 1122 1855 τι
1146 1803 1261 1854 ποτ⁵
1299 1801 1364 1853 ἂν
1397 1796 1513 1870 ᾖτδ
1532 1796 1754 1864 δεξόμε-
1783 1840 1829 1899 Β
1865 1842 1868 1860 ,

1739 1821 1754 1836 ’
1783 1840 1829 1899 Β
1865 1814 2105 1873 ducunt,
2138 1810 2253 1865 sive
2291 1820 2623 1878 purpureum
2671 1807 2785 1858 sive
2814 1802 3018 1865 alium;
3045 1798 3234 1850 eodem
3268 1794 3423 1861 plane

183 1918 270 1953 νον
312 1902 419 1971 τὴν
467 1898 671 1969 βαφὴν,
707 1896 851 1952 οὕτω
894 1895 957 1949 τὸ
997 1895 1156 1957 ἄνθος
1204 1892 1524 1959 ἐπάγουσιν,
1577 1888 1642 1942 ἄν
1692 1905 1752 1941 τε

186 1994 455 2062 ἁλουργὸν
490 1994 555 2047 ἄν
583 1991 641 2043 τέ
671 2008 725 2043 τι
751 1990 940 2059 ἓτερον
965 1984 1023 2061 ᾖ,
1054 1988 1147 2040 τὸν
1173 1986 1338 2039 αὐτὸν
1364 1983 1429 2053 δὴ
1456 1983 1548 2035 καὶ
1590 1982 1754 2048 ἡμεῖς

183 2085 403 2154 τρόπον,
432 2084 481 2136 εί
538 2081 721 2144 μέλλοι
777 2079 1114 2139 άνέκπλυτος
1167 2077 1303 2144 ἡμῖν
1356 2077 1388 2141 ὴ
1434 2070 1528 2125 τοῦ
1586 2067 1754 2122 καλοῦ

186 2174 533 2244 παραμένειν
562 2171 712 2237 δόξα,
738 2172 853 2234 τοῖς
882 2171 990 2237 ἔξω
1016 2168 1082 2238 δὴ
1115 2166 1327 2227 τούτοις
1359 2160 1749 2231 προτελεσθέν-

183 2283 271 2329 τες
316 2263 624 2335 τηνικαῦτα
660 2262 773 2316 τῶν
818 2261 979 2334 ιερῶν
1012 2260 1111 2313 καὶ
1149 2254 1478 2326 ἀπορρήτων
1522 2253 1758 2303 ἐπακου-

188 2359 397 2427 σόμεθα
434 2356 839 2426 παιδευμάτων,
870 2354 970 2408 καὶ
1014 2345 1129 2404 οἷον
1174 2350 1234 2402 ὲν
1283 2347 1435 2400 ὕδατι
1467 2344 1559 2395 τὸν
1607 2342 1758 2412 ἥλιον

186 2454 315 2523 όρᾷν
372 2449 706 2515 ἐθισθέντες,
766 2445 940 2507 οὕτως
988 2441 1143 2513 αὐτῷ
1200 2436 1620 2511 προσϐαλοῖῳεν
1678 2431 1759 2501 τῷ

190 2546 329 2617 φωτὶ
378 2545 481 2609 τὰς
529 2542 701 2613 ὄψεις.
758 2540 993 2607 Λέγεται
1046 2536 1125 2598 δὲ,
1183 2534 1341 2602 φησὶ,
1398 2528 1492 2583 καὶ
1551 2524 1760 2595 Μωσῆν

188 2641 402 2691 ἐκεῖνον
428 2635 521 2689 τδν
542 2635 709 2697 πάνυ,
739 2630 799 2685 οὔ
831 2627 1088 2700 μέγιστόν
1116 2624 1267 2677 ἔστιν
1294 2621 1389 2674 ὲπὶ
1416 2620 1580 2689 σοφία
1605 2616 1758 2685 παρὰ

189 2732 357 2783 πᾶσιν
396 2726 706 2796 ἀνθρώποις
756 2723 949 2793 ὄνομα,
978 2721 1093 2784 τοῖς
1138 2713 1455 2785 Αἰγυπτίων
1498 2709 1760 2780 μαθήμα-

192 2839 272 2875 σιν
302 2819 797 2890 ἐγγυμνασάμενον
847 2814 945 2883 τὴν
992 2812 1235 2867 διάνοιαν
1256 2806 1403 2863 οὕτω
1437 2803 1763 2875 προσελθεῖν

189 2917 256 2985 τῇ
300 2912 512 2983 θεωρίᾳ
538 2910 634 2964 τοῦ
673 2909 825 2970 ὄντος
848 2923 862 2939 ·
914 2900 1316 2975 παραπλησίως
1358 2897 1416 2951 δὲ
1445 2895 1624 2964 τούτῳ
1658 2893 1762 2946 κάν

188 2984 298 3069 τοῖς
338 3007 496 3058 κάτω
535 3001 749 3071 χρόνοις
776 2999 868 3052 τὸν
897 2996 1061 3065 σοφδν
1093 2992 1294 3062 Δανιὴλ
1321 2990 1414 3043 ἐπὶ
1443 2984 1766 3047 Βασυλῶνός

193 3111 327 3162 φασι
356 3093 458 3163 τὴν
487 3090 771 3145 Χαλδαίων
826 3084 1021 3155 σοφίαν
1071 3079 1459 3151 καταμαθόντα
1508 3077 1628 3129 τότε
1657 3073 1765 3127 τῶν

190 3184 351 3238 θείων
400 3179 640 3250 ἅψασθαι
689 3174 1097 3241 παιδευμάτων.
1139 3169 1294 3225 Ἐπεὶ
1336 3165 1470 3234 γοῦν
1503 3162 1539 3218 ἃ
1573 3179 1767 3215 πεντε-

192 3273 485 3341 καιδεκέτη
543 3285 604 3320 σε
666 3266 860 3336 μαθεῖν
910 3263 1075 3332 ἐχρῆν
1130 3260 1231 3312 οὐκ
1286 3254 1513 3324 ἔμαθες,
1542 3252 1663 3306 οὐδέ
1698 3267 1764 3318 γε

190 3367 472 3436 φράτορας
496 3359 730 3425 ἑπτέτης
760 3356 969 3424 ιφυσας
1002 3352 1145 3405 κατά
1186 3367 1251 3418 γε
1282 3348 1375 3402 τὸν
1403 3348 1459 3412 ἐξ
1504 3343 1762 3412 Ἀττικῆς

191 3460 355 3529 σοφὸν
406 3454 605 3517 εἰπεῖν,
642 3448 776 3503 ἀλλὰ
830 3448 891 3499 τὸ
942 3445 1039 3514 τῆς
1083 3440 1385 3513 παροιμίας
1424 3437 1534 3493 ἀπὸ
1571 3436 1767 3504 κώπης

188 3556 276 3607 ἐπὶ
314 3553 383 3605 τὺ
406 3551 557 3619 βῆμα
604 3547 700 3599 καὶ
740 3543 801 3596 τὸ
834 3540 1162 3609 στρατήγιον
1208 3534 1469 3603 ἐξαίφνης
1504 3530 1764 3600 ἔδραμες,

188 3644 332 3710 λέγω
368 3639 434 3708 δὴ
464 3618 541 3691 γτδ
582 3634 854 3701 θεολογεῖν
898 3631 1146 3689 ἀνίπτοις
1180 3642 1240 3678 τε
1282 3622 1440 3694 χερσὶ
1471 3620 1568 3673 καὶ
1593 3618 1769 3688 σαθρᾷ

187 3733 421 3800 διανοίᾳ,
458 3731 592 3800 φέρε
617 3730 721 3779 κάν
756 3726 813 3777 ὲν
839 3723 990 3793 γήρᾳ
1017 3717 1297 3788 διδάχθητι
1326 3711 1460 3782 παρ’
1488 3712 1645 3781 ἡμῶν
1669 3711 1769 3772 τὰς

188 3822 560 3894 στοιχειώδεις
589 3818 794 3878 ταύτας
825 3814 919 3866 καὶ
950 3810 1177 3882 πρώτας
1218 3808 1406 3877 φωνάς
1432 3805 1543 3857 τῶν
1578 3820 1765 3874 γραμ-

192 3918 405 3986 μάτων,
436 3912 512 3976 ώς
563 3910 627 3964 ἂν
674 3905 1078 3977 εὐμαθέστερος
1121 3901 1253 3964 ἴσως
1313 3898 1609 3968 γενόμενος
1667 3893 1768 3962 τῆς

188 4009 347 4071 θείας
384 4005 521 4067 τέως
568 4000 776 4056 αῖσθοιο
806 3996 1053 4069 Γραφῆς,
1095 3997 1191 4048 καὶ
1248 3992 1446 4063 μηκέτι
1498 3987 1566 4041 δι’
1602 3986 1763 4056 ὄχλου

188 4105 256 4173 τῇ
284 4096 541 4167 εὐσεϐείᾳ
570 4094 797 4164 γίγνοιο,
828 4088 1177 4158 δημαγωγῶν
1206 4085 1242 4139 ἃ
1283 4087 1396 4147 τοῖς
1441 4083 1593 4136 κάτω
1636 4077 1770 4148 μᾶλ-

190 4171 283 4247 λον
323 4191 362 4261 ἢ
406 4189 519 4251 τοῖς
567 4185 679 4238 ἄνω
723 4184 925 4251 πρέπει
987 4181 1219 4246 νεκροῖς.
1255 4177 1335 4230 Τὰ
1387 4177 1497 4243 γὰρ
1549 4171 1768 4225 ἐναντία

188 4286 302 4347 τοῖς
365 4277 626 4339 ἐναντίοις
658 4272 933 4345 ὁρίζεσθαι
971 4285 1029 4322 τε
1084 4268 1179 4321 καὶ
1225 4262 1570 4336 διορθοῦσθαι
1618 4263 1773 4332 νόμι-

190 4393 312 4444 μον,
349 4371 475 4424 ἐπεὶ
515 4368 611 4420 καὶ
638 4364 924 4436 Χαρμίδης
963 4365 990 4415 ό
1018 4362 1351 4430 Λαρισσαῖος
1377 4356 1621 4417 ἀκούσας
1649 4355 1769 4424 διη-

186 4459 466 4529 γουμένου
523 4454 668 4515 τινὸς
701 4453 761 4504 ὲν
793 4450 945 4503 ὕδατι
977 4448 1153 4512 ζέοντι
1206 4446 1389 4510 ζώσας
1440 4445 1569 4498 ίδεῖν
1612 4444 1768 4512 ἐγχέ-

184 4555 349 4613 λυας,
381 4544 593 4602 Οὐκοῦν
623 4546 679 4598 ὲν
721 4541 915 4612 ψυχρῷ
948 4539 1156 4602 ταύτας
1201 4540 1515 4608 ἑψήσωμεν,
1540 4537 1763 4603 ἔφησεν.

185 4640 300 4705 Ἠς
337 4635 435 4693 οὖν
477 4637 571 4690 καὶ
602 4634 765 4696 αὐτὸς
794 4632 1051 4694 ἀσύνετος
1097 4631 1320 4698 ἔμεινας
1351 4625 1771 4681 πεντεκαιδεκέ-

186 4751 293 4803 της
345 4729 621 4792 παιδείας,
668 4725 872 4794 ταύτης
902 4722 1045 4793 ὑπὲρ
1082 4723 1151 4774 τὰ
1205 4720 1470 4787 ἑξήκοντα
1529 4717 1771 4786 γεγονὼς

186 4822 475 4894 ἀκροατὴν
507 4818 731 4874 σεαυτὸν
784 4814 1169 4869 ἀποδεικνύναι
1225 4812 1300 4883 μὴ
1332 4811 1563 4877 ἀπαξίου
1596 4811 1771 4881 τήμε-

189 4936 309 4988 ρον,
341 4914 456 4968 τῶν
494 4912 679 4967 ἁπλῶν
715 4908 915 4981 δηλαδὴ
967 4909 1059 4961 καὶ
1106 4905 1401 4976 ἁρχοειδῶν
1450 4903 1643 4971 φωνῶν
1678 4904 1772 4955 καὶ

188 5010 499 5081 στοιχείων.
529 5003 716 5060 Ταῦτα
763 5004 809 5057 δ’
834 5004 899 5056 ἂν
940 5003 1158 5061 πάντως
1204 4998 1289 5069 εἴη
1340 4999 1409 5051 τά
1448 4996 1496 5047 τ’
1529 4995 1772 5064 ὀνόματα

190 5106 288 5158 καὶ
325 5102 573 5171 ῥήματα.
600 5098 821 5167 Πρῶτον
850 5095 958 5164 γὰρ
988 5094 1070 5146 δεῖ
1091 5092 1302 5154 θέσθαι,
1334 5090 1489 5158 φασὶ,
1517 5088 1571 5141 τί
1600 5088 1773 5157 δνομα

192 5198 290 5251 καὶ
330 5195 384 5245 τί
419 5193 596 5262 ῥῆμα,
627 5189 791 5241 οἱονεί
843 5204 965 5240 τινα
1016 5187 1243 5255 στερρὸν
1274 5183 1541 5252 θεμέλιον,
1577 5180 1773 5231 ἔπειτα

187 5289 243 5341 τί
296 5289 451 5340 ἐστιν
486 5282 764 5352 ἀπόφασις
809 5279 907 5332 καὶ
954 5278 1266 5343 κατάφασις
1322 5276 1418 5327 καὶ
1461 5274 1771 5339 ἁπόφανσις

189 5380 285 5433 καὶ
342 5378 528 5442 λόγος,
586 5374 683 5427 καὶ
732 5373 833 5425 ὅσα
886 5370 951 5423 ὲκ
1002 5369 1103 5437 τῆς
1158 5366 1503 5436 ἀνθρωπίνης
1567 5361 1772 5429 ταύτης

187 5469 504 5538 ἐπιπλοκῆς
527 5467 622 5520 καὶ
651 5464 957 5525 συνθέσεως
990 5460 1098 5512 τῶν
1134 5477 1190 5511 τε
1223 5460 1508 5527 ὀνομάτων
1536 5459 1630 5511 καὶ
1659 5457 1769 5509 τῶν

189 5563 464 5633 ῥημάτων
491 5556 908 5613 ἀποτελοῦνται.
952 5553 1106 5605 Σκιαὶ
1133 5553 1242 5621 γὰρ
1278 5551 1441 5603 οἱονεί
1482 5551 1627 5612 τινές
1662 5551 1769 5601 είσι

184 5656 299 5709 τῶν
340 5653 689 5722 πραγμάτων
733 5651 791 5704 αί
842 5647 1038 5716 φωναὶ,
1069 5645 1206 5715 πρὸς
1253 5644 1350 5709 τάς
1383 5645 1627 5713 κινήσεις
1663 5644 1769 5695 τῶν

186 5746 524 5812 ὑφεστώτων
555 5741 1021 5813 σχηματιζόμεναι
1048 5737 1141 5791 καὶ
1169 5736 1395 5806 ὀνόμασι
1426 5738 1520 5788 καὶ
1557 5737 1769 5805 ῥήμασι

187 5838 623 5910 κεραννύμεναι·
670 5834 792 5890 οὐδὲ
830 5834 939 5905 γὰρ
989 5831 1144 5901 φύσει
1186 5833 1298 5895 τοῖς
1348 5830 1635 5900 πράγμασι
1687 5830 1754 5886 τὰ

1860 1903 2023 1959 modo
2073 1916 2174 1955 nos
2226 1896 2533 1968 quoque,si
2592 1893 2935 1947 indelebilem
2999 1886 3155 1942 nobis
3197 1885 3421 1954 gloriam

1859 1993 2073 2064 pulchri
2140 2006 2359 2046 manere
2440 1989 2715 2049 volumus,
2775 1993 3063 2054 postquam
3124 1978 3229 2030 illis
3304 1988 3424 2041 qua:

1857 2094 2011 2138 extra
2043 2091 2193 2144 sunt,
2229 2078 2523 2148 praeparati
2572 2089 2784 2134 sumus,
2814 2080 2928 2124 tum
2963 2071 3185 2123 demum,
3212 2078 3422 2116 sacram

1858 2185 1914 2231 et
1944 2183 2210 2229 secretam
2235 2171 2523 2226 audiemus
2545 2166 2874 2223 doctrinam,
2896 2172 2950 2216 et
2998 2170 3056 2211 ut
3085 2156 3326 2223 alioquin
3371 2153 3426 2205 in

1859 2282 1999 2337 aqua
2033 2266 2202 2322 solem
2224 2264 2414 2318 videre
2439 2260 2581 2317 soliti
2606 2274 2816 2319 sumus,
2848 2256 2920 2308 ita
2955 2254 3007 2307 in
3037 2252 3218 2304 lumen
3247 2250 3424 2316 ipsum

1861 2367 2245 2416 convertemus
2270 2355 2479 2409 oculos.
2529 2351 2743 2405 Dicitur
2774 2357 2979 2407 autem,
3022 2342 3222 2410 inquit,
3254 2341 3428 2392 Moses

1862 2466 2083 2522 quoque
2137 2448 2230 2503 ille
2297 2443 2712 2504 celeberrimus,
2780 2439 2934 2508 cujus
2993 2434 3285 2488 niaximum
3343 2440 3430 2484 est

1862 2549 2084 2611 prepter
2112 2536 2431 2607 sapientiam
2486 2531 2629 2602 apud
2687 2530 2937 2584 homines
2977 2538 3168 2578 omnes
3204 2536 3424 2581 nomen,

1864 2640 2150 2703 postquam
2201 2630 2257 2684 in
2305 2627 2502 2683 litteris
2560 2623 2934 2694 [Egyptiorum
2990 2627 3225 2671 mentem
3274 2628 3428 2666 suam

1863 2725 2240 2787 exercuisset,
2272 2730 2388 2773 tum
2440 2718 2658 2771 demum
2713 2711 3012 2766 accessisse
3061 2708 3123 2760 ad
3181 2704 3430 2759 veritatis

1864 2817 2149 2876 scientiam
2169 2828 2185 2867 :
2205 2812 2365 2869 simili
2390 2811 2599 2866 ratione
2630 2808 2791 2863 etiam
2833 2813 3017 2874 postea
3041 2799 3312 2855 Danielem
3341 2812 3429 2850 sa-

1864 2911 2104 2981 pientem
2139 2907 2331 2962 dicunt
2369 2904 2642 2973 Babylone
2672 2898 3053 2954 Chaldaeorum
3107 2889 3429 2960 sapientiam

1865 3002 2124 3058 edoctum
2197 3011 2381 3053 rerum
2428 2994 2735 3049 divinarum
2791 2986 3092 3041 doctrinam
3148 2988 3429 3034 tractasse.

1867 3091 2138 3159 Quoniam
2186 3102 2308 3158 qua:
2357 3084 2670 3156 quindecim
2711 3093 2885 3134 annos
2936 3086 3121 3130 natum
3182 3070 3349 3141 284
3380 3080 3432 3123 te

1794 3176 1839 3234 ο
1871 3184 2084 3238 discere
2134 3178 2448 3249 oportebat,
2518 3190 2625 3228 non
2684 3169 2948 3227 didicisti,
3008 3174 3170 3234 atque
3222 3170 3431 3230 septem

1867 3286 2042 3327 annos
2072 3277 2233 3323 natus
2256 3282 2323 3321 ne
2347 3265 2579 3337 gentiles
2607 3261 2828 3332 quidem
2868 3255 3236 3311 contendebas
3265 3263 3326 3305 ut
3350 3267 3435 3304 se-

1868 3362 2108 3419 eundum
2185 3359 2486 3428 sapientem
2550 3356 2698 3409 illum
2748 3351 3138 3405 Atheniensem
3194 3344 3431 3411 loquar.

1867 3451 1962 3508 sed
1993 3466 2059 3505 ex
2094 3463 2269 3511 remo,
2296 3457 2357 3500 ut
2387 3447 2559 3506 aiunt,
2596 3443 2647 3495 in
2677 3449 2992 3507 suggestum
3022 3445 3075 3490 et
3113 3433 3430 3503 prmtorium

1871 3548 2095 3613 repente
2126 3548 2178 3595 te
2212 3535 2513 3608 coniecisti,
2545 3535 2649 3587 hoc
2678 3530 2887 3586 scilicet
2910 3529 3053 3588 dico,
3096 3524 3240 3595 quod
3279 3532 3333 3576 tu
3364 3519 3430 3574 ad

1868 3649 1958 3690 res
2011 3632 2229 3687 divinas
2286 3624 2571 3683 accessisti
2624 3622 2790 3677 illotis
2842 3619 3095 3673 manibus
3142 3629 3197 3669 et
3253 3621 3434 3666 mente

1870 3727 2087 3789 obtusa,
2109 3738 2207 3792 age
2237 3721 2401 3775 etiam
2437 3731 2605 3773 senex
2659 3713 2909 3769 doccaris
2942 3726 2970 3763 a
3002 3707 3161 3763 nobis
3198 3707 3299 3759 hos
3322 3704 3435 3757 cle-

1870 3814 2170 3871 mentarios
2197 3820 2252 3867 et
2282 3810 2488 3880 primos
2528 3820 2691 3862 sonos
2748 3804 3073 3865 litterarum,
3116 3807 3174 3852 ut
3221 3796 3435 3851 doctior

1869 3909 2066 3967 factus.
2100 3904 2339 3959 divinam
2384 3902 2729 3970 aliquatenus
2778 3894 3042 3962 intelligas
3070 3888 3433 3957 Scriptorum,

1871 4012 2052 4069 neque
2086 3995 2241 4051 oneri
2294 3993 2372 4047 sis
2414 3989 2635 4061 pietati;
2674 4002 2797 4042 cum
2829 3984 3041 4054 plebem
3078 3980 3143 4033 ad
3198 3993 3259 4033 ea
3313 3991 3436 4044 per-

1871 4068 2059 4152 ducas,
2091 4102 2212 4157 quze
2250 4084 2421 4155 magis
2445 4083 2638 4137 decent
2664 4088 2931 4140 mortuos,
2969 4074 3062 4143 qui
3096 4068 3240 4124 inl‘ra
3272 4082 3432 4136 quam

1871 4196 1964 4236 eos
2012 4179 2105 4249 qui
2163 4190 2327 4244 supra
2379 4184 2580 4227 terram
2634 4177 2943 4228 versantur,
2998 4161 3224 4215 adversa
3286 4154 3434 4209 enim

1870 4271 2114 4327 adversis
2140 4266 2383 4322 dividere
2415 4273 2466 4317 et
2502 4260 2776 4328 corrigere
2800 4258 3004 4327 justum
3036 4261 3137 4313 est,
3168 4246 3439 4319 quantuli-

1872 4380 1987 4420 rem
2048 4362 2211 4417 etiam
2254 4354 2576 4413 Charmides
2638 4346 3002 4407 Larissensis,
3045 4357 3168 4395 cum
3220 4337 3437 4391 audiret

1873 4456 2162 4527 quemdam
2204 4459 2513 4505 narrantem
2568 4461 2625 4499 se
2669 4444 2722 4497 in
2778 4454 2916 4510 aqua
2968 4441 3231 4490 :estuante
3283 4430 3435 4481 vivas

1874 4549 2073 4603 vidisse
2128 4542 2416 4612 anguillas,
2468 4538 2575 4592 Has
2619 4536 2807 4604 igitur,
2871 4527 3070 4596 inquit,
3139 4524 3191 4576 in
3241 4518 3436 4589 frigida

1875 4654 2193 4709 eoquemus.
2227 4634 2296 4689 Ut
2322 4632 2486 4702 igitur
2512 4637 2567 4680 et
2591 4628 2706 4695 ipse
2746 4625 2969 4694 ignarus
3005 4613 3252 4669 mansisti
3276 4610 3438 4680 quin-

1874 4730 2049 4784 decim
2082 4739 2255 4780 annos
2284 4733 2443 4777 natus
2476 4717 2764 4777 doctrinrc,
2815 4714 2885 4765 ita
2928 4712 3046 4778 ejus
3086 4714 3299 4758 :etatcm
3341 4716 3438 4752 an-

1874 4832 2068 4872 norum
2104 4814 2379 4883 sexaginta
2420 4822 2674 4875 egressus
2728 4814 2777 4856 te
2821 4800 3126 4855 studiosum
3176 4791 3439 4847 simulare

1875 4910 2015 4963 nolis
2048 4908 2231 4971 hodie,
2280 4901 2612 4973 simplicium
2650 4896 2859 4951 scilicet
2908 4902 2964 4945 et
3001 4889 3301 4958 primorum
3349 4896 3437 4933 so-

1873 5016 2069 5057 norum
2090 4999 2616 5061 elementorutnque,
2654 4990 2770 5042 haec
2807 4993 2936 5039 sunt
2961 4980 3184 5034 omnino
3212 4973 3434 5027 nomina

1871 5104 1925 5147 et
1960 5092 2126 5145 verba
2166 5106 2180 5142 :
2223 5087 2459 5157 primum
2486 5082 2631 5136 enim
2673 5079 2863 5133 dlcunt
2893 5073 3126 5128 solidum
3159 5064 3435 5137 quoddam

1873 5185 2287 5239 fundamentum
2336 5179 2519 5247 jacere
2567 5179 2844 5241 oportere,
2898 5165 3027 5234 quid
3092 5162 3163 5215 sit
3210 5170 3435 5218 nomen,

1870 5279 2002 5347 quid
2038 5274 2282 5337 verbum,
2314 5268 2534 5332 deinde,
2568 5264 2696 5335 quid
2721 5263 2791 5315 sit
2813 5257 3098 5312 aﬂirmatio
3128 5263 3183 5307 et
3214 5248 3437 5317 negatio

1870 5376 1927 5421 et
1958 5362 2228 5420 sententia
2277 5370 2333 5414 et
2375 5356 2677 5417 conclusio,
2706 5361 2761 5405 et
2810 5358 3152 5418 quaecunque
3212 5331 3284 5391 ρκ’
3336 5337 3438 5389 hae

1872 5461 2155 5515 hominum
2190 5452 2574 5524 conjunctione
2620 5457 2675 5502 et
2715 5440 3110 5513 compositione
3156 5431 3441 5488 nominum

1870 5561 1927 5607 et
1980 5549 2274 5604 verborum
2323 5542 2650 5599 eﬂieiuntur.
2704 5536 2922 5593 Umbra:
2973 5531 3121 5585 enim
3173 5524 3442 5596 quodam-

1873 5644 2037 5697 modo
2073 5654 2255 5694 rerum
2286 5645 2414 5691 sunt
2445 5634 2562 5687 soni
2623 5629 2925 5685 secundum
2959 5634 3140 5678 motus
3193 5617 3441 5671 substra-

1876 5747 2057 5791 torum
2099 5731 2314 5785 formati
2338 5737 2391 5782 et
2413 5725 2571 5795 285
2602 5723 2915 5778 nominibus
2945 5728 2999 5772 et
3042 5714 3222 5769 verbis
3266 5706 3438 5771 misti,

1874 5844 2055 5891 neque
2102 5826 2245 5883 enim
2282 5824 2463 5887 giguct
2514 5820 2674 5876 rebus
2735 5817 2955 5873 nomina
3018 5810 3127 5864 ullo
3182 5805 3341 5859 modo
3368 5816 3439 5855 no
