  <div class='ocr_page' id='page_1' title='image "/cluster/home/n/w/nwhite01/storage/ocr_20150623/149/nnc1.0046980431/138.png"; bbox 0 0 4264 6362; ppageno 0'>
   <div class='ocr_carea' id='block_1_1' title="bbox 158 393 252 455">
    <p class='ocr_par' dir='ltr' id='par_1_1' title="bbox 158 393 252 455">
     <span class='ocr_line' id='line_1_1' title="bbox 158 393 252 455; baseline 0 0"><span class='ocrx_word' id='word_1_1' title='bbox 158 393 252 455; x_wconf 78' lang='grc'><strong>253</strong></span> 
     </span>
    </p>
   </div>
   <div class='ocr_carea' id='block_1_2' title="bbox 1151 383 2430 456">
    <p class='ocr_par' dir='ltr' id='par_1_2' title="bbox 1151 383 2430 456">
     <span class='ocr_line' id='line_1_2' title="bbox 1151 383 2430 456; baseline 0.004 -5"><span class='ocrx_word' id='word_1_2' title='bbox 1151 391 1592 451; x_wconf 70' lang='lat' dir='ltr'><strong>nYZANTIm</strong></span> <span class='ocrx_word' id='word_1_3' title='bbox 1636 390 2017 453; x_wconf 62' lang='lat' dir='ltr'><strong>msroma</strong></span> <span class='ocrx_word' id='word_1_4' title='bbox 2061 397 2200 456; x_wconf 81' lang='lat' dir='ltr'><strong>LIB.</strong></span> <span class='ocrx_word' id='word_1_5' title='bbox 2247 383 2430 456; x_wconf 78' lang='lat' dir='ltr'><strong>xxx.</strong></span> 
     </span>
    </p>
   </div>
   <div class='ocr_carea' id='block_1_3' title="bbox 3324 395 3430 459">
    <p class='ocr_par' dir='ltr' id='par_1_3' title="bbox 3324 395 3430 459">
     <span class='ocr_line' id='line_1_3' title="bbox 3324 395 3430 459; baseline 0.019 -2"><span class='ocrx_word' id='word_1_6' title='bbox 3324 395 3430 459; x_wconf 71' lang='grc'><strong>254</strong></span> 
     </span>
    </p>
   </div>
   <div class='ocr_carea' id='block_1_4' title="bbox 161 505 1769 577">
    <p class='ocr_par' dir='ltr' id='par_1_4' title="bbox 161 505 1744 577">
     <span class='ocr_line' id='line_1_4' title="bbox 161 505 1744 577; baseline -0.003 -16"><span class='ocrx_word' id='word_1_7' title='bbox 161 512 269 575; x_wconf 82' lang='grc' dir='ltr'>γεῖν</span> <span class='ocrx_word' id='word_1_8' title='bbox 299 512 328 577; x_wconf 73' lang='grc' dir='ltr'><strong>ἦ</strong></span> <span class='ocrx_word' id='word_1_9' title='bbox 357 509 418 560; x_wconf 69' lang='grc' dir='ltr'><strong>τό</strong></span> <span class='ocrx_word' id='word_1_10' title='bbox 448 509 705 577; x_wconf 77' lang='grc' dir='ltr'><strong>πάσχειν,</strong></span> <span class='ocrx_word' id='word_1_11' title='bbox 730 507 906 560; x_wconf 79' lang='grc' dir='ltr'>ταῦτα</span> <span class='ocrx_word' id='word_1_12' title='bbox 939 505 1120 558; x_wconf 75' lang='grc' dir='ltr'>πάντα</span> <span class='ocrx_word' id='word_1_13' title='bbox 1157 505 1494 570; x_wconf 65' lang='grc' dir='ltr'><strong>ἰδιαζούσαις</strong></span> <span class='ocrx_word' id='word_1_14' title='bbox 1546 507 1744 573; x_wconf 81' lang='grc' dir='ltr'>ἐπιση-</span> 
     </span>
    </p>
   </div>
   <div class='ocr_carea' id='block_1_5' title="bbox 1843 505 3433 577">
    <p class='ocr_par' dir='ltr' id='par_1_5' title="bbox 1851 506 3433 575">
     <span class='ocr_line' id='line_1_5' title="bbox 1851 506 3433 575; baseline 0.003 -15"><span class='ocrx_word' id='word_1_15' title='bbox 1851 506 1988 568; x_wconf 87' lang='lat' dir='ltr'><strong>Cum</strong></span> <span class='ocrx_word' id='word_1_16' title='bbox 2019 510 2168 562; x_wconf 89' lang='lat' dir='ltr'><strong>enim</strong></span> <span class='ocrx_word' id='word_1_17' title='bbox 2203 522 2450 564; x_wconf 90' lang='lat' dir='ltr'><strong>creatum</strong></span> <span class='ocrx_word' id='word_1_18' title='bbox 2492 510 2772 564; x_wconf 87' lang='lat' dir='ltr'><strong>hominem</strong></span> <span class='ocrx_word' id='word_1_19' title='bbox 2805 510 3126 575; x_wconf 82' lang='lat' dir='ltr'><strong>adduceret,</strong></span> <span class='ocrx_word' id='word_1_20' title='bbox 3159 511 3433 565; x_wconf 76' lang='lat' dir='ltr'><strong>rationem</strong></span> 
     </span>
    </p>
   </div>
   <div class='ocr_carea' id='block_1_6' title="bbox 163 596 1744 668">
    <p class='ocr_par' dir='ltr' id='par_1_6' title="bbox 163 596 1744 668">
     <span class='ocr_line' id='line_1_6' title="bbox 163 596 1744 668; baseline -0.003 -17"><span class='ocrx_word' id='word_1_21' title='bbox 163 598 469 668; x_wconf 75' lang='grc' dir='ltr'>μαινόμεθα</span> <span class='ocrx_word' id='word_1_22' title='bbox 500 602 622 660; x_wconf 70' lang='grc' dir='ltr'>ταῖς</span> <span class='ocrx_word' id='word_1_23' title='bbox 669 599 897 663; x_wconf 69' lang='grc' dir='ltr'>φωναῖς,</span> <span class='ocrx_word' id='word_1_24' title='bbox 939 597 1015 659; x_wconf 86' lang='grc' dir='ltr'>ὼς</span> <span class='ocrx_word' id='word_1_25' title='bbox 1051 597 1117 650; x_wconf 80' lang='grc' dir='ltr'>ἂν</span> <span class='ocrx_word' id='word_1_26' title='bbox 1161 597 1236 666; x_wconf 77' lang='grc' dir='ltr'>μὴ</span> <span class='ocrx_word' id='word_1_27' title='bbox 1284 596 1654 665; x_wconf 83' lang='grc' dir='ltr'>ἀκοινώνητός</span> <span class='ocrx_word' id='word_1_28' title='bbox 1687 613 1744 647; x_wconf 91' lang='grc' dir='ltr'><strong>τε</strong></span> 
     </span>
    </p>
   </div>
   <div class='ocr_carea' id='block_1_7' title="bbox 161 689 1748 759">
    <p class='ocr_par' dir='ltr' id='par_1_7' title="bbox 161 689 1748 759">
     <span class='ocr_line' id='line_1_7' title="bbox 161 689 1748 759; baseline -0.004 -13"><span class='ocrx_word' id='word_1_29' title='bbox 161 694 244 746; x_wconf 74' lang='grc' dir='ltr'>καὶ</span> <span class='ocrx_word' id='word_1_30' title='bbox 280 694 565 758; x_wconf 79' lang='grc' dir='ltr'>ἄγνωστος</span> <span class='ocrx_word' id='word_1_31' title='bbox 589 692 622 759; x_wconf 81' lang='grc' dir='ltr'><strong>ἡ</strong></span> <span class='ocrx_word' id='word_1_32' title='bbox 650 689 745 741; x_wconf 82' lang='grc' dir='ltr'>τοῦ</span> <span class='ocrx_word' id='word_1_33' title='bbox 772 690 865 742; x_wconf 72' lang='grc' dir='ltr'>νοῦ</span> <span class='ocrx_word' id='word_1_34' title='bbox 903 689 1119 757; x_wconf 82' lang='grc' dir='ltr'>κίνησις</span> <span class='ocrx_word' id='word_1_35' title='bbox 1155 692 1212 742; x_wconf 87' lang='grc' dir='ltr'><strong>ἐν</strong></span> <span class='ocrx_word' id='word_1_36' title='bbox 1250 691 1382 758; x_wconf 80' lang='grc' dir='ltr'>ἡμῖν</span> <span class='ocrx_word' id='word_1_37' title='bbox 1426 690 1601 757; x_wconf 82' lang='grc' dir='ltr'>μένοι.</span> <span class='ocrx_word' id='word_1_38' title='bbox 1655 689 1748 749; x_wconf 83' lang='grc' dir='ltr'><strong>Εἰς</strong></span> 
     </span>
    </p>
   </div>
   <div class='ocr_carea' id='block_1_8' title="bbox 161 779 1748 854">
    <p class='ocr_par' dir='ltr' id='par_1_8' title="bbox 161 779 1748 854">
     <span class='ocr_line' id='line_1_8' title="bbox 161 779 1748 854; baseline -0.004 -17"><span class='ocrx_word' id='word_1_39' title='bbox 161 787 258 854; x_wconf 75' lang='grc' dir='ltr'>γὰρ</span> <span class='ocrx_word' id='word_1_40' title='bbox 296 787 518 852; x_wconf 82' lang='grc' dir='ltr'>γένεσιν</span> <span class='ocrx_word' id='word_1_41' title='bbox 558 786 605 853; x_wconf 38' lang='grc' dir='ltr'><strong>ὁ,</strong></span> <span class='ocrx_word' id='word_1_42' title='bbox 636 782 767 844; x_wconf 80' lang='grc' dir='ltr'>Θεὸς</span> <span class='ocrx_word' id='word_1_43' title='bbox 818 783 1088 850; x_wconf 74' lang='grc' dir='ltr'>παράγων</span> <span class='ocrx_word' id='word_1_44' title='bbox 1133 783 1225 834; x_wconf 71' lang='grc' dir='ltr'>τὸν</span> <span class='ocrx_word' id='word_1_45' title='bbox 1273 781 1586 846; x_wconf 79' lang='grc' dir='ltr'>ἅνθρωπον,</span> <span class='ocrx_word' id='word_1_46' title='bbox 1621 779 1748 832; x_wconf 79' lang='grc' dir='ltr'>νοῦν</span> 
     </span>
    </p>
   </div>
   <div class='ocr_carea' id='block_1_9' title="bbox 165 867 1749 944">
    <p class='ocr_par' dir='ltr' id='par_1_9' title="bbox 165 867 1749 944">
     <span class='ocr_line' id='line_1_9' title="bbox 165 867 1749 944; baseline -0.002 -17"><span class='ocrx_word' id='word_1_47' title='bbox 165 878 408 944; x_wconf 79' lang='grc' dir='ltr'>παρέσχε</span> <span class='ocrx_word' id='word_1_48' title='bbox 447 874 542 926; x_wconf 80' lang='grc' dir='ltr'>καὶ</span> <span class='ocrx_word' id='word_1_49' title='bbox 565 872 844 940; x_wconf 72' lang='grc' dir='ltr'>αἴσθησιν.</span> <span class='ocrx_word' id='word_1_50' title='bbox 903 867 1008 925; x_wconf 78' lang='grc' dir='ltr'><strong>’Ὧν</strong></span> <span class='ocrx_word' id='word_1_51' title='bbox 1062 875 1090 926; x_wconf 89' lang='grc' dir='ltr'><strong>ὁ</strong></span> <span class='ocrx_word' id='word_1_52' title='bbox 1144 872 1242 941; x_wconf 80' lang='grc' dir='ltr'>μὲν</span> <span class='ocrx_word' id='word_1_53' title='bbox 1279 873 1403 934; x_wconf 79' lang='grc' dir='ltr'><strong>νούς</strong></span> <span class='ocrx_word' id='word_1_54' title='bbox 1435 872 1749 940; x_wconf 82' lang='grc' dir='ltr'>ταυτότητά</span> 
     </span>
    </p>
   </div>
   <div class='ocr_carea' id='block_1_10' title="bbox 167 963 1744 1037">
    <p class='ocr_par' dir='ltr' id='par_1_10' title="bbox 167 963 1744 1037">
     <span class='ocr_line' id='line_1_10' title="bbox 167 963 1744 1037; baseline -0.003 -17"><span class='ocrx_word' id='word_1_55' title='bbox 167 971 352 1032; x_wconf 64' lang='grc' dir='ltr'>σώζων</span> <span class='ocrx_word' id='word_1_56' title='bbox 372 967 516 1037; x_wconf 66' lang='grc' dir='ltr'>προς</span> <span class='ocrx_word' id='word_1_57' title='bbox 534 968 602 1018; x_wconf 75' lang='grc' dir='ltr'><strong>τά</strong></span> <span class='ocrx_word' id='word_1_58' title='bbox 623 968 682 1018; x_wconf 84' lang='grc' dir='ltr'><strong>ἐν</strong></span> <span class='ocrx_word' id='word_1_59' title='bbox 708 967 898 1035; x_wconf 79' lang='grc' dir='ltr'>κόσμῳ</span> <span class='ocrx_word' id='word_1_60' title='bbox 921 967 1230 1034; x_wconf 86' lang='grc' dir='ltr'>πράγματα</span> <span class='ocrx_word' id='word_1_61' title='bbox 1255 965 1439 1032; x_wconf 74' lang='grc' dir='ltr'>φωνῆς</span> <span class='ocrx_word' id='word_1_62' title='bbox 1462 964 1521 1014; x_wconf 89' lang='grc' dir='ltr'><strong>οὐ</strong></span> <span class='ocrx_word' id='word_1_63' title='bbox 1548 963 1744 1018; x_wconf 69' lang='grc' dir='ltr'>δεῖται,</span> 
     </span>
    </p>
   </div>
   <div class='ocr_carea' id='block_1_11' title="bbox 164 1055 1748 1128">
    <p class='ocr_par' dir='ltr' id='par_1_11' title="bbox 164 1055 1748 1128">
     <span class='ocr_line' id='line_1_11' title="bbox 164 1055 1748 1128; baseline -0.002 -19"><span class='ocrx_word' id='word_1_64' title='bbox 164 1060 271 1111; x_wconf 79' lang='grc' dir='ltr'>ἁλλ’</span> <span class='ocrx_word' id='word_1_65' title='bbox 298 1060 514 1127; x_wconf 83' lang='grc' dir='ltr'>άμεσον</span> <span class='ocrx_word' id='word_1_66' title='bbox 540 1059 641 1128; x_wconf 88' lang='grc' dir='ltr'>τὴν</span> <span class='ocrx_word' id='word_1_67' title='bbox 690 1056 899 1110; x_wconf 85' lang='grc' dir='ltr'>τούτων</span> <span class='ocrx_word' id='word_1_68' title='bbox 939 1059 1208 1124; x_wconf 80' lang='grc' dir='ltr'>κέκτηται</span> <span class='ocrx_word' id='word_1_69' title='bbox 1240 1057 1466 1123; x_wconf 87' lang='grc' dir='ltr'>γνῶσιν.</span> <span class='ocrx_word' id='word_1_70' title='bbox 1509 1055 1601 1118; x_wconf 78' lang='grc' dir='ltr'>Ὦς</span> <span class='ocrx_word' id='word_1_71' title='bbox 1640 1055 1748 1123; x_wconf 72' lang='grc' dir='ltr'>γὰρ</span> 
     </span>
    </p>
   </div>
   <div class='ocr_carea' id='block_1_12' title="bbox 166 1147 1750 1220">
    <p class='ocr_par' dir='ltr' id='par_1_12' title="bbox 166 1147 1750 1220">
     <span class='ocr_line' id='line_1_12' title="bbox 166 1147 1750 1220; baseline -0.003 -18"><span class='ocrx_word' id='word_1_72' title='bbox 166 1153 342 1220; x_wconf 77' lang='grc' dir='ltr'>ἔχουσι</span> <span class='ocrx_word' id='word_1_73' title='bbox 372 1150 596 1217; x_wconf 54' lang='grc' dir='ltr'>φύσεως</span> <span class='ocrx_word' id='word_1_74' title='bbox 628 1149 825 1214; x_wconf 81' lang='grc' dir='ltr'>ταῦτα,</span> <span class='ocrx_word' id='word_1_75' title='bbox 875 1153 988 1202; x_wconf 86' lang='grc' dir='ltr'>νοεῖ</span> <span class='ocrx_word' id='word_1_76' title='bbox 1021 1149 1112 1202; x_wconf 82' lang='grc' dir='ltr'>τὸν</span> <span class='ocrx_word' id='word_1_77' title='bbox 1165 1150 1389 1216; x_wconf 75' lang='grc' dir='ltr'>ἐφικτόν</span> <span class='ocrx_word' id='word_1_78' title='bbox 1437 1165 1499 1215; x_wconf 86' lang='grc' dir='ltr'><strong>γε</strong></span> <span class='ocrx_word' id='word_1_79' title='bbox 1546 1147 1750 1216; x_wconf 80' lang='grc' dir='ltr'><strong>τρόπον</strong></span> 
     </span>
    </p>
   </div>
   <div class='ocr_carea' id='block_1_13' title="bbox 169 1229 1747 1312">
    <p class='ocr_par' dir='ltr' id='par_1_13' title="bbox 169 1229 1747 1312">
     <span class='ocr_line' id='line_1_13' title="bbox 169 1229 1747 1312; baseline -0.003 -17"><span class='ocrx_word' id='word_1_80' title='bbox 169 1242 414 1296; x_wconf 76' lang='grc' dir='ltr'>αὐτόθεν·</span> <span class='ocrx_word' id='word_1_81' title='bbox 450 1243 483 1311; x_wconf 84' lang='grc' dir='ltr'><strong>ή</strong></span> <span class='ocrx_word' id='word_1_82' title='bbox 515 1241 573 1294; x_wconf 86' lang='grc' dir='ltr'><strong>δέ</strong></span> <span class='ocrx_word' id='word_1_83' title='bbox 621 1242 781 1312; x_wconf 79' lang='grc' dir='ltr'>χρεία</span> <span class='ocrx_word' id='word_1_84' title='bbox 827 1229 1112 1295; x_wconf 78' lang='grc' dir='ltr'>κοινωνεῖν</span> <span class='ocrx_word' id='word_1_85' title='bbox 1136 1241 1245 1294; x_wconf 87' lang='grc' dir='ltr'><strong>τῶν</strong></span> <span class='ocrx_word' id='word_1_86' title='bbox 1273 1241 1619 1311; x_wconf 74' lang='grc' dir='ltr'><strong>πραγμάτων</strong></span> <span class='ocrx_word' id='word_1_87' title='bbox 1650 1239 1747 1292; x_wconf 86' lang='grc' dir='ltr'><strong>ἁλ-</strong></span> 
     </span>
    </p>
   </div>
   <div class='ocr_carea' id='block_1_14' title="bbox 166 1329 1751 1400">
    <p class='ocr_par' dir='ltr' id='par_1_14' title="bbox 166 1329 1751 1400">
     <span class='ocr_line' id='line_1_14' title="bbox 166 1329 1751 1400; baseline -0.008 -8"><span class='ocrx_word' id='word_1_88' title='bbox 166 1330 346 1398; x_wconf 76' lang='grc' dir='ltr'>λήλοις</span> <span class='ocrx_word' id='word_1_89' title='bbox 376 1330 508 1390; x_wconf 77' lang='grc' dir='ltr'>τοὺς</span> <span class='ocrx_word' id='word_1_90' title='bbox 538 1330 866 1398; x_wconf 81' lang='grc' dir='ltr'><strong>ἀνθρώπους</strong></span> <span class='ocrx_word' id='word_1_91' title='bbox 897 1329 1222 1400; x_wconf 72' lang='grc' dir='ltr'>βιαζομένη,</span> <span class='ocrx_word' id='word_1_92' title='bbox 1256 1333 1352 1382; x_wconf 68' lang='grc' dir='ltr'>καὶ</span> <span class='ocrx_word' id='word_1_93' title='bbox 1377 1331 1446 1382; x_wconf 73' lang='grc' dir='ltr'><strong>τὰ</strong></span> <span class='ocrx_word' id='word_1_94' title='bbox 1492 1329 1590 1397; x_wconf 79' lang='grc' dir='ltr'>τῆς</span> <span class='ocrx_word' id='word_1_95' title='bbox 1629 1333 1751 1398; x_wconf 86' lang='grc' dir='ltr'>ὀρε-</span> 
     </span>
    </p>
   </div>
   <div class='ocr_carea' id='block_1_15' title="bbox 167 1421 1752 1493">
    <p class='ocr_par' dir='ltr' id='par_1_15' title="bbox 167 1421 1752 1493">
     <span class='ocr_line' id='line_1_15' title="bbox 167 1421 1752 1493; baseline -0.001 -20"><span class='ocrx_word' id='word_1_96' title='bbox 167 1421 358 1490; x_wconf 77' lang='grc' dir='ltr'>κτικῆς</span> <span class='ocrx_word' id='word_1_97' title='bbox 373 1421 556 1490; x_wconf 71' lang='grc' dir='ltr'>ψυχῆς</span> <span class='ocrx_word' id='word_1_98' title='bbox 580 1422 934 1489; x_wconf 73' lang='grc' dir='ltr'><strong>ἐξαγγέλλειν</strong></span> <span class='ocrx_word' id='word_1_99' title='bbox 959 1423 1267 1493; x_wconf 72' lang='grc' dir='ltr'>ἀπόρρητα,</span> <span class='ocrx_word' id='word_1_100' title='bbox 1294 1423 1486 1492; x_wconf 77' lang='grc' dir='ltr'>μεσίτῃ</span> <span class='ocrx_word' id='word_1_101' title='bbox 1513 1423 1752 1487; x_wconf 76' lang='grc' dir='ltr'>νοήσεως</span> 
     </span>
    </p>
   </div>
   <div class='ocr_carea' id='block_1_16' title="bbox 143 1513 1747 1584">
    <p class='ocr_par' dir='ltr' id='par_1_16' title="bbox 143 1513 1747 1584">
     <span class='ocr_line' id='line_1_16' title="bbox 143 1513 1747 1584; baseline -0.001 -19"><span class='ocrx_word' id='word_1_102' title='bbox 143 1519 256 1566; x_wconf 73' lang='grc' dir='ltr'>καὶ</span> <span class='ocrx_word' id='word_1_103' title='bbox 293 1514 649 1582; x_wconf 81' lang='grc' dir='ltr'><strong>πραγμάτων</strong></span> <span class='ocrx_word' id='word_1_104' title='bbox 698 1515 961 1580; x_wconf 77' lang='grc' dir='ltr'><strong>διέγνωκε</strong></span> <span class='ocrx_word' id='word_1_105' title='bbox 1009 1516 1323 1584; x_wconf 81' lang='grc' dir='ltr'>χρήσασθαι</span> <span class='ocrx_word' id='word_1_106' title='bbox 1353 1516 1418 1582; x_wconf 84' lang='grc' dir='ltr'><strong>τῇ</strong></span> <span class='ocrx_word' id='word_1_107' title='bbox 1470 1513 1747 1582; x_wconf 78' lang='grc' dir='ltr'>αἰσθήσειο</span> 
     </span>
    </p>
   </div>
   <div class='ocr_carea' id='block_1_17' title="bbox 171 1600 1750 1670">
    <p class='ocr_par' dir='ltr' id='par_1_17' title="bbox 171 1600 1750 1670">
     <span class='ocr_line' id='line_1_17' title="bbox 171 1600 1750 1670; baseline 0.001 -20"><span class='ocrx_word' id='word_1_108' title='bbox 171 1600 301 1668; x_wconf 75' lang='grc' dir='ltr'>αὕτη</span> <span class='ocrx_word' id='word_1_109' title='bbox 327 1601 438 1668; x_wconf 79' lang='grc' dir='ltr'><strong>γάρ</strong></span> <span class='ocrx_word' id='word_1_110' title='bbox 467 1603 580 1662; x_wconf 84' lang='grc' dir='ltr'>τοῖς</span> <span class='ocrx_word' id='word_1_111' title='bbox 611 1601 835 1664; x_wconf 83' lang='grc' dir='ltr'>οἰκείοις</span> <span class='ocrx_word' id='word_1_112' title='bbox 863 1601 1118 1670; x_wconf 80' lang='grc' dir='ltr'><strong>ὀργάνοις</strong></span> <span class='ocrx_word' id='word_1_113' title='bbox 1147 1604 1272 1664; x_wconf 77' lang='grc' dir='ltr'>τοὺς</span> <span class='ocrx_word' id='word_1_114' title='bbox 1297 1603 1405 1654; x_wconf 90' lang='grc' dir='ltr'><strong>τῶν</strong></span> <span class='ocrx_word' id='word_1_115' title='bbox 1436 1602 1540 1666; x_wconf 81' lang='grc' dir='ltr'><strong>ἔξω</strong></span> <span class='ocrx_word' id='word_1_116' title='bbox 1573 1618 1750 1670; x_wconf 86' lang='grc' dir='ltr'>πραγ-</span> 
     </span>
    </p>
   </div>
   <div class='ocr_carea' id='block_1_18' title="bbox 173 1691 1752 1763">
    <p class='ocr_par' dir='ltr' id='par_1_18' title="bbox 173 1691 1752 1763">
     <span class='ocr_line' id='line_1_18' title="bbox 173 1691 1752 1763; baseline 0.001 -19"><span class='ocrx_word' id='word_1_117' title='bbox 173 1694 355 1759; x_wconf 80' lang='grc' dir='ltr'>μάτων</span> <span class='ocrx_word' id='word_1_118' title='bbox 395 1694 599 1756; x_wconf 81' lang='grc' dir='ltr'>τύπους</span> <span class='ocrx_word' id='word_1_119' title='bbox 638 1693 1102 1763; x_wconf 14' lang='grc' dir='ltr'>ἁναλναμὸάνουσα</span> <span class='ocrx_word' id='word_1_120' title='bbox 1155 1695 1252 1747; x_wconf 73' lang='grc' dir='ltr'>καὶ</span> <span class='ocrx_word' id='word_1_121' title='bbox 1289 1691 1405 1747; x_wconf 74' lang='grc' dir='ltr'>οἷον</span> <span class='ocrx_word' id='word_1_122' title='bbox 1453 1695 1642 1763; x_wconf 69' lang='grc' dir='ltr'>βιΰλίῳ</span> <span class='ocrx_word' id='word_1_123' title='bbox 1675 1693 1752 1762; x_wconf 85' lang='grc' dir='ltr'>τῷ</span> 
     </span>
    </p>
   </div>
   <div class='ocr_carea' id='block_1_19' title="bbox 172 1784 1752 1857">
    <p class='ocr_par' dir='ltr' id='par_1_19' title="bbox 172 1784 1752 1857">
     <span class='ocr_line' id='line_1_19' title="bbox 172 1784 1752 1857; baseline 0.002 -21"><span class='ocrx_word' id='word_1_124' title='bbox 172 1784 526 1852; x_wconf 70' lang='grc' dir='ltr'>ςανταστικῷ</span> <span class='ocrx_word' id='word_1_125' title='bbox 563 1788 660 1854; x_wconf 71' lang='grc' dir='ltr'>τῆς</span> <span class='ocrx_word' id='word_1_126' title='bbox 698 1785 878 1855; x_wconf 72' lang='grc' dir='ltr'>ψυχῆς</span> <span class='ocrx_word' id='word_1_127' title='bbox 913 1788 1371 1857; x_wconf 62' lang='grc' dir='ltr'>καταγράφευσα,</span> <span class='ocrx_word' id='word_1_128' title='bbox 1398 1789 1615 1850; x_wconf 77' lang='grc' dir='ltr'><strong>εἰκόνας</strong></span> <span class='ocrx_word' id='word_1_129' title='bbox 1647 1805 1752 1855; x_wconf 72' lang='grc' dir='ltr'>φη·-</span> 
     </span>
    </p>
   </div>
   <div class='ocr_carea' id='block_1_20' title="bbox 173 1878 1747 1950">
    <p class='ocr_par' dir='ltr' id='par_1_20' title="bbox 173 1878 1747 1950">
     <span class='ocr_line' id='line_1_20' title="bbox 173 1878 1747 1950; baseline 0.002 -23"><span class='ocrx_word' id='word_1_130' title='bbox 173 1878 253 1927; x_wconf 73' lang='grc' dir='ltr'>οὶν</span> <span class='ocrx_word' id='word_1_131' title='bbox 284 1878 410 1928; x_wconf 73' lang='grc' dir='ltr'>ἀντὶ</span> <span class='ocrx_word' id='word_1_132' title='bbox 449 1878 850 1946; x_wconf 80' lang='grc' dir='ltr'>πρωτοτύπων,</span> <span class='ocrx_word' id='word_1_133' title='bbox 889 1879 1078 1933; x_wconf 88' lang='grc' dir='ltr'>αὐτόθι</span> <span class='ocrx_word' id='word_1_134' title='bbox 1108 1879 1314 1943; x_wconf 80' lang='grc' dir='ltr'>ταύτας</span> <span class='ocrx_word' id='word_1_135' title='bbox 1371 1881 1747 1950; x_wconf 73' lang='grc' dir='ltr'>ἐγκαθιδρύει,</span> 
     </span>
    </p>
   </div>
   <div class='ocr_carea' id='block_1_21' title="bbox 173 1966 1750 2039">
    <p class='ocr_par' dir='ltr' id='par_1_21' title="bbox 173 1966 1750 2039">
     <span class='ocr_line' id='line_1_21' title="bbox 173 1966 1750 2039; baseline 0.001 -21"><span class='ocrx_word' id='word_1_136' title='bbox 173 1966 440 2032; x_wconf 65' lang='grc' dir='ltr'>σύμφωνα</span> <span class='ocrx_word' id='word_1_137' title='bbox 493 1969 608 2028; x_wconf 84' lang='grc' dir='ltr'>τοῖς</span> <span class='ocrx_word' id='word_1_138' title='bbox 659 1967 896 2036; x_wconf 78' lang='grc' dir='ltr'>νοήμασι</span> <span class='ocrx_word' id='word_1_139' title='bbox 949 1968 1020 2020; x_wconf 73' lang='grc' dir='ltr'><strong>τὰ</strong></span> <span class='ocrx_word' id='word_1_140' title='bbox 1069 1969 1379 2039; x_wconf 80' lang='grc' dir='ltr'>πράγματα</span> <span class='ocrx_word' id='word_1_141' title='bbox 1438 1970 1750 2022; x_wconf 77' lang='grc' dir='ltr'><strong>σπεύδουσα</strong></span> 
     </span>
    </p>
   </div>
   <div class='ocr_carea' id='block_1_22' title="bbox 171 2055 1750 2128">
    <p class='ocr_par' dir='ltr' id='par_1_22' title="bbox 171 2055 1750 2128">
     <span class='ocr_line' id='line_1_22' title="bbox 171 2055 1750 2128; baseline 0.004 -22"><span class='ocrx_word' id='word_1_142' title='bbox 171 2055 318 2124; x_wconf 78' lang='grc' dir='ltr'>δρᾷν.</span> <span class='ocrx_word' id='word_1_143' title='bbox 350 2055 446 2108; x_wconf 83' lang='grc' dir='ltr'><strong>Διὸ</strong></span> <span class='ocrx_word' id='word_1_144' title='bbox 475 2056 572 2108; x_wconf 70' lang='grc' dir='ltr'><strong>καὶ</strong></span> <span class='ocrx_word' id='word_1_145' title='bbox 595 2056 779 2125; x_wconf 77' lang='grc' dir='ltr'>φωνῆς</span> <span class='ocrx_word' id='word_1_146' title='bbox 810 2057 1010 2126; x_wconf 78' lang='grc' dir='ltr'><strong>ἐδεήθη</strong></span> <span class='ocrx_word' id='word_1_147' title='bbox 1032 2057 1342 2127; x_wconf 83' lang='grc' dir='ltr'><strong>δυναμένης</strong></span> <span class='ocrx_word' id='word_1_148' title='bbox 1365 2059 1750 2128; x_wconf 72' lang='grc' dir='ltr'><strong>ἐξομοιοῦσθαι</strong></span> 
     </span>
    </p>
   </div>
   <div class='ocr_carea' id='block_1_23' title="bbox 175 2148 1748 2220">
    <p class='ocr_par' dir='ltr' id='par_1_23' title="bbox 175 2148 1748 2220">
     <span class='ocr_line' id='line_1_23' title="bbox 175 2148 1748 2220; baseline 0.004 -21"><span class='ocrx_word' id='word_1_149' title='bbox 175 2148 270 2215; x_wconf 78' lang='grc' dir='ltr'>μὲν</span> <span class='ocrx_word' id='word_1_150' title='bbox 295 2150 413 2206; x_wconf 73' lang='grc' dir='ltr'>τοῖς</span> <span class='ocrx_word' id='word_1_151' title='bbox 441 2149 735 2218; x_wconf 83' lang='grc' dir='ltr'>νοήμασιν,</span> <span class='ocrx_word' id='word_1_152' title='bbox 769 2149 1183 2220; x_wconf 77' lang='grc' dir='ltr'>ἐφαρμόζεσθαι</span> <span class='ocrx_word' id='word_1_153' title='bbox 1214 2151 1271 2204; x_wconf 84' lang='grc' dir='ltr'>δὲ</span> <span class='ocrx_word' id='word_1_154' title='bbox 1294 2153 1406 2212; x_wconf 87' lang='grc' dir='ltr'>τοῖς</span> <span class='ocrx_word' id='word_1_155' title='bbox 1434 2152 1748 2220; x_wconf 74' lang='grc' dir='ltr'><strong>πράγμασι.</strong></span> 
     </span>
    </p>
   </div>
   <div class='ocr_carea' id='block_1_24' title="bbox 172 2239 1750 2312">
    <p class='ocr_par' dir='ltr' id='par_1_24' title="bbox 172 2239 1750 2312">
     <span class='ocr_line' id='line_1_24' title="bbox 172 2239 1750 2312; baseline 0.003 -23"><span class='ocrx_word' id='word_1_156' title='bbox 172 2239 340 2291; x_wconf 74' lang='grc' dir='ltr'>Τοῦτο</span> <span class='ocrx_word' id='word_1_157' title='bbox 389 2240 437 2293; x_wconf 78' lang='grc' dir='ltr'>δ’</span> <span class='ocrx_word' id='word_1_158' title='bbox 477 2241 578 2293; x_wconf 85' lang='grc' dir='ltr'><strong>οὐκ</strong></span> <span class='ocrx_word' id='word_1_159' title='bbox 630 2241 808 2306; x_wconf 79' lang='grc' dir='ltr'>ἄλλως</span> <span class='ocrx_word' id='word_1_160' title='bbox 854 2243 1044 2312; x_wconf 73' lang='grc' dir='ltr'>ῥᾴδιον</span> <span class='ocrx_word' id='word_1_161' title='bbox 1082 2244 1208 2312; x_wconf 78' lang='grc' dir='ltr'><strong>ζώῳ</strong></span> <span class='ocrx_word' id='word_1_162' title='bbox 1255 2244 1465 2312; x_wconf 87' lang='grc' dir='ltr'>γίνεται</span> <span class='ocrx_word' id='word_1_163' title='bbox 1523 2245 1750 2312; x_wconf 76' lang='grc' dir='ltr'>λογικῷ,</span> 
     </span>
    </p>
   </div>
   <div class='ocr_carea' id='block_1_25' title="bbox 174 2331 1752 2404">
    <p class='ocr_par' dir='ltr' id='par_1_25' title="bbox 174 2331 1752 2404">
     <span class='ocr_line' id='line_1_25' title="bbox 174 2331 1752 2404; baseline 0.004 -23"><span class='ocrx_word' id='word_1_164' title='bbox 174 2331 314 2398; x_wconf 74' lang='grc' dir='ltr'>πλὴν</span> <span class='ocrx_word' id='word_1_165' title='bbox 363 2331 432 2382; x_wconf 80' lang='grc' dir='ltr'><strong>δι’</strong></span> <span class='ocrx_word' id='word_1_166' title='bbox 479 2332 746 2402; x_wconf 73' lang='grc' dir='ltr'>ἐνάρθρου</span> <span class='ocrx_word' id='word_1_167' title='bbox 796 2333 1002 2403; x_wconf 71' lang='grc' dir='ltr'>φωνῆς,</span> <span class='ocrx_word' id='word_1_168' title='bbox 1051 2335 1158 2387; x_wconf 76' lang='grc' dir='ltr'>ὑπὸ</span> <span class='ocrx_word' id='word_1_169' title='bbox 1219 2334 1498 2404; x_wconf 78' lang='grc' dir='ltr'><strong>συνθήκης</strong></span> <span class='ocrx_word' id='word_1_170' title='bbox 1544 2336 1752 2404; x_wconf 83' lang='grc' dir='ltr'>ἀνδρῶν</span> 
     </span>
    </p>
   </div>
   <div class='ocr_carea' id='block_1_26' title="bbox 173 2422 1756 2497">
    <p class='ocr_par' dir='ltr' id='par_1_26' title="bbox 173 2422 1756 2497">
     <span class='ocr_line' id='line_1_26' title="bbox 173 2422 1756 2497; baseline 0.004 -23"><span class='ocrx_word' id='word_1_171' title='bbox 173 2422 394 2490; x_wconf 64' lang='grc' dir='ltr'>εὐφυῶν</span> <span class='ocrx_word' id='word_1_172' title='bbox 423 2425 864 2496; x_wconf 80' lang='grc' dir='ltr'>είδοποιηθείσης</span> <span class='ocrx_word' id='word_1_173' title='bbox 912 2427 1049 2497; x_wconf 83' lang='grc' dir='ltr'>πρὸς</span> <span class='ocrx_word' id='word_1_174' title='bbox 1090 2426 1258 2496; x_wconf 83' lang='grc' dir='ltr'>ἄλλην</span> <span class='ocrx_word' id='word_1_175' title='bbox 1285 2429 1380 2479; x_wconf 74' lang='grc' dir='ltr'>καὶ</span> <span class='ocrx_word' id='word_1_176' title='bbox 1422 2428 1593 2494; x_wconf 81' lang='grc' dir='ltr'>ἄλλην</span> <span class='ocrx_word' id='word_1_177' title='bbox 1621 2429 1756 2497; x_wconf 72' lang='grc' dir='ltr'>θρη-</span> 
     </span>
    </p>
   </div>
   <div class='ocr_carea' id='block_1_27' title="bbox 176 2517 1756 2589">
    <p class='ocr_par' dir='ltr' id='par_1_27' title="bbox 176 2517 1756 2589">
     <span class='ocr_line' id='line_1_27' title="bbox 176 2517 1756 2589; baseline 0.004 -25"><span class='ocrx_word' id='word_1_178' title='bbox 176 2517 369 2568; x_wconf 84' lang='grc' dir='ltr'>σκείαν</span> <span class='ocrx_word' id='word_1_179' title='bbox 407 2530 469 2566; x_wconf 81' lang='grc' dir='ltr'><strong>τε</strong></span> <span class='ocrx_word' id='word_1_180' title='bbox 513 2518 607 2569; x_wconf 62' lang='grc' dir='ltr'><strong>κα)⁵</strong></span> <span class='ocrx_word' id='word_1_181' title='bbox 642 2517 949 2584; x_wconf 82' lang='grc' dir='ltr'>διάλεκτον,</span> <span class='ocrx_word' id='word_1_182' title='bbox 1002 2519 1078 2582; x_wconf 86' lang='grc' dir='ltr'>ὡς</span> <span class='ocrx_word' id='word_1_183' title='bbox 1134 2520 1460 2589; x_wconf 77' lang='grc' dir='ltr'>συμϐαίνειν</span> <span class='ocrx_word' id='word_1_184' title='bbox 1503 2520 1756 2572; x_wconf 78' lang='grc' dir='ltr'>ἐντεῦθεν</span> 
     </span>
    </p>
   </div>
   <div class='ocr_carea' id='block_1_28' title="bbox 179 2607 1756 2681">
    <p class='ocr_par' dir='ltr' id='par_1_28' title="bbox 179 2607 1756 2681">
     <span class='ocr_line' id='line_1_28' title="bbox 179 2607 1756 2681; baseline -0.001 -21"><span class='ocrx_word' id='word_1_185' title='bbox 179 2607 250 2672; x_wconf 78' lang='grc' dir='ltr'>μὴ</span> <span class='ocrx_word' id='word_1_186' title='bbox 285 2611 442 2674; x_wconf 68' lang='grc' dir='ltr'>παρὰ</span> <span class='ocrx_word' id='word_1_187' title='bbox 475 2609 642 2660; x_wconf 75' lang='grc' dir='ltr'>πᾶσιν</span> <span class='ocrx_word' id='word_1_188' title='bbox 686 2608 951 2673; x_wconf 79' lang='grc' dir='ltr'>ὡσαύτως</span> <span class='ocrx_word' id='word_1_189' title='bbox 1007 2611 1155 2680; x_wconf 83' lang='grc' dir='ltr'>ἐχειν</span> <span class='ocrx_word' id='word_1_190' title='bbox 1207 2613 1402 2681; x_wconf 81' lang='grc' dir='ltr'>αὐτὴν,</span> <span class='ocrx_word' id='word_1_191' title='bbox 1441 2611 1558 2664; x_wconf 83' lang='grc' dir='ltr'>ἀλλ’</span> <span class='ocrx_word' id='word_1_192' title='bbox 1588 2611 1756 2677; x_wconf 83' lang='grc' dir='ltr'>ἄλλην</span> 
     </span>
    </p>
   </div>
   <div class='ocr_carea' id='block_1_29' title="bbox 177 2689 1754 2768">
    <p class='ocr_par' dir='ltr' id='par_1_29' title="bbox 177 2689 1754 2768">
     <span class='ocr_line' id='line_1_29' title="bbox 177 2689 1754 2768; baseline 0.001 -22"><span class='ocrx_word' id='word_1_193' title='bbox 177 2689 317 2747; x_wconf 77' lang='grc' dir='ltr'>εἶναι</span> <span class='ocrx_word' id='word_1_194' title='bbox 356 2696 495 2764; x_wconf 86' lang='grc' dir='ltr'>παρ’</span> <span class='ocrx_word' id='word_1_195' title='bbox 527 2695 713 2759; x_wconf 73' lang='grc' dir='ltr'>ἄλλοις</span> <span class='ocrx_word' id='word_1_196' title='bbox 748 2697 858 2762; x_wconf 74' lang='grc' dir='ltr'>ἀεὶ,</span> <span class='ocrx_word' id='word_1_197' title='bbox 893 2699 988 2752; x_wconf 72' lang='grc' dir='ltr'>καὶ</span> <span class='ocrx_word' id='word_1_198' title='bbox 1026 2699 1170 2752; x_wconf 81' lang='grc' dir='ltr'>οὓτω</span> <span class='ocrx_word' id='word_1_199' title='bbox 1212 2705 1448 2767; x_wconf 88' lang='grc' dir='ltr'>μεσῖτιν,</span> <span class='ocrx_word' id='word_1_200' title='bbox 1492 2701 1565 2761; x_wconf 83' lang='grc' dir='ltr'>ὡς</span> <span class='ocrx_word' id='word_1_201' title='bbox 1597 2699 1754 2768; x_wconf 74' lang='grc' dir='ltr'>ἔφην,</span> 
     </span>
    </p>
   </div>
   <div class='ocr_carea' id='block_1_30' title="bbox 178 2785 1754 2860">
    <p class='ocr_par' dir='ltr' id='par_1_30' title="bbox 178 2785 1754 2860">
     <span class='ocr_line' id='line_1_30' title="bbox 178 2785 1754 2860; baseline 0.006 -24"><span class='ocrx_word' id='word_1_202' title='bbox 178 2786 388 2854; x_wconf 79' lang='grc' dir='ltr'>ἀμφοῖν</span> <span class='ocrx_word' id='word_1_203' title='bbox 414 2785 715 2855; x_wconf 73' lang='grc' dir='ltr'>γινομένην</span> <span class='ocrx_word' id='word_1_204' title='bbox 743 2788 844 2856; x_wconf 84' lang='grc' dir='ltr'>τὴν</span> <span class='ocrx_word' id='word_1_205' title='bbox 877 2789 979 2856; x_wconf 80' lang='grc' dir='ltr'>τῆς</span> <span class='ocrx_word' id='word_1_206' title='bbox 1010 2790 1276 2859; x_wconf 75' lang='grc' dir='ltr'>ἐνάρθρου</span> <span class='ocrx_word' id='word_1_207' title='bbox 1323 2793 1516 2860; x_wconf 78' lang='grc' dir='ltr'>χρείαν</span> <span class='ocrx_word' id='word_1_208' title='bbox 1552 2793 1754 2858; x_wconf 65' lang='lat' dir='ltr'><strong>cur/‘71:,</strong></span> 
     </span>
    </p>
   </div>
   <div class='ocr_carea' id='block_1_31' title="bbox 175 2875 1758 2949">
    <p class='ocr_par' dir='ltr' id='par_1_31' title="bbox 175 2875 1758 2949">
     <span class='ocr_line' id='line_1_31' title="bbox 175 2875 1758 2949; baseline 0.003 -21"><span class='ocrx_word' id='word_1_209' title='bbox 175 2879 275 2944; x_wconf 74' lang='grc' dir='ltr'><strong>τὴν</strong></span> <span class='ocrx_word' id='word_1_210' title='bbox 302 2875 404 2930; x_wconf 78' lang='grc' dir='ltr'>τοῦ</span> <span class='ocrx_word' id='word_1_211' title='bbox 425 2878 718 2941; x_wconf 82' lang='grc' dir='ltr'>ἀκούοντος</span> <span class='ocrx_word' id='word_1_212' title='bbox 749 2881 816 2949; x_wconf 80' lang='grc' dir='ltr'><strong>τῇ</strong></span> <span class='ocrx_word' id='word_1_213' title='bbox 839 2883 932 2933; x_wconf 80' lang='grc' dir='ltr'>τοῦ</span> <span class='ocrx_word' id='word_1_214' title='bbox 960 2881 1214 2948; x_wconf 84' lang='grc' dir='ltr'>λέγοντος</span> <span class='ocrx_word' id='word_1_215' title='bbox 1251 2884 1543 2936; x_wconf 80' lang='grc' dir='ltr'>συνάπτειν</span> <span class='ocrx_word' id='word_1_216' title='bbox 1565 2882 1758 2934; x_wconf 84' lang='grc' dir='ltr'>εὐστό-</span> 
     </span>
    </p>
   </div>
   <div class='ocr_carea' id='block_1_32' title="bbox 175 2969 1757 3045">
    <p class='ocr_par' dir='ltr' id='par_1_32' title="bbox 175 2969 1757 3045">
     <span class='ocr_line' id='line_1_32' title="bbox 175 2969 1757 3045; baseline 0.001 -23"><span class='ocrx_word' id='word_1_217' title='bbox 175 2987 284 3036; x_wconf 81' lang='grc' dir='ltr'><strong>χως</strong></span> <span class='ocrx_word' id='word_1_218' title='bbox 340 2969 556 3039; x_wconf 67' lang='grc' dir='ltr'>διανοίᾳ</span> <span class='ocrx_word' id='word_1_219' title='bbox 595 2972 738 3025; x_wconf 77' lang='grc' dir='ltr'>κατά</span> <span class='ocrx_word' id='word_1_220' title='bbox 797 2972 857 3024; x_wconf 76' lang='grc' dir='ltr'><strong>τὸ</strong></span> <span class='ocrx_word' id='word_1_221' title='bbox 910 2972 1175 3040; x_wconf 81' lang='grc' dir='ltr'>ἀνάλογον</span> <span class='ocrx_word' id='word_1_222' title='bbox 1238 2975 1477 3045; x_wconf 77' lang='grc' dir='ltr'>ἑκάστην</span> <span class='ocrx_word' id='word_1_223' title='bbox 1527 2975 1757 3042; x_wconf 75' lang='grc' dir='ltr'>ἑκάστῃο</span> 
     </span>
    </p>
   </div>
   <div class='ocr_carea' id='block_1_33' title="bbox 180 3060 1759 3132">
    <p class='ocr_par' dir='ltr' id='par_1_33' title="bbox 180 3060 1759 3132">
     <span class='ocr_line' id='line_1_33' title="bbox 180 3060 1759 3132; baseline 0 -19"><span class='ocrx_word' id='word_1_224' title='bbox 180 3061 543 3130; x_wconf 61' lang='grc' dir='ltr'>μορφουμένη</span> <span class='ocrx_word' id='word_1_225' title='bbox 576 3061 686 3131; x_wconf 80' lang='grc' dir='ltr'><strong>γάρ</strong></span> <span class='ocrx_word' id='word_1_226' title='bbox 734 3060 872 3130; x_wconf 77' lang='grc' dir='ltr'>αὕτη</span> <span class='ocrx_word' id='word_1_227' title='bbox 926 3064 1022 3114; x_wconf 77' lang='grc' dir='ltr'>καὶ</span> <span class='ocrx_word' id='word_1_228' title='bbox 1067 3062 1505 3132; x_wconf 78' lang='grc' dir='ltr'>διαπλαττομένη</span> <span class='ocrx_word' id='word_1_229' title='bbox 1550 3063 1759 3132; x_wconf 72' lang='grc' dir='ltr'>ῥήμασί</span> 
     </span>
    </p>
   </div>
   <div class='ocr_carea' id='block_1_34' title="bbox 1850 597 3471 674">
    <p class='ocr_par' dir='ltr' id='par_1_34' title="bbox 1850 597 3471 674">
     <span class='ocr_line' id='line_1_34' title="bbox 1850 597 3471 674; baseline 0 -20"><span class='ocrx_word' id='word_1_230' title='bbox 1850 602 1899 654; x_wconf 89' lang='lat' dir='ltr'><strong>ei</strong></span> <span class='ocrx_word' id='word_1_231' title='bbox 1923 597 2128 656; x_wconf 74' lang='lat' dir='ltr'><strong>&#39;tribnit</strong></span> <span class='ocrx_word' id='word_1_232' title='bbox 2165 615 2220 657; x_wconf 92' lang='lat' dir='ltr'><strong>et</strong></span> <span class='ocrx_word' id='word_1_233' title='bbox 2247 605 2801 662; x_wconf 87' lang='lat' dir='ltr'><strong>animadversionem.</strong></span> <span class='ocrx_word' id='word_1_234' title='bbox 2844 619 3078 674; x_wconf 83' lang='lat' dir='ltr'><strong>quarum</strong></span> <span class='ocrx_word' id='word_1_235' title='bbox 3111 604 3251 656; x_wconf 94' lang='lat' dir='ltr'><strong>ratio</strong></span> <span class='ocrx_word' id='word_1_236' title='bbox 3273 617 3433 657; x_wconf 88' lang='lat' dir='ltr'><strong>eam-</strong></span> <span class='ocrx_word' id='word_1_237' title='bbox 3468 609 3471 612; x_wconf 81' lang='grc'><em>’</em></span> 
     </span>
    </p>
   </div>
   <div class='ocr_carea' id='block_1_35' title="bbox 1853 685 3422 761">
    <p class='ocr_par' dir='ltr' id='par_1_35' title="bbox 1853 685 3422 761">
     <span class='ocr_line' id='line_1_35' title="bbox 1853 685 3422 761; baseline -0.001 -16"><span class='ocrx_word' id='word_1_238' title='bbox 1853 685 1976 745; x_wconf 79' lang='lat' dir='ltr'><strong>dem</strong></span> <span class='ocrx_word' id='word_1_239' title='bbox 2032 696 2407 748; x_wconf 78' lang='lat' dir='ltr'><strong>conditionem</strong></span> <span class='ocrx_word' id='word_1_240' title='bbox 2463 697 2708 750; x_wconf 77' lang='lat' dir='ltr'><strong>retinens</strong></span> <span class='ocrx_word' id='word_1_241' title='bbox 2761 711 2884 748; x_wconf 90' lang='lat' dir='ltr'><strong>eum</strong></span> <span class='ocrx_word' id='word_1_242' title='bbox 2925 697 3113 751; x_wconf 70' lang='lat' dir='ltr'><strong>rebus.</strong></span> <span class='ocrx_word' id='word_1_243' title='bbox 3181 709 3303 761; x_wconf 75' lang='lat' dir='ltr'><strong>qua:</strong></span> <span class='ocrx_word' id='word_1_244' title='bbox 3367 693 3422 746; x_wconf 94' lang='lat' dir='ltr'><strong>in</strong></span> 
     </span>
    </p>
   </div>
   <div class='ocr_carea' id='block_1_36' title="bbox 1852 782 3422 856">
    <p class='ocr_par' dir='ltr' id='par_1_36' title="bbox 1852 782 3422 856">
     <span class='ocr_line' id='line_1_36' title="bbox 1852 782 3422 856; baseline -0.001 -22"><span class='ocrx_word' id='word_1_245' title='bbox 1852 782 2063 835; x_wconf 87' lang='lat' dir='ltr'><strong>mundo</strong></span> <span class='ocrx_word' id='word_1_246' title='bbox 2091 796 2246 846; x_wconf 88' lang='lat' dir='ltr'><strong>sunt,</strong></span> <span class='ocrx_word' id='word_1_247' title='bbox 2282 786 2469 855; x_wconf 88' lang='lat' dir='ltr'><strong>lingua</strong></span> <span class='ocrx_word' id='word_1_248' title='bbox 2501 803 2608 840; x_wconf 91' lang='lat' dir='ltr'><strong>non</strong></span> <span class='ocrx_word' id='word_1_249' title='bbox 2659 795 2806 856; x_wconf 74' lang='lat' dir='ltr'><strong>eget.</strong></span> <span class='ocrx_word' id='word_1_250' title='bbox 2859 786 2953 838; x_wconf 88' lang='lat' dir='ltr'><strong>sed</strong></span> <span class='ocrx_word' id='word_1_251' title='bbox 3006 787 3176 854; x_wconf 84' lang='lat' dir='ltr'><strong>ipsam</strong></span> <span class='ocrx_word' id='word_1_252' title='bbox 3228 785 3422 849; x_wconf 76' lang='lat' dir='ltr'><strong>barum</strong></span> 
     </span>
    </p>
   </div>
   <div class='ocr_carea' id='block_1_37' title="bbox 1852 876 3436 946">
    <p class='ocr_par' dir='ltr' id='par_1_37' title="bbox 1852 876 3436 946">
     <span class='ocr_line' id='line_1_37' title="bbox 1852 876 3436 946; baseline -0.001 -17"><span class='ocrx_word' id='word_1_253' title='bbox 1852 876 2220 943; x_wconf 81' lang='lat' dir='ltr'><strong>cognitionem</strong></span> <span class='ocrx_word' id='word_1_254' title='bbox 2267 879 2370 932; x_wconf 86' lang='lat' dir='ltr'><strong>sibi</strong></span> <span class='ocrx_word' id='word_1_255' title='bbox 2428 877 2838 946; x_wconf 38' lang='lat' dir='ltr'><strong>comparatam</strong></span> <span class='ocrx_word' id='word_1_256' title='bbox 2872 878 3019 933; x_wconf 90' lang='lat' dir='ltr'><strong>enim</strong></span> <span class='ocrx_word' id='word_1_257' title='bbox 3075 892 3309 946; x_wconf 81' lang='lat' dir='ltr'><strong>quaeque</strong></span> <span class='ocrx_word' id='word_1_258' title='bbox 3347 885 3436 928; x_wconf 89' lang='lat' dir='ltr'><strong>est</strong></span> 
     </span>
    </p>
   </div>
   <div class='ocr_carea' id='block_1_38' title="bbox 1853 967 3422 1038">
    <p class='ocr_par' dir='ltr' id='par_1_38' title="bbox 1853 967 3422 1038">
     <span class='ocr_line' id='line_1_38' title="bbox 1853 967 3422 1038; baseline -0.002 -17"><span class='ocrx_word' id='word_1_259' title='bbox 1853 967 2046 1021; x_wconf 88' lang='lat' dir='ltr'><strong>barum</strong></span> <span class='ocrx_word' id='word_1_260' title='bbox 2086 980 2298 1032; x_wconf 81' lang='lat' dir='ltr'><strong>natura,</strong></span> <span class='ocrx_word' id='word_1_261' title='bbox 2331 971 2613 1035; x_wconf 71' lang='lat' dir='ltr'><strong>cognoscit</strong></span> <span class='ocrx_word' id='word_1_262' title='bbox 2644 971 2787 1038; x_wconf 88' lang='lat' dir='ltr'><strong>quod</strong></span> <span class='ocrx_word' id='word_1_263' title='bbox 2827 969 3056 1038; x_wconf 82' lang='lat' dir='ltr'><strong>intelligi</strong></span> <span class='ocrx_word' id='word_1_264' title='bbox 3101 978 3283 1036; x_wconf 83' lang='lat' dir='ltr'><strong>potest</strong></span> <span class='ocrx_word' id='word_1_265' title='bbox 3317 981 3422 1019; x_wconf 85' lang='lat' dir='ltr'><strong>na-</strong></span> 
     </span>
    </p>
   </div>
   <div class='ocr_carea' id='block_1_39' title="bbox 1855 1059 3431 1128">
    <p class='ocr_par' dir='ltr' id='par_1_39' title="bbox 1855 1059 3431 1128">
     <span class='ocr_line' id='line_1_39' title="bbox 1855 1059 3431 1128; baseline 0.001 -19"><span class='ocrx_word' id='word_1_266' title='bbox 1855 1067 1975 1110; x_wconf 88' lang='lat' dir='ltr'><strong>tura</strong></span> <span class='ocrx_word' id='word_1_267' title='bbox 2005 1074 2098 1112; x_wconf 88' lang='lat' dir='ltr'><strong>sua</strong></span> <span class='ocrx_word' id='word_1_268' title='bbox 2135 1075 2199 1111; x_wconf 83' lang='lat' dir='ltr'><strong>ex</strong></span> <span class='ocrx_word' id='word_1_269' title='bbox 2233 1074 2290 1111; x_wconf 89' lang='lat' dir='ltr'><strong>re</strong></span> <span class='ocrx_word' id='word_1_270' title='bbox 2325 1059 2462 1128; x_wconf 88' lang='lat' dir='ltr'><strong>ipsa,</strong></span> <span class='ocrx_word' id='word_1_271' title='bbox 2496 1074 2627 1112; x_wconf 89' lang='lat' dir='ltr'><strong>usus</strong></span> <span class='ocrx_word' id='word_1_272' title='bbox 2661 1069 2866 1124; x_wconf 83' lang='lat' dir='ltr'><strong>autem,</strong></span> <span class='ocrx_word' id='word_1_273' title='bbox 2900 1060 2993 1128; x_wconf 85' lang='lat' dir='ltr'><strong>qui</strong></span> <span class='ocrx_word' id='word_1_274' title='bbox 3045 1059 3294 1110; x_wconf 85' lang='lat' dir='ltr'><strong>homines</strong></span> <span class='ocrx_word' id='word_1_275' title='bbox 3335 1072 3431 1110; x_wconf 89' lang='lat' dir='ltr'><strong>co-</strong></span> 
     </span>
    </p>
   </div>
   <div class='ocr_carea' id='block_1_40' title="bbox 1853 1147 3434 1220">
    <p class='ocr_par' dir='ltr' id='par_1_40' title="bbox 1853 1147 3434 1220">
     <span class='ocr_line' id='line_1_40' title="bbox 1853 1147 3434 1220; baseline -0.004 -16"><span class='ocrx_word' id='word_1_276' title='bbox 1853 1153 2013 1220; x_wconf 84' lang='lat' dir='ltr'><strong>gebat</strong></span> <span class='ocrx_word' id='word_1_277' title='bbox 2040 1161 2098 1204; x_wconf 91' lang='lat' dir='ltr'><strong>ut</strong></span> <span class='ocrx_word' id='word_1_278' title='bbox 2131 1167 2218 1204; x_wconf 87' lang='lat' dir='ltr'><strong>res</strong></span> <span class='ocrx_word' id='word_1_279' title='bbox 2257 1166 2443 1204; x_wconf 86' lang='lat' dir='ltr'><strong>secum</strong></span> <span class='ocrx_word' id='word_1_280' title='bbox 2470 1152 2705 1204; x_wconf 76' lang='lat' dir='ltr'><strong>invicem</strong></span> <span class='ocrx_word' id='word_1_281' title='bbox 2739 1150 3212 1205; x_wconf 81' lang='lat' dir='ltr'><strong>communicarent</strong></span> <span class='ocrx_word' id='word_1_282' title='bbox 3235 1158 3287 1202; x_wconf 92' lang='lat' dir='ltr'><strong>et</strong></span> <span class='ocrx_word' id='word_1_283' title='bbox 3313 1147 3434 1200; x_wconf 88' lang='lat' dir='ltr'><strong>ani-</strong></span> 
     </span>
    </p>
   </div>
   <div class='ocr_carea' id='block_1_41' title="bbox 1855 1241 3428 1312">
    <p class='ocr_par' dir='ltr' id='par_1_41' title="bbox 1855 1241 3428 1312">
     <span class='ocr_line' id='line_1_41' title="bbox 1855 1241 3428 1312; baseline -0.002 -18"><span class='ocrx_word' id='word_1_284' title='bbox 1855 1243 1925 1295; x_wconf 88' lang='lat' dir='ltr'><strong>mi</strong></span> <span class='ocrx_word' id='word_1_285' title='bbox 1992 1242 2264 1312; x_wconf 87' lang='lat' dir='ltr'><strong>eupientis</strong></span> <span class='ocrx_word' id='word_1_286' title='bbox 2297 1257 2493 1296; x_wconf 90' lang='lat' dir='ltr'><strong>arcana</strong></span> <span class='ocrx_word' id='word_1_287' title='bbox 2525 1243 2886 1297; x_wconf 88' lang='lat' dir='ltr'><strong>enuntiarent</strong></span> <span class='ocrx_word' id='word_1_288' title='bbox 2945 1243 3022 1296; x_wconf 84' lang='grc' dir='ltr'>ιιιὶ</span> <span class='ocrx_word' id='word_1_289' title='bbox 3077 1242 3271 1296; x_wconf 89' lang='lat' dir='ltr'><strong>statuit</strong></span> <span class='ocrx_word' id='word_1_290' title='bbox 3306 1241 3428 1292; x_wconf 91' lang='lat' dir='ltr'><strong>ani-</strong></span> 
     </span>
    </p>
   </div>
   <div class='ocr_carea' id='block_1_42' title="bbox 1856 1335 3428 1403">
    <p class='ocr_par' dir='ltr' id='par_1_42' title="bbox 1856 1335 3428 1403">
     <span class='ocr_line' id='line_1_42' title="bbox 1856 1335 3428 1403; baseline -0.004 -15"><span class='ocrx_word' id='word_1_291' title='bbox 1856 1335 2261 1394; x_wconf 65' lang='lat' dir='ltr'><strong>madversione,</strong></span> <span class='ocrx_word' id='word_1_292' title='bbox 2297 1349 2417 1402; x_wconf 61' lang='lat' dir='ltr'><strong>qua?</strong></span> <span class='ocrx_word' id='word_1_293' title='bbox 2442 1336 2812 1403; x_wconf 79' lang='lat' dir='ltr'><strong>cognitionem</strong></span> <span class='ocrx_word' id='word_1_294' title='bbox 2852 1336 3016 1389; x_wconf 83' lang='lat' dir='ltr'><strong>rebus</strong></span> <span class='ocrx_word' id='word_1_295' title='bbox 3050 1341 3428 1402; x_wconf 89' lang='lat' dir='ltr'><strong>componeret.</strong></span> 
     </span>
    </p>
   </div>
   <div class='ocr_carea' id='block_1_43' title="bbox 1856 1427 3430 1499">
    <p class='ocr_par' dir='ltr' id='par_1_43' title="bbox 1856 1427 3430 1499">
     <span class='ocr_line' id='line_1_43' title="bbox 1856 1427 3430 1499; baseline -0.004 -19"><span class='ocrx_word' id='word_1_296' title='bbox 1856 1427 1980 1484; x_wconf 76' lang='lat' dir='ltr'><strong>lla-c</strong></span> <span class='ocrx_word' id='word_1_297' title='bbox 2013 1430 2156 1484; x_wconf 90' lang='lat' dir='ltr'><strong>enim</strong></span> <span class='ocrx_word' id='word_1_298' title='bbox 2210 1431 2354 1499; x_wconf 81' lang='lat' dir='ltr'><strong>aptis</strong></span> <span class='ocrx_word' id='word_1_299' title='bbox 2405 1431 2787 1483; x_wconf 83' lang='lat' dir='ltr'><strong>instrumentis</strong></span> <span class='ocrx_word' id='word_1_300' title='bbox 2826 1443 3014 1482; x_wconf 88' lang='lat' dir='ltr'><strong>rerum</strong></span> <span class='ocrx_word' id='word_1_301' title='bbox 3074 1440 3430 1481; x_wconf 77' lang='lat' dir='ltr'><strong>externarum</strong></span> 
     </span>
    </p>
   </div>
   <div class='ocr_carea' id='block_1_44' title="bbox 1855 1517 3433 1592">
    <p class='ocr_par' dir='ltr' id='par_1_44' title="bbox 1855 1517 3433 1592">
     <span class='ocr_line' id='line_1_44' title="bbox 1855 1517 3433 1592; baseline -0.004 -18"><span class='ocrx_word' id='word_1_302' title='bbox 1855 1521 2059 1576; x_wconf 79' lang='lat' dir='ltr'><strong>fortnas</strong></span> <span class='ocrx_word' id='word_1_303' title='bbox 2088 1523 2359 1592; x_wconf 85' lang='lat' dir='ltr'><strong>recipiens</strong></span> <span class='ocrx_word' id='word_1_304' title='bbox 2409 1533 2465 1576; x_wconf 89' lang='lat' dir='ltr'><strong>et</strong></span> <span class='ocrx_word' id='word_1_305' title='bbox 2517 1532 2775 1590; x_wconf 86' lang='lat' dir='ltr'><strong>tanquam</strong></span> <span class='ocrx_word' id='word_1_306' title='bbox 2828 1521 2882 1574; x_wconf 91' lang='lat' dir='ltr'><strong>in</strong></span> <span class='ocrx_word' id='word_1_307' title='bbox 2934 1519 3076 1573; x_wconf 88' lang='lat' dir='ltr'><strong>libro</strong></span> <span class='ocrx_word' id='word_1_308' title='bbox 3113 1519 3237 1570; x_wconf 75' lang='lat' dir='ltr'><strong>[icto</strong></span> <span class='ocrx_word' id='word_1_309' title='bbox 3266 1517 3433 1568; x_wconf 86' lang='lat' dir='ltr'><strong>animi</strong></span> 
     </span>
    </p>
   </div>
   <div class='ocr_carea' id='block_1_45' title="bbox 1855 1606 3435 1680">
    <p class='ocr_par' dir='ltr' id='par_1_45' title="bbox 1855 1606 3435 1680">
     <span class='ocr_line' id='line_1_45' title="bbox 1855 1606 3435 1680; baseline -0.005 -14"><span class='ocrx_word' id='word_1_310' title='bbox 1855 1615 2166 1667; x_wconf 86' lang='lat' dir='ltr'><strong>inscribens</strong></span> <span class='ocrx_word' id='word_1_311' title='bbox 2216 1615 2533 1678; x_wconf 89' lang='lat' dir='ltr'><strong>simulacra,</strong></span> <span class='ocrx_word' id='word_1_312' title='bbox 2592 1614 2691 1676; x_wconf 88' lang='lat' dir='ltr'><strong>ait,</strong></span> <span class='ocrx_word' id='word_1_313' title='bbox 2726 1627 2827 1680; x_wconf 90' lang='lat' dir='ltr'><strong>pro</strong></span> <span class='ocrx_word' id='word_1_314' title='bbox 2895 1608 3305 1676; x_wconf 80' lang='lat' dir='ltr'><strong>exemplaribus</strong></span> <span class='ocrx_word' id='word_1_315' title='bbox 3359 1606 3435 1658; x_wconf 88' lang='lat' dir='ltr'><strong>ibi</strong></span> 
     </span>
    </p>
   </div>
   <div class='ocr_carea' id='block_1_46' title="bbox 1855 1698 3435 1774">
    <p class='ocr_par' dir='ltr' id='par_1_46' title="bbox 1855 1698 3435 1774">
     <span class='ocr_line' id='line_1_46' title="bbox 1855 1698 3435 1774; baseline -0.007 -14"><span class='ocrx_word' id='word_1_316' title='bbox 1855 1707 1968 1760; x_wconf 72' lang='lat' dir='ltr'><strong>lucc</strong></span> <span class='ocrx_word' id='word_1_317' title='bbox 1995 1705 2253 1774; x_wconf 80' lang='lat' dir='ltr'><strong>deponit,</strong></span> <span class='ocrx_word' id='word_1_318' title='bbox 2291 1721 2512 1774; x_wconf 83' lang='lat' dir='ltr'><strong>operam</strong></span> <span class='ocrx_word' id='word_1_319' title='bbox 2541 1705 2701 1766; x_wconf 88' lang='lat' dir='ltr'><strong>dans,</strong></span> <span class='ocrx_word' id='word_1_320' title='bbox 2732 1712 2791 1756; x_wconf 87' lang='lat' dir='ltr'><strong>ut</strong></span> <span class='ocrx_word' id='word_1_321' title='bbox 2820 1716 3092 1770; x_wconf 85' lang='lat' dir='ltr'><strong>congruas</strong></span> <span class='ocrx_word' id='word_1_322' title='bbox 3128 1715 3250 1751; x_wconf 90' lang='lat' dir='ltr'><strong>cum</strong></span> <span class='ocrx_word' id='word_1_323' title='bbox 3283 1698 3435 1765; x_wconf 73' lang='lat' dir='ltr'><strong>cogi-</strong></span> 
     </span>
    </p>
   </div>
   <div class='ocr_carea' id='block_1_47' title="bbox 1855 1790 3426 1867">
    <p class='ocr_par' dir='ltr' id='par_1_47' title="bbox 1855 1790 3426 1867">
     <span class='ocr_line' id='line_1_47' title="bbox 1855 1790 3426 1867; baseline -0.009 -14"><span class='ocrx_word' id='word_1_324' title='bbox 1855 1801 1980 1854; x_wconf 82' lang='lat' dir='ltr'><strong>tatis</strong></span> <span class='ocrx_word' id='word_1_325' title='bbox 2016 1815 2103 1852; x_wconf 85' lang='lat' dir='ltr'><strong>res</strong></span> <span class='ocrx_word' id='word_1_326' title='bbox 2139 1796 2352 1857; x_wconf 82' lang='lat' dir='ltr'><strong>reddat,</strong></span> <span class='ocrx_word' id='word_1_327' title='bbox 2378 1799 2734 1867; x_wconf 86' lang='lat' dir='ltr'><strong>quamobrem</strong></span> <span class='ocrx_word' id='word_1_328' title='bbox 2767 1796 2935 1849; x_wconf 90' lang='lat' dir='ltr'><strong>etiam</strong></span> <span class='ocrx_word' id='word_1_329' title='bbox 2969 1809 3104 1847; x_wconf 84' lang='lat' dir='ltr'><strong>voce</strong></span> <span class='ocrx_word' id='word_1_330' title='bbox 3163 1790 3426 1858; x_wconf 82' lang='lat' dir='ltr'><strong>indiguit,</strong></span> 
     </span>
    </p>
   </div>
   <div class='ocr_carea' id='block_1_48' title="bbox 1854 1881 3437 1964">
    <p class='ocr_par' dir='ltr' id='par_1_48' title="bbox 1854 1881 3437 1964">
     <span class='ocr_line' id='line_1_48' title="bbox 1854 1881 3437 1964; baseline -0.011 -18"><span class='ocrx_word' id='word_1_331' title='bbox 1854 1891 2216 1964; x_wconf 70' lang='lat' dir='ltr'><strong>quwl&#39;ormari</strong></span> <span class='ocrx_word' id='word_1_332' title='bbox 2258 1900 2444 1959; x_wconf 85' lang='lat' dir='ltr'><strong>posset</strong></span> <span class='ocrx_word' id='word_1_333' title='bbox 2485 1887 2651 1956; x_wconf 80' lang='lat'><strong>288</strong></span> <span class='ocrx_word' id='word_1_334' title='bbox 2680 1886 2745 1938; x_wconf 88' lang='lat' dir='ltr'><strong>ad</strong></span> <span class='ocrx_word' id='word_1_335' title='bbox 2805 1883 3230 1938; x_wconf 88' lang='lat' dir='ltr'><strong>similitudinem</strong></span> <span class='ocrx_word' id='word_1_336' title='bbox 3288 1881 3437 1946; x_wconf 77' lang='lat' dir='ltr'><strong>cogi-</strong></span> 
     </span>
    </p>
   </div>
   <div class='ocr_carea' id='block_1_49' title="bbox 1855 1970 3438 2042">
    <p class='ocr_par' dir='ltr' id='par_1_49' title="bbox 1855 1970 3438 2042">
     <span class='ocr_line' id='line_1_49' title="bbox 1855 1970 3438 2042; baseline -0.011 -4"><span class='ocrx_word' id='word_1_337' title='bbox 1855 1977 2530 2042; x_wconf 73' lang='lat' dir='ltr'><strong>tatorum,accommodari</strong></span> <span class='ocrx_word' id='word_1_338' title='bbox 2567 1987 2748 2030; x_wconf 90' lang='lat' dir='ltr'><strong>autem</strong></span> <span class='ocrx_word' id='word_1_339' title='bbox 2775 1973 3119 2042; x_wconf 90' lang='lat' dir='ltr'><strong>rebus,quod</strong></span> <span class='ocrx_word' id='word_1_340' title='bbox 3153 1971 3258 2024; x_wconf 88' lang='lat' dir='ltr'><strong>aiio</strong></span> <span class='ocrx_word' id='word_1_341' title='bbox 3285 1970 3438 2022; x_wconf 86' lang='lat' dir='ltr'><strong>nullo</strong></span> 
     </span>
    </p>
   </div>
   <div class='ocr_carea' id='block_1_50' title="bbox 1853 2062 3434 2131">
    <p class='ocr_par' dir='ltr' id='par_1_50' title="bbox 1853 2062 3434 2131">
     <span class='ocr_line' id='line_1_50' title="bbox 1853 2062 3434 2131; baseline -0.011 -3"><span class='ocrx_word' id='word_1_342' title='bbox 1853 2071 2016 2128; x_wconf 90' lang='lat' dir='ltr'><strong>modo</strong></span> <span class='ocrx_word' id='word_1_343' title='bbox 2074 2069 2290 2123; x_wconf 82' lang='lat' dir='ltr'><strong>facilius</strong></span> <span class='ocrx_word' id='word_1_344' title='bbox 2325 2078 2410 2122; x_wconf 90' lang='lat' dir='ltr'><strong>est</strong></span> <span class='ocrx_word' id='word_1_345' title='bbox 2456 2066 2679 2120; x_wconf 79' lang='lat' dir='ltr'><strong>animali</strong></span> <span class='ocrx_word' id='word_1_346' title='bbox 2729 2066 2943 2118; x_wconf 89' lang='lat' dir='ltr'><strong>ratione</strong></span> <span class='ocrx_word' id='word_1_347' title='bbox 2993 2062 3223 2131; x_wconf 69' lang='lat' dir='ltr'><strong>pra-dito</strong></span> <span class='ocrx_word' id='word_1_348' title='bbox 3271 2075 3434 2127; x_wconf 84' lang='lat' dir='ltr'><strong>quam</strong></span> 
     </span>
    </p>
   </div>
   <div class='ocr_carea' id='block_1_51' title="bbox 1854 2153 3438 2229">
    <p class='ocr_par' dir='ltr' id='par_1_51' title="bbox 1854 2153 3438 2229">
     <span class='ocr_line' id='line_1_51' title="bbox 1854 2153 3438 2229; baseline -0.01 -13"><span class='ocrx_word' id='word_1_349' title='bbox 1854 2179 1986 2218; x_wconf 87' lang='lat' dir='ltr'><strong>voce</strong></span> <span class='ocrx_word' id='word_1_350' title='bbox 2021 2163 2330 2224; x_wconf 88' lang='lat' dir='ltr'><strong>articulata,</strong></span> <span class='ocrx_word' id='word_1_351' title='bbox 2359 2175 2480 2229; x_wconf 74' lang='lat' dir='ltr'><strong>qua:</strong></span> <span class='ocrx_word' id='word_1_352' title='bbox 2526 2159 2757 2211; x_wconf 79' lang='lat' dir='ltr'><strong>formata</strong></span> <span class='ocrx_word' id='word_1_353' title='bbox 2804 2165 2888 2210; x_wconf 90' lang='lat' dir='ltr'><strong>est</strong></span> <span class='ocrx_word' id='word_1_354' title='bbox 2940 2155 3303 2208; x_wconf 82' lang='lat' dir='ltr'><strong>consensione</strong></span> <span class='ocrx_word' id='word_1_355' title='bbox 3340 2153 3438 2202; x_wconf 57' lang='lat' dir='ltr'><strong>bo.</strong></span> 
     </span>
    </p>
   </div>
   <div class='ocr_carea' id='block_1_52' title="bbox 1855 2240 3436 2318">
    <p class='ocr_par' dir='ltr' id='par_1_52' title="bbox 1855 2240 3436 2318">
     <span class='ocr_line' id='line_1_52' title="bbox 1855 2240 3436 2318; baseline -0.011 -14"><span class='ocrx_word' id='word_1_356' title='bbox 1855 2254 2066 2305; x_wconf 90' lang='lat' dir='ltr'><strong>minum</strong></span> <span class='ocrx_word' id='word_1_357' title='bbox 2100 2249 2512 2318; x_wconf 79' lang='lat' dir='ltr'><strong>ingeniosorum</strong></span> <span class='ocrx_word' id='word_1_358' title='bbox 2544 2247 2608 2299; x_wconf 88' lang='lat' dir='ltr'><strong>ad</strong></span> <span class='ocrx_word' id='word_1_359' title='bbox 2637 2245 2798 2298; x_wconf 90' lang='lat' dir='ltr'><strong>aliam</strong></span> <span class='ocrx_word' id='word_1_360' title='bbox 2853 2243 3130 2310; x_wconf 89' lang='lat' dir='ltr'><strong>aliamque</strong></span> <span class='ocrx_word' id='word_1_361' title='bbox 3163 2240 3436 2308; x_wconf 72' lang='lat' dir='ltr'><strong>supersti-</strong></span> 
     </span>
    </p>
   </div>
   <div class='ocr_carea' id='block_1_53' title="bbox 1857 2328 3436 2403">
    <p class='ocr_par' dir='ltr' id='par_1_53' title="bbox 1857 2328 3436 2403">
     <span class='ocr_line' id='line_1_53' title="bbox 1857 2328 3436 2403; baseline -0.012 -5"><span class='ocrx_word' id='word_1_362' title='bbox 1857 2344 2059 2398; x_wconf 82' lang='lat' dir='ltr'><strong>tionem</strong></span> <span class='ocrx_word' id='word_1_363' title='bbox 2093 2351 2144 2393; x_wconf 85' lang='lat' dir='ltr'><strong>et</strong></span> <span class='ocrx_word' id='word_1_364' title='bbox 2179 2340 2495 2402; x_wconf 89' lang='lat' dir='ltr'><strong>dialectum,</strong></span> <span class='ocrx_word' id='word_1_365' title='bbox 2520 2347 2574 2391; x_wconf 92' lang='lat' dir='ltr'><strong>ut</strong></span> <span class='ocrx_word' id='word_1_366' title='bbox 2606 2336 2735 2391; x_wconf 90' lang='lat' dir='ltr'><strong>inde</strong></span> <span class='ocrx_word' id='word_1_367' title='bbox 2766 2328 3128 2403; x_wconf 81' lang='lat' dir='ltr'><strong>intelligatur,</strong></span> <span class='ocrx_word' id='word_1_368' title='bbox 3165 2348 3272 2384; x_wconf 87' lang='lat' dir='ltr'><strong>non</strong></span> <span class='ocrx_word' id='word_1_369' title='bbox 3295 2331 3436 2398; x_wconf 42' lang='lat' dir='ltr'><strong>:tptttl</strong></span> 
     </span>
    </p>
   </div>
   <div class='ocr_carea' id='block_1_54' title="bbox 1856 2424 3441 2493">
    <p class='ocr_par' dir='ltr' id='par_1_54' title="bbox 1856 2424 3441 2493">
     <span class='ocr_line' id='line_1_54' title="bbox 1856 2424 3441 2493; baseline -0.009 -4"><span class='ocrx_word' id='word_1_370' title='bbox 1856 2452 2047 2490; x_wconf 87' lang='lat' dir='ltr'><strong>omnes</strong></span> <span class='ocrx_word' id='word_1_371' title='bbox 2079 2433 2331 2488; x_wconf 87' lang='lat' dir='ltr'><strong>eamdem</strong></span> <span class='ocrx_word' id='word_1_372' title='bbox 2399 2447 2519 2485; x_wconf 87' lang='lat' dir='ltr'><strong>esse</strong></span> <span class='ocrx_word' id='word_1_373' title='bbox 2568 2428 2830 2490; x_wconf 83' lang='lat' dir='ltr'><strong>eam,scd</strong></span> <span class='ocrx_word' id='word_1_374' title='bbox 2881 2427 3043 2480; x_wconf 76' lang='lat' dir='ltr'><strong>aliam</strong></span> <span class='ocrx_word' id='word_1_375' title='bbox 3102 2425 3242 2493; x_wconf 80' lang='lat' dir='ltr'><strong>apud</strong></span> <span class='ocrx_word' id='word_1_376' title='bbox 3304 2424 3441 2475; x_wconf 74' lang='lat' dir='ltr'><strong>alios</strong></span> 
     </span>
    </p>
   </div>
   <div class='ocr_carea' id='block_1_55' title="bbox 1857 2519 3436 2595">
    <p class='ocr_par' dir='ltr' id='par_1_55' title="bbox 1857 2519 3436 2595">
     <span class='ocr_line' id='line_1_55' title="bbox 1857 2519 3436 2595; baseline -0.013 -12"><span class='ocrx_word' id='word_1_377' title='bbox 1857 2542 2096 2595; x_wconf 57' lang='lat' dir='ltr'><strong>semper,</strong></span> <span class='ocrx_word' id='word_1_378' title='bbox 2127 2527 2307 2592; x_wconf 85' lang='lat' dir='ltr'><strong>itaque</strong></span> <span class='ocrx_word' id='word_1_379' title='bbox 2337 2537 2466 2575; x_wconf 91' lang='lat' dir='ltr'><strong>eum</strong></span> <span class='ocrx_word' id='word_1_380' title='bbox 2495 2529 2817 2590; x_wconf 89' lang='lat' dir='ltr'><strong>componat,</strong></span> <span class='ocrx_word' id='word_1_381' title='bbox 2844 2527 2904 2572; x_wconf 89' lang='lat' dir='ltr'><strong>ut</strong></span> <span class='ocrx_word' id='word_1_382' title='bbox 2936 2519 3034 2582; x_wconf 90' lang='lat' dir='ltr'><strong>ait,</strong></span> <span class='ocrx_word' id='word_1_383' title='bbox 3069 2519 3250 2576; x_wconf 85' lang='lat' dir='ltr'><strong>ambo,</strong></span> <span class='ocrx_word' id='word_1_384' title='bbox 3279 2530 3436 2566; x_wconf 84' lang='lat' dir='ltr'><strong>usum</strong></span> 
     </span>
    </p>
   </div>
   <div class='ocr_carea' id='block_1_56' title="bbox 1857 2609 3439 2673">
    <p class='ocr_par' dir='ltr' id='par_1_56' title="bbox 1857 2609 3439 2673">
     <span class='ocr_line' id='line_1_56' title="bbox 1857 2609 3439 2673; baseline -0.012 -1"><span class='ocrx_word' id='word_1_385' title='bbox 1857 2618 2158 2673; x_wconf 70' lang='lat' dir='ltr'><strong>articulatm</strong></span> <span class='ocrx_word' id='word_1_386' title='bbox 2182 2615 2334 2668; x_wconf 84' lang='lat' dir='ltr'><strong>vocis</strong></span> <span class='ocrx_word' id='word_1_387' title='bbox 2368 2614 2649 2666; x_wconf 81' lang='lat' dir='ltr'><strong>notionem</strong></span> <span class='ocrx_word' id='word_1_388' title='bbox 2676 2609 2949 2663; x_wconf 80' lang='lat' dir='ltr'><strong>audientis</strong></span> <span class='ocrx_word' id='word_1_389' title='bbox 2974 2616 3228 2661; x_wconf 79' lang='lat' dir='ltr'><strong>accurate</strong></span> <span class='ocrx_word' id='word_1_390' title='bbox 3250 2613 3439 2672; x_wconf 83' lang='lat' dir='ltr'><strong>aptare</strong></span> 
     </span>
    </p>
   </div>
   <div class='ocr_carea' id='block_1_57' title="bbox 1858 2698 3436 2766">
    <p class='ocr_par' dir='ltr' id='par_1_57' title="bbox 1858 2698 3436 2766">
     <span class='ocr_line' id='line_1_57' title="bbox 1858 2698 3436 2766; baseline -0.011 -5"><span class='ocrx_word' id='word_1_391' title='bbox 1858 2707 2161 2760; x_wconf 83' lang='lat' dir='ltr'><strong>secundum</strong></span> <span class='ocrx_word' id='word_1_392' title='bbox 2193 2701 2612 2757; x_wconf 77' lang='lat' dir='ltr'><strong>similitmlinen:</strong></span> <span class='ocrx_word' id='word_1_393' title='bbox 2666 2699 2878 2753; x_wconf 88' lang='lat' dir='ltr'><strong>notioni</strong></span> <span class='ocrx_word' id='word_1_394' title='bbox 2907 2698 3184 2766; x_wconf 72' lang='lat' dir='ltr'><strong>loquentis</strong></span> <span class='ocrx_word' id='word_1_395' title='bbox 3218 2709 3436 2747; x_wconf 78' lang='lat' dir='ltr'><strong>omnem</strong></span> 
     </span>
    </p>
   </div>
   <div class='ocr_carea' id='block_1_58' title="bbox 1859 2785 3440 2861">
    <p class='ocr_par' dir='ltr' id='par_1_58' title="bbox 1859 2785 3440 2861">
     <span class='ocr_line' id='line_1_58' title="bbox 1859 2785 3440 2861; baseline -0.012 -7"><span class='ocrx_word' id='word_1_396' title='bbox 1859 2800 2032 2858; x_wconf 84' lang='lat' dir='ltr'><strong>omni,</strong></span> <span class='ocrx_word' id='word_1_397' title='bbox 2051 2799 2164 2850; x_wconf 61' lang='lat' dir='ltr'><strong>haec</strong></span> <span class='ocrx_word' id='word_1_398' title='bbox 2182 2795 2583 2861; x_wconf 33' lang='lat' dir='ltr'><strong>enimil&#39;ormata</strong></span> <span class='ocrx_word' id='word_1_399' title='bbox 2606 2800 2937 2860; x_wconf 78' lang='lat' dir='ltr'><strong>etexprcssa</strong></span> <span class='ocrx_word' id='word_1_400' title='bbox 2970 2790 3151 2843; x_wconf 74' lang='lat' dir='ltr'><strong>verbis</strong></span> <span class='ocrx_word' id='word_1_401' title='bbox 3182 2797 3236 2840; x_wconf 89' lang='lat' dir='ltr'><strong>et</strong></span> <span class='ocrx_word' id='word_1_402' title='bbox 3264 2785 3440 2838; x_wconf 91' lang='lat' dir='ltr'><strong>nomi-</strong></span> 
     </span>
    </p>
   </div>
   <div class='ocr_carea' id='block_1_59' title="bbox 1859 2877 3437 2954">
    <p class='ocr_par' dir='ltr' id='par_1_59' title="bbox 1859 2877 3437 2954">
     <span class='ocr_line' id='line_1_59' title="bbox 1859 2877 3437 2954; baseline -0.011 -9"><span class='ocrx_word' id='word_1_403' title='bbox 1859 2890 2024 2945; x_wconf 86' lang='lat' dir='ltr'><strong>nibus</strong></span> <span class='ocrx_word' id='word_1_404' title='bbox 2070 2887 2248 2942; x_wconf 85' lang='lat' dir='ltr'><strong>oratio</strong></span> <span class='ocrx_word' id='word_1_405' title='bbox 2277 2887 2357 2949; x_wconf 89' lang='lat' dir='ltr'><strong>lit,</strong></span> <span class='ocrx_word' id='word_1_406' title='bbox 2387 2901 2508 2954; x_wconf 68' lang='lat' dir='ltr'><strong>qua:</strong></span> <span class='ocrx_word' id='word_1_407' title='bbox 2535 2883 2726 2938; x_wconf 80' lang='lat' dir='ltr'><strong>formis</strong></span> <span class='ocrx_word' id='word_1_408' title='bbox 2755 2883 2920 2936; x_wconf 84' lang='lat' dir='ltr'><strong>variis</strong></span> <span class='ocrx_word' id='word_1_409' title='bbox 2945 2891 2999 2934; x_wconf 90' lang='lat' dir='ltr'><strong>et</strong></span> <span class='ocrx_word' id='word_1_410' title='bbox 3032 2881 3198 2932; x_wconf 78' lang='lat' dir='ltr'><strong>iuitizs</strong></span> <span class='ocrx_word' id='word_1_411' title='bbox 3225 2889 3280 2931; x_wconf 88' lang='lat' dir='ltr'><strong>et</strong></span> <span class='ocrx_word' id='word_1_412' title='bbox 3312 2877 3437 2929; x_wconf 84' lang='lat' dir='ltr'><strong>lini-</strong></span> 
     </span>
    </p>
   </div>
   <div class='ocr_carea' id='block_1_60' title="bbox 1861 2972 3440 3036">
    <p class='ocr_par' dir='ltr' id='par_1_60' title="bbox 1861 2972 3440 3036">
     <span class='ocr_line' id='line_1_60' title="bbox 1861 2972 3440 3036; baseline -0.009 0"><span class='ocrx_word' id='word_1_413' title='bbox 1861 2981 1966 3036; x_wconf 81' lang='lat' dir='ltr'><strong>hus</strong></span> <span class='ocrx_word' id='word_1_414' title='bbox 1997 2979 2225 3034; x_wconf 75' lang='lat' dir='ltr'><strong>definiat</strong></span> <span class='ocrx_word' id='word_1_415' title='bbox 2255 2976 2538 3030; x_wconf 86' lang='lat' dir='ltr'><strong>materiam</strong></span> <span class='ocrx_word' id='word_1_416' title='bbox 2571 2973 2918 3027; x_wconf 77' lang='lat' dir='ltr'><strong>indefinitain</strong></span> <span class='ocrx_word' id='word_1_417' title='bbox 2950 2983 3000 3024; x_wconf 88' lang='lat' dir='ltr'><strong>et</strong></span> <span class='ocrx_word' id='word_1_418' title='bbox 3040 2972 3362 3024; x_wconf 70' lang='lat' dir='ltr'><strong>dissolutam</strong></span> <span class='ocrx_word' id='word_1_419' title='bbox 3384 2978 3440 3021; x_wconf 90' lang='lat' dir='ltr'><strong>et</strong></span> 
     </span>
    </p>
   </div>
   <div class='ocr_carea' id='block_1_61' title="bbox 1863 3067 3444 3137">
    <p class='ocr_par' dir='ltr' id='par_1_61' title="bbox 1863 3067 3444 3137">
     <span class='ocr_line' id='line_1_61' title="bbox 1863 3067 3444 3137; baseline -0.009 -7"><span class='ocrx_word' id='word_1_420' title='bbox 1863 3077 1936 3130; x_wconf 87' lang='lat' dir='ltr'><strong>ita</strong></span> <span class='ocrx_word' id='word_1_421' title='bbox 1966 3072 2208 3127; x_wconf 81' lang='lat' dir='ltr'><strong>externis</strong></span> <span class='ocrx_word' id='word_1_422' title='bbox 2234 3073 2506 3124; x_wconf 87' lang='lat' dir='ltr'><strong>internam</strong></span> <span class='ocrx_word' id='word_1_423' title='bbox 2562 3069 2829 3137; x_wconf 86' lang='lat' dir='ltr'><strong>cujusque</strong></span> <span class='ocrx_word' id='word_1_424' title='bbox 2887 3067 3229 3119; x_wconf 79' lang='lat' dir='ltr'><strong>voluntatem</strong></span> <span class='ocrx_word' id='word_1_425' title='bbox 3265 3080 3444 3118; x_wconf 89' lang='lat' dir='ltr'><strong>enun-</strong></span> 
     </span>
    </p>
   </div>
   <div class='ocr_carea' id='block_1_62' title="bbox 179 3151 1769 3243">
    <p class='ocr_par' dir='ltr' id='par_1_62' title="bbox 179 3151 1755 3223">
     <span class='ocr_line' id='line_1_62' title="bbox 179 3151 1755 3223; baseline -0.002 -19"><span class='ocrx_word' id='word_1_426' title='bbox 179 3170 238 3205; x_wconf 83' lang='grc' dir='ltr'><strong>τε</strong></span> <span class='ocrx_word' id='word_1_427' title='bbox 273 3153 373 3206; x_wconf 79' lang='grc' dir='ltr'>καὶ</span> <span class='ocrx_word' id='word_1_428' title='bbox 404 3153 637 3219; x_wconf 79' lang='grc' dir='ltr'>ὀνόμασι</span> <span class='ocrx_word' id='word_1_429' title='bbox 657 3151 814 3220; x_wconf 83' lang='grc' dir='ltr'>λόγος</span> <span class='ocrx_word' id='word_1_430' title='bbox 846 3153 1060 3219; x_wconf 85' lang='grc' dir='ltr'>γίνεται</span> <span class='ocrx_word' id='word_1_431' title='bbox 1093 3154 1339 3223; x_wconf 85' lang='grc' dir='ltr'>σχήμασι</span> <span class='ocrx_word' id='word_1_432' title='bbox 1374 3152 1640 3215; x_wconf 88' lang='grc' dir='ltr'>ποικίλοις</span> <span class='ocrx_word' id='word_1_433' title='bbox 1664 3153 1755 3205; x_wconf 79' lang='grc' dir='ltr'>καὶ</span> 
     </span>
    </p>
   </div>
   <div class='ocr_carea' id='block_1_63' title="bbox 1843 3151 3441 3243">
    <p class='ocr_par' dir='ltr' id='par_1_63' title="bbox 1864 3157 3441 3229">
     <span class='ocr_line' id='line_1_63' title="bbox 1864 3157 3441 3229; baseline -0.008 -10"><span class='ocrx_word' id='word_1_434' title='bbox 1864 3166 1982 3229; x_wconf 88' lang='lat' dir='ltr'><strong>tiet,</strong></span> <span class='ocrx_word' id='word_1_435' title='bbox 2024 3174 2203 3218; x_wconf 86' lang='lat' dir='ltr'><strong>tamen</strong></span> <span class='ocrx_word' id='word_1_436' title='bbox 2239 3177 2358 3216; x_wconf 88' lang='lat' dir='ltr'><strong>eam</strong></span> <span class='ocrx_word' id='word_1_437' title='bbox 2395 3175 2525 3214; x_wconf 86' lang='lat' dir='ltr'><strong>casu</strong></span> <span class='ocrx_word' id='word_1_438' title='bbox 2561 3169 2617 3212; x_wconf 92' lang='lat' dir='ltr'><strong>et</strong></span> <span class='ocrx_word' id='word_1_439' title='bbox 2666 3159 3012 3214; x_wconf 79' lang='lat' dir='ltr'><strong>sineordine</strong></span> <span class='ocrx_word' id='word_1_440' title='bbox 3076 3157 3206 3210; x_wconf 80' lang='lat' dir='ltr'><strong>ferri</strong></span> <span class='ocrx_word' id='word_1_441' title='bbox 3243 3166 3300 3208; x_wconf 90' lang='lat' dir='ltr'><strong>et</strong></span> <span class='ocrx_word' id='word_1_442' title='bbox 3355 3172 3441 3210; x_wconf 83' lang='lat' dir='ltr'><strong>se—</strong></span> 
     </span>
    </p>
   </div>
   <div class='ocr_carea' id='block_1_64' title="bbox 177 3244 1757 3316">
    <p class='ocr_par' dir='ltr' id='par_1_64' title="bbox 177 3244 1757 3316">
     <span class='ocr_line' id='line_1_64' title="bbox 177 3244 1757 3316; baseline -0.003 -18"><span class='ocrx_word' id='word_1_443' title='bbox 177 3247 379 3316; x_wconf 80' lang='grc' dir='ltr'>ἀρχαῖς</span> <span class='ocrx_word' id='word_1_444' title='bbox 405 3247 503 3299; x_wconf 80' lang='grc' dir='ltr'>καὶ</span> <span class='ocrx_word' id='word_1_445' title='bbox 532 3244 768 3313; x_wconf 82' lang='grc' dir='ltr'>πέρασιν</span> <span class='ocrx_word' id='word_1_446' title='bbox 798 3245 1000 3316; x_wconf 76' lang='grc' dir='ltr'>ὁρίζων</span> <span class='ocrx_word' id='word_1_447' title='bbox 1031 3245 1091 3297; x_wconf 86' lang='grc' dir='ltr'><strong>τὺ</strong></span> <span class='ocrx_word' id='word_1_448' title='bbox 1115 3247 1211 3314; x_wconf 80' lang='grc' dir='ltr'>τῆς</span> <span class='ocrx_word' id='word_1_449' title='bbox 1247 3245 1377 3314; x_wconf 81' lang='grc' dir='ltr'>ὕλης</span> <span class='ocrx_word' id='word_1_450' title='bbox 1411 3245 1664 3315; x_wconf 79' lang='grc' dir='ltr'>ἀόριστόν</span> <span class='ocrx_word' id='word_1_451' title='bbox 1697 3262 1757 3295; x_wconf 87' lang='grc' dir='ltr'><strong>τε</strong></span> 
     </span>
    </p>
   </div>
   <div class='ocr_carea' id='block_1_65' title="bbox 179 3335 1757 3407">
    <p class='ocr_par' dir='ltr' id='par_1_65' title="bbox 179 3335 1757 3407">
     <span class='ocr_line' id='line_1_65' title="bbox 179 3335 1757 3407; baseline -0.003 -17"><span class='ocrx_word' id='word_1_452' title='bbox 179 3340 276 3390; x_wconf 70' lang='grc' dir='ltr'>καὶ</span> <span class='ocrx_word' id='word_1_453' title='bbox 312 3339 539 3404; x_wconf 74' lang='grc' dir='ltr'>ἄφετον,</span> <span class='ocrx_word' id='word_1_454' title='bbox 571 3339 666 3389; x_wconf 81' lang='grc' dir='ltr'>καὶ</span> <span class='ocrx_word' id='word_1_455' title='bbox 697 3335 844 3390; x_wconf 78' lang='grc' dir='ltr'>οὕτω</span> <span class='ocrx_word' id='word_1_456' title='bbox 891 3341 1006 3400; x_wconf 86' lang='grc' dir='ltr'>τοῖς</span> <span class='ocrx_word' id='word_1_457' title='bbox 1046 3337 1152 3402; x_wconf 78' lang='grc' dir='ltr'><strong>ἔξω</strong></span> <span class='ocrx_word' id='word_1_458' title='bbox 1187 3337 1286 3407; x_wconf 80' lang='grc' dir='ltr'>τὴν</span> <span class='ocrx_word' id='word_1_459' title='bbox 1326 3337 1475 3389; x_wconf 79' lang='grc' dir='ltr'>ἔνδον</span> <span class='ocrx_word' id='word_1_460' title='bbox 1523 3337 1757 3389; x_wconf 77' lang='grc' dir='ltr'>ἑκάστου</span> 
     </span>
    </p>
   </div>
   <div class='ocr_carea' id='block_1_66' title="bbox 181 3427 1758 3496">
    <p class='ocr_par' dir='ltr' id='par_1_66' title="bbox 181 3427 1758 3496">
     <span class='ocr_line' id='line_1_66' title="bbox 181 3427 1758 3496; baseline -0.002 -16"><span class='ocrx_word' id='word_1_461' title='bbox 181 3428 448 3496; x_wconf 78' lang='grc' dir='ltr'>βούλησιν</span> <span class='ocrx_word' id='word_1_462' title='bbox 477 3427 860 3494; x_wconf 73' lang='grc' dir='ltr'>ἀπαγγέλλων.</span> <span class='ocrx_word' id='word_1_463' title='bbox 894 3427 1040 3496; x_wconf 74' lang='grc' dir='ltr'>Πλὴν</span> <span class='ocrx_word' id='word_1_464' title='bbox 1066 3427 1164 3496; x_wconf 85' lang='grc' dir='ltr'>οὐχ</span> <span class='ocrx_word' id='word_1_465' title='bbox 1187 3428 1262 3487; x_wconf 85' lang='grc' dir='ltr'>ὡς</span> <span class='ocrx_word' id='word_1_466' title='bbox 1296 3428 1484 3496; x_wconf 76' lang='grc' dir='ltr'>ἔτυχεν</span> <span class='ocrx_word' id='word_1_467' title='bbox 1511 3428 1758 3487; x_wconf 83' lang='grc' dir='ltr'>ἀτάκτως</span> 
     </span>
    </p>
   </div>
   <div class='ocr_carea' id='block_1_67' title="bbox 179 3519 1762 3592">
    <p class='ocr_par' dir='ltr' id='par_1_67' title="bbox 179 3519 1762 3592">
     <span class='ocr_line' id='line_1_67' title="bbox 179 3519 1762 3592; baseline -0.001 -18"><span class='ocrx_word' id='word_1_468' title='bbox 179 3523 452 3592; x_wconf 72' lang='grc' dir='ltr'>φέρεσθαι</span> <span class='ocrx_word' id='word_1_469' title='bbox 495 3523 590 3573; x_wconf 71' lang='grc' dir='ltr'>καὶ</span> <span class='ocrx_word' id='word_1_470' title='bbox 637 3521 782 3573; x_wconf 78' lang='grc' dir='ltr'>κατὰ</span> <span class='ocrx_word' id='word_1_471' title='bbox 832 3519 932 3588; x_wconf 85' lang='grc' dir='ltr'>τὴν</span> <span class='ocrx_word' id='word_1_472' title='bbox 972 3520 1223 3572; x_wconf 80' lang='grc' dir='ltr'>ἑκάστων</span> <span class='ocrx_word' id='word_1_473' title='bbox 1259 3519 1515 3588; x_wconf 80' lang='grc' dir='ltr'>διάφορον</span> <span class='ocrx_word' id='word_1_474' title='bbox 1543 3519 1762 3586; x_wconf 80' lang='grc' dir='ltr'>θέλησιν</span> 
     </span>
    </p>
   </div>
   <div class='ocr_carea' id='block_1_68' title="bbox 177 3611 1762 3684">
    <p class='ocr_par' dir='ltr' id='par_1_68' title="bbox 177 3611 1762 3684">
     <span class='ocr_line' id='line_1_68' title="bbox 177 3611 1762 3684; baseline -0.004 -16"><span class='ocrx_word' id='word_1_475' title='bbox 177 3618 207 3680; x_wconf 74' lang='grc' dir='ltr'><strong>ἡ</strong></span> <span class='ocrx_word' id='word_1_476' title='bbox 255 3616 423 3682; x_wconf 55' lang='grc' dir='ltr'>σοφία</span> <span class='ocrx_word' id='word_1_477' title='bbox 455 3613 686 3667; x_wconf 84' lang='grc' dir='ltr'>κατόπιν</span> <span class='ocrx_word' id='word_1_478' title='bbox 717 3611 781 3684; x_wconf 76' lang='grc'><strong>[1⁵.</strong></span> <span class='ocrx_word' id='word_1_479' title='bbox 812 3612 912 3666; x_wconf 77' lang='grc'><strong>158</strong></span> <span class='ocrx_word' id='word_1_480' title='bbox 956 3611 1032 3682; x_wconf 82' lang='grc' dir='ltr'><strong>υ.]</strong></span> <span class='ocrx_word' id='word_1_481' title='bbox 1095 3611 1389 3680; x_wconf 65' lang='grc' dir='ltr'>ἐληλνδθυῖα</span> <span class='ocrx_word' id='word_1_482' title='bbox 1423 3611 1578 3679; x_wconf 77' lang='grc' dir='ltr'>παρὰ</span> <span class='ocrx_word' id='word_1_483' title='bbox 1625 3611 1762 3662; x_wconf 74' lang='grc' dir='ltr'>Θεοῦ</span> 
     </span>
    </p>
   </div>
   <div class='ocr_carea' id='block_1_69' title="bbox 177 3703 1765 3775">
    <p class='ocr_par' dir='ltr' id='par_1_69' title="bbox 177 3703 1765 3775">
     <span class='ocr_line' id='line_1_69' title="bbox 177 3703 1765 3775; baseline -0.003 -18"><span class='ocrx_word' id='word_1_484' title='bbox 177 3710 288 3768; x_wconf 84' lang='grc' dir='ltr'>τοῖς</span> <span class='ocrx_word' id='word_1_485' title='bbox 325 3703 646 3775; x_wconf 84' lang='grc' dir='ltr'>ἀνθρώποις</span> <span class='ocrx_word' id='word_1_486' title='bbox 695 3704 930 3773; x_wconf 64' lang='grc' dir='ltr'>ἀφῆκεν,</span> <span class='ocrx_word' id='word_1_487' title='bbox 982 3703 1120 3756; x_wconf 74' lang='grc' dir='ltr'>ἀλλὰ</span> <span class='ocrx_word' id='word_1_488' title='bbox 1171 3703 1361 3773; x_wconf 88' lang='grc' dir='ltr'>νόμοις</span> <span class='ocrx_word' id='word_1_489' title='bbox 1396 3705 1491 3756; x_wconf 66' lang='grc' dir='ltr'><strong>και⁸</strong></span> <span class='ocrx_word' id='word_1_490' title='bbox 1544 3703 1765 3755; x_wconf 77' lang='grc' dir='ltr'>κανόσιν</span> 
     </span>
    </p>
   </div>
   <div class='ocr_carea' id='block_1_70' title="bbox 179 3793 1760 3862">
    <p class='ocr_par' dir='ltr' id='par_1_70' title="bbox 179 3793 1760 3862">
     <span class='ocr_line' id='line_1_70' title="bbox 179 3793 1760 3862; baseline -0.004 -13"><span class='ocrx_word' id='word_1_491' title='bbox 179 3794 455 3859; x_wconf 77' lang='grc' dir='ltr'>ὑπέζευξε</span> <span class='ocrx_word' id='word_1_492' title='bbox 482 3794 689 3860; x_wconf 80' lang='grc' dir='ltr'>ταύτην</span> <span class='ocrx_word' id='word_1_493' title='bbox 724 3794 867 3846; x_wconf 72' lang='grc' dir='ltr'>κατὰ</span> <span class='ocrx_word' id='word_1_494' title='bbox 896 3794 994 3856; x_wconf 73' lang='grc' dir='ltr'>τὰς</span> <span class='ocrx_word' id='word_1_495' title='bbox 1015 3793 1146 3862; x_wconf 79' lang='grc' dir='ltr'>παρ’</span> <span class='ocrx_word' id='word_1_496' title='bbox 1178 3794 1430 3856; x_wconf 81' lang='grc' dir='ltr'>ἑκάστοις</span> <span class='ocrx_word' id='word_1_497' title='bbox 1457 3793 1760 3858; x_wconf 82' lang='grc' dir='ltr'>συνθήκας,</span> 
     </span>
    </p>
   </div>
   <div class='ocr_carea' id='block_1_71' title="bbox 176 3883 1766 3955">
    <p class='ocr_par' dir='ltr' id='par_1_71' title="bbox 176 3883 1766 3955">
     <span class='ocr_line' id='line_1_71' title="bbox 176 3883 1766 3955; baseline -0.003 -14"><span class='ocrx_word' id='word_1_498' title='bbox 176 3883 253 3941; x_wconf 78' lang='grc' dir='ltr'>ὧν</span> <span class='ocrx_word' id='word_1_499' title='bbox 317 3889 497 3950; x_wconf 87' lang='grc' dir='ltr'>ἐνίαις</span> <span class='ocrx_word' id='word_1_500' title='bbox 536 3887 708 3940; x_wconf 87' lang='grc' dir='ltr'>ἐνίοτε</span> <span class='ocrx_word' id='word_1_501' title='bbox 741 3889 836 3939; x_wconf 73' lang='grc' dir='ltr'>καὶ</span> <span class='ocrx_word' id='word_1_502' title='bbox 877 3885 1096 3955; x_wconf 77' lang='grc' dir='ltr'>ἐνιαχοῦ</span> <span class='ocrx_word' id='word_1_503' title='bbox 1141 3886 1216 3955; x_wconf 77' lang='grc' dir='ltr'>μὴ</span> <span class='ocrx_word' id='word_1_504' title='bbox 1256 3888 1418 3954; x_wconf 88' lang='grc' dir='ltr'>μόνον</span> <span class='ocrx_word' id='word_1_505' title='bbox 1457 3887 1597 3938; x_wconf 66' lang='grc' dir='ltr'>κατὰ</span> <span class='ocrx_word' id='word_1_506' title='bbox 1630 3887 1766 3954; x_wconf 87' lang='grc' dir='ltr'>θρη-</span> 
     </span>
    </p>
   </div>
   <div class='ocr_carea' id='block_1_72' title="bbox 179 3975 1769 4048">
    <p class='ocr_par' dir='ltr' id='par_1_72' title="bbox 179 3975 1769 4048">
     <span class='ocr_line' id='line_1_72' title="bbox 179 3975 1769 4048; baseline -0.004 -13"><span class='ocrx_word' id='word_1_507' title='bbox 179 3982 380 4035; x_wconf 82' lang='grc' dir='ltr'>σκείαν</span> <span class='ocrx_word' id='word_1_508' title='bbox 407 3980 512 4042; x_wconf 75' lang='grc' dir='ltr'><strong>τὰς</strong></span> <span class='ocrx_word' id='word_1_509' title='bbox 533 3979 812 4048; x_wconf 78' lang='grc' dir='ltr'>σημασίας</span> <span class='ocrx_word' id='word_1_510' title='bbox 836 3979 1031 4032; x_wconf 87' lang='grc' dir='ltr'>’ἐπεται</span> <span class='ocrx_word' id='word_1_511' title='bbox 1060 3979 1315 4046; x_wconf 89' lang='grc' dir='ltr'>διαιρεῖν,</span> <span class='ocrx_word' id='word_1_512' title='bbox 1347 3979 1484 4030; x_wconf 83' lang='grc' dir='ltr'>ἀλλά</span> <span class='ocrx_word' id='word_1_513' title='bbox 1517 3977 1612 4029; x_wconf 75' lang='grc' dir='ltr'>καὶ</span> <span class='ocrx_word' id='word_1_514' title='bbox 1645 3975 1769 4030; x_wconf 83' lang='grc' dir='ltr'>καθ’</span> 
     </span>
    </p>
   </div>
   <div class='ocr_carea' id='block_1_73' title="bbox 176 4070 1768 4144">
    <p class='ocr_par' dir='ltr' id='par_1_73' title="bbox 176 4070 1768 4144">
     <span class='ocr_line' id='line_1_73' title="bbox 176 4070 1768 4144; baseline -0.003 -17"><span class='ocrx_word' id='word_1_515' title='bbox 176 4072 512 4144; x_wconf 76' lang='grc' dir='ltr'>ὁμωνυμίας</span> <span class='ocrx_word' id='word_1_516' title='bbox 545 4075 640 4125; x_wconf 69' lang='grc' dir='ltr'><strong>καὶ</strong></span> <span class='ocrx_word' id='word_1_517' title='bbox 666 4071 1070 4140; x_wconf 82' lang='grc' dir='ltr'>πολυωνυμίας,</span> <span class='ocrx_word' id='word_1_518' title='bbox 1115 4073 1276 4123; x_wconf 74' lang='grc' dir='ltr'>Δυοῖν</span> <span class='ocrx_word' id='word_1_519' title='bbox 1310 4072 1420 4140; x_wconf 70' lang='grc' dir='ltr'><strong>γάρ</strong></span> <span class='ocrx_word' id='word_1_520' title='bbox 1451 4071 1701 4140; x_wconf 81' lang='grc' dir='ltr'>Θάτερον,</span> <span class='ocrx_word' id='word_1_521' title='bbox 1734 4070 1768 4140; x_wconf 81' lang='grc' dir='ltr'><strong>ἦ</strong></span> 
     </span>
    </p>
   </div>
   <div class='ocr_carea' id='block_1_74' title="bbox 177 4163 1770 4234">
    <p class='ocr_par' dir='ltr' id='par_1_74' title="bbox 177 4163 1770 4234">
     <span class='ocr_line' id='line_1_74' title="bbox 177 4163 1770 4234; baseline -0.004 -14"><span class='ocrx_word' id='word_1_522' title='bbox 177 4165 476 4234; x_wconf 71' lang='grc' dir='ltr'>διαφόροις</span> <span class='ocrx_word' id='word_1_523' title='bbox 509 4163 738 4232; x_wconf 83' lang='grc' dir='ltr'>ὀνόμασι</span> <span class='ocrx_word' id='word_1_524' title='bbox 784 4165 851 4217; x_wconf 86' lang='grc' dir='ltr'>τὰ</span> <span class='ocrx_word' id='word_1_525' title='bbox 895 4164 1035 4216; x_wconf 76' lang='grc' dir='ltr'>αὐτὰ</span> <span class='ocrx_word' id='word_1_526' title='bbox 1074 4167 1185 4225; x_wconf 85' lang='grc' dir='ltr'>τοῖς</span> <span class='ocrx_word' id='word_1_527' title='bbox 1225 4165 1292 4232; x_wconf 85' lang='grc' dir='ltr'>τῇ</span> <span class='ocrx_word' id='word_1_528' title='bbox 1332 4164 1468 4231; x_wconf 79' lang='grc' dir='ltr'>αὐτῇ</span> <span class='ocrx_word' id='word_1_529' title='bbox 1503 4164 1770 4234; x_wconf 80' lang='grc' dir='ltr'>διαλέκτῳ</span> 
     </span>
    </p>
   </div>
   <div class='ocr_carea' id='block_1_75' title="bbox 179 4254 1770 4326">
    <p class='ocr_par' dir='ltr' id='par_1_75' title="bbox 179 4254 1770 4326">
     <span class='ocr_line' id='line_1_75' title="bbox 179 4254 1770 4326; baseline -0.003 -18"><span class='ocrx_word' id='word_1_530' title='bbox 179 4255 500 4326; x_wconf 78' lang='grc' dir='ltr'>χρωμένοις</span> <span class='ocrx_word' id='word_1_531' title='bbox 533 4254 893 4322; x_wconf 71' lang='grc' dir='ltr'>γνωρίζονται</span> <span class='ocrx_word' id='word_1_532' title='bbox 925 4254 1254 4322; x_wconf 84' lang='grc' dir='ltr'>πράγματα,</span> <span class='ocrx_word' id='word_1_533' title='bbox 1292 4254 1324 4322; x_wconf 80' lang='grc' dir='ltr'>ἢ</span> <span class='ocrx_word' id='word_1_534' title='bbox 1363 4255 1459 4322; x_wconf 80' lang='grc' dir='ltr'><strong>μιᾷ</strong></span> <span class='ocrx_word' id='word_1_535' title='bbox 1495 4269 1770 4322; x_wconf 78' lang='grc' dir='ltr'>προσηγοο</span> 
     </span>
    </p>
   </div>
   <div class='ocr_carea' id='block_1_76' title="bbox 181 4346 1770 4418">
    <p class='ocr_par' dir='ltr' id='par_1_76' title="bbox 181 4346 1770 4418">
     <span class='ocr_line' id='line_1_76' title="bbox 181 4346 1770 4418; baseline -0.003 -18"><span class='ocrx_word' id='word_1_536' title='bbox 181 4349 278 4418; x_wconf 63' lang='lat' dir='ltr'><strong>pi;</strong></span> <span class='ocrx_word' id='word_1_537' title='bbox 308 4347 384 4399; x_wconf 72' lang='grc' dir='ltr'><strong>τά</strong></span> <span class='ocrx_word' id='word_1_538' title='bbox 417 4347 655 4414; x_wconf 84' lang='grc' dir='ltr'>διάφορα</span> <span class='ocrx_word' id='word_1_539' title='bbox 681 4346 793 4399; x_wconf 86' lang='grc' dir='ltr'><strong>τῶν</strong></span> <span class='ocrx_word' id='word_1_540' title='bbox 819 4347 1188 4414; x_wconf 77' lang='grc' dir='ltr'>πραγμάτων,</span> <span class='ocrx_word' id='word_1_541' title='bbox 1219 4347 1250 4414; x_wconf 83' lang='grc' dir='ltr'>ἢ</span> <span class='ocrx_word' id='word_1_542' title='bbox 1288 4347 1495 4397; x_wconf 79' lang='grc' dir='ltr'>τούτων</span> <span class='ocrx_word' id='word_1_543' title='bbox 1541 4346 1641 4412; x_wconf 83' lang='grc' dir='ltr'>μὲν</span> <span class='ocrx_word' id='word_1_544' title='bbox 1675 4347 1770 4398; x_wconf 87' lang='grc' dir='ltr'>οὐ-</span> 
     </span>
    </p>
   </div>
   <div class='ocr_carea' id='block_1_77' title="bbox 177 4432 1772 4502">
    <p class='ocr_par' dir='ltr' id='par_1_77' title="bbox 177 4432 1772 4502">
     <span class='ocr_line' id='line_1_77' title="bbox 177 4432 1772 4502; baseline -0.004 -14"><span class='ocrx_word' id='word_1_545' title='bbox 177 4436 454 4502; x_wconf 75' lang='grc' dir='ltr'>δετέροις,</span> <span class='ocrx_word' id='word_1_546' title='bbox 491 4433 656 4502; x_wconf 84' lang='grc' dir='ltr'>’ἐτερά</span> <span class='ocrx_word' id='word_1_547' title='bbox 703 4448 768 4500; x_wconf 88' lang='grc' dir='ltr'><strong>γε</strong></span> <span class='ocrx_word' id='word_1_548' title='bbox 807 4433 914 4500; x_wconf 81' lang='grc' dir='ltr'>μὴν</span> <span class='ocrx_word' id='word_1_549' title='bbox 954 4432 1189 4502; x_wconf 70' lang='grc' dir='ltr'>ἑτέροις.</span> <span class='ocrx_word' id='word_1_550' title='bbox 1249 4433 1471 4485; x_wconf 80' lang='grc' dir='ltr'>Τούτων</span> <span class='ocrx_word' id='word_1_551' title='bbox 1511 4434 1554 4485; x_wconf 91' lang='grc' dir='ltr'>δ’</span> <span class='ocrx_word' id='word_1_552' title='bbox 1597 4432 1772 4493; x_wconf 73' lang='grc' dir='ltr'>οὕτως</span> 
     </span>
    </p>
   </div>
   <div class='ocr_carea' id='block_1_78' title="bbox 1861 3246 3441 3322">
    <p class='ocr_par' dir='ltr' id='par_1_78' title="bbox 1861 3246 3441 3322">
     <span class='ocr_line' id='line_1_78' title="bbox 1861 3246 3441 3322; baseline -0.008 -11"><span class='ocrx_word' id='word_1_553' title='bbox 1861 3255 2102 3312; x_wconf 89' lang='lat' dir='ltr'><strong>cundum</strong></span> <span class='ocrx_word' id='word_1_554' title='bbox 2163 3254 2430 3322; x_wconf 84' lang='lat' dir='ltr'><strong>cujusque</strong></span> <span class='ocrx_word' id='word_1_555' title='bbox 2461 3250 2740 3304; x_wconf 83' lang='lat' dir='ltr'><strong>diversam</strong></span> <span class='ocrx_word' id='word_1_556' title='bbox 2772 3249 3110 3301; x_wconf 87' lang='lat' dir='ltr'><strong>voluntatem</strong></span> <span class='ocrx_word' id='word_1_557' title='bbox 3175 3246 3441 3314; x_wconf 76' lang='lat' dir='ltr'><strong>sapientia</strong></span> 
     </span>
    </p>
   </div>
   <div class='ocr_carea' id='block_1_79' title="bbox 1862 3339 3440 3417">
    <p class='ocr_par' dir='ltr' id='par_1_79' title="bbox 1862 3339 3440 3417">
     <span class='ocr_line' id='line_1_79' title="bbox 1862 3339 3440 3417; baseline -0.008 -17"><span class='ocrx_word' id='word_1_558' title='bbox 1862 3357 2050 3417; x_wconf 86' lang='lat' dir='ltr'><strong>postea</strong></span> <span class='ocrx_word' id='word_1_559' title='bbox 2078 3361 2107 3398; x_wconf 86' lang='lat' dir='ltr'><strong>a</strong></span> <span class='ocrx_word' id='word_1_560' title='bbox 2144 3345 2255 3398; x_wconf 90' lang='lat' dir='ltr'><strong>Deo</strong></span> <span class='ocrx_word' id='word_1_561' title='bbox 2301 3357 2557 3412; x_wconf 81' lang='lat' dir='ltr'><strong>aggressa</strong></span> <span class='ocrx_word' id='word_1_562' title='bbox 2589 3341 2914 3394; x_wconf 85' lang='lat' dir='ltr'><strong>hominibus</strong></span> <span class='ocrx_word' id='word_1_563' title='bbox 2967 3356 3074 3392; x_wconf 91' lang='lat' dir='ltr'><strong>non</strong></span> <span class='ocrx_word' id='word_1_564' title='bbox 3141 3339 3440 3399; x_wconf 74' lang='lat' dir='ltr'><strong>COIICCSsil.,</strong></span> 
     </span>
    </p>
   </div>
   <div class='ocr_carea' id='block_1_80' title="bbox 1863 3432 3443 3508">
    <p class='ocr_par' dir='ltr' id='par_1_80' title="bbox 1863 3432 3443 3508">
     <span class='ocr_line' id='line_1_80' title="bbox 1863 3432 3443 3508; baseline -0.008 -14"><span class='ocrx_word' id='word_1_565' title='bbox 1863 3441 1954 3495; x_wconf 86' lang='lat' dir='ltr'><strong>sed</strong></span> <span class='ocrx_word' id='word_1_566' title='bbox 1987 3440 2201 3508; x_wconf 70' lang='lat' dir='ltr'><strong>legibus</strong></span> <span class='ocrx_word' id='word_1_567' title='bbox 2224 3446 2280 3490; x_wconf 93' lang='lat' dir='ltr'><strong>ct</strong></span> <span class='ocrx_word' id='word_1_568' title='bbox 2315 3435 2516 3502; x_wconf 76' lang='lat' dir='ltr'><strong>regulis</strong></span> <span class='ocrx_word' id='word_1_569' title='bbox 2548 3434 2831 3504; x_wconf 73' lang='lat' dir='ltr'><strong>subjunxit</strong></span> <span class='ocrx_word' id='word_1_570' title='bbox 2867 3449 2987 3486; x_wconf 89' lang='lat' dir='ltr'><strong>eam</strong></span> <span class='ocrx_word' id='word_1_571' title='bbox 3022 3432 3324 3486; x_wconf 86' lang='lat' dir='ltr'><strong>secundum</strong></span> <span class='ocrx_word' id='word_1_572' title='bbox 3350 3447 3443 3484; x_wconf 82' lang='lat' dir='ltr'><strong>eas</strong></span> 
     </span>
    </p>
   </div>
   <div class='ocr_carea' id='block_1_81' title="bbox 1863 3525 3440 3599">
    <p class='ocr_par' dir='ltr' id='par_1_81' title="bbox 1863 3525 3440 3599">
     <span class='ocr_line' id='line_1_81' title="bbox 1863 3525 3440 3599; baseline -0.009 -16"><span class='ocrx_word' id='word_1_573' title='bbox 1863 3546 1984 3599; x_wconf 66' lang='lat' dir='ltr'><strong>quae</strong></span> <span class='ocrx_word' id='word_1_574' title='bbox 2020 3528 2162 3597; x_wconf 86' lang='lat' dir='ltr'><strong>apud</strong></span> <span class='ocrx_word' id='word_1_575' title='bbox 2226 3541 2476 3595; x_wconf 84' lang='lat' dir='ltr'><strong>quosque</strong></span> <span class='ocrx_word' id='word_1_576' title='bbox 2535 3532 2695 3578; x_wconf 87' lang='lat' dir='ltr'><strong>erant</strong></span> <span class='ocrx_word' id='word_1_577' title='bbox 2750 3525 3168 3578; x_wconf 84' lang='lat' dir='ltr'><strong>eonscnsiones.</strong></span> <span class='ocrx_word' id='word_1_578' title='bbox 3207 3537 3440 3589; x_wconf 85' lang='lat' dir='ltr'><strong>quarum</strong></span> 
     </span>
    </p>
   </div>
   <div class='ocr_carea' id='block_1_82' title="bbox 1863 3609 3447 3677">
    <p class='ocr_par' dir='ltr' id='par_1_82' title="bbox 1863 3609 3447 3677">
     <span class='ocr_line' id='line_1_82' title="bbox 1863 3609 3447 3677; baseline -0.008 -6"><span class='ocrx_word' id='word_1_579' title='bbox 1863 3617 2145 3671; x_wconf 86' lang='lat' dir='ltr'><strong>nonnullis</strong></span> <span class='ocrx_word' id='word_1_580' title='bbox 2173 3613 2453 3670; x_wconf 76' lang='lat' dir='ltr'><strong>interdum</strong></span> <span class='ocrx_word' id='word_1_581' title='bbox 2490 3627 2596 3666; x_wconf 91' lang='lat' dir='ltr'><strong>non</strong></span> <span class='ocrx_word' id='word_1_582' title='bbox 2626 3611 2802 3664; x_wconf 91' lang='lat' dir='ltr'><strong>solum</strong></span> <span class='ocrx_word' id='word_1_583' title='bbox 2839 3609 3148 3664; x_wconf 86' lang='lat' dir='ltr'><strong>secundum</strong></span> <span class='ocrx_word' id='word_1_584' title='bbox 3175 3609 3447 3677; x_wconf 85' lang='lat' dir='ltr'><strong>supersti—</strong></span> 
     </span>
    </p>
   </div>
   <div class='ocr_carea' id='block_1_83' title="bbox 1867 3700 3444 3774">
    <p class='ocr_par' dir='ltr' id='par_1_83' title="bbox 1867 3700 3444 3774">
     <span class='ocr_line' id='line_1_83' title="bbox 1867 3700 3444 3774; baseline -0.007 -12"><span class='ocrx_word' id='word_1_585' title='bbox 1867 3709 2072 3762; x_wconf 89' lang='lat' dir='ltr'><strong>tionem</strong></span> <span class='ocrx_word' id='word_1_586' title='bbox 2102 3707 2537 3774; x_wconf 83' lang='lat' dir='ltr'><strong>signilicationes</strong></span> <span class='ocrx_word' id='word_1_587' title='bbox 2573 3705 2827 3772; x_wconf 89' lang='lat' dir='ltr'><strong>sequitur</strong></span> <span class='ocrx_word' id='word_1_588' title='bbox 2876 3712 2933 3753; x_wconf 93' lang='lat' dir='ltr'><strong>ut</strong></span> <span class='ocrx_word' id='word_1_589' title='bbox 2967 3701 3296 3763; x_wconf 67' lang='lat' dir='ltr'><strong>tcLbuamus,</strong></span> <span class='ocrx_word' id='word_1_590' title='bbox 3349 3700 3444 3752; x_wconf 59' lang='lat' dir='ltr'><strong>Sed</strong></span> 
     </span>
    </p>
   </div>
   <div class='ocr_carea' id='block_1_84' title="bbox 1866 3796 3445 3854">
    <p class='ocr_par' dir='ltr' id='par_1_84' title="bbox 1866 3796 3445 3854">
     <span class='ocr_line' id='line_1_84' title="bbox 1866 3796 3445 3854; baseline -0.007 0"><span class='ocrx_word' id='word_1_591' title='bbox 1866 3801 2030 3854; x_wconf 88' lang='lat' dir='ltr'><strong>etiam</strong></span> <span class='ocrx_word' id='word_1_592' title='bbox 2073 3798 2376 3852; x_wconf 87' lang='lat' dir='ltr'><strong>secundmn</strong></span> <span class='ocrx_word' id='word_1_593' title='bbox 2415 3797 2638 3851; x_wconf 87' lang='lat' dir='ltr'><strong>nomina</strong></span> <span class='ocrx_word' id='word_1_594' title='bbox 2672 3796 2865 3849; x_wconf 75' lang='lat' dir='ltr'><strong>eadem</strong></span> <span class='ocrx_word' id='word_1_595' title='bbox 2902 3805 2956 3848; x_wconf 88' lang='lat' dir='ltr'><strong>et</strong></span> <span class='ocrx_word' id='word_1_596' title='bbox 3004 3797 3195 3848; x_wconf 88' lang='lat' dir='ltr'><strong>multa.</strong></span> <span class='ocrx_word' id='word_1_597' title='bbox 3259 3797 3445 3846; x_wconf 80' lang='lat' dir='ltr'><strong>Alter-</strong></span> 
     </span>
    </p>
   </div>
   <div class='ocr_carea' id='block_1_85' title="bbox 1869 3886 3448 3952">
    <p class='ocr_par' dir='ltr' id='par_1_85' title="bbox 1869 3886 3448 3952">
     <span class='ocr_line' id='line_1_85' title="bbox 1869 3886 3448 3952; baseline -0.005 -8"><span class='ocrx_word' id='word_1_598' title='bbox 1869 3902 2052 3944; x_wconf 90' lang='lat' dir='ltr'><strong>utrum</strong></span> <span class='ocrx_word' id='word_1_599' title='bbox 2088 3890 2255 3952; x_wconf 91' lang='lat' dir='ltr'><strong>enim,</strong></span> <span class='ocrx_word' id='word_1_600' title='bbox 2292 3898 2386 3942; x_wconf 87' lang='lat' dir='ltr'><strong>aut</strong></span> <span class='ocrx_word' id='word_1_601' title='bbox 2440 3888 2675 3941; x_wconf 83' lang='lat' dir='ltr'><strong>diversis</strong></span> <span class='ocrx_word' id='word_1_602' title='bbox 2727 3887 3044 3940; x_wconf 85' lang='lat' dir='ltr'><strong>nominibus</strong></span> <span class='ocrx_word' id='word_1_603' title='bbox 3099 3886 3302 3939; x_wconf 63' lang='lat' dir='ltr'><strong>cuidem</strong></span> <span class='ocrx_word' id='word_1_604' title='bbox 3360 3901 3448 3936; x_wconf 87' lang='lat' dir='ltr'><strong>res</strong></span> 
     </span>
    </p>
   </div>
   <div class='ocr_carea' id='block_1_86' title="bbox 1837 3980 3447 4052">
    <p class='ocr_par' dir='ltr' id='par_1_86' title="bbox 1837 3980 3447 4052">
     <span class='ocr_line' id='line_1_86' title="bbox 1837 3980 3447 4052; baseline -0.005 -14"><span class='ocrx_word' id='word_1_605' title='bbox 1837 3985 1936 4038; x_wconf 79' lang='lat' dir='ltr'><strong>&#39;ab</strong></span> <span class='ocrx_word' id='word_1_606' title='bbox 1977 3985 2043 4037; x_wconf 85' lang='lat' dir='ltr'><strong>iis</strong></span> <span class='ocrx_word' id='word_1_607' title='bbox 2067 3983 2159 4052; x_wconf 79' lang='lat' dir='ltr'><strong>qui</strong></span> <span class='ocrx_word' id='word_1_608' title='bbox 2183 3983 2375 4036; x_wconf 85' lang='lat' dir='ltr'><strong>eadem</strong></span> <span class='ocrx_word' id='word_1_609' title='bbox 2417 3982 2653 4035; x_wconf 86' lang='lat' dir='ltr'><strong>dialeeto</strong></span> <span class='ocrx_word' id='word_1_610' title='bbox 2682 3991 2917 4034; x_wconf 84' lang='lat' dir='ltr'><strong>utuntur</strong></span> <span class='ocrx_word' id='word_1_611' title='bbox 2950 3980 3324 4035; x_wconf 78' lang='lat' dir='ltr'><strong>declarantur,</strong></span> <span class='ocrx_word' id='word_1_612' title='bbox 3349 3987 3447 4030; x_wconf 88' lang='lat' dir='ltr'><strong>aut</strong></span> 
     </span>
    </p>
   </div>
   <div class='ocr_carea' id='block_1_87' title="bbox 1873 4069 3446 4143">
    <p class='ocr_par' dir='ltr' id='par_1_87' title="bbox 1873 4069 3446 4143">
     <span class='ocr_line' id='line_1_87' title="bbox 1873 4069 3446 4143; baseline -0.006 -13"><span class='ocrx_word' id='word_1_613' title='bbox 1873 4092 1980 4130; x_wconf 87' lang='lat' dir='ltr'><strong>una</strong></span> <span class='ocrx_word' id='word_1_614' title='bbox 2014 4073 2420 4143; x_wconf 82' lang='lat' dir='ltr'><strong>signiﬁcatione</strong></span> <span class='ocrx_word' id='word_1_615' title='bbox 2452 4074 2685 4127; x_wconf 81' lang='lat' dir='ltr'><strong>diversae</strong></span> <span class='ocrx_word' id='word_1_616' title='bbox 2721 4089 2806 4126; x_wconf 90' lang='lat' dir='ltr'><strong>res</strong></span> <span class='ocrx_word' id='word_1_617' title='bbox 2864 4082 2959 4124; x_wconf 90' lang='lat' dir='ltr'><strong>aut</strong></span> <span class='ocrx_word' id='word_1_618' title='bbox 3010 4074 3202 4124; x_wconf 87' lang='lat' dir='ltr'><strong>borum</strong></span> <span class='ocrx_word' id='word_1_619' title='bbox 3233 4069 3446 4122; x_wconf 85' lang='lat' dir='ltr'><strong>neutris</strong></span> 
     </span>
    </p>
   </div>
   <div class='ocr_carea' id='block_1_88' title="bbox 1871 4161 3446 4240">
    <p class='ocr_par' dir='ltr' id='par_1_88' title="bbox 1871 4161 3446 4240">
     <span class='ocr_line' id='line_1_88' title="bbox 1871 4161 3446 4240; baseline -0.006 -20"><span class='ocrx_word' id='word_1_620' title='bbox 1871 4170 1996 4240; x_wconf 84' lang='lat' dir='ltr'><strong>(alia</strong></span> <span class='ocrx_word' id='word_1_621' title='bbox 2021 4169 2282 4222; x_wconf 91' lang='lat' dir='ltr'><strong>nimirum</strong></span> <span class='ocrx_word' id='word_1_622' title='bbox 2309 4167 2474 4232; x_wconf 90' lang='lat' dir='ltr'><strong>aliis).</strong></span> <span class='ocrx_word' id='word_1_623' title='bbox 2511 4166 2640 4231; x_wconf 76' lang='lat' dir='ltr'><strong>Qua:</strong></span> <span class='ocrx_word' id='word_1_624' title='bbox 2671 4165 2837 4234; x_wconf 75' lang='lat'><strong>289</strong></span> <span class='ocrx_word' id='word_1_625' title='bbox 2864 4179 2986 4217; x_wconf 84' lang='lat' dir='ltr'><strong>eum</strong></span> <span class='ocrx_word' id='word_1_626' title='bbox 3022 4163 3093 4215; x_wconf 92' lang='lat' dir='ltr'><strong>ita</strong></span> <span class='ocrx_word' id='word_1_627' title='bbox 3129 4161 3239 4216; x_wconf 84' lang='lat' dir='ltr'><strong>sint</strong></span> <span class='ocrx_word' id='word_1_628' title='bbox 3263 4161 3446 4226; x_wconf 89' lang='lat' dir='ltr'><strong>itaque</strong></span> 
     </span>
    </p>
   </div>
   <div class='ocr_carea' id='block_1_89' title="bbox 1872 4252 3449 4331">
    <p class='ocr_par' dir='ltr' id='par_1_89' title="bbox 1872 4252 3449 4331">
     <span class='ocr_line' id='line_1_89' title="bbox 1872 4252 3449 4331; baseline -0.006 -19"><span class='ocrx_word' id='word_1_629' title='bbox 1872 4261 2246 4331; x_wconf 78' lang='lat' dir='ltr'><strong>prrcjudicata,</strong></span> <span class='ocrx_word' id='word_1_630' title='bbox 2280 4257 2576 4326; x_wconf 80' lang='lat' dir='ltr'><strong>repetenda</strong></span> <span class='ocrx_word' id='word_1_631' title='bbox 2614 4256 2849 4309; x_wconf 38' lang='lat' dir='ltr'><strong>fortasse</strong></span> <span class='ocrx_word' id='word_1_632' title='bbox 2902 4265 2984 4307; x_wconf 93' lang='lat' dir='ltr'><strong>est</strong></span> <span class='ocrx_word' id='word_1_633' title='bbox 3043 4254 3230 4321; x_wconf 84' lang='lat' dir='ltr'><strong>lingua</strong></span> <span class='ocrx_word' id='word_1_634' title='bbox 3287 4252 3449 4304; x_wconf 78' lang='lat' dir='ltr'><strong>nobis</strong></span> 
     </span>
    </p>
   </div>
   <div class='ocr_carea' id='block_1_90' title="bbox 1873 4343 3449 4420">
    <p class='ocr_par' dir='ltr' id='par_1_90' title="bbox 1873 4343 3449 4420">
     <span class='ocr_line' id='line_1_90' title="bbox 1873 4343 3449 4420; baseline -0.007 -13"><span class='ocrx_word' id='word_1_635' title='bbox 1873 4354 1943 4407; x_wconf 90' lang='lat' dir='ltr'><strong>ab</strong></span> <span class='ocrx_word' id='word_1_636' title='bbox 1976 4353 2093 4420; x_wconf 88' lang='lat' dir='ltr'><strong>ipso</strong></span> <span class='ocrx_word' id='word_1_637' title='bbox 2151 4350 2379 4404; x_wconf 78' lang='lat' dir='ltr'><strong>exordio</strong></span> <span class='ocrx_word' id='word_1_638' title='bbox 2433 4348 2718 4409; x_wconf 83' lang='lat' dir='ltr'><strong>orationis,</strong></span> <span class='ocrx_word' id='word_1_639' title='bbox 2747 4349 2848 4400; x_wconf 88' lang='lat' dir='ltr'><strong>hoc</strong></span> <span class='ocrx_word' id='word_1_640' title='bbox 2886 4355 2991 4410; x_wconf 88' lang='lat' dir='ltr'><strong>est,</strong></span> <span class='ocrx_word' id='word_1_641' title='bbox 3025 4343 3449 4397; x_wconf 86' lang='lat' dir='ltr'><strong>demonstranda</strong></span> 
     </span>
    </p>
   </div>
   <div class='ocr_carea' id='block_1_91' title="bbox 1873 4434 3451 4496">
    <p class='ocr_par' dir='ltr' id='par_1_91' title="bbox 1873 4434 3451 4496">
     <span class='ocr_line' id='line_1_91' title="bbox 1873 4434 3451 4496; baseline -0.01 0"><span class='ocrx_word' id='word_1_642' title='bbox 1873 4451 1958 4496; x_wconf 89' lang='lat' dir='ltr'><strong>est</strong></span> <span class='ocrx_word' id='word_1_643' title='bbox 1990 4441 2286 4494; x_wconf 84' lang='lat' dir='ltr'><strong>multorum</strong></span> <span class='ocrx_word' id='word_1_644' title='bbox 2331 4439 2551 4492; x_wconf 89' lang='lat' dir='ltr'><strong>illorum</strong></span> <span class='ocrx_word' id='word_1_645' title='bbox 2582 4438 2865 4489; x_wconf 88' lang='lat' dir='ltr'><strong>nominum</strong></span> <span class='ocrx_word' id='word_1_646' title='bbox 2901 4434 3191 4487; x_wconf 80' lang='lat' dir='ltr'><strong>concordia</strong></span> <span class='ocrx_word' id='word_1_647' title='bbox 3223 4442 3277 4485; x_wconf 92' lang='lat' dir='ltr'><strong>et</strong></span> <span class='ocrx_word' id='word_1_648' title='bbox 3314 4447 3451 4484; x_wconf 88' lang='lat' dir='ltr'><strong>con-</strong></span> 
     </span>
    </p>
   </div>
   <div class='ocr_carea' id='block_1_92' title="bbox 179 4522 1769 4600">
    <p class='ocr_par' dir='ltr' id='par_1_92' title="bbox 179 4526 1767 4597">
     <span class='ocr_line' id='line_1_92' title="bbox 179 4526 1767 4597; baseline -0.001 -17"><span class='ocrx_word' id='word_1_649' title='bbox 179 4530 429 4597; x_wconf 74' lang='grc' dir='ltr'>ἐγόυτων</span> <span class='ocrx_word' id='word_1_650' title='bbox 457 4526 554 4578; x_wconf 73' lang='grc' dir='ltr'><strong>καὶ</strong></span> <span class='ocrx_word' id='word_1_651' title='bbox 591 4527 793 4578; x_wconf 71' lang='grc' dir='ltr'>οὑτωσὶ</span> <span class='ocrx_word' id='word_1_652' title='bbox 832 4527 1353 4596; x_wconf 81' lang='grc' dir='ltr'>προδιαληφθέντων</span> <span class='ocrx_word' id='word_1_653' title='bbox 1390 4527 1655 4579; x_wconf 71' lang='grc' dir='ltr'>ἀνοικτέον</span> <span class='ocrx_word' id='word_1_654' title='bbox 1703 4529 1767 4579; x_wconf 85' lang='grc' dir='ltr'>ἂν</span> 
     </span>
    </p>
   </div>
   <div class='ocr_carea' id='block_1_93' title="bbox 1843 4522 3456 4600">
    <p class='ocr_par' dir='ltr' id='par_1_93' title="bbox 1843 4522 3456 4597">
     <span class='ocr_line' id='line_1_93' title="bbox 1843 4522 3456 4597; baseline -0.004 -15"><span class='ocrx_word' id='word_1_655' title='bbox 1843 4572 1844 4582; x_wconf 33' lang='grc' dir='ltr'>χ</span> <span class='ocrx_word' id='word_1_656' title='bbox 1873 4539 2068 4584; x_wconf 88' lang='lat' dir='ltr'><strong>ccntus</strong></span> <span class='ocrx_word' id='word_1_657' title='bbox 2100 4542 2156 4583; x_wconf 91' lang='lat' dir='ltr'><strong>et</strong></span> <span class='ocrx_word' id='word_1_658' title='bbox 2186 4545 2304 4597; x_wconf 67' lang='lat' dir='ltr'><strong>qua:</strong></span> <span class='ocrx_word' id='word_1_659' title='bbox 2328 4528 2398 4581; x_wconf 88' lang='lat' dir='ltr'><strong>sit</strong></span> <span class='ocrx_word' id='word_1_660' title='bbox 2426 4541 2619 4580; x_wconf 91' lang='lat' dir='ltr'><strong>eorum</strong></span> <span class='ocrx_word' id='word_1_661' title='bbox 2650 4527 2715 4578; x_wconf 90' lang='lat' dir='ltr'><strong>ad</strong></span> <span class='ocrx_word' id='word_1_662' title='bbox 2748 4540 2913 4578; x_wconf 91' lang='lat' dir='ltr'><strong>unum</strong></span> <span class='ocrx_word' id='word_1_663' title='bbox 2946 4523 3090 4592; x_wconf 90' lang='lat' dir='ltr'><strong>quod</strong></span> <span class='ocrx_word' id='word_1_664' title='bbox 3129 4522 3348 4591; x_wconf 89' lang='lat' dir='ltr'><strong>proprie</strong></span> <span class='ocrx_word' id='word_1_665' title='bbox 3371 4525 3456 4575; x_wconf 85' lang='lat' dir='ltr'><strong>sic</strong></span> 
     </span>
    </p>
   </div>
   <div class='ocr_carea' id='block_1_94' title="bbox 177 4617 1770 4689">
    <p class='ocr_par' dir='ltr' id='par_1_94' title="bbox 177 4617 1770 4689">
     <span class='ocr_line' id='line_1_94' title="bbox 177 4617 1770 4689; baseline -0.001 -18"><span class='ocrx_word' id='word_1_666' title='bbox 177 4621 270 4689; x_wconf 78' lang='grc' dir='ltr'>εἴη</span> <span class='ocrx_word' id='word_1_667' title='bbox 313 4619 420 4689; x_wconf 78' lang='grc' dir='ltr'>τὴν</span> <span class='ocrx_word' id='word_1_668' title='bbox 459 4618 708 4685; x_wconf 84' lang='grc' dir='ltr'>γλῶτταν</span> <span class='ocrx_word' id='word_1_669' title='bbox 761 4617 893 4687; x_wconf 77' lang='grc' dir='ltr'>ἡμῖν</span> <span class='ocrx_word' id='word_1_670' title='bbox 939 4620 1018 4677; x_wconf 83' lang='grc' dir='ltr'><strong>εἰς</strong></span> <span class='ocrx_word' id='word_1_671' title='bbox 1066 4620 1124 4669; x_wconf 68' lang='grc' dir='ltr'><strong>τὸ</strong></span> <span class='ocrx_word' id='word_1_672' title='bbox 1163 4619 1428 4686; x_wconf 74' lang='grc' dir='ltr'>πρότερον</span> <span class='ocrx_word' id='word_1_673' title='bbox 1478 4619 1623 4687; x_wconf 72' lang='grc' dir='ltr'>ἴχνος</span> <span class='ocrx_word' id='word_1_674' title='bbox 1676 4619 1770 4670; x_wconf 77' lang='grc' dir='ltr'>τοῦ</span> 
     </span>
    </p>
   </div>
   <div class='ocr_carea' id='block_1_95' title="bbox 178 4709 1774 4779">
    <p class='ocr_par' dir='ltr' id='par_1_95' title="bbox 178 4709 1774 4779">
     <span class='ocr_line' id='line_1_95' title="bbox 178 4709 1774 4779; baseline 0 -17"><span class='ocrx_word' id='word_1_675' title='bbox 178 4713 376 4779; x_wconf 76' lang='grc' dir='ltr'>λόγου.</span> <span class='ocrx_word' id='word_1_676' title='bbox 422 4709 500 4762; x_wconf 84' lang='grc' dir='ltr'><strong>Τὸ</strong></span> <span class='ocrx_word' id='word_1_677' title='bbox 548 4709 606 4762; x_wconf 75' lang='grc' dir='ltr'>δέ</span> <span class='ocrx_word' id='word_1_678' title='bbox 647 4710 766 4762; x_wconf 89' lang='grc' dir='ltr'>ἐστι</span> <span class='ocrx_word' id='word_1_679' title='bbox 800 4709 972 4770; x_wconf 82' lang='grc' dir='ltr'>δεῖξαι</span> <span class='ocrx_word' id='word_1_680' title='bbox 1004 4711 1103 4778; x_wconf 77' lang='grc' dir='ltr'>τὴν</span> <span class='ocrx_word' id='word_1_681' title='bbox 1147 4709 1257 4762; x_wconf 87' lang='grc' dir='ltr'><strong>τῶν</strong></span> <span class='ocrx_word' id='word_1_682' title='bbox 1300 4711 1513 4762; x_wconf 85' lang='grc' dir='ltr'>πολλῶν</span> <span class='ocrx_word' id='word_1_683' title='bbox 1547 4711 1774 4764; x_wconf 79' lang='grc' dir='ltr'>ἐκείνων</span> 
     </span>
    </p>
   </div>
   <div class='ocr_carea' id='block_1_96' title="bbox 175 4800 1774 4872">
    <p class='ocr_par' dir='ltr' id='par_1_96' title="bbox 175 4800 1774 4872">
     <span class='ocr_line' id='line_1_96' title="bbox 175 4800 1774 4872; baseline 0 -18"><span class='ocrx_word' id='word_1_684' title='bbox 175 4802 482 4872; x_wconf 76' lang='grc' dir='ltr'>ὀνομάτων</span> <span class='ocrx_word' id='word_1_685' title='bbox 517 4800 773 4868; x_wconf 83' lang='grc' dir='ltr'>ὁμόνοιάν</span> <span class='ocrx_word' id='word_1_686' title='bbox 819 4816 879 4852; x_wconf 87' lang='grc' dir='ltr'><strong>τε</strong></span> <span class='ocrx_word' id='word_1_687' title='bbox 921 4800 1015 4853; x_wconf 76' lang='grc' dir='ltr'>καὶ</span> <span class='ocrx_word' id='word_1_688' title='bbox 1053 4803 1376 4870; x_wconf 64' lang='grc' dir='ltr'>συμφωνίαν</span> <span class='ocrx_word' id='word_1_689' title='bbox 1423 4800 1517 4853; x_wconf 72' lang='grc' dir='ltr'>καὶ</span> <span class='ocrx_word' id='word_1_690' title='bbox 1549 4801 1684 4870; x_wconf 70' lang='grc' dir='ltr'>πρὸς</span> <span class='ocrx_word' id='word_1_691' title='bbox 1713 4801 1774 4854; x_wconf 81' lang='grc' dir='ltr'>τὸ</span> 
     </span>
    </p>
   </div>
   <div class='ocr_carea' id='block_1_97' title="bbox 177 4893 1775 4968">
    <p class='ocr_par' dir='ltr' id='par_1_97' title="bbox 177 4893 1775 4968">
     <span class='ocr_line' id='line_1_97' title="bbox 177 4893 1775 4968; baseline -0.003 -19"><span class='ocrx_word' id='word_1_692' title='bbox 177 4899 401 4968; x_wconf 76' lang='grc' dir='ltr'>κυρξως</span> <span class='ocrx_word' id='word_1_693' title='bbox 434 4894 494 4946; x_wconf 83' lang='grc' dir='ltr'>ἓν</span> <span class='ocrx_word' id='word_1_694' title='bbox 517 4895 821 4961; x_wconf 78' lang='grc' dir='ltr'>ἀναφορὰν,</span> <span class='ocrx_word' id='word_1_695' title='bbox 857 4893 1063 4964; x_wconf 84' lang='grc' dir='ltr'>δηλαδὴ</span> <span class='ocrx_word' id='word_1_696' title='bbox 1110 4893 1210 4961; x_wconf 82' lang='grc' dir='ltr'>τὴν</span> <span class='ocrx_word' id='word_1_697' title='bbox 1237 4893 1390 4946; x_wconf 85' lang='grc' dir='ltr'>θείαν</span> <span class='ocrx_word' id='word_1_698' title='bbox 1432 4895 1648 4960; x_wconf 83' lang='grc' dir='ltr'>ἐκείνην</span> <span class='ocrx_word' id='word_1_699' title='bbox 1681 4893 1775 4945; x_wconf 77' lang='grc' dir='ltr'>καὶ</span> 
     </span>
    </p>
   </div>
   <div class='ocr_carea' id='block_1_98' title="bbox 179 4985 1774 5056">
    <p class='ocr_par' dir='ltr' id='par_1_98' title="bbox 179 4985 1774 5056">
     <span class='ocr_line' id='line_1_98' title="bbox 179 4985 1774 5056; baseline -0.001 -16"><span class='ocrx_word' id='word_1_700' title='bbox 179 4987 486 5056; x_wconf 84' lang='grc' dir='ltr'>μακαρίαν</span> <span class='ocrx_word' id='word_1_701' title='bbox 515 4985 731 5048; x_wconf 73' lang='grc' dir='ltr'>οὐσίαν,</span> <span class='ocrx_word' id='word_1_702' title='bbox 764 4986 860 5038; x_wconf 76' lang='grc' dir='ltr'>καὶ</span> <span class='ocrx_word' id='word_1_703' title='bbox 893 4986 971 5056; x_wconf 79' lang='grc' dir='ltr'>μὴ</span> <span class='ocrx_word' id='word_1_704' title='bbox 1000 4988 1123 5040; x_wconf 87' lang='grc' dir='ltr'>κατ’</span> <span class='ocrx_word' id='word_1_705' title='bbox 1156 4987 1418 5056; x_wconf 83' lang='grc' dir='ltr'>Εὐνόμιον</span> <span class='ocrx_word' id='word_1_706' title='bbox 1448 4989 1651 5039; x_wconf 82' lang='grc' dir='ltr'>ἐκεῖνον</span> <span class='ocrx_word' id='word_1_707' title='bbox 1683 4986 1774 5038; x_wconf 70' lang='grc' dir='ltr'>τὸν</span> 
     </span>
    </p>
   </div>
   <div class='ocr_carea' id='block_1_99' title="bbox 173 5077 1775 5149">
    <p class='ocr_par' dir='ltr' id='par_1_99' title="bbox 173 5077 1775 5149">
     <span class='ocr_line' id='line_1_99' title="bbox 173 5077 1775 5149; baseline -0.003 -15"><span class='ocrx_word' id='word_1_708' title='bbox 173 5080 458 5147; x_wconf 73' lang='grc' dir='ltr'>δυσσεϐῆ,</span> <span class='ocrx_word' id='word_1_709' title='bbox 491 5077 550 5129; x_wconf 82' lang='grc' dir='ltr'>τὸ</span> <span class='ocrx_word' id='word_1_710' title='bbox 579 5079 678 5143; x_wconf 78' lang='grc' dir='ltr'>τῆς</span> <span class='ocrx_word' id='word_1_711' title='bbox 696 5078 1030 5146; x_wconf 87' lang='grc' dir='ltr'>άγεννησίας</span> <span class='ocrx_word' id='word_1_712' title='bbox 1052 5077 1227 5146; x_wconf 80' lang='grc' dir='ltr'>ὖνομα</span> <span class='ocrx_word' id='word_1_713' title='bbox 1255 5078 1509 5149; x_wconf 83' lang='grc' dir='ltr'>θεότητος</span> <span class='ocrx_word' id='word_1_714' title='bbox 1540 5077 1775 5147; x_wconf 76' lang='grc' dir='ltr'>ὕπαρξιν</span> 
     </span>
    </p>
   </div>
   <div class='ocr_carea' id='block_1_100' title="bbox 178 5164 1774 5236">
    <p class='ocr_par' dir='ltr' id='par_1_100' title="bbox 178 5164 1774 5236">
     <span class='ocr_line' id='line_1_100' title="bbox 178 5164 1774 5236; baseline -0.003 -16"><span class='ocrx_word' id='word_1_715' title='bbox 178 5170 449 5235; x_wconf 72' lang='grc' dir='ltr'>λέγοντα,</span> <span class='ocrx_word' id='word_1_716' title='bbox 487 5165 581 5217; x_wconf 78' lang='grc' dir='ltr'>καὶ</span> <span class='ocrx_word' id='word_1_717' title='bbox 609 5165 689 5232; x_wconf 84' lang='grc' dir='ltr'>σὲ,</span> <span class='ocrx_word' id='word_1_718' title='bbox 726 5165 991 5233; x_wconf 84' lang='grc' dir='ltr'>θεότητας</span> <span class='ocrx_word' id='word_1_719' title='bbox 1017 5164 1173 5219; x_wconf 81' lang='grc' dir='ltr'>ταῦθ’</span> <span class='ocrx_word' id='word_1_720' title='bbox 1191 5167 1490 5236; x_wconf 75' lang='grc' dir='ltr'>ὑφειμένας</span> <span class='ocrx_word' id='word_1_721' title='bbox 1523 5167 1774 5234; x_wconf 83' lang='grc' dir='ltr'>ἡγεῖσθαι</span> 
     </span>
    </p>
   </div>
   <div class='ocr_carea' id='block_1_101' title="bbox 176 5258 1777 5330">
    <p class='ocr_par' dir='ltr' id='par_1_101' title="bbox 176 5258 1777 5330">
     <span class='ocr_line' id='line_1_101' title="bbox 176 5258 1777 5330; baseline -0.002 -17"><span class='ocrx_word' id='word_1_722' title='bbox 176 5263 394 5322; x_wconf 80' lang='grc' dir='ltr'>πάντα,</span> <span class='ocrx_word' id='word_1_723' title='bbox 427 5258 722 5328; x_wconf 77' lang='grc' dir='ltr'>διαφόρους</span> <span class='ocrx_word' id='word_1_724' title='bbox 763 5259 862 5330; x_wconf 79' lang='grc' dir='ltr'><strong>τῆς</strong></span> <span class='ocrx_word' id='word_1_725' title='bbox 891 5259 1082 5322; x_wconf 75' lang='grc' dir='ltr'>οὐσίας</span> <span class='ocrx_word' id='word_1_726' title='bbox 1109 5261 1204 5312; x_wconf 69' lang='grc' dir='ltr'>καὶ</span> <span class='ocrx_word' id='word_1_727' title='bbox 1225 5261 1538 5324; x_wconf 83' lang='grc' dir='ltr'>ἀκτίστους,</span> <span class='ocrx_word' id='word_1_728' title='bbox 1565 5259 1777 5328; x_wconf 84' lang='grc' dir='ltr'>ἀνθρὼ-</span> 
     </span>
    </p>
   </div>
   <div class='ocr_carea' id='block_1_102' title="bbox 174 5352 1774 5422">
    <p class='ocr_par' dir='ltr' id='par_1_102' title="bbox 174 5352 1774 5422">
     <span class='ocr_line' id='line_1_102' title="bbox 174 5352 1774 5422; baseline -0.003 -16"><span class='ocrx_word' id='word_1_729' title='bbox 174 5372 307 5408; x_wconf 82' lang='grc' dir='ltr'><strong>πων</strong></span> <span class='ocrx_word' id='word_1_730' title='bbox 337 5354 476 5406; x_wconf 77' lang='grc' dir='ltr'>ὄντα</span> <span class='ocrx_word' id='word_1_731' title='bbox 508 5353 801 5421; x_wconf 81' lang='grc' dir='ltr'>εὑρήματα</span> <span class='ocrx_word' id='word_1_732' title='bbox 825 5354 916 5404; x_wconf 78' lang='grc' dir='ltr'>καὶ</span> <span class='ocrx_word' id='word_1_733' title='bbox 945 5353 1245 5422; x_wconf 83' lang='grc' dir='ltr'>ποιήματα.</span> <span class='ocrx_word' id='word_1_734' title='bbox 1268 5354 1474 5406; x_wconf 84' lang='grc' dir='ltr'>Λύτίκα</span> <span class='ocrx_word' id='word_1_735' title='bbox 1506 5353 1617 5421; x_wconf 85' lang='grc' dir='ltr'>γὰρ</span> <span class='ocrx_word' id='word_1_736' title='bbox 1639 5352 1774 5422; x_wconf 63' lang='grc' dir='ltr'>πρὸς</span> 
     </span>
    </p>
   </div>
   <div class='ocr_carea' id='block_1_103' title="bbox 177 5445 1774 5514">
    <p class='ocr_par' dir='ltr' id='par_1_103' title="bbox 177 5445 1774 5514">
     <span class='ocr_line' id='line_1_103' title="bbox 177 5445 1774 5514; baseline -0.001 -16"><span class='ocrx_word' id='word_1_737' title='bbox 177 5449 404 5498; x_wconf 79' lang='grc' dir='ltr'>ἐκεῖνον</span> <span class='ocrx_word' id='word_1_738' title='bbox 435 5446 464 5498; x_wconf 88' lang='grc' dir='ltr'>ὁ</span> <span class='ocrx_word' id='word_1_739' title='bbox 498 5445 670 5514; x_wconf 80' lang='grc' dir='ltr'>μέγας</span> <span class='ocrx_word' id='word_1_740' title='bbox 704 5446 905 5512; x_wconf 82' lang='grc' dir='ltr'>φάσκει</span> <span class='ocrx_word' id='word_1_741' title='bbox 953 5445 1233 5508; x_wconf 85' lang='grc' dir='ltr'>Βασίλειος</span> <span class='ocrx_word' id='word_1_742' title='bbox 1255 5487 1271 5512; x_wconf 94' lang='grc'><strong>,</strong></span> <span class='ocrx_word' id='word_1_743' title='bbox 1320 5465 1339 5498; x_wconf 84' lang='grc'><strong>‹</strong></span> <span class='ocrx_word' id='word_1_744' title='bbox 1379 5447 1450 5499; x_wconf 86' lang='grc' dir='ltr'>Τὸ</span> <span class='ocrx_word' id='word_1_745' title='bbox 1479 5446 1774 5514; x_wconf 81' lang='grc' dir='ltr'>άγέννητος</span> 
     </span>
    </p>
   </div>
   <div class='ocr_carea' id='block_1_104' title="bbox 177 5537 1775 5608">
    <p class='ocr_par' dir='ltr' id='par_1_104' title="bbox 177 5537 1775 5608">
     <span class='ocr_line' id='line_1_104' title="bbox 177 5537 1775 5608; baseline -0.001 -18"><span class='ocrx_word' id='word_1_746' title='bbox 177 5542 228 5590; x_wconf 86' lang='grc' dir='ltr'>εἰ</span> <span class='ocrx_word' id='word_1_747' title='bbox 267 5539 481 5606; x_wconf 72' lang='grc' dir='ltr'>ὄνομα,</span> <span class='ocrx_word' id='word_1_748' title='bbox 509 5539 609 5589; x_wconf 85' lang='grc' dir='ltr'><strong>οὐκ</strong></span> <span class='ocrx_word' id='word_1_749' title='bbox 633 5539 814 5590; x_wconf 83' lang='grc' dir='ltr'>οὐσία·</span> <span class='ocrx_word' id='word_1_750' title='bbox 843 5537 952 5589; x_wconf 88' lang='grc' dir='ltr'><strong>τῶν</strong></span> <span class='ocrx_word' id='word_1_751' title='bbox 984 5539 1093 5608; x_wconf 84' lang='grc' dir='ltr'>γὰρ</span> <span class='ocrx_word' id='word_1_752' title='bbox 1115 5538 1314 5590; x_wconf 78' lang='grc' dir='ltr'>οὐσιῶν</span> <span class='ocrx_word' id='word_1_753' title='bbox 1356 5537 1675 5604; x_wconf 74' lang='grc' dir='ltr'>σημαντικά</span> <span class='ocrx_word' id='word_1_754' title='bbox 1708 5537 1775 5589; x_wconf 83' lang='grc' dir='ltr'><strong>τά</strong></span> 
     </span>
    </p>
   </div>
   <div class='ocr_carea' id='block_1_105' title="bbox 176 5629 1773 5701">
    <p class='ocr_par' dir='ltr' id='par_1_105' title="bbox 176 5629 1773 5701">
     <span class='ocr_line' id='line_1_105' title="bbox 176 5629 1773 5701; baseline -0.001 -18"><span class='ocrx_word' id='word_1_755' title='bbox 176 5633 462 5701; x_wconf 69' lang='grc' dir='ltr'>ὀνόματα,</span> <span class='ocrx_word' id='word_1_756' title='bbox 499 5631 600 5682; x_wconf 83' lang='grc' dir='ltr'><strong>οὐκ</strong></span> <span class='ocrx_word' id='word_1_757' title='bbox 623 5631 763 5683; x_wconf 76' lang='grc' dir='ltr'>αὐτὰ</span> <span class='ocrx_word' id='word_1_758' title='bbox 795 5630 997 5684; x_wconf 82' lang='grc' dir='ltr'>οὐσίαι.</span> <span class='ocrx_word' id='word_1_759' title='bbox 1027 5631 1088 5682; x_wconf 84' lang='grc' dir='ltr'><strong>Εἰ</strong></span> <span class='ocrx_word' id='word_1_760' title='bbox 1111 5632 1155 5683; x_wconf 79' lang='grc' dir='ltr'>δ’</span> <span class='ocrx_word' id='word_1_761' title='bbox 1187 5631 1316 5682; x_wconf 69' lang='grc' dir='ltr'>αὐτὸ</span> <span class='ocrx_word' id='word_1_762' title='bbox 1338 5631 1495 5682; x_wconf 86' lang='grc' dir='ltr'>οὐσία</span> <span class='ocrx_word' id='word_1_763' title='bbox 1531 5630 1589 5681; x_wconf 84' lang='grc' dir='ltr'>τὸ</span> <span class='ocrx_word' id='word_1_764' title='bbox 1612 5629 1773 5696; x_wconf 79' lang='grc' dir='ltr'>ἀγέν-</span> 
     </span>
    </p>
   </div>
   <div class='ocr_carea' id='block_1_106' title="bbox 179 5722 1774 5794">
    <p class='ocr_par' dir='ltr' id='par_1_106' title="bbox 179 5722 1774 5794">
     <span class='ocr_line' id='line_1_106' title="bbox 179 5722 1774 5794; baseline -0.002 -17"><span class='ocrx_word' id='word_1_765' title='bbox 179 5741 378 5794; x_wconf 86' lang='grc' dir='ltr'>νητος,</span> <span class='ocrx_word' id='word_1_766' title='bbox 417 5722 730 5790; x_wconf 80' lang='grc' dir='ltr'>λεγέτωσαν</span> <span class='ocrx_word' id='word_1_767' title='bbox 764 5723 824 5774; x_wconf 66' lang='grc' dir='ltr'>τὸ</span> <span class='ocrx_word' id='word_1_768' title='bbox 869 5722 1042 5792; x_wconf 79' lang='grc' dir='ltr'>ὄνομα</span> <span class='ocrx_word' id='word_1_769' title='bbox 1092 5723 1290 5790; x_wconf 68' lang='grc' dir='ltr'>αὐτῆςυ</span> <span class='ocrx_word' id='word_1_770' title='bbox 1328 5724 1389 5775; x_wconf 83' lang='grc' dir='ltr'><strong>οὐ</strong></span> <span class='ocrx_word' id='word_1_771' title='bbox 1427 5725 1538 5794; x_wconf 84' lang='grc' dir='ltr'><strong>γάρ</strong></span> <span class='ocrx_word' id='word_1_772' title='bbox 1575 5725 1636 5774; x_wconf 77' lang='grc' dir='ltr'><strong>ἐκ</strong></span> <span class='ocrx_word' id='word_1_773' title='bbox 1666 5724 1774 5775; x_wconf 88' lang='grc' dir='ltr'><strong>τῶν</strong></span> 
     </span>
    </p>
   </div>
   <div class='ocr_carea' id='block_1_107' title="bbox 179 5816 1772 5890">
    <p class='ocr_par' dir='ltr' id='par_1_107' title="bbox 179 5816 1772 5890">
     <span class='ocr_line' id='line_1_107' title="bbox 179 5816 1772 5890; baseline -0.001 -19"><span class='ocrx_word' id='word_1_774' title='bbox 179 5816 422 5884; x_wconf 78' lang='grc' dir='ltr'>οὐσιῶν,</span> <span class='ocrx_word' id='word_1_775' title='bbox 450 5816 567 5869; x_wconf 81' lang='grc' dir='ltr'>ἀλλ’</span> <span class='ocrx_word' id='word_1_776' title='bbox 598 5817 658 5869; x_wconf 71' lang='grc' dir='ltr'><strong>ἐκ</strong></span> <span class='ocrx_word' id='word_1_777' title='bbox 687 5816 795 5874; x_wconf 56' lang='grc' dir='ltr'>’τῶν</span> <span class='ocrx_word' id='word_1_778' title='bbox 812 5816 1091 5888; x_wconf 77' lang='grc' dir='ltr'>ὀνομάτων</span> <span class='ocrx_word' id='word_1_779' title='bbox 1123 5819 1214 5875; x_wconf 72' lang='grc' dir='ltr'>καὶ</span> <span class='ocrx_word' id='word_1_780' title='bbox 1244 5820 1305 5872; x_wconf 76' lang='grc' dir='ltr'><strong>ἐκ</strong></span> <span class='ocrx_word' id='word_1_781' title='bbox 1345 5818 1452 5873; x_wconf 85' lang='grc' dir='ltr'><strong>τῶν</strong></span> <span class='ocrx_word' id='word_1_782' title='bbox 1487 5818 1772 5890; x_wconf 68' lang='grc' dir='ltr'>ἐνεργειῶν</span> 
     </span>
    </p>
   </div>
   <div class='ocr_carea' id='block_1_108' title="bbox 1877 4614 3448 4683">
    <p class='ocr_par' dir='ltr' id='par_1_108' title="bbox 1877 4614 3448 4683">
     <span class='ocr_line' id='line_1_108' title="bbox 1877 4614 3448 4683; baseline -0.006 -10"><span class='ocrx_word' id='word_1_783' title='bbox 1877 4620 2079 4674; x_wconf 89' lang='lat' dir='ltr'><strong>dicitur</strong></span> <span class='ocrx_word' id='word_1_784' title='bbox 2111 4619 2324 4683; x_wconf 87' lang='lat' dir='ltr'><strong>relatio,</strong></span> <span class='ocrx_word' id='word_1_785' title='bbox 2353 4616 2418 4670; x_wconf 89' lang='lat' dir='ltr'><strong>ad</strong></span> <span class='ocrx_word' id='word_1_786' title='bbox 2457 4617 2698 4670; x_wconf 89' lang='lat' dir='ltr'><strong>divinam</strong></span> <span class='ocrx_word' id='word_1_787' title='bbox 2748 4616 3004 4668; x_wconf 85' lang='lat' dir='ltr'><strong>nimirum</strong></span> <span class='ocrx_word' id='word_1_788' title='bbox 3045 4616 3192 4667; x_wconf 92' lang='lat' dir='ltr'><strong>illam</strong></span> <span class='ocrx_word' id='word_1_789' title='bbox 3223 4625 3278 4666; x_wconf 90' lang='lat' dir='ltr'><strong>et</strong></span> <span class='ocrx_word' id='word_1_790' title='bbox 3313 4614 3448 4666; x_wconf 70' lang='lat' dir='ltr'><strong>bea-</strong></span> 
     </span>
    </p>
   </div>
   <div class='ocr_carea' id='block_1_109' title="bbox 1875 4705 3448 4778">
    <p class='ocr_par' dir='ltr' id='par_1_109' title="bbox 1875 4705 3448 4778">
     <span class='ocr_line' id='line_1_109' title="bbox 1875 4705 3448 4778; baseline -0.007 -11"><span class='ocrx_word' id='word_1_791' title='bbox 1875 4722 1986 4769; x_wconf 90' lang='lat' dir='ltr'><strong>tam</strong></span> <span class='ocrx_word' id='word_1_792' title='bbox 2034 4711 2352 4774; x_wconf 86' lang='lat' dir='ltr'><strong>essentiam,</strong></span> <span class='ocrx_word' id='word_1_793' title='bbox 2381 4723 2559 4778; x_wconf 90' lang='lat' dir='ltr'><strong>nequc</strong></span> <span class='ocrx_word' id='word_1_794' title='bbox 2597 4708 2896 4762; x_wconf 89' lang='lat' dir='ltr'><strong>secundum</strong></span> <span class='ocrx_word' id='word_1_795' title='bbox 2940 4706 3266 4760; x_wconf 81' lang='lat' dir='ltr'><strong>Eunomium</strong></span> <span class='ocrx_word' id='word_1_796' title='bbox 3295 4705 3448 4757; x_wconf 91' lang='lat' dir='ltr'><strong>illum</strong></span> 
     </span>
    </p>
   </div>
   <div class='ocr_carea' id='block_1_110' title="bbox 1877 4798 3455 4875">
    <p class='ocr_par' dir='ltr' id='par_1_110' title="bbox 1877 4798 3455 4875">
     <span class='ocr_line' id='line_1_110' title="bbox 1877 4798 3455 4875; baseline -0.006 -16"><span class='ocrx_word' id='word_1_797' title='bbox 1877 4805 2104 4875; x_wconf 82' lang='lat' dir='ltr'><strong>impium</strong></span> <span class='ocrx_word' id='word_1_798' title='bbox 2144 4804 2234 4873; x_wconf 90' lang='lat' dir='ltr'><strong>qui</strong></span> <span class='ocrx_word' id='word_1_799' title='bbox 2270 4818 2378 4856; x_wconf 92' lang='lat' dir='ltr'><strong>non</strong></span> <span class='ocrx_word' id='word_1_800' title='bbox 2428 4802 2594 4872; x_wconf 80' lang='lat' dir='ltr'><strong>geniti</strong></span> <span class='ocrx_word' id='word_1_801' title='bbox 2640 4816 2838 4854; x_wconf 85' lang='lat' dir='ltr'><strong>nomen</strong></span> <span class='ocrx_word' id='word_1_802' title='bbox 2866 4799 3170 4852; x_wconf 71' lang='lat' dir='ltr'><strong>tllVltlllzllS</strong></span> <span class='ocrx_word' id='word_1_803' title='bbox 3201 4798 3455 4851; x_wconf 83' lang='lat' dir='ltr'><strong>substan-</strong></span> 
     </span>
    </p>
   </div>
   <div class='ocr_carea' id='block_1_111' title="bbox 1878 4890 3457 4962">
    <p class='ocr_par' dir='ltr' id='par_1_111' title="bbox 1878 4890 3457 4962">
     <span class='ocr_line' id='line_1_111' title="bbox 1878 4890 3457 4962; baseline -0.004 -13"><span class='ocrx_word' id='word_1_804' title='bbox 1878 4899 2009 4949; x_wconf 87' lang='lat' dir='ltr'><strong>tiam</strong></span> <span class='ocrx_word' id='word_1_805' title='bbox 2075 4896 2232 4958; x_wconf 88' lang='lat' dir='ltr'><strong>dicit,</strong></span> <span class='ocrx_word' id='word_1_806' title='bbox 2272 4908 2452 4962; x_wconf 87' lang='lat' dir='ltr'><strong>neque</strong></span> <span class='ocrx_word' id='word_1_807' title='bbox 2514 4891 2815 4945; x_wconf 89' lang='lat' dir='ltr'><strong>secundum</strong></span> <span class='ocrx_word' id='word_1_808' title='bbox 2869 4900 2918 4944; x_wconf 89' lang='lat' dir='ltr'><strong>te</strong></span> <span class='ocrx_word' id='word_1_809' title='bbox 2987 4890 3290 4958; x_wconf 83' lang='lat' dir='ltr'><strong>putandum</strong></span> <span class='ocrx_word' id='word_1_810' title='bbox 3341 4901 3457 4953; x_wconf 73' lang='lat' dir='ltr'><strong>est,</strong></span> 
     </span>
    </p>
   </div>
   <div class='ocr_carea' id='block_1_112' title="bbox 1876 4983 3448 5043">
    <p class='ocr_par' dir='ltr' id='par_1_112' title="bbox 1876 4983 3448 5043">
     <span class='ocr_line' id='line_1_112' title="bbox 1876 4983 3448 5043; baseline -0.006 -1"><span class='ocrx_word' id='word_1_811' title='bbox 1876 4989 2194 5043; x_wconf 87' lang='lat' dir='ltr'><strong>divinitates</strong></span> <span class='ocrx_word' id='word_1_812' title='bbox 2224 4986 2546 5042; x_wconf 90' lang='lat' dir='ltr'><strong>summissas</strong></span> <span class='ocrx_word' id='word_1_813' title='bbox 2570 4986 2799 5038; x_wconf 83' lang='lat' dir='ltr'><strong>omnino</strong></span> <span class='ocrx_word' id='word_1_814' title='bbox 2831 4985 3081 5038; x_wconf 88' lang='lat' dir='ltr'><strong>diversas</strong></span> <span class='ocrx_word' id='word_1_815' title='bbox 3111 4989 3178 5035; x_wconf 87' lang='lat' dir='ltr'><strong>ab</strong></span> <span class='ocrx_word' id='word_1_816' title='bbox 3205 4983 3448 5036; x_wconf 87' lang='lat' dir='ltr'><strong>essentia</strong></span> 
     </span>
    </p>
   </div>
   <div class='ocr_carea' id='block_1_113' title="bbox 1875 5075 3441 5144">
    <p class='ocr_par' dir='ltr' id='par_1_113' title="bbox 1875 5075 3441 5144">
     <span class='ocr_line' id='line_1_113' title="bbox 1875 5075 3441 5144; baseline -0.004 -12"><span class='ocrx_word' id='word_1_817' title='bbox 1875 5090 1931 5133; x_wconf 92' lang='lat' dir='ltr'><strong>ot</strong></span> <span class='ocrx_word' id='word_1_818' title='bbox 1958 5080 2228 5133; x_wconf 89' lang='lat' dir='ltr'><strong>increatas</strong></span> <span class='ocrx_word' id='word_1_819' title='bbox 2257 5093 2378 5132; x_wconf 84' lang='lat' dir='ltr'><strong>esse</strong></span> <span class='ocrx_word' id='word_1_820' title='bbox 2411 5077 2659 5130; x_wconf 85' lang='lat' dir='ltr'><strong>iuventas</strong></span> <span class='ocrx_word' id='word_1_821' title='bbox 2695 5078 2958 5144; x_wconf 80' lang='lat' dir='ltr'><strong>lictasquc</strong></span> <span class='ocrx_word' id='word_1_822' title='bbox 2996 5077 3063 5128; x_wconf 88' lang='lat' dir='ltr'><strong>ab</strong></span> <span class='ocrx_word' id='word_1_823' title='bbox 3102 5075 3441 5128; x_wconf 85' lang='lat' dir='ltr'><strong>hominibus.</strong></span> 
     </span>
    </p>
   </div>
   <div class='ocr_carea' id='block_1_114' title="bbox 1876 5166 3446 5236">
    <p class='ocr_par' dir='ltr' id='par_1_114' title="bbox 1876 5166 3446 5236">
     <span class='ocr_line' id='line_1_114' title="bbox 1876 5166 3446 5236; baseline -0.005 -10"><span class='ocrx_word' id='word_1_824' title='bbox 1876 5171 2068 5226; x_wconf 85' lang='lat' dir='ltr'><strong>Statim</strong></span> <span class='ocrx_word' id='word_1_825' title='bbox 2125 5172 2272 5225; x_wconf 90' lang='lat' dir='ltr'><strong>enim</strong></span> <span class='ocrx_word' id='word_1_826' title='bbox 2329 5181 2517 5224; x_wconf 88' lang='lat' dir='ltr'><strong>contra</strong></span> <span class='ocrx_word' id='word_1_827' title='bbox 2580 5169 2734 5222; x_wconf 89' lang='lat' dir='ltr'><strong>illum</strong></span> <span class='ocrx_word' id='word_1_828' title='bbox 2771 5170 3006 5222; x_wconf 66' lang='lat' dir='ltr'><strong>Basilius</strong></span> <span class='ocrx_word' id='word_1_829' title='bbox 3033 5166 3262 5236; x_wconf 81' lang='lat' dir='ltr'><strong>Magnus</strong></span> <span class='ocrx_word' id='word_1_830' title='bbox 3323 5167 3446 5219; x_wconf 92' lang='lat' dir='ltr'><strong>ait:</strong></span> 
     </span>
    </p>
   </div>
   <div class='ocr_carea' id='block_1_115' title="bbox 1882 5259 3450 5334">
    <p class='ocr_par' dir='ltr' id='par_1_115' title="bbox 1882 5259 3450 5334">
     <span class='ocr_line' id='line_1_115' title="bbox 1882 5259 3450 5334; baseline -0.003 -18"><span class='ocrx_word' id='word_1_831' title='bbox 1882 5267 2029 5320; x_wconf 64' lang='lat' dir='ltr'><strong>«Non</strong></span> <span class='ocrx_word' id='word_1_832' title='bbox 2054 5265 2326 5334; x_wconf 79' lang='lat' dir='ltr'><strong>genitunn</strong></span> <span class='ocrx_word' id='word_1_833' title='bbox 2365 5266 2409 5317; x_wconf 93' lang='lat' dir='ltr'><strong>si</strong></span> <span class='ocrx_word' id='word_1_834' title='bbox 2443 5278 2639 5317; x_wconf 91' lang='lat' dir='ltr'><strong>nomen</strong></span> <span class='ocrx_word' id='word_1_835' title='bbox 2668 5272 2774 5324; x_wconf 89' lang='lat' dir='ltr'><strong>est,</strong></span> <span class='ocrx_word' id='word_1_836' title='bbox 2802 5278 2908 5315; x_wconf 92' lang='lat' dir='ltr'><strong>non</strong></span> <span class='ocrx_word' id='word_1_837' title='bbox 2947 5272 3032 5315; x_wconf 86' lang='lat' dir='ltr'><strong>cst</strong></span> <span class='ocrx_word' id='word_1_838' title='bbox 3070 5259 3331 5323; x_wconf 81' lang='lat' dir='ltr'><strong>essentia,</strong></span> <span class='ocrx_word' id='word_1_839' title='bbox 3361 5275 3450 5312; x_wconf 85' lang='lat' dir='ltr'><strong>es-</strong></span> 
     </span>
    </p>
   </div>
   <div class='ocr_carea' id='block_1_116' title="bbox 1876 5348 3448 5422">
    <p class='ocr_par' dir='ltr' id='par_1_116' title="bbox 1876 5348 3448 5422">
     <span class='ocr_line' id='line_1_116' title="bbox 1876 5348 3448 5422; baseline -0.006 -14"><span class='ocrx_word' id='word_1_840' title='bbox 1876 5355 2177 5408; x_wconf 82' lang='lat' dir='ltr'><strong>sentiarum</strong></span> <span class='ocrx_word' id='word_1_841' title='bbox 2207 5351 2733 5422; x_wconf 81' lang='lat' dir='ltr'><strong>enimsigniﬁeantia</strong></span> <span class='ocrx_word' id='word_1_842' title='bbox 2767 5361 2895 5404; x_wconf 89' lang='lat' dir='ltr'><strong>sunt</strong></span> <span class='ocrx_word' id='word_1_843' title='bbox 2927 5351 3168 5410; x_wconf 89' lang='lat' dir='ltr'><strong>nomina,</strong></span> <span class='ocrx_word' id='word_1_844' title='bbox 3202 5348 3448 5417; x_wconf 78' lang='lat' dir='ltr'><strong>nonipsa</strong></span> 
     </span>
    </p>
   </div>
   <div class='ocr_carea' id='block_1_117' title="bbox 1874 5443 3461 5514">
    <p class='ocr_par' dir='ltr' id='par_1_117' title="bbox 1874 5443 3461 5514">
     <span class='ocr_line' id='line_1_117' title="bbox 1874 5443 3461 5514; baseline -0.006 -11"><span class='ocrx_word' id='word_1_845' title='bbox 1874 5448 2112 5503; x_wconf 75' lang='lat' dir='ltr'><strong>essentia</strong></span> <span class='ocrx_word' id='word_1_846' title='bbox 2136 5487 2150 5509; x_wconf 87' lang='lat'><strong>,</strong></span> <span class='ocrx_word' id='word_1_847' title='bbox 2179 5446 2260 5500; x_wconf 87' lang='lat' dir='ltr'><strong>sin</strong></span> <span class='ocrx_word' id='word_1_848' title='bbox 2291 5456 2472 5499; x_wconf 87' lang='lat' dir='ltr'><strong>autem</strong></span> <span class='ocrx_word' id='word_1_849' title='bbox 2533 5446 2712 5514; x_wconf 82' lang='lat' dir='ltr'><strong>ipsum</strong></span> <span class='ocrx_word' id='word_1_850' title='bbox 2753 5461 2892 5497; x_wconf 69' lang='lat' dir='ltr'><strong>«non</strong></span> <span class='ocrx_word' id='word_1_851' title='bbox 2928 5443 3202 5512; x_wconf 65' lang='lat' dir='ltr'><strong>genitum»</strong></span> <span class='ocrx_word' id='word_1_852' title='bbox 3239 5453 3322 5496; x_wconf 81' lang='lat' dir='ltr'><strong>est</strong></span> <span class='ocrx_word' id='word_1_853' title='bbox 3361 5458 3461 5494; x_wconf 39' lang='lat' dir='ltr'><strong>ess</strong></span> 
     </span>
    </p>
   </div>
   <div class='ocr_carea' id='block_1_118' title="bbox 1879 5536 3454 5606">
    <p class='ocr_par' dir='ltr' id='par_1_118' title="bbox 1879 5536 3454 5606">
     <span class='ocr_line' id='line_1_118' title="bbox 1879 5536 3454 5606; baseline -0.004 -11"><span class='ocrx_word' id='word_1_854' title='bbox 1879 5542 2076 5604; x_wconf 85' lang='lat' dir='ltr'><strong>sentia,</strong></span> <span class='ocrx_word' id='word_1_855' title='bbox 2095 5541 2318 5592; x_wconf 82' lang='lat' dir='ltr'><strong>dicunto</strong></span> <span class='ocrx_word' id='word_1_856' title='bbox 2346 5555 2542 5591; x_wconf 86' lang='lat' dir='ltr'><strong>nomen</strong></span> <span class='ocrx_word' id='word_1_857' title='bbox 2568 5539 2687 5606; x_wconf 86' lang='lat' dir='ltr'><strong>ejus</strong></span> <span class='ocrx_word' id='word_1_858' title='bbox 2715 5555 2727 5590; x_wconf 89' lang='lat'><strong>:</strong></span> <span class='ocrx_word' id='word_1_859' title='bbox 2760 5552 2866 5590; x_wconf 90' lang='lat' dir='ltr'><strong>non</strong></span> <span class='ocrx_word' id='word_1_860' title='bbox 2894 5537 3040 5590; x_wconf 90' lang='lat' dir='ltr'><strong>enim</strong></span> <span class='ocrx_word' id='word_1_861' title='bbox 3072 5552 3140 5590; x_wconf 78' lang='lat' dir='ltr'><strong>ex</strong></span> <span class='ocrx_word' id='word_1_862' title='bbox 3173 5536 3454 5595; x_wconf 82' lang='lat' dir='ltr'><strong>essentiis,</strong></span> 
     </span>
    </p>
   </div>
   <div class='ocr_carea' id='block_1_119' title="bbox 1878 5629 3460 5698">
    <p class='ocr_par' dir='ltr' id='par_1_119' title="bbox 1878 5629 3460 5698">
     <span class='ocr_line' id='line_1_119' title="bbox 1878 5629 3460 5698; baseline -0.005 -10"><span class='ocrx_word' id='word_1_863' title='bbox 1878 5635 1972 5688; x_wconf 87' lang='lat' dir='ltr'><strong>sed</strong></span> <span class='ocrx_word' id='word_1_864' title='bbox 2005 5650 2034 5687; x_wconf 91' lang='lat' dir='ltr'><strong>e</strong></span> <span class='ocrx_word' id='word_1_865' title='bbox 2071 5633 2387 5686; x_wconf 82' lang='lat' dir='ltr'><strong>nominibus</strong></span> <span class='ocrx_word' id='word_1_866' title='bbox 2419 5642 2470 5684; x_wconf 89' lang='lat' dir='ltr'><strong>et</strong></span> <span class='ocrx_word' id='word_1_867' title='bbox 2501 5630 2809 5683; x_wconf 73' lang='lat' dir='ltr'><strong>emt-ientiis</strong></span> <span class='ocrx_word' id='word_1_868' title='bbox 2867 5629 3246 5698; x_wconf 79' lang='lat' dir='ltr'><strong>intelligimus,</strong></span> <span class='ocrx_word' id='word_1_869' title='bbox 3271 5637 3460 5680; x_wconf 85' lang='lat' dir='ltr'><strong>etma-</strong></span> 
     </span>
    </p>
   </div>
   <div class='ocr_carea' id='block_1_120' title="bbox 1881 5720 3453 5794">
    <p class='ocr_par' dir='ltr' id='par_1_120' title="bbox 1881 5720 3453 5794">
     <span class='ocr_line' id='line_1_120' title="bbox 1881 5720 3453 5794; baseline -0.006 -12"><span class='ocrx_word' id='word_1_870' title='bbox 1881 5730 2026 5782; x_wconf 81' lang='lat' dir='ltr'><strong>xiine</strong></span> <span class='ocrx_word' id='word_1_871' title='bbox 2062 5727 2408 5794; x_wconf 88' lang='lat' dir='ltr'><strong>incorporea.</strong></span> <span class='ocrx_word' id='word_1_872' title='bbox 2449 5725 2611 5778; x_wconf 72' lang='lat' dir='ltr'><strong>Vides</strong></span> <span class='ocrx_word' id='word_1_873' title='bbox 2637 5741 2700 5777; x_wconf 77' lang='lat' dir='ltr'><strong>ex</strong></span> <span class='ocrx_word' id='word_1_874' title='bbox 2736 5725 2824 5788; x_wconf 86' lang='lat' dir='ltr'><strong>iis,</strong></span> <span class='ocrx_word' id='word_1_875' title='bbox 2855 5738 2977 5792; x_wconf 71' lang='lat' dir='ltr'><strong>(jure</strong></span> <span class='ocrx_word' id='word_1_876' title='bbox 3004 5724 3292 5782; x_wconf 89' lang='lat' dir='ltr'><strong>accedunt,</strong></span> <span class='ocrx_word' id='word_1_877' title='bbox 3363 5720 3453 5774; x_wconf 79' lang='lat' dir='ltr'><strong>di-</strong></span> 
     </span>
    </p>
   </div>
   <div class='ocr_carea' id='block_1_121' title="bbox 1877 5815 3460 5887">
    <p class='ocr_par' dir='ltr' id='par_1_121' title="bbox 1877 5815 3460 5887">
     <span class='ocr_line' id='line_1_121' title="bbox 1877 5815 3460 5887; baseline -0.007 -12"><span class='ocrx_word' id='word_1_878' title='bbox 1877 5835 2000 5875; x_wconf 69' lang='lat' dir='ltr'><strong>cere</strong></span> <span class='ocrx_word' id='word_1_879' title='bbox 2050 5820 2200 5874; x_wconf 81' lang='lat' dir='ltr'><strong>illum</strong></span> <span class='ocrx_word' id='word_1_880' title='bbox 2244 5836 2307 5872; x_wconf 70' lang='lat' dir='ltr'><strong>ex</strong></span> <span class='ocrx_word' id='word_1_881' title='bbox 2359 5817 2663 5874; x_wconf 73' lang='lat' dir='ltr'><strong>cilicicntiis</strong></span> <span class='ocrx_word' id='word_1_882' title='bbox 2713 5819 2959 5887; x_wconf 68' lang='lat' dir='ltr'><strong>t&#39;t&#39;rpol&#39;is</strong></span> <span class='ocrx_word' id='word_1_883' title='bbox 3001 5817 3169 5872; x_wconf 67' lang='lat' dir='ltr'><strong>instar</strong></span> <span class='ocrx_word' id='word_1_884' title='bbox 3205 5815 3460 5884; x_wconf 68' lang='lat' dir='ltr'><strong>inspectis</strong></span> 
     </span>
    </p>
   </div>
  </div>
