4264 6362
851 366 959 428 255

2050 364 2465 424 NICEl‘HORl
2510 362 2893 425 GREGORIE

3991 373 4101 435 956

853 485 971 537 sive
1007 482 1170 537 factis
1215 491 1271 536 et
1301 482 1564 550 operibus
1616 498 1717 538 nos
1771 483 2051 536 declarare
2104 484 2422 550 incorporea
2451 488 2499 542 Α
2525 497 2537 511 ·

2416 488 2499 542 ιΑ
2525 482 2867 550 γνωρίζομεν
2908 485 2999 534 καὶ
3049 482 3284 551 μάλιστα
3313 483 3382 535 τά
3428 481 3716 551 ἀσώματα.
3748 504 3765 536 ι
3814 484 3982 556 Ὁρᾷς
4031 491 4100 541 ἐκ

850 583 909 629 et
935 590 1057 643 qua}
1088 590 1195 627 non
1225 583 1545 628 cernuntur.
1578 575 1775 642 Accipe
1802 585 2063 641 przetcrea
2100 592 2219 644 qute
2252 575 2417 628 etiam

852 665 1154 735 Gregorius
1184 665 1462 734 Nyssenus
1511 667 1577 718 de
1632 667 1950 720 nominibus
2005 666 2416 720 dicitzNatura

854 761 1060 821 divina,
1101 760 1367 829 quidquid
1398 771 1479 815 est
1504 760 1716 815 ratione
1752 763 2010 815 essentia:
2045 761 2250 824 habita,
2309 777 2415 815 una

852 862 935 905 est
974 852 1203 921 simplex
1226 864 1283 906 et
1310 852 1597 906 uniformis
1626 862 1681 907 et
1736 854 2097 920 incomposita
2152 864 2209 907 et
2265 865 2417 909 extra

854 950 1095 994 nostram
1119 941 1674 995 animadversionem.
1734 943 1795 993 Et
1827 942 2093 1010 quoniam
2143 945 2259 996 sola
2296 961 2418 1012 qua:

855 1031 1232 1099 intelliguntur
1270 1032 1552 1084 nominum
1583 1031 1811 1084 vocibus
1854 1032 2227 1100 significamus
2254 1049 2268 1083 :
2294 1049 2418 1101 qua:

854 1134 1033 1192 autem
1064 1139 1225 1191 supra
1264 1123 1676 1184 intelligentiam
1734 1135 1882 1184 sunt.
1951 1141 2057 1177 non
2121 1141 2416 1193 possumus

854 1214 1288 1281 significantibus
1319 1214 1785 1299 appellationibus
1852 1216 2168 1282 complecti,
2230 1218 2416 1271 multis

852 1316 902 1357 et
937 1304 1169 1357 diversis
1199 1305 1519 1358 nominibus
1553 1316 1827 1373 quatenus
1875 1307 2006 1359 licet
2054 1309 2299 1362 revelare
2325 1324 2419 1363 co-

854 1398 1032 1463 gitnur
1067 1397 1282 1448 insitam
1331 1398 1488 1451 nobis
1542 1397 1609 1449 de
1660 1398 1883 1451 numine
1917 1398 2104 1451 divino
2132 1400 2295 1469 290
2324 1416 2420 1453 no-

856 1488 1077 1539 tionem.
1117 1489 1480 1551 Quamobrem
1537 1488 1828 1541 Dominum
1878 1505 2027 1551 eum,
2080 1477 2274 1551 Deum,
2323 1491 2415 1560 ju-

852 1591 1016 1641 stum,
1044 1588 1352 1647 potentem,
1376 1580 1720 1640 clementem.
1741 1597 1954 1645 verum,
1982 1582 2416 1645 misericordem,

856 1673 1093 1739 taliaq’ne
1127 1672 1332 1735 multis,
1364 1673 1501 1734 sive.
1561 1673 1613 1725 id
1642 1675 1788 1739 quod
1842 1675 2157 1730 accuratius
2185 1675 2413 1740 dicitur,

851 1761 972 1812 aliis
1006 1760 1318 1813 nominibus
1343 1777 1621 1815 vocamus.
1656 1762 1808 1816 Talia
1836 1775 2018 1817 autem
2046 1766 2266 1818 nomina
2300 1781 2417 1818 om-

854 1852 983 1900 uino
1016 1851 1425 1918 compositione,
1445 1843 1621 1921 neque
1655 1844 1784 1907 vero
1819 1863 2014 1907 natura
2047 1865 2177 1911 sunt
2226 1855 2365 1910 facta
2395 1870 2410 1910 :

850 1942 994 2006 quod
1035 1955 1197 2009 supra
1247 1958 1275 1994 a
1311 1942 1471 1997 nobis
1524 1944 1959 1999 demonstratum
2014 1956 2119 2000 est.
2190 1947 2257 2001 Et
2285 1948 2412 2003 alibi

850 2033 1179 2086 Athanasius
1210 2050 1434 2102 magnus
1468 2034 1563 2100 ait,
1609 2036 1669 2088 τὸ
1713 2036 1881 2090 Deum
1929 2052 2049 2091 esse
2111 2040 2413 2093 secundum

845 2137 907 2177 cs
937 2137 969 2176 e
998 2138 1027 2176 a
1059 2134 1272 2179 natura.
1298 2124 1360 2179 Et
1400 2142 1627 2196 magnus
1655 2129 1708 2181 in
1748 2128 1909 2182 rebus
1936 2126 2137 2181 divinis
2165 2144 2414 2195 perscru-

851 2214 1031 2265 tandis
1060 2214 1358 2284 Gregorius
1385 2216 1752 2285 :Simplicitas
1781 2218 1888 2273 Deo
1922 2234 2029 2273 non
2071 2232 2149 2273 est
2181 2231 2409 2288 natura;

846 2305 1077 2361 alterum
1117 2308 1261 2359 cnitn
1289 2310 1340 2360 in
1376 2323 1443 2362 eo
1472 2309 1663 2363 statuit
1699 2312 1806 2364 vim
1830 2311 2075 2375 videndi,
2108 2313 2277 2367 altera
2302 2328 2409 2367 non

846 2411 967 2449 esse
1030 2414 1197 2450 unum
1265 2401 1648 2468 compositum.
1677 2401 1857 2470 Atque
1910 2418 2019 2455 uno
2071 2403 2238 2457 verbo
2289 2406 2411 2458 nul-

846 2485 957 2540 lum
990 2503 1185 2541 nomen
1219 2497 1301 2542 est
1329 2491 1473 2558 quod
1505 2507 1614 2545 non
1671 2492 1973 2545 secundmn
2004 2494 2076 2546 sit
2133 2509 2164 2547 a
2214 2506 2409 2549 natura

847 2578 1052 2632 divina.
1106 2579 1571 2651 Circumscriptus
1620 2584 1769 2636 enim
1826 2585 2236 2652 quodammodo
2285 2585 2409 2639 linis

845 2670 1093 2723 essentia:
1116 2680 1171 2723 et
1195 2682 1403 2725 natura?
1431 2682 1516 2727 est
1549 2688 1745 2726 nomen
1780 2690 1794 2726 :
1830 2673 1919 2726 illa
1945 2683 2131 2727 autem
2168 2690 2275 2726 non
2303 2675 2411 2728 cir-

844 2761 1175 2827 cumscripta
1227 2773 1423 2815 natura
1472 2762 2090 2830 circumscriptionibus
2122 2764 2405 2818 nominum

845 2847 1111 2901 inservire
1140 2866 1246 2903 non
1276 2860 1482 2918 potest.
1546 2853 1613 2905 Et
1642 2852 1751 2906 alio
1803 2852 1923 2906 loco
1957 2853 2177 2906 divinus
2203 2854 2409 2925 Grego-

842 2941 959 2992 rius
987 2940 1267 3010 Nysscnus
1290 2944 1358 2996 de
1397 2943 1590 2996 iisdem
1622 2943 1937 2997 nominibus
1992 2944 2106 2997 haec
2135 2945 2269 2999 dicit
2298 2964 2313 3000 :
2349 2946 2405 2999 Si

843 3029 992 3096 prior
1032 3028 1340 3083 cllicientiis
1398 3040 1515 3085 erat
1566 3032 1825 3097 essentia,
1878 3032 2175 3089 eﬂicentias
2224 3043 2405 3088 autem

2442 1808 2490 1866 B

2521 572 2614 624 τοῦ
2649 575 2990 642 παρήκοντος
3023 574 3142 635 πῶς
3178 576 3242 627 ἐκ
3280 575 3389 626 τῶν
3419 574 3747 643 σωματικῶς
3780 575 4100 646 θεωρουμέ-

2522 680 2627 714 νων
2657 664 2950 734 ἐνεργειῶν
2980 682 3169 733 φησιν,
3195 665 3375 718 εἵτουν
3410 665 3587 735 ἔργων
3618 668 3713 719 καὶ
3747 670 4099 735 ποιημάτων,

2520 753 2812 823 γνωρίζειν
2859 758 3005 824 ἡμᾶς
3043 757 3113 808 τά
3160 755 3429 824 ἀσώματα
3479 758 3571 808 καὶ
3622 758 3695 825 μὴ
3748 758 4097 826 φαινόμενας

2526 848 2723 899 ’Ἄκουε
2750 849 2793 900 δ’
2822 850 2913 899 ἐπὶ
2945 851 3154 910 τούτοις
3186 848 3239 901 τί
3283 849 3378 901 καὶ
3421 850 3449 900 ὁ
3495 847 3790 912 Νυσσαέων
3823 851 3948 920 περὶ
3999 850 4097 903 όνο

2526 938 2712 1003 μάτων
2744 936 2945 1003 φάσκει
2977 938 3296 1007 Γρηγόριος.
3334 957 3352 990 ι
3374 938 3442 990 Ἠ
3476 938 3594 990 θεία
3627 940 3791 1004 φύσις
3817 942 3844 992 ὅ
3877 956 3929 991 τι
3963 942 4098 991 ποτέ

2521 1025 2641 1077 κατ’
2666 1026 2855 1077 οὐσίαν
2891 1029 3028 1088 ἐστὶ,
3061 1028 3161 1095 μία
3202 1030 3350 1081 ἐστὶν
3383 1030 3532 1097 ἁπλῆ
3563 1032 3657 1082 καὶ
3690 1030 3970 1101 μονοειδὴς
4002 1034 4100 1082 καὶ

2520 1117 2811 1180 ἀσύνθετος
2850 1120 2942 1171 καὶ
2975 1121 3112 1188 ὑπὲρ
3144 1120 3243 1190 τὴν
3289 1122 3819 1191 αἰσθητικὴν’ήμῶν
3856 1124 4102 1193 κατάλη-

2519 1207 2632 1275 ψιν.
2675 1210 2783 1261 Καὶ
2813 1210 2998 1279 ἐπειδὴ
3028 1213 3164 1280 μόνα
3194 1212 3262 1264 τὰ
3292 1214 3675 1283 γινωσκόμενα
3720 1215 3809 1268 διὰ
3845 1217 3945 1284 τῆς
3977 1216 4102 1267 ὀνο-

2523 1302 2794 1369 μαστικῆς
2852 1304 3226 1374 σημειούμεθα
3274 1305 3551 1376 κλήσεως,
3592 1308 3662 1359 τὰ
3714 1309 3759 1360 6‘
3807 1309 3947 1376 ὑπὲρ
3996 1308 4100 1377 τὴν

2521 1393 2719 1459 γνῶσιν
2764 1392 2895 1447 ὄντα
2949 1398 3344 1463 σημειωτικαίς
3379 1413 3489 1448 τισι
3531 1398 3931 1467 προσηγορίαις
3982 1398 4102 1449 δια-

2518 1482 2698 1533 λαϐεῖν
2759 1484 2855 1551 οὐχ
2909 1479 3018 1535 οἷόν
3075 1500 3158 1545 τε,
3212 1485 3425 1547 πολλοῖς
3485 1487 3582 1539 καὶ
3630 1487 3911 1555 διαφόροις
3975 1487 4100 1538 ὀιό-

2522 1591 2711 1643 μασιν,
2740 1575 2887 1637 ὅπως
2928 1571 3055 1647 ἃνῇ
3098 1577 3347 1640 δυνατὸν,
3397 1578 3744 1646 ἀνακαλύψαι
3787 1580 4098 1648 βιαζόμεθα

2519 1667 2618 1735 τὴν
2648 1668 3009 1735 ἐγγινομένην
3030 1670 3161 1737 ἡμῖν
3186 1670 3316 1738 περὶ
3348 1669 3442 1721 τοῦ
3469 1670 3615 1722 θείου
3657 1671 3967 1726 ὑπόνοιαν.»
4000 1672 4099 1723 Διὸ

2524 1757 2730 1827 Κύριον
2754 1760 2938 1824 αὐτὸν,
2960 1759 3112 1823 Θεὸν,
3146 1759 3378 1822 δίκαιον,
3432 1762 3675 1830 ἰσχυρὸν,
3710 1762 4096 1832 μακρὸθυιαον,

2517 1850 3097 1919 ἀληθινὸνηέλεήμονα,
3113 1853 3211 1903 καὶ
3230 1854 3297 1903 τά
3316 1852 3671 1922 παραπλήσια
3692 1855 4093 1921 πολυωνύμως,

2515 1942 2549 2010 ἢ
2577 1940 2637 1993 τό
2668 1958 2730 2007 γε
2762 1942 3150 2011 ἀκριϐέστερον
3184 1945 3376 2006 εἰπεῖν,
3401 1945 3759 2013 ἐτερωνύμως
3784 1948 4099 2014 κατονομά-

2516 2033 2700 2102 ζομεν.
2759 2034 2840 2086 Τὰ
2868 2034 2925 2088 δὲ
2974 2033 3199 2087 τοιαῦτα
3244 2035 3483 2103 ὀνόματα
3522 2038 3667 2089 θέσει
3721 2039 3937 2100 πάντως
3986 2040 4098 2092 είτὶ

2515 2121 2608 2171 καὶ
2638 2121 2698 2173 οὐ
2732 2121 2913 2189 φύσει,
2951 2123 3025 2185 ὡς
3048 2125 3205 2192 ἡμεῖς
3234 2125 3688 2196 προδεδείχαμεν.
3721 2128 3829 2178 Καὶ
3857 2128 3885 2178 6
3914 2129 4095 2194 μέγας

2514 2211 2720 2282 ἀλλαχῆ
2754 2230 2922 2281 φησιν
2962 2216 3017 2266 Ἀ
3030 2215 3287 2280 θανάσιος
3314 2218 3393 2269 ὅτι
3430 2221 3525 2269 καὶ
3555 2219 3615 2271 τὸ
3640 2218 3768 2270 Θεὸν
3801 2215 3940 2271 εἶναι
3968 2221 4096 2273 6:5-

2512 2304 2664 2374 τερόν
2694 2303 2755 2375 [1⁸.
2790 2306 2888 2359 159
2907 2310 2955 2377 r]
2988 2308 3103 2359 ἐστι
3156 2312 3256 2378 τῆς
3299 2308 3543 2376 φύσεως.
3587 2311 3698 2362 Kal
3728 2313 3755 2363 6
3805 2313 3981 2379 μέγας
4035 2316 4095 2366 ἐν

2515 2395 2762 2466 θεολογίᾳ
2806 2398 3225 2467 Γρηγόριος,ὂτι
3265 2401 3327 2453 οὐ
3370 2400 3533 2469 φύσις
3581 2401 3700 2471 Θίῷ
3732 2405 3765 2472 ἡ
3805 2404 4048 2473 ἁπλότης
4076 2419 4092 2434 ·

2512 2484 2573 2535 τὸ
2611 2486 2711 2552 μὲν
2740 2485 2847 2553 γάρ
2880 2488 2981 2556 τὴν
3013 2488 3269 2557 Οεατικὴν
3295 2490 3463 2542 αὐτοῦ
3501 2492 3801 2561 παρίστησι
3831 2493 4091 2563 δύναμιν,

2511 2578 2572 2630 τὸ
2602 2580 2659 2630 δὲ
2698 2582 2758 2631 τὸ
2792 2580 2867 2650 μὴ
2897 2578 3038 2633 εἶναι
3071 2582 3348 2636 σύνθετον.
3379 2584 3490 2636 Kal
3521 2585 3706 2647 ἁπλῶς
3734 2586 3903 2638 εἰπεῖν
3932 2588 4094 2640 οὐδὲν

2510 2669 2619 2721 τῶν
2649 2670 2933 2738 ὀνομάτων
2964 2673 3112 2724 ἐστὶν
3154 2672 3181 2724 ὂ
3216 2673 3290 2742 μὴ
3332 2672 3583 2743 δεύτερόν
3638 2676 3756 2727 ἐστι
3801 2678 3899 2741 τῆς
3934 2676 4090 2739 θείας

2511 2757 2748 2822 φύσεως.
2782 2760 3306 2828 Περιγεγραμμένος
3338 2761 3449 2829 γάρ
3479 2779 3565 2822 τις
3599 2764 3724 2832 ὄρος
3748 2764 3943 2825 οὐσίας
3992 2765 4093 2817 καὶ

2510 2844 2722 2912 φύσεως
2753 2847 2964 2912 γίνεται
2992 2847 3255 2916 τοῦνομα,
3292 2851 3321 2918 ὴ
3354 2850 3399 2901 δ’
3435 2849 3853 2920 ἀπερίγραπτος
3899 2852 4087 2923 ἐκείνη

2510 2936 2675 3003 φύσις
2711 2942 3078 3009 περιγραφαῖς
3109 2940 3391 3005 ὀνομάτων
3434 2941 3707 2995 δουλεύειν
3741 2944 3801 2993 οὑ
3830 2942 4084 2998 δύναται.

2510 3028 2619 3080 Καὶ
2649 3029 2707 3080 ἐν
2731 3030 2902 3100 ἑτέρῳ
2931 3030 2976 3083 δ’
3008 3033 3036 3083 6
3083 3030 3224 3093 θεῖος
3266 3032 3567 3085 Νυσσαέων
3603 3032 3905 3103 Γρηγόριος
3957 3037 4091 3105 περὶ

840 3135 934 3174 eas
964 3122 1333 3190 intelligimus,
1355 3137 1491 3191 quas
1514 3125 2029 3186 animadvertimus,
2058 3126 2155 3179 bas
2199 3139 2403 3194 autem,
2432 3152 2476 3210 ο
2507 3136 2524 3170 ἰ

2402 3174 2403 3183 ,
2432 3152 2476 3210 c
2507 3118 2616 3171 τῶν
2656 3121 2833 3171 αὐτῶν
2867 3122 3143 3190 ὀνομάτων
3166 3122 3308 3174 οὕτω
3339 3124 3501 3193 φησιν
3522 3140 3536 3154 ο
3568 3141 3586 3175 ι
3612 3125 3674 3176 Ei
3697 3126 4086 3195 προῦφέστηκε

842 3222 1115 3278 quatenus
1142 3212 1291 3273 licet,
1326 3213 1513 3267 verbis
1540 3215 1923 3278 enuntiamus,
1974 3216 2066 3284 qui
2088 3216 2201 3284 jam
2244 3218 2409 3270 relin-

842 3298 1029 3364 quitur
1064 3299 1248 3359 timor,
1275 3314 1375 3353 cur
1400 3316 1508 3352 non
1541 3301 1855 3368 posteriora
1889 3304 2051 3357 rebus
2080 3304 2301 3357 nomina
2325 3304 2411 3358 di-

840 3390 1070 3445 camus?
1104 3392 1321 3445 Etenim
1357 3394 1400 3445 si
1471 3408 1578 3446 non
1629 3403 1796 3449 antea
1857 3396 2193 3463 explicamus
2247 3397 2410 3465 quid-

840 3499 1005 3547 quam
1038 3498 1230 3538 eorum
1291 3500 1415 3553 qua!
1477 3486 1545 3540 de
1609 3485 1725 3540 Deo
1776 3486 2057 3554 dicuntur,
2111 3504 2273 3557 quam
2326 3491 2411 3543 in-

841 3574 1166 3642 telligamus,
1220 3590 1284 3628 ex
1351 3575 1418 3629 iis
1468 3587 1648 3630 autem
1732 3576 2120 3646 intelligimus,
2171 3594 2292 3647 qum
2342 3594 2408 3631 ex

839 3664 1147 3718 etlicientiis
1193 3664 1597 3735 cognoscimus,
1654 3665 1963 3719 efficientia
2019 3678 2202 3721 autem
2257 3668 2408 3736 prior

840 3763 924 3805 est
967 3753 1067 3817 vis,
1125 3756 1207 3807 vis
1242 3766 1424 3810 autem
1480 3756 1686 3825 pendet
1742 3772 1807 3809 ex
1854 3758 2134 3812 voluntate
2198 3760 2403 3822 divina,

840 3845 1095 3899 voluntas
1141 3855 1323 3898 autem
1405 3846 1460 3899 in
1516 3846 1771 3901 facultate
1831 3847 2031 3902 divinae
2090 3848 2270 3918 posita
2321 3858 2407 3903 est

842 3942 1051 3988 natura:
1083 3974 1100 3997 ,
1152 3951 1337 3990 nonne
1406 3945 1594 4005 aperte
1642 3938 2067 4006 cognoscimus,
2140 3938 2403 3993 accedere

839 4025 997 4094 291
1061 4028 1228 4083 rebus
1286 4029 1660 4098 significantes
1716 4031 2000 4084 nominum
2072 4031 2401 4100 appellatio-

840 4138 963 4188 nes,
1018 4134 1074 4178 et
1138 4133 1392 4193 tanquam
1451 4125 1658 4181 umbra:
1713 4142 1894 4181 rerum
1940 4136 2067 4190 sunt
2116 4143 2279 4182 voces
2331 4129 2401 4183 ad

841 4215 1112 4268 motiones
1138 4216 1547 4283 suppositorum
1576 4217 1823 4271 formata:
1844 4218 1866 4270 Ἰ
1887 4218 1955 4271 Ει
1973 4218 2091 4272 haec
2118 4218 2194 4271 ita
2218 4234 2276 4273 se
2305 4219 2399 4273 ba-

796 4326 799 4327 ν
841 4302 969 4356 bere
1002 4302 1163 4357 nobis
1190 4305 1480 4371 persuadet
1502 4316 1693 4376 aperte
1739 4306 1928 4361 divina
1965 4307 2252 4377 Scriptura
2303 4324 2403 4377 per

840 4407 1093 4463 magnum
1128 4393 1407 4458 Davidem,
1445 4396 1539 4465 qui
1587 4396 1915 4464 quibusdam
1964 4400 2203 4467 propriis
2226 4409 2281 4452 et
2316 4400 2402 4453 in-

2512 3211 2619 3262 τῶν
2652 3214 2938 3279 ἐνεργειῶν
2984 3214 3227 3282 ἡούσία,
3278 3215 3509 3281 νοοῦμεν
3565 3215 3621 3267 δέ
3665 3216 3761 3276 τὰς
3798 3218 4089 3285 ἐνεργείας

2510 3300 2576 3352 δι’
2608 3294 2682 3351 ὧν
2710 3302 3098 3370 αἰσθανόμεθα,
3155 3305 3365 3373 ῥήμασι
3398 3305 3455 3356 δέ
3492 3306 3640 3366 ὅπως
3682 3309 3747 3358 ἂν
3851 3310 4086 3362 δυνατὸν

2511 3392 2930 3462 ἐξαγγέλλομεν,
2965 3396 3045 3457 τίς
3093 3395 3173 3447 ἐτι
3206 3397 3596 3449 καταλείπεται
3630 3399 3790 3465 φόϐος
3842 3400 4086 3471 νεώτερα

2510 3485 2617 3535 τῶν
2649 3485 2991 3553 πραγμάτων
3038 3486 3104 3539 τὰ
3151 3487 3391 3555 ὀνόματα
3446 3489 3666 3553 λέγειν;
3710 3490 3771 3539 Εἰ
3832 3494 3938 3558 γὰρ
4008 3494 4085 3561 μὴ

2510 3573 2772 3642 πρότερον
2804 3575 3181 3644 ἐρμηνεὺομέν
3209 3593 3261 3627 τι
3292 3576 3398 3627 τῶν
3433 3580 3559 3645 περὶ
3595 3578 3728 3629 Θεοῦ
3766 3579 4087 3648 λεγομένων

2507 3664 2639 3734 πρὶν
2667 3665 2734 3716 ἂν
2757 3668 3063 3736 νοήσωμεν,
3100 3669 3308 3735 νοῶμεν
3342 3670 3397 3721 δὲ
3430 3672 3499 3723 δι’
3529 3664 3604 3723 ὧν
3654 3673 3716 3723 ἐκ
3746 3674 3877 3741 ξτῶν
3929 3676 4087 3744 ἐνερ-

2508 3755 2674 3821 γειῶν
2712 3756 3103 3827 διδασκόμεθα,
3126 3763 3517 3829 προϋφέστηκε
3569 3764 3623 3814 δὲ
3662 3765 3760 3829 τῆς
3796 3767 4084 3834 ἐνεργείας

2508 3847 2541 3911 ἠ
2581 3846 2835 3917 δύναμις,
2873 3850 2903 3918 ἡ
2935 3849 2990 3900 δὲ
3020 3850 3247 3920 δύναμις
3282 3852 3577 3924 ἐξήρτηται
3608 3855 3703 3907 τοῦ
3735 3855 3881 3908 Θείου
3923 3861 4085 3929 6511'}-

2509 3952 2695 4004 ματος,
2730 3940 2790 3991 τὸ
2826 3940 2880 3990 δὲ
2911 3940 3157 4010 βούλημα
3182 3945 3239 3995 ἐν
3270 3946 3333 4013 τῇ
3364 3945 3582 4015 ἐξουσίᾳ
3621 3949 3717 4015 τῆς
3763 3948 3913 4010 Θείας
3942 3952 4083 4002 ἁπό-

2505 4042 2683 4079 κειται
2721 4028 2960 4096 φύσεως
2992 4026 3079 4100 ἆρ’
3109 4031 3169 4083 οὑ
3221 4033 3406 4101 σαφῶς
3436 4035 3799 4105 διδασκόμεθα
3828 4039 3912 4091 ὅτι
3954 4043 4081 4093 ἐπι-

2504 4118 2744 4185 γίνονται
2777 4124 2887 4183 τοῖς
2918 4123 3245 4191 πράγμασιν
3281 4127 3337 4177 αἱ
3364 4134 3699 4196 σημαντικαὶ
3733 4132 3840 4182 τῶν
3871 4133 4081 4199 ὀνομά-

2501 4226 2610 4262 των
2644 4211 3032 4281 προσηγορίαι,
3064 4215 3156 4265 καὶ
3184 4212 3374 4286 ὥσπερ
3408 4219 3559 4269 σκιαὶ
3582 4217 3692 4270 τῶν
3724 4222 4079 4288 πραγμάτων

2502 4302 2642 4354 εἰσὶν
2668 4304 2722 4356 αἱ
2752 4304 2952 4371 φωναὶ,
3008 4308 3148 4378 πρὸς
3184 4310 3283 4369 τὰς
3318 4292 3563 4379 κινήσεις
3600 4313 3711 4364 τῶν
3744 4314 4080 4380 ὑφεστώτων

2505 4397 3007 4467 σχηματιζόμεναις
3048 4398 3153 4451 Καὶ
3188 4401 3271 4453 ὅτι
3295 4401 3469 4454 ταῦτα
3499 4402 3674 4464 οὕτως
3721 4404 3857 4474 ἔχει,
3893 4408 4076 4461 πείθει

838 4486 959 4542 sitis
988 4484 1305 4558 nominibus
1345 4501 1411 4539 ex
1442 4486 1731 4541 emt-lentia
1763 4488 1881 4557 ejus
1911 4490 2204 4544 intellectis
2255 4489 2398 4544 divi-
2431 4482 2472 4534 Ι)
2502 4502 2522 4535 ο

2391 4482 2472 4534 .D
2502 4485 2688 4552 σαφῶς
2733 4489 2767 4557 ή
2814 4486 2934 4540 θεία
2990 4488 3179 4557 Γραφὴ
3228 4490 3316 4544 διά
3349 4492 3446 4543 τοῦ
3487 4494 3725 4562 μεγάλου
3764 4497 3933 4549 Δαϐὶδ
3977 4499 4075 4550 τοῦ

838 4592 962 4631 nam
994 4587 1241 4631 naturam
1270 4586 1447 4630 vocat.
1487 4579 1829 4633 «Misericors
1867 4580 2040 4642 enim,
2066 4581 2165 4647 ait,
2202 4594 2255 4636 et
2296 4583 2395 4635 mi-

838 4684 1025 4723 serens
1054 4680 1138 4723 est
1167 4668 1431 4723 Dominus
1457 4686 1470 4720 :
1501 4670 1741 4723 clemens
1770 4680 1827 4724 et
1875 4672 2243 4727 miserationis
2279 4676 2396 4741 ple-

839 4770 995 4808 nus.)
1028 4757 1151 4809 llmc
1205 4758 1375 4825 igitur
1414 4755 1546 4824 quid
1579 4755 1790 4819 dicunt,
1812 4758 2115 4811 efficientia:
2148 4760 2398 4815 obtinere

836 4846 1293 4917 significationem
1344 4855 1436 4899 aut
1475 4847 1728 4899 uatum?
1795 4846 1983 4908 Nemo,
2042 4860 2195 4917 puto,
2249 4851 2394 4903 aliud

836 4939 1132 5007 quidquam
1163 4952 1325 5005 quam
1355 4927 1678 4991 eﬂicenti'am
1714 4936 1880 4991 dicet.
1940 4938 2170 5003 Quando
2232 4940 2400 5010 igitur

838 5027 1077 5081 cﬂlciens
1102 5026 1533 5079 misericordiam
1565 5033 1621 5078 et
1651 5026 2059 5079 miserationem
2092 5027 2308 5095 accepit
2329 5028 2399 5081 ab

835 5119 1128 5173 efﬁcientia
1165 5119 1403 5173 nomen?
1428 5117 1567 5171 Num
1597 5125 1723 5169 ante
1752 5116 2033 5168 hominum
2065 5117 2266 5169 vitam?
2291 5116 2397 5171 Sed

835 5211 961 5279 quis
994 5221 1105 5264 tum
1146 5210 1501 5263 miseratione
1536 5208 1856 5278 indigebat?
1884 5210 1999 5260 lmo
2022 5209 2248 5261 omnino
2276 5219 2397 5276 post

837 5311 1116 5368 peccatum
1155 5300 1533 5355 commissum.
1566 5299 1856 5351 Peccatum
1891 5306 2075 5350 autem
2140 5307 2223 5350 cst
2275 5307 2397 5365 post

836 5391 1113 5444 hominem
1150 5400 1391 5443 creatum
1424 5406 1437 5441 :
1467 5390 1633 5456 igitur
1664 5395 1783 5454 post
1834 5386 2111 5438 hominem
2146 5397 2391 5438 creatum

834 5483 1001 5537 etiam
1045 5482 1339 5535 miserandi
1368 5481 1661 5535 efﬁcientia
1684 5491 1803 5531 orta
1829 5490 1911 5531 est
1943 5489 1996 5530 et
2026 5478 2396 5532 miserationis

834 5588 1054 5626 nomen.
1086 5572 1317 5626 Viden'?
1361 5574 1650 5641 PrOptcrca
1694 5570 1840 5623 enim
1867 5576 1922 5622 ct
1958 5568 2146 5621 eadem
2177 5570 2397 5621 nomina

839 5662 979 5717 ﬁunt
1034 5672 1090 5717 et
1119 5666 1603 5717 accommodantur
1637 5658 1939 5714 secundum
1981 5658 2265 5711 hominum
2300 5675 2396 5713 vo-

838 5751 1064 5812 luntatis
1099 5755 1314 5827 regulas
1340 5764 1394 5811 ct
1422 5754 1565 5826 leges
1615 5770 1630 5807 :
1666 5767 1841 5821 neque
1906 5750 1959 5805 in
2020 5766 2159 5817 uno,
2194 5751 2290 5805 sed
2341 5752 2391 5807 in

2503 4576 2756 4645 καθάπερ
2790 4578 2879 4629 διά
2913 4594 3075 4632 τινων
3117 4581 3262 4633 ἰδίων
3302 4584 3603 4651 προσφυῶν
3644 4585 3931 4652 ὀνομάτων
3967 4590 4076 4639 τῶν

2499 4668 2563 4717 ἐκ
2712 4667 2993 4736 ἐνεργείας
3030 4669 3197 4721 αὐτοῦ
3229 4671 3534 4739 νοηθέντων
3580 4674 3679 4743 τὴν
3717 4651 3871 4727 θείαν
3907 4678 4075 4743 φύσιν

2498 4757 2917 4821 ἀνακαλοῦντος
2953 4779 2971 4811 ι
3001 4762 3336 4830 Οξκτίρμων,
3371 4782 3389 4815 ι
3417 4767 3523 4832 γάρ
3550 4782 3707 4833 φησι,
3742 4788 3759 4816 ι
3791 4770 3884 4818 καὶ
3918 4769 4075 4837 ἐλεή-

2502 4865 2619 4916 μων
2647 4850 2674 4901 ό
2698 4851 2925 4919 Κύριος,
2964 4852 3319 4921 μακρόθυμος
3358 4856 3451 4906 καὶ
3483 4856 3795 4917 πολυέλεος.
3823 4876 3841 4907 ι
3879 4859 4071 4911 Ταῦτα

2499 4936 2675 4989 τοίνυν
2710 4940 2762 4991 τί
2800 4940 3069 5006 λέγουσιν,
3105 4943 3389 5010 ἐνεργείας
3419 4943 3562 5012 ἔχειν
3595 4946 3692 5014 τὴν
3727 4949 4008 5015 σημασίαν
4036 4950 4069 5016 ἢ

2500 5026 2713 5094 φύσεως
2737 5045 2751 5093 ;
2786 5030 2901 5081 Οὐκ
2930 5030 2997 5082 ἄν
3026 5049 3106 5091 τις
3142 5032 3272 5084 ἄλλο
3296 5034 3443 5101 παρὰ
3466 5034 3563 5102 τὴν
3586 5037 3867 5103 ἐνέργειαν
3894 5039 4066 5091 εἰποι.

2502 5118 2637 5170 Πότε
2675 5120 2856 5172 τοίνυν
2884 5122 3185 5190 ἐνεργήσας
3224 5126 3346 5186 τοὺς
3376 5127 3695 5195 οἰκτιρμους
3734 5130 3762 5178 6
3804 5129 3939 5189 Θεὸς
3977 5135 4071 5184 καὶ

2503 5207 2589 5258 τὸν
2614 5206 2783 5271 ἔλεον,
2820 5208 2977 5276 ἔσχεν
3022 5211 3084 5261 ἐκ
3130 5212 3229 5277 τῆς
3258 5212 3539 5280 ἐνεργείας
3580 5214 3641 5265 τὸ
3675 5216 3882 5283 ὅνομας
3920 5212 4070 5286 Ἀρα

2500 5295 2604 5363 πρὸ
2628 5295 2725 5362 τῆς
2754 5296 3103 5365 ἀνθρωπίνης
3138 5297 3280 5365 ζωῆς
3305 5316 3317 5363 ;
3353 5300 3459 5351 Kal
3487 5300 3570 5361 τίς
3601 5298 3668 5369 ἦν
3695 5304 3721 5351 6
3754 5303 3846 5353 τοῦ
3879 5305 4069 5366 ἐλέους

2497 5385 2779 5454 δεόμενος;
2824 5387 2989 5440 Ἀλλά
3024 5389 3164 5456 μετὰ
3196 5392 3292 5458 τὴν
3331 5391 3607 5459 ἁμαρτίαν
3645 5396 3881 5455 πάντως.
3932 5397 3992 5446 ἸΙ
4024 5398 4070 5448 δ’

2497 5479 2747 5548 ἁμαρτία
2780 5483 2918 5548 μετὰ
2949 5482 3039 5531 τὸν
3081 5480 3394 5550 ἄνθρωπον·
3431 5484 3629 5536 οὐκοῦν
3667 5487 3805 5554 μετά
3845 5486 3937 5537 τὸν
3976 5490 4069 5539 άν-

2499 5573 2718 5639 θρωπον
2746 5573 2838 5624 καὶ
2866 5575 2898 5641 ἡ
2929 5574 3020 5624 τοῦ
3057 5574 3224 5625 ἐλεεῖν
3270 5574 3523 5642 ἐνέργεια
3557 5579 3649 5629 καὶ
3684 5578 3744 5629 τὸ
3783 5577 3877 5628 τοῦ
3912 5578 4064 5629 ἐλέιυ

2496 5663 2687 5731 ονομα.
2718 5683 2734 5714 ι
2778 5665 2940 5733 Ὀρᾶς
2964 5684 2976 5726 ;
3000 5665 3086 5717 διὰ
3117 5666 3225 5734 γὰρ
3254 5667 3412 5720 τοῦτο
3440 5669 3532 5722 καὶ
3560 5671 3826 5739 ὁμώνυμα
3853 5672 4065 5736 γίνεται

2499 5755 2592 5807 καὶ
2631 5752 3030 5823 μεθαρμόζεται
3072 5755 3212 5807 κατὰ
3246 5756 3371 5820 τοὺς
3411 5760 3507 5828 τῆς
3557 5762 3903 5830 ἀνθρωπίνης
3938 5761 4068 5831 βου-
