4264 6362
166 434 274 496 ἓ57

1189 412 1631 479 ΒῩΖᾹΝΤΙΝᾹΞ
1668 403 2054 474 IllSTORi/E
2091 413 2237 474 LIB.
2277 412 2456 471 XXX.

3324 405 3431 467 ‘258

166 545 381 611 λήσεως
420 540 653 601 κανόνος
692 536 788 588 καὶ
811 534 1029 602 νόμους.
1069 534 1179 586 Καὶ
1211 533 1311 585 οὐκ
1344 533 1428 600 ἐφ’
1456 532 1603 593 ἑνὸς,
1634 530 1750 582 ἀλλ’
1785 538 1825 589 Α

1746 534 1750 548 ⁵
1785 538 1825 589 Α
1861 530 2113 597 plurimis
2138 540 2194 583 et
2219 528 2475 590 diversis,
2499 539 2622 594 quae
2655 521 2941 594 supposita
2975 530 3123 586 sunt,
3165 520 3430 591 quodque

166 634 263 683 ἐπὶ
292 630 575 682 πλείστων
602 644 663 687 τε
685 626 779 678 καὶ
804 624 1080 693 διαφόρων
1107 624 1488 689 ὑποκειμένων
1518 621 1752 673 ἕκαστον

168 724 223 774 ἓν
255 723 319 773 ὃν
355 722 583 787 λέγεται
631 718 825 787 ὃνομα,
868 717 930 768 τὸ
977 717 1229 768 πλεῖστον
1265 717 1465 767 εἰπεῖν.
1508 710 1753 765 Novk-:1

168 812 598 879 ὐποδείγματος,
618 811 745 873 περὶ
782 808 1091 877 βουλήσεως
1120 806 1274 875 εὖροι
1302 823 1385 867 τις
1416 807 1484 859 ἂν
1514 804 1753 871 τοῦνομα

170 906 305 955 ποτε
348 904 452 971 μὲν
496 903 587 953 ἐπὶ
627 902 728 967 τῆς
773 900 1032 954 άκτίστου
1080 898 1144 967 If.
1181 899 1282 952 159
1312 896 1363 968 υ]
1411 896 1624 965 φύσεως
1659 896 1753 947 τού

171 992 302 1045 Υἱοῦ
367 992 811 1061 λαμϐανόμενον,
871 989 1002 1040 ποτε
1056 988 1102 1039 δ’
1144 990 1232 1039 ἐπὶ
1278 988 1389 1039 τῶν
1436 986 1755 1054 κτισμάτων

172 1084 326 1151 παρὰ
348 1084 464 1135 τῶν
481 1083 673 1149 άγίων,
691 1081 765 1143 ὡς
785 1082 812 1132 ό
833 1080 1011 1148 μέγας
1034 1078 1347 1137 ἈΟανάσιος
1372 1078 1516 1129 κατὰ
1546 1078 1756 1146 ’Λρεια-

171 1176 275 1226 νῶν
306 1176 543 1243 γράφων
587 1176 753 1243 φησὶν
798 1172 872 1234 ὡς
911 1170 960 1223 οε
995 1170 1211 1230 ἀσεϐεῖς
1254 1171 1313 1221 οὐ
1353 1170 1568 1221 θέλουσι
1600 1169 1756 1235 λόγον

173 1268 266 1318 καί
301 1267 509 1333 βουλὴν
538 1266 723 1328 ζῶσαν
764 1260 905 1316 εἷναι
934 1263 1027 1315 τδν
1058 1263 1208 1323 Υίὸν,
1257 1263 1386 1328 περὶ
1413 1260 1469 1312 δὲ
1504 1260 1593 1311 τὸν
1622 1260 1757 1311 Θεὸν

176 1357 442 1426 βούλησιν
471 1359 564 1408 καὶ
614 1356 874 1423 φρόνησιν
915 1356 1007 1405 καὶ
1040 1354 1231 1419 σοφίαν
1265 1352 1340 1412 ὡς
1372 1352 1486 1414 ἕξιν
1519 1350 1756 1416 συμϐαί-

172 1466 375 1500 νουσαν
419 1452 517 1499 καὶ
544 1447 1082 1514 ἁποσυμόαίνουσαν.
1116 1446 1225 1496 Καὶ
1257 1444 1459 1507 ὁμοίως
1504 1443 1758 1510 Ἰωάννης

169 1542 196 1591 ὁ
236 1543 301 1592 ἐκ
357 1539 661 1609 Δαμασκοῦ
704 1538 964 1607 βούλησιν
1005 1537 1097 1589 καὶ
1148 1536 1342 1601 σοφίαν
1382 1535 1477 1586 καὶ
1528 1534 1759 1601 δύναμιν

168 1626 257 1677 τδν
286 1628 423 1677 Υἱὸν
459 1622 599 1677 εἶναι
636 1626 787 1689 λέγει
815 1624 912 1677 τοῦ
947 1623 1177 1690 Πατρός
1212 1623 1272 1673 οὐ
1302 1621 1406 1689 χρὴ
1443 1621 1549 1688 γὰρ
1578 1621 1757 1687 λέγειν

172 1718 265 1769 ἐπὶ
281 1717 423 1768 Θεοῦ
461 1716 747 1783 ποιά-ητα,
772 1715 858 1767 ἴνα
879 1714 953 1785 μὴ
977 1714 1232 1767 σύνθετον
1253 1714 1417 1765 αὐτὸν
1440 1714 1760 1780 ποιήσωμεν

174 1810 233 1873 ἐξ
259 1809 458 1865 οὐσίας
491 1809 585 1862 καὶ
614 1808 925 1875 ποιότητος.
974 1807 1085 1857 Καὶ
1128 1805 1267 1874 πρός
1318 1821 1382 1870 γε
1414 1805 1441 1856 ό
1467 1804 1761 1856 Νυσσαέων

1861 636 2082 683 nomen,
2115 636 2428 690 quanquam
2462 634 2631 671 unum
2663 625 2769 681 est,
2806 626 2989 669 tamen
3013 614 3218 668 dicitur
3250 614 3427 683 pluri-

1859 730 2006 765 mum
2039 714 2367 781 signiﬁcare,
2411 721 2468 763 ut
2498 709 2732 777 exempli
2794 708 2990 774 gratia.
3041 705 3107 764 (le
3145 708 3429 758 voluntate

1858 804 2344 870 reperias'nomen
2378 800 2653 855 interdum
2696 800 2749 852 in
2793 809 2986 851 natura
3029 797 3272 850 increata
3306 794 3428 847 Filii

1860 904 2213 964 usurpatum,
2250 896 2529 949 interdum
2564 902 2745 945 autem
2780 894 2834 943 in
2892 890 3094 944 creatis
3138 903 3167 941 a
3200 889 3430 949 sanctis,

1858 985 2019 1054 292
2053 992 2111 1036 ut
2142 984 2472 1037 Athanasius
2514 995 2744 1047 magnus
2794 990 2982 1032 contra
3018 978 3251 1031 Arianos
3290 977 3429 1028 scri-

1860 1077 1994 1129 heus
2024 1074 2157 1127 dicit
2186 1092 2198 1127 :
2239 1093 2255 1123 ι
2284 1074 2437 1142 lmpii
2473 1088 2581 1126 non
2615 1080 2865 1123 statuunt
2895 1068 3090 1122 Filium
3115 1082 3236 1121 esse
3268 1066 3435 1120 ratio-

1861 1180 1983 1217 nem
2013 1173 2068 1218 et
2096 1165 2437 1217 voluntatem
2470 1171 2523 1215 et
2575 1162 2963 1227 cogitationem
3017 1164 3072 1210 et
3107 1156 3431 1224 sapientiam

1862 1265 2116 1322 tanquam
2149 1253 2396 1306 habitum
2419 1251 2833 1304 convenientem
2852 1255 2907 1301 et
2930 1245 3433 1300 inconvenientem.

1863 1346 1926 1398 Et
1966 1345 2139 1397 simili‘
2168 1346 2380 1397 ratione
2422 1344 2665 1397 Joannes
2698 1342 3065 1394 Damasccnus
3094 1338 3432 1390 voluntatem

1860 1444 1915 1487 et
1952 1434 2281 1501 sapientiam
2322 1442 2377 1485 et
2402 1434 2507 1485 vim
2542 1432 2740 1485 Filium
2766 1445 2884 1484 esse
2919 1429 3053 1483 dicit
3086 1427 3285 1482 Patris.
3316 1426 3433 1479 Non

1861 1525 2011 1577 enim
2045 1538 2337 1591 possumus
2376 1524 2678 1591 praedicare
2730 1520 2799 1574 de
2833 1520 2943 1573 Deo
2990 1518 3333 1585 qualitatem.
3370 1529 3435 1566 ue

1862 1614 2226 1682 compositum
2287 1628 2414 1665 eum
2480 1612 2748 1680 tingamus
2779 1625 2844 1663 ex
2891 1608 3133 1661 essentia
3169 1614 3219 1659 et
3259 1605 3438 1672 quali-

1864 1715 1996 1761 tate.
2053 1706 2122 1759 Et
2174 1715 2439 1773 praeterea
2487 1703 2787 1771 Gregorius
2838 1701 3121 1771 Nyssenus
3173 1697 3308 1750 dicit
3356 1712 3439 1748 rc.-

1864 1811 1995 1849 vera
2030 1794 2363 1864 sapientiam
2399 1804 2453 1846 ct
2483 1794 2817 1845 voluntatem
2855 1790 2989 1842 nihil
3016 1803 3138 1842 esse
3164 1803 3328 1855 quam
3353 1802 3441 1837 sn-

174 1900 482 1970 Γρηγόριο;
505 1900 675 1960 ὅντως
696 1899 886 1965 σοφίαν
908 1897 1000 1949 καὶ
1021 1896 1216 1965 βουλὴν
1232 1894 1385 1947 οὐδὲν
1408 1895 1593 1964 ἕτερον
1616 1891 1757 1947 εἶναι
1793 1885 1831 1936 Β

1752 1914 1757 1945 ‘.
1793 1885 1831 1936 Β
1862 1888 2145 1957 pientiam,
2179 1887 2231 1938 in
2263 1888 2577 1938 universum
2609 1882 3061 1951 pnemeditatam,
3092 1880 3144 1931 in
3181 1895 3285 1946 qua
3313 1883 3436 1930 tini-

177 1994 328 2059 λέγει
363 1993 508 2052 πλὴν
539 1993 638 2060 τῆς
660 1991 756 2042 τοῦ
782 1991 984 2052 παντὸς
1011 1988 1518 2057 προεπινοουμένης
1550 1988 1761 2055 σοφίας,

176 2083 235 2132 ἐν
318 2081 391 2132 τὰ
425 2080 607 2132 πάντα
633 2079 853 2145 ἐγένετο
884 2080 979 2129 καὶ
1006 2074 1364 2144 διεκοσμήθη·
1394 2077 1629 2145 Χριστὸς
1655 2077 1765 2145 γάρ

177 2165 314 2218 Θεοῦ
347 2165 585 2234 δύναμις
626 2166 721 2216 καὶ
752 2161 889 2215 Θεοῦ
944 2163 1131 2230 σοφία.
1170 2163 1278 2216 Καὶ
1307 2161 1466 2214 τοῦτο
1504 2164 1602 2231 μὲν
1638 2166 1767 2234 περὶ

174 2256 270 2311 τοῦ
323 2258 532 2311 ταυτὸν
587 2254 731 2309 εἶναι
786 2256 929 2309 κατὰ
982 2256 1046 2308 τὸ
1092 2255 1500 2324 σημαινόμενον
1553 2258 1766 2321 οὐσίαν,

176 2350 417 2415 δύναμιν
454 2352 547 2403 καὶ
581 2350 845 2419 βούλησιν
876 2351 972 2401 καὶ
1008 2351 1220 2416 σοφίαν.
1279 2348 1369 2400 Ἐν
1404 2349 1588 2411 ἄλλοις
1612 2348 1657 2401 δ’
1680 2350 1771 2400 εὐ-

178 2437 435 2504 ρίσκεται
486 2439 662 2504 λέγων
693 2441 720 2491 ὁ
756 2438 901 2500 θεῖος
955 2436 1211 2505 Μάξιμος
1248 2437 1323 2499 ὡς
1353 2439 1384 2505 ἡ
1416 2438 1639 2506 Οέλησις
1672 2440 1767 2491 καὶ

178 2527 211 2591 ἡ
238 2527 506 2594 βούλησις
545 2526 645 2578 οὐκ
676 2527 792 2578 ἐστι
823 2527 1024 2577 ταυτὸν
1055 2528 1120 2594 τῇ
1153 2525 1313 2594 οὐσία
1341 2525 1435 2576 τοῦ
1462 2526 1619 2578 θεοῦ.
1663 2544 1681 2576 σ
1704 2526 1770 2578 'll

183 2618 280 2684 μὲν
310 2620 426 2687 γὰρ
460 2617 683 2687 θέλησις
720 2622 816 2673 καὶ
846 2618 1074 2688 ἄρχεται
1104 2621 1197 2671 καὶ¹
1230 2618 1501 2672 παύεται’
1537 2620 1569 2689 ἡ
1595 2620 1651 2671 δὲ
1678 2620 1771 2672 οὐ·

182 2704 268 2755 σία
290 2704 424 2757 οὐτε
467 2705 699 2775 ἄρχεται
727 2704 852 2757 οὔτε
878 2705 1137 2759 παύεται.
1175 2704 1247 2757 Τὸ
1276 2705 1320 2757 δ’
1346 2706 1649 2776 ἀρχόμενον
1679 2708 1771 2759 καὶ

179 2799 501 2865 παυόμενον
547 2797 624 2867 τῷ
674 2800 813 2865 μήτε
865 2799 1161 2868 ἀρχομένῳ
1208 2799 1346 2869 μήτε
1391 2801 1687 2868 παυομένῳ
1715 2800 1772 2850 τὸ

181 2892 313 2942 αὐτὸ
351 2886 499 2942 εἶναι
544 2891 606 2940 οὐ
644 2891 889 2944 δύναται.
936 2891 995 2942 Εἰ
1048 2892 1157 2960 γὰρ
1192 2894 1387 2944 ταυτὸν
1411 2888 1480 2963 ἦν
1509 2896 1575 2962 τῇ
1614 2894 1773 2962 οὐσίᾳ

178 2984 270 3035 τοῦ
306 2978 451 3035 Θεοῦ
487 2984 516 3048 ἠ
558 2982 839 3049 βούλησις,
878 2983 1046 3051 ἐχρῆν
1076 2986 1209 3051 μιᾶς
1241 2983 1406 3053 οὔσης
1444 2985 1544 3053 τῆς
1586 2984 1773 3047 οὐσίας

186 3077 315 3143 μίαν
348 3070 492 3127 εἶναι
516 3075 610 3127 καὶ
629 3074 729 3141 τὴν
754 3074 996 3142 Θέλησιν.
1016 3074 1155 3125 Ἀλλ’
1184 3076 1216 3143 ἠ
1240 3075 1451 3143 Γραφὴ,
1482 3092 1499 3125 ι
1532 3076 1766 3139 flama,»

184 3172 377 3238 φησὶν,
417 3187 436 3219 ι
465 3169 562 3219 ὅσα
591 3168 877 3236 ἠθέλησεν,
912 3166 1157 3236 ἐποίησε.
1190 3166 1371 3219 Πολλὰ
1401 3167 1494 3219 οῦν
1537 3167 1773 3236 ἠθέλησε

181 3266 271 3315 καὶ
318 3263 424 3330 οὐχ
478 3263 555 3313 ἓν.
592 3280 608 3311 ι
654 3261 760 3313 Καὶ
806 3259 1009 3327 ὁμοίως
1058 3261 1085 3311 ό
1131 3261 1273 3322 Θεῖος
1307 3260 1595 3329 Κύριλλος,
1633 3279 1651 3312 ι
1706 3261 1769 3315 Ἦ

179 3355 356 3418 em,»
390 3356 546 3423 φησὶ,
572 3371 589 3403 ι
610 3353 717 3405 τῶν
746 3352 1177 3421 ὠνομασμένων.
1208 3354 1444 3421 [latebo
1477 3352 1641 3417 λέγων
1676 3356 1771 3405 ἀὶ

181 3445 314 3500 Υίοῦ
366 3450 464 3498 καὶ
504 3446 664 3511 ἁγίου
708 3446 1052 3514 Πνεύματος,
1098 3445 1470 3515 δημιουργικὴ
1521 3445 1764 3515 Θέλησις,

180 3540 262 3605 ἐφ’
289 3541 521 3606 ὅτῳπερ
552 3537 617 3589 ἂν
669 3537 887 3604 λέγοιτο
938 3537 1199 3604 γενέσθαι
1254 3536 1440 3605 τυχὸν,
1485 3536 1772 3606 ἐνέργημα

188 3628 286 3695 μὲν
319 3626 496 3678 αὐτοῦ
529 3626 667 3677 ἐστι·
699 3626 840 3693 πλὴν
867 3625 955 3677 διὰ
986 3626 1169 3693 πάσης
1197 3624 1419 3695 ἔρχεται
1445 3627 1541 3694 τῆς
1579 3627 1771 3697 Οεότη-

181 3732 291 3780 τος,
329 3716 431 3767 καὶ
456 3716 555 3783 τῆς
592 3715 733 3782 ὑπὲρ
768 3716 867 3784 τὴν
901 3718 1078 3768 κτίσιν
1108 3717 1299 3779 οὐσίας
1326 3719 1475 3770 ἐστὶν
1505 3720 1768 3772 ἀποτέλε-

187 3824 323 3875 σμα.
360 3825 381 3857 ι
446 3805 614 3874 Ὀρᾷς
648 3807 767 3868 πῶς
810 3808 843 3874 η
896 3806 1006 3857 τῶν
1043 3808 1328 3874 ὀνομάτων
1360 3811 1456 3863 καὶ
1508 3812 1773 3880 ῥημάτων

186 3900 399 3964 γνῶσις
430 3896 856 3966 ὲπιστημονικὴ,
901 3896 972 3948 δι’
998 3891 1073 3950 ὧν
1107 3898 1258 3965 λόγοι
1296 3901 1388 3950 καὶ
1420 3900 1771 3967 ἁποφαντικὰ

184 3992 281 4059 δότ
290 4007 446 4059 ματα
471 3991 645 4043 πάντα
665 3989 799 4058 πρὸς
815 3990 1028 4058 γένεσιν
1050 3989 1324 4060 ἔρχονται,
1342 3992 1581 4061 μεγάλης
1600 3993 1773 4046 δεῖται

185 4083 286 4151 τῆς
311 4082 600 4151 περινοίας
621 4082 1064 4148 καίὲξετάσεωςς
1104 4085 1369 4151 ὁμώνυμα
1400 4082 1507 4152 γάρ
1541 4084 1657 4135 ἐστι
1705 4085 1786 4165 τά.

189 4176 396 4229 πολλά.
416 4177 529 4228 Καὶ
556 4175 646 4227 διὸ.
675 4174 833 4227 τοῦτο
874 4179 1075 4235 πάντες
1099 4178 1146 4229 οἱ
1170 4177 1276 4228 τῶν
1326 4176 1623 4245 αἰρετικῶν
1658 4177 1775 4229 Gia-

187 4286 296 4335 σοι,
329 4268 550 4329 τούτοις
584 4267 1074 4336 ὲγκαλυπτόμενοι,
1106 4266 1386 4331 τοξεύουσι
1445 4269 1566 4320 κατ’
1596 4268 1777 4320 ἄλλοτ’

185 4360 395 4420 ἄλλους
424 4360 655 4427 καιροὺς
677 4358 898 4426 ἀφανῶς
916 4359 1014 4428 τὴν
1045 4358 1329 4410 εὐσέϐειαν
1345 4358 1420 4417 ὡς
1446 4360 1510 4410 ἐκ
1532 4358 1737 4427 λόχμης
1756 4374 1771 4390 ·

182 4446 229 4517 ᾧ
254 4452 324 4520 δὴ
351 4450 449 4502 καὶ
478 4449 654 4516 λέγων
686 4450 781 4503 καὶ
803 4450 1031 4517 γράφων
1068 4451 1153 4502 καὶ
1181 4450 1342 4511 αὐτὸς
1364 4449 1631 4517 κέχρησαι
1660 4448 1768 4500 τολ-

1868 1990 2029 2029 versa
2063 1973 2204 2028 facta
2239 1975 2348 2027 sint
2400 1984 2455 2028 et
2490 1972 2781 2026 adornata.
2840 1970 3094 2023 Christus
3150 1969 3296 2021 enim
3345 1968 3435 2018 ltei

1868 2078 1952 2123 est
1986 2070 2068 2123 vis
2100 2078 2153 2122 et
2183 2067 2276 2120 Dei
2303 2066 2593 2135 sapientia.
2625 2065 2803 2132 Atque
2838 2062 2939 2115 hoc
2965 2060 3186 2129 quidem
3210 2057 3442 2113 suﬂiciat

1869 2162 1939 2216 de
1963 2177 2051 2223 eo,
2079 2160 2228 2228 quod
2263 2159 2406 2211 idem
2437 2167 2520 2211 est
2547 2174 2610 2211 ex
2643 2155 3043 2225 signiﬁcatione
3074 2153 3333 2213 essentia,
3362 2153 3443 2203 vis

1869 2262 1924 2306 et
1952 2253 2214 2305 voluntas
2238 2259 2293 2304 et
2323 2250 2617 2317 sapientia.
2653 2249 2729 2302 Ex
2761 2248 2881 2301 aliis
2917 2246 3221 2314 reperimus
3251 2244 3443 2297 dicen-

1870 2353 1979 2397 tem
2024 2343 2316 2396 Maximum
2372 2341 2666 2395 divinum:
2721 2339 3023 2393 Consilium
3081 2346 3138 2391 et
3188 2338 3443 2389 voluntas

1872 2451 1979 2489 non
2011 2444 2138 2488 sunt
2176 2435 2319 2487 idem
2351 2444 2515 2503 atque
2544 2432 2783 2487 essentia
2819 2432 2947 2495 Dei;
2998 2432 3256 2485 voluntas
3294 2432 3442 2485 enim

1873 2538 1928 2581 et
1962 2528 2157 2597 incipit
2191 2538 2248 2582 et
2275 2527 2504 2587 desinit,
2531 2524 2773 2580 essentia
2810 2532 2993 2578 autem
3024 2538 3204 2591 neque
3256 2522 3446 2589 incipit

1875 2636 2053 2689 neque
2088 2620 2331 2682 desinit;
2370 2618 2513 2688 quod
2540 2630 2721 2671 autem
2756 2617 2947 2686 incipit
2978 2624 3033 2668 et
3069 2616 3289 2677 desiuit.
3321 2630 3443 2669 cum

1874 2730 1961 2779 eo,
1991 2714 2138 2783 quod
2166 2728 2346 2782 neque
2375 2711 2571 2780 incipit
2596 2724 2777 2778 neque
2842 2707 3069 2771 desinit,
3126 2707 3269 2760 idem
3326 2722 3448 2759 es~e

1876 2821 1984 2858 non
2018 2815 2221 2873 potest.
2270 2804 2497 2858 Etenim
2552 2802 2595 2856 si
2638 2802 2783 2855 idem
2823 2810 2971 2855 esset
3025 2815 3150 2853 eum
3214 2802 3448 2853 essentia

1875 2898 1969 2951 Dei
2012 2899 2292 2959 voluntas,
2320 2903 2749 2965 oporteretcum
2775 2909 2883 2946 una
2901 2895 2971 2947 sit
2996 2893 3256 2955 essentia,
3283 2906 3447 2944 unam

1875 3004 1997 3043 esse
2046 2989 2212 3042 etiam
2254 2989 2619 3043 voluntatem.
2658 2986 2764 3040 Sed
2823 2986 3132 3054 Scriptura,
3167 3002 3185 3035 ι
3229 2984 3449 3048 Omnia,

1881 3083 2085 3151 inquit,
2122 3096 2471 3150 quaacunque
2506 3079 2703 3147 voluit,
2746 3081 3011 3133 creavit.»
3082 3078 3247 3131 Multa
3283 3079 3453 3148 igitur

1877 3172 2071 3234 voluit,
2109 3188 2289 3241 neque
2315 3186 2450 3225 vero
2474 3186 2665 3225 unum.
2700 3170 2766 3223 Et
2790 3169 2955 3223 simili
2985 3169 3193 3221 ratione
3215 3170 3453 3238 Cyrillus

1875 3263 2115 3327 divinus,
2175 3264 2463 3327 Voluntas,
2542 3263 2742 3331 inquit,
2801 3262 2965 3316 unius
3017 3263 3449 3323 nominatorum,

1877 3356 2065 3410 Patris
2096 3355 2219 3409 dico
2241 3364 2297 3408 et
2324 3355 2447 3409 Filii
2480 3364 2537 3409 et
2566 3354 2728 3423 293
2758 3353 2999 3422 Spiritus
3034 3355 3231 3425 sancti,
3259 3371 3453 3407 creans

1874 3445 2015 3512 apud
2039 3459 2427 3513 quemcunque
2444 3458 2565 3498 esse
2592 3444 2817 3507 dicitur,
2841 3443 3045 3497 factum
3069 3443 3189 3510 ejus
3215 3453 3317 3507 est,
3356 3447 3448 3498 Sl'ti

1874 3548 1973 3602 per
2004 3543 2171 3587 totam
2204 3534 2548 3589 divinitatem
2573 3542 2657 3589 est
2688 3534 2805 3588 fusa
2836 3534 3186 3597 etcssentim
3218 3550 3340 3603 quae
3367 3545 3450 3589 Esi

1874 3634 2000 3679 ante
2031 3626 2390 3688 creationem,
2426 3635 2510 3679 est
2538 3624 2821 3692 perfectio.
2850 3624 3032 3689 Vides,
3065 3628 3348 3678 nominum
3399 3638 3453 3681 et

1875 3715 2177 3769 verborum
2203 3716 2570 3785 cognitionem
2600 3715 3059 3785 philosophicam,
3082 3733 3109 3767 a
3128 3716 3332 3784 quibus
3356 3734 3453 3768 no-

1879 3808 2059 3861 tioncs
2092 3817 2147 3862 et
2178 3807 2431 3877 dogmata
2481 3810 2781 3862 constituta
2808 3808 2985 3861 omnia
3038 3810 3316 3871 oriuntur,
3338 3827 3451 3861 niu-

1872 3915 2032 3968 gnam
2056 3900 2337 3970 requirere
2354 3900 2694 3967 prudentiam
2719 3910 2773 3953 et
2793 3901 3152 3969 quatstionem
3179 3902 3359 3970 :ejusd
3400 3918 3451 3955 m

1874 3993 2022 4045 enim
2052 3993 2295 4047 nominis
2322 4001 2450 4046 sunt
2479 3992 2820 4061 plerumque.
2855 3993 2919 4046 Et
2944 4004 3231 4063 propterea
3260 4010 3451 4047 omnes

1872 4085 2262 4139 haereticorum
2296 4098 2471 4140 cu-tus
2499 4129 2512 4150 ,
2545 4087 2630 4140 his
2666 4086 2898 4140 involuti
2926 4125 2941 4149 ,
2977 4094 3172 4154 petunt
3221 4087 3453 4140 diversis

1876 4177 2219 4245 temporibus
2256 4176 2496 4231 obscure
2531 4178 2791 4244 pietatem
2830 4188 3087 4245 tanquam
3113 4191 3180 4229 ex
3212 4177 3450 4242 insidiis,

1873 4284 1979 4337 qua
2003 4278 2057 4322 et
2078 4269 2192 4337 ipse
2218 4283 2350 4321 usus
2374 4283 2434 4323 es
2451 4269 2679 4322 audacia
2697 4279 2751 4323 et
2771 4266 3007 4322 dicendo
3049 4277 3105 4322 et
3157 4269 3453 4322 scribendo

1874 4362 2099 4415 omnino
2154 4360 2391 4413 maxime
2466 4372 2653 4413 contra
2724 4359 2977 4428 dogmata
3032 4358 3213 4412 divina
3268 4361 3449 4412 omnia

1873 4452 1983 4513 illa,
2015 4466 2077 4504 ac
2109 4466 2286 4518 neque
2323 4461 2638 4519 pascentem
2676 4451 2862 4504 omnia
2885 4450 3015 4504 solis
3052 4450 3255 4519 ignem,
3286 4465 3450 4519 quem

186 4544 413 4611 μήματι
443 4541 758 4593 παντάπασι
799 4543 939 4594 κατὰ
986 4542 1092 4594 τῶν
1125 4541 1285 4594 θείων
1313 4542 1599 4609 δογμάτων
1623 4543 1781 4611 μάλι-
1815 4539 1855 4590 D

1772 4572 1781 4582 -
1815 4539 1855 4590 D
1884 4552 2077 4596 testem
2113 4543 2282 4595 habes
2325 4542 2608 4610 pravitatis
2649 4553 2775 4607 tua,
2811 4542 3020 4597 vereris
3045 4582 3059 4605 ,
3094 4556 3276 4611 neque
3320 4544 3456 4597 solis

184 4634 523 4689 σταπάντων
542 4633 788 4699 ἐκείνων,
803 4636 894 4686 καὶ
924 4632 1045 4685 οὔτε
1062 4633 1161 4703 τὴν
1181 4634 1248 4686 τὰ
1265 4634 1446 4686 πάντα
1466 4633 1765 4703 βόσκουσαν

1875 4649 2001 4689 crea
2028 4647 2181 4687 orem
2233 4648 2410 4701 neque
2442 4633 2726 4687 hominum
2768 4648 3115 4702 quemquam.

182 4732 343 4802 ἡλίου
372 4729 545 4796 φλόγα
582 4729 835 4798 μάρτυρα
867 4729 964 4796 τῆς
988 4728 1252 4796 πονηρίας
1281 4726 1419 4796 ἔχων
1444 4727 1700 4798 αἰσχύνῃ,
1725 4725 1849 4781 οὔτε
1872 4729 1979 4798 μὴν
1996 4727 2087 4779 τὸν
2104 4725 2198 4780 τοῦ
2223 4726 2376 4795 ἡλίού
2400 4725 2464 4795 δη
2477 4725 2872 4795 μιουργὸνοῠθ
2898 4728 3199 4797 ἀνθρώπων
3231 4730 3447 4785 οὐδένα.

262 4822 366 4875 II".
395 4823 506 4876 Καὶ
532 4821 618 4873 ἵνα
643 4837 701 4872 σε
726 4821 820 4873 καὶ
862 4820 963 4889 τὴν
989 4820 1086 4887 τῆς
1119 4820 1403 4887 ἐνεργείας
1431 4820 1629 4883 διδάξω
1660 4837 1775 4888 φω-

182 4917 287 4982 νὴν
318 4912 490 4965 οὖσαν
517 4911 723 4978 μᾶλλον
749 4910 863 4963 τῶν
891 4911 1205 4979 ὁμωνύμων
1240 4910 1431 4980 αὐτὴν,
1470 4910 1535 4982 [Γ.
1568 4911 1671 4965 MO
1699 4909 1771 4981 r.]

182 5010 285 5060 καὶ
316 5003 749 5072 λαμϐανομένην
801 5004 894 5055 καὶ
945 5002 1033 5054 ἐπ’
1070 5002 1246 5055 ἄλλων
1299 5003 1422 5071 μὲν,
1455 5002 1591 5055 ἀλλᾶ
1636 5004 1773 5055 κάπὶ

180 5098 288 5164 τῆς
323 5096 480 5156 Gaia;
508 5094 723 5161 ἐκείνης
750 5093 845 5144 καὶ
880 5092 1159 5159 μακαρίας
1193 5091 1380 5152 οὐσίας
1409 5092 1501 5143 καὶ
1536 5090 1772 5155 φύσεως,

178 5193 320 5240 ὅταν
378 5185 847 5254 άπροσδιορίστως
906 5184 1156 5251 λέγηται,
1206 5182 1299 5233 τοῦ
1358 5182 1503 5234 θείου
1556 5182 1773 5251 πρῶτον

180 5281 359 5333 ἄκουε
403 5275 683 5343 Μαξίμουο
719 5294 737 5325 ι
779 5275 842 5325 Ἦ
880 5272 1437 5341 αὐτοῦπεραγαθότης
1481 5271 1607 5335 νοῦς
1640 5271 1775 5325 οῦσα

182 5375 285 5425 καὶ
320 5370 420 5436 ὅλη
477 5370 727 5434 ἐνέργεια
777 5368 856 5426 είς
890 5364 1088 5432 ἑαυτὴν
1122 5364 1479 5432 ἐστραμμένη
1520 5364 1774 5433 ἐνέργειά

184 5471 368 5524 ἐστιν,
398 5464 461 5513 οὐ
512 5462 739 5525 δυνάμει
792 5463 1061 5525 πρότερον
1121 5455 1255 5507 οὖσα
1290 5457 1597 5525 ἀφροσύνη,
1656 5454 1773 5509 εἶτα

181 5552 316 5614 νοῦς
350 5550 606 5620 ἐνεργείᾳ
633 5549 925 5618 γενομένη.
976 5546 1141 5600 Ὅθεν
1179 5547 1271 5599 καὶ
1296 5546 1420 5609 νοῦς
1456 5550 1574 5600 ἐστι
1609 5548 1772 5617 μόνος

184 5642 459 5711 καθαρὸς,
495 5641 594 5692 οὐκ
618 5640 909 5709 ἐπίκτητον
941 5638 1079 5707 ἔχων
1105 5638 1165 5691 τὸ
1196 5642 1435 5707 φρονεῖν,
1471 5640 1606 5692 ἀλλὰ
1643 5641 1773 5709 παρ’

184 5737 391 5791 ἑαυτοῦ
422 5735 639 5795 πάντως
667 5737 799 5787 νοεῖ.
828 5734 888 5784 Εἰ
919 5734 1026 5801 γὰρ
1060 5733 1093 5800 ἡ
1119 5732 1218 5799 μὲν
1248 5732 1405 5783 οὐσία
1439 5732 1603 5784 αὐτοῦ
1637 5733 1769 5801 ἄλλη

186 5833 367 5897 ἐστὶν,
404 5829 441 5882 ἃ
473 5828 527 5881 δι
556 5830 665 5881 νοεῖ
694 5828 857 5897 ’έτερα
902 5826 1066 5880 αὐτοῦ
1099 5828 1267 5891 ἐστιν,
1300 5825 1527 5895 ἀνόητος
1554 5825 1706 5878 ἔσται
1736 5829 1768 5896 η

1941 4817 2081 4873 XIII.
2117 4818 2183 4873 Et
2224 4828 2281 4872 ut
2315 4829 2365 4872 te
2394 4820 2561 4872 etiam
2593 4817 2898 4872 efficientia:
2942 4817 3200 4873 edoceam
3259 4837 3450 4876 voeem

1870 4924 1991 4964 esse
2026 4909 2192 4979 magis
2218 4908 2537 4961 eorumdem
2568 4908 2852 4960 nominum
2883 4907 3079 4976 ipsam,
3106 4916 3163 4962 et
3193 4914 3449 4976 usurpari

1871 5010 1926 5055 et
1956 5000 2009 5053 in
2043 5000 2167 5053 aliis
2196 4999 2441 5068 quidem.
2462 4999 2555 5053 sed
2587 5008 2642 5052 et
2667 4999 2719 5051 in
2752 4997 2932 5052 divina
2962 4998 3051 5051 illa
3090 5007 3146 5052 et
3176 5000 3333 5054 beata
3363 5020 3452 5054 cs-

1873 5092 2050 5148 sentla
2090 5102 2145 5147 et
2179 5102 2397 5155 natura,
2451 5107 2576 5146 cum
2606 5091 2900 5145 indiscrete
2932 5092 3171 5156 dicatur,
3208 5094 3451 5161 primum

1873 5184 2120 5237 divinum
2155 5184 2347 5236 audias
2378 5183 2670 5236 Maximum
2716 5200 2731 5237 :
2766 5182 2997 5236 Maxima
3035 5183 3285 5248 bonitas,
3332 5202 3399 5252 qu
3424 5202 3455 5238 u

1884 5294 2035 5333 meus
2068 5288 2171 5343 est,
2217 5289 2269 5330 et
2301 5280 2477 5332 omnis
2506 5277 2825 5342 eﬂieientia,
2856 5280 2910 5331 in
2945 5293 3003 5330 se
3035 5281 3453 5344 conversa,cili-

1881 5373 2077 5425 eientia
2101 5381 2345 5437 est,cnm
2380 5386 2487 5423 non
2516 5371 2818 5424 secundum
2852 5372 3154 5439 potentiam
3191 5383 3347 5426 antea
3384 5376 3454 5428 sit

1875 5464 2133 5525 amentia,
2181 5472 2367 5531 postea
2412 5478 2566 5515 mens
2620 5462 2919 5516 secundum
2970 5463 3319 5517 efﬁcientiam
3356 5468 3454 5529 lit;

1876 5555 2057 5623 itaque
2089 5556 2253 5607 etiam
2301 5570 2456 5609 mens
2496 5564 2579 5608 est
2625 5555 2737 5609 sola
2788 5570 3073 5624 pura.non
3112 5556 3317 5610 factitia
3361 5574 3455 5609 u~a

1873 5648 2223 5715 cogitatione,
2258 5646 2352 5701 sed
2386 5661 2483 5715 per
2502 5661 2559 5701 se
2583 5648 2753 5716 ipsam
2802 5650 3026 5701 omnino
3058 5650 3313 5715 intelligit
3366 5652 3453 5701 lit.-

1874 5741 2016 5792 cnim
2046 5740 2087 5793 si
2110 5740 2343 5793 essentia
2366 5742 2482 5809 ejus
2504 5741 2717 5793 diversa
2742 5753 2842 5805 est,
2864 5758 2983 5809 qum
3005 5752 3184 5795 nulum
3202 5745 3360 5813 295r
3379 5764 3458 5796 lito

1874 5828 2173 5898 telligit,ab
2201 5842 2263 5883 ea
2288 5829 2501 5885 diversa
2536 5830 2813 5896 sunt,sine
2840 5833 3091 5882 Sensusit
3127 5848 3348 5886 neu-sse
3372 5844 3452 5885 est
