4264 6362
169 413 271 480 εει

1177 417 1628 478 BYZANTINIE
1671 418 2060 477 HISTORHE
2109 419 2249 475 LIB.
2298 419 2483 477 XXX.

3349 426 3454 492 262

168 546 255 591 vo;
277 528 457 581 ταῦτα
476 528 546 597 τῇ
572 526 824 598 παρούσῃ
849 525 1045 595 σχεδίῳ
1070 527 1230 597 σχολῇ
1254 544 1267 557 ·
1291 528 1575 597 εἰρήσεται
1599 527 1648 578 δ’
1667 525 1758 578 οῦν
1796 533 1840 586 Α

1796 533 1840 586 Α
1878 527 1998 596 ejus
2021 526 2389 590 ellic'cutiam,
2415 535 2638 596 propter
2660 527 3066 582 multitudinem
3091 531 3303 597 omitto,
3326 545 3451 588 cum

169 624 296 682 ῐσιίς
328 620 438 671 κᾶν
485 621 598 681 τοῖς
631 620 792 688 ἑξῆς,
825 620 1108 685 προϊόντος
1163 619 1258 670 τοῦ
1290 625 1419 687 περὶ
1448 618 1546 686 τῆς
1572 618 1753 671 τοιαῦ-

165 727 264 780 της
295 712 586 782 ἐνεργείας
614 711 798 778 λόγου.
828 710 943 762 Νῦν
973 710 1030 762 δὲ
1059 711 1298 762 δεικτέον
1333 711 1450 762 ἐστὶ
1483 714 1579 764 καὶ
1607 712 1755 771 ὅπως

172 803 308 870 μετὰ
345 802 779 871 προσδιορισμοῦ
816 820 982 870 φασιν
1015 804 1064 855 ol
1099 803 1230 854 θεῖοι
1267 804 1507 871 Ησιτέρες
1541 805 1634 855 καὶ
1667 808 1756 853 τῦν

169 893 296 944 Υἱὸν
331 893 430 944 καὶ
464 893 525 944 τὸ
563 892 722 958 ἅγιον
762 892 988 958 Πνεῦμα
1022 894 1304 958 ἐνέργειαν
1338 894 1433 944 καὶ
1469 895 1757 956 αὑτοενέρ-

169 984 670 1050 γειαν,,έκάτερον
719 983 1128 1050 προσηκόντως.
1181 984 1289 1034 Καὶ
1339 983 1467 1050 περὶ
1519 982 1616 1050 μὲν
1664 982 1758 1034 Ivi.)

173 1073 299 1125 δί·ιῦ
332 1076 362 1124 ὁ
396 1073 540 1134 Orio;
570 1071 715 1123 οὕτω
745 1074 908 1141 φησὶν
940 1072 1282 1135 Ἀθανὰσιος,
1323 1090 1341 1122 t
1379 1075 1491 1124 υὺκ
1523 1072 1757 1138 ἀμφίϐο-

169 1161 256 1214 λον
290 1166 376 1215 ὅτι
415 1165 583 1223 αὑτός
622 1166 772 1215 ἐστιν
807 1165 838 1231 ἡ
874 1163 968 1214 τοῦ
1014 1159 1414 1233 Πατρὶξζὼσα
1459 1164 1621 1232 βουλὴ
1666 1164 1758 1214 καὶ

170 1256 417 1317 ἑκούσιος
449 1257 701 1326 ἐνέργεια
731 1256 825 1306 καὶ
853 1255 1011 1322 λόγος
1043 1255 1316 1324 ἀληθινός.
1356 1274 1375 1305 t
1413 1256 1546 1322 Περῖ
1580 1256 1635 1306 δέ
1663 1254 1756 1306 τοῦ

171 1350 495 1418 Πνεῦματος
537 1354 564 1402 ὁ
600 1350 763 1412 αὐτὸς
797 1351 941 1402 οὓτω
983 1351 1148 1418 φησιν
1173 1389 1187 1412 ,
1229 1368 1249 1400 ι
1289 1350 1439 1411 Ἐνδς
1478 1350 1628 1410 ὄντος
1661 1349 1756 1400 τδῦ

170 1443 298 1494 Υἰοῦ
334 1441 434 1495 τοῦ
473 1442 674 1506 ζῶντος
712 1443 926 1508 Λόγου,
965 1443 1094 1513 μίαν
1130 1440 1268 1494 εἶναι
1301 1442 1383 1494 δεῖ
1412 1442 1628 1493 τελείαν
1663 1441 1756 1492 καὶ

169 1535 353 1604 πλήρη
389 1533 493 1603 τὴν
527 1534 856 1603 ἀγιαστικὴν
889 1536 984 1585 καὶ
1019 1535 1356 1602 φωτιστικὴν
1389 1534 1556 1604 ζωὴν,
1591 1531 1757 1586 οὖσαν

167 1629 457 1694 ἐνέργειαν
483 1626 647 1678 αὐτοῦ
673 1627 770 1678 καὶ
796 1625 1028 1694 δωρεὰν,
1055 1627 1175 1695 ἥτις
1205 1629 1268 1678 ἐκ
1296 1629 1466 1695 Πατρ“
1485 1645 1509 1688 ς
1538 1627 1756 1694 λέγεται

168 1716 594 1786 ἐκπορεύεσθαι.
627 1735 646 1768 ι
676 1715 943 1786 Κύρι).λος
967 1715 1010 1768 δ’
1032 1716 1236 1789 ὁμοίως
1259 1719 1352 1768 καὶ
1377 1717 1560 1778 αὐτὸς,
1593 1733 1609 1765 ι
1649 1716 1759 1767 Καὶ

164 1808 192 1858 δ
221 1807 352 1868 Υἱός
384 1807 541 1866 ἐστι,
583 1824 599 1855 ι
639 1809 838 1873 φησιν,
874 1824 893 1856 ι
931 1807 965 1874 ὴ
995 1805 1146 1868 ζῶσα
1177 1807 1270 1858 καὶ
1300 1805 1570 1873 οὐσιὼδης
1604 1807 1752 1874 ἐνέρο

166 1916 288 1967 γεια
330 1898 430 1951 καὶ
469 1897 701 1966 δύναμις
741 1900 833 1949 καὶ
873 1899 1032 1965 σοφία
1067 1897 1160 1950 τοῦ
1202 1897 1434 1962 Πατρός.
1473 1899 1751 1967 Ἐνέργεια

167 1993 257 2044 καὶ
284 1991 386 2045 τοῦ
417 1990 552 2044 Υῑοῦ
583 1991 644 2042 εδ
672 1991 894 2060 Πνεῦμα
917 1991 978 2042 τὸ
1006 1990 1184 2058 ἅγιον.
1223 2007 1242 2041 t
1288 1989 1564 2060 Ἐνέργειι
1598 1990 1753 2057 λέγε-

166 2101 252 2136 ται
280 2083 380 2135 καὶ
409 2084 442 2151 ἡ
473 2081 691 2150 ἑκάστῳ
715 2082 823 2132 τῶν
849 2080 1020 2133 ὅντων
1046 2080 1244 2134 ἐνοῦσα
1269 2083 1471 2151 φυσικὴ
1497 2081 1746 2150 δύναμις,

166 2176 238 2238 ὡς
263 2175 327 2227 τὸ
343 2174 712 2243 θερμαντικὸν
736 2172 814 2241 τῷ
842 2173 1000 2242 πυρὶ,
1017 2173 1110 2226 καὶ
1135 2173 1194 2224 τὸ
1217 2172 1483 2241 ψυκτικὸν
1507 2175 1572 2242 τῇ
1593 2176 1748 2242 χιόνι,

165 2271 256 2321 καὶ
296 2267 362 2319 τὸ
408 2266 728 2336 αἰσθητικὴν
766 2265 845 2334 τῷ
890 2265 1046 2335 ζώῳ,
1084 2267 1178 2319 καὶ
1219 2265 1297 2336 τῷ
1340 2267 1650 2335 ἐνεργοῦντι
1691 2267 1750 2318 τὸ

165 2355 549 2426 ἐνεργητικόν.
582 2355 814 2423 Λέγεται
849 2355 944 2408 καὶ
975 2355 1036 2407 τὸ
1067 2355 1171 2424 τῆς
1204 2356 1561 2427 ἐνεργητικῆς
1592 2358 1751 2410 δυνά-

167 2467 314 2519 μεως
343 2449 700 2516 ἀποτέλεσμα
731 2449 986 2517 ἐνέργεια
1012 2447 1108 2502 καὶ⁵
1133 2447 1293 2517 ἔργον
1319 2451 1413 2501 καὶ
1443 2449 1746 2520 ἐνέργημα,

165 2544 239 2605 ὡς
271 2543 418 2615 ἔργα
450 2542 550 2596 καὶ
583 2544 859 2611 ἐνέργειαι
891 2539 1028 2593 Θεοῦ
1063 2540 1132 2608 γῆ
1168 2542 1266 2594 καὶ
1299 2542 1528 2612 οὐρανὸς
1561 2545 1652 2596 καὶ
1683 2545 1750 2595 τὰ

161 2636 220 2687 ἐν
250 2635 471 2696 τούτοις
495 2649 512 2665 ο
551 2633 686 2704 φησι
718 2632 828 2704 γὰρ
859 2633 888 2686 ὁ
923 2632 1064 2695 Θεῖος
1098 2632 1176 2712 μ.
1214 2634 1312 2688 Ml
1353 2633 1437 2706 π]
1471 2635 1534 2687 ἐκ
1569 2639 1752 2704 Δαμα-

164 2728 294 2781 σκοῦ
333 2728 596 2797 Ἰωάννης
626 2728 701 2788 ὼς
728 2729 764 2796 ἡ
797 2727 1047 2798 ἐνέργεια
1078 2713 1174 2780 {al
1201 2726 1482 2797 ἐνέργημα
1510 2727 1748 2794 λέγεται,

162 2823 254 2872 καὶ
278 2820 605 2872 τούναντίον
631 2819 882 2888 ἐνέργεια
906 2819 967 2871 τδ
991 2820 1296 2890 ἐνέργημα.
1324 2819 1400 2882 ὡς
1429 2821 1522 2872 καὶ
1549 2819 1609 2872 τὸ
1635 2821 1751 2873 κτί-

162 2929 268 2981 σμα
296 2913 506 2974 κτίσις.
537 2911 676 2965 Καθ’
697 2911 724 2963 ὅ
754 2911 1159 2980 σημαινόμενον
1187 2913 1283 2966 καὶ
1305 2914 1397 2965 τὸν
1423 2909 1574 2965 οἷκον
1598 2913 1751 2983 ἐνέρ-

159 3007 320 3071 γειαν
359 3021 548 3072 φαμεν
581 3004 677 3057 τοῦ
711 3005 998 3073 οἰκοδόμου
1020 3045 1036 3067 ,
1072 3007 1166 3057 καὶ
1198 3005 1292 3058 τοῦ
1328 3004 1616 3073 ναυπηγοῦ
1651 3005 1751 3074 τὴν

163 3097 387 3150 ἐλκάδα.
429 3097 714 3164 Ἐνέργεια
755 3096 974 3163 λέγεται
1013 3097 1109 3147 καὶ
1147 3098 1181 3166 ἠ
1219 3096 1356 3167 πρὸς
1391 3099 1458 3150 τὰ
1495 3097 1752 3167 ἐνεργοῦο

163 3207 300 3256 μενα
339 3188 562 3259 κίνησις
584 3230 598 3253 ,
636 3189 822 3258 σχέσις
853 3205 938 3250 τις
968 3186 1107 3242 οὖσα
1141 3191 1235 3242 καὶ
1267 3189 1476 3258 μεταξὺ
1512 3190 1750 3255 θεωρου-
1777 3207 1821 3264 ο

165 3283 300 3348 μέιη
331 3279 434 3330 τοῦ
465 3295 522 3330 τε
555 3279 1016 3348 δημιουργοῦντος
1049 3281 1143 3332 καὶ
1174 3279 1281 3332 τῶν
1309 3281 1752 3351 δημιουργουμέ-

163 3389 286 3430 νων,
307 3369 574 3436 καθάπερ
594 3371 626 3438 ἠ
643 3370 740 3422 τοῦ
763 3370 1047 3439 οἰκοδόμου
1067 3372 1202 3438 πρὸς
1220 3374 1280 3422 τὸ
1297 3372 1752 3441 οἰκοδομούμενον

160 3467 247 3513 καὶ
282 3460 386 3512 τοῦ
419 3461 706 3530 ναυπηγοῦ
739 3461 876 3529 πρὸς
908 3463 968 3512 τὸ
1002 3463 1206 3516 πλοῖον.
1237 3464 1307 3515 Ἦ
1343 3466 1436 3516 καὶ
1472 3465 1752 3534 συμϐεϐη-

161 3553 248 3612 κὸς
295 3547 441 3604 οὖσα
485 3550 606 3602 καθ’
636 3551 806 3621 αὐτὴν
851 3553 1259 3621 συγκαταλήγει
1299 3556 1366 3624 τῇ
1414 3555 1525 3608 τῶν
1567 3557 1753 3626 ἄκρων

159 3643 311 3711 λήξει
341 3643 441 3695 καὶ
467 3643 656 3695 οὐκέτι
681 3644 828 3695 ἐστὶν
852 3643 1027 3696 οὐδέν.
1056 3644 1193 3713 Περὶ
1219 3638 1288 3714 ἧς
1317 3646 1412 3696 καὶ
1437 3647 1463 3698 ὁ
1493 3645 1753 3712 Θεολόγος

159 3738 261 3807 ἔφη
303 3739 336 3790 ὁ
381 3737 525 3800 θεῖος
567 3737 864 3806 Γρηγὸριος
904 3738 979 3800 ὡς
1015 3739 1481 3808 ένεργηθήσεται,
1521 3741 1615 3793 καὶ
1653 3742 1751 3792 οὐκ

159 3833 490 3900 ἐνεργήσει,
523 3830 614 3879 καὶ
644 3827 779 3896 ὁμοῦ
809 3828 888 3897 τῷ
918 3829 1280 3900 ἐνεργηοῆναι
1312 3816 1613 3902 παύσεται,
1648 3848 1748 3884 κασ-

159 3922 348 3989 Θάπερ
380 3919 477 3972 καὶ
509 3920 543 3986 ἡ
580 3917 786 3987 μεταξὺ
819 3918 914 3970 τοῦ
951 3921 1232 3990 ὁρωμένου
1263 3924 1357 3974 καὶ
1387 3922 1484 3975 τοῦ
1515 3925 1748 3992 Optimo;

156 4016 358 4083 ὅρασις
391 4011 488 4063 καὶ
518 4013 551 4079 ὴ
595 4009 756 4079 μέσον
789 4008 887 4062 τοῦ
922 4011 1222 4080 γευομένου
1256 4015 1350 4066 καὶ
1381 4013 1478 4066 τοῦ
1500 4013 1747 4081 γεοστοῦ

156 4105 377 4172 γεῦσις.
413 4103 525 4155 Καὶ
558 4104 586 4154 ὁ
619 4101 916 4156 Νυσσαὲων
946 4102 1002 4154 δὲ
1037 4102 1176 4166 Θεῖος
1210 4105 1509 4175 Γρηγξιγτος
1549 4109 1623 4176 μὴ
1658 4108 1747 4160 δέ.

157 4197 363 4250 νασοαί
395 4211 562 4264 φησιν
592 4194 873 4262 ἐνέργειαν
901 4199 1317 4265 ἀπεργαστικ-ήν
1345 4214 1464 4250 τινα
1493 4200 1748 4268 πράγμα-

155 4303 245 4348 τος
280 4285 464 4352 αὐτὴν
494 4283 578 4349 ἐφ’
603 4283 796 4351 ἑαυτῆς
826 4285 1110 4352 συστῆναι,
1145 4287 1219 4354 μή
1250 4303 1391 4348 τινος
1419 4289 1740 4356 ὑποδεχομέ-

155 4393 251 4427 νου
277 4375 384 4442 τῆς
413 4372 695 4440 ἐνεργείας
720 4371 817 4440 τὴν
845 4373 1078 4441 κίνησιν.
1112 4374 1441 4441 ’Λναγκαίαν
1467 4379 1572 4443 γὰρ
1598 4377 1743 4446 ἔχειν

154 4466 340 4519 ταῦτα
374 4464 476 4532 τὴν
513 4463 694 4532 σχέσιν
730 4463 865 4530 πρὸς
905 4464 1111 4532 ἄλληλα
1143 4466 1245 4533 τήν
1279 4481 1336 4517 τε
1382 4468 1744 4536 ἐνεργητικὴν

1872 618 1988 671 luce
2023 618 2272 672 sullieere
2320 630 2505 686 putem
2560 619 2690 672 huic
2742 619 3021 689 colloquio
3067 627 3450 692 extemporali,

1865 710 2124 766 Dicentur
2164 711 2332 778 igitur
2359 710 2588 764 fortasse
2643 712 2808 764 etiam
2843 723 3030 781 postea
3062 719 3452 785 progrediente

1861 803 1928 855 de
1979 803 2073 855 tali
2122 804 2416 856 cilicicntia
2453 806 2725 857 oratione.
2772 805 2930 859 None
2988 816 3172 860 autem
3221 809 3456 863 demou-

1861 895 2148 948 strandutu
2175 903 2279 952 est.
2301 897 2580 963 quomodo
2621 906 2898 965 assumpta
2932 899 3252 952 delinitioue
3277 895 3451 954 divini

1863 985 2052 1038 Patres
2089 995 2144 1037 et
2185 985 2380 1038 Filium
2415 993 2471 1039 et
2517 986 2786 1054 Spiritum
2826 1002 3076 1041 sanctum
3109 1003 3309 1043 vocent
3337 993 3452 1044 elli-

1859 1077 2119 1131 cientiam
2156 1087 2213 1130 et
2240 1093 2432 1130 eorum
2465 1079 2712 1148 ipsorum
2749 1080 3121 1144 ellicientiatn,
3155 1093 3453 1156 utrumque

1860 1173 2300 1225 accommodate.
2335 1173 2513 1239 Atque
2545 1172 2612 1225 de
2663 1171 2802 1226 Filio
2842 1174 3064 1242 quidem
3112 1175 3453 1231 Athanasius

1861 1258 2084 1312 divinus
2122 1263 2192 1312 ita
2225 1259 2363 1314 dicit
2392 1276 2406 1308 :
2440 1260 2556 1313 Non
2583 1260 2808 1314 dubium
2837 1271 2941 1326 est,
2970 1265 3102 1333 quin
3135 1265 3224 1318 ille
3251 1267 3321 1318 sit
3347 1266 3452 1320 Pa-

1863 1352 1964 1402 tris
1993 1352 2114 1403 viva
2140 1351 2433 1412 voluntas,
2467 1361 2521 1403 et
2565 1351 2631 1404 ad
2667 1354 2966 1406 essentiam
3000 1355 3283 1423 pertinens
3324 1358 3450 1408 elti-

1863 1443 2088 1506 cientia,
2137 1453 2192 1497 et
2225 1444 2363 1497 ratio
2389 1460 2542 1498 vera.
2580 1445 2655 1498 De
2691 1442 2900 1514 Spiritu
2949 1460 3132 1500 autent
3183 1451 3324 1503 idem
3375 1452 3448 1504 ita

1861 1535 2106 1602 loquitur
2144 1533 2322 1589 :Cuin
2353 1551 2500 1588 unus
2546 1535 2616 1589 sit
2670 1537 2842 1590 Filius
2891 1540 3028 1591 ratio
3078 1539 3237 1601 viva,
3287 1556 3448 1596 uuam

1861 1636 2078 1694 Oportet
2133 1626 2434 1694 perfectam
2465 1634 2518 1677 et
2545 1627 2759 1694 plenam
2791 1643 2913 1682 esse
2947 1632 3110 1682 vitam
3147 1631 3292 1684 illam
3325 1648 3448 1686 sau—

1867 1717 2100 1770 ctiiicam
2133 1727 2189 1770 et
2213 1717 2511 1781 lucentem,
2535 1733 2658 1772 cum
2691 1719 2758 1772 sit
2788 1719 3210 1791 ellicientiat-jus
3243 1733 3298 1777 et
3328 1727 3444 1782 dos,

1863 1827 1982 1878 qua:
2005 1827 2034 1862 a
2067 1811 2227 1863 Patre
2254 1810 2458 1864 dicitur
2482 1810 2776 1879 proficisci.
2806 1811 3045 1874 Cyrillus
3067 1825 3252 1867 autem
3279 1817 3444 1869 simili

1865 1902 2025 1954 modo
2060 1913 2109 1955 et
2147 1901 2287 1969 ipse,
2321 1902 2389 1956 Et
2418 1902 2609 1965 Filius,
2646 1904 2843 1972 inquit,
2871 1915 2925 1958 et
2958 1905 3077 1958 viva
3110 1917 3164 1959 et
3194 1908 3450 1961 essentia:

1859 1994 2055 2046 similis
2087 1992 2373 2046 ellieicutia
2405 2003 2460 2046 ct
2503 1995 2583 2046 vis
2608 2005 2663 2047 et
2692 1997 2956 2062 sapientia
2985 1997 3181 2059 I‘atris,
3212 1998 3452 2052 ellicicu-

1862 2081 1932 2134 tia
1967 2083 2130 2135 etiam
2166 2083 2286 2136 Filii
2325 2093 2410 2137 est
2453 2082 2690 2152 Spiritus
2725 2094 2970 2138 sanctus.
3029 2087 3331 2144 litlicientia
3362 2090 3448 2143 di-

1859 2175 2006 2229 citur
2034 2173 2200 2227 etiam
2237 2175 2336 2239 vis,
2375 2190 2498 2243 qua:
2527 2177 2728 2244 cuique
2761 2176 2838 2228 rei
2876 2192 2904 2229 a
2950 2188 3144 2230 natura
3181 2179 3347 2241 inest,
3390 2192 3449 2234 ut

1860 2265 1942 2318 vis
1999 2265 2361 2318 calefaciendi
2415 2265 2577 2334 297
2634 2267 2746 2336 igni
2802 2269 2987 2331 inest,
3040 2283 3091 2322 ct
3151 2270 3446 2338 irigerandi

1859 2357 1995 2420 nivi,
2029 2365 2085 2410 et
2131 2357 2411 2410 sentiendi
2460 2359 2726 2422 animali,
2761 2369 2822 2413 et
2864 2359 3130 2414 etlieiendi
3166 2365 3447 2418 etlieienti.

1858 2446 2036 2500 Etiam
2083 2446 2371 2502 ellicientis
2422 2452 2504 2504 vis
2539 2448 2807 2518 perfectio
2839 2452 3042 2506 dicitur
3076 2452 3366 2509 ellicientia
3392 2462 3450 2509 ct

1856 2537 2062 2591 factum
2094 2546 2149 2593 et
2188 2539 2473 2604 cﬂectum,
2512 2551 2570 2594 ut
2599 2543 2737 2596 tacta
2768 2554 2823 2595 et
2852 2544 3160 2599 ellicientite
3211 2546 3306 2600 Dei
3358 2549 3446 2600 di—

1857 2640 2058 2684 cuntur
2092 2638 2235 2684 terra
2265 2641 2321 2686 et
2355 2632 2556 2685 etclqu
2581 2641 2636 2686 et
2665 2649 2789 2702 qua:
2817 2635 2871 2688 in
2903 2635 2972 2690 iis
3002 2649 3318 2692 versantur.
3356 2643 3445 2694 Ait

1856 2723 2005 2777 enim
2061 2721 2290 2777 divinus
2343 2722 2584 2779 Joannes
2641 2725 3013 2781 Damascenus
3070 2745 3085 2781 :
3147 2728 3444 2784 Ellieicntia

1855 2815 2023 2870 etiam
2058 2814 2318 2869 eﬂ'ectum
2353 2814 2584 2882 dicitur,
2630 2826 2686 2871 et
2739 2833 2808 2872 ex
2859 2821 3139 2874 contrario
3188 2822 3442 2878 eli‘cctum

1857 2906 2169 2971 efﬁcientia,
2198 2916 2258 2960 ut
2323 2907 2492 2961 etiam
2551 2917 2797 2962 creatum
2855 2913 3084 2977 ereatio,
3140 2917 3444 2968 secundum

1859 3013 2021 3066 quam
2072 2996 2532 3066 signiﬁcationem
2584 3002 2751 3055 etiam
2785 3003 3011 3057 domum
3052 3005 3290 3061 dicimus
3330 3010 3446 3064 elli-

1858 3087 2117 3142 cientiam
2164 3090 2458 3144 architecti
2495 3100 2552 3145 et
2603 3095 2820 3147 navium
2860 3096 3210 3153 aedificatoris
3242 3117 3437 3156 navem

1856 3179 2189 3234 onerariam.
2224 3181 2522 3237 Eﬂicicntia
2560 3184 2768 3240 dicitur
2806 3186 2974 3241 etiam
3011 3192 3219 3245 moveri
3255 3194 3319 3245 ad
3354 3209 3442 3256 ea,

1856 3282 1978 3336 quae
2027 3269 2360 3336 elliciuntur,
2391 3283 2445 3328 et
2479 3283 2565 3329 est
2603 3276 2743 3329 ratio
2772 3278 3022 3346 quredam
3057 3297 3177 3346 qua:
3207 3281 3446 3338 interce-

1857 3363 1938 3421 dit
1984 3363 2129 3417 intcr
2160 3362 2406 3418 elliciens
2441 3373 2495 3418 et
2539 3365 2827 3433 «allectum,
2885 3377 2944 3423 ut
2998 3371 3337 3427 architectus
3374 3373 3441 3427 ad

1855 3455 2148 3509 aadiiicium
2182 3457 2416 3520 accedit,
2449 3467 2503 3511 et
2530 3460 2754 3512 navium
2787 3461 3090 3516 aediﬁcator
3127 3465 3192 3518 ad
3224 3481 3439 3529 navem,

1857 3563 1978 3616 qua:
2014 3549 2186 3602 motio
2215 3563 2338 3602 cum
2381 3551 2638 3604 accidens
2678 3552 2748 3606 sit
2781 3567 2877 3621 per
2906 3569 2964 3608 se
2991 3569 3117 3608 cum
3160 3567 3442 3611 extremo-

1857 3658 1975 3695 rum
2011 3642 2118 3695 line
2147 3643 2372 3705 desiuit,
2409 3658 2585 3711 neque
2612 3655 2696 3698 est
2724 3645 2837 3715 jam
2868 3646 3193 3715 quidquam.
3231 3649 3302 3702 De
3329 3667 3441 3719 qua

1853 3733 2018 3787 etiam
2052 3732 2268 3788 divinus
2301 3733 2621 3803 Gregorius,
2649 3735 2966 3806 Theologus
2996 3739 3107 3805 ille,
3145 3743 3222 3795 ait
3263 3759 3276 3794 :
3309 3744 3439 3798 Elli-

1855 3823 2053 3886 cietur,
2082 3838 2260 3891 neque
2286 3839 2416 3878 vero
2441 3814 2729 3892 elliciet,et
2758 3827 3091 3899 simulatque
3115 3832 3308 3889 elIecta
3334 3845 3440 3901 est,

1851 3913 2088 3976 desinet,
2126 3924 2184 3968 ut
2211 3916 2376 3968 etiam
2412 3917 2583 3983 visus,
2617 3919 2710 3986 qui
2747 3921 2890 3974 inter
2935 3922 3114 3975 visum
3149 3933 3205 3978 et
3239 3926 3436 3981 viden-

1853 4015 1960 4058 tetn
1996 4004 2312 4068 intercedit,
2343 4016 2395 4059 et
2428 4009 2572 4060 inter
2601 4019 2911 4077 gustantem
2936 4021 2993 4066 et
3023 4024 3302 4083 gustatum
3338 4033 3440 4087 gu-

1851 4103 2046 4148 status.
2088 4095 2156 4148 Et
2189 4096 2411 4151 divinus
2442 4097 2742 4167 Gregorius
2792 4101 3070 4170 Nyssenus
3119 4104 3276 4170 dicit,
3326 4123 3437 4164 non

1853 4202 2011 4254 posse
2045 4186 2394 4242 ellicientiam
2428 4190 2589 4243 ullam
2626 4192 2701 4244 rei
2732 4192 3006 4249 ellicacem
3053 4198 3223 4266 ipsam
3267 4202 3321 4255 in
3370 4218 3430 4258 se

1849 4290 2122 4343 constare,
2155 4281 2255 4333 nisi
2305 4282 2436 4350 quid
2484 4283 2714 4351 recipiat
2763 4284 3055 4342 ellicientia
3103 4294 3430 4348 motionem.

1849 4367 1975 4423 Haec
2003 4370 2149 4423 enim
2185 4372 2385 4427 habere
2435 4375 2797 4430 necessariam
2843 4379 3112 4436 rationem
3159 4385 3303 4439 inter
3349 4401 3432 4448 se,

1849 4463 2083 4516 activam
2125 4473 2180 4517 et
2234 4467 2506 4532 passivam
2542 4465 2652 4519 vim
2689 4484 2702 4519 :
2739 4483 2974 4537 quorum
3022 4473 3068 4527 si
3111 4489 3436 4532 secernatur

154 4560 251 4611 καὶ
300 4557 407 4625 τὴν
450 4555 760 4626 παθητικὴν
805 4552 1182 4626 δύναμιν.⁷Ων
1225 4558 1274 4610 εἰ
1325 4560 1618 4629 χωρισθείη
1665 4562 1742 4630 τῷ
1781 4536 1819 4588 D

1781 4536 1819 4588 ί)
1852 4552 2060 4604 ratione
2092 4554 2346 4617 alterum,
2381 4570 2488 4607 non
2521 4557 2573 4608 in
2610 4572 2666 4610 se
2693 4569 2909 4614 constet
2931 4562 3096 4616 etiam
3129 4567 3431 4638 reliquum;

154 4649 307 4715 λόγῳ
341 4646 405 4697 τὸ
444 4645 665 4715 ἕτερον,
699 4644 800 4695 οὐκ
836 4645 902 4698 ἂν
935 4646 1018 4715 ἐφ’
1045 4645 1236 4698 ἑαυτοῦ
1279 4646 1511 4716 συσταίη
1553 4650 1646 4700 καὶ
1681 4649 1740 4699 τὸ

153 4729 491 4804 λειπόμενον
518 4750 530 4763 ·
563 4733 610 4784 ει
645 4733 720 4802 μὴ
750 4733 859 4801 γὰρ
888 4733 984 4785 καὶ
1011 4734 1072 4786 τὸ
1105 4733 1312 4802 πάσχον
1342 4735 1425 4804 εἴη
1449 4777 1463 4797 ,
1497 4735 1558 4787 τὸ
1590 4739 1741 4807 ἐνερ-

155 4830 296 4898 γοῦν
327 4829 430 4880 οὑκ
465 4826 637 4879 ἔσται.
681 4827 960 4896 Ἐνέργεια
993 4826 1208 4894 λέγεται
1243 4828 1336 4880 καὶ
1371 4830 1404 4897 ἡ
1439 4830 1574 4898 πρὸς
1608 4848 1746 4899 φαν.

154 4923 364 4972 τασξαν
389 4917 1071 4988 ἁντιδιῃρημένη-ἀλὴοεια
1099 4919 1239 4970 κατὰ
1260 4923 1350 4971 τὸν
1375 4920 1515 4972 θεῖον
1543 4921 1745 4990 Κύριλ-

153 5015 276 5073 λον,
293 5012 374 5074 ὡς
392 5010 666 5079 ἐνῴκησεν
681 5011 709 5062 ὁ
727 5008 863 5071 θεῖος
883 5009 1052 5076 Λόγος
1070 5012 1126 5061 ἐν
1143 5014 1205 5080 τῇ
1227 5012 1484 5081 πανάγνῳ
1499 5012 1746 5082 osorem?

156 5107 224 5157 οὐ
257 5104 520 5171 δοκήσει,
556 5102 669 5153 ἀλλ’
695 5100 946 5172 ἐνεργείᾳ
976 5101 1150 5153 εἶτουν
1181 5102 1432 5172 ἀληθείᾳ.
1468 5103 1747 5172 Ἐνέργεια

157 5198 389 5262 λέγεται
419 5194 562 5246 κατὰ
587 5192 680 5245 τὸν
706 5177 847 5247 θεῖον
873 5195 935 5245 ἐκ
964 5193 1260 5261 Δαμασκοῦ
1285 5195 1542 5263 Ἰωάννην
1570 5197 1662 5247 καὶ
1687 5195 1747 5246 τὸ

158 5289 392 5358 πρῶτον
426 5289 484 5339 ἐν
519 5287 646 5354 ἡμῖν
687 5287 1077 5354 συνιστάμενον
1110 5286 1320 5354 νόημα,
1355 5287 1447 5338 καὶ
1482 5286 1561 5338 ἔτι
1595 5289 1626 5357 ή
1661 5287 1747 5339 διὰ

157 5379 418 5447 γῖώττης
452 5377 560 5428 τῶν
593 5377 894 5444 νοουμένων
931 5377 1260 5446 φανέρωσις.
1298 5376 1537 5444 Σὺνηθες
1571 5378 1613 5429 δ’
1645 5379 1746 5440 ἔτι,

161 5471 328 5538 φησι,
358 5469 456 5519 καὶ
482 5471 550 5538 τῇ
581 5468 701 5538 θείᾳ
732 5467 919 5536 Γραφῇ
947 5467 1042 5520 καὶ
1071 5467 1170 5536 τὴν
1200 5465 1293 5519 τοῦ
1323 5466 1458 5518 Θεοῦ
1492 5467 1751 5537 παραχώ-

163 5578 333 5632 ρησιν
358 5560 536 5623 λέγειν
563 5559 862 5628 ἐνέργειαν.
891 5557 1122 5626 Λέγεται
1149 5561 1238 5610 xz‘t
1268 5557 1476 5625 πλάνης
1503 5558 1752 5627 ἐνέργεια

159 5654 361 5718 ὥσπερ
393 5652 486 5704 καὶ
514 5649 801 5720 δαιμόνων,
834 5652 975 5704 καθὰ
1010 5651 1106 5703 καὶ
1135 5653 1161 5703 ὁ
1193 5651 1334 5711 Οείος
1367 5649 1752 5718 Χρυσὸστομος

162 5748 224 5797 ὲν
253 5747 370 5806 τοῖς
405 5745 536 5812 περὶ
565 5744 951 5813 ὰκαταλήπτου
981 5744 1158 5812 λόγοις
1191 5744 1332 5811 ὑπὲρ
1360 5745 1468 5795 τὼν
1499 5745 1752 5812 ἐνεργου-

165 5838 350 5906 μένων
378 5834 631 5906 εὔχεσθαι
673 5839 961 5906 παραινεῖ,
993 5837 1102 5890 τῶν
1130 5834 1510 5904 ὃαεμονὼντων
1540 5834 1740 5904 δηλαδὴ

1846 4641 2046 4695 ctenim
2077 4643 2120 4696 si
2159 4660 2266 4697 non
2299 4645 2368 4698 sit
2403 4646 2566 4698 etiam
2605 4664 2692 4702 res
2731 4649 2967 4716 patiens,
3004 4655 3167 4724 298
3200 4675 3284 4713 res
3314 4661 3430 4714 elli-

1847 4737 2000 4789 ciens
2027 4753 2134 4789 non
2168 4738 2292 4791 erit.
2335 4738 2634 4793 Etl‘tcieutia
2666 4742 2869 4797 dicitur
2903 4748 3067 4800 etiam
3109 4752 3302 4805 visioui
3335 4771 3434 4823 op"

1847 4829 2020 4896 posita
2050 4830 2247 4884 veritas
2276 4831 2576 4884 scetntdum
2603 4833 2849 4888 divinum
2878 4836 3164 4907 Cyrillum,
3197 4856 3255 4898 ut
3287 4863 3408 4900 ver-

1848 4930 1961 4974 sata
1994 4929 2076 4974 est
2129 4923 2268 4975 ratio
2310 4923 2495 4976 divina
2552 4926 2605 4977 iu
2655 4930 3002 4984 sanctissima
3057 4931 3277 5004 Virgine
3335 4940 3432 4993 Dei

1848 5008 2018 5064 Matre
2040 5052 2052 5074 ,
2084 5027 2190 5064 non
2225 5014 2426 5080 specie,
2447 5015 2539 5067 sed
2566 5015 2854 5073 eﬂicietttia
2886 5023 3001 5077 sive
3034 5027 3284 5082 veritate.
3319 5031 3433 5085 Elii.

1851 5102 2051 5155 cientia
2083 5102 2287 5156 dicitur
2318 5106 2622 5160 secundum
2652 5109 2900 5164 divinum
2928 5113 3198 5170 Joannem
3239 5118 3434 5174 Dama-

1853 5207 2080 5247 scenum
2117 5195 2282 5248 etiam
2319 5197 2492 5264 prima
2542 5200 2597 5252 iu
2643 5202 2804 5256 nobis
2855 5213 3115 5261 constans
3144 5211 3429 5280 c0gitatio,

1850 5292 1907 5337 et
1936 5298 2100 5352 porro
2134 5287 2407 5352 expositio
2466 5291 2832 5358 cogitatorum
2885 5311 3006 5365 quat
3040 5299 3221 5369 lingua
3261 5302 3430 5358 cilici-

1855 5386 1964 5431 tur.
1988 5377 2347 5434 Consuetudo
2381 5397 2568 5450 porro,
2616 5388 2816 5454 inquit,
2855 5393 3018 5442 etiam
3053 5392 3254 5448 divina:
3279 5395 3432 5450 Scri-

1855 5478 2047 5538 ptura},
2081 5471 2248 5524 etiam
2289 5471 2378 5526 Dei
2411 5474 2801 5544 indulgentiam
2839 5481 3022 5535 dicere
3056 5482 3428 5540 ellieientiam.

1853 5561 2062 5615 Dicitur
2089 5563 2252 5616 etiam
2277 5567 2483 5619 erroris
2503 5565 2794 5623 ellicientia
2818 5581 2877 5624 ut
2902 5573 3069 5626 etiam
3091 5577 3426 5642 daatrtonum;

1859 5664 1916 5707 ut
1931 5655 2093 5707 etiam
2114 5656 2332 5710 divinus
2351 5657 2771 5728 Chrysostomus
2798 5662 2851 5715 in
2878 5663 2944 5717 iis
2973 5681 3108 5732 quas
3129 5667 3196 5720 de
3219 5670 3430 5722 incom-

1856 5746 2147 5812 prchensis
2179 5748 2398 5816 scripsit
2430 5745 2773 5805 orationibus
2800 5762 2856 5807 ut
2899 5772 2997 5823 pro
3045 5764 3435 5828 euergumcuis

1854 5852 2078 5891 oremus
2100 5838 2368 5903 hortatur,
2384 5840 2730 5896 dementihus
2749 5845 3004 5900 nimirum
3025 5859 3075 5902 et
3101 5850 3432 5908 furentibus.
