4264 6362
187 406 294 469 255

1180 388 1616 451 DYZANTINJE
1658 383 2036 447 HISTORL’E
2063 384 2208 443 LIB.
2234 381 2413 443 XXX.

3326 368 3433 435 268

188 519 537 589 λιμπάνοντα
608 515 701 568 καὶ
770 510 957 578 ἀσαφῆ
1014 506 1110 560 καὶ
1162 506 1609 571 ἀνεπεξέργαστα
1665 501 1760 553 καὶ
1790 508 1872 562 At

1744 502 1760 553 ι
1790 508 1832 562 Α
1861 509 2010 561 ευηι.
2030 508 2085 553 ει
2115 498 2342 552 obseura
2372 502 2430 551 et
2461 491 2732 549 inexeulta
2750 499 2803 546 et
2829 488 3155 546 testimoniis
3171 476 3428 543 carentia.

189 612 513 679 ἀμάρτυρα.
535 607 726 672 Ὅμως
770 601 944 670 μικρά
970 599 1064 651 καὶ
1098 596 1229 664 περὶ
1261 595 1369 647 τῶν
1401 593 1497 645 νῦν
1532 610 1617 645 σοι
1678 594 1762 645 λε-

193 701 441 773 χθέντων
501 693 875 764 φθεγξάμενος
943 684 1353 752 ἀπαλλάξομαι.
1392 684 1455 735 Εἰ
1503 682 1635 736 ἄλλο
1704 681 1765 733 τὸ

191 772 312 861 ελον
365 792 463 842 καὶ
512 788 639 841 ἄλλο
685 785 747 836 τδ
789 782 1049 851 ἐχόμενον
1107 778 1203 829 καὶ
1254 775 1548 843 διάφορον,
1579 774 1673 827 καὶ
1705 772 1767 823 τὸ

195 886 293 953 μὲν
319 883 449 949 ἕχον
488 880 668 938 οὖσία,
704 877 766 926 τὸ
802 875 861 926 δὲ
892 870 1154 940 ἐχόμενον
1186 866 1287 920 οὑκ
1324 866 1479 918 οὐσία
1514 864 1657 917 κατά
1683 864 1765 928 σὲ,

192 951 459 1028 avo-351w
514 967 625 1037 ἄρα
679 964 743 1017 τὸ
790 964 1069 1033 ἐχόμενον.
1112 957 1223 1011 Καὶ
1268 958 1316 1008 εἱ
1349 956 1381 1023 ἠ
1412 953 1570 1037 ούσία
1599 951 1767 1015 Θεὸς,

190 1067 249 1117 τὸ
294 1036 564 1115 ἀνούσιον
606 1056 715 1124 ἄρα
749 1054 811 1106 οὐ
850 1053 1004 1115 θεὸς,
1040 1051 1074 1119 ή
1105 1048 1356 1117 ἐνέργεια
1398 1036 1621 1111 δηλαδή.
1660 1041 1770 1094 Καὶ

195 1153 419 1207 σύνεστι
448 1149 637 1203 λοιπὸν
668 1146 727 1211 ἐξ
759 1144 932 1197 ἀϊδίου
967 1144 1034 1211 τῇ
1062 1139 1184 1207 θεία
1228 1136 1325 1189 καὶ
1349 1135 1591 1201 ἀκτίστῳ
1613 1131 1772 1201 οὐσία

198 1251 230 1317 ἡ
262 1246 525 1304 ἀνούσιος
554 1240 694 1309 αὕτη
745 1238 839 1291 καὶ
871 1236 1126 1303 διάφορος
1174 1231 1446 1297 ινέργεια.
1502 1227 1611 1317 Kal
1654 1223 1771 1292 ἅμα

194 1315 321 1396 δυὰς
356 1336 393 1402 ἡ
430 1331 649 1384 πάντων
697 1326 841 1398 ἀρχή
881 1341 965 1376 σοι
1013 1321 1251 1389 γίνεται,
1283 1320 1345 1370 τὸ
1386 1315 1770 1387 ¹ἀτοπώτατον,

201 1426 406 1491 ἑαυτῆς
464 1422 803 1489 διαφέρουσα
859 1416 954 1468 καὶ
1014 1410 1201 1471 atauo;
1254 1409 1416 1475 ἑαυτῇ
1468 1406 1772 1485 μαχομένη.

208 1517 351 1569 Ἀλλ’
399 1519 427 1566 ὁ
464 1515 603 1573 θεῖος
634 1510 907 1577 Μάξιμος,
945 1524 963 1554 ι
1002 1504 1076 1557 Οὐ
1127 1497 1549 1569 συνθεωρεῖσϐαι
1579 1495 1612 1564 ἢ
1646 1511 1774 1546 συν-

200 1603 628 1672 επιθειιιρεῖοθαι
677 1597 899 1651 δύναται
945 1613 1018 1658 τι,
1066 1591 1219 1661 φησι,
1274 1591 1354 1659 τῷ
1388 1588 1508 1656 Θεῷ
1536 1587 1656 1639 κατ’
1686 1587 1778 1637 οὑ-

204 1698 324 1749 σίαν
358 1696 623 1761 διάφορον
659 1691 715 1755 ἐξ
764 1688 959 1749 ἀϊδίου,
989 1686 1089 1737 οὐκ
1117 1680 1275 1742 αἰὼν,
1308 1682 1370 1732 ού
1415 1680 1627 1747 χρόνος,
1658 1677 1776 1728 οὐδέ

201 1807 249 1838 τι
279 1788 393 1838 τῶν
428 1785 637 1843 τούτοις
664 1777 1116 1845 ὲνδιαιτωμένων·
1150 1775 1209 1827 ού
1239 1774 1348 1843 γὰρ
1382 1771 1778 1840 συμϐαίνουσιν

201 1878 457 1945 ἀλλήλοις
492 1873 709 1926 πώποτε
745 1871 804 1922 τὸ
839 1868 1043 1938 κυρεως
1078 1861 1220 1918 εἶναι
1264 1867 1357 1917 καὶ
1390 1865 1452 1916 οὐ
1487 1864 1709 1930 κυρίως.
1753 1878 1772 1911 ι

204 1972 311 2023 Καὶ
352 1969 452 2019 παὶ
467 1984 517 2018 ιν
563 1965 793 2031 ἄπειρον
841 1956 981 2011 εἶναι
1009 1957 1176 2011 δυάδα
1208 1955 1456 2025 οὐδαμῶς
1484 1954 1780 2022 ἐνδέχεται·

204 2064 257 2113 αἱ
292 2061 407 2128 γὰρ
442 2057 563 2109 κατ’
609 2055 779 2123 αὐτὴν
833 2052 1061 2121 μονάδες
1120 2047 1379 2116 ἀλλήλαις
1436 2046 1576 2098 κατά
1605 2043 1782 2111 παρά-

206 2154 358 2205 θεσιν
389 2147 839 2215 συνυπάρχουσαι
866 2142 1102 2210 ἀλλήλας
1127 2139 1421 2209 ὁρίζουσιν,
1447 2138 1495 2187 εὶ
1516 2135 1571 2187 δὲ
1597 2133 1778 2196 τοῦτο,

206 2242 314 2295 οὐδ’
353 2241 624 2307 ἄναρχον·
661 2234 803 2304 ἀρχὴ
832 2233 939 2301 γάρ
971 2234 1149 2299 πάσης
1188 2227 1377 2289 δυάδος
1411 2226 1594 2293 μονάς.
1634 2225 1695 2276 Ei
1723 2223 1780 2275 δὲ

209 2334 283 2403 μὴ
312 2332 580 2401 ἄναρχον,
605 2327 713 2381 οὐδ’
739 2326 1017 2394 ἀκίνητον
1054 2323 1290 2374 κινεῖται
1323 2318 1432 2389 γὰρ
1455 2318 1532 2386 τῷ
1561 2314 1782 2386 ἀριθμῷ

206 2427 270 2477 ὲκ
318 2422 571 2492 μονάδων
635 2416 759 2469 καθ’
817 2415 1036 2476 ἓνωαιν,
1097 2410 1158 2463 τὸ
1203 2409 1260 2461 δὲ
1319 2406 1637 2476 κινούμενον
1680 2403 1781 2456 οὐκ

212 2516 385 2584 ἀρχὴ,
418 2510 537 2565 ἀλλ’
570 2509 631 2573 ἐξ
659 2507 856 2575 ἀρχῆς,
884 2504 1085 2573 δηλαδὴ
1118 2501 1212 2553 τοῦ
1257 2500 1557 2560 κινοῦντος.
1597 2496 1783 2558 Μονὰς

210 2607 265 2659 δὲ
299 2607 445 2672 μόνη
498 2602 703 2668 κυρίως
748 2597 1025 2663 ἀκίνητος.
1079 2590 1502 2657 [Ιεπερασμέναι
1543 2604 1625 2639 σοι
1674 2587 1783 2651 ἄρα

210 2700 303 2751 καὶ
336 2696 435 2747 ὑπ’
472 2693 646 2762 ἀρχὴν
689 2690 745 2742 αἱ
777 2688 1053 2755 θεότητες,
1086 2683 1366 2750 ἀνθρωπεο
1399 2683 1494 2733 καὶ
1521 2683 1568 2732 εἰ
1601 2679 1782 2739 τοῦτο,

210 2788 553 2854 διαστήμασι
597 2780 840 2840 τοπικοῖς
867 2794 929 2830 τε
965 2778 1063 2828 καὶ
1109 2775 1382 2843 χρονικοῖς
1427 2771 1782 2824 δεδουλεύκα-

214 2898 324 2933 σιν.
352 2878 666 2943 Κτίσμασιν
696 2873 805 2939 ἄρα
832 2867 1112 2937 λατρεύων
1142 2865 1303 2927 αὐτὸς
1328 2864 1628 2930 natlem.
1662 2864 1784 2916 Ἔτι

211 2973 258 3023 εἰ
290 2970 438 3020 κατά
476 2967 536 3017 σε
568 2965 755 3031 ἕτερον
794 2960 962 3012 οὐσία
991 2959 1086 3009 καὶ
1116 2957 1306 3023 ἓτερον
1335 2954 1468 3017 Θεὸς
1508 2956 1536 3005 ὁ
1566 2955 1664 3021 τὴν
1693 2953 1784 3004 οὑ-

215 3063 340 3115 εἰαν
370 3060 509 3126 ἔχων
552 3054 644 3107 καὶ
692 3054 948 3119 διάφορος
978 3048 1076 3117 τῆς
1124 3048 1334 3109 οἰκείας
1387 3045 1597 3106 οὐσίας,
1638 3044 1787 3097 ἐστιν

1866 592 2072 646 Tamen
2105 603 2275 660 pauca
2294 591 2457 642 etiam
2483 586 2551 641 de
2579 586 2667 646 iis.
2690 598 2811 654 qua:
2842 599 2987 637 nunc
3017 598 3045 636 a
3093 593 3145 635 te
3198 582 3433 636 dicenda

1869 692 2016 748 sunt,
2052 683 2272 737 loculus
2302 679 2599 734 discedam.
2643 676 2700 730 Si
2737 674 2886 729 aliud
2916 684 3000 728 est
3043 672 3189 742 quod
3225 672 3432 735 habet,

1870 772 2016 828 aliud
2057 772 2206 841 quod
2239 770 2473 825 habetur
2502 778 2558 823 et
2598 768 2895 830 diversum,
2929 778 2992 818 ac
3019 764 3061 816 si
3094 764 3239 831 quod
3270 761 3436 836 habet

1871 871 1955 918 est
1984 864 2221 917 essentia
2247 901 2261 924 ,
2293 860 2438 929 quod
2469 870 2649 914 autem
2684 858 2913 911 habetur
2947 870 3056 908 non
3088 861 3174 906 est
3199 853 3435 905 essentia

1870 952 2171 1006 secundum
2224 951 2381 1021 301
2422 959 2494 1012 te,
2528 948 2786 1002 essentia:
2819 956 2899 1000 est
2929 959 3123 1013 expers
3156 942 3300 1011 quod
3335 941 3436 992 lia-

1870 1044 2063 1106 betur;
2102 1056 2164 1096 ac
2211 1043 2257 1094 si
2301 1040 2538 1094 essentia
2564 1046 2649 1092 est
2681 1038 2844 1098 Deus,
2887 1034 2938 1088 id
2974 1034 3136 1103 igitur
3168 1030 3313 1101 quod
3352 1045 3439 1082 cs-

1872 1137 2047 1189 sentia
2080 1142 2232 1187 caret
2266 1148 2373 1186 non
2414 1141 2499 1186 est
2545 1130 2712 1194 Deus,
2747 1128 3036 1181 efﬁcientia
3068 1125 3348 1183 nimirum,
3384 1132 3441 1173 et.

1872 1226 2165 1295 conjuncta
2211 1232 2295 1277 est
2338 1224 2448 1293 jam
2499 1235 2714 1289 semper
2743 1229 2799 1273 et
2842 1232 2905 1269 ex
2946 1215 3093 1268 omni
3135 1216 3439 1267 aeternitate

1874 1316 2071 1370 divinae
2103 1314 2165 1369 et'
2192 1314 2446 1367 increatze
2470 1312 2721 1367 essentia:
2761 1310 2876 1363 Inec
2900 1305 3136 1361 essentia
3166 1319 3358 1358 carens
3384 1314 3443 1357 et

1875 1408 2091 1463 diversa
2143 1404 2466 1467 eﬂicientia,
2526 1403 2795 1470 simulque
2837 1399 3163 1469 principium
3196 1398 3439 1451 omnium

1879 1500 1972 1554 tibi
2018 1498 2203 1552 evadit
2233 1497 2366 1567 dyas
2398 1494 2737 1564 ineptissima
2768 1509 2796 1545 a
2828 1507 2886 1544 se
2932 1493 3050 1559 ipsa
3086 1490 3346 1544 ditiorens
3373 1501 3429 1543 et

1878 1604 2092 1659 semper
2113 1603 2298 1642 secum
2324 1602 2595 1656 pugnans.
2620 1585 2725 1639 Sed
2753 1584 3017 1637 Maximus
3044 1583 3441 1642 tlivinus,cNo:i

1880 1688 2078 1748 potest,
2140 1678 2339 1744 inquit.
2393 1676 2684 1744 cogitando
2715 1676 2834 1729 dari
2882 1686 2977 1729 aut
3014 1672 3239 1728 attribui
3279 1672 3440 1739 quid-

1881 1784 2043 1837 quam
2077 1769 2207 1829 Deo,
2249 1767 2391 1835 quod
2425 1769 2496 1820 sit
2530 1766 2599 1819 ab
2630 1769 2747 1835 ejus
2775 1767 3008 1821 essentia
3041 1765 3344 1825 diversum,
3377 1778 3443 1815 ex

1883 1860 2032 1912 omni
2081 1858 2409 1919 aeternitate,
2433 1872 2542 1910 non
2578 1872 2750 1909 aevum
2778 1896 2790 1916 ,
2826 1870 2935 1908 non
2978 1865 3219 1923 tempus.
3269 1866 3446 1920 neque

1884 1949 2181 2017 quidquam
2230 1963 2419 2001 eorum
2472 1962 2592 2013 qua:
2651 1948 2704 1999 in
2760 1947 2841 1999 his
2893 1954 3213 2008 versantur;
3271 1958 3447 2009 neque

1887 2040 2032 2092 enim
2084 2038 2571 2092 accommodantur
2621 2037 2723 2090 sibi
2798 2037 3030 2090 invicem
3102 2050 3340 2102 unquam
3393 2033 3443 2083 id

1885 2132 2031 2200 quod
2060 2131 2276 2199 proprie
2311 2130 2513 2198 aliquid
2536 2139 2619 2183 est
2645 2139 2698 2183 et
2727 2129 2873 2198 quod
2912 2145 3019 2181 non
3048 2130 3286 2196 proprie.
3331 2148 3348 2177 ι
3383 2127 3449 2179 Et

1887 2240 2076 2278 rursus
2111 2224 2321 2277 inﬁnita
2348 2237 2469 2276 esse
2493 2224 2625 2290 dyas
2655 2222 2804 2274 nullo
2837 2219 2998 2273 modo
3024 2228 3235 2287 potest;
3262 2235 3450 2270 mona-

1886 2319 1985 2369 des
2018 2314 2165 2369 enim
2203 2314 2255 2366 in
2281 2329 2346 2366 ea
2377 2328 2443 2365 ex
2473 2312 2881 2379 comparatione
2924 2308 3239 2377 Composita:
3275 2321 3333 2361 se
3367 2309 3451 2359 in-

1886 2407 2063 2459 vicem
2098 2404 2407 2458 deﬁniunt:
2440 2403 2524 2459 sin
2560 2412 2741 2456 autem
2788 2402 2889 2454 hoc
2936 2410 3037 2459 est.
3088 2414 3195 2453 non
3242 2408 3325 2453 est
3363 2399 3448 2450 illa

1889 2496 2140 2568 principii
2166 2511 2399 2566 expers;
2427 2496 2755 2564 principium
2779 2493 2925 2546 enim
2947 2490 3137 2560 dyadis
3166 2489 3345 2543 omnis
3371 2502 3454 2543 est

1889 2602 2099 2641 monas.
2135 2587 2342 2653 Quodsi
2372 2586 2461 2639 illa
2493 2600 2603 2638 non
2633 2592 2716 2638 est
2742 2582 2990 2652 principii
3017 2597 3232 2650 expers.
3260 2582 3449 2634 eadem

1892 2686 2102 2733 nonest
2137 2675 2647 2730 immota.Movetur
2673 2673 2817 2727 enim
2849 2686 3079 2725 numero
3104 2686 3168 2725 ex
3201 2672 3455 2724 monadiu

1889 2773 1988 2826 bus
2018 2769 2318 2826 secundum
2335 2767 2812 2830 consociationem;
2837 2765 2979 2834 quod
3002 2774 3181 2817 autem
3205 2766 3455 2817 movetur

1886 2878 1994 2917 non
2020 2871 2104 2917 est.
2132 2860 2461 2930 principium
2493 2899 2508 2923 ,
2556 2857 2651 2913 sed
2692 2866 2941 2910 movetur
2968 2871 3033 2909 ex
3065 2856 3333 2924 principio
3367 2855 3456 2907 ni»

1892 2956 2092 3009 mirum
2124 2962 2396 3006 movente.
2429 2951 2615 3005 Menas
2645 2958 2826 3002 autem
2857 2948 2969 3002 sola
3001 2948 3221 3018 proprie
3243 2955 3327 3002 est
3360 2947 3457 2999 im-

1893 3053 2060 3099 mota.
2091 3041 2360 3112 Subiecta:
2394 3041 2560 3109 igitur
2583 3040 2679 3093 tibi
2715 3048 2844 3092 sunt
2874 3081 2888 3103 ,
2921 3040 3114 3102 amice,
3153 3040 3317 3092 etiam
3351 3038 3455 3092 sub

217 3153 330 3220 ἄρα
360 3150 495 3209 Θεῆς
532 3144 780 3203 ἀνούσιος
812 3141 907 3193 καλ¹
935 3138 1091 3191 οὐσία
1136 3136 1270 3188 Θεοῦ
1313 3135 1490 3196 ἄθεος.
1519 3135 1656 3198 Φησὶ
1682 3132 1790 3203 γὰρ
1814 3154 1859 3213 C
1893 3153 1901 3206 ι

1771 3150 1790 3183 9
1814 3154 1859 3213 ρ
1893 3135 2231 3206 principium
2263 3132 2627 3195 divinitatcs;
2666 3131 2861 3198 quodsi
2912 3132 3015 3183 hoc
3052 3139 3159 3194 est,
3182 3132 3455 3184 mensuris

216 3245 312 3293 καὶ
356 3244 384 3292 ὁ
429 3236 727 3291 Νυπσαέων
758 3231 1084 3300 Γρηγόριος.
1122 3247 1140 3280 ι
1177 3229 1239 3280 Εἰ
1275 3227 1336 3279 τὸ
1387 3226 1592 3293 ἀγαθὸν
1617 3223 1699 3286 δν,
1731 3224 1793 3277 τὸ

216 3332 465 3399 πονηρὸν
518 3330 616 3380 οὐκ
662 3328 739 3379 δνο
772 3330 821 3378 εἰ
871 3325 927 3376 δὲ
977 3324 1038 3372 τὸ
1078 3320 1314 3389 πονηρὸν
1353 3316 1431 3382 ὃν,
1488 3317 1548 3369 τὸ
1586 3316 1792 3384 ἀγαθὸν

215 3429 318 3479 ούκ
349 3425 432 3487 ὃν,
462 3423 604 3474 κατά
643 3420 735 3471 τὸν
791 3419 903 3469 τῶν
956 3417 1181 3485 ἀμέσων
1240 3411 1501 3464 ἐναντίων
1548 3410 1725 3477 λόγον.
1766 3426 1785 3459 ι

219 3518 387 3569 Ὠστε
426 3512 714 3565 πολυθεῖαν
745 3507 1148 3575 ἀγωνιζόμενος
1202 3520 1388 3555 συνιετ
1402 3504 1463 3571 sfw
1498 3501 1670 3562 ἑάλως
1700 3500 1795 3551 καὶ

218 3608 417 3660 ἀθεϊαν
443 3604 637 3665 νοσῶν,
668 3603 736 3654 τὰ
765 3604 828 3652 ὲκ
866 3600 1167 3667 διαμέτρου
1195 3594 1362 3649 κακά·
1395 3594 1490 3645 καὶ
1536 3595 1796 3644 πέπτωκε

219 3700 305 3752 διὰ
345 3695 597 3765 βραχέων
631 3693 698 3745 τὰ
724 3691 832 3744 τῶν
868 3690 978 3741 σῶν
1027 3687 1380 3756 ἀκροπόλεων
1437 3683 1793 3753 ὀχυρώματα,

222 3790 310 3855 ἐρ’
346 3780 426 3844 οἷς
486 3782 819 3841 ὲπεποίϐεις.
857 3781 979 3832 Ἔτι
1026 3780 1135 3847 μὴν
1177 3777 1474 3845 ἐπειδήπερ
1517 3774 1645 3826 ἄλλο
1691 3772 1796 3843 φῂς

223 3877 473 3933 εἶναιτὸ
519 3877 662 3943 ἕχον,
711 3873 838 3926 ἄλλο
894 3871 951 3923 δὲ
1012 3874 1073 3922 τὸ
1134 3870 1291 3921 ἑκτὸν
1356 3871 1450 3919 καὶ
1513 3868 1792 3935 διάφορον,

226 3972 400 4038 φαίης
452 3969 517 4019 ἂν
557 3967 655 4016 καὶ
702 3963 830 4015 ἄλλο
861 3961 961 4030 μὲν
990 3961 1047 4024 ἐξ
1082 3960 1326 4027 ἀνάγκης
1354 3952 1495 4009 εἶναι
1522 3957 1614 4006 τὸν
1639 3956 1795 4015 Θεὸν,

221 4060 357 4112 ἄλλο
390 4057 449 4109 δὲ
480 4056 577 4123 τὴν
605 4053 842 4121 ὓπαρξιν
870 4051 1057 4102 αὑτοῦ·
1087 4050 1306 4115 λέγεται
1352 4050 1457 4115 γὰρ
1489 4048 1515 4097 ὁ
1539 4046 1671 4106 Θεὸς
1703 4045 1799 4098 καὶ

223 4149 415 4201 οὐσίαν
446 4147 507 4217 [1⁸.
550 4144 646 4198 HQ
687 4144 762 4215 v.]
802 4143 947 4211 ἔχειν
994 4143 1089 4193 καὶ
1140 4139 1393 4209 ὓπαρξιν.
1445 4140 1637 4191 Ἔσται
1690 4138 1798 4207 ἄρα

225 4242 371 4292 κατὰ
404 4240 461 4289 σὲ
497 4238 627 4297 Θεὸς
657 4236 1004 4303 ἀνύπαρκτος
1048 4232 1142 4284 καὶ
1180 4228 1418 4299 ’ὑπαρξις
1451 4230 1585 4280 θεολ
1617 4228 1796 4288 ἄθεος.

230 4334 343 4383 Καὶ
376 4330 507 4397 περὶ
541 4328 635 4396 τῆς
679 4326 959 4395 ἐνεργείας
984 4324 1029 4376 δ’
1052 4323 1270 4391 ὁμοίως
1288 4320 1505 4372 Λεκτέον
1538 4320 1632 4371 καὶ
1658 4321 1798 4386 ἐρωο

221 4422 418 4490 τητέον
447 4460 463 4482 ,
516 4421 562 4471 εἰ
601 4421 635 4488 ἡ
686 4416 937 4485 ἐνέργεια
991 4413 1106 4483 ἔχει
1156 4412 1444 4483 ’ἐνέργειαν
1482 4410 1666 4478 ἀλλην.
1736 4408 1797 4460 Εἰ

1894 3227 2136 3279 locorum
2172 3234 2227 3277 et
2260 3234 2569 3292 temporum
2603 3223 2940 3287 inserviunt;
2968 3233 3150 3276 creata
3174 3223 3337 3291 igitur
3364 3238 3458 3274 co-

1894 3313 1962 3365 lis
1996 3314 2242 3380 ignarus.
2278 3312 2394 3365 Jatn
2450 3326 2579 3364 vero
2611 3312 2656 3365 si
2704 3326 2769 3365 ex
2830 3322 2920 3367 tua
2984 3313 3251 3367 sententia
3313 3313 3454 3365 almd

1892 3401 2428 3465 estessentia,altud
2464 3402 2607 3455 Deus
2633 3401 2726 3471 qui
2756 3402 3046 3455 essentiam
3077 3403 3260 3467 Italici;
3293 3412 3346 3455 et
3377 3403 3458 3454 di-

1897 3511 2086 3550 versus
2110 3507 2195 3563 est
2222 3511 2251 3549 a
2279 3512 2375 3550 sua
2402 3496 2574 3565 ipsius
2605 3497 2865 3558 essentia,
2894 3504 2977 3550 est
3006 3494 3167 3563 igitur
3196 3496 3333 3547 Deus
3372 3496 3424 3545 in
3447 3520 3459 3530 -

1895 3586 2206 3641 essentialis
2222 3588 2382 3657 303
2403 3599 2459 3642 et
2486 3588 2721 3642 essentia
2749 3587 2840 3639 Dei
2865 3586 3150 3640 divinitate
3174 3586 3455 3638 destituta.

1895 3679 1985 3733 Ait
2014 3681 2159 3733 enim
2189 3681 2353 3733 etiam
2378 3680 2671 3746 Gregorius
2697 3680 2973 3749 Nyssenus
2993 3680 3104 3732 :«Si
3136 3680 3337 3731 bonum
3353 3688 3456 3733 est.

1899 3782 2124 3835 pravum
2160 3782 2269 3820 non
2318 3778 2436 3831 est;
2474 3769 2554 3821 sin
2584 3778 2765 3822 autem
2816 3783 3043 3836 pravum
3084 3776 3168 3822 est
3194 3808 3208 3831 ,
3257 3769 3457 3820 bonum

1898 3873 2006 3913 non
2043 3869 2148 3922 est,
2181 3861 2485 3914 secundum
2533 3876 2651 3913 eam
2685 3862 2974 3922 rationem,
3006 3860 3150 3929 quod
3184 3860 3460 3913 contraria

1897 3951 2150 4019 componi
2195 3965 2301 4003 non
2335 3960 2585 4018 possunt.
2636 3967 2655 4001 ι
2690 3952 2877 4020 Itaque
2917 3966 3039 4004 cum
3074 3951 3273 4004 multos
3331 3953 3461 4003 deos

1896 4054 2227 4108 componere
2253 4040 2656 4102 contenderes.
2689 4039 3070 4110 deprehensus
3102 4054 3161 4091 es
3194 4040 3357 4092 etiam
3394 4054 3459 4091 ex

1898 4130 2191 4200 negatione
2221 4130 2385 4184 unius
2431 4130 2521 4183 Dei
2560 4140 2850 4199 aegrotans,
2886 4144 3007 4199 quae
3054 4138 3181 4182 sunt
3228 4131 3462 4182 maxime

1899 4221 2146 4291 opposita
2184 4222 2346 4285 mala,
2387 4230 2443 4275 et
2475 4221 2833 4275 conciderunt
2860 4222 3042 4290 parvis
3087 4219 3295 4274 arcium
3343 4231 3459 4273 tua-

1902 4326 2022 4365 rum
2054 4310 2275 4364 castella
2306 4320 2362 4364 et
2391 4312 2756 4375 munitiones,
2787 4313 2991 4380 quibus
3032 4312 3270 4365 conﬁsus
3317 4326 3459 4363 eras.
3510 4330 3515 4340 -

1900 4402 2107 4457 Deinde
2133 4412 2315 4455 autem
2333 4402 2591 4470 quoniam
2616 4401 2763 4455 aliud
2796 4403 2934 4456 dicis
2956 4415 3076 4456 esse
3096 4401 3239 4468 quod
3274 4401 3459 4460 habet.

224 4480 336 4580 γάρ
373 4480 511 4579 ἔχει,
558 4480 651 4562 δύο
693 4480 832 4577 ἄρα’-
884 4503 979 4558 καὶ
1021 4480 1074 4557 ’ἐξ
1131 4480 1511 4570 δύοξδιάφορα
1546 4502 1793 4559 πάντωςο
1830 4480 1908 4545 D:

1778 4514 1793 4529 ο
1830 4480 1874 4533 ι)
1899 4492 2046 4546 aliud
2085 4492 2232 4561 quod
2268 4491 2503 4545 habetur
2547 4500 2600 4544 et
2650 4492 2930 4546 diversum
2960 4530 2974 4555 ,
3030 4491 3261 4544 fortasse
3311 4490 3461 4544 dices

224 4603 360 4656 ἄλλο
407 4600 519 4668 τάρ
550 4600 659 4651 δεῖν
693 4595 835 4650 εἶναι
889 4595 1027 4663 ἔφης
1082 4593 1177 4645 τοῦ
1234 4591 1494 4660 ἐχομένου
1544 4589 1605 4640 τὸ
1650 4588 1795 4655 ἔχον.

226 4698 341 4748 Καὶ
370 4691 581 4759 γίνεταί
610 4707 693 4748 τις
718 4690 1129 4755 τερατόμορφος
1160 4681 1626 4749 ὲνεργοενέργεια.
1660 4677 1720 4729 Εἰ
1742 4676 1799 4729 δὲ

230 4770 309 4853 μὴ
344 4783 439 4835 τοῦ
475 4797 526 4839 ο.
552 4781 656 4832 οἱα
682 4778 747 4831 ἂν
773 4776 860 4846 εἴη
889 4776 985 4845 τὴν
1012 4775 1294 4841 ἐνέργειαν
1319 4770 1463 4839 ἔχειν
1495 4770 1795 4837 ὲνέργειαν.

230 4874 343 4926 Καὶ
374 4872 716 4940 συμϐήσεται
765 4867 865 4935 τὴν
896 4863 1157 4927 τοιαύτην
1187 4859 1471 4930 ἐνέργειαν
1505 4859 1798 4927 ἀνενέργη-

227 4981 320 5015 τον
357 4957 518 5011 εἶναι.
557 4960 628 5011 Τὸ
663 4956 707 5010 δ’
739 4957 1105 5025 ἀνενέργητον
1160 4955 1255 5007 καὶ
1296 4953 1641 5019 ἀνύπαρκτον
1673 4949 1796 5003 καθ’

224 5055 295 5124 ἢν
328 5050 722 5122 βωμολοχήσας
755 5046 1073 5115 προῦθηκας
1104 5044 1253 5097 Θέσιν
1284 5061 1339 5096 τε
1390 5045 1485 5095 καὶ
1529 5042 1797 5110 πρότασιν

225 5143 412 5202 αὐτὸς.
443 5139 516 5189 Τὸ
541 5138 647 5204 γάρ
678 5133 752 5204 μὴ
803 5134 948 5202 ἔχον,
977 5133 1133 5202 ἔφης,
1181 5131 1464 5198 ἐνέργειαν
1509 5127 1624 5179 οὕτ¹
1650 5126 1799 5178 ἔστιν

222 5232 355 5286 οὔτε
392 5230 444 5281 τι
478 5230 645 5279 ἐστιν·
676 5222 789 5275 οὔτ’
826 5223 943 5274 ἐστι
971 5221 1247 5280 παντελῶς
1291 5216 1459 5270 αὑτοῦ
1502 5215 1677 5274 θέσις.
1704 5213 1800 5265 καὶ

222 5317 485 5375 ἀπόλωλέ
519 5333 599 5368 σοι
635 5315 694 5367 τὸ
720 5314 1044 5379 σπούδασμα
1065 5308 1132 5362 δι’
1156 5308 1334 5376 ὀλίγου
1356 5306 1449 5358 καὶ
1472 5305 1568 5373 τῆς
1594 5302 1799 5371 μοχθηο

222 5414 333 5481 ρᾶς
370 5407 643 5475 γεωργίας
694 5405 723 5455 ὁ
766 5403 990 5470 στάχυς,
1047 5399 1080 5468 ἢ
1141 5401 1197 5460 ἐς
1249 5397 1597 5464 ἀνύπαρκτον
1648 5394 1797 5461 ἡμᾶς

218 5497 612 5567 δογματίζοντι
665 5491 947 5546 πιστεύειν
1008 5491 1041 5558 ἦ
1081 5490 1161 5551 εἰς
1221 5487 1485 5539 σύνθετον
1533 5482 1794 5550 Θεότητα.

234 5589 613 5646 Ἐναντιούται
637 5587 747 5657 γάρ
788 5602 871 5636 σοι
910 5582 1005 5634 καὶ
1043 5582 1071 5633 ὁ
1102 5581 1244 5642 θεῖος
1281 5577 1569 5649 Κύριλλος,
1596 5576 1799 5629 ἄτοπον

222 5681 369 5736 εἶναι
404 5681 629 5748 φάσκων
663 5681 723 5728 τὸ
782 5677 960 5743 λέγειν
1018 5671 1275 5738 τοιαύτην
1325 5669 1473 5737 ἔχειν
1528 5667 1619 5719 τὸν
1667 5665 1801 5716 Θεὸν

232 5774 341 5842 τὴν
370 5770 575 5840 γ.ὦσιν
597 5771 691 5820 ὀπί
707 5769 788 5819 ίαν
820 5769 912 5818 καὶ
940 5767 1121 5833 ἡμεῖς·
1158 5763 1204 5812 εἰ
1230 5761 1336 5829 γάρ
1367 5756 1605 5830 [ὥσπερ]
1642 5758 1800 5825 ἡμεῖς

567 5862 958 5922 PATROL.Ga
1030 5856 1295 5920 CXLlX.
1390 5902 1393 5909 ς

1899 4584 2064 4637 etiam
2092 4583 2239 4638 aliud
2267 4598 2389 4638 esse
2416 4585 2732 4638 necessario
2761 4583 2956 4645 Deum,
2998 4582 3143 4636 aliud
3178 4583 3297 4650 ejus
3329 4584 3461 4635 sub-

1902 4673 2190 4728 stantiam.
2237 4674 2447 4728 Dicitur
2492 4674 2640 4728 enim
2673 4673 2814 4728 Deus
2850 4685 2905 4727 et
2934 4674 3224 4727 essentiam
3262 4674 3462 4726 habere

1900 4770 1955 4816 et
1984 4762 2367 4817 substantiam.
2394 4762 2511 4817 Erit
2549 4763 2715 4831 igitur
2761 4778 2827 4816 ex
2874 4771 2963 4815 tua
3014 4761 3285 4815 sententia
3318 4761 3462 4814 Dens

1901 4867 2011 4906 non
2041 4852 2452 4912 substantialis.
2480 4862 2537 4906 et
2572 4852 2875 4906 substantia
2918 4852 3011 4907 Dei
3048 4853 3333 4906 divinitate
3362 4852 3464 4904 de-

1899 4943 2108 4999 stituta.
2138 4944 2205 4997 Et
2262 4944 2330 4997 de
2376 4944 2663 4997 ellicientia
2715 4943 2857 4997 idem
2898 4944 3192 4997 dicendum
3253 4943 3358 4995 erit
3406 4953 3462 4997 et

1900 5034 2297 5099 quaerendum,
2358 5046 2489 5085 num
2549 5031 2835 5085 elﬁcientia
2892 5031 3460 5085 habeatcﬂieientiam

1901 5122 2087 5176 aliam.
2112 5122 2326 5177 Etenim
2357 5124 2401 5176 si
2431 5122 2617 5186 habet,
2644 5132 2771 5177 sunt
2801 5124 2967 5191 igitur
2999 5128 3129 5183 duo.
3161 5138 3222 5175 ac
3254 5121 3300 5174 si
3327 5121 3458 5182 duo.

1901 5210 2117 5264 diversa
2144 5211 2411 5275 omnino;
2444 5212 2587 5265 aliud
2620 5213 2764 5265 enim
2795 5221 3051 5279 Oportere
3079 5226 3198 5266 esse
3234 5211 3460 5265 dicebas

1900 5309 2065 5370 atque
2085 5301 2138 5355 id
2160 5302 2304 5369 quod
2333 5303 2564 5356 habetur
2586 5302 2637 5354 id
2660 5302 2805 5370 quod
2834 5302 3017 5363 habet,
3041 5310 3097 5355 et
3119 5304 3295 5356 oritur
3314 5317 3461 5371 que-

1902 5391 2026 5444 dam
2052 5392 2250 5445 mirum
2287 5392 2341 5445 in
2373 5392 2594 5446 modum
2620 5392 2853 5447 formata
2883 5394 3187 5447 emcientim
3216 5391 3459 5446 eilicicn-

1903 5484 2009 5549 tia;
2042 5483 2123 5536 sin
2156 5493 2336 5537 autem
2368 5485 2470 5537 hoc
2500 5498 2690 5537 verum
2727 5496 2834 5539 non
2858 5495 2962 5547 est,
2998 5501 3101 5539 non
3133 5496 3318 5555 potest
3346 5484 3459 5539 elli-

1903 5572 2101 5626 cientia
2118 5572 2460 5627 ellicientiam
2481 5572 2708 5635 habere,
2730 5582 2787 5627 et
2808 5585 3067 5641 sequetur
3090 5583 3148 5627 ut
3168 5574 3455 5629 eilicientia

1902 5664 2167 5729 ejusmodi
2216 5664 2283 5715 sit
2332 5663 2598 5718 ineﬂicax.
2641 5664 2794 5729 Quod
2841 5677 3022 5719 autem
3067 5665 3308 5719 incilicax
3350 5682 3457 5725 εςτ,

1904 5752 2067 5806 etiam
2091 5760 2173 5805 est
2197 5766 2301 5804 non
2326 5753 2703 5819 snbstantiaie,
2721 5756 3020 5808 secundum
3042 5772 3183 5815 eam,
3208 5756 3369 5825 quam
3398 5769 3453 5807 ιιι

2988 5850 3025 5905 ι)
