4264 6362
783 392 889 453 ΞἹΣῖ

1980 400 2389 460 ΝΜῙΕΡΗΟΠΙ
2439 408 2814 469 ΟΗΕΟΟΠΛΞ

3924 417 4033 477 2'76

786 506 1000 565 eadem,
1039 508 1179 559 ratio
1225 524 1446 576 quoque
1470 509 1659 562 cadi-ui
1692 523 1793 570 est.
1826 514 1896 565 ita
1936 515 2001 566 iis
2045 516 2245 582 quibus
2271 534 2356 569 es-
2389 526 2430 577 Α
2462 543 2470 572 ι

2352 548 2356 555 -
2389 526 2430 577 Α
2462 520 2540 583 οἷς
2573 526 2633 576 τὸ
2671 519 2811 579 εἶναι
2858 528 3138 596 διάφορον,
3171 530 3261 581 καὶ
3306 531 3333 581 ὁ
3378 529 3534 595 λόγος
3580 529 3857 597 διάφορος.
3905 531 4036 582 Ἐπὶ

786 601 959 649 sentia
1012 599 1248 663 diversa,
1289 601 1426 651 ratio
1482 616 1700 671 quoque
1746 603 1957 656 diversa
1990 614 2109 664 est:
2148 608 2351 660 etenim

790 690 844 741 in
903 690 1180 743 essentiali
1236 691 1541 746 substantia
1592 704 1809 747 sanctos
1843 695 1942 747 hos
1987 697 2243 751 audivisti
2271 701 2352 751 di-

787 797 803 829 ι
826 796 913 834 ere
943 798 1064 835 esse
1097 784 1341 835 eamdem
1378 785 1486 836 viui
1528 786 1756 839 rationis
1796 786 1911 841 sive
1940 788 2276 842 deﬁnitionis
2301 801 2353 844 et

788 874 935 941 quod
972 874 1036 927 ad
1088 872 1464 928 diversitatem
1499 877 1728 929 attineat
1759 881 1985 933 omnino
2032 881 2190 933 nihil.
2222 882 2353 936 Ete-

788 966 896 1017 nim
924 967 965 1018 si
998 982 1061 1019 ex
1098 967 1542 1034 pronuntiatione
1567 977 1621 1020 et
1640 969 2038 1037 signiﬁcatione
2070 974 2355 1040 utriusque

791 1068 1023 1124 utraque
1065 1056 1432 1110 differentiam
1464 1061 1672 1127 accepit
1707 1076 1826 1125 vox,
1856 1071 2004 1115 certe
2036 1062 2089 1114 in
2115 1061 2353 1130 simplici

788 1157 844 1201 et
887 1147 1253 1217 incomposita
1286 1159 1478 1201 natura
1511 1150 1840 1204 eamdem'et
1872 1167 2035 1205 uuam
2073 1162 2128 1206 et
2158 1153 2356 1205 immu-

792 1235 1017 1290 tabilem
1044 1238 1247 1290 habent
1274 1237 1727 1305 signiﬁcationem
1748 1241 1907 1309 312
1932 1241 2123 1295 amba).
2149 1242 2354 1296 Deinde

794 1330 836 1376 si
895 1326 1239 1380 efﬁcientiam
1277 1327 1549 1382 diversam
1596 1344 1715 1383 esse
1754 1330 1892 1384 dicis
1939 1332 2101 1385 etiam
2134 1333 2188 1386 in
2219 1334 2355 1398 Deo,

795 1426 852 1468 ut
887 1420 939 1469 in
972 1418 1134 1471 nobis
1174 1421 1497 1487 compositis
1522 1460 1536 1482 ,
1568 1431 1623 1474 et
1678 1422 1899 1490 proprie
1950 1423 2247 1477 inereatam
2273 1426 2357 1478 di-

790 1509 1091 1575 vinitatem,
1116 1521 1170 1564 et
1203 1521 1497 1578 utrumque
1522 1519 1606 1565 est
1647 1512 1794 1581 quod
1837 1514 2067 1568 alterum
2101 1526 2349 1579 nonest,

790 1612 844 1652 ιιι
868 1617 1086 1668 semper
1112 1603 1341 1654 alterum
1378 1619 1487 1671 prae
1518 1605 1692 1656 altero
1724 1605 1956 1660 invicem
1990 1606 2353 1660 ilillerentiam

789 1701 841 1738 ιιι
880 1706 1111 1758 pugnam
1148 1691 1377 1759 suscipit
1416 1692 1601 1745 verbis
1644 1704 1699 1747 et
1728 1694 1891 1748 rebus
1925 1694 2030 1763 (est.
2084 1698 2231 1748 enim
2260 1712 2351 1751 ue-

790 1797 938 1835 resse
968 1783 1193 1834 omnino
1222 1823 1235 1846 ,
1285 1798 1406 1851 quae
1461 1795 1568 1836 tam
1606 1784 1718 1836 sint
1762 1784 1941 1837 aliena
1988 1796 2042 1838 et
2078 1796 2270 1840 natura
2304 1797 2357 1841 et

790 1879 1207 1945 signiﬁcatione,
1241 1894 1348 1932 non
1392 1880 1533 1934 idem
1565 1896 1685 1935 esse
1729 1882 1883 1937 alteri
1931 1884 2185 1953 alterum)
2215 1903 2227 1950 ;
2252 1885 2358 1938 erit

794 1969 979 2033 igitur,
1015 1971 1057 2023 si
1100 1970 1389 2024 efficientia
1430 1972 1671 2027 inereata
1714 1982 1798 2026 est
1841 1982 1895 2027 et
1954 1975 2355 2037 inessentialis,

793 2069 972 2113 creata
997 2071 1051 2112 et
1074 2061 1316 2114 iucllicax
1352 2064 1612 2128 essentia,
1650 2072 1708 2116 ut
1740 2080 1903 2129 supra
1931 2063 2183 2117 audivisti
2224 2065 2361 2117 divi-

796 2170 893 2205 nos
927 2153 1074 2206 viros
1107 2155 1411 2207 secundum
1434 2155 1649 2223 regulas
1680 2155 2042 2223 philosophia:
2083 2156 2357 2208 contraria

794 2246 1089 2298 contrariis
1120 2246 1371 2299 deﬁnire.
1398 2248 1490 2299 Sin
1528 2263 1695 2315 porro
1742 2249 1905 2300 etiam
1938 2248 2243 2301 eiiicieutiie
2264 2264 2360 2300 no-

798 2352 918 2389 ineu
952 2338 1283 2404 generaliter
1312 2353 1375 2390 ex
1412 2348 1501 2391 tua
1525 2339 1796 2392 sententia
1820 2354 1974 2407 atque
2000 2338 2067 2392 de
2106 2339 2361 2393 omnibus

798 2419 1123 2493 pi'anlicatnr
1144 2428 1477 2487 nominibus.
1495 2429 1712 2481 virtutis
1733 2439 1883 2496 puta.
1902 2429 2356 2496 sapientiaegitte,

798 2520 1045 2583 iuininis,
1079 2521 1267 2583 animi,
1298 2520 1628 2583 elementiie,
1661 2522 1753 2572 ira-
1775 2560 1789 2584 ,
1823 2520 2251 2589 tranquillitatis,
2278 2529 2358 2571 ta-

806 2612 1071 2678 liumque,
1115 2609 1539 2679 quibuscunque
1572 2625 1665 2662 usa
1701 2621 1786 2663 est
1828 2609 2115 2678 Scriptura
2174 2608 2358 2661 divina

800 2702 911 2753 Deo
954 2702 1356 2755 convenienter
1402 2701 1804 2755 atlirmautibus
1857 2710 1912 2754 et
1946 2700 2274 2768 negantibus
2308 2712 2361 2752 et

799 2792 1067 2860 oppositis
1092 2792 1409 2845 nominibus
1431 2834 1443 2854 ,
1475 2791 1699 2844 accedet
1726 2793 1835 2860 jam
1870 2793 2032 2844 etiam
2071 2791 2156 2844 his
2184 2792 2363 2843 omni-

799 2888 898 2938 bus
937 2900 1124 2953 aeque:
1150 2895 1203 2937 et
1228 2884 1390 2937 simili
1425 2884 1585 2937 modo
1623 2900 1835 2952 semper
1873 2883 2154 2936 insultahit
2183 2881 2364 2936 nomi-

801 2974 963 3026 nibus
998 2972 1257 3027 omnibus
1312 2973 1640 3033 absurditas,
1667 2984 1721 3024 et
1754 2987 1937 3024 secum
1969 2972 2225 3040 pugnabit
2254 2971 2366 3025 efﬁ-

799 3065 999 3116 cientia
1067 3080 1291 3127 nomen,
1345 3078 1467 3115 cum
1536 3063 1651 3115 lucc
1705 3063 2008 3116 secundum
2044 3073 2094 3116 le
2144 3062 2363 3131 proprie

2458 616 2565 683 γάρ
2611 616 2711 680 τῆς
2759 618 3049 679 ούσιώδους
3093 618 3379 685 ὑπάρξεως
3408 618 3529 680 τοὺς
3585 617 3773 683 ἁγίους
3806 619 4037 679 τούτο-,ς

2457 706 2704 774 ἀκήκοας
2736 709 2995 774 λέγοντας
3021 710 3119 775 τὴν
3165 712 3259 762 τοῦ
3305 710 3466 776 λόγου
3493 714 3818 775 ταυτότητά,
3854 712 4038 760 εἷτουν

2456 798 2553 849 τοῦ
2609 801 2757 866 ὅρου,
2805 800 2897 851 καὶ
2940 801 3062 852 καθ’
3109 802 3296 870 ἕτερον
3343 802 3565 864 πάντως
3615 802 3785 854 οὐδέν.
3835 802 3895 852 Εἰ
3928 803 4041 866 γάρ

2459 889 2600 941 κατᾶ
2634 891 2919 959 προφορὰν
2958 892 3053 944 καὶ
3102 893 3467 960 ἐτυμολογίαν
3498 894 3765 962 ἑκατέρας
3799 892 4039 959 ἑκατέρα

2456 982 2553 1049 τὴν
2582 982 2843 1053 διαφοράν
2886 986 3156 1053 ἐκτήσατο
3203 986 3371 1050 λέξις,
3403 985 3520 1039 ἀλλ’
3572 988 3668 1039 ἐπὶ
3711 986 3813 1053 τῆς
3856 986 4039 1052 ἁπλῆς

2458 1072 2548 1124 καὶ
2582 1074 2874 1126 ἀσυνθέτου
2903 1077 3116 1142 φύσεως
3146 1075 3245 1145 τὴν
3278 1076 3449 1144 αὐτὴν
3480 1076 3572 1127 καὶ
3607 1075 3736 1142 μίαν
3768 1076 3861 1126 καὶ
3894 1078 4043 1127 ἀπα-

2460 1162 2765 1234 ρά).λακτον
2806 1164 2989 1233 ἔχουσι
3022 1164 3299 1232 σημασίαν
3339 1167 3527 1232 ἄμφω.
3562 1167 3796 1219 Ἔπειτα
3842 1167 3889 1216 εί
3936 1165 4042 1231 τὴν

2457 1254 2741 1324 ἐνέργειαν
2781 1256 2968 1326 ἕτερον
3019 1254 3157 1309 εἶναι
3193 1257 3370 1323 λέγεις
3418 1257 3552 1309 κάπὶ
3598 1255 3733 1309 Θεοῦ
3781 1255 4041 1324 καθάπερ

2458 1347 2551 1399 ἐπὶ
2589 1347 2698 1398 τῶν
2750 1347 3025 1401 συνθέτων
3062 1347 3243 1416 ἡμῶν,
3282 1348 3376 1400 καὶ
3425 1347 3569 1410 ίδίως
3623 1348 3878 1400 άκτιστον
3921 1348 4041 1398 θεό-

2455 1455 2613 1507 τητα,
2644 1440 2738 1491 καὶ
2791 1439 2938 1493 ἔστιν
3002 1442 3264 1510 ἑκάτερον
3327 1441 3533 1493 τούτων
3579 1442 3720 1509 ὅπερ
3760 1442 3859 1493 οὐκ
3889 1442 4044 1493 ἐστιν

2458 1532 2739 1599 ἑκάτερον,
2775 1535 2870 1584 καὶ
2898 1534 2984 1585 ἀεὶ
3017 1533 3245 1602 θάτερον
3274 1533 3427 1603 παρὰ
3478 1534 3707 1603 θάτερον
3738 1535 4044 1601 ἀμοιϐαδὸν

2457 1622 2555 1691 τὴν
2586 1623 2851 1692 διαφοράν
2883 1626 2977 1676 καὶ
3008 1626 3188 1693 μάχην
3210 1625 3490 1693 λαμϐάνον
3516 1625 3695 1690 λόγοις
3729 1628 3819 1677 καὶ
3861 1624 4044 1691 πράγ-

2463 1726 2629 1778 μασιν
2660 1710 2897 1780 (ἀνάγκη
2934 1714 3042 1781 γὰρ
3075 1713 3140 1764 ἂν
3174 1715 3259 1782 εἵη
3300 1714 3449 1764 πᾶσα
3480 1713 3546 1763 τά
3572 1711 3746 1771 οὕτως
3781 1712 4046 1778 ἀλλότρια

2459 1800 2526 1867 τῇ
2562 1798 2725 1864 φύσει
2758 1800 2854 1850 καὶ
2892 1800 3141 1869 σημασίᾳ
3176 1801 3249 1867 μὴ
3283 1800 3480 1851 ταυτδν
3514 1796 3656 1851 εἶναι
3685 1798 3903 1868 θατέρῳ
3940 1799 4044 1850 0&-

2461 1890 2665 1959 τερον),
2697 1890 2847 1946 ἔσται
2878 1892 3010 1960 ἄρα,
3042 1895 3089 1944 εἰ
3116 1895 3148 1961 ἡ
3176 1893 3428 1962 ἐνέργεια
3462 1893 3715 1953 ἄκτιστος
3755 1892 3851 1944 καὶ
3881 1892 4047 1944 ἀνού-

2463 1997 2599 2043 σιος,
2632 1980 2824 2050 κτιστὴ
2878 1984 2909 2051 ἡ
2940 1983 3098 2034 οὐσία
3129 1985 3222 2035 καὶ
3268 1984 3651 2049 ἀνενέργητος,
3681 1981 3755 2043 ὼς
3786 1983 4046 2049 ἀνωτέρω

2461 2090 2521 2139 γε
2555 2073 2816 2141 ἡκηκὸεις
2848 2074 2957 2125 τῶν
2991 2073 3149 2126 θείων
3186 2074 3309 2126 κατ’
3356 2075 3673 2141 ἐπιστήμην
3718 2075 3783 2126 τὰ
3820 2074 4047 2125 ἐναντία

2461 2167 2572 2225 τοῖς
2609 2164 2870 2226 ἐναντίοις
2897 2165 3232 2234 ὁριζομένων
3262 2166 3494 2235 ἀνδρῶν.
3532 2166 3593 2218 Εἰ
3618 2166 3674 2218 δὲ
3713 2167 3808 2218 καὶ
3844 2165 3903 2217 τὸ
3938 2166 4042 2231 τῆς

2462 2254 2744 2321 ἐνεργείας
2774 2254 2946 2323 ὄνομα
2976 2255 3207 2321 γενικῶς
3237 2258 3378 2307 κατὰ
3415 2256 3474 2307 σὲ
3512 2256 3732 2309 πάντων
3781 2254 3869 2306 ἐπ’
3911 2256 4041 2321 ἴσης

2463 2348 2820 2415 κατηγοροῖτο
2847 2346 2954 2399 τῶν
2982 2347 3285 2415 ὀνομάτων,
3319 2348 3605 2414 δυνάμεως
3630 2347 3791 2412 λέγω,
3820 2347 4041 2413 σοφίας,

2463 2437 2633 2507 ζωῆς,
2666 2440 2863 2508 φωτὸς,
2898 2439 3094 2507 θυμοῦ,
3152 2440 3558 2509 μακροθυμίας,
3594 2439 3785 2507 ὀργῆς,
3832 2441 4049 2507 ἀοργη-

2465 2532 2607 2597 σίας,
2669 2533 2761 2583 καὶ
2820 2532 2929 2583 τῶν
2973 2530 3254 2596 τοιούτων,
3292 2531 3441 2589 ὅσοις
3498 2530 3531 2595 ἡ
3587 2528 3706 2580 θεία
3767 2528 4043 2595 κέχρηται

2464 2617 2655 2687 Γραφὴ
2688 2616 3008 2687 θεοπρεπῶς
3035 2619 3429 2683 καταφατικοῖς
3453 2633 3512 2668 τε
3548 2617 3640 2669 καὶ
3676 2616 4047 2682 ἁποφατικοίς

2464 2707 2556 2756 καὶ
2578 2704 2978 2774 ἀντικειμένοις
3000 2705 3281 2772 ὀνόμασιν,
3313 2704 3694 2771 ἐπιδραμεῖται
3736 2700 3919 2751 λοιπὸν
3950 2700 4049 2751 καὶ

2465 2798 2599 2847 πᾶσι
2649 2795 2857 2857 τούτοις
2911 2795 2997 2847 ἐπ’
3043 2796 3185 2863 ἴσης,
3215 2795 3308 2846 καὶ
3331 2794 3531 2862 ὁμοίως
3579 2791 3642 2863 Π-
3691 2792 3792 2844 “3
3834 2788 3910 2861 θ’]
3951 2790 4042 2842 ἀεὶ

2466 2888 2864 2957 κατορχήσεται
2910 2888 3017 2938 τῶν
3076 2887 3356 2954 ὀνομάτων
3403 2886 3659 2938 ἁπάντων
3710 2883 4038 2950 τᾰτόπημα,

2466 2980 2561 3031 καὶ
2599 2979 2882 3030 στασιάσει
2916 2978 3051 3048 πρὸς
3089 2978 3250 3030 ἑαυτὸ
3299 2978 3360 3029 τὸ
3389 2978 3486 3045 τῆς
3525 2975 3801 3043 ἐνεργείας
3839 2973 4043 3039 ὄνομα,

2465 3069 2670 3135 ταύτης
2696 3070 2759 3139 δὴ
2786 3073 2883 3139 τῆς
2929 3069 3239 3132 ἰδιαζόντως
3268 3068 3403 3121 κατὰ
3434 3068 3492 3119 σὲ
3539 3068 3835 3135 λεγομένης
3868 3067 4045 3117 ἀκτί-

801 3153 1018 3205 dicatur
1086 3152 1327 3205 iucreata
1380 3151 1678 3215 divinitas,
1736 3164 1960 3220 propter
2026 3154 2171 3220 quod
2216 3152 2485 3239 enich

2361 3178 2433 3239 ηρ
2469 3179 2595 3215 στου
2656 3162 2927 3229 θεότητος.
2980 3161 3174 3214 Καο’ὂ
3225 3162 3332 3231 γάρ
3381 3160 3613 3213 ἕκαστον
3661 3159 3894 3211 ἑκάστου
3930 3156 4045 3210 τῶν

802 3246 1086 3311 quodlibet
1122 3259 1149 3296 a
1186 3244 1382 3311 quovis
1427 3243 1661 3297 aliorum
1713 3244 1958 3296 omnium
2005 3244 2358 3312 relinquitur,

803 3344 1027 3403 propter
1062 3334 1113 3386 id
1152 3335 1276 3387 aliis
1300 3333 1557 3387 omnibus
1588 3344 1672 3387 est
1707 3334 1886 3386 minus
1917 3332 1985 3385 ab
2018 3333 2192 3400 iisque
2233 3334 2364 3387 alie-

802 3442 957 3488 num,
990 3435 1154 3495 atque
1182 3441 1353 3478 unum
1407 3424 1632 3478 omnino
1684 3440 1801 3477 esse
1837 3424 2130 3478 essentiam
2167 3439 2363 3478 conce-

800 3521 952 3572 ditur
988 3528 1042 3572 et
1072 3527 1266 3571 natura
1298 3533 1482 3582 omne,
1512 3517 1657 3581 quod
1690 3516 1893 3570 dicitur
1925 3525 1981 3569 et
2003 3526 2226 3569 vocatur
2258 3516 2366 3569 Deo

800 3610 1198 3664 convenienter
1229 3625 1255 3661 a
1288 3609 1442 3662 vobis
1492 3618 1658 3662 etest
1698 3619 1750 3661 et
1800 3617 1915 3661 erat
1950 3616 2003 3660 et
2065 3607 2170 3660 erit
2205 3607 2365 3676 313

806 3706 946 3756 turus
970 3712 1186 3769 potens,
1222 3702 1427 3769 justus,
1461 3701 1760 3762 inereatus,
1797 3700 2025 3761 veritas,
2075 3700 2365 3768 sapientia,

805 3795 992 3856 virtus,
1023 3793 1156 3854 vita,
1188 3792 1396 3857 lumen,
1427 3791 1739 3853 eilicientia,
1760 3801 1815 3844 et
1839 3791 2058 3844 similia.

874 3884 1033 3936 XXII.
1059 3884 1193 3937 Cum
1229 3892 1409 3935 autem
1435 3883 1549 3935 suis
1584 3882 1755 3951 ipsius
1798 3884 1982 3935 verbis
2036 3891 2090 3933 et
2150 3882 2369 3949 scriptis

803 3975 922 4043 capi
958 3976 1201 4028 l’alainas
1226 3990 1283 4027 se
1307 3975 1516 4027 videret
1552 3974 1833 4038 continuo,
1870 3994 1887 4024 ι
1920 3973 2039 4027 Non
2078 3974 2131 4025 in
2163 3971 2367 4038 verbis,

806 4068 1002 4134 inquit,
1038 4082 1215 4135 neque
1247 4066 1473 4119 omnino
1511 4067 1563 4118 in
1600 4066 1841 4134 scriptis,
1874 4068 1965 4118 sed
1999 4066 2052 4118 iu
2087 4065 2251 4118 rebus
2273 4080 2369 4117 no-

802 4160 932 4212 stris
963 4160 1135 4227 pietas
1159 4157 1404 4211 cernitur
1439 4156 1739 4210 secundum
1771 4156 2075 4223 theologos.
2117 4174 2135 4206 ι
2168 4155 2371 4209 Paulu-

806 4251 915 4303 lum
971 4249 1097 4303 dein
1134 4258 1375 4303 moratus
1404 4247 1674 4317 Gregoras
1705 4265 1717 4301 :
1759 4241 2373 4316 «Proh,'inqnit,stnlti-

808 4342 991 4393 tiam!»
1025 4349 1079 4393 et
1107 4340 1417 4407 deSpiciens
1452 4353 1580 4390 eum
1616 4353 1631 4389 :
1670 4336 1843 4406 «Ergo
1872 4336 2117 4405 fugiebat.
2140 4351 2262 4397 nos,
2284 4337 2371 4389 in-

808 4435 949 4500 quit,
982 4440 1031 4485 te
1062 4447 1183 4485 esse
1205 4432 1417 4484 aurium
1449 4430 1767 4483 obtusarnm
1806 4438 1859 4480 et
1900 4428 2125 4480 surdum
2180 4437 2234 4479 et
2257 4442 2374 4479 om-

2464 3252 2640 3306 άλλων
2687 3253 2931 3304 λείπεται
2990 3253 3230 3317 πάντων,
3291 3253 3412 3305 κατ’
3467 3254 3646 3303 ἐκεῖνο
3694 3249 3802 3301 τῶν
3860 3249 4046 3301 ἄλλων

2466 3345 2721 3398 ἁπάντων
2774 3346 3079 3413 ἠλάττωται
3132 3362 3191 3398 τε
3243 3345 3338 3396 καὶ
3393 3343 3774 3413 ἠλλοτρίωται.
3817 3341 3931 3395 Καὶ
3988 3340 4048 3393 ἒν

2466 3431 2603 3488 εἶναι
2638 3437 2855 3498 πάντως
2907 3436 3097 3488 οὐσίαν
3146 3438 3491 3505 ὁμολογεῖται
3538 3436 3631 3487 καὶ
3678 3436 3836 3501 φύσει
3876 3436 3988 3483 πᾶν
4020 3432 4049 3483 ὅ

2466 3524 2681 3592 λέγεται
2704 3528 2797 3579 κοιλ⁸
2819 3527 3141 3595 ὀνομάζεται
3165 3527 3486 3596 θεοπρεπῶς
3512 3528 3666 3596 ἡμῖν,
3688 3528 3779 3599 καὶ
3803 3525 3922 3577 ἔστι
3951 3526 4050 3576 καὶ

2466 3613 2534 3688 ἦν
2567 3618 2660 3669 καὶ
2686 3617 2857 3673 ἔσται.
2891 3618 3019 3679 Θεὸς
3050 3618 3285 3688 ἰσχυρὸς,
3316 3618 3544 3681 δίκαιος,
3587 3618 3863 3679 ἄκτιστος,
3913 3619 4050 3685 alr”,-

2470 3710 2609 3772 θεια,
2654 3708 2834 3776 σοφία,
2870 3708 3121 3775 δύναμις,
3157 3709 3291 3777 ζωὴ,
3341 3707 3476 3776 φῶς,
3526 3709 3795 3777 ἐνέργεια,
3842 3708 3940 3758 καὶ
3977 3706 4048 3758 τὰ

2469 3814 2712 3850 τοιαύτά.

2542 3888 2669 3943 ΚΒ¹.
2711 3891 2861 3942 Ἐπεί
2917 3908 2979 3956 γε
3042 3890 3146 3960 μὴν
3176 3894 3239 3942 ἐκ
3289 3890 3395 3942 τῶν
3430 3891 3647 3942 οἰκείων
3688 3890 3956 3958 ῥημάτων
3986 3907 4046 3941 τε

2471 3985 2565 4034 καὶ
2627 3984 2971 4052 γραμμάτων
3022 3983 3377 4050 ἁλισκόμενον
3426 3984 3454 4035 ὁ
3513 3982 3773 4049 Παλαμᾶς
3845 3983 4046 4033 ἑαυτὴν

2472 4073 2622 4142 ἐώρα
2665 4074 2946 4142 διηνεκῶς,
2981 4093 2999 4123 ι
3058 4075 3173 4127 Οὐκ
3221 4075 3279 4125 ἐν
3309 4075 3540 4143 ῥήμασι,
3581 4092 3599 4124 ι
3655 4074 3841 4141 φησὶν,
3877 4090 3897 4122 ι
3932 4072 4048 4125 οὐδ’

2475 4164 2662 4227 ἁπλῶς
2697 4166 2755 4217 ἐν
2801 4167 3149 4235 γράμμασιν,
3186 4164 3303 4217 ἀλλ’
3331 4168 3389 4219 ἐν
3433 4166 3759 4232 πράγμασιν
3802 4163 3969 4232 ἡμῶν
4015 4166 4046 4233 η

2474 4256 2724 4310 εὐσέϐεια
2773 4258 2914 4310 κατὰ
2962 4259 3091 4319 τοὺς
3134 4258 3437 4324 θεολόγους.
3484 4275 3502 4307 ι
3537 4256 3748 4322 Μικρὸν
3792 4253 3887 4308 οῦν
3928 4258 4051 4307 ἐπιο

2476 4344 2619 4413 σχὼν
2649 4346 2675 4396 ὁ
2717 4346 3024 4414 Γρηγορᾶς,
3062 4363 3079 4395 ι
3129 4345 3228 4397 Ίοὺ
3261 4345 3366 4409 ἰοὺ,
3419 4362 3438 4394 ι
3494 4345 3647 4413 φησὶ,
3692 4360 3709 4393 ι
3745 4342 3845 4405 τῆς
3884 4343 4047 4393 ἀδελ·

2474 4432 2688 4501 τηρίας.
2728 4450 2746 4483 ›
2788 4434 2896 4487 Καὶ
2925 4433 3130 4486 ἀπιδὼν
3163 4434 3296 4504 πρὸς
3328 4433 3506 4496 αὑτὸν,
3538 4450 3556 4482 ι
3592 4429 3723 4484 Εἶτα
3751 4430 4049 4493 ἐλάνθανες

813 4522 943 4576 nino
994 4523 1238 4591 ignarum
1310 4519 1624 4574 festivitatis
1671 4526 1724 4571 et
1776 4516 2158 4570 celebrationis
2201 4518 2375 4570 doctae
2409 4505 2497 4576 Di

2364 4505 2451 4570 in
2478 4526 2649 4594 ἡμᾶς,
2693 4543 2712 4577 ι
2749 4526 2905 4594 φησι,
2942 4543 2963 4576 ι
3018 4526 3357 4593 λασιόκωφός
3404 4542 3487 4586 τις
3540 4522 3615 4576 ῶν
3663 4522 3757 4575 καὶ
3812 4523 4048 4589 ἀνήκοος

812 4614 1075 4665 libroruin
1109 4613 1444 4674 divinorum,
1479 4621 1531 4663 et
1556 4608 1846 4662 inserendo
1880 4617 1931 4662 et
1958 4608 2369 4675 transponeudo

802 4705 1022 4757 aliunde
1053 4704 1183 4757 alibi
1214 4712 1526 4772 pervertere
1561 4700 1865 4769 ignorantia
1895 4714 2112 4752 omnem
2147 4714 2369 4753 sensum

804 4806 857 4847 ct
894 4811 1054 4845 omne
1096 4793 1383 4846 consilium
1418 4791 1733 4858 Scripturze.
1801 4791 1911 4843 lloc
1951 4791 2096 4843 enim
2144 4805 2371 4858 magnus

812 4904 860 4937 ιιι
893 4886 1161 4954 theologia
1224 4885 1355 4939 dicit
1407 4883 1702 4950 Gregorius
1754 4896 1817 4935 ea
1874 4897 1993 4949 qua:
2052 4897 2079 4933 a
2115 4880 2372 4949 Dionysio

805 4978 991 5029 divino
1026 4978 1169 5029 dicta
1200 4986 1328 5029 sunt
1362 4975 1714 5037 confirmans,
1760 4983 1912 5042 pulo,
1964 4982 2018 5027 et
2062 4974 2371 5029 concedens

808 5073 919 5137 ipse
968 5081 1022 5123 et
1078 5068 1483 5138 qnolannnodo
1537 5067 1835 5119 adhortans
1890 5075 1951 5119 ut
2007 5079 2172 5135 parco
2235 5081 2373 5133 quo-

808 5166 928 5214 tlaiu
963 5164 1123 5213 modo
1160 5162 1448 5215 occasione
1482 5160 1545 5211 ad
1570 5175 1666 5213 eos
1722 5158 1996 5219 aﬂabiles,
2028 5157 2119 5226 qui
2164 5157 2217 5209 in
2247 5171 2372 5209 sen-

810 5258 993 5308 tentiis
1022 5264 1075 5307 et
1104 5254 1414 5321 cogniione
1451 5251 1557 5304 sint
1600 5251 1828 5316 diversi,
1893 5257 2120 5303 vocante
2152 5258 2373 5301 utamur

809 5362 976 5415 pauca
1034 5346 1409 5411 indulgeamus-
1468 5341 1697 5395 diversis
1754 5338 2127 5394 accedentium
2204 5339 2371 5391 inuri-

808 5442 909 5495 bus
939 5440 1244 5493 necessario
1280 5450 1671 5504 nonnunquam
1704 5451 1717 5486 :
1755 5434 1826 5486 ita
1854 5444 1910 5486 ut
1949 5435 2000 5486 in
2036 5434 2198 5485 rebus
2253 5449 2373 5502 gra-

807 5532 1045 5584 vissimis
1076 5531 1197 5582 liilei
1230 5528 1519 5583 consensio
1541 5526 1793 5596 quamvis
1833 5541 1939 5577 non
1970 5524 2150 5575 verbis
2176 5525 2368 5576 saltem

807 5624 1231 5689 rogitationihns
1257 5633 1502 5672 servetur
1541 5629 1821 5671 constans.
1882 5617 1995 5680 Qua
2031 5616 2081 5668 in
2121 5632 2176 5666 re
2206 5615 2372 5667 licere

810 5716 883 5763 ait
908 5714 1045 5765 hanc
1078 5714 1159 5764 vel
1190 5713 1334 5763 illam
1370 5726 1554 5763 vocem
1603 5712 1763 5760 etiam
1822 5708 1941 5759 aliis
1996 5708 2265 5759 similibus
2317 5716 2374 5759 et

819 5805 1292 5858 τ²ινι’⁴ἱι·;ειὶινίίιιιδ
1328 5803 1603 5856 vocabulis
1658 5802 1932 5869 explicare
1983 5810 2193 5854 ratoue
2262 5801 2367 5865 lico

2476 4617 2569 4667 καὶ
2599 4616 2914 4669 παντάπασι
2949 4616 3047 4684 τῆς
3076 4616 3182 4669 τῶν
3207 4616 3364 4669 θείων
3396 4615 3627 4685 Γραφῶν
3654 4612 4050 4680 διδασκαλικῆς

2476 4707 2668 4775 ἑορτῆς
2699 4724 2754 4759 τε
2788 4709 2882 4759 καὶ
2929 4707 3315 4776 πανηγύρεως,
3345 4708 3440 4759 καὶ
3482 4705 3959 4775 μετεγκεντρίζων
3994 4705 4049 4767 ἐξ

2475 4799 2715 4864 ἀμαθίας
2749 4798 2970 4851 ἄλλοθεν
3018 4798 3200 4850 ἄλλοθι
3245 4800 3338 4849 τδν
3368 4797 3584 4850 ἅπαντα
3623 4795 3748 4848 νοῦν
3790 4796 3888 4846 καί
3925 4811 4049 4845 σκοο

2475 4888 2575 4939 πὸν
2621 4886 2723 4954 τῆς
2769 4888 3020 4956 Γφαφῆς.
3055 4886 3226 4939 Τοῦτο
3274 4885 3384 4955 γὰρ
3414 4887 3441 4937 ὁ
3477 4886 3650 4954 μέγας
3683 4886 3740 4936 ὲν
3788 4882 4051 4951 θεολογίᾳ

2476 4982 2675 5043 φάσκει
2720 4980 3040 5049 Γρηγὸριος,
3073 4980 3141 5030 τὰ
3183 4979 3445 5045 Διονυσίῳ
3493 4977 3568 5046 τῷ
3608 4975 3735 5045 θείῳ
3778 4974 4049 5042 λεχθέντα

2473 5068 2969 5137 διαϐεϐαιούμενος,
3003 5065 3178 5138 οἶμαι,
3222 5071 3317 5122 καὶ
3374 5068 3674 5136 συγχωρῶν
3729 5067 3825 5119 καὶ
3880 5068 4052 5127 αὐτὸς

2474 5162 2568 5213 καὶ
2617 5163 2779 5213 οἱονεὶ
2839 5162 3279 5231 προτρεπόμενος
3327 5160 3656 5228 οἰκονομικῷ
3706 5176 3812 5210 τινι
3852 5161 4049 5229 τροπῳ

2474 5253 2666 5321 καιροῦ
2722 5253 3011 5316 καλοῦντος
3047 5254 3182 5324 πρὸς
3232 5255 3359 5313 τοὺς
3392 5252 3502 5304 τῶν
3534 5251 3811 5321 ὀμιλητῶν
3854 5253 4052 5322 διαφό-

2478 5363 2605 5413 ρους
2648 5347 2745 5408 τὰς
2795 5346 3017 5414 γνῶμα;
3049 5349 3142 5396 καὶ
3177 5345 3407 5412 γνώσεις
3450 5344 3774 5413 κεχρῆσθαι,
3811 5346 3909 5396 καὶ
3958 5363 4051 5413 μί·-

2475 5437 2607 5506 κρὸν
2640 5436 2894 5488 ἐνδιδόναι
2922 5437 3029 5495 τοῖς
3060 5435 3336 5501 διαφόροις
3376 5433 3483 5485 τῶν
3514 5433 3853 5502 προσιόντων
3884 5432 4048 5502 ἤθεσι

2474 5526 2541 5579 δι’
2586 5527 2830 5590 ἀνάγκην
2878 5524 3068 5583 ἐνίοτε,
3100 5522 3237 5573 ὥστε
3275 5522 3373 5590 τὴν
3406 5523 3461 5572 ἐν
3504 5523 3615 5582 τοῖς
3670 5520 3908 5587 καιρίοις
3950 5522 4048 5586 τῆς

2478 5615 2715 5673 πίσττως
2745 5612 3052 5680 ὁμολογίαν,
3092 5612 3139 5660 εί
3172 5611 3262 5662 καὶ
3290 5610 3360 5679 μὴ
3393 5608 3620 5672 λέξεσιν,
3656 5608 3790 5659 ἀλλά
3824 5624 3888 5674 γε
3927 5610 4051 5669 ταῖς

2476 5709 2697 5766 ἐννοίαις
2714 5703 3069 5771 φυλάττεσθαι
3088 5703 3459 5769 ἀπαράϐατον.
3484 5701 3569 5751 Ἐν
3591 5696 3671 5760 οἷς
3689 5700 3891 5764 ἐξεῖναί
3913 5715 4051 5767 φησι

2477 5800 2631 5861 tiqui:
2722 5798 2874 5867 τήνδε
2924 5796 3183 5866 tif/155w
3222 5798 3309 5847 7.1"
3344 5794 3408 5847 δι’
3441 5794 3641 5863 ἐτέρων
3683 5794 4049 5862 δμοδυνάμων
