4264 6362
207 405 300 468 281

1184 420 1626 483 ΒΥΖΑΝΤΙΝᾹΞ
1666 425 2055 486 HISTORL'E
2086 429 2231 487 LIB.
2265 432 2448 494 XXX.

3350 428 3469 498 282

202 521 434 618 γησεται
482 528 618 595 πρὸς
669 529 726 582 τὸ
780 532 923 600 μάλα
981 534 1236 604 ἀνόνητον
1266 540 1360 610 καὶ
1409 541 1562 594 οὐδὲν
1603 541 1774 609 ὑγιές.
1809 550 1886 603 A:

1809 550 1853 603 Α
1881 554 1960 598 ενι-ι
1978 562 2004 598 a
2050 557 2099 602 te
2123 548 2619 618 circumscriptum.
2657 547 2750 603 liis
2775 549 2920 604 enim
2952 543 3082 599 solis
3109 543 3269 598 hodie
3291 543 3466 597 a-hsl’c

202 610 396 706 ρῦτως
437 619 801 690 ἐμϐρόντητος
836 630 929 676 καὶ
959 629 1254 706 παραπλὴξ
1286 631 1384 700 τὴν
1417 631 1659 684 διάνοιαν
1693 634 1780 701 εἴη

201 699 267 750 ἂν
298 705 399 755 καὶ
435 707 588 760 οὐδὲν
631 710 784 775 ὑγιὲς
838 714 1041 780 ὁμοίως
1081 718 1107 768 ὃ
1155 735 1214 770 τε
1266 721 1438 773 τοιαδὶ
1491 724 1778 792 παραινῶν

203 793 298 843 καὶ
345 796 376 847 ὁ
405 801 700 854 πεπεῖσθαι
740 805 934 859 δοκῶν.
976 808 1163 876 Πολλῷ
1194 811 1342 877 μέντ’
1373 813 1439 863 ἂν
1468 807 1537 882 ἦν
1571 829 1656 866 σοι
1690 831 1780 866 σο-

203 882 454 955 φῶτερον
479 889 542 942 τὸ
576 891 766 963 λεχθέν
816 914 915 961 σοι,
945 901 992 951 εί
1023 902 1137 962 τοῖς
1190 905 1302 964 σοῖς
1353 904 1535 971 μόνοις
1573 907 1780 974 ῥήμασι

201 978 296 1028 καὶ
326 980 626 1050 γράμμασι
654 990 1096 1060 περιεγέγραπτο
1143 1010 1248 1047 σοι.
1285 995 1507 1048 Τούτων
1537 997 1643 1064 γὰρ
1677 997 1777 1065 μό-

1882 647 1974 691 net
1994 635 2184 706 pictas;
2207 641 2454 696 o-tdicere
2470 634 2845 706 debebas,non
2867 639 3201 695 credendum
3239 637 3291 690 in
3342 653 3465 688 ver-

1882 727 1964 781 bis
1993 740 2085 782 aut
2109 730 2307 802 litteris
2339 732 2624 786 Palamieis
2649 731 2873 785 omnino
2923 745 3044 783 esse
3077 730 3376 797 pietatem;
3402 734 3455 778 tu

1879 831 2061 872 autem
2095 820 2376 877 indeﬁnite
2397 822 2664 891 protulisti
2695 820 2828 874 illud
2866 839 2878 873 :
2924 828 2983 870 ut
3029 819 3135 885 jam
3166 817 3234 868 iis
3292 813 3461 883 qui-to

1879 923 2184 978 sequuntur
2212 928 2242 965 a
2285 914 2501 981 pietatis
2550 911 2908 966 claris-verbis
2948 908 3216 962 etlitteris
3236 904 3458 959 remotis

1881 999 2131 1055 facillime
2187 1005 2361 1069 possis
2413 1004 2694 1057 insinuare
2741 1002 3031 1071 impietatis
3087 1007 3190 1052 tute
3231 997 3459 1052 malum.

201 1086 310 1165 "3""
349 1072 653 1140 ἀφίσταται
703 1082 945 1152 τήμερον
1005 1086 1037 1154 ἡ
1091 1087 1383 1140 εὐσέϐεια·
1420 1093 1515 1143 καὶ
1576 1089 1695 1142 δέον
1765 1107 1847 1143 σοι
1884 1093 2065 1158 λέγειν
2096 1093 2170 1161 μὴ
2199 1096 2256 1146 ὲν
2283 1096 2489 1163 ῥήμασι
2533 1097 2657 1165 μηδ’
2693 1098 2750 1148 ἐν
2787 1094 3078 1162 γράμμασι
3121 1089 3462 1155 Παλαμικοῖς

200 1159 261 1211 τὸ
312 1166 580 1232 παράπαν
633 1168 772 1226 εἶναι
829 1178 1076 1244 νομίζειν
1121 1181 1220 1251 τὴν
1263 1182 1569 1246 εὐσέϐειαν,
1615 1185 1680 1237 σὺ
1735 1185 1780 1238 δ’
1821 1186 2089 1256 ἀορίστως
2140 1189 2464 1256 ἐξήνεγκας,
2500 1191 2585 1242 ἵνα
2655 1189 2717 1258 δὴ
2761 1189 2868 1242 τῶν
2921 1188 3020 1253 τῆς
3060 1185 3338 1242 εὗσεδείας
3369 1182 3463 1248 δτι-

203 1254 394 1309 λωτῶν
449 1263 712 1330 ῥημάτων
761 1266 856 1318 καὶ
906 1271 1252 1340 γραμμάτων
1300 1275 1614 1345 ἀποστήσας
1658 1275 1786 1338 τοὺς
1831 1276 2185 1346 πειθομένους
2221 1280 2395 1349 ῥᾷστα
2452 1280 2510 1330 τὸ
2562 1280 2657 1346 τῆς
2691 1279 2790 1346 σῆς
2818 1278 3074 1338 ἁσεεείας
3107 1277 3236 1345 ἔχῃς
3265 1275 3456 1342 κιρνᾷν

201 1349 411 1417 δηλητή
423 1371 560 1420 ριον.

275 1442 406 1498 KI".
455 1446 656 1510 Ἡδέως
687 1449 730 1500 δ’
762 1451 828 1503 ἂν
855 1453 1152 1524 ἀκούσαιμι
1201 1459 1353 1527 παρὰ
1383 1457 1478 1512 σοῦ
1523 1462 1616 1516 καὶ
1659 1463 1782 1515 τίνα

204 1536 336 1586 ποτὲ
371 1536 554 1603 λέγεις
587 1535 728 1592 εἶναι
785 1544 851 1595 τὰ
904 1547 1234 1614 πράγματα,
1268 1553 1326 1602 ἐν
1375 1547 1458 1614 οἷς
1491 1554 1589 1614 τὴν
1635 1555 1790 1607 εὐσέ-

205 1623 362 1676 Εειαν
399 1628 614 1682 κεῖσθαι
665 1634 1004 1704 μετεωρίσας
1051 1641 1119 1707 τῇ
1162 1641 1457 1702 ἀντιθέσει,
1491 1641 1613 1696 εἶτα
1658 1648 1784 1714 σιγῇ

204 1717 565 1786 παρέδραμες
613 1722 930 1791 δεδηλωκὼς
979 1728 1156 1782 οὐδέν.
1223 1731 1392 1784 Τοῦτο
1454 1735 1519 1803 δὴ
1579 1736 1638 1787 τὸ
1688 1738 1787 1805 τῆς

205 1807 452 1871 ἀμαθίας
481 1812 581 1877 τῆς
610 1813 709 1882 σῆς
736 1816 928 1880 εἰωθὸς
955 1821 1328 1889 προκάλυμμα
1365 1825 1486 1877 είπὲ
1517 1827 1654 1894 πρὸς
1680 1827 1786 1878 τῶν

205 1897 314 1948 σῶν
364 1899 636 1955 άνουσίων
691 1907 784 1955 καὶ
836 1908 1204 1977 ἀνυπάρκτων
1256 1913 1550 1981 Θεοτὴτων.
1586 1916 1648 1966 Et
1689 1917 1787 1985 μὲν

203 1989 311 2054 γὰρ
365 1991 465 2059 τὴν
527 1991 680 2044 θείαν
738 1997 828 2048 καὶ
865 2000 1302 2064 τρισυπόστατον
1356 2002 1541 2070 φύσιν,
1574 2005 1690 2065 πῶς
1726 2007 1786 2057 ού

201 2077 561 2146 δεῖήλωκαςς
609 2081 772 2138 Ἀλλὰ
819 2087 965 2140 τοῦτ’
999 2090 1169 2159 εὐχῆς
1221 2093 1321 2155 μὲν
1367 2094 1538 2160 ἄξιον,
1576 2097 1786 2159 ἐλπίδος

195 2168 239 2219 δ’
266 2168 370 2218 οὐκ
405 2168 473 2220 ἂν
507 2171 684 2240 δήπου
709 2189 722 2203 ⁸
761 2175 960 2228 πολλοῦ
993 2178 1048 2229 δὲ
1082 2180 1175 2230 καὶ
1213 2179 1294 2232 δεῖ
1323 2199 1334 2213 ·
1365 2183 1425 2234 ού
1458 2188 1566 2252 γὰρ
1595 2185 1660 2255 δὴ
1693 2187 1786 2239 σὸν

203 2259 338 2326 ὀροὰ
399 2265 532 2329 περὶ
587 2263 724 2315 Θεοῦ
777 2271 993 2334 φρονεῖν
1050 2273 1144 2322 καὶ
1206 2273 1566 2341 φθέγγεσθαι.
1625 2279 1786 2330 Ἀλλὰ

204 2351 514 2418 πράγματα
551 2354 656 2425 φῂς
688 2358 848 2420 αὐτὸς
872 2361 970 2421 τὰς
1002 2363 1285 2426 ἀνουσῖους
1329 2383 1422 2418 σου
1455 2368 1658 2431 ταύτας
1692 2372 1785 2424 καὶ

203 2440 474 2508 ἀπείρους
536 2444 938 2517 θεότητας,αἷς
1005 2453 1128 2521 μήτ’
1187 2456 1286 2524 ἤδη
1339 2459 1615 2524 περίεστιν
1647 2455 1784 2513 εἶναι

206 2535 335 2602 μήτ’
391 2537 587 2590 ἔπειτά
638 2542 753 2591 ποτ’
800 2543 1017 2598 ἔσεσθαι
1043 2561 1056 2574 ο
1099 2545 1127 2597 ὃ
1178 2551 1282 2614 γάρ
1323 2549 1572 2602 ὰνούσιὸν
1601 2570 1657 2603 τε
1691 2553 1784 2604 καὶ

202 2629 486 2689 ἄκτιστον,
525 2632 634 2683 τῶν
674 2633 843 2701 μηδὲν
872 2635 1008 2694 ὅλως
1043 2638 1269 2707 μηδαμῆ
1306 2643 1574 2710 μηδαμῶς
1615 2646 1783 2697 ὄντων

201 2719 261 2782 ἐξ
311 2721 561 2789 ἀνάγκης
593 2722 793 2789 λέγοιτ’
823 2725 907 2779 ἄν.
937 2725 1171 2799 Τοιαύτη
1203 2730 1312 2782 τῶν
1356 2734 1464 2786 σῶν
1495 2736 1782 2804 δογμάτων

278 2813 541 2880 τερατεία
574 2817 664 2867 καὶ
714 2816 775 2868 τὸ
819 2817 909 2871 σὺν
952 2820 1229 2890 ἐνθύμιον,
1259 2817 1302 2876 ὧ
1354 2827 1498 2896 κακὴ
1549 2829 1780 2898 κεφαλὴ,

204 2903 419 2956 πείθειν
448 2909 732 2960 πιστεύειν
773 2903 834 2981 [ί.
881 2912 980 2966 147
1016 2912 1067 2984 υ]
1100 2916 1180 2975 εἰς
1206 2916 1265 2968 τὸ
1295 2919 1485 2987 μηδέν.
1513 2921 1634 2971 Τῶν
1677 2923 1783 2990 γάρ

201 3013 283 3047 τοι
339 2998 500 3050 θείων
557 3002 820 3070 ῥημάτων
882 3005 975 3057 καὶ
1035 3009 1384 3076 γραμμάτων
1416 3014 1782 3082 ἀνῃρημένων

203 3092 347 3142 κατὰ
390 3092 488 3160 τὴν
532 3095 634 3161 σὴν
687 3095 1033 3163 παραίνεσιν,
1068 3098 1102 3150 ἃ
1133 3099 1234 3168 τὴν
1279 3101 1388 3154 τῶν
1438 3105 1781 3171 πραγμάτων

201 3181 459 3248 δηλοῦσιν
495 3185 772 3252 ἀλήθειαν,
805 3189 889 3251 τίς
939 3189 1059 3241 ποθ’
1093 3191 1355 3259 ὁμολογία
1409 3195 1647 3256 πίστεως
1683 3200 1778 3250 καὶ
1807 3215 1851 3276 C

203 3272 370 3322 πόθεν
391 3274 456 3325 ἄν
489 3289 615 3325 ποτε
646 3275 858 3342 γένοιτο
881 3277 961 3329 ἔτι
989 3296 1002 3342 ;
1037 3279 1206 3332 Πόθεν
1235 3282 1278 3332 δ’
1300 3281 1365 3334 ἂν
1406 3285 1498 3335 καὶ
1528 3284 1613 3343 τίς
1642 3304 1778 3339 ποτε

201 3367 315 3426 τοίς
363 3365 610 3416 εὐσεϐεῖν
663 3367 907 3420 ἐθέλουσι
964 3371 1175 3435 γένοιτο
1217 3362 1434 3440 ’γνῶσις
1490 3376 1622 3428 Θεοῦ
1682 3378 1777 3430 τοῦ

202 3457 568 3525 πεποιηκότος
593 3459 766 3528 ἠμᾶςς
809 3460 966 3512 Ἀλλὰ
991 3465 1113 3532 περὶ
1143 3465 1242 3531 μὲν
1265 3467 1470 3519 τούτων
1499 3468 1578 3520 ἔτι
1609 3469 1778 3521 πολλὰ

201 3545 385 3612 λέγειν
415 3545 614 3613 ἔχοντι,
639 3549 734 3602 τοῦ
766 3551 962 3620 καιροῦ
1007 3555 1082 3623 μὴ
1113 3555 1369 3623 διδὸντος,
1409 3560 1658 3626 μετιτέον
1692 3563 1778 3628 ἐφ’

200 3638 285 3688 Ξτε
299 3655 386 3705 ρα.
436 3637 642 3692 Ἐκεῖνο
672 3642 725 3693 δὲ
755 3644 870 3705 πῶς
903 3648 1063 3710 νοεῖς,
1092 3640 1136 3699 ὦ
1162 3650 1314 3701 καινὲ
1346 3652 1584 3719 Θεολόγε,
1607 3653 1778 3720 λέγων

202 3735 266 3782 ἐκ
327 3733 440 3782 τῶν
502 3734 795 3800 ἐνεργειῶν
855 3739 1141 3806 γνωρίζειν
1177 3743 1325 3808 ἡμᾶς
1375 3743 1465 3794 τὸν
1495 3743 1668 3810 Θεόν;
1705 3747 1776 3797 Ἦ

199 3822 308 3892 γὰρ
363 3823 424 3876 οὗ
476 3827 712 3894 συνῆκας
754 3827 968 3880 ἀκούων
1017 3833 1080 3882 ἐκ
1126 3831 1235 3882 τῶν
1264 3832 1439 3900 ἔργων
1484 3836 1592 3886 τῶν
1653 3827 1777 3902 φαι-

199 3915 448 3980 νομένων
480 3917 591 3977 τοῖς
640 3916 921 3984 αἰσθητοῖς
979 3917 1282 3987 ὀφθαλμοῖς
1335 3923 1490 3990 ἡμῶν
1519 3925 1610 3976 τὸν
1644 3927 1775 3994 ἡμῖν

197 4003 260 4054 οὐ
307 4005 638 4073 φαινόμενον
689 4008 976 4075 γνωρίζειν
1025 4011 1172 4078 ἡμᾶς
1225 4010 1396 4077 Θεὸν;
1465 4015 1775 4086 Ἐνέργειαν

197 4098 308 4161 γάρ
350 4091 493 4147 εἶναι
531 4096 622 4147 καὶ
672 4097 740 4148 τὰ
797 4099 1218 4169 ἀποτελέσματα
1266 4104 1541 4157 δέδεικται
1579 4109 1774 4176 μικρὸν

198 4188 333 4254 ἡμῖν
393 4187 680 4255 πρότερον.
738 4189 846 4240 Καὶ
909 4193 973 4242 ἐκ
1037 4191 1305 4260 μεγέθους
1356 4196 1452 4248 καὶ
1509 4199 1774 4265 καλλονῆς

197 4282 526 4346 κτισμάτων
557 4276 714 4340 αὖθις
758 4281 980 4345 ἀκούεις
1013 4286 1107 4336 καὶ
1139 4285 1375 4355 ἀλλαχοῦ
1417 4287 1518 4356 τῆς
1551 4289 1773 4358 Γραφῆς

195 4370 466 4440 λεγούσης
519 4371 898 4440 θαυμάζεσθαι
944 4375 1036 4426 τὸν
1084 4376 1444 4446 Δημιουργὸν,
1485 4380 1578 4432 καὶ
1624 4381 1770 4433 τοῦτ’

198 4461 338 4516 εἶναι
397 4463 460 4516 τὸ
505 4465 632 4526 τοὺς
684 4466 951 4532 οὐρανοὺς
999 4470 1306 4536 διηγεῖσθαι
1339 4471 1439 4541 τὴν
1488 4473 1646 4539 δόξαν
1676 4473 1768 4528 τοῦ

195 4552 359 4606 Θεοῦ.
406 4555 514 4605 Καὶ
552 4555 578 4605 ὁ
610 4555 977 4624 Δαμασκηνὸς
1027 4558 1228 4626 ὁμοίως
1275 4563 1443 4629 φησὶν
1487 4563 1766 4634 Ἰωάννης,
1799 4541 1879 4600 Βὲ

1027 4558 1228 4626 ὁμοίως
1275 4563 1443 4629 φησὶν
1487 4563 1766 4634 ἰωάιννης⁹
1799 4541 1850 4600 D
1877 4563 1977 4602 nos
2008 4547 2268 4601 admirari
2317 4547 2633 4602 Creatorem
2673 4567 2686 4602 :

201 4666 221 4700 ς
268 4646 330 4700 '0
356 4649 424 4716 τῇ
463 4646 622 4714 φύσει
645 4647 876 4715 ἀόρατος
901 4648 1032 4711 Θεὸς
1076 4653 1270 4718 ὁρατὸς
1304 4656 1426 4715 ταῖς
1468 4654 1771 4722 ἐνεργείαις

195 4738 434 4802 γίνεται,
469 4740 532 4788 ὲκ
565 4738 664 4804 τῆς
691 4738 783 4790 τοῦ
833 4739 1040 4808 κόσμου
1073 4745 1388 4807 συστάσεως
1428 4748 1520 4798 καὶ
1569 4748 1768 4816 κυϐερ-

195 4829 407 4895 νήσεως
445 4825 867 4891 γινωσκόμενος.
905 4844 923 4877 ι
961 4829 1151 4895 Ὅμως
1207 4832 1573 4898 παρακατιὼν
1607 4835 1770 4902 εὑρή-

197 4934 308 4977 σεις
336 4920 432 4967 τ’,ν
476 4918 649 4983 μέγαν
681 4916 958 4970 Βασίλειον
984 4918 1078 4971 καὶ
1108 4919 1270 4974 αὑτὸν
1294 4922 1665 4990 ἑρμηνεύοντα
1701 4927 1769 4979 τὰ

193 5007 389 5060 ἑαυτοῦ
429 5011 482 5057 ἐν
511 5009 576 5075 τῇ
603 5007 740 5076 αὐτῇ
772 5007 1028 5078 ἐπιστολῇ
1048 5050 1064 5074 ,
1093 5027 1111 5059 ι
1151 5009 1247 5062 Ἐκ
1274 5011 1380 5080 γάρ
1414 5011 1711 5082 θαλάσσης,
1741 5033 1760 5066 ι

195 5095 353 5161 φησὶ,
396 5112 413 5142 ι
459 5094 553 5144 καὶ
583 5093 799 5161 ἀνέμων
827 5093 1255 5148 ὑπακουσάντων
1287 5097 1437 5166 αὖτῷ
1463 5099 1767 5167 ἐγνώρισαν

193 5187 362 5240 αὑτοῦ
406 5187 508 5255 τὴν
551 5185 782 5254 θεότητα
820 5187 867 5238 οἱ
913 5186 1226 5243 ἀπόστολοι.
1265 5190 1475 5244 Οὐκοῦν
1519 5193 1624 5245 ἀπὸ
1667 5195 1766 5262 μὲν

189 5283 300 5332 τῶν
371 5277 669 5346 ἐνεργειῶν
728 5279 760 5345 ἡ
810 5278 1030 5344 γνῶσις,
1068 5281 1130 5331 ἐκ
1168 5280 1222 5332 δὲ
1277 5280 1375 5348 τῆς
1425 5280 1680 5349 γνώσεως
1732 5285 1765 5353 ἡ

191 5370 592 5442 προσκύνησις.
637 5387 655 5418 ι
700 5367 862 5438 Ὁρᾷς
917 5369 1033 5433 πῶς
1087 5371 1150 5422 ἐκ
1205 5370 1311 5422 τῶν
1362 5372 1764 5443 ἐνεργηθέντων

191 5458 327 5526 φηςι
363 5454 662 5523 θαυμάτων
692 5469 706 5484 ⁶
743 5455 943 5512 ταὶτας
969 5457 1076 5525 γάρ
1112 5473 1276 5523 φησιν
1310 5457 1471 5521 αὐτὸς
1497 5455 1634 5512 εἶναι
1669 5461 1764 5521 τὰς

189 5546 488 5605 κατιοῦσας
521 5545 638 5615 ἦτοι
689 5542 1044 5613 δεικνυμίνας
1079 5547 1209 5613 ἡμῖν
1249 5547 1551 5615 ἐνεργείας.
1600 5547 1762 5604 Ἀλλὰ

188 5641 358 5702 δυοῖν,
415 5638 491 5698 ὡς
554 5637 720 5696 ἔοικε.
761 5639 984 5705 θάτερον
1047 5637 1203 5699 δίδως
1261 5641 1421 5691 νοεῖν.
1456 5640 1523 5691 "ll
1554 5640 1661 5709 γὰρ
1703 5643 1762 5707 ἐξ

191 5729 362 5794 ἀκοῆς
401 5726 700 5795 παροδικῆς
727 5726 966 5795 είλήφεις
995 5727 1092 5796 τὴν
1126 5728 1302 5794 ῥῆσιν,
1338 5727 1368 5798 ἢ
1408 5732 1469 5798 τῇ
1501 5731 1758 5803 ἐπιστολῇ

197 5816 443 5887 ἐντυχὼν
495 5815 558 5867 οὐ
612 5816 889 5885 συνῆκας·
945 5816 1037 5870 καὶ
1096 5816 1322 5884 πάσχεις
1382 5817 1758 5886 παραπλήσιον

1953 1463 2140 1517 XXlll.
2176 1465 2430 1518 Libenter
2456 1473 2638 1516 autem
2684 1463 2900 1515 audiam
2943 1479 2971 1514 ιι
3026 1473 3074 1515 te
3105 1462 3269 1516 etiam
3299 1476 3466 1529 quas-

1887 1567 2012 1607 nam
2057 1555 2206 1606 dicas
2249 1572 2333 1607 res
2369 1569 2511 1611 esse.
2601 1555 2652 1606 in
2706 1555 2908 1620 quibus
2972 1554 3227 1620 pietatem
3283 1552 3459 1603 inesse

1889 1655 2174 1713 postquam
2242 1647 2537 1703 deﬁnivisti
2593 1659 2648 1701 et
2727 1646 2998 1715 protulisti
3083 1643 3454 1711 Oppositione,

1889 1737 2107 1790 silentio
2140 1739 2189 1790 id
2237 1741 2549 1813 praeteristi,
2597 1756 2721 1794 cum
2773 1740 2905 1792 nihil
2971 1734 3368 1803 cxplicuisscs;
3406 1733 3458 1784 id

1892 1828 2038 1896 quod
2081 1831 2402 1897 ignorantiae
2460 1841 2564 1885 tua:
2626 1832 2844 1884 solitum
2897 1840 2975 1881 est
3047 1827 3410 1878 Velamentum
3443 1863 3459 1887 ,

1891 1919 1978 1973 dic
2011 1922 2164 1983 mihi,
2213 1932 2260 1972 te
2287 1940 2384 1973 oro
2419 1940 2515 1991 per
2577 1921 2958 1975 inessentiales
2995 1930 3114 1971 tuas
3148 1927 3200 1969 et
3271 1915 3462 1968 insub-

1887 2010 2512 2065 Stantialesdivinitates.
2533 2013 2664 2066 Nam
2695 2013 2737 2064 si
2763 2011 3001 2064 divinam
3032 2007 3278 2076 cogitasti
3301 2018 3352 2058 et
3377 2015 3460 2058 ter

1888 2101 2300 2156 substantialein
2359 2113 2629 2167 naturam,
2661 2119 2760 2156 cur
2809 2118 2915 2155 non
2973 2100 3281 2168 explieuisti
3310 2099 3451 2151 hoc?

1889 2191 1992 2245 Sed
2033 2194 2134 2248 hoc
2163 2206 2289 2249 voto
2326 2197 2574 2263 dignum.
2604 2211 2698 2263 spe
2729 2196 2879 2248 nullo
2913 2202 2972 2245 ut
3003 2193 3218 2246 videtur
3257 2191 3453 2245 modo:

1885 2296 1950 2333 ac
1979 2283 2222 2348 proici-to
2254 2283 2486 2336 multum
2513 2285 2735 2351 quidem
2770 2283 2951 2342 abest.
2995 2297 3169 2348 neque
3201 2281 3344 2333 enim
3376 2288 3460 2332 est

1889 2369 1965 2422 tui
1990 2369 2152 2439 319
2187 2372 2390 2440 ingenii
2433 2381 2577 2426 recte
2610 2372 2676 2425 de
2710 2373 2816 2424 Deo
2854 2372 3094 2439 cogitare
3125 2381 3180 2424 et
3211 2386 3460 2439 pronun-

1888 2461 2045 2514 tiare.
2104 2462 2210 2516 Sed
2244 2479 2331 2518 res
2360 2463 2474 2532 ipse
2508 2465 2647 2518 dicis
2681 2464 2778 2516 has
2841 2473 2959 2516 tuas
2991 2463 3368 2516 inessentiales
3397 2472 3456 2519 et

1888 2549 2126 2604 infinitas
2154 2551 2471 2606 divinitates
2505 2572 2517 2606 :
2553 2570 2673 2619 qua:
2702 2553 2812 2622 jam
2847 2569 2964 2606 esse
3027 2568 3197 2619 neque
3225 2560 3455 2620 possunt

1887 2657 2066 2710 neque
2093 2652 2279 2711 postea
2312 2653 2572 2711 poterunt
2601 2661 2862 2713 unquam.
2918 2643 3073 2708 Quod
3109 2645 3255 2695 enim
3310 2644 3457 2696 ines-

1886 2732 2119 2784 sentiale
2151 2741 2317 2785 estet
2376 2733 2700 2796 inrreatum,
2760 2735 3073 2787 necessario
3134 2735 3454 2785 innumero

1884 2837 2074 2876 eorum
2111 2823 2426 2890 ponendum
2454 2835 2536 2878 est
2565 2841 2685 2894 qua:
2718 2824 2855 2876 nihil
2885 2825 3110 2877 omnino
3144 2823 3254 2876 ullo
3291 2821 3454 2874 modo

1886 2923 2062 2968 sunt:
2104 2915 2240 2968 tales
2263 2925 2388 2968 sunt
2447 2915 2762 2984 dogmatum
2819 2925 3037 2967 tuorum
3076 2913 3360 2981 prmstigia:
3398 2921 3454 2966 et

1885 3003 1999 3059 haec
2037 3016 2126 3059 tua
2159 3017 2241 3059 est
2273 3021 2424 3068 cura,
2459 3021 2492 3059 ο
2520 3015 2684 3072 caput
2715 3007 2935 3063 malum.
2977 3016 3033 3057 ut
3064 3004 3295 3057 suadeas
3327 3019 3453 3056 crc-

1885 3093 2081 3150 damus
2113 3096 2165 3148 in
2204 3096 2254 3150 id
2291 3097 2438 3164 quod
2473 3096 2610 3149 nihil
2644 3106 2747 3150 est.
2794 3097 3006 3149 Etenim
3042 3095 3243 3148 divinis
3265 3093 3452 3148 verbis

1886 3195 1941 3240 et
1973 3187 2172 3240 litteris
2208 3187 2458 3249 sublatis,
2489 3194 2545 3238 ut
2589 3196 2644 3239 tu
2675 3187 2896 3246 suades,
2937 3202 3058 3253 qua:
3096 3201 3276 3238 rerum
3305 3184 3452 3238 veri-

1888 3287 2048 3331 tatem
2086 3279 2388 3342 declarant,
2423 3294 2545 3348 qua:
2579 3278 2793 3331 tandem
2830 3279 2933 3332 crit
2963 3278 3251 3331 consensio
3283 3276 3450 3340 ﬁdei,

1884 3378 1937 3423 et
1975 3370 2119 3424 unde
2181 3371 2395 3424 tandem
2454 3371 2708 3423 oriatur?
2769 3371 2922 3424 Unde
2967 3380 3021 3423 et
3072 3386 3193 3438 qua:
3233 3369 3449 3422 tandem

1885 3461 1950 3514 iis
1988 3461 2080 3529 qui
2115 3461 2374 3528 pietatem
2409 3461 2588 3514 colere
2653 3462 2869 3525 volunt,
2915 3459 3007 3512 ﬁat
3046 3460 3285 3529 cognitio
3348 3459 3444 3512 Dei

1883 3552 1976 3620 qui
2014 3567 2112 3605 nos
2143 3553 2373 3606 creavit?
2400 3552 2503 3606 Sed
2538 3567 2850 3621 quanquam
2909 3551 2976 3606 de
3036 3551 3122 3605 his
3180 3563 3446 3619 prmterea

1884 3643 2050 3696 multa
2083 3641 2266 3695 dicere
2308 3658 2551 3709 possum,
2582 3659 2705 3696 cum
2743 3653 2957 3711 tempus
3008 3658 3116 3696 non
3153 3641 3317 3707 sinat,
3376 3641 3445 3694 ad

1880 3732 1984 3784 alia
2021 3731 2414 3784 transeundum
2455 3742 2559 3785 est.
2591 3733 2745 3785 illum
2781 3741 2960 3785 autem
2987 3732 3264 3801 quomodo
3292 3730 3446 3799 cogi-

1884 3829 1985 3884 tas,
2020 3837 2053 3874 ο
2085 3836 2223 3876 nove
2259 3821 2530 3889 theologe,
2579 3839 2700 3875 cum
2725 3824 2874 3876 dicas
2906 3837 2970 3876 ex
3001 3822 3308 3876 eilicientiis
3343 3835 3446 3874 nos

1880 3925 2213 3978 cognoscere
2298 3913 2529 3965 Deum?
2587 3915 2667 3966 An
2742 3913 2890 3967 enim
2960 3928 3066 3966 non
3125 3909 3445 3966 intellexisti

1879 4017 1999 4070 qua:
2030 4003 2262 4068 audisti,
2296 4018 2362 4056 ex
2393 4003 2656 4072 operibus
2710 4004 2968 4058 nimirum
3022 4019 3143 4072 qua:
3193 4001 3444 4070 corporis

1877 4093 2052 4149 oculis
2081 4095 2286 4148 nostris
2320 4097 2744 4164 perspiciuntur,
2777 4112 3104 4166 cognoscere
3125 4111 3223 4149 nos
3247 4095 3441 4161 Deum,

1876 4185 1970 4255 qui
2008 4201 2115 4238 non
2173 4201 2201 4237 a
2255 4186 2412 4239 nobis
2461 4186 2826 4256 perspicitur?
2885 4187 3243 4242 Efficientiam
3296 4187 3440 4240 enim

1875 4291 1996 4329 esse
2024 4277 2189 4329 etiam
2220 4277 2382 4337 facta,
2411 4278 2845 4331 demonstratum
2878 4286 2963 4331 est
3017 4295 3044 4330 a
3079 4277 3241 4330 nobis
3277 4277 3440 4344 paulo

1875 4378 2057 4431 antea,
2095 4378 2149 4422 et
2180 4383 2248 4422 ex
2283 4368 2659 4438 magnitudine
2693 4379 2746 4422 et
2777 4370 3186 4437 pulchritudine
3220 4379 3439 4425 creato-

1879 4471 1998 4510 rum
2035 4472 2222 4511 rursus
2261 4459 2418 4510 audis
2443 4459 2605 4510 etiam
2633 4457 2762 4511 alibi
2791 4458 3128 4526 Scripturam
3165 4460 3438 4513 dicentem

2741 4559 2906 4617 atque
2963 4559 3067 4603 hoc
3106 4551 3235 4603 illud
3290 4566 3436 4616 esse,

1874 4639 2020 4708 quod
2050 4639 2174 4694 εαξη
2205 4649 2466 4692 enarrant
2520 4640 2747 4708 gloriam
2796 4641 2916 4695 Dei.
2981 4641 3048 4695 Et
3077 4643 3329 4696 similiter
3357 4645 3435 4697 ait

1871 4729 2105 4784 Joannes
2184 4731 2547 4783 Damascenus
2585 4748 2597 4782 :
2637 4731 2829 4800 qDeus
2889 4741 3082 4785 natura
3145 4734 3434 4788 invisibilis

1871 4821 2126 4888 operibus
2176 4821 2407 4875 visibilis
2439 4822 2514 4884 iit,
2545 4823 2615 4874 ita
2650 4831 2706 4875 ut
2743 4837 2773 4875 e
2806 4823 2994 4876 mundi
3034 4826 3435 4893 compositione

1871 4922 1926 4964 et
1953 4912 2352 4979 gubernatione
2417 4911 2673 4981 cognosci
2716 4915 2907 4981 possit.
2951 4933 2967 4964 ι
3003 4915 3165 4986 320
3223 4917 3430 4972 Tamen

1870 5001 2222 5071 progrediens
2252 5002 2496 5070 reperies
2546 5003 2801 5056 Basilium
2844 5018 3096 5072 magnum
3146 5016 3200 5059 et
3242 5006 3425 5074 ipsum

1870 5091 2434 5160 interpretantemsua
2463 5093 2632 5160 ipsius
2663 5094 2822 5147 verba
2857 5094 2910 5147 in
2943 5096 3128 5148 eadem
3157 5098 3426 5165 epistola:

1873 5182 1946 5236 iE
1977 5183 2109 5235 mari
2151 5181 2319 5246 enim,
2351 5182 2546 5250 inquit,
2576 5191 2629 5235 et
2670 5183 2870 5247 ventis,
2899 5200 3016 5252 quae
3042 5186 3090 5239 ei
3140 5188 3426 5254 parebant,

1865 5273 1983 5342 ejus
2034 5272 2370 5327 divinitatem
2423 5274 2650 5340 apostoli
2696 5286 3088 5342 cognoverunt;
3159 5294 3290 5348 ergo
3358 5281 3428 5337 ab

1864 5363 2169 5417 eﬂicieutiis
2217 5362 2436 5431 quidem
2471 5372 2593 5416 nata
2617 5372 2701 5417 est
2734 5365 2976 5436 cognitio
3011 5385 3024 5421 :
3057 5384 3084 5421 a
3115 5371 3425 5438 cognitione

1869 5465 2050 5507 autem
2110 5453 2377 5506 adoratio.
2420 5471 2436 5503 ι
2507 5453 2669 5508 Vides
2699 5469 2822 5507 eum
2859 5458 3038 5511 dicere
3085 5461 3426 5521 ejniraculis

1864 5544 2112 5614 patratis,
2169 5543 2266 5596 has
2297 5545 2442 5597 enim
2476 5544 2608 5596 dicit
2646 5544 2735 5598 ille
2761 5562 2879 5600 esse
2932 5548 3251 5606 efﬁcientias
3311 5557 3426 5612 sive

1863 5636 2254 5692 descendentes
2305 5637 2417 5690 sive
2487 5646 2813 5691 monstratas
2863 5641 3061 5697 nobis.
3116 5644 3220 5700 Sed
3260 5647 3426 5702 alter-

1863 5740 2044 5784 utrum
2079 5728 2282 5783 videris
2310 5729 2438 5782 dare
2466 5729 2622 5784 nobis
2650 5732 3045 5786 meditandum.
3072 5735 3178 5788 Aut
3209 5739 3356 5792 enim
3391 5755 3422 5795 e

1863 5829 2001 5880 [anna
2033 5820 2232 5875 cursim
2277 5819 2552 5889 arripuisti
2589 5838 2897 5879 sermonem
2926 5833 3020 5878 aut
3044 5829 3095 5881 iu
3130 5829 3420 5897 epistolam
