4264 6362
221 353 325 415 293

212 741 525 803 τηνικαῦτα
575 744 645 796 τά
679 746 877 812 ἄτοπα,
943 751 1082 820 μήτε
1110 753 1307 809 δεδιότι
1361 761 1488 830 μήτ’
1538 741 1791 832 αἰσχυνο-

216 829 367 896 μένῳ
395 844 409 857 ·
462 832 689 899 στόματι
731 837 832 905 μὲν
865 840 970 909 γὰρ
1001 843 1139 912 πρὸς
1171 844 1303 901 Θεὸν
1337 829 1679 922 βλασφη
1702 860 1792 909 οὑ-

208 916 356 986 δαμῆ
400 921 627 987 ἐδεδίει,
677 931 921 996 σχήματι
976 932 1023 986 δ’
1076 934 1300 1007 άσέμνῳ
1332 939 1430 994 τοῦ
1479 916 1788 1013 μεμηνότος

205 1009 424 1063 ἐκείνου
484 1014 766 1083 χρώμενος
822 1020 994 1090 ἧθους
1036 1024 1132 1078 ἐπὶ
1168 1028 1441 1084 τοσούτων
1481 1009 1785 1105 *ὀφθαλμῶν

204 1101 417 1172 οὐδαμῆ
454 1122 517 1172 γε
555 1108 845 1179 ῂτχύνετο.
884 1115 996 1167 Καὶ
1025 1116 1167 1187 ὅπερ
1192 1120 1285 1173 ἐπὶ
1318 1125 1416 1193 τῆς
1461 1101 1784 1195 Τροίας-Ὀ-

201 1190 437 1256 δυσσεὺς
464 1197 671 1260 ἐκεῖνος
701 1202 870 1255 πάλαι
893 1205 987 1259 τὸν
1013 1190 1381 1279 ἀκριτόμυθον
1408 1190 1781 1288 τοῦ-Ὀμήρου

203 1283 484 1355 Θερσίτην
515 1290 798 1357 χλευάζων
842 1296 1112 1367 ἠπείλησε
1159 1299 1314 1371 δρᾷν,
1361 1283 1779 1363 άποδύσείνηεῖ-

202 1394 351 1441 ματα
411 1380 556 1449 λέγω
603 1384 754 1452 φίλα,
783 1387 851 1443 τά
898 1389 946 1443 τ’
994 1392 1128 1444 αίδὼ
1172 1394 1603 1463 ἀμφικαλύπτει,
1631 1400 1779 1453 τοῦτ’

188 1474 414 1537 ⁷ἒκ-ἰνο;
465 1479 586 1532 καθ’
618 1481 815 1535 ἑαυτοῦ
870 1484 1013 1551 δρῶν
1068 1487 1315 1557 ἀτεχνῶς
1346 1493 1447 1544 οὐκ
1486 1493 1771 1563 ᾐσθάνετο.

194 1567 385 1619 Ταῦτα
430 1573 523 1621 καὶ
552 1574 796 1643 μήπάνυ
831 1577 1190 1644 γελασείοντα
1225 1582 1319 1636 τὸν
1363 1584 1648 1653 Γρηγορᾶν
1684 1590 1776 1654 γε·

192 1659 361 1711 ὶάσαι
389 1664 686 1733 πεποίηκε,
718 1668 811 1719 καὶ
849 1671 1137 1738 είρωνικόν
1166 1689 1287 1725 τινα
1316 1675 1595 1745 ὀφθαλμὸν
1624 1680 1773 1749 αὐτῷ

189 1749 568 1819 ἑπιρῤίψαντα
612 1755 775 1821 φάναι
808 1759 1015 1810 τοιαδί*
1072 1779 1090 1811 ι
1136 1763 1275 1828 Ἐγὼ
1303 1764 1360 1816 δέ
1405 1781 1463 1816 σε
1490 1766 1589 1834 τῆς
1625 1770 1769 1837 ἅμα.

189 1840 313 1900 θίας
359 1843 460 1895 καὶ
506 1846 783 1910 ἀναιδείας
832 1852 1144 1921 οἰκτείρων,
1194 1855 1467 1925 ἄνθρωπε,
1502 1854 1763 1929 βούλομαι
1797 1841 1840 1899 Β

188 1934 282 1984 καὶ
311 1933 431 1999 νῦν,
478 1937 650 1991 ὁπόσα
686 1939 785 2010 τὴν
829 1942 926 2011 τῆς
972 1944 1160 2011 σοφίας
1202 1948 1388 2017 φωνὴν
1430 1951 1633 2019 διαιρεῖ
1661 1970 1760 2022 ση-

188 2027 520 2096 μαινόμενα,
555 2033 779 2098 προθεὶς
817 2035 960 2087 κατά
984 2037 1110 2099 τοὺς
1140 2040 1242 2108 τῆς
1271 2044 1580 2113 ἐπιστήμης
1621 2046 1764 2097 διδά-

185 2116 273 2179 ξαι
306 2118 525 2184 λόγους,
577 2121 653 2185 ὡς
695 2123 761 2174 ἂν
790 2126 966 2194 μάθῃς
994 2128 1244 2181 ἐντεῦθεν
1286 2134 1364 2193 είς
1396 2133 1520 2185 ὅσον
1546 2134 1760 2189 ἐλαύνει

182 2211 387 2270 κακίας
418 2209 751 2281 βωμολοχεῖν
784 2218 874 2268 καὶ
898 2217 1207 2272 διαϐάλλειν
1236 2222 1461 2291 άναίδην
1484 2226 1758 2292 τὰςθείὰς

184 2298 435 2367 Γραςὰς.
473 2301 895 2373 Ἀκολουθητέον
928 2305 1020 2361 οὖν
1056 2313 1184 2379 ἡμῖν
1215 2316 1329 2364 ἐστι
1364 2318 1426 2383 τῇ
1460 2316 1566 2367 τῶν
1598 2318 1757 2369 θείων

182 2392 455 2460 Πατέρων
492 2396 768 2450 κάνταῦθα
810 2400 1155 2472 διδασκαλίᾳ.
1187 2405 1403 2457 Nasica:
1450 2408 1544 2475 μὲν
1575 2409 1682 2477 γὰρ
1722 2413 1753 2478 ή

182 2482 350 2547 σοφία
392 2484 557 2551 διχῶς
605 2489 746 2541 κατᾶ
779 2490 841 2541 τὸ
880 2493 1098 2545 κτιστὸν
1134 2495 1314 2547 καὶτὸ
1342 2498 1609 2550 ἄκτιστονη
1649 2502 1754 2552 Καὶ

182 2571 381 2639 κτιστὴ
436 2575 537 2639 μὲν
583 2570 801 2643 λέγεταί
854 2584 1012 2648 σοφία
1063 2585 1096 2651 ἦ
1128 2603 1185 2635 τε
1221 2588 1565 2658 ἐντεθειμένη
1616 2595 1752 2660 πρὶς

180 2663 319 2714 Θεοῦ
351 2666 447 2715 καὶ
471 2672 988 2740 συναπειργασμένη
1014 2677 1124 2735 τοῖς
1154 2677 1469 2745 κτίσμασιν,
1503 2680 1586 2732 ἵνα
1615 2684 1751 2750 σοφὰ

181 2771 238 2806 τε
283 2758 430 2809 κατᾶ
482 2760 570 2811 τὸν
602 2762 776 2829 μέγαν
820 2764 1142 2818 Ἀθανάτων
1192 2774 1450 2838 φαίνηται
1484 2776 1620 2826 πᾶσι
1657 2778 1748 2829 καὶ

182 2847 298 2912 ἅμα
336 2848 432 2898 τοῦ
458 2854 817 2920 πεποιηκότος
848 2856 992 2919 ἄξια.
1020 2860 1156 2911 Καθ’
1179 2861 1206 2911 ὃ
1234 2866 1632 2932 σημαινόμενον
1657 2871 1748 2920 καὶ

181 2936 351 2986 Δαίῖὶδ
377 2936 503 2998 τούς
538 2955 595 2990 τε
627 2942 889 3008 οὐρανοὺς
924 2946 1017 3014 τὴν
1048 2949 1141 2999 τοῦ
1166 2950 1298 3002 Θεοῦ
1329 2953 1633 3020 διηγεῖσθαι
1660 2958 1745 3010 δό-

180 3025 271 3088 ξαν
306 3032 478 3096 φησὶν
508 3031 791 3101 ἀλαλήτοις
828 3042 1052 3102 φωναῖς,
1111 3040 1203 3092 καὶ
1254 3042 1367 3109 ἆμα
1400 3048 1580 3099 πᾶσαν
1612 3065 1739 3116 προ-

176 3119 445 3183 τρέπεται
470 3123 645 3174 κτίσιν
676 3126 750 3184 εἰς
777 3124 945 3193 ὕμνον
975 3131 1109 3182 Θεοῦ
1136 3134 1233 3200 ὅση
1265 3134 1372 3185 τῶν
1404 3137 1663 3205 ἐμψύχων
1684 3158 1742 3191 τε

177 3210 269 3259 καὶ
302 3210 402 3279 μὴ,
441 3214 530 3263 καὶ
557 3215 656 3283 ὅση
696 3216 804 3267 τῶν
832 3218 1167 3287 αἰσθητικῶν
1198 3225 1292 3275 καὶ
1318 3228 1413 3295 μή.
1450 3228 1553 3281 Καὶ
1592 3231 1669 3280 ἔτι

174 3301 286 3360 τοῖς
316 3300 724 3371 διδασκομένοις
753 3308 1017 3376 ἐντέχνως
1060 3315 1121 3364 ἐκ
1153 3318 1613 3387 προϋπαρχούσης
1651 3322 1738 3385 γί-

173 3405 329 3439 νεται
361 3391 635 3455 γνώσεως.
673 3390 814 3466 Ἐνῇ
862 3398 922 3447 τὸ
956 3400 1152 3452 εἰδέναι
1193 3406 1285 3454 καὶ
1321 3405 1379 3455 τὸ
1418 3409 1738 3460 ἐπίστασθαι

169 3478 418 3547 ἔχοντας,
450 3484 734 3548 δεκτικοὺς
764 3490 860 3555 τῆς
890 3490 1224 3559 δημιουργοῦ
1248 3495 1355 3546 τῶν
1377 3498 1514 3547 ὅλων
1546 3498 1739 3564 σοφίας

168 3571 317 3639 ἡμᾶς
348 3574 397 3623 οἱ
441 3571 574 3624 θεῖοι
605 3575 847 3644 Πατέρες
889 3579 1155 3643 φάσκουσι
1204 3582 1445 3650 γίνεσθαι
1481 3585 1569 3637 τὸν
1606 3588 1735 3637 ἐκά-

168 3679 319 3724 στοις
347 3664 539 3716 ἐνόντα
566 3668 785 3731 τρόπον.
822 3670 931 3724 Καὶ
965 3672 1025 3722 τὸ
1067 3676 1308 3738 γνωστὸν
1346 3674 1440 3726 τοῦ
1466 3677 1599 3730 Θεοῦ
1635 3697 1736 3745 φα-

164 3752 325 3823 νερὸν
378 3754 467 3804 διά
511 3754 621 3807 τῶν
667 3759 1003 3827 κτισμάτων.
1040 3762 1327 3826 Ἀκτιστος
1371 3766 1425 3817 δὲ
1488 3769 1648 3835 σοφία
1703 3770 1731 3821 ὀ

170 3842 303 3907 Υἱὸς
330 3846 428 3897 καὶ
455 3847 627 3912 Λόγος
652 3847 745 3900 τοῦ
772 3849 926 3912 Θεοῦ,
951 3852 1019 3904 δι’
1051 3848 1117 3922 ἦς
1148 3857 1239 3906 καὶ
1279 3858 1338 3907 ὲν
1372 3850 1405 3928 ᾖ
1439 3860 1506 3909 τὰ
1551 3861 1731 3913 πάντα

166 3938 385 4004 γέγονε.
419 3938 564 4006 Πλὴν
595 3938 716 4007 οὐχὶ
743 3941 918 4009 τούτῳ
948 3943 1120 4009 Λόγος
1146 3946 1178 4011 ἢ
1216 3947 1342 4008 Υἱὸς
1366 3943 1410 4015 ᾧ
1430 3953 1523 4002 καὶ
1546 3955 1726 4020 σοφία.

168 4027 236 4079 Ἦ
276 4028 378 4096 μὲν
414 4029 521 4099 γὰρ
550 4030 676 4092 Υἱὸς
707 4033 799 4084 καὶ
832 4034 1000 4101 Λόγος
1033 4035 1097 4104 [Γ.
1135 4038 1229 4092 151
1267 4039 1343 4110 υ.]
1378 4044 1531 4108 φωνὴ
1566 4048 1726 4113 μονό-

156 4132 366 4182 τροπον
398 4117 513 4184 ἔχει
547 4119 652 4185 τὴν
682 4123 961 4189 σημασίαν
980 4126 1072 4175 καὶ
1093 4127 1433 4199 ἀναφορικὴν
1466 4133 1603 4201 πρὸς
1630 4135 1723 4187 τὸν

161 4209 404 4275 Πατέρα,
439 4210 472 4275 ἡ
518 4208 573 4260 δὲ
601 4210 703 4278 τῆς
738 4212 930 4279 σοφίας
957 4214 1172 4285 διπλῆν.
1207 4220 1442 4286 Λέγεται
1476 4223 1725 4296 μὲνγὰρ

154 4300 250 4351 καὶ
304 4299 428 4351 καθ’
469 4299 605 4352 αὐτὸ
642 4304 803 4369 σοφία
855 4305 1297 4377 καθολικωτέραν
1344 4311 1467 4381 ἔχον
1498 4316 1597 4384 τὴν
1641 4319 1727 4371 ἔν-

154 4406 328 4449 νοιαν,
374 4388 465 4439 ὅτε
486 4390 682 4442 ταυτὸν
709 4392 792 4459 εῐη
832 4392 1018 4460 σαφῶς
1044 4399 1108 4461 τῇ
1131 4397 1293 4467 οὐσίᾳ
1326 4403 1421 4452 καὶ
1456 4401 1604 4455 τοῦτ’
1636 4406 1724 4474 εἴη

150 4476 211 4527 τὸ
236 4472 381 4528 εἶναι
418 4477 592 4550 ταύτῃ
637 4478 666 4530 δ
701 4480 762 4532 τὸ
812 4483 1005 4550 σοφίαν
1050 4481 1187 4537 εἶναι
1215 4489 1358 4540 κατὰ
1401 4491 1493 4543 τὸν
1526 4492 1617 4545 τοῦ
1650 4472 1724 4545 si;

149 4567 275 4630 δους
321 4569 502 4620 είτουν
538 4570 631 4621 τὸν
674 4569 775 4640 τῆς
825 4571 1041 4640 φύσεως
1076 4575 1507 4651 καθολικώτερον
1543 4582 1719 4653 λόγον,

149 4660 239 4711 ὅτε
275 4660 445 4726 σοφία
474 4660 724 4715 καλεῖται
765 4666 793 4716 ὁ
825 4665 1018 4736 Πατὴρ
1051 4668 1147 4719 καὶ
1173 4670 1202 4720 ὁ
1234 4670 1361 4733 Υἱὸς
1389 4676 1587 4747 ὁμοίως
1616 4677 1722 4729 ῶσ-

149 4734 259 4819 ττερ
317 4752 417 4802 καὶ
464 4751 624 4803 οὐσία
680 4755 942 4821 ἑκάτερα.
968 4734 1238 4825 νΛέγεται
1275 4762 1333 4814 δὲ
1366 4734 1529 4832 σοφία
1557 4734 1651 4819 καὶ
1686 4769 1719 4837 ἡ

150 4842 459 4903 ὑπδστασις
500 4846 566 4897 ἐκ
603 4846 699 4898 τοῦ
736 4849 1174 4922 καθολικωτέρου
1204 4852 1557 4923 λαμϐάνουσα
1594 4860 1717 4913 τοῦ·

144 4949 313 4999 νομα,
345 4932 537 5002 ῶσπερ
570 4933 666 4986 καὶ
706 4935 993 5005 ἄνθρωπόν
1026 4958 1206 5009 φαμεν
1237 4945 1452 5008 εἰδικῶς
1494 4951 1589 5001 καὶ
1622 4965 1719 5003 κα·

144 5021 303 5074 θόλου
338 5024 440 5089 τὴν
484 5021 673 5074 οὐσίαν
715 5026 809 5077 καὶ
854 5029 1035 5094 φύσιν,
1077 5032 1254 5083 εῑτουν
1297 5034 1420 5085 καθ’
1456 5036 1587 5089 αὐτὸ
1620 5038 1717 5090 καὶ

142 5114 348 5181 κυρίως,
401 5114 498 5165 καὶ
551 5114 759 5183 οὐδαμῆ
812 5120 948 5186 πρὸς
989 5120 1194 5190 ἕτερον,
1246 5122 1360 5176 ἐστι
1410 5125 1455 5176 δ’
1490 5126 1579 5178 ὅτε
1615 5132 1710 5180 καὶ

141 5206 296 5271 τήνδε
320 5206 423 5271 τὴν
452 5205 772 5271 ὑπόστασιν,
804 5209 895 5261 τὸν
928 5211 1135 5280 Πέτρον
1175 5214 1398 5284 δηλαδή,
1430 5219 1488 5269 τὸ
1513 5220 1713 5273 είδικόν

140 5313 197 5346 τε
232 5298 328 5348 καὶ
358 5296 797 5368 καθολικώτερον
821 5302 991 5368 ὄνομα
1023 5306 1102 5366 εἰς
1145 5307 1205 5358 τὸ
1241 5313 1590 5377 προσωπικὸν
1618 5316 1712 5366 καὶ

143 5387 347 5447 ἰῦιαξον
408 5391 826 5457 μεταφέροντες.
864 5394 937 5447 Οὐ
989 5397 1099 5464 γάρ
1126 5399 1275 5449 ἐστιν
1308 5399 1584 5455 ἰδιώτατον
1615 5422 1710 5457 πε-

140 5481 521 5549 ρικλειόμενον
570 5485 802 5553 ⁴ίισοφία
854 5490 981 5553 τινὶ,
1037 5490 1146 5541 οὐδ’
1199 5492 1528 5564 ἁναφορικὸν
1560 5496 1635 5559 ὡς
1681 5501 1708 5548 ὁ

127 5572 254 5632 -ιὶος
294 5574 433 5641 πρὸς
460 5573 551 5626 τὸν
576 5579 781 5645 πατέρα
819 5584 908 5630 καὶ
937 5583 962 5632 ό
994 5581 1146 5647 λόγος
1178 5586 1313 5648 πρὸς
1343 5586 1432 5636 τὸν
1462 5580 1522 5637 οὗ
1553 5589 1705 5655 λόγος

138 5663 287 5711 ἐστιν
319 5668 439 5714 εστὶ
486 5668 649 5726 νοῦς·
694 5670 884 5737 τὰμὲν
916 5678 1023 5741 γὰρ
1076 5676 1308 5744 ούσιώδη
1358 5680 1451 5729 καὶ
1502 5683 1705 5745 φυσικὰ

140 5754 608 5824 περιεκτικώτερά
630 5762 733 5810 είσι
766 5764 855 5812 καὶ
888 5767 1081 5830 ἄφετον
1109 5769 1217 5834 ἔχει
1249 5772 1343 5837 τὴν
1371 5770 1600 5836 ἔννοιαν,
1636 5777 1703 5828 τὰ

1240 372 1676 438 ΒΥΖΑΝΤΙΝιΕ
1719 382 2102 448 ΗΙΞΤΟΒΙΛΞ
2151 394 2286 457 UB.
2338 399 2513 459 XXX.

222 466 427 519 οὕτω.τί
469 472 927 541 παραδεικνύντα,
959 479 1231 549 δήπουθεν
1272 483 1392 537 ὁδοῦ
1418 489 1693 558 πάρεργον
1724 495 1797 545 εί·
1826 524 1840 557 Α

1764 495 1797 545 ἱ·
1826 499 1873 557 Α
1900 500 2196 558 advertens
2245 510 2336 574 qui

219 558 365 621 πεῖν,
396 558 461 610 ού
488 561 582 614 τὸν
614 563 739 616 νοῦν
768 565 1074 636 ὲφιστάνθ“,
1108 570 1184 636 ώς
1214 573 1412 643 ἔοικεν,
1441 579 1648 652 οὐδαμῆ
1680 584 1795 646 τοῖς

216 648 543 716 δρωμένοις.
581 655 690 709 Καὶ
736 656 831 709 δύο
864 660 1007 715 κατὰ
1050 665 1251 718 ταυτὸν
1291 648 1795 745 ἑτολμᾶτολτανδρὶ

2384 522 2502 565 erat
2548 513 2669 582 ejus
2716 533 2834 573 mos
2877 523 2987 577 ullo
3034 528 3195 584 modo
3245 532 3312 590 iis
3346 553 3467 607 qua:

1900 588 2210 649 ﬁebantzet
2237 596 2346 652 duo
2366 618 2520 670 asque
2553 614 2665 659 tum
2701 611 2938 667 audebat
2970 617 3250 685 virinepta
3285 588 3464 698 neque

1899 680 2095 737 timens
2127 700 2304 754 neque
2331 705 2545 745 verens.
2579 695 2686 751 Ore
2728 700 2872 754 enim
2906 715 3093 761 contra
3134 710 3303 767 Deum
3329 733 3462 774 con-

1895 770 2102 827 vicians
2157 778 2309 831 nuilo
2373 786 2533 836 modo
2611 788 2807 845 timore
2851 798 3203 864 capiebatur;
3263 808 3456 865 habitu

1891 873 2072 918 autem
2127 867 2415 923 inhonesto
2469 872 2702 931 furculis
2740 882 2885 937 illius
2941 892 3018 942 uti
3064 899 3230 951 muris
3269 904 3455 956 coram

1890 954 2069 1009 oculis
2128 966 2207 1012 tot
2242 976 2350 1013 non
2390 965 2705 1022 verebatur.
2765 973 2829 1026 Et
2864 981 3009 1045 quod
3067 995 3193 1039 ante
3237 988 3451 1059 Trojam

1893 1044 2113 1116 Ulysses
2154 1049 2243 1104 ille
2276 1054 2402 1107 olim
2442 1055 2659 1115 Homeri
2691 1044 2981 1122 Thersiten
3030 1078 3311 1142 garrulum
3357 1083 3453 1136 de-

1887 1135 2085 1194 ludeus
2153 1140 2423 1200 facturum
2497 1166 2556 1204 se
2612 1169 2733 1210 esse
2799 1159 3037 1214 minatus
3084 1176 3185 1231 est,
3256 1182 3451 1226 exutu-

1885 1243 2003 1282 rum
2065 1232 2324 1289 nimirum
2383 1242 2703 1300 vestimenta
2769 1261 2964 1318 grata,
3029 1271 3150 1324 quae
3200 1266 3446 1319 membra

1882 1313 2345 1394 pudenda'332
2396 1330 2597 1395 velant,
2657 1313 2907 1395 hoc'ille
2951 1313 3255 1402 ise-facere

1884 1418 1964 1464 tra
2008 1428 2066 1467 se
2128 1418 2352 1474 omnino
2419 1439 2529 1479 non
2589 1428 3079 1491 animadvertebat.
3137 1440 3261 1497 Ηιεε
3312 1446 3449 1500 Grv-

1877 1517 2065 1571 goram
2112 1513 2363 1576 quamvis
2400 1517 2626 1573 omnino
2675 1537 2783 1575 non
2834 1525 3016 1580 ridere
3052 1531 3321 1587 volentem
3369 1539 3435 1590 ad

1876 1593 2169 1651 ridendum
2213 1600 2586 1672 adduxerunt,
2613 1620 2668 1663 et
2712 1622 2772 1665 ut
2818 1618 3039 1671 oeulum
3087 1624 3437 1680 cavillantem

1876 1686 1929 1739 in
1953 1702 2077 1741 eum
2110 1694 2410 1762 conjiciens
2442 1697 2555 1753 haec
2587 1700 2798 1757 diceret
2828 1721 2841 1756 :
2883 1708 3146 1776 Equidem
3185 1715 3441 1783 ignorati-

1877 1776 2007 1830 tiam
2042 1787 2187 1834 tuam
2219 1792 2274 1837 et
2312 1785 2709 1856 impudentiam
2745 1797 3035 1863 miserans,
3066 1805 3260 1867 amice,
3292 1824 3439 1862 nunc

1867 1878 2085 1933 quoque
2123 1870 2245 1921 volo
2292 1888 2482 1930 omnes
2514 1894 2856 1952 quaecunque
2898 1904 3090 1942 vocem
3144 1896 3433 1962 sapientia:

1864 1953 2117 2010 dividunt
2146 1960 2573 2028 signiﬁcationes
2606 1974 2890 2039 proferens
2924 1988 3224 2037 secundum
3257 1988 3434 2041 scien—

1864 2045 1950 2101 tia:
1976 2050 2243 2104 rationem
2280 2066 2329 2108 te
2360 2057 2557 2114 docere
2584 2080 2596 2115 :
2630 2076 2688 2116 ut
2714 2066 2838 2122 inde
2860 2070 3061 2139 discas,
3095 2076 3146 2127 in
3170 2090 3428 2145 quantam

1859 2141 2184 2207 pravitatem
2220 2148 2473 2216 adigatur
2514 2154 2557 2207 si
2583 2158 2709 2224 quis
2745 2172 2980 2228 nugatus
3013 2182 3291 2234 pervertat
3323 2174 3429 2226 imo

1858 2231 2493 2308 pudenter.Scripturas
2548 2246 2782 2303 divinas.
2847 2231 3197 2327 Sequeudum
3265 2264 3430 2330 igitur

1856 2331 1941 2375 est
1972 2325 2129 2378 nobis
2176 2328 2480 2386 divinorum
2511 2337 2731 2391 Patrum
2766 2342 2854 2395 hic
2879 2325 3095 2415 quoque
3116 2352 3428 2410 institutio-

1857 2426 2002 2464 nem.
2038 2414 2367 2487 lntelligitur
2398 2425 2542 2477 enim
2577 2430 2843 2497 sapientia
2878 2414 3171 2505 dupliciter
3229 2459 3425 2497 secun-

1855 2502 1981 2555 dum
2015 2518 2255 2563 creatum
2289 2524 2344 2566 et
2377 2516 2701 2584 increatum,
2764 2534 2927 2594 atque
2974 2541 3154 2585 creata
3198 2534 3419 2602 quidem

1854 2594 2055 2649 dicitur
2086 2602 2351 2669 sapientia
2404 2624 2467 2660 ea
2500 2626 2623 2677 qua:
2653 2614 2834 2669 infusa
2866 2628 2949 2671 est
3006 2638 3033 2674 a
3070 2621 3177 2676 Deo
3231 2626 3422 2681 simul-

1852 2698 1958 2753 que
1988 2690 2236 2744 confecta
2262 2699 2485 2760 creatis,
2544 2713 2600 2753 ut
2660 2706 2926 2769 sapientia
2978 2710 3068 2764 illa
3115 2717 3418 2771 secundum

1850 2776 2213 2834 Athanasium
2261 2799 2514 2855 magnum
2560 2795 2816 2849 omnibus
2850 2800 3170 2856 viderentur
3232 2807 3420 2862 simul-

1849 2880 1956 2933 que
1984 2868 2247 2926 Creatore
2270 2875 2428 2943 digna
2462 2898 2475 2932 :
2507 2886 2808 2938 secundum
2843 2905 3006 2957 quam
3058 2895 3417 2964 signiﬁcatio-

1850 2975 1973 3012 nem
2011 2964 2174 3017 etiam
2212 2967 2375 3022 David
2408 2973 2577 3027 caelos
2608 2992 2869 3034 enarrare
2933 2984 3027 3037 Dei
3074 2988 3302 3053 gloriam
3336 2990 3419 3043 di-

1846 3052 1921 3104 cit
1956 3055 2123 3109 mutis
2152 3056 2371 3125 linguis.
2425 3062 2707 3135 Simulque
2757 3078 2938 3126 omnia
2981 3089 3162 3131 creata
3214 3082 3412 3135 cohor-

1770 3185 1817 3239 Ο
1850 3152 1995 3195 tatur
2033 3146 2100 3198 ad
2156 3149 2326 3202 Deum
2384 3154 2795 3221 celebrandum,
2850 3178 3192 3235 quacunque
3233 3174 3409 3227 anima

1846 3235 2069 3302 praedita
2118 3248 2173 3291 et
2202 3240 2482 3308 destituta,
2519 3262 2859 3318 quaecunque
2896 3269 3058 3309 sensu
3116 3272 3242 3312 sunt
3269 3278 3411 3330 pne-

1842 3329 1953 3380 dila
1985 3337 2041 3381 el
2068 3331 2353 3394 destituta,
2381 3345 2434 3389 et
2462 3353 2626 3405 porro
2649 3356 2744 3395 eos
2776 3346 2869 3411 qui
2904 3347 3064 3401 docte
3113 3352 3409 3407 instituun-

1845 3428 1933 3470 tur
1972 3437 2039 3472 ex
2091 3426 2406 3492 cognitione
2460 3441 2617 3483 antea
2669 3434 2952 3490 substante
2987 3457 3000 3493 :
3030 3440 3081 3493 in
3135 3460 3240 3511 qua
3283 3462 3405 3501 cum

1841 3507 2121 3562 scientiam
2144 3523 2196 3563 et
2227 3514 2644 3583 intelligentiam
2718 3524 3019 3581 habeamus
3080 3536 3261 3587 testari
3305 3552 3407 3592 nos

1838 3599 2159 3663 Sapientiam
2196 3606 2381 3659 omnia
2434 3622 2710 3664 creantem
2766 3630 2866 3668 suo
2916 3635 3189 3689 quemque
3240 3627 3404 3679 insito

1840 3701 1993 3739 more
2020 3689 2206 3746 Patres
2236 3694 2404 3748 divini
2459 3702 2837 3769 contendunt;
2897 3724 2961 3760 ae
3029 3727 3148 3779 qum
3210 3716 3261 3768 in
3294 3716 3403 3771 Deo

1838 3777 2089 3841 cognosci
2120 3793 2347 3847 possunt
2372 3784 2515 3840 clara
2547 3799 2674 3842 sunt
2732 3799 2932 3851 creatis
2960 3814 2972 3860 ;
3036 3800 3275 3856 iucrea.a
3305 3822 3403 3857 au-

1839 3875 1945 3919 tem
1978 3878 2061 3921 est
2106 3873 2370 3938 sapientia
2408 3877 2575 3931 Filius
2626 3891 2681 3934 et
2719 3885 2951 3940 Verbum
2981 3891 3094 3951 Dei,
3129 3908 3232 3962 qua
3263 3906 3319 3948 et
3346 3900 3396 3950 iu

1835 3972 1941 4024 qua
1970 3960 2223 4014 universa
2258 3963 2397 4019 facta
2431 3978 2577 4023 sunt.
2608 3973 2710 4026 Sed
2744 3992 2851 4030 non
2902 3990 2982 4034 est
3019 3960 3194 4037 eidem
3236 3989 3396 4059 333

1836 4062 2052 4117 semper
2089 4054 2315 4107 verbum
2348 4071 2439 4109 aut
2476 4059 2643 4115 Filius
2674 4068 2761 4118 cui
2789 4071 3075 4137 sapientia.
3108 4076 3219 4130 Vox
3249 4083 3394 4135 enim

1834 4134 1960 4189 Filii
2022 4148 2078 4192 et
2130 4142 2292 4197 Verbi
2368 4147 2667 4215 simplicem
2721 4134 2883 4210 habet
2941 4161 3392 4229 signiﬁcationem

1831 4235 1887 4279 et
1928 4227 1995 4280 ad
2025 4229 2242 4286 Patrem
2293 4236 2518 4291 relatam
2554 4257 2567 4291 :
2603 4246 2886 4311 sapientia).
2934 4227 3115 4305 autem
3162 4272 3264 4309 vox
3298 4260 3398 4312 du-

1831 4319 2047 4386 plicem.
2078 4323 2286 4379 Dicitur
2310 4332 2456 4382 enim
2493 4347 2589 4399 per
2658 4351 2716 4388 se
2746 4341 3012 4407 sapientia
3052 4349 3196 4412 quod
3228 4367 3395 4417 gene-

1831 4411 2085 4467 raliorem
2126 4417 2291 4472 habet
2320 4422 2626 4491 notionem,
2692 4430 2783 4483 ubi
2857 4445 3043 4501 aperte
3114 4440 3257 4493 idem
3310 4454 3395 4497 est

1758 4513 1801 4567 ι)
1828 4516 1949 4556 cum
1981 4510 2215 4562 essentia
2249 4529 2262 4564 :
2298 4521 2462 4580 atque
2493 4515 2596 4571 hoc
2631 4520 2775 4574 idem
2832 4525 2948 4578 fere
2980 4541 3064 4580 est
3126 4535 3270 4598 quod
3305 4549 3393 4587 sa-

1826 4595 1983 4663 piens
2006 4602 2241 4653 essentia
2267 4607 2567 4660 secundum
2595 4610 2782 4665 forma:
2821 4617 2937 4668 sive
2976 4628 3185 4674 natura:
3218 4626 3386 4678 t'ati0~

1824 4700 1946 4739 nem
1978 4692 2392 4768 generaliorem,
2444 4698 2534 4751 ubi
2570 4702 2835 4769 sapientia
2866 4723 3091 4764 vocatur
3138 4715 3297 4768 Pater
3334 4728 3391 4771 et

1822 4777 1995 4833 Filius
2028 4781 2221 4835 eodem
2262 4787 2423 4840 modo
2461 4805 2571 4857 quo
2628 4794 2792 4848 etiam
2830 4804 3066 4856 essentia
3137 4819 3384 4877 utraque.

1820 4868 2031 4924 Dicitur
2063 4885 2244 4928 autem
2284 4880 2553 4947 sapientia
2599 4885 2763 4939 etiam
2820 4892 3145 4959 substantia,
3187 4916 3389 4959 nmuen

1820 4959 2094 5029 accipiens
2121 4980 2150 5017 a
2189 4982 2389 5033 genere
2421 4988 2437 5029 :,
2463 4982 2521 5025 ut
2550 4978 2853 5033 secundum
2880 4982 3105 5039 formam
3134 5000 3186 5043 et
3213 5008 3391 5059 genus

1816 5054 2109 5106 essentiam
2140 5066 2194 5109 et
2228 5070 2478 5113 naturam
2507 5065 2671 5121 etiam
2703 5068 2981 5128 hominem
3014 5084 3382 5148 appellamus.

1815 5140 1930 5194 sive
1963 5157 2059 5209 per
2089 5158 2147 5198 se
2182 5157 2236 5200 et
2262 5152 2504 5218 proprie,
2548 5166 2605 5209 et
2655 5160 2807 5214 nullo
2850 5168 3013 5219 modo
3082 5170 3383 5230 referentes

1814 5231 1881 5283 ad
1913 5232 2079 5291 aliud.
2110 5236 2393 5292 interdum
2434 5243 2599 5299 etiam
2672 5262 2877 5306 certam
2942 5259 3083 5314 hanc
3128 5264 3384 5320 substan-

1817 5323 1967 5387 tiam,
2005 5325 2229 5381 I’etrum
2261 5331 2541 5400 nimirum,
2574 5337 2649 5392 ita
2703 5354 2764 5397 ut
2823 5344 3012 5403 forma:
3055 5363 3109 5407 et
3161 5360 3381 5425 generis

1813 5429 2012 5469 nomen
2040 5418 2093 5469 in
2119 5433 2326 5476 certum
2358 5435 2412 5477 et
2434 5441 2705 5484 secretum
2745 5439 3154 5500 transferamus.
3192 5447 3379 5519 Neque

1809 5507 1955 5558 enim
1983 5510 2248 5575 sapientia
2279 5530 2401 5568 cum
2423 5519 2493 5572 sit
2541 5522 2744 5590 aliquid
2793 5533 3026 5589 maxime
3079 5552 3372 5605 secretum,

1809 5597 2233 5656 circumclusum
2268 5607 2372 5660 ulla
2414 5626 2490 5675 re,
2517 5627 2694 5682 neque
2748 5620 2938 5675 referri
2980 5626 3142 5681 debet
3198 5641 3256 5685 ut
3286 5634 3375 5687 Εἰ-

1807 5690 1913 5742 lius
1942 5692 2007 5743 ad
2040 5693 2281 5757 Patrem,
2346 5710 2401 5753 ct
2449 5704 2587 5756 ratio
2647 5708 2713 5759 ad
2765 5711 2842 5773 id,
2901 5721 3055 5783 cujus
3105 5735 3242 5774 l'allO
3291 5737 3375 5779 est

1808 5798 1977 5835 mens.
2016 5784 2339 5842 Essentialia
2368 5794 2515 5847 enim
2562 5806 2615 5849 et
2672 5806 2939 5858 naturalia
2985 5810 3149 5865 latius
3190 5826 3375 5882 patent
