4264 6362
804 367 914 430 295

1966 361 2379 421 NICEPHORI
2439 359 2821 428 GREGOR/E

3951 365 4051 428 ειθο

800 481 1134 547 liberamque
1170 477 1374 530 habent
1433 477 1715 530 notionem
1752 491 1767 527 :
1799 487 1921 542 quae
1978 483 2161 527 autem
2232 474 2374 527 refe-
2412 477 2484 531 Ai

2369 505 2374 513 -
2412 481 2447 531 Λ
2477 476 2521 527 δ’
2569 477 2878 546 ἀναφορικά
2916 476 3048 546 πρὸς
3093 477 3297 547 ἄλληλά
3345 478 3406 530 τέ
3451 482 3589 542 ἐστι,
3625 477 3716 530 καὶ
3749 489 3812 546 τῇ
3854 483 4053 546 μεταξὺ

803 578 1000 623 runtur
1035 572 1180 622 inter
1207 583 1264 620 se
1296 578 1352 619 et
1393 567 1582 620 habitu
1649 576 1841 618 mutuo
1896 566 2190 636 conjuncta
2252 575 2380 619 sunt

801 676 981 730 neque
1018 661 1128 713 ullo
1155 659 1318 712 modo
1341 660 1667 712 conceditur
1703 658 1770 710 iis
1833 667 1892 710 ut
1929 657 2246 712 liberiorem
2281 658 2380 713 ha-

802 752 968 804 beant
992 749 1445 819 signiﬁcationem
1476 766 1491 815 ;
1521 759 1581 802 ut
1609 750 1775 817 igitur
1804 749 1967 803 Pater
2004 760 2088 804 est
2118 750 2377 814 essentia,

803 842 972 897 Filius
1005 844 1266 905 essentia,
1307 843 1546 911 Spiritus
1579 850 1807 895 sanctus
1853 844 2113 899 essentia.
2146 842 2220 893 ita
2288 841 2382 894 Pa-

805 944 886 988 ter
914 933 1077 988 etiam
1117 935 1405 1002 sapientia,
1450 932 1614 1004 334
1642 932 1816 986 Filius
1856 932 2146 999 sapientia,
2205 932 2380 1000 Spiri-

803 1038 891 1080 tus
918 1037 1138 1081 sanetus
1175 1027 1444 1094 Sapientia
1477 1044 1489 1079 :
1521 1026 1793 1092 simulque
1837 1025 2103 1090 sapientia
2143 1040 2269 1086 una,
2323 1034 2382 1078 ut

800 1120 1036 1173 essentia
1067 1135 1195 1179 una.
1237 1134 1418 1186 neque
1463 1133 1594 1170 vero
1624 1116 1907 1183 sapientiae
1937 1125 2049 1170 tres
2069 1156 2084 1178 ,
2115 1127 2175 1168 ut
2206 1132 2382 1185 neque

801 1222 910 1263 tres
943 1210 1220 1264 essentne.
1264 1209 1398 1263 Cum
1436 1208 1601 1275 igitur
1641 1207 1816 1260 Filius
1845 1208 2021 1260 dicit:
2063 1227 2079 1257 ι
2116 1207 2228 1275 Ego
2260 1223 2380 1260 sum

800 1302 1088 1370 sapientia,
1123 1320 1140 1349 ι
1190 1309 1243 1354 et
1302 1313 1494 1352 rursus
1547 1298 1844 1367 Apostolus
1882 1315 1896 1354 :
1935 1317 1952 1348 ι
2000 1299 2253 1352 Christus
2287 1297 2381 1352 Dei

801 1394 1042 1463 polentia
1081 1402 1135 1444 et
1174 1391 1265 1444 Dei
1325 1392 1617 1460 sapientia,
1669 1411 1686 1440 ι
1725 1401 1783 1444 ut
1836 1407 1902 1443 ex
1955 1391 2113 1444 Patre
2150 1392 2242 1459 qui
2299 1401 2384 1447 est

804 1485 1047 1552 potentia
1084 1493 1141 1536 et
1168 1483 1462 1550 sapientia,
1509 1481 1727 1548 genitus
1761 1483 2059 1549 cogitatur,
2119 1494 2178 1534 ut
2207 1483 2300 1535 lux
2351 1497 2383 1537 e

801 1576 946 1633 luce,
991 1583 1046 1627 et
1079 1574 1222 1625 Deus
1243 1588 1271 1624 e
1300 1572 1430 1625 Deo.
1450 1571 1568 1635 Quo
1592 1571 1755 1640 igitur
1785 1571 2083 1641 impietatis
2113 1589 2221 1625 non
2254 1590 2382 1640 pro-

802 1671 978 1732 cedit,
1021 1669 1112 1735 qni
1191 1667 1429 1727 dixerit,
1484 1667 1650 1719 Deum
1710 1683 1830 1721 esse
1888 1669 2236 1737 suppositum
2299 1685 2384 1724 sa-

801 1759 1019 1828 pientiae
1072 1767 1329 1827 tanquam
1362 1757 1660 1820 accidenti,
1698 1774 1872 1824 neque
1901 1760 2228 1827 sapientiam
2260 1776 2382 1815 esse

800 1851 982 1919 potius
1035 1848 1366 1911 essentiam;
1417 1863 1595 1917 neque
1665 1849 1836 1903 Deum
1899 1866 2022 1904 esse
2078 1861 2136 1903 ut
2198 1866 2384 1906 essen-

803 1947 931 1999 tiam
957 1960 1136 2006 suam,
1167 1944 1238 1996 ita
1271 1943 1436 1996 etiam
1481 1943 1805 2009 sapientiam
1835 1958 2012 2008 suam,
2052 1943 2148 1998 sed
2206 1945 2260 1999 in
2313 1962 2382 2000 eo

802 2036 938 2089 utin
972 2034 1260 2104 supposito
1298 2047 1556 2100 tanquam
1596 2033 1949 2086 artiﬁciosam
1982 2035 2139 2088 istam
2167 2037 2384 2106 sapien-

804 2128 931 2181 tiam
959 2127 1226 2179 inanimo
1283 2125 1550 2177 humano?
1606 2125 1720 2178 Hoc
1777 2126 1922 2178 enim
1983 2125 2159 2181 iacere
2211 2130 2380 2182 etiam

802 2233 1033 2286 magnus
1055 2216 1388 2269 Athanasius
1429 2215 1650 2281 regulas
1678 2227 1732 2268 et
1770 2216 1918 2284 leges
1968 2217 2384 2287 phil030phicas

803 2307 1052 2360 veritatis
1088 2316 1311 2359 Secutus
1371 2304 1527 2357 valde
1584 2305 1752 2367 vet'at,
1798 2303 2102 2370 impietatis
2153 2307 2382 2374 partici-

805 2378 900 2467 pes
933 2399 1112 2451 reddit
1145 2407 1348 2450 sectam
1390 2411 1581 2449 eorum
1611 2406 1854 2459 secutos,
1893 2395 1986 2464 qui
2050 2396 2104 2450 in
2130 2397 2242 2450 Deo
2300 2398 2384 2451 di-

802 2499 1070 2544 cautessc
1125 2488 1448 2555 sspientiam
1521 2495 1581 2538 ut
1634 2486 1881 2538 habitum
1931 2487 2275 2541 aceidentem
2327 2498 2383 2542 et

805 2599 915 2637 non
955 2580 1318 2644 accidenti-in,
1354 2596 1529 2649 neque
1587 2595 1716 2632 vero
1752 2581 1930 2647 ipsum
1983 2595 2109 2635 esse
2166 2582 2384 2650 sapien-

804 2674 955 2728 tiam.
985 2672 1085 2725 llic
1117 2673 1277 2740 igitur
1324 2687 1446 2723 eum
1509 2670 1776 2737 sapientia
1829 2671 1899 2723 sit
1932 2669 2157 2738 duplex,
2213 2675 2382 2724 altera

801 2779 998 2818 creatis
1036 2774 1092 2816 et
1130 2764 1298 2831 prima
1329 2772 1385 2815 et
1419 2761 1646 2825 faciens,
1682 2764 1851 2814 altera
1903 2772 2108 2822 creata,
2143 2761 2382 2830 itemque

805 2854 974 2905 altera
1050 2852 1390 2919 exi-vgilans,
1448 2852 1615 2904 altera
1677 2850 2001 2918 excogitata,
2060 2850 2185 2902 dein
2252 2852 2380 2904 item

802 2946 977 2996 altera
1022 2956 1419 3010 progenerans,
1505 2941 1673 2992 altera
1747 2939 1964 3002 effecta,
2018 2941 2268 3007 sequitur
2323 2950 2384 2994 ut

803 3035 948 3088 illius
993 3034 1214 3102 quidem
1258 3033 1328 3085 sit
1359 3033 1574 3101 genitor
1603 3041 1659 3084 et
1694 3033 1852 3085 Pater
1882 3033 2046 3092 Deus,
2098 3032 2262 3100 hujus
2288 3047 2382 3084 au-

806 3139 912 3178 tem
940 3125 1131 3178 artifex
1166 3134 1222 3177 et
1260 3134 1502 3186 creator,
1538 3131 1592 3174 et
1641 3133 1700 3175 ut
1738 3113 2026 3190 propterea
2067 3123 2261 3175 harum
2313 3123 2382 3175 sit

802 3219 970 3272 altera
1004 3215 1250 3270 essentia
1287 3214 1620 3281 sempiterna
1648 3223 1702 3266 et
1747 3215 1969 3265 immota
2037 3222 2094 3266 et
2125 3215 2381 3266 immuta-

805 3307 952 3368 bilis,
996 3314 1396 3373 eumoportcat
1437 3319 1562 3356 esse
1622 3305 1847 3356 omnino
1908 3304 2204 3356 essentiam
2260 3319 2380 3372 qua:

804 3399 1060 3451 universa
1087 3398 1320 3463 primum
1362 3391 1576 3446 movcai
1641 3395 1923 3445 immotam
1974 3403 2029 3446 et
2068 3409 2164 3461 per
2213 3409 2273 3446 se
2324 3404 2381 3447 et

803 3486 1193 3556 peraccidens,
1247 3485 1424 3538 altera
1481 3493 1662 3536 autem
1714 3499 1930 3551 semper
1983 3483 2266 3536 mutabilis
2328 3492 2382 3536 ct

804 3579 1020 3630 mobilis
1052 3587 1106 3630 ct
1172 3591 1390 3643 semper
1447 3583 1592 3627 mota
1643 3576 1946 3627 secundum
2009 3574 2221 3627 similes
2282 3573 2377 3642 qui

804 3671 857 3724 in
893 3672 1227 3723 creationem
1256 3679 1309 3720 et
1348 3669 1642 3721 essentiam
1675 3677 1732 3719 et
1781 3667 2033 3719 ordinem
2088 3666 2224 3719 liunt
2251 3681 2379 3733 pro-

803 3769 1003 3812 ventus
1033 3773 1224 3812 eorum
1251 3773 1372 3825 quae
1390 3756 1550 3826 335
1574 3756 1716 3825 apud
1751 3771 1852 3808 nos
1904 3765 2054 3819 sunt,
2111 3765 2165 3807 et
2197 3757 2371 3808 inter-

803 3853 933 3904 dum
979 3869 1044 3904 οι
1082 3851 1311 3902 mouaile
1340 3849 1564 3901 deliuita
1595 3850 1648 3901 in
1707 3847 2079 3901 multitudinis
2136 3847 2379 3900 inﬁnita-

805 3954 913 3995 tem
973 3944 1237 4011 procedat
1314 3940 1678 4001 indetinitam;
1745 3938 2024 3991 interdum
2075 3948 2257 3992 autem
2312 3953 2380 3992 ex

806 4034 1012 4086 unitate
1037 4033 1260 4086 delinita
1290 4035 1593 4085 secundum
1623 4031 2031 4099 Oppositionem
2064 4030 2131 4082 ad
2192 4029 2378 4082 inﬁni-

806 4135 972 4177 tatem
1010 4127 1222 4178 recedat
1246 4123 1607 4175 indetinitam.
1646 4121 1878 4174 Generis
1908 4121 2053 4174 enim
2092 4120 2378 4188 cujusdam

803 4215 1053 4268 obtinere
1084 4223 1140 4267 et
1171 4215 1400 4266 rationis
1433 4213 1612 4265 locum
1648 4212 1816 4264 etiam
1850 4206 2207 4262 artiﬁciosam
2235 4210 2378 4262 hanc

803 4302 1124 4370 sapientiam
1157 4303 1413 4354 dixerunt
1445 4310 1658 4354 veteres
1676 4299 1986 4368 phiIOSOphi
2017 4310 2073 4353 et
2105 4298 2378 4367 theologi;

803 4403 970 4460 atque
1002 4402 1061 4446 ut
1096 4408 1275 4460 neque
1317 4408 1490 4461 genus
1512 4392 1703 4444 abesse
1733 4401 1912 4459 potest
1947 4390 2016 4444 ab
2051 4391 2117 4443 iis
2143 4405 2378 4458 quarum

2483 568 2817 637 συνδεόμενα
2845 570 3026 640 σχέσει
3056 571 3258 639 ἄφετον
3287 571 3430 640 ἔχειν
3451 573 3660 640 οὐδαμῆ
3693 574 4054 641 συγχωρεῖται

2481 661 2580 726 τὴν
2603 661 2898 727 σημασίαν.
2937 662 3150 731 Ὥσπερ
3189 658 3284 714 οῦν
3327 661 3485 713 οὐσία
3529 662 3557 710 ὁ
3597 663 3810 730 Πατὴρ,
3843 662 4000 712 οὐσία
4033 664 4058 711 ὁ

2482 752 2631 814 Υἱὸς,
2662 753 2817 806 οὐσία
2851 753 2912 804 τὸ
2944 752 3165 819 Πνεῦμα
3197 754 3259 804 τὸ
3295 756 3468 820 ἇγιον,
3501 750 3674 811 οὕτως
3716 751 3824 819 ἄρα
3850 753 3945 803 καὶ
3976 769 4058 802 σο-

2483 843 2582 912 φία
2622 844 2651 895 ὁ
2685 844 2896 912 Πατὴρ,
2932 843 3093 910 σοφία
3129 845 3156 895 ὁ
3211 843 3360 904 Υἱὸς,
3402 843 3563 910 σοφία
3607 842 3670 893 τὸ
3723 841 3951 908 Πνεῦμα
4002 843 4061 891 τὸ

2481 933 2638 999 ἅγιον
2656 949 2671 962 ’
2700 932 2796 986 καὶ
2818 933 2952 1000 ὁμοῦ
2983 933 3079 1000 μία
3101 931 3262 997 σοφία
3284 931 3358 991 ὼς
3379 930 3476 996 μία
3500 930 3676 992 οὐσία,
3715 930 3807 979 καὶ
3829 927 3892 978 οὐ
3913 929 4060 994 τρεῖς

2484 1025 2669 1091 σοφίαι
2700 1023 2892 1092 ὥσπερ
2922 1024 3042 1075 οὐδὲ
3075 1024 3228 1091 τρεῖς
3278 1020 3480 1074 οὐσίαι.
3511 1021 3681 1072 Ὅταν
3731 1019 3826 1071 οῦν
3863 1021 3892 1070 ὁ
3937 1018 4064 1079 Υἱὸς

2483 1114 2640 1184 λέγῃ,
2679 1133 2698 1164 ι
2743 1113 2886 1180 Ἑγὼ
2915 1115 3032 1182 εἰμι
3063 1114 3097 1181 ἡ
3129 1111 3316 1180 σοφία,
3357 1129 3376 1161 ι
3422 1110 3516 1163 καὶ
3544 1110 3670 1169 αῦ,ὀ
3713 1111 4060 1172 Ἀποστολος,

2489 1223 2508 1256 ι
2543 1205 2778 1275 Χριστὸς
2824 1203 2959 1256 Θεοῦ
3008 1203 3236 1267 δύναμις
3284 1202 3377 1254 καὶ
3413 1202 3550 1255 Θεοῦ
3607 1202 3790 1268 σοφία,
3827 1220 3844 1251 ι
3889 1203 3965 1263 ὡς
4001 1203 4065 1252 ἐκ

2491 1299 2703 1364 Πατρὶς
2731 1298 3016 1365 δυνάμεως
3053 1297 3204 1360 ὖντος
3257 1298 3353 1351 καὶ
3395 1299 3586 1366 σοφίας
3617 1299 3840 1358 νοεῖται,
3875 1296 4065 1364 ὥσπερ

2485 1390 2599 1456 φῶς
2630 1391 2692 1441 ὲκ
2729 1389 2906 1458 φωτὸς
2928 1391 3023 1441 καὶ
3051 1388 3182 1451 Θεὸς
3222 1371 3473 1441 tabam").
3513 1389 3620 1440 Ποῦ
3656 1389 3837 1440 τοίνυν
3872 1390 3973 1441 οὐκ
4001 1389 4066 1440 ἂν

2485 1481 2736 1543 ἀσεϐείας
2775 1481 2989 1533 ἐλαύνοι
3029 1481 3121 1532 τὸν
3147 1479 3280 1532 Θεὸν
3309 1481 3636 1532 ὑποκεῖσθαι
3668 1481 3846 1548 λέγειν
3875 1484 3942 1549 τῇ
3980 1498 4068 1537 σοι

2487 1572 2586 1642 φίιῖ⁸
2615 1572 2865 1638 καθάπερ
2896 1571 3288 1640 συμϐεϐηκότι,
3323 1574 3418 1623 καὶ
3452 1571 3528 1640 μὴ
3559 1569 3702 1623 εἶναι
3740 1572 3944 1639 μᾶλλον
3969 1572 4066 1640 τὴν

2489 1665 2683 1730 σοφίαν
2723 1663 2934 1725 οὐσίαν,
2969 1664 3107 1733 μηδὲ
3142 1665 3233 1715 τὸν
3257 1663 3391 1716 Θεὸν
3420 1659 3585 1723 εἶναι,
3620 1663 3812 1731 ὥσπερ
3843 1663 3943 1732 τὴν
3974 1665 4069 1714 θῦε

2491 1755 2614 1805 σίαν
2649 1755 2835 1819 αὑτοῦ,
2871 1754 3013 1807 οὕτω
3041 1757 3136 1808 καὶ
3159 1756 3258 1825 τὴν
3284 1756 3479 1822 σοφίαν
3509 1754 3698 1820 αὑτοῦ,
3731 1755 3848 1808 ἀλλ’
3880 1757 3938 1806 ἐν
3970 1756 4071 1807 αὖ·

2488 1846 2564 1913 τῷ
2580 1846 2654 1908 ὡς
2679 1849 2734 1897 ἐν
2765 1849 3130 1914 ὑποκειμένῳ,
3159 1848 3414 1919 καθάπερ
3436 1851 3536 1917 τὴν
3565 1849 4069 1917 τεχνικὴνταυτηνὶ

2487 1938 2683 2005 σοφίαν
2719 1939 2778 1989 ὲν
2800 1938 3113 2009 ἀνθρωπίνῃ
3137 1939 3284 2009 ψυχῇ
3309 1959 3323 2005 ;
3355 1941 3529 1993 Τοῦτο
3571 1942 3678 2010 γὰρ
3708 1941 3804 1991 καὶ
3829 1944 3856 1993 ὁ
3891 1943 4069 2008 μέγας

2497 2030 2839 2094 Ἀθανάσιος,
2881 2031 3071 2082 κανόσι
3103 2033 3196 2085 καὶ
3220 2032 3407 2101 νόμοις
3434 2035 3884 2101 ὲπιστημονικοίς
3927 2033 4067 2100 άλησ-

2487 2121 2636 2184 θείας
2673 2122 2960 2190 ἑπόμενος,
2987 2121 3105 2174 λίαν
3140 2124 3475 2193 ἀπαγορεύει
3509 2124 3605 2176 καὶ
3634 2125 3890 2186 ἀσεϐείας
3919 2126 4067 2177 ἀπο-

2487 2214 2679 2283 κληροῖ
2703 2214 3024 2276 θιασώταις,
3057 2217 3188 2282 περὶ
3212 2216 3304 2268 τὸν
3332 2216 3465 2266 Θεὸν
3495 2210 3634 2268 εἶναι
3663 2216 3932 2279 φάσκουσι
3968 2217 4067 2283 τὴν

2486 2305 2676 2371 σοφίαν
2705 2304 2780 2367 ὡς
2811 2304 2922 2367 ἕξιν
2949 2305 3364 2370 συμϐαίνουσαν
3389 2307 3484 2358 καὶ
3515 2306 4067 2373 ἀποσυμϐαίνουσαν»

2485 2394 2582 2446 καὶ
2615 2393 2825 2462 οὐδαμῆ
2858 2409 2921 2459 γε
2968 2393 3166 2460 σοφίαν
3212 2395 3393 2446 αὐτόν.
3432 2395 3638 2463 Διπλῆς
3680 2395 3919 2447 ἐνταῦθα
3952 2414 4066 2448 τοι·

2485 2485 2692 2556 γαροῦν
2720 2486 2822 2554 τῆς
2849 2485 3040 2552 σοφίας
3073 2485 3262 2552 οὔσης,
3300 2487 3398 2550 τῆς
3430 2487 3529 2553 μὲν
3569 2486 3975 2556 δημιουργικῆς
4011 2506 4066 2538 τε

2484 2582 2577 2630 καὶ
2627 2578 2861 2646 ἀρχικῆς
2902 2579 2996 2630 καὶ
3052 2577 3364 2644 ποιητικῆς,
3394 2579 3492 2645 τῆς
3538 2577 3594 2630 δὲ
3625 2579 4070 2646 δημιουργουμέ-

2484 2686 2602 2737 νης,
2632 2671 2727 2721 καὶ
2755 2669 2857 2737 τῆς
2908 2670 3006 2738 μὲν
3037 2669 3386 2737 σοφιζούσης,
3439 2667 3540 2738 τῆς
3581 2670 3638 2721 δὲ
3674 2671 4066 2738 σοφιζομένης,

2485 2763 2579 2812 καὶ
2609 2761 2705 2830 τῆς
2739 2761 2838 2828 μὲν
2883 2761 3261 2828 γεννωμένης,
3299 2761 3398 2828 τῆς
3428 2760 3485 2810 δὲ
3537 2761 3895 2828 ποιουμένης,
3931 2762 4069 2813 ’έπε-

2487 2869 2574 2902 ται
2604 2851 2700 2918 τῆς
2727 2851 2792 2921 [ί.
2826 2851 2927 2904 152
2959 2848 3034 2920 r.]
3055 2850 3154 2918 μὲν
3187 2845 3326 2902 εἶναι
3359 2851 3660 2918 γεννήτορα
3689 2852 3780 2902 τὸν
3810 2851 3945 2902 Θεὸν
3972 2852 4069 2904 καὶ

2486 2944 2729 3011 Πατέρα,
2765 2943 2866 3006 τῆς
2897 2943 2952 2994 δὲ
3009 2944 3241 3013 ποιητὴν
3268 2944 3361 2994 καὶ
3404 2942 3767 3010 δημιουργὸν,
3794 2943 3888 2994 καὶ
3921 2939 4070 2999 εἶναι

2484 3037 2571 3088 διὰ
2601 3035 2774 3086 ταῦτα
2800 3035 2895 3087 καὶ
2931 3033 3134 3087 τούτων
3165 3035 3265 3103 τὴν
3309 3034 3408 3102 μὲν
3453 3036 3641 3087 οὐσίαν
3677 3036 3852 3088 ἀΐδιόν
3881 3055 3938 3088 τε
3973 3041 4069 3090 καὶ

2411 3147 2453 3202 C
2485 3130 2758 3197 ἄτρεπτον
2787 3129 2880 3178 καὶ
2930 3127 3192 3195 ἀκίνητον
3223 3128 3353 3197 (δεῖν
3389 3126 3497 3197 γὰρ
3538 3123 3679 3179 εῖναι
3707 3130 4070 3183 παντάπασιν

2481 3216 2580 3284 τὴν
2614 3217 2680 3267 τὰ
2736 3217 2914 3268 πάντα
2963 3217 3198 3286 πρώτως
3255 3217 3522 3269 κινοῦσαν
3576 3218 3766 3270 οὐσίαν
3802 3220 4070 3286 ἀκίνητον

2481 3305 2604 3359 καθ’
2637 3306 2770 3358 αὑτό
2804 3323 2862 3357 τε
2901 3305 3016 3373 ἄμα
3043 3308 3137 3358 καὶ
3168 3308 3308 3358 κατὰ
3338 3307 3734 3377 συμϐεϐηκὸς),
3777 3309 3879 3378 τὴν
3903 3311 3948 3361 δ’
3980 3312 4070 3363 ἀεὶ

2481 3399 2725 3468 τρεπτὴν
2771 3401 2866 3451 καὶ
2919 3399 3218 3468 ἀλλοιωτὴν
3250 3402 3343 3452 καὶ
3389 3401 3476 3454 ἀεὶ
3534 3402 3864 3473 κινουμένην
3920 3405 4071 3458 κατὰ

2481 3488 2578 3545 τας
2615 3489 2693 3547 εἰς
2744 3488 2959 3552 γένεσιν
3009 3487 3104 3538 καὶ
3135 3488 3390 3539 οῦσίωσιν
3421 3490 3514 3540 καὶ
3557 3489 3716 3552 τάξιν
3761 3493 4070 3557 ἀναλόγους

2487 3578 2746 3647 προόδους
2776 3579 2883 3628 τῶν
2917 3578 3039 3630 καθ’
3063 3580 3233 3646 ἡμᾶς,
3265 3581 3359 3630 καὶ
3393 3579 3487 3631 νῦν
3529 3581 3628 3647 μὲν
3654 3581 3712 3645 ἐξ
3744 3581 4068 3650 ὡρισμένης

2487 3668 2713 3735 μονάδος
2771 3671 2846 3729 είς
2900 3670 3139 3740 πλήθους
3186 3671 3447 3739 ἀπειρίαν
3477 3671 3734 3723 ἀνιοῦσαν
3785 3674 4067 3741 ἀέριστον,

2482 3759 2578 3811 νῦν
2609 3761 2654 3812 δ’
2686 3761 2743 3825 ἐξ
2774 3762 3088 3830 ὡρισμένης
3133 3760 3386 3829 ὁλότητος
3431 3761 3552 3814 κατ’
3597 3741 4069 3834 ἀντιπεπόνθησιν

2482 3853 2618 3920 πρὸς
2645 3853 2906 3920 ἀπειρίαν
2925 3853 3225 3905 κατιοῦσαν
3257 3855 3536 3924 ἀόριστον.
3563 3855 3760 3918 Γένους
3788 3859 3896 3926 γάρ
3914 3876 4070 3920 τινος

2483 3944 2703 4012 ἐπέχειν
2757 3945 2850 3996 καὶ
2902 3945 3046 4007 ἰδέας
3075 3946 3242 3997 τόπον
3273 3946 3368 3997 καὶ
3407 3947 3504 4013 τὴν
3557 3950 3814 4016 τεχνικὴν
3853 3951 4069 4019 ταύτην

2486 4036 2678 4101 σοφίαν
2707 4035 2920 4103 ἔφασαν
2965 4037 3014 4086 oi
3049 4037 3214 4088 πάλαι
3245 4037 3713 4110 φιλοσοφήσαντες
3743 4040 3837 4090 καὶ
3882 4042 4072 4092 θεολο-

2483 4129 2772 4195 γήσαντες.
2808 4128 2918 4179 Καὶ
2944 4129 3017 4189 ὡς
3051 4128 3174 4181 οὔτε
3203 4129 3264 4181 τὸ
3289 4131 3444 4197 γένος
3483 4133 3707 4183 ἀπεῖναι
3734 4131 3968 4184 δυνατὸν
3991 4129 4070 4184 ὧν

2483 4219 2597 4269 ἐστι
2623 4217 2778 4284 γένος
2811 4217 2966 4270 εἰδῶν
2996 4220 3090 4271 καὶ
3118 4221 3360 4288 ἀτόμων,
3407 4219 3520 4273 οὔτ’
3547 4215 3613 4274 αὖ
3657 4221 3755 4289 τὴν
3787 4221 3938 4274 ἰδέαν
3978 4222 4073 4275 οῦ-

2484 4322 2583 4358 σαν
2612 4304 2798 4356 οὐσίαν
2822 4298 2898 4356 ὧν
2925 4307 3076 4357 ἐστιν
3105 4306 3220 4364 ἰδέα
3246 4311 3609 4375 πραγμάτων,
3633 4309 3804 4370 οὕτως
3823 4310 3947 4363 οὐδὲ
3972 4312 4072 4380 τὴν

2480 4396 2735 4465 τεχνικὴν
2770 4398 2963 4462 σοφίαν
3001 4399 3169 4466 χωρὶς
3203 4394 3347 4452 εἶναι
3388 4399 3498 4452 τῶν
3530 4402 3653 4453 καθ’
3696 4402 3908 4456 ἕκαστα
3943 4407 4074 4455 ταύ-

803 4495 888 4535 est
915 4499 1086 4548 genus
1104 4482 1296 4535 ferinis
1323 4491 1379 4536 et
1404 4483 1621 4546 atomis,
1675 4496 1854 4550 neque
1904 4482 2043 4534 ratio
2103 4495 2225 4549 qua:
2289 4491 2374 4534 est
2411 4480 2487 4536 Di

2411 4480 2455 4536 D
2482 4504 2581 4554 της
2639 4488 2795 4540 εἰδῶν
2829 4487 2924 4538 καὶ
2978 4489 3220 4557 ἀτόμων,
3256 4491 3318 4542 οῦ
3383 4493 3586 4560 μᾶλλόν
3627 4494 3676 4558 γ’
3709 4497 3775 4546 ἂν
3826 4495 3857 4565 ἢ
3893 4496 3961 4548 τὰ
4009 4499 4071 4547 ὲν

801 4574 1040 4626 essentia
1069 4574 1138 4625 ab
1180 4574 1266 4637 iis,
1298 4587 1529 4640 quarum
1576 4579 1662 4625 est
1692 4574 1832 4623 ratio
1877 4571 2065 4637 rebus,
2098 4571 2172 4623 ita
2201 4585 2382 4641 neque

804 4663 1155 4715 οτιίηοὶοει-ηι
1193 4663 1518 4730 sapientiam
1547 4661 1853 4730 sejunctam
1910 4674 2032 4715 esse
2093 4675 2123 4713 a
2152 4661 2381 4729 quibus-

804 4769 911 4822 que
943 4754 1101 4822 hujus
1132 4752 1323 4805 formis
1348 4764 1402 4806 et
1430 4754 1630 4805 atomis
1669 4768 1684 4804 :
1717 4767 1828 4805 non
1855 4753 2025 4820 magis
2082 4767 2243 4820 quam
2285 4767 2380 4805 su-

805 4845 1054 4914 perﬁcies
1079 4859 1393 4911 corporum,
1418 4860 1554 4912 quas
1577 4854 1634 4898 et
1661 4845 1804 4912 ipsas
1828 4860 1936 4897 non
1967 4859 2088 4898 esse
2140 4861 2375 4914 unquam

806 4950 901 5001 jcr
928 4950 983 4986 se
1013 4935 1215 4986 scimus
1255 4934 1368 4987 sive
1397 4935 1695 5003 suppositis
1727 4950 1962 5003 quorum
2016 4945 2146 4988 sunt
2189 4951 2380 5003 super-

806 5025 974 5075 licius.
1020 5025 1222 5076 Omnes
1245 5023 1412 5091 igitur
1436 5025 1682 5076 scientia:
1739 5032 1795 5076 et
1830 5032 1976 5076 artes
2005 5025 2284 5092 sapientes
2309 5040 2376 5078 ex

803 5118 906 5169 hac
958 5120 1228 5186 sapcntia
1292 5117 1591 5170 artiticiosa
1636 5117 1897 5184 pendent,
1962 5118 2112 5171 velut
2173 5117 2376 5172 diversi

800 5209 998 5262 radicis
1049 5210 1211 5262 unius
1244 5210 1377 5261 rami
1427 5216 1523 5261 :et
1555 5218 1613 5260 ut
1644 5208 1790 5260 Deus
1841 5215 1926 5260 est
1963 5209 2211 5261 omnium
2273 5225 2378 5262 au-

800 5309 919 5352 ctor
951 5309 1006 5353 et
1064 5301 1378 5368 progenitor
1410 5338 1425 5364 ,
1466 5299 1541 5351 ita
1581 5298 1748 5351 etiam
1795 5297 1958 5366 hujus
2008 5312 2072 5350 ex
2129 5313 2234 5366 qua
2295 5299 2373 5351 illi

796 5393 1060 5458 pendent.
1091 5390 1455 5455 Quamobrem
1492 5389 1565 5441 ibi
1610 5389 1833 5457 quidem
1890 5390 2206 5458 c0ujunctio
2255 5405 2377 5442 mue

800 5494 890 5535 tua
925 5492 980 5534 et
1012 5483 1207 5534 relatio
1257 5485 1436 5535 locum
1503 5481 1719 5535 obtinet
1791 5490 1848 5534 ut
1909 5482 2185 5549 propriam
2260 5482 2367 5534 vim

797 5575 1025 5626 omnino
1047 5576 1313 5626 sinceram
1353 5585 1553 5636 servet,
1591 5589 1713 5626 eum
1741 5575 1851 5626 sint
1876 5574 2122 5641 ejusdem
2155 5576 2371 5642 generis

796 5675 850 5716 et
875 5664 923 5715 id
951 5666 1094 5732 quod
1121 5665 1388 5717 dividitur
1441 5676 1496 5717 et
1527 5679 1589 5718 ea
1660 5665 1715 5717 in
1763 5658 2237 5730 quae-dividitur;
2281 5665 2369 5718 hic

792 5767 973 5810 autem
1015 5759 1102 5810 izla
1133 5773 1254 5810 eum
1294 5757 1402 5810 sint
1442 5774 1615 5827 usque
1667 5758 1731 5811 ad
1767 5757 1936 5810 solam
1993 5771 2179 5810 vocem
2233 5760 2366 5810 arti-

2485 4579 2706 4647 σώμασι
2747 4578 3041 4649 χρώματα,
3086 4580 3121 4633 ἃ
3157 4582 3250 4633 καὶ
3279 4582 3421 4635 αὐτὰ
3452 4585 3528 4652 μὴ
3570 4581 3709 4638 εἷναί
3758 4603 3890 4639 ποτε
3940 4590 4070 4639 καθ’

2482 4671 2624 4722 αῦτά
2651 4671 2807 4738 ίσμεν
2826 4671 2955 4724 ἄνευ
2975 4665 3050 4724 ὧν
3072 4674 3217 4724 ἐστιν
3237 4673 3619 4744 ὑποκειμένων
3637 4677 3926 4747 χρώματα.
3954 4681 4073 4731 [Ii-

2483 4778 2575 4813 σαι
2607 4763 2786 4813 τοίνυν
2821 4761 3123 4831 ὲπιστῆμαι
3145 4763 3240 4814 καὶ
3263 4764 3448 4832 τέχναι
3482 4770 3645 4831 σοφαὶ
3667 4767 3764 4834 τῆς
3800 4771 4071 4836 τεχνικῆς

2481 4852 2684 4920 ταύτης
2716 4854 2909 4920 σοφίας
2946 4853 3294 4923 ὲξήρτηνται,
3327 4856 3583 4925 καθάπερ
3624 4857 3861 4927 διάφορα
3905 4863 4071 4929 ῥίζης

2483 4945 2610 5011 μιᾶς
2642 4942 3021 5013 βλαστήματα.
3046 4946 3152 4997 Καὶ
3176 4945 3325 4997 ἔστιν
3354 4945 3545 5016 ὥσπερ
3564 4948 3770 5000 τούτων
3799 4950 4071 5002 ἁπάντων

2486 5035 2660 5094 αῖτιος
2680 5035 2770 5086 καὶ
2807 5035 3167 5104 προαγωγεὺς
3197 5037 3226 5087 ὁ
3245 5035 3399 5098 Θεὸς,
3425 5037 3568 5089 οὕτω
3600 5039 3694 5091 καὶ
3719 5039 3932 5108 ταύτης
3967 5041 4071 5108 ἀφ’

2478 5120 2544 5195 ἧς
2563 5127 2982 5196 ἐκεῖνα.Διόπερ
2999 5128 3115 5179 ἐκεῖ
3139 5129 3239 5195 μὲν
3271 5130 3304 5197 ἡ
3329 5129 3557 5200 σχετικὴ
3585 5132 3854 5198 συνάφεια
3882 5133 3975 5185 καὶ
3998 5134 4071 5184 ἀ-

2477 5217 2686 5284 ναφορὰ
2733 5217 2920 5282 χώραν
2969 5215 3083 5285 ἔχει
3112 5217 3171 5268 τὸ
3210 5217 3411 5270 οἰκεῖον
3441 5218 3661 5288 ἀξίωμα
3708 5201 4072 5274 παντάπασιν

2478 5308 2854 5374 ἁκαπήλευτον
2873 5307 3290 5373 ὃιασώζειν.ἆτε
3322 5311 3493 5364 ὅντων
3523 5313 3804 5381 ὁμογενῶν
3825 5317 4068 5382 ἀμφοῖν,

2475 5398 2568 5448 τοῦ
2594 5415 2650 5448 τε
2680 5399 3068 5468 διαιρουμένου
3084 5401 3335 5471 καὶπρὸς
3354 5403 3694 5473 ἃδιαιρεῖται
3715 5423 3730 5436 ’
3750 5407 3990 5459 ἐνταῦθα
4008 5407 4071 5461 δὲ

2479 5490 2642 5558 μέχρι
2687 5491 2854 5560 μόνης
2898 5492 3166 5561 ἐνάρθρου
3202 5495 3296 5546 καὶ
3342 5495 3690 5565 σημαπικῆς
3739 5501 3927 5566 φωνῆς
3969 5505 4073 5551 αἰ-

2474 5582 2635 5631 τιατὰ
2661 5580 2792 5634 ὄντα
2816 5582 2970 5634 ,αὐτὰ
2994 5585 3131 5651 πρὸς
3160 5584 3250 5637 τὸν
3280 5586 3460 5638 αὐτῶν
3482 5589 3657 5639 αἴτιον
3685 5589 3782 5640 καὶ
3826 5591 4072 5659 ποιητὴν

2477 5671 2571 5738 τὴν
2597 5674 2878 5741 ἀναφοράν
2909 5676 3397 5731 άπευθύνει.Ὢστε
3433 5680 3747 5731 διαϐάλλειν
3786 5683 3886 5749 μὲν
3933 5683 4068 5750 ἥκι-

2478 5778 2575 5812 στα
2603 5764 2820 5816 πάντων
2837 5765 2977 5828 ἐστὶ,
3003 5766 3300 5836 θαυμάζειν
3317 5769 3360 5821 δ’
3375 5766 3466 5822 οὖν
3490 5771 3637 5834 ἄξιον
3658 5774 3895 5842 μάλιστα
3927 5793 4073 5826 παν-
