4264 6362
805 382 914 443 299

1999 372 2416 433 NICEPHORI
2459 370 2847 431 GREGORAZ

3911 372 4025 435 300

808 511 862 560 (ει
889 498 1191 548 increatum
1230 503 1326 560 per
1357 504 1437 554 se,
1465 489 1738 558 simulque
1786 489 1952 543 multa
2021 491 2237 544 locutus
2261 500 2364 551 cst,
2399 497 2440 548 Α
2472 509 2492 538 τ

2351 532 2364 551 ,
2399 497 2440 548 Α
2472 491 2563 556 τῆς
2598 489 2783 549 οὐσίας
2827 486 2919 538 καὶ
2951 486 3208 538 ἄκτιστον
3240 483 3363 537 καθ’
3402 488 3551 538 αὐτό.
3594 487 3698 538 Καὶ
3734 487 3847 555 ἅμα
3899 492 4029 542 ἐπο-

811 583 1046 651 plurima
1076 589 1371 632 conserens
1400 577 1644 646 ejusdem
1683 584 1888 629 natura:
1919 585 1975 630 et
1996 577 2216 651 ordinis
2240 592 2361 628 cum

813 673 1088 741 prioribus
1143 668 1247 722 illis
1281 678 1338 721 et
1372 668 1564 720 mediis
1599 667 1864 720 conviciis
1893 648 2032 736 ejus,
2071 684 2136 721 ne
2169 670 2269 721 alia
2311 669 2364 720 in

810 764 972 815 aliam
995 769 1198 813 mutata
1233 772 1450 826 semper
1474 759 1648 810 etsibi
1687 771 1998 826 repugnans
2032 769 2176 812 esset
2229 758 2368 812 Cha-

811 856 944 908 lauze
977 866 1126 905 novae
1157 852 1322 903 turris
1349 849 1607 901 :ediﬁcata
1639 860 1692 901 et
1743 865 2082 918 quacunque
2116 850 2180 902 ad
2241 865 2368 918 pur-

811 947 1084 1015 gationem
1119 945 1238 1012 igne
1266 941 1500 1009 egebant
1547 940 1899 994 Sodmnitico.
1955 941 2056 995 Sed
2100 940 2368 1009 Gregoras

810 1036 1084 1103 plerisque
1116 1031 1491 1100 praatermissis
1541 1031 1654 1084 haec
1685 1033 1734 1083 ei
1789 1030 1927 1083 dixit
1962 1047 1974 1082 :
2009 1030 2062 1084 Si
2088 1031 2236 1083 aliud
2285 1043 2368 1086 est

814 1140 998 1179 creare
1029 1134 1086 1176 et
1127 1122 1458 1183 increatum,
1491 1119 1792 1174 secundum
1824 1129 1896 1183 te,
1960 1105 2177 1186 semper
2203 1121 2369 1188 igitur

814 1225 951 1275 erat,
982 1220 1039 1264 et
1075 1211 1386 1263 necessario
1409 1209 1516 1278 jam
1548 1203 1772 1269 accidit,
1809 1215 1868 1260 ιιι
1902 1208 2013 1260 sint
2049 1209 2209 1260 simul
2242 1223 2366 1261 eum

813 1292 1075 1354 Creatore
1101 1301 1431 1365 sempiterna
1487 1313 1606 1365 qua:
1630 1298 1822 1350 effecta
1864 1307 2009 1360 sunt;
2045 1314 2166 1350 eum
2199 1300 2366 1363 enim,

815 1392 1114 1445 secundum
1173 1398 1246 1449 te,
1272 1401 1496 1458 semper
1557 1395 1701 1439 esset
1762 1386 1986 1438 Crcator
2046 1396 2102 1438 et
2157 1401 2372 1452 semper

816 1491 1045 1542 crearet,
1079 1493 1296 1546 semper
1329 1477 1494 1546 igitur
1544 1486 1660 1530 erat
1690 1475 1853 1528 etiam
1917 1476 2154 1528 mundus
2206 1476 2368 1528 simul

813 1585 938 1623 cum
973 1566 1228 1621 Creatore
1267 1583 1282 1623 :
1325 1567 1375 1618 id
1407 1566 1552 1633 quod
1606 1566 1849 1632 ineptum
1882 1574 1966 1618 cst
2015 1576 2071 1619 et
2121 1565 2369 1634 impium.

814 1658 1111 1713 Providere
1143 1657 1288 1710 enirn
1318 1656 1486 1711 semel
1527 1656 1728 1709 creatis
1752 1656 1895 1708 Deus
1927 1654 2132 1709 dicitur
2175 1665 2228 1709 et
2259 1670 2374 1709 ser-

816 1765 944 1803 \‘ul'c
1028 1749 1331 1802 secundum
1411 1763 1576 1815 quam
1663 1747 1802 1800 facta
1885 1758 2017 1802 sunt
2087 1748 2370 1813 rationem,

2472 580 2754 646 ὶυλὸγησε,
2795 580 3017 630 πλεῖστα
3048 579 3307 647 συνείρων
3348 579 3568 646 όμοφυᾶ
3598 582 3690 631 καὶ
3737 583 4030 649 ὁμόστοιχα

2470 673 2582 732 τοῖς
2618 671 2900 738 προτέροις
2922 671 3148 730 ἐκεῖνοις
3187 671 3280 721 καὶ
3318 670 3500 735 μέσοις
3538 670 3882 738 βλασφήμοις
3931 679 4032 724 αὺ-

2469 764 2586 824 τοῦ,
2633 763 2716 814 ἵνα
2748 761 2812 831 [ί.
2851 761 2947 812 153
2975 759 3048 827 r.]
3101 760 3174 829 μὴ
3210 761 3641 828 ἀλλοπρόσαλλός
3684 779 3763 823 τις
3850 764 3942 814 καὶ
3974 765 4036 816 ἅ·

2473 853 2758 919 σύμφωνος
2796 851 2975 918 ἐαυτῷ
3004 851 3031 900 ό
3059 849 3160 914 τῆς
3190 851 3314 911 νέας
3358 852 3612 918 Χαλάνης
3645 854 3856 921 πύργος
3889 856 4036 904 οἰκο-

2472 944 2828 1011 δομούμενος,
2861 942 2956 993 καὶ
2985 943 3084 993 ὅσα
3131 941 3225 993 τοῦ
3255 940 3605 1009 Σοδομιτικοῦ
3659 947 3830 1011 πυρδς
3865 944 4036 994 ἐδεῖτο

2471 1035 2602 1099 πρὸς
2667 1031 2951 1100 κάθαρσιν.
2997 1032 3136 1083 Ἀλλ’
3181 1034 3210 1082 ό
3265 1032 3550 1101 Γρηγορᾶς
3607 1033 3742 1098 πρὸς
3772 1035 3938 1084 αὑτὸν
3968 1034 4036 1083 τὰ.

2472 1124 2643 1174 πλείω
2676 1125 2867 1188 παρεὶς
2895 1121 3080 1175 ἐκεῖνὰ
3109 1138 3295 1190 φησιν·
3331 1123 3389 1173 Ei
3422 1122 3550 1175 ἄλλο
3584 1123 3646 1173 τὸ
3680 1122 4036 1190 δημιουργεῖν

2474 1217 2566 1266 καὶ
2620 1216 2878 1267 ἄκτιστον
2926 1214 3069 1266 κατὰ
3109 1214 3190 1275 σὲ,
3222 1213 3308 1266 ἀεὶ
3344 1215 3449 1281 ἄρα
3495 1208 3585 1281 ἦν,
3621 1215 3711 1266 καὶ
3745 1213 4036 1281 ωμὸιινει

2471 1306 2656 1356 λοιπὸν
2691 1304 2748 1366 ἐξ
2779 1305 3026 1368 ἀνάγκης
3048 1297 3183 1355 εἶναι
3213 1302 3290 1370 τῷ
3324 1302 3642 1370 δημιουργῷ
3687 1303 3933 1354 συναῖδια
3967 1305 4038 1355 τὰ

2473 1395 2960 1463 δημιουργήματα·
2993 1394 3079 1444 ἀεὶ
3109 1393 3215 1461 γὰρ
3251 1392 3404 1453 ὄντος
3440 1392 3537 1465 τοῦ
3578 1391 3918 1460 δημιουργοῦ
3945 1398 4038 1444 καὶ

2474 1487 2561 1536 ἀεὶ
2590 1483 3030 1553 δημουργοῦντος
3067 1485 3209 1536 κατὰ
3239 1484 3318 1543 σὲ,
3353 1484 3438 1535 ἀεὶ
3462 1468 3570 1551 ἄρα
3609 1478 3678 1552 ἦν
3724 1487 3813 1535 καὶ
3853 1486 3880 1535 ό
3948 1487 4040 1536 κό-

2477 1590 2612 1641 σμος
2632 1574 2762 1642 ὁμοῦ
2785 1575 2860 1641 τῷ
2890 1572 3225 1642 δημιουργῷ.
3252 1574 3429 1640 Ὅπερ
3458 1576 3657 1626 ἄτοπον
3690 1574 3782 1625 καὶ
3819 1574 4035 1636 ἀσεϐές.

2476 1664 2824 1732 Προνοεῖσθαι
2858 1665 2954 1732 μὲν
2983 1665 3090 1732 γὰρ
3121 1665 3228 1714 τῶν
3271 1663 3418 1726 ἅπαξ
3455 1663 3973 1730 δημιουργηθέντων
4008 1665 4038 1716 ό

2476 1754 2604 1816 Θεὸς
2641 1755 2876 1821 λέγεται,
2911 1758 3002 1808 καὶ
3037 1756 3326 1823 συντηρεῖν
3356 1756 3478 1806 καθ’
3513 1755 3573 1806 δν
3602 1756 3855 1821 γεγόνασι
3878 1755 4041 1821 λόγον

815 1856 993 1907 neque
1022 1855 1152 1892 vero
1179 1854 1366 1892 creare
1386 1853 1418 1900 ;,
1439 1851 1564 1890 cum
1599 1852 1706 1889 non
1739 1837 2019 1905 indigeant
2049 1839 2369 1891 accessione
2399 1813 2446 1872 Β
2475 1862 2499 1894 a

2353 1853 2369 1891 3
2399 1813 2446 1872 Β
2475 1813 2633 1906 αὐτα,
2676 1813 3029 1913 δημιουργεῖν
3077 1845 3121 1896 δ’
3143 1813 3226 1907 aii,
3273 1846 3347 1914 μὴ
3395 1813 3690 1913 δεομένιον¹
3715 1813 4037 1914 προσθήκης

813 1945 1001 1999 opera,
1030 1943 1150 1996 qure
1173 1927 1355 1979 omnia
1388 1927 1476 1978 die
1521 1926 1752 1993 septimo
1808 1926 1985 1978 ﬁnivit
2017 1942 2028 1978 :
2066 1927 2370 1994 praesertim

813 2036 936 2074 cum
963 2018 1312 2072 efﬁcientiam
1338 2027 1391 2069 et
1419 2016 1634 2069 efficere
1667 2016 1808 2069 idem
1841 2029 1962 2069 esse
2005 2026 2058 2069 et
2093 2016 2210 2083 ipse
2237 2031 2373 2070 con-

815 2111 1008 2174 cedas;
1041 2109 1334 2183 efﬁcieutia
1366 2120 1546 2159 autem
1596 2116 1680 2157 cst
1713 2106 1883 2159 motio
1939 2105 2140 2160 effecta
2201 2107 2374 2174 magis

815 2216 978 2269 quam
1011 2198 1276 2252 efﬁciens.
1316 2196 1371 2251 Si
1423 2197 1565 2249 enim
1607 2196 2020 2254 estellicicntia.
2047 2199 2122 2250 ait
2148 2211 2377 2266 magnus

817 2293 870 2344 in
905 2290 1174 2358 theologia
1201 2288 1522 2356 Gregorius,
1547 2287 1822 2338 efﬁcietur
1879 2286 2162 2347 videlicet,
2195 2301 2369 2354 neque

817 2397 945 2434 vero
975 2379 1177 2434 efﬁciet
1207 2395 1220 2429 :
1247 2387 1302 2432 et
1344 2379 1671 2443 simulatque
1702 2376 1864 2444 339
1895 2376 2087 2428 effecta
2138 2386 2221 2429 est
2277 2377 2376 2430 de-

818 2475 980 2526 sinet.
1008 2472 1176 2524 Desiit
1211 2471 1394 2538 itaque
1423 2470 1481 2519 τὸ
1508 2484 1693 2521 creare
1735 2470 1936 2522 cmlum
1976 2468 2124 2521 aliud
2161 2477 2215 2522 et
2267 2477 2375 2522 ter-

820 2579 932 2616 ram
966 2563 1125 2615 aliam
1157 2573 1212 2614 ct
1265 2561 1432 2613 solem
1469 2569 1524 2611 et
1595 2558 1772 2611 sidera
1837 2567 1892 2611 et
1949 2559 2075 2612 talia
2129 2560 2373 2626 quidem,

821 2651 1054 2721 atque‘si
1080 2651 1259 2714 desiit,
1295 2650 1456 2718 etiam
1487 2651 1700 2700 initium
1731 2648 1920 2701 habuit
1948 2649 2193 2700 omnino.
2223 2648 2376 2713 Quod

820 2756 1002 2796 autem
1037 2742 1229 2810 incipit
1257 2753 1312 2794 ct
1349 2741 1549 2793 desinit
1578 2739 1852 2807 quomodo
1885 2739 2025 2793 idem
2049 2754 2170 2792 esse
2204 2748 2380 2806 potest

820 2851 943 2888 cum
973 2850 1060 2895 eo,
1093 2833 1237 2901 quoil
1289 2846 1466 2899 neque
1503 2830 1693 2896 incipit
1749 2845 1926 2896 neque
1980 2829 2224 2882 desiuit?
2270 2845 2378 2882 non

822 2928 987 2995 igitur
1015 2938 1201 2978 creare
1232 2923 1624 2990 Sempiternum
1655 2931 1738 2973 est
1771 2922 1928 2972 simul
1982 2936 2105 2973 cum
2146 2922 2270 2974 Deo.
2313 2921 2381 2974 Ut

823 3017 968 3066 enim
993 3014 1132 3081 ignis
1156 3023 1346 3064 natura
1382 3020 1464 3063 est
1495 3009 1722 3061 facultas
1756 3009 1972 3071 urendi,
1995 3018 2052 3061 ut
2077 3009 2171 3062 Dei
2206 3010 2379 3062 facul-

827 3115 907 3155 tas
929 3101 1174 3161 creandi.
1203 3100 1494 3154 efficientia
1529 3109 1709 3150 autem
1739 3107 2021 3161 esturere,
2039 3100 2183 3166 quod
2215 3101 2378 3153 etiam

832 3202 1103 3259 praesente
1131 3205 1218 3253 eo,
1255 3190 1401 3258 quod
1458 3190 1539 3242 uri
1603 3197 1797 3257 potest,
1866 3188 2090 3262 efﬁcere
2141 3190 2377 3250 videtur,

830 3286 1056 3337 absente
1084 3293 1265 3337 autem
1312 3283 1402 3336 illo
1441 3283 1604 3334 etiam
1662 3282 1808 3334 ustio
1865 3281 2043 3341 abest,
2107 3281 2180 3334 ita
2216 3284 2379 3337 etiam

824 3378 879 3430 in
913 3383 1134 3428 creante
1186 3373 1331 3426 dicat
1377 3373 1574 3440 aliquis
1609 3388 1620 3422 :
1660 3373 1714 3424 Si
1756 3373 1910 3424 adest
1975 3372 2119 3440 quod
2183 3374 2380 3426 debeat

823 3466 998 3519 creari
1037 3464 1216 3517 locum
1253 3463 1483 3515 fortasse
1539 3461 1751 3513 obtinet
1796 3462 1960 3513 etiam
2034 3478 2270 3524 creare;
2333 3463 2379 3515 si

825 3557 959 3610 illud
990 3557 1166 3617 deest,
1195 3553 1544 3609 desiitetiam
1607 3567 1815 3604 creare.
1873 3552 2080 3605 Deinde
2131 3553 2376 3605 efﬁcien-

828 3651 957 3700 tiam
998 3651 1138 3698 lianc
1166 3660 1286 3712 qua:
1311 3653 1393 3696 est
1435 3644 1487 3694 in
1521 3643 1721 3693 creatis
1785 3642 2104 3710 compositis
2156 3656 2381 3695 necesse

825 3747 911 3788 est
941 3735 1184 3802 cogitare
1213 3740 1272 3784 ut
1321 3733 1621 3784 motionem
1649 3731 1926 3791 effectam,
1962 3741 2026 3784 ut
2057 3731 2278 3784 divinus
2304 3733 2382 3785 ait

826 3827 1068 3881 Joannes
1119 3823 1506 3882 Damascenus,
1555 3837 1674 3888 qme
1734 3831 1812 3873 est
1848 3822 2012 3873 etiam
2055 3822 2246 3874 relatio
2285 3836 2380 3872 ex-

827 3928 998 3970 trema
1030 3916 1394 3984 conjungens,
1428 3927 1602 3980 neque
1633 3914 1750 3964 sine
1780 3911 1961 3964 relatis
1994 3912 2216 3979 cogitari
2291 3929 2384 3979 po-

827 4019 949 4061 test.
986 4008 1238 4060 Extrema
1294 4015 1474 4058 autem
1521 4004 1645 4056 dico
1701 4004 1918 4056 efﬁcere
1966 4015 2020 4056 et
2071 4003 2326 4057 eﬁ‘ectum
2366 4021 2380 4056 :

829 4100 997 4150 nmtio
1031 4107 1215 4149 autem
1250 4103 1332 4148 est
1365 4096 1419 4146 in
1454 4104 1699 4157 tempore
1735 4103 1791 4145 et
1827 4094 2026 4160 prioris
2089 4101 2146 4145 et
2198 4103 2382 4161 poste-

827 4189 988 4240 rioris
1018 4186 1304 4255 pnesentia
1335 4183 1772 4244 administratur,
1828 4181 2031 4236 ﬁnibus
2070 4190 2378 4250 temporum

827 4291 880 4328 ct
913 4283 1148 4328 locoruu
1189 4275 1364 4338 subjic
1388 4287 1487 4324 ens
1550 4271 1857 4323 libertatem
1893 4288 1904 4321 :
1937 4287 2099 4338 quam
2158 4273 2381 4338 quidem

829 4368 941 4420 Deo
966 4365 1293 4425 attribuere,
1331 4363 1575 4422 omnium
1606 4369 1689 4412 est
1715 4360 2138 4427 ineptissimum.
2164 4354 2384 4428 Cogita-

2473 1933 2550 1988 ὧν
2573 1938 2916 1990 κατέπαυσεν
2965 1939 3140 2006 ἔργων
3171 1938 3429 1990 ἁπάντων
3465 1941 3530 2005 τῇ
3591 1938 3792 2006 ἐϐδόμῃ
3831 1938 4037 2006 ἡμέρᾳ.

2479 2027 2683 2087 Ἄλλως
2704 2043 2762 2078 τε
2795 2027 2888 2079 καὶ
2919 2028 3105 2093 ἐπειδὴ
3142 2030 3386 2094 ἐνεργεῖν
3433 2029 3630 2079 ταυτὸν
3655 2030 3748 2079 καὶ
3773 2028 3936 2090 αὐτὸς
3965 2024 4043 2078 εῐ-

2475 2127 2564 2164 ναι
2585 2112 2888 2178 ὁμολογεῖς,
2912 2113 3025 2164 ἐστι
3053 2111 3097 2164 δ’
3115 2117 3146 2179 ὴ
3174 2113 3419 2179 ἐνέργεια
3437 2116 3646 2180 κίνησις
3671 2114 4039 2182 ἐνεργουμένη

2478 2202 2680 2270 μᾶλλον
2708 2203 2738 2270 ἢ
2772 2203 3071 2270 ἐνεργοῦσα
3104 2205 3171 2268 (εἰ
3213 2205 3322 2272 γὰρ
3350 2204 3598 2272 ἐνέργειᾶ
3635 2207 3774 2266 ἐστι,
3809 2205 3976 2273 φησὶν
4015 2207 4044 2257 ό

2479 2294 2652 2360 μέγας
2685 2297 2742 2344 ἐν
2781 2294 3029 2363 θεολογίᾳ
3059 2295 3376 2363 Γρηγόριος,
3397 2297 3820 2363 ἐνεργηθήσεται
3853 2295 4044 2362 δηλον-

2477 2384 2581 2444 ότι.
2619 2386 2713 2437 καὶ
2757 2390 2857 2437 οζκ
2901 2388 3210 2454 ἐνεργήσει,
3272 2387 3368 2438 καὶ
3407 2386 3541 2454 ὁμοῦ
3572 2386 3649 2454 τῷ
3679 2387 4042 2454 ἐνεργηοῆναι

2489 2474 2822 2542 παύσεται),
2884 2478 3162 2528 πέπαυται
3203 2479 3309 2545 ἄρα
3362 2477 3422 2527 τὸ
3478 2477 3829 2545 δημιουργεῖν
3873 2478 4046 2544 οὐρα-

2479 2563 2570 2613 νὸν
2615 2563 2770 2614 ἄλλον
2822 2565 2916 2615 καὶ
2959 2570 3060 2630 γῆν
3114 2565 3277 2633 ἄλλην
3334 2567 3426 2616 καὶ
3479 2564 3630 2632 ἥλιον
3679 2570 3769 2616 καὶ
3803 2568 4044 2633 ἀστέρας

2477 2658 2574 2707 καὶ
2627 2655 2695 2705 τά
2744 2672 2806 2720 γε
2855 2656 3118 2707 τοιαῦτα·
3164 2655 3259 2707 καὶ
3322 2659 3368 2708 ει
3428 2657 3722 2718 πέπαυται,
3788 2659 3884 2710 καὶ
3937 2659 4038 2726 ἥρ-

2480 2745 2605 2807 ξατο
2655 2748 2890 2807 πάντως.
2925 2745 2997 2797 Τὸ
3045 2745 3089 2796 δ’
3139 2745 3441 2812 ἀρχόμενον
3473 2747 3566 2797 καὶ
3615 2748 3916 2812 παυόμενον
3962 2746 4044 2814 τῷ

2483 2839 2620 2905 μήτε
2664 2839 2952 2904 ἀρχομένῳ
2997 2837 3134 2904 μήτε
3185 2836 3478 2904 παυομένῳ
3531 2837 3646 2903 πῶς
3685 2837 3750 2888 ἂν
3796 2839 3880 2905 εἴη
3912 2855 4047 2890 ταυ-

2481 2929 2612 2990 τόν;
2648 2927 2760 2976 Οὐκ
2808 2927 2916 2994 ἄρα
2957 2926 3017 2976 τὸ
3060 2926 3416 2995 δημιουργεῖν
3473 2927 3743 2978 συναῖδιον
3786 2928 3862 2994 τῷ
3898 2927 4044 2995 θεῷ.

2486 3007 2704 3086 Ὥσπερ
2737 3019 2844 3084 γὰρ
2877 3015 2970 3067 τοῦ
3017 3017 3184 3083 πυρὸς
3235 3017 3396 3083 φύσις
3432 3019 3532 3085 μέν
3565 3019 3680 3068 ἐστι
3719 3018 3780 3069 τδ
3823 3036 4051 3070 καυστι-

2484 3105 2578 3156 κδν
2630 3107 2704 3166 ὡς
2755 3105 2847 3156 τοῦ
2898 3104 3032 3156 θεοῦ
3065 3105 3124 3156 τὸ
3151 3107 3566 3174 δημιουργικὸν,
3597 3106 3848 3174 ἐνέργεια
3893 3107 3949 3157 δὲ
3984 3108 4050 3157 τὸ

2482 3197 2680 3258 καίειν,
2710 3196 2738 3247 ὃ
2769 3197 2861 3246 καὶ
2892 3197 3156 3263 παρόντος
3191 3196 3290 3263 μὲν
3327 3195 3422 3248 τοῦ
3457 3196 3704 3248 καίεσθαι
3737 3197 4048 3264 δυναμένου

2481 3287 2628 3337 δοκεῖ
2664 3287 2926 3352 ἐνεργεῖν,
2985 3285 3217 3345 ἀπόντος
3271 3286 3314 3338 δ’
3362 3287 3572 3337 ἐκείνου
3620 3287 3713 3337 καὶ
3757 3287 3818 3337 τὸ
3863 3288 4050 3339 καίειν

2487 3371 2751 3422 ἄπεστιν·
2785 3370 2925 3422 οὕτω
2960 3371 3099 3421 κάπὶ
3153 3369 3245 3422 τοῦ
3287 3370 3742 3439 δημιουργοῦντος
3788 3375 3922 3441 φαίη
3964 3391 4052 3434 τις

2484 3461 2570 3523 ἂν,
2603 3462 2868 3527 παρόντος
2908 3461 3006 3528 μὲν
3029 3460 3123 3510 τοῦ
3165 3461 3615 3528 δημιουργεῖσθαι
3648 3463 3903 3528 δεομένου
3935 3466 4053 3532 χὼ.

2486 3571 2584 3622 ραν
2613 3557 2740 3614 τσως
2773 3553 2883 3620 ἔχει
2912 3553 3004 3604 καὶ
3026 3554 3085 3602 τὸ
3111 3553 3484 3620 δημιουργεῖν,
3511 3553 3722 3605 ἐκείνου
3748 3554 3793 3605 δ’
3817 3555 4052 3615 ἀπόντες

2484 3645 2756 3696 πέπαυται
2805 3645 2898 3695 καὶ
2943 3645 3006 3694 τὸ
3052 3645 3428 3711 δημιουργεῖν.
3468 3645 3694 3696 Ἔπειτα
3745 3645 3842 3713 τὴν
3887 3647 4046 3714 ἐνέρ-

2483 3751 2636 3800 γειαν
2670 3734 2876 3802 ταύτην
2906 3737 2962 3786 ἐν
2996 3737 3108 3795 τοῖς
3140 3734 3413 3794 συνθέτοις
3453 3736 3722 3803 κτίσμασι
3767 3737 3874 3807 χρὴ
3905 3740 4048 3789 νοεῖν

2484 3826 2698 3890 κίνησιν
2743 3824 2907 3876 οέσαν
2954 3826 3374 3893 ἐνεργουμένην,
3403 3827 3480 3886 ὡς
3519 3829 3547 3877 ὁ
3583 3826 3720 3889 θεῖος
3749 3830 3814 3880 ἐκ
3853 3831 4048 3895 Δαμα-

2487 3913 2618 3964 σκοῦ
2655 3931 2820 3980 φησιν
2875 3913 3144 3979 Ἰωάννης.
3196 3913 3356 3972 Ἠτις
3404 3915 3495 3963 καὶ
3543 3915 3728 3978 σχέσις
3764 3915 3878 3964 ἐστὶ
3923 3930 4049 3963 συν-

2486 4006 2674 4073 θετικὴ
2710 4007 2816 4056 τῶν
2855 4005 3058 4071 ἄκρων,
3111 4005 3207 4055 καὶ
3245 4004 3370 4055 ἄνευ
3417 4004 3524 4054 τῶν
3553 4005 3759 4070 σχετῶν
3808 4004 4049 4055 νοεῖσθαι

2490 4098 2565 4163 μὴ
2600 4095 2877 4162 δυναμένη
2899 4111 2915 4124 ⁶
2956 4097 3102 4161 ἄκρα
3140 4094 3192 4143 δέ
3235 4109 3377 4161 φημι
3406 4095 3467 4144 τό
3497 4109 3553 4143 τε
3591 4092 3844 4160 ἐνεργοῦν
3874 4096 3966 4144 καὶ
3991 4094 4051 4144 τὸ

2486 4184 2900 4249 ένεργούμενον.
2940 4181 3002 4230 'll
3039 4179 3097 4230 δὲ
3147 4182 3357 4247 κξνητις
3398 4181 3456 4229 ἐν
3501 4180 3677 4246 χρόνῳ
3711 4183 3769 4230 τέ
3799 4181 3919 4230 ἐστι
3957 4181 4050 4231 καὶ

2486 4279 2549 4343 τῇ
2589 4274 2681 4326 τοῦ
2720 4274 2981 4341 προτέρου
3019 4274 3111 4322 καῖ
3152 4271 3380 4338 ὑστέρου
3427 4271 3701 4339 παρουσίᾳ
3746 4272 4047 4333 διοικεῖται,

2487 4369 2632 4434 ὅροις
2663 4366 2904 4424 τοπικοῖς
2951 4361 3085 4426 ὁμοῦ
3136 4363 3229 4415 καὶ
3280 4364 3558 4430 χρονικοῖς
3601 4362 3914 4412 δουλώσασα
3953 4363 4048 4430 τὴν

831 4468 940 4510 lum
969 4458 1255 4523 enituerat
1283 4453 1483 4506 factum
1519 4451 1573 4503 in
1609 4451 1736 4514 Deo,
1799 4455 1908 4517 ipsa
1967 4442 2250 4503 voluntate
2312 4453 2379 4502 ad
2420 4458 2461 4510 D
2491 4460 2515 4508 ὲ

2365 4453 2379 4502 Ι
2420 4458 2461 4510 D
2491 4455 2822 4523 ἐλευθερίαν.
2860 4453 3074 4521 Ταύτην
3109 4454 3152 4504 δ’
3189 4453 3498 4504 ἀνατιθέναι
3535 4452 3654 4518 Θεῷ
3697 4453 3806 4503 τῶν
3831 4454 4049 4505 πάντων

828 4550 1190 4601 constitutum
1223 4543 1386 4597 ﬁnem
1419 4553 1736 4596 transeunte
1775 4560 1786 4594 :
1816 4542 2112 4595 discrimen
2173 4550 2383 4609 tempo-

831 4642 901 4690 ris
934 4649 1026 4691 aut
1062 4637 1165 4689 loci
1199 4635 1272 4687 ibi
1317 4635 1667 4687 introducere
1726 4647 2055 4700 quocunque
2107 4631 2266 4684 modo
2291 4647 2386 4685 co-

829 4732 1090 4799 gilatione
1125 4726 1358 4795 quadam
1379 4726 1621 4777 omnium
1653 4734 1735 4776 est
1773 4724 2170 4791 ineptissimum
2207 4738 2384 4789 neque

829 4820 988 4891 350
1025 4819 1139 4872 ﬁeri
1177 4827 1374 4886 potest.
1411 4835 1428 4866 ι
1467 4815 1712 4884 impetus
1755 4817 1905 4867 enim
1939 4813 2156 4868 consilii
2188 4812 2381 4877 divini,

826 4924 903 4966 ait
929 4910 1220 4979 Gregorius
1241 4909 1534 4977 Nyssenus,
1560 4923 1684 4960 cum
1717 4907 1831 4958 vult
1863 4921 1947 4958 res
1987 4906 2044 4958 fit
2067 4913 2154 4969 ,et
2189 4906 2384 4957 volun-

830 5015 911 5054 tas
952 5001 1188 5054 essentia
1253 4997 1506 5059 afficitur,
1568 4997 1640 5049 ita
1684 5008 1739 5048 ut
1772 4997 1954 5049 statim
2008 4995 2102 5047 ﬁat
2165 5006 2380 5056 natura,

827 5093 1082 5144 voluntas
1140 5088 1397 5141 nimirqu
1461 5090 1743 5155 potestatis
1803 5084 2213 5152 omnipotentis,
2265 5099 2384 5152 quae

826 5183 1193 5252 quodcunque
1227 5180 1502 5246 sapienter
1563 5189 1620 5230 et
1663 5178 1955 5229 artiﬁciose
2011 5176 2126 5228 vult
2177 5174 2380 5238 efficit,

828 5287 888 5327 ut
924 5273 1180 5324 voluntas
1224 5285 1329 5321 non
1357 5279 1538 5320 careat
1594 5269 1918 5320 substantia.
1949 5284 1965 5314 ι
2025 5266 2201 5319 Locus
2233 5267 2380 5320 enim

829 5373 886 5417 et
917 5365 1056 5416 ratio
1088 5361 1241 5414 nullo
1269 5359 1429 5412 modo
1453 5359 1810 5425 conspicitur,
1847 5358 2150 5410 secundum
2202 5358 2380 5426 Cyril-

825 5458 936 5508 ittztl
968 5456 1240 5516 divmum,
1271 5451 1618 5504 intercedcus
1653 5451 1793 5501 inter
1823 5460 2124 5502 creatorem
2151 5460 2206 5502 et
2230 5465 2382 5503 crea-

827 5559 939 5600 tum
973 5562 986 5598 :
1015 5543 1361 5597 elﬁcicntiam
1395 5551 1577 5594 autem
1611 5542 1662 5592 in
1697 5541 1803 5593 lleo
1835 5545 2266 5594 demonstratum
2298 5551 2382 5594 est

823 5651 943 5688 csse
974 5635 1094 5702 ejus
1120 5633 1542 5686 declarationem
1595 5647 1912 5697 magnorum
1963 5641 2016 5683 et
2046 5631 2378 5683 mirabiliqu

829 5743 1056 5791 «perum
1126 5727 1284 5778 nobis
1331 5725 1574 5778 factum:
1620 5725 1732 5776 lucc
1791 5733 1971 5777 autem
2033 5733 2159 5776 sunt
2217 5738 2378 5790 Opera

2493 4549 2639 4600 ἐστὶν
2689 4544 3057 4598 ἀτοπώτατον.
3112 4545 3184 4595 Τὸ
3231 4545 3340 4611 γὰρ
3388 4545 3624 4612 ἐννόημα
3668 4544 3826 4611 ἔργον
3868 4541 4052 4613 ἧνέπι

2490 4637 2648 4698 Θεοῦ,
2686 4637 2904 4703 ἁμέσως
2944 4633 3037 4684 τοῦ
3084 4634 3426 4702 βουλήματος
3470 4635 3605 4701 πρὸς
3653 4636 3709 4686 τὺ
3739 4636 3882 4686 κατὰ
3916 4636 4050 4703 πρό-

2491 4726 2638 4776 θέσιν
2665 4724 2820 4785 τέλος
2870 4722 3284 4790 μεθισταμένου.
3336 4721 3435 4773 Καὶ
3477 4721 3753 4791 διάστημα
3797 4727 4049 4791 χρονικὸν

2488 4817 2522 4884 ἢ
2563 4816 2784 4867 τοπικὸν
2818 4816 2933 4866 ἐκεῖ
2980 4815 3337 4882 παρεισάγειν
3384 4814 3633 4866 ὁπωσοῦν
3679 4817 3898 4885 ἐπινοίᾳ
3947 4818 4052 4867 τινὶ

2487 4904 2595 4954 τῶν
2621 4903 2837 4954 πάντων
2873 4902 3022 4952 ἐστὶν
3068 4901 3414 4953 ἀτοπώτατον
3462 4891 3556 4954 καὶ
3605 4904 3896 4958 ἀδύνατον.
3925 4923 3944 4954 ι
3992 4904 4049 4956 Ἠ

2489 4993 2596 5060 γὰρ
2623 4994 2766 5060 ὁρμὴ
2794 4993 2891 5060 τῆς
2923 4992 3072 5053 θείας
3103 4994 3497 5060 προαιρέσεως,
3533 5011 3553 5041 ι
3580 4996 3743 5062 φησὶν
3773 4997 3802 5046 ό
3827 4996 4052 5061 Noun;

2491 5083 2810 5151 Γρηγόριος,
2853 5100 2872 5130 ι
2905 5083 3033 5134 ὃταν
3080 5083 3238 5152 ἐθέλῃ
3291 5086 3521 5152 πρᾶγμα
3560 5086 3789 5148 γίνεται,
3837 5090 3932 5138 καὶ
3961 5091 4050 5139 ου-

2492 5171 2702 5224 σιοῦται
2755 5174 2814 5224 τὸ
2855 5172 3102 5241 βούλημα
3156 5175 3318 5236 εὐθὺς
3379 5174 3540 5242 (post;
3597 5177 3904 5244 γινόμενον,
3955 5177 4052 5243 τῆς

2493 5265 2901 5332 παντοδυνάμου
2959 5263 3228 5326 ἐξουσίας,
3289 5267 3422 5333 ὅπερ
3477 5265 3543 5316 ἂν
3607 5266 3784 5332 σοφῶς
3844 5285 3903 5318 τε
3964 5272 4055 5318 καὶ

2487 5354 2753 5422 τεχνικῶς
2813 5354 3077 5424 ἐθελήσῃ,
3131 5354 3205 5422 μὴ
3259 5354 3633 5406 ἀνυπόστατον
3687 5355 3947 5422 ποιούσης
3994 5359 4054 5406 τὸ

2490 5446 2718 5514 θέλημα.
2759 5464 2776 5496 ι
2823 5447 2996 5508 Τόπος
3051 5448 3157 5512 γὰρ
3207 5447 3300 5498 καὶ
3332 5445 3488 5515 λόγος
3533 5446 3649 5498 οὐδε
3676 5463 3700 5507 ς
3741 5444 3802 5515 [ί.
3846 5449 3944 5501 155
3979 5449 4054 5518 tu]

2489 5541 2700 5606 ὁρᾶται,
2723 5539 2858 5589 κατὰ
2885 5539 2974 5588 τὸν
2999 5540 3135 5588 θεῖον
3159 5538 3446 5605 Κύρι>.).ον,
3475 5542 3677 5606 μεταξὺ
3712 5542 3937 5608 ποιητοῦ
3961 5553 4053 5594 και

2490 5631 2802 5696 κτίσματος.
2842 5628 3115 5694 Ἑνέργεια
3145 5629 3186 5678 δ’
3223 5632 3308 5679 επὶ
3355 5631 3490 5680 θεοῦ
3532 5631 3803 5682 δέδεικται
3844 5630 3980 5684 εἶναι
4022 5641 4052 5701 ἡ

2489 5721 2594 5771 τῶν
2655 5721 2903 5788 μεγάλων
2967 5724 3057 5771 καὶ
3097 5721 3421 5789 ,θαυμασίων
3481 5721 3654 5789 ἔργων
3703 5723 3866 5775 αὑτοῦ
3918 5729 4052 5793 πρὸς
