4264 6362
213 429 307 493 301

1178 426 1623 489 ΒΥΖΛΝΤΙΝΞΕ
1666 423 2049 483 HISTORle
2083 422 2233 480 LIB-
2276 424 2433 480 X\'T\'

3328 414 3433 509 302

213 542 355 609 ἡμᾶς
394 541 723 609 φανέρωσις.
762 542 947 594 Ταῦτα
988 541 1033 594 δ’
1072 542 1187 593 ἔστι
1238 544 1519 611 ποιήματα
1562 538 1775 599 κτιστά,
1811 549 1851 597 Α
1885 552 1897 588 t

1760 578 1775 599 ,
1811 549 1851 597 Α
1885 545 2065 588 creata
2104 553 2114 585 :
2152 548 2322 599 llt'Qué
2362 544 2487 585 vero
2523 531 2631 584 ullo
2688 529 2849 583 modo
2883 526 2957 579 dii
3010 536 3066 580 et
3117 524 3436 612 divinitatis

210 633 298 682 καὶ
329 632 542 700 οὐδαμῆ
582 632 695 684 θεοὶ
729 636 821 684 καὶ
852 633 1104 700 θεότητες
1132 633 1401 687 ἄκτιστοι.
1422 629 1524 687 Ὃν
1554 632 1776 698 οὐδεμία

208 740 289 783 τις
318 724 676 791 προηγήσατο
706 722 942 791 κίνησις,
993 723 1061 793 ήν
1119 725 1399 792 ἐνέργειαν
1448 723 1582 789 σύγε
1637 718 1778 776 εἶναι

210 813 576 874 ἀναπλάττεις
613 811 709 865 νῦν
743 816 836 865 καὶ
884 813 1115 881 θεότητα
1164 812 1593 881 προσαγορεύεις
1628 814 1781 865 ἄκτι-

210 920 335 954 στον
381 903 479 955 καὶ
534 906 633 970 τῆς
680 902 827 964 θείας
869 901 1059 965 οὐσίας
1104 904 1378 973 διάφορον,
1425 903 1781 969 Ἀνάπλασμα

209 1000 314 1064 ἄρα
351 996 453 1064 σῆς
487 996 724 1058 διανοίας
754 998 787 1063 ή
816 997 883 1065 σὴ
920 997 1106 1063 θεάτης
1142 996 1309 1057 ἐστὶν,
1346 988 1457 1047 οἷον
1482 993 1593 1047 οὐδ’
1628 994 1693 1047 ἂν
1732 994 1779 1045 οί

210 1089 334 1149 τοὺς
367 1089 747 1156 τραγελὰιρους
774 1088 1103 1151 πλάττοντες
1136 1088 1469 1155 ἐννοήσαιειν.

282 1180 411 1231 AA'.
449 1178 652 1245 Πολλῆς
678 1193 742 1243 γε
795 1178 902 1246 μὴν
943 1178 1246 1240 ἐνστάσεως
1296 1177 1405 1230 τῶν
1443 1176 1784 1244 ἑκατέρωθεν

210 1271 532 1338 γενομένης,
568 1270 663 1321 καὶ
706 1270 882 1335 λόγων
932 1271 1141 1339 συχνῶν
1195 1268 1537 1322 κενωθέντων
1585 1269 1728 1330 oleo;
1756 1272 1784 1320 6

209 1361 306 1429 τῆς
338 1360 513 1428 ἔριδος
552 1361 706 1429 μίτος
748 1360 987 1428 ὑφαίνει,
1017 1362 1109 1414 καὶ
1147 1360 1265 1428 ἅμα
1300 1359 1532 1429 θορύϐου
1566 1358 1783 1427 μακροῦ

208 1451 317 1501 τῶν
371 1450 602 1518 ἀμαθῶς
654 1452 880 1505 ἐκείνων
928 1452 1385 1521 παρασπιζόντων
1429 1450 1507 1520 τῷ
1550 1451 1785 1521 Παλαμᾷ

211 1542 715 1611 περιόομόήσαντος
770 1546 870 1607 τὰς
934 1545 1093 1614 ήμῶν
1142 1546 1335 1609 ἀκοὰς,
1378 1542 1453 1607 ὡς
1495 1544 1619 1612 μηδ’
1666 1543 1787 1607 ὲξι⁶

212 1633 471 1685 κούεσθαι
519 1634 781 1687 δύνασθαί
827 1653 879 1687 τι
928 1635 1037 1687 τῶν
1089 1635 1422 1704 λεγομένων,
1477 1636 1785 1703 ἀνεχαίτισε

209 1727 298 1777 τον
326 1726 532 1794 δρόμον
581 1728 609 1778 6
642 1726 929 1794 Γρηγορᾶς
964 1725 1192 1778 ἐκείνων
1241 1725 1355 1778 τῶν
1405 1723 1663 1792 ἐλέγχων,
1698 1724 1787 1776 ἵνα

213 1815 286 1885 μὴ
332 1816 432 1868 καὶ
475 1815 746 1884 πρόφασίς
790 1831 874 1878 τις
919 1815 1211 1882 ὑπονοῆται
1252 1814 1362 1865 τῶν
1408 1813 1504 1867 τοῦ
1552 1814 1786 1882 Παλαμᾶ

210 1907 579 1960 καθίστασθαι
637 1906 1017 1976 βλασφημιῶν.
1082 1906 1456 1975 Παυσαμένων
1510 1906 1619 1975 γὰρ
1672 1904 1782 1957 τῶν

214 1999 456 2068 ἐλέγχων
488 1999 642 2067 φησι,
676 1998 773 2051 καὶ
823 1998 1019 2068 μηκέτι
1064 1998 1125 2050 τὺ
1171 1997 1384 2067 ἀμαθὲς
1430 1996 1783 2067 ἐρεθιζόντων

211 2091 450 2153 ἐκείνου,
479 2088 784 2143 παύσεσθαι
806 2092 902 2142 καὶ
934 2090 996 2141 τὸ
1028 2088 1286 2156 πολέμιον
1316 2088 1476 2150 εὐθὺς
1506 2089 1602 2141 καὶ
1629 2088 1781 2139 ἀντί-

215 2180 383 2233 παλον
412 2181 512 2247 τῆς
544 2181 752 2234 ἐκείνου
787 2180 1105 2249 βλασφήμου
1138 2178 1385 2251 γλώττης
1414 2182 1507 2233 καὶ
1539 2180 1783 2249 ἀπεραν-

210 2273 483 2339 τολογίας.
526 2290 545 2321 ι
578 2273 812 2341 Ἐχομεν
850 2272 906 2325 δὲ
961 2272 1055 2325 καὶ
1107 2272 1206 2340 τὴν
1263 2270 1496 2341 μίμησιν
1539 2272 1617 2333 είς
1654 2269 1785 2331 τοὺς

198 2347 415 2426 θείους,
455 2364 680 2433 ἔφησεν,
713 2366 951 2425 ἐκείνους
986 2364 1282 2431 φωστῆρας
1305 2362 1399 2413 καὶ
1427 2361 1781 2424 διδασκάλους

210 2453 306 2521 τῆς
349 2452 682 2520 Ἑκκλησίας
728 2438 1062 2515 ἀνενεγκεῖν,
1114 2450 1236 2501 κατ’
1287 2448 1556 2516 Εὖνομίου
1613 2448 1784 2500 πάλαι

214 2542 571 2611 φερομένους.
617 2541 729 2608 Τῆς
759 2542 866 2610 γὰρ
910 2541 1118 2594 ἐκείνου
1154 2540 1513 2606 καταγνόντες
1548 2540 1784 2608 ἀναλγη-

213 2636 355 2697 σίας,
411 2632 689 2692 Βασίλειος
728 2632 828 2701 μὲν
881 2634 909 2684 6
965 2631 1158 2697 μέγας,
1199 2648 1217 2681 ι
1277 2630 1587 2697 Ἐοίκαμεν,
1626 2630 1782 2699 φησὶ,

209 2726 296 2776 διὰ
345 2723 450 2794 τὴν
508 2724 708 2791 πολλὴν
759 2724 859 2791 τῆς
910 2723 1166 2785 ἀσεϐείας
1219 2722 1510 2791 ἐνάργειαν
1562 2722 1783 2785 ἀπορεῖν

211 2815 410 2881 λόγων,
442 2817 537 2867 καὶ
571 2814 669 2866 οὐκ
702 2812 844 2882 ἔχειν
880 2814 995 2875 πῶς
1021 2816 1121 2882 τῆς
1151 2813 1375 2878 ἀλογίας
1403 2812 1584 2864 αὐτῶν
1612 2813 1786 2865 καθα-

210 2904 448 2972 ψάμεθα,
482 2903 619 2956 ὥστε
667 2921 758 2972 μοι
796 2904 1011 2957 δοκοῦσί
1059 2920 1113 2957 τι
1162 2903 1460 2972 κερδαίνειν
1502 2901 1655 2972 παρὰ
1685 2903 1783 2973 τὴν

212 2994 458 3062 ἄγνοιαν.
496 2994 585 3057 Ὠς
611 2996 721 3062 γὰρ
748 2994 815 3047 τὰ
851 2995 1071 3061 μαλακὰ
1099 2996 1193 3048 καί⁵
1222 2995 1513 3048 ὑπείκοντα
1540 2993 1650 3047 τῶν
1678 3012 1783 3046 σω-

218 3080 409 3147 μάτων
435 3080 512 3148 τῷ
544 3080 619 3147 μὴ
648 3079 788 3149 ἔχειν
814 3081 1117 3149 ἀντέρεισιν
1144 3081 1242 3133 οὐκ
1266 3080 1380 3133 ἔστι
1410 3081 1663 3147 γενναίαν
1686 3082 1784 3151 τὴν

1882 628 2157 681 ἰιιςτοιιιηιι,
2185 625 2383 689 quibus
2418 622 2565 674 nulla
2613 619 2889 674 antecedit
2930 617 3122 678 motio,
3179 632 3343 685 quam
3378 627 3435 668 tu

1881 718 2102 785 quidem
2174 715 2523 769 efﬁcientiam
2549 727 2669 768 esse
2702 712 2857 781 lingis
2882 727 3028 765 nunc
3059 720 3117 764 et
3175 709 3439 763 divinita-

1882 816 1988 860 tem
2021 806 2263 874 appellas
2292 807 2584 859 increatam
2603 812 2659 857 et
2685 802 2752 855 ab
2801 802 3041 856 essentia
3109 800 3294 853 divina
3352 799 3439 865 di;

1879 912 2117 954 versam.
2151 895 2323 951 Fictio
2355 897 2520 964 igitur
2576 895 2777 949 mentis
2801 905 2905 949 tuae
2927 903 3011 948 est
3034 894 3293 947 divinitas
3324 903 3441 945 tua.

1880 988 2099 1056 qualem
2136 992 2202 1041 ne
2229 986 2575 1056 tragelaphos
2626 986 2849 1056 quidem
2910 988 3175 1055 tingentes
3227 999 3445 1054 excogi-

1884 1082 2001 1132 tare
2035 1056 2268 1145 possint.

1952 1170 2143 1225 XXXI.
2172 1156 2356 1239 Magna
2391 1170 2614 1240 quidem
2656 1169 3002 1238 oppositione
3042 1169 3212 1237 partis
3236 1167 3445 1221 utrius-

1884 1278 1991 1332 que
2026 1262 2165 1314 I‘acta
2196 1269 2252 1312 et
2284 1261 2470 1314 verbis
2523 1260 2867 1327 consumptis
2899 1257 3082 1327 qualia
3110 1257 3445 1325 objurgatio-

1885 1354 1971 1405 nis
1994 1334 2190 1405 Filium
2224 1351 2487 1413 contexit,
2523 1350 2796 1417 simulque
2847 1348 3082 1401 tumultu
3134 1363 3331 1413 magno
3358 1363 3451 1400 e1-

1885 1452 2010 1497 orto
2070 1442 2285 1495 illorum
2342 1439 2562 1493 indocte
2607 1440 2983 1509 adjuvantium
3028 1439 3301 1492 Palamam
3353 1438 3447 1506 qui

1885 1544 2046 1584 aures
2078 1537 2291 1582 nostras
2317 1527 2628 1595 obstrepuit
2659 1527 2731 1581 ita
2761 1535 2821 1580 ut
2845 1542 3022 1596 neque
3050 1525 3297 1579 exaudiri
3324 1541 3451 1592 pos-

1885 1629 1970 1674 set
2002 1618 2304 1687 quidquam
2333 1617 2628 1679 dictorum,
2658 1616 2930 1685 Gregoras
2959 1631 3184 1671 cursum
3216 1616 3444 1670 retinuit

1886 1716 2336 1777 argumentorum
2398 1707 2642 1768 illorum,
2694 1721 2765 1760 ne
2818 1708 3038 1775 species
3095 1708 3451 1760 simularetur

1887 1798 2264 1853 conviciorum
2292 1797 2522 1850 Palama:
2544 1807 2602 1849 ut
2624 1798 3015 1850 consisterent.
3053 1797 3263 1850 Etenim
3290 1798 3336 1852 si
3360 1798 3452 1849 dc-

1818 1878 1858 1932 Β
1888 1890 2135 1943 sinerent
2187 1896 2531 1956 argumenta,
2588 1888 2685 1951 ait,
2735 1886 2893 1957 341
2932 1902 3108 1955 neque
3164 1888 3275 1955 jam
3306 1886 3451 1939 illius

1887 1978 2252 2050 ignorantiam
2282 1980 2608 2043 excitarent,
2654 1978 2771 2033 fore
2802 1989 2861 2032 ut
2905 1978 3070 2032 etiam
3106 1978 3309 2032 bellum
3343 1989 3453 2030 sta~

1889 2075 1985 2127 tim
2014 2085 2070 2127 et
2095 2071 2374 2143 Oppositio
2427 2071 2574 2125 illius
2635 2070 2837 2139 linguae
2872 2070 3238 2124 conviciantis
3270 2078 3324 2121 et
3372 2070 3457 2123 Io-

1889 2165 2184 2234 qna‘eitatis
2213 2163 2554 2219 desinerent.
2592 2180 2609 2212 ι
2639 2162 2940 2217 Possumus
2970 2161 3135 2215 etiam
3195 2161 3459 2215 imitatio-

1890 2271 2013 2309 nem
2071 2256 2139 2308 ad
2198 2253 2437 2320 divinos,
2494 2254 2695 2322 inquit.
2755 2263 3123 2321 praeceptores
3159 2253 3454 2305 etlumina

1891 2348 2146 2403 Ecclesiae
2199 2347 2403 2402 referre
2459 2355 2649 2400 contra
2724 2338 3053 2399 Eunominm
3111 2345 3455 2399 invehentes.

1890 2441 2026 2496 Cum
2060 2440 2204 2492 enim
2233 2439 2380 2492 illius
2408 2437 2802 2507 impudentiam
2839 2447 3254 2505 cognoscerent,
3309 2436 3460 2491 Basio

1888 2532 1997 2586 lius
2029 2530 2270 2598 Magnus,
2321 2530 2637 2593 «Videmur,
2694 2530 2894 2598 inquit,
2956 2538 3179 2598 propter
3231 2530 3457 2584 multam

1890 2622 2183 2690 impietatis
2216 2620 2659 2689 perspicuitatem
2702 2622 2888 2674 verbis
2919 2635 3111 2674 carere
3143 2634 3323 2689 neque
3358 2622 3460 2673 L-a-

1892 2712 2020 2767 bere
2050 2711 2323 2780 quomodo
2373 2711 2643 2765 insaniam
2699 2726 2887 2764 eorum
2927 2722 3236 2781 tangamus.
3294 2715 3367 2766 ita
3403 2722 3464 2767 ut

1903 2801 2142 2855 fructum
2171 2815 2370 2870 capere
2385 2810 2583 2869 prazter
2601 2801 2965 2869 ignorantiam
2994 2802 3127 2856 mihi
3152 2803 3459 2859 videantur.

1894 2890 1965 2946 Ut
2001 2890 2149 2944 enim
2190 2891 2372 2945 mollia
2414 2899 2470 2943 et
2501 2892 2836 2945 remittentia
2889 2906 3146 2961 corpora,
3189 2894 3319 2962 quia
3376 2910 3465 2949 re-

1890 2982 2087 3035 sistere
2118 2996 2225 3034 non
2262 2991 2510 3051 possunt,
2536 2981 2747 3050 justum
2805 2983 3010 3036 vulnus
3068 2984 3323 3051 accipere
3363 2999 3461 3038 ne-

1890 3080 2122 3141 queunt,
2186 3073 2258 3125 ita
2328 3087 2507 3140 neque
2567 3086 2665 3125 eos
2696 3087 2934 3141 quorum
2999 3073 3316 3141 ignorantia
3380 3086 3465 3129 est

215 3172 433 3239 πληγὴν
489 3171 753 3238 ἐνεγκεῖν,
808 3171 982 3233 οὕτως
1041 3171 1162 3224 οὐδὲ
1214 3171 1323 3223 τῶν
1376 3172 1659 3240 προδήλων
1708 3174 1899 3255 alga:

1777 3190 1787 3234 ;
1814 3197 1862 3255 ο
1894 3173 2081 3235 aperta
2116 3174 2177 3218 ut
2200 3175 2522 3233 argumento
2550 3164 2758 3232 ingenti
2791 3173 3078 3235 tangamus
3105 3166 3226 3219 Iieri
3248 3175 3461 3235 potest;

214 3263 402 3313 ἄνοια-ν
426 3262 647 3314 δυνατὸν
679 3262 886 3330 ἐλέγχῳ
909 3261 1137 3329 νεανικῷ
1168 3262 1512 3314 καθικέσθαι.
1536 3262 1792 3315 Λείπεται

214 3350 304 3401 οὖν
341 3352 524 3419 σιωπῇ
561 3351 620 3403 τὸ
664 3349 956 3418 βδελυκτδν
989 3352 1168 3403 αὐτῶν
1200 3352 1300 3419 τῆς
1337 3350 1589 3412 ἀσεϐείας
1617 3368 1794 3419 παρα-

214 3443 469 3511 δραμεῖν.
504 3459 522 3492 ›
576 3440 875 3511 Γρηγὸριος
912 3440 956 3493 δ’
1006 3439 1160 3502 αὖθις
1212 3442 1238 3492 6
1297 3439 1613 3501 Νυσσαέων,
1672 3456 1792 3490 κατ’

218 3533 485 3601 Εὐνομίου
511 3531 802 3601 φερόμενος
833 3532 925 3584 καὶ
945 3531 1105 3592 αὐτὸς
1127 3532 1219 3582 καὶ
1247 3530 1338 3582 τὸν
1362 3531 1521 3581 αὑτὸν
1548 3528 1793 3599 τάδελσῷ

218 3622 616 3691 σταδιοδρομῶν
643 3622 876 3684 δίαυλον,
914 3640 930 3672 ι
960 3622 1154 3684 Καλῶς
1173 3627 1239 3674 ἄν
1266 3623 1398 3689 ἔχοι,
1429 3621 1581 3687 φησὶ.
1612 3622 1790 3688 σιωπῇ

221 3714 429 3779 μᾶλλον
455 3712 547 3764 τὸν
579 3711 737 3779 λόγον
777 3710 1127 3781 βδελὺξασθαι
1172 3714 1266 3764 καὶ
1309 3710 1549 3779 βύσσντα
1582 3709 1647 3760 τὰ
1680 3702 1794 3760 ὦτα

217 3807 413 3870 ςυγείν
444 3802 551 3855 ἀπὸ
591 3803 762 3871 ἀκοῆς
800 3803 1064 3871 πονηρᾶς.
1095 3819 1114 3852 ι
1159 3800 1284 3852 Ἐπὶ
1327 3802 1533 3859 τούτοις
1569 3801 1596 3850 6
1641 3799 1796 3866 βασι-

217 3891 343 3952 λεύς
372 3906 432 3940 τε
470 3888 690 3957 ἀνέστη,
724 3889 816 3939 καὶ
847 3890 874 3940 6
912 3888 1168 3954 σύλλογος
1198 3886 1491 3941 διελέλυτο.
1525 3888 1583 3937 Εἰ
1607 3887 1661 3936 δέ
1702 3885 1793 3936 καὶ

218 3984 384 4050 Ξεερα
424 3980 593 4032 πλείω
626 3980 826 4049 μεταξὺ
865 3978 1167 4048 λαληθέντα
1199 3980 1349 4047 παρὰ
1402 3979 1495 4029 τοῦ
1535 3978 1793 4045 Παλαμᾶ,

221 4073 381 4139 σιγῆς
425 4073 738 4141 ὑπάρχοντα
778 4073 871 4124 καὶ
900 4072 959 4123 οὐ
997 4072 1215 4141 μνήμης
1259 4072 1502 4123 οὐδέποτ’
1538 4072 1793 4139 οὐδεμιᾶς

218 4162 371 4228 ἄξια,
406 4165 531 4229 σιγῇ
566 4162 1038 4231 παρετ.έμφοησαν
1077 4163 1373 4232 καὶταύτῃ
1418 4164 1481 4231 τῇ
1515 4163 1792 4230 διηγήσει,

223 4250 527 4320 μεμφέσθω
580 4253 795 4320 μηδείςο
846 4251 1072 4322 περιττά
1118 4251 1225 4321 γὰρ
1273 4252 1367 4304 καὶ
1410 4250 1676 4319 ἐπιϐλαΘῆ
1730 4248 1792 4321 [ί.

224 4344 326 4394 Ιζὶεί
360 4342 435 4412 r.]
468 4343 563 4394 καὶ
610 4343 1044 4412 συμπεφυρμένα
1074 4342 1167 4393 καὶ
1208 4342 1555 4411 βλασφημίας
1591 4359 1795 4395 παντο-

218 4437 402 4505 δαπῆς
459 4439 553 4487 καί
604 4437 853 4506 ποικίλης
907 4437 1207 4504 ἀνάμεστα,
1266 4436 1468 4503 μᾶλλον
1523 4436 1578 4486 δὲ
1627 4438 1795 4505 χείρω

218 4529 574 4582 παντάπασιν
599 4528 630 4595 ἢ
659 4530 881 4597 ναυτιᾷν
910 4529 1059 4590 ὄντα,
1088 4526 1196 4580 οὐδ’
1228 4528 1396 4595 ἀκοῆς
1425 4525 1557 4593 γοῦν
1591 4528 1793 4594 μικρᾶς

218 4621 481 4689 ἠξίωνται
521 4619 655 4686 πρὸς
687 4619 780 4670 τοῦ
814 4620 1089 4687 Γρηγορᾶ..
1145 4618 1243 4670 Διά
1283 4618 1440 4670 τοῦτο
1488 4618 1583 4670 καὶ
1628 4618 1791 4679 αὐτὸς

219 4716 348 4781 σιγῇ
402 4712 798 4781 παραπέμπειν
852 4710 1042 4781 ἔκρινα
1094 4712 1224 4773 δεῖν,
1276 4712 1417 4764 δυοῖν
1472 4711 1655 4776 ἓνεκα,
1704 4709 1791 4761 ἶνα

216 4804 423 4872 δηλαδὴ
478 4803 607 4871 μήθ’
655 4805 779 4870 ὅρια
841 4803 1098 4874 Πατέρων
1156 4804 1594 4876 ὑπερϐαίνωμεν,
1654 4804 1791 4873 μήτε

226 4896 602 4964 βλασφημίαις
649 4896 995 4964 Παλαμικαῖς
1033 4897 1193 4949 ἀκοαὶ
1231 4896 1471 4965 καθαραὶ
1511 4894 1791 4947 καταϐλά-

223 5006 265 5040 π
281 5006 497 5041 τωνται.

294 5080 422 5132 ΛΒ’.
460 5074 532 5130 Εὖ
565 5095 648 5145 γε,
699 5073 744 5130 ὦ
774 5080 941 5145 φίλων
973 5079 1163 5149 ἄριστε
1200 5077 1535 5145 ’Δγαθόνικε.
1568 5074 1677 5127 Καί
1712 5093 1794 5128 σοι

218 5168 323 5235 τῆς
350 5166 656 5234 διηγήσεως
687 5167 871 5233 μακρά
901 5183 983 5227 τις
1012 5166 1253 5217 κείσεται
1281 5166 1445 5234 χάρις
1479 5165 1535 5215 ἐν
1560 5167 1669 5223 τοῖς
1694 5164 1795 5231 τῆς

219 5258 365 5325 ἐμῆς
393 5257 624 5325 καρδίας
650 5255 934 5321 θαλάμοις.
983 5256 1182 5316 Ἡδέως
1209 5257 1251 5306 δ’
1288 5254 1353 5307 ἂν
1392 5254 1665 5323 πυθοίμην
1700 5255 1792 5304 καὶ

218 5347 344 5414 ἣτις
378 5345 411 5413 ή
452 5346 631 5412 ψῆφος
668 5343 758 5395 ἐπὶ
784 5344 993 5405 τούτοις
1034 5344 1117 5412 εἴη
1150 5343 1246 5395 τοῦ
1298 5360 1357 5395 τε
1392 5343 1654 5412 βασιλέως
1691 5342 1788 5394 αὐ-

214 5432 313 5485 τοῦ
347 5434 443 5486 καὶ
474 5432 591 5502 ἆμα
622 5431 720 5499 τῆς
750 5433 857 5483 τῶν
890 5432 1112 5494 ἐνδόξων
1138 5432 1429 5498 γερουσίας
1458 5432 1693 5497 ἐκείνης.

290 5608 418 5664 Ar'.
462 5608 604 5662 Ἀλλ’
632 5610 751 5663 οὐδὲ
773 5610 977 5677 ταύτην
1002 5612 1217 5681 ὀκνήσω
1244 5628 1347 5675 σοι,
1390 5610 1631 5679 βέλτιστε
1668 5610 1792 5662 Θεό-

220 5718 376 5771 τιμε,
408 5701 795 5771 διηγήσασθαι.
826 5704 1148 5768 Κατέγνωκε
1176 5706 1277 5771 μὲν
1298 5703 1405 5754 τῶν
1448 5707 1672 5771 μακρῶν
1695 5703 1789 5753 τοῦ

223 5792 465 5860 Παλαμᾶ
496 5792 587 5845 καὶ
616 5792 875 5845 ποικίλων
906 5791 1267 5861 βλασφημιῶν
1292 5794 1318 5841 6
1348 5792 1598 5860 βασιλεὺς
1618 5792 1791 5844 ὁπόσα

1897 3256 2232 3321 relinquitur
2263 3255 2451 3323 igitur,
2500 3263 2559 3307 ut
2617 3255 2953 3324 impietatem
2993 3272 3186 3311 eorum
3217 3258 3461 3312 odiosam

1896 3347 2118 3399 silentio
2156 3348 2664 3414 pra-terminamus.
2711 3365 2729 3398 ι
2778 3348 2991 3403 Rursus
3022 3357 3208 3401 autem
3263 3348 3468 3419 Grego-

1898 3440 2010 3490 rius
2034 3438 2309 3506 Nysscnus
2334 3440 2383 3491 in
2408 3439 2733 3491 Eunomiqu
2770 3439 3034 3493 invehens
3064 3448 3120 3493 et
3152 3440 3266 3508 ipse
3291 3440 3465 3494 ident—

1896 3542 2004 3594 que
2034 3543 2156 3580 cum
2192 3527 2361 3580 fratre
2395 3543 2624 3581 currens
2650 3530 2916 3592 stadium,
2972 3548 2991 3580 ι
3027 3530 3325 3584 Honestum
3358 3541 3466 3594 est,

1898 3618 2096 3684 inquit,
2133 3619 2353 3671 silentio
2385 3619 2571 3686 potius
2610 3635 2896 3673 sermones
2928 3620 3113 3673 odisse
3155 3632 3211 3675 et
3238 3604 3467 3675 aurilms

1896 3710 2163 3761 obturatis
2194 3710 2530 3774 auditionem
2566 3711 2822 3764 miseram
2852 3711 3091 3780 fugere.»
3125 3714 3206 3765 Ad
3230 3714 3343 3767 hate
3370 3728 3464 3767 rex

1896 3799 2273 3851 assurrexith
2310 3798 2641 3866 colloquium
2698 3799 2908 3852 ﬁnitum
2963 3800 3304 3866 est.Qnodsi
3359 3803 3465 3855 alia

1897 3904 1948 3955 ψ
1977 3902 2117 3952 oqne
2152 3888 2304 3954 plura
2338 3897 2595 3954 praeterea
2628 3888 2773 3941 dicta
2800 3904 2829 3941 ιι
2857 3889 3093 3951 l’alama,
3142 3907 3263 3959 qua:
3291 3893 3463 3944 silen-

1900 3979 1976 4030 tio
2008 3980 2253 4045 subjecta
2314 3993 2492 4046 neque
2550 3979 2657 4032 ulla
2721 3995 2965 4047 unquam
3015 3984 3275 4035 memoria
3303 3982 3465 4051 digna

1896 4070 2241 4127 sunt,etiam
2292 4071 2612 4124 narratione
2670 4072 2773 4125 hac
2830 4072 3052 4126 silentio
3104 4074 3467 4137 prmtrrmissa

1896 4170 2045 4219 sunt.
2066 4173 2225 4212 nemo
2247 4159 2350 4213 hoc
2378 4161 2782 4228 reprehendat;
2808 4177 3211 4231 Supervacanea
3243 4163 3391 4216 enim
3414 4175 3469 4215 ct

1898 4250 2060 4304 noxia
2086 4259 2142 4305 et
2168 4249 2330 4322 342
2357 4250 2585 4305 confusa
2641 4262 2771 4307 sunt
2811 4264 2867 4307 et
2907 4254 3143 4306 convicii
3181 4254 3384 4306 diversi
3408 4264 3467 4307 et

1905 4342 2045 4394 varii
2073 4341 2232 4409 plena
2263 4358 2279 4394 :
2313 4341 2428 4395 sive
2457 4343 2638 4409 potius
2667 4344 2851 4412 pejora
2890 4343 3116 4395 omnino
3164 4358 3365 4396 nausea
3400 4358 3468 4396 ue

1897 4430 2178 4483 auditione
2220 4430 2444 4498 quidem
2478 4432 2706 4484 minima
2741 4450 2769 4485 a
2803 4434 3044 4501 Grcgorn
3081 4434 3242 4501 digna
3280 4434 3464 4487 habita

1825 4519 1868 4573 D
1898 4534 2043 4573 sunt.
2079 4522 2373 4589 Propterea
2408 4532 2463 4576 et
2489 4522 2605 4590 ipse
2650 4524 2871 4577 silentio
2894 4540 2956 4576 ea
3002 4524 3466 4591 prmtcrmittenda

1903 4627 2024 4666 esse
2055 4615 2273 4675 censui.
2296 4613 2509 4667 duabus
2543 4630 2609 4667 ex
2641 4617 2823 4668 causis
2850 4634 2863 4667 :
2895 4616 3154 4667 nimirum
3224 4629 3290 4666 ne.
3334 4614 3470 4667 [inca

1908 4703 2128 4757 Patrum
2152 4705 2568 4773 egrederemur,
2595 4721 2733 4758 neve
2761 4706 3030 4759 conviciis
3057 4705 3343 4758 Palamicis
3371 4721 3471 4758 au-

1918 4809 2009 4848 res
2043 4794 2271 4849 sinccra:
2300 4795 2729 4850 oﬂ'enderentur.

1916 5108 1921 5115 .
1978 5063 2196 5118 XXXII.
2252 5064 2466 5127 Optime
2522 5065 2788 5132 profecto,
2861 5067 3220 5119 oamicornm
3264 5066 3469 5133 optime

1905 5152 2241 5221 Agathonice
2273 5167 2286 5203 :
2319 5160 2482 5218 atque
2519 5156 2848 5205 narrationis
2907 5156 3062 5206 istius
3115 5168 3306 5220 inagna
3368 5153 3467 5204 tilsi

1906 5242 2083 5294 aderit
2153 5244 2321 5309 gratia
2385 5241 2437 5292 in
2500 5244 2733 5308 pectoris
2802 5245 2905 5295 tuci
2960 5242 3469 5309 Spatiiszlibcuter
3560 5274 3565 5281 ο

1905 5343 2087 5385 autem
2116 5334 2260 5384 scire
2300 5332 2442 5390 volo.
2487 5334 2645 5399 quale
2693 5333 2960 5401 judicium
3023 5335 3095 5384 sit
3136 5333 3235 5385 hac
3296 5334 3351 5385 in
3410 5349 3469 5386 re

1906 5426 2048 5491 regis
2081 5425 2254 5492 ipsius
2285 5425 2557 5491 simulque
2611 5426 2855 5477 virorum
2902 5426 3200 5477 illustrium
3246 5426 3469 5478 concilii

1908 5517 2077 5570 illius.

1976 5605 2218 5660 XXXIII.
2256 5605 2456 5660 Verum
2490 5622 2669 5677 neque
2722 5611 2842 5668 hoc.
2899 5610 3188 5664 Theotimo
3237 5610 3466 5679 optime,

1909 5701 2003 5753 tibi
2040 5713 2297 5751 cnarrarc
2329 5698 2583 5752 invidebo
2628 5716 2642 5755 :
2672 5701 2938 5769 judicavit
2960 5703 3181 5770 quidem
3218 5718 3309 5754 rex
3338 5717 3471 5751 t‘nll-

1908 5799 1989 5842 tra
2048 5804 2239 5858 magna
2290 5790 2520 5843 I’alamae
2586 5802 2641 5845 ct
2698 5792 2845 5845 varia
2902 5793 3149 5846 convicia
3212 5791 3261 5844 id
3321 5789 3468 5859 quod
