4264 6362
810 403 916 466 3ῖὸ

1999 404 2425 465 NICEPHORI
2467 408 2852 468 GllEGOR/E

3941 411 4044 472 3lfi

808 511 1075 580 partitum
1109 512 1278 567 Deum
1309 511 1440 586 dicit
1474 524 1529 567 et
1566 513 1860 565 infinitum.
1890 512 1954 566 Et
1982 514 2112 566 alias
2146 530 2158 566 :
2189 515 2380 569 Omnis
2407 519 2452 576 Α
2480 517 2492 567 ἐ

2361 531 2380 569 5
2407 519 2452 576 Α
2480 516 2536 568 δὲ
2567 516 2762 585 σωθείη
2788 517 3038 584 διαφορὰ,
3077 516 3149 585 μὴ
3175 517 3498 585 σωζομένων
3518 517 3625 571 τῶν
3652 535 3746 585 την
3774 519 4045 588 διαφορᾶν

807 603 1045 656 varietas
1089 620 1206 672 qum
1237 619 1420 658 rerum
1456 607 1596 658 inter
1629 621 1687 657 se
1723 605 2144 674 discrepantiam
2176 613 2230 658 et
2267 604 2380 658 dis-

810 693 1228 748 similitudinem
1255 696 1320 749 ad
1347 696 1629 764 qualitatis
1653 697 1915 748 rationem
1944 696 2177 763 explicat
2202 711 2379 764 quan-

813 788 1027 839 titatem
1067 801 1248 840 rerum
1285 787 1634 839 dissimilium
1672 802 1855 840 secum
1888 785 2117 849 inducit,
2148 787 2261 838 sive
2293 801 2380 839 es-

813 877 1117 930 sentiarum
1147 879 1259 930 sive
1294 879 1641 945 qualitatum,
1671 879 1783 930 sive
1812 878 2225 945 proprietatum.
2255 877 2384 942 Quae

810 967 956 1020 enim
998 979 1109 1021 non
1155 971 1380 1022 omnino
1420 970 1607 1022 cadent
1645 970 1788 1022 inter
1833 985 1891 1022 se
1941 978 2088 1032 sunt,
2124 985 2286 1022 unam
2320 977 2375 1021 et

813 1058 1056 1109 eamdem
1081 1059 1332 1111 essentia:
1357 1061 1620 1112 rationem
1646 1075 1749 1112 non
1773 1059 2221 1126 admittunt,qu;e
2247 1074 2374 1111 vero

817 1147 959 1198 inter
990 1163 1046 1200 se
1084 1149 1297 1212 eadem,
1331 1151 1612 1203 varietatis
1644 1150 2008 1219 imparticipia
2056 1160 2202 1204 sunt.
2239 1151 2374 1204 Nam

814 1251 938 1289 cum
975 1239 1274 1307 simplicem
1302 1249 1458 1292 antea
1479 1240 1613 1293 dixit
1644 1241 1830 1305 Deum,
1863 1241 1989 1294 dein
2017 1241 2247 1308 simplex
2281 1257 2380 1295 va-

817 1327 1027 1380 rietatis
1057 1345 1175 1381 esse
1204 1331 1424 1384 omnino
1450 1331 1795 1399 imparticcps
1825 1331 1980 1383 dixit.
2007 1330 2133 1384 Ideo
2159 1331 2382 1384 omnino

817 1418 920 1468 sibi
976 1418 1117 1470 idem
1169 1418 1330 1488 357
1381 1430 1436 1474 et
1492 1423 1710 1473 unicum
1737 1429 1793 1474 et
1846 1430 2130 1481 constans,
2185 1421 2384 1488 quippe

816 1508 1138 1573 quantitatis
1170 1527 1343 1578 genus
1374 1527 1476 1563 non
1512 1512 1740 1575 habens,
1773 1527 1901 1581 ergo
1935 1513 2093 1580 plane
2133 1527 2242 1565 non
2285 1527 2387 1564 nu-

817 1599 1078 1651 mcrabile
1110 1615 1211 1651 nee
1241 1600 1580 1654 dissolubile.

2479 607 2709 672 ἑχόντων
2737 607 2871 672 προς
2911 607 3152 675 ἅλληλα;
3211 607 3374 675 Ὁρᾷς
3417 608 3493 669 ὼς
3549 608 3648 660 οὐκ
3701 609 4046 677 ἀπαγορεύει

2490 696 2746 764 Ἰωάννης
2776 697 2802 748 δ
2834 698 2975 758 θεῖος
3004 699 3064 748 ὲκ
3093 697 3387 764 Δαμασκοῦ
3445 698 3554 750 οὐδ’
3577 701 3694 750 ἐκεῖ
3734 699 3858 750 κατ’
3889 700 4044 750 οὐδὲν

2480 787 2538 835 τὸ
2577 785 2837 854 παράπαν
2863 783 2898 837 ἃ
2927 784 3020 837 νῦν
3049 788 3137 837 ἐπὶ
3161 786 3314 838 τοῦδε
3375 787 3724 851 συντίθεται;
3773 784 3807 856 ἦ
3838 787 3949 856 γὰρ
3981 787 4044 838 ἂν

2479 870 2547 944 ἦν
2577 876 2737 938 αὐτὸς
2764 876 2944 943 έαυτῳ
2976 877 3308 944 μαχόμενος.
3364 877 3522 928 Ἀλλά
3555 879 3667 939 τοῖς
3707 881 3766 929 ὲκ
3791 879 3904 929 τῶν
3930 895 4044 928 τοι-

2482 967 2654 1018 οὐτων
2679 966 2952 1036 διαφορῶν
3017 967 3333 1027 συγκεῖσθαι
3391 967 3488 1034 τὴν
3529 967 3680 1020 θείαν
3739 968 4047 1035 φάσκουσιν

2482 1057 2668 1107 οὐσίαν
2696 1058 2945 1125 ἐπιτιμᾷ,
2973 1058 3065 1108 καὶ
3098 1058 3354 1110 ἁνασοϐεῖ
3395 1060 3469 1127 μὴ
3523 1059 3703 1125 λέγειν
3765 1058 4049 1116 οὐσιώόεις

2482 1145 2746 1212 διαφορὰς
2792 1147 2884 1198 ιπὶ
2922 1147 3079 1208 Θεοῦ,
3121 1149 3177 1200 αἳ
3226 1151 3326 1218 τὴν
3371 1149 3558 1202 οὐσίαν
3616 1149 3922 1201 συντιθέναι
3961 1149 4049 1198 λέ-

2478 1255 2662 1304 γονται
2686 1237 2760 1298 ὡς
2790 1236 2873 1303 ἐφ’
2929 1240 3084 1308 ἡμῖν,
3117 1240 3235 1293 ἀλλ’
3267 1241 3324 1293 αἲ
3375 1242 3783 1293 διαστέλλουσιν
3819 1243 3882 1292 ὲκ
3940 1240 4049 1289 τῶν

2479 1327 2712 1379 κτιστῶν
2755 1328 2972 1382 οὐσιῶν.
3019 1330 3091 1381 Τὸ
3127 1332 3235 1399 γὰρ
3277 1333 3376 1399 τῆς
3417 1332 3569 1392 θείας
3603 1333 3792 1393 οὐσίας
3837 1334 4046 1382 ένιαῖον

2480 1419 2793 1471 παντάπασι
2836 1420 2932 1472 καὶ
2965 1421 3172 1474 ἁπλοῦν
3204 1421 3266 1492 [Γ.
3300 1422 3398 1476 168
3430 1423 3507 1493 υ.]
3543 1424 3723 1490 πάσης
3766 1424 3857 1473 καὶ
3910 1439 4052 1473 παν-

2481 1509 2632 1571 τοίας
2663 1511 2841 1579 πάντη
2866 1511 3130 1581 διαφορᾶς
3154 1514 3523 1567 ἀνεπίδεκτον.
3567 1514 3630 1565 Ἦ
3675 1514 3783 1582 γὰρ
3815 1513 4053 1579 διαφορὰ

2485 1603 2732 1668 φυσικῶς
2760 1602 3032 1669 ἑπομένην
3065 1603 3263 1672 ἔχουσα
3294 1606 3392 1673 τὴν
3449 1606 3767 1673 ἑτερότητα,
3809 1605 4052 1671 πληθυν-

816 1691 1148 1752 τικῗνεύθύς
1177 1694 1407 1762 ἀριθμὸν
1434 1695 1776 1762 συνεισάγει·
1804 1696 1938 1746 ὅπου
1995 1695 2041 1747 δ’
2099 1694 2332 1764 ἀριθμὸς
2351 1696 2446 1746 καὶ
2491 1692 2717 1761 πλῆθος,
2763 1695 2998 1764 ἁπλότης
3053 1692 3193 1748 εἶναι
3228 1697 3288 1748 οὐ
3342 1699 3712 1766 συγχωρεῖται
3748 1695 4050 1764 μοναδικῆ-

817 1783 1071 1852 καθάπερ
1098 1789 1189 1837 καὶ
1215 1789 1242 1838 ὸ
1276 1786 1416 1848 θεῖος
1444 1788 1697 1856 Μάξιμος
1724 1788 1927 1857 ἀμερές
1959 1804 2092 1856 φησι
2121 1787 2185 1837 τὸ
2210 1786 2385 1847 Θεῖον,
2427 1786 2568 1837 διότι
2604 1786 2700 1837 καὶ
2737 1787 2960 1840 ἄποσον.
3003 1787 3112 1838 Καὶ
3179 1788 3362 1852 πάλιν,
3413 1789 3587 1850 nam,
3622 1789 3777 1856 φησὶ,
3821 1785 4059 1853 διαφορὰ

816 1874 914 1939 τῆς
952 1877 1125 1928 ἄλλων
1145 1879 1277 1945 πρὸς
1301 1880 1436 1932 ἄλλα
1454 1882 1611 1933 τκατὰ
1639 1882 1730 1933 τὸν
1756 1881 1853 1931 ιτοῦ
1883 1881 1999 1941 πῶς
2024 1877 2161 1933 εἶναι
2188 1879 2344 1946 λόγον
2358 1880 2743 1948 ἀνομοιότητός
2774 1897 2833 1930 τε
2862 1884 2952 1932 καὶ
2975 1881 3291 1950 ἑτερότητος
3317 1879 3450 1936 οὖσα
3477 1883 3771 1952 δηλωτικὴ,
3799 1883 3861 1933 τὸ
3892 1881 4059 1932 ποδὶν

817 1972 921 2021 τῖιν
946 1971 1305 2038 διαφερίντων
1329 1974 1668 2042 πραγμάτιον
1702 1975 2049 2038 συνεισάγειν
2068 1974 2234 2040 ἑαυτῇ
2256 1972 2520 2038 πέφυκεν,
2551 1970 2651 2022 εἴτ’
2674 1973 2875 2024 οὐσιῶν
2898 1972 3009 2024 εἴτε
3067 1975 3369 2041 ποιοτήτων
3393 1974 3488 2026 εἴτ’
3517 1976 3794 2042 ἱδιοτήτων
3812 1990 3824 2002 ο
3856 1974 3922 2024 τὰ
3965 1972 4060 2037 ξέέν

819 2063 926 2130 γὰρ
963 2063 1034 2130 μὴ
1068 2062 1314 2131 ἀλλήλοις
1341 2067 1515 2132 πάντη
1539 2067 1710 2118 ταυτα
1740 2067 1834 2118 ἕνα
1872 2066 1963 2118 καὶ
1999 2065 2086 2118 τὸν
2121 2066 2281 2116 αὐτὸν
2310 2064 2402 2115 τοῦ
2422 2061 2559 2117 εἶναι
2591 2065 2842 2133 οὐδαμῶς
2870 2068 3174 2136 ἐπιδέχεται
3198 2068 3377 2135 λόγον,
3414 2068 3480 2121 τὰ
3503 2067 3557 2119 δὲ
3593 2067 3768 2136 πάντη
3805 2065 4061 2133 ἀλλήλοις

817 2158 987 2207 ταύτὰ
1043 2158 1304 2226 διαφορᾶς
1362 2161 1708 2214 ἀνεπίδεκτα.
1783 2163 1891 2213 Καὶ
1925 2163 2033 2228 γὰρ
2057 2160 2264 2213 ἁπλοῦν
2296 2161 2664 2228 ὡμολογηκὼς
2695 2162 2958 2231 πρότερον
2987 2157 3210 2215 εἶναιτὸ
3237 2163 3408 2224 Θεῑον,
3435 2158 3552 2213 εἷτα
3589 2164 3646 2213 τὸ
3687 2162 3862 2228 πάντη
3897 2163 4064 2227 φησιν

820 2250 1019 2302 ἁπλοῦν
1049 2251 1309 2319 διαφορᾶς
1355 2248 1492 2304 εἶναι
1518 2254 1872 2307 ἀνεπίδεκτον
1894 2271 1907 2285 ·
1938 2256 2069 2308 διότι
2095 2258 2190 2307 καὶ
2217 2256 2393 2322 πάντη
2427 2255 2624 2307 ταυτὸν
2655 2254 2832 2320 ὲαυτῷ
2860 2255 2952 2306 καὶ
2981 2255 3269 2322 μοναδικὸν
3291 2256 3384 2306 καὶ
3415 2255 3535 2306 ὅλον
3557 2254 3689 2315 ὅλως
3710 2254 3959 2320 ἄσχετον,
3990 2254 4063 2312 ὡς

818 2346 879 2396 τὸ
909 2346 963 2393 ὲν
1008 2343 1156 2410 ποσῷ
1188 2346 1338 2410 γένος
1365 2346 1461 2395 οὐκ
1487 2344 1609 2413 ἕχον
1645 2349 2157 2416 κατηγορούμενον,
2186 2348 2282 2400 καὶ
2312 2349 2399 2399 διὰ
2419 2346 2577 2399 τοῦτο
2607 2347 2885 2409 παντελῶς
2923 2346 3023 2398 οὐκ
3064 2347 3471 2415 ἀριθμούμενον
3494 2345 3616 2398 οὐδὲ
3644 2347 4054 2414 διαιρούμενον.

863 2448 866 2449 ⁷
894 2433 1216 2495 V.Vi<lesne,
1244 2444 1302 2485 ut
1328 2434 1416 2486 ubi
1443 2435 1744 2503 duplicatio
1775 2445 2090 2489 naturarum
2120 2445 2177 2490 ct
2199 2453 2394 2489 nume-
2428 2446 2469 2499 Β

2378 2466 2394 2476 -
2428 2446 2469 2499 Β
2572 2432 2646 2486 Ε’.
2695 2434 2860 2504 Ὁρᾷς
2891 2435 3008 2494 πῶς
3038 2435 3172 2486 ὅπου
3201 2433 3394 2502 διπλόη
3436 2434 3654 2501 φύσεων
3678 2435 3771 2484 καὶ
3802 2433 4062 2500 ἀριθμὸς.

822 2541 916 2577 ras
943 2535 1048 2583 est.
1087 2525 1335 2578 varietati
1367 2526 1487 2579 loco
1522 2526 1671 2589 dato,
1699 2526 1986 2580 dissolutio
2014 2536 2097 2579 est
2129 2536 2183 2579 et
2218 2525 2393 2594 parti—

825 2619 922 2676 tio.
973 2617 1064 2668 ubi
1094 2626 1273 2670 autem
1303 2617 1462 2670 unica
1495 2617 1820 2686 simplicitas
1842 2657 1855 2679 ,
1888 2618 2066 2671 aliena
2096 2628 2152 2670 et
2198 2617 2394 2670 intole-

825 2705 1014 2759 rabilis
1063 2707 1297 2761 varietas
1349 2716 1404 2760 et
1449 2708 1928 2775 partitioHtaque
1951 2707 2391 2761 concludendum

824 2810 907 2848 est
934 2796 1195 2849 Joannem
1225 2797 1623 2850 Damascenum
1655 2798 1879 2850 minime
1915 2813 2097 2851 secum
2126 2813 2389 2866 pugnare,

825 2887 917 2953 qui
956 2886 1042 2938 bie
1071 2887 1216 2940 dicat
1247 2886 1571 2950 inereatunt,
1593 2888 1924 2951 immortale,
1943 2898 1997 2943 et
2022 2889 2232 2955 reliqua
2250 2888 2393 2956 ejus-

827 2977 972 3030 modi
1005 2993 1111 3031 non
1152 2991 1273 3030 esse
1302 2979 1594 3031 varietates
1619 2978 1960 3042 essentiales,
2005 2978 2114 3031 illic
2148 2994 2278 3030 vero
2309 2993 2393 3030 es-

827 3069 1109 3120 sentialem
1148 3082 1435 3122 remanere
1464 3068 1782 3122 varietatem
1815 3068 1868 3122 in
1893 3069 2126 3122 duarum
2154 3069 2273 3122 Filii
2299 3069 2389 3122 Dei

829 3165 1148 3208 naturarum
1203 3155 1256 3207 in
1309 3171 1474 3209 unam
1529 3171 1815 3223 personam
1874 3159 2284 3226 conjunctione,
2337 3165 2393 3210 et

828 3259 1049 3297 manere
1083 3253 1326 3298 creatum
1373 3255 1641 3305 creatum,
1691 3245 1994 3297 increatum
2047 3244 2388 3304 iucreatum,

832 3337 1058 3389 mortale
1083 3337 1330 3399 mortale,
1355 3335 1657 3389 immortale
1689 3335 2013 3398 immortale,
2040 3346 2098 3388 et
2119 3333 2388 3402 ejusmodi

830 3425 1080 3479 similiter
1112 3426 1315 3480 omnia.
1349 3425 1452 3479 Sed
1491 3440 1614 3478 cum
1658 3424 1882 3492 utrique
1928 3422 2191 3475 doctrinae
2229 3435 2388 3475 suum

831 3517 1055 3576 t.ibuat,
1088 3516 1330 3584 loquitur
1365 3531 1551 3570 secum
1584 3525 1638 3569 et
1669 3529 1794 3568 cum
1828 3515 2059 3566 veritate
2085 3526 2392 3580 congruen-

830 3608 927 3661 tia.
956 3608 1057 3659 Sed
1088 3607 1393 3660 audiendus
1419 3615 1502 3660 est
1529 3605 1693 3660 etiam
1723 3605 1882 3658 divus
1908 3603 2172 3656 Maximus
2193 3601 2286 3653 ubi
2321 3599 2389 3652 ob

2494 2528 2610 2578 ἐκεῖ
2640 2526 2730 2578 καὶ
2759 2525 2861 2592 τῆς
2900 2524 3163 2593 διαφορᾶς
3189 2524 3372 2594 χώραν
3405 2523 3637 2594 ἐχούσης
3667 2525 3896 2576 ἐστικαὶ
3923 2526 4066 2577 διαί-

2496 2633 2645 2684 ρεσις
2695 2615 2858 2676 εὐθὺς
2890 2614 2988 2666 καὶ
3017 2615 3312 2682 μερισμὸς,
3353 2615 3487 2665 ὅπου
3521 2613 3568 2666 δ’
3614 2614 3858 2680 ἁπλότης
3898 2632 4066 2680 μονα-

2493 2707 2641 2774 δικὴ,
2670 2706 2798 2774 ξένη
2849 2705 2909 2756 τὸ
2939 2706 3231 2773 παράπαν,
3267 2707 3380 2756 ἐκεῖ
3409 2705 3500 2756 καὶ
3527 2704 3800 2772 ἁςόρητός
3853 2705 4002 2755 ἐστιν
4035 2707 4065 2770 ὴ

2492 2796 2726 2862 διαφορὰ
2751 2796 2845 2847 καὶ
2869 2797 2898 2846 ὀ
2933 2796 3242 2864 μερισμόςς
3275 2795 3412 2846 ὥστε
3446 2794 3821 2859 συλλογιστέον
3855 2794 4066 2844 καὶτὸν

2494 2881 2856 2949 Δαμασκηνὸν
2905 2882 3160 2947 Ἰωάννην
3199 2879 3425 2948 μηδαμῆ
3473 2881 3778 2947 μαχῦμενον
3807 2875 3949 2931 εἶναι
3983 2880 4067 2930 διι-

2492 2975 2608 3025 κεῖν
2638 2973 2802 3023 αὐτὸν
2851 2972 3054 3039 ἐαυτῷ,
3088 2971 3165 3022 ὅτ’
3215 2972 3332 3022 ἐκεῖ
3394 2970 3491 3037 μὲν
3521 2970 3671 3034 λέγει
3717 2969 3776 3020 τὸ
3807 2970 4067 3022 ἄκτιστον

2493 3061 2586 3114 καὶ
2624 3059 2892 3113 ἀθάνατον
2929 3059 3024 3109 καὶ
3050 3058 3117 3110 τὰ
3144 3055 3372 3109 τοιαῦτα
3406 3059 3480 3124 μὴ
3511 3052 3649 3107 εἶναι
3675 3057 3943 3124 aia-sopit;
3979 3058 4067 3108 οὺ-

2494 3150 2722 3213 σιώδεις,
2749 3149 2985 3202 ἐνταῦθα
3007 3148 3063 3199 δὲ
3096 3148 3193 3216 τὴν
3234 3147 3470 3215 οὐσιώδη
3505 3147 3770 3208 σώζεσθαι
3795 3147 4068 3215 διαφορὰν

2491 3243 2584 3292 ὲπὶ
2615 3240 2711 3308 τῆς
2734 3241 2813 3300 είς
2835 3240 2964 3306 μίαν
2998 3238 3298 3289 ὑπόστασιν
3319 3236 3564 3298 ὲνῶσεως
3583 3238 3687 3287 τῶν
3721 3238 3812 3289 δύο
3849 3240 4070 3306 φύσεων

2491 3331 2584 3383 τοῦ
2614 3329 2784 3399 ΙΗϐθ
2810 3327 2881 3398 r.]
2909 3329 3044 3381 Υἱοῦ
3068 3327 3162 3379 τοῦ
3185 3327 3341 3393 θεοῦ,
3362 3328 3457 3380 καὶ
3484 3329 3740 3396 μένειντό
3769 3346 3824 3380 τε
3849 3331 4071 3382 κτιστδν

2491 3422 2705 3472 κτιστδν
2737 3421 2833 3472 κα)⁸
2860 3420 2919 3471 τὸ
2952 3420 3207 3472 ἄκτιστον
3252 3421 3526 3480 ἇκτιστον,
3562 3420 3656 3469 καὶ
3680 3421 3758 3470 ἔτι
3783 3419 3842 3470 τ),
3873 3420 4070 3487 θνητὸν

2491 3510 2683 3578 θνητὸν
2716 3511 2809 3561 καὶ
2851 3510 2913 3560 τὸ
2972 3509 3244 3561 ἀθάνατον
3300 3509 3586 3566 ἀθάνατον,
3618 3511 3711 3559 καὶ
3755 3511 3822 3560 τὰ
3858 3510 4070 3561 τοιαῦτ’

2496 3601 2698 3666 ὁμοίως
2730 3601 2948 3652 ᾶπαντα
2972 3613 2986 3626 ·
3022 3599 3156 3652 ἀλλὰ
3183 3599 3241 3650 τὸ
3274 3602 3550 3667 προσῆκον
3581 3598 3817 3666 ἑκατέρᾳ.
3853 3599 4068 3650 διδόντα.

829 3697 973 3751 dicta
999 3698 1194 3750 refutat
1217 3698 1511 3760 Palamam,
1541 3696 1744 3764 quippe
1763 3695 1990 3763 simplex
2008 3693 2227 3746 deitatis
2247 3690 2393 3744 aufe—
2451 3691 2513 3748 ,εἰ

2383 3721 2393 3730 -
2451 3690 2842 3758 έδιδασκαλίᾳ,
2903 3690 3170 3758 σύμφωνα
3217 3690 3550 3756 φθέγγεσθαι
3597 3690 3851 3754 καθάπαξ
3886 3691 4067 3759 ἐαυτῷ

831 3798 1037 3840 reutcm
1061 3797 1115 3840 et
1143 3789 1339 3840 multas
1379 3788 1676 3840 varietates
1700 3794 1752 3838 et
1775 3782 2204 3853 compositiones
2227 3782 2401 3837 deita-
2426 3768 2469 3829 C
2501 3797 2515 3832 ι

2384 3808 2401 3820 -
2426 3768 2469 3829 C
2501 3781 2595 3832 κα)⁸
2623 3785 2688 3850 τῇ
2722 3783 2972 3849 ἀληθεία.
3003 3782 3340 3850 Προσεκτέον
3367 3782 3534 3833 δὲκαὶ
3563 3781 3639 3848 τῷ
3675 3782 3803 3849 θείῳ
3828 3782 4068 3847 Μαξίμῳ

831 3880 975 3933 tibus
1013 3880 1127 3933 suis
1155 3889 1248 3933 aut
1277 3879 1454 3947 potius
1486 3877 1603 3932 deis
1630 3877 1943 3945 deabusque
1969 3875 2320 3928 tribuentem.
2488 3889 2515 3923 τ

2488 3873 2580 3923 τὸν
2605 3872 2870 3940 Παλαμᾶν
2894 3873 2982 3925 διὰ
3004 3859 3110 3923 τῶν
3136 3874 3440 3940 είρημένων
3456 3874 3711 3941 ἄντικρυς
3769 3873 4066 3939 ἐλέγχοντι,

829 3973 890 4023 τό
922 3990 980 4024 τε
1028 3971 1232 4024 ἁπλοῦν
1269 3973 1366 4033 τῇς
1399 3971 1526 4038 μιᾶς
1558 3970 1857 4033 ἐξωθοῦντα
1908 3968 2183 4035 θεότητος,
2237 3968 2332 4019 καὶ
2360 3965 2561 4026 πολλὰς
2593 3965 2692 4025 τὰς
2728 3963 2990 4032 διαφορὰς
3035 3965 3128 4014 καὶ
3159 3963 3435 4023 συνθέσεις
3471 3963 3590 4023 ταῖς
3623 3961 3785 4012 αὐτοῦ
3846 3965 4069 4031 χαριξόο

833 4078 994 4128 μενον
1061 4061 1300 4130 θεότησι,
1373 4060 1571 4129 μᾶλλον
1641 4060 1683 4110 δ’
1724 4061 1900 4111 εἰπεῖν
1934 4057 2086 4118 θεαῖς
2107 4059 2205 4109 καὶ
2232 4057 2374 4120 θεοῖς
2401 4057 2748 4121 οἰκειότερον.

904 4154 988 4206 Vl.
1021 4152 1126 4205 Sed
1163 4152 1472 4220 recipienda
1499 4162 1585 4205 est
1616 4152 1813 4205 oratio.
1861 4149 2018 4216 Quod
2053 4152 2204 4203 enim
2242 4165 2392 4204 com-

830 4247 1004 4314 posita
1035 4255 1218 4297 nostra
1250 4244 1466 4305 attinet,
1515 4242 1836 4299 essentiales
1882 4243 2175 4294 varietates
2207 4241 2392 4308 dupli-

831 4351 946 4388 cem
980 4337 1254 4389 notionetn
1285 4334 1545 4388 efﬁciunt.
1568 4335 1787 4388 Formas
1799 4334 1944 4387 enim
1961 4333 2390 4402 353animan-

835 4428 966 4480 tium
1032 4437 1226 4495 Sponte
1270 4427 1555 4481 formando
1612 4434 1949 4493 componunt
1985 4435 2039 4477 et
2083 4439 2114 4476 a
2159 4424 2394 4478 diversis

833 4522 1088 4574 essentiis
1119 4521 1428 4589 seiungunt.
1457 4519 1648 4584 Quoad
1685 4529 1864 4571 autem
1913 4518 2123 4570 beatam
2158 4517 2304 4569 illam
2337 4524 2393 4569 et

837 4614 1050 4664 unicatn
1077 4613 1393 4670 essentiam,
1418 4612 1591 4663 altera
1621 4609 1946 4676 compositio
1968 4609 2078 4676 jam
2106 4623 2136 4660 a
2164 4608 2260 4661 SS.
2294 4609 2390 4660 Pa-

836 4701 1013 4751 tribus
1062 4699 1288 4766 probata
1330 4708 1434 4760 est,
1470 4700 1640 4751 altera
1672 4698 1741 4750 ab
1777 4697 2034 4750 omnibus
2066 4697 2263 4750 creatis
2305 4711 2392 4748 es-

826 4789 1026 4841 sentiis
1057 4789 1326 4857 seiunctio
1351 4790 1706 4843 vehementer
1720 4786 1977 4855 quadrat.
1995 4786 2129 4840 Nam
2162 4787 2394 4839 duarutn

837 4880 957 4932 Filii
1000 4880 1093 4932 Dei
1141 4889 1456 4932 naturarum
1511 4882 1653 4931 inter
1698 4893 1756 4931 se
1792 4878 1849 4930 in
1897 4891 2061 4930 unam
2107 4892 2395 4945 personam

836 4970 1253 5038 ceiijuuetarum
1287 4985 1506 5024 manere
1540 4970 1619 5023 ait
1639 4969 1981 5023 essentialem
2002 4968 2395 5034 diﬂerentiam,

837 5061 1058 5114 deitatis
1093 5071 1150 5114 et
1183 5062 1560 5116 humanitatis.

913 5332 1012 5382 νη.
1047 5332 1186 5395 Quid
1234 5332 1299 5382 aii
1351 5331 1463 5383 iure
1511 5333 1667 5392 ilicis,
1701 5332 2029 5384 amicissime
2063 5329 2396 5383 Tlieotitne?

838 5422 1030 5476 Nonne
1065 5425 1158 5474 ιιιιὶ
1193 5425 1404 5477 tidetur
1437 5425 1683 5476 Palatinas
1727 5426 2032 5484 evidenter,
2094 5423 2219 5475 licet
2282 5424 2396 5474 ins-

839 5528 983 5575 eras,
1016 5513 1271 5565 ΙιςιςιτΙιίιτυ
1337 5517 1649 5566 insanorum
1710 5530 1858 5566 more
1915 5529 2100 5564 sacras
2153 5512 2400 5578 Scriptu-

843 5621 930 5656 ras
964 5606 1116 5655 adire
1159 5617 1214 5656 et
1260 5605 1503 5656 inductas
1540 5606 1920 5656 Conclusiunes
1969 5603 2254 5672 proferre?
2289 5613 2400 5654 tum

841 5707 1172 5762 spuulunee.
1206 5705 1316 5746 tuin
1363 5711 1468 5746 non
1514 5705 1727 5763 sponte,
1778 5710 1921 5747 nunc
1953 5710 2075 5746 cum
2125 5707 2399 5759 quoquam

841 5789 1206 5850 Conscmiens,
1235 5803 1377 5840 nunc
1407 5802 1502 5840 nec
1533 5803 1652 5840 cum
1705 5785 2064 5838 familiaribus
2086 5799 2185 5838 nec
2220 5783 2408 5849 impie—

2569 4148 2661 4214 (τ’.
2703 4146 2843 4199 Ἀλλ’
2890 4145 3225 4197 ὲπανακτέον
3269 4147 3364 4196 τὴν
3416 4144 3590 4212 λόγον.
3632 4143 3753 4194 Ἐπὶ
3811 4143 3913 4212 μὲν
3959 4143 4067 4209 γὰρ

2497 4241 2607 4292 τῶν
2662 4238 2934 4291 συνθέτων
2967 4239 3122 4307 ἡμῶν
3155 4238 3209 4288 αἱ
3241 4235 3520 4295 οὐσιῶδεις
3563 4235 3820 4302 διαφοραὶ
3873 4234 4068 4297 διπλῆν

2500 4331 2715 4384 ποιοῦσι
2741 4333 2836 4383 καὶ
2875 4328 2972 4397 τὴν
3007 4330 3303 4395 σημασίαν.
3339 4326 3419 4378 Τά
3459 4342 3515 4375 τε
3545 4325 3655 4391 γὰρ
3693 4325 3796 4374 ὐπὸ
3829 4324 3889 4374 τὸ
3923 4323 4066 4386 ςῶο)

2499 4423 2615 4490 εἴδη
2647 4421 2995 4472 συντιθέασιν
3039 4416 3428 4478 είδοποιοῦσαι,
3458 4413 3551 4464 καὶ
3585 4415 3715 4479 πρὸς
3755 4429 3817 4477 γε
3849 4413 3928 4462 ἔτι
3960 4413 4068 4463 τῶν

2500 4510 2810 4579 ὲτεροφυῶν
2859 4508 3262 4560 διαστέλλουσιν
3294 4506 3513 4558 οὐσιῶν.
3561 4504 3686 4555 Ἐπὶ
3729 4503 3782 4552 δὲ
3815 4502 3917 4567 τῆς
3963 4520 4067 4570 μα-

2498 4602 2696 4669 καρίας
2741 4599 2956 4668 ἐκείνης
2987 4599 3082 4649 καὶ
3129 4597 3339 4658 ἐνιαίας
3371 4595 3559 4656 οὐσίας
3589 4595 3817 4660 θάτερον
3852 4592 3977 4657 μὲν,
4006 4593 4065 4642 τ’,

2498 4693 2596 4760 τῆς
2633 4692 2928 4760 συνθήκης,
2965 4689 3414 4758 ἀπηγορευμένον
3450 4689 3560 4746 τοῖς
3601 4684 3766 4745 θείοις
3796 4683 4063 4751 ἐνομίσθη

2499 4783 2768 4851 Πατράσι,
2803 4782 3029 4848 θάτερον
3054 4780 3134 4838 δὲ,
3157 4779 3216 4831 τὸ
3247 4779 3347 4845 τῆς
3375 4779 3435 4828 ὲκ
3462 4776 3652 4829 πασῶν
3685 4774 3790 4825 τῶν
3822 4773 4064 4823 κτιστῶν

2498 4875 2787 4942 διαστολῆς
2851 4873 3070 4933 οὐσιῶν,
3107 4873 3203 4922 καὶ
3257 4870 3464 4938 σφόδρα
3524 4866 3897 4918 συνδέδοκται·
3933 4865 4065 4915 ἐνω-

2499 4965 2697 5016 θεισῶν
2739 4967 2849 5031 γὰρ
2897 4962 3179 5029 ἀλλήλαις,
3239 4961 3392 5028 φησὶ,
3447 4959 3552 5009 τῶν
3592 4957 3684 5009 δύο
3725 4955 3944 5022 φύσεων
3986 4958 4065 5016 εἰς

2429 5101 2472 5152 D
2507 5054 2636 5121 μίαν
2677 5053 2980 5103 ὑπόστασιν
3015 5049 3110 5101 τοῦ
3147 5050 3274 5101 Υίοῦ
3305 5049 3399 5100 τοῦ
3458 5048 3615 5106 Θεοῦ,
3668 5047 3938 5107 σώζεσθαι
3973 5047 4056 5098 αὐ-

2499 5145 2609 5196 τῶν
2660 5145 2759 5211 τὴν
2811 5141 3041 5210 οὐσιὼδη
3097 5142 3362 5210 διαφορὰν
3392 5139 3644 5208 ὁρίζοντα
3691 5138 3945 5206 θεότητος
3973 5139 4067 5189 καὶ

2496 5233 2935 5302 ἀνθρωπὸτητος.

2567 5323 2644 5376 Ζ’.
2677 5321 2740 5374 Τί
2773 5323 2906 5391 πρὸς
2935 5322 3108 5374 ταῦτα
3142 5323 3268 5392 φῂς,
3298 5317 3341 5373 ῶ
3378 5322 3497 5387 φίλε
3545 5320 3814 5384 Θεότιμε;
3847 5312 3922 5368 ’Ἡ
3957 5315 4066 5383 γὰρ

2476 5400 2560 5467 ὀὐ
2586 5414 2867 5480 λεληθέναι
2893 5414 3036 5463 δοκεῖ
3067 5429 3146 5464 σοι
3173 5414 3356 5480 σαφῶς
3383 5412 3571 5463 ἑαυτὸν
3594 5415 3620 5461 ὀ
3647 5410 3908 5475 Παλαμίς
3936 5407 4065 5474 βακ-

2503 5505 2800 5574 χικώτερον
2869 5504 3010 5554 κατὰ
3063 5505 3186 5564 τοὺς
3251 5504 3605 5569 μαινομένους
3669 5501 3873 5566 τρόπον
3937 5499 4057 5556 ταῖς

2506 5598 2677 5657 θεὲαις
2705 5595 2946 5663 Γραφαῖς
2978 5595 3245 5662 προσιὼν,
3277 5594 3373 5645 καὶ
3414 5591 3774 5661 μεθαρμόζων
3811 5588 4065 5656 ἀμούσως

2508 5688 2602 5739 καὶ
2651 5686 2841 5755 πόρρω
2890 5684 3029 5735 θέων
3077 5685 3326 5752 βαλϐῖδος
3371 5686 3568 5744 εἰπεῖν,
3629 5683 3744 5741 πῶς
3777 5682 3873 5747 μὲν
3904 5677 4065 5736 ἑκὼν,

2510 5777 2624 5838 πῶς
2657 5773 2720 5844 Πο
2753 5771 2923 5842 1691]
2958 5773 3000 5825 δ’
3027 5776 3122 5843 οὐχ
3168 5778 3326 5844 ἑκὼν,
3369 5776 3461 5829 καὶ
3497 5774 3686 5844 μγβέσι
3738 5768 4066 5838 συμφωνῶν,
