4264 6362
196 391 289 450 317
1152 390 1599 450 ΒῩΖΑΝΤῙΝᾹΞ
1642 386 1880 448 IUSTO.

1152 390 1599 450 ΒῩΖΑΝΤῙΝᾹΞ
1642 386 2024 448 ΙΙΙδΤΟΗΙᾸί
2065 392 2213 452 LIB.
2257 394 2472 452 XXXI.

3334 396 3437 458 318

199 502 335 566 μήτε
380 501 496 560 τοῖς
525 500 751 562 οίιιείοις
781 502 878 553 καὶ
908 500 1292 569 ὁμογνώμοσιν
1342 490 1491 569 αὺτῷ
1516 499 1613 564 τὴν
1639 497 1766 548 δνσ-
1799 499 1841 554 Δ
1869 506 1883 550 ι

1754 526 1766 536 -
1799 499 1841 554 Δ
1869 496 1995 551 tatis
2018 500 2180 554 sociis
2207 516 2307 555 nec
2335 515 2458 554 cum
2483 501 2809 553 adversariis
2832 515 2930 554 nec
2952 514 3075 554 cum
3100 502 3438 569 semetipso?

196 590 445 651 σέϐειαν,
481 592 620 660 μήτε
664 593 773 652 τοῖς
815 591 1139 663 ἀντιθέτοις,
1181 592 1308 661 μήθ’
1354 590 1568 659 tauri}:
1602 591 1661 643 Εί
1709 591 1765 643 δὲ

198 677 396 747 βούλει.
436 681 635 750 μικρὸν
673 682 978 748 ἀναμείνας
1007 679 1217 749 ἀκούσῃ
1246 679 1395 733 καὶᾶ
1437 682 1639 749 μεταξὺ
1678 681 1768 732 λέ-

198 783 306 832 γων
356 769 386 819 ὁ
437 767 728 836 Γρηγορᾶς
765 770 1020 838 περὶτῆς
1072 772 1163 824 τοῦ
1204 771 1439 839 Παλαμᾶ
1482 774 1766 833 κακονοίας

200 857 582 923 συνεὶογίσατό
614 874 671 910 τε
729 858 827 910 καὶ
863 860 1208 930 ἀπεφήνατο.
1249 862 1461 915 Ἐκεῖνα
1493 863 1592 926 μὲν
1636 863 1764 931 γὰρ,

200 951 386 1015 φησὶν,
430 949 494 1000 οὐ
535 950 842 1017 προσίεται,
876 950 1063 1016 δεδιὼς
1112 956 1202 1005 τὸν
1255 955 1480 1007 αὐτόθεν
1524 956 1641 1009 κατ’
1671 956 1766 1007 αὐ-

198 1038 289 1088 τοῦ
348 1039 625 1106 φυόμενον
652 1040 879 1109 ἔλεγχον
912 1043 976 1095 ὲκ
1021 1043 1115 1094 τοῦ
1148 1045 1354 1107 εὐθέος,
1384 1045 1478 1099 ἁτε
1515 1047 1766 1100 σύνθεσιν

197 1128 356 1187 αὐτὸς
388 1129 531 1180 κατὰ
560 1129 663 1196 τῆς
706 1129 855 1193 θείας
905 1132 1137 1185 ἐπινοῶν
1186 1134 1280 1186 καὶ
1324 1135 1496 1201 λέγων
1542 1138 1762 1197 οὐσίας·

196 1212 367 1266 ταῦτα
400 1214 445 1265 δ’
478 1214 549 1268 αὖ
598 1215 769 1285 λήθης
814 1209 975 1269 ἑκὼν
1013 1221 1379 1289 παραπέμπει
1404 1205 1615 1289 ίβυθδῖς,
1667 1222 1763 1275 ἆτε

198 1302 286 1351 καὶ
312 1302 503 1365 αὐτοῖς
555 1305 970 1375 ἐναντιούμενος
1027 1309 1287 1379 ἄντικρυς
1338 1313 1431 1365 καὶ
1466 1311 1639 1378 λέγων
1670 1317 1765 1365 καὶ

198 1393 449 1460 γράφων.
486 1396 874 1464 Μεμενηκέναι
902 1400 1007 1468 γὰρ
1037 1401 1249 1466 eam;
1288 1401 1394 1471 ἔφη
1437 1406 1497 1454 τὸ
1533 1404 1765 1472 ἀόρατον

199 1482 435 1550 ἀόρατον
468 1485 562 1535 καὶ
588 1484 650 1536 τὸ
676 1487 781 1538 ἀπε
791 1488 1097 1557 ρίγραπτον
1129 1490 1563 1560 ἀπερίγραπτον,
1590 1495 1682 1546 καὶ
1703 1494 1764 1545 τὸ

197 1576 451 1626 ἆκτιστον
486 1576 688 1643 ὁμοίως
730 1580 827 1630 καὶ
869 1581 930 1629 τὸ
974 1580 1226 1649 ἄπειρον,
1274 1585 1367 1634 καὶ
1404 1583 1546 1636 οὕτω
1593 1584 1765 1647 σώζε-

196 1659 316 1711 σθαι
350 1660 543 1727 σαφῶς
578 1661 677 1731 τὴν
710 1663 816 1716 τῶν
845 1663 938 1717 δύο
970 1665 1187 1733 φύσεων
1212 1669 1442 1736 οὖσιὼδη
1466 1669 1761 1739 διαφοράν·

194 1754 217 1802 r'.
243 1751 300 1803 δὲ
327 1753 553 1817 μιγνύει
576 1754 647 1806 τὰ
675 1755 906 1824 ἄμικτα,
938 1756 1149 1829 φύρδην
1181 1760 1354 1824 οὕτως
1394 1764 1639 1830 συγχέων
1671 1764 1763 1815 καὶ

1872 589 1928 644 Si
1972 591 2173 644 morari
2210 593 2485 659 paulisper
2510 593 2663 653 vri-Alis,
2698 593 2889 646 audias
2911 606 3029 660 qua!
3063 594 3278 648 interim
3308 595 3443 647 Gre-

1869 693 2030 750 goras
2053 680 2120 734 de
2145 680 2378 734 Palatina:
2410 682 2642 734 stultitia
2668 681 2939 734 conclusit
2966 690 3021 734 et
3064 683 3313 749 protulit.
3346 684 3439 737 Illa

1870 772 2351 849 quidem,_inqnit,
2415 786 2519 824 non
2561 775 2897 841 aggreditur,
2951 787 3151 827 verens
3197 789 3264 828 ne
3311 774 3436 827 inde

1866 875 2061 918 contra
2113 878 2173 917 se
2224 865 2404 918 statim
2450 874 2744 921 moveatur
2793 865 3087 930 accusatio,
3141 866 3283 934 quod
3318 868 3433 932 ipse

1869 953 1927 1006 in
1960 952 2161 1008 deitate
2194 953 2648 1021 compositionem
2702 956 2903 1021 cogitat
2941 962 2993 1005 et
3028 954 3255 1021 profert.
3318 953 3441 1007 Ιιευε

1868 1060 2001 1097 vero
2034 1045 2087 1097 in
2134 1044 2469 1098 oblivionem
2506 1053 2700 1109 sponte
2732 1044 2899 1096 mittit
2931 1045 3129 1112 quippe
3170 1045 3236 1099 iis
3272 1062 3438 1112 repu-

1868 1148 2039 1201 gnans
2064 1144 2117 1187 et
2136 1133 2295 1187 dictis
2326 1144 2382 1187 et
2413 1133 2645 1201 scriptis.
2671 1134 2894 1187 Manere
2927 1134 3071 1187 enim
3100 1146 3321 1188 sanctus
3350 1135 3438 1186 di—

1868 1228 1941 1278 cit
1981 1224 2249 1278 invisibile
2281 1224 2573 1282 invisibile,
2612 1224 2879 1276 inﬁnitum
2904 1224 3200 1289 inﬁnitum,
3225 1225 3437 1279 increa-

1871 1326 1981 1368 tum
2015 1315 2270 1379 similiter
2297 1324 2356 1369 et
2386 1313 2728 1367 indeﬁnitum
2749 1354 2762 1376 ,
2791 1326 2845 1366 et
2872 1316 2940 1366 ita
2975 1330 3195 1369 manere
3248 1327 3438 1383 aperte

1868 1406 2099 1460 duarum
2148 1416 2469 1459 naturarum
2504 1405 2846 1459 essentialem
2877 1405 3040 1474 359
3089 1406 3434 1459 varietatem.

1868 1500 1962 1553 ille
1986 1514 2115 1552 vero
2138 1499 2325 1551 miscet
2363 1513 2471 1550 non
2502 1498 2801 1558 miscenda,
2834 1512 3061 1564 prorsus
3090 1497 3437 1551 confundens

1866 1600 1918 1642 ον
1943 1588 2269 1656 perturbans
2292 1586 2526 1654 maligne
2545 1597 2598 1637 et
2629 1584 2867 1637 indocte.
2896 1583 3083 1652 Neque
3111 1588 3260 1639 enim
3290 1586 3434 1639 invi-

1873 1677 2274 1739 sibilemianere
2294 1674 2564 1727 invisibile
2590 1674 2843 1728 concedit
2863 1676 3165 1727 secundum
3209 1674 3439 1728 increati

1869 1780 1923 1822 et
1956 1767 2220 1821 indeliniti
2275 1776 2522 1820 naturam
2565 1777 2619 1817 et
2658 1768 3063 1833 proprietatem,
3117 1781 3289 1833 neque
3319 1766 3437 1817 inﬁ-

195 1844 571 1913 ἀνακεραννὺς
597 1848 960 1915 κακοτρόπως
993 1826 1362 1918 καὶγάμλθῶς.
1394 1826 1531 1905 Οὔτε
1561 1855 1668 1921 γὰρ
1703 1855 1761 1906 τὸ
1798 1826 1838 1879 Β
1867 1876 1879 1914 ι

1758 1883 1761 1901 ι
1798 1826 1838 1879 Β
1867 1862 2041 1914 nitum
2068 1857 2362 1917 inﬁnitum,
2386 1857 2477 1910 sed
2504 1858 2555 1908 in
2581 1856 2714 1910 ﬁniti
2749 1868 2799 1909 et
2834 1858 3066 1909 visibilis
3105 1867 3294 1909 natura
3328 1857 3442 1910 hmc

194 1934 425 2002 ἀόρατον
461 1937 647 2002 μένειν
680 1938 915 2006 ἀόρατον
942 1939 1126 1992 δίδωσι
1174 1944 1315 1994 κατὰ
1357 1945 1456 2012 τὴν
1486 1944 1577 1996 τοῦ
1614 1946 1765 1997 ἀκτῖ-

197 2042 319 2078 στου
357 2043 417 2078 τε
461 2027 557 2079 καὶ
608 2029 840 2099 ἀπείρου
898 2030 1061 2097 φύσιν
1102 2032 1196 2085 καὶ
1250 2034 1509 2103 ἰδιότητα.
1556 2036 1679 2089 οὔτε
1708 2040 1764 2090 τὸ

196 2118 617 2186 ἀπερίγραπτον
661 2121 1075 2191 ἀπερίγραπτον
1098 2140 1110 2153 ο
1160 2124 1274 2176 ἀλλ’
1304 2128 1359 2177 ἐν
1392 2130 1454 2196 τῇ
1484 2129 1577 2180 τοῦ
1609 2148 1766 2199 περι-

194 2211 440 2276 γραπτοῦ
473 2214 567 2263 καὶ
601 2213 796 2278 ὁρατοῦ
822 2214 981 2283 φύσει
1024 2218 1191 2269 ταῦτα
1222 2220 1366 2287 παρὰ
1404 2221 1565 2286 φύσιν
1589 2223 1616 2272 ὁ
1656 2224 1765 2289 μά-

195 2316 340 2363 ταιος
379 2303 739 2368 συνελαύνει,
770 2308 864 2360 καί¹
894 2308 1012 2375 ἅμα
1036 2312 1101 2377 τῇ
1137 2311 1243 2361 τῶν
1284 2312 1616 2379 κτισμάτων.
1645 2314 1766 2373 Hdt;

196 2389 299 2458 γὰρ
314 2389 381 2442 ἂν
410 2391 488 2443 ἔτι
520 2391 741 2444 δύναιτο
772 2394 951 2461 μένειν
975 2396 1035 2448 τὸ
1063 2396 1321 2449 ἄκτιστον
1342 2400 1597 2453 ἄκτιστον
1629 2402 1767 2472 ὀρώ-

200 2478 359 2545 μενὸν
389 2496 449 2529 τε
474 2480 565 2532 καὶ
591 2483 1068 2550 περιγραφόμενον
1093 2490 1425 2553 σωματικοῖς
1443 2489 1765 2559 ὀφθαλμοῖς,

196 2568 252 2617 ττι
316 2570 549 2636 νοεροίς,
614 2569 707 2622 καὶ
756 2571 927 2624 ταῦτα
972 2574 1427 2643 κεκαθαρμένοις,
1482 2579 1593 2630 οὐδ’
1635 2580 1769 2643 ὅλως

194 2658 512 2725 δυνάμενον;
530 2660 603 2723 ὡς
621 2662 776 2732 γάρῆ
799 2680 854 2714 τε
875 2666 1151 2736 ἐπιστήμη
1168 2670 1261 2718 καὶ
1279 2670 1304 2719 ὁ
1320 2669 1489 2738 ταύτῃ
1504 2671 1766 2739 ἑπόμενος

196 2750 426 2820 Νύσσης
454 2751 761 2821 Γρηγόριος
789 2754 1011 2819 φάσκει,
1045 2756 1106 2807 τὸ
1155 2762 1670 2829 περιγεγραμμένον
1703 2764 1766 2815 ἆ-

196 2855 387 2907 πειρον
412 2841 473 2891 οὐ
497 2840 721 2893 δύναται
750 2840 923 2895 εἶναι’
960 2843 1019 2914 [ί.
1055 2844 1158 2897 170
1182 2845 1255 2915 r.]
1279 2846 1306 2898 ὃ
1330 2849 1384 2899 δὲ
1417 2850 1492 2918 μὴ
1514 2852 1764 2920 ἄπειρον,

198 2931 628 2998 πεπερασμένον
654 2933 895 2994 πάντως.
936 2935 1361 3007 Πεπερασμένος
1386 2940 1496 3008 ἄρα
1527 2945 1554 2993 ὀ
1581 2942 1767 3009 διάφο-

199 3038 288 3087 ρος
312 3023 415 3090 τῆς
444 3022 595 3084 ὒεέας
632 3024 821 3087 οὐσίας
865 3025 1185 3096 Παλαμίτης
1223 3031 1478 3093 ἄκτιστος
1506 3033 1636 3094 Θεὸς
1672 3037 1769 3088 καὶ

1867 1962 2053 2005 contra
2070 1958 2318 2002 naturam
2349 1949 2550 2002 stultus
2568 1948 2653 2000 ille
2676 1947 2954 2001 consociat
2979 1962 3100 2001 cum
3130 1959 3436 2000 creatorqu

1870 2051 2084 2094 natura.
2118 2040 2401 2105 Quomodo
2435 2048 2619 2107 posset
2653 2039 2952 2091 iucreatutu
2987 2052 3204 2091 manere
3240 2039 3445 2091 increa-

1874 2143 1984 2185 tum
2021 2140 2076 2183 et
2129 2127 2347 2181 visibile
2399 2137 2453 2180 et
2499 2127 2858 2195 perceptibile
2909 2127 3187 2193 corporeis
3243 2127 3438 2188 oculis,

1869 2221 2012 2289 quod
2050 2238 2114 2273 ne
2144 2218 2471 2276 mentalibus
2504 2216 2725 2285 quidem
2775 2225 2829 2269 et
2881 2216 3032 2282 puris
3083 2216 3241 2282 plane
3286 2215 3440 2267 cerni

1868 2310 2083 2378 potest?
2114 2310 2261 2362 llanc
2285 2308 2529 2361 eamdem
2561 2306 2864 2359 doctrinam
2898 2313 3117 2380 secutus
3140 2303 3441 2371 Gregorius

1872 2402 2149 2470 Nysscuus
2210 2399 2341 2452 dicit
2374 2417 2386 2450 :
2422 2398 2658 2450 Finitimi
2691 2396 3012 2448 immensum
3044 2409 3163 2447 esse
3200 2411 3303 2446 non
3347 2409 3443 2461 po-

1869 2505 1993 2549 test.
2020 2492 2172 2558 Quod
2213 2507 2343 2545 vero
2368 2492 2693 2544 immensum
2729 2504 2836 2541 non
2875 2500 2981 2549 est,
3011 2487 3436 2540 deteriniuatum

1869 2586 2111 2639 omnino.
2140 2583 2539 2636 Determinatus
2564 2580 2728 2647 igitur
2756 2580 2846 2631 ille
2871 2590 2926 2632 et
2967 2594 2996 2630 a
3032 2578 3215 2630 divina
3244 2592 3435 2630 essen-

1872 2676 1945 2729 tia
1985 2674 2235 2728 diversus
2275 2672 2661 2726 Palamitarum
2712 2669 2991 2722 increatus
3046 2668 3188 2721 Deus
3234 2680 3442 2719 a~terno

1868 2775 1924 2818 et
1967 2764 2214 2817 increato
2246 2760 2475 2813 l’alamie
2524 2770 2789 2824 cognatus
2820 2764 2923 2809 est.
2970 2755 3076 2809 Sua
3109 2757 3252 2807 enim
3290 2756 3437 2807 illum

1871 2854 2208 2906 convincunt
2240 2852 2459 2918 scripta.
2509 2859 2565 2901 ut
2593 2863 2653 2900 se
2684 2849 2856 2914 ipsum
2889 2846 3137 2899 ostendet
3164 2856 3211 2898 et
3247 2848 3289 2898 si
3319 2847 3442 2910 quis

1870 2944 1937 2997 ad
1967 2959 2093 2998 eum
2128 2942 2388 2995 accedere
2423 2938 2571 2999 velit,
2612 2953 2802 2989 omnes
2850 2936 3006 3003 plane
3058 2936 3328 2986 iucreatos
3380 2948 3441 2985 se

1870 3036 2049 3089 facere
2084 3048 2243 3101 posse
2274 3031 2554 3099 proﬁtens;
2594 3029 2665 3080 ita
2704 3027 2907 3080 venalis
2952 3023 3302 3078 increationis
3347 3038 3438 3076 res

196 3114 445 3204 δμοφνὴς
473 3113 551 3181 τῷ
600 3115 820 3185 ἀνάρχῳ
854 3117 946 3168 καὶ
985 3118 1225 3186 ἀκτίστῳ
1256 3120 1469 3188 γίνεται
1500 3123 1753 3195 Παλαμᾷ.
1781 3146 1826 3204 c
1864 3139 1880 3191 Ι

1781 3146 1826 3204 ρ
1864 3135 2000 3191 facta
2030 3134 2112 3176 est
2140 3121 2350 3189 abiecto
2379 3120 2505 3172 huic
2536 3118 2763 3180 homini,
2787 3116 2945 3183 quasi
2974 3116 3100 3183 quis
3131 3124 3278 3167 emat
3314 3129 3441 3182 pre-

195 3202 271 3256 Τὰ
297 3203 410 3272 γὰρ
430 3207 619 3257 τούτου
647 3204 835 3259 τοῦτον
857 3208 1066 3277 ἐλέγχει
1095 3211 1419 3279 γράμματα,
1442 3213 1518 3275 ὡς
1539 3216 1756 3286 δειχθήο

1867 3220 1943 3273 tio
1975 3214 2246 3269 drachma:
2280 3212 2331 3263 in
2364 3210 2501 3263 foro.

195 3315 349 3351 σεται
411 3299 604 3351 ἑαυτόν
634 3316 693 3352 τε
729 3303 821 3353 καὶ
877 3300 933 3352 εί
974 3320 1055 3364 τις
1085 3303 1327 3371 βούλοιτό
1390 3307 1441 3359 oi
1514 3312 1820 3377 προσιέναι,
1857 3313 2068 3369 πάντας
2125 3305 2294 3372 ἄρδην
2327 3304 2615 3356 ἀπίστους
2656 3301 2916 3355 δύνασθαι
2963 3303 3136 3352 ποιεῖν
3169 3298 3442 3367 ἰσχυριζό-

198 3406 356 3459 μενος
386 3406 398 3417 ·
429 3390 605 3454 Οὕτως
638 3390 835 3445 εὔωνον
874 3395 1190 3449 παντάπασι
1220 3395 1278 3447 τὺ
1310 3396 1407 3466 τῆς
1463 3398 1853 3471 ἀκτιστότητος
1906 3400 2099 3468 γέγονε
2132 3398 2319 3463 χρῆμα
2382 3392 2461 3459 τῷ
2499 3392 2815 3461 καταράτῳ,
2841 3391 2932 3442 καὶ
2962 3386 3072 3443 οἷον
3129 3390 3196 3441 ἂν
3232 3390 3291 3454 ἐξ
3314 3391 3442 3457 ἁγο-

198 3484 293 3553 ρᾶς
320 3499 407 3543 τις
431 3484 652 3550 πρίαιτο
683 3484 958 3555 δραχμῆς.

266 3577 352 3630 ΙΙ·.
389 3576 594 3630 Ἐκεῖνο
624 3578 681 3631 δὲ
714 3581 828 3642 πῶς
860 3582 925 3635 ἄν
955 3598 1038 3644 τις
1066 3583 1247 3650 κωφὸν
1278 3586 1651 3655 παραδράμοι,
1681 3588 1764 3651 τὸ,

198 3667 353 3719 Ἐπεὶ
385 3668 485 3735 μία
526 3668 619 3720 καὶ
643 3670 859 3739 ἀμερὴς
896 3672 929 3739 ή
966 3670 1060 3724 τοῦ
1100 3673 1236 3725 Θεοῦ
1276 3675 1451 3740 οὐσία,
1489 3677 1576 3730 διὰ
1613 3677 1769 3731 τοῦτο

196 3757 463 3825 διαφορὰς
505 3759 602 3809 οὐκ
643 3758 753 3826 ἔχει
792 3761 1089 3825 οὺσιὼδεις;
1123 3762 1320 3832 Ἐχρῆν
1353 3768 1461 3835 γὰρ
1504 3768 1649 3837 αὐτῷ
1693 3769 1768 3837 μὴ

196 3848 524 3917 ἀνατρέπειν
554 3851 680 3910 τοὺς
710 3851 867 3917 ὅρους
899 3852 993 3903 καὶ
1020 3854 1143 3913 τοὺς
1179 3858 1635 3925 ὲπιστημονικοὺς
1669 3876 1769 3909 κα-

196 3938 351 4000 νόνας
388 3939 484 3991 τοῦ
515 3956 575 3991 τε
604 3940 777 3992 αἰτίου
811 3940 907 3993 καὶ
937 3943 1206 4006 αἰτιατοῦ,
1239 3947 1360 4014 μηδ’
1387 3947 1768 4018 ἀντιστρέφειν

198 4030 433 4096 ἁμαοῶς
462 4030 661 4082 οὑτωσί
685 4047 697 4059 ·
730 4032 821 4083 ἐπὶ
852 4035 959 4099 γὰρ
986 4033 1095 4085 τῶν
1130 4034 1275 4086 ίδίων
1303 4053 1359 4088 τε
1390 4037 1484 4089 καὶ
1516 4040 1646 4091 ἴσων
1674 4039 1771 4091 ἁλ-

197 4119 382 4188 λήλοις
409 4119 479 4170 τὰ
506 4119 604 4187 τῆς
634 4120 997 4190 ἁντιστροφῆς
1032 4127 1423 4192 συγχωρεῖται,
1457 4126 1530 4188 ὡς
1559 4126 1651 4178 τοῦ
1679 4144 1770 4194 γε·

199 4208 463 4263 λαστικοῦ
496 4210 592 4263 τοῦ
633 4211 924 4276 ἀνθρώπου
965 4214 1059 4264 καὶ
1090 4212 1182 4265 τοῦ
1223 4214 1642 4282 χρεμετιστικοῦ
1677 4217 1766 4269 τοῦ

198 4304 370 4355 ἵππου
393 4344 407 4366 ,
441 4302 537 4353 καὶ
570 4304 670 4354 οὐκ
702 4302 829 4355 ἔνθα
858 4305 920 4355 τὸ
955 4303 1139 4370 μεῖζόν
1175 4321 1227 4356 τε
1264 4305 1357 4357 καὶ
1390 4305 1610 4358 ἔλαττον
1643 4307 1675 4376 ἢ
1710 4308 1770 4360 τὸ

198 4390 424 4461 πρῶτον
444 4392 539 4443 καὶ
558 4391 810 4461 δεύτερον
832 4394 1133 4464 θεωρεῖται.
1162 4395 1345 4447 Αἴτιον
1365 4398 1474 4466 γὰρ
1496 4398 1771 4451 κάνταῦθα

1948 3579 2083 3634 V'lll.
2121 3575 2407 3643 Quomodo
2440 3574 2713 3641 quispiam
2751 3580 2952 3625 temere
2974 3580 3258 3640 praetereat
3287 3574 3443 3631 illud.

1875 3672 2014 3727 Cum
2053 3686 2158 3723 una
2183 3679 2239 3723 et
2268 3667 2543 3735 impartita
2576 3664 2669 3717 Dei
2703 3662 2937 3716 essentia
2959 3672 3064 3723 est,
3101 3663 3223 3716 ideo
3249 3678 3444 3717 essen-

1875 3762 2031 3816 tiales
2058 3758 2391 3813 diﬁ‘ereutias
2421 3771 2528 3809 non
2560 3754 2750 3808 habet?
2787 3753 3084 3823 Oportebat
3124 3754 3288 3822 360
3318 3770 3440 3807 eunt

1876 3869 1983 3906 nou
2018 3850 2151 3904 ﬁnes
2182 3848 2449 3902 excedere
2493 3856 2550 3900 et
2590 3845 2859 3899 doctrina:
2909 3845 3125 3914 regulas
3174 3844 3242 3898 de
3280 3860 3444 3898 causa

1872 3952 1928 3997 et
1960 3950 2203 4000 causam,
2232 3955 2409 4006 neque
2438 3949 2545 3991 tatu
2569 3935 2789 3991 indocte
2826 3951 3165 4005 oppugnare.
3214 3936 3345 3988 Nam
3389 3936 3449 3985 in

1873 4032 2146 4087 similibus
2186 4038 2242 4083 et
2272 4030 2499 4097 paribus
2531 4027 2945 4095 transpositioni
2981 4028 3133 4079 locus
3165 4034 3268 4088 est,
3294 4025 3451 4079 velut

1875 4124 2115 4178 hominis
2146 4121 2448 4174 cachinnus
2479 4130 2536 4173 et
2564 4118 2692 4186 equi
2720 4117 2988 4179 hinnitus,
3034 4132 3138 4169 nec
3172 4117 3245 4170 ibi
3268 4118 3447 4185 majus

1875 4223 1931 4269 et
1960 4215 2160 4273 minus,
2216 4218 2309 4264 aut
2338 4211 2573 4279 primum
2608 4217 2663 4261 et
2711 4208 2940 4261 alterum
2993 4207 3194 4260 habent
3240 4206 3444 4259 locum.

1875 4306 2046 4359 Causa
2075 4303 2220 4356 enim
2244 4312 2326 4356 est
2364 4313 2419 4354 et
2443 4300 2702 4369 primum,
2741 4315 2849 4352 non
2880 4310 2939 4351 ut
2967 4298 3082 4366 ipse
3105 4297 3324 4351 indocte
3356 4296 3442 4349 di—

1877 4397 1972 4458 cit,
2000 4394 2145 4462 quod
2177 4392 2451 4459 impartita
2480 4389 2745 4452 essentia,
2778 4389 2984 4442 idcirco
3016 4388 3308 4440 varietates
3333 4402 3443 4439 non

200 4458 295 4534 καὶ
326 4480 581 4549 πρῶτον,
611 4458 807 4550 οὐχγὼς
837 4458 1065 4551 ἀμαθῶς
1094 4484 1253 4546 αὐτός
1285 4458 1415 4555 φησι
1478 4487 1611 4539 διότι
1638 4491 1775 4557 ἀμε-
1803 4458 1848 4515 D
1876 4486 1884 4538 Ι

1761 4518 1775 4528 -
1803 4458 1848 4515 D
1876 4458 2039 4538 habet
2056 4458 2393 4548 essentiales,
2426 4481 2519 4536 sed
2559 4481 2916 4544 contrarium,
2936 4479 2979 4531 si
3004 4480 3127 4547 quis
3148 4477 3280 4531 illud
3313 4492 3445 4531 cnn-

199 4573 297 4642 ρὴς
324 4573 361 4642 ὴ
394 4572 573 4635 οὐσία,
599 4574 686 4626 διὰ
711 4572 869 4625 τοῦτο
895 4573 1156 4641 διαφορὰς
1186 4575 1285 4627 οὐκ
1313 4575 1425 4645 ἔχει
1454 4575 1735 4637 οὐσιὼδεις
1756 4594 1770 4607 °

198 4660 337 4714 ἀλλὰ
364 4661 693 4726 τούναντίον,
721 4662 769 4713 εξ
797 4664 894 4714 καὶ
921 4661 1081 4715 τοῦτο
1104 4664 1223 4731 δοίη
1249 4681 1334 4726 τις
1359 4663 1614 4730 ἐνταῦθα,
1641 4666 1773 4717 διότι

198 4747 465 4815 διαφορὰς
495 4747 594 4798 οὐκ
620 4747 732 4815 ἔχει
763 4747 1059 4813 οὖσιώδεις,
1089 4750 1181 4801 διὰ
1206 4750 1350 4802 τοῦτ’
1378 4750 1507 4813 ἴσως
1534 4753 1653 4804 ἐστὶ
1681 4753 1775 4803 καὶ

201 4834 439 4901 ἀμερής.
478 4835 670 4886 Καίτοι
710 4836 877 4903 ἐχρῆν
913 4834 1191 4889 κάνταῦθα
1226 4837 1490 4904 τεχνικῶς
1533 4838 1774 4890 διελόντα

202 4924 472 4993 πρότερον
514 4926 707 4986 είπεῖν,
753 4924 987 4995 ποτέρας
1032 4925 1139 4977 τῶν
1182 4926 1456 4980 οὑσιωδῶν
1502 4927 1773 4998 διαφορῶν

200 5014 442 5068 ἐνταῦθα
474 5014 759 5083 λαμϐάνει.
786 5015 900 5077 Τὰς
935 5018 1031 5084 μὲν
1060 5016 1171 5086 γάρ
1202 5034 1367 5085 φασιν
1397 5013 1535 5070 εἶναι
1564 5019 1772 5082 καίνεις

202 5106 414 5159 ἄνωθεν
448 5106 596 5157 κάτω
627 5105 695 5156 τὰ
728 5105 855 5172 γένη
889 5105 1173 5175 διαιρεῖται
1210 5109 1288 5168 είς
1319 5109 1433 5176 εἴδη
1471 5111 1565 5161 καὶ
1599 5109 1772 5162 ταῦτα

203 5201 279 5260 εἰς
302 5197 509 5263 ἄτομα,
535 5194 597 5266 [1³.
623 5196 719 5248 1Ἱο
743 5195 818 5266 υ.]
842 5195 872 5265 ἦ
901 5197 1099 5262 μᾶλλον
1122 5200 1294 5250 εἰπεῖν
1314 5201 1381 5252 τὰ
1404 5202 1501 5252 ὅλα
1525 5203 1601 5262 είς
1632 5201 1769 5269 μέρη

204 5290 348 5353 (ἶλον
384 5288 494 5355 γὰρ
531 5288 819 5356 ἑκάτερον,
854 5292 913 5340 τό
948 5304 1006 5339 τε
1055 5288 1203 5354 γένος
1244 5290 1337 5341 καὶ
1371 5291 1431 5342 τὸ
1469 5286 1641 5356 εῐδος,
1679 5295 1773 5346 καὶ

202 5382 300 5431 ὅσα
331 5377 536 5429 οὑτωσὶ
564 5378 698 5447 πρὸς
729 5377 863 5429 ἄλλα
893 5378 1224 5447 διαιρεῖται),
1254 5381 1352 5442 τὰς
1380 5380 1437 5432 δὲ
1466 5382 1588 5433 καθ’
1612 5382 1677 5444 ἂς
1704 5384 1772 5435 τὰ

204 5468 549 5538 ὃ.αιρεθέντα
578 5468 942 5523 εἰδοποιείται.
970 5471 1155 5538 Ὅμως
1187 5471 1246 5533 ἐξ
1273 5466 1337 5542 ἦς
1370 5472 1618 5541 ἐπιφέρει
1646 5491 1773 5542 γρα-

209 5559 378 5627 φικῆς
411 5559 715 5627 μαρτυρίας
734 5598 745 5619 ,
775 5558 934 5626 δῆλον
959 5561 1102 5621 ὅπως
1135 5560 1264 5612 ποτὲ
1294 5561 1388 5612 καὶ
1414 5562 1567 5613 τοῦτο
1598 5565 1770 5625 ποιεῖ,

206 5649 285 5700 ὃτι
313 5650 419 5709 τὰς
448 5646 782 5717 διαιρετικὰς
813 5650 903 5700 καί
933 5650 1138 5703 ἄνωθεν
1164 5653 1226 5702 ἐκ
1257 5650 1362 5702 τῶν
1391 5651 1548 5717 φύσει
1578 5653 1770 5720 προτέ-

209 5757 317 5807 ρων
344 5739 424 5802 είς
450 5739 508 5791 τὸ
535 5741 681 5794 κάτω
713 5741 1068 5811 μεριζομένας
1099 5742 1297 5810 πλῆθος
1324 5742 1593 5811 ὁμολογεῖ,
1620 5743 1766 5797 ἄκων

1874 4575 2052 4629 cedit:
2085 4574 2230 4642 quod
2261 4572 2555 4625 varietates
2584 4585 2688 4624 non
2720 4570 2882 4624 habet
2924 4569 3269 4630 essentiales,
3316 4582 3447 4634 ergo

1875 4682 1984 4719 non
2020 4663 2299 4731 impertita
2334 4671 2438 4717 est.
2489 4662 2809 4728 Quanquam
2864 4672 3089 4712 necesse
3125 4667 3243 4710 crat
3283 4658 3446 4711 docte

1873 4755 2300 4822 distinguentem
2332 4752 2490 4821 prius
2516 4752 2720 4812 dicere,
2748 4761 2929 4804 utram
2963 4748 3319 4804 essentialcin
3354 4763 3449 4800 va-

1872 4845 2123 4898 rietatem
2182 4841 2433 4910 recipiat.
2485 4839 2617 4895 Esse
2648 4840 2796 4892 enim
2844 4838 3059 4902 dicunt,
3111 4837 3178 4890 ad
3232 4851 3369 4905 quas
3416 4852 3446 4888 a

1873 4949 2092 4988 summo
2124 4934 2188 4987 ad
2221 4933 2391 4985 imum
2424 4944 2622 5001 genera
2648 4929 2971 4982 dividuntur
3001 4929 3054 4982 in
3111 4928 3342 4996 species,
3391 4934 3448 4979 et

1872 5025 1955 5079 ιω
2003 5027 2054 5078 in
2075 5034 2253 5077 atoma
2286 5034 2375 5075 aut
2395 5020 2575 5091 potius
2602 5031 2713 5074 tota
2742 5023 2795 5073 in
2819 5029 3024 5088 partes.
3053 5007 3251 5089 (tntum
3295 5018 3444 5071 cuitu

1874 5126 2185 5184 utrumque,
2209 5131 2403 5183 genus,
2435 5114 2734 5181 species,et
2752 5127 3093 5179 qumcuuque
3116 5111 3258 5164 inter
3279 5127 3336 5164 se
3359 5112 3446 5162 di-

1872 5206 2154 5272 viduntur)
2202 5217 2324 5257 esse
2373 5214 2579 5265 autem,
2613 5202 2678 5253 ad
2722 5215 2858 5269 quas
2910 5200 3087 5254 divisa
3117 5200 3445 5253 formantur.

1874 5293 2078 5347 Tamen
2104 5309 2170 5348 ex
2200 5293 2497 5361 Scriptura:
2525 5292 2864 5355 testimonio,
2895 5292 3040 5361 quod
3072 5292 3252 5352 aﬁ'ert,
3274 5292 3443 5344 etiam

1874 5384 1978 5438 hoc
2031 5384 2294 5446 declarat,
2329 5384 2635 5436 dividentes
2667 5393 2721 5435 et
2755 5399 2877 5452 qua:
2907 5398 2936 5437 a
2981 5398 3195 5438 summo
3229 5384 3443 5452 priores

1874 5481 2069 5525 natura
2088 5481 2215 5525 sunt
2237 5472 2301 5525 ad
2331 5486 2619 5524 numerum
2643 5472 2780 5523 iulia
2801 5472 3103 5525 divisarum
3122 5487 3181 5526 se
3203 5486 3439 5541 arquarc.

1872 5562 2099 5617 Temere
2152 5574 2208 5617 ct
2258 5563 2471 5616 indocte
2509 5560 2827 5629 quidem,at
2880 5563 2952 5614 ita
2980 5562 3127 5617 iacit.
3168 5563 3435 5616 Pluralcm

1873 5656 1935 5708 D.
1990 5654 2252 5708 Maximus
2283 5654 2356 5707 ait
2389 5668 2510 5707 esse
2562 5653 2728 5706 Drum
2774 5654 3203 5723 unumquodque
3242 5669 3433 5708 eorum

1873 5760 1992 5813 qua:
2022 5754 2148 5800 sunt
2194 5743 2521 5813 prmcoguito
2550 5750 2749 5796 eventu
2802 5743 3183 5812 multiplicata,
3214 5758 3436 5798 manere
