4264 6362
175 403 284 465 325
1148 407 1596 483 m'zANTIN/E
1638 409 1859 468 HISTC

1748 408 2029 466 ὖΤΟΙὶΙᾹΞ
2074 408 2219 464 Llll
2274 405 2489 465 XXXI.
3330 408 3432 471 3⁸28

176 517 267 565 καὶ
293 515 414 583 ἅμα
443 515 679 569 ἀκτιστα
727 515 933 570 οίονται
972 515 1042 570 τὰ
1071 517 1355 586 θεοπρεπῆ
1385 534 1444 570 τι
1474 521 1567 571 καὶ
1606 518 1746 569 κατὰ
1778 524 1819 579 Α
1849 531 1860 567 ι

1778 524 1819 579 Α
1849 527 1952 568 est.
1990 514 2123 568 Dicit
2152 512 2315 581 etiam
2355 516 2411 566 1).
2432 512 2671 567 Joannes
2706 514 3097 570 Damasccnus:
3135 516 3191 571 Si
3227 520 3431 577 multos

174 603 273 673 τὴν
330 592 622 673 προφορὰν
685 604 857 657 πολλά
908 604 1028 664 τῶν
1065 604 1349 675 όνομᾴτων
1375 622 1388 635 ·
1428 606 1540 674 Οὐχ
1571 607 1758 657 ἕνεκεν

1742 622 1758 657 ν
1858 604 1991 658 deos
2040 604 2455 671 appellaremus.
2488 618 2709 658 necesse
2749 612 2895 660 esset
2926 616 2984 661 ut
3018 610 3250 662 varietas
3286 612 3426 664 inter

172 695 303 762 γὰρ,
337 694 502 762 φησὶ,
535 696 879 764 πραγμάτων
911 695 1125 747 πολλῶν
1149 697 1254 765 ἔφη
1288 699 1314 748 ὁ
1350 696 1542 766 Σωτὴρ
1577 698 1757 749 ἐκεῖνα
1794 761 1800 767 ο

1743 714 1757 747 ι
1794 761 1800 767 υ
1864 695 2063 748 multos
2086 702 2426 747 cerneretur.
2452 686 2506 746 Si
2539 694 2681 747 nulla
2712 694 2854 749 inter
2878 711 2973 749 eos
2996 693 3305 754 dilicrentia
3325 710 3427 760 est.

174 788 242 839 rit
279 786 483 839 πάντα.
528 786 818 839 ’Δδύνατον
846 788 952 857 γὰρ
987 788 1062 856 μὴ
1090 788 1287 841 κτιστὰ
1325 784 1489 851 εἶναι,
1517 787 1552 842 ἃ.
1583 790 1757 841 πολλά

1747 806 1757 840 ι
1858 801 2001 839 unus
2033 796 2137 845 est.
2168 798 2275 837 non
2309 783 2485 837 multi.
2534 782 2651 837 Non
2692 786 2836 839 enim
2862 785 3143 841 diﬂerrcnt
3195 791 3337 843 inter
3363 806 3431 859 se

175 880 234 931 τέ
302 881 422 933 ἔστι
480 879 572 932 καὶ
628 879 1012 947 πληθυντικῶς
1052 880 1291 947 λέγεται.
1323 881 1509 943 Μονὰς
1560 882 1669 948 γὰρ
1714 881 1748 948 ή

177 967 297 1017 θεία
358 968 528 1034 φύσις
581 968 759 1019 εῐτουν
806 969 839 1036 ἡ
896 968 1025 1034 ἀγία
1064 968 1256 1039 Τριάς,
1299 970 1393 1022 καὶ
1445 968 1502 1021 ἓν
1547 968 1641 1021 καὶ
1690 970 1751 1020 οὐ

179 1057 372 1117 πολλὰ,
407 1058 481 1117 ὡς
540 1056 800 1120 πολλάκις
842 1060 975 1127 ἡμῖν
1014 1059 1272 1127 ἀνωτέρω
1320 1059 1411 1112 διὰ
1458 1059 1755 1127 γραφικῶν

180 1148 563 1218 συνεπεράνθη
632 1149 872 1214 δείξεων.
920 1149 1060 1217 Φησὶ
1122 1150 1231 1219 γὰρ
1287 1152 1382 1204 καὶ
1425 1153 1452 1203 ό
1504 1151 1647 1214 θεῖος
1696 1154 1758 1203 ἐκ

1861 890 1981 945 qua:
2013 876 2279 931 dtﬂ‘erunt
2309 874 2450 943 apud
2502 873 2561 927 υ.
2616 874 2932 941 Maximum,
2969 877 3071 931 nisi
3110 891 3286 932 causa
3307 882 3434 947 qni—

1864 969 1967 1040 bus
1995 969 2105 1021 nati
2130 975 2278 1027 sunt,
2314 966 2764 1036 haberent368
2787 967 3124 1019 varietatem.
3155 968 3265 1023 Nec
3284 971 3430 1023 enim

1865 1060 2165 1127 perfectura
2196 1072 2297 1111 nec
2328 1057 2653 1112 immensum
2676 1074 2776 1111 nec
2800 1058 3140 1112 indeﬁnitum
3170 1059 3224 1112 in
3247 1061 3435 1115 multis

1868 1151 2080 1205 servari
2119 1157 2326 1218 petest.

176 1241 476 1310 Δαμασκοῦ
539 1244 818 1311 Ἰωάννης,
884 1242 948 1314 [ί.
989 1244 1093 1300 174
1116 1244 1167 1317 r]
1196 1246 1272 1308 ὠς
1340 1248 1390 1299 εί
1419 1245 1647 1308 πολλοὺς
1711 1239 1956 1314 ἐροῦμεν
1983 1244 2165 1308 θεοὺς,
2221 1243 2438 1311 ἀνάγκη
2471 1243 2749 1322 ⁸διαφορόιν
2796 1243 2853 1293 ἐν
2897 1246 3007 1306 τοῖς
3049 1242 3265 1306 πολλοῖς
3299 1243 3433 1295 θεω·

179 1335 418 1403 ρεῖσθαι.
456 1334 517 1386 El
557 1334 602 1388 δ’
631 1332 860 1404 οὐδεμία
889 1334 1126 1404 διαφορά
1159 1338 1219 1388 ὲν
1251 1336 1456 1398 αὐτοῖς,
1528 1331 1611 1397 εἷς
1654 1334 1855 1404 μᾶλλον
1921 1334 2014 1386 καὶ
2052 1332 2356 1385 οὺ”πολλοί.
2423 1331 2498 1384 Οὐ
2560 1332 2670 1399 γὰρ
2719 1329 2787 1382 ἂν
2812 1328 3060 1398 διέφερον
3091 1331 3337 1399 ἀλλήλων
3366 1332 3433 1383 τὰ

176 1429 508 1498 διαφέροντα
564 1429 706 1481 κατά
767 1429 860 1482 τὸν
913 1429 1058 1481 θεῖον
1119 1430 1397 1497 Μάξιμον,
1457 1432 1504 1482 εἰ
1560 1428 1634 1498 μὴ
1678 1429 1792 1500 τῶν
1830 1428 2004 1495 λόγων
2056 1421 2139 1490 οἷς
2211 1426 2502 1495 γεγόνασιν
2537 1427 2773 1493 ἐχόντων
2832 1424 3136 1494 διαφοράν·
3170 1426 3293 1479 οὔτε
3325 1432 3433 1496 γὰρ

178 1523 237 1574 rb
263 1523 473 1575 τέλειον
528 1521 651 1574 οὔτε
685 1524 748 1575 τὸ
799 1525 1031 1593 ἀπειρόν
1063 1524 1187 1577 οὒτε
1228 1526 1289 1578 τὸ
1319 1527 1732 1595 ἀπερίγραπτον
1768 1526 1825 1577 ὲν
1856 1526 1971 1584 τοῖς
2002 1523 2220 1585 πολλοῖς
2264 1521 2635 1590 φυλάττεσθαι
2662 1521 2909 1573 δύναται.

248 1617 350 1669 IB'.
400 1616 563 1685 Ὁρᾷς
602 1616 761 1680 πῶς,
790 1618 925 1671 ὅπου
976 1620 1243 1687 διαφορᾶς
1287 1623 1313 1672 ό
1354 1620 1513 1686 λόγος
1549 1622 1756 1673 ἔννοιαν

181 1709 531 1774 παρεισάγει,
564 1708 758 1761 ἕπεται
786 1712 887 1778 μὲν
917 1711 1081 1773 εὐθὺς
1111 1712 1171 1764 τὸ
1204 1712 1432 1777 πλῆθος,
1469 1715 1756 1768 ἐλαύνεται

1935 1616 2053 1669 XII.
2087 1616 2348 1676 Videsne,
2378 1614 2677 1682 quomodo,
2709 1614 2799 1666 ubi
2834 1630 2997 1668 causa
3028 1615 3311 1669 varietatis
3338 1634 3431 1668 lm-

1865 1708 2068 1760 tionem
2104 1706 2289 1765 infert.
2318 1716 2581 1773 sequawr
2608 1707 2791 1758 statim
2820 1706 3135 1771 multitudo,
3168 1716 3222 1758 et
3245 1708 3429 1774 depel-

180 1798 232 1849 δὲ
264 1799 323 1849 τὸ
361 1798 422 1849 ἒν
465 1799 604 1866 μετά
636 1798 731 1851 τοῦ
764 1801 978 1854 τελείου
1026 1804 1119 1855 καὶ
1168 1804 1400 1872 ἀπείρου
1438 1805 1533 1858 καὶ
1558 1806 1753 1874 ἀπερι-
1791 1834 1829 1888 Β
1860 1796 1864 1848 l

1744 1835 1753 1845 .
1791 1834 1829 1888 Β
1860 1795 2006 1849 latur
2043 1812 2210 1848 unum
2236 1811 2359 1850 cum
2396 1796 2648 1849 absoluto
2672 1805 2726 1849 ct
2756 1796 3027 1850 immenso
3055 1810 3111 1850 et
3142 1798 3352 1851 inﬁnito
3378 1807 3428 1849 «ι

181 1889 429 1955 τράπτου
478 1890 572 1941 καὶ
614 1891 714 1942 ὅσα
763 1892 865 1959 τῆς
911 1893 1063 1955 Θείας
1093 1894 1281 1956 οὐσίας
1311 1896 1441 1960 ίδια,
1481 1895 1685 1962 μᾶλλον
1712 1896 1758 1948 δ’

181 1977 280 2031 ὅσα
314 1980 531 2046 πέφυκέ
578 1998 636 2032 τε
683 1982 778 2033 καὶ
808 1982 957 2035 ἔστιν
991 1984 1023 2051 ἠ
1056 1984 1175 2037 θεία
1204 1986 1361 2039 οὐσία
1390 2005 1403 2050 ;
1436 1988 1592 2039 Ὠσθ⁹
1624 1973 1758 2040 ὅπου

182 2066 241 2117 τὸ
268 2067 482 2134 κυρίως
512 2067 633 2130 ἒν,ό
662 2068 796 2131 Θεὸς
816 2070 1042 2138 δηλαδὴ,
1079 2072 1235 2140 χώρα
1272 2075 1382 2134 τοῖς
1413 2075 1629 2137 πολλοῖς
1662 2076 1758 2127 καὶ

180 2156 460 2225 διαφόροις
484 2158 584 2210 οὐκ
618 2158 764 2213 εττιν
804 2160 913 2213 οὐδ’
947 2163 1281 2232 ἡτισοῦν.οὑ
1306 2165 1416 2234 γὰρ
1449 2166 1598 2219 θέσιν
1630 2169 1751 2222 τινὰ

180 2246 237 2299 τὸ
274 2249 420 2301 θεῖον
454 2251 632 2302 ἐκεῖνο
665 2250 724 2304 ἓν
767 2251 938 2320 δηλοῖ,
974 2254 1225 2325 καθάπερ
1279 2256 1339 2309 τδ
1393 2259 1447 2309 ὲν
1487 2261 1601 2321 τοῖς
1634 2260 1754 2312 κτί-

184 2354 346 2403 σμασι
373 2340 827 2407 καταχρηστικῶς
856 2342 1150 2413 λεγόμενον
1186 2346 1279 2397 καὶ
1313 2347 1371 2397 ὲν
1401 2349 1515 2408 τοῖς
1544 2348 1759 2410 πολλοῖς

181 2431 560 2501 θεωρούμενον
594 2432 671 2489 ἓν.
704 2435 770 2486 Ὀ
807 2435 899 2487 καὶ
941 2437 1117 2505 ἀρχὴν
1166 2432 1311 2489 εἶναί
1367 2456 1499 2505 φασι
1554 2441 1756 2503 παντὸς

182 2521 376 2583 ποσοῦ,
415 2524 508 2575 καὶ
540 2523 683 2593 πλὴν
721 2526 917 2578 οὐσίαν
943 2529 1042 2595 οὐκ
1074 2528 1410 2594 ὑφίστασθαι
1443 2531 1563 2585 καθ’
1600 2536 1751 2596 αὐτὸ,

180 2613 269 2662 καὶ
310 2610 445 2661 ἀνευ
478 2610 573 2663 τοῦ
604 2612 721 2674 ἑνὸς
748 2614 938 2665 τούτου
974 2617 1049 2683 μὴ
1097 2611 1239 2670 εἶναι
1277 2619 1501 2688 πλῆθος.
1544 2623 1608 2674 Ἡ
1648 2624 1757 2692 γὰρ

184 2698 489 2767 μετάληψις
513 2699 609 2752 τοῦ
640 2701 760 2761 ἑνὸς
791 2702 885 2753 καὶ
921 2703 980 2754 τὸ
1017 2697 1159 2766 εἶδος
1188 2706 1354 2760 αὑτοῦ
1376 2709 1437 2760 τὸ
1466 2709 1577 2761 τῶν
1626 2713 1757 2763 πολ-

182 2790 286 2840 λῶν
318 2790 583 2859 ὑφίστησι
613 2792 799 2843 ποσόν.
836 2792 1002 2845 Ὅθεν
1034 2794 1132 2846 καὶ
1158 2796 1326 2859 δεκὰς
1377 2798 1475 2866 μία
1508 2799 1751 2865 λέγεται,

182 2884 272 2934 καὶ
297 2880 478 2948 χιλιὰς
508 2881 601 2933 καὶ
628 2881 829 2949 μυριὰς
853 2884 947 2936 καὶ
977 2885 1046 2935 τὰ
1078 2884 1161 2937 ἔτι
1192 2887 1399 2941 τούτων
1429 2889 1754 2959 λεπτότερα,

180 2971 379 3035 τετράς
412 2987 470 3021 τε
517 2971 613 3037 μία
655 2976 746 3024 καὶ
793 2974 995 3036 πεντὰς
1025 2978 1121 3027 καὶ
1158 2977 1228 3029 τὰ
1250 2979 1492 3041 τοιαῦτα,
1530 2982 1623 3032 καὶ
1653 2981 1753 3033 ὅσα

182 3061 242 3128 τῇ
271 3056 371 3112 τοῦ
398 3060 572 3125 εἴδους
604 3066 809 3131 μετοχῇ
841 3062 1188 3127 ταυτίξονταί
1219 3084 1278 3120 τε
1308 3070 1407 3122 καὶ
1436 3070 1572 3138 πρὸς
1604 3071 1665 3122 τὸ
1692 3070 1750 3122 ἓν

1861 1884 1983 1955 qua:
2004 1886 2204 1941 divinae
2224 1888 2479 1939 essentia:
2502 1886 2723 1953 propria
2747 1894 2875 1938 sunt
2902 1894 2998 1938 aut
3020 1889 3203 1954 potius
3232 1889 3431 1956 quibus

1861 1987 1987 2031 nata
2011 1986 2097 2031 est
2127 1986 2182 2029 et
2213 1985 2296 2029 est
2330 1976 2513 2028 divina
2546 1977 2830 2028 essentia?
2853 1976 3040 2044 Itaque
3072 1979 3163 2031 ubi
3193 1990 3273 2031 est
3305 1996 3427 2047 pro-

1859 2069 1975 2137 prie
2006 2082 2199 2132 unum,
2237 2066 2450 2119 scilicet
2495 2066 2660 2132 Dens,
2691 2067 2878 2119 multis
2928 2076 2984 2119 et
3014 2069 3245 2123 diversis
3277 2071 3430 2124 locus

1860 2158 2044 2211 nullus
2075 2169 2175 2212 est.
2215 2160 2333 2213 Non
2384 2161 2532 2213 enint
2578 2159 2905 2227 positionem
2947 2162 3235 2228 quamdam
3293 2164 3427 2217 diri-

1860 2264 1988 2301 num
2018 2249 2150 2304 illud
2182 2266 2349 2304 unum
2388 2251 2640 2310 involvit,
2674 2251 3135 2318 quemadmodum
3170 2256 3221 2305 itt
3272 2269 3428 2307 crea-

1861 2340 1929 2393 tis
1962 2355 2069 2393 non
2095 2340 2316 2409 proprie
2346 2341 2548 2393 dicitur
2582 2341 2717 2394 etin
2751 2334 2939 2394 multis
2964 2343 3210 2395 cernitur
3233 2358 3427 2401 unum.

1860 2431 2006 2499 quod
2042 2432 2375 2500 principium
2414 2447 2534 2484 esse
2591 2432 2779 2485 dicunt
2829 2434 3008 2486 ontnis
3061 2436 3379 2501 quantitatis
3412 2473 3428 2497 ,

1858 2536 1960 2575 nec
1982 2522 2101 2575 sine
2136 2524 2373 2577 essentia
2411 2524 2677 2576 exsistere
2704 2538 2798 2590 per
2829 2539 2908 2587 se,
2933 2540 3032 2577 nec
3054 2525 3172 2578 sine
3195 2525 3298 2579 hoc
3320 2541 3429 2579 uno

1856 2626 1978 2667 esse
2012 2614 2446 2667 multitudinem.
2511 2614 2685 2668 L'nius
2735 2614 2883 2667 enim
2939 2616 3331 2683 consequentia
3371 2632 3429 2673 et

1856 2703 2029 2758 forma
2058 2704 2287 2771 subiicit
2320 2705 2616 2758 multarum
2658 2720 2843 2759 rerum
2873 2707 3258 2774 quantitatem,
3285 2712 3426 2761 unde

1861 2807 1967 2845 una
1998 2794 2160 2847 decas
2194 2794 2399 2847 dicitur
2445 2802 2503 2847 et
2557 2794 2756 2847 millias
2788 2805 2845 2848 et
2880 2797 3084 2849 decies.
3115 2797 3315 2851 millias
3371 2810 3427 2855 et

1856 2899 1978 2951 qua:
2002 2884 2088 2938 his
2111 2894 2239 2937 sunt
2262 2885 2487 2948 leviora,
2510 2900 2617 2938 una
2643 2886 2957 2953 quaternio,
2977 2888 3172 2953 quinto
3192 2897 3247 2939 et
3269 2888 3426 2941 simi-

1859 2973 1927 3027 lia
1952 2990 2073 3041 qua:
2095 2975 2163 3027 ad
2195 2973 2384 3027 formae
2414 2974 2890 3042 participationem
2938 2976 3129 3028 eadem
3157 2976 3429 3049 habentur

1860 3076 1915 3119 et
1938 3064 2013 3119 ad
2037 3080 2203 3118 unum
2234 3066 2569 3118 referuntur.
2599 3066 2762 3119 Multa
2786 3069 2932 3119 enim
2964 3070 3230 3135 partibus,
3256 3087 3424 3124 unum

178 3148 570 3218 ἀναφέρονται.
608 3152 718 3204 Καὶ
753 3155 861 3223 γὰρ
892 3156 953 3205 τὸ
981 3156 1148 3208 πολλὰ
1179 3160 1291 3220 τοῖς
1320 3160 1549 3227 μέρισιν
1582 3160 1640 3212 ἓν
1673 3162 1750 3230 τῷ
1775 3150 1820 3213 C
1854 3154 1862 3207 Ῐ

1739 3150 1820 3213 ιϐ
1854 3154 2192 3222 integritate.
2240 3155 2409 3207 multa
2451 3155 2900 3215 circumstantiis.
2934 3174 3100 3209 unum
3154 3159 3423 3227 subjecto,

179 3240 299 3308 ὅλῳ,
335 3240 435 3293 καὶ
480 3243 543 3292 τὸ
578 3242 751 3295 πολλὰ
784 3246 898 3305 τοῖς
949 3246 1358 3319 συμϐεϐηκόσιν
1394 3248 1453 3301 ἐν
1507 3252 1586 3320 τῷ
1622 3254 1754 3303 ὑπο-

182 3331 442 3398 κειμένῳ,
478 3332 571 3384 καὶ
602 3333 661 3384 τὸ
690 3332 862 3385 πολλά
890 3338 1003 3395 τοῖς
1033 3335 1231 3388 εῶεσιν
1259 3336 1318 3389 ἓν
1348 3338 1424 3407 τῷ
1449 3340 1620 3405 γένει,
1657 3344 1751 3393 καὶ⁵

178 3416 235 3466 τὸ
264 3416 443 3468 πολλά
469 3420 589 3478 ταῖς
635 3414 699 3487 [Γ.
750 3419 851 3472 174
872 3422 954 3490 υ.]
992 3421 1241 3489 προόδοις
1262 3421 1322 3474 ἒν
1352 3426 1415 3491 τῇ
1451 3425 1612 3493 ἀρχῇ.
1644 3428 1753 3478 Καὶ

179 3508 238 3559 οὐ
270 3509 437 3575 μόνον
470 3509 561 3560 ἐπὶ
587 3508 693 3561 τῶν
721 3510 1111 3579 διωρισμένων,
1144 3512 1278 3566 ἀλλά
1307 3517 1401 3565 καὶ
1432 3514 1501 3567 τὰ
1550 3516 1753 3583 συνεχῆ

181 3597 361 3649 πάντα
423 3597 653 3667 μεγέθη,
704 3602 752 3650 εί
804 3599 995 3667 φεύγει
1038 3599 1099 3651 τὸ
1134 3600 1211 3663 ἓν,
1252 3604 1330 3662 εἰς
1368 3601 1573 3670 πλῆθος
1612 3603 1755 3657 κατὰ

179 3685 643 3755 ἀντιπεπόνθησιν
712 3686 1086 3757 θρυπτόμενα,
1138 3692 1233 3741 καὶ
1286 3694 1387 3755 τὴν
1442 3690 1637 3743 οὐσίαν
1690 3695 1754 3763 ἣν

180 3772 325 3845 εἶχεν
367 3777 693 3840 ἀπόλλυσιν,
719 3778 901 3830 οὐκέτι
938 3778 1069 3830 ὄντα
1119 3778 1147 3830 ὃ
1190 3773 1279 3848 ἦν.
1316 3780 1454 3834 Καθ’
1484 3782 1609 3833 ὅσον
1640 3783 1748 3851 γὰρ

180 3867 241 3916 τὸ
266 3864 326 3916 ἐν
361 3864 682 3927 ἀπόλλυσιν,
713 3866 970 3917 ἀλλάσσει
1019 3868 1116 3917 καὶ
1150 3867 1210 3917 τὸ
1254 3863 1393 3918 εἶναι
1450 3868 1751 3937 τμηθέντα,

184 3955 271 4008 διὰ
299 3957 365 4009 τὸ
398 3950 538 4008 εῐναι
570 3957 631 4008 τὸ
666 3955 723 4008 ἓν
781 3957 1036 4011 ἁπάντων
1090 3958 1372 4020 στοιχείων
1402 3959 1658 4012 ὲνωτικόν
1695 3976 1753 4011 τε

186 4046 283 4096 καὶ
344 4044 732 4113 συλληπτικὸν,
789 4045 963 4097 όπότα
1027 4046 1236 4111 γένεσίς
1291 4063 1353 4097 τε
1418 4046 1601 4114 βόσκει
1660 4048 1773 4109 καὶη

188 4134 393 4202 φθορά.
430 4135 498 4186 Ἦ
526 4136 637 4202 γὰρ
679 4136 933 4203 ἑτερότης
956 4135 1219 4204 διαφορΞιν
1256 4136 1351 4186 τοῦ
1396 4136 1550 4198 ὄντος
1602 4138 1751 4189 εἰσά-

188 4242 386 4291 γουσι,
414 4225 549 4293 πρὸς
586 4226 791 4277 ἔννοιαν
816 4225 905 4276 τοῦ
942 4228 1018 4295 μὴ
1048 4226 1199 4286 ὄντος
1235 4226 1429 4295 ῥαδίως
1460 4227 1751 4297 ἐξίστησιν.

189 4318 262 4368 Οὐ
306 4317 421 4382 μὴν
452 4316 515 4366 τὸ
552 4315 709 4367 Θεῖον
737 4315 795 4367 ἓν
821 4316 994 4368 ἐκεῖνο
1023 4316 1265 4367 τοιοῦτον
1288 4332 1303 4346 ’
1334 4317 1616 4385 ποιητικὸν
1648 4319 1755 4385 γὰρ

185 4405 396 4457 τούτων
453 4403 725 4455 συνθέτων
776 4404 968 4468 ὄντων,
1029 4405 1240 4463 ἁπλοῦν
1298 4406 1650 4457 παντάπασιν
1695 4405 1754 4457 ὃν

184 4498 362 4548 ἐκεῖνο
408 4495 502 4547 καὶ
548 4496 943 4563 ὑπερκόσμιον.
987 4496 1123 4548 Οὐδὲ
1158 4496 1309 4547 θέσιν
1337 4497 1547 4549 τοιάνδε
1576 4498 1749 4566 δηλοῖ,
1788 4474 1827 4527 D

183 4588 295 4640 ἀλλ’
326 4586 492 4655 ἄρδιν
523 4587 587 4637 ὲκ
630 4585 738 4636 τῶν
770 4585 1002 4648 πολλῶν,
1025 4587 1126 4637 ὃσα
1157 4603 1214 4637 τε
1249 4586 1484 4654 αἰσθητά
1521 4590 1612 4638 καὶ
1648 4588 1753 4639 ὅσα

184 4678 376 4745 νοητά.
412 4676 475 4727 Et
510 4678 617 4746 γὰρ
645 4676 702 4727 τὸ
730 4677 933 4744 κυρίως
963 4674 1021 4727 δν
1053 4676 1134 4739 ἒν,
1158 4676 1310 4728 ἔσται
1344 4676 1453 4743 ἀρα
1485 4678 1573 4728 καὶ
1600 4678 1660 4728 τὸ
1694 4676 1752 4729 ἓν

184 4768 395 4836 κυρίως
422 4765 485 4818 ὃν
514 4768 606 4818 καὶ
663 4764 756 4818 νοῦ
812 4767 1013 4829 παντὸς
1062 4768 1340 4820 ἐπέκεινα.
1374 4768 1480 4819 Τοῦ
1532 4767 1577 4819 δ’
1632 4768 1750 4830 ἑνὸς

182 4862 441 4911 ἐπέκεινα
473 4858 583 4911 τῶν
612 4859 829 4912 πάντων
861 4859 1031 4911 οὐδέν.
1065 4860 1228 4921 Ὅθεν
1259 4864 1349 4912 καὶ
1378 4858 1545 4911 είκὼν
1573 4860 1602 4911 ό
1630 4861 1752 4923 νοῦς

180 4951 275 5002 τοῦ
335 4951 456 5011 ἑνὸς
511 4950 721 5001 ἐκείνου
756 4951 997 5016 λέγεται.
1032 4945 1186 5001 Εἶναι
1231 4954 1339 5018 γὰρ
1390 4953 1482 5002 καὶ
1513 4950 1602 5003 τὸν
1626 4952 1749 5003 νοῦν

182 5042 297 5107 φῶς
359 5040 567 5092 ἄυπνον
616 5040 710 5091 καὶ
772 5040 919 5108 ζωὴν
976 5041 1245 5105 μένουσαν
1280 5042 1371 5091 καὶ
1427 5042 1614 5103 νόησιν
1652 5043 1751 5093 οὐκ

182 5130 515 5200 ἐνεργοῦσαν
541 5132 622 5191 είς
664 5130 722 5181 τὸ
757 5130 973 5197 μέλλον,
1006 5130 1120 5181 ἀλλ’
1160 5135 1239 5190 εἰς
1284 5134 1349 5183 τὰ
1385 5134 1631 5199 παρόντα
1663 5134 1750 5183 ἀεὶ

182 5225 276 5275 καὶ
303 5224 569 5282 ὡσαύτως
614 5219 829 5289 ἔχοντα,
859 5220 1126 5289 σύμιρωνά
1149 5238 1209 5272 τε
1246 5222 1376 5274 ὄντα
1410 5223 1625 5284 ἑαυτοῖς
1654 5224 1749 5274 καλ⁵

180 5312 394 5381 οὐδαμῆ
454 5328 585 5363 ποτε
624 5311 925 5379 μαχόμενα.
958 5311 1101 5379 Πρὸς
1152 5312 1215 5380 δὴ
1268 5313 1328 5364 τὸ
1373 5313 1611 5363 τοιοῦτον
1666 5312 1746 5375 ἓν,

180 5408 269 5459 τὸν
298 5407 436 5457 ϐίον
479 5405 697 5475 δηλαδὴ,
736 5404 890 5458 πάντ’
925 5406 1106 5457 ἐκεῖνα
1154 5405 1222 5456 τὰ
1275 5405 1445 5456 πολλὰ.
1492 5404 1600 5455 τῶν
1629 5406 1747 5455 ὀνο-

186 5498 373 5565 μάτων
406 5497 547 5547 κατά
602 5500 694 5546 τον
744 5496 883 5545 θεῖον
936 5495 1190 5561 φέρονται
1248 5494 1582 5557 Ἀθανάτων,
1617 5494 1651 5543 ἆ
1689 5508 1747 5541 τε

184 5590 453 5657 πρότερον
506 5586 561 5636 ὲν
594 5585 769 5647 ἄλλοις
820 5586 1008 5654 εἴρηκε
1067 5585 1264 5651 λόγοις,
1299 5586 1393 5635 καὶ
1446 5583 1481 5635 ἂ
1534 5583 1645 5644 νῦν,
1684 5582 1743 5632 τὸ

184 5678 464 5744 ἄφθαρτον
528 5674 746 5743 δηλαδὴ,
778 5677 837 5727 τὸ
909 5677 1197 5744 ἄτρεπτον,
1232 5676 1290 5725 τὸ
1339 5673 1742 5739 ἀκατάληπτον,

186 5771 244 5818 τὸ
276 5764 525 5826 δυνατὸν,
559 5766 615 5814 τὸ
668 5763 1092 5832 προγνωστικὸν,
1129 5764 1222 5815 καὶ
1265 5765 1355 5815 ὅσα
1399 5764 1541 5813 ἐστὶν
1576 5766 1603 5814 ὸ
1639 5764 1744 5812 lla—

1860 3246 2027 3299 multa
2061 3246 2273 3306 formis.
2312 3261 2480 3299 unum
2517 3260 2735 3313 genere,
2770 3249 2937 3301 multa
2988 3261 3210 3311 eventu,
3253 3267 3422 3303 unum

1856 3334 2150 3403 principio,
2179 3344 2234 3387 et
2260 3351 2365 3386 non
2398 3334 2559 3388 modo
2589 3333 2643 3388 iu
2680 3337 2964 3403 separatis,
2991 3338 3081 3390 sed
3108 3341 3270 3391 etiam
3294 3355 3426 3392 Clll-

1856 3436 1955 3480 cta:
1983 3424 2408 3492 magnitudines,
2443 3425 2485 3476 si
2519 3424 2737 3491 fugiunt
2768 3441 2961 3489 unum,
2998 3427 3065 3479 ad
3116 3429 3423 3483 multitudi-

1858 3530 1980 3567 nem
2039 3514 2493 3581 compensatione
2552 3514 2716 3583 369
2754 3516 2959 3568 minuta
3013 3526 3067 3569 ct
3119 3519 3415 3571 essentiam

1856 3620 2016 3673 quam
2066 3603 2339 3656 habebant
2378 3602 2658 3666 amittunt,
2682 3619 2783 3657 nec
2814 3604 2960 3672 quod
2985 3615 3144 3660 erant
3192 3608 3424 3674 amplius

1856 3706 2003 3749 sunt.
2022 3693 2122 3747 Ubi
2153 3694 2302 3747 enim
2326 3709 2493 3746 unum
2517 3696 2798 3759 amittunt,
2825 3696 2899 3748 ita
2928 3699 3281 3766 consequitur
3303 3712 3425 3751 esse

1858 3787 2077 3854 partita.
2114 3795 2337 3853 propter
2365 3800 2486 3839 esse
2517 3784 2707 3849 onum,
2739 3787 3045 3841 concilians
3095 3799 3152 3843 et
3178 3790 3416 3855 comple-

1868 3886 2026 3927 ClCltS
2050 3875 2234 3926 omnia
2261 3875 2529 3928 elementa
2552 3891 2891 3943 quacunque
2920 3888 3077 3931 ortus
3115 3890 3168 3931 et
3196 3893 3422 3932 occasus

1857 3966 1985 4018 lert.
2025 3966 2339 4020 lliil'crcntia
2393 3968 2540 4021 enim
2594 3970 2910 4022 varietatem
2955 3969 3049 4021 τοῦ
3087 3985 3210 4025 esse
3247 3972 3421 4024 inth-

1856 4069 2013 4116 veus,
2045 4056 2112 4107 ad
2150 4056 2243 4107 τοῦ
2277 4071 2387 4109 non
2422 4072 2544 4111 esse
2582 4058 2739 4111 facile
2766 4060 3030 4126 pervenit.
3071 4060 3292 4116 Minime
3336 4062 3423 4114 di-

1856 4143 2041 4195 vinum
2078 4144 2207 4197 illud
2236 4161 2425 4202 unum.
2456 4158 2650 4200 creatis
2688 4149 2990 4215 composita
3040 4148 3150 4211 illa,
3192 4150 3421 4217 simplex

1856 4234 2079 4286 omnino
2110 4242 2165 4285 et
2219 4237 2634 4302 supernaturale
2664 4275 2679 4299 ,
2715 4253 2823 4291 non
2866 4239 3026 4292 talem
3090 4240 3418 4307 positionem

1856 4323 2250 4391 expositionem
2283 4324 2538 4391 explicat,
2572 4327 2666 4378 sed
2696 4328 3101 4394 exemptionem
3158 4346 3187 4381 e
3235 4332 3423 4382 multis

1857 4428 1977 4481 qua:
2009 4423 2137 4465 sunt
2161 4414 2444 4468 sensibilia
2479 4425 2534 4469 et
2566 4416 2954 4485 iutelligibilia.
2983 4418 3037 4470 Si
3062 4422 3232 4480 enim,
3272 4424 3418 4485 quod

1864 4504 2083 4573 proprie
2104 4512 2205 4565 est,
2242 4520 2409 4558 unum
2443 4516 2550 4569 est,
2594 4522 2760 4559 unum
2787 4522 2917 4574 ergo
2940 4509 3041 4559 erit
3076 4524 3295 4576 proprie
3323 4525 3420 4562 ex-

1861 4593 2058 4645 sistens
2106 4601 2163 4645 et
2224 4594 2362 4646 ultra
2419 4609 2639 4647 omnem
2682 4595 2969 4648 rationem.
3013 4596 3183 4650 Unius
3238 4610 3420 4651 autc-nt

1860 4681 1996 4733 nihil
2028 4682 2165 4735 ultra
2192 4688 2529 4745 universum,
2568 4684 2713 4737 unde
2743 4684 2881 4737 ratio
2930 4686 3108 4753 imago
3142 4680 3303 4739 unius
3353 4688 3418 4739 il-

1859 4770 1968 4823 lius
1994 4771 2216 4824 dicitur.
2249 4771 2379 4826 Esse
2434 4772 2580 4825 enim
2639 4776 2902 4827 rationem
2950 4774 3133 4827 lumen
3190 4776 3315 4841 \lgll
3364 4787 3423 4830 et

1860 4865 2003 4914 viain
2038 4874 2347 4917 manentem
2376 4871 2432 4915 et
2489 4873 2725 4916 mentem
2752 4878 2860 4918 non
2897 4863 2965 4916 ad
3018 4864 3259 4917 futurum
3290 4868 3423 4919 arti-

1858 4968 2003 5015 vam,
2036 4953 2130 5006 sed
2156 4953 2220 5006 ad
2255 4953 2539 5020 praesentia
2571 4966 2626 5007 et
2657 4940 2785 5021 qua:
2818 4954 3024 5009 similia
3050 4966 3181 5008 sunt
3209 4974 3262 5007 LI.
3310 4957 3417 5008 sibi

1857 5040 2168 5115 concordia,
2214 5043 2435 5093 minime
2483 5056 2721 5109 unquam
2772 5044 3149 5109 repugnantia.
3199 5043 3276 5093 Ad
3312 5045 3420 5097 tale

1859 5146 2048 5189 unum.
2080 5130 2285 5183 scilicet
2319 5131 2509 5194 Deum,
2538 5131 2719 5182 omnia
2756 5130 2844 5183 illa
2866 5130 3088 5184 nomina
3115 5135 3419 5184 secundum

1857 5219 1918 5271 υ.
1961 5220 2317 5273 Athanasium
2357 5220 2625 5284 feruntur,
2661 5236 2780 5289 qua:
2814 5231 2970 5273 antea
3013 5223 3064 5272 in
3098 5221 3222 5273 aliis
3264 5222 3423 5275 libris

1858 5311 2157 5377 protulitct
2179 5306 2300 5378 qlia:
2331 5325 2493 5372 nunc,
2527 5326 2719 5377 nempe
2770 5310 3202 5378 incorruptibile,
3235 5311 3424 5363 imum-

1858 5402 2037 5461 labile,
2089 5399 2665 5468 incomprehensibile,
2710 5402 3422 5469 omnipotens,providens,

1855 5504 2191 5557 quaacunque
2212 5490 2368 5542 Pater
2393 5500 2519 5543 sunt
2568 5500 2621 5543 ct
2662 5507 2779 5559 qua:
2831 5491 3047 5559 propria
3086 5494 3248 5545 etiam
3302 5494 3422 5547 [ιιι

1852 5596 1971 5633 esse
2024 5581 2176 5642 dicit,
2216 5582 2258 5633 si
2309 5582 2525 5648 quidem
2582 5584 2846 5635 naturalia
2886 5594 2940 5635 et
2986 5584 3314 5646 cssentialia,
3358 5600 3424 5637 ne

1854 5673 2027 5725 ditant
2068 5673 2242 5739 ipsum
2277 5688 2393 5726 esu
2426 5673 2638 5727 Filium.
2670 5676 3017 5742 Qua-cunque
3052 5676 3424 5728 attribuuntur

1855 5762 1996 5814 Patri
2022 5761 2341 5817 naturaliter
2360 5772 2412 5817 ct
2433 5765 2816 5829 essentialitcr,
2836 5765 2992 5834 370
3006 5776 3055 5817 ut
3088 5766 3217 5818 dicit
3235 5766 3293 5820 ll.
3316 5769 3423 5833 ιζγ·
