  <div class='ocr_page' id='page_1' title='image "/cluster/home/n/w/nwhite01/storage/ocr_20150623/149/nnc1.0046980431/180.png"; bbox 0 0 4264 6362; ppageno 0'>
   <div class='ocr_carea' id='block_1_1' title="bbox 225 449 325 511">
    <p class='ocr_par' dir='ltr' id='par_1_1' title="bbox 225 449 325 511">
     <span class='ocr_line' id='line_1_1' title="bbox 225 449 325 511; baseline -0.01 0"><span class='ocrx_word' id='word_1_1' title='bbox 225 449 325 511; x_wconf 79' lang='lat'><strong>337</strong></span> 
     </span>
    </p>
   </div>
   <div class='ocr_carea' id='block_1_2' title="bbox 1111 438 2416 512">
    <p class='ocr_par' dir='ltr' id='par_1_2' title="bbox 1111 438 2416 512">
     <span class='ocr_line' id='line_1_2' title="bbox 1111 438 2416 512; baseline -0.002 -1"><span class='ocrx_word' id='word_1_2' title='bbox 1111 451 1550 511; x_wconf 71' lang='grc' dir='ltr'><strong>ΒΥΖΑΝΤΙΝᾸΞ</strong></span> <span class='ocrx_word' id='word_1_3' title='bbox 1589 438 1966 509; x_wconf 59' lang='grc' dir='ltr'>Ηιδτοιιιίιε</span> <span class='ocrx_word' id='word_1_4' title='bbox 2001 453 2139 512; x_wconf 84' lang='lat' dir='ltr'><strong>Llll.</strong></span> <span class='ocrx_word' id='word_1_5' title='bbox 2179 453 2416 511; x_wconf 78' lang='grc' dir='ltr'>ΧΧΧΗ.</span> 
     </span>
    </p>
   </div>
   <div class='ocr_carea' id='block_1_3' title="bbox 3276 449 3453 545">
    <p class='ocr_par' dir='ltr' id='par_1_3' title="bbox 3276 449 3453 545">
     <span class='ocr_line' id='line_1_3' title="bbox 3276 449 3453 545; baseline 0.006 -35"><span class='ocrx_word' id='word_1_6' title='bbox 3276 450 3280 454; x_wconf 90' lang='grc'><strong>·</strong></span> <span class='ocrx_word' id='word_1_7' title='bbox 3348 449 3453 513; x_wconf 79' lang='lat'><strong>333</strong></span> 
     </span>
    </p>
   </div>
   <div class='ocr_carea' id='block_1_4' title="bbox 228 566 1873 639">
    <p class='ocr_par' dir='ltr' id='par_1_4' title="bbox 228 568 1865 639">
     <span class='ocr_line' id='line_1_4' title="bbox 228 568 1865 639; baseline 0.002 -20"><span class='ocrx_word' id='word_1_8' title='bbox 228 568 333 620; x_wconf 90' lang='grc' dir='ltr'><strong>θῶν</strong></span> <span class='ocrx_word' id='word_1_9' title='bbox 355 568 660 639; x_wconf 77' lang='grc' dir='ltr'>δρθοδόξοις</span> <span class='ocrx_word' id='word_1_10' title='bbox 688 570 866 639; x_wconf 82' lang='grc' dir='ltr'>βιϐλία</span> <span class='ocrx_word' id='word_1_11' title='bbox 896 571 1039 623; x_wconf 76' lang='grc' dir='ltr'>κατὰ</span> <span class='ocrx_word' id='word_1_12' title='bbox 1068 571 1175 623; x_wconf 91' lang='grc' dir='ltr'><strong>τῶν</strong></span> <span class='ocrx_word' id='word_1_13' title='bbox 1204 571 1589 639; x_wconf 82' lang='grc' dir='ltr'>Είκονομάχων</span> <span class='ocrx_word' id='word_1_14' title='bbox 1614 572 1787 638; x_wconf 72' lang='grc' dir='ltr'>ἀφῆκε</span> <span class='ocrx_word' id='word_1_15' title='bbox 1818 571 1865 629; x_wconf 81' lang='grc' dir='ltr'><strong>Δ</strong></span> 
     </span>
    </p>
   </div>
   <div class='ocr_carea' id='block_1_5' title="bbox 1891 566 3455 639">
    <p class='ocr_par' dir='ltr' id='par_1_5' title="bbox 1894 566 3455 639">
     <span class='ocr_line' id='line_1_5' title="bbox 1894 566 3455 639; baseline 0.001 -18"><span class='ocrx_word' id='word_1_16' title='bbox 1894 586 2015 621; x_wconf 76' lang='lat' dir='ltr'><strong>cum</strong></span> <span class='ocrx_word' id='word_1_17' title='bbox 2049 570 2227 624; x_wconf 78' lang='lat' dir='ltr'><strong>affecit</strong></span> <span class='ocrx_word' id='word_1_18' title='bbox 2259 568 2405 639; x_wconf 84' lang='lat' dir='ltr'><strong>quod</strong></span> <span class='ocrx_word' id='word_1_19' title='bbox 2445 566 2682 621; x_wconf 61' lang='lat' dir='ltr'><strong>fidelium</strong></span> <span class='ocrx_word' id='word_1_20' title='bbox 2739 568 2923 621; x_wconf 80' lang='lat' dir='ltr'><strong>soeiUs</strong></span> <span class='ocrx_word' id='word_1_21' title='bbox 2956 567 3156 637; x_wconf 71' lang='lat' dir='ltr'><strong>scripta</strong></span> <span class='ocrx_word' id='word_1_22' title='bbox 3206 567 3455 637; x_wconf 88' lang='lat' dir='ltr'><strong>ediderat</strong></span> 
     </span>
    </p>
   </div>
   <div class='ocr_carea' id='block_1_6' title="bbox 223 654 1788 731">
    <p class='ocr_par' dir='ltr' id='par_1_6' title="bbox 223 654 1788 731">
     <span class='ocr_line' id='line_1_6' title="bbox 223 654 1788 731; baseline -0.001 -19"><span class='ocrx_word' id='word_1_23' title='bbox 223 660 299 728; x_wconf 81' lang='grc' dir='ltr'>τῷ</span> <span class='ocrx_word' id='word_1_24' title='bbox 331 662 456 731; x_wconf 85' lang='grc' dir='ltr'>βίῳ.</span> <span class='ocrx_word' id='word_1_25' title='bbox 498 654 598 731; x_wconf 69' lang='grc' dir='ltr'><strong>τὴν</strong></span> <span class='ocrx_word' id='word_1_26' title='bbox 630 664 855 715; x_wconf 79' lang='grc' dir='ltr'>ἐκείνων</span> <span class='ocrx_word' id='word_1_27' title='bbox 900 664 1018 715; x_wconf 77' lang='grc' dir='ltr'>τότε</span> <span class='ocrx_word' id='word_1_28' title='bbox 1057 661 1409 730; x_wconf 71' lang='grc' dir='ltr'><strong>ἐξελέγχοντα</strong></span> <span class='ocrx_word' id='word_1_29' title='bbox 1444 662 1788 724; x_wconf 72' lang='grc' dir='ltr'>δυσσέϐειαν,</span> 
     </span>
    </p>
   </div>
   <div class='ocr_carea' id='block_1_7' title="bbox 225 750 1790 822">
    <p class='ocr_par' dir='ltr' id='par_1_7' title="bbox 225 750 1790 822">
     <span class='ocr_line' id='line_1_7' title="bbox 225 750 1790 822; baseline 0.003 -20"><span class='ocrx_word' id='word_1_30' title='bbox 225 750 407 805; x_wconf 44' lang='grc' dir='ltr'>νῦννδέ</span> <span class='ocrx_word' id='word_1_31' title='bbox 442 752 541 821; x_wconf 76' lang='grc' dir='ltr'>τὴν</span> <span class='ocrx_word' id='word_1_32' title='bbox 580 753 927 821; x_wconf 78' lang='grc' dir='ltr'>Παλαμικὴν,</span> <span class='ocrx_word' id='word_1_33' title='bbox 979 756 1041 806; x_wconf 89' lang='grc' dir='ltr'><strong>ἐκ</strong></span> <span class='ocrx_word' id='word_1_34' title='bbox 1070 755 1198 821; x_wconf 70' lang='grc' dir='ltr'>μιᾶς</span> <span class='ocrx_word' id='word_1_35' title='bbox 1238 752 1558 822; x_wconf 72' lang='grc' dir='ltr'><strong>ἀρξαμένων</strong></span> <span class='ocrx_word' id='word_1_36' title='bbox 1584 756 1790 822; x_wconf 85' lang='grc' dir='ltr'>ἀμφοῖν</span> 
     </span>
    </p>
   </div>
   <div class='ocr_carea' id='block_1_8' title="bbox 224 844 1787 916">
    <p class='ocr_par' dir='ltr' id='par_1_8' title="bbox 224 844 1787 916">
     <span class='ocr_line' id='line_1_8' title="bbox 224 844 1787 916; baseline 0.003 -23"><span class='ocrx_word' id='word_1_37' title='bbox 224 844 580 910; x_wconf 70' lang='grc' dir='ltr'><strong>προφάσεως,</strong></span> <span class='ocrx_word' id='word_1_38' title='bbox 635 844 728 897; x_wconf 83' lang='grc' dir='ltr'>τοῦ</span> <span class='ocrx_word' id='word_1_39' title='bbox 762 846 818 895; x_wconf 86' lang='grc' dir='ltr'><strong>ἐν</strong></span> <span class='ocrx_word' id='word_1_40' title='bbox 850 846 1116 914; x_wconf 83' lang='grc' dir='ltr'>Θαϐωρίῳ</span> <span class='ocrx_word' id='word_1_41' title='bbox 1159 845 1302 913; x_wconf 82' lang='grc' dir='ltr'>λέγω</span> <span class='ocrx_word' id='word_1_42' title='bbox 1329 846 1404 915; x_wconf 77' lang='grc' dir='ltr'>τῷ</span> <span class='ocrx_word' id='word_1_43' title='bbox 1439 847 1555 916; x_wconf 86' lang='grc' dir='ltr'>δρει</span> <span class='ocrx_word' id='word_1_44' title='bbox 1593 846 1787 914; x_wconf 76' lang='grc' dir='ltr'>φωτὸς,</span> 
     </span>
    </p>
   </div>
   <div class='ocr_carea' id='block_1_9' title="bbox 224 934 1788 1007">
    <p class='ocr_par' dir='ltr' id='par_1_9' title="bbox 224 934 1788 1007">
     <span class='ocr_line' id='line_1_9' title="bbox 224 934 1788 1007; baseline 0.004 -23"><span class='ocrx_word' id='word_1_45' title='bbox 224 934 300 996; x_wconf 88' lang='grc' dir='ltr'>ὼς</span> <span class='ocrx_word' id='word_1_46' title='bbox 345 934 695 1004; x_wconf 73' lang='grc' dir='ltr'><strong>δειχθήσεται</strong></span> <span class='ocrx_word' id='word_1_47' title='bbox 750 937 1088 1007; x_wconf 72' lang='grc' dir='ltr'><strong>πλατύτερον</strong></span> <span class='ocrx_word' id='word_1_48' title='bbox 1127 940 1413 1005; x_wconf 87' lang='grc' dir='ltr'>προίόντος</span> <span class='ocrx_word' id='word_1_49' title='bbox 1461 938 1553 991; x_wconf 78' lang='grc' dir='ltr'>τοῦ</span> <span class='ocrx_word' id='word_1_50' title='bbox 1576 939 1788 1007; x_wconf 44' lang='grc' dir='ltr'>λόγου.</span> 
     </span>
    </p>
   </div>
   <div class='ocr_carea' id='block_1_10' title="bbox 224 1005 1793 1097">
    <p class='ocr_par' dir='ltr' id='par_1_10' title="bbox 224 1005 1793 1097">
     <span class='ocr_line' id='line_1_10' title="bbox 224 1005 1793 1097; baseline 0.004 -21"><span class='ocrx_word' id='word_1_51' title='bbox 224 1026 333 1078; x_wconf 73' lang='grc' dir='ltr'><strong>Καὶ</strong></span> <span class='ocrx_word' id='word_1_52' title='bbox 362 1027 492 1078; x_wconf 88' lang='grc' dir='ltr'>ποία</span> <span class='ocrx_word' id='word_1_53' title='bbox 515 1027 725 1090; x_wconf 81' lang='grc' dir='ltr'>τοῦτον,</span> <span class='ocrx_word' id='word_1_54' title='bbox 754 1028 1013 1094; x_wconf 76' lang='grc' dir='ltr'>εφασκεν,</span> <span class='ocrx_word' id='word_1_55' title='bbox 1042 1024 1184 1080; x_wconf 80' lang='grc' dir='ltr'>οἶδεν</span> <span class='ocrx_word' id='word_1_56' title='bbox 1223 1028 1516 1097; x_wconf 76' lang='grc' dir='ltr'><strong>Ἐκκλησία</strong></span> <span class='ocrx_word' id='word_1_57' title='bbox 1538 1048 1553 1094; x_wconf 80' lang='grc' dir='ltr'><strong>ς</strong></span> <span class='ocrx_word' id='word_1_58' title='bbox 1572 1005 1690 1083; x_wconf 59' lang='grc' dir='ltr'>’καὶ</span> <span class='ocrx_word' id='word_1_59' title='bbox 1712 1034 1793 1091; x_wconf 84' lang='grc' dir='ltr'><strong>τίς</strong></span> 
     </span>
    </p>
   </div>
   <div class='ocr_carea' id='block_1_11' title="bbox 224 1117 1793 1190">
    <p class='ocr_par' dir='ltr' id='par_1_11' title="bbox 224 1117 1793 1190">
     <span class='ocr_line' id='line_1_11' title="bbox 224 1117 1793 1190; baseline 0.003 -20"><span class='ocrx_word' id='word_1_60' title='bbox 224 1117 395 1171; x_wconf 82' lang='grc' dir='ltr'>αὐτοῦ</span> <span class='ocrx_word' id='word_1_61' title='bbox 426 1134 557 1171; x_wconf 87' lang='grc' dir='ltr'>ποτε</span> <span class='ocrx_word' id='word_1_62' title='bbox 615 1120 838 1188; x_wconf 78' lang='grc' dir='ltr'>μνήμην</span> <span class='ocrx_word' id='word_1_63' title='bbox 900 1120 1193 1187; x_wconf 75' lang='grc' dir='ltr'>πεποίηται</span> <span class='ocrx_word' id='word_1_64' title='bbox 1233 1121 1340 1172; x_wconf 86' lang='grc' dir='ltr'><strong>τῶν</strong></span> <span class='ocrx_word' id='word_1_65' title='bbox 1400 1124 1649 1190; x_wconf 78' lang='grc' dir='ltr'>ήμερῶν;</span> <span class='ocrx_word' id='word_1_66' title='bbox 1686 1123 1793 1175; x_wconf 71' lang='grc' dir='ltr'><strong>Καὶ</strong></span> 
     </span>
    </p>
   </div>
   <div class='ocr_carea' id='block_1_12' title="bbox 225 1208 1793 1285">
    <p class='ocr_par' dir='ltr' id='par_1_12' title="bbox 225 1208 1793 1285">
     <span class='ocr_line' id='line_1_12' title="bbox 225 1208 1793 1285; baseline 0.004 -25"><span class='ocrx_word' id='word_1_67' title='bbox 225 1208 401 1262; x_wconf 82' lang='grc' dir='ltr'>πολλά</span> <span class='ocrx_word' id='word_1_68' title='bbox 429 1208 655 1263; x_wconf 82' lang='grc' dir='ltr'>τοιαῦτα</span> <span class='ocrx_word' id='word_1_69' title='bbox 693 1211 954 1277; x_wconf 78' lang='grc' dir='ltr'><strong>συνείρων</strong></span> <span class='ocrx_word' id='word_1_70' title='bbox 994 1212 1093 1276; x_wconf 75' lang='grc' dir='ltr'><strong>τὴν</strong></span> <span class='ocrx_word' id='word_1_71' title='bbox 1134 1210 1241 1262; x_wconf 89' lang='grc' dir='ltr'><strong>τῶν</strong></span> <span class='ocrx_word' id='word_1_72' title='bbox 1264 1211 1622 1284; x_wconf 72' lang='grc' dir='ltr'><strong>βλασφημιῶν</strong></span> <span class='ocrx_word' id='word_1_73' title='bbox 1658 1216 1793 1285; x_wconf 85' lang='grc' dir='ltr'>ἐπή-</span> 
     </span>
    </p>
   </div>
   <div class='ocr_carea' id='block_1_13' title="bbox 227 1301 1792 1375">
    <p class='ocr_par' dir='ltr' id='par_1_13' title="bbox 227 1301 1792 1375">
     <span class='ocr_line' id='line_1_13' title="bbox 227 1301 1792 1375; baseline 0.005 -25"><span class='ocrx_word' id='word_1_74' title='bbox 227 1315 389 1365; x_wconf 83' lang='grc' dir='ltr'>νεγκε</span> <span class='ocrx_word' id='word_1_75' title='bbox 422 1301 712 1370; x_wconf 86' lang='grc' dir='ltr'>κορωνίδα.</span> <span class='ocrx_word' id='word_1_76' title='bbox 763 1303 844 1354; x_wconf 86' lang='grc' dir='ltr'>ὅτι</span> <span class='ocrx_word' id='word_1_77' title='bbox 901 1302 1062 1353; x_wconf 79' lang='grc' dir='ltr'>πάνθ’</span> <span class='ocrx_word' id='word_1_78' title='bbox 1107 1304 1206 1354; x_wconf 77' lang='grc' dir='ltr'>ὅσα</span> <span class='ocrx_word' id='word_1_79' title='bbox 1254 1301 1432 1369; x_wconf 58' lang='lat' dir='ltr'><strong>sint:</strong></span> <span class='ocrx_word' id='word_1_80' title='bbox 1458 1306 1792 1375; x_wconf 74' lang='grc' dir='ltr'><strong>πεποιῆσθαι</strong></span> 
     </span>
    </p>
   </div>
   <div class='ocr_carea' id='block_1_14' title="bbox 225 1378 1795 1472">
    <p class='ocr_par' dir='ltr' id='par_1_14' title="bbox 225 1378 1795 1472">
     <span class='ocr_line' id='line_1_14' title="bbox 225 1378 1795 1472; baseline 0.006 -29"><span class='ocrx_word' id='word_1_81' title='bbox 225 1392 446 1459; x_wconf 85' lang='grc' dir='ltr'>λέγεται</span> <span class='ocrx_word' id='word_1_82' title='bbox 478 1395 620 1455; x_wconf 85' lang='grc' dir='ltr'><strong>κατά</strong></span> <span class='ocrx_word' id='word_1_83' title='bbox 668 1393 775 1445; x_wconf 91' lang='grc' dir='ltr'><strong>τῶν</strong></span> <span class='ocrx_word' id='word_1_84' title='bbox 802 1378 1187 1464; x_wconf 80' lang='grc' dir='ltr'>Εἱκονομάχων</span> <span class='ocrx_word' id='word_1_85' title='bbox 1216 1394 1365 1465; x_wconf 85' lang='grc' dir='ltr'>αὐτῷ</span> <span class='ocrx_word' id='word_1_86' title='bbox 1403 1392 1679 1472; x_wconf 75' lang='grc' dir='ltr'>αἱρέσεων</span> <span class='ocrx_word' id='word_1_87' title='bbox 1703 1400 1795 1466; x_wconf 83' lang='grc' dir='ltr'>γέ-</span> 
     </span>
    </p>
   </div>
   <div class='ocr_carea' id='block_1_15' title="bbox 230 1484 1794 1558">
    <p class='ocr_par' dir='ltr' id='par_1_15' title="bbox 230 1484 1794 1558">
     <span class='ocr_line' id='line_1_15' title="bbox 230 1484 1794 1558; baseline 0.004 -22"><span class='ocrx_word' id='word_1_88' title='bbox 230 1500 319 1553; x_wconf 87' lang='grc' dir='ltr'><strong>μει</strong></span> <span class='ocrx_word' id='word_1_89' title='bbox 352 1484 608 1555; x_wconf 80' lang='grc' dir='ltr'><strong>μακρῶν.</strong></span> <span class='ocrx_word' id='word_1_90' title='bbox 646 1486 755 1539; x_wconf 79' lang='grc' dir='ltr'><strong>Καὶ</strong></span> <span class='ocrx_word' id='word_1_91' title='bbox 800 1486 850 1537; x_wconf 85' lang='grc' dir='ltr'><strong>εί</strong></span> <span class='ocrx_word' id='word_1_92' title='bbox 905 1484 1005 1553; x_wconf 69' lang='grc' dir='ltr'>μὲν</span> <span class='ocrx_word' id='word_1_93' title='bbox 1035 1485 1217 1555; x_wconf 73' lang='grc' dir='ltr'>ἐτεροί</span> <span class='ocrx_word' id='word_1_94' title='bbox 1250 1502 1394 1548; x_wconf 85' lang='grc' dir='ltr'>τινες</span> <span class='ocrx_word' id='word_1_95' title='bbox 1424 1486 1794 1558; x_wconf 82' lang='grc' dir='ltr'>ὑποϐολιμαῖα</span> 
     </span>
    </p>
   </div>
   <div class='ocr_carea' id='block_1_16' title="bbox 227 1575 1792 1649">
    <p class='ocr_par' dir='ltr' id='par_1_16' title="bbox 227 1575 1792 1649">
     <span class='ocr_line' id='line_1_16' title="bbox 227 1575 1792 1649; baseline 0.004 -24"><span class='ocrx_word' id='word_1_96' title='bbox 227 1576 763 1644; x_wconf 77' lang='grc' dir='ltr'>παρεισενέγκαντες</span> <span class='ocrx_word' id='word_1_97' title='bbox 815 1575 876 1628; x_wconf 78' lang='grc' dir='ltr'>τὸ</span> <span class='ocrx_word' id='word_1_98' title='bbox 916 1575 1083 1627; x_wconf 74' lang='grc' dir='ltr'>αὑτοῦ</span> <span class='ocrx_word' id='word_1_99' title='bbox 1125 1593 1185 1643; x_wconf 84' lang='grc' dir='ltr'><strong>γε</strong></span> <span class='ocrx_word' id='word_1_100' title='bbox 1226 1577 1549 1645; x_wconf 71' lang='grc' dir='ltr'>ἐπέγραψαν</span> <span class='ocrx_word' id='word_1_101' title='bbox 1600 1579 1792 1649; x_wconf 77' lang='grc' dir='ltr'>δνομα,</span> 
     </span>
    </p>
   </div>
   <div class='ocr_carea' id='block_1_17' title="bbox 228 1666 1796 1736">
    <p class='ocr_par' dir='ltr' id='par_1_17' title="bbox 228 1666 1796 1736">
     <span class='ocr_line' id='line_1_17' title="bbox 228 1666 1796 1736; baseline 0.003 -16"><span class='ocrx_word' id='word_1_102' title='bbox 228 1668 564 1736; x_wconf 80' lang='grc' dir='ltr'>ἀνέγκλητος</span> <span class='ocrx_word' id='word_1_103' title='bbox 594 1668 694 1736; x_wconf 75' lang='grc' dir='ltr'>μὲν</span> <span class='ocrx_word' id='word_1_104' title='bbox 727 1666 1086 1729; x_wconf 81' lang='grc' dir='ltr'>ἐσταιαύτὺς,</span> <span class='ocrx_word' id='word_1_105' title='bbox 1129 1667 1194 1718; x_wconf 79' lang='grc' dir='ltr'><strong>τά</strong></span> <span class='ocrx_word' id='word_1_106' title='bbox 1224 1666 1281 1719; x_wconf 74' lang='grc' dir='ltr'>δὲ</span> <span class='ocrx_word' id='word_1_107' title='bbox 1332 1667 1514 1736; x_wconf 85' lang='grc' dir='ltr'>βιϐλία</span> <span class='ocrx_word' id='word_1_108' title='bbox 1544 1669 1604 1722; x_wconf 78' lang='grc' dir='ltr'>οὗ</span> <span class='ocrx_word' id='word_1_109' title='bbox 1628 1689 1642 1703; x_wconf 80' lang='grc'><em>’</em></span> <span class='ocrx_word' id='word_1_110' title='bbox 1677 1674 1724 1724; x_wconf 86' lang='grc' dir='ltr'><strong>εί</strong></span> <span class='ocrx_word' id='word_1_111' title='bbox 1750 1675 1796 1725; x_wconf 80' lang='grc' dir='ltr'>δ’</span> 
     </span>
    </p>
   </div>
   <div class='ocr_carea' id='block_1_18' title="bbox 229 1757 1797 1833">
    <p class='ocr_par' dir='ltr' id='par_1_18' title="bbox 229 1757 1797 1833">
     <span class='ocr_line' id='line_1_18' title="bbox 229 1757 1797 1833; baseline 0.004 -22"><span class='ocrx_word' id='word_1_112' title='bbox 229 1759 395 1812; x_wconf 77' lang='grc' dir='ltr'>αὐτοῦ</span> <span class='ocrx_word' id='word_1_113' title='bbox 417 1759 496 1828; x_wconf 82' lang='grc' dir='ltr'>τῷ</span> <span class='ocrx_word' id='word_1_114' title='bbox 518 1758 635 1810; x_wconf 84' lang='grc' dir='ltr'>δντι</span> <span class='ocrx_word' id='word_1_115' title='bbox 672 1757 905 1827; x_wconf 89' lang='grc' dir='ltr'>βεϐαίως</span> <span class='ocrx_word' id='word_1_116' title='bbox 939 1759 1098 1821; x_wconf 71' lang='grc' dir='ltr'>εἰσὶν,</span> <span class='ocrx_word' id='word_1_117' title='bbox 1127 1758 1264 1828; x_wconf 85' lang='grc' dir='ltr'>ὁμοῦ</span> <span class='ocrx_word' id='word_1_118' title='bbox 1290 1763 1401 1823; x_wconf 87' lang='grc' dir='ltr'>τοῖς</span> <span class='ocrx_word' id='word_1_119' title='bbox 1437 1761 1662 1829; x_wconf 79' lang='grc' dir='ltr'>βιϐλίοις</span> <span class='ocrx_word' id='word_1_120' title='bbox 1688 1766 1797 1833; x_wconf 77' lang='grc' dir='ltr'>ἄρα</span> 
     </span>
    </p>
   </div>
   <div class='ocr_carea' id='block_1_19' title="bbox 228 1848 1799 1924">
    <p class='ocr_par' dir='ltr' id='par_1_19' title="bbox 228 1848 1799 1924">
     <span class='ocr_line' id='line_1_19' title="bbox 228 1848 1799 1924; baseline 0.006 -23"><span class='ocrx_word' id='word_1_121' title='bbox 228 1848 541 1920; x_wconf 69' lang='grc' dir='ltr'>ἀπέϐλητος</span> <span class='ocrx_word' id='word_1_122' title='bbox 588 1850 683 1903; x_wconf 75' lang='grc' dir='ltr'>καὶ</span> <span class='ocrx_word' id='word_1_123' title='bbox 738 1850 901 1913; x_wconf 79' lang='grc' dir='ltr'>αὐτὸς</span> <span class='ocrx_word' id='word_1_124' title='bbox 958 1851 1051 1902; x_wconf 82' lang='grc' dir='ltr'>καὶ</span> <span class='ocrx_word' id='word_1_125' title='bbox 1095 1853 1209 1913; x_wconf 85' lang='grc' dir='ltr'>τοῖς</span> <span class='ocrx_word' id='word_1_126' title='bbox 1267 1852 1449 1917; x_wconf 77' lang='grc' dir='ltr'>ἄλλοις</span> <span class='ocrx_word' id='word_1_127' title='bbox 1496 1856 1799 1924; x_wconf 86' lang='grc' dir='ltr'>αίρετικοῖς</span> 
     </span>
    </p>
   </div>
   <div class='ocr_carea' id='block_1_20' title="bbox 231 1942 576 2013">
    <p class='ocr_par' dir='ltr' id='par_1_20' title="bbox 231 1942 576 2013">
     <span class='ocr_line' id='line_1_20' title="bbox 231 1942 576 2013; baseline 0 -18"><span class='ocrx_word' id='word_1_128' title='bbox 231 1942 576 2013; x_wconf 85' lang='grc' dir='ltr'>ἐναρίθμιος.</span> 
     </span>
    </p>
   </div>
   <div class='ocr_carea' id='block_1_21' title="bbox 303 2034 1799 2110">
    <p class='ocr_par' dir='ltr' id='par_1_21' title="bbox 303 2034 1799 2110">
     <span class='ocr_line' id='line_1_21' title="bbox 303 2034 1799 2110; baseline 0.007 -21"><span class='ocrx_word' id='word_1_129' title='bbox 303 2039 378 2090; x_wconf 70' lang='lat' dir='ltr'><strong>E&#39;.</strong></span> <span class='ocrx_word' id='word_1_130' title='bbox 418 2036 707 2093; x_wconf 88' lang='grc' dir='ltr'>Τοσούτων</span> <span class='ocrx_word' id='word_1_131' title='bbox 737 2034 831 2089; x_wconf 79' lang='grc' dir='ltr'>οὖν</span> <span class='ocrx_word' id='word_1_132' title='bbox 889 2038 984 2090; x_wconf 75' lang='grc' dir='ltr'>καὶ</span> <span class='ocrx_word' id='word_1_133' title='bbox 1042 2037 1184 2091; x_wconf 75' lang='grc' dir='ltr'>οὕτω</span> <span class='ocrx_word' id='word_1_134' title='bbox 1246 2042 1515 2109; x_wconf 85' lang='grc' dir='ltr'>μεγέθους</span> <span class='ocrx_word' id='word_1_135' title='bbox 1548 2046 1799 2110; x_wconf 78' lang='grc' dir='ltr'>ἀσεϐείας</span> 
     </span>
    </p>
   </div>
   <div class='ocr_carea' id='block_1_22' title="bbox 230 2126 1804 2202">
    <p class='ocr_par' dir='ltr' id='par_1_22' title="bbox 230 2126 1804 2202">
     <span class='ocr_line' id='line_1_22' title="bbox 230 2126 1804 2202; baseline 0 -24"><span class='ocrx_word' id='word_1_136' title='bbox 230 2127 467 2196; x_wconf 69' lang='grc' dir='ltr'>ἐχόντων</span> <span class='ocrx_word' id='word_1_137' title='bbox 499 2126 673 2195; x_wconf 66' lang='grc' dir='ltr'>λόγων</span> <span class='ocrx_word' id='word_1_138' title='bbox 704 2127 974 2196; x_wconf 75' lang='grc' dir='ltr'>αὐτήκοος</span> <span class='ocrx_word' id='word_1_139' title='bbox 1007 2129 1035 2180; x_wconf 87' lang='grc' dir='ltr'><strong>δ</strong></span> <span class='ocrx_word' id='word_1_140' title='bbox 1065 2128 1103 2180; x_wconf 87' lang='grc' dir='ltr'><strong>Γ</strong></span> <span class='ocrx_word' id='word_1_141' title='bbox 1108 2132 1353 2198; x_wconf 81' lang='grc' dir='ltr'>ρηγορᾶς</span> <span class='ocrx_word' id='word_1_142' title='bbox 1397 2133 1637 2199; x_wconf 83' lang='grc' dir='ltr'>γεγονὼς</span> <span class='ocrx_word' id='word_1_143' title='bbox 1670 2137 1804 2202; x_wconf 67' lang='grc' dir='ltr'>σφας.</span> 
     </span>
    </p>
   </div>
   <div class='ocr_carea' id='block_1_23' title="bbox 229 2217 1801 2295">
    <p class='ocr_par' dir='ltr' id='par_1_23' title="bbox 229 2217 1801 2295">
     <span class='ocr_line' id='line_1_23' title="bbox 229 2217 1801 2295; baseline 0.006 -24"><span class='ocrx_word' id='word_1_144' title='bbox 229 2220 331 2285; x_wconf 85' lang='grc' dir='ltr'><strong>δρα</strong></span> <span class='ocrx_word' id='word_1_145' title='bbox 371 2235 433 2270; x_wconf 87' lang='grc' dir='ltr'><strong>τε</strong></span> <span class='ocrx_word' id='word_1_146' title='bbox 476 2217 751 2287; x_wconf 74' lang='grc' dir='ltr'><strong>ἐξεπλάγη</strong></span> <span class='ocrx_word' id='word_1_147' title='bbox 806 2221 902 2273; x_wconf 75' lang='grc' dir='ltr'>καὶ</span> <span class='ocrx_word' id='word_1_148' title='bbox 935 2223 1152 2291; x_wconf 78' lang='grc' dir='ltr'>ἄφωνος</span> <span class='ocrx_word' id='word_1_149' title='bbox 1202 2223 1424 2291; x_wconf 71' lang='grc' dir='ltr'>ἔμεινεν</span> <span class='ocrx_word' id='word_1_150' title='bbox 1469 2227 1597 2295; x_wconf 77' lang='grc' dir='ltr'>ἄχρι</span> <span class='ocrx_word' id='word_1_151' title='bbox 1620 2230 1710 2281; x_wconf 80' lang='grc' dir='ltr'><strong>καὶ</strong></span> <span class='ocrx_word' id='word_1_152' title='bbox 1744 2232 1801 2293; x_wconf 86' lang='grc' dir='ltr'><strong>ἐς</strong></span> 
     </span>
    </p>
   </div>
   <div class='ocr_carea' id='block_1_24' title="bbox 230 2311 1799 2395">
    <p class='ocr_par' dir='ltr' id='par_1_24' title="bbox 230 2311 1799 2395">
     <span class='ocr_line' id='line_1_24' title="bbox 230 2311 1799 2395; baseline 0.009 -32"><span class='ocrx_word' id='word_1_153' title='bbox 230 2311 377 2381; x_wconf 74' lang='grc' dir='ltr'>ὧρας</span> <span class='ocrx_word' id='word_1_154' title='bbox 406 2312 620 2381; x_wconf 85' lang='grc' dir='ltr'>μακρόν</span> <span class='ocrx_word' id='word_1_155' title='bbox 646 2328 695 2364; x_wconf 81' lang='grc' dir='ltr'><strong>τι</strong></span> <span class='ocrx_word' id='word_1_156' title='bbox 724 2311 1024 2382; x_wconf 73' lang='grc' dir='ltr'>διάστημα.</span> <span class='ocrx_word' id='word_1_157' title='bbox 1053 2315 1283 2370; x_wconf 82' lang='grc' dir='ltr'>Ἔπειτα</span> <span class='ocrx_word' id='word_1_158' title='bbox 1314 2319 1487 2389; x_wconf 84' lang='grc' dir='ltr'>θυμοῦ</span> <span class='ocrx_word' id='word_1_159' title='bbox 1522 2324 1614 2376; x_wconf 72' lang='grc' dir='ltr'><strong>καὶ</strong></span> <span class='ocrx_word' id='word_1_160' title='bbox 1636 2323 1799 2395; x_wconf 77' lang='grc' dir='ltr'>ζήλου</span> 
     </span>
    </p>
   </div>
   <div class='ocr_carea' id='block_1_25' title="bbox 232 2402 1801 2485">
    <p class='ocr_par' dir='ltr' id='par_1_25' title="bbox 232 2402 1801 2485">
     <span class='ocr_line' id='line_1_25' title="bbox 232 2402 1801 2485; baseline 0.009 -31"><span class='ocrx_word' id='word_1_161' title='bbox 232 2404 379 2456; x_wconf 82' lang='grc' dir='ltr'>θείου</span> <span class='ocrx_word' id='word_1_162' title='bbox 415 2402 617 2470; x_wconf 87' lang='grc' dir='ltr'>μεστδς</span> <span class='ocrx_word' id='word_1_163' title='bbox 655 2402 895 2472; x_wconf 86' lang='grc' dir='ltr'>γεγονὼς</span> <span class='ocrx_word' id='word_1_164' title='bbox 933 2406 1136 2471; x_wconf 78' lang='grc' dir='ltr'>τοιάδε,</span> <span class='ocrx_word' id='word_1_165' title='bbox 1194 2412 1457 2479; x_wconf 77' lang='grc' dir='ltr'>στραφεὶς</span> <span class='ocrx_word' id='word_1_166' title='bbox 1516 2414 1652 2485; x_wconf 81' lang='grc' dir='ltr'>πρὸς</span> <span class='ocrx_word' id='word_1_167' title='bbox 1709 2416 1801 2468; x_wconf 81' lang='grc' dir='ltr'><strong>τὸν</strong></span> 
     </span>
    </p>
   </div>
   <div class='ocr_carea' id='block_1_26' title="bbox 234 2494 1799 2578">
    <p class='ocr_par' dir='ltr' id='par_1_26' title="bbox 234 2494 1799 2578">
     <span class='ocr_line' id='line_1_26' title="bbox 234 2494 1799 2578; baseline 0.009 -32"><span class='ocrx_word' id='word_1_168' title='bbox 234 2494 715 2565; x_wconf 63' lang='grc' dir='ltr'>Καιτακουζηνδν,</span> <span class='ocrx_word' id='word_1_169' title='bbox 780 2495 944 2566; x_wconf 82' lang='grc' dir='ltr'>φησί’</span> <span class='ocrx_word' id='word_1_170' title='bbox 999 2498 1065 2550; x_wconf 92' lang='grc' dir='ltr'><strong>Τί</strong></span> <span class='ocrx_word' id='word_1_171' title='bbox 1127 2516 1231 2569; x_wconf 83' lang='grc' dir='ltr'><strong>μου</strong></span> <span class='ocrx_word' id='word_1_172' title='bbox 1263 2502 1327 2553; x_wconf 75' lang='grc' dir='ltr'><strong>το</strong></span> <span class='ocrx_word' id='word_1_173' title='bbox 1366 2503 1543 2573; x_wconf 86' lang='grc' dir='ltr'>γῆρας</span> <span class='ocrx_word' id='word_1_174' title='bbox 1573 2507 1673 2559; x_wconf 85' lang='grc' dir='ltr'><strong>ούκ</strong></span> <span class='ocrx_word' id='word_1_175' title='bbox 1706 2511 1799 2578; x_wconf 74' lang='grc' dir='ltr'><strong>ἐᾷς</strong></span> 
     </span>
    </p>
   </div>
   <div class='ocr_carea' id='block_1_27' title="bbox 232 2588 1801 2664">
    <p class='ocr_par' dir='ltr' id='par_1_27' title="bbox 232 2588 1801 2664">
     <span class='ocr_line' id='line_1_27' title="bbox 232 2588 1801 2664; baseline 0.011 -28"><span class='ocrx_word' id='word_1_176' title='bbox 232 2588 487 2655; x_wconf 71' lang='grc' dir='ltr'>ἠρεμεῖν,</span> <span class='ocrx_word' id='word_1_177' title='bbox 526 2588 642 2641; x_wconf 75' lang='grc' dir='ltr'>ἀλλ’</span> <span class='ocrx_word' id='word_1_178' title='bbox 674 2589 1050 2654; x_wconf 78' lang='grc' dir='ltr'>ἐπιϐουλεύεις</span> <span class='ocrx_word' id='word_1_179' title='bbox 1079 2592 1203 2657; x_wconf 69' lang='lat' dir='ltr'><strong>dei;</strong></span> <span class='ocrx_word' id='word_1_180' title='bbox 1235 2594 1299 2647; x_wconf 89' lang='grc' dir='ltr'>Τί</span> <span class='ocrx_word' id='word_1_181' title='bbox 1324 2612 1391 2664; x_wconf 90' lang='grc' dir='ltr'><strong>με</strong></span> <span class='ocrx_word' id='word_1_182' title='bbox 1422 2600 1543 2661; x_wconf 86' lang='grc' dir='ltr'>ταῖς</span> <span class='ocrx_word' id='word_1_183' title='bbox 1577 2603 1695 2663; x_wconf 85' lang='grc' dir='ltr'>σαῖς</span> <span class='ocrx_word' id='word_1_184' title='bbox 1717 2603 1801 2654; x_wconf 76' lang='grc' dir='ltr'>ἀεὶ</span> 
     </span>
    </p>
   </div>
   <div class='ocr_carea' id='block_1_28' title="bbox 233 2680 1801 2764">
    <p class='ocr_par' dir='ltr' id='par_1_28' title="bbox 233 2680 1801 2764">
     <span class='ocr_line' id='line_1_28' title="bbox 233 2680 1801 2764; baseline 0.01 -33"><span class='ocrx_word' id='word_1_185' title='bbox 233 2680 479 2748; x_wconf 70' lang='grc' dir='ltr'>μερίζων</span> <span class='ocrx_word' id='word_1_186' title='bbox 511 2682 793 2752; x_wconf 76' lang='grc' dir='ltr'>αἱρέσεσιν</span> <span class='ocrx_word' id='word_1_187' title='bbox 822 2685 922 2737; x_wconf 85' lang='grc' dir='ltr'><strong>οὐκ</strong></span> <span class='ocrx_word' id='word_1_188' title='bbox 953 2684 1261 2755; x_wconf 79' lang='grc' dir='ltr'>ὲνὰρκησας</span> <span class='ocrx_word' id='word_1_189' title='bbox 1284 2690 1396 2742; x_wconf 77' lang='grc' dir='ltr'>οὐδ’</span> <span class='ocrx_word' id='word_1_190' title='bbox 1430 2691 1527 2760; x_wconf 76' lang='grc' dir='ltr'><strong>ὀψὲ</strong></span> <span class='ocrx_word' id='word_1_191' title='bbox 1558 2694 1654 2761; x_wconf 79' lang='grc' dir='ltr'>τῆς</span> <span class='ocrx_word' id='word_1_192' title='bbox 1686 2696 1801 2764; x_wconf 87' lang='grc' dir='ltr'>ήλι-</span> 
     </span>
    </p>
   </div>
   <div class='ocr_carea' id='block_1_29' title="bbox 233 2770 1801 2854">
    <p class='ocr_par' dir='ltr' id='par_1_29' title="bbox 233 2770 1801 2854">
     <span class='ocr_line' id='line_1_29' title="bbox 233 2770 1801 2854; baseline 0.011 -32"><span class='ocrx_word' id='word_1_193' title='bbox 233 2771 357 2833; x_wconf 80' lang='grc' dir='ltr'>κίας</span> <span class='ocrx_word' id='word_1_194' title='bbox 387 2770 489 2840; x_wconf 86' lang='grc' dir='ltr'>τῆς</span> <span class='ocrx_word' id='word_1_195' title='bbox 533 2772 631 2838; x_wconf 82' lang='grc' dir='ltr'>σῆς</span> <span class='ocrx_word' id='word_1_196' title='bbox 664 2774 756 2828; x_wconf 66' lang='grc' dir='ltr'><strong>καὶ</strong></span> <span class='ocrx_word' id='word_1_197' title='bbox 777 2778 878 2843; x_wconf 82' lang='grc' dir='ltr'>τῆς</span> <span class='ocrx_word' id='word_1_198' title='bbox 921 2774 1015 2828; x_wconf 83' lang='grc' dir='ltr'>νῦν</span> <span class='ocrx_word' id='word_1_199' title='bbox 1047 2777 1439 2849; x_wconf 83' lang='grc' dir='ltr'>βαρυδαίμονος</span> <span class='ocrx_word' id='word_1_200' title='bbox 1483 2784 1686 2854; x_wconf 86' lang='grc' dir='ltr'>τύχης;</span> <span class='ocrx_word' id='word_1_201' title='bbox 1737 2787 1801 2840; x_wconf 88' lang='grc' dir='ltr'>Τί</span> 
     </span>
    </p>
   </div>
   <div class='ocr_carea' id='block_1_30' title="bbox 235 2863 1799 2947">
    <p class='ocr_par' dir='ltr' id='par_1_30' title="bbox 235 2863 1799 2947">
     <span class='ocr_line' id='line_1_30' title="bbox 235 2863 1799 2947; baseline 0.01 -32"><span class='ocrx_word' id='word_1_202' title='bbox 235 2864 288 2933; x_wconf 76' lang='grc' dir='ltr'>μ’</span> <span class='ocrx_word' id='word_1_203' title='bbox 320 2863 501 2916; x_wconf 66' lang='grc' dir='ltr'>ἄλλοτ’</span> <span class='ocrx_word' id='word_1_204' title='bbox 534 2865 759 2919; x_wconf 74' lang='grc' dir='ltr'>ἂλλοθεν</span> <span class='ocrx_word' id='word_1_205' title='bbox 813 2867 888 2930; x_wconf 84' lang='grc' dir='ltr'>ὡς</span> <span class='ocrx_word' id='word_1_206' title='bbox 924 2869 987 2921; x_wconf 86' lang='grc' dir='ltr'><strong>ἐκ</strong></span> <span class='ocrx_word' id='word_1_207' title='bbox 1021 2869 1231 2941; x_wconf 83' lang='grc' dir='ltr'><strong>λόχμης</strong></span> <span class='ocrx_word' id='word_1_208' title='bbox 1259 2874 1353 2925; x_wconf 79' lang='grc' dir='ltr'>καὶ</span> <span class='ocrx_word' id='word_1_209' title='bbox 1383 2874 1595 2944; x_wconf 83' lang='grc' dir='ltr'>δρυμοῦ</span> <span class='ocrx_word' id='word_1_210' title='bbox 1630 2894 1799 2947; x_wconf 88' lang='grc' dir='ltr'>προσ-</span> 
     </span>
    </p>
   </div>
   <div class='ocr_carea' id='block_1_31' title="bbox 231 2954 1801 3037">
    <p class='ocr_par' dir='ltr' id='par_1_31' title="bbox 231 2954 1801 3037">
     <span class='ocr_line' id='line_1_31' title="bbox 231 2954 1801 3037; baseline 0.012 -33"><span class='ocrx_word' id='word_1_211' title='bbox 231 2954 468 3018; x_wconf 75' lang='grc' dir='ltr'>ϐάλλων,</span> <span class='ocrx_word' id='word_1_212' title='bbox 501 2957 562 3008; x_wconf 80' lang='grc' dir='ltr'>ού</span> <span class='ocrx_word' id='word_1_213' title='bbox 592 2958 795 3027; x_wconf 81' lang='grc' dir='ltr'>τολμᾷς</span> <span class='ocrx_word' id='word_1_214' title='bbox 833 2960 973 3012; x_wconf 86' lang='grc' dir='ltr'><strong>κατά</strong></span> <span class='ocrx_word' id='word_1_215' title='bbox 1006 2961 1261 3029; x_wconf 81' lang='grc' dir='ltr'>μέτωπον</span> <span class='ocrx_word' id='word_1_216' title='bbox 1292 2964 1552 3037; x_wconf 81' lang='grc' dir='ltr'>ἄντικρυς</span> <span class='ocrx_word' id='word_1_217' title='bbox 1592 2969 1681 3021; x_wconf 77' lang='grc' dir='ltr'><strong>τὸν</strong></span> <span class='ocrx_word' id='word_1_218' title='bbox 1710 2972 1801 3024; x_wconf 64' lang='grc' dir='ltr'><strong>σὸν</strong></span> 
     </span>
    </p>
   </div>
   <div class='ocr_carea' id='block_1_32' title="bbox 232 3044 1799 3121">
    <p class='ocr_par' dir='ltr' id='par_1_32' title="bbox 232 3044 1799 3121">
     <span class='ocr_line' id='line_1_32' title="bbox 232 3044 1799 3121; baseline 0.009 -22"><span class='ocrx_word' id='word_1_219' title='bbox 232 3044 297 3116; x_wconf 67' lang='grc' dir='ltr'><strong>[ἶ.</strong></span> <span class='ocrx_word' id='word_1_220' title='bbox 336 3046 442 3101; x_wconf 79' lang='grc'><strong>158</strong></span> <span class='ocrx_word' id='word_1_221' title='bbox 475 3047 547 3118; x_wconf 63' lang='grc'><strong>1.]</strong></span> <span class='ocrx_word' id='word_1_222' title='bbox 588 3051 877 3120; x_wconf 74' lang='grc' dir='ltr'>ἐπιφέρειν</span> <span class='ocrx_word' id='word_1_223' title='bbox 913 3052 1170 3121; x_wconf 83' lang='grc' dir='ltr'>πόλεμον,</span> <span class='ocrx_word' id='word_1_224' title='bbox 1224 3054 1340 3107; x_wconf 84' lang='grc' dir='ltr'>ἀλλ’</span> <span class='ocrx_word' id='word_1_225' title='bbox 1379 3057 1479 3111; x_wconf 84' lang='grc' dir='ltr'>οὐκ</span> <span class='ocrx_word' id='word_1_226' title='bbox 1513 3058 1661 3111; x_wconf 83' lang='grc' dir='ltr'>ἔστιν</span> <span class='ocrx_word' id='word_1_227' title='bbox 1686 3061 1799 3113; x_wconf 76' lang='grc' dir='ltr'><strong>οὔθ’</strong></span> 
     </span>
    </p>
   </div>
   <div class='ocr_carea' id='block_1_33' title="bbox 230 3134 1799 3215">
    <p class='ocr_par' dir='ltr' id='par_1_33' title="bbox 230 3134 1799 3215">
     <span class='ocr_line' id='line_1_33' title="bbox 230 3134 1799 3215; baseline 0.01 -29"><span class='ocrx_word' id='word_1_228' title='bbox 230 3134 351 3187; x_wconf 80' lang='grc' dir='ltr'>ὅθεν</span> <span class='ocrx_word' id='word_1_229' title='bbox 374 3135 491 3188; x_wconf 77' lang='grc' dir='ltr'>οὗθ’</span> <span class='ocrx_word' id='word_1_230' title='bbox 520 3138 608 3190; x_wconf 78' lang='grc' dir='ltr'>ὅτε</span> <span class='ocrx_word' id='word_1_231' title='bbox 637 3138 713 3208; x_wconf 80' lang='grc' dir='ltr'>μὴ</span> <span class='ocrx_word' id='word_1_232' title='bbox 741 3138 839 3207; x_wconf 78' lang='grc' dir='ltr'>τὴν</span> <span class='ocrx_word' id='word_1_233' title='bbox 876 3141 976 3208; x_wconf 90' lang='grc' dir='ltr'><strong>σήν</strong></span> <span class='ocrx_word' id='word_1_234' title='bbox 1003 3157 1094 3210; x_wconf 86' lang='grc' dir='ltr'>μοι</span> <span class='ocrx_word' id='word_1_235' title='bbox 1124 3144 1420 3211; x_wconf 72' lang='grc' dir='ltr'>προσάγεις</span> <span class='ocrx_word' id='word_1_236' title='bbox 1454 3146 1799 3215; x_wconf 69' lang='grc' dir='ltr'>ἀτέκμαρτον</span> 
     </span>
    </p>
   </div>
   <div class='ocr_carea' id='block_1_34' title="bbox 1891 647 3525 728">
    <p class='ocr_par' dir='ltr' id='par_1_34' title="bbox 1891 647 3525 728">
     <span class='ocr_line' id='line_1_34' title="bbox 1891 647 3525 728; baseline 0.002 -19"><span class='ocrx_word' id='word_1_237' title='bbox 1891 661 2092 728; x_wconf 81' lang='lat' dir='ltr'><strong>quibus</strong></span> <span class='ocrx_word' id='word_1_238' title='bbox 2130 660 2609 713; x_wconf 84' lang='lat' dir='ltr'><strong>Iconomachorunt</strong></span> <span class='ocrx_word' id='word_1_239' title='bbox 2644 647 2890 728; x_wconf 80' lang='lat' dir='ltr'><strong>impietas</strong></span> <span class='ocrx_word' id='word_1_240' title='bbox 2920 660 3454 727; x_wconf 81' lang='lat' dir='ltr'><strong>deprelteudebatur,</strong></span> <span class='ocrx_word' id='word_1_241' title='bbox 3518 676 3525 681; x_wconf 88' lang='lat'><strong><em>&#39;</em></strong></span> 
     </span>
    </p>
   </div>
   <div class='ocr_carea' id='block_1_35' title="bbox 1894 750 3456 819">
    <p class='ocr_par' dir='ltr' id='par_1_35' title="bbox 1894 750 3456 819">
     <span class='ocr_line' id='line_1_35' title="bbox 1894 750 3456 819; baseline 0 -17"><span class='ocrx_word' id='word_1_242' title='bbox 1894 766 2041 803; x_wconf 89' lang='lat' dir='ltr'><strong>nunc</strong></span> <span class='ocrx_word' id='word_1_243' title='bbox 2064 767 2193 803; x_wconf 89' lang='lat' dir='ltr'><strong>vero</strong></span> <span class='ocrx_word' id='word_1_244' title='bbox 2214 752 2377 805; x_wconf 88' lang='lat' dir='ltr'><strong>etiam</strong></span> <span class='ocrx_word' id='word_1_245' title='bbox 2405 752 2787 803; x_wconf 83' lang='lat' dir='ltr'><strong>l’alatnitarum</strong></span> <span class='ocrx_word' id='word_1_246' title='bbox 2813 750 3110 817; x_wconf 75' lang='lat' dir='ltr'><strong>quieodem</strong></span> <span class='ocrx_word' id='word_1_247' title='bbox 3137 760 3456 819; x_wconf 82' lang='lat' dir='ltr'><strong>argumento</strong></span> 
     </span>
    </p>
   </div>
   <div class='ocr_carea' id='block_1_36' title="bbox 1894 841 3457 905">
    <p class='ocr_par' dir='ltr' id='par_1_36' title="bbox 1894 841 3457 905">
     <span class='ocr_line' id='line_1_36' title="bbox 1894 841 3457 905; baseline 0 -12"><span class='ocrx_word' id='word_1_248' title='bbox 1894 856 1951 894; x_wconf 89' lang='lat' dir='ltr'><strong>se</strong></span> <span class='ocrx_word' id='word_1_249' title='bbox 1982 841 2322 905; x_wconf 76' lang='lat' dir='ltr'><strong>fulciebant;</strong></span> <span class='ocrx_word' id='word_1_250' title='bbox 2357 843 2423 895; x_wconf 91' lang='lat' dir='ltr'><strong>de</strong></span> <span class='ocrx_word' id='word_1_251' title='bbox 2478 843 2600 895; x_wconf 89' lang='lat' dir='ltr'><strong>luce</strong></span> <span class='ocrx_word' id='word_1_252' title='bbox 2650 850 2836 894; x_wconf 85' lang='lat' dir='ltr'><strong>autem</strong></span> <span class='ocrx_word' id='word_1_253' title='bbox 2873 856 3179 895; x_wconf 89' lang='lat' dir='ltr'><strong>sermonem</strong></span> <span class='ocrx_word' id='word_1_254' title='bbox 3214 842 3350 894; x_wconf 87' lang='lat' dir='ltr'><strong>facio</strong></span> <span class='ocrx_word' id='word_1_255' title='bbox 3392 842 3457 902; x_wconf 84' lang='lat' dir='ltr'><strong>jn</strong></span> 
     </span>
    </p>
   </div>
   <div class='ocr_carea' id='block_1_37' title="bbox 1894 932 3456 1002">
    <p class='ocr_par' dir='ltr' id='par_1_37' title="bbox 1894 932 3456 1002">
     <span class='ocr_line' id='line_1_37' title="bbox 1894 932 3456 1002; baseline 0.003 -20"><span class='ocrx_word' id='word_1_256' title='bbox 1894 943 2077 985; x_wconf 82' lang='lat' dir='ltr'><strong>monte</strong></span> <span class='ocrx_word' id='word_1_257' title='bbox 2133 932 2405 997; x_wconf 87' lang='lat' dir='ltr'><strong>Thabore,</strong></span> <span class='ocrx_word' id='word_1_258' title='bbox 2448 950 2612 1002; x_wconf 87' lang='lat' dir='ltr'><strong>quam</strong></span> <span class='ocrx_word' id='word_1_259' title='bbox 2662 933 2798 985; x_wconf 85' lang='lat' dir='ltr'><strong>infra</strong></span> <span class='ocrx_word' id='word_1_260' title='bbox 2837 947 3173 1001; x_wconf 78' lang='lat' dir='ltr'><strong>exponemus</strong></span> <span class='ocrx_word' id='word_1_261' title='bbox 3221 932 3456 1001; x_wconf 80' lang='lat' dir='ltr'><strong>planius.</strong></span> 
     </span>
    </p>
   </div>
   <div class='ocr_carea' id='block_1_38' title="bbox 1895 1020 3461 1093">
    <p class='ocr_par' dir='ltr' id='par_1_38' title="bbox 1895 1020 3461 1093">
     <span class='ocr_line' id='line_1_38' title="bbox 1895 1020 3461 1093; baseline 0.001 -18"><span class='ocrx_word' id='word_1_262' title='bbox 1895 1020 2026 1086; x_wconf 75' lang='lat' dir='ltr'><strong>Quae</strong></span> <span class='ocrx_word' id='word_1_263' title='bbox 2056 1024 2213 1077; x_wconf 79' lang='lat' dir='ltr'><strong>vero?</strong></span> <span class='ocrx_word' id='word_1_264' title='bbox 2234 1024 2410 1093; x_wconf 89' lang='lat' dir='ltr'><strong>inquit</strong></span> <span class='ocrx_word' id='word_1_265' title='bbox 2440 1024 2547 1087; x_wconf 91' lang='lat' dir='ltr'><strong>ille,</strong></span> <span class='ocrx_word' id='word_1_266' title='bbox 2586 1024 2828 1079; x_wconf 80' lang='lat' dir='ltr'><strong>Ecclesia</strong></span> <span class='ocrx_word' id='word_1_267' title='bbox 2873 1024 3018 1079; x_wconf 87' lang='lat' dir='ltr'><strong>lnmc</strong></span> <span class='ocrx_word' id='word_1_268' title='bbox 3041 1025 3260 1091; x_wconf 82' lang='lat' dir='ltr'><strong>agnovit</strong></span> <span class='ocrx_word' id='word_1_269' title='bbox 3286 1025 3309 1076; x_wconf 89' lang='lat'><strong>?</strong></span> <span class='ocrx_word' id='word_1_270' title='bbox 3339 1025 3461 1090; x_wconf 84' lang='lat' dir='ltr'><strong>quis</strong></span> 
     </span>
    </p>
   </div>
   <div class='ocr_carea' id='block_1_39' title="bbox 1896 1115 3461 1184">
    <p class='ocr_par' dir='ltr' id='par_1_39' title="bbox 1896 1115 3461 1184">
     <span class='ocr_line' id='line_1_39' title="bbox 1896 1115 3461 1184; baseline 0.003 -19"><span class='ocrx_word' id='word_1_271' title='bbox 1896 1115 2213 1167; x_wconf 77' lang='lat' dir='ltr'><strong>memoriam</strong></span> <span class='ocrx_word' id='word_1_272' title='bbox 2288 1116 2409 1183; x_wconf 87' lang='lat' dir='ltr'><strong>ejus</strong></span> <span class='ocrx_word' id='word_1_273' title='bbox 2485 1116 2837 1169; x_wconf 83' lang='lat' dir='ltr'><strong>observavit?</strong></span> <span class='ocrx_word' id='word_1_274' title='bbox 2900 1117 2992 1170; x_wconf 88' lang='lat' dir='ltr'><strong>llis</strong></span> <span class='ocrx_word' id='word_1_275' title='bbox 3065 1117 3290 1184; x_wconf 86' lang='lat' dir='ltr'><strong>insuper</strong></span> <span class='ocrx_word' id='word_1_276' title='bbox 3357 1117 3461 1170; x_wconf 88' lang='lat' dir='ltr'><strong>alia</strong></span> 
     </span>
    </p>
   </div>
   <div class='ocr_carea' id='block_1_40' title="bbox 1898 1204 3463 1276">
    <p class='ocr_par' dir='ltr' id='par_1_40' title="bbox 1898 1204 3463 1276">
     <span class='ocr_line' id='line_1_40' title="bbox 1898 1204 3463 1276; baseline 0.002 -20"><span class='ocrx_word' id='word_1_277' title='bbox 1898 1204 2063 1257; x_wconf 79' lang='lat' dir='ltr'><strong>multa</strong></span> <span class='ocrx_word' id='word_1_278' title='bbox 2087 1204 2296 1257; x_wconf 82' lang='lat' dir='ltr'><strong>addidit</strong></span> <span class='ocrx_word' id='word_1_279' title='bbox 2323 1215 2377 1259; x_wconf 92' lang='lat' dir='ltr'><strong>et</strong></span> <span class='ocrx_word' id='word_1_280' title='bbox 2404 1207 2856 1261; x_wconf 84' lang='lat' dir='ltr'><strong>contumeliarum</strong></span> <span class='ocrx_word' id='word_1_281' title='bbox 2879 1221 3137 1260; x_wconf 86' lang='lat' dir='ltr'><strong>acervum</strong></span> <span class='ocrx_word' id='word_1_282' title='bbox 3166 1208 3463 1276; x_wconf 76' lang='lat' dir='ltr'><strong>complevit</strong></span> 
     </span>
    </p>
   </div>
   <div class='ocr_carea' id='block_1_41' title="bbox 1896 1284 3462 1367">
    <p class='ocr_par' dir='ltr' id='par_1_41' title="bbox 1896 1284 3462 1367">
     <span class='ocr_line' id='line_1_41' title="bbox 1896 1284 3462 1367; baseline 0.001 -19"><span class='ocrx_word' id='word_1_283' title='bbox 1896 1286 2019 1348; x_wconf 89' lang='lat' dir='ltr'><strong>cum</strong></span> <span class='ocrx_word' id='word_1_284' title='bbox 2063 1296 2232 1349; x_wconf 88' lang='lat' dir='ltr'><strong>libros</strong></span> <span class='ocrx_word' id='word_1_285' title='bbox 2265 1306 2544 1366; x_wconf 80' lang='lat' dir='ltr'><strong>quotquot</strong></span> <span class='ocrx_word' id='word_1_286' title='bbox 2591 1298 2813 1353; x_wconf 90' lang='lat' dir='ltr'><strong>omnino</strong></span> <span class='ocrx_word' id='word_1_287' title='bbox 2863 1299 3155 1367; x_wconf 83' lang='lat' dir='ltr'><strong>conscripti</strong></span> <span class='ocrx_word' id='word_1_288' title='bbox 3189 1284 3462 1352; x_wconf 84' lang='lat' dir='ltr'><strong>ferrentur</strong></span> 
     </span>
    </p>
   </div>
   <div class='ocr_carea' id='block_1_42' title="bbox 1896 1372 3462 1461">
    <p class='ocr_par' dir='ltr' id='par_1_42' title="bbox 1896 1372 3462 1461">
     <span class='ocr_line' id='line_1_42' title="bbox 1896 1372 3462 1461; baseline 0.003 -21"><span class='ocrx_word' id='word_1_289' title='bbox 1896 1397 2086 1441; x_wconf 79' lang='lat' dir='ltr'><strong>contra</strong></span> <span class='ocrx_word' id='word_1_290' title='bbox 2138 1372 2544 1454; x_wconf 83' lang='lat' dir='ltr'><strong>lconomachos,</strong></span> <span class='ocrx_word' id='word_1_291' title='bbox 2604 1390 2766 1461; x_wconf 79' lang='lat'><strong>382</strong></span> <span class='ocrx_word' id='word_1_292' title='bbox 2835 1392 2999 1445; x_wconf 89' lang='lat' dir='ltr'><strong>nimis</strong></span> <span class='ocrx_word' id='word_1_293' title='bbox 3041 1391 3274 1444; x_wconf 88' lang='lat' dir='ltr'><strong>refertos</strong></span> <span class='ocrx_word' id='word_1_294' title='bbox 3340 1407 3462 1447; x_wconf 71' lang='lat' dir='ltr'><strong>esse</strong></span> 
     </span>
    </p>
   </div>
   <div class='ocr_carea' id='block_1_43' title="bbox 1897 1478 3461 1552">
    <p class='ocr_par' dir='ltr' id='par_1_43' title="bbox 1897 1478 3461 1552">
     <span class='ocr_line' id='line_1_43' title="bbox 1897 1478 3461 1552; baseline 0.004 -23"><span class='ocrx_word' id='word_1_295' title='bbox 1897 1478 2079 1547; x_wconf 85' lang='lat' dir='ltr'><strong>pravis</strong></span> <span class='ocrx_word' id='word_1_296' title='bbox 2107 1480 2458 1547; x_wconf 74' lang='lat' dir='ltr'><strong>opinionibus</strong></span> <span class='ocrx_word' id='word_1_297' title='bbox 2481 1482 2711 1547; x_wconf 84' lang='lat' dir='ltr'><strong>diceret,</strong></span> <span class='ocrx_word' id='word_1_298' title='bbox 2736 1492 2790 1535; x_wconf 91' lang='lat' dir='ltr'><strong>et</strong></span> <span class='ocrx_word' id='word_1_299' title='bbox 2815 1483 2918 1534; x_wconf 85' lang='lat' dir='ltr'><strong>nisi</strong></span> <span class='ocrx_word' id='word_1_300' title='bbox 2967 1483 3035 1534; x_wconf 84' lang='lat' dir='ltr'><strong>ab</strong></span> <span class='ocrx_word' id='word_1_301' title='bbox 3061 1484 3183 1536; x_wconf 90' lang='lat' dir='ltr'><strong>aliis</strong></span> <span class='ocrx_word' id='word_1_302' title='bbox 3230 1482 3461 1552; x_wconf 89' lang='lat' dir='ltr'><strong>quibus-</strong></span> 
     </span>
    </p>
   </div>
   <div class='ocr_carea' id='block_1_44' title="bbox 1898 1570 3463 1644">
    <p class='ocr_par' dir='ltr' id='par_1_44' title="bbox 1898 1570 3463 1644">
     <span class='ocr_line' id='line_1_44' title="bbox 1898 1570 3463 1644; baseline 0.004 -21"><span class='ocrx_word' id='word_1_303' title='bbox 1898 1570 2024 1624; x_wconf 89' lang='lat' dir='ltr'><strong>dam</strong></span> <span class='ocrx_word' id='word_1_304' title='bbox 2054 1571 2542 1640; x_wconf 88' lang='lat' dir='ltr'><strong>interpolatoribus</strong></span> <span class='ocrx_word' id='word_1_305' title='bbox 2574 1590 2773 1628; x_wconf 87' lang='lat' dir='ltr'><strong>nomen</strong></span> <span class='ocrx_word' id='word_1_306' title='bbox 2800 1576 2919 1644; x_wconf 79' lang='lat' dir='ltr'><strong>ejus</strong></span> <span class='ocrx_word' id='word_1_307' title='bbox 2956 1575 3276 1644; x_wconf 83' lang='lat' dir='ltr'><strong>inscriptum</strong></span> <span class='ocrx_word' id='word_1_308' title='bbox 3316 1589 3463 1631; x_wconf 85' lang='lat' dir='ltr'><strong>esset</strong></span> 
     </span>
    </p>
   </div>
   <div class='ocr_carea' id='block_1_45' title="bbox 1898 1662 3463 1733">
    <p class='ocr_par' dir='ltr' id='par_1_45' title="bbox 1898 1662 3463 1733">
     <span class='ocr_line' id='line_1_45' title="bbox 1898 1662 3463 1733; baseline 0.004 -17"><span class='ocrx_word' id='word_1_309' title='bbox 1898 1662 2071 1728; x_wconf 83' lang='lat' dir='ltr'><strong>libris,</strong></span> <span class='ocrx_word' id='word_1_310' title='bbox 2098 1664 2343 1733; x_wconf 83' lang='lat' dir='ltr'><strong>ignotum</strong></span> <span class='ocrx_word' id='word_1_311' title='bbox 2374 1665 2506 1717; x_wconf 90' lang='lat' dir='ltr'><strong>illud</strong></span> <span class='ocrx_word' id='word_1_312' title='bbox 2537 1681 2851 1719; x_wconf 82' lang='lat' dir='ltr'><strong>mansurum</strong></span> <span class='ocrx_word' id='word_1_313' title='bbox 2888 1666 3090 1727; x_wconf 86' lang='lat' dir='ltr'><strong>fuisse;</strong></span> <span class='ocrx_word' id='word_1_314' title='bbox 3131 1682 3236 1719; x_wconf 88' lang='lat' dir='ltr'><strong>non</strong></span> <span class='ocrx_word' id='word_1_315' title='bbox 3284 1676 3463 1722; x_wconf 75' lang='lat' dir='ltr'><strong>tamen</strong></span> 
     </span>
    </p>
   </div>
   <div class='ocr_carea' id='block_1_46' title="bbox 1900 1752 3462 1824">
    <p class='ocr_par' dir='ltr' id='par_1_46' title="bbox 1900 1752 3462 1824">
     <span class='ocr_line' id='line_1_46' title="bbox 1900 1752 3462 1824; baseline 0.002 -18"><span class='ocrx_word' id='word_1_316' title='bbox 1900 1752 2025 1806; x_wconf 87' lang='lat' dir='ltr'><strong>libri</strong></span> <span class='ocrx_word' id='word_1_317' title='bbox 2069 1754 2169 1821; x_wconf 89' lang='lat' dir='ltr'><strong>ipsi</strong></span> <span class='ocrx_word' id='word_1_318' title='bbox 2200 1773 2213 1818; x_wconf 95' lang='lat'>;</span> <span class='ocrx_word' id='word_1_319' title='bbox 2244 1756 2336 1822; x_wconf 92' lang='lat' dir='ltr'><strong>qui</strong></span> <span class='ocrx_word' id='word_1_320' title='bbox 2368 1771 2554 1808; x_wconf 79' lang='lat' dir='ltr'><strong>revera</strong></span> <span class='ocrx_word' id='word_1_321' title='bbox 2612 1756 2833 1824; x_wconf 87' lang='lat' dir='ltr'><strong>quidem</strong></span> <span class='ocrx_word' id='word_1_322' title='bbox 2875 1768 3174 1819; x_wconf 78' lang='lat' dir='ltr'><strong>exstarent.</strong></span> <span class='ocrx_word' id='word_1_323' title='bbox 3212 1758 3306 1812; x_wconf 89' lang='lat' dir='ltr'><strong>sed</strong></span> <span class='ocrx_word' id='word_1_324' title='bbox 3360 1776 3462 1811; x_wconf 87' lang='lat' dir='ltr'><strong>una</strong></span> 
     </span>
    </p>
   </div>
   <div class='ocr_carea' id='block_1_47' title="bbox 1901 1842 3466 1914">
    <p class='ocr_par' dir='ltr' id='par_1_47' title="bbox 1901 1842 3466 1914">
     <span class='ocr_line' id='line_1_47' title="bbox 1901 1842 3466 1914; baseline 0.005 -21"><span class='ocrx_word' id='word_1_325' title='bbox 1901 1856 2024 1894; x_wconf 84' lang='lat' dir='ltr'><strong>cum</strong></span> <span class='ocrx_word' id='word_1_326' title='bbox 2059 1842 2145 1895; x_wconf 87' lang='lat' dir='ltr'><strong>his</strong></span> <span class='ocrx_word' id='word_1_327' title='bbox 2180 1859 2377 1899; x_wconf 89' lang='lat' dir='ltr'><strong>nomen</strong></span> <span class='ocrx_word' id='word_1_328' title='bbox 2414 1846 2534 1914; x_wconf 89' lang='lat' dir='ltr'><strong>ejus</strong></span> <span class='ocrx_word' id='word_1_329' title='bbox 2570 1847 2940 1914; x_wconf 67' lang='lat' dir='ltr'><strong>alnjieiendum</strong></span> <span class='ocrx_word' id='word_1_330' title='bbox 2966 1862 3084 1902; x_wconf 85' lang='lat' dir='ltr'><strong>esse</strong></span> <span class='ocrx_word' id='word_1_331' title='bbox 3115 1859 3171 1902; x_wconf 91' lang='lat' dir='ltr'><strong>et</strong></span> <span class='ocrx_word' id='word_1_332' title='bbox 3203 1848 3466 1901; x_wconf 75' lang='lat' dir='ltr'><strong>adnume-</strong></span> 
     </span>
    </p>
   </div>
   <div class='ocr_carea' id='block_1_48' title="bbox 1902 1934 2703 2006">
    <p class='ocr_par' dir='ltr' id='par_1_48' title="bbox 1902 1934 2703 2006">
     <span class='ocr_line' id='line_1_48' title="bbox 1902 1934 2703 2006; baseline 0.006 -17"><span class='ocrx_word' id='word_1_333' title='bbox 1902 1934 2130 1989; x_wconf 87' lang='lat' dir='ltr'><strong>randum</strong></span> <span class='ocrx_word' id='word_1_334' title='bbox 2157 1937 2381 2006; x_wconf 83' lang='lat' dir='ltr'><strong>reliquis</strong></span> <span class='ocrx_word' id='word_1_335' title='bbox 2410 1938 2703 1994; x_wconf 69' lang='lat' dir='ltr'><strong>haereticis.</strong></span> 
     </span>
    </p>
   </div>
   <div class='ocr_carea' id='block_1_49' title="bbox 1969 2024 3468 2101">
    <p class='ocr_par' dir='ltr' id='par_1_49' title="bbox 1969 2024 3468 2101">
     <span class='ocr_line' id='line_1_49' title="bbox 1969 2024 3468 2101; baseline 0.007 -23"><span class='ocrx_word' id='word_1_336' title='bbox 1969 2024 2033 2079; x_wconf 79' lang='grc' dir='ltr'>ν.</span> <span class='ocrx_word' id='word_1_337' title='bbox 2068 2025 2198 2091; x_wconf 67' lang='lat' dir='ltr'><strong>Quae</strong></span> <span class='ocrx_word' id='word_1_338' title='bbox 2223 2028 2389 2083; x_wconf 89' lang='lat' dir='ltr'><strong>verba</strong></span> <span class='ocrx_word' id='word_1_339' title='bbox 2431 2039 2591 2084; x_wconf 68' lang='lat' dir='ltr'><strong>tanta:</strong></span> <span class='ocrx_word' id='word_1_340' title='bbox 2644 2031 2799 2100; x_wconf 88' lang='lat' dir='ltr'><strong>plena</strong></span> <span class='ocrx_word' id='word_1_341' title='bbox 2853 2031 3147 2101; x_wconf 85' lang='lat' dir='ltr'><strong>impietatis</strong></span> <span class='ocrx_word' id='word_1_342' title='bbox 3176 2048 3298 2087; x_wconf 90' lang='lat' dir='ltr'><strong>cum</strong></span> <span class='ocrx_word' id='word_1_343' title='bbox 3333 2035 3468 2089; x_wconf 87' lang='lat' dir='ltr'><strong>Gre-</strong></span> 
     </span>
    </p>
   </div>
   <div class='ocr_carea' id='block_1_50' title="bbox 1899 2118 3468 2193">
    <p class='ocr_par' dir='ltr' id='par_1_50' title="bbox 1899 2118 3468 2193">
     <span class='ocr_line' id='line_1_50' title="bbox 1899 2118 3468 2193; baseline 0.008 -25"><span class='ocrx_word' id='word_1_344' title='bbox 1899 2130 2058 2184; x_wconf 78' lang='lat' dir='ltr'><strong>goras</strong></span> <span class='ocrx_word' id='word_1_345' title='bbox 2090 2118 2347 2185; x_wconf 84' lang='lat' dir='ltr'><strong>audisset,</strong></span> <span class='ocrx_word' id='word_1_346' title='bbox 2390 2122 2746 2175; x_wconf 80' lang='lat' dir='ltr'><strong>vehementer</strong></span> <span class='ocrx_word' id='word_1_347' title='bbox 2776 2124 2958 2176; x_wconf 90' lang='lat' dir='ltr'><strong>animo</strong></span> <span class='ocrx_word' id='word_1_348' title='bbox 2998 2126 3279 2193; x_wconf 86' lang='lat' dir='ltr'><strong>perculsus</strong></span> <span class='ocrx_word' id='word_1_349' title='bbox 3311 2137 3468 2180; x_wconf 87' lang='lat' dir='ltr'><strong>estet</strong></span> 
     </span>
    </p>
   </div>
   <div class='ocr_carea' id='block_1_51' title="bbox 1899 2209 3465 2281">
    <p class='ocr_par' dir='ltr' id='par_1_51' title="bbox 1899 2209 3465 2281">
     <span class='ocr_line' id='line_1_51' title="bbox 1899 2209 3465 2281; baseline 0.006 -21"><span class='ocrx_word' id='word_1_350' title='bbox 1899 2209 2176 2262; x_wconf 87' lang='lat' dir='ltr'><strong>obmutuit</strong></span> <span class='ocrx_word' id='word_1_351' title='bbox 2210 2227 2305 2279; x_wconf 88' lang='lat' dir='ltr'><strong>per</strong></span> <span class='ocrx_word' id='word_1_352' title='bbox 2333 2212 2551 2281; x_wconf 82' lang='lat' dir='ltr'><strong>longum</strong></span> <span class='ocrx_word' id='word_1_353' title='bbox 2580 2213 2729 2269; x_wconf 71' lang='lat' dir='ltr'><strong>hora:</strong></span> <span class='ocrx_word' id='word_1_354' title='bbox 2756 2214 3125 2269; x_wconf 85' lang='lat' dir='ltr'><strong>intervallum.</strong></span> <span class='ocrx_word' id='word_1_355' title='bbox 3163 2217 3232 2271; x_wconf 83' lang='lat' dir='ltr'><strong>At</strong></span> <span class='ocrx_word' id='word_1_356' title='bbox 3266 2216 3465 2270; x_wconf 86' lang='lat' dir='ltr'><strong>deinde</strong></span> 
     </span>
    </p>
   </div>
   <div class='ocr_carea' id='block_1_52' title="bbox 1898 2300 3467 2378">
    <p class='ocr_par' dir='ltr' id='par_1_52' title="bbox 1898 2300 3467 2378">
     <span class='ocr_line' id='line_1_52' title="bbox 1898 2300 3467 2378; baseline 0.007 -28"><span class='ocrx_word' id='word_1_357' title='bbox 1898 2300 2081 2355; x_wconf 87' lang='lat' dir='ltr'><strong>animo</strong></span> <span class='ocrx_word' id='word_1_358' title='bbox 2102 2309 2158 2355; x_wconf 83' lang='lat' dir='ltr'><strong>et</strong></span> <span class='ocrx_word' id='word_1_359' title='bbox 2184 2302 2364 2357; x_wconf 83' lang='lat' dir='ltr'><strong>divina</strong></span> <span class='ocrx_word' id='word_1_360' title='bbox 2418 2305 2839 2372; x_wconf 80' lang='lat' dir='ltr'><strong>condignatione</strong></span> <span class='ocrx_word' id='word_1_361' title='bbox 2882 2305 3137 2378; x_wconf 83' lang='lat' dir='ltr'><strong>impletus</strong></span> <span class='ocrx_word' id='word_1_362' title='bbox 3186 2308 3348 2361; x_wconf 84' lang='lat' dir='ltr'><strong>vertit</strong></span> <span class='ocrx_word' id='word_1_363' title='bbox 3409 2324 3467 2362; x_wconf 89' lang='lat' dir='ltr'><strong>sc</strong></span> 
     </span>
    </p>
   </div>
   <div class='ocr_carea' id='block_1_53' title="bbox 1900 2389 3462 2452">
    <p class='ocr_par' dir='ltr' id='par_1_53' title="bbox 1900 2389 3462 2452">
     <span class='ocr_line' id='line_1_53' title="bbox 1900 2389 3462 2452; baseline 0.007 -11"><span class='ocrx_word' id='word_1_364' title='bbox 1900 2390 1952 2442; x_wconf 89' lang='lat' dir='ltr'><strong>in</strong></span> <span class='ocrx_word' id='word_1_365' title='bbox 1993 2389 2431 2445; x_wconf 86' lang='lat' dir='ltr'><strong>Cantacuzenum</strong></span> <span class='ocrx_word' id='word_1_366' title='bbox 2464 2395 2644 2448; x_wconf 87' lang='lat' dir='ltr'><strong>verbis</strong></span> <span class='ocrx_word' id='word_1_367' title='bbox 2684 2395 2871 2449; x_wconf 88' lang='lat' dir='ltr'><strong>hisce:</strong></span> <span class='ocrx_word' id='word_1_368' title='bbox 2916 2396 3028 2450; x_wconf 90' lang='lat' dir='ltr'><strong>Cur</strong></span> <span class='ocrx_word' id='word_1_369' title='bbox 3056 2411 3163 2450; x_wconf 91' lang='lat' dir='ltr'><strong>non</strong></span> <span class='ocrx_word' id='word_1_370' title='bbox 3187 2410 3462 2452; x_wconf 85' lang='lat' dir='ltr'><strong>senectam</strong></span> 
     </span>
    </p>
   </div>
   <div class='ocr_carea' id='block_1_54' title="bbox 1901 2480 3465 2555">
    <p class='ocr_par' dir='ltr' id='par_1_54' title="bbox 1901 2480 3465 2555">
     <span class='ocr_line' id='line_1_54' title="bbox 1901 2480 3465 2555; baseline 0.006 -22"><span class='ocrx_word' id='word_1_371' title='bbox 1901 2480 2034 2534; x_wconf 90' lang='lat' dir='ltr'><strong>mihi</strong></span> <span class='ocrx_word' id='word_1_372' title='bbox 2119 2482 2256 2537; x_wconf 92' lang='lat' dir='ltr'><strong>sinis</strong></span> <span class='ocrx_word' id='word_1_373' title='bbox 2340 2486 2741 2553; x_wconf 87' lang='lat' dir='ltr'><strong>tranquillam?</strong></span> <span class='ocrx_word' id='word_1_374' title='bbox 2800 2487 2911 2541; x_wconf 74' lang='lat' dir='ltr'><strong>Cur</strong></span> <span class='ocrx_word' id='word_1_375' title='bbox 2980 2502 3196 2555; x_wconf 89' lang='lat' dir='ltr'><strong>semper</strong></span> <span class='ocrx_word' id='word_1_376' title='bbox 3270 2489 3465 2543; x_wconf 82' lang='lat' dir='ltr'><strong>ha-resi</strong></span> 
     </span>
    </p>
   </div>
   <div class='ocr_carea' id='block_1_55' title="bbox 1900 2571 3466 2649">
    <p class='ocr_par' dir='ltr' id='par_1_55' title="bbox 1900 2571 3466 2649">
     <span class='ocr_line' id='line_1_55' title="bbox 1900 2571 3466 2649; baseline 0.008 -25"><span class='ocrx_word' id='word_1_377' title='bbox 1900 2580 1991 2625; x_wconf 89' lang='lat' dir='ltr'><strong>tua</strong></span> <span class='ocrx_word' id='word_1_378' title='bbox 2027 2571 2297 2642; x_wconf 81' lang='lat' dir='ltr'><strong>inquietas</strong></span> <span class='ocrx_word' id='word_1_379' title='bbox 2319 2591 2404 2629; x_wconf 90' lang='lat' dir='ltr'><strong>me</strong></span> <span class='ocrx_word' id='word_1_380' title='bbox 2434 2593 2610 2647; x_wconf 87' lang='lat' dir='ltr'><strong>neque</strong></span> <span class='ocrx_word' id='word_1_381' title='bbox 2658 2580 2934 2633; x_wconf 87' lang='lat' dir='ltr'><strong>succurris</strong></span> <span class='ocrx_word' id='word_1_382' title='bbox 2978 2580 3111 2633; x_wconf 89' lang='lat' dir='ltr'><strong>mihi</strong></span> <span class='ocrx_word' id='word_1_383' title='bbox 3171 2581 3262 2649; x_wconf 89' lang='lat' dir='ltr'><strong>qui</strong></span> <span class='ocrx_word' id='word_1_384' title='bbox 3306 2591 3466 2637; x_wconf 64' lang='lat' dir='ltr'><strong>actate</strong></span> 
     </span>
    </p>
   </div>
   <div class='ocr_carea' id='block_1_56' title="bbox 1894 2664 3463 2743">
    <p class='ocr_par' dir='ltr' id='par_1_56' title="bbox 1894 2664 3463 2743">
     <span class='ocr_line' id='line_1_56' title="bbox 1894 2664 3463 2743; baseline 0.007 -26"><span class='ocrx_word' id='word_1_385' title='bbox 1894 2664 2003 2735; x_wconf 86' lang='lat' dir='ltr'><strong>jam</strong></span> <span class='ocrx_word' id='word_1_386' title='bbox 2039 2666 2325 2723; x_wconf 86' lang='lat' dir='ltr'><strong>confectus</strong></span> <span class='ocrx_word' id='word_1_387' title='bbox 2356 2684 2474 2722; x_wconf 90' lang='lat' dir='ltr'><strong>sum</strong></span> <span class='ocrx_word' id='word_1_388' title='bbox 2503 2680 2707 2724; x_wconf 87' lang='lat' dir='ltr'><strong>etcum</strong></span> <span class='ocrx_word' id='word_1_389' title='bbox 2760 2681 2905 2725; x_wconf 90' lang='lat' dir='ltr'><strong>tanta</strong></span> <span class='ocrx_word' id='word_1_390' title='bbox 2946 2688 3090 2726; x_wconf 89' lang='lat' dir='ltr'><strong>nunc</strong></span> <span class='ocrx_word' id='word_1_391' title='bbox 3135 2673 3463 2743; x_wconf 82' lang='lat' dir='ltr'><strong>ingravescit</strong></span> 
     </span>
    </p>
   </div>
   <div class='ocr_carea' id='block_1_57' title="bbox 1900 2756 3463 2831">
    <p class='ocr_par' dir='ltr' id='par_1_57' title="bbox 1900 2756 3463 2831">
     <span class='ocr_line' id='line_1_57' title="bbox 1900 2756 3463 2831; baseline 0.006 -24"><span class='ocrx_word' id='word_1_392' title='bbox 1900 2756 2116 2810; x_wconf 88' lang='lat' dir='ltr'><strong>miseria</strong></span> <span class='ocrx_word' id='word_1_393' title='bbox 2140 2757 2291 2812; x_wconf 87' lang='lat' dir='ltr'><strong>?Cur</strong></span> <span class='ocrx_word' id='word_1_394' title='bbox 2322 2758 2482 2811; x_wconf 83' lang='lat' dir='ltr'><strong>modo</strong></span> <span class='ocrx_word' id='word_1_395' title='bbox 2516 2759 2639 2813; x_wconf 87' lang='lat' dir='ltr'><strong>hinc</strong></span> <span class='ocrx_word' id='word_1_396' title='bbox 2672 2761 2833 2813; x_wconf 89' lang='lat' dir='ltr'><strong>modo</strong></span> <span class='ocrx_word' id='word_1_397' title='bbox 2886 2761 3033 2813; x_wconf 89' lang='lat' dir='ltr'><strong>illine</strong></span> <span class='ocrx_word' id='word_1_398' title='bbox 3065 2771 3323 2831; x_wconf 87' lang='lat' dir='ltr'><strong>tanquam</strong></span> <span class='ocrx_word' id='word_1_399' title='bbox 3378 2764 3463 2816; x_wconf 77' lang='lat' dir='ltr'><strong>in-</strong></span> 
     </span>
    </p>
   </div>
   <div class='ocr_carea' id='block_1_58' title="bbox 1899 2846 3460 2919">
    <p class='ocr_par' dir='ltr' id='par_1_58' title="bbox 1899 2846 3460 2919">
     <span class='ocr_line' id='line_1_58' title="bbox 1899 2846 3460 2919; baseline 0.003 -20"><span class='ocrx_word' id='word_1_400' title='bbox 1899 2846 2055 2900; x_wconf 87' lang='lat' dir='ltr'><strong>sidiis</strong></span> <span class='ocrx_word' id='word_1_401' title='bbox 2102 2856 2157 2902; x_wconf 87' lang='lat' dir='ltr'><strong>et</strong></span> <span class='ocrx_word' id='word_1_402' title='bbox 2198 2849 2423 2903; x_wconf 86' lang='lat' dir='ltr'><strong>latebris</strong></span> <span class='ocrx_word' id='word_1_403' title='bbox 2477 2866 2858 2919; x_wconf 87' lang='lat' dir='ltr'><strong>prorumpens,</strong></span> <span class='ocrx_word' id='word_1_404' title='bbox 2896 2852 3030 2905; x_wconf 89' lang='lat' dir='ltr'><strong>mihi</strong></span> <span class='ocrx_word' id='word_1_405' title='bbox 3065 2868 3172 2906; x_wconf 93' lang='lat' dir='ltr'><strong>non</strong></span> <span class='ocrx_word' id='word_1_406' title='bbox 3234 2854 3460 2907; x_wconf 63' lang='lat' dir='ltr'><strong>adversa</strong></span> 
     </span>
    </p>
   </div>
   <div class='ocr_carea' id='block_1_59' title="bbox 1902 2939 3465 3013">
    <p class='ocr_par' dir='ltr' id='par_1_59' title="bbox 1902 2939 3465 3013">
     <span class='ocr_line' id='line_1_59' title="bbox 1902 2939 3465 3013; baseline 0.004 -21"><span class='ocrx_word' id='word_1_407' title='bbox 1902 2939 2080 2993; x_wconf 91' lang='lat' dir='ltr'><strong>fronte</strong></span> <span class='ocrx_word' id='word_1_408' title='bbox 2105 2942 2316 3010; x_wconf 88' lang='lat' dir='ltr'><strong>justum</strong></span> <span class='ocrx_word' id='word_1_409' title='bbox 2365 2941 2567 2995; x_wconf 91' lang='lat' dir='ltr'><strong>bellum</strong></span> <span class='ocrx_word' id='word_1_410' title='bbox 2605 2944 2821 2997; x_wconf 87' lang='lat' dir='ltr'><strong>infers?</strong></span> <span class='ocrx_word' id='word_1_411' title='bbox 2865 2943 3051 3012; x_wconf 82' lang='lat' dir='ltr'><strong>Neque</strong></span> <span class='ocrx_word' id='word_1_412' title='bbox 3086 2946 3239 2999; x_wconf 87' lang='lat' dir='ltr'><strong>locus</strong></span> <span class='ocrx_word' id='word_1_413' title='bbox 3288 2962 3465 3013; x_wconf 81' lang='lat' dir='ltr'><strong>neque</strong></span> 
     </span>
    </p>
   </div>
   <div class='ocr_carea' id='block_1_60' title="bbox 1902 3036 3465 3103">
    <p class='ocr_par' dir='ltr' id='par_1_60' title="bbox 1902 3036 3465 3103">
     <span class='ocr_line' id='line_1_60' title="bbox 1902 3036 3465 3103; baseline 0.004 -16"><span class='ocrx_word' id='word_1_414' title='bbox 1902 3043 2117 3103; x_wconf 86' lang='lat' dir='ltr'><strong>tempus</strong></span> <span class='ocrx_word' id='word_1_415' title='bbox 2148 3043 2231 3087; x_wconf 91' lang='lat' dir='ltr'><strong>est</strong></span> <span class='ocrx_word' id='word_1_416' title='bbox 2262 3049 2371 3103; x_wconf 91' lang='lat' dir='ltr'><strong>quo</strong></span> <span class='ocrx_word' id='word_1_417' title='bbox 2399 3050 2505 3088; x_wconf 87' lang='lat' dir='ltr'><strong>non</strong></span> <span class='ocrx_word' id='word_1_418' title='bbox 2540 3036 2996 3091; x_wconf 88' lang='lat' dir='ltr'><strong>insolentissimas</strong></span> <span class='ocrx_word' id='word_1_419' title='bbox 3029 3047 3149 3092; x_wconf 91' lang='lat' dir='ltr'><strong>tuas</strong></span> <span class='ocrx_word' id='word_1_420' title='bbox 3204 3040 3465 3094; x_wconf 88' lang='lat' dir='ltr'><strong>tentatio-</strong></span> 
     </span>
    </p>
   </div>
   <div class='ocr_carea' id='block_1_61' title="bbox 1900 3126 3465 3199">
    <p class='ocr_par' dir='ltr' id='par_1_61' title="bbox 1900 3126 3465 3199">
     <span class='ocr_line' id='line_1_61' title="bbox 1900 3126 3465 3199; baseline 0.006 -22"><span class='ocrx_word' id='word_1_421' title='bbox 1900 3141 1998 3178; x_wconf 90' lang='lat' dir='ltr'><strong>nes</strong></span> <span class='ocrx_word' id='word_1_422' title='bbox 2020 3126 2073 3179; x_wconf 93' lang='lat' dir='ltr'><strong>in</strong></span> <span class='ocrx_word' id='word_1_423' title='bbox 2099 3142 2185 3180; x_wconf 88' lang='lat' dir='ltr'><strong>me</strong></span> <span class='ocrx_word' id='word_1_424' title='bbox 2216 3136 2418 3183; x_wconf 87' lang='lat' dir='ltr'><strong>vertas.</strong></span> <span class='ocrx_word' id='word_1_425' title='bbox 2443 3127 2554 3182; x_wconf 90' lang='lat' dir='ltr'><strong>Cur</strong></span> <span class='ocrx_word' id='word_1_426' title='bbox 2588 3129 2639 3182; x_wconf 91' lang='lat' dir='ltr'><strong>in</strong></span> <span class='ocrx_word' id='word_1_427' title='bbox 2668 3129 2852 3184; x_wconf 91' lang='lat' dir='ltr'><strong>divina</strong></span> <span class='ocrx_word' id='word_1_428' title='bbox 2902 3131 3151 3199; x_wconf 81' lang='lat' dir='ltr'><strong>dogmata</strong></span> <span class='ocrx_word' id='word_1_429' title='bbox 3180 3134 3340 3188; x_wconf 89' lang='lat' dir='ltr'><strong>modo</strong></span> <span class='ocrx_word' id='word_1_430' title='bbox 3368 3135 3465 3187; x_wconf 85' lang='lat' dir='ltr'><strong>hos</strong></span> 
     </span>
    </p>
   </div>
   <div class='ocr_carea' id='block_1_62' title="bbox 232 3218 1873 3306">
    <p class='ocr_par' dir='ltr' id='par_1_62' title="bbox 232 3228 1868 3306">
     <span class='ocr_line' id='line_1_62' title="bbox 232 3228 1868 3306; baseline 0.012 -31"><span class='ocrx_word' id='word_1_431' title='bbox 232 3228 464 3294; x_wconf 70' lang='grc' dir='ltr'>πεῖρανς</span> <span class='ocrx_word' id='word_1_432' title='bbox 493 3228 557 3280; x_wconf 85' lang='grc' dir='ltr'><strong>Τί</strong></span> <span class='ocrx_word' id='word_1_433' title='bbox 588 3230 731 3283; x_wconf 74' lang='grc' dir='ltr'>κατὰ</span> <span class='ocrx_word' id='word_1_434' title='bbox 760 3230 873 3283; x_wconf 59' lang='grc' dir='ltr'><strong>τῶν</strong></span> <span class='ocrx_word' id='word_1_435' title='bbox 905 3232 1064 3285; x_wconf 81' lang='grc' dir='ltr'>θείων</span> <span class='ocrx_word' id='word_1_436' title='bbox 1094 3233 1379 3304; x_wconf 74' lang='grc' dir='ltr'>δογμάτων</span> <span class='ocrx_word' id='word_1_437' title='bbox 1406 3236 1582 3291; x_wconf 80' lang='grc' dir='ltr'>ἄλλοτ’</span> <span class='ocrx_word' id='word_1_438' title='bbox 1606 3239 1799 3306; x_wconf 79' lang='grc' dir='ltr'>ἄλλους</span> <span class='ocrx_word' id='word_1_439' title='bbox 1826 3237 1868 3295; x_wconf 87' lang='lat' dir='ltr'><strong><em>C</em></strong></span> 
     </span>
    </p>
   </div>
   <div class='ocr_carea' id='block_1_63' title="bbox 1891 3218 3465 3306">
    <p class='ocr_par' dir='ltr' id='par_1_63' title="bbox 1904 3218 3465 3290">
     <span class='ocr_line' id='line_1_63' title="bbox 1904 3218 3465 3290; baseline 0.006 -20"><span class='ocrx_word' id='word_1_440' title='bbox 1904 3218 2070 3271; x_wconf 86' lang='lat' dir='ltr'><strong>modo</strong></span> <span class='ocrx_word' id='word_1_441' title='bbox 2100 3218 2222 3272; x_wconf 90' lang='lat' dir='ltr'><strong>illos</strong></span> <span class='ocrx_word' id='word_1_442' title='bbox 2259 3220 2496 3274; x_wconf 82' lang='lat' dir='ltr'><strong>exstruis</strong></span> <span class='ocrx_word' id='word_1_443' title='bbox 2527 3220 2784 3290; x_wconf 75' lang='lat' dir='ltr'><strong>Olympos</strong></span> <span class='ocrx_word' id='word_1_444' title='bbox 2838 3231 2893 3277; x_wconf 90' lang='lat' dir='ltr'><strong>et</strong></span> <span class='ocrx_word' id='word_1_445' title='bbox 2939 3223 3233 3278; x_wconf 88' lang='lat' dir='ltr'><strong>Parnassos</strong></span> <span class='ocrx_word' id='word_1_446' title='bbox 3273 3237 3465 3281; x_wconf 89' lang='lat' dir='ltr'><strong>contu-</strong></span> 
     </span>
    </p>
   </div>
   <div class='ocr_carea' id='block_1_64' title="bbox 231 3318 1801 3402">
    <p class='ocr_par' dir='ltr' id='par_1_64' title="bbox 231 3318 1801 3402">
     <span class='ocr_line' id='line_1_64' title="bbox 231 3318 1801 3402; baseline 0.011 -35"><span class='ocrx_word' id='word_1_447' title='bbox 231 3318 470 3385; x_wconf 77' lang='grc' dir='ltr'>ἐγείρεις</span> <span class='ocrx_word' id='word_1_448' title='bbox 545 3318 858 3390; x_wconf 83' lang='grc' dir='ltr'>Ὀλύμπους</span> <span class='ocrx_word' id='word_1_449' title='bbox 919 3325 1015 3376; x_wconf 70' lang='grc' dir='ltr'>καὶ</span> <span class='ocrx_word' id='word_1_450' title='bbox 1071 3325 1392 3394; x_wconf 72' lang='grc' dir='ltr'>Παρνασοίις</span> <span class='ocrx_word' id='word_1_451' title='bbox 1450 3330 1801 3402; x_wconf 64' lang='grc' dir='ltr'>βλασφημίας</span> 
     </span>
    </p>
   </div>
   <div class='ocr_carea' id='block_1_65' title="bbox 230 3410 1801 3483">
    <p class='ocr_par' dir='ltr' id='par_1_65' title="bbox 230 3410 1801 3483">
     <span class='ocr_line' id='line_1_65' title="bbox 230 3410 1801 3483; baseline 0.01 -20"><span class='ocrx_word' id='word_1_452' title='bbox 230 3410 580 3478; x_wconf 78' lang='grc' dir='ltr'>αύτομαθοῦς</span> <span class='ocrx_word' id='word_1_453' title='bbox 611 3414 703 3465; x_wconf 77' lang='grc' dir='ltr'><strong>καὶ</strong></span> <span class='ocrx_word' id='word_1_454' title='bbox 730 3413 1072 3483; x_wconf 74' lang='grc' dir='ltr'>ὀψιμαθοῦςς</span> <span class='ocrx_word' id='word_1_455' title='bbox 1109 3418 1174 3469; x_wconf 90' lang='grc' dir='ltr'><strong>Τί</strong></span> <span class='ocrx_word' id='word_1_456' title='bbox 1206 3420 1347 3473; x_wconf 80' lang='grc' dir='ltr'>κατὰ</span> <span class='ocrx_word' id='word_1_457' title='bbox 1376 3421 1482 3475; x_wconf 90' lang='grc' dir='ltr'><strong>τῶν</strong></span> <span class='ocrx_word' id='word_1_458' title='bbox 1510 3423 1667 3476; x_wconf 76' lang='grc' dir='ltr'>θείων</span> <span class='ocrx_word' id='word_1_459' title='bbox 1694 3428 1801 3477; x_wconf 77' lang='grc' dir='ltr'>[ία-</span> 
     </span>
    </p>
   </div>
   <div class='ocr_carea' id='block_1_66' title="bbox 230 3503 1801 3583">
    <p class='ocr_par' dir='ltr' id='par_1_66' title="bbox 230 3503 1801 3583">
     <span class='ocr_line' id='line_1_66' title="bbox 230 3503 1801 3583; baseline 0.01 -28"><span class='ocrx_word' id='word_1_460' title='bbox 230 3506 405 3572; x_wconf 84' lang='grc' dir='ltr'>τέρων</span> <span class='ocrx_word' id='word_1_461' title='bbox 460 3503 743 3573; x_wconf 84' lang='grc' dir='ltr'>χαράδρας</span> <span class='ocrx_word' id='word_1_462' title='bbox 807 3507 1126 3577; x_wconf 81' lang='grc' dir='ltr'>ἀνορύττεις</span> <span class='ocrx_word' id='word_1_463' title='bbox 1185 3510 1272 3563; x_wconf 78' lang='grc' dir='ltr'><strong>ἀεὶ</strong></span> <span class='ocrx_word' id='word_1_464' title='bbox 1334 3514 1656 3583; x_wconf 78' lang='grc' dir='ltr'>καινοτέρας</span> <span class='ocrx_word' id='word_1_465' title='bbox 1705 3520 1801 3571; x_wconf 76' lang='grc' dir='ltr'><strong>καὶ</strong></span> 
     </span>
    </p>
   </div>
   <div class='ocr_carea' id='block_1_67' title="bbox 232 3596 1800 3672">
    <p class='ocr_par' dir='ltr' id='par_1_67' title="bbox 232 3596 1800 3672">
     <span class='ocr_line' id='line_1_67' title="bbox 232 3596 1800 3672; baseline 0.008 -25"><span class='ocrx_word' id='word_1_466' title='bbox 232 3596 372 3665; x_wconf 78' lang='grc' dir='ltr'>μόνῃ</span> <span class='ocrx_word' id='word_1_467' title='bbox 396 3598 465 3664; x_wconf 79' lang='grc' dir='ltr'>τῇ</span> <span class='ocrx_word' id='word_1_468' title='bbox 503 3598 567 3664; x_wconf 77' lang='grc' dir='ltr'>σῇ</span> <span class='ocrx_word' id='word_1_469' title='bbox 598 3598 1026 3666; x_wconf 83' lang='grc' dir='ltr'>παρευρημένας</span> <span class='ocrx_word' id='word_1_470' title='bbox 1060 3598 1341 3654; x_wconf 82' lang='grc' dir='ltr'>αὐτοθελεῖ</span> <span class='ocrx_word' id='word_1_471' title='bbox 1371 3603 1584 3672; x_wconf 69' lang='grc' dir='ltr'>ἐπινοίᾳ</span> <span class='ocrx_word' id='word_1_472' title='bbox 1614 3621 1629 3669; x_wconf 89' lang='lat'><strong>;</strong></span> <span class='ocrx_word' id='word_1_473' title='bbox 1667 3606 1800 3660; x_wconf 86' lang='grc' dir='ltr'>Τίνα</span> 
     </span>
    </p>
   </div>
   <div class='ocr_carea' id='block_1_68' title="bbox 229 3687 1799 3767">
    <p class='ocr_par' dir='ltr' id='par_1_68' title="bbox 229 3687 1799 3767">
     <span class='ocr_line' id='line_1_68' title="bbox 229 3687 1799 3767; baseline 0.007 -28"><span class='ocrx_word' id='word_1_474' title='bbox 229 3688 422 3740; x_wconf 83' lang='grc' dir='ltr'>τοῦτον</span> <span class='ocrx_word' id='word_1_475' title='bbox 456 3687 515 3751; x_wconf 80' lang='grc' dir='ltr'><strong>ἐξ</strong></span> <span class='ocrx_word' id='word_1_476' title='bbox 564 3688 914 3757; x_wconf 79' lang='grc' dir='ltr'>αὐτοσχεδίου</span> <span class='ocrx_word' id='word_1_477' title='bbox 966 3691 1045 3759; x_wconf 86' lang='grc' dir='ltr'>τῷ</span> <span class='ocrx_word' id='word_1_478' title='bbox 1084 3691 1211 3760; x_wconf 85' lang='grc' dir='ltr'>θείῳ</span> <span class='ocrx_word' id='word_1_479' title='bbox 1247 3694 1442 3763; x_wconf 79' lang='grc' dir='ltr'>ἐκείνῳ</span> <span class='ocrx_word' id='word_1_480' title='bbox 1483 3696 1655 3767; x_wconf 71' lang='grc' dir='ltr'>Πατρὶ</span> <span class='ocrx_word' id='word_1_481' title='bbox 1705 3699 1799 3751; x_wconf 77' lang='grc' dir='ltr'><strong>καὶ</strong></span> 
     </span>
    </p>
   </div>
   <div class='ocr_carea' id='block_1_69' title="bbox 230 3778 1799 3861">
    <p class='ocr_par' dir='ltr' id='par_1_69' title="bbox 230 3778 1799 3861">
     <span class='ocr_line' id='line_1_69' title="bbox 230 3778 1799 3861; baseline 0.008 -30"><span class='ocrx_word' id='word_1_482' title='bbox 230 3780 381 3846; x_wconf 83' lang='grc' dir='ltr'>σοφῷ</span> <span class='ocrx_word' id='word_1_483' title='bbox 414 3778 723 3849; x_wconf 78' lang='grc' dir='ltr'>διδασκάλῳ</span> <span class='ocrx_word' id='word_1_484' title='bbox 752 3781 848 3850; x_wconf 83' lang='grc' dir='ltr'>τῆς</span> <span class='ocrx_word' id='word_1_485' title='bbox 885 3782 1211 3851; x_wconf 84' lang='grc' dir='ltr'>Ἐκκλησίας</span> <span class='ocrx_word' id='word_1_486' title='bbox 1241 3785 1357 3837; x_wconf 91' lang='grc' dir='ltr'>νέον</span> <span class='ocrx_word' id='word_1_487' title='bbox 1382 3788 1624 3851; x_wconf 80' lang='grc' dir='ltr'>δπλίζεις</span> <span class='ocrx_word' id='word_1_488' title='bbox 1676 3791 1799 3861; x_wconf 68' lang='grc' dir='ltr'><strong>Ἀρι</strong></span> 
     </span>
    </p>
   </div>
   <div class='ocr_carea' id='block_1_70' title="bbox 228 3871 1795 3955">
    <p class='ocr_par' dir='ltr' id='par_1_70' title="bbox 228 3871 1795 3955">
     <span class='ocr_line' id='line_1_70' title="bbox 228 3871 1795 3955; baseline 0.008 -33"><span class='ocrx_word' id='word_1_489' title='bbox 228 3871 515 3941; x_wconf 82' lang='grc' dir='ltr'>χίλοχονῆ</span> <span class='ocrx_word' id='word_1_490' title='bbox 564 3874 763 3941; x_wconf 78' lang='grc' dir='ltr'>μᾶλλον</span> <span class='ocrx_word' id='word_1_491' title='bbox 831 3874 1145 3944; x_wconf 70' lang='grc' dir='ltr'>Ἀρχιλόχου</span> <span class='ocrx_word' id='word_1_492' title='bbox 1199 3877 1453 3947; x_wconf 79' lang='grc' dir='ltr'>πίθηκον,</span> <span class='ocrx_word' id='word_1_493' title='bbox 1489 3879 1547 3941; x_wconf 82' lang='grc' dir='ltr'>ὃς</span> <span class='ocrx_word' id='word_1_494' title='bbox 1602 3884 1795 3955; x_wconf 78' lang='grc' dir='ltr'>πρὶνῆ</span> 
     </span>
    </p>
   </div>
   <div class='ocr_carea' id='block_1_71' title="bbox 230 3959 1797 4040">
    <p class='ocr_par' dir='ltr' id='par_1_71' title="bbox 230 3959 1797 4040">
     <span class='ocr_line' id='line_1_71' title="bbox 230 3959 1797 4040; baseline 0.009 -31"><span class='ocrx_word' id='word_1_495' title='bbox 230 3959 429 4023; x_wconf 84' lang='grc' dir='ltr'>μαθεῖν</span> <span class='ocrx_word' id='word_1_496' title='bbox 456 3960 656 4013; x_wconf 80' lang='grc' dir='ltr'>ἄπονον</span> <span class='ocrx_word' id='word_1_497' title='bbox 682 3963 855 4013; x_wconf 84' lang='grc' dir='ltr'>οίεται</span> <span class='ocrx_word' id='word_1_498' title='bbox 884 3961 1166 4029; x_wconf 76' lang='grc' dir='ltr'>εἰληφέναι</span> <span class='ocrx_word' id='word_1_499' title='bbox 1216 3967 1422 4033; x_wconf 82' lang='grc' dir='ltr'>ταμίαν</span> <span class='ocrx_word' id='word_1_500' title='bbox 1474 3968 1667 4035; x_wconf 85' lang='grc' dir='ltr'>σοφίας</span> <span class='ocrx_word' id='word_1_501' title='bbox 1698 3970 1797 4040; x_wconf 80' lang='grc' dir='ltr'>τὴν</span> 
     </span>
    </p>
   </div>
   <div class='ocr_carea' id='block_1_72' title="bbox 237 4048 1794 4128">
    <p class='ocr_par' dir='ltr' id='par_1_72' title="bbox 237 4048 1794 4128">
     <span class='ocr_line' id='line_1_72' title="bbox 237 4048 1794 4128; baseline 0.009 -28"><span class='ocrx_word' id='word_1_502' title='bbox 237 4048 491 4101; x_wconf 79' lang='grc' dir='ltr'>Ἠσιόδου</span> <span class='ocrx_word' id='word_1_503' title='bbox 529 4050 757 4117; x_wconf 67' lang='grc' dir='ltr'>δάφνην,</span> <span class='ocrx_word' id='word_1_504' title='bbox 793 4051 889 4103; x_wconf 69' lang='grc' dir='ltr'><strong>καὶ</strong></span> <span class='ocrx_word' id='word_1_505' title='bbox 927 4052 1063 4123; x_wconf 77' lang='grc' dir='ltr'>μόνῃ</span> <span class='ocrx_word' id='word_1_506' title='bbox 1103 4052 1319 4124; x_wconf 78' lang='grc' dir='ltr'>θελήσει</span> <span class='ocrx_word' id='word_1_507' title='bbox 1348 4057 1407 4109; x_wconf 70' lang='grc' dir='ltr'><strong>τὸ</strong></span> <span class='ocrx_word' id='word_1_508' title='bbox 1443 4058 1794 4128; x_wconf 77' lang='grc' dir='ltr'>δογματίζειν</span> 
     </span>
    </p>
   </div>
   <div class='ocr_carea' id='block_1_73' title="bbox 224 4137 1798 4223">
    <p class='ocr_par' dir='ltr' id='par_1_73' title="bbox 224 4137 1798 4223">
     <span class='ocr_line' id='line_1_73' title="bbox 224 4137 1798 4223; baseline 0.01 -32"><span class='ocrx_word' id='word_1_509' title='bbox 224 4137 535 4207; x_wconf 74' lang='grc' dir='ltr'>ἁλώσιμονς</span> <span class='ocrx_word' id='word_1_510' title='bbox 573 4141 642 4191; x_wconf 85' lang='grc' dir='ltr'><strong>Ἦ</strong></span> <span class='ocrx_word' id='word_1_511' title='bbox 675 4141 773 4193; x_wconf 68' lang='grc' dir='ltr'><strong>οὐκ</strong></span> <span class='ocrx_word' id='word_1_512' title='bbox 798 4142 1044 4205; x_wconf 78' lang='grc' dir='ltr'>ἀκούεις,</span> <span class='ocrx_word' id='word_1_513' title='bbox 1077 4144 1127 4195; x_wconf 89' lang='grc' dir='ltr'><strong>τί</strong></span> <span class='ocrx_word' id='word_1_514' title='bbox 1154 4145 1310 4197; x_wconf 76' lang='grc' dir='ltr'>ταῦτ’</span> <span class='ocrx_word' id='word_1_515' title='bbox 1342 4147 1434 4200; x_wconf 76' lang='grc' dir='ltr'>ἐπὶ</span> <span class='ocrx_word' id='word_1_516' title='bbox 1458 4150 1552 4201; x_wconf 82' lang='grc' dir='ltr'>σοῦ</span> <span class='ocrx_word' id='word_1_517' title='bbox 1582 4151 1643 4203; x_wconf 87' lang='grc' dir='ltr'><strong>τὸ</strong></span> <span class='ocrx_word' id='word_1_518' title='bbox 1672 4170 1798 4223; x_wconf 81' lang='grc' dir='ltr'>σχε-</span> 
     </span>
    </p>
   </div>
   <div class='ocr_carea' id='block_1_74' title="bbox 224 4225 1797 4311">
    <p class='ocr_par' dir='ltr' id='par_1_74' title="bbox 224 4225 1797 4311">
     <span class='ocr_line' id='line_1_74' title="bbox 224 4225 1797 4311; baseline 0.013 -36"><span class='ocrx_word' id='word_1_519' title='bbox 224 4225 525 4279; x_wconf 80' lang='grc' dir='ltr'>τλιώτατον</span> <span class='ocrx_word' id='word_1_520' title='bbox 562 4226 720 4280; x_wconf 83' lang='grc' dir='ltr'>τοῦτο</span> <span class='ocrx_word' id='word_1_521' title='bbox 781 4230 874 4281; x_wconf 79' lang='grc' dir='ltr'>καὶ</span> <span class='ocrx_word' id='word_1_522' title='bbox 908 4232 1152 4300; x_wconf 75' lang='grc' dir='ltr'>μεμηνὸς</span> <span class='ocrx_word' id='word_1_523' title='bbox 1211 4235 1502 4306; x_wconf 73' lang='grc' dir='ltr'>ἀνδράριον</span> <span class='ocrx_word' id='word_1_524' title='bbox 1566 4241 1797 4311; x_wconf 78' lang='grc' dir='ltr'>ἐξηρεύο</span> 
     </span>
    </p>
   </div>
   <div class='ocr_carea' id='block_1_75' title="bbox 226 4314 1795 4405">
    <p class='ocr_par' dir='ltr' id='par_1_75' title="bbox 226 4314 1795 4405">
     <span class='ocr_line' id='line_1_75' title="bbox 226 4314 1795 4405; baseline 0.011 -36"><span class='ocrx_word' id='word_1_525' title='bbox 226 4316 355 4380; x_wconf 83' lang='grc' dir='ltr'>ξατο</span> <span class='ocrx_word' id='word_1_526' title='bbox 377 4336 391 4381; x_wconf 88' lang='lat'><strong>;</strong></span> <span class='ocrx_word' id='word_1_527' title='bbox 426 4314 555 4387; x_wconf 71' lang='grc' dir='ltr'><strong>Ἆρ’</strong></span> <span class='ocrx_word' id='word_1_528' title='bbox 588 4320 791 4374; x_wconf 84' lang='grc' dir='ltr'>ἀνεκτά</span> <span class='ocrx_word' id='word_1_529' title='bbox 841 4322 999 4374; x_wconf 81' lang='grc' dir='ltr'>ταῦτ’</span> <span class='ocrx_word' id='word_1_530' title='bbox 1044 4324 1235 4385; x_wconf 78' lang='grc' dir='ltr'>ἀκοαῖς</span> <span class='ocrx_word' id='word_1_531' title='bbox 1280 4324 1421 4396; x_wconf 76' lang='grc' dir='ltr'>λόγῳ</span> <span class='ocrx_word' id='word_1_532' title='bbox 1454 4330 1548 4383; x_wconf 77' lang='grc' dir='ltr'><strong>καὶ</strong></span> <span class='ocrx_word' id='word_1_533' title='bbox 1586 4332 1795 4405; x_wconf 78' lang='grc' dir='ltr'>διανοίᾳ</span> 
     </span>
    </p>
   </div>
   <div class='ocr_carea' id='block_1_76' title="bbox 223 4410 1795 4495">
    <p class='ocr_par' dir='ltr' id='par_1_76' title="bbox 223 4410 1795 4495">
     <span class='ocr_line' id='line_1_76' title="bbox 223 4410 1795 4495; baseline 0.011 -33"><span class='ocrx_word' id='word_1_534' title='bbox 223 4410 669 4478; x_wconf 76' lang='grc' dir='ltr'>διοικουμέναιςς</span> <span class='ocrx_word' id='word_1_535' title='bbox 706 4411 941 4479; x_wconf 77' lang='grc' dir='ltr'>Φθέγξαι</span> <span class='ocrx_word' id='word_1_536' title='bbox 961 4430 1013 4466; x_wconf 89' lang='grc' dir='ltr'><strong>τι</strong></span> <span class='ocrx_word' id='word_1_537' title='bbox 1041 4415 1178 4485; x_wconf 77' lang='grc' dir='ltr'>πρὸς</span> <span class='ocrx_word' id='word_1_538' title='bbox 1208 4416 1382 4471; x_wconf 85' lang='grc' dir='ltr'>ταῦτα</span> <span class='ocrx_word' id='word_1_539' title='bbox 1403 4462 1416 4484; x_wconf 95' lang='grc'><strong>,</strong></span> <span class='ocrx_word' id='word_1_540' title='bbox 1454 4422 1542 4474; x_wconf 87' lang='grc' dir='ltr'><strong>ῖνα</strong></span> <span class='ocrx_word' id='word_1_541' title='bbox 1575 4424 1795 4495; x_wconf 85' lang='grc' dir='ltr'>γνῶμεν</span> 
     </span>
    </p>
   </div>
   <div class='ocr_carea' id='block_1_77' title="bbox 225 4502 1795 4580">
    <p class='ocr_par' dir='ltr' id='par_1_77' title="bbox 225 4502 1795 4580">
     <span class='ocr_line' id='line_1_77' title="bbox 225 4502 1795 4580; baseline 0.011 -27"><span class='ocrx_word' id='word_1_542' title='bbox 225 4502 272 4553; x_wconf 82' lang='grc' dir='ltr'><strong>εί</strong></span> <span class='ocrx_word' id='word_1_543' title='bbox 304 4503 380 4570; x_wconf 78' lang='grc' dir='ltr'><strong>μὴ</strong></span> <span class='ocrx_word' id='word_1_544' title='bbox 410 4502 720 4570; x_wconf 82' lang='grc' dir='ltr'>δμδτροπον</span> <span class='ocrx_word' id='word_1_545' title='bbox 749 4503 971 4574; x_wconf 78' lang='grc' dir='ltr'>τρέφεις</span> <span class='ocrx_word' id='word_1_546' title='bbox 999 4505 1131 4573; x_wconf 83' lang='grc' dir='ltr'>γοῦν</span> <span class='ocrx_word' id='word_1_547' title='bbox 1164 4509 1221 4561; x_wconf 82' lang='grc' dir='ltr'><strong>ἐν</strong></span> <span class='ocrx_word' id='word_1_548' title='bbox 1250 4510 1463 4573; x_wconf 89' lang='grc' dir='ltr'>τούτοις</span> <span class='ocrx_word' id='word_1_549' title='bbox 1495 4518 1588 4567; x_wconf 67' lang='grc' dir='ltr'><strong>καὶ</strong></span> <span class='ocrx_word' id='word_1_550' title='bbox 1632 4516 1795 4580; x_wconf 75' lang='grc' dir='ltr'>αὐτὸς</span> 
     </span>
    </p>
   </div>
   <div class='ocr_carea' id='block_1_78' title="bbox 224 4568 1873 4673">
    <p class='ocr_par' dir='ltr' id='par_1_78' title="bbox 224 4568 1873 4673">
     <span class='ocr_line' id='line_1_78' title="bbox 224 4568 1873 4673; baseline 0.007 -29"><span class='ocrx_word' id='word_1_551' title='bbox 224 4594 282 4644; x_wconf 73' lang='grc' dir='ltr'>τὸ</span> <span class='ocrx_word' id='word_1_552' title='bbox 440 4568 664 4661; x_wconf 77' lang='grc' dir='ltr'>γνώμης</span> <span class='ocrx_word' id='word_1_553' title='bbox 684 4568 1030 4663; x_wconf 46' lang='grc' dir='ltr'>βουλόμενονξ</span> <span class='ocrx_word' id='word_1_554' title='bbox 1076 4597 1143 4648; x_wconf 83' lang='grc' dir='ltr'><strong>Ἦ</strong></span> <span class='ocrx_word' id='word_1_555' title='bbox 1180 4598 1290 4665; x_wconf 69' lang='grc' dir='ltr'>γὰρ</span> <span class='ocrx_word' id='word_1_556' title='bbox 1326 4598 1393 4667; x_wconf 80' lang='grc' dir='ltr'>σὴ</span> <span class='ocrx_word' id='word_1_557' title='bbox 1444 4568 1621 4673; x_wconf 78' lang='grc' dir='ltr'>σιωπὴ</span> <span class='ocrx_word' id='word_1_558' title='bbox 1655 4568 1794 4672; x_wconf 61' lang='grc' dir='ltr'>σφα;</span> <span class='ocrx_word' id='word_1_559' title='bbox 1823 4568 1873 4627; x_wconf 79' lang='lat' dir='ltr'><strong>D</strong></span> 
     </span>
    </p>
   </div>
   <div class='ocr_carea' id='block_1_79' title="bbox 225 4684 1793 4764">
    <p class='ocr_par' dir='ltr' id='par_1_79' title="bbox 225 4684 1793 4764">
     <span class='ocr_line' id='line_1_79' title="bbox 225 4684 1793 4764; baseline 0.01 -30"><span class='ocrx_word' id='word_1_560' title='bbox 225 4684 279 4736; x_wconf 85' lang='grc' dir='ltr'><strong>λε</strong></span> <span class='ocrx_word' id='word_1_561' title='bbox 292 4684 389 4755; x_wconf 61' lang='lat' dir='ltr'><strong>pa»?</strong></span> <span class='ocrx_word' id='word_1_562' title='bbox 416 4685 716 4748; x_wconf 81' lang='grc' dir='ltr'>συνειδότος</span> <span class='ocrx_word' id='word_1_563' title='bbox 744 4686 980 4754; x_wconf 68' lang='grc' dir='ltr'>ὑποψίαν</span> <span class='ocrx_word' id='word_1_564' title='bbox 1003 4686 1330 4758; x_wconf 86' lang='grc' dir='ltr'>ἀνειληφυῖα</span> <span class='ocrx_word' id='word_1_565' title='bbox 1360 4692 1585 4759; x_wconf 66' lang='grc' dir='ltr'>πολλάέ,</span> <span class='ocrx_word' id='word_1_566' title='bbox 1616 4692 1793 4764; x_wconf 82' lang='grc' dir='ltr'>οἶμαι,</span> 
     </span>
    </p>
   </div>
   <div class='ocr_carea' id='block_1_80' title="bbox 226 4778 1788 4853">
    <p class='ocr_par' dir='ltr' id='par_1_80' title="bbox 226 4778 1788 4853">
     <span class='ocr_line' id='line_1_80' title="bbox 226 4778 1788 4853; baseline 0.006 -23"><span class='ocrx_word' id='word_1_567' title='bbox 226 4780 409 4848; x_wconf 87' lang='grc' dir='ltr'>ἐγερεῖ</span> <span class='ocrx_word' id='word_1_568' title='bbox 440 4778 581 4830; x_wconf 76' lang='grc' dir='ltr'>κατὰ</span> <span class='ocrx_word' id='word_1_569' title='bbox 620 4778 711 4831; x_wconf 76' lang='grc' dir='ltr'><strong>σοῦ</strong></span> <span class='ocrx_word' id='word_1_570' title='bbox 738 4780 833 4841; x_wconf 71' lang='grc' dir='ltr'>τὰς</span> <span class='ocrx_word' id='word_1_571' title='bbox 884 4779 993 4831; x_wconf 88' lang='grc' dir='ltr'><strong>τῶν</strong></span> <span class='ocrx_word' id='word_1_572' title='bbox 1031 4780 1307 4849; x_wconf 82' lang='grc' dir='ltr'>λοιδοριῶν</span> <span class='ocrx_word' id='word_1_573' title='bbox 1358 4786 1678 4853; x_wconf 87' lang='grc' dir='ltr'>τρικυμίας.</span> <span class='ocrx_word' id='word_1_574' title='bbox 1714 4782 1788 4841; x_wconf 82' lang='grc' dir='ltr'><strong><em>Ἦ</em></strong></span> 
     </span>
    </p>
   </div>
   <div class='ocr_carea' id='block_1_81' title="bbox 224 4869 1791 4943">
    <p class='ocr_par' dir='ltr' id='par_1_81' title="bbox 224 4869 1791 4943">
     <span class='ocr_line' id='line_1_81' title="bbox 224 4869 1791 4943; baseline 0.006 -22"><span class='ocrx_word' id='word_1_575' title='bbox 224 4870 336 4941; x_wconf 66' lang='grc' dir='ltr'><strong>γὰρ</strong></span> <span class='ocrx_word' id='word_1_576' title='bbox 364 4869 466 4922; x_wconf 68' lang='grc' dir='ltr'>οὐκ</span> <span class='ocrx_word' id='word_1_577' title='bbox 499 4870 661 4930; x_wconf 70' lang='grc' dir='ltr'>αὐτὸς</span> <span class='ocrx_word' id='word_1_578' title='bbox 698 4870 891 4922; x_wconf 73' lang='grc' dir='ltr'>ἑαυτοῦ</span> <span class='ocrx_word' id='word_1_579' title='bbox 932 4886 988 4921; x_wconf 87' lang='grc' dir='ltr'><strong>τε</strong></span> <span class='ocrx_word' id='word_1_580' title='bbox 1030 4871 1121 4921; x_wconf 78' lang='grc' dir='ltr'><strong>καὶ</strong></span> <span class='ocrx_word' id='word_1_581' title='bbox 1172 4872 1265 4923; x_wconf 86' lang='grc' dir='ltr'>τοῦ</span> <span class='ocrx_word' id='word_1_582' title='bbox 1304 4877 1567 4943; x_wconf 77' lang='grc' dir='ltr'>σφετέρου</span> <span class='ocrx_word' id='word_1_583' title='bbox 1602 4876 1791 4933; x_wconf 81' lang='grc' dir='ltr'>θιάσου</span> 
     </span>
    </p>
   </div>
   <div class='ocr_carea' id='block_1_82' title="bbox 225 4962 1794 5032">
    <p class='ocr_par' dir='ltr' id='par_1_82' title="bbox 225 4962 1794 5032">
     <span class='ocr_line' id='line_1_82' title="bbox 225 4962 1794 5032; baseline 0.006 -21"><span class='ocrx_word' id='word_1_584' title='bbox 225 4963 431 5022; x_wconf 76' lang='grc' dir='ltr'>παντὸς</span> <span class='ocrx_word' id='word_1_585' title='bbox 474 4962 736 5029; x_wconf 75' lang='grc' dir='ltr'>ἄντικρυς</span> <span class='ocrx_word' id='word_1_586' title='bbox 782 4965 1197 5032; x_wconf 84' lang='grc' dir='ltr'>καταμαρτυρεῖ</span> <span class='ocrx_word' id='word_1_587' title='bbox 1246 4966 1343 5015; x_wconf 81' lang='grc' dir='ltr'>καὶ</span> <span class='ocrx_word' id='word_1_588' title='bbox 1378 4966 1487 5017; x_wconf 85' lang='grc' dir='ltr'><strong>τῶν</strong></span> <span class='ocrx_word' id='word_1_589' title='bbox 1525 4967 1794 5020; x_wconf 79' lang='grc' dir='ltr'>ἀσεϐειῶν</span> 
     </span>
    </p>
   </div>
   <div class='ocr_carea' id='block_1_83' title="bbox 224 5053 1793 5133">
    <p class='ocr_par' dir='ltr' id='par_1_83' title="bbox 224 5053 1793 5133">
     <span class='ocr_line' id='line_1_83' title="bbox 224 5053 1793 5133; baseline -0.003 -25"><span class='ocrx_word' id='word_1_590' title='bbox 224 5054 623 5124; x_wconf 72' lang='grc' dir='ltr'>ἐπ.ψηφίξεται</span> <span class='ocrx_word' id='word_1_591' title='bbox 649 5053 747 5123; x_wconf 84' lang='grc' dir='ltr'><strong>τὴν</strong></span> <span class='ocrx_word' id='word_1_592' title='bbox 774 5055 1040 5123; x_wconf 85' lang='grc' dir='ltr'>μεγίστην</span> <span class='ocrx_word' id='word_1_593' title='bbox 1065 5073 1079 5119; x_wconf 88' lang='lat'><strong>;</strong></span> <span class='ocrx_word' id='word_1_594' title='bbox 1104 5057 1202 5108; x_wconf 87' lang='grc' dir='ltr'>Ὃν</span> <span class='ocrx_word' id='word_1_595' title='bbox 1232 5057 1340 5126; x_wconf 74' lang='grc' dir='ltr'><strong>γὰρ</strong></span> <span class='ocrx_word' id='word_1_596' title='bbox 1370 5061 1541 5112; x_wconf 81' lang='grc' dir='ltr'>πᾶσαι</span> <span class='ocrx_word' id='word_1_597' title='bbox 1568 5061 1763 5133; x_wconf 72' lang='grc' dir='ltr'>διαρρή</span> <span class='ocrx_word' id='word_1_598' title='bbox 1781 5095 1793 5103; x_wconf 92' lang='grc'><strong>.</strong></span> 
     </span>
    </p>
   </div>
   <div class='ocr_carea' id='block_1_84' title="bbox 222 5146 1791 5223">
    <p class='ocr_par' dir='ltr' id='par_1_84' title="bbox 222 5146 1791 5223">
     <span class='ocr_line' id='line_1_84' title="bbox 222 5146 1791 5223; baseline 0.004 -22"><span class='ocrx_word' id='word_1_599' title='bbox 222 5149 321 5218; x_wconf 75' lang='grc' dir='ltr'><strong>δην</strong></span> <span class='ocrx_word' id='word_1_600' title='bbox 357 5148 593 5216; x_wconf 86' lang='grc' dir='ltr'>τιμῶσιν</span> <span class='ocrx_word' id='word_1_601' title='bbox 648 5146 886 5200; x_wconf 75' lang='grc' dir='ltr'>εὐσεϐῶν</span> <span class='ocrx_word' id='word_1_602' title='bbox 945 5150 1256 5216; x_wconf 78' lang='grc' dir='ltr'>ἐκκλησίαι,</span> <span class='ocrx_word' id='word_1_603' title='bbox 1323 5155 1413 5204; x_wconf 76' lang='grc' dir='ltr'><strong>καὶ</strong></span> <span class='ocrx_word' id='word_1_604' title='bbox 1468 5153 1527 5204; x_wconf 82' lang='grc' dir='ltr'><strong>δν</strong></span> <span class='ocrx_word' id='word_1_605' title='bbox 1558 5154 1791 5223; x_wconf 76' lang='grc' dir='ltr'>ὑμνοῦσι</span> 
     </span>
    </p>
   </div>
   <div class='ocr_carea' id='block_1_85' title="bbox 219 5241 1792 5313">
    <p class='ocr_par' dir='ltr' id='par_1_85' title="bbox 219 5241 1792 5313">
     <span class='ocr_line' id='line_1_85' title="bbox 219 5241 1792 5313; baseline 0.008 -23"><span class='ocrx_word' id='word_1_606' title='bbox 219 5242 584 5311; x_wconf 75' lang='grc' dir='ltr'>λογογράφων</span> <span class='ocrx_word' id='word_1_607' title='bbox 627 5241 713 5293; x_wconf 73' lang='grc' dir='ltr'><strong>καὶ</strong></span> <span class='ocrx_word' id='word_1_608' title='bbox 748 5242 1102 5309; x_wconf 76' lang='grc' dir='ltr'>μουσουργῶν</span> <span class='ocrx_word' id='word_1_609' title='bbox 1138 5244 1299 5296; x_wconf 86' lang='grc' dir='ltr'>ὁσίων</span> <span class='ocrx_word' id='word_1_610' title='bbox 1332 5248 1481 5313; x_wconf 75' lang='grc' dir='ltr'>χοροὶ</span> <span class='ocrx_word' id='word_1_611' title='bbox 1512 5247 1654 5299; x_wconf 74' lang='grc' dir='ltr'>κατὰ</span> <span class='ocrx_word' id='word_1_612' title='bbox 1686 5253 1792 5303; x_wconf 76' lang='grc' dir='ltr'>πᾶ-</span> 
     </span>
    </p>
   </div>
   <div class='ocr_carea' id='block_1_86' title="bbox 221 5323 1793 5400">
    <p class='ocr_par' dir='ltr' id='par_1_86' title="bbox 221 5323 1793 5400">
     <span class='ocr_line' id='line_1_86' title="bbox 221 5323 1793 5400; baseline 0.005 -19"><span class='ocrx_word' id='word_1_613' title='bbox 221 5346 325 5382; x_wconf 86' lang='grc' dir='ltr'><strong>σαν</strong></span> <span class='ocrx_word' id='word_1_614' title='bbox 361 5331 553 5400; x_wconf 89' lang='grc' dir='ltr'>χρόνου</span> <span class='ocrx_word' id='word_1_615' title='bbox 608 5327 877 5396; x_wconf 82' lang='grc' dir='ltr'>περίοδον,</span> <span class='ocrx_word' id='word_1_616' title='bbox 931 5330 1023 5380; x_wconf 77' lang='grc' dir='ltr'><strong>καὶ</strong></span> <span class='ocrx_word' id='word_1_617' title='bbox 1069 5323 1131 5380; x_wconf 73' lang='grc' dir='ltr'>οὗ</span> <span class='ocrx_word' id='word_1_618' title='bbox 1193 5331 1318 5393; x_wconf 80' lang='grc' dir='ltr'>τοὺς</span> <span class='ocrx_word' id='word_1_619' title='bbox 1374 5331 1570 5391; x_wconf 81' lang='grc' dir='ltr'>ἄθλους</span> <span class='ocrx_word' id='word_1_620' title='bbox 1603 5337 1696 5387; x_wconf 77' lang='grc' dir='ltr'>καὶ</span> <span class='ocrx_word' id='word_1_621' title='bbox 1724 5336 1793 5390; x_wconf 80' lang='grc' dir='ltr'>τὰ</span> 
     </span>
    </p>
   </div>
   <div class='ocr_carea' id='block_1_87' title="bbox 219 5420 1790 5493">
    <p class='ocr_par' dir='ltr' id='par_1_87' title="bbox 219 5420 1790 5493">
     <span class='ocr_line' id='line_1_87' title="bbox 219 5420 1790 5493; baseline 0.004 -21"><span class='ocrx_word' id='word_1_622' title='bbox 219 5421 366 5489; x_wconf 82' lang='grc' dir='ltr'><strong>σοφά</strong></span> <span class='ocrx_word' id='word_1_623' title='bbox 399 5421 753 5488; x_wconf 81' lang='grc' dir='ltr'>παλαίσματα</span> <span class='ocrx_word' id='word_1_624' title='bbox 783 5420 868 5472; x_wconf 67' lang='grc' dir='ltr'><strong>διὰ</strong></span> <span class='ocrx_word' id='word_1_625' title='bbox 891 5420 1071 5488; x_wconf 64' lang='grc' dir='ltr'>πάσης</span> <span class='ocrx_word' id='word_1_626' title='bbox 1106 5421 1311 5489; x_wconf 81' lang='grc' dir='ltr'>ὴχῆσαι</span> <span class='ocrx_word' id='word_1_627' title='bbox 1356 5422 1459 5489; x_wconf 76' lang='grc' dir='ltr'>γῆς</span> <span class='ocrx_word' id='word_1_628' title='bbox 1488 5424 1790 5493; x_wconf 77' lang='grc' dir='ltr'>διαγέγονε,</span> 
     </span>
    </p>
   </div>
   <div class='ocr_carea' id='block_1_88' title="bbox 216 5507 1790 5584">
    <p class='ocr_par' dir='ltr' id='par_1_88' title="bbox 216 5507 1790 5584">
     <span class='ocr_line' id='line_1_88' title="bbox 216 5507 1790 5584; baseline 0.008 -22"><span class='ocrx_word' id='word_1_629' title='bbox 216 5514 418 5567; x_wconf 74' lang='grc' dir='ltr'>τοῦτον</span> <span class='ocrx_word' id='word_1_630' title='bbox 448 5507 600 5576; x_wconf 72' lang='grc' dir='ltr'>οὗτος</span> <span class='ocrx_word' id='word_1_631' title='bbox 647 5514 981 5583; x_wconf 77' lang='grc' dir='ltr'>ἰσχυρίζεται</span> <span class='ocrx_word' id='word_1_632' title='bbox 1043 5512 1118 5584; x_wconf 81' lang='grc' dir='ltr'><strong>μὴ</strong></span> <span class='ocrx_word' id='word_1_633' title='bbox 1157 5515 1374 5581; x_wconf 77' lang='grc' dir='ltr'>εἰδέναι,</span> <span class='ocrx_word' id='word_1_634' title='bbox 1424 5517 1537 5569; x_wconf 77' lang='grc' dir='ltr'>ἀλλ’</span> <span class='ocrx_word' id='word_1_635' title='bbox 1564 5519 1645 5580; x_wconf 89' lang='grc' dir='ltr'><strong>είς</strong></span> <span class='ocrx_word' id='word_1_636' title='bbox 1684 5522 1790 5575; x_wconf 85' lang='grc' dir='ltr'>τόδ’</span> 
     </span>
    </p>
   </div>
   <div class='ocr_carea' id='block_1_89' title="bbox 218 5605 1787 5676">
    <p class='ocr_par' dir='ltr' id='par_1_89' title="bbox 218 5605 1787 5676">
     <span class='ocr_line' id='line_1_89' title="bbox 218 5605 1787 5676; baseline 0.008 -23"><span class='ocrx_word' id='word_1_637' title='bbox 218 5605 443 5674; x_wconf 73' lang='grc' dir='ltr'>ἡλικίας</span> <span class='ocrx_word' id='word_1_638' title='bbox 475 5605 817 5657; x_wconf 70' lang='grc' dir='ltr'>παντάπασιν</span> <span class='ocrx_word' id='word_1_639' title='bbox 870 5606 1181 5675; x_wconf 62' lang='grc' dir='ltr'>ἀμφότερον</span> <span class='ocrx_word' id='word_1_640' title='bbox 1236 5608 1531 5676; x_wconf 77' lang='grc' dir='ltr'>διαμεῖναι,</span> <span class='ocrx_word' id='word_1_641' title='bbox 1579 5613 1787 5664; x_wconf 73' lang='grc' dir='ltr'>καὶτυ-</span> 
     </span>
    </p>
   </div>
   <div class='ocr_carea' id='block_1_90' title="bbox 219 5692 1786 5769">
    <p class='ocr_par' dir='ltr' id='par_1_90' title="bbox 219 5692 1786 5769">
     <span class='ocr_line' id='line_1_90' title="bbox 219 5692 1786 5769; baseline 0.006 -26"><span class='ocrx_word' id='word_1_642' title='bbox 219 5693 359 5760; x_wconf 74' lang='grc' dir='ltr'>φλὸς</span> <span class='ocrx_word' id='word_1_643' title='bbox 408 5692 519 5743; x_wconf 91' lang='grc' dir='ltr'><strong>τῶν</strong></span> <span class='ocrx_word' id='word_1_644' title='bbox 574 5695 877 5761; x_wconf 74' lang='grc' dir='ltr'>γινομένων</span> <span class='ocrx_word' id='word_1_645' title='bbox 910 5696 1003 5747; x_wconf 81' lang='grc' dir='ltr'><strong>καὶ</strong></span> <span class='ocrx_word' id='word_1_646' title='bbox 1056 5696 1239 5763; x_wconf 74' lang='grc' dir='ltr'>κωφὸς</span> <span class='ocrx_word' id='word_1_647' title='bbox 1294 5698 1403 5751; x_wconf 89' lang='grc' dir='ltr'><strong>τῶν</strong></span> <span class='ocrx_word' id='word_1_648' title='bbox 1455 5700 1786 5769; x_wconf 75' lang='grc' dir='ltr'>λεγομένων,</span> 
     </span>
    </p>
   </div>
   <div class='ocr_carea' id='block_1_91' title="bbox 218 5780 1788 5855">
    <p class='ocr_par' dir='ltr' id='par_1_91' title="bbox 218 5780 1788 5855">
     <span class='ocr_line' id='line_1_91' title="bbox 218 5780 1788 5855; baseline 0.006 -20"><span class='ocrx_word' id='word_1_649' title='bbox 218 5785 412 5850; x_wconf 70' lang='grc' dir='ltr'>ὅμοιον</span> <span class='ocrx_word' id='word_1_650' title='bbox 447 5780 635 5852; x_wconf 68' lang='grc' dir='ltr'>ὥσπερ</span> <span class='ocrx_word' id='word_1_651' title='bbox 668 5782 731 5836; x_wconf 76' lang='grc' dir='ltr'><strong>ἀν</strong></span> <span class='ocrx_word' id='word_1_652' title='bbox 763 5785 810 5836; x_wconf 89' lang='grc' dir='ltr'><strong>εί</strong></span> <span class='ocrx_word' id='word_1_653' title='bbox 838 5786 929 5837; x_wconf 74' lang='grc' dir='ltr'><strong>καὶ</strong></span> <span class='ocrx_word' id='word_1_654' title='bbox 967 5786 1095 5853; x_wconf 71' lang='grc' dir='ltr'>περὶ</span> <span class='ocrx_word' id='word_1_655' title='bbox 1126 5788 1220 5839; x_wconf 81' lang='grc' dir='ltr'><strong>τοῦ</strong></span> <span class='ocrx_word' id='word_1_656' title='bbox 1256 5791 1603 5855; x_wconf 85' lang='grc' dir='ltr'>παγκοσμίου</span> <span class='ocrx_word' id='word_1_657' title='bbox 1635 5792 1788 5844; x_wconf 80' lang='grc' dir='ltr'>τοῦδε</span> 
     </span>
    </p>
   </div>
   <div class='ocr_carea' id='block_1_92' title="bbox 219 5874 1788 5952">
    <p class='ocr_par' dir='ltr' id='par_1_92' title="bbox 219 5874 1788 5952">
     <span class='ocr_line' id='line_1_92' title="bbox 219 5874 1788 5952; baseline 0.006 -25"><span class='ocrx_word' id='word_1_658' title='bbox 219 5876 427 5942; x_wconf 60' lang='grc' dir='ltr'>φωτὶς,</span> <span class='ocrx_word' id='word_1_659' title='bbox 484 5874 583 5943; x_wconf 76' lang='grc' dir='ltr'>τῆς</span> <span class='ocrx_word' id='word_1_660' title='bbox 650 5876 881 5947; x_wconf 72' lang='grc' dir='ltr'>ἡλιακῆς</span> <span class='ocrx_word' id='word_1_661' title='bbox 939 5880 1155 5951; x_wconf 71' lang='grc' dir='ltr'>ἐκείνης</span> <span class='ocrx_word' id='word_1_662' title='bbox 1210 5880 1511 5950; x_wconf 68' lang='grc' dir='ltr'>λαμπάδος,</span> <span class='ocrx_word' id='word_1_663' title='bbox 1576 5887 1788 5952; x_wconf 71' lang='grc' dir='ltr'>ἀγνοεῖν</span> 
     </span>
    </p>
   </div>
   <div class='ocr_carea' id='block_1_93' title="bbox 1905 3311 3464 3375">
    <p class='ocr_par' dir='ltr' id='par_1_93' title="bbox 1905 3311 3464 3375">
     <span class='ocr_line' id='line_1_93' title="bbox 1905 3311 3464 3375; baseline 0.007 -11"><span class='ocrx_word' id='word_1_664' title='bbox 1905 3311 2193 3367; x_wconf 87' lang='lat' dir='ltr'><strong>meliarum</strong></span> <span class='ocrx_word' id='word_1_665' title='bbox 2220 3327 2249 3366; x_wconf 87' lang='lat' dir='ltr'><strong>a</strong></span> <span class='ocrx_word' id='word_1_666' title='bbox 2282 3321 2333 3369; x_wconf 86' lang='lat' dir='ltr'><strong>te</strong></span> <span class='ocrx_word' id='word_1_667' title='bbox 2364 3313 2721 3369; x_wconf 82' lang='lat' dir='ltr'><strong>eonﬁctarum</strong></span> <span class='ocrx_word' id='word_1_668' title='bbox 2751 3324 2807 3370; x_wconf 89' lang='lat' dir='ltr'><strong>et</strong></span> <span class='ocrx_word' id='word_1_669' title='bbox 2852 3330 2977 3371; x_wconf 90' lang='lat' dir='ltr'><strong>sero</strong></span> <span class='ocrx_word' id='word_1_670' title='bbox 3036 3328 3216 3373; x_wconf 87' lang='lat' dir='ltr'><strong>tamen</strong></span> <span class='ocrx_word' id='word_1_671' title='bbox 3264 3318 3464 3375; x_wconf 71' lang='lat' dir='ltr'><strong>fruszra</strong></span> 
     </span>
    </p>
   </div>
   <div class='ocr_carea' id='block_1_94' title="bbox 1900 3403 3467 3480">
    <p class='ocr_par' dir='ltr' id='par_1_94' title="bbox 1900 3403 3467 3480">
     <span class='ocr_line' id='line_1_94' title="bbox 1900 3403 3467 3480; baseline 0.007 -25"><span class='ocrx_word' id='word_1_672' title='bbox 1900 3403 2379 3472; x_wconf 82' lang='lat' dir='ltr'><strong>excogitatarum?</strong></span> <span class='ocrx_word' id='word_1_673' title='bbox 2431 3407 2561 3475; x_wconf 87' lang='lat' dir='ltr'><strong>quid</strong></span> <span class='ocrx_word' id='word_1_674' title='bbox 2620 3407 2673 3460; x_wconf 93' lang='lat' dir='ltr'><strong>in</strong></span> <span class='ocrx_word' id='word_1_675' title='bbox 2737 3417 2955 3461; x_wconf 87' lang='lat' dir='ltr'><strong>sanctos</strong></span> <span class='ocrx_word' id='word_1_676' title='bbox 3010 3409 3197 3464; x_wconf 88' lang='lat' dir='ltr'><strong>Patres</strong></span> <span class='ocrx_word' id='word_1_677' title='bbox 3250 3426 3467 3480; x_wconf 84' lang='lat' dir='ltr'><strong>semper</strong></span> 
     </span>
    </p>
   </div>
   <div class='ocr_carea' id='block_1_95' title="bbox 1900 3495 3467 3566">
    <p class='ocr_par' dir='ltr' id='par_1_95' title="bbox 1900 3495 3467 3566">
     <span class='ocr_line' id='line_1_95' title="bbox 1900 3495 3467 3566; baseline 0.007 -19"><span class='ocrx_word' id='word_1_678' title='bbox 1900 3495 2035 3549; x_wconf 85' lang='lat' dir='ltr'><strong>facis</strong></span> <span class='ocrx_word' id='word_1_679' title='bbox 2073 3496 2254 3551; x_wconf 87' lang='lat' dir='ltr'><strong>foveas</strong></span> <span class='ocrx_word' id='word_1_680' title='bbox 2303 3513 2422 3566; x_wconf 71' lang='lat' dir='ltr'><strong>qua:</strong></span> <span class='ocrx_word' id='word_1_681' title='bbox 2457 3499 2573 3552; x_wconf 91' lang='lat' dir='ltr'><strong>solo</strong></span> <span class='ocrx_word' id='word_1_682' title='bbox 2619 3508 2713 3552; x_wconf 93' lang='lat' dir='ltr'><strong>tuo</strong></span> <span class='ocrx_word' id='word_1_683' title='bbox 2743 3500 2973 3555; x_wconf 90' lang='lat' dir='ltr'><strong>consilio</strong></span> <span class='ocrx_word' id='word_1_684' title='bbox 3004 3500 3328 3556; x_wconf 81' lang='lat' dir='ltr'><strong>fodiuntur?</strong></span> <span class='ocrx_word' id='word_1_685' title='bbox 3352 3501 3467 3558; x_wconf 87' lang='lat' dir='ltr'><strong>Cur</strong></span> 
     </span>
    </p>
   </div>
   <div class='ocr_carea' id='block_1_96' title="bbox 1900 3589 3465 3665">
    <p class='ocr_par' dir='ltr' id='par_1_96' title="bbox 1900 3589 3465 3665">
     <span class='ocr_line' id='line_1_96' title="bbox 1900 3589 3465 3665; baseline 0.006 -26"><span class='ocrx_word' id='word_1_686' title='bbox 1900 3602 1965 3639; x_wconf 79' lang='lat' dir='ltr'><strong>ex</strong></span> <span class='ocrx_word' id='word_1_687' title='bbox 2000 3596 2240 3655; x_wconf 87' lang='lat' dir='ltr'><strong>tempore</strong></span> <span class='ocrx_word' id='word_1_688' title='bbox 2268 3589 2319 3641; x_wconf 91' lang='lat' dir='ltr'><strong>in</strong></span> <span class='ocrx_word' id='word_1_689' title='bbox 2354 3590 2599 3644; x_wconf 86' lang='lat' dir='ltr'><strong>divinqu</strong></span> <span class='ocrx_word' id='word_1_690' title='bbox 2644 3591 2855 3646; x_wconf 85' lang='lat' dir='ltr'><strong>Patrem</strong></span> <span class='ocrx_word' id='word_1_691' title='bbox 2885 3592 3035 3647; x_wconf 90' lang='lat' dir='ltr'><strong>illum</strong></span> <span class='ocrx_word' id='word_1_692' title='bbox 3079 3602 3126 3648; x_wconf 89' lang='lat' dir='ltr'><strong>et</strong></span> <span class='ocrx_word' id='word_1_693' title='bbox 3168 3605 3465 3665; x_wconf 64' lang='lat' dir='ltr'><strong>pracepto-</strong></span> 
     </span>
    </p>
   </div>
   <div class='ocr_carea' id='block_1_97' title="bbox 1902 3680 3463 3747">
    <p class='ocr_par' dir='ltr' id='par_1_97' title="bbox 1902 3680 3463 3747">
     <span class='ocr_line' id='line_1_97' title="bbox 1902 3680 3463 3747; baseline 0.007 -18"><span class='ocrx_word' id='word_1_694' title='bbox 1902 3693 2013 3731; x_wconf 85' lang='lat' dir='ltr'><strong>retn</strong></span> <span class='ocrx_word' id='word_1_695' title='bbox 2040 3680 2527 3747; x_wconf 84' lang='lat' dir='ltr'><strong>sapientissimum,</strong></span> <span class='ocrx_word' id='word_1_696' title='bbox 2568 3698 2769 3736; x_wconf 89' lang='lat' dir='ltr'><strong>novum</strong></span> <span class='ocrx_word' id='word_1_697' title='bbox 2818 3684 3044 3738; x_wconf 80' lang='lat' dir='ltr'><strong>exhibes</strong></span> <span class='ocrx_word' id='word_1_698' title='bbox 3074 3685 3463 3740; x_wconf 82' lang='lat' dir='ltr'><strong>Archilochum</strong></span> 
     </span>
    </p>
   </div>
   <div class='ocr_carea' id='block_1_98' title="bbox 1900 3768 3461 3844">
    <p class='ocr_par' dir='ltr' id='par_1_98' title="bbox 1900 3768 3461 3844">
     <span class='ocr_line' id='line_1_98' title="bbox 1900 3768 3461 3844; baseline 0.007 -25"><span class='ocrx_word' id='word_1_699' title='bbox 1900 3768 1984 3820; x_wconf 92' lang='lat' dir='ltr'><strong>vel</strong></span> <span class='ocrx_word' id='word_1_700' title='bbox 2014 3769 2193 3835; x_wconf 91' lang='lat' dir='ltr'><strong>potius</strong></span> <span class='ocrx_word' id='word_1_701' title='bbox 2218 3770 2529 3824; x_wconf 85' lang='lat' dir='ltr'><strong>Archilochi</strong></span> <span class='ocrx_word' id='word_1_702' title='bbox 2559 3772 2771 3826; x_wconf 88' lang='lat' dir='ltr'><strong>simiam</strong></span> <span class='ocrx_word' id='word_1_703' title='bbox 2797 3789 2811 3838; x_wconf 91' lang='lat'><strong>;</strong></span> <span class='ocrx_word' id='word_1_704' title='bbox 2838 3774 2928 3843; x_wconf 91' lang='lat' dir='ltr'><strong>qui</strong></span> <span class='ocrx_word' id='word_1_705' title='bbox 2958 3773 3118 3844; x_wconf 78' lang='lat'><strong>383</strong></span> <span class='ocrx_word' id='word_1_706' title='bbox 3141 3777 3461 3844; x_wconf 89' lang='lat' dir='ltr'><strong>priusquam</strong></span> 
     </span>
    </p>
   </div>
   <div class='ocr_carea' id='block_1_99' title="bbox 1900 3860 3466 3936">
    <p class='ocr_par' dir='ltr' id='par_1_99' title="bbox 1900 3860 3466 3936">
     <span class='ocr_line' id='line_1_99' title="bbox 1900 3860 3466 3936; baseline 0.007 -25"><span class='ocrx_word' id='word_1_707' title='bbox 1900 3860 2029 3927; x_wconf 88' lang='lat' dir='ltr'><strong>quid</strong></span> <span class='ocrx_word' id='word_1_708' title='bbox 2081 3860 2336 3916; x_wconf 90' lang='lat' dir='ltr'><strong>didicerit</strong></span> <span class='ocrx_word' id='word_1_709' title='bbox 2370 3863 2486 3916; x_wconf 88' lang='lat' dir='ltr'><strong>sine</strong></span> <span class='ocrx_word' id='word_1_710' title='bbox 2518 3864 2703 3919; x_wconf 86' lang='lat' dir='ltr'><strong>labore</strong></span> <span class='ocrx_word' id='word_1_711' title='bbox 2736 3866 2994 3935; x_wconf 83' lang='lat' dir='ltr'><strong>Opinatur</strong></span> <span class='ocrx_word' id='word_1_712' title='bbox 3032 3868 3356 3936; x_wconf 87' lang='lat' dir='ltr'><strong>adepturum</strong></span> <span class='ocrx_word' id='word_1_713' title='bbox 3408 3885 3466 3925; x_wconf 80' lang='lat' dir='ltr'><strong>Sc</strong></span> 
     </span>
    </p>
   </div>
   <div class='ocr_carea' id='block_1_100' title="bbox 1899 3951 3464 4027">
    <p class='ocr_par' dir='ltr' id='par_1_100' title="bbox 1899 3951 3464 4027">
     <span class='ocr_line' id='line_1_100' title="bbox 1899 3951 3464 4027; baseline 0.009 -25"><span class='ocrx_word' id='word_1_714' title='bbox 1899 3951 2181 4019; x_wconf 63' lang='lat' dir='ltr'><strong>sapientiae</strong></span> <span class='ocrx_word' id='word_1_715' title='bbox 2217 3952 2436 4008; x_wconf 85' lang='lat' dir='ltr'><strong>llesiodi</strong></span> <span class='ocrx_word' id='word_1_716' title='bbox 2471 3957 2737 4021; x_wconf 86' lang='lat' dir='ltr'><strong>lauream,</strong></span> <span class='ocrx_word' id='word_1_717' title='bbox 2760 3968 2815 4012; x_wconf 91' lang='lat' dir='ltr'><strong>et</strong></span> <span class='ocrx_word' id='word_1_718' title='bbox 2848 3973 2948 4027; x_wconf 93' lang='lat' dir='ltr'><strong>pro</strong></span> <span class='ocrx_word' id='word_1_719' title='bbox 3005 3960 3136 4013; x_wconf 67' lang='lat' dir='ltr'><strong>solis</strong></span> <span class='ocrx_word' id='word_1_720' title='bbox 3164 3960 3305 4015; x_wconf 89' lang='lat' dir='ltr'><strong>votis</strong></span> <span class='ocrx_word' id='word_1_721' title='bbox 3349 3962 3464 4016; x_wconf 85' lang='lat' dir='ltr'><strong>suis</strong></span> 
     </span>
    </p>
   </div>
   <div class='ocr_carea' id='block_1_101' title="bbox 1898 4041 3461 4122">
    <p class='ocr_par' dir='ltr' id='par_1_101' title="bbox 1898 4041 3461 4122">
     <span class='ocr_line' id='line_1_101' title="bbox 1898 4041 3461 4122; baseline 0.007 -26"><span class='ocrx_word' id='word_1_722' title='bbox 1898 4041 2136 4097; x_wconf 88' lang='lat' dir='ltr'><strong>delatum</strong></span> <span class='ocrx_word' id='word_1_723' title='bbox 2188 4045 2253 4098; x_wconf 91' lang='lat' dir='ltr'><strong>iri</strong></span> <span class='ocrx_word' id='word_1_724' title='bbox 2293 4049 2610 4102; x_wconf 87' lang='lat' dir='ltr'><strong>certaminis</strong></span> <span class='ocrx_word' id='word_1_725' title='bbox 2661 4050 2951 4119; x_wconf 82' lang='lat' dir='ltr'><strong>dogmatiei</strong></span> <span class='ocrx_word' id='word_1_726' title='bbox 3002 4051 3104 4105; x_wconf 89' lang='lat' dir='ltr'><strong>sibi</strong></span> <span class='ocrx_word' id='word_1_727' title='bbox 3160 4056 3461 4122; x_wconf 65' lang='lat' dir='ltr'><strong>prmmium.</strong></span> 
     </span>
    </p>
   </div>
   <div class='ocr_carea' id='block_1_102' title="bbox 1898 4133 3466 4209">
    <p class='ocr_par' dir='ltr' id='par_1_102' title="bbox 1898 4133 3466 4209">
     <span class='ocr_line' id='line_1_102' title="bbox 1898 4133 3466 4209; baseline 0.008 -22"><span class='ocrx_word' id='word_1_728' title='bbox 1898 4133 2097 4189; x_wconf 83' lang='lat' dir='ltr'><strong>Annon</strong></span> <span class='ocrx_word' id='word_1_729' title='bbox 2128 4137 2383 4193; x_wconf 85' lang='lat' dir='ltr'><strong>audivisti</strong></span> <span class='ocrx_word' id='word_1_730' title='bbox 2411 4154 2530 4209; x_wconf 73' lang='lat' dir='ltr'><strong>quae</strong></span> <span class='ocrx_word' id='word_1_731' title='bbox 2580 4140 2633 4193; x_wconf 90' lang='lat' dir='ltr'><strong>in</strong></span> <span class='ocrx_word' id='word_1_732' title='bbox 2667 4150 2716 4193; x_wconf 90' lang='lat' dir='ltr'><strong>te</strong></span> <span class='ocrx_word' id='word_1_733' title='bbox 2766 4142 3094 4197; x_wconf 85' lang='lat' dir='ltr'><strong>miserabilis</strong></span> <span class='ocrx_word' id='word_1_734' title='bbox 3126 4153 3181 4198; x_wconf 89' lang='lat' dir='ltr'><strong>et</strong></span> <span class='ocrx_word' id='word_1_735' title='bbox 3221 4144 3466 4200; x_wconf 79' lang='lat' dir='ltr'><strong>furiosus</strong></span> 
     </span>
    </p>
   </div>
   <div class='ocr_carea' id='block_1_103' title="bbox 1899 4226 3466 4296">
    <p class='ocr_par' dir='ltr' id='par_1_103' title="bbox 1899 4226 3466 4296">
     <span class='ocr_line' id='line_1_103' title="bbox 1899 4226 3466 4296; baseline 0.006 -17"><span class='ocrx_word' id='word_1_736' title='bbox 1899 4226 2265 4283; x_wconf 87' lang='lat' dir='ltr'><strong>homunculus</strong></span> <span class='ocrx_word' id='word_1_737' title='bbox 2316 4230 2417 4283; x_wconf 89' lang='lat' dir='ltr'><strong>iste</strong></span> <span class='ocrx_word' id='word_1_738' title='bbox 2460 4231 2809 4284; x_wconf 88' lang='lat' dir='ltr'><strong>evomuerit?</strong></span> <span class='ocrx_word' id='word_1_739' title='bbox 2840 4230 3005 4296; x_wconf 89' lang='lat' dir='ltr'><strong>Quid,</strong></span> <span class='ocrx_word' id='word_1_740' title='bbox 3055 4248 3163 4286; x_wconf 92' lang='lat' dir='ltr'><strong>non</strong></span> <span class='ocrx_word' id='word_1_741' title='bbox 3203 4234 3466 4289; x_wconf 78' lang='lat' dir='ltr'><strong>abhorre—</strong></span> 
     </span>
    </p>
   </div>
   <div class='ocr_carea' id='block_1_104' title="bbox 1898 4318 3462 4381">
    <p class='ocr_par' dir='ltr' id='par_1_104' title="bbox 1898 4318 3462 4381">
     <span class='ocr_line' id='line_1_104' title="bbox 1898 4318 3462 4381; baseline 0.005 -8"><span class='ocrx_word' id='word_1_742' title='bbox 1898 4318 2029 4373; x_wconf 89' lang='lat' dir='ltr'><strong>bant</strong></span> <span class='ocrx_word' id='word_1_743' title='bbox 2063 4320 2179 4374; x_wconf 80' lang='lat' dir='ltr'><strong>haec</strong></span> <span class='ocrx_word' id='word_1_744' title='bbox 2206 4328 2275 4375; x_wconf 87' lang='lat' dir='ltr'><strong>ab</strong></span> <span class='ocrx_word' id='word_1_745' title='bbox 2299 4322 2525 4376; x_wconf 85' lang='lat' dir='ltr'><strong>auribus</strong></span> <span class='ocrx_word' id='word_1_746' title='bbox 2551 4332 2607 4375; x_wconf 91' lang='lat' dir='ltr'><strong>et</strong></span> <span class='ocrx_word' id='word_1_747' title='bbox 2642 4323 2822 4376; x_wconf 81' lang='lat' dir='ltr'><strong>verbis</strong></span> <span class='ocrx_word' id='word_1_748' title='bbox 2855 4325 2961 4377; x_wconf 84' lang='lat' dir='ltr'><strong>tuis</strong></span> <span class='ocrx_word' id='word_1_749' title='bbox 3012 4339 3077 4378; x_wconf 91' lang='lat' dir='ltr'><strong>ae</strong></span> <span class='ocrx_word' id='word_1_750' title='bbox 3113 4327 3336 4379; x_wconf 90' lang='lat' dir='ltr'><strong>mente?</strong></span> <span class='ocrx_word' id='word_1_751' title='bbox 3365 4326 3462 4381; x_wconf 84' lang='lat' dir='ltr'><strong>Lo-</strong></span> 
     </span>
    </p>
   </div>
   <div class='ocr_carea' id='block_1_105' title="bbox 1897 4412 3462 4482">
    <p class='ocr_par' dir='ltr' id='par_1_105' title="bbox 1897 4412 3462 4482">
     <span class='ocr_line' id='line_1_105' title="bbox 1897 4412 3462 4482; baseline 0.005 -19"><span class='ocrx_word' id='word_1_752' title='bbox 1897 4426 2067 4479; x_wconf 90' lang='lat' dir='ltr'><strong>quere</strong></span> <span class='ocrx_word' id='word_1_753' title='bbox 2098 4412 2163 4465; x_wconf 88' lang='lat' dir='ltr'><strong>ad</strong></span> <span class='ocrx_word' id='word_1_754' title='bbox 2208 4412 2320 4466; x_wconf 73' lang='lat' dir='ltr'><strong>hac</strong></span> <span class='ocrx_word' id='word_1_755' title='bbox 2381 4421 2440 4465; x_wconf 89' lang='lat' dir='ltr'><strong>ut</strong></span> <span class='ocrx_word' id='word_1_756' title='bbox 2490 4428 2884 4482; x_wconf 81' lang='lat' dir='ltr'><strong>cognoscamus</strong></span> <span class='ocrx_word' id='word_1_757' title='bbox 2940 4430 3005 4467; x_wconf 89' lang='lat' dir='ltr'><strong>an</strong></span> <span class='ocrx_word' id='word_1_758' title='bbox 3059 4417 3302 4470; x_wconf 84' lang='lat' dir='ltr'><strong>eamdem</strong></span> <span class='ocrx_word' id='word_1_759' title='bbox 3350 4419 3462 4471; x_wconf 90' lang='lat' dir='ltr'><strong>alas</strong></span> 
     </span>
    </p>
   </div>
   <div class='ocr_carea' id='block_1_106' title="bbox 1899 4504 3464 4571">
    <p class='ocr_par' dir='ltr' id='par_1_106' title="bbox 1899 4504 3464 4571">
     <span class='ocr_line' id='line_1_106' title="bbox 1899 4504 3464 4571; baseline 0.004 -15"><span class='ocrx_word' id='word_1_760' title='bbox 1899 4504 2088 4557; x_wconf 90' lang='lat' dir='ltr'><strong>saltem</strong></span> <span class='ocrx_word' id='word_1_761' title='bbox 2109 4504 2160 4556; x_wconf 89' lang='lat' dir='ltr'><strong>in</strong></span> <span class='ocrx_word' id='word_1_762' title='bbox 2187 4505 2271 4557; x_wconf 91' lang='lat' dir='ltr'><strong>his</strong></span> <span class='ocrx_word' id='word_1_763' title='bbox 2292 4505 2407 4571; x_wconf 86' lang='lat' dir='ltr'><strong>ipse</strong></span> <span class='ocrx_word' id='word_1_764' title='bbox 2426 4506 2823 4559; x_wconf 77' lang='lat' dir='ltr'><strong>mentem.l\&#39;am</strong></span> <span class='ocrx_word' id='word_1_765' title='bbox 2847 4506 3120 4560; x_wconf 86' lang='lat' dir='ltr'><strong>silentium</strong></span> <span class='ocrx_word' id='word_1_766' title='bbox 3140 4517 3289 4562; x_wconf 90' lang='lat' dir='ltr'><strong>tuum</strong></span> <span class='ocrx_word' id='word_1_767' title='bbox 3312 4511 3464 4563; x_wconf 76' lang='lat' dir='ltr'><strong>mala:</strong></span> 
     </span>
    </p>
   </div>
   <div class='ocr_carea' id='block_1_107' title="bbox 1902 4593 3465 4663">
    <p class='ocr_par' dir='ltr' id='par_1_107' title="bbox 1902 4593 3465 4663">
     <span class='ocr_line' id='line_1_107' title="bbox 1902 4593 3465 4663; baseline 0.006 -19"><span class='ocrx_word' id='word_1_768' title='bbox 1902 4593 2251 4647; x_wconf 78' lang='lat' dir='ltr'><strong>conscientize</strong></span> <span class='ocrx_word' id='word_1_769' title='bbox 2306 4595 2675 4663; x_wconf 77' lang='lat' dir='ltr'><strong>suspicionem</strong></span> <span class='ocrx_word' id='word_1_770' title='bbox 2714 4603 2896 4647; x_wconf 90' lang='lat' dir='ltr'><strong>movet</strong></span> <span class='ocrx_word' id='word_1_771' title='bbox 2919 4605 2974 4647; x_wconf 89' lang='lat' dir='ltr'><strong>et</strong></span> <span class='ocrx_word' id='word_1_772' title='bbox 3004 4597 3204 4650; x_wconf 92' lang='lat' dir='ltr'><strong>multos</strong></span> <span class='ocrx_word' id='word_1_773' title='bbox 3272 4614 3465 4653; x_wconf 88' lang='lat' dir='ltr'><strong>vereor</strong></span> 
     </span>
    </p>
   </div>
   <div class='ocr_carea' id='block_1_108' title="bbox 1904 4682 3462 4752">
    <p class='ocr_par' dir='ltr' id='par_1_108' title="bbox 1904 4682 3462 4752">
     <span class='ocr_line' id='line_1_108' title="bbox 1904 4682 3462 4752; baseline 0.007 -18"><span class='ocrx_word' id='word_1_774' title='bbox 1904 4697 1971 4735; x_wconf 91' lang='lat' dir='ltr'><strong>ne</strong></span> <span class='ocrx_word' id='word_1_775' title='bbox 1998 4682 2051 4736; x_wconf 90' lang='lat' dir='ltr'><strong>in</strong></span> <span class='ocrx_word' id='word_1_776' title='bbox 2081 4690 2131 4735; x_wconf 88' lang='lat' dir='ltr'><strong>te</strong></span> <span class='ocrx_word' id='word_1_777' title='bbox 2157 4683 2550 4738; x_wconf 72' lang='lat' dir='ltr'><strong>maledicentia:</strong></span> <span class='ocrx_word' id='word_1_778' title='bbox 2597 4684 2797 4738; x_wconf 87' lang='lat' dir='ltr'><strong>fluetus</strong></span> <span class='ocrx_word' id='word_1_779' title='bbox 2825 4687 3047 4739; x_wconf 80' lang='lat' dir='ltr'><strong>excitet.</strong></span> <span class='ocrx_word' id='word_1_780' title='bbox 3073 4686 3239 4752; x_wconf 87' lang='lat' dir='ltr'><strong>Quid?</strong></span> <span class='ocrx_word' id='word_1_781' title='bbox 3280 4706 3462 4745; x_wconf 89' lang='lat' dir='ltr'><strong>nonne</strong></span> 
     </span>
    </p>
   </div>
   <div class='ocr_carea' id='block_1_109' title="bbox 1904 4773 3457 4843">
    <p class='ocr_par' dir='ltr' id='par_1_109' title="bbox 1904 4773 3457 4843">
     <span class='ocr_line' id='line_1_109' title="bbox 1904 4773 3457 4843; baseline 0.006 -17"><span class='ocrx_word' id='word_1_782' title='bbox 1904 4773 2080 4841; x_wconf 86' lang='lat' dir='ltr'><strong>palam</strong></span> <span class='ocrx_word' id='word_1_783' title='bbox 2133 4775 2235 4828; x_wconf 87' lang='lat' dir='ltr'><strong>iste</strong></span> <span class='ocrx_word' id='word_1_784' title='bbox 2290 4775 2463 4843; x_wconf 88' lang='lat' dir='ltr'><strong>ipsius</strong></span> <span class='ocrx_word' id='word_1_785' title='bbox 2507 4784 2562 4830; x_wconf 91' lang='lat' dir='ltr'><strong>et</strong></span> <span class='ocrx_word' id='word_1_786' title='bbox 2616 4791 2840 4829; x_wconf 87' lang='lat' dir='ltr'><strong>suorum</strong></span> <span class='ocrx_word' id='word_1_787' title='bbox 2903 4778 3110 4830; x_wconf 85' lang='lat' dir='ltr'><strong>cultum</strong></span> <span class='ocrx_word' id='word_1_788' title='bbox 3163 4780 3457 4835; x_wconf 90' lang='lat' dir='ltr'><strong>fanaticum</strong></span> 
     </span>
    </p>
   </div>
   <div class='ocr_carea' id='block_1_110' title="bbox 1903 4863 3459 4932">
    <p class='ocr_par' dir='ltr' id='par_1_110' title="bbox 1903 4863 3459 4932">
     <span class='ocr_line' id='line_1_110' title="bbox 1903 4863 3459 4932; baseline 0.003 -15"><span class='ocrx_word' id='word_1_789' title='bbox 1903 4863 2168 4917; x_wconf 82' lang='lat' dir='ltr'><strong>adversus</strong></span> <span class='ocrx_word' id='word_1_790' title='bbox 2228 4880 2327 4917; x_wconf 91' lang='lat' dir='ltr'><strong>nos</strong></span> <span class='ocrx_word' id='word_1_791' title='bbox 2390 4874 2620 4918; x_wconf 84' lang='lat' dir='ltr'><strong>testatur</strong></span> <span class='ocrx_word' id='word_1_792' title='bbox 2680 4876 2736 4919; x_wconf 86' lang='lat' dir='ltr'><strong>et</strong></span> <span class='ocrx_word' id='word_1_793' title='bbox 2778 4865 3111 4932; x_wconf 85' lang='lat' dir='ltr'><strong>impietatem</strong></span> <span class='ocrx_word' id='word_1_794' title='bbox 3163 4870 3459 4922; x_wconf 80' lang='lat' dir='ltr'><strong>maximam</strong></span> 
     </span>
    </p>
   </div>
   <div class='ocr_carea' id='block_1_111' title="bbox 1902 4953 3455 5023">
    <p class='ocr_par' dir='ltr' id='par_1_111' title="bbox 1902 4953 3455 5023">
     <span class='ocr_line' id='line_1_111' title="bbox 1902 4953 3455 5023; baseline 0.003 -16"><span class='ocrx_word' id='word_1_795' title='bbox 1902 4953 2233 5023; x_wconf 82' lang='lat' dir='ltr'><strong>proﬁtetur?</strong></span> <span class='ocrx_word' id='word_1_796' title='bbox 2262 4954 2394 5007; x_wconf 85' lang='lat' dir='ltr'><strong>Nam</strong></span> <span class='ocrx_word' id='word_1_797' title='bbox 2428 4969 2589 5023; x_wconf 88' lang='lat' dir='ltr'><strong>quem</strong></span> <span class='ocrx_word' id='word_1_798' title='bbox 2620 4970 2809 5009; x_wconf 90' lang='lat' dir='ltr'><strong>omnes</strong></span> <span class='ocrx_word' id='word_1_799' title='bbox 2841 4955 2983 5008; x_wconf 89' lang='lat' dir='ltr'><strong>clara</strong></span> <span class='ocrx_word' id='word_1_800' title='bbox 3016 4971 3149 5010; x_wconf 90' lang='lat' dir='ltr'><strong>voce</strong></span> <span class='ocrx_word' id='word_1_801' title='bbox 3196 4961 3455 5012; x_wconf 86' lang='lat' dir='ltr'><strong>honorant</strong></span> 
     </span>
    </p>
   </div>
   <div class='ocr_carea' id='block_1_112' title="bbox 1902 5047 3459 5120">
    <p class='ocr_par' dir='ltr' id='par_1_112' title="bbox 1902 5047 3459 5120">
     <span class='ocr_line' id='line_1_112' title="bbox 1902 5047 3459 5120; baseline 0.003 -18"><span class='ocrx_word' id='word_1_802' title='bbox 1902 5049 2117 5117; x_wconf 90' lang='lat' dir='ltr'><strong>piorum</strong></span> <span class='ocrx_word' id='word_1_803' title='bbox 2142 5048 2337 5119; x_wconf 86' lang='lat' dir='ltr'><strong>synodi</strong></span> <span class='ocrx_word' id='word_1_804' title='bbox 2379 5056 2435 5100; x_wconf 89' lang='lat' dir='ltr'><strong>et</strong></span> <span class='ocrx_word' id='word_1_805' title='bbox 2486 5047 2764 5101; x_wconf 87' lang='lat' dir='ltr'><strong>celebrant</strong></span> <span class='ocrx_word' id='word_1_806' title='bbox 2793 5048 3124 5116; x_wconf 89' lang='lat' dir='ltr'><strong>scriptorum</strong></span> <span class='ocrx_word' id='word_1_807' title='bbox 3158 5061 3213 5103; x_wconf 92' lang='lat' dir='ltr'><strong>et</strong></span> <span class='ocrx_word' id='word_1_808' title='bbox 3244 5054 3459 5120; x_wconf 91' lang='lat' dir='ltr'><strong>piorum</strong></span> 
     </span>
    </p>
   </div>
   <div class='ocr_carea' id='block_1_113' title="bbox 1899 5140 3463 5211">
    <p class='ocr_par' dir='ltr' id='par_1_113' title="bbox 1899 5140 3463 5211">
     <span class='ocr_line' id='line_1_113' title="bbox 1899 5140 3463 5211; baseline 0.003 -15"><span class='ocrx_word' id='word_1_809' title='bbox 1899 5141 2188 5196; x_wconf 80' lang='lat' dir='ltr'><strong>’doctorum</strong></span> <span class='ocrx_word' id='word_1_810' title='bbox 2218 5140 2371 5206; x_wconf 73' lang='lat' dir='ltr'><strong>chori</strong></span> <span class='ocrx_word' id='word_1_811' title='bbox 2425 5155 2522 5209; x_wconf 90' lang='lat' dir='ltr'><strong>per</strong></span> <span class='ocrx_word' id='word_1_812' title='bbox 2562 5155 2723 5194; x_wconf 88' lang='lat' dir='ltr'><strong>omne</strong></span> <span class='ocrx_word' id='word_1_813' title='bbox 2756 5142 2989 5209; x_wconf 81' lang='lat' dir='ltr'><strong>tempus,</strong></span> <span class='ocrx_word' id='word_1_814' title='bbox 3025 5151 3081 5195; x_wconf 89' lang='lat' dir='ltr'><strong>et</strong></span> <span class='ocrx_word' id='word_1_815' title='bbox 3123 5143 3282 5211; x_wconf 79' lang='lat' dir='ltr'><strong>cujus</strong></span> <span class='ocrx_word' id='word_1_816' title='bbox 3309 5145 3463 5200; x_wconf 81' lang='lat' dir='ltr'><strong>labo-</strong></span> 
     </span>
    </p>
   </div>
   <div class='ocr_carea' id='block_1_114' title="bbox 1904 5233 3461 5303">
    <p class='ocr_par' dir='ltr' id='par_1_114' title="bbox 1904 5233 3461 5303">
     <span class='ocr_line' id='line_1_114' title="bbox 1904 5233 3461 5303; baseline 0.002 -14"><span class='ocrx_word' id='word_1_817' title='bbox 1904 5252 1992 5289; x_wconf 89' lang='lat' dir='ltr'><strong>res</strong></span> <span class='ocrx_word' id='word_1_818' title='bbox 2021 5244 2075 5287; x_wconf 86' lang='lat' dir='ltr'><strong>et</strong></span> <span class='ocrx_word' id='word_1_819' title='bbox 2101 5235 2359 5303; x_wconf 66' lang='lat' dir='ltr'><strong>praeclara</strong></span> <span class='ocrx_word' id='word_1_820' title='bbox 2391 5233 2685 5287; x_wconf 87' lang='lat' dir='ltr'><strong>certamina</strong></span> <span class='ocrx_word' id='word_1_821' title='bbox 2716 5249 2814 5301; x_wconf 89' lang='lat' dir='ltr'><strong>per</strong></span> <span class='ocrx_word' id='word_1_822' title='bbox 2859 5248 3078 5287; x_wconf 88' lang='lat' dir='ltr'><strong>omnem</strong></span> <span class='ocrx_word' id='word_1_823' title='bbox 3125 5245 3324 5289; x_wconf 91' lang='lat' dir='ltr'><strong>terram</strong></span> <span class='ocrx_word' id='word_1_824' title='bbox 3376 5240 3461 5292; x_wconf 92' lang='lat' dir='ltr'><strong>in-</strong></span> 
     </span>
    </p>
   </div>
   <div class='ocr_carea' id='block_1_115' title="bbox 1901 5326 3460 5397">
    <p class='ocr_par' dir='ltr' id='par_1_115' title="bbox 1901 5326 3460 5397">
     <span class='ocr_line' id='line_1_115' title="bbox 1901 5326 3460 5397; baseline 0 -14"><span class='ocrx_word' id='word_1_825' title='bbox 1901 5329 2251 5393; x_wconf 86' lang='lat' dir='ltr'><strong>crebucrunt,</strong></span> <span class='ocrx_word' id='word_1_826' title='bbox 2284 5326 2430 5379; x_wconf 91' lang='lat' dir='ltr'><strong>hunc</strong></span> <span class='ocrx_word' id='word_1_827' title='bbox 2486 5326 2584 5379; x_wconf 90' lang='lat' dir='ltr'><strong>istc</strong></span> <span class='ocrx_word' id='word_1_828' title='bbox 2618 5334 2891 5379; x_wconf 89' lang='lat' dir='ltr'><strong>asseverat</strong></span> <span class='ocrx_word' id='word_1_829' title='bbox 2913 5340 2971 5380; x_wconf 91' lang='lat' dir='ltr'><strong>se</strong></span> <span class='ocrx_word' id='word_1_830' title='bbox 3008 5327 3279 5395; x_wconf 82' lang='lat' dir='ltr'><strong>ignorare,</strong></span> <span class='ocrx_word' id='word_1_831' title='bbox 3305 5330 3460 5397; x_wconf 89' lang='lat' dir='ltr'><strong>quasi</strong></span> 
     </span>
    </p>
   </div>
   <div class='ocr_carea' id='block_1_116' title="bbox 1902 5415 3457 5489">
    <p class='ocr_par' dir='ltr' id='par_1_116' title="bbox 1902 5415 3457 5489">
     <span class='ocr_line' id='line_1_116' title="bbox 1902 5415 3457 5489; baseline 0 -17"><span class='ocrx_word' id='word_1_832' title='bbox 1902 5419 1993 5489; x_wconf 90' lang='lat' dir='ltr'><strong>qui</strong></span> <span class='ocrx_word' id='word_1_833' title='bbox 2026 5428 2133 5472; x_wconf 88' lang='lat' dir='ltr'><strong>tam</strong></span> <span class='ocrx_word' id='word_1_834' title='bbox 2168 5425 2438 5486; x_wconf 76' lang='lat' dir='ltr'><strong>provecta:</strong></span> <span class='ocrx_word' id='word_1_835' title='bbox 2472 5416 2647 5470; x_wconf 65' lang='lat' dir='ltr'><strong>aetatis</strong></span> <span class='ocrx_word' id='word_1_836' title='bbox 2679 5415 2845 5470; x_wconf 89' lang='lat' dir='ltr'><strong>fuerit</strong></span> <span class='ocrx_word' id='word_1_837' title='bbox 2876 5428 3171 5486; x_wconf 89' lang='lat' dir='ltr'><strong>utrumque</strong></span> <span class='ocrx_word' id='word_1_838' title='bbox 3201 5428 3457 5487; x_wconf 78' lang='lat' dir='ltr'><strong>expertus</strong></span> 
     </span>
    </p>
   </div>
   <div class='ocr_carea' id='block_1_117' title="bbox 1900 5507 3458 5577">
    <p class='ocr_par' dir='ltr' id='par_1_117' title="bbox 1900 5507 3458 5577">
     <span class='ocr_line' id='line_1_117' title="bbox 1900 5507 3458 5577; baseline 0 -12"><span class='ocrx_word' id='word_1_839' title='bbox 1900 5520 2066 5574; x_wconf 86' lang='lat' dir='ltr'><strong>esset.</strong></span> <span class='ocrx_word' id='word_1_840' title='bbox 2092 5518 2176 5563; x_wconf 8' lang='lat' dir='ltr'><strong>aut</strong></span> <span class='ocrx_word' id='word_1_841' title='bbox 2200 5526 2319 5577; x_wconf 68' lang='lat' dir='ltr'><strong>qua:</strong></span> <span class='ocrx_word' id='word_1_842' title='bbox 2354 5517 2477 5562; x_wconf 79' lang='lat' dir='ltr'><strong>ante</strong></span> <span class='ocrx_word' id='word_1_843' title='bbox 2518 5507 2682 5577; x_wconf 89' lang='lat' dir='ltr'><strong>pedes</strong></span> <span class='ocrx_word' id='word_1_844' title='bbox 2711 5516 2871 5562; x_wconf 90' lang='lat' dir='ltr'><strong>erant</strong></span> <span class='ocrx_word' id='word_1_845' title='bbox 2927 5524 3100 5563; x_wconf 69' lang='lat' dir='ltr'><strong>cmeus</strong></span> <span class='ocrx_word' id='word_1_846' title='bbox 3134 5525 3241 5563; x_wconf 84' lang='lat' dir='ltr'><strong>non</strong></span> <span class='ocrx_word' id='word_1_847' title='bbox 3296 5511 3458 5565; x_wconf 66' lang='lat' dir='ltr'><strong>vidis«</strong></span> 
     </span>
    </p>
   </div>
   <div class='ocr_carea' id='block_1_118' title="bbox 1899 5602 3453 5673">
    <p class='ocr_par' dir='ltr' id='par_1_118' title="bbox 1899 5602 3453 5673">
     <span class='ocr_line' id='line_1_118' title="bbox 1899 5602 3453 5673; baseline -0.001 -15"><span class='ocrx_word' id='word_1_848' title='bbox 1899 5616 2001 5666; x_wconf 87' lang='lat' dir='ltr'><strong>set,</strong></span> <span class='ocrx_word' id='word_1_849' title='bbox 2034 5612 2089 5658; x_wconf 90' lang='lat' dir='ltr'><strong>et</strong></span> <span class='ocrx_word' id='word_1_850' title='bbox 2128 5619 2245 5673; x_wconf 69' lang='lat' dir='ltr'><strong>quae</strong></span> <span class='ocrx_word' id='word_1_851' title='bbox 2283 5602 2336 5655; x_wconf 92' lang='lat' dir='ltr'><strong>in</strong></span> <span class='ocrx_word' id='word_1_852' title='bbox 2371 5617 2464 5655; x_wconf 87' lang='lat' dir='ltr'><strong>ore</strong></span> <span class='ocrx_word' id='word_1_853' title='bbox 2494 5602 2763 5667; x_wconf 88' lang='lat' dir='ltr'><strong>omnium,</strong></span> <span class='ocrx_word' id='word_1_854' title='bbox 2805 5603 3003 5657; x_wconf 82' lang='lat' dir='ltr'><strong>surdus</strong></span> <span class='ocrx_word' id='word_1_855' title='bbox 3048 5618 3157 5656; x_wconf 88' lang='lat' dir='ltr'><strong>non</strong></span> <span class='ocrx_word' id='word_1_856' title='bbox 3192 5604 3453 5657; x_wconf 82' lang='lat' dir='ltr'><strong>audisset.</strong></span> 
     </span>
    </p>
   </div>
   <div class='ocr_carea' id='block_1_119' title="bbox 1898 5692 3459 5765">
    <p class='ocr_par' dir='ltr' id='par_1_119' title="bbox 1898 5692 3459 5765">
     <span class='ocr_line' id='line_1_119' title="bbox 1898 5692 3459 5765; baseline -0.002 -15"><span class='ocrx_word' id='word_1_857' title='bbox 1898 5697 2049 5763; x_wconf 64' lang='lat' dir='ltr'><strong>Quod</strong></span> <span class='ocrx_word' id='word_1_858' title='bbox 2087 5696 2310 5765; x_wconf 85' lang='lat' dir='ltr'><strong>perinde</strong></span> <span class='ocrx_word' id='word_1_859' title='bbox 2346 5704 2429 5748; x_wconf 89' lang='lat' dir='ltr'><strong>est</strong></span> <span class='ocrx_word' id='word_1_860' title='bbox 2463 5709 2525 5747; x_wconf 93' lang='lat' dir='ltr'><strong>ac</strong></span> <span class='ocrx_word' id='word_1_861' title='bbox 2556 5694 2601 5747; x_wconf 88' lang='lat' dir='ltr'><strong>si</strong></span> <span class='ocrx_word' id='word_1_862' title='bbox 2642 5693 2767 5762; x_wconf 91' lang='lat' dir='ltr'><strong>quis</strong></span> <span class='ocrx_word' id='word_1_863' title='bbox 2791 5692 2857 5747; x_wconf 90' lang='lat' dir='ltr'><strong>de</strong></span> <span class='ocrx_word' id='word_1_864' title='bbox 2892 5694 3020 5747; x_wconf 88' lang='lat' dir='ltr'><strong>solis</strong></span> <span class='ocrx_word' id='word_1_865' title='bbox 3048 5693 3169 5747; x_wconf 89' lang='lat' dir='ltr'><strong>luce</strong></span> <span class='ocrx_word' id='word_1_866' title='bbox 3201 5710 3303 5763; x_wconf 90' lang='lat' dir='ltr'><strong>qua</strong></span> <span class='ocrx_word' id='word_1_867' title='bbox 3349 5706 3459 5748; x_wconf 79' lang='lat' dir='ltr'><strong>ter-</strong></span> 
     </span>
    </p>
   </div>
   <div class='ocr_carea' id='block_1_120' title="bbox 1899 5787 3453 5845">
    <p class='ocr_par' dir='ltr' id='par_1_120' title="bbox 1899 5787 3453 5845">
     <span class='ocr_line' id='line_1_120' title="bbox 1899 5787 3453 5845; baseline -0.002 -1"><span class='ocrx_word' id='word_1_868' title='bbox 1899 5806 2084 5845; x_wconf 87' lang='lat' dir='ltr'><strong>rarum</strong></span> <span class='ocrx_word' id='word_1_869' title='bbox 2110 5798 2304 5842; x_wconf 87' lang='lat' dir='ltr'><strong>cuncta</strong></span> <span class='ocrx_word' id='word_1_870' title='bbox 2334 5788 2727 5841; x_wconf 88' lang='lat' dir='ltr'><strong>collustrantur</strong></span> <span class='ocrx_word' id='word_1_871' title='bbox 2748 5788 2957 5840; x_wconf 84' lang='lat' dir='ltr'><strong>nescire</strong></span> <span class='ocrx_word' id='word_1_872' title='bbox 2980 5801 3036 5841; x_wconf 92' lang='lat' dir='ltr'><strong>se</strong></span> <span class='ocrx_word' id='word_1_873' title='bbox 3070 5787 3299 5841; x_wconf 74' lang='lat' dir='ltr'><strong>afﬁrmet</strong></span> <span class='ocrx_word' id='word_1_874' title='bbox 3323 5802 3453 5841; x_wconf 90' lang='lat' dir='ltr'><strong>num</strong></span> 
     </span>
    </p>
   </div>
   <div class='ocr_carea' id='block_1_121' title="bbox 1897 5877 3475 5953">
    <p class='ocr_par' dir='ltr' id='par_1_121' title="bbox 1897 5877 3475 5953">
     <span class='ocr_line' id='line_1_121' title="bbox 1897 5877 3475 5953; baseline -0.003 -18"><span class='ocrx_word' id='word_1_875' title='bbox 1897 5882 2021 5953; x_wconf 93' lang='lat' dir='ltr'><strong>quis</strong></span> <span class='ocrx_word' id='word_1_876' title='bbox 2061 5896 2091 5935; x_wconf 90' lang='lat' dir='ltr'><strong>c</strong></span> <span class='ocrx_word' id='word_1_877' title='bbox 2124 5880 2262 5935; x_wconf 89' lang='lat' dir='ltr'><strong>vivis</strong></span> <span class='ocrx_word' id='word_1_878' title='bbox 2293 5895 2356 5934; x_wconf 89' lang='lat' dir='ltr'><strong>ea</strong></span> <span class='ocrx_word' id='word_1_879' title='bbox 2392 5878 2687 5935; x_wconf 83' lang='lat' dir='ltr'><strong>frueretur.</strong></span> <span class='ocrx_word' id='word_1_880' title='bbox 2722 5877 2828 5935; x_wconf 86' lang='lat' dir='ltr'><strong>Sed</strong></span> <span class='ocrx_word' id='word_1_881' title='bbox 2873 5895 2903 5936; x_wconf 89' lang='lat' dir='ltr'><strong>e</strong></span> <span class='ocrx_word' id='word_1_882' title='bbox 2950 5879 3163 5934; x_wconf 86' lang='lat' dir='ltr'><strong>duobus</strong></span> <span class='ocrx_word' id='word_1_883' title='bbox 3225 5879 3475 5935; x_wconf 78' lang='lat' dir='ltr'><strong>alterum.</strong></span> 
     </span>
    </p>
   </div>
  </div>
