4264 6362
238 384 333 447 Sil

1208 400 1646 467 BYZANTINA!
1674 408 2046 472 HISTORl/E
2095 417 2236 479 Lm.
2276 389 2517 485 xxxu.

3368 431 3479 497 342

239 506 334 614 sunt
358 506 689 614 ἀνθρώποις,
726 516 863 567 κατά
886 515 1118 586 Παῦλον,
1148 520 1454 590 γινόμενος.
1476 524 1567 587 Τίς
1597 525 1641 577 δ’
1667 526 1808 579 ἀπα-
1842 537 1882 589 Α
1913 531 1923 584 l

1790 555 1808 565 -
1842 537 1882 589 Α
1913 531 2034 597 bus',
2065 537 2527 602 quemadmodum
2555 538 2630 593 ait
2659 549 2882 596 sanctus
2919 540 3139 598 Paulus.
3168 545 3300 613 Quis
3324 563 3474 614 vero,

243 596 578 666 ριθμεῐσθαι,
627 603 797 671 φησὶ,
859 604 1116 678 δυνηθείη
1156 609 1221 663 ἂν
1252 612 1358 672 ’τὰς
1409 614 1677 682 φυλακὰς,
1740 617 1807 670 τὰ

238 686 496 752 ναυάγια,
549 686 643 741 τδν
696 691 875 761 λιμὸν,
937 695 1038 760 τάς
1093 698 1329 769 ἡλιακὰς
1360 702 1674 771 ὲκκαύσεις,
1707 707 1806 770 τὰς

236 780 566 846 νυκτερινὰς
603 780 815 850 ψύξεις.
874 787 968 850 τὰς
1001 789 1319 856 ἐπιϐουλὰς,
1369 794 1467 857 τὰς
1503 796 1807 851 ἐπαναστά-

236 882 377 930 σεις,
411 871 537 933 τοὺς
584 874 708 927 καθ’
759 877 975 948 ἡμέραν
1008 880 1297 951 θανάτους.
1357 889 1454 949 τὰς
1502 883 1659 949 αὖθις
1717 890 1809 941 ἐπὶ

234 957 473 1051 πληγαῖς
504 962 741 1034 πληγὰς,
766 970 889 1031 τοὺς
920 970 1252 1040 ραόδισμοὺς
1271 977 1367 1047 ,καὶ
1396 978 1460 1029 τὰ
1492 979 1582 1030 ἐπὶ
1606 979 1811 1051 κόρρης

234 1047 561 1141 ῥαπίσματα
602 1071 663 1107 τε
700 1059 795 1109 καὶ
822 1058 1133 1129 στίγματα;
1164 1064 1328 1127 Τέλος
1358 1066 1436 1131 δὲ,
1467 1068 1623 1136 φησὶ,
1662 1047 1810 1141 γήρᾳ

234 1140 525 1230 καὶῌνόσῳ,
560 1146 694 1215 πρὸς
724 1147 781 1200 δὲ
812 1151 908 1201 καὶ
961 1154 1308 1225 κακοπαθείᾳ
1361 1159 1427 1226 τῇ
1466 1160 1528 1212 ἐκ
1565 1140 1810 1230 φρουρᾶς

236 1224 564 1317 τξιεζὸμενος
626 1236 683 1286 ἐν
746 1239 884 1309 αὐτῇ
923 1243 987 1310 τῇ
1024 1246 1242 1315 φρουρᾷ
1274 1246 1395 1317 Θεῷ
1460 1250 1559 1317 τὴν
1614 1251 1808 1302 ἑαυτοῦ

237 1313 442 1411 (ξυχὴνῌ
477 1325 864 1396 παρατίθησιν,
926 1313 1183 1404 ἄμωμον
1215 1313 1315 1406 μὲν
1361 1313 1428 1409 τῇ
1482 1313 1680 1411 πράξει
1720 1344 1810 1395 τὸν

242 1404 378 1473 βίον,
413 1409 715 1505 ἄπταιστον
745 1419 798 1472 δὲ
838 1424 903 1492 τῇ
950 1404 1335 1497 εὐσεϐείᾳῗτον
1371 1404 1811 1505 λόγον’διατηρή·

203 1533 206 1535 .
240 1513 361 1559 σας,
386 1502 878 1594 Δκαὶπεὶνεπίλτιστον
906 1515 1006 1583 τῆς
1047 1516 1215 1571 αὑτοῦ
1249 1524 1557 1591 μαρτυρίας
1591 1502 1812 1594 μνήιὶήν

239 1589 581 1645 καταλιπών.
613 1596 848 1665 Λέγεται
881 1602 957 1665 δὲ,
998 1608 1153 1676 φησὶ,
1190 1611 1286 1663 καί
1310 1589 1443 1664 τινα
1466 1589 1812 1685 τῶν-γερόν-

236 1694 347 1730 των
361 1684 497 1781 ’κατ’
526 1687 701 1743 ὲκεῖνο
753 1697 949 1764 καιροῦ
983 1700 1161 1771 πολλῷ
1191 1703 1290 1772 τῆς
1342 1706 1626 1770 εὐσεϐείας
1660 1709 1810 1781 ζήλῳ

237 1774 880 1874 τρερόμενονύπεριδεῖν
936 1792 1034 1859 μὲν
1081 1796 1177 1846 καὶ
1224 1796 1511 1868 βασιλικῆς
1549 1774 1802 1874 ἀπειλῆςξ

236 1865 527 1936 ἀφειδῆσαι
556 1873 612 1926 δὲ
638 1877 731 1929 καὶ
752 1881 926 1950 αὐτῆς
948 1887 1048 1954 τῆς
1073 1863 1242 1956 ζωῆςς
1286 1890 1373 1944 ἵνα
1403 1863 1583 1944 πίστει
1608 1894 1683 1962 τῷ
1839 1863 1881 1921 Β

237 1961 521 2055 μακαρίου
554 1972 885 2055 προσπεσὼν
915 1975 1155 2047 λιιψάνῳ
1203 1981 1424 2049 χάριτος
1465 1961 1671 2037 ἐκεῖθεν
1713 2004 1806 2055 με-

234 2048 427 2118 τάσχοι
456 2067 471 2081 ·
504 2057 596 2107 καὶ
629 2052 709 2122 εἷς
738 2060 847 2113 τῶν
896 2064 1131 2133 ᾀδόντων
1174 2048 1466 2140 γενόμενος
1523 2078 1617 2127 καὶ
1647 2048 1809 2140 αὐτὸς

236 2142 382 2235 κατά
406 2146 501 2199 τδν
529 2149 627 2217 τῆς
656 2152 927 2225 ἐκδημίας
961 2161 1173 2215 ἐκείνου
1230 2167 1442 2235 καιρὸν,
1493 2169 1807 2226 ὲόεόαιοῦτο

417 2236 595 2292 ταῦτα
629 2241 703 2306 ὡς
741 2245 826 2316 εῐη
859 2249 982 2303 τότε
1032 2255 1217 2323 φωνῆς
1250 2234 1457 2311 ἀνωθεν
1493 2260 1806 2329 ψαλλόντων

231 2323 459 2423 ῇδίστης
489 2334 584 2386 καὶ
613 2332 923 2405 θαυμασίας
966 2342 1205 2411 ἀκούων,
1254 2349 1366 2402 είτε
1399 2367 1484 2414 τις
1507 2323 1808 2423 ἀγγελικὴν

232 2418 511 2513 ἐννοήσειι
573 2427 800 2498 ταύτην,
840 2432 951 2486 εἴτε
1003 2438 1126 2490 τινὰ
1157 2439 1327 2511 ἀλλην
1378 2418 1604 2513 νεύματι
1668 2418 1806 2499 Θεοῦ

230 2512 558 2581 γενομένην.
600 2516 719 2587 Θεῷ
750 2520 910 2590 δῆλον
944 2528 1009 2579 ἃν
1044 2530 1149 2599 εῐη,
1187 2534 1279 2584 καὶ
1314 2535 1459 2597 ὅσοις
1482 2512 1550 2589 7τά
1579 2539 1805 2592 τοιαῦτα

229 2604 421 2675 διορᾷν
456 2608 629 2671 ἀξιον.
664 2613 773 2665 Καὶ
821 2619 1035 2673 κεῖσθαί
1066 2638 1200 2692 φησι
1251 2627 1310 2677 τὸ
1345 2628 1491 2697 ίερδν
1517 2631 1611 2683 τοῦ
1640 2632 1799 2698 ἀγίου

233 2699 398 2793 σῷμα
429 2700 707 2771 θαύμασιν
755 2708 1009 2775 ἀφθόνοις
1056 2714 1144 2768 διά
1176 2718 1375 2781 παντὸς
1408 2725 1806 2793 σεμνυνόμενον

231 2790 329 2884 καὶ
354 2793 495 2845 πᾶσι
522 2797 632 2859 τοῖς
656 2800 942 2866 προσιοῦσι
963 2805 1200 2875 παρέχον
1225 2808 1392 2878 ῥῶσιν
1415 2790 1614 2884 ψυχῆς,
1637 2790 1804 2884 ρῶσιν

234 2882 515 2953 σώματος,
552 2888 647 2941 καὶ
676 2890 864 2957 ἀτελῶς
891 2896 1066 2950 εἰπεῖν
1098 2900 1287 2953 παθῶν
1335 2882 1603 2958 παντοίων
1633 2882 1806 2961 ἀπαλ-

230 2976 413 3047 λαγὴν
454 2980 532 3041 είς
569 2979 729 3046 δόξαν
762 2985 897 3038 Θεοῦ
918 2986 1014 3039 τοῦ
1046 2989 1299 3060 Σωτῆρος
1332 2995 1593 3061 Χριστοῦ.
1632 3017 1650 3050 ι
1688 3001 1797 3052 Καὶ

232 3067 412 3123 ταῦτα
475 3071 575 3140 μὲν
636 3075 767 3145 περὶ
831 3080 932 3148 τῆς
973 3080 1251 3151 Θεοδώρου
1314 3090 1505 3154 σοφίας
1554 3093 1648 3144 καὶ
1694 3093 1803 3146 τῶν

1910 623 2109 694 inquit,
2132 626 2445 683 describi-re
2478 630 2650 698 possit
2708 632 2891 701 plagas
2945 635 3228 699 custodiae,
3259 639 3479 692 naufra-

1909 717 2015 786 gia,
2051 716 2272 778 famem,
2295 731 2512 782 :estum‘,
2543 731 2810 777 nocturna
2845 724 3188 794 perfrigerla,
3228 728 3476 797 insidias,

1912 811 2197 875 tumultus,
2236 814 2428 867 mortis
2456 813 2646 867 indies
2669 814 3081 882 formidamina,
3100 825 3329 874 verbera
3356 838 3479 884 ver-

1912 899 2136 955 beribus
2169 903 2545 971 superaddita.
2584 904 2886 960 ferularum
2941 907 3145 976 plagas,
3195 910 3482 980 colaphos?

1912 989 2094 1059 Itaque
2122 991 2230 1055 ille,
2270 992 2465 1061 inquit,
2496 996 2654 1048 annis
2680 1002 2734 1048 et
2761 996 2952 1050 morbo
2976 998 3261 1055 confectus
3276 1012 3331 1056 et
3355 1018 3482 1056 cus-

1912 1081 2073 1136 todia:
2109 1084 2263 1137 malis
2293 1084 2523 1139 amictus
2566 1083 2680 1156 ipsa
2713 1087 2767 1141 in
2813 1090 3062 1144 custodia
3095 1091 3207 1145 Deo
3242 1094 3479 1147 animam

1910 1187 2065 1226 suam
2117 1175 2384 1229 tradidit:
2426 1177 2518 1245 qui
2565 1178 2810 1233 moribus
2839 1191 2896 1233 et
2930 1180 3087 1235 factis
3132 1184 3478 1239 innocentem

1910 1264 2098 1327 vitam,
2134 1266 2334 1334 pietate
2380 1278 2625 1322 sanctam
2658 1280 2897 1325 mentem
2941 1274 3194 1342 probavit
3239 1284 3294 1328 et
3346 1293 3482 1329 mar-

1912 1358 2037 1427 tyrii
2084 1351 2175 1410 sui
2213 1359 2573 1414 immortalem
2624 1364 2941 1416 memoriam
2995 1364 3237 1433 reliquit.
3276 1365 3482 1419 Ferunt

1909 1449 2096 1515 etiam,
2130 1450 2327 1519 inquit,
2350 1453 2641 1515 quemdam
2671 1469 2701 1509 e
2736 1456 3064 1523 prmsidibus
3106 1457 3197 1510 illo
3229 1466 3479 1526 tempore

1912 1555 2105 1609 magno
2128 1542 2349 1609 pietatis
2372 1543 2568 1596 ardore
2590 1543 2982 1598 inflammatum
3011 1545 3355 1614 imperator’s
3380 1548 3482 1600 mi-

1911 1649 2007 1687 nas
2036 1634 2339 1701 neglexisse
2378 1643 2433 1686 et
2468 1635 2591 1688 vitze
2618 1636 2764 1690 illius
2800 1638 3130 1706 pepercisse,
3165 1639 3237 1691 ita
3263 1650 3320 1691 ut
3352 1654 3475 1691 cum

1912 1722 2016 1777 fide
2053 1724 2162 1777 divi
2202 1725 2346 1779 illius
2388 1726 2650 1793 reliquias
2683 1737 2977 1781 veneratus
3009 1728 3243 1795 indeque
3285 1728 3480 1781 animai

1910 1827 2023 1866 sua:
2056 1812 2287 1865 salutem
2352 1823 2545 1868 nactus
2586 1816 2696 1879 sit;
2737 1826 2793 1869 et
2837 1831 2960 1869 cum
3006 1828 3289 1869 cantorum
3338 1833 3480 1870 unus

1910 1905 2086 1959 factus
2123 1915 2272 1959 esset
2317 1915 2561 1975 tempore
2617 1924 2725 1975 quo
2782 1909 2869 1961 ille
2910 1908 3109 1962 absens
3170 1918 3306 1967 erat,
3338 1910 3481 1962 vires

1908 2010 2033 2048 eum
2076 1995 2334 2049 refecisse
2362 1998 2516 2065 quasi
2568 2014 2807 2067 superne
2860 2014 3020 2053 voces
3068 2000 3477 2068 psalmistarum

1908 2087 2263 2141 suavissimas
2301 2098 2355 2140 et
2396 2088 2676 2141 mirabiles
2709 2088 3014 2143 audivisset
3045 2107 3057 2153 ;
3090 2088 3315 2156 perinde
3349 2106 3413 2143 ac
3432 2091 3477 2142 si

1907 2177 2033 2245 quis
2083 2176 2259 2245 angeli
2319 2193 2507 2229 vorem
2558 2179 2640 2231 vel
2706 2180 2867 2233 aliam
2928 2180 3170 2233 divinam
3224 2179 3474 2246 audiret;

1907 2267 2052 2338 quod
2085 2277 2265 2322 tamen
2294 2268 2393 2321 soli
2434 2267 2541 2322 Deo
2577 2277 2631 2321 et
2666 2266 2733 2322 iis
2762 2270 2854 2339 qui
2879 2270 3114 2323 maximo
3138 2270 3243 2324 hoc
3265 2271 3475 2325 honore

1905 2359 2055 2430 digni
2130 2360 2426 2414 existimati
2498 2369 2646 2423 sunt,
2704 2354 2991 2431 contingit.
3051 2361 3158 2413 Sed
3227 2372 3475 2416 sanetum

1906 2464 2108 2520 corpus
2135 2449 2267 2504 dicit
2302 2450 2404 2504 viri
2439 2450 2605 2519 hujus
2632 2451 2963 2505 sanctissimi
3006 2453 3285 2506 miraculis
3332 2468 3477 2521 pra:-

1907 2542 2068 2597 claris
2099 2542 2310 2611 insigne
2344 2557 2487 2608 esse,
2521 2553 2574 2596 et
2604 2542 2767 2612 387
2797 2543 3053 2597 omnibus
3082 2543 3173 2612 qui
3208 2545 3478 2597 accedunt

1905 2633 2150 2702 praabere
2168 2633 2400 2688 salutem
2424 2634 2618 2688 anima:
2641 2644 2716 2699 et,
2749 2642 2808 2687 ut
2833 2634 3021 2703 paucis
3044 2636 3243 2697 dicam,
3273 2636 3474 2689 libera-

1906 2724 2110 2778 tionem
2140 2740 2169 2778 a
2195 2726 2352 2779 malis
2379 2726 2638 2779 omnibus
2669 2726 2722 2779 in
2769 2727 2995 2793 gloriam
3026 2726 3119 2780 Dei
3179 2726 3477 2781 Salvaloris

1905 2817 2323 2873 nostriChristi.
2361 2837 2378 2870 ι
2418 2818 2543 2872 Ηεοο
2586 2820 2750 2887 igitur
2781 2820 2847 2873 de
2878 2820 3152 2875 Theodori
3208 2821 3475 2887 sap‘entia

1903 2917 1959 2965 et
1988 2909 2265 2963 miraculis
2293 2908 2350 2963 S.
2385 2909 2802 2978 Metaphrastes,
2825 2924 3080 2981 tanquam
3116 2913 3216 2967 sub
3240 2914 3476 2976 imagine

1904 3010 1965 3056 ut
1988 3002 2180 3057 dicunt
2204 3012 2260 3056 et
2296 3001 2487 3055 umbra
2522 3003 2587 3056 iis
2619 3004 2713 3073 qui
2746 3014 2926 3058 mente
2964 3006 3106 3074 capti
3164 3016 3289 3058 sunt
3330 3006 3476 3059 veri—

1906 3102 2081 3167 tatem.
2126 3094 2397 3148 revelans.
2426 3093 2555 3148 ltcm
2587 3094 2966 3163 Theophanes,
3025 3110 3282 3163 magnum
3344 3095 3476 3149 illud

233 3158 298 3256 [ί.
323 3161 569 3256 «i159-r.]
602 3164 896 3236 θαυμάτων
923 3170 952 3223 ό
983 3170 1126 3234 θεῖος
1155 3174 1373 3239 διέξεισι
1395 3179 1800 3256 Μεταφραστὴς
1825 3185 1870 3244 C
1901 3181 1915 3235 Ι

1792 3185 1870 3244 :C
1901 3181 2086 3235 lumen
2120 3182 2397 3248 Ecclesize,
2426 3185 2519 3252 qui
2562 3199 2658 3253 per
2690 3199 2907 3237 omnem
2946 3184 3059 3239 fere
3086 3194 3294 3238 mtatem
3330 3186 3476 3239 viros

232 3250 308 3313 ὼς
330 3253 389 3304 ὲν
429 3253 585 3324 τύπῳ
621 3256 798 3309 είπεῖν
852 3259 947 3311 καὶ
999 3262 1242 3325 σκιωδῶς
1275 3282 1391 3329 πως
1420 3284 1516 3337 την
1562 3250 1798 3339 δήλωσιν

229 3344 345 3405 τοῖς
379 3344 457 3413 μὴ
488 3348 745 3400 συνιείσιν
771 3349 1205 3417 ἀφοσιώσασθαι.
1251 3356 1319 3409 ’⁸0
1363 3374 1424 3424 γε
1452 3359 1556 3429 μὴν
1590 3361 1800 3429 Θεοφά-

231 3449 330 3501 νης
356 3432 385 3484 δ
415 3436 589 3502 μέγας
616 3438 717 3506 τῆς
752 3438 1081 3511 Ἐκκλησίας
1105 3448 1330 3517 φωστὴρ
1362 3453 1455 3503 καὶ
1489 3452 1654 3515 αὐτὸς
1676 3455 1803 3517 τοὺς

232 3524 357 3577 καθ’
392 3525 636 3597 ἑκάστην
664 3529 757 3582 καὶ
788 3533 969 3586 πᾶσαν
1000 3536 1216 3605 ἡμέραν
1251 3538 1346 3592 τοῦ
1374 3542 1568 3610 χρόνου
1602 3545 1804 3609 παντὸς

231 3614 456 3680 πάντως
481 3619 668 3689 σχεδὸν
697 3621 910 3690 ἁγίους,
940 3625 1056 3678 ὅσοι
1088 3628 1224 3695 πρὸς
1253 3630 1420 3683 αὑτοῦ
1475 3632 1593 3701 Θεῷ
1621 3636 1807 3687 καθιε-

234 3706 504 3775 ρωθέντες
549 3710 771 3782 δρόμοις
804 3715 1122 3787 ἀσκητικοῖς
1152 3722 1287 3790 ὁμοῦ
1315 3724 1408 3775 καὶ
1442 3730 1803 3795 μαρτυρικοϊς

232 3797 590 3868 ἀπήλλαξαν,
667 3804 888 3871 μέλεσιν
953 3810 1176 3873 οἰκείοις
1229 3812 1394 3865 αὑτοῦ
1466 3818 1802 3882 σοφωτάτοις

234 3888 487 3958 ὑμνήσας
513 3892 781 3964 λαμπρῶς
812 3913 868 3948 τε
912 3900 1004 3951 καὶ
1048 3901 1311 3970 διαρκῶς,
1348 3906 1375 3956 ό
1404 3903 1668 3974 Θεοδώρῳ
1725 3905 1804 3973 τῷ

232 3980 364 4048 θείῳ
390 3983 585 4053 ἐκείνῳ
637 3986 875 4055 μάρτυρι
911 3993 1002 4043 καὶ
1062 3993 1209 4061 σοφῷ
1239 3994 1545 4066 διδασκάλῳ
1579 3999 1675 4065 τῆς
1706 3998 1802 4052 τοῦ

229 4073 366 4125 Θεοῦ
438 4074 783 4148 Ἐκκλησίας,
850 4079 924 4143 ὡς
970 4084 1206 4153 εἴρηται,
1260 4089 1554 4156 γενόμενος
1585 4089 1802 4146 ἅπαντα

228 4166 460 4235 ἀδελφδς
482 4171 575 4221 καὶ
604 4170 783 4241 ψυχὴν
813 4175 905 4226 καὶ
937 4175 1094 4245 σῶμα
1123 4180 1217 4229 καὶ
1248 4180 1475 4253 γνώμην
1518 4184 1615 4238 καὶ
1636 4184 1801 4257 ἄθλη-

229 4275 317 4311 σιν
347 4260 443 4311 καὶ
481 4263 785 4331 συμπαρὼν
816 4268 910 4318 καὶ
962 4275 1301 4340 συμπάσχων
1336 4274 1510 4343 αὐτῷ,
1536 4277 1659 4328 ἐπεὶ
1686 4280 1798 4341 τοῖς

229 4352 515 4420 μεγίστοις
564 4356 797 4420 ἐκείνοις
846 4361 1056 4413 ἐκείνου
1122 4365 1550 4429 συναπελθόντος
1612 4368 1798 4431 ἄθλοις

230 4446 393 4512 μόνος
413 4446 491 4517 τῷ
523 4446 619 4517 βίῳ
653 4450 1028 4522 περιελείφθη,
1052 4453 1419 4524 ἀπελαθείσης
1445 4458 1546 4526 ἤδη
1581 4459 1796 4526 καὶτῆς

1903 3279 2122 3326 sanctos
2142 3281 2406 3341 quotquot
2438 3282 2561 3326 ante
2600 3274 2773 3342 ipsum
2800 3290 2829 3327 a
2880 3275 2990 3327 Deo
3034 3275 3286 3329 honorati
3324 3275 3477 3330 labo-

1908 3376 1995 3414 res
2021 3362 2285 3416 asceticos
2322 3372 2377 3416 et
2423 3364 2678 3432 martyria
2729 3364 2971 3433 perpessi
3030 3356 3205 3429 erant,
3248 3366 3477 3419 canticis

1908 3453 2023 3505 suis
2065 3452 2497 3521 praeclarissimis
2536 3454 2752 3525 egregie
2786 3464 2840 3509 et
2891 3456 3096 3524 optime
3150 3456 3471 3522 celebravit,

1910 3542 2112 3612 quique
2148 3542 2436 3597 Theodoro
2465 3554 2652 3598 sancto
2703 3545 2931 3614 martyri
2962 3555 3017 3599 et
3067 3546 3473 3614 sapientissimo

1910 3634 2109 3689 divinae
2141 3634 2399 3689 Ecclesia:
2455 3636 2772 3705 prarceptori
2819 3645 3075 3705 tanquam
3126 3638 3295 3690 frater
3347 3652 3472 3691 cum

1909 3728 2092 3781 animo
2118 3736 2173 3781 et
2202 3741 2431 3795 corpore
2463 3737 2517 3781 et
2541 3737 2723 3782 mente
2765 3737 2818 3781 et
2851 3727 3173 3782 fortitudine
3206 3730 3256 3780 in
3290 3737 3471 3783 certa—

1910 3818 2056 3871 mine
2109 3818 2299 3872 aderat
2336 3817 2539 3887 ubique
2579 3827 2633 3871 et
2664 3832 2787 3871 cum
2838 3834 2905 3872 eo
2966 3833 3155 3888 passus
3193 3827 3310 3882 est;
3347 3834 3470 3875 cum

1909 3923 2031 3982 post
2062 3913 2315 3983 martyris
2339 3914 2503 3983 hujus
2542 3922 2773 3966 mortem
2807 3913 3172 3967 tristissimam
3219 3913 3370 3967 solus
3415 3912 3469 3966 in

1911 4006 2016 4058 vita
2041 4005 2263 4059 relictus
2310 4014 2453 4059 esset
2498 4006 2717 4074 jamque
2784 4004 3269 4058 leonomachorum
3319 4006 3471 4057 furor

1908 4097 2297 4161 (lLft‘rlJUlSSCl,
2325 4106 2373 4149 et
2410 4113 2506 4166 pro
2535 4098 2627 4150 Dei
2663 4097 2929 4151 beneﬁcio
2953 4106 3267 4151 sanctorum
3317 4096 3469 4149 labo-

1908 4188 2059 4241 ribus
2113 4188 2405 4257 depressus
2457 4200 2624 4252 esset,
2665 4188 2811 4241 hunc
2850 4202 3068 4256 quoque
3120 4186 3468 4240 Theodorum

1906 4281 2190 4331 exornavit
2221 4278 2450 4332 canticis
2483 4278 2596 4331 suis
2626 4287 2680 4331 et
2711 4278 2915 4331 cecinit
2945 4277 3347 4346 descripsitque
3406 4292 3468 4331 ea

1904 4384 2026 4439 qua:
2055 4370 2229 4423 oculis
2261 4370 2374 4438 ipse
2415 4368 2646 4432 viderat,
2702 4369 3016 4438 quibusque
3052 4368 3167 4439 ipse
3220 4370 3467 4428 laborum

1904 4461 2084 4513 socius
2110 4469 2164 4514 et
2203 4473 2408 4528 martyr
2459 4460 2806 4516 interfuerat.

226 4538 615 4610 είκονομαχίας
659 4544 886 4613 προνοίᾳ
941 4545 1079 4598 Θεοῦ
1116 4549 1226 4609 τοῖς
1261 4547 1471 4600 τούτων
1505 4551 1710 4616 ἁγῶσιν
1750 4554 2213 4620 ἐπικαμφθέντος,
2255 4555 2454 4621 κοσμεῖ
2483 4555 2575 4608 καὶ
2613 4552 2804 4607 τοῦτον
2841 4556 2954 4616 τοῖς
2988 4554 3190 4607 ἑαυτοῦ
3219 4555 3460 4623 μέλεσιν,

226 4633 417 4685 ὲκεῖνα
449 4634 721 4702 περιᾴδων
753 4638 847 4689 καὶ
879 4638 1281 4708 ἀριθμούμενος
1310 4635 1384 4692 ὧν
1418 4644 1693 4714 αὐτόπτης
1722 4639 1790 4713 ἦν
1818 4646 1981 4707 αὐτὸς
2013 4647 2105 4697 καὶ
2130 4645 2408 4697 συναθλιῖιν
2441 4646 2535 4696 καὶ
2570 4647 2780 4714 μάρτυς
2816 4647 3102 4716 γινόμενος
3131 4645 3462 4709 ἀξιόπιστος.

300 4725 376 4778 Ζ’.
420 4725 585 4778 Ἀλλά
615 4728 722 4781 τῶν
766 4731 947 4782 καλῶν
1001 4729 1141 4785 εἷναί
1199 4752 1287 4802 μοι
1324 4734 1599 4789 κάνταῦθα
1653 4737 1799 4789 δοκεῖ
1828 4736 1878 4796 D
1975 4737 1984 4752 “

1779 4736 1878 4796 τι)
1975 4737 2087 4791 Vll.
2122 4736 2227 4789 Sed
2273 4752 2338 4789 ex
2374 4736 2460 4790 his
2521 4752 2688 4802 pauca
2713 4738 2826 4805 jam
2864 4752 3037 4807 eaque
3091 4738 3459 4807 pulcherrima

225 4815 439 4884 βραχέα
473 4816 607 4883 προς
642 4816 868 4883 ἔνδειξιν
889 4821 1213 4888 παραθεῖναι
1244 4823 1320 4893 τῷ
1358 4824 1520 4892 λόγῳ,
1555 4825 1647 4876 καὶ
1687 4828 1796 4876 τῶν

222 4906 303 4976 τῷ
340 4906 482 4975 ἁγίῳ
514 4908 908 4977 ἐπενεχθεισῶν
945 4914 1181 4981 τήμερον
1233 4913 1444 4983 ῦὸρεων
1476 4916 1610 4984 πρὸς
1641 4915 1796 4971 τοῦδε

225 4996 329 5047 τοῦ
362 4996 659 5064 δυσμενοῦς
688 4999 988 5070 ὑπέρτερον
1041 5003 1209 5068 δεῖξαι
1239 5006 1608 5060 παντάπασιν.
1657 5011 1795 5077 Φησὶ

226 5084 343 5155 γὰρ
392 5086 527 5153 πρὸς
582 5088 675 5138 τὸν
709 5092 955 5155 γενναῖον
985 5093 1081 5144 καὶ
1114 5093 1255 5146 θεῖον
1285 5098 1489 5148 ἐκεῖνον
1521 5100 1616 5151 καὶ
1657 5100 1796 5152 πάν-

230 5193 398 5245 σοφον
422 5176 592 5247 ἀνδρα
622 5180 649 5230 ὁ
679 5182 923 5245 γενναῖος
954 5185 1155 5246 ἐκεῖνος
1186 5188 1279 5237 καὶ
1298 5188 1601 5258 ὁμότροπος
1629 5189 1797 5261 ἀθλη·

223 5268 349 5332 τὴς,
388 5285 405 5316 ι
448 5266 747 5320 Τὸντίτλον
778 5271 878 5339 τῆς
913 5272 1010 5340 σῆς
1043 5273 1219 5341 ὄψεως
1261 5277 1436 5334 ἰδόντα
1469 5286 1800 5353 παραχωρεῖ

223 5360 299 5411 τὰ
350 5356 629 5429 Χερουϐὶμ
678 5361 771 5413 τοῦ
823 5360 980 5426 ξύλου
1032 5367 1129 5435 τῆς
1191 5368 1336 5435 ζωῆς
1365 5387 1377 5400 ·
1414 5373 1442 5439 ἡ
1478 5373 1533 5424 δὲ
1569 5375 1794 5446 φλογίνη

226 5449 479 5519 ῥομφαία
500 5451 741 5516 εὐλαϐῶς
764 5454 831 5507 τὰ
851 5454 997 5509 νῶτά
1024 5472 1103 5510 σοι
1143 5459 1346 5523 δίδωσι,
1385 5463 1630 5535 πάνσοφε
1661 5468 1791 5521 Θεό-

222 5544 390 5611 δωρε.
428 5562 445 5594 ι
472 5544 578 5597 Καὶ
618 5546 802 5609 πάλιν,
843 5566 862 5599 ι
910 5549 966 5602 Ὀ
1009 5550 1189 5614 τίτλος
1240 5553 1405 5608 πάλαι
1442 5557 1538 5624 μὲν
1595 5563 1661 5628 τῇ
1705 5579 1792 5612 κο.

229 5635 375 5701 Ρυεῦῇ
406 5633 655 5686 ἐπέκειτο
683 5635 775 5687 τοῦ
808 5635 1075 5705 βασιλέως
1112 5639 1372 5709 Χριστοῦι
1406 5644 1792 5715 ἐγγεγραμμέ’

227 5740 319 5785 νος
354 5722 496 5789 ξυλῳ
520 5723 612 5775 τοῦ
646 5725 882 5795 σταυροῦ
908 5742 921 5755 ³
949 5730 976 5779 ὁ
1003 5726 1057 5778 δὲ
1088 5728 1175 5788 σὸς
1207 5729 1404 5791 τετλος,
1434 5732 1696 5800 πάνσοφε,
1723 5738 1788 5805 τῇ

230 5818 301 5886 σῇ
354 5814 683 5869 κεκόλαπται
719 5818 1129 5889 κεχαραγμένος
1173 5819 1292 5889 ὕψει
1327 5821 1730 5895 εἰκὶεέστερςν.
1768 5844 1785 5877 ›

1904 4843 2050 4882 nunc
2083 4828 2350 4896 proferam
2379 4838 2438 4882 ut
2465 4828 2623 4882 nobis
2647 4828 2975 4883 documento
2999 4829 3111 4882 sint
3136 4837 3191 4882 et
3220 4830 3463 4882 insolen.

1904 4920 2030 4973 tiam
2054 4935 2158 4987 qua
2180 4920 2338 4973 hodie
2368 4920 2420 4973 in
2459 4928 2707 4973 sanctum
2743 4918 2917 4972 virum
2971 4918 3316 4972 adversarius
3361 4919 3461 4971 iste

1901 5011 2147 5064 invectus
2178 5020 2261 5066 est
2309 5012 2632 5079 reprimant.
2669 5013 2759 5066 Sic
2797 5013 2944 5067 enim
2993 5012 3061 5065 de
3116 5012 3461 5080 magnanimo

1900 5116 1956 5155 et
1986 5110 2175 5157 sancto
2205 5102 2369 5171 383
2395 5112 2449 5157 et
2480 5104 2887 5171 sapientissimo
2911 5104 3027 5157 viro
3060 5103 3153 5155 illo
3188 5103 3343 5156 fortis
3372 5102 3460 5156 hic

1901 5201 1957 5244 et
1989 5193 2279 5245 unanimus
2310 5193 2428 5261 ejus
2455 5193 2701 5246 laborum
2742 5194 2924 5246 socius
2957 5193 3245 5261 loquitur:
3285 5194 3457 5247 «Titu-

1904 5282 2014 5334 lum
2042 5281 2194 5335 faciei
2230 5293 2335 5336 tute
2364 5284 2674 5337 anteferunt
2716 5284 3000 5337 cherubim
3031 5285 3177 5352 ligno
3215 5286 3358 5347 vitae,
3406 5293 3457 5338 et

1906 5376 2054 5429 ensis
2114 5374 2392 5429 ﬂammeus
2445 5375 2539 5428 tibi
2602 5391 2707 5427 non
2777 5374 3152 5442 destringitur,
3204 5374 3458 5441 praclarc

1898 5465 2199 5519 Theodore.
2235 5484 2252 5517 ι
2290 5467 2352 5519 Et
2382 5482 2609 5519 rursus:
2650 5486 2665 5516 ι
2702 5466 2919 5519 Titulus
2946 5467 3077 5518 olim
3101 5480 3264 5534 supra
3295 5475 3455 5533 caput

1896 5563 2013 5610 erat
2044 5554 2256 5608 Domini
2297 5555 2501 5609 Christi
2538 5555 2835 5623 inscriptus
2878 5556 3027 5623 ligno
3075 5555 3273 5609 erucis.
3308 5554 3455 5609 Tuus

1896 5656 2076 5700 autem
2110 5647 2319 5709 titulus,
2363 5647 2645 5714 prmclare.
2682 5647 2976 5715 inscriptus
3025 5658 3109 5700 est
3156 5647 3311 5700 faciei
3352 5656 3455 5700 tum

1896 5736 2224 5791 clarioribus
2253 5738 2446 5807 typis.»
2480 5738 2687 5791 Rursus
2718 5756 2728 5789 :
2765 5755 2785 5789 ι
2813 5738 3042 5792 Erectus
3073 5741 3305 5792 incrure
3327 5738 3455 5792 olim

1892 5827 2140 5883 Christus
2184 5829 2241 5883 iu
2290 5829 2456 5883 latere
2493 5844 2784 5895 percussus
2829 5838 2951 5883 cst:
2989 5839 3042 5883 tu
3089 5838 3348 5884 extensus
3403 5829 3454 5883 in
