4262 6362
233 408 342 476 369

1141 422 1584 484 BYZANTINE
1624 424 2007 486 HISI‘OBUE
2046 426 2193 487 LIB.
2237 425 2519 486 XXXIII.

3369 433 3476 495 370

231 531 604 599 ἐπιμετρεῖτῇ
628 530 750 598 ὄψει
779 532 810 600 ἢ
840 535 904 602 τῇ
933 532 1069 603 ἀκοῇ
1094 533 1193 595 τῆς
1219 533 1423 604 θνητῆς
1445 535 1680 606 φύσεως·
1711 540 1805 591 καὶ
1835 543 1882 600 Α

1793 542 1805 591 ι
1835 543 1882 600 Α
1914 539 2040 594 talis
2070 551 2350 609 appareat.
2398 539 2465 593 Et
2504 553 2571 593 ne
2619 539 3009 595 scandalizeris
3038 544 3182 610 quod
3212 543 3394 600 divina
3418 558 3476 601 et

232 620 318 673 ira
357 622 434 692 μὴ
466 625 547 683 εἰς
595 622 755 692 ὓϐριν
791 623 1032 694 suae“;
1076 626 1138 677 τὺ
1172 625 1273 694 τὴν
1311 627 1477 694 ἀγίαν
1508 627 1601 681 καὶ
1631 647 1801 698 προσ-

233 713 472 781 ιυνητὴν
519 713 686 782 φύσιν
731 714 903 793 πυρὸς
957 715 1081 784 ὕψει
1146 715 1414 786 φανῆναι,
1458 734 1477 768 ι
1518 718 1801 788 Ὠφθησαν

228 804 360 873 γὰρ,
405 809 540 872 φησι
563 845 579 869 ,
608 804 1058 875 διαμεριζόμεναι
1088 807 1331 873 γλῶσσαι
1374 809 1506 861 ὡσεὶ
1556 811 1745 880 πυρὸς,
1775 829 1792 862 ι

226 893 526 963 ἑρμηνεύει
555 896 623 948 τά
647 895 746 948 νέα
775 896 843 948 τά
868 897 956 949 διά
991 897 1275 960 Μωῦσέως
1309 898 1480 951 πάλαι
1505 901 1796 969 γενόμενα.

225 990 536 1058 Λέγει-γὰρ
575 989 841 1059 Μωῦσῆς,
881 1010 900 1043 ι
946 992 1057 1044 Καὶ
1114 987 1185 1062 ἦν
1233 991 1295 1045 τὺ
1346 989 1485 1069 εἶδος
1530 995 1624 1047 τοῦ
1663 994 1799 1048 Θεοῦ

239 1078 457 1149 Ἰσραήλ
486 1081 542 1132 ὲν
571 1080 649 1148 τῷ
674 1081 792 1156 ὄρει
832 1082 963 1134 Σινᾶ
985 1082 1061 1146 ὡς
1091 1081 1202 1153 πῦρ
1241 1085 1559 1154 καιόμενον.
1592 1105 1611 1138 ι
1657 1086 1798 1139 Ἀλλ’

223 1170 354 1237 ὅρα,
402 1174 574 1240 φησι,
638 1172 733 1224 καὶ
788 1174 892 1240 τὴν
928 1173 1072 1237 λέξιν
1121 1175 1341 1244 ἐκείνην
1401 1179 1799 1245 συμφωνοῦσαν

221 1261 399 1335 ταύτῃ
428 1267 494 1333 τῇ
531 1265 728 1334 νέᾳ.οού
759 1266 867 1332 γὰρ
906 1260 1029 1319 εἷπε
1082 1267 1216 1336 πῦρ,
1252 1268 1369 1324 ἀλλ’
1401 1269 1477 1332 ώς
1513 1271 1645 1341 πῦρ.
1688 1272 1798 1324 Kal

221 1353 462 1407 ἐνταῦθα
490 1353 754 1424 ὤφθησαν
788 1356 1036 1424 γλῶσσαι
1060 1356 1192 1409 ὡσεὶ
1225 1358 1451 1428 πυρός.»
1484 1361 1593 1413 Kal
1624 1361 1797 1416 ταῦτα

225 1444 328 1512 μὲν
390 1446 419 1496 ὁ
482 1447 907 1517 Χρυσοῤῥήμων
963 1451 1025 1501 ὲκ
1091 1450 1303 1503 πολλῶν
1367 1452 1795 1524 ἀπολεξαμένοις

220 1535 357 1602 ἡμῖν
378 1534 540 1603 ὀλίγα
566 1537 843 1603 διέξεισινο
872 1541 1037 1608 ὁρᾶτε
1069 1540 1124 1593 δὲ
1163 1541 1280 1605 πῶς
1307 1543 1571 1612 βραχείας
1601 1546 1797 1609 λέξεως

221 1628 516 1697 προσθήκη
548 1629 608 1681 τὸ
651 1629 884 1693 αὔθαδες
932 1633 1026 1684 καὶ
1061 1633 1335 1704 τολμηρὸν
1375 1635 1673 1704 θεραπεύει
1698 1639 1797 1708 τῆς

220 1717 457 1781 ἑννοίας,
496 1724 588 1771 καὶ
609 1721 930 1775 ἀναστέλλει
961 1723 1020 1775 τὸ
1043 1725 1404 1793 ἀχαλίνωτον,
1432 1729 1484 1779 εί
1508 1746 1654 1793 τινες
1683 1727 1796 1784 εἷεν

219 1811 362 1880 ὑπὲρ
395 1813 465 1864 τά
498 1814 823 1884 ἐσκαμμένα
879 1816 1058 1886 πηδᾷν
1087 1818 1407 1887 ὡρμημένοι
1456 1821 1524 1874 δι’
1554 1823 1796 1891 ἀμαθίαν

218 1901 250 1970 ή
279 1901 584 1957 δυστοπίαν
618 1904 1013 1974 κακοδαίμονος
1071 1908 1317 1988 γνώμης.
1356 1911 1649 1966 Κάνταῦθα
1681 1931 1794 1966 τοι·

218 1990 430 2058 γαροῦν
461 1994 560 2062 τῆς
582 1995 743 2062 παρά
766 1996 1076 2066 προθέσεως
1112 2000 1529 2069 προστεθείσης,
1561 2004 1793 2073 μεγίστη

219 2079 411 2146 γέγονε
456 2083 553 2134 καὶ
590 2085 701 2136 τῶν
751 2085 970 2138 ἀτόπων
1006 2089 1228 2140 ἐννοιῶν
1269 2091 1520 2160 συστολὴ,
1570 2094 1662 2146 καὶ
1705 2094 1796 2147 διά

214 2170 315 2238 τῆς
354 2170 619 2241 βραχείας
682 2179 914 2246 ταυτησὶ
973 2179 1293 2250 προσθήκης
1352 2186 1615 2253 μεγίστην
1667 2185 1790 2256 ἔσχε

219 2264 393 2332 ῥοπὴν
432 2268 464 2334 ή
517 2266 617 2335 τῆς
663 2267 900 2337 ἀληθοῦς
961 2272 1172 2332 ἐννοίας
1232 2273 1458 2340 ἔνδειξις
1506 2277 1643 2344 ὁμοῦ
1697 2281 1791 2330 καὶ

215 2355 493 2420 εὐγένεια,
539 2359 855 2426 περιφανῶς
896 2362 1279 2432 ἀνατρέπουσα
1323 2365 1425 2435 τὴν
1473 2368 1792 2436 πολύγλωσ-

216 2461 309 2496 σον
357 2448 569 2515 ἀωρίαν
612 2445 693 2512 οἷς
731 2451 831 2503 οὐκ
875 2452 1039 2515 αἰδὼς
1081 2455 1146 2507 τὰ
1183 2454 1299 2508 θεῖα
1340 2457 1790 2527 βοσκηματώδεσι

217 2534 488 2604 βεϐηλοῦν
515 2539 764 2600 ἐννοίαις.
826 2542 890 2594 El
943 2543 1002 2595 δέ
1057 2561 1135 2615 τῳ
1188 2547 1324 2616 πρὸς
1367 2549 1673 2619 βουλήσεως
1704 2555 1790 2622 εῐη

215 2626 458 2681 ἐνταῦθα
507 2633 602 2682 καὶ
646 2631 792 2685 τοῦτ’
844 2634 1026 2688 αὐτῶν
1082 2639 1472 2704 ἐπισκώπτειν,
1506 2643 1585 2694 ὅθ’
1625 2645 1789 2714 ὑπερ-

213 2722 388 2790 τιμᾷν
419 2721 701 2786 δοκοῦντες
745 2726 924 2779 έκεῖνο
955 2729 1016 2780 τὸ
1057 2731 1173 2798 φῶς
1224 2732 1553 2801 ἀτιμάζουσι
1587 2737 1788 2804 μᾶλλον

216 2809 357 2879 ὑπὲρ
398 2811 459 2862 τὸ
500 2811 642 2877 δέον,
696 2816 1058 2884 κεραννύντες
1092 2820 1187 2872 καὶ
1222 2824 1626 2892 συμμιγνύντες
1675 2832 1788 2892 τοῖς

213 2901 276 2951 ὲκ
325 2901 628 2973 διαμέτρου
682 2908 848 2960 πᾶσιν
888 2910 1304 2981 ἐναντιώμασιν,
1341 2917 1536 2985 ὁρατὸν
1579 2918 1642 2990 [Γ.
1683 2921 1788 2976 2‘27

301 2992 570 3047 ἀκτιστον
618 2997 870 3064 λέγοντες
920 3003 1014 3054 καὶ
1059 3004 1325 3073 μεθεκτὸν
1358 3011 1655 3078 ἀπρόσιτον
1692 3017 1786 3065 καὶ

213 3074 378 3137 ἆῦλον
417 3087 542 3140 καθ’
581 3091 712 3142 αὐτὸ
773 3095 1032 3161 μεριστὸν
1082 3097 1178 3150 καὶ
1241 3098 1341 3150 ὅσα
1393 3101 1638 3165 τοιαῦτα,
1687 3106 1786 3157 οὐκ

1904 632 2178 687 adoranda
2205 645 2396 688 natura
2423 634 2561 701 ignis
2583 634 2762 703 specie
2785 635 2895 688 visa
2928 637 3019 698 sit;
3042 653 3161 690 nam
3187 657 3203 688 ι
3229 637 3474 707 Linguae,

1906 739 1962 781 ιιι
1988 727 2240 795 legimus,
2260 728 2516 793 dispersas
2550 741 2804 796 tanquam
2832 729 3000 796 ignea:
3027 740 3419 798 apparuerunt,
3450 751 3469 784 ι

1902 820 2242 888 explicantur
2291 819 2402 872 hare
2433 819 2574 890 ,Νονὶ
2629 821 2960 874 Trstamenti
3010 822 3172 875 verba
3223 824 3310 882 bis
3351 841 3474 893 qua:

1905 912 2079 966 Moses
2100 913 2265 966 tradit
2282 931 2294 965 :
2309 933 2324 963 ι
2350 914 2406 966 Et
2427 912 2710 966 videbatur
2730 913 2902 967 forma
2924 914 3014 967 Dei
3034 915 3196 969 Israel
3216 916 3268 968 in
3290 927 3472 972 monte

1903 1003 2052 1074 Sinai
2093 1014 2349 1074 tanquam
2404 1006 2544 1072 ignis
2592 1005 2844 1073 flagrans.
2893 1026 2912 1058 ι
2950 1007 3083 1061 Vide
3125 1017 3307 1062 autem
3352 1009 3469 1064 haec

1903 1095 2063 1147 verba
2118 1094 2397 1161 quomodo
2455 1109 2581 1148 cum
2638 1094 2788 1148 Novo
2844 1094 3198 1152 Testamento
3231 1111 3464 1152 consen-

1903 1169 2050 1239 tiant.
2077 1185 2209 1240 Nam
2244 1201 2350 1238 non
2382 1204 2400 1235 ι
2444 1186 2620 1255 ignem
2658 1204 2674 1236 ι
2710 1187 2798 1240 hic
2840 1186 2993 1248 dicit,
3025 1187 3120 1241 sed
3157 1207 3175 1239 ι
3213 1198 3470 1258 tanquam

1903 1276 2116 1344 ignem;
2173 1297 2188 1327 ι
2235 1279 2474 1346 itemque
2514 1272 2712 1346 lingua
2762 1279 3092 1333 videbantur
3149 1297 3168 1332 ι
3214 1290 3470 1348 tanquam

1903 1367 2093 1436 igneae.
2138 1352 2314 1422 illaec
2374 1369 2537 1436 igitur
2592 1386 2714 1437 quin
2765 1385 2830 1422 ex
2885 1370 3010 1423 aliis
3067 1371 3251 1426 multis
3297 1386 3471 1442 pauca

1901 1460 2036 1528 elegi
2072 1459 2207 1513 dicit
2245 1459 2688 1530 Chrysostomus.
2719 1462 3000 1516 Videtisne
3029 1479 3160 1531 ergo
3190 1463 3470 1532 quomodo

1901 1549 2065 1604 breve
2098 1553 2259 1603 etiam
2296 1551 2592 1604 verborum
2631 1551 3063 1606 additamentum
3102 1554 3468 1609 temeritatem

1899 1651 1952 1693 et
1978 1640 2258 1694 licentiam
2293 1642 2489 1694 mentis
2517 1643 2762 1706 castiget,
2797 1651 2851 1693 et
2897 1641 3072 1695 frenet
3098 1633 3467 1706 insolentiam,

1899 1730 1943 1784 si
1982 1733 2117 1783 lines
2165 1730 2388 1799 quidam
2442 1733 2715 1787 transilire
2752 1743 2975 1801 prOpter
3017 1732 3378 1801 ignorantiam
3413 1744 3471 1789 et

1901 1836 2120 1889 pravam
2153 1823 2399 1876 certandi
2433 1824 2712 1877 litidinem
2763 1826 3018 1879 studeant
3045 1826 3066 1878 ’ἒ
3097 1825 3231 1879 Nam
3260 1825 3469 1895 adjecta

1901 1911 1992 1965 illa
2024 1912 2117 1966 sub
2151 1915 2562 1984 pra‘positiene,
2606 1916 2925 1984 gravissima
2978 1926 3096 1970 orta
3135 1927 3221 1971 est
3257 1918 3470 1986 inepto-

1900 2018 2019 2057 rum
2076 2016 2520 2074 argumentorum
2562 2007 2881 2075 publii-alio,
2936 2019 2991 2060 et
3042 2009 3203 2062 breve
3255 2007 3468 2062 addita-

1897 2103 2139 2155 mentum
2178 2096 2310 2149 illud
2328 2097 2392 2149 ad
2419 2112 2599 2150 veram
2635 2100 2961 2152 sententiam
2997 2099 3378 2153 declarandam
3408 2110 3464 2152 et

1894 2184 2323 2240 confirmandam
2371 2189 2567 2240 summi
2618 2192 2880 2242 momenti
2933 2203 3051 2254 est;
3108 2208 3219 2260 quo
3263 2207 3458 2261 nempe

1897 2273 2189 2327 manifesto
2239 2289 2376 2328 vana
2434 2279 2772 2331 concertatio
2830 2295 3077 2347 repressa
3139 2291 3225 2334 est
3271 2297 3463 2335 eorum

1893 2366 2097 2434 quibus
2127 2382 2232 2420 non
2267 2368 2444 2436 pudor
2469 2378 2552 2423 est
2583 2370 2771 2425 divina
2808 2356 3142 2442 turpissimis
3177 2377 3465 2430 sententiis

1892 2458 2204 2528 profanare.
2237 2458 2342 2511 Sed
2371 2460 2536 2514 liccat
2573 2463 2705 2516 mihi
2731 2465 2894 2517 etiam
2930 2467 3293 2536 perstringere
3315 2470 3462 2538 quod

1893 2549 1970 2603 illi
2009 2549 2184 2601 lucem
2237 2549 2379 2604 illam
2437 2550 2565 2604 dum
2610 2554 2762 2607 nimii
2813 2557 3108 2623 aestiment,
3148 2557 3315 2629 418
3342 2560 3463 2621 plus

1889 2655 2046 2708 aequo
2093 2640 2276 2708 potius
2335 2641 2598 2711 objiciunt
2633 2683 2646 2707 ,
2711 2661 2833 2697 cum
2906 2647 3246 2702 confundant
3287 2650 3365 2704 sic
3407 2659 3462 2704 et

1890 2733 2280 2784 commisceant
2306 2748 2429 2786 cum
2465 2733 2533 2786 iis
2570 2749 2689 2802 qua:
2723 2751 2951 2804 prorsus
2980 2738 3157 2792 aliena
3191 2749 3343 2799 sunt,
3372 2741 3457 2794 vi-

1891 2819 2106 2872 sibilem
2151 2820 2399 2873 dicentes
2441 2836 2562 2890 quae
2599 2822 2688 2874 lux
2732 2822 2994 2887 increata,
3026 2824 3459 2893 participabilcm

1890 2926 2008 2978 quae
2037 2911 2454 2972 inaccessibilis,
2476 2912 2754 2965 dividuam
2787 2929 2907 2981 qua:
2937 2915 3056 2967 sine
3091 2915 3319 2968 materia
3351 2925 3456 2971 est.

1889 3002 2211 3071 llnjusniodi
2252 3003 2362 3071 jam
2405 3003 2508 3057 alia
2546 3015 2673 3057 sunt
2708 3006 2879 3058 multa
2919 3021 3039 3074 quae
3087 3021 3237 3060 nunc
3278 3001 3453 3063 taceo.

1887 3094 2073 3162 Neque
2117 3095 2369 3147 consulto
2416 3095 2495 3149 illi
2545 3110 2919 3159 succenseam,
2981 3097 3089 3150 imo
3141 3099 3288 3166 quod
3333 3100 3458 3170 qui-

210 3175 386 3242 ἔγωγε
428 3177 723 3248 διοίσομαι,
758 3183 866 3234 οὐδ’
901 3185 1041 3237 ἑκών
1093 3204 1154 3253 γε
1207 3184 1348 3241 εἶναι
1382 3193 1584 3261 τουτῳῒ
1616 3213 1777 3264 νεμε-
1811 3193 1850 3251 C
1886 3208 1893 3236 ε

1770 3225 1777 3235 .
1811 3193 1850 3251 c
1886 3185 2009 3239 dem
2037 3186 2100 3238 ad
2133 3202 2215 3240 me
2237 3186 2453 3249 attinet,
2485 3187 2633 3239 illum
2656 3188 2883 3241 omnino
2913 3204 3022 3242 non
3047 3191 3453 3258 reprehenden-

210 3267 362 3336 σῴην
395 3269 482 3320 ἄν.
531 3270 691 3323 Ἀλλά
746 3275 837 3324 καὶ
880 3275 939 3326 τὸ
983 3279 1304 3349 ἀνεγκλήτῳ
1353 3281 1539 3348 μένειν
1585 3287 1787 3338 παντά-

208 3376 346 3410 πασι
380 3359 440 3410 τό
470 3358 523 3426 γ’
546 3362 680 3446 ἐμὸν
726 3365 889 3431 μέρος
921 3366 1174 3435 ἀσμένως
1207 3372 1355 3440 αύτῷ
1388 3375 1583 3444 κομιδῇ
1625 3395 1784 3446 χαρι-

213 3445 449 3513 σαίμην·
483 3447 578 3497 καὶ
625 3442 770 3501 οὗτοι
809 3453 912 3519 γὰρ
945 3454 981 3505 ἀ
1016 3456 1150 3523 μηδὲ
1199 3462 1310 3519 τοῖς
1356 3442 1657 3531 κτίσμα-σιν
1687 3469 1786 3519 οὐκ

211 3533 278 3585 ἀν
331 3551 419 3596 τις
472 3537 691 3607 τολμῴη
754 3542 1115 3610 παρέχεσθαι,
1172 3547 1392 3616 δαίμοσι
1445 3551 1647 3624 δηλαδὴ
1694 3558 1784 3608 καὶ

205 3621 414 3691 ψυχαῖς
465 3629 562 3680 καὶ
617 3631 871 3695 ἀγγέλοις
939 3633 1193 3704 (ἀόρατος
1257 3640 1364 3708 γὰρ
1420 3643 1515 3694 καὶ
1581 3621 1786 3699 τούτων

210 3714 537 3785 ἀπάντωνή
572 3719 757 3785 φύσις,
799 3725 848 3775 εἰ
886 3725 960 3792 μὴ
999 3726 1085 3778 διὰ
1119 3730 1406 3797 συμϐόλων
1461 3738 1556 3790 καὶ
1598 3736 1786 3790 τύπων

208 3807 544 3873 σωματικῶν
602 3812 773 3865 ἐνίοτε
839 3816 1123 3882 φαίνοιντο
1173 3819 1264 3871 τὸν
1312 3823 1564 3883 ἑκάστοις
1617 3844 1787 3896 προσ-

207 3897 416 3962 ήκοντα
462 3899 712 3969 τρόπον),
752 3903 962 3965 τούτοις
1009 3908 1266 3974 ἀσμένως
1322 3914 1783 3983 συναριθμεῖσθαι

203 3983 309 4043 τὰς
339 3984 552 4047 οἰκείας
583 3989 848 4057 θεότητας
882 3992 1186 4045 συνωθούσι
1231 3995 1329 4059 τὰς
1357 3999 1646 4064 ἀκτίστους
1687 4006 1782 4058 καὶ

203 4073 564 4143 ἀπροσίτους,
623 4079 720 4131 καὶ
775 4081 1015 4147 μάλιστα
1069 4085 1260 4138 πισῶν
1310 4089 1368 4140 τὸ
1401 4090 1782 4161 διειλημμένον

203 4168 384 4219 ἐκεῖνο
435 4168 570 4235 φῶς.
631 4171 843 4242 Ὠσπερ
916 4176 1026 4244 γάρ
1085 4178 1376 4247 ἀνανδρίας
1437 4183 1782 4255 ἑκατέρωθεν

201 4258 431 4327 ἔλεγχον
461 4261 666 4328 ἀμφοῖν
697 4263 866 4331 ἄμφω
926 4269 1169 4334 κομίζει,
1215 4270 1295 4340 τῷ
1336 4289 1395 4324 τε
1441 4275 1516 4343 μή
1571 4277 1779 4331 Θέλοντι

201 4350 469 4418 θνήσκειν
496 4353 585 4405 ὅτε
616 4354 719 4419 δεῖ,
750 4358 846 4408 καὶ
884 4359 961 4428 τῷ
1003 4359 1212 4415 θέλοντι
1262 4366 1425 4417 πάλιν
1455 4368 1542 4419 ὅτε
1572 4369 1646 4438 μὴ
1675 4371 1774 4436 δεῖ,

201 4439 353 4492 οὕτω
391 4443 496 4494 κάν
526 4447 649 4506 ταῖς
681 4446 858 4510 θείαις
895 4451 1087 4516 τιμαῖς
1122 4453 1184 4504 τὸ
1220 4453 1561 4523 ὑπερϐάλλον
1591 4456 1650 4513 οὗ
1699 4462 1775 4532 μή

201 4530 500 4599 προσήκει,
550 4534 614 4584 ού
651 4535 818 4604 τιμήν
862 4540 1091 4608 παρέχει
1148 4541 1288 4611 Θεῷ,
1330 4547 1533 4598 σκοπὸν
1561 4530 1772 4618 ὕϐρεως
1803 4533 1853 4592 Ῑ)

202 4621 518 4688 τηνικαῦτα
575 4624 678 4692 τῆς
731 4627 826 4679 τοῦ
873 4629 1140 4694 εύλαϐοῦς
1175 4639 1598 4706 προσποιήσεως
1635 4657 1773 4710 συμο

203 4714 584 4782 πορευόμενόν
619 4733 676 4768 τε
707 4718 804 4770 καὶ
845 4723 1192 4789 συμπλέοντα
1234 4730 1607 4798 κεκτημένης.
1641 4733 1775 4783 Πολ-

196 4804 296 4857 λοῦ
355 4806 514 4871 μέντ⁹
555 4809 623 4860 ἀν
655 4809 866 4879 δεήσειε
912 4814 985 4881 μὴ
1034 4817 1128 4867 καὶ
1185 4819 1322 4887 πρὸς
1381 4821 1480 4890 τὴν
1519 4821 1773 4876 Ναυάτου

201 4897 632 4966 μισανθρωπίαν
687 4902 852 4955 ὠθεῖν
900 4906 1000 4976 τὴν
1057 4907 1309 4980 μίμησιν,
1348 4911 1405 4974 ὃς
1444 4915 1542 4982 τὴν
1573 4915 1775 4984 ἀρετὴν

197 4993 255 5049 ές
288 4992 350 5040 τὸ
385 4990 731 5059 ὑπερϐάλλον
766 4997 933 5066 τιμᾷν
975 5004 1472 5071 προσποιούμενος,
1514 5005 1674 5063 ἔλαθε
1716 5009 1774 5058 τὸ

196 5082 297 5134 τοῦ
333 5084 472 5135 Θεοῦ
515 5086 903 5157 φιλάνθρωπον
950 5093 1008 5154 ἐξ
1063 5095 1242 5145 αὐτῶν
1293 5098 1580 5166 κρηπίδων
1618 5099 1772 5152 am.

198 5191 342 5241 κρυς
383 5177 648 5244 ἀναιρῶν,
677 5180 774 5248 τὴν
807 5181 865 5245 ἐξ
895 5183 1170 5253 ἁμαρτίας
1201 5190 1492 5253 μετάνοιαν
1524 5190 1776 5258 οὐδαμῶς

199 5265 598 5333 προσιέμενος,
642 5271 735 5320 καὶ
776 5275 1148 5341 προσηγορίαν
1180 5277 1470 5339 εὐλαϐείας
1504 5281 1562 5330 ἐν
1594 5269 1775 5350 ἀωρίᾳ

200 5357 535 5422 προφάσεως
570 5358 749 5427 ἐαυτῷ
803 5365 1217 5432 προμνώμενος,
1267 5369 1335 5419 τὰ
1376 5369 1627 5436 χείριστα
1675 5371 1776 5436 τῆς

199 5451 408 5512 κακίας
436 5454 552 5512 τοῖς
579 5452 975 5523 ἠκολουθηκόσι
1005 5460 1396 5529 προύξένησεν
1426 5463 1568 5514 οὕτω
1598 5463 1777 5531 χείρι-

201 5543 336 5592 στον
376 5544 494 5593 ἐστι
530 5543 670 5612 ὑπὲρ
718 5546 777 5597 τὸ
830 5547 948 5600 δέον
997 5549 1182 5620 ᾇττειν
1247 5557 1337 5603 καὶ
1377 5553 1605 5622 Πατρῶν
1654 5556 1776 5623 ὅρια

201 5635 401 5683 κινεῖν.
452 5633 798 5700 ’Λντιερωνεῖν
847 5641 957 5710 γὰρ
1005 5642 1218 5710 ἀνάγκη
1253 5646 1363 5706 τοῖς
1403 5644 1635 5710 ἀφανέσι
1667 5647 1775 5696 τῶν

199 5723 443 5789 ὀρέξεων
495 5726 730 5781 ἐνταῦθα
791 5732 984 5784 πάθεσι
1051 5737 1114 5785 τὰ
1161 5737 1341 5803 χειρὸς
1391 5742 1482 5788 καὶ
1530 5738 1778 5806 γλώττης

204 5814 432 5884 ἐμφανῆ
473 5818 785 5886 κινήματα,
825 5823 918 5874 καὶ
965 5826 1252 5896 σφετέροις
1310 5828 1545 5897 σφέτερα
1586 5831 1775 5898 μέρεσι

1888 3273 2016 3327 dum
2061 3290 2184 3329 esse
2243 3278 2451 3332 malim.
2507 3279 2611 3332 Sed
2663 3279 2716 3331 hi
2766 3281 2914 3348 quod
2957 3281 3080 3349 quis
3134 3297 3242 3335 non
3296 3282 3456 3339 facile

1886 3366 2154 3419 creaturis
2181 3368 2422 3419 tribuere
2452 3370 2602 3431 velit,
2653 3370 2996 3425 da’monihus
3035 3382 3224 3440 aperte
3249 3381 3305 3427 et
3330 3375 3456 3429 ani-

1885 3457 1990 3509 mis
2023 3467 2074 3510 et
2112 3461 2338 3527 angelis,
2361 3477 2595 3529 quorum
2646 3478 2776 3518 sane
2808 3465 3055 3518 omnium
3091 3477 3283 3524 natura
3315 3466 3458 3522 invi-

1885 3545 2059 3599 sibilis
2086 3557 2190 3613 est,
2225 3559 2425 3617 pratter
2456 3551 2600 3618 quod
2629 3553 2890 3622 symbolis
2911 3563 2967 3608 et
3000 3555 3140 3624 typis
3171 3555 3455 3624 corporeis

1885 3638 2161 3692 interdum
2197 3656 2297 3710 pro
2328 3644 2573 3710 ipsorum
2602 3645 2800 3712 singuli
2829 3647 3034 3715 quique
3066 3657 3259 3701 natura
3294 3649 3457 3704 nobis

1885 3738 2183 3795 apparent.
2216 3743 2582 3784 annumerant
2611 3734 2756 3801 ipsas
2804 3735 3034 3791 deitates
3088 3737 3360 3792 increatas
3398 3751 3456 3793 et

1885 3820 2292 3874 inaccessibiles
2355 3831 2412 3875 et
2462 3838 2574 3892 pra:
2605 3825 2728 3879 aliis
2776 3828 3033 3882 omnibus
3085 3829 3260 3884 lucem
3302 3831 3453 3885 illam

1883 3923 2045 3977 quam
2075 3910 2334 3965 diximus.
2375 3911 2844 3977 Quemadmodum
2872 3927 3052 3972 autem
3092 3920 3321 3988 ignaviae
3350 3935 3450 3991 op-

1881 4000 2108 4067 probrio
2141 4001 2340 4072 dignus
2365 4012 2447 4058 est
2482 4015 2732 4074 uterque,
2764 4016 2817 4061 et
2851 4010 2942 4074 qui
2984 3995 3125 4065 mori
3171 4028 3284 4066 non
3332 4014 3453 4068 vult

1879 4103 2003 4143 cum
2035 4091 2218 4154 debet,
2252 4102 2304 4146 et
2331 4095 2424 4163 qui
2461 4096 2576 4150 vult
2609 4112 2733 4150 cum
2770 4114 2877 4152 non
2912 4101 3094 4161 debet,
3124 4102 3198 4156 ita
3227 4119 3449 4174 quoque

1880 4181 1938 4234 in
1972 4181 2174 4246 divinis
2209 4185 2488 4240 attributis
2537 4188 2683 4256 quod
2740 4190 2974 4244 nimium
3021 4203 3103 4248 est
3133 4210 3242 4249 non
3275 4196 3449 4251 hono-

1878 4267 1993 4326 rein
2024 4274 2131 4328 fert
2152 4275 2282 4340 Deo,
2308 4291 2434 4331 cum
2465 4293 2686 4349 semper
2717 4282 2762 4335 si
2797 4284 2927 4352 quid
2960 4284 3182 4339 additur
3215 4287 3266 4341 id
3295 4304 3449 4343 arro-

1876 4365 2074 4433 gantiae
2101 4366 2316 4434 culpam
2353 4369 2554 4424 habeat
2583 4381 2638 4425 et
2672 4388 2858 4427 secum
2892 4376 3051 4430 ferat.
3088 4379 3204 4444 Qua
3231 4380 3447 4436 ratione

1878 4474 1985 4512 non
2042 4459 2273 4515 multum
2319 4461 2476 4517 abest
2510 4465 2641 4533 quin
2683 4467 2747 4521 ad
2778 4467 2970 4524 Novati
3009 4471 3192 4525 odium
3230 4473 3451 4527 imitan-

1878 4549 2006 4602 dum
2038 4551 2446 4618 compellamur,
2475 4556 2568 4623 qui
2602 4571 2724 4609 cum
2753 4558 3008 4612 virtutem
3035 4576 3194 4629 supra
3222 4565 3442 4616 modum

1876 4640 2148 4693 azstimare
2185 4643 2472 4706 simulans,
2505 4645 2598 4698 Dei
2633 4647 2913 4700 hominum
2944 4665 3184 4703 amorem
3224 4654 3275 4704 in
3310 4653 3444 4717 ipsis

1878 4731 2248 4785 fundamentis
2279 4735 2492 4788 evertit.
2510 4736 2640 4788 Nam
2659 4740 2954 4805 peccatoris
2971 4743 3344 4809 pmnitentiam
3368 4747 3448 4799 ni-

1879 4820 1976 4873 hili
2001 4821 2220 4888 habuit;
2255 4834 2459 4877 etcum
2490 4828 2727 4880 cautioni
2758 4845 2856 4896 pro
2885 4832 3063 4885 inutili
3090 4836 3444 4890 excusatione

1877 4910 2042 4981 419
2095 4922 2241 4966 totus
2295 4915 2633 4980 confideret,
2684 4922 2921 4986 posteris
2974 4921 3174 4991 fl:-gitia
3232 4941 3445 4980 summa

1881 5006 2223 5070 pra-paravit.
2277 5005 2456 5071 Quare
2520 5011 2816 5076 pessimum
2877 5022 2960 5067 est
3009 5029 3168 5082 Supra
3224 5019 3443 5072 modum

1877 5094 2149 5147 :estimare
2198 5096 2404 5162 aliquid
2459 5111 2514 5152 et
2550 5098 2770 5152 l’atrnm
2821 5114 3090 5169 prmcepta
3129 5105 3439 5161 immutare.

1879 5184 1963 5237 Fit
1992 5187 2138 5238 enim
2173 5198 2232 5239 ut
2260 5189 2568 5257 di5crcpent
2608 5192 2674 5244 ab
2719 5195 2949 5248 occultis
2996 5196 3160 5249 animi
3204 5199 3444 5253 motibus

1881 5293 2076 5330 manus
2106 5287 2161 5330 et
2188 5280 2388 5348 [iugum
2421 5292 2600 5336 motus
2631 5284 2936 5353 conspicui,
2972 5295 3027 5340 et
3063 5287 3203 5342 inter
3232 5290 3443 5360 singula

1880 5372 2120 5424 membra
2167 5375 2528 5440 repugnantia
2559 5375 2804 5442 qnmdam
2851 5389 2906 5430 ct
2937 5379 3207 5432 dissensio
3245 5381 3443 5447 alatur,

1879 5462 2051 5513 donec
2077 5471 2292 5529 tempus
2321 5464 2549 5532 justiti:e
2593 5475 2740 5519 certa
2771 5468 2974 5522 trutina
3001 5470 3247 5526 adhibita
3283 5490 3443 5544 aper-

1880 5561 1992 5605 tum
2028 5555 2384 5620 opprobrium
2418 5555 2471 5607 in
2517 5557 2694 5610 lucem
2739 5558 2878 5611 ferat
2908 5569 2964 5612 et
2992 5575 3084 5615 eos
3113 5564 3205 5632 qui
3234 5563 3441 5620 honore

1878 5645 2145 5700 fruiturus
2177 5663 2234 5700 se
2266 5659 2552 5715 sperarent
2585 5649 2883 5718 ignominia
2928 5663 3141 5711 notatos
3165 5659 3440 5714 ostendat.

1879 5739 2033 5801 Quod
2085 5740 2294 5807 experti
2329 5752 2458 5795 sunt
2489 5742 2579 5810 qui
2614 5742 2993 5798 Aetistitarum
3041 5749 3270 5803 hmresin
3313 5749 3438 5819 [ποῖ

1883 5831 2148 5884 tulerunt.
2200 5833 2262 5887 lli
2316 5835 2460 5887 cnim
2513 5835 2716 5890 Christi
2755 5853 2953 5908 corpus
3005 5843 3331 5898 celebraturi
3362 5846 3437 5898 in-
