4262 6362
780 283 886 348 383

1996 283 2413 346 NICEPIIOBI
2453 283 2836 344 GREGORIE

3925 269 4032 335 38‘

783 398 1119 464 Ltrditaicm,
1153 417 1259 470 qua
1289 401 1472 454 divina
1497 414 1606 453 non
1638 398 1800 468 digne
1839 398 2115 468 explicare
2156 399 2346 468 possit.
2379 415 2420 466 Α
2453 399 2466 449 l

2379 415 2420 466 Α
2453 396 2661 465 ἑώρακε
2688 395 2931 453 πώποτε,
2970 413 2986 445 ι
3019 391 3504 458 εύκγγελιζόμενοτ
3534 387 3919 452 ἀποφαίνεται.
3955 383 4033 450 μὴ

780 504 883 542 nec
934 507 1055 559 qua:
1087 508 1187 546 nec
1226 492 1502 561 quomodo
1541 492 1608 547 de
1642 491 1836 546 visibili
1871 490 2087 546 Domini
2115 490 2343 544 manife-

780 592 1022 635 stattone
1045 585 1217 636 sancti
1251 583 1400 637 varie
1430 584 1856 653 disputavcrint.
1891 600 1991 638 nec
2018 601 2138 653 quae
2169 584 2235 639 de
2262 585 2345 638 in-

779 683 962 724 creata
992 683 1045 727 et
1079 674 1232 727 beata
1265 676 1412 729 illius
1437 685 1656 740 natura,
1685 674 1827 729 sicut
1853 678 2146 729 concentui
2177 678 2347 730 musi-

778 776 968 814 corum
1035 765 1526 820 instrumentorum
1585 775 1842 835 tanquam
1884 768 2081 820 artifex
2119 769 2345 821 harmo-

781 855 884 904 niae
919 854 1027 906 vim
1056 865 1218 924 atque
1246 868 1415 910 artem
1459 856 1640 909 alllatn
1676 858 1912 926 quodam
1951 874 2050 912 suo
2086 860 2343 926 inspirat.

777 941 933 1006 Quod
961 948 1132 1013 capiet
1155 948 1277 1015 quis
1304 947 1486 1010 credo,
1515 949 1766 1015 quamvis
1803 947 1954 1001 tarda
1987 958 2039 1001 et
2073 949 2344 1003 imbecilla

779 1043 986 1098 mente,
1010 1052 1131 1090 eum
1168 1037 1481 1107 Dionysium
1518 1038 1736 1106 planius
1760 1047 1816 1092 et
1840 1038 1956 1092 fuso.
1985 1041 2051 1093 ale
2077 1039 2159 1092 his
2186 1042 2346 1095 rebus

777 1123 1136 1179 disserentem
1156 1127 1390 1181 audierit
1418 1145 1431 1180 :
1471 1148 1487 1178 ι
1528 1129 1780 1182 Arbitror
1810 1130 1913 1182 hoc
1944 1132 2107 1185 etiam
2138 1148 2351 1186 sermo-

781 1216 1512 1280 nemdivinnminsinuare,
1563 1236 1760 1288 nempe
1812 1208 2227 1290 preplietarutn.
2281 1242 2346 1279 ex

779 1301 968 1357 abdito
994 1308 1580 1375 suprasubstantialem
1618 1309 1770 1361 illum
1806 1311 1859 1364 in
1900 1310 2061 1382 433
2102 1329 2345 1384 conspe-

783 1402 932 1449 ctum
969 1407 1215 1452 nostrum
1254 1399 1567 1454 humanitus
1599 1401 2023 1456 substantiatum
2050 1405 2344 1474 prodiisse.

779 1487 1034 1542 Attamen
1074 1490 1322 1544 occultus
1351 1491 1513 1544 etiam
1546 1501 1668 1560 post
1700 1492 2194 1549 manifestationem
2228 1508 2345 1562 aut,

781 1586 842 1629 ut
869 1577 1111 1632 divinius
1135 1579 1339 1644 dicam,
1380 1582 1432 1634 'rn
1469 1583 1580 1652 ipsa
1617 1585 2080 1640 manifestatione.
2132 1587 2344 1642 Etenim

781 1667 886 1720 hoc
915 1668 1044 1723 Jesu
1079 1673 1397 1741 mysterium
1430 1676 1709 1729 occultum
1744 1688 1848 1738 est.
1889 1693 2067 1747 neque
2098 1679 2210 1732 ullo
2230 1697 2345 1732 ser-

2448 492 2539 543 τοῦ
2572 492 2726 558 άγίου
2754 485 3019 559 διχόνοιαν
3045 486 3530 556 καταψηφιζέσθω,
3564 482 3624 553 [ί.
3655 483 3762 536 253
3794 478 3850 550 α]
3908 479 4033 532 ἀλλ’

2447 583 2642 637 ἑαυτοῦ
2676 582 2880 653 μᾶλλον
2909 583 3213 644 ἀσθένειαν,
3245 581 3327 633 ὅτι
3362 577 3436 646 μὴ
3469 575 3791 646 θεοπρεπῶς
3814 575 3885 627 τὰ
3905 572 4030 624 θεῖα

2447 673 2678 742 διαιρεῖν
2705 672 2953 739 δύναιτο,
2987 671 3116 741 μήθ’
3145 672 3243 724 ὅσα
3279 667 3409 738 μήθ’
3437 669 3586 728 ὅπως
3617 665 3746 734 περὶ
3767 662 3868 732 τῆς
3896 663 4032 729 ὁραμ-

2449 767 2546 833 τῆς
2576 763 2672 816 τοῦ
2711 764 2916 831 Κυρίου
2950 763 3269 831 θεοφανείας
3312 763 3361 814 οί
3402 759 3545 826 ἅγιοι
3573 756 3849 824 διαφόρως
3881 754 4031 806 άπε-

2449 860 2709 924 φήναντο,
2747 857 2876 927 μήθ’
2907 858 3008 909 ὅσα
3042 856 3172 924 περὶ
3206 855 3305 922 τῆς
3331 855 3586 906 άκτίστου
3619 867 3678 901 τε
3699 847 3797 901 καὶ
3838 862 4030 917 μακα-

2451 949 2570 1016 ρίας
2597 949 2765 1001 αὑτοῦ
2788 950 3026 1017 φύσεως,
3042 947 3295 1014 καθάπερ
3318 948 3374 998 tv
3401 942 3721 1011 πολυφωνίᾳ
3745 937 4035 1010 μουσικῶν

2449 1041 2720 1107 ὀργάνων,
2763 1041 2894 1108 μίαν
2930 1038 3022 1090 τοῦ
3073 1039 3318 1107 τεχνίτου
3362 1034 3502 1088 Θεοῦ
3549 1035 3650 1103 τὴν
3702 1031 4038 1101 ιναρμόνισν

2448 1132 2644 1201 τέχνην
2676 1133 2768 1184 καὶ
2802 1131 3036 1201 δύναμιν
3069 1132 3400 1199 ἑμπνέοντός
3440 1146 3499 1181 τε
3549 1128 3646 1180 καὶ
3685 1122 4036 1195 ἑνηχοῦνβος.

2450 1223 2679 1292 Συνήσει
2710 1222 2775 1286 δ’,
2810 1217 2985 1290 οἶμαι,
3017 1222 3112 1275 καὶ
3151 1223 3199 1273 εί
3247 1221 3367 1273 λίαν
3402 1220 3487 1290 ειη
3516 1217 3726 1288 νωθρὸς
3778 1217 3873 1268 καὶ
3905 1215 4038 1284 εὐή-

2450 1309 2570 1378 θης,
2620 1311 2718 1378 τὴν
2772 1311 3000 1379 γνώμην
3051 1309 3330 1361 Διονυσίου
3382 1304 3769 1375 καθαρώτερόν
3821 1321 3883 1356 τε
3936 1305 4038 1356 καὶ

2449 1402 2726 1472 ἀποτάδην
2780 1403 2994 1455 ἁκούων
3020 1402 3310 1466 διεξιόντος
3336 1403 3495 1453 ταυτί
3529 1398 3645 1468 (1)·
3681 1416 3700 1448 ι
3740 1397 3852 1450 Καὶ
3875 1394 4042 1449 τοῦτο

2449 1493 2557 1562 γὰρ
2611 1491 2785 1562 οἶμαι,
2835 1498 2989 1565 φησὶ,
3036 1495 3135 1562 τὴν
3202 1494 3486 1559 θεολογίαν
3533 1490 3894 1556 αἰνίττεσθαι,
3934 1487 4040 1558 τὴν

2448 1586 2557 1636 τῶν
2590 1587 2886 1656 προφητῶν
2918 1587 3140 1656 δηλαδὴ,
3174 1587 3235 1638 τὸ
3261 1587 3323 1638 ἐκ
3347 1585 3441 1638 τοῦ
3474 1585 3709 1654 κρυφίου
3738 1583 3830 1636 τὸν
3859 1583 4041 1650 ὑπερ-

2451 1676 2633 1730 ούσιον
2688 1681 2764 1741 εἰς
2822 1678 2921 1746 τὴν
2957 1678 3081 1731 καθ’
3125 1679 3274 1748 ἡμᾶς
3314 1679 3618 1746 ἐμφάνειαν
3663 1675 4041 1746 ἀνθρωπικῶς

781 1773 942 1812 mone
990 1761 1076 1814 vel
1125 1763 1402 1817 intellectu
1463 1781 1785 1841 expressum
1820 1785 1834 1820 :
1874 1769 2008 1837 quin
2073 1770 2182 1823 imo
2215 1770 2343 1823 dum
2381 1747 2464 1820 Bt

2381 1747 2421 1800 Β
2450 1769 2789 1822 οὖσιωθέντα
2842 1747 3308 1840 προεληλυθγὲναιο
3361 1772 3596 1842 κρύφιος
3649 1768 3709 1822 δέ
3768 1770 3889 1821 ἑστι
3941 1767 4039 1821 καὶ

779 1852 1061 1919 profertur
1113 1870 1396 1920 arcanum,
1443 1869 1500 1911 et
1551 1860 1679 1911 dum
1742 1862 2064 1930 intelligitur
2100 1865 2344 1933 ignotum

779 1955 1018 1999 manet.)
1083 1947 1146 2002 Et
1196 1961 1317 2014 post
1366 1954 1624 2006 nonnulla
1660 1972 1672 2006 :
1719 1975 1734 2003 ι
1770 1956 1911 2019 Jam,
1944 1968 2002 2010 ut
2031 1962 2344 2013 summatim

777 2033 1048 2102 dicamus,
1083 2056 1150 2093 ne
1186 2042 1348 2095 homo
1382 2045 1601 2111 quidem
1625 2057 1763 2107 erat.
1799 2064 1906 2102 non
1940 2052 2083 2118 quod
2119 2068 2224 2104 non
2255 2068 2344 2106 es-

775 2135 865 2180 set
895 2127 1085 2193 homo,
1131 2135 1226 2186 sed
1265 2140 1409 2202 quod
1436 2153 1500 2189 ex
1555 2137 1868 2193 hominibus
1900 2150 2060 2194 natus
2098 2143 2347 2198 homines

775 2217 935 2288 longe
967 2225 1240 2290 superarit
1260 2238 1314 2280 et
1340 2243 1502 2296 supra
1527 2229 1801 2284 hominem
1829 2248 1956 2287 vere
1984 2233 2148 2291 homo
2173 2236 2347 2289 factus

774 2312 864 2365 sit.
892 2313 1165 2368 Caeterum
1197 2317 1383 2370 divina
1428 2335 1537 2371 non
1569 2332 1626 2373 nt
1659 2321 1823 2384 Deus,
1875 2340 2054 2392 neque
2109 2327 2344 2381 humana

775 2413 1045 2470 quatenus
1070 2405 1234 2460 homo
1257 2411 1500 2476 gerebat,
1523 2411 1618 2465 sed
1647 2423 1914 2480 quatenus
1938 2415 2078 2469 Deus
2099 2429 2153 2470 et
2183 2419 2347 2471 homo

776 2509 972 2546 novant
1013 2499 1286 2565 quandam
1328 2503 1611 2557 nobiscum
1646 2508 2023 2561 eonversando
2081 2509 2340 2564 dei-viri-

774 2585 880 2638 lem
906 2590 1280 2654 operationem
1311 2593 1662 2649 exhibebat.»
1703 2599 1916 2653 llttrsus
1948 2611 1960 2652 ε
1996 2601 2081 2654 «ιιι
2119 2603 2220 2656 hoc
2246 2620 2344 2672 ap-

776 2689 932 2744 paret
966 2680 1052 2732 cui
1091 2682 1258 2735 Deum
1291 2699 1632 2752 cognoscere
1692 2699 1751 2742 et
1804 2690 2111 2762 intelligere
2169 2696 2347 2748 conti-

774 2767 872 2834 git,
906 2769 1048 2836 quod
1079 2787 1254 2839 neque
1287 2773 1540 2845 intelligit
1573 2794 1751 2848 neque
1786 2785 2066 2852 cognoscit
2104 2800 2162 2838 re
2195 2801 2346 2853 vera,

774 2858 980 2925 quippe
1045 2862 1137 2928 qni
1193 2877 1360 2931 supra
1406 2866 1825 2936 intelligentiam
1866 2880 1923 2926 et
1976 2874 2346 2941 cngnitionem

772 2943 903 2997 sit.»
945 2947 1222 3004 Videtisne
1248 2956 1600 3008 concordiam
1651 2958 2050 3028 discipulorum
2089 2964 2347 3032 pietatis?

775 3036 949 3103 Quam
980 3045 1126 3094 enim
1167 3044 1369 3099 Paulus
1403 3050 1668 3103 visionem
1729 3056 2033 3108 nominavit
2099 3058 2150 3109 in
2182 3060 2349 3127 aenig-

781 3143 923 3187 mate
986 3152 1082 3204 per
1149 3141 1458 3206 speculum,
1509 3143 1563 3194 in
1621 3143 1806 3197 futuro
1857 3155 2040 3200 autem
2098 3148 2235 3202 facie
2282 3152 2346 3204 ad

785 3228 998 3293 lac-ient,
1031 3241 1086 3282 et
1111 3230 1390 3288 Joannes:
1427 3235 1668 3290 nondum
1703 3239 1860 3292 nobis
1896 3245 2215 3308 apparuisse
2249 3243 2350 3295 Do-

779 3324 1010 3383 minum,
1042 3324 1132 3374 sed
1168 3326 1218 3375 in
1247 3325 1432 3379 futuro
1466 3343 1632 3380 carne
1691 3333 2037 3397 corruptibili
2068 3334 2278 3401 objecta
2319 3352 2345 3386 a

781 3413 935 3467 nobis
983 3427 1335 3481 conspectum
1375 3419 1463 3478 iri.
1511 3424 1757 3472 eamdem
1795 3423 1883 3474 ille
1935 3428 1998 3475 ad
2065 3425 2346 3480 hominum

779 3521 999 3558 sensum
1033 3509 1300 3559 oa-(uham
1338 3510 1475 3562 dicit
1531 3512 1743 3564 Domini
1791 3517 2086 3566 essuntiam
2141 3533 2261 3571 esse
2292 3519 2346 3570 in

777 3597 1217 3651 manili-statione
1241 3610 1444 3668 etpost
1489 3604 2008 3670 manifestationem,
2044 3617 2100 3659 ct
2152 3620 2350 3678 myste-

781 3687 922 3738 t‘iuttl
971 3687 1099 3739 illud
1140 3689 1389 3756 quamvis
1420 3692 1760 3759 exprimatur
1815 3709 1912 3762 per
1944 3709 2000 3746 se
2050 3705 2232 3750 tamen
2264 3701 2348 3750 in-

782 3781 1024 3846 fandum,
1045 3793 1100 3835 et
1123 3787 1372 3851 quamvis
1393 3789 1686 3855 cogitetur.
1722 3805 1828 3843 neu
1864 3800 2042 3850 tamen
2076 3807 2233 3860 posse
2258 3806 2348 3842 eo-

779 3877 987 3940 gnosci.
1023 3875 1185 3946 434
1213 3877 1473 3938 «Novam.
1515 3881 1712 3949 inquit,
1737 3884 2029 3951 quamdam
2065 3885 2347 3936 nobiscum

780 3972 1156 4019 eonv-‘rsando
1205 3970 1538 4022 dei-virilem
1607 3974 1975 4039 operationem
2030 3974 2346 4037 exhibebat,

780 4067 837 4109 et
866 4074 1025 4126 supra
1067 4060 1348 4112 hominum
1393 4063 1764 4116 COlldlllUllt'lll
1792 4065 1957 4133 gessit
1984 4081 2045 4117 ea
2077 4081 2197 4135 quae
2223 4075 2351 4118 sunt

782 4151 1039 4202 hominis.
1071 4153 1225 4217 Quod
1250 4154 1499 4208 declarat
1528 4136 1585 4208 et
1615 4157 1768 4224 virgo
1793 4171 1914 4224 qua:
1950 4161 2112 4225 supra
2144 4169 2351 4210 natura:

778 4243 1149 4297 conditionem
1184 4246 1347 4314 parit,
1384 4255 1438 4299 et
1489 4250 1637 4315 aqua
1661 4247 1937 4300 instabilis
1994 4263 2114 4316 quae
2150 4248 2349 4316 pedum

778 4353 843 4389 cx
881 4339 1111 4390 materia
1137 4350 1193 4392 et
1219 4349 1360 4393 terra
1394 4341 1717 4409 gravitatem
1755 4343 1992 4395 sustinet
2025 4357 2201 4410 neque
2254 4358 2346 4396 ce-

778 4429 877 4487 dit.
910 4431 1001 4483 sed
1037 4431 1087 4482 vi
1109 4432 1515 4496 supernaturali
1547 4432 1666 4485 sine
1702 4432 1998 4486 diﬂ'usione
2033 4433 2342 4488 subsistit.»
2381 4445 2427 4501 ι)

783 4521 847 4573 Et
879 4522 1044 4573 alias:
1087 4539 1105 4571 ι
1144 4521 1200 4575 Si
1239 4524 1364 4591 quis
1395 4524 1513 4576 viso
1551 4525 1659 4577 Deo
1685 4525 1941 4591 cognovit
1975 4524 2025 4578 id
2085 4527 2231 4594 quod
2271 4528 2351 4580 vi-

780 4615 879 4673 dit,
913 4629 1253 4681 nequaquam
1307 4616 1481 4682 ipsum
1538 4615 1694 4677 vidit,
1728 4616 1820 4668 sed
1854 4617 2059 4686 aliquid
2112 4634 2142 4671 e
2188 4620 2351 4673 rebus

789 4720 900 4768 qua:
940 4709 990 4755 in
1022 4721 1088 4756 ei»
1119 4707 1392 4756 exsistunt
1421 4715 1945 4774 elcuignoscuntttr;
1999 4707 2114 4774 ipse
2168 4718 2350 4761 autem

780 4814 942 4862 supra
979 4808 1280 4850 meulemcl
1313 4800 1667 4851 substantiam
1687 4813 1934 4860 manens,
1973 4801 2097 4866 quia
2127 4802 2352 4853 omnino

783 4904 885 4938 non
907 4891 1255 4953 cognoscitur
1275 4903 1450 4956 nequc
1467 4889 1681 4942 exsistit
1700 4904 1865 4956 supra
1887 4889 2245 4942 substantiam
2269 4903 2355 4944 est

779 4988 829 5029 cl
855 4997 1016 5044 supra
1053 4985 1701 5048 lltt'lllC'l'C(‘gIIOSCiIIH‘I
1739 4991 1787 5033 el
1828 4982 1913 5034 illa
1956 4981 2352 5049 perfectissima

784 5071 835 5125 in
871 5073 1062 5122 bonum
1113 5081 1319 5138 partem
1355 5073 1620 5139 ignoratio
1653 5073 1840 5124 notitia
1872 5082 1954 5124 est
1984 5076 2102 5142 ejus
2149 5076 2240 5144 qui
2273 5086 2356 5129 est

784 5178 942 5229 supra
969 5165 1149 5214 omnia
1181 5180 1297 5230 quar
1332 5164 1384 5215 in
1422 5164 1785 5232 cognitionem
1815 5165 2067 5218 cadunt.»

854 5254 990 5307 Xlll.
1033 5256 1219 5318 Itaque
1252 5255 1482 5321 apostoli
1523 5272 1646 5307 cum
1696 5258 1748 5308 in
1797 5268 1983 5309 monte
2010 5258 2231 5311 Thabor
2260 5260 2341 5312 lu-

785 5363 902 5399 cem
942 5349 1083 5400 il!am
1121 5349 1207 5399 νὶιΙ
1236 5357 1408 5405 ssent,
1446 5365 1540 5399 mc
1575 5349 1838 5401 deitatem
1890 5349 2185 5403 incrcatam
2250 5367 2347 5402 nec

788 5439 956 5491 Deum
995 5441 1271 5505 v‘derunt,
1301 5439 1396 5493 scd
1431 5441 1638 5506 aliquid
1698 5457 1888 5491 eorum
1926 5457 2044 5506 qua:
2075 5442 2345 5492 OXslSlllttl

785 5536 839 5588 in
871 5548 938 5586 eo
965 5542 1020 5585 et
1052 5544 1483 5601 cognoscuntur.
1523 5532 1706 5600 Neque
1735 5549 1796 5585 ca
1829 5548 1950 5601 qua:
1982 5542 2110 5584 sunt
2167 5543 2220 5584 ct
2257 5552 2347 5584 co-

853 5717 930 5778 (ί)
968 5716 1061 5768 Ἐκ
1096 5718 1187 5784 τῆ,
1225 5718 1356 5782 πρὶς
1385 5717 1541 5771 Γαῖον
1579 5718 1858 5784 ἑπισῖιὶῆς
1893 5721 2094 5784 τρίτης.

2453 1861 2590 1929 μετὰ
2618 1860 2719 1928 τὴν
2750 1861 3036 1929 ἐκφανσιν,
3071 1862 3102 1932 ἢ
3133 1862 3219 1915 ἵνα
3244 1862 3307 1915 τὸ
3351 1862 3622 1930 θειότερον
3653 1861 3812 1923 εῐπω,
3846 1861 3944 1912 καὶ
3980 1861 4041 1910 ὲν

2447 1954 2514 2020 τῇ
2548 1953 2840 2019 ὲκφάνσειο
2876 1954 2971 2006 καὶ
3012 1953 3171 2007 τοῦτο
3209 1958 3320 2022 γάρ
3362 1956 3455 2008 τοῦ
3491 1954 3664 2024 Ἰησοῦ
3696 1953 4037 2020 κέκρυπται,

2450 2045 2546 2097 καὶ
2583 2045 2759 2097 οὐδενὶ
2811 2046 2956 2114 λόγῳ
3013 2045 3135 2100 οὔτε
3185 2046 3259 2114 νῷ
3309 2047 3368 2099 τὸ
3423 2045 3546 2099 κατ’
3584 2046 3746 2098 αὑτὸν
3796 2045 4037 2116 ὲξῆκται

2453 2138 2779 2205 μυστήριον,
2813 2138 2949 2192 ἀλλὰ
2987 2141 3082 2192 καὶ
3130 2139 3426 2209 λεγόμενον
3464 2140 3707 2210 ἄρρητον
3750 2139 3910 2208 μένει
3937 2140 4040 2192 καὶ

2452 2229 2740 2297 νοούμενον
2787 2230 3117 2298 ἄγνωστον.»
3146 2232 3256 2283 Καὶ
3311 2231 3430 2300 μετ’
3478 2232 3658 2298 ὀλίγα,
3698 2249 3718 2282 ι
3756 2233 3870 2284 Kal.
3895 2232 4033 2298 γὰρ,

2449 2318 2540 2369 ἵνα
2572 2319 2882 2380 συνελόντες
2917 2321 3185 2388 εἴπωμεν,
3225 2322 3346 2373 οὐδὲ
3380 2323 3668 2391 ἄνθρωπος
3699 2317 3788 2390 ἦν,
3826 2322 3926 2390 οὐχ
3957 2323 4035 2383 ὡς

2454 2408 2528 2478 μὴ
2556 2410 2861 2479 ἄνθρωπος,
2897 2412 3011 2462 ἀλλ’
3042 2414 3116 2474 ὡς
3148 2414 3206 2476 ἐξ
3240 2414 3542 2483 ἀνθρώπων
3572 2413 3880 2482 ἀνθρώπων
3910 2417 4037 2468 ἐπέ-

2450 2518 2604 2553 κεινα
2637 2508 2730 2554 καὶ
2777 2505 2914 2574 ὑπὲρ
2965 2506 3256 2574 ἄνθρωπον
3291 2508 3578 2573 ἄνθρωπος
3617 2508 3833 2575 ἀληθῶς
3866 2525 4036 2575 γεγο-

2451 2592 2575 2656 νὼς.
2607 2597 2698 2647 καὶ
2727 2597 2786 2647 τὸ
2818 2596 3002 2650 λοιπὸν
3028 2600 3086 2650 οὐ
3122 2601 3263 2651 κατὰ
3289 2600 3424 2650 Θεὸν
3463 2602 3528 2652 τὰ
3557 2599 3673 2651 θεῖα
3703 2599 3937 2668 δράσας,
3970 2603 4032 2653 οὐ

2450 2684 2591 2737 κατὰ
2642 2686 2931 2756 ἄνθρωπον
2986 2691 3053 2742 τὰ
3103 2690 3442 2759 ἀνθρώπινα,
3492 2692 3609 2744 ἀλλ’
3658 2691 4030 2760 ἀνδρωθέντος

2449 2775 2586 2828 Θεοῦ
2641 2781 2838 2848 καινήν
2886 2798 3006 2833 τινα
3051 2783 3152 2850 τὴν
3202 2783 3524 2852 θεανδρικὴν
3565 2784 3847 2852 ἐνέργειαν
3896 2785 4035 2852 ἡμῖν

2453 2869 2938 2940 πεπολιτευμένος.
2975 2892 2994 2924 »
3032 2875 3141 2926 Kal.
3189 2875 3371 2938 πάλιν,
3401 2894 3420 2926 ι
3463 2875 3553 2928 Ἐν
3601 2877 3781 2941 τούτῳ
3818 2878 4035 2940 γίνεται

2452 2961 2559 3020 πᾶς
2588 2961 2616 3010 ό
2645 2959 2779 3011 Θεὸν
2828 2962 3034 3027 γνῶναι
3067 2962 3159 3013 καὶ
3213 2962 3341 3014 ίδεῖν
3393 2962 3736 3031 ἀξιούμενος,
3770 2963 3926 3032 αὐτῷ
3959 2965 4037 3032 τῷ

2457 3051 2530 3118 μὴ
2563 3053 2696 3119 ὸρᾷν
2731 3052 2864 3119 μηδὲ
2891 3053 3185 3120 γινώσκειν
3220 3055 3438 3121 άληθῶς
3472 3056 3530 3105 ὲν
3559 3054 3636 3123 τῷ
3669 3056 3810 3124 ὑπὲρ
3841 3058 4038 3124 ὅρασιν

2451 3145 2547 3194 καὶ
2569 3145 2771 3210 γνῶσιν
2800 3145 3107 3213 γινόμενος.
3147 3165 3165 3198 »
3209 3145 3404 3215 Ὁρᾶτε
3434 3145 3532 3215 τὴν
3575 3148 3900 3214 συμφωνίαν
3925 3148 4036 3199 τῶν

2448 3233 2788 3289 διδασκάλων
2817 3237 2915 3305 τῆς
2943 3238 3227 3299 εὐσεϐείας
3257 3256 3270 3302 ;
3311 3239 3413 3290 Ἦν
3446 3239 3554 3306 γὰρ
3585 3239 3795 3300 Παῦλος
3827 3241 4036 3307 ἔφησεν

2449 3329 2639 3393 ὅρασιν
2671 3330 2728 3379 ἐν
2756 3329 3040 3396 αἰνίγματι
3068 3330 3162 3382 νῦν
3195 3331 3264 3381 δι’
3293 3331 3585 3399 ἐσόπτρου,
3624 3333 3682 3383 ὲν
3713 3332 3769 3384 δὲ
3795 3335 3875 3400 τῷ
3906 3335 4038 3401 μέλ-

2448 3413 2596 3465 λοντι
2651 3416 2945 3484 πρόσωπον
2993 3417 3131 3484 πρὸς
3187 3419 3502 3480 πρόσωπον,
3553 3419 3648 3471 καὶ
3692 3421 3833 3488 ὅπερ
3871 3421 4036 3483 αὖθις

2465 3506 2736 3572 Ἰωάννης,
2768 3505 2922 3559 οὔπω
2957 3509 3382 3576 πεφανερῶσθαι
3411 3510 3504 3561 τὸν
3539 3510 3744 3579 Κύριον
3781 3514 3941 3580 ἡμῖν,
3971 3513 4033 3584 [Υ.

2449 3599 2556 3650 25³5
2589 3596 2639 3667 b]
2673 3594 3012 3666 ὀφθήσεσθαι
3069 3599 3112 3650 δ’
3142 3599 3221 3659 εἰς
3255 3603 3315 3650 τδ
3353 3600 3546 3667 μέλλον
3581 3602 3946 3671 ἀποθεμένοις
3976 3605 4037 3658 τὸ

2449 3690 2550 3757 τῆς
2582 3689 2786 3757 σαρκὸς
2818 3690 3080 3757 φθαρτὸν,
3111 3691 3263 3742 ταῦθ’
3289 3692 3443 3754 οὗτος
3475 3692 3839 3764 ἀνθρωπικῶς
3867 3714 4036 3766 φησιν

2449 3781 2783 3835 οὐσιωθέντα
2827 3784 2919 3834 τὸν
2976 3766 3181 3850 Κύριον
3237 3785 3470 3853 κρύφιον
3526 3782 3666 3841 εἶναι
3716 3789 3807 3842 καὶ
3857 3792 3916 3841 ἑν
3965 3793 4033 3860 τῇ

2449 3870 2709 3937 ἑκφάνσει
2738 3872 2831 3924 καὶ
2855 3872 2998 3940 μετὰ
3024 3873 3123 3944 τὴν
3156 3874 3441 3943 ἐκφανσιν,
3495 3876 3592 3928 καὶ
3626 3876 3684 3929 τὺ
3726 3879 4034 3933 κατάύτδν

2455 3965 2755 4033 μυστήριον
2788 3964 2971 4033 μένειν
3010 3965 3307 4035 λεγόμενον
3335 3969 3575 4038 ἄρρητον
3611 3971 3706 4022 καὶ
3737 3973 4036 4041 νοούμενον

2450 4055 2748 4122 ἄγνωστον.
2803 4059 3016 4125 Καινὴν
3063 4059 3170 4129 γάρ
3206 4063 3326 4112 τινα
3371 4061 3470 4130 τὴν
3521 4062 3849 4133 θεανδρικὴν
3885 4066 4036 4135 ἐνέρ-

2450 4165 2610 4214 γειαν
2659 4151 2790 4218 ἡμῖν
2848 4150 3011 4203 αὑτὸν
3070 4151 3494 4206 πεπολιτεῦσθαί
3543 4172 3698 4224 φησι,
3753 4157 3852 4209 καὶ
3891 4160 4035 4229 ὑπὲρ

2451 4239 2738 4308 ἄνθρωπον
2789 4243 3154 4312 ἐνηργηκέναι
3191 4246 3265 4310 τὰ
3322 4246 3639 4318 ἀνθρώπινα
3669 4265 3682 4279 ’
3736 4253 3831 4303 καὶ
3880 4253 4035 4320 δηλοῖ

2453 4329 2742 4399 παρθένος,
2771 4333 2960 4401 φησὶν,
2987 4333 3283 4402 ὑπερφυῶς
3312 4335 3540 4398 κύουσα,
3571 4339 3665 4389 καὶ
3694 4338 3840 4408 ὕδωρ
3865 4341 4035 4394 ἄστα-

2452 4436 2544 4471 τον
2575 4421 2777 4473 ὐλικῶν
2806 4423 2898 4473 καὶ
2931 4422 3147 4490 γεηρῶν
3184 4423 3362 4476 ποδῶν
3399 4424 3594 4493 άνέχον
3632 4424 3800 4496 βάρος
3831 4429 3928 4481 καὶ
3961 4429 4034 4499 μὴ

2454 4512 2700 4571 ὑπεῖκον,
2738 4513 2857 4565 ἀλλ’
2888 4515 3163 4582 ὑπερφυεῖ
3197 4515 3426 4584 δυνάμει
3474 4517 3613 4585 πρὸς
3656 4517 3716 4569 τὸ
3744 4520 4034 4589 ἀδιάχυτον

2453 4605 2871 4673 συνιστάμενον.
2892 4625 2910 4656 »
2944 4606 3052 4659 Καὶ
3081 4607 3266 4672 πάλιν,
3293 4628 3309 4658 ι
3343 4607 3410 4660 Et
3433 4625 3518 4671 τις
3539 4607 3665 4662 ίδὼν
3695 4611 3830 4662 Θεδν
3873 4614 4036 4681 συνῆ-

2454 4713 2546 4748 κεν
2577 4697 2603 4748 δ
2629 4692 2790 4759 εἶδεν,
2823 4698 2925 4750 οὐκ
2955 4699 3118 4750 αὑτὸν
3163 4699 3433 4767 ἑώρακεν,
3467 4701 3606 4752 ἀλλά
3636 4719 3686 4753 τι
3725 4703 3835 4753 τῶν
3864 4704 4031 4756 αὐτοῦ

2453 4791 2560 4841 τῶν
2589 4789 2757 4841 δντων
2801 4791 2894 4842 καὶ
2945 4794 3364 4859 γινωσκομένων
3385 4809 3399 4823 ο
3436 4792 3600 4855 αὐτὸς
3633 4794 3689 4847 δὲ
3733 4795 3874 4862 ὑπὲρ
3902 4796 4030 4849 νοῦν

2454 4887 2550 4937 καὶ
2567 4887 2757 4936 οὐσίαν
2776 4885 3207 4954 ὑπεριδρυμὲνος
3226 4886 3375 4953 αὑτῷ
3391 4887 3468 4954 τῷ
3500 4888 3728 4940 καθόλου
3764 4891 3838 4956 μὴ
3858 4890 4024 4956 γινώ-

2457 4978 2681 5029 σκεσθαι
2709 4978 2831 5047 μηδ’
2855 4974 2994 5030 εἶναι
3013 4979 3101 5028 καὶ
3119 4979 3265 5029 ἔστιν
3283 4979 3621 5048 ύπερουσίως
3641 4983 3730 5032 καὶ
3751 4983 3890 5051 ὑπὲρ
3909 4981 4032 5034 νοῦν

2456 5071 2824 5135 γινώσκεται·
2872 5071 2964 5120 καὶ
3007 5073 3038 5137 ἡ
3081 5071 3223 5123 κατὰ
3247 5072 3309 5121 τὸ
3336 5073 3586 5138 κρεῖττον
3620 5072 3893 5140 παντελὴς
3929 5075 4032 5140 ἁγ-

2459 5163 2627 5215 νωσία
2654 5161 2850 5223 γνῶσίς
2879 5163 2994 5212 ἐστι
3016 5160 3107 5212 τοῦ
3133 5161 3270 5231 ὑπὲρ
3294 5164 3471 5214 πάντα
3497 5163 3564 5214 τὰ
3596 5166 4025 5231 γινωσκόμενα.»

2522 5257 2619 5308 1Γ’.
2648 5255 2810 5305 Ὥστε
2843 5257 2938 5305 καὶ
2987 5256 3036 5306 ei
3070 5255 3355 5306 ἀπόστολοι
3403 5255 3480 5323 τῷ
3523 5256 3580 5307 ὲν
3631 5254 3709 5321 τῷ
3763 5256 4031 5328 Θσσωρίῳ

2456 5347 2676 5415 λάμψαι)
2744 5348 2863 5397 τότε
2931 5347 3257 5416 θεασάμενοι
3294 5348 3410 5414 φῶς
3461 5346 3584 5399 οὗτε
3617 5349 3851 5416 θεότητα
3891 5348 4028 5403 εἶδον

2457 5443 2708 5493 ἀκτιστον
2751 5439 2873 5491 (οὔτε
2921 5441 3073 5497 Θεὸν.
3113 5441 3246 5493 ἀλλά
3285 5459 3333 5492 τι
3368 5442 3476 5491 τιῗν
3507 5441 3676 5492 ὄντων
3734 5443 3828 5494 καὶ
3865 5460 4026 5509 γινωο

2462 5533 2626 5599 σκτψέ
2666 5551 2758 5585 ων.
2798 5535 2963 5585 Ὄντα
2985 5535 3037 5584 δὲ
3068 5535 3158 5585 καὶ
3185 5535 3558 5602 γινωσκόμενα
3595 5535 3830 5597 πάντως.
3862 5537 3907 5587 εί
3951 5540 4022 5606 μὴ
