4262 6362
786 396 895 457 ιιὸ
1993 390 2416 451 NlCEPHORl
2460 391 2844 456 GREGORxE
3940 378 4049 440 “6

787 507 965 574 θήκην
996 506 1088 558 καὶ
1125 504 1351 573 αὐξησιν
1421 504 1486 571 τῇ
1518 501 1611 555 τοῦ
1644 502 1817 569 Λόγου
1850 501 1985 571 αὐτῇ
2046 502 2265 555 δίδωσιν
2303 503 2602 555 ὑποστάσει
2624 520 2638 535 ο
2668 505 2789 572 ἦτις
2817 504 2917 555 οὐκ
2950 503 3080 571 ἄλλη
3128 500 3276 570 παρά
3318 502 3417 569 τὴν
3458 497 3548 550 τοῦ
3612 494 3824 565 Πατρδς
3855 492 4052 544 οὐσίαν

791 600 886 651 καὶ
914 597 1075 664 φύσιν
1110 598 1244 659 ἐστὶ,
1274 593 1351 661 τῷ
1376 592 1862 663 χαρακτηριστικῷ
1893 592 1991 660 τῆς
2033 593 2295 659 ἰδιότητος
2330 594 2492 661 μόνον
2532 596 2675 647 κατὰ
2724 594 2822 663 τὴν
2855 596 3108 662 γέννησιν
3158 593 3512 661 διαφέρουσα.
3552 586 3790 641 Τοιαῦτα
3827 583 3929 652 μὲν
3968 582 4042 633 τὰ

791 692 855 740 ἐκ
925 691 1030 740 τῶν
1096 689 1308 742 ἐκείνου
1350 691 1532 757 ἀρχῶν
1584 689 1931 753 ἀναφανέντα
1986 689 2193 739 ἕκτοπα
2233 691 2326 740 καὶ
2359 690 2666 758 παράλογα,
2706 691 2753 741 εί
2784 689 2841 740 τδ
2896 690 3012 756 φῶς
3062 690 3238 740 ἐκεῖνο
3266 688 3325 739 τὸ
3356 687 3600 756 ἄρῤητον
3658 681 3846 734 οὐσίαν
3907 672 4053 729 εἶναι

787 778 933 843 λέγοι
960 796 969 807 ·
1003 778 1081 849 [ί.
1114 780 1218 833 2i?)
1259 779 1316 849 α]
1355 781 1646 831 ὑπόλοιπον
1677 780 1719 830 δ’
1762 775 1854 831 οὖν
1896 781 2013 829 ἐστι
2045 770 2253 847 ζητεῖν,
2288 779 2336 831 εί
2369 779 2628 847 ποιότητα
2655 780 2814 832 τοῦτο
2844 778 3135 846 ἀσώματον
3170 778 3201 847 ἦ
3242 776 3490 830 ἀνούσιον
3546 769 3691 835 εἷπε,
3723 770 3775 822 τί
3806 765 4051 833 συμϐαί-

788 885 887 929 νει,
918 864 1030 920 οἷον
1059 870 1361 938 ἀπόρροιαν
1421 886 1568 927 τινος
1633 870 1822 929 οὐσίας
1882 869 1977 919 καὶ
2033 869 2402 934 ἀπαύγασμα,
2447 872 2525 930 είς
2559 870 2623 939 ἢν
2682 871 2713 938 ἡ
2762 870 2943 939 μορφὴ
2992 868 3174 935 ἐκείνη
3216 866 3640 935 μεταϐέϐληται.
3698 862 3839 915 Ἀλλ’
3896 857 4055 911 οὐδὲν

787 957 950 1028 ἧττον
1019 963 1050 1029 ἠ
1095 962 1283 1011 πασῶν
1315 961 1518 1028 ἐσχάτη
1573 958 1730 1027 ὕϐρις
1769 960 1862 1009 καὶ
1898 958 2095 1010 ἀτοπία
2149 958 2225 1024 τῷ
2266 959 2394 1026 θείῳ
2434 960 2889 1029 προστετρίψεται
2944 960 3194 1027 σώματι⁶
3228 959 3535 1027 λωϐήσαιτο
3595 959 3703 1027 γὰρ
3735 957 3802 1007 ἂν
3829 952 3921 1004 τὸν
3957 946 4053 999 τοῦ

789 1050 929 1102 εἶναι
993 1050 1183 1117 λόγον’
1220 1053 1505 1121 καὶταύτῃ
1567 1052 1625 1103 τὸ
1648 1050 1997 1119 ἀνύπαρκτον
2020 1050 2427 1119 είσαχθὴσεται,
2470 1053 2647 1115 ἄλλως
2697 1070 2755 1105 τε
2825 1053 2949 1105 οὐδὲ
3004 1054 3122 1106 ὲνδν
3191 1053 3456 1121 ποιότητα
3520 1050 3885 1118 ὑποκειμένου
3926 1044 4056 1111 δίχα

788 1143 912 1194 καθ’
935 1144 1181 1213 ἑαυτὴνό
1204 1161 1258 1195 τι
1285 1145 1414 1195 ποτέ
1439 1145 1555 1194 ἐστι
1575 1143 1968 1212 διαδειχθῆυαι,
1996 1142 2097 1194 κᾶν
2128 1143 2233 1193 τῶν
2255 1143 2528 1195 οὐσιωδῶν
2562 1145 2733 1214 αὐτὴν
2762 1146 2903 1198 εἴποι
2927 1162 3032 1210 τις,
3062 1146 3096 1214 ἢ
3132 1146 3224 1197 καὶ
3260 1148 3315 1208 ἐς
3343 1144 3529 1206 οὐσίας
3557 1144 3722 1211 μέρος
3750 1140 4043 1207 ἀνάγεταν

787 1233 862 1293 ὡς
890 1234 981 1284 ἐπὶ
1008 1234 1450 1302 παραδείγματος
1483 1234 1681 1296 εἰπεῖν,
1731 1234 1829 1284 οὐκ
1862 1234 1925 1283 ἀν
1970 1234 2028 1282 τὸ
2058 1232 2274 1298 λογικόν
2308 1251 2410 1285 που
2460 1235 2693 1303 συσταίη
2749 1235 3111 1305 ὑποκειμένου
3161 1237 3313 1299 ἀνευ,
3374 1236 3402 1287 ὅ
3436 1236 3553 1287 ἐστι
3581 1236 3641 1285 τὸ
3679 1233 3839 1297 ζῶον,
3877 1233 3926 1283 εἰ
3980 1229 4057 1298 μὴ

789 1331 1052 1395 πρότερόν
1091 1346 1173 1389 τις
1229 1329 1485 1381 ὐποθοϊτο
1515 1329 1701 1379 οὐσίαν
1728 1327 1971 1395 ἔμψυχον
2010 1327 2359 1393 αἰσθητικήν.

864 1422 975 1475 XV.
1034 1422 1222 1490 Itaque
1286 1423 1661 1476 lcunomaeltis
1743 1425 2041 1478 Salvaturis
2097 1424 2149 1475 in
2194 1427 2451 1481 monteA

792 1515 1330 1582 transflgnrationem
1365 1529 1473 1565 non
1507 1513 1697 1567 formae
1728 1514 2082 1566 variatioiiem
2109 1515 2162 1566 in
2195 1508 2376 1579 splen-

789 1604 1055 1657 didioretn
1080 1605 1278 1670 putari,
1298 1605 1389 1656 sed
1411 1604 1749 1659 salutifcrum
1775 1620 1972 1673 corpus
1998 1605 2048 1656 in
2075 1607 2374 1657 increatum

789 1693 956 1762 469
1009 1705 1377 1761 pet-mutatum
1422 1711 1551 1750 ‘esse
1592 1706 1647 1749 et
1700 1697 2155 1764 incorruptibile,
2201 1697 2376 1748 lucem

792 1792 978 1834 autem
1011 1793 1123 1835 tum
1161 1784 1436 1837 lucentem
1471 1785 1728 1839 deitatem
1763 1786 2062 1839 increatam
2094 1795 2146 1838 et
2181 1785 2373 1837 insub-

792 1874 1100 1927 stantialem
1148 1891 1290 1941 esse,
1334 1876 1388 1929 in
1429 1879 1613 1930 inonte
1644 1877 2000 1931 inc'reation‘rs
2052 1876 2287 1929 hominis
2320 1884 2377 1930 et

794 1966 1225 2035 ineorrnptionis
1275 1969 1492 2022 initium
1540 1970 1740 2022 factum
1773 1970 1825 2022 itt
1853 1970 2097 2039 pignoris
2129 1969 2374 2031 modum,

794 2068 918 2125 post
938 2069 1169 2112 ltml'lt‘ltt
1193 2070 1247 2114 et
1273 2062 1326 2114 in
1345 2063 1516 2116 caelos
1534 2063 1968 2130 assumptioncm
1992 2062 2240 2115 absolute
2263 2063 2373 2130 jatn

795 2148 1122 2208 incrcatum.
1148 2152 1384 2220 denique
1416 2154 1633 2206 initium
1673 2154 2162 2207 leonowacltorum
2200 2154 2375 2206 Incre-

796 2255 921 2293 seos
953 2242 1031 2295 eis
1075 2258 1195 2297 esse
1223 2260 1287 2297 ex
1327 2245 1825 2316 transfigurationis
1852 2245 2112 2315 opinione
2146 2246 2374 2309 factum,

790 2332 902 2399 jam
938 2349 1046 2385 non
1080 2350 1183 2391 me.
1215 2336 1308 2389 sed
1346 2352 1599 2405 magnum
1632 2338 1846 2390 Patrem
1875 2347 1929 2390 et
1960 2336 2160 2389 divime
2187 2337 2377 2391 Eccle-

798 2426 892 2477 sia!
919 2437 1309 2492 przeceptorem
1348 2436 1659 2481 narrantem
1692 2428 1952 2483 audistis.
2015 2429 2183 2499 Cujus
2216 2428 2375 2481 fidem

797 2516 1168 2570 nedialioltnn
1194 2518 1418 2587 quidem
1453 2528 1847 2588 superaturum
1884 2530 2059 2589 puto;
2107 2536 2215 2573 non
2253 2518 2378 2588 quia

797 2612 949 2663 tnnni
993 2614 1245 2667 doctrina
1286 2614 1513 2683 profana
1550 2625 1607 2669 et
1654 2631 1777 2684 qua:
1814 2615 1879 2668 ad
1920 2616 2243 2684 religionem
2278 2631 2375 2668 no-

799 2713 965 2755 HI’JIII
998 2715 1211 2771 spectat
1248 2721 1478 2777 magnus
1507 2707 1933 2775 cognominatus
1962 2717 2067 2771 est,
2106 2708 2198 2760 sed
2229 2707 2373 2775 quod

800 2812 1018 2847 onmem
1069 2797 1121 2849 in
1156 2797 1324 2851 Deum
1368 2799 1631 2852 virtutem
1679 2800 2078 2865 perfectissime
2115 2799 2374 2862 excoluit,

800 2884 959 2936 et'ad
1010 2901 1285 2939 summum
1340 2888 1393 2940 in
1429 2903 1490 2941 ea
1538 2888 1816 2958 fastigium
1871 2890 2143 2957 pervenit.
2191 2891 2261 2943 ita
2316 2901 2378 2945 ut

799 2977 985 3028 omnia
1019 2976 1178 3031 facile
1209 2978 1453 3032 mitteret
1489 2995 1597 3033 non
1626 2980 1790 3033 modo
1819 2995 1941 3049 qua!
1966 2995 2120 3034 extra
2148 2997 2373 3050 corpus,

800 3082 990 3119 νιΊἸΙῐιὶ
1014 3067 1177 3121 etiam
1214 3069 1392 3137 ipsum
1424 3085 1630 3138 corpus
1660 3086 1846 3124 amore
1886 3071 1939 3124 in
1975 3073 2144 3126 Deum
2178 3072 2378 3126 ductus

805 3157 856 3209 iu
888 3158 1125 3225 pericula
1153 3161 1223 3215 ob
1267 3161 1589 3230 religionem
1634 3164 1923 3217 subeunda
1956 3164 2214 3217 lubenter
2264 3174 2375 3218 tra-

804 3250 979 3302 det-et.
1040 3249 1194 3315 Quod
1247 3253 1489 3321 denique
1541 3252 1888 3321 impudenter
1942 3271 2128 3307 eorum
2182 3255 2385 3321 placita

806 3341 1084 3405 refutavit,
1125 3350 1184 3396 ut
1206 3358 1269 3396 ex
1298 3343 1415 3411 ejus
1444 3343 1623 3396 doctis
1650 3354 1706 3397 et
1734 3344 1904 3398 firmis
1941 3346 2376 3411 argumentatio.

805 3434 971 3486 nibus
996 3434 1272 3502 apparuit,
1307 3450 1408 3487 nec
1433 3436 1687 3502 equidem
1722 3436 1963 3489 fortunis
2013 3452 2134 3504 quae
2197 3450 2282 3487 me
2311 3436 2380 3489 ab

805 3528 997 3579 amicis
1030 3528 1482 3588 circumstabant.
1535 3529 1847 3589 retinebar,
1899 3530 2196 3596 quominus
2232 3530 2382 3583 illius

808 3615 981 3669 [ιιι-οε
1015 3617 1081 3669 ab
1110 3618 1193 3670 Itis
1220 3617 1409 3670 furtim
1438 3618 1689 3673 sublatos
1718 3617 2019 3686 permultos
2039 3619 2381 3685 colligerem,

807 3724 872 3758 ex
907 3709 1108 3775 quibus
1137 3708 1304 3761 multa
1336 3718 1495 3762 antea
1524 3720 1708 3777 petere
1745 3710 1909 3780 470
1961 3724 2065 3761 non
2112 3710 2381 3773 dubitavi,

811 3814 958 3850 nunc
998 3798 1149 3866 plura
1190 3816 1349 3867 quant
1377 3816 1499 3868 quae
1537 3817 1566 3853 a
1598 3800 1758 3854 nobis
1808 3800 1955 3855 dicta
2009 3810 2159 3863 sunt,
2190 3812 2248 3855 et
2281 3800 2373 3854 ﬁr—

811 3894 980 3943 m'om
1006 3892 1275 3959 proferam
1302 3904 1360 3945 ut
1378 3908 1568 3946 omnes
1594 3893 1811 3962 planius
1835 3892 2386 3962 intelligant,quan1a

812 3984 1029 4037 illorum
1057 3986 1297 4055 irreligio
1311 3986 1381 4039 sit
1409 3997 1463 4039 et
1485 3985 1631 4039 illius
1652 3986 1749 4039 viri
1768 4001 1927 4053 quam
1944 3986 2121 4054 ampla
2141 3986 2390 4040 doctrina

812 4086 865 4129 et
899 4094 1058 4146 quam
1081 4092 1205 4131 acre
1243 4076 1521 4145 religionis
1554 4076 1822 4130 studium.

2554 1425 2652 1476 lE'.
2680 1425 2802 1477 Ὀτι
2834 1425 2934 1492 μὲν
2971 1425 3065 1478 οῦν
3113 1428 3227 1488 τοῖς
3264 1425 3657 1494 Είκονομάχοις
3701 1426 3734 1493 ή
3776 1423 4058 1491 μεταμόρ-

2479 1533 2651 1582 φωσις
2701 1517 2795 1568 τοῦ
2835 1517 3085 1586 Σωτῆρος
3122 1521 3227 1578 ,ἐπὶ
3279 1516 3372 1569 τοῦ
3418 1517 3579 1586 ὅρους
3610 1514 3669 1568 οὐ
3716 1519 3931 1583 μορφῆς
3962 1514 4060 1566 ἀλ-

2480 1604 2695 1666 λοίωσις
2730 1606 2821 1657 ἐπὶ
2860 1606 2920 1656 τδ
2952 1605 3339 1674 λαμπρότερον
3370 1605 3660 1675 ἐνομίσθη,
3696 1604 3833 1656 ἀλλὰ
3859 1606 3921 1656 τὸ
3958 1605 4060 1671 μὲν

2481 1696 2750 1762 σωτήριον
2778 1694 2938 1763 σῶμα
2967 1697 3101 1764 πρὸς
3124 1697 3183 1749 τὸ
3214 1696 3470 1749 ἀκτιστον
3505 1694 3944 1766 μεταϐεϐλῆσθαι
3963 1694 4061 1747 καὶ

2479 1785 2777 1854 ἄφθαρτον,
2807 1787 2868 1838 τὸ
2904 1786 2959 1838 δὲ
2993 1787 3162 1855 φανὲν
3186 1789 3493 1853 τηνικαῦτα
3528 1788 3645 1855 φῶς
3675 1787 3867 1855 θεότης
3903 1787 4064 1840 ἀκτι-

2482 1893 2602 1937 στος
2643 1878 2733 1928 καὶ
2764 1878 3015 1940 ἀνούσιος
3046 1874 3207 1943 εἶναι,
3234 1879 3354 1930 τότε
3390 1878 3489 1947 μὲν
3515 1879 3609 1930 ἐπὶ
3636 1877 3729 1930 τοῦ
3756 1879 3915 1947 ὅρους
3950 1870 4063 1928 οἷον

2480 1969 2652 2036 ἀρχῆς
2679 1970 2982 2037 γενομένης
3012 1972 3077 2037 τῇ
3106 1970 3461 2039 ἀκτιστότητι
3496 1970 3590 2023 τοῦ
3628 1969 3923 2038 ἀνθρώπου
3967 1970 4065 2021 καὶ

2481 2059 2758 2129 ἀφθαρσίᾳ
2784 2061 2857 2122 ὼς
2891 2062 2948 2111 ὲν
2979 2062 3298 2130 ἀρῥαϐιῖινος
3335 2063 3540 2131 τρόπῳ,
3570 2065 3709 2130 μετά
3734 2062 3791 2114 δὲ
3827 2062 4065 2114 θάνατον

2481 2147 2573 2197 καὶ
2610 2148 2743 2215 πρὸς
2774 2148 3041 2217 οὐρανοὺς
3089 2150 3363 2202 ἀνάϐασιν
3420 2150 3623 2209 τελέως
3650 2150 3757 2219 ἤδη
3809 2151 4064 2215 γενέσθαι

2483 2240 2575 2291 καὶ
2608 2238 2769 2303 φύσει
2801 2240 3078 2305 ἀκτιστον,
3130 2242 3227 2294 καὶ
3255 2244 3338 2295 ὅτι
3370 2243 3513 2312 ἀργὴ
3571 2242 3668 2309 τῆς
3700 2243 4065 2311 είκονομάχου

2481 2334 2747 2402 αἱρέσεως
2799 2334 3032 2394 ἐκείνοις
3089 2334 3123 2401 ἡ
3173 2332 3272 2401 τῆς
3332 2332 3815 2403 μεταμορφώσεως
3867 2333 4065 2400 γέγονε

2483 2426 2778 2492 πρόςασις,
2827 2424 3128 2494 ἀκηκόατε,
3176 2425 3278 2477 οὐκ
3329 2425 3545 2478 οἴκοθεν
3580 2423 3716 2492 ἐμοῦ
3766 2424 4065 2493 διηγουμέ-

2480 2535 2597 2582 νου,
2632 2517 2768 2568 am
2798 2515 2891 2567 τοῦ
2939 2516 3178 2585 μεγάλου
3218 2518 3431 2587 Πατρος
3476 2520 3569 2569 καὶ
3597 2516 3929 2570 διδασκάλου
3969 2518 4064 2585 τῆς

2480 2610 2572 2660 τοῦ
2610 2608 2749 2661 Θεοῦ
2791 2608 3141 2676 Ἑκκλησίας,
3174 2604 3234 2662 οὐ
3276 2609 3336 2661 τὸ
3369 2609 3689 2674 ἀξιόπιστον
3741 2609 3867 2678 μηδ’
3902 2611 4065 2662 αὐτὸν

2481 2699 2635 2769 οἶμαι
2673 2700 3157 2770 παραλογίσασθαι
3188 2702 3277 2753 τὸν
3308 2701 3577 2764 διάϐολον,
3609 2702 3685 2771 μὴ
3736 2702 3838 2754 οὐκ
3891 2702 4065 2770 ἀληθῆ

2480 2794 2684 2858 λέγειν,
2738 2793 2838 2861 οὐχ
2865 2794 2945 2845 ὃτι
2978 2793 3140 2863 σοφίᾳ
3194 2794 3341 2862 πάσῃ
3365 2796 3433 2862 τῇ
3463 2810 3522 2844 τε
3571 2793 3807 2862 θύραθεν
3843 2795 3939 2844 καὶ
3969 2795 4064 2861 ὅση

2482 2890 2578 2955 τῆς
2615 2886 2736 2938 καθ’
2762 2887 2910 2953 ἡμᾶς
2944 2886 3232 2947 εὐσεϐείας
3272 2888 3299 2937 ό
3338 2887 3513 2954 μέγας
3543 2887 3915 2956 κεκόσμηται,
3953 2886 4066 2938 ἀλλ’

2481 2978 2561 3029 ὅτι
2585 2977 2679 3029 καὶ
2730 2976 2830 3044 ὅση
2877 2976 3020 3028 κατά
3052 2976 3188 3026 Θεὸν
3246 2977 3439 3045 ἀρετὴ,
3503 2976 3727 3038 τελείως
3794 2977 4068 3046 ὲξήσκησε

2484 3069 2667 3121 πᾶσαν
2702 3068 2798 3120 καὶ
2848 3068 2982 3136 πρὸς
3014 3066 3075 3118 τὸ
3116 3066 3420 3135 ἀκρότατον
3459 3066 3663 3136 ταύτης
3712 3067 3965 3133 ἀφίκετο,
3998 3068 4070 3127 ὡς

2483 3159 2660 3211 πάντα
2692 3158 2959 3228 προέσθαι
2985 3158 3211 3228 ῥαδίως,
3241 3159 3317 3228 μὴ
3348 3159 3430 3211 ὅτι
3461 3175 3525 3223 γε
3557 3161 3660 3211 ὅσα
3689 3159 3781 3212 τοῦ
3807 3159 4069 3226 σώματος

2478 3253 2565 3317 εἴη
2624 3250 2802 3314 ἐκτὸς,
2843 3249 2980 3302 ἀλλά
3023 3251 3118 3303 καὶ
3148 3250 3280 3302 αὐτό
3333 3268 3395 3317 γε
3431 3250 3491 3303 τὸ
3548 3251 3711 3318 σῶμα
3760 3251 3859 3320 τῆς
3914 3250 4067 3311 θείας

2479 3344 2670 3394 ἕνεκεν
2702 3343 2926 3410 ἀγάπης
2973 3342 3054 3403 είς
3086 3342 3212 3404 τοὺς
3243 3342 3384 3410 ὑπὲρ
3420 3343 3522 3412 τῆς
3560 3343 3844 3405 εὐσεϐείας
3880 3344 4065 3396 κινδύ-

2481 3452 2608 3495 νους
2638 3434 2934 3503 προδοῦναι
2970 3432 3291 3501 προθύμως,
3319 3433 3395 3495 ὼς
3426 3435 3685 3503 ἀνωτέρω
3720 3435 4070 3504 προέφημεν.

2484 3527 2609 3579 Ὀτι
2632 3527 2689 3580 δὲ
2722 3511 2822 3578 καί
2845 3523 3059 3587 ἀσεϐῶς
3086 3525 3154 3578 τά
3184 3526 3335 3595 σφίσι
3366 3527 3695 3596 νομισθέντα
3726 3527 4071 3595 νενόμισται,

2481 3618 2641 3686 δῆλον
2670 3618 2765 3669 καὶ
2800 3616 2947 3669 τοῦτ’
2976 3620 3039 3670 ὲκ
3072 3621 3179 3669 τῶν
3201 3619 3366 3671 αὐτοῦ
3395 3618 3579 3687 σοφῶν
3616 3620 3711 3673 καὶ
3738 3622 4075 3689 ἀναντιρῤή-

2485 3723 2594 3758 των
2621 3704 2846 3771 γέγονεν
2875 3704 3228 3770 ἀποδείξεων.
3281 3705 3477 3759 Καίτοι
3517 3708 3604 3759 διὰ
3637 3708 3736 3769 τάς
3771 3725 4074 3777 περιεστηο

2490 3796 2652 3859 κυίας
2682 3797 2826 3863 κάμὲ
2859 3794 3005 3864 πρὸς.
3026 3795 3135 3847 τῶν
3158 3797 3406 3849 διωκτών
3441 3799 3731 3867 συμφορὰς
3765 3799 3877 3850 οὐδ’
3916 3800 4074 3867 ἔσχον

2491 3889 2641 3950 ὅπως
2696 3887 2787 3939 ὑπ’
2850 3886 3032 3939 αὐτῶν
3088 3886 3386 3952 κλαπείσας
3441 3891 3537 3951 τὰς
3596 3892 3811 3944 ἐκείνου
3852 3890 4074 3959 βίϐλους

2495 3978 2823 4048 παμπόλλας
2855 3977 3022 4040 οὐσας
3052 3978 3383 4048 ἀνειληφὼς,
3417 3981 3475 4044 ἐξ
3517 3974 3593 4033 ὧν
3645 3984 3741 4035 καὶ
3781 3980 3908 4033 ὅθεν
3942 3983 4072 4033 πολ-

2491 4072 2648 4131 λάκις
2684 4070 3082 4138 ἀναλαμϐάνων
3124 4072 3389 4141 πρότερον
3432 4071 3724 4140 ἐθεώρουν,
3770 4071 4063 4142 προθεῖναι

813 4170 907 4221 νῦν
940 4173 1069 4240 ἡμῖν
1116 4173 1185 4223 τὰ
1235 4170 1417 4239 πολλῴ
1464 4170 1573 4221 τῶν
1622 4169 1931 4238 εἰρημένων
1977 4169 2149 4224 πλείω
2194 4185 2252 4220 τε
2309 4167 2404 4220 καὶ
2439 4167 2831 4235 ἐναργέστερα,
2904 4163 2977 4226 ὡς
3026 4166 3158 4216 πᾶσι
3216 4164 3530 4232 γνωσθῆναι
3592 4167 3925 4235 τελεώτερον
3972 4165 4074 4234 τῆς

814 4285 873 4319 τε
916 4266 1170 4326 ἀσεϐείας
1223 4268 1448 4317 ἐκείνων
1482 4265 1543 4317 τὸ
1573 4264 1805 4335 μέγεθος
1838 4267 1932 4316 καὶ
1986 4264 2080 4318 τοῦ
2114 4264 2263 4316 θείου
2320 4262 2475 4315 τοῦδε
2514 4260 2707 4328 ἀνδρὸς
2738 4263 2835 4329 τῆς
2869 4261 3061 4326 σοςίας
3087 4260 3146 4313 τὸ
3175 4262 3361 4327 περιὸν
3392 4262 3485 4314 καί
3504 4262 3594 4313 τοῦ
3625 4262 3762 4329 πρὸς
3792 4264 4077 4319 εὐσέϐειαν

817 4361 978 4426 ζήὶου
1010 4361 1069 4411 τὸ
1103 4361 1305 4429 σφόδρα
1337 4360 1620 4429 διάπυρον.

888 4449 1281 4516 XVI.Quorutn
1306 4452 1587 4505 auditores
1615 4452 1739 4505 facti
1760 4452 2137 4506 contradicere
2166 4466 2196 4505 e
2230 4449 2395 4503 vestio
2428 4453 2468 4509 C

818 4546 873 4614 gi
899 4565 911 4593 ι
936 4546 1069 4598 nihil
1100 4554 1369 4613 poterant.
1397 4558 1499 4598 nec
1543 4546 1871 4613 scriptarum
1908 4546 2016 4598 illis
2046 4542 2395 4613 disceptatio-

822 4654 951 4689 num
977 4637 1130 4705 mpia
1150 4647 1288 4690 erat.
1310 4636 1479 4706 Igitur
1501 4636 1565 4689 ad
1602 4636 1832 4690 alterum
1861 4636 2236 4705 confugientes
2291 4650 2392 4704 νου

822 4741 963 4782 stunt
994 4739 1191 4791 tutum,
1215 4739 1471 4796 tanquam
1490 4742 1755 4782 eanonem
1771 4738 1827 4783 ct
1848 4729 2019 4796 legem
2051 4728 2391 4797 illegitimum

823 4822 1173 4889 proferebant
1229 4820 1481 4874 volumen
1536 4819 1821 4886 piraticmn
1869 4828 1925 4872 et
1984 4820 2148 4887 impia
2204 4834 2394 4873 sacer—

822 4914 1011 4965 dotum
1045 4921 1099 4966 et
1130 4910 1607 4979 grammaticorum
1662 4911 1728 4963 de
1771 4910 1988 4963 Domini
2045 4910 2397 4977 transfigura-

825 5001 971 5052 tione
1020 5000 1214 5067 placita
1271 5000 1327 5051 itt
1377 5014 1471 5052 ore
1516 4999 1808 5052 habebant.
1866 4999 2079 5066 Quibus
2123 4999 2394 5067 Gregoras

823 5091 1150 5158 respondit:
1206 5090 1346 5145 «Nec
1396 5090 1449 5142 in
1483 5100 1719 5142 mentem
1765 5091 1919 5144 vobis
1976 5092 2125 5143 venit
2176 5090 2392 5142 tandem

822 5186 1114 5252 aliquando
1143 5183 1352 5237 sentire
1378 5197 1476 5236 vos
1500 5184 1735 5249 majores
1773 5183 1954 5251 plagas
1982 5198 2133 5235 novae
2162 5182 2394 5235 Palama:

825 5273 1217 5327 ἰουιιοηιοοιιὶιη
1268 5280 1451 5324 texere
1496 5271 1578 5324 eis
1629 5287 1765 5338 quas
1822 5287 1967 5324 nunc
2021 5271 2391 5335 introdtn-itis,

826 5376 885 5419 ut
921 5364 1057 5417 infra
1093 5365 1541 5421 monstrabimus.
1605 5366 1757 5421 Licet
1780 5364 1925 5418 enim
1960 5363 2118 5416 nobis
2148 5378 2397 5431 perscru-

833 5462 1080 5514 tantibus
1114 5460 1419 5531 intelligere
1478 5462 1627 5515 illum
1662 5459 1859 5513 similia
1903 5458 2016 5510 suis
2068 5455 2324 5517 illudere,
2350 5455 2393 5508 si

826 5551 1197 5620 improbitatis
1228 5552 1445 5606 radices
1484 5561 1541 5605 et
1577 5554 1806 5619 primam
1857 5548 2123 5614 originem
2178 5546 2393 5599 viderit.

828 5642 979 5696 Livet
1012 5658 1110 5695 nec
1141 5644 1321 5697 minus
1347 5643 1596 5711 intelligi.
1626 5652 1881 5710 quantam
1910 5641 1996 5693 ille
2027 5639 2395 5692 accessionem

826 5732 1019 5787 fecerit
1047 5734 1203 5803 stirpi
1235 5736 1402 5804 stirpe
1431 5733 1613 5787 addita
1641 5744 1694 5786 et
1724 5731 1956 5785 licentia:
1990 5730 2227 5783 licentia.
2302 5728 2397 5781 Sin

829 5844 959 5882 vero
985 5827 1188 5896 aliquid
1229 5828 1298 5883 sit
1333 5826 1397 5882 ad
1430 5827 1820 5898 perlectiorem
1861 5821 2268 5894 perceptionem
2307 5835 2397 5873 re-

2576 4443 2695 4513 ις’.
2729 4446 2948 4500 Τούτων
2980 4448 3177 4499 ἐκεῖνοι
3208 4449 3344 4509 τέως
3380 4448 3638 4513 αὐτήκοοι
3669 4451 3953 4519 γενόμενοι
3984 4454 4079 4503 ἀν·-

2502 4537 2742 4605 τιλέγειν
2772 4538 2872 4603 μὲν
2926 4540 2988 4590 ἐκ
3046 4538 3143 4590 τοῦ
3175 4539 3361 4601 εὐθέος
3400 4541 3599 4610 ἥκιστα
3631 4535 3813 4608 εἶχον·
3858 4541 3970 4593 οὐδ’
4013 4537 4079 4611 ἦν

2499 4631 2733 4699 εὐπορία
2763 4631 3051 4700 γραφικῶν
3085 4630 3417 4695 ἀποδείξεων
3440 4632 3615 4698 σφίσι.
3649 4632 3741 4684 Διὸ
3772 4634 3868 4686 καὶ
3894 4636 3956 4696 ἐς
3989 4637 4079 4688 τὸν

2497 4720 2753 4790 δεύτερον
2786 4722 3250 4789 κατα-πεφεύγασι
3286 4721 3479 4785 πλοῦν,
3507 4724 3603 4775 καὶ
3638 4724 3841 4776 κανόνα
3868 4728 3968 4779 καὶ
3999 4727 4082 4778 v6-

2503 4831 2604 4882 μον
2636 4814 2852 4872 ὲαυτοῑς
2900 4814 2993 4865 τὸν
3026 4813 3349 4881 παράνομον
3393 4813 3707 4884 προύφερον
3732 4816 3900 4884 τόμον
3939 4819 4081 4870 ἐκεῖ·

2498 4921 2589 4956 νον
2618 4905 2707 4956 τὸν
2737 4903 3049 4975 λῃστρικὸν,
3097 4907 3188 4957 καὶ
3222 4905 3291 4957 τὰ
3328 4906 3455 4974 περὶ
3495 4907 3595 4966 τῆς
3621 4906 3715 4958 τοῦ
3742 4908 3955 4974 Κυρίου
3989 4927 4081 4977 με-

2499 4994 2910 5064 ταμορφώσεως
2968 4998 3087 5049 ἐκεῖ
3124 4999 3239 5059 τοῖς
3286 4998 3609 5067 ἀρχιερεῦσι
3653 4998 3715 5066 [ί.
3750 4999 3857 5053 245
3885 4999 3945 5070 b]
3989 5004 4080 5053 καὶ

2499 5088 2922 5157 γραμματεῦσιν
2958 5088 3173 5149 ἀσεϐῶς
3231 5092 3551 5157 κυςιωυέντα
3593 5091 3683 5143 διὰ
3715 5094 3987 5161 στόματος
4018 5090 4079 5163 ἦ·

2500 5194 2623 5243 γον’
2667 5178 2803 5245 πρὸς
2839 5178 2933 5241 οὓς
2984 5180 3011 5230 ό
3045 5180 3355 5250 Γρηγορᾶς,
3400 5200 3417 5231 ι
3478 5176 3608 5234 Εἶτα
3641 5184 3767 5236 οὐδὲ
3817 5186 3944 5247 νοῦς
3993 5204 4079 5243 τις

2500 5271 2699 5336 ἔπεισι,
2737 5289 2755 5321 ι
2820 5272 3005 5339 φησὶν,
3064 5290 3082 5321 ‹
3122 5273 3273 5340 ὑμῖν,
3328 5272 3426 5341 ὀψὲ
3483 5272 3614 5341 γοῦν
3663 5274 3953 5327 αἰσθέσθαι
4002 5276 4076 5338 ὡς

2505 5361 2678 5430 μείζω
2716 5361 2784 5413 τὰ
2811 5361 3007 5413 δίκτυα
3035 5362 3266 5416 πλέκετε
3296 5365 3391 5416 νῦν
3424 5365 3565 5417 κατὰ
3595 5366 3692 5432 τῆς
3717 5367 3843 5428 νέας
3872 5369 4080 5419 εἰκονο⁴

2506 5453 2709 5521 μαχίας
2727 5453 2820 5504 τοῦ
2843 5454 3080 5522 Παλαμᾶ
3103 5455 3172 5506 δι’
3188 5449 3263 5508 ὧν
3281 5457 3531 5521 είσάγετε
3557 5456 3673 5517 νῦν,
3698 5458 3771 5519 ὡς
3794 5459 4081 5527 δειχθήσε-

2500 5543 2844 5606 ται,”Εξεστι
2873 5544 2972 5612 μὲν
3007 5544 3115 5613 γὰρ
3139 5547 3232 5597 καὶ
3260 5547 3388 5613 ὑμῖν
3417 5547 3591 5614 δήπου
3611 5546 4078 5616 παρεξετάζουσιν

2502 5638 2567 5687 ὲκ
2600 5636 2769 5687 τῶνδε
2808 5638 3043 5706 συνορᾷν
3070 5637 3144 5699 ὡς
3180 5640 3276 5691 καὶ
3306 5640 3468 5701 αὐτὸς
3502 5641 3570 5691 τά
3600 5640 3740 5691 αὐτὰ
3773 5642 3884 5701 τοῖς
3912 5640 4078 5692 αὐτοῦ

2505 5728 2841 5797 βλασφημεῖ,
2881 5732 2933 5782 εἴ
2956 5747 3009 5781 τι
3033 5731 3180 5800 δρῴη
3209 5731 3308 5794 τὰς
3337 5733 3439 5799 τῆς
3471 5733 3673 5794 κακίας
3705 5730 3861 5800 ῥίζας
3908 5734 4079 5794 αὐτὰς

2507 5820 2597 5874 καὶ
2629 5822 2726 5892 τὴν
2760 5822 2981 5893 πρώτην
3018 5823 3290 5895 βλάστην·
3328 5826 3504 5889 ἔξεστι
3531 5825 3575 5877 δ’
3620 5825 3715 5896 οὐχ
3747 5820 3912 5895 ἧττον
3948 5843 4076 5877 συν-
