4262 6362
876 393 985 455 423

2095 383 2513 446 ΝΙΟΕΙἾΙΟΒΙ
2559 379 2946 442 ΟΒΕΟΟΒΕ
4058 367 4164 424 έιεὶ

878 502 1126 563 machus.
1182 503 1371 558 Simile
1414 499 1559 554 enim
1595 510 1741 555 esset
1773 516 1837 556 ac
1871 502 1915 556 si
1946 517 2070 570 quis
2097 501 2152 552 in
2178 501 2458 569 publicum
2492 508 2534 561 Α

2563 501 2607 550 δ’
2640 501 2705 552 ἂν
2739 503 2830 550 καὶ
2877 497 3100 563 ἐρέσθαι
3149 495 3447 563 βουλοίμην
3481 491 3646 543 αὐτὸν
3705 489 3751 538 εί
3799 485 4039 538 δύναιτό
4083 499 4166 540 τις

881 597 1142 666 prodiens
1201 596 1411 648 diceret
1462 592 1797 647 citharoedos
1850 608 2006 657 esse,
2053 608 2160 644 non
2224 607 2344 645 esse
2379 593 2456 645 ci-

882 691 1131 750 tharam;
1174 687 1351 739 sidera
1389 685 1609 747 quidem
1638 685 1906 745 coelestia,
1945 697 2054 736 non
2093 684 2290 736 cmlum
2321 701 2334 748 ;
2373 698 2458 736 res

879 781 1045 850 478
1074 779 1290 846 quidem
1324 786 1784 843 terrenas.ncque
1803 790 1932 827 vero
1963 784 2180 827 terram.
2215 774 2355 839 Quid
2381 775 2461 827 di—

881 875 981 936 cis,
1012 868 1209 922 sodes?
1240 868 1316 920 Ex
1372 867 1588 920 duobus
1623 867 1768 919 cnim
1825 866 2059 919 alterum
2108 867 2459 933 cogitandum

882 963 1039 1014 nobis
1065 959 1285 1011 dedisti.
1331 959 1541 1012 Etenim
1575 967 1666 1010 aut
1706 958 1915 1011 insanis
1955 959 2096 1027 ipsc,
2132 967 2227 1011 aut
2259 975 2454 1012 omnes

883 1052 1122 1104 insanire
1148 1060 1327 1119 putas.
1351 1049 1641 1103 Hicautem
1670 1065 1778 1102 non
1803 1060 2006 1112 noster,
2027 1055 2118 1104 sed
2140 1063 2264 1104 tuus
2291 1051 2457 1104 allec-

882 1155 990 1195 tus.
1042 1141 1098 1195 Si
1133 1143 1280 1195 enim
1313 1142 1500 1195 ebrius
1538 1142 1791 1209 quemxis
1841 1142 2058 1195 obviam
2101 1152 2324 1196 euntem
2361 1142 2464 1194 du-

886 1235 1080 1304 plicem
1116 1248 1213 1302 pro
1239 1247 1349 1286 uno
1382 1233 1571 1286 videre
1594 1233 1698 1285 sibi
1737 1233 1972 1296 videtur,
2010 1249 2118 1286 non
2143 1243 2464 1301 conspecto-

886 1341 1004 1378 rum
1054 1325 1338 1376 hominum
1386 1325 1593 1377 erroris
1626 1324 1856 1377 aﬂ'ectus
1886 1333 1992 1389 est,
2028 1326 2120 1379 sed
2165 1326 2305 1378 male
2338 1341 2452 1378 con-

881 1414 1187 1483 spicientis.
1253 1415 1541 1482 Sigillatim
1575 1416 1723 1466 enim
1773 1415 1847 1467 illi
1900 1416 1965 1469 ad
2007 1432 2458 1485 unumquemque

883 1509 1159 1562 numerati
1196 1515 1371 1560 crant.
1430 1504 1563 1558 Nam
1623 1507 1904 1575 professus
1961 1517 2045 1562 est
2090 1508 2468 1563 demonstrare

898 1598 951 1650 id
984 1596 1127 1664 quod
1160 1597 1597 1650 asuerdotihus
1649 1597 1755 1650 illis
1812 1613 1873 1651 ac
1927 1598 2123 1653 scribis
2179 1600 2467 1668 quaesitum

884 1702 1004 1741 esse
1035 1687 1194 1740 dixit.
1273 1687 1448 1741 Jubeo
1473 1689 1584 1756 jam
1615 1699 1832 1742 sanctos
1857 1690 1909 1742 in
1940 1690 2178 1743 medium
2210 1691 2468 1759 proferri,

884 1780 978 1847 qui
1038 1779 1216 1832 lucem
1248 1795 1368 1848 qua:
1423 1780 1474 1833 in
1507 1781 1721 1833 Domini
1763 1781 2246 1852 transﬁguratione
2301 1797 2470 1852 appa-

2560 591 2628 643 τὰ
2679 593 2789 643 τῶν
2845 589 3232 655 Εἰκονομάχων
3288 586 3464 654 τιμῶν
3511 585 3586 654 μὴ
3647 576 3786 633 εἶναι
3839 577 4165 642 Εἰκονομὰι-

2563 699 2654 750 χος
2684 697 2696 710 ·
2728 683 2913 748 ὅμοιον
2936 679 3044 746 γὰρ
3084 679 3148 730 ἂν
3177 678 3261 745 εἴη
3305 677 3494 744 ὥσπερ
3535 678 3598 728 ἆν
3629 677 3677 725 εἰ
3712 669 4019 738 παρελθὼν
4062 669 4091 716 δ
4121 683 4167 715 ε-

2563 773 2772 826 τείνετὸ
2801 790 2882 834 τις
2914 770 3246 838 κιθαρῳδοὺς
3286 767 3385 834 μὲν
3415 766 3574 828 εἶναι,
3609 765 3840 834 κιθάραν
3867 762 3916 814 δ’
3941 759 4041 812 (ὓ.
4073 757 4168 808 καὶ

2563 865 2848 935 οὐρανίους
2910 862 3008 931 μὲν
3057 863 3317 930 ἀστέρας,
3360 858 3590 928 οὐρανὸν
3625 857 3670 908 δ’
3713 855 3798 916 οὓ,
3849 857 3946 905 καὶ
3991 851 4172 915 γήϊνα

2569 961 2667 1028 μὲν
2701 959 3024 1027 πράγματα,
3057 957 3161 1023 γῆν
3212 955 3257 1006 δ’
3311 951 3537 1020 οὐδαμῆ.
3573 949 3634 1000 Ti
3688 949 3815 1017 φῂς,
3849 946 4131 1013 ἄνθρωπε
4162 957 4172 997 ;

2568 1054 2721 1103 Δυοῖν
2749 1051 2858 1118 γὰρ
2903 1050 3121 1110 πάντως
3147 1049 3288 1098 νοεῖν
3315 1045 3472 1105 δίδως
3501 1045 3635 1112 ἡμῖν
3676 1040 3906 1108 θάτερον
3929 1054 3941 1066 ’
3980 1039 4018 1105 ἢ
4057 1035 4173 1100 γὰρ

2572 1145 2761 1218 μαίνῃ,
2803 1146 2834 1213 ἢ
2890 1145 3098 1204 πάντας
3136 1144 3500 1211 μαινομένους
3535 1133 3673 1188 εἶναι
3723 1134 3938 1200 λοχίζῃ.
3982 1129 4174 1182 Τοῦτο

2569 1239 2613 1292 δ’
2647 1241 2745 1308 οὐχ
2813 1238 2986 1307 ήμῶν,
3027 1237 3164 1290 ἀλλὰ
3200 1235 3293 1287 σοῦ
3329 1251 3392 1301 γε
3433 1234 3493 1284 τὸ
3525 1232 3717 1292 πάθος.
3766 1230 4040 1294 καθάπερ
4082 1225 4165 1293 δή·

2570 1331 2767 1382 πουθεν
2798 1330 2890 1382 καὶ
2919 1331 2965 1380 εἰ
3001 1328 3216 1396 μεθύων
3256 1343 3340 1384 τις
3379 1326 3555 1378 πάντα
3585 1324 3726 1386 τινὰ,
3778 1324 3885 1389 ὅτῳ
3922 1319 3994 1372 ἂν
4038 1336 4172 1368 συν-

2574 1422 2776 1492 αντῴη.
2810 1419 3031 1474 διπλοῦν
3086 1436 3208 1471 τινα
3239 1419 3357 1470 ἀνθ’
3381 1418 3501 1478 ἐνὸς
3532 1418 3667 1483 ἑρᾷν
3708 1415 3902 1473 ἐδὸκει,
3942 1413 4008 1462 οὐ
4061 1410 4171 1460 τῶι

2571 1512 2866 1582 ὁρωμένων
2901 1512 2963 1561 iv
3022 1507 3082 1559 τὸ
3130 1509 3223 1574 τῆς
3264 1505 3482 1570 ἀπάτης
3521 1504 3694 1564 πάθες
3744 1497 3833 1571 ἦν,
3890 1501 4041 1553 ἀλλὰ
4075 1498 4175 1548 τοῦ

2575 1601 2861 1673 σφαλερῶς
2909 1600 3179 1670 ὁρῶντος·
3234 1599 3433 1657 πάντες
3475 1597 3581 1664 γὰρ
3634 1595 3699 1647 ἂν
3750 1594 3916 1661 μοναδ
3946 1592 4072 1652 κῶς
4113 1593 4172 1640 ὖσ

2576 1695 2788 1763 πῆρχον
2824 1692 3222 1763 ἀριθμούμενοι
3281 1690 3401 1742 καθ’
3453 1689 3684 1740 ἕκαστον
3726 1689 3942 1738 ἐκεῖνοι.
3982 1683 4164 1752 lips!»-

2575 1787 2701 1839 θετο
2748 1787 2845 1853 μὲν
2877 1786 2981 1853 γὰρ
3011 1783 3181 1847 δεῖξαι
3214 1781 3241 1834 ὃ
3267 1784 3378 1842 τοῖς
3402 1779 3751 1848 ἀρχιερεῦσιν
3800 1777 4039 1835 ἐκείνοις
4078 1779 4172 1826 καὶ

886 1869 1020 1932 ruit,
1057 1869 1355 1922 increatam
1393 1864 1514 1924 esse
1547 1871 1737 1924 dicant
1763 1864 1788 1935 ,’
1839 1888 1948 1925 non
2003 1871 2296 1926 essentiam
2350 1873 2467 1936 Dei,
2503 1874 2543 1929 Β

2573 1869 2994 1942 γραμματεῦσιν
3029 1869 3189 1928 αὐτὸς
3226 1868 3522 1936 ζητηθῆναι
3557 1883 3689 1933 φησι
3713 1883 3725 1895 '
3761 1865 3906 1930 λέγω
3932 1866 3996 1932 δὴ
4033 1867 4120 1915 το”
4151 1883 4173 1926 ς

886 1960 983 2014 sed
1039 1961 1447 2015 inessentialem
1504 1972 1559 2014 et
1603 1963 2118 2026 insulistantialem;
2170 1965 2282 2033 jam
2338 1979 2471 2017 vero

885 2053 1040 2119 quasi
1073 2053 1410 2106 obliviscens
1450 2056 1532 2105 sui
1564 2055 1923 2121 quaestionem
1949 2055 2138 2108 multis
2169 2055 2471 2110 dubitatio-

886 2143 1049 2196 nibus
1103 2144 1436 2211 implicatam
1491 2155 1547 2196 et
1602 2145 1749 2197 omni
1794 2144 2110 2213 dogmatum
2149 2147 2473 2201 confusione

889 2237 1266 2301 perturbatam
1298 2233 1523 2286 silentio
1561 2236 1930 2302 praetermisit,
1956 2236 2022 2288 de
2051 2252 2156 2304 qua
2183 2237 2329 2290 nulla
2356 2247 2474 2290 erat

886 2323 1165 2388 dubitatio
1198 2333 1253 2377 et
1286 2335 1472 2377 contra
1506 2340 1668 2393 quam
1713 2341 1891 2394 neque
1928 2326 2043 2394 ipse
2085 2330 2266 2381 omnis
2317 2329 2472 2380 mali-

888 2416 1109 2485 gnitatis
1140 2425 1294 2484 pater
1332 2417 1588 2469 diabolus
1632 2417 1935 2486 quidquam
1988 2433 2264 2486 opponere
2314 2433 2475 2472 cona-

890 2516 1062 2570 retur,
1091 2506 1141 2559 ei
1161 2506 1358 2560 aﬂerre
1389 2507 1573 2560 studet
1603 2508 1938 2572 testimonia,
1973 2520 2032 2564 ut
2059 2509 2242 2563 dicere
2269 2509 2473 2576 aliquid

893 2596 1222 2665 quibusdam
1282 2597 1548 2649 rideatur.
1635 2598 1769 2662 Quis
1821 2599 1966 2649 enim
2022 2598 2115 2666 qui
2176 2597 2476 2650 secundum

898 2691 1060 2744 Iidem
1090 2693 1274 2742 vivere
1303 2705 1359 2742 se
1390 2691 1702 2757 prolitetur,
1730 2690 1868 2743 dixit
1898 2705 2138 2758 unquam
2171 2698 2266 2743 aut
2300 2689 2477 2757 potuit

897 2784 1106 2846 dicere,
1144 2791 1288 2835 stare
1315 2783 1368 2834 in
1404 2781 1713 2834 substantia
1742 2789 1798 2832 et
1824 2780 2064 2833 essentia
2097 2776 2192 2831 Dei
2235 2786 2290 2832 et
2323 2777 2474 2830 illius

894 2884 1143 2928 naturam
1182 2884 1273 2926 aut
1305 2873 1505 2926 vidisse
1535 2882 1631 2924 aut
1660 2874 1965 2939 professum
2015 2886 2160 2933 esse,
2196 2885 2320 2923 cum
2360 2885 2477 2923 orn-

899 2983 999 3020 ncs
1035 2967 1138 3019 hoc
1167 2966 1350 3018 dicere
1379 2979 1485 3017 non
1531 2966 1691 3016 modo
1723 2965 2050 3032 prephctas,
2095 2977 2282 3015 verum
2315 2963 2477 3014 etiam

898 3058 1096 3128 quibus
1169 3056 1336 3127 [‘79
1396 3057 1565 3108 multo
1633 3057 2056 3123 propinquiores
2110 3065 2270 3109 erant
2346 3071 2482 3121 pra:-

899 3161 1150 3219 ceptores
1203 3149 1373 3200 nostri
1429 3147 1695 3209 audisset,
1759 3147 1854 3216 qui
1930 3158 2125 3215 pratter
2174 3149 2343 3200 multa
2377 3147 2480 3199 alia

900 3213 1201 3308 loqtiuntur
1234 3239 1314 3292 sic
1354 3256 1366 3291 :
1406 3237 1461 3289 Si
1493 3238 1616 3305 quis
1665 3213 2129 3305 cognovit—Deum
2162 3248 2253 3289 aut
2282 3252 2484 3305 cogno-
2512 3213 2554 3270 ο

903 3332 1046 3385 visse
1095 3340 1340 3398 putatur,
1397 3341 1626 3382 eatenus
1675 3330 1969 3398 cognovit,
2023 3341 2295 3397 quatenus
2345 3331 2484 3383 lucis

903 3423 1136 3478 similior
1159 3421 1412 3489 apparuit
1435 3437 1598 3489 quam
1628 3421 1776 3473 aliud
1800 3421 2124 3488 quidquam,
2152 3422 2354 3490 quippe
2374 3437 2480 3474 non

903 3514 1159 3568 similiter
1193 3512 1595 3566 collustratum.
1661 3513 1723 3564 Et
1769 3513 1818 3565 id
1855 3513 2000 3580 quod
2027 3523 2321 3581 exsuperat
2357 3529 2484 3582 per-

905 3605 1108 3657 fectum
1138 3612 1383 3671 putatum
1415 3613 1498 3656 est
1534 3617 1643 3655 non
1674 3603 1929 3668 veritate,
1963 3604 2055 3657 sed
2105 3605 2302 3658 si-cum
2344 3605 2481 3658 alte-

907 3693 1023 3747 rius
1053 3705 1400 3763 comparatur
1437 3695 1695 3762 potentia.

2576 1962 2766 2028 ἁγίους
2821 1961 3168 2026 παραγαγεῖν
3214 1961 3292 2016 εἰς
3332 1961 3496 2024 μέσον
3529 1956 3576 2007 οἳ
3625 1955 3685 2007 τὸ
3733 1957 3899 2021 ςανέν
3932 1955 4028 2005 ἐπὶ
4067 1954 4172 2020 τῆς

2575 2053 2669 2104 τοῦ
2702 2052 2898 2121 Κυρίου
2935 2049 3412 2116 μεταμορφώσεως
3449 2049 3561 2117 φῶς
3593 2048 3849 2100 ἄκτιστον
3884 2048 3986 2115 μὲν
4015 2043 4169 2096 εἷναί

2579 2162 2766 2213 φασιν,
2802 2146 2900 2195 οὐκ
2946 2146 3134 2195 οὐσίαν
3163 2145 3215 2193 δὲ
3267 2142 3421 2203 Θεοῦ,
3489 2141 3602 2192 ἀλλ’
3655 2141 3905 2192 ανοίσιόν
3937 2157 3997 2190 τε
4070 2139 4171 2189 xz!

2578 2239 2973 2290 ἀνυπόστατον.
3034 2232 3141 2286 Εἶθ’
3190 2235 3376 2303 ὥσπερ
3434 2232 3796 2299 ἐκλαθόμενος
3844 2232 4004 2290 αὑτδς
4039 2231 4158 2281 ἐαυ-

2579 2329 2698 2394 τοῦ,
2725 2330 2783 2382 τὸ
2815 2329 2911 2397 μὲν
2950 2327 3304 2394 ζητούμενον,
3347 2329 3441 2377 καὶ
3475 2323 3515 2389 ᾧ
3545 2325 3715 2390 πολλή
3743 2343 3822 2384 τις
3855 2323 4170 2392 περικέχυο

2579 2436 2670 2470 ται
2711 2417 3151 2486 ἀμφισὸήτησις,
3187 2416 3279 2466 καὶ
3309 2415 3440 2480 περὶ
3464 2413 3490 2464 ὃ
3516 2414 3610 2482 τῆς
3640 2413 3768 2478 ὅλης
3803 2413 3909 2463 τῶν
3956 2411 4171 2478 δογμά-

2580 2524 2688 2558 των
2713 2505 3027 2574 συγχύσεως
3060 2506 3090 2572 ἡ
3124 2503 3396 2572 πρόφασις
3420 2503 3639 2568 ἕστηκε,
3667 2502 3824 2553 τοῦτο
3860 2501 3958 2570 μὲν
3992 2502 4171 2563 παρέ-

2579 2601 2755 2669 δραμε
2795 2601 2919 2666 σιγῇ
2948 2614 2961 2628 ⁸
3015 2598 3143 2666 περὶ
3179 2590 3238 2648 οὗ
3267 2597 3309 2649 δ’
3342 2598 3440 2647 οὐκ
3467 2591 3534 2664 ἦν
3563 2597 3973 2665 ἀμφισϐήτησις
4014 2596 4171 2647 0'36:-

2585 2693 2705 2761 μία,
2737 2693 2828 2744 καὶ
2864 2683 2906 2758 ᾧ
2943 2689 3052 2741 οὐδ’
3081 2689 3146 2741 ἂν
3173 2689 3330 2748 αὐτὸς
3363 2690 3389 2739 ὁ
3423 2688 3603 2755 πάσης
3636 2688 3832 2748 κακίας
3879 2687 4172 2757 γεννήτωρ

2579 2784 2825 2845 διάὸολος
2871 2782 3197 2849 τολμήσειεν
3239 2781 3538 2844 ἀντειπεῖν,
3593 2782 3772 2849 τούτῳ
3819 2781 3873 2832 δὲ
3908 2781 4171 2848 κομίζειν

2581 2874 2742 2944 δῆθεν
2775 2873 3061 2939 ἐπείγεται
3113 2874 3445 2934 συστατικὰς
3490 2874 3822 2940 μαρτυρίας,
3863 2873 3948 2923 ἴνα
3982 2889 4034 2922 τι
4080 2871 4170 2920 λέ-

2583 2985 2699 3034 γειν
2753 2966 2878 3035 δόξῃ
2934 2966 3064 3018 τισί.
3105 2965 3200 3026 Τίς
3233 2969 3339 3034 γάρ
3374 2967 3492 3016 ποτ’
3549 2965 3790 3027 εὐσεϐῶς
3838 2965 4170 3035 αἱρούμενος

2585 3059 2684 3129 ζῇν
2721 3055 2842 3112 εἶπέ
2875 3074 3004 3109 ποτε
3040 3057 3071 3124 ἢ
3109 3056 3281 3124 λέγει,
3315 3056 3347 3126 ἢ
3381 3055 3585 3108 δύναιτ’
3613 3058 3678 3108 ἄν
3711 3056 3827 3108 ποτ’
3857 3058 4060 3120 εἰπεῖν,
4097 3054 4171 3113 ὡς

2587 3153 2717 3217 ἔστη
2751 3154 2806 3202 ὲν
2837 3150 3185 3219 ὑποστήματι
3233 3150 3325 3200 καὶ
3384 3149 3546 3218 οὐσίᾳ
3572 3148 3732 3215 Θεοῦ,
3769 3151 4026 3200 κάκείνου
4074 3148 4170 3215 τὴν

2590 3246 2754 3313 φύσιν
2796 3243 2827 3312 ἦ
2863 3238 3004 3294 εἶδεν
3053 3242 3084 3311 ἢ
3118 3241 3472 3308 ἐξηγόρευσε,
3519 3239 3766 3309 βοώντων
3807 3241 4069 3292 ἁπάντων
4114 3241 4173 3291 ἁ-

2589 3333 2769 3385 κούων
2799 3334 2957 3383 ταυτὶ
2992 3331 3066 3399 μὴ
3113 3331 3195 3382 ὅτι
3230 3330 3546 3399 προφητῶν,
3580 3330 3717 3381 ἀλλὰ
3749 3330 3842 3381 καὶ
3873 3325 3958 3389 οἷς
4007 3333 4173 3396 ἐγγυ-

2589 3424 2730 3493 τέρω
2784 3421 2961 3490 πολλῷ
3011 3421 3354 3482 διδασκάλοις
3409 3421 3569 3489 ἡμῶν
3619 3421 3899 3488 γεγονέναι
3958 3422 4173 3488 συμπέο

2590 3533 2826 3568 πτωιιεν.
2861 3515 2922 3567 Οἳ
2951 3514 3017 3566 τά
3045 3514 3092 3565 τ’
3124 3515 3260 3567 ἄλλα
3286 3513 3579 3581 φάσκουσι,
3612 3514 3706 3564 καὶ
3739 3515 3838 3580 μὲν
3864 3515 3928 3581 δὴ
3974 3517 4069 3566 καὶ
4099 3515 4171 3575 ὡς

2592 3606 2644 3657 εἶ
2680 3623 2762 3667 τις
2787 3607 2925 3673 ἔγνω
2949 3606 3080 3656 Θεὸν
3111 3605 3142 3673 ἦ
3174 3605 3478 3670 ἐγνωκέναι
3507 3604 3956 3672 μεμαρτύρηται,
3981 3604 4174 3656 τοσοῦ·

2590 3715 2682 3749 τον
2712 3697 2853 3760 ἔγνω
2886 3699 3008 3748 ὅσον
3040 3697 3201 3748 ἄλλου
3255 3695 3331 3762 μὴ
3379 3695 3439 3744 τὸ
3475 3695 3589 3745 ἴσον
3631 3695 4040 3762 ἐλλαμφθέντος
4075 3714 4176 3762 φα-

908 3785 1064 3853 νῆναι
1120 3787 1606 3855 φωτοειδέστερος·
1666 3788 1758 3838 καὶ
1809 3787 1868 3838 τὸ
1899 3787 2235 3855 ὑπερϐάλλον
2267 3789 2470 3841 τέλειον
2513 3790 2774 3859 ἐνομίσθη
2813 3791 2873 3842 οὐ
2914 3792 2979 3858 τῇ
3033 3788 3281 3856 ἀληθεία,
3310 3789 3372 3856 τῇ
3421 3788 3477 3841 δὲ
3529 3788 3623 3839 τοῦ
3663 3786 3888 3857 πλησίον
3931 3788 4169 3857 δυνάμει

911 3881 1456 3949 παραμετροῦμενον.

983 3975 1070 4028 ιν.
1115 3974 1222 4028 Sed
1269 3976 1516 4030 Palamas
1558 3985 1750 4030 contra
1805 3979 2092 4034 veritatem
2141 3991 2485 4050 pugnaturus

907 4080 1035 4119 cum
1069 4075 1260 4119 contra
1289 4067 1422 4119 nihil
1453 4066 1639 4122 dicere
1672 4069 1846 4137 possit
1872 4085 1970 4124 nec
1997 4072 2269 4142 relugium
2302 4073 2483 4142 quod-

911 4173 1076 4225 quam
1105 4158 1326 4222 habeat,
1353 4159 1420 4212 ad
1453 4160 1760 4215 latebrosas
1794 4166 2260 4218 recessus-statim
2293 4166 2484 4220 oculos

911 4251 1100 4309 vertit.
1133 4251 1261 4318 quia
1298 4266 1407 4303 non
1443 4252 1746 4322 intelligere
1775 4263 1956 4322 potest
1987 4271 2044 4309 se
2077 4255 2191 4325 ipsa
2231 4273 2289 4311 re
2313 4259 2488 4311 mani-

921 4339 1217 4393 festissime
1267 4342 1469 4400 evinci.
1514 4358 1636 4394 cum
1690 4343 1757 4395 iis
1807 4359 1946 4411 quos
1998 4347 2202 4414 injuria
2251 4348 2488 4400 lacessat

915 4432 1050 4484 nihil
1109 4432 1516 4498 probabilitatis
1561 4449 1840 4502 opponere
1890 4437 2085 4503 possit.
2140 4437 2294 4501 Quod
2339 4439 2485 4490 enim

915 4525 1049 4577 dicit
1095 4541 1155 4577 ea
1188 4541 1307 4592 qua:
1334 4542 1492 4578 nemo
1515 4526 1765 4593 qu:esivit
1794 4542 2032 4596 unquam
2070 4538 2257 4597 utpote
2313 4531 2488 4582 mani-

914 4614 1074 4674 festa,
1109 4623 1249 4668 tacet
1303 4618 1369 4668 de
1407 4618 1470 4669 llS
1522 4634 1642 4685 quae
1696 4633 1752 4671 se
1786 4619 2060 4672 dicturum
2101 4621 2380 4688 professus
2407 4631 2488 4674 est

917 4709 1070 4760 nullo
1100 4716 1350 4775 cogente,
1377 4709 1553 4762 simile
1585 4710 1688 4761 hoc
1717 4709 1868 4771 facit,
1899 4725 1962 4762 ac
1988 4710 2032 4762 si
2070 4711 2193 4777 quis
2221 4711 2488 4763 accedens

916 4799 1208 4868 proﬁtetur
1237 4815 1295 4851 se
1327 4799 1603 4852 dicturum
1639 4801 1691 4853 id
1724 4802 1868 4868 quod
1901 4802 2114 4869 ignorat
2147 4817 2328 4865 nemo,
2355 4803 2486 4870 quid

917 4889 990 4943 sit
1033 4888 1237 4952 homo;
1265 4889 1463 4941 deinde
1491 4905 1613 4942 cum
1649 4891 1833 4944 dicere
1862 4893 2112 4959 cmperit,
2149 4893 2200 4946 id
2238 4895 2380 4962 quod
2419 4895 2490 4947 sit

919 4981 1086 5033 homo
1117 4980 1300 5033 dicere
1331 4996 1437 5032 non
1475 4991 1674 5048 potest,
1723 5000 1843 5051 quae
1890 5000 2018 5036 vero
2055 4999 2160 5037 non
2193 4986 2396 5037 cadunt
2434 4984 2485 5036 in

921 5071 1224 5131 hominem,
1273 5073 1387 5125 ha:c
1436 5075 1618 5126 omnia
1662 5076 1885 5127 omnino
1922 5090 2042 5128 esse
2078 5084 2260 5144 negat,
2295 5077 2486 5129 bovem

918 5161 1135 5214 scilicet
1170 5171 1225 5212 et
1253 5179 1452 5229 equum
1489 5173 1538 5216 et
1580 5180 1810 5233 cycnum
1848 5175 1902 5218 et
1938 5167 2214 5219 cornicem
2247 5174 2302 5220 et
2337 5183 2489 5235 qme-

920 5264 1141 5316 Cunque
1171 5249 1453 5302 humidam
1491 5253 1544 5302 in
1580 5257 1712 5305 mari
1743 5256 1906 5307 vitam
1942 5265 2127 5322 agunt.
2164 5257 2291 5308 Dein
2324 5259 2488 5310 etiam

923 5338 1110 5392 brevia
1138 5341 1310 5392 sancti
1343 5341 1559 5393 Maximi
1591 5346 1752 5395 verba
1787 5346 1966 5408 atlert,
1998 5347 2091 5398 sed
2135 5363 2242 5400 non
2280 5348 2488 5415 integra

921 5446 1024 5484 nec
1054 5431 1172 5485 sine
1206 5449 1271 5485 eo
1302 5449 1412 5501 quo
1441 5443 1522 5487 est
1555 5438 1938 5503 corrumpendi
1974 5439 2156 5492 studio
2204 5441 2488 5508 rclinqmt.

923 5521 1211 5580 Quomodo
1260 5524 1404 5575 enim
1455 5525 1618 5578 homo
1673 5526 1928 5578 allectum
1979 5529 2086 5597 jam
2132 5531 2488 5583 inveteratum

922 5610 1090 5680 489
1119 5623 1170 5663 et
1217 5614 1607 5682 longinquitate
1666 5619 1925 5686 temporis
1979 5624 2386 5674 corroboratum
2438 5635 2492 5675 et

928 5703 980 5753 in
1017 5713 1260 5756 naturam
1310 5707 1477 5772 ipsa-.n
1527 5719 1866 5760 ιιιὶιιιμῑέιιιιιιι
1920 5713 2179 5777 abjiciet?
2225 5714 2487 5766 Distracla

924 5794 1070 5846 enim
1124 5795 1174 5848 in
1214 5795 1349 5849 duas
1386 5809 1565 5867 pttl'it's
1619 5801 1828 5871 integra
1877 5804 2206 5872 Cogitationc
2261 5815 2314 5858 ct
2364 5806 2490 5859 dein

2658 3982 2730 4034 Δ’.
2779 3981 2917 4033 Ἀλλ’
2952 3984 2978 4033 ὁ
3007 3979 3270 4047 Παλαμᾶς
3304 3981 3368 4049 τῇ
3399 3980 3497 4048 μὲν
3538 3979 3768 4048 ἀληθείᾳ
3823 3980 4167 4048 μαχόμενος,

2587 4074 2648 4125 οὐ
2679 4073 2978 4141 δυνάμενος
3005 4072 3050 4123 δ’
3089 4074 3393 4136 ἀντειπεῖν,
3431 4073 3541 4124 οὐδ’
3572 4073 3862 4141 ἀποφυγὴν
3895 4075 3996 4124 οὐκ
4033 4073 4174 4141 ἔχων

2588 4163 2848 4232 οὐδεμίαν
2879 4162 3113 4230 οὐδαμῆ,
3176 4163 3313 4230 πρδς
3362 4162 3786 4230 λαϐυρινθώδεις
3848 4163 4010 4227 εὐθὺς
4074 4165 4174 4232 ὁρᾷ

2590 4253 2938 4316 καταδύσεις,
2995 4256 3088 4305 καὶ
3129 4253 3238 4306 οὐδ’
3272 4254 3561 4306 αἰσθέσθαι
3620 4255 3846 4307 δύναται
3908 4256 3994 4307 ὅτι
4023 4255 4172 4308 τοῦτ’

2592 4349 2736 4398 ἐστὶν
2763 4347 2790 4397 ὃ
2824 4346 3060 4414 μάλιστα
3093 4347 3312 4399 πάντων
3374 4348 3460 4397 ἐπ’
3514 4348 3816 4417 αὐτοφώρῳ
3850 4348 4040 4400 τοῦτον
4069 4367 4172 4400 κα-

2592 4440 2897 4504 ταδικάζει,
2936 4440 3102 4508 μηδὲν
3158 4441 3267 4490 τῶν
3300 4440 3538 4504 εὐλόγων
3599 4441 3792 4508 ἔχοντα
3850 4446 3962 4501 τοῖς
4021 4442 4170 4508 αὐτῷ

2526 4515 2565 4564 υ
2600 4532 3114 4598 παρανομουμένοις
3151 4531 3498 4598 χαρίζεσθαι.
3555 4531 3628 4583 Τὸ
3679 4533 3786 4600 γὰρ
3842 4533 4026 4594 λέγειν
4079 4535 4171 4598 μὲν

2597 4624 2631 4676 ἃ.
2662 4623 2850 4691 μηδεὶς
2889 4623 3123 4691 ἐζήτησε
3183 4625 3402 4674 πώποτε
3461 4623 3702 4692 πρόδηλα
3737 4625 3884 4686 δντα,
3933 4625 4096 4692 σιγᾷν
4130 4622 4173 4675 δ’

2599 4715 2632 4766 ἃ
2661 4711 2930 4779 προῦθετό
2962 4731 3018 4764 τε
3054 4716 3146 4765 καὶ
3171 4715 3541 4781 ἐπηγγείλατο
3588 4716 3767 4781 λέγειν
3824 4714 3987 4774 αὐτὸς
4023 4717 4170 4766 οὐδε-

2601 4807 2688 4867 νὸς
2727 4804 3154 4872 ἀναγκάζοντος,
3221 4807 3408 4874 ὅμοιόν
3455 4808 3604 4857 ἐστιν
3639 4805 3829 4873 ὥσπερ
3878 4807 3940 4856 ἂν
4003 4807 4170 4865 εἴτις

2605 4897 2829 4964 μηδενὸς
2858 4896 3177 4962 ἀγνοοῦντος
3213 4898 3500 4966 παρελθὼν
3549 4896 3920 4966 ἐπηγγέλλετο
3959 4898 4062 4963 μὲν
4093 4898 4173 4945 λέ-

2600 5005 2718 5054 γειν
2752 4990 2800 5038 τί
2840 4990 2956 5038 ἐστι
3014 4989 3322 5058 ἅνθρωπος,
3362 4989 3554 5040 ἔπειτα
3606 4989 3787 5056 λέγειν
3843 4987 4170 5055 ἀρξάμενος,

2602 5077 2629 5126 ὃ
2671 5075 2767 5143 μὲν
2810 5076 2960 5127 ἐστιν
2993 5077 3279 5146 ἅνθρωπος
3309 5079 3483 5127 εἰπεῖν
3542 5077 3641 5128 οὐκ
3678 5075 3847 5146 εἶχεν,
3881 5076 3916 5129 ἃ
3971 5078 4015 5128 δ’
4079 5079 4169 5126 τὺκ

2601 5161 2690 5212 ἔστ
2705 5181 2755 5213 ιν
2779 5163 3087 5229 ἄνθρωπος,
3144 5165 3322 5215 πάντα
3359 5165 3600 5233 σωρηδὸν
3632 5166 3931 5234 ἁπηρν-ῖτο
3987 5166 4064 5232 μὴ
4095 5162 4166 5215 εἷ-

2601 5270 2709 5315 ναι,
2747 5252 2873 5320 βοῦν
2903 5258 2993 5304 καὶ
3026 5255 3191 5305 ἵππον
3219 5255 3417 5324 δηλαδὴ
3457 5257 3548 5305 καὶ
3604 5255 3808 5307 κύκνον
3868 5258 3961 5306 καὶ
4001 5253 4167 5321 κορώ-

2603 5363 2721 5411 νην,
2767 5346 2859 5395 καὶ
2891 5349 3063 5398 ὁπόσα
3105 5350 3191 5396 τὸν
3221 5348 3385 5415 ὑγρὸν
3417 5348 3473 5397 ἐν
3506 5347 3743 5418 θαλάττῃ
3794 5346 3971 5409 διάγει
4038 5347 4162 5412 βίον.

2607 5439 2836 5488 Ἔπειτα
2881 5438 2975 5489 καὶ
3019 5438 3278 5508 βραχείας
3310 5439 3528 5506 κομίζει
3568 5440 3758 5507 ῥήσεις
3781 5437 4044 5505 Μαξίμου
4079 5437 4162 5487 τοῦ

2603 5532 2773 5592 θείου,
2817 5531 2937 5599 μηδ’
2976 5532 3143 5591 αὑτὰς
3174 5532 3437 5592 λελοιπὼς
3469 5533 3700 5594 ἀπαθεῖς
3743 5532 3873 5600 μηδὲ
3907 5536 4002 5595 ti;
4027 5531 4160 5596 αἶτῷ

2606 5623 2868 5688 συνήθους
2909 5623 3036 5672 ἄνευ
3067 5622 3424 5691 παραφθορΞ;
3454 5640 3464 5650 ·
3489 5624 3602 5683 πῶς
3635 5624 3742 5692 γὰρ
3779 5625 3841 5674 ἂν
3867 5626 3893 5674 ὁ
3921 5625 4057 5689 ἀνὴρ
4079 5626 4157 5689 ἁ.)-

2602 5713 2792 5780 νηθείη
2833 5714 2997 5772 πάθης
3044 5714 3141 5779 ἤδη
3182 5716 3488 5764 παλαιωθέν
3520 5718 3611 5765 καὶ
3658 5719 3821 5782 μήκει
3861 5715 3921 5781 Η.
3957 5715 4060 5767 ﬂii}
4106 5713 4149 5779 ἐι]

2602 5808 2795 5875 χρόνον
2838 5806 3137 5873 gedum-10°91
3174 5810 3265 5858 καὶ
3292 5802 3400 5858 οἷον
3438 5811 3510 5869 εἰς
3549 5808 3708 5874 ςυςιν
3766 5811 3945 5876 icit-3
4001 5824 4147 5878 μετα·
