4262 6362
813 423 926 490 430

2016 424 2430 483 NlCEI’HORl
2474 426 2854 487 GllEGOlth

3954 438 4063 497 ΜΟ

819 563 866 596 ei
903 548 1143 600 ninnium
1186 562 1248 596 ιιι.
1274 547 1430 600 sima:
1471 544 1709 596 divinam
1747 543 2152 595 venerationem
2204 540 2279 592 illi
2321 540 2377 591 in
2412 546 2448 599 Α
2481 563 2502 594 ν

2412 546 2448 599 Α
2481 545 2579 612 νέᾳ
2604 544 2774 616 ταύτῃ
2802 544 2894 595 τοῦ
2933 546 3168 612 Παλαμᾶ
3206 547 3445 613 φάλαγγι
3492 547 3787 616 προσέχειν
3817 550 3907 601 τὸν
3937 550 4065 602 νοῦν

818 636 1036 688 ἸῚιιιιιοι·
1079 635 1326 688 miraculi
1364 633 1471 686 luci
1524 633 1827 693 vindicare,
1868 641 1922 683 et
1974 629 2381 683 inessentialem

820 728 1022 779 habere
1059 726 1314 779 deitatem
1342 724 1488 778 illam
1517 725 1815 791 subjectum
1864 729 1917 772 et
1969 718 2379 772 insubstantia-

819 823 945 870 lein.
983 817 1064 870 Me
1096 816 1315 883 quidem
1346 816 1398 866 in
1432 817 1531 868 hac
1567 831 1622 868 re
1653 813 1861 866 videbit
1900 813 2112 864 hestem
2146 821 2199 863 et
2230 810 2377 862 omni

818 924 1073 960 sermone
1100 917 1154 959 et
1187 906 1400 960 cunctis
1431 905 1607 967 libris,
1633 905 1846 956 etiamsi
1870 903 2034 973 496
2067 903 2379 966 ubicunque

819 1017 924 1051 non
959 997 1266 1066 placuerit,
1317 1005 1582 1048 tacentem
1619 1011 1750 1046 vero
1798 1009 1905 1046 non
1965 993 2056 1048 ubi
2094 992 2380 1059 placuerit.

817 1093 962 1143 idem
1004 1105 1134 1142 sane
1165 1088 1459 1144 barbariem
1488 1087 1765 1154 opinionis
1803 1087 1997 1154 plenus
2039 1098 2158 1135 esse
2213 1082 2381 1134 debe-

819 1182 895 1233 bit
929 1193 980 1232 et
1022 1180 1209 1233 Graeco
1229 1178 1497 1231 atheismo
1541 1179 1710 1231 multo
1737 1177 1996 1230 inferiora
2032 1184 2219 1239 tenere
2245 1214 2258 1235 ,
2291 1172 2377 1224 cui

816 1288 1154 1341 qmeCunque
1181 1286 1278 1338 per
1308 1271 1485 1323 lucem
1516 1270 1650 1324 [inut
1684 1269 1948 1321 miracula
1981 1265 2227 1319 venerari
2265 1280 2381 1316 om-

820 1365 904 1415 uia
949 1365 997 1414 in
1046 1362 1229 1414 animo
1268 1361 1356 1414 sit.
1395 1361 1527 1414 Nam
1580 1375 1646 1411 ne
1686 1374 1882 1426 corpus
1914 1357 2134 1424 quidem
2180 1367 2263 1410 est
2295 1356 2379 1408 in—

817 1465 999 1508 creata
1035 1454 1124 1507 illa
1153 1453 1451 1506 Salvatoris
1472 1451 1731 1514 essentia,
1759 1451 1830 1502 ita
1861 1461 1919 1502 ut
1946 1465 2068 1518 pars
2099 1458 2377 1517 appareat,

816 1561 941 1612 pars
972 1560 1076 1596 non
1110 1551 1390 1611 appareat.
1439 1541 1579 1606 Quid
1616 1541 1811 1594 enim?
1849 1540 2079 1591 indivisa
2123 1525 2267 1590 enim
2299 1546 2384 1589 est

816 1639 1054 1704 putentia
1118 1646 1170 1688 et
1214 1651 1416 1694 unum,
1460 1641 1622 1697 atque
1663 1631 1810 1684 omni
1871 1631 2098 1684 omnino
2151 1643 2382 1680 numero

815 1728 1089 1794 superius.
1122 1725 1252 1789 Qua)
1283 1741 1384 1777 nec
1413 1723 1686 1776 divisione
1741 1723 1847 1776 ulla
1879 1721 2255 1788 duplicitatein
2289 1735 2383 1787 ge-

815 1827 932 1868 nuit
964 1831 1062 1869 nec
1097 1831 1326 1867 numero
1361 1815 1471 1866 ullo
1507 1813 1684 1867 divisa
1717 1823 1820 1874 est,
1851 1812 1941 1863 sed
1987 1827 2153 1862 unum
2191 1821 2380 1861 natura

815 1919 867 1960 ct
911 1921 1128 1974 semper
1191 1906 1411 1966 unitas,
1461 1905 1658 1957 mansit
1710 1889 1924 1970 seniper
1981 1901 2265 1954 monadiea
2329 1909 2382 1952 et

819 2010 1075 2050 constans
1113 2007 1166 2048 et
1208 1995 1517 2048 invisibilis.
1545 1995 1681 2047 Dicit
1706 1995 1866 2047 etiam
1905 1993 2122 2045 divinus
2143 1993 2380 2062 Chryso-

817 2101 1028 2142 stomus
1056 2106 1072 2142 :
1097 2087 1152 2142 Si
1183 2089 1355 2155 ipsam
1387 2087 1652 2139 vidissent
1675 2086 1955 2153 propheta:
1984 2083 2075 2137 Dei
2111 2094 2380 2148 naturam,

817 2197 924 2234 non
945 2182 1090 2233 varie
1109 2177 1458 2246 contemplati
1492 2187 1696 2230 essent.
1720 2175 1957 2244 Simplex
1974 2177 2117 2229 enim
2135 2176 2380 2243 quzedam

818 2283 899 2326 est
938 2289 999 2325 ea
1029 2281 1083 2325 et
1110 2271 1539 2325 insubstantiata
1568 2279 1622 2322 et
1657 2269 2020 2336 incomposita
2057 2278 2112 2320 et
2153 2267 2382 2333 inexpli-

819 2366 1009 2421 cabilis
1042 2376 1097 2418 et
1121 2379 1339 2432 semper
1361 2362 1554 2416 eadem
1591 2361 1813 2424 mansit,
1844 2359 1936 2413 sed
1969 2358 2209 2413 ostendit
2246 2357 2383 2410 invi-

819 2459 997 2512 sibilis
1046 2457 1214 2509 divini
1251 2455 1398 2524 regni
1429 2455 1681 2522 gloriam.
1715 2453 1856 2522 Ergo
1911 2452 2041 2505 illud
2092 2451 2379 2518 delegt‘lltli

821 2563 928 2598 non
963 2546 1223 2614 majorem
1251 2544 1357 2596 vim
1391 2544 1577 2606 habet,
1611 2558 1772 2611 quam
1803 2541 2151 2595 ostendendi.
2174 2541 2385 2594 Obscu-

822 2653 893 2691 ra:
934 2637 1081 2689 enim
1114 2635 1190 2687 rei
1223 2635 1642 2702 explicationem
1691 2633 1881 2697 alIert;
1939 2633 2232 2685 ostendere
2280 2650 2380 2684 au-

825 2743 930 2782 tem
963 2738 1046 2781 est
1085 2727 1293 2780 locutio
1323 2727 1488 2780 etiam
1525 2726 1577 2778 in
1607 2725 2000 2793 apparentibus
2033 2724 2197 2778 rebus
2224 2726 2383 2793 plane

821 2819 1165 2881 ncressaria,
1201 2819 1659 2886 quemadmodum
1715 2818 1758 2870 si
1814 2818 1937 2884 quis
1995 2818 2297 2886 margaritis
2329 2818 2381 2870 in

821 2928 984 2980 capsa
1039 2910 1267 2968 inclusis
1303 2927 1519 2979 capsam
1566 2910 1912 2964 solummodo
1959 2910 2229 2972 ostendit,
2275 2925 2382 2962 non

819 3004 1026 3072 detegit
1062 3003 1115 3056 id
1150 3002 1295 3071 quod
1327 3003 1588 3069 quaeritur
1612 3041 1626 3062 ,
1657 3011 1716 3053 ut
1749 3000 1914 3060 etiam
1950 3016 2176 3069 magnus
2215 3000 2384 3070 Chry-

820 3111 1096 3151 sosxomus
1125 3096 1259 3151 dicit
1297 3113 1310 3148 :
1339 3096 1454 3149 Non
1484 3094 1732 3148 ascendit
1767 3093 1927 3148 Jesus
1967 3108 2181 3158 navem,
2217 3093 2383 3145 mira-

2485 640 2768 700 δπωσοῦνς
2798 635 2875 699 οἷς
2903 640 3078 690 πάντα
3117 641 3212 705 μὲν
3249 640 3417 702 ἀδεῶς
3461 641 3728 708 τολμᾶται
3775 641 3959 705 λέγειν
3995 643 4064 693 τα

2486 729 2754 795 χείριστα,
2790 729 3006 780 πάντων
3056 731 3098 780 δ’
3138 729 3230 780 οὖν
3273 730 3505 796 μάλιστα
3537 731 3725 798 θεῑκην
3764 731 4064 797 ἀπονέμειν

2485 818 2740 881 λατρείαν
2791 819 2866 883 τῷ
2914 818 3007 870 τοῦ
3047 822 3103 870 ἐν
3134 819 3402 888 Θαϐωρίῳ
3446 820 3724 887 Θαύματος
3776 823 3936 888 φωτὶ,
3970 823 4065 872 καὶ

2487 907 2735 956 ἁνούσιον
2793 906 2925 957 αὐτὸ
2988 907 3231 974 νομίζειν
3300 908 3529 975 θεότητα
3610 910 3914 977 ύφειμέ-ιην
3966 915 4063 962 καὶ

2488 996 2874 1050 ἀνυπόστατον.
2923 997 3056 1065 Ἐμὲ
3095 1000 3191 1063 μὲν
3241 998 3346 1068 γὰρ
3394 998 3642 1051 ἐνταυθοῖ
3685 1001 3945 1068 Παλαμᾶς
3979 1002 4069 1052 εὑ-

2489 1091 2644 1155 ρήσει
2677 1089 2959 1156 πολέμιον,
2994 1092 3088 1140 καὶ
3127 1091 3346 1162 γλώττῃ
3374 1091 3523 1161 πάσῃ
3561 1091 3651 1143 καὶ
3679 1091 3884 1160 βίϐλοις
3911 1093 4067 1153 ὅλαις

2485 1178 2591 1242 ἀεὶ,
2622 1178 2724 1230 κᾶν
2757 1179 2829 1247 μὴ
2872 1179 3153 1248 βούληται,
3187 1181 3424 1247 σιγῶντα
3459 1183 3503 1234 δ’
3531 1176 3623 1235 οὖν
3662 1181 3771 1235 οὐδ’
3800 1184 3897 1235 ἐὰν
3939 1183 4034 1248 βού
4056 1211 4068 1222 -

2485 1270 2664 1337 ληται.
2697 1265 2772 1322 ἿΙ
2799 1271 2994 1322 πολλοῦ
3027 1273 3175 1340 μέντ’
3209 1274 3274 1325 ἂν
3296 1273 3505 1340 δεήσειε
3542 1275 3887 1344 βαρϐαρικῆς
3928 1277 4066 1327 ἀπ).

2484 1359 2627 1420 vota;
2655 1355 2796 1409 εἶναι
2832 1361 3037 1428 μεστῷ,
3076 1362 3271 1413 πολλοῦ
3299 1363 3345 1414 δ’
3375 1363 3440 1415 ἂν
3471 1363 3762 1427 πολυθεῖας
3807 1364 3951 1432 ἔχειν
3995 1365 4059 1415 τὸ

2482 1445 2645 1520 ἦττον
2705 1450 3044 1520 Ἑλληνικῆς,
3101 1453 3206 1521 ὅτῳ
3261 1454 3327 1506 ἂν
3376 1454 3533 1506 πάνθ’
3574 1455 3676 1506 ὅσα
3724 1455 3810 1506 διὰ
3865 1455 4064 1523 φώτων

2484 1541 2689 1606 γίνεται
2723 1530 2976 1608 Θαύματά
3000 1543 3296 1612 ,λατρεύειν
3329 1544 3416 1612 εἴη
3451 1544 3538 1595 διὰ
3581 1545 3886 1612 φροντίδος.
3925 1544 4061 1596 Οὐδὲ

2484 1630 2592 1697 γὰρ
2618 1629 2738 1681 οὐδὲ
2778 1630 2934 1698 σῶμα
2979 1631 3029 1680 τί
3061 1633 3208 1683 ἐστιν
3247 1634 3278 1701 ἡ
3311 1634 3566 1694 ἄκτιστος
3603 1633 3787 1700 ἐκείνη
3826 1632 3919 1686 τοῦ
3949 1634 4063 1684 Σω-

2481 1722 2646 1788 τῆρος
2680 1721 2856 1784 οὐσία,
2894 1722 2979 1773 ἵνα
3012 1715 3189 1790 μέρος
3217 1723 3314 1791 μὲν
3345 1727 3664 1793 παραφανῇ,
3693 1726 3863 1793 μέρος
3898 1725 3942 1775 δ’
3973 1723 4062 1776 οὗ·

2484 1807 2599 1867 πῶς
2650 1809 2782 1874 γὰρ,
2833 1808 3046 1878 ἀμερὴς
3106 1808 3240 1860 οὖσα
3291 1809 3519 1877 δύναμις
3577 1812 3672 1863 καὶ
3727 1811 3932 1879 κυρίως
3978 1813 4058 1874 ἓν,

2418 1873 2454 1925 Β
2485 1873 2737 1967 ἀριθμοῖιν
2760 1873 2960 1961 παντὸς
3003 1873 3352 1954 παντάπασιν
3403 1873 3744 1973 ὑπέρτεροη
3779 1873 3917 1955 Dite
3949 1906 4060 1972 γὰρ

2486 1990 2666 2056 ἐκείνη
2704 1991 2958 2060 μερισμῷ
3003 2010 3108 2044 τινι
3148 1995 3314 2046 δυάδα
3370 1997 3719 2063 γεγέννηκεν,
3751 1995 3867 2048 051°
3896 1997 4058 2063 ἀριθ-

2487 2084 2583 2148 μὸς
2615 2083 2787 2142 οὐδεὶς
2824 2084 3082 2151 ἐμέρισεν
3118 2085 3288 2151 αὑτήν
3311 2102 3323 2115 ο
3361 2085 3473 2136 ἀλλ’
3507 2085 3564 2137 ἓν
3606 2083 3740 2137 οὖσα
3770 2085 3930 2152 φύσει
3962 2087 4059 2136 καὶ

2488 2175 2648 2241 pavi;
2686 2176 2791 2232 ἀεὶ,
2830 2177 3141 2242 μεμένηκεν
3166 2177 3253 2228 ἀεὶ
3277 2178 3539 2246 μοναδική
3570 2195 3629 2228 τε
3658 2179 3753 2230 καὶ
3781 2180 4058 2246 ἄτρεπτος

2484 2267 2576 2317 καὶ
2611 2266 2863 2333 ἀόρατος.
2906 2268 3042 2334 Φησὶ
3069 2268 3175 2338 γὰρ
3209 2270 3300 2320 καὶ
3335 2271 3361 2320 ὁ
3395 2269 3532 2330 θεῖος
3565 2271 3954 2338 Χρυσνὶστομος
3985 2269 4059 2330 ὡς

2483 2361 2530 2408 εἰ
2573 2359 2744 2425 αὐτὴν
2781 2360 2967 2424 ἑώρων
3021 2361 3068 2410 οἱ
3123 2359 3400 2427 προφῆται
3431 2361 3530 2428 τὴν
3575 2360 3737 2429 φύσιν
3773 2361 3866 2412 τοῦ
3893 2359 4056 2422 Θεοῦ,

2482 2452 2578 2502 οὐκ
2605 2450 2670 2502 ἂν
2709 2453 2977 2522 διαφόρως
3002 2452 3259 2506 ἂθεῶντοο
3289 2453 3432 2521 ἁπλῆ
3475 2453 3584 2522 γάρ
3619 2471 3703 2513 τις
3740 2454 3926 2521 ἐκείνη
3959 2455 4057 2508 καὶ

2483 2545 2892 2612 ἀσχημάτιπτος
2950 2551 3042 2598 καὶ
3102 2545 3398 2606 ἁσύνθετος
3474 2548 3568 2598 καὶ
3641 2549 4059 2616 ἀπερίγραπτος

2483 2635 2576 2686 καὶ
2621 2636 2707 2686 ἀεὶ
2755 2636 3012 2697 ὡσαύτως
3061 2636 3276 2705 ἔχουσα.
3317 2639 3458 2690 Ἀλλ’
3508 2638 3696 2702 ἔδειξε,
3754 2639 3911 2706 φησὶ,
3961 2639 4057 2704 τῆς

2483 2726 2714 2779 ἀθεάτου
2747 2725 2933 2791 Οεῖκῆς
2965 2727 3131 2779 αὑτοῦ
3163 2728 3438 2794 βασιλείας
3467 2729 3566 2796 τὴν
3605 2728 3783 2792 δόξαν.
3824 2724 3958 2780 Εἶτα
3993 2729 4055 2781 εὖ

2483 2818 2542 2869 τὸ
2591 2817 2895 2885 ἐκκαλύψαι
2931 2818 3103 2884 μείζω
3141 2818 3238 2887 τὴν
3289 2819 3520 2888 δύναμιν
3569 2820 3682 2888 ἔχει
3721 2821 3808 2873 τοῦ
3839 2820 4017 2884 δεῖξαι
4044 2837 4054 2846 ·

2486 2909 2903 2978 κεκαλυμμένον
2937 2911 3045 2980 γάρ
3075 2928 3221 2970 τινος
3262 2911 3412 2980 δηλοῖ
3439 2913 3748 2979 φανέρωσιν
3796 2914 4059 2977 πραγμα-

2483 3017 2611 3063 τος·
2645 3000 2704 3052 τὸ
2749 3001 2802 3052 δὲ
2838 3002 3012 3065 δεῖξαι
3064 2989 3208 3065 λέξις
3254 3004 3370 3054 ἐστὶ
3403 3004 3505 3055 κᾶν
3549 3005 3659 3064 τοῖς
3709 3004 4058 3070 φαινομένοις

2487 3093 2754 3161 χρειώδης
2817 3093 3024 3156 ἁπλῶς,
3078 3095 3268 3163 ὥσπερ
3329 3094 3394 3147 ἂν
3437 3096 3487 3146 ει
3533 3095 3591 3145 ὲν
3643 3094 3913 3162 βαλαντξῳ
3961 3111 4059 3143 κιο

819 3189 1000 3243 l'ulllttt
1060 3187 1235 3256 majus
1281 3187 1578 3241 effecturus
1635 3195 1690 3240 et
1739 3186 1901 3238 simul
1955 3184 2213 3238 deitatem
2272 3184 2382 3238 illis
2412 3183 2502 3253 ci

2378 3202 2382 3234 ι
2412 3198 2453 3253 c
2486 3183 2840 3252 λυπτομένων
2879 3186 3178 3255 μαργάρων
3204 3186 3364 3252 μόνον
3393 3185 3628 3254 δεικνύοι
3650 3202 3730 3246 τις
3764 3185 3825 3236 τὸ
3862 3183 4061 3252 βαλάνο

818 3280 1163 3334 manii'estius
1194 3278 1540 3347 probaturus.

2475 3293 2628 3326 τιον·
2666 3268 2832 3343 οὗτοςζ
2875 3277 2982 3346 γὰρ
3032 3277 3199 3342 ἔδειξε
3251 3277 3371 3345 μὲν,
3415 3279 3515 3329 οὐκ
3558 3276 3857 3343 ὲξεκάλνψε
3910 3275 3966 3326 δὲ
4001 3275 4060 3325 τὸ

819 3373 1185 3440 ζητούμενον·
1219 3370 1293 3432 ὡς
1351 3372 1498 3422 καὶὸ
1530 3370 1700 3437 μέγας
1733 3368 1977 3422 διδάσκει
2033 3367 2444 3437 Χρυσόστομος,
2487 3368 2660 3434 λέγων
2717 3369 2799 3420 ὅτι
2854 3358 2957 3420 οὐκ
3006 3369 3166 3438 ἐνέϐη
3218 3373 3247 3423 ὁ
3285 3369 3494 3440 Ἰησοῦς
3527 3370 3609 3432 εἰς
3653 3368 3712 3421 τὸ
3759 3359 3972 3433 πλοῖον,
3999 3367 4061 3419 τὸ

820 3466 1007 3534 θαῦμα
1053 3465 1238 3532 μεῖζον
1280 3463 1622 3532 ἐργάσασθαι
1655 3464 1979 3533 βουλόμενος
2014 3464 2106 3514 καὶ
2139 3462 2254 3531 ἄμα
2282 3461 2380 3532 τὴν
2421 3462 2652 3528 θεότητα
2685 3463 2869 3535 αὐτοῖς
2895 3463 3199 3531 ἐκκαλύψαι
3229 3466 3578 3534 τρανότερον.

892 3555 1182 3631 Χ11.497
1200 3555 1348 3608 Scitu
1372 3555 1593 3623 dignum
1615 3565 1718 3616 est,
1738 3555 2013 3623 quomodo
2035 3557 2266 3608 duorum
2286 3540 2381 3608 mi-

819 3650 1128 3703 raculorum
1149 3647 1348 3700 ibidem
1371 3654 1746 3709 tractatorum,
1768 3645 1998 3699 alterius
2014 3645 2379 3708 ostendentis,

818 3742 1042 3796 alterius
1076 3739 1384 3807 detegentis
1416 3739 1699 3799 deitatem,
1755 3739 1886 3792 illud
1957 3731 2210 3802 inferius,
2277 3740 2380 3791 hoc

818 3836 1078 3902 detegens
1113 3832 1384 3900 superius.
1420 3831 1576 3896 Quod
1635 3830 1892 3893 inferius,
1952 3829 2080 3883 huic
2136 3830 2383 3883 Palamas

820 3925 1227 3978 venerationem
1266 3923 1527 3986 vindicat,
1587 3922 1730 3990 quod
1785 3921 2061 3989 superius,
2099 3919 2276 3972 eidem
2315 3935 2380 3972 ne

821 4017 1106 4072 minimum
1146 4015 1392 4084 quidem.
1429 4014 1738 4068 Ridiculum
1770 4022 1853 4067 est
1882 4012 2112 4066 inferius
2179 4012 2381 4065 habere

821 4124 1046 4161 summa:
1080 4108 1337 4176 potentiae
1361 4108 1648 4167 honorem,
1679 4104 1930 4173 superius
1980 4119 2044 4158 ne
2102 4102 2379 4157 inferioris

819 4198 1041 4267 quidem
1075 4206 1128 4252 et
1155 4197 1299 4266 quod
1336 4197 1439 4250 sibi
1471 4205 1615 4249 stare
1647 4196 1872 4248 minime
1905 4205 2098 4262 potest,
2152 4193 2203 4246 id
2239 4193 2379 4246 utri-

819 4305 926 4358 que
962 4289 1224 4349 tribuere,
1277 4286 1422 4355 quod
1456 4287 1711 4347 maxime,
1761 4285 1813 4338 id
1843 4285 1998 4338 alteri
2056 4285 2371 4352 neutiquam

820 4390 875 4432 et
899 4378 1041 4447 quod
1075 4380 1126 4430 in
1162 4377 1381 4430 Stateris
1417 4393 1524 4428 non
1553 4391 1649 4444 par
1677 4383 1758 4429 est
1795 4375 2056 4443 potentia,
2094 4375 2222 4427 huic
2257 4391 2375 4427 mo-

822 4480 1063 4522 mentum
1096 4467 1318 4519 omnino
1342 4466 1568 4533 a-quale,
1599 4465 1741 4533 quzzd
1768 4481 1896 4517 vero
1927 4466 2096 4518 multo
2115 4466 2375 4532 majorem

824 4559 1081 4614 momenti
1129 4559 1444 4627 gravitatem
1477 4559 1658 4619 habet.
1691 4558 1741 4611 id
1774 4559 1866 4610 illo
1919 4559 2088 4610 multo
2154 4556 2381 4609 inferius

822 4662 1034 4721 putare.
1077 4650 1134 4703 Si
1168 4651 1386 4717 quidem
1415 4649 1780 4718 simplicitatis
1811 4649 1940 4703 illud
1978 4658 2080 4711 est,
2114 4664 2232 4716 qua:
2268 4663 2384 4700 om-

826 4759 946 4795 nent
979 4741 1380 4808 simplicitatem
1410 4740 1708 4808 superavit.
1755 4739 1898 4806 quod
1935 4749 2140 4792 tantum
2210 4738 2382 4801 abest,

825 4844 882 4886 ut
916 4850 1037 4888 cum
1077 4833 1436 4901 patefactione
1462 4832 1514 4883 in
1544 4846 1708 4883 unum
1746 4831 1948 4894 redeat,
1986 4839 2044 4882 ut
2073 4845 2140 4882 ne
2166 4830 2386 4883 accedat

825 4927 1064 4994 quidem,
1094 4925 1220 4978 huic
1251 4925 1506 4978 increatae
1532 4923 1749 4976 deitatis
1781 4923 2044 4976 honorem
2079 4922 2380 4975 vindicare.

826 5021 1109 5084 Quomodo
1136 5018 1279 5070 enim
1311 5032 1546 5084 unquam
1576 5015 1704 5083 quid
1757 5024 1934 5083 potest
1980 5030 2159 5068 rerum
2211 5015 2384 5068 sensi-

824 5107 917 5161 bili
953 5106 1125 5160 l'orma
1149 5107 1522 5173 apparentium
1549 5115 1602 5158 et
1631 5107 1813 5159 sensui
1873 5106 2236 5175 subjeclarum
2270 5105 2387 5158 dei-

828 5209 910 5252 tas
938 5201 1179 5252 increata
1203 5212 1344 5251 esse.
1375 5196 1510 5250 Cum
1534 5212 1599 5249 ne
1617 5197 1931 5264 angelorum
1953 5197 2174 5264 quidem
2203 5197 2384 5250 incor-

828 5303 1118 5355 porearum
1157 5298 1344 5340 natura
1380 5289 1431 5339 in
1464 5287 1727 5340 humanos
1761 5288 1948 5340 oculos
1969 5287 2161 5340 cadere
2191 5286 2380 5349 possit,

831 5390 886 5432 ut
911 5379 1048 5432 infra
1115 5394 1388 5448 supraque
1434 5379 1862 5432 demonstratum
1922 5388 2026 5438 est,
2081 5389 2136 5432 et
2186 5379 2384 5446 cuique

831 5472 1076 5521 humana:
1110 5471 1274 5521 menti
1321 5469 1453 5522 disci
1487 5479 1678 5537 potest.
1728 5469 2033 5537 Explicabit
2064 5470 2243 5522 denuo
2272 5485 2386 5522 ma-

828 5575 965 5626 gnus
1026 5568 1328 5627 prteccptur
1385 5561 1542 5613 nobis
1597 5559 2019 5629 Chrysostomus
2059 5576 2167 5612 non
2225 5561 2384 5612 modo

829 5654 1001 5704 lucem
1032 5654 1174 5704 illam
1209 5670 1313 5706 non
1377 5654 1546 5712 fuisse
1607 5655 1865 5706 deitatem
1900 5653 2064 5723 498
2088 5654 2381 5706 increatam

826 5754 880 5798 ct
913 5743 1334 5806 incssentialcm,
1370 5745 1462 5798 sed
1496 5761 1560 5798 ne
1586 5744 2217 5813 incorporeamquidem.
2251 5745 2386 5799 Dicit

829 5836 918 5897 ille
970 5837 1041 5890 ita
1085 5837 1241 5889 fere:
1291 5837 1395 5889 «Si
1461 5838 1882 5905 corporaliorczu
1932 5835 2176 5893 Salvator
2247 5838 2386 5892 hanc

2559 3555 2656 3607 IB'.
2705 3555 3034 3624 Ἐπιστῆσαι
3082 3556 3125 3607 δ’
3158 3554 3308 3618 ἄξιον
3339 3555 3455 3618 πῶς
3500 3555 3594 3608 δύο
3639 3555 3935 3623 θαυμάτων
3976 3555 4060 3604 ὲν.

2482 3647 2657 3698 ταῦθα
2705 3647 3135 3716 διειλημμένων,
3171 3648 3265 3700 καὶ
3307 3647 3402 3701 τοῦ
3460 3647 3560 3715 μὲν
3601 3645 3923 3715 παραδειξιν
3961 3645 4059 3712 δη-

2483 3739 2704 3799 λοῦντος
2756 3738 3010 3803 θεότητος
3058 3739 3152 3792 τοῧ
3203 3740 3248 3791 δ’
3296 3739 3619 3808 tuan-tm,
3670 3740 3766 3791 καὶ
3815 3740 3916 3806 τῆς
3959 3736 4060 3805 μὲν

2485 3831 2766 3899 εἰληχυὲας
2793 3831 2853 3883 τδ
2879 3826 3040 3902 ἦττον
3071 3833 3171 3899 τῆς
3213 3833 3256 3884 δ’
3301 3831 3657 3900 ἐκκαλύψεως
3687 3831 3747 3882 τὸ
3784 3829 3994 3898 μεῖζον,
4025 3827 4058 3896 ἣ

2492 3926 2589 3993 μὲν
2620 3924 2678 3975 τὸ
2717 3919 2877 3991 ἦττον
2908 3923 3052 3990 ἔχειν
3099 3924 3279 3992 ἔλαχε,
3311 3923 3484 3992 ταύτῃ
3520 3923 3782 3992 Παλαμᾶς
3825 3921 4061 3987 λατρεύ-

2487 4015 2646 4084 τικὴν
2693 4015 2846 4082 νέμει
2909 4015 3374 4085 προσκύνησιν,ῆ
3422 4014 3586 4066 δὲτὸ
3638 4013 3822 4083 μεῖζον
3874 4015 4058 4082 ἔλαχε,

2486 4105 2661 4176 ταύτῃ
2697 4106 2740 4157 δ’
2771 4105 2863 4157 οὖν
2897 4106 3003 4158 οὐδ’
3041 4106 3316 4174 ἡντινοῦν.
3367 4106 3584 4157 Γελοίον
3629 4105 3693 4176 [Γ.
3724 4105 3830 4158 9.50
3863 4104 3920 4174 ul
3953 4109 4057 4170 γὰρ

2487 4199 2553 4250 ἂν
2584 4200 2668 4266 εῐη
2695 4200 2754 4248 τ’)
2797 4199 2894 4265 μὲν
2924 4197 3143 4248 ἔλαττον
3177 4198 3318 4249 κατὰ
3344 4195 3575 4265 δύναμιν
3608 4196 3873 4265 μεγίστην
3922 4213 4058 4264 καρ-

2466 4285 2717 4337 -ποῦσθαι
2750 4287 2938 4352 τιμὴν,
2971 4285 3030 4337 τὸ
3064 4287 3110 4337 δ’
3139 4286 3440 4355 ὑπέρτερον
3469 4284 3605 4352 μηδὲ
3650 4285 3747 4351 τὴν
3780 4283 3872 4335 τοῦ
3898 4285 4062 4352 ἦττο-

2486 4393 2605 4437 νος·
2648 4378 2744 4428 καὶ
2794 4377 2820 4428 ὃ
2877 4377 2976 4442 μὲν
3032 4376 3213 4445 ἐαυτῷ
3260 4376 3442 4444 ἥκιστ’
3473 4376 3610 4445 ἕχει,
3645 4374 3798 4428 τοῦθ’
3848 4375 4059 4443 ἑτέροις

2485 4470 2768 4534 ἐπαρκεῖν,
2813 4468 2839 4519 ὃ
2876 4469 2932 4520 δὲ
2979 4468 3197 4534 μάλισθ’
3243 4467 3445 4537 ἑαυτῷ,
3493 4467 3639 4520 τοῦθ’
3694 4467 3905 4534 ἑτέροις
3947 4485 4056 4534 μη-

2481 4561 2630 4627 δαμῆ
2656 4576 2668 4588 ·
2703 4563 2796 4610 καὶ
2823 4555 2864 4624 ᾧ
2896 4561 2995 4627 μὲν
3030 4561 3150 4628 μηδ’
3184 4562 3495 4633 ἰσορροπεῖν
3517 4564 3636 4622 ταῖς
3669 4561 3766 4628 τῆς
3804 4559 4056 4626 ἰσότητος

2490 4650 2774 4714 πλάστιγξ.
2823 4650 3050 4718 δύναμις
3126 4653 3234 4721 εἴη,
3289 4652 3463 4722 τούτῳ
3507 4653 3689 4720 πάσης
3742 4650 4055 4718 ὁλοσχερῶς

2489 4743 2794 4809 συγχωρεῖν
2851 4742 2945 4808 τῆς
2987 4742 3178 4810 ὁλκῆς,
3208 4743 3233 4794 ὃ
3274 4743 3332 4794 δὲ
3386 4743 3558 4793 πλείω
3606 4743 3701 4810 τὴν
3729 4741 3832 4806 τῆς
3878 4740 4053 4808 ῥοπῆς

2490 4831 2806 4897 ἐμϐριθειαν
2838 4831 2948 4900 ἔχει
2977 4833 3178 4899 πυλλῷ,
3211 4832 3369 4885 τοῦτο
3398 4833 3443 4882 δ’
3469 4833 3684 4885 ἐκείνου
3718 4834 4056 4898 κουφότεροι

2489 4922 2740 4988 ἡγεῖσθαι
2775 4923 2973 4991 πολλῷ.
3005 4925 3065 4976 Εἰ
3097 4924 3141 4975 δ’
3173 4923 3424 4993 εὐηθείας
3461 4925 3636 4985 ταυτὶ,
3665 4918 3699 4992 ἦ
3732 4940 3833 4972 που
3871 4922 4056 4972 πᾶσαν

2492 5015 2834 5084 ὑπερήλασεν
2879 5015 3157 5083 εὐήθειαν,
3199 5017 3226 5069 ὃ
3268 5019 3332 5085 τῇ
3383 5014 3682 5084 ὲκκαλύψει
3719 5014 3794 5081 μὴ
3838 5029 4057 5080 συγχω-

2491 5109 2664 5175 ρείται
2722 5108 2844 5175 μηδ’
2891 5108 3056 5174 ἐγγὺς
3109 5108 3308 5172 ἐλθεῖν,
3351 5108 3527 5174 τούτῳ
3567 5106 3621 5158 δὲ
3669 5106 3761 5157 καὶ
3808 5104 3911 5172 τὴν
3958 5104 4056 5169 τῆς

2489 5198 2744 5250 ἀκτίστου
2795 5199 3048 5267 θεότητος
3095 5200 3428 5268 προσνέμειν
3465 5199 3652 5267 τιμήν.
3696 5196 3817 5257 Πῶς
3849 5196 3958 5262 γὰρ
3993 5196 4055 5248 ἂν

2489 5293 2620 5343 ποτέ
2647 5309 2697 5343 τι
2730 5292 2837 5343 τῶν
2859 5294 2916 5344 ὲν
2941 5291 3187 5362 αἰσθητῷ
3233 5293 3576 5360 φαινομένων
3617 5291 3746 5341 εἴδει
3787 5292 3880 5340 καὶ
3924 5289 4056 5338 ὑπο-

2490 5383 2838 5450 ϐαλλομένων
2889 5385 3139 5454 αἰσθήσει
3183 5385 3374 5452 θεότης
3421 5385 3670 5443 ἄκτιστος
3722 5382 3806 5447 εἴη
3835 5398 3849 5444 ;
3882 5383 4051 5432 Ὀπου

2493 5475 2624 5544 μηδὲ
2667 5477 2764 5540 τὴν
2805 5476 2915 5525 τῶν
2955 5478 3262 5542 ἀσωμάτων
3294 5474 3544 5540 ἀγγέλων
3581 5475 3742 5540 φύσιν
3772 5470 4052 5538 ἄνθρωπε·

2487 5583 2594 5624 νοις
2623 5566 2916 5616 ὑποπεσεῖν
2945 5566 3168 5619 δυνατὸν
3200 5565 3515 5634 ὀφθαλμοῖς,
3535 5565 3607 5626 ὡς
3640 5566 3751 5616 ἄνω
3785 5565 3879 5614 καὶ
3902 5562 4053 5613 κάτω

2488 5658 2756 5709 δέδεικταί
2819 5676 2877 5709 τε
2931 5661 3023 5710 καὶ
3079 5658 3466 5712 αὐτοδίδακτόν
3527 5659 3676 5708 ἐστιν
3729 5655 4051 5724 ἀνθρωπίνῃ

2493 5749 2706 5799 συνέσει
2756 5751 2923 5819 πάσῃ.
2971 5751 3209 5819 Δηλώσει
3257 5748 3303 5801 δ’
3343 5747 3434 5803 οὖν
3465 5751 3557 5802 za‘t
3598 5750 3625 5800 ὁ
3669 5749 3846 5818 μέγας
3892 5743 4048 5807 αὖθις

2491 5839 2807 5903 διδασκαλος
2842 5843 2969 5910 ἡμῖν
2995 5844 3432 5912 Χρυσορρήμων,
3475 5842 3548 5912 μὴ
3579 5843 3739 5911 μόνον
3771 5842 3850 5894 ὅτι
3885 5841 3959 5910 μὴ
3982 5834 4050 5908 ἦν
