4262 6362
815 325 916 386 447

1997 341 2417 402 NICEPHOIU
2463 347 2853 414 GllEGORE

3950 349 4062 411 448

815 438 1335 509 ιιταιιοηιιὶνῖειιηῑρε
1368 460 1489 496 eum
1523 448 1828 502 carminum
1876 451 2170 506 admodum
2225 454 2385 506 la-tis-
2417 461 2456 514 Α

2492 458 2701 524 εἰλήψει
2753 460 2841 510 τὸν
2895 457 3228 525 ζητούμενον
3281 459 3446 510 παῖδα
3492 456 3583 509 τοῦ
3626 458 3920 525 Ὑρκανοῦ.
3973 461 4071 511 καὶ

814 527 1080 582 simorum
1114 543 1301 598 cantu,
1346 538 1545 605 quippe
1603 554 1724 606 qua:
1780 557 1968 610 pacem
2013 543 2082 595 ab
2153 546 2383 597 barbaro

814 618 954 671 duce
993 623 1329 683 nuntiatam.
1380 644 1486 679 non
1521 633 1753 698 amplius
1780 634 1829 686 in
1867 649 1962 700 διο
2022 636 2383 690 dormientem

813 708 1082 776 viderent,
1119 717 1211 767 sed
1250 705 1301 769 in
1342 717 1517 773 lucem
1581 725 1845 791 prolatam
1892 726 2164 793 publicam
2230 738 2382 781 tran-

817 805 1142 871 quillitatem
1175 811 1478 868 incredibili
1514 816 1606 869 Dei
1640 819 2002 884 providentia.
2046 821 2192 886 Quas
2223 823 2386 891 igitur

819 896 1022 957 gratias
1057 904 1112 950 et
1159 897 1396 956 honores
1432 905 1483 956 in
1511 906 1688 972 epulis
1735 917 1790 961 et
1821 922 2082 977 quantam
2129 914 2386 981 magniﬁ-

819 985 1051 1047 centiam
1114 987 1166 1040 in
1200 993 1444 1047 vestibus
1496 997 1758 1052 continuo
1817 1003 2092 1055 mutandis
2149 1001 2383 1072 Hyrcani

820 1073 932 1126 lilio
969 1077 1250 1146 tribuerit,
1295 1100 1556 1153 generum
1585 1105 1709 1142 eum
1739 1094 2019 1161 appellans
2046 1105 2099 1149 et
2129 1098 2296 1151 lilium
2330 1109 2386 1154 et

818 1181 939 1230 qua:
965 1184 1226 1238 preterea
1261 1179 1528 1244 ejusmodi
1554 1193 1700 1237 amat
1737 1185 2008 1241 humanus
2036 1198 2091 1242 et
2125 1190 2386 1246 domesti-

819 1271 916 1310 cus
946 1275 1060 1314 mos
1085 1273 1140 1316 et
1170 1264 1353 1321 dicere
1384 1279 1438 1324 et
1463 1271 1660 1339 facere,
1697 1275 1809 1329 haec
1839 1292 2164 1334 enumerare
2185 1296 2382 1352 super-

822 1345 988 1400 ﬂuum
1022 1352 1154 1405 mihi
1187 1357 1422 1412 videtur.
1456 1361 1592 1416 Nota
1621 1365 1766 1418 enim
1797 1378 1960 1422 erunt
1992 1371 2250 1427 omnibus
2280 1375 2383 1428 etsi

820 1440 1039 1496 silentio
1057 1460 1085 1497 a
1105 1447 1263 1502 nobis
1284 1451 1501 1506 omissa.
1521 1454 1653 1508 Nam
1672 1462 2040 1514 communium
2062 1444 2383 1531 Opinionum

817 1544 871 1586 et
892 1550 1101 1589 morum
1120 1538 1320 1607 largam
1342 1545 1620 1600 scientiam
1642 1552 2017 1622 unusquisque
2036 1572 2065 1609 e
2084 1556 2249 1610 variis
2265 1559 2387 1611 vitae

819 1626 1035 1680 (ﬂSlbUS
1065 1628 1226 1700 506
1251 1635 1505 1704 colligere
1532 1647 1586 1692 et
1616 1641 1958 1711 singulorum
1982 1646 2384 1715 experientiam

821 1811 1009 1872 topcre
1046 1822 1226 1865 autem
1252 1815 1469 1880 peracta
1506 1813 1852 1890 navigatione
1883 1826 1936 1877 in
1961 1839 2259 1897 conspectu
2288 1829 2390 1900 By,

822 1899 1129 1953 zantiorum
1154 1921 1280 1958 cum
1313 1907 1688 1977 honoraverit,
1733 1925 1788 1970 et
1822 1927 1954 1985 quot
2011 1920 2291 1976 adfuerint
2323 1899 2388 1978 ex

826 1991 1129 2058 peregrinis
1181 2001 1337 2053 terris
1394 2010 1450 2054 et
1482 2005 1730 2072 urbibus,
1783 2025 2108 2065 enumerare
2158 2029 2266 2067 non
2322 2016 2391 2068 ad

825 2094 937 2131 rent
971 2098 1216 2149 spectare
1249 2095 1457 2158 putavi.
1513 2094 1708 2152 Videre
1743 2112 1994 2170 poterant
2019 2107 2166 2159 enim
2199 2123 2390 2163 omnes

827 2175 956 2244 imp.
1011 2183 1245 2249 equitem
1297 2189 1552 2256 equidem
1599 2193 1891 2249 barbarum
1943 2199 2389 2256 introducentetn

823 2268 883 2362 in
911 2273 1057 2338 regia
1087 2275 1383 2332 domicilia.
1432 2282 1525 2336 Ille
1579 2296 1696 2353 post
1741 2288 1871 2356 imp.
1905 2305 2028 2343 cum
2077 2292 2208 2346 solis
2258 2293 2388 2362 imp.

830 2359 1021 2417 liberis
1064 2377 1118 2418 et
1146 2370 1390 2440 patribus
1447 2375 1772 2431 vehebatur.
1822 2379 2090 2435 Caeterum
2162 2359 2390 2436 nimium

829 2453 1091 2510 honorent
1143 2463 1598 2523 animadvertisse
1660 2470 1954 2525 barbarum
2008 2484 2062 2527 et
2118 2477 2393 2543 quomodo

827 2547 1037 2599 veritus
1069 2562 1237 2616 esset,
1271 2555 1510 2611 inaudita
1542 2575 1605 2612 ex
1639 2563 1803 2630 regiis
1833 2565 2004 2632 portis
2056 2567 2393 2623 introductio

827 2638 1087 2693 ostendit.
1126 2641 1376 2699 Porrecta
1419 2665 1580 2702 manu
1628 2657 2184 2721 conipieliendenlem
2251 2660 2389 2728 imp.

830 2743 1046 2780 manum
1075 2743 1131 2783 et
1159 2735 1404 2797 pnebens
1465 2740 1708 2796 habenas
1759 2747 1878 2813 ejus
1937 2763 2046 2816 quo
2091 2750 2395 2804 vehebatur

828 2820 953 2884 equi
1005 2822 1112 2873 alta
1162 2841 1294 2878 voce
1328 2839 1384 2881 ut
1433 2831 1536 2884 sibi
1568 2832 1904 2891 descendere
1963 2840 2123 2893 liceat
2159 2844 2396 2908 postulet

827 2921 878 2959 et
914 2909 1116 2966 invitus
1156 2923 1210 2966 et
1255 2920 1409 2983 quasi
1442 2921 1785 2992 obstrepens,
1825 2927 1878 2978 in
1944 2930 2178 2983 mediam
2221 2949 2394 3002 usque

828 3000 1007 3054 aulam
1037 3005 1237 3072 regiam
1262 3011 1429 3063 venit.
1455 3012 1554 3067 Ubi
1583 3032 1687 3068 non
1713 3019 1930 3084 quidem
1962 3022 2027 3073 ad
2059 3000 2391 3078 voluntatem

2486 549 2714 615 ἐπανῄει
2745 549 2950 614 χαὶρων
2983 549 3037 608 ἐς
3075 547 3133 597 τὸ
3170 547 3484 608 Βυζάντιον.
3520 547 3628 599 Καὶ
3659 543 3726 613 ἦν
3755 547 4065 614 τηνικαῦτα

2485 639 2544 691 τὺ
2566 638 2682 698 ἔτος
2717 641 2774 688 ἐν
2797 641 2914 696 ταῖς
2946 640 3148 704 ἀκμαῖς
3173 638 3266 689 τοῦ
3299 637 3513 706 θέρους.
3539 641 3627 690 ὅτε
3663 639 3727 708 δὴ
3761 640 3892 707 περὶ
3918 639 4066 692 ἅλω-

2486 746 2582 789 νας
2614 729 2704 779 καὶ
2739 731 2883 779 σίτου
2935 729 3162 798 κομιδὴν
3197 730 3414 797 ἀνάγκη
3449 732 3781 798 συνήλαυνεν
3809 729 4065 798 ἀσχολεῖ-

2488 825 2614 877 σθαι
2649 826 2859 886 πάντας
2908 820 2988 884 οίς
3019 825 3182 892 ἔργον
3225 827 3273 876 οί
3308 827 3457 878 πόνοι
3499 826 3626 891 γῆς,
3659 828 3888 895 είρήνης
3933 827 4064 895 ἄρτι

2485 916 2834 985 παντοδαπῆς
2901 917 3365 986 περιχορευούσης
3420 919 3486 968 τὰ
3547 916 3836 983 Ῥωμαίων
3883 918 4064 985 πράγ-

2490 1025 2659 1077 ματα.
2694 1009 2805 1059 Καὶ
2831 1008 2992 1076 μέχρι
3027 1007 3126 1076 μὲν
3154 1009 3209 1068 ἐς
3249 1007 3539 1070 Βυζάντιον
3567 1009 3595 1059 ό
3626 1006 3794 1068 πλοῦς
3826 1002 3895 1073 ἦν
3929 1007 4066 1059 ἐπα-

2487 1102 2657 1155 νιόντι
2693 1101 2772 1169 τῷ
2799 1100 3035 1169 βασιλεῖ,
3079 1100 3178 1167 μία
3219 1101 3476 1168 τριήρης.
3509 1101 3542 1167 ή
3573 1085 3827 1167 βασιλικὴ
3860 1114 4066 1165 ναυαρ-

2486 1196 2596 1264 χὶς,
2625 1195 2881 1261 ἐκόμισεν
2922 1193 3108 1261 ἄμφω,
3146 1193 3239 1245 τόν
3275 1209 3334 1244 τε
3381 1191 3599 1259 βασιλέα
3653 1191 3746 1243 καὶ
3779 1188 3839 1261 [ί.
3867 1189 3978 1242 252
4008 1188 4063 1258 li]

2485 1285 2579 1336 τὺν
2621 1282 2892 1351 Ὑρκανοῦ
2918 1282 3080 1334 παῖδα
3103 1299 3117 1314 ·
3148 1283 3205 1334 al
3235 1281 3280 1333 δ’
3315 1281 3472 1332 ἄλλαι
3513 1281 3756 1348 τριήρεις
3792 1279 4063 1345 περιπλέ-

2485 1378 2641 1428 ουσαὶ
2662 1393 2721 1428 τε
2752 1377 2847 1427 καὶ
2873 1375 3278 1443 παραπλέουσαι
3313 1376 3370 1427 ἐν
3407 1375 3570 1444 ᾠδαῖς
3603 1368 3742 1440 ἦσαν
3768 1371 3913 1423 πάνυ
3941 1386 4067 1438 χαι-

2490 1468 2732 1537 ρούσαις,
2767 1467 2867 1536 τὴν
2916 1465 3336 1534 ἐπηγγελμένην
3384 1465 3520 1532 πρὸς
3565 1463 3658 1515 τοῦ
3702 1462 3809 1513 τῶν
3843 1461 4063 1530 Bapﬁd-

2489 1579 2600 1630 ρων
2631 1561 2898 1628 ἡγεμόνος
2926 1560 3153 1627 εἰρήνην
3182 1559 3359 1610 οὐκέτ’
3394 1560 3452 1608 ἐν
3477 1556 3709 1608 ἐλπίδων
3735 1558 3919 1617 σκιαῖς
3961 1573 4062 1608 κα-

2488 1653 2782 1706 θεύδουσαν
2821 1652 3136 1721 βλέπουσαι,
3177 1651 3293 1702 ἀλλ’
3327 1651 3403 1712 είς
3458 1649 3574 1716 φῶς
3624 1649 4062 1718 προεληλυθυῖαν

2489 1745 2589 1814 ήδη
2636 1745 2975 1797 κατάστασιν
3009 1742 3327 1812 πρακτικὴν
3381 1741 3721 1812 ἀπορρήτοις
3770 1740 4063 1809 προνοίαις

2489 1837 2584 1890 τοῦ
2613 1837 3000 1905 φιλανθρώπου
3031 1835 3190 1889 Θεοῦ.
3227 1836 3359 1896 Οῖας
3397 1835 3496 1902 μὲν
3524 1833 3615 1887 οὖν
3643 1834 3740 1894 τάς
3771 1833 4063 1902 βασιλικὰς

2492 1925 2891 1994 φιλοφροσύνας
2951 1924 3044 1976 καὶ
3090 1923 3366 1989 δεξιώσεις
3398 1925 3456 1976 ἐν
3493 1923 3749 1990 εὐωχίαις
3796 1924 3889 1976 καὶ
3937 1923 4062 1974 ὅσον

2492 2018 2552 2070 τὸ
2586 2015 3009 2085 μεγαλοπρεπὲς
3050 2017 3117 2068 ἐν
3151 2017 3268 2076 ταῖς
3323 2014 3432 2065 τῶν
3474 2014 3788 2081 ἐνδυμάτων
3835 2015 4064 2082 συχναῖς

2492 2109 2762 2175 ἀλλαγαῖς
2796 2107 3099 2172 ἐνεδείξατο
3133 2107 3267 2176 πρὸς
3297 2109 3388 2157 τὸν
3419 2106 3513 2158 τοῦ
3559 2094 3851 2176 Ὑρκανοῦ
3876 2103 4062 2166 παῖδα,

2492 2199 2738 2270 γαμσρδν
2764 2199 2928 2250 αὑτὸν
2965 2197 3256 2250 ἀποκαλῶν
3288 2199 3382 2249 καὶ
3406 2197 3542 2260 υἱὸν,
3575 2197 3661 2249 καὶ
3689 2197 3786 2248 ὅσα
3817 2196 3905 2247 ἐπὶ
3945 2196 4065 2246 τοὺ-

2492 2309 2606 2351 τοις
2643 2291 2788 2358 φιλεῖ
2823 2290 2882 2342 τὸ
2905 2288 3247 2359 ἀνθρώπινον
3271 2289 3363 2341 καὶ
3401 2289 3658 2356 δημόσιον
3691 2287 3812 2349 ἐθος
3854 2288 3952 2339 καὶ
3977 2286 4065 2337 λέ-

2494 2400 2612 2450 γειν
2659 2383 2752 2436 καὶ
2780 2382 2934 2452 δρᾷν,
2967 2381 3223 2450 περιττόν
3271 2398 3362 2448 μοι
3394 2379 3653 2444 διεξιέναι
3684 2379 3864 2430 δοκεῖ·
3920 2377 4063 2444 γνώ-

2496 2492 2633 2542 ριμα
2662 2475 2774 2542 γὰρ
2822 2474 2886 2526 ἂν
2921 2474 3007 2540 εἴη
3054 2475 3188 2524 πᾶσι
3222 2473 3310 2524 καὶ
3346 2471 3700 2538 σιωπώμεναι,
3735 2471 3845 2522 τῶν
3868 2469 4064 2521 κοινῶν

2493 2565 2720 2618 ἐννοιῶν
2770 2565 2863 2616 καὶ
2911 2564 3021 2616 τῶν
3072 2564 3391 2631 συντρόφων
3437 2563 3674 2628 ἐθισμῶν
3704 2559 3803 2628 τὴν
3845 2558 3946 2625 τῆς
3978 2561 4064 2610 ἐν-

2493 2655 2666 2708 ταῦθα
2694 2656 2950 2722 γνώσεως
2980 2654 3112 2724 ῦλην
3143 2654 3376 2721 ἄφθονον
3411 2653 3792 2720 χορηγούντων
3834 2648 4063 2700 αὐτόθεν

2496 2747 2770 2810 ἑκάστοις,
2822 2749 2886 2798 ἐκ
2919 2745 3028 2797 τῶν
3075 2745 3168 2797 τοῦ
3202 2743 3319 2813 βίου
3376 2741 3673 2794 πολυειδῶν
3719 2741 4063 2808 πραγμάτων

2493 2837 2909 2906 διδασκομένοις
2937 2838 3046 2899 ἀεὶ,
3082 2838 3170 2888 καὶ
3200 2836 3620 2904 ἀναλεγομένοις
3651 2836 3751 2902 τὴν
3782 2832 3890 2884 τῶν
3932 2832 4062 2883 ἐκα-

2498 2946 2637 2980 στων
2685 2929 2984 2997 ἐμπειρίαν
3013 2929 3092 2990 είς
3124 2927 3181 2978 ἓν
3235 2927 3594 2994 ἠθροισμένον
3653 2924 3926 2983 συνέσεως
3972 2925 4064 2990 έμ-

2498 3035 2744 3086 πρακτον
2799 3018 3080 3085 σύστημα.
3104 3018 3243 3069 Ὂσα
3273 3017 3317 3068 δ’
3355 3017 3482 3086 ἄρτι
3533 3012 4064 3068 καταπεπλευκότων

832 3093 962 3161 imp.
997 3110 1060 3148 ex
1102 3111 1242 3165 equo
1276 3100 1558 3159 descendit
1585 3116 1641 3160 et
1669 3111 1873 3178 regium
1907 3127 2107 3179 equum
2139 3129 2394 3182 eompre-
2423 3131 2464 3188 ς

2498 3109 2553 3169 ἐς
2580 3108 2873 3170 Βυζάντιον
2904 3108 3166 3176 τετίμηκε
3200 3105 3387 3157 τοῦτον
3416 3107 3444 3156 ό
3474 3104 3746 3172 βασιλεὺς,
3774 3103 4067 3171 θεωμένων

835 3187 1017 3238 liensis
1042 3188 1269 3244 habenis
1292 3194 1343 3246 in
1365 3197 1543 3264 equile
1573 3215 1741 3267 usque
1765 3204 1972 3270 regium
1994 3205 2169 3258 duxit.
2193 3206 2395 3262 Deinde

835 3293 959 3329 cum
995 3280 1123 3348 imp.
1159 3285 1210 3335 in
1263 3288 1404 3354 regia
1455 3293 1728 3345 eonclavia
1771 3294 2051 3356 introibat.
2090 3299 2179 3351 ubi
2236 3300 2397 3354 llele-

838 3387 958 3424 nam
996 3371 1398 3439 imperatrieem
1449 3398 1571 3448 cum
1619 3385 1865 3450 vilcret,
1921 3405 2209 3445 servorum
2245 3409 2398 3446 more

839 3467 1249 3522 venerationem
1293 3476 1600 3540 prmstando
1649 3478 1764 3532 hare
1797 3479 1911 3534 fere
1944 3483 2107 3536 verba
2135 3486 2396 3547 protulit:

844 3582 858 3608 ι
903 3563 1188 3627 Equidem,
1227 3567 1425 3635 inquit,
1460 3587 1557 3638 per
1589 3575 1700 3626 vias
1734 3591 1870 3642 quas
1907 3578 2146 3632 universi
2174 3582 2400 3635 Creator

838 3661 893 3703 et
924 3651 1188 3707 Dominus
1230 3658 1400 3718 novit,
1449 3673 1673 3727 repente
1696 3675 1890 3730 captus
1947 3683 2098 3719 erant
2167 3671 2400 3723 medioe

844 3742 985 3807 loco,
1022 3757 1079 3796 ut
1109 3745 1178 3797 ita
1221 3747 1423 3807 dicam,
1473 3759 1529 3802 et
1561 3753 1673 3818 ipsa
1723 3770 1788 3806 ex
1835 3757 2006 3822 patria
2070 3770 2292 3827 ereptus
2347 3772 2402 3813 et

842 3847 1105 3901 summas,
1165 3838 1304 3892 heu!
1367 3842 1614 3896 miserias
1681 3860 1892 3912 passus.
1947 3848 2152 3911 Quodsi
2203 3853 2402 3905 multos

845 3929 1254 3990 potentissinms
1283 3931 1434 3985 hicce
1466 3947 1559 3986 rex
1599 3933 1756 4004 507
1789 3954 1944 3990 meus
1966 3949 2020 3993 et
2043 3944 2224 3995 varios
2277 3959 2404 4011 pro-

845 4027 964 4083 pter
993 4018 1298 4074 libertatem
1348 4038 1521 4076 meam
1571 4025 1786 4080 labores
1825 4034 2064 4099 susccp't
2106 4043 2162 4086 et
2209 4034 2403 4087 itinera

841 4122 897 4161 et
931 4111 1212 4179 longarum
1242 4114 1482 4167 hiemum
1505 4116 1705 4187 frigora
1754 4123 2071 4188 pertulitet
2127 4126 2407 4180 mstuosis-

844 4201 1010 4254 simus
1037 4204 1238 4256 aestatis
1267 4214 1455 4261 ventos
1491 4209 1890 4265 intolerabilem
1952 4214 2135 4267 medio
2167 4217 2220 4268 itt
2265 4218 2403 4271 ntari

845 4294 1095 4346 ardorem
1150 4297 1598 4353 circumferentes
1633 4312 1688 4354 et
1723 4304 1796 4354 ita
1830 4318 1914 4356 me
1977 4305 2258 4360 servitutis
2288 4308 2407 4360 vin-

844 4385 984 4436 culis
1012 4385 1286 4447 liberavit,
1321 4388 1546 4457 dignum
1591 4392 1641 4442 in
1670 4394 1870 4460 justam
1902 4397 2404 4452 remunerationem

848 4477 981 4529 nihil
1018 4478 1214 4543 habeo,
1233 4496 1394 4546 supra
1419 4484 1563 4534 enim
1590 4494 1911 4550 potestatem
1942 4503 2117 4540 tneam
2145 4499 2226 4541 est
2253 4490 2409 4544 illud.
2447 4454 2464 4505 ί

845 4569 998 4632 Quod
1061 4583 1241 4623 autem
1317 4574 1368 4625 in
1409 4585 1732 4640 potestatem
1793 4579 1959 4642 cadit,
2023 4595 2131 4632 non
2185 4597 2406 4648 possum

849 4674 1044 4725 negare
1077 4676 1161 4712 tne
1192 4677 1352 4715 omne
1376 4664 1619 4716 debitum
1647 4667 1905 4719 omnibus
1969 4668 2141 4721 studii
2209 4680 2267 4722 et
2322 4686 2413 4721 vo-

848 4748 1073 4803 luntatis
1119 4753 1292 4806 modis
1321 4770 1417 4822 per
1448 4771 1663 4808 onmem
1695 4757 1858 4810 vitam
1912 4776 2086 4813 meam
2138 4764 2411 4829 pra-stitu-

852 4855 970 4889 rnm
1003 4854 1141 4891 esse.
1171 4860 1188 4890 ι
1238 4843 1368 4904 Quae
1396 4860 1518 4896 cum
1549 4845 1763 4898 loeutus
1791 4859 1936 4902 esset
1973 4859 2028 4902 et
2057 4850 2325 4914 audisset,
2354 4864 2412 4906 ut

848 4927 1098 4988 decebat,
1122 4929 1172 4980 itt
1193 4930 1448 4983 conclave
1469 4934 1570 4984 sibi
1591 4944 1748 4987 antea
1774 4936 2102 4990 destinatum
2125 4938 2277 5003 abiit,
2303 4957 2408 4992 non

851 5032 1003 5070 extra
1043 5023 1380 5086 rcgiam,sed
1423 5027 1569 5092 regio
1619 5027 1737 5079 loco
1775 5030 2163 5097 propinquum.
2227 5033 2413 5084 Vestes

856 5121 1115 5176 purterea
1149 5115 1461 5179 Splendidas
1499 5126 1552 5168 et
1579 5120 1840 5169 ttotttinuo
1879 5131 2113 5171 [notatas
2173 5135 2228 5174 et
2261 5123 2410 5175 \‘ﬂl‘lﬂ

857 5203 989 5262 ;ra'i
1012 5222 1040 5253 ιε
1075 5203 1422 5262 documenta.
1465 5208 1623 5258 modo
1655 5209 1721 5259 ab
1754 5209 2117 5275 imperalriee.
2156 5212 2317 5263 modo
2345 5214 2413 5263 ab

861 5295 1205 5358 inqu-ratore,
1239 5297 1398 5347 modo
1433 5297 1498 5346 ab
1548 5298 1852 5350 illustribus
1877 5311 1927 5351 it
1973 5301 2249 5353 nobilibus
2288 5302 2418 5354 viris

865 5384 960 5448 ipsi
987 5386 1107 5435 data
1143 5386 1384 5450 proferre.
1429 5389 1651 5438 minime
1684 5391 2049 5441 necessarium
2111 5393 2242 5443 mihi
2272 5392 2421 5444 vidc-

863 5491 971 5540 :ur,
1027 5486 1084 5527 nt
1133 5478 1295 5528 etiam
1347 5479 1685 5540 balnezirmn,
1738 5481 2022 5545 epularum
2067 5483 2248 5534 luxum
2302 5499 2421 5550 qua:

861 5568 1043 5618 omnia
1092 5568 1348 5619 omnibus
1394 5572 1646 5630 cognosci
1689 5581 1942 5637 possunt,
1971 5583 2149 5626 tat-ere
2185 5584 2424 5641 praestat.

2500 3199 2605 3249 τῶν
2665 3198 2977 3260 Βυζαντίων
3015 3199 3112 3250 καὶ
3149 3199 3263 3250 ὅσοι
3325 3197 3382 3262 ἐξ
3436 3197 3756 3250 ἀλλοδαπῶν
3811 3200 4067 3265 παρῆσαν

2500 3289 2692 3356 χωρῶν
2743 3291 2837 3341 καὶ
2884 3288 3112 3352 πόλεων,
3164 3289 3436 3359 παρέλκον
3467 3289 3766 3342 καὶταῦτα
3814 3287 4066 3352 διεξιέναι

2503 3399 2592 3450 μοι
2619 3383 2935 3452 νενόμισται
2957 3399 2970 3413 ·
3001 3377 3142 3434 εἶδον
3165 3381 3273 3449 γὰρ
3299 3380 3539 3443 ἅπαντες
3561 3381 3634 3442 ὡς
3653 3381 3892 3448 ἔφιππος
3911 3380 4069 3447 ἐφιπ-

2503 3491 2602 3524 πον
2631 3474 2658 3524 ὁ
2690 3471 2944 3540 βασιλεὺς
2983 3471 3073 3522 τὸν
3116 3471 3401 3538 Βαρὸαρον
3449 3472 3738 3538 εἰσήνεγκε
3777 3471 3876 3530 τάς
3920 3469 4070 3538 βασιο

2501 3562 2677 3624 λείους
2703 3562 2895 3627 αὐλὰς,
2926 3562 2954 3614 ὃ
2979 3562 3041 3630 δὴ
3077 3564 3259 3630 μόνοις
3295 3563 3502 3629 ἐφεῖται
3537 3562 3677 3628 μετά
3724 3561 3946 3629 βασιλέα
3980 3561 4071 3627 βαρ-

2504 3656 2693 3707 σιλέων
2725 3655 2884 3706 παισί
2908 3672 2967 3706 τε
3003 3654 3097 3706 καὶ
3128 3654 3375 3721 ἀδελφοῖς
3399 3669 3412 3682 ⁸
3450 3652 3589 3721 πλὴν
3635 3655 3718 3705 ὅτι
3745 3653 4070 3719 αίσθόμενος

2503 3750 2530 3800 ὁ
2572 3748 2850 3817 Βάρῦαρος
2891 3749 2950 3799 τὸ
2981 3747 3080 3815 τῆς
3121 3746 3286 3814 τιμῆς
3315 3745 3678 3814 ὑπερϐάλλον,
3717 3746 3810 3795 καὶ
3844 3737 3958 3794 οἷον
3986 3745 4073 3794 αἰ-

2504 3841 2735 3902 δεσθεὶς,
2779 3840 2839 3892 τὸ
2878 3840 3135 3893 ἀκούσιον
3167 3839 3266 3906 τῆς
3309 3839 3620 3906 εἰσαγωγῆς
3661 3838 3821 3897 εὐθὺς
3849 3837 3916 3888 ἐκ
3964 3837 4072 3887 τῶν

2507 3927 2789 3995 βασιλείων
2825 3927 3009 3979 πυλῶν
3040 3926 3392 3987 ἐνεδείκνυτο,
3425 3926 3736 3977 ἀντιτείνων
3767 3925 3862 3976 καὶ
3890 3924 4075 3976 ἀνθέλ-

2506 4038 2618 4072 κων
2645 4020 2744 4089 τὴν
2773 4019 3149 4074 καθέλκουσαν
3181 4020 3244 4071 ἐκ
3270 4019 3448 4088 χειρὸς
3474 4020 3634 4086 χεῖρα
3658 4017 3753 4070 τοῦ
3782 4016 4070 4085 βασιλέως,

2508 4113 2604 4164 καὶ
2635 4112 2843 4178 ἐπέχων
2868 4111 2965 4172 τάς
3001 4112 3155 4181 ήνίας
3187 4105 3357 4176 οὗπερ
3387 4109 3550 4170 αὐτὸς
3578 4110 3844 4178 ἐπωχεῖτο
3875 4109 4071 4168 ῐππου,

2509 4203 2604 4255 καὶ
2638 4203 2852 4274 γλώττῃ
2905 4203 3051 4270 πάσῃ
3091 4202 3340 4268 δεόμενος
3385 4201 3672 4267 ἀφεθῆναι.
3706 4200 3893 4266 Ὅμως
3932 4198 4075 4250 οὕτω

2508 4293 2928 4363 δυσανασχετῶν
2963 4295 3054 4345 καὶ
3106 4293 3404 4360 ἀχθόμενος
3455 4292 3550 4343 καὶ
3599 4285 3712 4341 οἷον
3758 4290 4075 4357 ἀφηνιάζων

2510 4383 2613 4456 ἧκε
2673 4386 2836 4453 μέχρι
2884 4386 2976 4437 καὶ
3023 4387 3080 4446 ἐς
3123 4386 3183 4436 τὸ
3235 4385 3397 4452 μέσον
3427 4384 3528 4448 τῆς
3565 4382 3844 4449 βασιλικῆς
3881 4383 4071 4450 αὐλῆς.

2467 4458 2484 4500 δ
2513 4478 2576 4549 [ί.
2609 4480 2714 4532 255
2745 4477 2800 4546 al
2849 4476 3108 4528 Ἐνταῦθα
3161 4477 3214 4526 δὲ
3250 4476 3343 4527 καὶ
3379 4475 3452 4543 μὴ
3495 4475 3634 4526 πάνυ
3667 4491 3717 4525 τι
3748 4474 4075 4542 βουλομένου

2514 4570 2608 4622 τοῦ
2660 4568 2919 4636 βασιλέως
2951 4566 3269 4634 ἀπεπήδησέ
3316 4583 3373 4617 τε
3425 4565 3519 4617 τοῦ
3564 4565 3732 4616 ἵππου
3765 4565 3901 4633 πρὸς
3949 4563 4074 4632 γῆν,

2516 4663 2610 4712 καὶ
2662 4661 2755 4719 τὰς
2804 4661 2958 4728 ἡνίας
2999 4657 3091 4710 τοῦ
3127 4657 3408 4725 βασιλικοῦ
3456 4657 3858 4724 χειρωσάμενος
3911 4657 4078 4708 ¹ίππου

2517 4753 2694 4803 ἴθυνεν
2745 4751 2873 4820 ἄχρι
2930 4749 3022 4801 τοῦ
3081 4747 3362 4816 βασιλικοῦ
3413 4748 3800 4814 πεζευτηρίου.
3848 4748 4081 4798 Ἔπειτα

2518 4840 2794 4909 συνεισῄει
2850 4842 2926 4907 τῷ
2980 4839 3189 4908 βασιλεῖ
3224 4840 3359 4906 πρὸς
3392 4840 3515 4899 τοὺς
3553 4838 3868 4906 βασιλικοὺς
3921 4839 4080 4890 θαλά-

2524 4949 2656 4998 μους
2681 4947 2692 4957 ’
2727 4931 2851 4981 ἔνθα
2881 4932 2945 4997 δὴ
2994 4932 3084 4982 καὶ
3109 4932 3205 4996 τὴν
3241 4930 3485 4998 βασιλίδα
3525 4930 3744 4997 Ἑλένην
3798 4929 3926 4979 ἰδὼν
3967 4931 4082 4981 ὅου·

2520 5024 2652 5090 λικῴ
2687 5040 2742 5074 τε
2788 5024 2924 5091 αὐτῇ
2977 5024 3076 5088 τὴν
3111 5023 3480 5090 προσκύνησιν
3537 5021 3765 5072 ἀπέτισε
3821 5023 4080 5088 σχήματι,

2524 5118 2614 5165 καὶ
2647 5116 2759 5178 ἅμα
2788 5115 2960 5164 τοιάδε
2992 5113 3292 5179 ἐφθέγξατο
3321 5116 3566 5179 ρἠατα’
3605 5130 3623 5161 ι
3671 5113 3829 5177 Ἐγώ,
3871 5132 3889 5161 ι
3927 5115 4078 5180 φησὶ,

2527 5227 2542 5254 ι
2589 5206 2676 5255 διὰ
2706 5207 2942 5271 τρόπους
2981 5204 3068 5264 οὓς
3114 5209 3138 5250 r'-
3182 5204 3288 5254 τῶν
3321 5206 3455 5255 ὅτων
3485 5200 3589 5254 οἶδε
3628 5204 3965 5271 δημιουργὸς
4000 5206 4084 5254 καὶ

2521 5297 3098 5364 Δεσπότης,ὲξαίφνης
3128 5297 3402 5362 ἐγεγόνειν
3432 5295 3799 5362 αἰχμάλωτος,
3832 5296 4084 5379 ἐκΙμέσης

2525 5390 2704 5448 ἐστίλς
2739 5390 2912 5437 εἰπεῖν
2942 5389 3034 5437 καὶ
3072 5387 3324 5453 πατρίδος
3364 5387 3530 5454 αὐτῆς
3562 5387 3856 5454 ἀρπαγεὶς,
3891 5389 3986 5438 καὶ
4025 5387 4085 5435 τα

2530 5483 2759 5547 μέγιστα
2814 5478 3154 5538 ἐπεπόνθειν,
3208 5479 3308 5544 φεῦ
3345 5481 3356 5530 l
3392 5479 3498 5528 τῶν
3551 5478 3760 5530 δεινῶν.
3827 5476 3982 5527 Ἐπεὶ
4036 5477 4085 5526 δὲ

2529 5573 2753 5631 πολλοὺς
2810 5572 2973 5638 οὑμὸς
3036 5572 3294 5637 αὐθέντης
3345 5570 3493 5630 οὗτος
3551 5571 3643 5620 καὶ
3695 5570 3949 5636 βασιλεὺς
3999 5571 4088 5620 καί

869 5663 1010 5728 μέλα
1048 5679 1098 5712 τι
1127 5663 1499 5733 πολυτρόπους
1526 5666 1665 5734 ὑπὲρ
1704 5665 1801 5732 τῆς
1863 5667 2000 5735 ἐμῆς
2068 5666 2379 5736 ἐλευθερίας
2436 5664 2768 5718 κατεϐάλετο
2791 5664 2984 5724 πόνους
3016 5666 3107 5713 καὶ
3144 5665 3395 5731 δρόμπυς,
3429 5663 3517 5712 καὶ
3550 5663 3832 5728 χειμώνων
3867 5663 4089 5728 ὑπεμει-

878 5773 955 5806 .·;)
986 5756 1173 5823 ’ξῦξες
1209 5759 1433 5828 μακρῶν
1465 5763 1557 5812 καὶ
1607 5761 1798 5831 θέροδς
1853 5762 2134 5824 καύσωνας
2168 5762 2600 5832 δυσκαρτέρητον
2664 5763 2722 5812 ἐν
2783 5761 2924 5832 μέσῃ
2971 5759 3211 5827 θαλάττῃ
3244 5761 3504 5829 sipo-51.;
3540 5777 3792 5825 καμινον,
3835 5763 3926 5811 καὶ
3953 5759 4087 5810 οὔτε.»
