4262 6362
165 370 263 429 481

1083 367 1531 430 BYZANTlN/E
1572 363 1954 427 HISTORUE
1994 370 2135 429 LIB.
2180 369 2472 430 XXXVII.

3308 362 3415 427 432

166 483 499 553 ἐπεπράχει,
552 485 647 539 καὶ⁵
698 483 943 555 ἐλελήθει
996 485 1121 537 καθ’
1170 484 1365 535 ἑαυτοῦ
1413 484 1742 554 συρῤάπτων

1850 494 2001 539 cerat
2033 502 2131 554 pro
2174 486 2239 539 iis
2284 500 2406 554 quae
2458 484 2705 549 fecerat;
2738 491 2794 537 et
2845 496 2967 537 cum
3022 494 3312 538 (onsuerct
3359 476 3417 537 et

168 575 262 625 καὶ
301 575 662 638 συσκευάξων
699 571 779 637 οἷς
811 573 971 636 αὐτὸς
1002 575 1201 627 αὐτίκα
1244 571 1740 642 περιστοιχίζεσθαι

165 663 406 735 ἤμελλεν
458 666 723 733 ἀφύκτοις
778 669 874 718 καὶ
937 666 1176 735 ἰσχυροῖς
1225 664 1483 724 δικτύοις.
1539 665 1601 715 Oi
1636 664 1742 731 γὰρ

95 792 100 797 -
165 755 610 825 κατηγοροῦντες
651 755 818 809 αὐτοῦ
858 757 966 809 τῶν
1010 756 1057 807 τ’
1092 755 1407 807 ἐπισκόπων
1448 754 1540 806 καὶ
1574 771 1742 823 πρεσ-

164 844 416 913 ϐυτέρων
453 843 522 896 τά
557 842 606 893 τ’
652 844 784 897 ἄλλα
836 844 1145 913 προύφερον
1201 846 1278 903 εἰς
1328 843 1600 906 ἀπόδειξιν
1649 842 1742 894 τοῦ

162 935 464 1005 ψεύδεσθαι
496 935 777 1003 προδήλως
812 936 997 1000 αὑτὸν,
1026 938 1118 988 καὶ
1148 936 1245 1002 οὐχ
1288 915 1607 1004 ἧκισταῦτήν
1642 951 1745 1003 μα-

166 1027 311 1095 κράν
347 1043 405 1077 τε
440 1026 532 1077 καὶ
559 1026 836 1095 ἄρρηκτον
865 1025 957 1077 τοῦ
992 1026 1265 1095 Σκορπίου
1291 1025 1495 1092 φιλίαν,
1521 1024 1580 1077 ὃν
1612 1024 1742 1077 πολ-

166 1117 261 1168 λαὶ
292 1117 596 1185 μαρτυρίαι
633 1120 724 1169 καὶ
761 1117 966 1185 σφόδρα
997 1117 1189 1184 σαφεῖς
1220 1116 1282 1167 ἐκ
1318 1114 1510 1167 πολλοῦ
1546 1116 1739 1167 Μασα-

167 1206 353 1260 λιανόν
402 1205 541 1260 εἶναι
593 1207 1039 1276 κατεψηφίσαντό
1084 1223 1142 1258 τε
1176 1207 1269 1259 καὶ
1303 1208 1390 1259 ἀεὶ
1428 1206 1742 1275 καταψηφί-

166 1297 382 1361 ζονται,
418 1298 550 1351 πολὺ
584 1298 645 1350 τὸ
691 1299 1099 1365 ἀναμφίλεκτον
1142 1299 1361 1366 ἔχουσαι
1418 1298 1511 1351 καὶ
1543 1298 1743 1367 ἥκιστα

166 1390 324 1456 νέφει
359 1387 815 1457 συγκρύπτεσθαι
844 1388 1142 1459 δυνάμεναι
1171 1389 1488 1457 πλάσματος
1510 1388 1739 1451 οὐδενός.

163 1478 260 1547 Τῷ
320 1479 431 1546 γὰρ
473 1478 571 1548 τὴν
617 1478 781 1531 αὑτοῦ
822 1477 1005 1545 φιλίαν
1052 1478 1112 1542 ἐξ
1144 1478 1315 1548 ἀρχῆς
1346 1478 1744 1531 ἀναπόσπαστα

166 1570 500 1638 κεκτημένῳ
531 1572 626 1623 καὶ
655 1563 766 1621 οἷον
801 1569 859 1621 ἐν
890 1572 1001 1632 τοῖς
1052 1570 1149 1638 τῆς
1204 1568 1434 1638 καρδίας
1479 1570 1743 1637 θαλάμοις

164 1657 745 1729 ἀγαλματοφοροῦντι,
791 1660 875 1722 τίς
905 1660 969 1713 άν
1006 1675 1136 1712 ποτε
1172 1660 1515 1713 πιστεύσειεν
1552 1660 1743 1722 ἄλλους

164 1751 413 1821 ἐλέγχειν
451 1754 875 1822 ἐγκαυχωμένῳ,
910 1753 1003 1807 καὶ
1056 1755 1119 1807 οὐ
1174 1755 1320 1822 μάλα
1364 1755 1564 1821 μᾶλλον
1607 1771 1745 1819 συμ-

1847 577 2199 631 contraheret
2254 577 2413 630 latuit
2461 591 2605 639 eum,
2636 574 2909 645 quomodo
2936 575 3001 629 iis
3049 576 3163 642 ipse
3210 572 3408 629 deinde

1849 677 2103 736 tanquam
2137 667 2568 737 inefi'ugibilibus
2594 677 2650 721 et
2694 665 3022 720 firmissimis
3070 665 3283 734 laqueis
3315 681 3409 717 ca-

1846 768 2089 826 peretur.
2130 760 2499 811 Accusatores
2521 758 2668 810 enim
2697 772 2764 810 ex
2796 756 3071 825 episcopis
3118 765 3173 808 et
3227 756 3410 837 senii-

1853 850 2007 901 rilzus
2030 866 2152 903 cum
2185 850 2287 903 alia
2344 850 2693 918 proferebant
2725 848 2791 901 ad
2847 847 3147 901 manifeste
3203 844 3412 898 fraudis

1850 954 1974 991 eum
2007 940 2432 1005 coargenndum,
2465 946 2576 991 tum
2608 938 2923 991 diuturnam
2950 947 3004 989 ct
3032 938 3409 991 inconcussam

1844 1029 2140 1082 amicitiam
2174 1028 2525 1098 Scorpionis;
2582 1044 2743 1097 quem
2778 1028 2937 1099 544
2968 1028 3134 1081 multa
3171 1030 3415 1082 testium-

1845 1120 1935 1171 nia
1972 1134 2145 1187 caque
2180 1119 2338 1172 valde
2370 1129 2555 1186 aperta
2577 1121 2689 1189 jam
2722 1130 2882 1172 antea
2928 1118 3127 1186 saepius
3188 1133 3413 1171 accusa-

1845 1224 2037 1264 verant
2070 1220 2124 1263 ct
2154 1226 2371 1279 semper
2394 1221 2669 1273 accusant,
2699 1226 2823 1265 cum
2889 1226 3135 1279 magnam
3189 1210 3415 1261 firmita-

1851 1307 1954 1351 tem
1989 1300 2249 1364 babc'ant,
2288 1314 2465 1368 neque
2496 1299 2604 1353 ullo
2654 1299 2817 1353 modo
2867 1299 3050 1369 obtegi
3112 1300 3323 1368 possint
3381 1316 3406 1347 :l

1848 1405 2120 1458 quoquam
2149 1390 2290 1444 nube
2321 1390 2639 1443 commenti.
2668 1389 2799 1454 Quis
2829 1390 2975 1443 enim
3004 1390 3077 1450 ei,
3124 1389 3215 1457 qui
3256 1387 3411 1440 istius

1848 1480 2143 1533 amicitiam
2174 1479 2242 1533 ab
2280 1481 2437 1534 initio
2471 1480 2541 1533 ita
2595 1481 2833 1533 servavit
2883 1488 2941 1532 ut
2977 1493 3253 1547 nunquam
3316 1479 3413 1530 de-

1849 1570 2092 1633 sciverit,
2133 1586 2363 1639 eamque
2394 1571 2447 1623 in
2476 1571 2659 1624 cordis
2694 1570 2777 1623 sui
2819 1569 3036 1637 angulis
3053 1570 3208 1638 quasi
3239 1567 3415 1620 simu-

1848 1661 2052 1714 lacrum
2085 1676 2269 1715 secum
2304 1661 2587 1729 fert,quis,
2613 1661 2756 1723 dico,
2782 1661 2831 1715 ei
2863 1661 2974 1714 ullo
3006 1659 3166 1713 modo
3200 1659 3409 1717 credat,

1849 1752 1891 1803 si
1919 1750 2053 1803 alios
2070 1766 2363 1820 coarguere
2386 1750 2682 1820 pnesuniit,
2707 1763 2881 1817 neque
2911 1748 3089 1816 potius
3115 1747 3291 1816 ipsum
3321 1748 3414 1800 iis-

167 1843 386 1911 μύστην
416 1845 654 1907 ἐκεῖνοις
686 1841 828 1898 εἶναι
876 1847 971 1898 καὶ
1005 1847 1261 1899 κοινωνὸν
1307 1848 1391 1900 ἀεὶ
1434 1846 1742 1915 καταψηφί-

1847 1843 1972 1895 dem
1998 1845 2165 1895 sacris
2193 1842 2546 1895 initiatumct
2579 1842 2789 1894 socium
2848 1840 3062 1895 illorum
3122 1838 3415 1892 manifesto

164 1934 316 1997 ζοιτο
346 1938 604 2005 προφανῆ
630 1952 643 1999 ;
679 1937 955 2004 Τέτταρας
987 1937 1051 2005 δὴ
1083 1934 1178 1991 οὖν
1207 1938 1410 1999 ταύτας
1444 1938 1744 2007 ξυνειλοχὲ-

164 2041 253 2078 ναι
288 2028 406 2088 τοῖς
438 2028 764 2095 κατηγόροις
814 2029 1125 2094 προτάσεις,
1178 2028 1279 2078 οὐκ
1323 2025 1546 2079 ἄλλοθέν
1581 2028 1743 2081 ποθεν

164 2111 282 2163 ἀλλ’
321 2112 385 2176 ἐξ
429 2105 505 2166 ὧν
558 2113 723 2175 αὐτὸς
780 2114 922 2181 ὑπὲρ
971 2114 1164 2166 ἑαυτοῦ
1224 2115 1556 2184 προήνεγκε,
1605 2116 1741 2178 τέως

163 2201 488 2269 γεγένηται,
522 2202 739 2269 πρῶτον
775 2204 873 2271 μὲν
904 2204 983 2255 ὅτι
1034 2204 1428 2274 μυσαρωτέραν
1458 2207 1549 2257 καὶ
1582 2207 1741 2269 αὐτὸς

167 2293 405 2345 ἁπασῶν
445 2294 713 2362 αἱρέσεων
741 2284 856 2361 ’τὴν
898 2294 1005 2347 τῶν
1039 2296 1397 2347 Μασαλιανῶν
1443 2296 1740 2366 ἡγούμενος

165 2385 403 2454 αἰρεσιν,
441 2385 516 2449 ὦς
554 2403 683 2453 φησι
722 2384 839 2450 νῦν,
884 2389 979 2439 καὶ
1027 2387 1286 2449 συνειδὼς
1327 2388 1404 2456 τῷ
1455 2389 1569 2456 ὄρει
1621 2392 1741 2442 τότε

163 2475 633 2540 ἐπιπολάζουσαν,
657 2477 756 2530 οὐκ
782 2479 1121 2547 ἀνεκάλυψεν
1147 2477 1269 2531 οὔτε
1297 2481 1404 2548 πρὸ
1435 2482 1542 2533 τῶν
1568 2481 1742 2533 ἄλλων

163 2567 289 2619 οὕτε
323 2570 466 2636 μετὰ
495 2572 621 2631 τοὺς
653 2569 866 2632 ἄλλους,
921 2570 1044 2622 οὔτε
1090 2572 1211 2623 τότε
1251 2571 1372 2624 οὔτε
1408 2574 1525 2641 μετ’
1562 2574 1743 2641 ὀλίγον

162 2656 353 2717 εὐθὺς,
400 2658 492 2708 καὶ
518 2657 690 2709 ταῦτα
730 2657 838 2708 τῶν
874 2657 1082 2709 πολλῶν
1120 2653 1197 2721 εἷς
1225 2659 1300 2710 ὢν
1349 2663 1443 2714 καὶ
1474 2661 1633 2723 αὐτὸς
1662 2656 1741 2723 οἷς

166 2749 549 2813 συμπαρεῖναι
593 2746 898 2815 τηνικαῦτα
948 2748 1043 2799 καὶ
1079 2747 1384 2816 ἀκροᾶσθαι
1432 2749 1737 2805 συνέϐαινε.

167 2839 438 2907 Δεύτερον
466 2838 523 2890 δὲ
556 2838 670 2901 πῶς
699 2839 821 2891 τότε
857 2838 991 2907 μηδὲ
1025 2842 1344 2908 συνηγορεῖν
1380 2839 1509 2906 γοῦν
1548 2840 1741 2908 βουλη-

166 2930 279 2989 θεὶς
320 2931 434 2991 τοῖς
468 2931 617 2992 ὅπως
662 2928 793 2981 ποτὲ
822 2928 1231 2997 άνακαλύῲασιν
1264 2931 1443 2993 ἄλλοις
1474 2933 1741 3001 τοσαύτην

166 3021 371 3070 κακίαν
421 3021 558 3082 ἐκεῖ,
618 3019 732 3071 ἀλλ’
790 3019 933 3072 οὓτω
990 3022 1227 3089 μακραῖς
1282 3022 1417 3072 ἑτῶν
1470 3024 1741 3087 περιόδοις

162 3109 356 3179 ὥσπερ
396 3110 518 3161 τινα
572 3108 846 3178 θησαυρὸν
911 3108 1235 3176 θαλαμεύων
1292 3113 1350 3161 ἐν
1398 3112 1594 3181 καρδίᾳ
1646 3118 1737 3165 καὶ

164 3200 331 3268 μέχρι
364 3197 461 3250 νῦν
517 3188 870 3267 περιθάλπων
914 3200 1217 3268 ἁνέκφορον
1268 3201 1365 3267 τὴν
1424 3208 1542 3253 κατ’
1599 3200 1737 3268 εἶδος

162 3288 505 3358 προαγωγὴν
534 3290 628 3341 καὶ
656 3291 976 3358 σαφήνειαν,
1009 3290 1198 3342 ἔπειτα
1228 3290 1322 3342 νῦν
1365 3295 1736 3361 ἐκπομπεύειν

161 3382 363 3444 ἐθέλει,
395 3378 489 3431 τοῦ
520 3382 631 3442 τοῖς
663 3381 904 3448 ἐλέγχοις
941 3380 1109 3434 πάλαι
1140 3382 1509 3449 προσήκοντος
1541 3387 1733 3452 χρόνου

163 3473 394 3532 στάντος
426 3472 490 3521 ὲκ
520 3470 839 3539 διαμέτρου,
887 3471 1209 3539 καταφυγὴν
1241 3470 1528 3540 λεληθυῖαν
1557 3475 1737 3543 οἰόμε-

160 3574 249 3620 νος
278 3558 415 3617 ἴσως
445 3556 719 3625 θηρᾶσθαι
756 3573 880 3609 τινα
924 3556 1020 3609 νῦν
1050 3558 1185 3626 πρὸς
1220 3559 1567 3628 ἀπαλλαγήν.
1602 3561 1735 3631 Τρί-

158 3664 251 3701 τον
282 3648 341 3700 ὁὶ
377 3649 493 3710 πῶς
540 3648 707 3700 πολὺν
757 3648 856 3717 ήδη
913 3647 977 3719 [ί.
1020 3647 1126 3701 268
1173 3646 1231 3719 a]
1272 3650 1461 3719 χρόνον
1505 3669 1736 3721 κατηγο-

162 3742 432 3807 ρούμενον
477 3739 566 3791 τὸν
598 3739 862 3807 Σκορπίον
916 3742 974 3790 ἐν
1016 3741 1223 3809 ἀκμαῖς
1272 3741 1357 3793 ἀεὶ
1406 3747 1736 3810 πρακτικαῖς

157 3834 258 3900 τῆς
286 3832 545 3899 τοιαύτης
576 3831 839 3900 αἱρέσεως
869 3826 1034 3896 εῖναι,
1065 3832 1159 3885 καὶ
1186 3833 1400 3885 πολλῶν
1426 3835 1734 3903 ἐρχομένων

159 3917 512 3985 γραμμάτων
546 3918 609 3968 ἐκ
642 3917 748 3968 τῶν
790 3916 881 3968 τοῦ
921 3916 1080 3983 ὅρους
1119 3919 1314 3986 τιμίων
1350 3921 1559 3990 ἀνδρῶν
1602 3938 1735 3991 προ·

156 4008 340 4076 δήλως
371 4005 471 4075 τὴν
506 4005 740 4074 ἀρχαίαν
768 4007 863 4059 καὶ
902 4006 1065 4075 μέχρι
1101 4005 1195 4059 νῦν
1223 4007 1493 4061 ἀνθοῦσαν
1520 4011 1731 4063 ἐκείνου

157 4097 366 4151 κακίαν
393 4096 806 4164 ἐξελεγχόντων,
842 4096 1004 4159 αὐτὸς
1048 4098 1134 4150 ἀεὶ
1165 4099 1442 4169 περιέπων
1470 4102 1735 4168 ἐγκαρτε-

159 4191 271 4259 ρεῖ,
303 4188 587 4257 πρόμαχος
624 4186 837 4257 ἄμαχος
867 4187 1058 4255 ἐκείνῳ
1088 4190 1380 4256 γενόμενος
1413 4193 1503 4242 καὶ
1541 4192 1732 4256 στῦλος

157 4278 341 4329 εἰπεῖν
384 4277 766 4345 ἀδαμάντινος,
802 4278 895 4330 καὶ
938 4277 1087 4346 θαμὰ
1130 4276 1293 4345 βοῶν,
1326 4280 1421 4331 καὶ
1472 4281 1575 4347 γῆν
1610 4285 1734 4334 ἁνα-

160 4370 367 4438 μιγνὺς
406 4366 642 4437 οὐρανῷ,
682 4366 776 4419 καὶ
812 4368 953 4420 κατὰ
996 4368 1123 4430 τοὺς
1161 4369 1519 4437 μαινομένους
1553 4374 1611 4423 τὸ
1638 4373 1734 4441 τῆς

1845 1933 2247 2001 deprehensum
2270 1934 2520 1986 accusat?
2577 1934 2765 1999 Itaque
2817 1931 3019 1984 factum
3072 1938 3132 1983 ut
3176 1940 3412 1998 quatuor

1845 2023 1942 2075 has
1976 2038 2168 2075 (ausas
2206 2032 2548 2075 accusatores
2574 2020 2915 2089 colligerent,
2950 2034 3055 2071 non
3098 2019 3407 2080 exralienis,

1844 2115 1938 2168 sed
1973 2114 2131 2167 exiis
2156 2129 2276 2180 quae
2325 2114 2413 2165 ille
2449 2112 2563 2178 ipse
2587 2113 2652 2164 de
2695 2128 2753 2165 se
2792 2120 3161 2165 concesserat.
3215 2111 3272 2165 In
3326 2112 3409 2164 liis

1845 2206 2019 2274 prima
2059 2224 2069 2257 :
2115 2204 2258 2273 quod
2294 2203 2713 2256 Masalianorum
2756 2203 3002 2256 haeresim
3051 2218 3212 2271 quam
3264 2218 3409 2256 nunc

1844 2296 1962 2364 ipse
1985 2295 2117 2347 dicit
2143 2294 2388 2347 onminm
2424 2307 2545 2345 esse
2574 2293 3041 2358 scelestissimam,
3079 2303 3244 2345 antea
3280 2309 3407 2345 cum

1846 2386 1900 2438 in
1936 2397 2119 2439 monte
2171 2386 2411 2437 expreeri
2450 2400 2566 2435 eam
2629 2392 2969 2452 compertum
3000 2384 3245 2448 haberet,
3297 2402 3404 2438 non

1845 2476 2061 2539 retexit,
2090 2490 2265 2543 neque
2296 2484 2420 2527 ante
2453 2476 2590 2527 alios
2621 2489 2797 2541 neque
2831 2484 2948 2541 post
2997 2474 3155 2534 alios,
3226 2491 3405 2544 neque

1847 2575 1956 2620 tum
1988 2581 2165 2635 neque
2218 2577 2448 2635 postea;
2509 2566 2743 2633 etquod
2800 2567 2916 2633 ipse
2985 2581 3127 2619 unus
3173 2581 3238 2619 ex
3302 2568 3407 2621 illis

1843 2658 2050 2719 multis,
2084 2657 2282 2723 quibus
2317 2668 2428 2709 tum
2487 2657 2749 2709 intererat
2781 2667 2836 2708 et
2868 2671 3005 2723 quos
3049 2656 3278 2711 audivit.
3316 2659 3409 2711 Λίο

1846 2758 1980 2809 tera,
2015 2746 2160 2816 quod
2192 2756 2305 2798 tum
2358 2762 2425 2799 ne
2489 2762 2609 2799 cum
2637 2746 2759 2799 aliis
2798 2746 3019 2813 quidem
3056 2747 3147 2814 qui
3178 2747 3249 2799 ibi
3290 2758 3409 2801 tan.

1845 2850 1958 2893 tum
1982 2838 2162 2894 scelus
2195 2836 2536 2903 aperiebant,
2564 2837 2968 2889 accusationem
2999 2836 3176 2891 facere
3210 2836 3405 2905 voluit,

1843 2929 1939 2983 sed
2009 2944 2107 2997 per
2162 2927 2364 2980 multos
2414 2942 2589 2979 annos
2646 2936 2901 2995 tanquam
2966 2926 3284 2980 thesaurum
3350 2929 3406 2982 in

1843 3022 2007 3073 corde
2037 3019 2315 3072 conditum
2368 3033 2537 3086 usque
2566 3018 2630 3070 ad
2668 3018 2770 3071 hoc
2802 3027 3015 3087 tempus
3038 3018 3173 3071 fovit
3204 3029 3262 3071 ut
3292 3035 3405 3073 rem

1841 3124 2002 3178 quam
2022 3109 2222 3163 cﬂ‘erre
2255 3108 2482 3161 timebat
2514 3116 2735 3177 propter
2766 3108 2873 3160 vim
2908 3109 3405 3172 testimoniignune

1846 3216 1973 3252 vero
2008 3198 2180 3251 multo
2206 3199 2318 3267 jam
2361 3197 2622 3265 temporis
2687 3198 2977 3251 intervallo
3019 3213 3129 3266 quo
3182 3213 3406 3251 accusa-

1846 3292 2048 3343 tionem
2080 3289 2256 3341 facerc
2281 3303 2406 3341 eum
2438 3287 2726 3356 oportebat
2757 3288 3129 3355 prwterlapso,
3161 3288 3406 3355 proferre

1842 3382 1980 3444 vult,
2022 3379 2181 3450 545
2210 3389 2404 3448 putans
2451 3393 2517 3431 eo
2544 3394 2602 3431 se
2641 3378 2911 3443 refugium
2970 3378 3172 3433 habere
3208 3380 3273 3431 ad
3305 3380 3406 3433 de-

1842 3470 2168 3524 fensionem.
2244 3468 2426 3522 Tertia
2486 3482 2637 3529 \cro,
2687 3468 2832 3536 quod
2887 3468 3240 3535 Scorpionem
3290 3471 3400 3540 jam

1841 3561 2004 3629 longo
2042 3576 2109 3614 ex
2163 3572 2407 3627 tempore
2454 3569 2768 3612 accusatum
2821 3560 2915 3627 qui
2955 3560 3158 3626 primas
3186 3576 3404 3628 semper

1842 3663 2022 3723 partes
2055 3652 2108 3705 in
2141 3652 2329 3705 haeresi
2364 3652 2453 3705 illa
2473 3660 2776 3713 exerceret,
2838 3661 2891 3705 et
2923 3651 2976 3704 in
3037 3667 3197 3721 quem
3231 3656 3400 3707 multa

1841 3746 2044 3812 scripta
2066 3745 2278 3813 vulgata
2303 3751 2431 3797 sunt
2484 3758 2514 3795 a
2558 3743 2692 3795 viris
2752 3744 2806 3795 in
2863 3752 3047 3796 monte
3099 3745 3399 3811 praeclaris,

1841 3851 1960 3903 quae
1999 3836 2175 3904 palam
2205 3844 2260 3887 et
2292 3835 2473 3888 adhuc
2496 3832 2746 3887 ﬂorentis
2778 3834 3077 3903 impietatis
3112 3851 3237 3888 eum
3274 3853 3407 3890 con-

1839 3928 2106 3990 vieerunt,
2127 3928 2260 3995 ipse
2293 3940 2508 3993 semper
2536 3925 2771 3994 protegit
2793 3934 2848 3979 et
2902 3926 3091 3980 incitat
3112 3935 3170 3979 ut
3199 3944 3403 3996 propu-

1840 4030 2031 4090 gnator
2061 4019 2148 4074 cui
2183 4018 2283 4087 ipsi
2320 4034 2426 4072 non
2492 4018 2865 4086 impugnatur,
2934 4027 2988 4073 et
3042 4030 3100 4073 ut
3143 4020 3401 4075 columna
3474 4086 3475 4089 η

1840 4111 2227 4177 οόαιηαηιὶιιοξς
2274 4108 2421 4177 quod
2452 4109 2603 4162 vocis
2633 4109 2924 4162 tumultum
2965 4110 3076 4164 edit
3112 4120 3168 4164 et
3196 4120 3397 4165 terram

1841 4204 1977 4257 cmlo
2014 4202 2331 4257 commiscet
2367 4210 2423 4253 et
2466 4214 2621 4252 more
2653 4200 2967 4253 insanorum
3005 4204 3204 4256 mentis
3232 4204 3402 4258 stabi-

1839 4293 2047 4347 litatem
2102 4300 2285 4345 servat
2314 4299 2369 4344 et
2418 4292 2569 4360 gravi
2634 4294 3010 4344 exsecratione
3059 4307 3251 4347 omnes
3304 4297 3400 4364 qui

1840 4384 1988 4437 omni
2046 4383 2277 4436 crimine
2325 4381 2482 4435 vacui
2544 4391 2672 4434 sunt
2727 4380 3077 4445 condemnat,
3111 4393 3402 4451 propterea

156 4459 392 4527 γνὼμης
428 4460 714 4525 ἱστάμενον
754 4458 1110 4527 ἐλαυνόμενος
1154 4460 1249 4512 καὶ
1292 4461 1498 4523 πάντας
1540 4464 1736 4515 ἀναθέ-

1840 4474 1984 4541 quod
2043 4472 2395 4540 Scorpionem
2444 4485 2706 4525 accusare
2759 4485 2865 4523 non
2928 4472 3139 4526 timent.
3192 4473 3400 4539 Quarta

159 4565 297 4619 ματι
336 4546 538 4617 μακρῷ
566 4546 979 4616 παραπέμπων,¹
1008 4548 1105 4616 οὐχ
1132 4546 1181 4598 οἳ
1214 4547 1422 4611 τούτοις
1451 4550 1725 4619 ἐνέχονται

157 4643 277 4701 τοῖς
323 4638 685 4707 ἐγκλήμασιν,
732 4637 849 4690 ἀλλ’
890 4635 941 4689 οἳ
996 4636 1074 4707 τῷ
1127 4638 1380 4706 Σκορπίῳ
1425 4642 1727 4710 ἐνεχομένῳ

156 4731 463 4803 προφέρειν
512 4730 694 4800 ἥκιστ’
741 4730 981 4784 ὀκνοῦσι.
1044 4730 1155 4784 Καὶ
1204 4732 1459 4803 τέταρτον
1510 4736 1589 4786 ὅτι
1641 4737 1731 4786 καὶ

159 4826 331 4893 μέχρι
366 4822 459 4876 νῦν
489 4823 623 4891 ὀρᾷν
660 4820 997 4889 ἰσχυρίζεται
1029 4821 1120 4874 τὸν
1167 4822 1328 4890 μόνον
1374 4823 1731 4877 ἀναλλοίωτύν

154 4932 217 4966 τε
248 4914 345 4966 καὶ
380 4912 637 4965 ἄκτιστον
663 4912 818 4974 Θεὸν,
863 4911 978 4979 φῶς
1012 4912 1200 4979 ἕτερον
1234 4927 1291 4963 τε
1324 4914 1437 4988 ,καὶ
1474 4913 1730 4966 άκτιστον

155 5005 225 5056 ἐκ
268 5001 575 5071 μεταϐολῆς
618 4999 755 5070 πρὸς
809 5001 870 5052 τὸ
923 5002 1210 5068 ὑφειμένον
1256 5004 1541 5069 γινόμενον
1581 5004 1732 5073 αὐτῷ

154 5092 442 5162 τρυςῶντι
472 5092 567 5143 καὶ
615 5090 1019 5160 βλακευομὲνῳ.
1055 5090 1236 5143 Ταῦτα
1285 5092 1348 5159 δὴ
1400 5094 1602 5159 πάντα,
1638 5096 1731 5147 καὶ

154 5186 208 5238 ετ
236 5201 292 5234 τι
339 5182 547 5235 τούτων
589 5181 869 5246 ἐπέκεινα,
902 5182 1190 5251 προτάσεις
1237 5185 1388 5245 τινας
1428 5185 1732 5247 ἐκτιθέντες

155 5273 569 5344 ἀναμφιϐόλως
600 5274 1080 5342 ἀναμφισὸήτητον
1112 5275 1185 5337 ὼς
1216 5275 1365 5335 είκὸς
1408 5276 1611 5342 ἐπῆγον
1639 5279 1731 5328 καὶ

154 5366 218 5417 τὺ
251 5364 648 5435 συμπέρασμα,
686 5364 829 5431 λέγω
857 5362 919 5434 δή
965 5365 1025 5416 τὸ
1070 5363 1417 5417 Μασαλιανδν
1463 5367 1730 5435 ὑπάρχειν

154 5458 326 5512 αὐτὸν
353 5457 415 5520 ἐξ
440 5458 612 5526 ἀρχῆς
640 5471 696 5507 τε
724 5455 817 5507 καὶ
842 5458 1004 5525 μέχρι
1032 5456 1273 5526 τήμερον
1306 5458 1728 5526 ἀναμφίλεκτον·

156 5548 303 5604 εἶναι
332 5552 443 5618 γὰρ
476 5549 691 5615 ἀξίωμα
720 5547 879 5599 τοῦτο
926 5548 1090 5602 πάλαι
1123 5548 1367 5617 κυρωθὲν
1397 5553 1506 5613 τοῖς
1539 5569 1595 5603 τε
1636 5552 1727 5603 θύ-

162 5642 332 5711 ραθεν
394 5643 486 5694 καὶ
538 5638 827 5709 ἡμετέροις
866 5639 974 5692 τῶν
1026 5640 1385 5706 διδασκάλων,
1418 5643 1475 5708 ἐξ
1514 5642 1729 5710 ἀληθῶν

158 5739 254 5790 καὶ
288 5732 705 5798 ἀναμφιλέκτων
734 5733 874 5803 ὅρων
904 5733 996 5782 καὶ
1024 5732 1337 5797 προτάσεως
1364 5732 1560 5800 ἀληθὲς
1592 5736 1727 5801 ὁμοῦ

1842 4563 2102 4631 denique,
2161 4562 2305 4630 quod
2342 4561 2413 4615 ad
2464 4561 2608 4613 hunc
2639 4560 2780 4613 diem
2828 4562 3294 4631 comprehendere
3338 4582 3399 4621 se

1842 4656 1975 4708 dicit
2008 4655 2186 4707 solum
2218 4651 2613 4708 immutabilem
2644 4659 2702 4704 et
2727 4650 3031 4705 increatum
3070 4654 3261 4718 Deum,
3319 4656 3403 4710 lu-

1840 4761 1963 4799 men
2008 4746 2237 4797 alterum
2289 4753 2345 4797 et
2378 4744 2705 4806 increatum,
2732 4750 2792 4796 ut
2841 4757 2906 4797 ex
2939 4745 3291 4800 translatione
3329 4748 3395 4800 ad

1839 4837 2137 4905 subjectum
2164 4834 2464 4904 profectum
2501 4835 2751 4887 insolenti
2784 4834 2858 4887 illi
2895 4842 2947 4886 et
2986 4834 3248 4889 dementi.
3304 4837 3400 4893 llis

1838 4944 1968 4980 vero
1999 4937 2055 4979 et
2103 4926 2225 4978 aliis
2278 4925 2465 4977 multis
2518 4923 2982 4992 propositionibus
3030 4925 3255 4992 prolatis
3301 4929 3402 4980 mi-

1839 5019 1984 5088 nime
2006 5017 2211 5081 dubiis,
2250 5024 2309 5069 ut
2359 5024 2787 5069 consentaneum
2842 5022 2950 5080 est,
2985 5016 3399 5072 conclusionem

1840 5124 1946 5161 non
1988 5106 2207 5160 dubiam
2254 5106 2594 5174 adjecerunt,
2644 5103 2856 5158 scilicet
2910 5106 3047 5158 citra
3075 5116 3399 5162 controver-

1839 5202 1971 5253 siam
2000 5214 2147 5255 esse.
2170 5207 2293 5252 eum
2335 5196 2403 5250 ab
2435 5196 2593 5250 initio
2625 5205 2680 5250 et
2707 5196 2774 5249 ad
2810 5196 2862 5249 id
2894 5206 3110 5264 tempus
3154 5198 3401 5254 Llasalia-

1840 5305 1921 5342 na:
1987 5288 2175 5342 hmresi
2216 5287 2489 5340 addictum
2550 5285 2738 5340 fuisse.
2796 5286 2909 5340 Hoc
2968 5288 3115 5340 enim
3185 5290 3397 5343 axioma

1841 5380 1994 5432 valde
2031 5378 2320 5446 probatum
2352 5385 2434 5430 est
2483 5387 2540 5430 et
2581 5378 2824 5431 externis
2879 5388 2932 5430 et
2962 5379 3164 5432 nostris
3223 5382 3397 5449 inagi-

1838 5472 1993 5533 stris,
2025 5487 2054 5525 e
2106 5470 2250 5523 veris
2281 5480 2336 5523 et
2362 5484 2469 5523 non
2515 5471 2782 5538 ambiguis
2815 5470 3280 5538 pr0positionibus
3304 5488 3399 5526 ve-

1841 5582 1951 5617 ram
1982 5575 2035 5617 et
2061 5564 2369 5619 evidentem
2401 5564 2811 5618 conclusionem
2850 5566 3164 5619 necessario
3202 5582 3398 5622 consc-

1838 5656 1952 5724 qui.
1986 5656 2351 5720 Quamobrem
2388 5656 2529 5711 forte
2561 5656 2721 5726 546
2755 5666 2886 5709 tunc
2950 5657 3243 5724 episcopali
3308 5659 3396 5711 ili-

1838 5748 2039 5815 guitnte
2066 5762 2189 5799 eum
2218 5748 2576 5814 expulissent.
2611 5750 2711 5801 nisi
2740 5749 3011 5801 anxietate
3034 5747 3393 5803 cttimiditate
