4262 6362
211 376 310 439 489

1129 360 1577 425 BYZANTIN/E
1619 357 2007 419 HISTORUE
2044 357 2188 418 LIB.
2234 353 2535 417 XXXVII.

3326 353 3429 416 490

205 488 464 561 ἡγεῖσθαί
487 505 540 538 τε
572 487 839 556 αἱρέσεων
877 483 969 535 καὶ
1006 480 1185 535 πάντα
1218 480 1352 548 δρᾷν
1389 479 1454 528 τὰ
1513 473 1767 544 χαλεπὼ-
1798 484 1841 538 Α
1874 473 1888 525 i

1746 502 1767 511 —
1798 484 1841 538 Α
1874 473 1927 526 in
1967 471 2312 526 anathemata
2349 468 2688 534 incidentes,
2721 470 2774 523 iu
2807 479 3069 524 uernum
3102 468 3285 539 ignem
3323 468 3429 524 sint

201 598 343 636 τατα
373 581 493 634 κατ’
526 579 796 645 ἐξουσίαν,
818 577 912 628 καὶ
930 576 1043 644 ειμα
1069 571 1338 643 ἐρεθίζειν
1362 569 1417 631 ῑς
1440 585 1501 636 γε
1521 569 1580 620 τὸ
1595 565 1759 618 πλάτ-

1864 562 2112 618 demissi.

203 696 318 732 τειν
362 677 548 745 ἁγίους
575 674 915 745 αὗθημερον,
970 673 1064 722 καὶ
1105 667 1259 722 ταῦτ’
1299 666 1539 725 ἐκείνους
1590 662 1638 714 οἶ
1709 659 1808 728 τὴν
1845 659 1941 727 τῆς
2003 656 2262 726 λατρείας
2296 659 2595 727 ἡγεμονίαν
2625 654 2817 722 ἐκείνῳ
2842 671 2900 706 τε
2943 650 3296 721 ademi,
3348 656 3435 706 καὶ

212 776 362 837 ἅπας
398 774 596 835 αὐτοὺς
631 773 724 824 κο.)⁵
749 768 860 842 βίος
890 770 984 821 καὶ
1008 766 1163 830 λόγος
1195 766 1291 816 καὶ
1318 759 1521 833 πρᾶξις
1575 758 1670 810 τοῦ
1699 755 1807 809 τῶν
1844 753 2143 826 ὀρθοδόξων
2200 753 2369 807 πάλαι
2412 751 2671 822 διέγραφί
2715 767 2771 803 τε
2812 751 2907 805 καὶ
2963 749 3208 820 περιεῖλε
3247 747 3437 820 χοροῦ,

208 872 298 924 ἶνα
333 873 412 940 μὴ
440 871 662 930 ὁπόσοις
698 867 841 934 λέγω
876 865 967 918 καὶ
991 864 1080 930 ὑφ’
1111 864 1249 916 ὅσων
1275 858 1387 913 τῶν
1420 850 1776 939 πατριαρκῷν
1809 868 1867 904 τε
1935 854 2033 904 καὶ
2093 850 2413 903 ἐπισκόπων
2446 849 2724 917 φυομένης
2757 845 2858 916 ἢδη
2887 845 2986 914 τῆς
3014 846 3284 914 αἱρέσεως
3313 847 3440 900 ἀνα-

209 962 445 1029 θέμασιν
505 956 839 1028 ἐμπεσόντες
900 950 978 1024 τῷ
1031 951 1238 1022 αἰωνίῳ
1277 948 1414 1019 πυρὶ
1460 943 2000 1014 nuptas-ripensem-

285 1076 348 1145 [l'.
377 1075 483 1128 270
519 1073 578 1144 α]
621 1075 720 1127 1Δ’.
771 1073 878 1126 Καὶ
924 1070 1094 1124 ταῦτα
1144 1067 1242 1136 μὶν
1271 1066 1462 1120 τοῦτον
1509 1063 1633 1130 ἔσχε
1687 1060 1780 1111 τον

207 1169 436 1236 τρόπον·
463 1165 574 1232 ἐγὼ
594 1165 638 1216 δ’
675 1167 850 1216 ἐκεῖνο
881 1160 1302 1229 ἐπαναλήψομαι
1331 1157 1446 1223 νῦν.
1482 1154 1545 1207 Ol
1584 1155 1690 1220 γὰρ
1718 1151 1780 1202 τὸ

211 1259 612 1323 Γαλατώνυμον
683 1257 899 1324 ἔχοντες
945 1253 1228 1323 φρούριον,
1269 1249 1450 1314 ἱξότου
1521 1243 1780 1315 βραχείας

210 1345 430 1414 ἐκείνης
466 1345 522 1408 ἐξ
547 1343 746 1409 ἀλόγου
772 1343 944 1410 φορᾶς
976 1341 1070 1393 καὶ
1100 1336 1402 1406 παραδόξου
1429 1333 1595 1401 τύχης
1624 1331 1780 1397 ἐδρά-

214 1437 378 1497 ξαντο
423 1435 696 1503 ἀφορμῆς,
747 1433 846 1501 τῆς
885 1449 944 1483 τε
974 1430 1186 1498 Δηλαδὴ
1230 1426 1338 1480 τῶν
1375 1425 1522 1478 δυοῖν
1574 1420 1788 1486 Ἀνδρο-

214 1527 380 1576 νίχων
406 1525 516 1575 τῶν
548 1524 813 1589 βασιλέων
843 1521 1200 1585 διαστάσεως,
1240 1516 1443 1586 μᾶλλον
1469 1514 1516 1568 δ’
1546 1515 1788 1566 ἀποστα-

217 1616 336 1677 σίας
369 1615 466 1667 τοῦ
509 1617 630 1667 νέου
668 1615 805 1683 πρὸς
839 1613 932 1664 τὸν
968 1613 1168 1664 οἰκεῖον
1199 1611 1443 1667 πάππον,
1478 1607 1571 1658 καὶ
1593 1599 1658 1656 αὖ
1689 1601 1788 1668 τῆς

1958 1059 2049 1111 Xl.
2069 1060 2240 1125 Atque
2261 1059 2371 1110 iure
2388 1057 2605 1125 quidem
2630 1057 2916 1109 hactenus.
2935 1055 3049 1109 Jam
3073 1069 3204 1108 vero
3219 1071 3286 1110 eo
3304 1057 3445 1111 unde

1887 1149 2154 1202 declinavi
2183 1159 2444 1202 revertar.
2481 1148 2582 1212 Qui
2610 1148 2922 1201 Galmarum
2976 1147 3256 1201 casti-llum
3291 1143 3447 1218 553

1889 1239 2145 1293 tenebant
2167 1239 2295 1291 inde
2316 1239 2383 1290 ab
2403 1254 2468 1291 eo
2489 1250 2731 1308 tempore
2758 1254 2864 1305 quo
2880 1239 3086 1306 exigua:
3104 1238 3250 1292 illius
3273 1253 3339 1292 ex
3357 1239 3449 1293 ab.

1888 1329 2050 1381 surda
2077 1342 2241 1381 causa
2272 1337 2324 1381 ct
2351 1328 2632 1396 inopinato
2653 1345 2781 1383 casu
2806 1338 3007 1383 exortae
3025 1329 3213 1394 prima
3245 1328 3453 1383 discor-

1883 1417 1984 1470 dia:
2011 1426 2064 1470 et
2087 1417 2456 1470 contentionis
2486 1427 2688 1485 apertze
2735 1419 2900 1486 irnpp.
2931 1417 3216 1471 amborum
3243 1419 3454 1471 Andro-

1885 1505 2136 1559 nicorom
2191 1515 2400 1572 partem
2449 1508 2727 1570 iecerant,
2776 1509 2858 1562 vel
2908 1509 3092 1577 potius
3135 1508 3456 1563 rebellionis

1879 1597 2114 1665 junioris
2174 1609 2362 1650 contra
2423 1615 2610 1661 avum,
2653 1611 2708 1653 ct
2764 1613 2955 1654 rursus
3002 1600 3254 1653 secundae
3288 1615 3454 1665 quam

217 1707 503 1772 δευτέρας,
555 1705 621 1773 ἣν
664 1701 1005 1770 τεθνηκότων
1037 1701 1283 1752 -ἐκείνων
1343 1698 1484 1748 κατὰ.
1529 1692 1624 1746 τοῦ
1666 1693 1788 1744 νέου
1818 1704 1900 1773 _I

1776 1709 1788 1740 i
1889 1688 2122 1741 mortuis
2185 1688 2294 1741 illis
2321 1700 2507 1742 contra
2537 1691 2792 1758 juvenem
2837 1692 2964 1756 imp.
3001 1700 3054 1742 et
3098 1689 3316 1757 juvenis
3343 1705 3459 1741 rna-

221 1765 497 1857 βασιλέως
517 1765 613 1842 καὶι
636 1790 732 1858 τῆς
759 1765 852 1841 τοῦ
874 1790 993 1839 νέου
1032 1786 1237 1856 μητρός
1271 1788 1298 1837 ὁ
1331 1780 1786 1849 Καντακουζηνὸς
1818 1765 1860 1819 Β
1891 1786 1904 1831 1

1772 1797 1786 1841 ς
1818 1765 1860 1819 Β
1891 1786 2028 1831 trem
2054 1778 2473 1833 Cantacuzeuus
2509 1792 2777 1841 moverat,
2818 1780 2980 1833 variis
3017 1780 3203 1833 multis
3241 1787 3296 1832 et
3331 1794 3455 1832 ver-

219 1884 505 1947 κεκίνηκε,
539 1880 902 1942 παντοδαποῖς
935 1880 1029 1932 καὶ
1055 1877 1319 1938 ποικίλοις
1352 1875 1523 1938 δόλοις
1546 1872 1785 1934 ἐκείνους

223 1976 320 2042 μὲν
374 1975 661 2042 πρότερον,
690 1972 914 2032 τούτους
968 1969 1014 2023 δ’
1061 1967 1312 2038 ὕστερον,
1338 1968 1694 2034 ἐπαγγελίαις
1727 1982 1786 2017 τε

219 2065 404 2118 ἄλλοτ’
461 2064 649 2125 ἄλλαις
711 2062 1037 2132 περιιόντες,
1095 2063 1276 2114 ὁποῖαι
1336 2061 1425 2112 καὶ
1498 2061 1620 2110 ὅσαι
1676 2060 1786 2120 τοῖς

218 2159 484 2216 τοιούτοις
532 2157 809 2224 ἣρμοττον
857 2155 1107 2221 καιροῖς,
1166 2151 1384 2220 βουλαῖς
1445 2140 1646 2220 δηλαδῆ
1694 2149 1788 2200 καὶ

220 2250 510 2317 χρήμασιν
534 2245 933 2316 ἀφθονωτέροις
977 2249 1072 2297 καὶ
1115 2243 1456 2312 συμμαχίαις
1485 2240 1790 2302 ὁπλιτικαῖς

220 2341 319 2391 καὶ
358 2338 622 2399 τοιούτοις
655 2337 720 2404 δή
755 2354 899 2389 τισιν
945 2334 1043 2404 (ἐῶ
1075 2335 1181 2405 γάρ
1217 2334 1396 2401 λέγειν
1439 2334 1531 2386 καὶ
1555 2332 1670 2393 οῐας
1701 2331 1792 2383 ἐπὶ⁵

220 2433 438 2492 τούτοις
484 2428 789 2498 λεληθότως
852 2427 1013 2496 δῆθεν
1064 2427 1365 2494 ὑπέφαινον
1413 2424 1511 2486 τὰς
1561 2425 1791 2488 ἀπειλὰς

223 2522 350 2574 καθ’
381 2515 456 2572 ὧν
491 2523 522 2590 η
556 2519 728 2573 πειθὼ
751 2518 933 2588 χώραν
963 2519 1135 2571 ἐνίοτε
1174 2517 1362 2588 ῥᾳδίαν
1394 2516 1492 2584 οὐχ
1521 2514 1790 2585 εῦρισκε),

224 2614 321 2664 καὶ
352 2611 446 2664 νῦν
488 2613 585 2680 μὲν
619 2611 832 2680 θατέρῳ
871 2609 1290 2680 προστιθέμενοι
1325 2610 1482 2676 μέρει
1516 2609 1608 2659 καὶ
1656 2607 1794 2674 πρὸς

224 2703 460 2770 θάτερον
512 2702 672 2764 αὖθις
720 2701 1212 2769 ταλαντευόμενοι,
1269 2699 1364 2750 καὶ
1419 2698 1506 2749 ἀεὶ
1568 2697 1795 2764 θάτερον

227 2793 386 2860 παρὰ
443 2792 672 2859 θάτερον
725 2788 1020 2858 ἀμοιϐαδὸν
1062 2784 1462 2849 ἐξαπατῶντες,
1521 2782 1635 2844 πῶς
1700 2785 1797 2852 μέν

227 2885 412 2934 ἑκοντὶ
447 2882 558 2943 πῶς
585 2881 628 2932 δ’
661 2882 720 2932 οὐ
757 2878 899 2947 μάλα
939 2879 1144 2938 ἑκοντὶ,
1174 2878 1273 2946 τῆς
1297 2873 1391 2926 τοῦ
1419 2871 1610 2942 καιροῦ
1642 2889 1798 2940 περιο

231 2973 482 3031 στάσεως
518 2972 704 3038 πόρρω
739 2969 828 3018 τοῦ
854 2967 1063 3027 δέοντος
1110 2964 1436 3033 ἐλαυνούσης
1480 2963 1569 3015 τὸν
1598 2962 1798 3032 δρόμον

227 3060 338 3111 τῶν
379 3059 693 3128 ἀνηκόντων
744 3057 918 3124 λόγων
973 3055 1066 3107 κοὶ
1119 3054 1390 3122 πράξεων,
1433 3051 1623 3104 ἔλαθον
1671 3053 1799 3112 τοὺς

228 3152 474 3211 οίκείους
502 3150 660 3216 ὄρους
691 3151 753 3198 ἐκ
790 3149 930 3199 πάνυ
977 3160 1030 3196 τι
1078 3143 1329 3204 εὐτελοῦς
1376 3158 1434 3192 τε
1479 3143 1576 3194 καὶ
1602 3157 1806 3210 χαμαι-

232 3241 406 3310 ζήλου
453 3239 709 3307 περιοχῆς
757 3234 1102 3295 ἐκτείναντές
1161 3250 1219 3284 τε
1275 3232 1365 3283 καὶ
1427 3231 1807 3300 ὀχυρώσαντες

235 3332 461 3400 πρῶτον
515 3329 613 3398 μέν
674 3325 902 3390 ξυλίνοις
968 3326 1075 3377 τιεῖ
1132 3323 1382 3393 θριγκοῖς
1436 3323 1528 3374 καί
1579 3321 1807 3391 τάφροις

241 3419 728 3490 βαθείαις,ἐπειτα
779 3417 1020 3483 τείχεσιν
1079 3412 1296 3482 ὑψηλοῖς
1346 3429 1404 3462 τε
1451 3413 1543 3462 καὶ
1596 3411 1810 3480 ὀχυροῖς

236 3512 335 3560 καί
388 3504 941 3571 δυσανταγωνίστοις.
989 3500 1268 3552 Ἐντεῦθεν
1326 3499 1639 3568 ὁρμώμενοι
1685 3500 1810 3558 τοὺς

237 3598 342 3664 τῆς
395 3596 601 3655 οἰκείας
649 3592 963 3654 πλεονεξίας
1009 3592 1170 3661 ὅρους
1216 3591 1356 3642 κατὰ
1403 3591 1587 3658 χώραν
1627 3590 1810 3658 μένειν

240 3690 336 3758 ἐᾷν
390 3685 604 3755 οὐδαμῆ
632 3702 696 3753 γε
726 3684 1060 3749 ἐγνώκεσαν,
1098 3683 1214 3735 ἀλλ’
1245 3682 1366 3749 ἐφ’ά
1397 3681 1604 3748 ἑτέροις
1645 3683 1808 3749 ἕτερα

242 3778 506 3831 ἐπενόουν
552 3780 647 3829 καὶ
690 3775 1084 3845 προσετίθεσαν
1118 3773 1244 3835 ξένα
1280 3789 1336 3824 τε
1373 3774 1467 3824 καὶ
1508 3773 1808 3842 ὑπέρογκα.

245 3872 415 3922 Ὅθεν
478 3869 572 3920 καί
617 3869 715 3937 τῆς
767 3868 960 3937 τρίτης
1015 3865 1248 3931 ταυτησὶ
1300 3862 1485 3916 λοιπὸν
1552 3865 1813 3933 ἀφορμῆς

241 3962 600 4031 δραξάμενοι,
659 3958 761 4027 τῆς
819 3957 912 4010 τοῦ
963 3957 1419 4026 Καντακουζηνοῦ
1471 3974 1614 4024 φημι
1679 3956 1814 4022 πρὸς

246 4051 616 4116 Παλαιολόγον
673 4051 765 4102 τὸν
804 4049 924 4101 νέον
971 4049 1098 4118 περὶ
1148 4050 1448 4118 μοναρχίας
1501 4048 1695 4116 ἔριδος,
1736 4045 1814 4114 τῷ

243 4144 352 4211 νέῳ
386 4141 864 4210 προσεληλύθεσαν
907 4140 1167 4208 ἐξορίστῳ
1202 4140 1339 4202 τέως
1384 4140 1578 4199 εἰπεῖν,
1611 4138 1818 4203 Τενέδῳ

241 4230 552 4300 τηνικαῦτα
582 4235 645 4301 τῇ
693 4232 842 4298 νήσῳ
872 4231 1286 4299 ἐνδιατρίϐοντι,
1323 4231 1417 4281 καὶ⁸
1453 4229 1634 4298 ὅρκοις
1677 4244 1816 4296 προ-

244 4327 665 4397 καταδήσαντὲς
695 4340 755 4375 τε
787 4323 881 4374 καὶ
911 4323 1218 4390 γράμματα
1252 4322 1387 4389 πρὸς
1425 4321 1572 4374 άπαν
1605 4320 1815 4372 ἐκεῖθεν

243 4422 306 4470 τὸ
351 4419 678 4488 βουλόμενον
716 4414 1018 4482 εἰληφότες,
1046 4413 1220 4481 λαθρα
1271 4412 1558 4480 ἐπέραινον
1599 4413 1684 4478 ἐφ’
1735 4405 1816 4472 οἷς

230 4510 636 4578 ,ἐμιοθὼυησαν
672 4504 770 4557 τοῦ
799 4504 987 4556 λοιποῦ
1021 4503 1304 4574 προθυμία
1347 4504 1498 4571 πάσῃ
1520 4501 1696 4571 ψυχῆς
1728 4503 1820 4552 καὶ

245 4607 438 4662 ὅπλοις
466 4599 564 4652 καὶ
597 4599 873 4668 χρήμασιν
903 4594 1240 4663 ἀφειδοῦσιν.
1275 4594 1351 4648 Οὐ
1383 4595 1544 4662 μόνον
1574 4594 1651 4659 δὲ,
1681 4593 1819 4646 ἀλλὰ

245 4697 346 4744 καὶ
383 4692 611 4751 Λατῖνος
634 4691 822 4760 ἕτερος
858 4687 1041 4754 σφίσιν
1066 4685 1336 4754 ὁμόφυλός
1369 4702 1426 4736 τε
1459 4686 1554 4737 καὶ
1578 4685 1824 4754 ὁμογνώ-

252 4802 399 4851 μων,
431 4783 559 4850 μίαν
583 4779 720 4848 ἔχων
748 4779 949 4847 τριήρη
977 4780 1070 4827 καὶ
1101 4775 1217 4845 βίον
1243 4775 1564 4844 πειρατικὸν
1595 4773 1820 4844 μετιὼν,

250 4873 367 4923 κάκ
396 4870 653 4921 τοιούτων
681 4867 865 4936 πόρων
910 4865 1176 4928 πλουτῶν,
1218 4863 1407 4933 ὥσπερ
1432 4866 1645 4935 ἐρμαίῳ
1687 4883 1823 4934 χρη-

250 4961 494 5028 σάμενος
527 4958 620 5009 καὶ
654 4958 814 5018 αὐτὸς
845 4954 921 5024 τῷ
951 4953 1150 5021 καιρῷ,
1175 4955 1297 5014 ταῖς
1329 4953 1546 5022 ὁμοίαις
1582 4955 1821 5021 ἐπαγγε-

249 5054 396 5109 λίαις
424 5051 520 5116 τὴν
545 5046 769 5114 γνώμην
799 5045 893 5098 καὶ
918 5045 1078 5106 αὐτὸς
1107 5044 1384 5112 χειροῦται
1411 5043 1503 5096 τοῦ
1533 5043 1821 5112 βασιλέως,

251 5146 282 5194 'l
305 5142 474 5208 ενέδῳ
520 5143 586 5209 τῇ
636 5140 785 5207 νήσῳ
842 5135 1158 5206 προσσχών.
1201 5137 1366 5188 Ὅθεν
1407 5136 1499 5188 καὶ
1555 5138 1827 5205 μοναρχή-

253 5248 457 5291 σαντος
503 5230 598 5281 τοῦ
645 5231 766 5281 νέου
814 5227 1031 5280 τουτουῒ
1080 5226 1344 5294 βασιλέως
1379 5225 1568 5294 ἐντελῆ
1600 5227 1670 5278 τὰ
1697 5228 1828 5278 ὑπε-

254 5323 516 5393 σχημένα
565 5323 813 5390 ἑκάτεροι
862 5320 1260 5386 ἀπειλήφεσαν,
1308 5319 1357 5369 ol
1428 5319 1527 5386 μὲν
1583 5317 1675 5369 τὸν
1731 5319 1824 5370 τοῦ

1893 1873 2032 1925 sutis
2057 1871 2265 1924 artibus
2287 1871 2411 1925 illos
2434 1871 2610 1941 prius,
2635 1871 2736 1924 bos
2760 1883 2968 1939 postea,
2991 1882 3045 1924 et
3071 1871 3458 1937 promissioni-

1895 1961 2000 2015 bus
2033 1960 2220 2014 multis
2241 1961 2694 2026 circumiverunt,
2720 1963 2912 2031 quales
2935 1972 2990 2016 et
3011 1974 3228 2029 quantte
3254 1972 3462 2029 tempo-

1895 2050 2051 2106 ribus
2069 2051 2179 2106 illis
2204 2052 2629 2118 conveniebant,
2645 2053 2854 2107 scilicet
2871 2054 3116 2108 consiliis
3131 2065 3189 2108 et
3212 2056 3463 2122 pecuniis

1895 2151 1976 2193 sat
2005 2141 2213 2210 magnis
2237 2150 2291 2196 et
2313 2142 2488 2210 copiis
2510 2142 2838 2200 militaribus
2861 2153 2916 2198 et
2939 2145 3060 2198 aliis
3110 2145 3460 2212 hujusmodi;

1896 2233 2056 2286 mitto
2076 2233 2222 2286 enim
2245 2233 2426 2286 dicere
2449 2242 2684 2300 quantas
2701 2234 2756 2287 in
2779 2234 2864 2288 bis
2883 2235 3020 2288 clam
3038 2236 3216 2290 minas
3231 2237 3464 2291 fecerim

1897 2331 2088 2376 contra
2121 2337 2260 2392 quos
2299 2325 2587 2392 persuasio
2623 2324 2904 2379 interdum
2941 2326 3078 2378 nihil
3117 2327 3369 2389 valebat.
3405 2337 3465 2381 et

1901 2426 2041 2481 quas
2101 2428 2248 2468 nunc
2284 2415 2440 2468 alteri
2478 2418 2616 2484 parti
2661 2416 3012 2482 inferebant,
3050 2434 3198 2473 nunc
3225 2419 3294 2473 ad
3327 2419 3466 2474 alte-

1902 2519 2016 2556 ram
2031 2503 2412 2568 devolvebant,
2434 2510 2779 2576 etjquomodo
2802 2509 3065 2563 continuo
3089 2512 3316 2564 alteram
3345 2523 3469 2578 post

1902 2596 2127 2650 alteram
2151 2592 2507 2666 decipientes,
2525 2602 2689 2654 modo
2713 2601 2780 2654 iis
2797 2616 2903 2654 non
2926 2601 3131 2662 invitis,
3151 2602 3314 2654 modo
3331 2604 3472 2655 iuvi-

1904 2687 1974 2738 tis
1988 2701 2114 2739 cum
2144 2689 2403 2755 temporis
2431 2678 2673 2742 rationes
2700 2690 2863 2743 verba
2883 2692 3028 2744 ultra
3055 2691 3275 2744 modum
3298 2692 3472 2744 auda-

1903 2776 1986 2828 cia
2010 2786 2067 2829 et
2090 2776 2235 2831 facta
2265 2779 2646 2843 admitterent,
2670 2781 2930 2847 paulatim
2959 2782 3319 2848 possessionis
3358 2797 3471 2833 suae

1909 2867 2182 2919 terminos
2211 2883 2278 2920 ex
2309 2878 2546 2936 angusto
2575 2880 2631 2922 et
2659 2870 2854 2938 exiguo
2886 2869 3094 2922 ambitu
3125 2871 3474 2923 exteuderiut

1906 2965 1960 3007 et
2012 2957 2386 3019 muniterint,
2431 2957 2674 3024 primum
2713 2955 2934 3026 quidem
2973 2956 3170 3025 ligneis
3210 2956 3379 3023 septis
3415 2965 3473 3008 et

1910 3047 2070 3099 fossis
2099 3048 2387 3114 profundis
2411 3088 2425 3110 ,
2455 3048 2656 3102 deinde
2686 3061 2819 3102 vero
2849 3047 3025 3101 muris
3053 3048 3178 3102 altis
3211 3057 3266 3100 et
3298 3048 3469 3100 firmis

1909 3151 1964 3196 et
2020 3139 2106 3191 vix
2144 3140 2624 3210 expugnabilibus.
2659 3140 2792 3194 lliue
2825 3141 3026 3194 factum
3058 3151 3141 3194 est
3196 3148 3254 3192 ut
3283 3140 3470 3208 cupidi

1912 3233 2284 3306 possessionis
2349 3231 2746 3300 ampliﬁcanda:
2782 3232 3049 3285 terminos
3085 3231 3151 3284 ad
3198 3234 3473 3285 modicum

1913 3324 2178 3377 ambitum
2216 3323 2554 3376 constituere
2588 3335 2694 3374 non
2724 3321 2837 3388 jam
2873 3321 2926 3373 in
2958 3323 3146 3374 animo
3175 3323 3473 3385 haberent,

1913 3417 2007 3471 sed
2043 3418 2148 3469 alia
2183 3424 2306 3483 post
2340 3413 2502 3483 554
2532 3413 2634 3466 alia
2666 3414 2769 3466 sibi
2803 3423 3166 3478 exposcerent
3195 3426 3254 3468 et
3280 3416 3476 3484 adjun-

1913 3521 2106 3579 gerent
2141 3509 2321 3561 aliena
2353 3518 2408 3561 et
2436 3521 2604 3575 super
2637 3508 2858 3560 modum
2895 3522 3107 3576 magna.
3139 3507 3320 3572 Quare
3353 3525 3476 3562 cuiu

1913 3602 2079 3657 etiam
2110 3601 2309 3658 tertiae.
2333 3615 2458 3668 quae
2486 3600 2649 3670 paulo
2677 3610 2801 3668 post
2826 3610 3015 3654 exorta
3047 3609 3163 3663 est,
3194 3600 3316 3654 dico
3340 3599 3483 3654 Cau-

1917 3692 2164 3746 tacuzeni
2206 3693 2257 3743 iu
2296 3690 2661 3760 Palaeologum
2692 3692 2966 3759 juniorein
3005 3703 3228 3760 propter
3258 3707 3480 3746 monar-

1920 3787 2123 3850 cltiam,
2186 3800 2405 3838 causam
2477 3785 2710 3853 amplexi
2785 3785 3050 3849 fuissent,
3098 3797 3155 3842 ct
3225 3788 3481 3856 juvenem

1918 3877 2185 3930 adiissent
2219 3877 2313 3944 qui
2361 3876 2515 3928 exsul
2555 3877 2607 3928 in
2647 3875 2871 3930 Tenedo
2913 3877 3088 3930 insula
3130 3879 3482 3934 morabatur.

1917 3979 1971 4022 et
2003 3969 2368 4038 jurejurando
2408 3969 2512 4022 sibi
2549 3967 2886 4036 obligasscnt
2919 3981 2973 4023 et
3009 3970 3223 4024 litteras
3256 3970 3383 4023 inde
3413 3971 3482 4023 ad

1917 4075 2136 4113 omnem
2169 4060 2506 4112 voluntatem
2542 4058 2916 4127 accepissent,
2953 4059 3093 4114 clam
3128 4062 3485 4129 perleecrunt

1923 4167 2022 4221 pro
2054 4151 2257 4219 quibus
2289 4150 2548 4202 conducti
2577 4160 2736 4202 erant
2766 4149 2890 4204 c'utn
2925 4153 3091 4203 teiius
3122 4151 3290 4203 animi
3323 4152 3485 4204 obse-

1919 4241 2050 4310 quio
2106 4251 2161 4293 et
2231 4241 2398 4293 armis
2473 4249 2528 4293 et
2590 4241 2855 4307 pecuniis.
2946 4239 3050 4294 Sed
3111 4255 3220 4295 non
3287 4243 3341 4293 lii
3398 4258 3485 4295 so—

1920 4333 2061 4394 lum,
2082 4347 2270 4384 verum
2306 4333 2472 4385 etiam
2509 4329 2737 4384 Latinus
2769 4332 2908 4385 alter
2936 4346 3059 4385 cum
3097 4332 3204 4384 illis
3235 4343 3395 4401 gente
3426 4342 3482 4388 et

1853 4460 1895 4516 υ
1924 4426 2109 4476 animo
2147 4423 2475 4496 conjunctus
2500 4466 2511 4484 .
2545 4426 2640 4491 qui
2675 4438 2835 4476 unam
2869 4423 3143 4475 triremem
3182 4423 3400 4475 tenebat
3430 4438 3487 4476 et

1931 4516 2092 4567 vitam
2184 4515 2472 4583 piratiCam
2557 4512 2785 4581 degebat
2845 4523 2898 4566 et
2960 4513 3247 4566 latrociuio
3332 4514 3486 4567 dives

1929 4609 2107 4657 lactus
2132 4614 2284 4667 erat,
2318 4615 2563 4671 tempore
2595 4605 2700 4657 isto
2727 4615 3034 4671 opportuno
3060 4611 3318 4669 tanquam
3342 4605 3488 4656 dono

1929 4694 2142 4748 cmlcsti
2189 4702 2372 4757 utens,
2407 4693 2679 4747 similibus
2713 4693 3171 4761 promissionibus
3201 4694 3334 4760 imp.
3366 4695 3487 4746 ani-

1933 4801 2081 4836 ruunt
2156 4784 2259 4837 sibi
2319 4779 2594 4846 devinxit,
2641 4783 2863 4838 Tenedo
2937 4783 3127 4836 insula:
3179 4785 3484 4852 appellens.

1933 4875 2079 4927 unde
2126 4873 2344 4942 utrique
2375 4892 2402 4924 ει
2429 4874 2648 4941 jttuiorc
2697 4873 2828 4941 imp.
2870 4874 2941 4926 ibi
2981 4884 3242 4942 regnante
3296 4889 3493 4943 magna

1933 4966 2198 5030 promissa
2230 4975 2571 5032 acceperant,
2598 4972 2653 5015 et
2677 4963 2753 5015 illi
2784 4962 3006 5030 quidem
3035 4965 3246 5019 castelli
3283 4966 3488 5018 inceuia

1936 5054 1988 5105 iit
2023 5053 2420 5122 longitudinem
2468 5065 2523 5106 et
2569 5054 2913 5107 latitudinem
2949 5065 3216 5121 quantum
3251 5056 3366 5108 ﬁeri
3400 5071 3494 5122 po-

1937 5143 2040 5195 tuit
2076 5143 2440 5196 extenderunt
2471 5159 2660 5196 versus
2692 5147 3036 5198 occidentem
3070 5154 3126 5198 et
3158 5148 3492 5213 septentrio-

1935 5248 2058 5285 nem
2114 5243 2170 5286 et
2223 5234 2531 5293 orientem;
2569 5235 2656 5287 hic
2707 5251 2834 5288 vero
2893 5237 3237 5304 imperatoris
3285 5236 3495 5291 sororis

1932 5338 2167 5392 sponsus
2193 5324 2372 5378 factus
2402 5337 2484 5378 est
2514 5334 2568 5378 ct
2597 5325 2832 5379 Lesbum
2866 5326 3098 5380 insulam
3124 5328 3360 5397 accepit.

253 5415 529 5485 φρουρίου
592 5412 876 5478 περίϐολον
929 5411 1010 5470 εἰς
1060 5408 1233 5477 μῆκος
1293 5409 1387 5459 καὶ
1451 5408 1653 5470 πλάτος
1695 5410 1820 5461 ὅσον
1866 5414 2117 5466 πλεῖστον
2154 5415 2279 5481 ἐξῆν
2315 5417 2613 5483 ηὐξηκότες
2650 5417 2715 5485 [ἴ.
2745 5417 2852 5470 270
2886 5417 2964 5487 6.]
3009 5420 3142 5487 πρός
3209 5437 3270 5472 τε
3331 5421 3488 5473 δύσιν

256 5516 355 5565 καὶ
406 5510 610 5577 ἄρκτον
653 5508 746 5558 καὶ
789 5505 1002 5574 ἐῴαν,ὁ
1030 5505 1087 5556 δὲ
1156 5503 1403 5572 γαμϐρὸς
1454 5504 1540 5556 ἐπ’
1579 5504 1783 5573 ἀδελφῇ
1814 5507 1891 5575 τῷ
1930 5509 2138 5575 βασιλεῖ
2191 5514 2465 5572 καταστὰς
2523 5513 2616 5565 καὶ
2665 5513 2782 5579 ἆμα
2834 5513 3039 5565 Λέσόον
3083 5514 3184 5582 τὴν
3218 5515 3382 5580 νῆσον
3412 5514 3494 5573 εἰς

256 5605 471 5674 προῖκα
502 5598 695 5650 λαϐὼν.

334 5719 442 5774 IB'.
478 5717 711 5769 Τοιαῦτα
741 5720 833 5767 καὶ
858 5715 997 5767 οὕτω
1019 5716 1334 5784 πολύτροπα
1353 5719 1438 5770 διὰ
1464 5717 1645 5786 βιαίας
1668 5717 1831 5784 ἀνάγ-

590 5821 853 5874 ι⁹Ατιιυι.
899 5814 1012 5872 Gn.
1063 5815 1341 5875 CXLIX.

2012 5716 2302 5770 XII/Tanta
2337 5729 2387 5770 et
2422 5727 2527 5770 tam
2563 5718 2709 5770 varia
2745 5724 2971 5786 propter
3002 5717 3224 5770 nimiam
3253 5720 3492 5773 ιιοεεεεᾶα

3101 5823 3168 5878 lli
