4262 6362
796 539 2024 574 Μ

1964 434 2381 497 NICEPIIORI
2421 441 2800 501 GREGORAZ

2027 560 2282 569 νὴ..--
2294 564 2661 574 ~_~-———
2675 569 2812 576 -u--.
2828 567 2952 576 *ἡ

3888 447 3993 509 504

3004 567 3978 604 m

1933 727 2798 853 ΜΑΡΤΥΡΙΟΝ

1114 942 1553 1116 ΤΟΥ
1662 951 2338 1125 ΑΓΙΟΥ

2449 961 3650 1140 ΚΟΔΡΑΤΟΥ

1810 1227 2005 1316 ΚΑΙ
2076 1235 2304 1321 ΤΩΝ
2377 1237 2595 1326 ΣΥΝ
2668 1241 2964 1329 ΑΥΤΩ

1698 1409 1793 1464 ΕΝ
1881 1411 2181 1484 ΚΟΡΙΝΘῼ
2271 1414 2406 1469 ΤΗΣ
2487 1419 3066 1474 ΠΕΔΟΠΟΝΝΗΣΟΥ.

905 1705 2073 1871 ΜΑΒΤῩΒΙΠΜ
2213 1715 2588 1871 SAN

2213 1715 2888 1873 SANCTI
3045 1723 3874 1881 CODRATI

2036 1996 2164 2076 ET
2229 1999 2742 2080 SOCIOBUM

1832 2171 2215 2234 CORINTHI
2260 2175 2342 2235 IN
2387 2177 2959 2243 PELOPONNESO

1723 2335 2106 2398 AUCTORE
2143 2337 2636 2403 NICEPIIORO
2666 2340 3054 2403 GREGORA

773 2499 862 2551 (Evt
891 2500 1060 2547 codice
1093 2500 1318 2548 Bavarico
1346 2500 1478 2548 eruit
1509 2504 1561 2548 et
1593 2497 1954 2560 interpretatus
1979 2506 2057 2548 est
2091 2499 2365 2613 Reuolgus
2382 2503 2628 2624 Pehnilns),
2656 2503 2918 2554 Socielatis
2945 2505 3083 2553 ἔρδω.
3107 2531 3162 2541 -
3186 2507 3303 2552 Arta
3329 2508 3422 2554 SS.
3449 2504 3669 2556 Bollund.
3704 2510 3761 2555 ad
3787 2509 3920 2558 diem
3949 2512 4000 2560 lt

2215 2576 2266 2609 ar
2291 2575 2345 2624 η,
2402 2577 2498 2612 om.
2562 2567 2592 2612 ί.

2215 2567 2345 2624 arlii,
2382 2571 2498 2612 tom.
2533 2567 2592 2616 ll.

2342 2707 2414 2718 ...ψ

2089 2835 2316 2891 CAPUT
2359 2836 2650 2890 PRIMUM.

1789 2951 1848 3004 S.
1882 2948 2100 3005 Codrati
2139 2953 2333 3021 patria,
2361 2952 2468 3005 vita
2495 2960 2619 3002 ante
2645 2952 2980 3020 martyrium.

847 3080 900 3132 1.
936 3075 1115 3147 Magni
1166 3078 1423 3146 martyris
1457 3075 1677 3130 Codrati
1735 3077 1899 3130 Vitam
1952 3092 2176 3132 narrare
2236 3093 2322 3146 εει
2355 3083 2398 3138 Α
2496 3095 2530 3128 α

2312 3083 2398 3138 -Α
2496 3085 2564 3130 α’.
2614 3079 2767 3145 Ἐμοὶ
2802 3079 2856 3129 δὲ
2902 3079 2994 3131 τὸν
3040 3098 3134 3132 του
3173 3098 3411 3148 μεγαλον
3466 3083 3745 3153 μάρτυρος
3781 3084 3995 3154 Κοδρί-

771 3169 1038 3240 gredienti
1107 3167 1283 3232 mihi,
1339 3183 1446 3220 non
1516 3167 1772 3221 humanis
1836 3169 2099 3222 duntaxat
2169 3168 2331 3221 rebus

770 3258 1072 3320 immorari,
1140 3257 1236 3310 sed
1296 3256 1683 3310 miraculorum
1743 3257 1905 3311 etiam
1969 3258 2328 3326 quorumdam

769 3349 1217 3403 exeellentiorum
1252 3347 1368 3411 Dei,
1425 3349 1627 3415 quibus
1657 3357 1709 3400 et
1743 3355 1993 3402 recentes
2026 3358 2082 3401 et
2113 3349 2327 3416 antiqui

767 3443 896 3495 libri
933 3440 1230 3501 abundant,
1256 3439 1569 3493 meminisse
1596 3454 1878 3493 necessum
1913 3449 2016 3506 est,
2068 3455 2134 3492 ne
2178 3440 2330 3490 audi-

772 3543 854 3586 tor
897 3532 1230 3600 intelligens,
1295 3545 1458 3598 quam
1503 3529 1785 3593 inusitata,
1847 3545 2120 3598 quamque
2157 3529 2328 3581 divini

767 3624 925 3691 plena
957 3621 1210 3676 Numinis
1246 3621 1412 3674 fuerit
1453 3620 1592 3673 ratio
1637 3636 1821 3673 rerum
1875 3623 2072 3682 omnis,
2121 3635 2241 3687 quae
2299 3634 2328 3670 a

768 3714 962 3782 primis
991 3712 1229 3766 infantiae
1285 3713 1441 3763 annis
1478 3711 1552 3764 illi
1583 3711 1919 3779 obtigerunt,
1951 3710 2110 3764 fidem
2133 3711 2329 3763 habere

769 3803 902 3855 mihi
929 3800 1264 3854 reformidet.
1298 3800 1373 3852 Ae
1409 3800 1532 3852 illos
1571 3798 1815 3867 quidem,
1863 3799 1956 3866 qui
2010 3799 2327 3851 saecularem

766 3902 824 3944 et
865 3893 1122 3945 humanis
1181 3890 1470 3944 all'ectibus
1531 3890 1690 3958 plane
1751 3890 2038 3942 obnoxiam
2089 3888 2327 3942 materia

767 3999 1002 4037 nassam
1038 3983 1306 4043 redolent,
1334 3981 1604 4050 quidquid
1629 3996 1658 4032 a
1695 3980 1853 4033 nobis
1883 3981 2096 4033 dicatur
2133 3981 2198 4032 ad
2232 3994 2327 4031 na-

768 4087 904 4127 tura:
957 4089 1202 4126 normam
1263 4071 1565 4140 exigentes,
1631 4071 1889 4123 inducere
1949 4069 2325 4122 dillicillimum

767 4160 958 4222 luerit,
1010 4168 1071 4211 ut
1118 4158 1320 4226 aliquid
1374 4157 1613 4226 cogitent
1671 4158 1758 4211 illa
1812 4157 2326 4225 sublimius:un

767 4251 1094 4319 quibusdam
1123 4249 1274 4318 quasi
1303 4250 1556 4310 vinculis,
1587 4249 1898 4301 nullatenus
1918 4248 2325 4310 'Iolerabilibus,

768 4340 1110 4409 tyranniemn
1142 4340 1194 4390 in
1227 4339 1447 4390 modum
1477 4337 1746 4399 adstricti,
1806 4347 1968 4404 atque
2009 4339 2062 4390 in
2123 4347 2326 4390 terram

2437 3188 2532 3222 του
2595 3171 2710 3238 βίον
2741 3171 3052 3239 διηγεῖσθαι
3105 3173 3477 3240 προελομένῳ,
3538 3173 3590 3224 εἰ
3630 3190 3714 3235 τις
3759 3173 3835 3242 μὴ
3869 3176 3998 3226 ἁττι-

2440 3265 2585 3314 στείν
2629 3263 2824 3324 ἐθέλοι,
2869 3265 3083 3316 ἀκούων
3135 3265 3422 3334 καινότερά
3452 3281 3573 3316 τινα
3621 3264 3876 3331 θεότητος
3906 3267 3998 3332 γέ-

2441 3369 2631 3420 μοντα,
2663 3354 2753 3406 ἐπ’
2782 3355 2931 3424 αὖτῷ
2979 3355 3345 3426 πεπραγμένα
3392 3356 3518 3424 ἄρτι
3554 3356 3752 3425 κομιδῆ
3800 3359 4002 3425 τυγχά-

2438 3460 2582 3496 νοντι
2626 3445 2826 3514 νηπίῳ,
2885 3443 3059 3515 χρεὼν
3105 3445 3180 3512 μὴ
3235 3446 3346 3506 τοῖς
3394 3443 3757 3513 ἀνθρωπίνοις
3791 3443 3852 3495 τὺ
3883 3445 4003 3495 ὅλον

2438 3533 2714 3602 ἐμμένειν,
2747 3533 2886 3588 ἀλλὰ
2920 3550 3081 3586 τινων
3109 3534 3204 3584 καὶ
3231 3533 3519 3600 θειοτέρων
3559 3532 3870 3601 μεμνῆσθαι
3908 3531 4002 3582 τοῦ

2437 3622 2570 3676 Θεοῦ
2617 3625 2942 3693 τεραστίων,
2987 3619 3061 3676 ὦν
3112 3624 3323 3676 παλαιά
3369 3641 3425 3674 τε
3476 3624 3568 3674 καὶ
3613 3624 3705 3674 νέα
3755 3622 4002 3690 Βρίθουσι

2436 3713 2759 3782 γράμματα.
2785 3714 2845 3764 Οἱ
2883 3714 2980 3781 μὲν
3018 3715 3124 3782 γᾶρ
3159 3714 3254 3782 τῆς
3282 3713 3556 3782 κοσμικῆς
3583 3730 3643 3764 τε
3677 3713 3767 3765 καὶ
3797 3710 4003 3780 ἀνθρω-

2437 3803 2715 3866 ποπαθοῦς
2752 3803 2883 3872 ῦλης
2918 3806 3194 3867 πνέοντες,
3234 3806 3324 3856 καὶ
3349 3808 3414 3874 τῇ
3450 3804 3613 3871 φύσει
3636 3804 3702 3856 τὰ
3732 3804 4001 3872 λεγόμενα

2439 3895 2839 3964 σταθμώμενοι,
2891 3879 3054 3964 σχολῇ
3105 3897 3157 3963 γ’
3206 3896 3271 3950 ἂν
3304 3896 3440 3966 πρὸς
3482 3897 3822 3964 ὑψηλοτέραν
3870 3897 4003 3948 dva-

2433 3985 2617 4054 χθεῖεν
2652 3987 2884 4047 ἔννοιαν,
2927 3985 3171 4054 ὡσπερεί
3211 4003 3320 4038 τισι
3354 3985 3573 4053 δεσμοῖς
3619 3982 3868 4051 οὐδαμῶς
3901 4000 3998 4050 φο·

2439 4075 2622 4142 ρητοῖς
2671 4072 3120 4141 τυραννούμενοι,
3166 4074 3258 4125 καὶ
3298 4075 3364 4142 τῇ
3408 4074 3478 4141 γῇ
3533 4069 3997 4138 προσκεκυφότες,

2437 4164 2528 4216 καὶ
2555 4165 2712 4232 μόνον
2737 4165 2796 4215 οὐ
2823 4164 2988 4232 λῆρον
3018 4163 3333 4232 ἡγούμενοι,
3362 4164 3461 4215 ὅσα
3488 4161 3553 4231 δὴ
3591 4161 3686 4230 τὴν
3718 4161 4001 4227 mapma-

2436 4271 2533 4323 νην
2559 4253 2805 4322 στάθμην
2836 4254 3239 4321 ὑπερϐἐὸ).ηκε,
3273 4253 3376 4304 κᾶν
3408 4252 3586 4304 αὐτῶν
3621 4255 3760 4320 φανῇ
3801 4253 4000 4304 δακτὶ-

2435 4346 2544 4398 λων
2573 4345 2732 4398 Θεοῦ.
2777 4339 2871 4406 Οἷς
2917 4345 2961 4396 δ’
3004 4346 3232 4414 εὐσεϐὴς
3287 4345 3688 4412 συντέθραπται
3739 4343 3998 4410 λογισμδς

767 4427 949 4496 proni,
979 4426 1160 4478 omnia
1191 4441 1310 4493 qua
1351 4426 1713 4479 humanitatis
1744 4429 1987 4494 regulam
2035 4428 2326 4492 excedunt,
2358 4429 2403 4488 B
2433 4454 2450 4488 δ

2314 4470 2326 4492 ι
2358 4429 2403 4488 Β
2433 4437 2528 4488 καὶ
2561 4436 2786 4503 ἀσχολία
2814 4437 2881 4488 τὰ
2925 4436 3052 4504 περὶ
3089 4435 3223 4486 Θεοῦ
3259 4432 3650 4501 φαντάζεσθαι,
3680 4433 3893 4492 τούτοις
3939 4434 3997 4482 οὺ

765 4517 980 4571 etiamsi
1017 4517 1108 4570 Dei
1169 4516 1399 4584 digitum
1466 4517 1702 4570 habeant
1754 4517 2027 4585 opiﬁcem,
2082 4519 2172 4572 vix
2220 4533 2330 4572 non

767 4627 938 4679 nugas
959 4626 1078 4664 esse
1106 4610 1439 4662 existiment.
1461 4609 1564 4661 Alii
1583 4620 1763 4662 autem
1787 4610 1888 4678 piis
1913 4610 2332 4679 cogitationibus

767 4699 1044 4762 innutriti,
1083 4713 1318 4766 quorum
1348 4698 1636 4764 occupatio
1685 4707 1769 4750 est
1806 4698 1989 4750 divina
2048 4701 2328 4760 meditari.

767 4790 986 4858 negotio
1042 4788 1462 4857 haudquaquam
1512 4788 1684 4838 arduo
1717 4801 1774 4839 se
1834 4789 2236 4855 prreparahunl,
2273 4800 2331 4841 ut

766 4879 1225 4949 quemadmodum
1263 4881 1372 4932 Deo
1411 4877 1635 4945 dignum
1672 4887 1778 4939 est,
1846 4879 2118 4932 mirabilia
2185 4882 2333 4933 exei-

2433 4522 2603 4590 πολλὴ
2627 4522 2914 4589 δυσχέρεια
2941 4521 3259 4588 θεοπρεπῶς
3286 4519 3512 4580 ἑαυτοὺς
3541 4519 3836 4570 διατιθέναι
3859 4519 4000 4585 προς

2433 4597 2496 4678 γε
2547 4612 2611 4680 δὴ
2643 4612 2711 4662 τὰ
2761 4612 2853 4664 τοῦ
2907 4611 3042 4663 Θεοῦ
3093 4610 3392 4679 θαυμάσια,
3423 4608 3458 4660 ἃ
3517 4608 3707 4670 πολλὰ,
3745 4609 3868 4660 καθ’
3907 4607 4001 4669 οῦς

2433 4703 2592 4761 αὐτὸς
2647 4701 2818 4752 ἐθέλει
2879 4702 3104 4768 χρόνους
3162 4700 3255 4751 καὶ
3313 4698 3560 4768 καιροὺς,
3621 4701 3714 4752 καὶ
3764 4694 4000 4750 οἷστισιν

2431 4791 2731 4860 ἀνθρώπων
2760 4793 2853 4843 καὶ
2881 4792 3028 4852 ὅπως
3056 4791 3185 4844 ποτὲ
3215 4789 3542 4841 ὲνδείκννταί
3575 4806 3633 4840 τε
3669 4789 3764 4839 καὶ
3791 4788 3999 4856 διενερ-

2432 4885 2539 4948 γεῖ.

764 4981 948 5046 piant;
983 4995 1103 5047 quae
1133 4979 1224 5032 ille
1253 4988 1306 5029 et
1338 4979 1592 5046 plurima,
1650 4987 1704 5030 et
1760 4977 2176 5045 quibuscunque
2222 4980 2393 5035 voluit
2474 4981 2837 5050 temporibus,
2899 4990 2957 5032 et
2992 4980 3133 5032 circa
3196 4978 3445 5032 homines
3520 4977 3815 5046 quoslibet,
3877 4973 4000 5042 qui-

766 5078 979 5142 busque
1010 5075 1215 5142 placuit
1244 5073 1441 5135 modis,
1475 5072 1716 5126 ostendit
1745 5087 1807 5126 ac
1831 5083 2110 5140 operatur.

835 5167 892 5218 2.
920 5165 990 5219 Ut
1037 5181 1064 5216 a
1099 5165 1270 5232 patria
1335 5165 1611 5223 exordiar.
1675 5181 1794 5234 quae
1865 5183 2117 5233 magnum
2171 5167 2326 5220 nobis

766 5257 915 5309 hunc
966 5257 1142 5307 virum
1205 5254 1484 5322 produxit,
1541 5255 1774 5308 isthmus
1825 5258 2045 5323 quidam
2116 5259 2326 5326 longior

766 5361 928 5413 quam
965 5345 1128 5400 latior
1168 5344 1232 5396 ad
1256 5344 1597 5396 occidentem
1631 5346 1798 5397 solem
1860 5358 2084 5413 spectat.
2152 5361 2328 5401 extre-

765 5436 869 5489 mis
900 5435 1156 5503 utrinque
1186 5435 1300 5488 suis
1356 5436 1507 5503 quasi
1551 5436 1802 5488 manibus
1831 5439 2120 5504 porrectis,
2149 5438 2327 5490 borea:

769 5528 915 5586 hinc.
970 5525 1100 5578 inde
1157 5536 1348 5578 austro
1405 5540 1722 5586 occurrens,
1780 5537 1833 5580 et
1889 5527 2325 5596 Peloponnesum

764 5633 888 5670 eum
919 5617 1126 5685 reliqua
1165 5616 1370 5671 Graacia
1401 5619 1472 5669 ita
1503 5627 1854 5680 connectens,
1901 5629 1961 5672 ut
1991 5635 2165 5688 neque
2191 5621 2327 5673 hanc

768 5708 837 5756 ab
888 5707 976 5759 illa
1030 5706 1314 5759 discedere
1372 5707 1616 5768 omnino,
1673 5723 1853 5775 neque
1891 5708 2323 5776 Peloponnesum:

769 5798 1002 5854 insulam
1035 5814 1154 5852 esse
1187 5799 1441 5869 patiatur.
1470 5799 1596 5851 dum
1624 5801 2034 5855 imlniucntiluts
2067 5802 2320 5867 utrinque

2504 5166 2570 5235 β’.
2614 5166 2781 5236 Ἀρχὴ
2825 5165 2880 5219 δέ
2925 5181 3017 5232 μοι
3049 5163 3141 5216 τοῦ
3187 5164 3346 5229 λόγου
3387 5160 3536 5230 ἡτοῦ
3571 5161 3831 5225 Μεγάὶον
3861 5179 3998 5230 προ-

2435 5258 2634 5309 κείσθω
2661 5257 2876 5326 πατρίς.
2930 5254 3139 5322 Ἰσθμός
3170 5254 3253 5316 τίς
3289 5254 3399 5303 ἐστι
3424 5253 3559 5318 πρὸς
3605 5251 3853 5318 ἑσπέραν
3881 5252 4000 5302 κεί-

2439 5366 2618 5416 μενος,
2651 5349 2808 5418 εὖρος
2839 5347 2937 5416 μὲν
2966 5347 3027 5397 οὐ
3065 5345 3251 5407 πολὺς,
3285 5344 3456 5412 μῆκος
3482 5342 3525 5393 δ’
3567 5341 3798 5392 ἐπιπολὺ
3831 5359 4002 5410 παραο

2433 5441 2657 5490 τείνων·
2715 5437 2847 5505 φαίη
2898 5438 2940 5487 δ’
2997 5436 3062 5488 ἄν
3120 5452 3203 5498 τις
3254 5433 3396 5494 ἰδὼν,
3448 5432 3522 5491 ὡς
3569 5431 3851 5499 ἑκατέροις
3886 5435 4000 5494 τοῖς

2436 5531 2649 5598 ἄκροις,
2702 5528 2944 5596 ὡσπερεί
2994 5543 3102 5577 τισι
3147 5524 3326 5593 χερσὶ,
3364 5521 3529 5590 βορέᾳ
3580 5522 3679 5588 μὲν
3727 5523 3821 5574 καὶ
3863 5523 3999 5591 νότῳ

2437 5621 2824 5688 προσυπαντᾷο
2856 5618 2954 5686 τὴν
2993 5617 3051 5668 δὲ
3082 5615 3176 5666 τοῦ
3215 5614 3451 5676 Πέλοπος
3495 5612 3704 5666 Ἐλλάδι
3734 5616 3799 5682 τῇ
3837 5613 3995 5680 λοιπῇ

2439 5710 2827 5777 προσμίγνυσι,
2862 5707 2985 5758 οῦτε
3035 5706 3238 5771 ταύτην
3287 5703 3504 5769 ἐκείνης
3551 5700 3876 5767 ἀφίστασθαι
3916 5706 3995 5753 τέ-

2439 5804 2581 5854 )ειον
2627 5800 3052 5865 παραχωροῦσα,
3103 5799 3193 5853 καὶ
3252 5796 3350 5862 τὴν
3405 5795 3495 5847 τοῦ
3558 5793 3797 5858 Πέλοπος
3849 5796 3992 5849 πειιά
