4262 6362
166 397 273 459 505

1477 406 1650 464 Vl'l‘A
1696 408 1755 466 S.
1801 405 2132 464 CODllATI

3324 404 3429 461 506

164 510 423 563 τοσοῦτον
478 510 540 563 τὸ
602 514 949 565 παντάπασιν
1007 510 1174 580 νῆσον
1232 508 1372 567 εἶναι
1428 514 1738 579 κωλύουσα,
1771 520 1847 574 At

1771 520 1815 574 Α
1844 514 2003 583 aquis
2030 513 2269 567 medium
2298 528 2356 567 se
2398 512 2556 582 quasi
2595 514 2807 567 obicem
2854 527 3110 580 tttut'uznq
3136 527 3183 563 te
3244 512 3427 565 iuter~

163 602 299 672 παρ’
330 605 457 656 ὅσον
480 603 815 673 ἀμφοτέροις
850 606 964 666 τοῖς
992 604 1337 673 ἑκατέρωθεν
1363 604 1556 660 ὕδασιν
1592 607 1744 660 ἀντι-

165 694 399 764 φράττει
427 693 821 762 μεσιτεύουσα.
852 694 1023 763 Ὅσης
1057 694 1160 763 μιν
1186 690 1279 749 οὖν
1310 696 1466 766 ιλαχε
1509 697 1609 767 τῆς
1637 698 1747 751 τῶν

163 786 327 855 ὡρῶν
358 786 659 854 εὐκρασίας
687 788 779 838 καὶ
806 785 908 852 τῆς
941 786 1054 839 τῶν
1079 787 1257 841 ἄλλων
1295 788 1540 858 χάριτος,
1573 790 1746 843 ὁπόσα

166 880 247 936 εἰς
281 876 453 938 ἀκοὰς
483 874 788 945 ἀνθρώπων
819 876 968 929 ίόντα
998 878 1060 931 οὐ
1086 878 1347 948 βραχείας
1372 882 1625 952 ἐμπιπλᾷ
1648 882 1748 952 τῆς

163 966 389 1041 ἡδονῆς,
428 966 524 1018 καὶ
550 965 625 1028 ὡς
651 965 1000 1020 ἐνιαυσιαίων
1044 967 1266 1022 κύκλων
1294 972 1525 1033 τακταῖς
1559 971 1747 1041 περιό-

163 1058 277 1120 δοις
326 1058 562 1111 ἐνταῦθα
614 1057 910 1128 συνέρρεον
969 1058 1240 1124 Ἐλλήνων
1290 1062 1503 1125 παῖδες,
1568 1062 1748 1115 ἄθλων

164 1149 285 1215 ἅμα
314 1150 408 1201 καὶ
431 1148 685 1201 ἐπάθλων
712 1149 899 1213 ἔνεκα,
934 1149 995 1201 ού
1024 1150 1119 1202 τοῦ
1153 1153 1421 1221 παρόντος
1453 1154 1582 1214 ἴσως
1611 1152 1748 1217 διεξ·

168 1242 308 1294 ιὲναι
362 1240 582 1310 καιροῦ·
644 1242 794 1294 ῖσασι
843 1242 954 1311 γὰρ
1009 1242 1271 1306 ἅπαντες,
1324 1246 1437 1296 ὅσοι
1484 1244 1595 1296 τῶν
1650 1247 1748 1313 τῆς

163 1332 462 1402 ἐλληνικῆς
510 1332 702 1399 σοφίας
748 1333 1045 1402 κρατήρων
1071 1333 1164 1385 καὶ
1206 1334 1453 1387 όπωσοῦν
1510 1336 1751 1404 ἀπεγεύ-

166 1440 355 1477 σσντο.
391 1423 611 1490 Ταύτης
638 1424 932 1492 τοιγαροῦν
956 1424 1108 1494 παρὰ
1135 1424 1233 1494 τὴν
1259 1427 1395 1495 apt;
1424 1425 1577 1477 νότον
1597 1426 1750 1490 λῆξεν

163 1518 283 1567 ἐστι
315 1516 469 1576 πόλι,
507 1516 540 1585 η
586 1514 865 1584 Κόρινθος,
916 1517 1224 1585 περιφανὴς
1267 1516 1475 1570 ἄνωθεν
1510 1518 1603 1571 καὶ
1648 1535 1745 1570 πο-

163 1606 545 1674 λυάνθρωπος,
598 1607 690 1659 καὶ
737 1608 879 1671 θεοῖς
914 1607 1015 1674 μὲν
1063 1609 1330 1675 πρότερον
1373 1609 1605 1678 ἐμπύρῳ
1641 1609 1751 1662 τινὶ

167 1700 381 1767 στοργῇ
437 1699 869 1767 προσανέχουσα,
936 1700 1030 1753 καὶ
1078 1699 1474 1771 δεισιδαιμονίᾳ
1523 1703 1749 1771 κάτοχος

166 1790 395 1860 ἁπάσῃ·
425 1790 520 1857 ἀφ’
547 1784 607 1843 οὗ
653 1789 698 1841 δ’
746 1792 796 1842 οί
832 1792 924 1842 τοῦ
976 1792 1340 1859 εὐαγγελικοῦ
1386 1794 1750 1863 κηρύγματος

1850 604 2025 670 ρυιιίι.
2084 602 2416 671 Temporum
2462 614 2646 657 autem
2701 603 2828 656 anui
2880 602 3206 655 constitutio
3265 616 3429 668 quam

1849 692 2081 761 benigna
2115 694 2185 747 ibi
2213 694 2302 758 sit,
2337 703 2541 763 quanta
2574 695 2806 748 aliarum
2840 707 3029 747 rerum
3057 709 3177 760 qua!
3231 694 3300 747 ab
3328 693 3429 745 ho-

1850 787 2092 841 minibus
2126 802 2253 842 cum
2302 788 2584 856 voluptate
2631 802 2737 839 non
2789 780 3053 838 mediocri
3103 783 3429 845 audiuntur,

1846 879 2019 948 gratia
2048 895 2112 935 ac
2150 880 2461 940 ammnitas,
2513 880 2634 947 quis
2701 878 3019 933 Cra-corum
3082 876 3213 930 olim
3272 884 3431 928 statis

1848 988 2117 1027 annorum
2152 971 2392 1042 periodis
2420 973 2485 1024 ad
2535 973 2837 1025 certamina
2894 969 3054 1021 simul
3093 978 3146 1021 et
3204 968 3426 1036 prmmia

1848 1080 2173 1128 concursus,
2204 1080 2327 1117 cum
2362 1066 2567 1117 sciatur
2604 1068 2670 1116 ah
2714 1062 2971 1115 orimihus
3021 1062 3115 1129 qui
3161 1060 3429 1126 sapientia

1848 1155 2032 1209 Gneca
2061 1154 2563 1222 quomodocumque
2594 1153 2740 1205 labra
2792 1153 3137 1221 proluerunt.
3208 1167 3312 1202 non
3348 1158 3432 1202 est

1848 1246 1992 1299 forte
2023 1261 2169 1298 nunc
2196 1252 2833 1311 narrareopportunum.
2896 1238 3068 1304 Ilujus
3095 1239 3259 1307 igitur
3293 1237 3431 1289 isth-

1850 1336 1922 1388 ιιιί
1954 1335 2019 1389 ad
2048 1348 2301 1389 austrum
2341 1337 2474 1388 lines
2528 1335 2661 1385 urbs
2709 1332 3010 1385 Corinthus
3042 1330 3282 1398 attingit,
3317 1328 3431 1397 pri-

1852 1429 1954 1480 mis
1978 1429 2046 1481 ah
2075 1428 2249 1481 initiis
2278 1427 2420 1479 clara
2452 1437 2504 1479 et
2545 1426 2746 1494 popqu
2782 1424 3065 1491 frequens,
3096 1421 3427 1487 ardentique

1850 1523 2051 1575 allecto
2101 1521 2208 1575 diis
2242 1519 2486 1582 addicta,
2546 1533 2781 1586 quorum
2828 1516 2978 1569 onmi
3039 1513 3431 1582 superstitione

1851 1614 2211 1668 fanaticorum
2246 1613 2299 1665 in
2338 1625 2550 1665 morem
2602 1619 2856 1675 correpta
2887 1616 3007 1660 erat
3047 1624 3060 1660 :
3092 1605 3269 1658 donec
3317 1616 3434 1656 tan-

1851 1710 1972 1762 dem
1999 1707 2302 1776 evangelici
2340 1703 2598 1775 prteconii
2637 1701 3034 1772 piscatoribus.
3083 1708 3199 1752 rete
3232 1697 3432 1749 salutis

1852 1810 2054 1853 nostra:
2117 1814 2215 1868 per
2280 1798 2600 1851 universum
2657 1794 2848 1847 orhcm
2905 1790 3238 1849 laxantibus,
3317 1787 3431 1855 ipsa

166 1879 339 1939 ἁλιεῖς
383 1880 481 1947 τὴν
524 1879 626 1948 τῆς
668 1878 825 1948 ἡμῶν
860 1882 1136 1951 σωτηρίας
1177 1884 1422 1951 σαγήνην
1462 1885 1531 1953 τῇ
1573 1884 1752 1936 οίκου-
1782 1868 1822 1925 Β

1745 1912 1752 1925 ι
1782 1868 1822 1925 θ
1852 1904 2070 1959 quoque
2102 1887 2375 1955 extemplo
2403 1885 2700 1955 salsuginis
2732 1883 2989 1951 abyssum
3016 1894 3233 1932 omnem
3263 1892 3428 1931 escu-

171 1970 308 2037 μένῃ
342 1968 617 2036 καθῆκαν,
661 1970 859 2021 αὐτίκα
910 1970 975 2039 δὴ
1020 1972 1114 2024 καὶ
1162 1973 1300 2042 αὕτη
1363 1974 1543 2027 πάντα
1589 1974 1749 2043 βυθὸν

166 2059 415 2128 ἁλμυρὸν
450 2060 862 2128 ἀποσεισαμένη
898 2060 1033 2129 πρὸς
1081 2062 1151 2113 τὰ
1183 2060 1278 2114 τοῦ
1311 2063 1529 2117 Παύλου
1583 2081 1748 2133 μετα-

165 2150 338 2218 χωρεῖ
372 2149 464 2200 καὶ
501 2148 851 2215 μετατίθεται
874 2149 1114 2212 νάματα.
1144 2150 1475 2218 Γεννήτορες
1500 2150 1556 2202 δέ
1591 2150 1748 2201 εὐσε-

165 2236 287 2304 ϐείᾳ
322 2236 415 2289 καὶ
448 2235 688 2306 ἐναρέτῳ
713 2237 959 2304 διαγωγῇ
991 2236 1406 2305 διαπρέποντες,
1447 2238 1540 2290 καὶ
1584 2253 1750 2306 προσ-

166 2329 250 2378 έτι
281 2343 348 2393 γε
388 2326 643 2395 εὐγενείᾳ
704 2331 798 2379 καὶ
846 2326 1063 2396 πλούτῳ
1108 2327 1264 2395 βαοεῖ
1312 2328 1744 2398 περιϐρίθοντες.

177 2418 343 2470 Ἀλλὰ
377 2418 484 2486 γὰρ
524 2416 784 2486 τοιαύτης
828 2418 927 2487 μὶν
960 2420 1056 2487 τῆς
1103 2421 1380 2491 πατρίδος,
1415 2422 1671 2474 τοιούτων
1690 2421 1747 2473 δὲ

164 2503 276 2555 τῶν
313 2504 519 2572 γονέων
569 2510 884 2574 γενόμενος,
932 2508 1033 2560 οὐκ
1079 2509 1309 2562 ἐπιπολὺ
1355 2510 1561 2562 τούτων
1597 2511 1749 2564 ἀπώ-

166 2611 321 2659 νατο,
356 2594 492 2647 ἀλλὰ
548 2598 677 2664 πρὶν
717 2597 749 2666 ἢ
779 2598 878 2658 τὴν
909 2597 1179 2670 βρεφικὴν
1201 2601 1495 2669 παρελθεῖν
1524 2602 1746 2672 ἠλικίαν

166 2689 382 2756 οἴχεται
413 2689 511 2758 μὲν
546 2692 577 2757 ἡ
616 2691 820 2760 μήτηρ,
854 2690 1063 2760 οἴχεται
1094 2693 1139 2745 δ’
1173 2695 1201 2747 ὁ
1256 2694 1460 2764 πατὴρ,
1510 2697 1569 2746 ἐν
1616 2695 1743 2764 βραο

167 2784 254 2851 χεῖ
283 2784 343 2833 τὸ
375 2783 551 2850 χρεὼν
604 2784 960 2851 ἐπιτεμόντες
997 2784 1248 2853 ἑκάτεροι
1274 2801 1290 2816 ·
1347 2784 1539 2855 ῶσπερ
1584 2786 1652 2839 ἂν
1698 2788 1745 2837 εἰ

166 2872 234 2925 δι’
266 2873 423 2926 οὐδὲν
444 2874 635 2943 ἕτερον
663 2876 743 2937 είς
773 2873 864 2926 τὸν
897 2875 1012 2942 βίον
1043 2876 1407 2945 παρήχθησαν
1440 2876 1594 2946 ἧτῆς
1631 2878 1748 2929 τού·

166 2983 263 3019 του
295 2967 563 3033 γενέσεως
607 2967 792 3021 ἕνεκα.
830 2968 942 3020 Kal
976 2967 1047 3019 δι’
1088 2969 1221 3021 αὐτό
1252 2970 1314 3036 γέ
1350 2986 1433 3021 τοι
1476 2969 1638 3023 τοῦτο
1670 2971 1747 3038 τῷ

169 3059 273 3128 βίῳ
333 3062 511 3128 τούτῳ
561 3061 1049 3129 προσενεγκόντες,
1105 3058 1225 3114 εἶτα
1288 3062 1552 3133 ἀπῆλθον,
1609 3065 1744 3133 μηδὲ

168 3152 337 3204 πλέον
382 3153 651 3217 γενίσεως
686 3154 1138 3224 συγχωρηθέντες
1171 3159 1611 3224 συνεισενεγκεῖν
1638 3158 1745 3209 τῶν

1852 1984 2017 2042 tiens,
2052 1978 2117 2031 ad
2149 1977 2302 2032 Pauli
2349 1991 2472 2030 sese
2508 1976 2701 2029 latices
2761 1971 3109 2026 transferret.
3149 1966 3269 2020 Illic
3323 1967 3428 2019 Co-

1851 2071 1992 2125 drati
2018 2071 2320 2139 genitores,
2362 2069 2587 2137 pietate,
2626 2076 2681 2121 et
2725 2067 2978 2119 instituto
3020 2063 3146 2115 vitae
3178 2059 3270 2135 ad
3323 2058 3433 2109 vir-

1853 2168 1985 2222 tutis
2014 2181 2258 2219 normam
2291 2176 2507 2227 exacto,
2538 2163 2831 2215 nobilitate
2865 2162 2993 2211 item
3024 2154 3432 2220 luculentisque

1848 2260 2047 2327 opibus
2078 2258 2426 2311 ﬂoruerunt:
2463 2272 2563 2309 nec.
2616 2267 2793 2307 tamen
2830 2253 2904 2305 illi
2940 2262 3057 2302 orto
3105 2247 3198 2301 tali
3253 2245 3429 2314 patria

1851 2350 2161 2417 talibusque
2193 2349 2513 2409 parentibus
2539 2346 2745 2415 perfrui
2809 2343 2928 2397 istis
2980 2340 3211 2393 multum
3247 2334 3427 2390 licuit.

1849 2441 2024 2495 Annis
2050 2440 2293 2494 infantiae
2326 2440 2561 2493 necdum
2600 2436 2891 2494 absolutis.
2929 2432 3165 2487 moritur
3201 2430 3277 2482 illi
3317 2442 3431 2479 ma-

1851 2538 1954 2591 ter,
1989 2531 2222 2585 moritur
2247 2539 2304 2583 et
2345 2537 2521 2597 pater,
2589 2528 2743 2580 brevi
2787 2527 2945 2592 plane
2982 2520 3275 2577 intervallo
3334 2534 3433 2570 na-

1850 2632 1990 2675 tura:
2034 2621 2283 2675 debitum
2315 2633 2545 2687 uterque
2561 2619 2799 2676 solvens,
2838 2625 2896 2669 ut
2924 2615 3199 2683 gignendo
3221 2618 3430 2662 tantum

1844 2712 2086 2768 Codrato
2112 2715 2280 2766 vitam
2314 2710 2498 2779 adepti
2523 2708 2860 2765 viderentur,
2895 2719 3006 2773 quo
3035 2713 3163 2755 nato
3194 2700 3435 2767 migran-

1848 2804 1978 2857 dum
2013 2804 2148 2874 ipsis
2187 2818 2251 2857 ac
2293 2814 2493 2872 praeter
2558 2799 2901 2853 nativitatem
2958 2795 3093 2849 nihil
3127 2792 3239 2846 ﬁlio
3280 2790 3435 2842 exhi-

1849 2895 2091 2950 bendum
2140 2904 2291 2950 esset
2348 2907 2565 2951 eorum.
2629 2891 2831 2960 quibus
2872 2899 3063 2941 natura
3125 2883 3435 2949 insitusque

1850 2985 2169 3055 parentibus
2195 2984 2248 3037 in
2277 2983 2442 3037 laetus
2473 2997 2626 3033 amor
2655 2980 2876 3047 defungi
2907 2985 3132 3045 cogunt,
3160 2982 3272 3025 tota
3296 2971 3435 3025 edu-

1848 3077 2085 3131 cationis
2122 3091 2219 3145 spe
2258 3075 2461 3143 rejecta
2515 3073 2569 3126 in
2602 3070 2794 3123 Deum.
2866 3066 3053 3134 itaque
3090 3063 3335 3129 suscepit
3367 3060 3431 3112 il-

1850 3168 1962 3221 lum
1996 3165 2265 3219 Dominus
2296 3164 2444 3217 omni
2478 3161 2764 3215 hominum
2797 3173 2900 3226 ope
2958 3155 3284 3209 destitutum
3312 3152 3433 3219 (ne-

168 3246 270 3298 ὅσα
298 3247 461 3314 φύσις
493 3248 587 3298 καὶ
615 3247 813 3315 φίλτρα
851 3248 1044 3315 γονέας
1076 3248 1440 3317 ἀφοσιοῦσθαι
1470 3267 1749 3318 καταναγ-
1776 3227 1817 3281 c

1776 3227 1817 3281 Ο
1856 3273 1964 3327 que
1993 3258 2140 3310 enim
2173 3257 2316 3310 solet
2348 3254 2624 3308 hominem
2660 3252 2712 3304 in
2773 3252 2949 3303 lucem
3004 3246 3173 3302 semel
3228 3245 3433 3298 editum

169 3341 410 3405 κὰζουτι
442 3343 553 3401 τοῖς
584 3340 799 3392 ἑαυτῶν
842 3340 1134 3410 βρέφεσιν·
1176 3340 1312 3393 ἀλλὰ
1355 3337 1534 3393 πᾶσαν
1565 3342 1637 3402 ὼς
1673 3346 1749 3396 εἰ-

168 3435 295 3485 πεῖν
329 3433 666 3500 κηδεμονίας
713 3432 905 3483 ἐλπίδα
956 3432 1095 3499 πρὸς
1140 3432 1274 3485 Θεδν
1321 3433 1745 3504 ἀναρρίψαντες.

174 3526 558 3595 Προσελάὄετο
590 3526 690 3593 μέν
718 3520 813 3577 οὖν
844 3527 872 3577 ό
904 3524 1109 3592 Κύριος
1145 3525 1305 3576 αὐτὶ-ι
1337 3526 1517 3594 πάσης
1544 3527 1749 3596 ἔρημον

168 3617 523 3687 ἀνθρωπίνης
559 3618 687 3669 ὄντα
734 3618 1058 3685 ἐπικουρίας
1089 3617 1169 3685 (οὐ
1206 3617 1313 3685 γὰρ
1367 3617 1433 3671 ἂν
1459 3619 1546 3688 εἴη
1589 3618 1750 3672 τοῦτο

168 3707 338 3773 νόμος
382 3706 521 3758 Θεοῦ
582 3708 662 3766 είς
720 3705 833 3773 φῶς
878 3705 1027 3771 ἇπαξ
1072 3706 1489 3775 προεληλυθότα
1538 3708 1751 3777 ἄνθρω-

171 3815 276 3851 πον
322 3798 595 3867 παριδεῖν,
661 3795 720 3857 ὃς
771 3797 956 3849 δίδωσι
1009 3797 1218 3865 τροφὴν
1255 3798 1403 3868 πάσῃ
1434 3800 1621 3867 σαρκὶ,
1663 3804 1755 3854 καὶ

168 3892 288 3951 τοῖς
345 3890 604 3959 κτήνεσιν
654 3888 1003 3954 ἐξανατέλλει
1056 3888 1269 3957 χόρτον,
1317 3890 1410 3939 καὶ
1460 3890 1627 3942 πᾶσιν
1677 3894 1757 3953 εἰς

170 3982 439 4053 εὔκαιρον
486 3981 585 4051 τὴν
625 3980 829 4050 τροφὴν
878 3980 1232 4050 πρυτανεύει)
1284 3981 1377 4032 καὶ
1428 3982 1625 4050 μικρὸν
1660 3985 1758 4050 τῆς

170 4076 285 4129 τῶν
312 4075 525 4127 πολλῶν
544 4076 831 4142 ἐπιμιξίας
857 4073 1186 4142 ἀπαγαγὼν,
1210 4074 1304 4125 καὶ
1336 4076 1416 4135 είς
1446 4074 1617 4144 ἀγρόν
1637 4093 1759 4129 una

169 4166 405 4233 ἀγαγὼν
442 4166 760 4234 προύνοεῖτο
786 4165 977 4216 τούτου
1010 4162 1351 4231 παραδόξως,
1387 4164 1482 4215 καὶ
1509 4167 1759 4237 ἃποῤῥήο

1860 3348 2002 3403 Deus
2039 3348 2337 3417 negligere,
2400 3344 2493 3413 qui
2532 3345 2624 3396 dat
2659 3357 2842 3396 escam
2902 3340 3052 3393 omni
3105 3336 3280 3393 carni,
3338 3334 3433 3400 qui

1850 3439 2117 3510 jumentis
2148 3438 2401 3506 producit
2435 3438 2666 3496 faenum,
2725 3444 2781 3487 et
2816 3431 3030 3485 cunctis
3096 3429 3150 3481 in
3191 3438 3438 3494 tempore

1857 3542 2169 3601 Opportune
2226 3530 2408 3583 cibum
2471 3529 2697 3597 prtehet)
2761 3526 3098 3594 parvoioquc
3150 3538 3177 3572 a
3228 3517 3436 3584 vulgari

1856 3620 2276 3675 cotwersatione
2315 3620 2366 3671 in
2415 3633 2604 3687 agrum
2656 3615 2948 3685 quemdam
3000 3612 3240 3665 abducto
3268 3609 3436 3660 mira-

1858 3712 2046 3766 biliter
2109 3710 2414 3781 prOSpexit,
2489 3718 2545 3763 et
2612 3706 2982 3761 inett'ahilibus
3031 3701 3229 3755 modis.
3292 3700 3439 3751 sicut

1858 3803 2142 3857 alumnum
2166 3801 2317 3854 illum
2339 3798 2511 3852 eremi
2539 3797 2671 3849 olim
2719 3794 3017 3849 Salvatoris
3051 3791 3438 3849 Prodrmuum,

1858 3896 2143 3949 enutrivit.
2178 3892 2327 3947 Unde
2358 3906 2506 3945 cura:
2533 3899 2588 3944 et
2632 3888 2992 3957 prm‘itlentia:
3055 3886 3145 3937 Dei
3178 3882 3440 3937 commis-

1859 4002 1976 4051 sus,
2009 3985 2279 4055 sapientia
2310 3984 2476 4038 simul
2508 3992 2562 4037 et
2618 3982 2790 4051 gratia
2820 3980 3100 4033 crescebat
3155 3993 3217 4029 ae
3276 3974 3442 4045 proli-

1860 4082 2060 4143 ciehat,
2098 4079 2262 4132 variis
2293 4077 2442 4131 circa
2493 4093 2620 4129 cum
2657 4074 2939 4128 miraculis
2998 4070 3246 4141 quotidie
3309 4085 3444 4121 eon-

1864 4170 2222 4240 tingentibus.

168 4278 287 4321 τοις
338 4260 566 4329 τρόποις
609 4257 882 4324 διέτρεφε,
949 4255 1204 4322 καθάπερ
1248 4254 1515 4325 πρότερον
1552 4258 1645 4310 τὸν
1690 4264 1789 4329 τῆς
1832 4263 2047 4332 ἐρήμου
2103 4263 2375 4331 τρόφιμον
2424 4262 2518 4313 καὶ
2556 4261 2650 4312 τοῦ
2722 4261 2976 4327 Σωτῆρος
3004 4259 3337 4327 Πρόδρομον,
3385 4252 3443 4303 '0

169 4354 216 4405 δ’
246 4356 355 4407 ὑπ),
388 4353 507 4420 Θεῷ
542 4353 804 4419 κηδεμόνι
835 4352 927 4402 καὶ
966 4346 1240 4419 προμηθεὶ
1284 4347 1487 4416 ηύξανε
1551 4352 1646 4404 καὶ
1701 4356 2005 4408 ἐτελειοῦτο
2038 4356 2203 4423 σοφίᾳ
2243 4354 2339 4405 καὶ
2408 4357 2614 4426 χάριτι,
2663 4355 2925 4410 ποικίλων
2984 4357 3042 4407 ἐν
3086 4353 3235 4423 αὐτῷ
3262 4367 3444 4419 παρα·

169 4449 344 4514 δόξων
378 4448 654 4513 ὁσημέραι
688 4444 1051 4511 τελουμένων.

243 4545 315 4611 γ’.
357 4543 521 4594 Ἀλλὰ
568 4540 678 4608 γὰρ
725 4541 964 4594 ἐνταῦθα
992 4541 1087 4593 τοῦ
1134 4542 1297 4607 λόγου
1330 4544 1646 4611 γενόμενος,
1678 4546 1763 4595 ἐν-
1799 4552 1839 4601 ι)

1762 4552 1839 4601 ηι)
1942 4547 1995 4600 5.
2032 4549 2207 4615 Atque
2232 4548 2341 4607 hic.
2405 4562 2514 4600 non
2568 4560 2789 4613 possum
2853 4542 3133 4610 equidem,
3194 4540 3445 4593 oratione

174 4637 379 4704 θύμιον
402 4632 757 4700 ἐποιησάμην
781 4633 871 4685 τὸν
914 4632 1172 4686 ἐκλεκτὸν
1211 4636 1305 4687 τὸν
1347 4636 1442 4688 τοῦ
1487 4637 1625 4688 Θεοῦ
1656 4637 1765 4689 Ἵσ-

174 4726 342 4796 ραὴλ,
372 4726 469 4775 καὶ
494 4725 621 4776 ὅσον
664 4723 853 4775 θεόθεν
883 4724 1241 4793 πεπείραται,
1274 4725 1385 4776 τῶν
1414 4726 1600 4778 καλῶν
1637 4726 1763 4795 ἄρτι

170 4820 277 4885 τῆς
331 4817 570 4885 ἐρημίας
602 4816 741 4884 μετὰ
768 4815 867 4881 τὴν
901 4814 961 4879 ἐξ
1006 4816 1289 4884 Αίγύπτου
1330 4818 1512 4887 φυγὴν
1546 4820 1759 4882 ἐπιὸἁς,

171 4910 274 4962 καὶ
322 4908 476 4960 οὐδὲν
512 4908 742 4975 ἀνόμοια
788 4907 855 4959 τὰ
887 4906 1006 4957 τότε
1046 4909 1158 4965 τοῖς
1190 4908 1285 4959 νῦν
1341 4909 1664 4978 παρατιθεὶς
1711 4912 1765 4960 ξ.

175 5001 489 5070 φευρίτκω.
520 5000 701 5067 Νέφος
736 5001 845 5069 γὰρ
875 4997 970 5050 νῦν
1001 4998 1121 5067 μεθ’
1150 5000 1363 5069 ἡμέραν
1402 5002 1501 5068 μέν
1535 5002 1765 5068 ὑποτρέ-

173 5110 276 5164 χον
325 5092 419 5143 τὸν
460 5091 635 5161 ἥλιον,
674 5091 769 5142 καλ⁵
822 5090 1247 5159 ἀπομαχόμενον
1290 5094 1411 5153 ταῖς
1460 5093 1553 5144 τοῦ
1603 5094 1759 5161 ἡλίου

175 5184 550 5252 φλογώσεσιν,
587 5182 811 5251 ἐαρινὴν
837 5185 1097 5251 παρεῖχεν
1121 5180 1198 5249 τῷ
1230 5183 1369 5249 ἁγίῳ
1398 5182 1496 5251 τὴν
1527 5186 1628 5250 τῆς
1669 5201 1763 5249 με·

177 5273 466 5344 σημὸρίας
501 5273 689 5339 ῶραν·
744 5262 958 5340 νύκτωρ
996 5272 1039 5322 δ’
1094 5272 1159 5324 αὖ
1198 5272 1362 5325 οἱονεί
1408 5290 1491 5333 τις
1538 5274 1760 5339 λαμπὰς

174 5367 503 5435 ἐφεστήκει.
538 5366 636 5435 τὴν
669 5366 996 5434 νυκτερινὴν
1029 5366 1267 5432 ζόφωσιν
1300 5367 1379 5427 είς
1414 5367 1761 5435 μεσημϐρίαν

175 5460 437 5532 ἀμεῖϐον.
474 5461 583 5511 Kal
613 5462 733 5512 τότε
758 5462 879 5529 μὲν,
912 5461 1095 5527 φησὶν,
1126 5462 1223 5511 οὐκ
1252 5456 1320 5529 ἦν
1344 5461 1401 5511 ἐν
1424 5463 1541 5521 ταῖς
1567 5460 1761 5528 φυλαῖς

176 5551 367 5607 αὐτῶν
401 5553 429 5601 ὁ
478 5551 741 5603 ἀσθενῶν.
797 5550 908 5604 Kal
941 5544 1095 5612 οὗτος
1121 5550 1177 5601 δὲ
1215 5552 1334 5614 ταῖς
1369 5551 1632 5621 ἐρημίαις
1664 5553 1761 5604 καὶ

182 5645 360 5717 μηδὲν
420 5644 672 5712 ἐχούσαις
722 5644 876 5710 ὑγιὲς
925 5642 1276 5711 παραμύθιον
1324 5643 1763 5715 ἐνδιαιτώμενος,

256 5803 268 5829 ί
298 5802 445 5865 Padi.
477 5819 587 5869 ειν,
627 5802 704 5855 25.

1865 4636 1979 4705 ipsa
2036 4638 2386 4690 occasionem
2446 4635 2924 4691 subministrante,
3006 4646 3114 4683 non
3168 4628 3447 4683 recordari

1863 4744 2081 4790 eorum,
2123 4743 2245 4796 qua:
2278 4744 2308 4781 a
2342 4728 2453 4780 Deo
2481 4727 2696 4779 electus
2759 4724 2947 4783 Israel,
3015 4721 3145 4773 dum
3197 4730 3319 4787 post
3356 4719 3445 4770 fn-

1868 4836 1988 4890 gam
2063 4835 2129 4874 ex
2178 4819 2410 4889 Βαγρίο
2470 4818 2571 4871 frui
2634 4817 2919 4869 henclieiis
2969 4814 3173 4866 deserti
3234 4812 3445 4879 incipit,

1866 4912 2131 4965 divinitus
2152 4921 2235 4965 est
2269 4922 2549 4980 expertus,
2598 4910 2683 4963 his
2716 4909 2781 4961 de
2810 4908 3010 4975 quibus
3044 4907 3258 4968 agimus
3312 4921 3450 4956 neu-

1864 5002 2096 5069 tiquam,
2134 5002 2177 5054 si
2215 5011 2627 5068 comparentur,
2658 4996 2967 5050 dissimilia.
3030 4994 3215 5047 Nubes
3252 5008 3449 5060 nempe

1871 5092 1960 5151 hic
1992 5107 2212 5161 quoque
2243 5090 2481 5144 interdiu
2514 5092 2682 5142 solem
2747 5088 2973 5142 subiens
3020 5097 3075 5140 ct
3142 5102 3264 5138 Cum
3331 5087 3452 5152 ejus

1871 5184 2098 5237 testibus
2125 5186 2449 5253 depugnans
2480 5183 2769 5243 o-lliciebat,
2830 5190 2888 5232 ut
2926 5179 3246 5232 meridianis
3297 5179 3452 5231 horis

1873 5275 2109 5330 Sanctus
2153 5293 2247 5329 ver
2283 5277 2526 5336 haberet,
2569 5275 2748 5327 noctis
2800 5283 2984 5325 autem
3044 5270 3306 5325 tenebraa.
3358 5268 3450 5320 ad-

1868 5379 2033 5422 ventu
2073 5369 2357 5438 cujusdam
2385 5370 2538 5434 quasi
2570 5366 2856 5435 lampadis.
2896 5366 2949 5417 in
2996 5363 3281 5415 meridiem
3324 5378 3457 5415 cono

1870 5462 2250 5515 vertebantur.
2295 5462 2542 5528 Cumque
2589 5459 2872 5527 Scriptura
2914 5465 3047 5509 teste
3081 5456 3094 5484 ‘
3127 5456 3180 5506 in
3234 5453 3452 5507 Israeli-

1875 5564 2054 5607 tarum
2110 5554 2366 5608 tribubus
2430 5568 2592 5605 nemo
2642 5561 2771 5604 tunc
2832 5550 3083 5603 inﬁrmus
3132 5557 3302 5601 esset.
3364 5546 3453 5599 hic

1876 5662 2097 5715 quoque
2136 5646 2372 5700 tlcsertis
2408 5645 2460 5698 in
2502 5644 2660 5705 locis,
2720 5643 2866 5697 nulla
2899 5641 3150 5701 sanitatis
3204 5638 3454 5693 subsidia
