4262 6362
813 373 918 441 {.23

2013 363 2440 428 NICEPHORI
2480 367 2871 428 GREGORIE

3957 376 4060 436 Ξ.ῗᾷ

814 491 1112 558 πρόφασιν,
1168 486 1345 551 δέδιας
1403 487 1577 539 ὁπόσα
1636 486 1769 554 πρὸς
1819 485 1987 556 ὀργὴν
2037 486 2380 555 σχεδιάζουσι
2412 505 2453 558 Α
2484 503 2601 542 των
2654 489 2853 540 ἀδίκων
2902 489 3209 555 φροντίζειν
3259 491 3318 543 οὐ
3370 492 3474 563 χρὴ
3520 495 3808 562 eorum“;
3864 495 4060 559 ἀκήν,

814 584 1033 650 γνῶμαι
1075 580 1370 649 φιλότιμοι,
1401 577 1621 630 ἐπειδάν
1656 594 1738 639 τις
1774 578 2047 646 ἀποκναίη
2095 579 2192 639 τὰς
2225 578 2377 646 ῥίζας

814 675 1118 744 ἐκτέμνων,
1155 673 1210 723 αἶ
1234 672 1358 728 τοὺς
1378 670 1510 726 πῶν
1542 670 1729 738 ὕμνων
1760 669 2026 738 βλαστοὺς
2061 669 2365 736 ἐξανίσχου-

817 783 926 818 σιν.
955 765 1088 817 Οὐδὲ
1128 763 1232 830 γάρ
1266 761 1374 813 οὐδ’
1414 759 1751 828 Ἀλεξάνδρῳ
1797 760 1877 828 τῷ
1909 760 2177 811 Φιλίππου
2230 757 2380 809 παιδὶ

816 857 1176 922 ἀνεπίφθονον
1216 855 1398 921 ἔμεινε
1431 853 1527 905 καὶ
1587 852 1893 921 βασκανίας
1956 851 2133 914 ἐκτὸς,
2179 850 2377 918 ὁρῶντι

813 950 903 1001 τὸν
930 947 1195 998 Φίλιππον
1235 945 1457 1013 συχναῖς
1505 945 1623 1005 ταῖς
1675 943 1851 1002 νίκαις
1914 940 2373 1010 ἐμπομπεύοντα,

812 1039 944 1090 ἀλλά
979 1036 1466 1106 μικροψυχήσαντα
1504 1034 1766 1104 βακχικόν
1806 1049 1928 1083 τινα
1959 1033 2178 1100 λέγεται
2219 1031 2379 1096 λόγον

810 1133 1025 1200 ἀφεῖναι
1047 1131 1184 1199 πρὸς
1213 1129 1336 1188 τοὺς
1367 1127 1681 1197 ἡλικιώτας,
1715 1126 1809 1177 καὶ
1839 1124 2037 1193 μεστὸν
2090 1124 2162 1185 ὡς
2203 1119 2377 1175 εἰπεῖν

810 1223 1234 1291 ἐνθουσιασμοῦ.
1269 1220 1440 1272 Φάναι
1465 1219 1567 1288 γὰρ
1600 1219 1840 1287 ἀγωνιᾷν
1874 1218 1946 1285 μὴ
1979 1217 2157 1268 πάντα
2191 1231 2377 1283 προει-

809 1316 995 1384 ληφὼς
1020 1318 1046 1368 ὁ
1071 1315 1272 1380 πατὴρ,
1304 1311 1579 1381 μηδεμίαν
1596 1310 1742 1379 αύτῷ
1773 1308 2075 1379 καταλείψῃ
2096 1306 2374 1377 τροπαίων

811 1408 1102 1478 πρόφασιν.
1142 1404 1251 1456 Καὶ
1278 1401 1470 1455 σιωπῶ
1499 1401 1568 1454 τά
1597 1401 1822 1452 πλεῖστα
1845 1415 1856 1427 ·
1895 1398 1962 1467 ἢν
1992 1397 2048 1450 δὲ
2089 1396 2181 1449 νῦν
2214 1393 2374 1458 αὖθις

810 1499 1079 1566 πρόφασιν
1113 1493 1443 1564 προύϐαλες,
1475 1491 1774 1560 ὲϐουλόμην
1800 1488 1979 1551 ἄλλοις
2021 1490 2117 1541 τοῦ
2173 1489 2375 1557 φιλοτι-

811 1607 912 1660 μου
942 1588 1373 1655 παραχωρήσας,
1414 1584 1576 1646 αὐτὸς
1601 1583 1741 1634 ἑκὼν
1774 1582 2026 1650 γενέσθαι
2048 1581 2139 1633 τοῦ
2175 1581 2372 1650 καιροῦ

804 1698 863 1733 τε
896 1679 990 1732 καὶ
1026 1679 1123 1744 τῆς
1151 1675 1320 1743 τύχης
1347 1674 1446 1743 τῆς
1482 1673 1622 1742 ἐμῆς
1679 1674 1964 1744 προδότης.
2032 1673 2216 1724 Δεινὺν
2264 1671 2373 1741 γάρ

805 1774 901 1825 καὶ
930 1770 1168 1842 σχέτλιον
1196 1766 1337 1821 εἶναι
1371 1769 1469 1835 μὲν
1497 1767 1603 1819 τῶν
1645 1765 1706 1817 ού
1753 1766 1974 1834 φαύλων
2033 1765 2258 1831 ἀγώνων
2313 1763 2372 1815 τὸ

2486 579 2620 646 φέρε
2653 579 2751 647 τὴν
2795 579 2891 648 σὴν
2947 581 3020 642 ὡς
3080 583 3304 649 ἐφικτὸν
3367 586 3760 654 ἐκπεράνωμεν
3816 587 4059 654 αἴτησιν,

2482 669 2576 719 καὶ
2613 668 2702 719 διὰ
2765 669 2858 721 σοῦ
2906 671 3004 739 τὴν
3064 673 3170 721 τῶν
3229 673 3429 738 ἄλλων,
3463 672 3544 738 οἷς
3587 675 3648 746 δὴ
3701 677 3768 729 τά
3827 679 4063 746 μέγιστα

2482 762 2796 841 χαριεῖίθαι
3126 762 3192 814 δι’
3242 764 3359 826 ἑνός
3413 783 3476 832 γε
3534 768 3625 819 τοῦ
3679 771 3884 836 τρίπου
3932 785 4059 819 tou-

2480 849 2619 901 τουῖ.

2554 939 2762 991 ’Λπασι
2797 941 2898 1009 μέν
2927 942 3009 994 τοί
3045 961 3105 1009 γε
3165 943 3588 1015 ὡμολογημένον
3649 946 3788 1003 εἶναι
3829 948 3910 1012 οἷς
3963 954 4062 1006 καὶ

2477 1029 2726 1084 ὁπωσοῦν
2761 1033 2860 1084 νοῦ
2893 1036 2985 1086 καὶ
3013 1041 3270 1106 κριτικῆς
3318 1040 3640 1111 ἐπιστήμης
3700 1044 3947 1111 μέτεστι,
3985 1047 4060 1114 μὴ

2478 1123 2536 1174 ’ἐν
2566 1141 2615 1175 τι
2649 1126 2840 1193 σοφίας
2872 1122 3007 1188 εἶδος
3039 1125 3130 1178 τὸυ
3164 1129 3337 1197 μέγαν
3370 1130 3736 1205 ἐξησκηκέναι
3775 1136 4056 1199 Συνέσιον,

2477 1217 2593 1269 ἀλλ’
2618 1214 2759 1270 εἶναι
2796 1218 2964 1286 μηδὲν
3021 1222 3159 1288 ὅπερ
3199 1220 3280 1286 οῦ,
3319 1225 3493 1294 τούτῳ
3526 1225 3570 1276 δ’
3610 1221 3747 1278 εἶναι
3782 1229 3890 1278 τῶν
3925 1230 4081 1280 πάν-.

2476 1325 2583 1360 των
2614 1309 2800 1362 οὐδένα
2836 1310 3042 1379 νομίζω
3066 1312 3156 1363 τὸν
3187 1313 3543 1382 ἀντεροῦντα.
3594 1315 3746 1384 Μηδὲ
3797 1317 3907 1386 γὰρ
3960 1319 4059 1386 μό-

2476 1417 2567 1452 νον
2596 1401 2767 1468 ὁπόση
2803 1403 2945 1455 κατά
2981 1403 3075 1455 τὸν
3140 1403 3378 1472 Ἕλληνα
3411 1405 3571 1471 λόγον
3631 1409 3747 1458 ἐστὶ
3789 1410 4057 1473 ποικιλία,

2475 1494 2655 1561 πάσης
2687 1495 2742 1555 ὲς
2774 1493 2947 1564 ἄκρον
2982 1497 3329 1564 σπουδαστὴν
3358 1501 3718 1569 καταστῆναι,
3774 1500 3912 1551 άλλά
3960 1504 4058 1552 καὶ

2474 1584 2582 1636 τῶν
2613 1584 2934 1638 Χαλδαϊκῶν
2966 1586 3240 1654 θιασώτην
3270 1590 3528 1642 ἁπάντων
3553 1590 3756 1660 ὀργίων
3781 1609 3794 1622 ·
3823 1593 3920 1643 καὶ
3952 1594 4056 1644 ὅσα

2474 1673 2517 1725 δ’
2544 1671 2609 1726 αὖ
2646 1675 3144 1746 ἱερογραμματέων
3177 1680 3285 1732 τῶν
3318 1682 3486 1734 πάλαι
3530 1685 3661 1752 παρ’
3727 1683 4055 1745 Αἰγυπτίοις

2477 1764 2986 1834 θαυμαστωθέντων
3027 1769 3204 1838 βίϐλοι
3237 1774 3333 1824 καὶ
3369 1775 3634 1841 μυστικαὶ
3682 1776 3904 1827 τελεταὶ
3941 1780 4054 1836 τιῖς

807 1867 990 1934 ἔργον,
1012 1863 1084 1925 ὼς
1119 1861 1182 1914 σύ
1215 1878 1273 1913 τε
1310 1854 1487 1925 οἶσθα,
1526 1858 1620 1910 καὶ
1643 1856 1726 1920 οἷς
1760 1857 1822 1909 σύ
1858 1875 1920 1924 γε
1957 1857 2016 1908 τὸ
2043 1854 2281 1908 τοιοῦτον
2317 1856 2372 1917 ές
2405 1873 2446 1928 Β
2477 1857 2666 1910 ἔπειτα
2694 1861 2906 1927 χρόνοις
2940 1862 3270 1930 παρέδοσαν,
3329 1865 3420 1916 καὶ
3455 1867 3554 1917 ὅσα
3615 1867 3837 1934 Δελφῶν
3901 1869 4026 1936 ὲδογ

804 1955 984 2010 κοινὸν
1017 1952 1332 2023 προύθηκας
1381 1949 1687 2016 ἑλλογίμοις
1718 1947 1975 2016 ἀνδράσιν
1998 1963 2010 1974 ·
2063 1945 2253 1998 ἔπειτα
2291 1940 2391 2005 οἷς

804 2049 971 2115 τῦφος
1003 2047 1098 2100 καὶ
1129 2042 1405 2114 λογισμῶν
1450 2040 1694 2108 ἀκοσμία
1725 2039 1824 2090 οὐκ
1864 2039 1920 2099 ἐς
1952 2039 2142 2105 καιρὸν
2172 2052 2372 2104 τυρανο

803 2143 885 2194 νεῖ
922 2140 1016 2208 τὴν
1043 2136 1304 2198 διάνοιαν,
1345 2134 1475 2200 ὃλην
1503 2149 1565 2199 γε
1609 2130 1714 2200 μὴν
1763 2131 1860 2198 τὴν
1899 2127 2092 2196 σοφίαν
2123 2128 2217 2179 ἐπὶ
2273 2128 2371 2195 τῆς

803 2232 1002 2301 ὀφρύος
1034 2230 1216 2297 έχουσι
1245 2226 1584 2294 καθημένην,
1617 2221 1711 2274 καὶ
1752 2221 1930 2274 πάντα
1973 2219 2134 2291 ρᾲδιά
2165 2237 2222 2271 τε
2263 2221 2356 2271 καὶ

804 2323 985 2392 κοῦφα
1033 2325 1154 2383 ταῖς
1201 2319 1309 2371 ἀπὸ
1354 2317 1601 2385 γλώττης
1655 2310 2009 2379 ἐπαγγελίαις
2063 2308 2365 2370 ποιοῦνται,

801 2408 860 2468 ἓν
882 2433 932 2468 τι
953 2414 1063 2466 τῶν
1085 2409 1440 2481 φαυλοτάτων
1468 2403 1934 2476 διαθρυλλεῖσθαι.
1980 2404 2172 2471 Ὅμως
2219 2403 2371 2453 ἐπει-

802 2509 976 2577 δήπερ
1007 2507 1041 2573 ἡ
1080 2503 1289 2574 μεγάλη
1332 2517 1426 2552 σου
1461 2498 1678 2566 γλῶττα
1716 2496 1811 2549 καὶ
1863 2495 2206 2563 πανταχόθεν
2246 2510 2372 2561 συγ-

802 2597 1122 2668 κεχωρηκὸς
1151 2593 1510 2664 καρπουμένη
1544 2589 1677 2660 πρὸς
1709 2588 1770 2640 τὸ
1817 2587 1994 2656 νικᾷν,
2032 2586 2095 2637 ἐκ
2132 2601 2185 2637 τι
2224 2584 2370 2652 φιλο-

803 2692 968 2759 σόφου
995 2686 1258 2749 διανοίας,
1295 2683 1356 2736 ἔκ
1378 2700 1437 2735 τε
1466 2679 1685 2741 πειθοῦς
1709 2681 2005 2748 ῥητορικῆς
2048 2677 2348 2746 ὁρμωμένη

801 2783 872 2835 τά
895 2791 955 2833 τι
983 2778 1120 2834 ἄλλα
1143 2775 1415 2847 προφέρει
1437 2775 1570 2842 ἡμῖν
1598 2773 1674 2835 είς
1707 2769 1900 2836 πειθὼ,
1934 2771 2028 2822 καὶ
2055 2769 2136 2821 ὅτι
2164 2769 2365 2834 στομά-

799 2943 987 2999 nescio
1027 2953 1137 3011 quo
1165 2937 1326 2994 modo
1354 2937 1497 3007 apud
1535 2950 1634 2990 nos
1658 2934 1828 2989 Grazci
1862 2941 2018 2986 aetate
2050 2946 2113 2985 ac
2156 2931 2368 2986 viribus

800 3035 1022 3098 ﬂorent,
1047 3031 1205 3085 vides
1232 3028 1454 3099 quidem
1476 3042 1686 3088 omnes,
1716 3037 1976 3080 caeterum
2009 3025 2324 3093 asperneris
2350 3045 2363 3081 :

2483 1950 2719 2018 μάτισαν
2757 1953 3024 2021 θεολόγοι,
3056 1956 3175 2007 οὐδὲ
3201 1957 3407 2009 τούτων
3437 1958 3723 2021 ἀτέλεστος
3767 1961 3989 2028 ἔμεινεν
4029 1966 4054 2015 ὁ

2479 2043 2638 2109 ἀνὴρ.
2680 2041 2841 2094 Ἀλλά
2872 2044 3041 2096 ταῦτά
3063 2063 3145 2109 τε,
3173 2048 3267 2098 καὶ
3303 2047 3400 2112 ξύν
3429 2065 3490 2115 γε
3511 2052 3742 2115 τούτοις,
3777 2053 3877 2103 ὅσα
3911 2053 4053 2104 ιιλάο

2478 2151 2643 2194 τωνες
2675 2134 2732 2199 ὲξ
2777 2133 3040 2204 Ἀθηνῶν,
3072 2138 3180 2189 κάκ
3210 2139 3390 2207 Σάμου
3430 2142 3744 2212 Πυθαγόραι
3788 2143 3921 2216 παρ’
3962 2146 4003 2194 Α
4029 2173 4053 2181 -

2478 2225 2735 2292 γυπτίους
2773 2229 3129 2296 φοιτήσαντες
3157 2229 3383 2296 ὤναντο,
3431 2234 3523 2284 καὶ
3564 2227 3719 2295 οὗτος
3773 2235 3918 2303 ἀνὴρ
3960 2236 4052 2284 aiio

2481 2313 2708 2385 ρώστως
2733 2319 2863 2387 περὶ
2916 2322 3013 2387 τὴν
3048 2321 3308 2389 τοιαύτην
3371 2322 3675 2393 ἐϐάκχευσε
3713 2325 4008 2392 τράπεζαν
4033 2342 4048 2357 ο

2478 2408 2712 2476 ἐμέλησε
2743 2410 2787 2460 δ’
2813 2410 3072 2479 αὐτῷκαὶ
3102 2414 3200 2465 ὅσα
3238 2415 3451 2484 γοήτων
3476 2417 3570 2468 καὶ
3624 2417 3818 2485 μάγων
3860 2420 4051 2486 ἐπιτη-

2476 2497 2722 2551 δεύουσιν
2752 2501 2963 2569 ίῦγγες,
2997 2504 3351 2574 ἐπιτηδεῦσαι
3399 2507 3499 2575 μὲν
3534 2506 3687 2559 οὔπω
3724 2509 3903 2561 ταῦτα
3927 2525 3940 2538 '
3991 2512 4052 2561 τὸ

2473 2589 2529 2642 δὲ
2563 2591 2690 2654 τοὺς
2749 2592 2960 2646 τούτων
3009 2596 3066 2648 ὲν
3123 2597 3457 2668 ἀπορρήτοις
3513 2599 3806 2667 κειμένους
3854 2600 4049 2666 λόγους

2472 2683 2663 2752 ἄκροις
2691 2684 2825 2735 ώσὶν
2863 2685 3132 2752 ἐπελθεῖν,
3194 2688 3353 2740 τοῦτο
3381 2690 3438 2742 δὲ
3476 2691 3571 2742 καὶ
3609 2692 3872 2760 μάλιστα.
3913 2693 4048 2745 υύδὲ

2473 2774 2581 2842 γὰρ
2607 2773 2765 2844 θέμις
2788 2776 2947 2846 ἀνδρί
2978 2795 3038 2845 γε
3073 2779 3223 2849 σοφῷ
3258 2782 3350 2834 καὶ
3382 2784 3671 2852 φιλομαοεῖ
3700 2785 3780 2845 είς
3804 2785 3866 2836 τὸ
3908 2796 4052 2853 παγ-

2476 2939 2697 3005 quidem
2729 2940 3011 3010 magniﬁca
3055 2952 3142 2996 tua
3182 2944 3359 3014 lingua
3386 2953 3442 2999 et
3499 2944 3646 2999 omni
3676 2962 3739 3000 ex
3800 2957 3956 3014 parte
3998 2948 4048 2999 id

2475 3029 2618 3097 quod
2649 3029 2701 3082 in
2727 3030 2978 3085 confesso
3012 3041 3094 3086 est.
3123 3034 3423 3103 decerpens
3463 3034 3717 3090 vincendi
3767 3039 3968 3106 gratia,
3997 3048 4052 3091 et

801 3128 1063 3193 deinceps
1091 3132 1146 3178 tu
1172 3122 1391 3191 quidem
1422 3120 1553 3172 mihi
1593 3117 1694 3170 soli
1747 3125 1964 3170 tuarum
2011 3119 2078 3169 ad
2144 3115 2372 3169 rationis
2397 3137 2439 3194 ο
2473 3135 2503 3173 e
2531 3129 2710 3174 mente
2741 3123 3022 3190 sapientia)
3070 3125 3336 3189 studiosa,
3367 3136 3421 3179 et
3455 3142 3520 3179 ex
3570 3126 3887 3181 artiﬁciosa:
3935 3130 4047 3182 clu-

802 3219 1073 3273 ealculum
1107 3214 1537 3271 reductarumac
1565 3208 1831 3278 sapientia
1860 3208 2188 3263 refertarum
2221 3222 2366 3277 qua:-

802 3315 1043 3366 stionum
1075 3320 1241 3361 onera
1267 3317 1540 3372 exponere
1567 3300 1708 3354 haud
1745 3300 1903 3354 valde
1928 3301 2159 3363 vereris,
2190 3312 2369 3367 neque

801 3404 903 3457 hac
929 3402 995 3456 de
1023 3415 1082 3454 re
1111 3397 1212 3451 tibi
1240 3395 1431 3464 religio
1469 3402 1574 3453 est.
1607 3403 1894 3462 propterea
1941 3385 2094 3460 quod
2160 3390 2366 3444 nullam

800 3496 854 3550 in
886 3493 1019 3561 ipsis
1057 3489 1267 3543 deseris
1307 3485 1665 3541 contentiosa:
1707 3483 2083 3538 meditationis
2139 3497 2366 3538 excu9a-

801 3587 1029 3640 tionem.
1054 3579 1248 3635 Metuis
1272 3586 1536 3648 quantum
1569 3575 1635 3629 ad
1665 3574 2006 3629 iracundiam
2049 3583 2250 3628 temere
2274 3589 2367 3626 ac-

799 3678 1001 3731 cedunt
1024 3672 1332 3743 querulos:
1384 3667 1694 3740 opiniones.
1719 3669 1938 3736 quando
1982 3665 2107 3733 quis
2153 3665 2367 3719 radices

800 3768 1106 3838 praecidens
1138 3779 1200 3817 ac
1225 3763 1443 3830 stirpes,
1473 3776 1564 3813 eas
1590 3758 1866 3826 abrumpit
1896 3764 1952 3810 et
1993 3771 2226 3809 mmrore
2251 3757 2364 3808 alli-

799 3865 871 3914 cit
897 3873 1018 3926 qua:
1048 3857 1371 3926 hymnorum
1395 3851 1628 3919 virgulta
1684 3851 1922 3916 erigunt.
1957 3845 2108 3899 llaud
2166 3846 2365 3914 quippe

796 3947 1104 4004 Alexandro
1139 3939 1375 4010 Philippi
1417 3939 1528 3991 lilio
1577 3939 1711 3990 citra
1744 3935 2003 3988 invidiam
2037 3942 2094 3985 ct
2143 3934 2365 3985 annula-

799 4044 1002 4096 tionem
1034 4036 1254 4098 mansit,
1288 4034 1536 4087 cernenti
1558 4028 1864 4097 Philippum
1890 4026 2096 4078 crebris
2123 4024 2366 4076 victoriis

798 4151 855 4187 se
887 4139 1062 4201 ipsum
1098 4129 1392 4198 iactantem
1428 4139 1444 4176 :
1484 4122 1578 4175 sed
1626 4122 1771 4172 cnim
1833 4119 2074 4170 animum
2132 4118 2364 4184 despon-

798 4225 998 4288 tleudo,
1019 4218 1338 4276 bacchicum
1364 4213 1652 4284 quemdam
1684 4225 1987 4264 sermonem
2015 4209 2190 4262 l‘ertur
2219 4207 2362 4275 apud

799 4323 1101 4369 coaetaneos
1131 4308 1389 4372 edidisse,
1420 4314 1475 4358 et
1514 4313 1575 4356 ut
1607 4305 1677 4354 ita
1707 4300 1882 4352 dicam
1913 4299 2097 4352 lurore
2124 4299 2364 4350 numinis

798 4409 1018 4474 plenum
1047 4423 1060 4455 :
1095 4409 1263 4464 metu,
1296 4413 1365 4451 ne
1384 4412 1504 4450 cum
1528 4395 1708 4448 omnia
1735 4403 2165 4463 prazoccupasset
2185 4401 2359 4458 pater,

2471 3212 2706 3280 quentia:
2735 3214 2920 3282 lepore
2954 3217 3214 3284 impetum
3247 3231 3489 3284 sumens,
3519 3228 3574 3272 et
3601 3219 3703 3271 alia
3750 3219 3916 3273 nobis
3957 3221 4049 3272 ad-

2470 3301 2624 3356 ducit
2689 3304 2756 3357 ad
2809 3306 3111 3361 faciendam
3163 3308 3355 3363 ﬁdem:
3410 3319 3465 3363 et
3515 3309 3643 3378 quia
3701 3326 3811 3364 non
3867 3326 4049 3380 operm

2469 3397 2702 3464 pretium
2728 3406 2828 3456 est.
2861 3408 2920 3451 ut
2941 3402 3222 3469 sapientia:
3244 3403 3478 3471 cupidus
3497 3402 3718 3456 auditus
3745 3403 3861 3458 oris
3894 3407 4049 3467 impii

2469 3486 2734 3541 rationem
2796 3489 3014 3556 habeat,
3075 3495 3158 3546 eia
3213 3502 3358 3546 tuam
3419 3494 3588 3546 veluti
3641 3496 4044 3564 comprehcusu

2468 3577 2684 3632 facilem
2715 3583 3106 3639 concludamus
3162 3586 3610 3653 postulationem,
3640 3597 3697 3640 et
3724 3588 3962 3640 aliorum
3998 3601 4050 3639 te

2469 3668 2891 3736 interveniente,
2916 3676 3118 3743 quibus
3151 3687 3203 3730 te
3228 3677 3562 3745 amplissima
3596 3677 4044 3732 condonatui‘um

2468 3761 2572 3815 hoc
2605 3763 2766 3815 unico
2793 3765 2956 3819 modo
2982 3767 3275 3834 polliceris.

2539 3850 2805 3905 Omnibus
2835 3853 3058 3920 quidem
3086 3866 3233 3909 certe
3260 3857 3376 3909 sine
3406 3857 3573 3912 dubio
3596 3857 3908 3912 confessum
3940 3870 4047 3922 c~t.

2467 3941 2668 4008 quibus
2692 3943 2852 3995 etiam
2887 3959 3213 4013 quocunque
3243 3947 3405 3998 modo
3434 3947 3590 3998 adest
3611 3949 4044 4000 οοιιιιιιυηὶοιιιυ

2470 4035 2667 4086 mentis
2709 4033 3026 4088 etscientia:
3075 4035 3284 4104 judicio
3332 4035 3609 4102 pollentis,
3661 4051 3768 4087 non
3824 4036 4042 4088 unicam

2467 4121 2761 4190 quamdam
2811 4122 3093 4191 sapientia:
3163 4123 3401 4191 speciem
3451 4137 3704 4192 magnum
3751 4123 4041 4192 Synesium

2465 4214 2799 4279 exercuisse,
2832 4223 2888 4267 at
2909 4214 3109 4266 nullam
3141 4229 3281 4274 esse,
3317 4229 3478 4282 quam
3511 4230 3617 4265 non
3641 4224 3925 4266 assecutus
3948 4225 4042 4274 sn,

2467 4303 2706 4372 liuicque
2754 4308 2829 4356 rei
2873 4304 3182 4355 mortalium
3232 4305 3502 4355 nemiuem
3566 4304 4040 4356 contradictmum

2466 4395 2679 4462 opinor.
2705 4392 2892 4460 Neque
2918 4395 3062 4446 enim
3085 4394 3258 4445 solum
3284 4403 3484 4460 quanta
3510 4406 3594 4447 est
3619 4398 3737 4460 eius
3761 4397 3810 4443 in
3847 4394 4042 4446 Gneeo

800 4500 998 4552 nullam
1026 4494 1128 4548 sibi
1160 4490 1560 4559 triumphorum
1594 4501 1780 4539 ansam
1819 4495 1875 4538 et
1906 4485 2243 4537 occasionem
2280 4497 2360 4533 re-
2395 4507 2436 4561 ι)
2467 4497 2716 4536 sermone
2746 4483 2944 4535 coloris
2978 4483 3323 4545 varietas,ad
3359 4485 3601 4553 cujusvis
3637 4484 4039 4537 excellentissi-

797 4592 1065 4659 quuisset.
1096 4584 1336 4639 Plurima
1364 4583 1583 4634 silentio
1609 4577 1984 4647 pra-termitto.
2015 4575 2116 4628 Sed
2139 4585 2364 4642 propter

798 4692 1137 4733 mensionem
1171 4687 1333 4743 quam
1372 4685 1517 4723 nunc
1553 4683 1742 4720 rursus
1773 4665 2183 4733 exprompsisti,
2219 4663 2364 4714 vole-

798 4782 918 4825 bam
953 4772 1090 4838 ipse,
1126 4769 1223 4819 hac
1257 4763 1543 4816 ambitiosa
1580 4758 1934 4812 contentione
1975 4765 2361 4823 prwlcrlll15:a|,

799 4880 860 4917 ex
896 4862 1065 4915 animi
1092 4856 1449 4912 meiarbitrio
1507 4850 1766 4920 temporis
1809 4848 2101 4919 oppOituni
2151 4861 2362 4899 necnon

798 4962 1024 5007 lin-tunae
1053 4967 1184 5004 mea:
1219 4948 1464 5017 proditor
1490 4960 1630 4998 esse.
1672 4944 1846 4997 Grave
1876 4941 2022 4994 enim
2047 4947 2131 4992 est
2155 4948 2210 4990 et
2243 4952 2362 4989 mo-

795 5050 1014 5106 lestum,
1042 5058 1158 5096 esse
1186 5041 1406 5108 quidem
1464 5037 1824 5091 certaminum
1880 5047 1987 5086 non
2040 5029 2360 5100 ignobilium

795 5153 954 5206 opus,
997 5132 1454 5203 quemadmodum
1487 5138 1545 5182 tu
1572 5129 1738 5203 nosti,
1773 5134 1827 5180 et
1876 5123 2201 5194 quibusdam
2251 5122 2363 5174 cle-

797 5229 1046 5295 gautibus
1076 5224 1210 5277 viris
1239 5224 1343 5278 tale
1375 5223 1431 5275 in
1487 5220 1725 5273 medium
1783 5215 2134 5286 proposuisti.
2167 5213 2360 5266 Postea

796 5319 940 5386 apud
993 5331 1131 5387 quos
1193 5315 1370 5368 fastus
1421 5311 1891 5382 etcogitationum
1935 5305 2233 5376 petulantia
2282 5305 2363 5356 in-

798 5409 1118 5476 teuipcstive
1148 5409 1200 5459 in
1237 5405 1644 5475 intelligentiam
1673 5400 2012 5472 tyrannidem
2042 5398 2273 5460 obtinet,
2326 5396 2359 5448 ii

797 5513 964 5556 letam
1008 5500 1193 5568 utique
1229 5499 1550 5567 sapientiam
1587 5496 1640 5548 in
1706 5491 1996 5562 supercilio
2042 5489 2360 5542 collocatam

794 5595 1021 5658 habent,
1047 5601 1101 5645 et
1143 5590 1321 5644 omnia
1357 5588 1532 5643 facilia
1558 5597 1718 5656 atque
1745 5584 1995 5655 expedita
2020 5583 2216 5650 lingua:
2269 5597 2364 5634 vos

794 5686 1065 5738 lublitate
1127 5691 1182 5735 et
1241 5677 1725 5749 pollicitationibus
1783 5678 2007 5738 faciunt,
2078 5673 2360 5740 quidpiam

798 5796 1029 5834 maxime
1055 5777 1287 5842 ignobile
1333 5774 1681 5842 divulgando.
1724 5770 2088 5824 Nihilominus
2114 5772 2358 5836 quando-

2465 4592 2612 4628 muin
2677 4581 2944 4630 lautorem
3019 4578 3462 4630 constituendum
3540 4587 3594 4629 et
3644 4577 4040 4635 exhzbeudum,

2465 4685 2653 4721 Verum
2694 4669 2857 4734 etiam
2893 4669 3135 4720 omnium
3167 4669 3586 4721 Chaldaicorum
3647 4668 4038 4735 mysteriorum

2465 4762 2724 4812 sodalem.
2770 4760 2834 4812 Et
2857 4775 3204 4828 qua-cunque
3240 4775 3431 4812 rursus
3462 4774 3492 4811 a
3523 4773 3693 4811 sacris
3753 4758 4040 4824 scriptori-

2467 4851 2570 4904 bus
2611 4851 2805 4918 priscis
2838 4852 2979 4920 apud
3009 4850 3296 4920 Algypiios
3329 4850 3397 4904 de
3425 4850 3588 4903 rebus
3624 4848 4043 4900 admirabilibu

2463 4941 2590 4994 libri
2622 4957 2684 4995 ac
2711 4943 2952 5011 mystica:
2980 4943 3318 4996 czeremonia:
3338 4939 3804 5009 subsequentibus
3827 4950 4011 5006 tempe

2463 5030 2614 5083 ribus
2653 5031 3014 5094 tradiderunt,
3057 5040 3112 5085 ct
3139 5047 3480 5100 quaecunque
3507 5032 3757 5098 dogmata
3799 5029 4041 5095 Delpho—

2466 5139 2584 5176 rum
2627 5123 2862 5191 tliCOlOgi
2903 5125 3378 5190 pratscripseruut,
3416 5136 3592 5188 neque
3635 5129 3898 5170 reminsit
3937 5121 4043 5178 vii,

2462 5217 2592 5284 quin
2621 5215 2704 5266 his
2733 5213 2980 5265 initiatus
3010 5224 3172 5265 esset.
3207 5211 3399 5263 Verum
3424 5223 3475 5262 et
3511 5211 3623 5262 h.ec
3663 5212 3803 5277 ipsa,
3831 5224 3885 5262 et
3913 5227 4038 5262 eum

2463 5307 2617 5374 ipsis,
2654 5318 2995 5373 quacunque
3024 5304 3174 5355 Plato
3217 5305 3284 5356 ab
3323 5291 3470 5355 'urbe
3524 5304 3866 5361 Atheniensi.
3899 5314 3957 5354 et
4014 5322 4040 5351 ιτ

2464 5398 2625 5451 Samo
2655 5399 2984 5467 Pythagoras
3014 5397 3080 5449 ad
3108 5396 3393 5465 AEgyptios
3424 5395 3670 5447 discendi
3701 5394 3878 5463 gratia
3903 5409 4036 5443 ven-

2463 5491 2684 5542 tilantes
2711 5490 2945 5541 assecuti
2973 5501 3100 5540 sunt
3129 5503 3144 5552 ;
3170 5491 3332 5538 etiam
3386 5489 3471 5540 ille
3517 5489 3592 5537 vir
3625 5488 3844 5537 fortiter
3891 5485 4038 5535 circa

2465 5583 2622 5634 talem
2681 5581 3047 5633 debacchatus
3085 5589 3168 5633 est
3218 5597 3480 5632 mensam.
3512 5581 3612 5646 lisi
3673 5597 3837 5647 porro
3891 5594 4039 5631 cura:

2462 5675 2564 5728 fuit
2593 5690 2752 5727 nosse
2780 5673 2983 5736 oninia,
3014 5688 3132 5741 qua:
3167 5662 3623 5742 prwstigiazorniu
3663 5687 3711 5724 et
3755 5689 4038 5739 magorum

2466 5782 2621 5819 ieees
2650 5767 3031 5827 instituerunt,
3069 5780 3347 5833 nunquam
3379 5779 3555 5820 tamen
3610 5767 3710 5818 i.~la
3766 5780 4035 5818 carri-ua.
