4262 6362
753 421 860 486 527

1953 421 2382 482 NICEPHORI
2423 421 2735 482 GREGOR
2752 420 2813 479 )E

3909 417 4016 478 {es

751 544 1024 605 κρείττονι
1051 535 1145 604 τῆς
1182 535 1386 604 Λιϐύης
1420 533 1862 602 ἐνδιαιτώμενος,
1899 534 2186 605 πόρῤωθεν
2221 533 2320 601 μέν
2353 539 2392 593 Α
2425 534 2682 603 φέρονται
2718 534 2829 595 τοῖς
2863 533 3065 594 αὐτοῖς,
3101 533 3215 584 ἀλλ’
3241 533 3312 592 ὡς
3346 533 3568 583 ἕκαστοι
3613 530 3829 597 τύχοιεν
3875 529 4018 592 γνὼο

749 628 1028 697 ὡμίλησεν
1057 630 1171 680 ὅσοι
1201 629 1365 688 Στοᾶς
1400 627 1492 676 καὶ
1529 626 1861 694 Ἀκαδημίας
1886 621 2024 694 ἦσαν
2045 623 2322 693 όμιληταί·

750 722 915 783 αὑτός
947 738 1012 788 γε
1038 720 1145 789 μὴν
1171 722 1229 772 οὐ
1269 720 1376 788 μήν
1409 736 1496 769 πω
1535 719 1806 788 αὐτήκοος
1865 717 2073 769 τούτων
2130 716 2328 786 ὁμιλη-

751 815 851 882 τὴς
883 815 1150 881 ἐγεγόνει,
1183 815 1277 865 καὶ
1297 810 1385 863 διὰ
1423 810 1581 863 τοῦτο
1612 809 1801 880 ῶσπερ
1833 811 1929 870 τὰς
1959 808 2057 877 μὲν
2108 807 2330 870 ἐδέξατο

751 903 864 956 τῶν
895 907 1107 957 ἐκεῖθεν
1163 903 1356 968 δοξῶν,
1406 904 1502 962 τὰς
1538 903 1581 955 δ’
1648 903 1998 969 ἀπηνήνατοο
2033 899 2176 952 οὕτω
2237 901 2330 952 καὶ

751 999 850 1059 τὰς
886 996 988 1065 μὲν
1018 996 1263 1063 ἐζήλωσε
1296 996 1405 1049 τῶν
1437 995 1649 1047 ἐκεῖθεν
1697 994 1985 1061 γλωσσῶν,
2020 995 2119 1056 τὰς
2149 993 2194 1045 δ’
2243 992 2327 1047 οὗ.

754 1088 921 1144 ’Ὸθεν
972 1087 1448 1156 αὑτοκρατορικῆς
1499 1099 1558 1137 τε
1622 1083 1721 1135 καὶ
1783 1082 2120 1152 ἡγεμονικῆς
2183 1098 2330 1143 τινος

752 1179 970 1249 ἐξουσία
1001 1181 1211 1249 φύσεως
1242 1176 1550 1247 χρώμενος,
1590 1174 1690 1246 τὴν
1712 1174 1924 1228 οἰκείαν
1958 1172 2200 1238 ἐδάδισε,
2242 1190 2329 1240 μι-

751 1273 858 1341 κρὰ
921 1272 1031 1323 τῶν
1076 1269 1512 1338 ἐντυγχανόντων
1567 1265 1891 1337 φροντίζων.
1962 1265 2023 1317 Ei
2059 1263 2190 1332 γοῦν
2246 1279 2329 1324 τις

751 1364 904 1416 τουτὶ
930 1362 1209 1430 δήπουθεν
1260 1362 1435 1414 αἴτιον
1467 1356 1604 1413 εἶναι
1639 1359 1755 1427 θείη
1807 1357 1902 1410 καὶ
1928 1356 2020 1408 τοῦ
2070 1355 2160 1407 τὸν
2193 1370 2330 1422 παρ-

751 1456 883 1508 όντα
935 1453 1095 1521 λόγον
1124 1437 1479 1507 δυσείκαστον
1522 1443 1808 1518 γίγνεσθαι
1871 1447 1950 1516 τῷ
2003 1463 2065 1515 γε
2119 1444 2329 1498 πλείονι

755 1547 934 1615 μέρει,
973 1546 1067 1598 καὶ
1106 1539 1218 1596 οἷον
1244 1541 1644 1611 αἰνιγματώδη,
1674 1541 1734 1593 οὐ
1767 1539 1956 1608 πόῤῥω
2010 1555 2112 1590 που
2147 1537 2327 1608 τρέχει

752 1640 817 1692 ἂν
848 1637 943 1689 τοῦ
983 1636 1379 1704 προσήκοντος.
1413 1631 1558 1694 Νοῦς
1586 1631 1696 1701 γὰρ
1723 1629 1866 1682 οὕτω
1907 1646 1990 1681 τοι
2036 1626 2323 1697 ἐμϐριθὴς,

754 1731 848 1781 καὶ
869 1728 1050 1794 πάσης
1081 1724 1392 1794 μαθήσεως·
1423 1725 1521 1776 καὶ
1578 1721 1772 1790 σοφίας
1815 1719 2178 1790 συμφόρημα,
2216 1734 2329 1769 τοι-

752 1820 891 1889 αύτῃ
944 1817 1160 1887 γλώττῃ
1215 1815 1594 1884 συωφανθεὶς,
1647 1813 1848 1882 πολλὴν
1911 1813 1979 1866 ἂν
2038 1811 2326 1878 ἐπενέγκοι

2440 627 2605 694 μηςῆ
2651 627 2918 688 συνέσεως
2957 626 3211 694 ἔχοντεςο
3255 629 3304 677 οἱ
3333 629 3433 693 μὲν
3489 624 3871 693 ἀκαπήλευτον
3929 624 4022 690 ἕρ-

2431 735 2618 787 χονται
2652 720 2913 787 φέροντες
2954 721 3161 788 κρίσιν,
3203 721 3252 771 οί
3285 721 3340 770 δὲ
3393 720 3532 771 πάνυ
3585 736 3668 771 τοι
3729 717 4022 786 μοχθηρὰν

2435 809 2525 860 καὶ
2575 810 2841 862 νοσοῦσαν
2910 810 2978 863 τὰ
3041 812 3249 879 καίρια,
3289 813 3336 862 oi
3377 809 3422 861 δ’
3473 810 3860 881 ἡμιμόχθηρον
3925 810 4024 860 καὶ

2433 904 2567 970 προς
2611 902 2851 967 ἑκάτερα
2888 903 3186 970 ῥέπουσαν.
3224 897 3336 954 Καὶ
3365 900 3486 961 δέος
3545 901 3622 970 μή
3689 899 4022 966 παραφθέγ-

2388 1005 2392 1008 ’
2435 993 2591 1064 ξηταί
2616 1011 2697 1056 τις
2735 993 2846 1046 τῶν
2873 993 2973 1046 εἷθ’
3009 993 3205 1056 οὕτως,
3226 991 3336 1045 ἐἰτ’
3366 994 3592 1053 ἐκείνως
3635 994 3895 1060 ἐχόντων,
3923 995 4024 1044 καὶ

2433 1086 2843 1156 προστρίψηται
2899 1086 3060 1157 δόξης
3110 1087 3210 1138 οὐκ
3267 1085 3480 1152 ἀγαθῆς
3537 1085 3669 1153 ήμῖν
3721 1085 4020 1152 ἔγκλημα·

2431 1178 2667 1231 κᾶπειτα
2697 1179 2943 1245 γλῶσσαι
2975 1178 3382 1247 μετειληςρνυῖαι,
3419 1175 3757 1244 φαυλότεραί
3807 1192 3868 1226 τε
3925 1177 4026 1226 καὶ

2433 1270 2569 1339 πρὸς
2605 1270 2804 1322 κακίαν
2832 1269 3127 1339 ὀξύρροποι
3159 1268 3627 1326 διακωδωνίσωτι,
3686 1269 3780 1318 καὶ
3841 1267 4017 1334 μηδὲν

2433 1363 2591 1430 ἡμεῖς
2628 1360 2986 1429 ἀδικήσαντες
3034 1359 3404 1428 κομισώμεθα
3447 1358 3711 1428 βραϐεῖον
3769 1358 4029 1426 πονηρὸν

2433 1453 2529 1503 καὶ
2561 1451 2827 1521 πολέμιον
2858 1450 2950 1502 τοῦ
2972 1450 3139 1503 καλοῦ
3166 1451 3322 1502 τοῦδε
3348 1451 3795 1516 σπουδάσματος.
3823 1451 4024 1517 Ὀμως

2431 1543 2594 1610 ήμεῖς
2635 1542 2754 1592 κατ’
2811 1541 3075 1603 ἐκείνους,
3125 1541 3174 1594 οἳ
3231 1541 3329 1607 τὴν
3399 1541 3578 1593 Ἰνδῶν
3641 1540 3732 1591 καὶ
3788 1541 4029 1608 Περσῶν

2435 1633 2839 1702 μεταφέροντες
2872 1631 3121 1701 γνώμην,
3170 1633 3267 1686 καὶ
3295 1631 3547 1700 γλῶσσαν
3597 1633 3652 1694 ἐς
3703 1633 3864 1702 τήνδε
3905 1635 4011 1701 τὴν

2430 1726 2710 1794 ἡμετέραν
2738 1724 2911 1793 ἀκοήν
2957 1725 3048 1776 καὶ
3081 1723 3287 1793 φωνήν,
3346 1723 3671 1793 ἀνέγκλητοι
3731 1724 3962 1790 μένουσι
3995 1739 4008 1753 ·

2431 1818 2526 1869 τὸν
2553 1817 2715 1869 αὐτόν
2763 1831 2826 1883 γε
2861 1814 3066 1885 τρόπον
3125 1816 3222 1867 καὶ
3274 1817 3440 1884 ἡμεῖς
3503 1813 3805 1882 ἀλλόφυλον
3857 1813 4024 1878 δόξαν

753 1913 928 1964 νύκτα
957 1926 1015 1961 τε
1051 1910 1146 1961 καὶ
1185 1909 1525 1977 κατήφειαν,
1553 1905 1605 1958 εἴ
1631 1915 1714 1969 τις
1761 1906 2095 1975 φιλοκρινείν
2125 1903 2216 1954 τὸν
2248 1902 2330 1953 εν-
2362 1876 2406 1935 Β
2436 1876 2936 1972 διαλευκαίνοντεξ,
2959 1907 3051 1958 καὶ
3078 1907 3218 1976 πρὸς
3258 1876 3606 1976 gagatem,
3643 1876 4029 1975 διαπθρθμξύ..

754 2004 848 2057 δον
896 2002 1346 2071 θαλαμευόμενον
1388 1998 1668 2067 ἐθελήσειε
1734 1995 1901 2050 νοῦν
1960 1995 2036 2058 ὡς
2089 1993 2337 2061 ἀνάγκην

757 2091 899 2147 εῖναι
930 2093 1038 2163 ὅτῳ
1065 2092 1279 2144 τουτονὶ
1337 2089 1476 2160 πρὸς
1513 2089 1824 2158 βουλήσεως
1871 2087 1937 2141 ἂν
1971 2082 2006 2159 ᾗ
2035 2086 2128 2138 τὸν
2180 2085 2338 2152 λόγον

757 2186 1100 2255 ἐξηγεῖσθαι,
1148 2185 1224 2254 μή
1287 2183 1450 2253 μόνον
1481 2179 1972 2252 προμετεσχηκότα
2024 2178 2119 2230 καὶ
2175 2177 2339 2230 αὑτὸν

756 2281 1053 2350 τυγχάνειν
1076 2273 1150 2330 ὧν
1179 2277 1400 2331 πάντων
1424 2274 1465 2329 ὃ.
1488 2274 1747 2338 διέξεισιν
1771 2275 1979 2334 ἐκεῖνος
2007 2271 2203 2340 ἡρανίσ
2216 2285 2334 2331 ατο,

758 2373 894 2438 ἀλλὰ
923 2373 1021 2424 καὶ
1077 2367 1668 2440 μετασχηματίζεσθαι
1716 2365 1975 2418 δύνασθαι
2027 2364 2164 2432 πρὸς
2202 2379 2340 2414 παν-

760 2466 907 2526 τοίας
939 2463 1120 2526 δόξας,
1145 2462 1242 2513 καὶ
1265 2461 1336 2512 τὰ
1364 2458 1594 2512 πλεῖστα
1642 2458 1742 2526 τῆς
1808 2457 2089 2525 ἡμετέρας
2145 2469 2340 2520 στερο-

763 2558 988 2621 φύλους,
1022 2555 1118 2606 καὶ
1147 2553 1313 2606 οἱονεὶ
1348 2548 1938 2621 μεταχρωματίζεσθαι
2000 2548 2135 2616 πρῗς
2181 2543 2336 2608 ἐξαλο

764 2648 1026 2700 λάττοντα
1054 2642 1342 2712 χρώματα,
1370 2643 1514 2694 κατά
1556 2639 1646 2691 τὸν
1677 2639 1878 2708 Φάριον
1937 2637 2151 2688 ἐκεῖνον
2180 2635 2335 2702 Πρωι

763 2737 881 2792 τέο.
912 2735 990 2792 05
1013 2737 1122 2805 γὰρ
1149 2734 1259 2787 ἀπὸ
1287 2735 1383 2803 τῆς
1412 2731 1585 2799 αὐτῆς
1621 2732 1862 2791 ἆπαντες
1893 2729 2119 2797 γνώμης
2154 2741 2334 2795 προσ-

769 2911 944 2953 rosam
975 2904 1058 2951 est
1079 2894 1301 2950 aculeus
1332 2902 1427 2946 aut
1460 2890 1639 2960 Spina.
1673 2890 1826 2946 Solet
1892 2890 2039 2943 enim
2073 2885 2342 2947 homines,

768 2995 860 3061 qui
917 2992 1206 3046 distinctos
1245 2989 1396 3041 locos
1452 2984 1722 3046 incolunt,
1778 2979 2070 3049 peculiaris
2116 2977 2345 3030 mutatio

768 3087 1052 3153 cujusdam
1105 3077 1521 3135 consuetudinis
1577 3075 1740 3129 simul
1803 3084 1860 3127 et
1921 3073 2145 3140 linguae,
2199 3067 2344 3123 haud

767 3190 928 3230 secus
955 3183 1119 3242 atque
1138 3171 1357 3240 quidam
1384 3169 1580 3221 insitus
1608 3164 1777 3218 animi
1795 3162 2048 3228 aﬂ‘ectus,
2067 3159 2344 3224 comitari,

769 3276 823 3318 ct
856 3265 1006 3320 illinc
1038 3263 1192 3317 oriri.
1227 3264 1301 3314 Ac
1331 3260 1372 3314 si
1403 3257 1655 3327 quaedam
1684 3257 1846 3310 istinc
1873 3254 1940 3308 ad
1967 3252 2216 3307 auditum
2251 3252 2347 3307 At-

773 3357 878 3410 tico
912 3367 1162 3410 sermone
1196 3350 1487 3405 deiinitum
1519 3345 1769 3416 pervenit
1815 3343 2224 3408 commentatio,
2250 3357 2346 3397 cu-

766 3445 982 3518 jusdam
1019 3444 1143 3498 talis
1176 3441 1393 3510 generis
1427 3438 1646 3493 dicendi
1702 3451 1852 3491 mare
1884 3435 1992 3490 sibi
2021 3435 2250 3488 attrahit
2293 3442 2349 3488 et

771 3537 1009 3592 asciscit.
1041 3535 1176 3590 Nam
1215 3531 1540 3587 Ptolemaidi
1590 3538 1648 3584 et
1679 3527 2020 3582 Alexandriae
2065 3535 2122 3580 et
2162 3528 2212 3578 in
2263 3540 2351 3579 su-

774 3628 975 3699 periori
1010 3637 1167 3694 parte
1197 3624 1381 3695 Libya:
1413 3638 1656 3683 versans,
1690 3636 1721 3674 e
1767 3618 2068 3688 longinqua
2121 3616 2348 3685 regione

773 3719 1227 3775 consuetudinem
1255 3717 1444 3769 habuit
1469 3730 1592 3767 cum
1643 3712 1772 3775 illis,
1800 3711 2117 3780 quicunque
2153 3707 2352 3763 Stoica

777 3812 993 3865 tinniliaa
1013 3819 1069 3864 et
1084 3808 1421 3864 Academicae
1445 3812 1744 3860 sectatores
1757 3817 1820 3856 ac
1833 3801 2085 3871 discipuli
2108 3801 2351 3853 luerunt.

777 3904 934 3959 [laud
965 3913 1143 3957 tamen
1171 3901 1286 3955 suis
1307 3899 1517 3968 legibus
1542 3897 1732 3949 vivens
1761 3894 1958 3947 borum
1984 3892 2352 3946 contuberna-

780 4002 843 4050 les
875 3996 1099 4057 fuit;et
1127 3993 1198 4046 ob
1235 3993 1284 4044 ἰιΙ
1329 3991 1480 4042 illinc
1522 3986 1813 4039 nonnullas
1867 3984 2021 4053 quasi
2065 3984 2355 4052 Opiniones

777 4087 1018 4148 admisit,
1043 4084 1179 4137 alias
1226 4092 1406 4136 autem
1457 4076 1785 4146 repudiavit.
1828 4073 1983 4127 Hunc
2034 4075 2087 4129 in
2132 4073 2352 4125 modum

781 4183 876 4232 has
904 4178 1125 4247 quidem
1154 4171 1413 4241 loquendi
1451 4171 1688 4222 rationes
1721 4165 1847 4219 inde
1886 4165 2157 4234 profecms
2187 4178 2356 4216 aemu-

780 4276 922 4326 latus
961 4281 1067 4333 est,
1102 4268 1238 4322 alias
1277 4281 1407 4318 vcro
1452 4262 1698 4314 minime.
1742 4247 1975 4325 Ideoque
2022 4265 2278 4324 augusta‘
2303 4263 2358 4306 et

782 4358 1381 4435 impcratoriaquadam
1417 4365 1627 4407 natura:
1657 4350 1875 4403 licentia
1905 4359 2083 4413 utens,
2116 4364 2144 4400 a
2165 4347 2358 4414 patriis

783 4455 986 4508 laribus
1010 4449 1318 4519 emigravit,
1353 4445 1605 4512 exiguam
1629 4441 1894 4493 rationem
1928 4437 2135 4489 habens
2156 4436 2221 4487 de
2248 4435 2355 4498 his,

2437 2018 2590 2063 οντες
2641 1999 2832 2070 ἀκοὴν,
2873 1998 3119 2067 λήσομεν
3175 1997 3398 2060 πάντως
3430 1996 3762 2066 ἀνέγκλητοι
3801 1997 4029 2066 μείναν-

2438 2109 2550 2156 τες,
2583 2091 2713 2156 παρ’
2755 2090 2871 2143 ὅσοι
2902 2105 2963 2140 τε
2988 2089 3097 2140 τῶν
3124 2087 3441 2157 ἐλλογίμων
3477 2088 3606 2153 εἰσὶ,
3645 2089 3738 2140 καὶ
3787 2081 3866 2142 ὧν
3896 2089 4028 2156 ἣκι-

2442 2202 2541 2237 στα
2571 2183 2764 2251 φθόνος
2789 2181 3099 2251 ἐφεδρεύων
3139 2181 3384 2236 τινάττει
3415 2182 3512 2233 καὶ
3543 2182 3690 2251 κυκᾷ
3725 2181 3827 2250 τὴν
3891 2181 4029 2247 γνὼ-

2443 2295 2571 2348 μην.
2599 2276 2850 2330 Κᾶπειτα
2883 2274 2977 2328 καὶ
3011 2274 3250 2338 πλείους,
3289 2269 3466 2342 οἴμαι,
3519 2274 3609 2327 ἀεὶ
3659 2274 3769 2327 τῶν
3804 2274 4009 2342 φθονη-

2443 2371 2646 2422 σόντων
2675 2368 2914 2428 ἔσονται,
2943 2361 3025 2428 οἷς
3061 2366 3324 2436 χρειῶδες
3356 2365 3416 2418 τὸ
3443 2366 3679 2434 πρᾶγμα
3724 2368 3985 2434 φανεῖται
4009 2383 4023 2397 ·

2440 2459 2514 2518 ῶν
2539 2463 2603 2533 δὴ
2633 2462 2702 2515 τὰ
2747 2460 3005 2531 βέλτιστα
3035 2457 3336 2528 προθύμως
3385 2458 3805 2527 συνευχομένων
3863 2460 4018 2528 ἡμῖν,

2444 2559 2574 2625 ἡμῖν
2611 2554 2714 2624 μὲν
2751 2553 2836 2623 εἴη
2863 2552 2960 2606 τοῦ
2987 2552 3151 2623 ἔργου
3191 2551 3387 2621 μισθόν
3411 2568 3532 2604 τινα
3562 2550 3743 2611 διδοὺς
3779 2553 3807 2603 ό
3843 2550 3978 2611 Θεὸς
4009 2565 4022 2578 ·

2441 2651 2555 2709 τοῖς
2575 2648 2634 2700 δέ
2668 2646 2963 2716 βασκάνοις
2995 2644 3190 2706 αὑταῖς
3235 2642 3562 2712 βασκανίαις
3603 2645 3802 2703 κακαῖς
3835 2642 4033 2704 κακῶς

2447 2735 2911 2789 συναπόλλυσθαι.

2446 2898 2758 2968 opiniones,
2787 2904 2843 2952 et
2897 2908 3275 2964 saepenumero
3327 2894 3538 2964 judicio
3591 2904 3795 2951 nostra:
3851 2896 4038 2963 gentis

2449 2990 2708 3059 privatas,
2745 3002 2809 3041 ac
2843 2985 3017 3040 veluti
3079 2984 3467 3054 transﬁgurare
3523 2985 3574 3038 in
3629 2985 4038 3053 degenerantes

2448 3083 2741 3150 variosque
2773 3080 3010 3141 colores,
3039 3077 3188 3131 haud
3246 3091 3408 3131 secus
3454 3085 3621 3144 atque
3665 3077 3900 3130 Pharius
3941 3079 4037 3130 ille

2451 3175 2706 3229 Proteus.
2764 3169 2884 3226 Non
2949 3169 3098 3225 enim
3155 3169 3309 3238 juxta
3372 3167 3622 3223 eamdem
3701 3169 4036 3222 sententiam

2451 3280 2645 3323 omnes
2673 3264 2756 3319 eis
2786 3270 3042 3326 utuntur,
3076 3262 3170 3316 sed
3214 3269 3274 3316 nt
3311 3260 3515 3330 singuli
3546 3260 3863 3330 opinionem
3922 3274 4040 3314 sor-

2452 3359 2537 3414 titi
2562 3365 2692 3411 sunt
2712 3364 2808 3410 aut
2857 3335 3350 3422 perspicientiam:
3388 3349 3450 3404 hi
3481 3351 3705 3420 quidem
3763 3351 4041 3406 accedunt

2451 3452 2725 3520 integrum
2757 3461 2821 3502 ac
2837 3446 3120 3501 sincerum
3145 3443 3443 3498 aﬂerentes
3462 3443 3755 3514 judicium,
3781 3444 3877 3497 alii
3905 3459 4042 3498 vero

2452 3540 2746 3596 admodum
2779 3538 3133 3609 ﬂagitiosum,
3163 3538 3366 3607 quippe
3398 3535 3544 3605 quod
3613 3536 3759 3589 circa
3799 3551 4040 3589 conson-

2456 3643 2613 3689 tanea
2640 3641 2696 3688 et
2728 3640 3039 3701 opportuna
3069 3630 3266 3684 insano
3319 3627 3506 3682 studio
3559 3635 3710 3680 errat
3738 3644 3754 3692 ;
3784 3627 4046 3680 nonnulli

2453 3741 2621 3796 porro
2639 3725 3038 3780 semivitiosum
3061 3731 3117 3778 et
3146 3722 3198 3775 in
3233 3731 3523 3789 utramque
3549 3728 3758 3788 partem
3784 3734 4038 3788 vergens

2453 3819 2565 3874 Nec
2599 3817 2724 3887 quis
2756 3831 2968 3879 eorum,
3020 3814 3113 3883 qui
3164 3815 3270 3868 hoc
3319 3813 3407 3866 vel
3469 3813 3562 3866 ill.)
3624 3812 3787 3864 modo
3851 3810 4044 3864 aﬂccti

2455 3920 2603 3971 sunt,
2636 3910 2890 3962 timorem
2921 3921 3206 3975 perperam
3233 3916 3289 3957 et
3321 3905 3650 3959 inconcinne
3683 3905 4042 3971 respondeat.

2456 4010 2514 4054 et
2545 4014 2644 4052 nos
2666 4007 2921 4068 aspergat
2949 3999 3179 4050 crnnine
3231 3995 3515 4063 atrocique
3545 3995 3736 4063 injuria
3775 3994 4047 4061 improba:

2457 4090 2751 4159 Opinionis,
2804 4101 2854 4142 et
2895 4097 3079 4157 postea
3115 4088 3314 4156 lingua:
3347 4087 3454 4142 sibi
3488 4088 3659 4141 multa
3693 4095 4049 4156 arrogantes,

2461 4179 2744 4251 ignobiles,
2771 4179 3021 4248 petulcaz.
3059 4189 3113 4231 et
3145 4178 3210 4231 ad
3240 4177 3570 4232 maleﬁcium
3602 4191 3893 4247 propensae
3937 4193 4050 4232 nos

2463 4281 2676 4324 tumore
2704 4269 2930 4323 sinistro
2959 4269 3103 4337 apud
3128 4269 3322 4337 vulgus
3356 4278 3591 4322 onerent
3621 4286 3633 4321 :
3666 4278 3720 4320 et
3753 4282 3854 4321 nos
3890 4268 4051 4322 nullo

2459 4356 2665 4410 scelere
2694 4355 2884 4423 polluti
2908 4356 3193 4423 praemium
3221 4355 3518 4410 infaustum
3543 4364 3599 4409 et
3626 4355 3829 4409 hostile
3850 4371 4050 4426 repor-

2463 4459 2642 4502 temus
2671 4447 2836 4517 hujus
2868 4447 3086 4500 honesti
3127 4456 3184 4499 et
3211 4449 3417 4516 egregii
3447 4448 3633 4502 studii.
3667 4448 4053 4504 Nihilominus

781 4559 1014 4615 quorum
1074 4537 1353 4596 communi
1416 4535 1688 4602 colloquio
1743 4531 2047 4584 fruebatur.
2111 4527 2253 4596 Ergo
2311 4525 2355 4579 si
2390 4548 2464 4608 υ.

2390 4548 2434 4608 ι)
2461 4552 2586 4590 cum
2612 4535 2720 4590 illis
2742 4536 2837 4604 qui
2875 4535 3133 4589 ludorum
3152 4534 3516 4588 etl’ersarum
3544 4534 3597 4587 in
3624 4536 3770 4588 hunc
3790 4543 4050 4588 nostrum

782 4637 1053 4705 quiSpiam
1111 4633 1252 4685 hanc
1309 4628 1498 4694 utique
1542 4637 1762 4677 causam
1818 4635 1937 4674 esse
1983 4617 2352 4681 constituerit,

785 4739 950 4795 atque
977 4722 1096 4792 ejus
1119 4728 1441 4789 praesentem
1470 4715 1775 4767 orationem
1807 4710 2057 4778 conjectu
2080 4708 2354 4761 diﬂicilcm

782 4834 902 4872 oSsc
937 4816 1127 4887 majori
1163 4828 1227 4865 ex
1260 4818 1434 4879 parte,
1469 4817 1525 4861 et
1558 4807 1704 4859 velut
1737 4803 2137 4872 mnigmaticant
2182 4811 2236 4854 et
2257 4801 2355 4853 ob-

783 4924 1023 4969 scuram,
1065 4921 1169 4959 non
1204 4901 1391 4972 procul
1421 4900 1487 4953 ab
1542 4914 1609 4952 eo
1638 4895 1785 4965 quod
1813 4894 2011 4948 decens
2040 4903 2094 4946 et
2123 4905 2356 4945 consen-

786 5013 1005 5054 taneum
1069 5005 1174 5058 est,
1217 4993 1389 5046 currit
1433 5000 1488 5044 et
1542 4988 1782 5040 aberrat.
1841 4985 1991 5037 Mens
2046 4982 2191 5036 enim
2247 4991 2356 5033 tam

785 5101 1004 5153 onusta,
1033 5096 1090 5142 et
1111 5083 1353 5154 cujusvis
1389 5080 1692 5149 disciplina:
1741 5093 1804 5130 ac
1832 5075 2112 5144 sapientia:
2141 5087 2357 5127 coacer-

791 5184 1084 5246 \atio,tam
1121 5173 1371 5230 uberanti
1406 5171 1672 5226 facundia:
1729 5176 2002 5228 contexta,
2028 5165 2248 5218 multam
2278 5165 2359 5215 in-

789 5275 912 5326 iniit
943 5282 1159 5326 noctem
1183 5280 1240 5323 ct
1263 5267 1563 5326 tristitiam,
1590 5263 1632 5316 si
1657 5263 1779 5332 quis
1801 5261 2020 5314 curiose
2050 5259 2358 5326 expendere

787 5379 1062 5419 mternnm
1100 5373 1154 5415 et
1213 5358 1662 5414 contubernalem
1711 5368 1933 5407 sensum
1996 5351 2148 5404 velit.
2186 5350 2354 5416 Quasi

790 5459 1156 5510 :mccssqrium
1190 5469 1311 5508 esse
1335 5454 1498 5505 liceat
1532 5451 1841 5516 cuicunque
1874 5447 2020 5499 hunc
2051 5448 2116 5498 ad
2161 5446 2358 5498 volun-

787 5551 915 5603 tatis
948 5560 999 5600 et
1030 5548 1111 5599 sui
1155 5544 1368 5598 consilii
1433 5543 1698 5594 rationem
1737 5539 2051 5608 explicare:
2089 5552 2193 5591 non
2233 5551 2357 5589 cum

786 5645 960 5695 solum
999 5641 1089 5707 qui
1117 5639 1268 5706 prius
1302 5635 1572 5704 particeps
1606 5633 1791 5693 fuerit,
1826 5641 2131 5699 compotem
2168 5646 2358 5682 eorum

789 5736 1028 5786 omnium
1071 5732 1184 5783 lit-ri
1225 5743 1344 5796 qua:
1376 5727 1650 5786 edisserit,
1686 5741 1748 5777 ac
1777 5726 1820 5777 si
1860 5725 1947 5777 ilic
1982 5723 2360 5775 emcndicave-

791 5822 898 5881 rit;
939 5838 1126 5874 Verum
1187 5821 1348 5874 etiam
1414 5817 1801 5872 traltsiorttiarc
1859 5829 2016 5884 posse
2069 5815 2133 5866 ad
2187 5817 2359 5867 tartas

2459 4629 2709 4683 auditum
2739 4638 2796 4683 et
2841 4642 3155 4682 sermonem
3194 4626 3534 4681 transferunt
3593 4628 3956 4688 sententiam,
3993 4628 4050 4680 bi

2460 4721 2727 4789 inculpati
2761 4727 3025 4773 manent:
3061 4717 3280 4770 huncin
3315 4717 3536 4770 modum
3573 4725 3632 4770 et
3665 4730 3764 4769 nos
3816 4727 4054 4785 propter

2459 4813 2820 4882 alienigenam
2847 4811 3075 4879 gloriam
3107 4809 3529 4871 candescentes,
3560 4818 3617 4861 et
3649 4809 3722 4862 ad
3748 4807 4056 4862 dilucidio-‘

2463 4919 2577 4957 rem
2603 4903 2850 4956 auditum
2888 4903 3243 4971 traj‘icientes,
3269 4901 3566 4955 latebimus
3608 4899 3836 4954 omnino
3862 4900 4050 4954 incul-

2464 4997 2571 5065 pati
2604 5003 2911 5056 manentes,
2939 4994 3080 5064 apud
3111 5009 3208 5048 eos
3237 4994 3332 5062 qui
3362 5001 3492 5048 sunt
3520 5010 3551 5047 e
3591 5007 3820 5047 numero
3847 4995 4054 5047 corda-

2467 5097 2647 5139 torum
2678 5085 3122 5154 eiegantiumque
3154 5085 3464 5147 hominum,
3503 5094 3560 5136 et
3599 5100 3833 5153 quorum
3869 5087 4055 5139 nulla-

2467 5188 2625 5230 tenus
2655 5176 2855 5230 invidia
2885 5178 3183 5246 prmsidens
3220 5177 3466 5230 concutit
3494 5186 3548 5231 et
3575 5180 3746 5246 agitat
3777 5188 4050 5232 mentem.

2465 5268 2652 5320 Postea
2689 5271 2854 5320 etiam
2892 5269 3093 5336 plures,
3131 5278 3189 5319 ut
3241 5269 3456 5334 opinor,
3487 5284 3704 5337 semper
3759 5270 4053 5324 ammiato-

2469 5374 2556 5409 res
2609 5367 2793 5420 erunt,
2859 5360 3062 5426 quibus
3121 5359 3371 5426 perutiiis
3429 5359 3542 5412 hac
3596 5375 3682 5413 res
3741 5361 4050 5414 videbitur.

2463 5451 2674 5515 Quibus
2725 5462 2875 5505 certe
2939 5451 3149 5518 optima»
3201 5459 3456 5519 prompto
3526 5451 3803 5519 alacrique
3859 5455 4056 5506 animo

2467 5543 2625 5595 nobis
2665 5542 3001 5611 optantibus,
3032 5542 3190 5594 nobis
3223 5541 3444 5609 quidem
3481 5542 3623 5595 Deus
3666 5541 3831 5611 hujus
3862 5547 4054 5612 operis

2467 5635 2758 5701 quamdam
2799 5634 3010 5688 dederit
3074 5633 3379 5686 mercedem
3439 5651 3451 5686 :
3501 5636 3594 5687 sed
3659 5635 4054 5690 obtrectatori-

2468 5728 2654 5785 bns,ut
2688 5744 2810 5780 cum
2842 5728 2973 5795 ipsis
3017 5729 3172 5780 nmlis
3203 5726 3703 5780 obtrectationibus
3739 5731 3878 5783 male
3920 5748 4051 5799 por-

2464 5827 2609 5870 οοιιι.
