4286 6358
746 403 844 464 587

1902 394 2322 455 NICEPHORI
2366 394 2751 455 GREGORE

3878 384 3982 449 588

745 513 802 563 τὸ
838 510 1080 577 ἔσχατον,
1109 505 1199 559 it:
1233 504 1535 575 παχύτερον
1563 502 1621 555 ὃν
1656 501 1761 555 τῶν
1798 503 2004 556 ἄλλω-ι’
2039 503 2316 571 στοιχείων
2347 506 2389 562 Α
2418 507 2731 559 τεθνεώτων
2758 504 2822 557 τὰ
2857 502 3090 570 σώματα
3120 499 3322 559 ἔκαιον,
3357 495 3519 548 οἱονεὶ
3547 495 3608 561 τῇ
3647 493 3791 561 ψυχῇ
3854 511 3985 544 συν-

744 602 839 653 ιιαὶ
870 599 1201 670 κατώτερον,

819 691 961 757 ΙΙῦρ.
1000 687 1072 740 τι
1105 688 1461 754 στοιχειακᾶν.

816 782 884 833 Ei
920 779 988 831 δὲ
1015 780 1084 832 τὰ
1109 779 1370 846 κρείττω.
1422 780 1482 830 Εἰ
1509 779 1563 830 δὲ
1596 780 1628 846 ἡ
1655 778 1825 849 ψυχὴ,
1870 779 1963 831 καί
2008 796 2092 830 τοι
2121 776 2308 846 κρείσ-

749 890 857 925 σων
900 868 1033 924 οὖσα
1078 870 1171 922 τοῦ
1214 870 1488 937 σώματος,
1522 870 1672 939 ὅμως
1702 870 2028 933 κατεδέξατο
2053 869 2152 935 τὴν
2190 885 2308 919 κοι-

746 963 945 1016 νωνίαν
997 960 1091 1025 τοῦ
1150 961 1422 1030 σώματος,
1470 964 1566 1014 καὶ
1616 961 1965 1014 συνετέλεσεν
2023 960 2174 1028 αὐτῷ
2223 957 2311 1011 διὰ

753 1056 922 1123 μέσου
965 1052 1059 1105 τοῦ
1106 1053 1501 1122 φανταστικοῦ,
1547 1053 1640 1104 καὶ
1673 1052 1944 1121 μετέδωκε
1974 1053 2041 1120 τῇ
2076 1050 2182 1102 liti!
2215 1048 2310 1102 τοῦ

750 1144 1081 1213 κρείττονος,
1115 1146 1212 1197 καὶ
1235 1146 1336 1212 τῆς
1361 1144 1642 1214 ἀκηράτου
1665 1143 1905 1210 φύσεως,
1934 1142 2058 1195 δσον
2083 1140 2313 1211 μετέσχε

749 1239 845 1289 τοῦ
886 1238 1129 1307 χείρονος
1151 1254 1167 1270 ο
1202 1238 1264 1289 οὐ
1316 1236 1528 1304 δέχοιτο
1578 1234 1646 1287 ἂν
1675 1236 1769 1287 καὶ
1802 1236 1866 1285 τδ
1897 1232 2080 1300 σῶμα,
2112 1232 2207 1283 ἐὰν
2238 1230 2313 1299 μὴ

749 1331 1018 1400 ἐμποδίζῃ
1068 1330 1166 1395 τὴν
1218 1328 1545 1394 φαντασίαν,
1588 1329 1686 1379 καὶ
1729 1326 1951 1393 ἀποσπᾷ
2003 1323 2209 1390 ταύτην
2250 1323 2315 1374 ὲκ

751 1423 850 1488 τῆς
894 1421 1171 1489 συμφυΐας
1204 1420 1306 1488 τῆς
1348 1419 1550 1487 ψυχῆς,
1578 1417 1712 1470 ἀλλὰ
1747 1417 1963 1485 παρέχῃ
2011 1416 2107 1467 καὶ
2153 1411 2317 1466 ἑαυτδ

753 1514 964 1580 εὐήνιον
1020 1513 1116 1565 καὶ
1178 1511 1512 1572 καταπειθὲς
1580 1510 1759 1578 αὐτῇ,
1825 1506 2124 1573 ἀνάγεσθαι
2181 1504 2318 1574 πρὸς

754 1602 1036 1671 θειοτέραν
1060 1604 1153 1654 καὶ
1183 1592 1521 1670 ὑψηλοτέραν
1569 1600 1926 1653 κατάστασιν.
1957 1599 2171 1666 Ὥσπερ
2208 1598 2317 1665 γὰρ

754 1699 788 1763 ἡ
838 1694 1179 1761 φανταστικὴ
1215 1691 1363 1761 ψυχὴ
1389 1690 1627 1760 ,ρέψασα
1673 1691 1810 1759 πρὸς
1859 1690 1958 1752 τὰς
1991 1686 2319 1757 σωματικὰς

756 1785 1135 1856 προσπαοείας
1188 1782 1484 1852 παχύνεται
1529 1782 1625 1834 καὶ
1674 1780 1883 1848 γίνεται
1909 1780 2048 1846 πρὸς
2077 1794 2320 1848 σωματι-

765 1879 1008 1946 κωτέραν
1035 1877 1389 1940 κατάστασιν,
1407 1874 1565 1939 ,οὕτω
1594 1875 1690 1927 καὶ
1710 1858 1776 1940 ,τὸ
1802 1873 1962 1941 σῶμα
1992 1871 2161 1941 ρέψαν
2184 1870 2321 1938 πρὸς

766 1972 1000 2041 Θεωρίαν
1047 1972 1134 2025 διὰ
1179 1970 1279 2037 τῆς
1340 1968 1675 2038 φαντασίας,
1725 1967 2043 2020 λεπτύνοιτο
2109 1962 2176 2016 ἂν
2230 1963 2324 2014 καὶ

763 2066 1195 2134 συνεξαιθεροίτο
1231 2066 1298 2134 τῇ
1336 2064 1499 2134 νοερᾷ
1542 2062 1714 2132 ψυχῇ,
1744 2060 2019 2113 διαϐαῖνον
2065 2058 2165 2128 τὴν
2212 2057 2325 2110 τῶν

761 2160 1041 2227 στοιχείων
1070 2157 1370 2225 ἀκρότητα,
1400 2155 1467 2225 ἢν
1499 2157 1593 2209 καὶ
1632 2151 1954 2222 ἀμφικνεφῆ
1984 2150 2163 2220 χῶρον
2191 2148 2326 2218 ἔφη·

761 2269 855 2303 σεν
894 2251 1170 2321 ἀνωτέρω.
1207 2249 1372 2315 Λέγει
1417 2248 1474 2300 δὲ
1515 2247 1609 2299 τδν
1643 2247 1752 2298 ἀπὸ
1798 2245 1897 2313 τῆς
1932 2243 2038 2313 γῆς
2068 2243 2326 2311 διήκοντα

766 2338 925 2407 μέχρι
969 2338 1069 2403 τῆς
1100 2337 1431 2407 σεληνιακῆς
1481 2335 1743 2405 σφαίρας,
1773 2333 1866 2386 τὸν
1898 2336 1962 2385 ὲκ
1991 2332 2099 2385 τῶν
2126 2330 2326 2385 τεσσά-

765 2448 872 2496 ρων
905 2428 1183 2499 στοιχείων
1215 2428 1591 2496 συγκείμενον.
1633 2426 1768 2478 Ἀπὸ
1811 2426 1920 2493 γὰρ
1949 2427 2048 2493 τῆς
2083 2424 2327 2493 σεληνια-

764 2520 867 2589 κῆς
899 2518 1135 2587 σφαίρας
1172 2518 1401 2586 ἄρχεται
1446 2519 1479 2586 ἡ
1511 2515 1786 2578 κυκλικῶς
1840 2515 2134 2583 κινουμένη
2170 2514 2327 2566 οὐσία

764 2616 858 2666 καὶ
887 2611 1046 2678 φύσις
1092 2611 1221 2677 ἄχρι
1253 2609 1351 2677 τῆς
1388 2610 1652 2662 ἀνωτάτω
1696 2607 1792 2661 καὶ
1838 2607 2060 2676 πρώτης
2092 2605 2328 2674 σφαίρας

763 2703 861 2770 τῆς
897 2700 1274 2769 περιεκτικῆς,
1304 2700 1371 2766 ἣν
1403 2699 1496 2752 καὶΙ
1521 2696 1781 2766 ἀμφιφαῆ
1816 2698 2023 2765 κόσμον
2053 2696 2248 2763 φησίν·
2280 2696 2328 2748 οἱ

770 2794 871 2861 μέν
909 2809 991 2845 τοι
1036 2790 1383 2860 παλαιότεροι
1422 2789 1531 2843 τῶν
1571 2789 1842 2859 Ἑλλήνων
1893 2790 1989 2841 καὶ
2033 2788 2171 2841 αὐτὰ
2222 2787 2329 2840 τῶν

769 2970 890 3026 qua:
946 2961 1075 3009 sunt
1098 2952 1151 3006 in
1184 2964 1369 3005 rerum
1411 2958 1627 3012 natura,
1658 2946 1895 3001 crassior
1918 2944 2177 3000 nimirum
2204 2958 2328 2999 cum

766 3050 838 3103 sit
862 3057 918 3102 et
938 3046 1152 3103 caneris
1179 3042 1466 3099 clementis
1486 3040 1745 3095 inferior.

844 3141 1012 3210 Ignis.
1049 3136 1431 3193 Elementaris.

840 3230 990 3296 Quod
1016 3231 1061 3283 si
1089 3228 1487 3297 praestantiora.
1540 3222 1696 3289 Quod
1721 3223 1765 3277 si
1807 3222 1988 3278 anima
2015 3234 2330 3291 quanquam

768 3325 1012 3379 nobilior
1040 3333 1123 3396 est
1152 3334 1402 3389 corpore,
1439 3328 1618 3372 tamen
1651 3314 2103 3370 communionem
2136 3327 2336 3381 corpo-

762 3419 852 3471 ris
883 3416 1190 3477 admiserit,
1217 3422 1272 3466 et
1303 3425 1427 3472 cum
1461 3425 1529 3465 eo
1576 3408 1853 3479 peregerit
1895 3412 2121 3475 propter
2160 3405 2335 3456 inter-

776 3509 1010 3563 mediam
1045 3504 1512 3576 imaginationem,
1565 3516 1629 3555 ac
1687 3498 2032 3555 distribuerit
2073 3495 2193 3551 fmci
2238 3494 2338 3548 ali-

773 3599 905 3668 quid
934 3596 1176 3651 melioris
1206 3602 1261 3648 et
1283 3591 1610 3646 immortalis
1635 3599 1869 3651 naturae,
1919 3594 2186 3657 quantum
2249 3593 2335 3638 est

774 3690 1052 3759 particeps
1083 3684 1395 3745 deterioris,
1426 3684 1592 3737 etiam
1641 3695 1840 3749 corpus
1883 3677 2179 3745 receperit,
2230 3673 2338 3749 nisi

780 3780 1229 3850 imaginationem
1264 3786 1538 3834 coerceat,
1590 3773 1754 3842 eique
1811 3771 1884 3825 sit
1922 3768 2337 3836 impedimento,

777 3881 833 3928 et
867 3874 1036 3939 ipsam
1075 3869 1273 3925 evellat
1306 3884 1336 3923 a
1368 3866 1659 3936 congenita
1689 3865 1965 3932 insitaque
1994 3861 2203 3921 anima,
2237 3858 2335 3913 sed

774 3962 1292 4030 .exhibcatseipsum
1318 3961 1652 4028 morigerum
1688 3955 1979 4023 eidemque
2009 3954 2341 4021 obsequens,

780 4064 842 4109 nt
876 4053 1167 4107 reducatur
1198 4050 1264 4104 ad
1296 4048 1630 4103 diviniorem
1658 4046 2146 4111 sublimioremque
2205 4056 2342 4095 con-

782 4145 1065 4201 ditionem.
1096 4139 1564 4208 Quemadmodum
1598 4138 1744 4192 enim
1769 4137 1949 4190 anima
1978 4132 2342 4203 pbantastica,

784 4251 1049 4307 vergeus-
1093 4234 1161 4287 ad
1208 4230 1457 4301 corporis
1510 4224 2343 4287 vehementiores.aﬂectiones,

785 4326 1075 4381 erassescit
1108 4338 1173 4377 ac
1198 4321 1464 4391 redigitur
1495 4323 1552 4374 in
1592 4318 1766 4388 magis
1804 4317 2185 4385 corpulentam
2216 4329 2348 4368 con-

786 4415 1071 4474 ditionem.
1105 4412 1182 4466 sic
1206 4411 1371 4465 etiam
1394 4424 1619 4478 corpus,
1645 4421 1876 4477 vergens
1900 4404 1968 4458 ad
2000 4403 2340 4471 contempla-

2322 660 2328 662 ,
2404 595 2820 665 ἐξαιθεροῦντες
2848 595 2943 646 καὶ
2969 592 3164 644 ταῦτα.

2484 693 2553 743 El
2582 688 2651 741 δὲ
2694 686 2765 739 τὰ
2814 687 3076 753 κρείττω.
3103 684 3284 751 ’Ἄττερ
3329 682 3466 733 εἰσὶν
3514 681 3546 749 ἡ
3597 678 3789 746 λογικὴ
3834 678 3983 745 ψυχὴ

2413 779 2508 833 καὶ
2544 782 2576 847 ἠ
2609 777 2864 845 αἴσθησις
2901 778 3016 838 τοῖς
3067 774 3274 836 ὑλαίοις
3323 772 3615 840 στοιχείοις
3666 768 3977 839 ὑποχωρή-

2415 890 2606 927 σαντα.

2484 965 2912 1019 Συνετέλεσεν.
2955 958 3172 1025 Συνυπῆ
3182 959 3293 1027 ρξε.

2497 1058 2685 1112 Ἰλύν.
2728 1056 2841 1126 Τὴν
2894 1052 3074 1123 ψυχὴν
3116 1052 3210 1104 καὶ
3251 1049 3314 1103 τδ
3359 1044 3726 1118 φανταστικὸν
3766 1042 3987 1112 πνεῦμά

2415 1167 2571 1220 φησμ

2488 1237 3053 1309 Παραχωρηθέντος.
3090 1236 3231 1290 ’Υπδ
3261 1234 3361 1302 τῆς
3388 1233 3543 1302 ὕλης.

2495 1332 2572 1388 τὰ
2619 1331 2816 1400 χείρω.
2852 1328 2923 1381 Ἦ
2982 1328 3059 1389 ὡς
3106 1327 3219 1395 πῦρ
3267 1328 3364 1379 καὶ
3412 1326 3507 1394 γῆ,
3556 1323 3652 1376 καὶ
3690 1323 3751 1386 ἐξ
3800 1317 3875 1374 ὧν
3924 1320 3988 1372 τδ

2421 1609 2562 1661 Θεῶν
2611 1609 2865 1677 ὀχήματα
2915 1606 3025 1675 γὰρ
3073 1602 3280 1665 ἐκεῖνος
3348 1617 3484 1671 φησι
3539 1600 3730 1669 εὐήνια
3790 1597 3988 1667 ῥᾳδίως

2424 1697 2687 1769 repetisse
2698 1714 2771 1751 αι.

2501 1790 2985 1859 Ὀμαρτήσαντα.
3029 1785 3526 1855 Ἀκολουθήσαντα.

2498 1884 2622 1949 Τὴν
2649 1884 2870 1951 μέσην.
2900 1880 3012 1949 Τὴν
3043 1876 3440 1947 φανταστικὴν.

2499 1975 2613 2043 Τῆς
2639 1975 2894 2043 πρώτης.
2921 1975 3035 2043 Τῆς
3065 1972 3288 2040 λογικῆς
3314 1968 3516 2040 ψυχῆς·

2497 2072 2642 2137 Μερί
2645 2072 2739 2122 δα.
2771 2068 2887 2135 Κλῆ
2896 2085 3006 2135 ρον.

2501 2163 2623 2218 Τῶν
2656 2160 2993 2227 στοιχείων.
3022 2155 3103 2210 Τὰ
3148 2154 3280 2225 περὶ
3326 2154 3428 2223 τῆς
3481 2150 3713 2220 Ἀθηνᾶς
3759 2146 3993 2217 μυθολο-

2420 2255 2668 2325 γοόμενα
2702 2249 3098 2321 ἀλληγοροῦσιν
3126 2249 3175 2300 oi
3218 2243 3521 2314 σοφώτεροι
3562 2243 3673 2296 τῶν
3720 2241 3995 2310 Ἑλλήνων

2424 2343 2645 2408 οὑτωσὶ,
2674 2342 2769 2395 καὶ
2812 2340 2911 2410 τὴν
2960 2339 3060 2407 μὲν
3097 2336 3332 2406 Ἀθηνᾶν
3363 2351 3529 2403 φασιν
3571 2327 3711 2385 εἶναι
3754 2331 3855 2400 τὴν
3886 2331 3996 2397 ψυ-

2427 2438 2550 2507 χὴν,
2578 2436 2676 2488 Δία
2723 2434 2778 2486 δὲ
2830 2433 2922 2485 τὸν
2962 2432 3099 2501 ἀέρα
3123 2446 3136 2459 ·
3178 2430 3343 2482 παῖδα
3372 2428 3624 2494 λέγουσιν
3656 2424 3826 2495 αὐτὴν
3855 2421 3995 2476 εἶναι

2427 2526 2523 2578 τοῦ
2554 2524 2692 2589 Διὸς,
2725 2520 3076 2590 γεννηθεῖσαν
3116 2520 3181 2572 ἑκ
3228 2517 3325 2586 τῆς
3373 2515 3538 2569 αὐτοῦ
3573 2513 3844 2583 κορυφῆς,
3872 2513 3995 2582 ἦτοι

2429 2619 2493 2670 ὲκ
2539 2617 2639 2683 τῆς
2685 2614 2985 2683 ἀκρότητπ
3030 2610 3125 2663 τοῦ
3173 2609 3427 2675 οὐρανοῦ,
3466 2608 3561 2659 καὶ
3602 2606 3780 2672 ἁπλῆν
3827 2599 3997 2656 οὖσαν

2425 2710 2527 2761 καὶ
2567 2708 2876 2773 ἀσώματον.
2910 2701 3293 2771 Τριτογένειάν
3341 2716 3494 2767 φασι,
3540 2698 3674 2751 διότι
3729 2694 3997 2750 κατιοῦσα

2430 2800 2699 2870 λαμῦἁνει
2756 2796 2854 2868 μὲν
2906 2798 2969 2848 ἐκ
3025 2794 3118 2847 τοῦ
3174 2794 3394 2863 αίθέρος
3447 2792 3507 2844 τὸ
3559 2789 3897 2859 Θυμικδν,τδ
3940 2786 3998 2841 δὲ

2433 2966 2523 3021 illa
2550 2972 2680 3019 sunt
2712 2976 2833 3030 qua:
2864 2975 2920 3013 se
2955 2955 3290 3012 subtrahunt
3322 2952 3709 3018 declinantque
3771 2962 3800 3001 a
3828 2957 3998 2999 mate-

2423 3055 2660 3111 Tialibus
2694 3050 3002 3112 elementis,
3034 3056 3221 3116 utpote
3242 3044 3423 3098 anima
3462 3039 3767 3102 rationalis,
3793 3046 3847 3092 et
3874 3052 4000 3092 sen-

2361 3164 2404 3219 ο
2437 3145 2605 3200 tiendi
2635 3144 2740 3197 vis.

2504 3235 2717 3303 Confert
2751 3233 2821 3285 ad
2844 3231 3140 3286 materiam.
3194 3227 3314 3283 Una
3362 3234 3563 3297 pra-sto
3591 3232 3678 3278 est
3713 3221 3780 3275 ad
3805 3220 3998 3275 limum

2434 3336 2490 3383 et
2519 3327 2725 3380 faecem.

2505 3420 2584 3472 Ad
2609 3418 2905 3471 materiam.
2932 3413 3095 3483 Lege,
3142 3427 3362 3467 caenum.
3393 3410 3639 3463 Animam
3669 3416 3725 3461 et
3746 3406 4001 3476 spirituum

2434 3507 2837 3580 phantaSticum
2862 3504 2919 3557 in
2948 3503 3205 3556 vitiorum
3241 3500 3651 3567 cmnolutoque
3695 3495 4001 3551 involutum

2440 3599 2713 3667 inleliigit.

2522 3689 2671 3741 Velut
2700 3690 2798 3741 sibi
2821 3686 3145 3741 vindicatum
3184 3685 3245 3738 ab
3278 3700 3335 3738 eo
3369 3683 3454 3736 cui
3484 3696 3785 3735 concessum
3822 3689 3918 3733 est.
3961 3679 4004 3730 Δ

2436 3780 2666 3833 materia
2691 3778 2973 3831 nimirum.

2513 3868 2801 3939 Inferiore.
2830 3867 3133 3931 Deteriora,
3175 3875 3234 3920 ut
3281 3864 3421 3935 ignis
3453 3880 3482 3919 a
3509 3875 3679 3931 terra,
3726 3873 3785 3919 et
3843 3878 3907 3918 ea
3940 3878 4004 3916 ex

2442 3962 2645 4033 quibus
2673 3976 2878 4030 corpus
2901 3960 3199 4014 conﬂatum
3229 3968 3334 4015 est.

2514 4053 2616 4109 Sed
2640 4070 2833 4106 morem
2862 4052 3116 4122 gerentia.
3167 4048 3289 4103 llaec
3314 4050 3429 4118 ipsa
3457 4064 3558 4101 vox
3588 4056 3671 4102 est
3706 4045 4007 4100 Platonica.

2448 4145 2659 4201 Etenim
2686 4146 2775 4199 ille
2799 4143 3028 4197 deorum
3055 4141 3297 4211 plaustra
3323 4141 3514 4208 εὐήνια
3548 4138 3726 4209 (freno
3758 4136 4008 4200 ductilia)

2448 4235 2800 4304 haberiasque
2852 4232 3133 4287 audientis
3180 4230 3339 4296 dicit,
3398 4228 3633 4296 ideoque
3688 4226 3849 4279 facile
3906 4225 4011 4278 iter

2448 4325 2678 4395 ingredi.

2518 4412 2819 4482 Sequerrtia.
2850 4410 3206 4466 Comitantia.

790 4509 991 4561 tionem
1038 4502 1442 4573 imaginationis
1494 4500 1782 4567 benelicio,
1842 4497 2150 4569 gracilescit
2196 4491 2427 4551 σιω-Ι)
2520 4503 2750 4557 Mediam
2806 4510 3076 4555 naturam.
3134 4500 3536 4555 Phantasticam
3592 4517 3688 4559 seu
3752 4502 4015 4570 imagina-

788 4606 1100 4665 nuaturque
1128 4608 1182 4649 et
1209 4595 1507 4667 aethereum
1528 4592 1796 4656 edicitur,
1846 4599 2073 4659 propter
2107 4589 2351 4643 animam

791 4687 1131 4757 intelligendi
1160 4688 1209 4739 vi
1250 4674 1557 4753 prteditam,
1610 4682 1952 4735 descendens
1992 4696 2089 4749 per
2114 4684 2354 4735 elemen-

793 4791 970 4833 torum
1029 4777 1398 4833 summitatem
1449 4790 1513 4829 ac
1543 4773 1842 4843 lastigium,
1896 4788 2061 4840 quam
2112 4772 2353 4839 undique

790 4871 1114 4925 nebulosam
1143 4868 1419 4937 regionem
1445 4866 1586 4920 dixit
1621 4880 1808 4933 supra.
1840 4865 1983 4917 Dicit
2012 4873 2195 4917 autem
2225 4876 2354 4916 eum

790 4963 882 5032 qui
919 4977 949 5016 e
984 4970 1129 5014 terra
1160 4958 1410 5029 pervenit
1462 4972 1637 5026 usque
1683 4956 1749 5010 ad
1780 4955 2028 5009 lunarem
2057 4954 2354 5018 circulum,

790 5069 859 5107 ex
910 5061 1147 5122 quatuor
1199 5050 1486 5104 elementis
1532 5048 1900 5117 compositum
1946 5062 2089 5101 esse.
2157 5045 2294 5099 Nam
2322 5059 2352 5098 ιι

792 5146 954 5212 globo
984 5143 1160 5195 lunari
1191 5125 1478 5196 exorditur
1516 5140 1821 5193 substantia
1850 5147 1906 5192 et
1946 5151 2165 5199 natura,
2228 5150 2352 5203 quae

796 5248 945 5291 motu
970 5236 1263 5291 orbiculari
1301 5243 1551 5287 movetur
1585 5247 1756 5300 usque
1789 5231 1857 5284 ad
1893 5228 2352 5299 supremam-pri-

798 5344 1049 5398 mamque
1110 5328 1376 5396 splneram
1424 5325 1607 5378 omnia
1666 5324 2140 5393 complectentem,
2192 5336 2355 5389 quem

798 5425 1062 5476 mundum
1150 5419 1391 5487 undique
1442 5416 1784 5486 perlucidum
1870 5414 2073 5469 asserit
2143 5431 2160 5467 :
2225 5427 2350 5466 nam

798 5513 971 5569 Graeci
1001 5513 1341 5580 antiquiores
1372 5511 1486 5578 ipsa
1531 5508 1697 5561 etiam
1727 5517 2069 5560 mortuorum
2124 5519 2359 5572 corpora

800 5602 1223 5665 (·‹ιιιι1ιιιι-υι)ειιιι,
1252 5602 1395 5654 haud
1420 5615 1579 5654 secus
1610 5608 1778 5667 atque
1802 5599 1847 5652 si
1883 5600 1997 5651 inec
2028 5598 2194 5653 etiam
2230 5612 2356 5651 cum

802 5694 981 5746 anima
1007 5692 1059 5743 in
1093 5692 1327 5744 :l‘.lilCl‘Ctl
1361 5690 1580 5759 regione
1607 5690 1960 5755 collocarent.

877 5785 1025 5847 Quod
1057 5785 1101 5835 si
1124 5783 1513 5850 priestautiora.
1550 5780 1821 5835 Nobiliora
1854 5780 2355 5849 cxcellentioraque

2449 4592 2639 4647 tivam.

2522 4684 2719 4738 Prima:
2746 4694 2972 4740 natu-rw.
3012 4683 3221 4738 Animae
3249 4684 3555 4739 rationalis.

2529 4780 2881 4834 Particnlam.
2912 4780 3151 4834 Sortem.

2528 4874 2604 4925 Ab
2639 4873 2922 4927 elementis.
2956 4872 3027 4926 Ea
3050 4888 3170 4941 qua:
3202 4871 3269 4926 de
3295 4864 3806 4927 Minerva-fabulose
3839 4874 4020 4925 divul-

2455 4975 2580 5033 gata
2610 4973 2761 5027 sunt,
2798 4965 3161 5033 sapientiores
3188 4962 3366 5016 (ἔταισὶ
3407 4964 3480 5016 ita
3529 4965 3820 5032 allegorice
3849 4964 4023 5030 expli-

2458 5063 2604 5119 eant,
2637 5066 2693 5109 et
2726 5056 3022 5108 Minervam
3057 5055 3209 5109 aiunt
3228 5056 3469 5109 animam
3499 5070 3646 5114 esse.
3675 5055 3863 5109 Jovem
3890 5071 4023 5107 vero

2460 5161 2675 5210 aerem;
2705 5147 2872 5199 ﬁliam
2902 5147 3054 5201 Jovis
3082 5162 3200 5200 esse
3221 5157 3677 5207 commemorant,
3704 5157 4019 5214 generatam

2459 5254 2523 5292 ex
2558 5238 2731 5306 ipsius
2778 5238 2973 5306 capitis
3010 5239 3237 5299 vertice,
3295 5238 3553 5291 nimirum
3587 5252 3617 5291 e
3650 5252 3862 5290 summa
3895 5253 4026 5291 arce

2461 5328 2608 5391 cmli,
2636 5343 2845 5381 necnon
2873 5328 3175 5396 simplicem
3215 5336 3270 5381 et
3320 5327 3723 5394 incorpoream.
3776 5328 4031 5395 Tritoge~

2462 5420 2592 5473 nian
2621 5419 2863 5472 dicunta
2893 5419 3094 5487 triplici
3150 5420 3269 5488 ejus
3316 5420 3691 5487 generatione,
3736 5428 4027 5486 pmpterea

2462 5511 2607 5579 quod
2643 5511 2755 5577 ipsa
2788 5510 3127 5563 descendens
3185 5525 3216 5564 e
3254 5510 3479 5579 regione
3526 5510 3765 5562 aetherea
3794 5510 4032 5563 assumit

2463 5603 2630 5655 animi
2656 5601 3063 5664 fortitudinem,
3108 5611 3166 5654 et
3197 5610 3323 5654 ante
3371 5599 3802 5669 conettpisevndi
3856 5600 3964 5651 vim
4001 5614 4030 5651 a

2465 5694 2591 5745 luna
2619 5710 2634 5757 ;
2668 5694 2793 5746 luna
2824 5693 2972 5746 enim
3006 5707 3106 5746 sua
3142 5701 3333 5745 natura
3367 5692 3591 5745 humida
3622 5701 3708 5745 est
3760 5706 3821 5744 ac
3850 5690 4034 5743 dtﬂ'lu-

2464 5802 2599 5845 cus;
2660 5800 2720 5836 ea
2784 5786 2850 5837 de
2900 5800 3061 5838 causa
3120 5784 3410 5836 libidinum
3451 5783 3767 5852 imposturm
3804 5793 4032 5847 propter
