4286 6358
214 367 322 431 605

1107 372 1443 435 SCHOLlA
1493 373 1575 434 IN
1610 375 2008 439 SYNESIUM
2048 376 2144 438 DE
2186 374 2611 437 lNSOMNIlS.

3353 371 3477 437 606

215 482 507 542 τοιούτοις.
536 482 678 552 Φησὶ
718 472 827 541 και
858 489 885 539 ὁ
918 485 1215 548 Πλωτῖνος,
1267 486 1350 539 ὅτι
1390 488 1489 556 οὐχ
1528 489 1561 555 ἡ
1595 488 1788 558 προαί-
1820 496 1865 551 Α
1896 488 2166 553 ἅπαντας,
2218 486 2511 551 πλουσίους
2572 486 2669 539 καλ⁸
2711 485 2972 556 πένητας,
3004 484 3206 555 ἄνδρας
3249 486 3345 539 καὶ
3374 502 3473 555 γυο

219 589 398 641 ρεσις,
443 571 552 624 οὐδ’
584 575 612 626 ὀ
638 573 797 638 λόγος
839 575 945 628 ὑπὸ
982 575 1251 645 μουσικῆς
1290 575 1323 645 ἢ
1354 577 1612 645 γοητείας
1643 578 1794 629 ἕλκε-

209 662 305 713 ταί
357 679 507 726 ποτε,
538 665 651 715 ἀλλ’
682 666 714 733 ἠ
761 664 957 731 ἄλογος
1011 666 1183 734 ψυχή.
1220 666 1414 719 Καίτοι
1448 666 1666 732 φιλοῦσι
1695 684 1794 721 κα-

210 753 493 823 λούμενοι,
546 756 654 809 κᾶν
687 756 766 823 μὴ
795 756 957 809 τοῦτο
1008 757 1275 810 αίτῶνται
1300 770 1315 787 ⁸
1350 756 1462 809 οὐδ’
1498 758 1629 810 ὅταν
1663 774 1796 826 γοη-

208 844 345 915 τεύῃ
383 860 489 906 τις,
523 844 740 897 σύνεσιν
781 848 809 899 ὁ
839 847 1240 915 γοητευόμενος
1270 846 1407 916 ἔχει,
1455 846 1565 899 οὐδ’
1599 848 1822 901 αίσθά·’

207 953 386 998 νεται,
421 937 575 990 ἀλλὰ
614 938 886 1005 γινώσκει
915 939 1015 1009 ἥδη
1054 938 1247 991 παθὼν
1286 940 1368 991 ὅτι
1398 938 1687 999 πέπονθεν,
1720 939 1793 1001 ὡς

206 1028 292 1090 τδ,
333 1029 454 1080 ἐπεὶ
492 1030 587 1082 καὶ
618 1032 673 1083 αί
703 1030 959 1083 τοιαῦται
988 1033 1182 1100 φύσεις
1208 1030 1318 1082 τῶν
1365 1030 1638 1099 δαιμόνων
1668 1045 1797 1096 γοη-

210 1122 395 1183 τείαις
431 1122 526 1174 καὶ
588 1125 827 1192 ἐπῳδαῖς
857 1125 1150 1192 ἡττῶνται,
1184 1122 1435 1191 δηλονότι
1489 1122 1586 1174 καὶ
1636 1114 1795 1173 αὗται

211 1212 415 1278 ἄλογον
449 1214 637 1281 ἔχουσι
674 1214 877 1283 ψυχὴν,
922 1216 1019 1267 καὶ⁸
1053 1214 1333 1281 σύνθεσιν,
1367 1215 1465 1268 καὶ
1494 1214 1686 1285 πάχος.

285 1306 578 1373 Malitia.
616 1305 707 1369 Ὠς
744 1308 795 1358 oi
834 1307 1111 1369 τέκτονες.

220 1404 223 1405 ⁷
281 1394 685 1465 Βιαζομένοις.
708 1397 1099 1467 Τυραννοῦσιν,
1124 1396 1530 1464 ἀναγκάζουσιν
1587 1394 1683 1449 ἀνθ
1694 1394 1797 1465 ρώ-

213 1505 380 1551 πους.

297 1577 665 1649 Ἔνέργειαν.
723 1580 838 1650 ἰ’ἧς
898 1580 1276 1649 πολυασχόλου
1328 1581 1451 1632 ἐκεῖ
1506 1579 1797 1648 μαντικῆς,

207 1671 345 1723 ἔνθα
385 1672 649 1740 δυσχερὲς
682 1672 1086 1743 συμπεριάγειν
1115 1674 1186 1727 τά
1234 1673 1374 1743 πρὸς
1406 1674 1507 1741 τὴν
1536 1671 1799 1742 μαντείαν

213 1765 507 1832 ἐπιτήδεια
542 1766 773 1835 ὄργανα.

279 1857 631 1911 Βασκάνου.
660 1857 943 1924 Φθονερῶν
976 1874 1136 1910 τινων
1167 1855 1423 1910 πολιτῶν.

296 1952 668 2019 ’Λρχομένης
710 1950 836 2003 ’Υπ⁹
868 1950 1035 2004 αὐτοῦ
1070 1949 1299 2010 πόλεως.

297 2043 615 2108 ’Δνοήτου.
660 2042 915 2111 ’Λνοήτου
956 2042 1067 2112 γὰρ
1113 2040 1181 2094 ἂν
1221 2040 1332 2109 εἴη,
1382 2040 1569 2109 φησὶν,
1602 2038 1795 2106 ἀνδρ¹ς

214 2134 633 2203 ἀποκηρύττειν
681 2136 744 2187 ὲκ
782 2135 884 2202 τῆς
926 2133 1238 2203 ἀρχομένης
1277 2129 1370 2183 ὑπ’
1394 2130 1562 2184 αὑτοῦ
1588 2131 1796 2190 πόλεως

207 2222 273 2273 τὸ
303 2221 611 2283 καθεύδειν,
643 2221 777 2275 διότι
808 2223 1069 2275 ἀδύνατον
1108 2220 1267 2273 τοῦτό
1294 2238 1378 2285 γε.
1422 2219 1505 2275 Οὐ
1550 2220 1711 2290 μόνον
1739 2218 1794 2269 δέ

211 2330 388 2382 φησιν
421 2314 680 2379 ἀνοήτου,
712 2312 845 2365 ἀλλὰ
874 2313 969 2365 καὶ
998 2312 1251 2374 ἀσεϐοῦς,
1303 2312 1436 2363 διότι
1472 2310 1691 2363 ἐναντία
1716 2309 1795 2376 τῷ

211 2401 338 2471 Θεῷ
366 2402 462 2454 καὶ
485 2405 570 2473 ,τῇ
629 2402 792 2470 φύσει
841 2401 1147 2470 νομοθετεῖ.
1178 2401 1289 2453 Καὶ
1335 2402 1444 2469 γὰρ
1472 2401 1565 2452 καὶ
1604 2402 1630 2452 ὁ
1663 2398 1799 2459 Θεὸς

210 2496 313 2549 καὶ
345 2497 378 2563 ἡ
417 2494 579 2563 φύσις
638 2495 884 2563 μεγάλην
936 2495 1030 2545 καὶ
1081 2492 1521 2559 ἀναγκαιοτάτην
1564 2491 1664 2560 τὴν
1705 2491 1798 2540 σύ-

214 2600 411 2638 στασιν
438 2584 518 2651 τῷ
548 2582 673 2650 ζώῳ
705 2585 994 2652 ἑνὲσπειρε
1020 2582 1081 2634 τὸ
1109 2582 1419 2634 καθεύδειν.
1457 2583 1614 2633 Ἐπεὶ
1638 2580 1792 2646 γοῦν,

214 2680 409 2745 φησὶν,
433 2676 734 2746 ἀπεδείχθη
754 2676 836 2728 ὅτι
869 2677 1168 2743 ἀναγκαῖον
1197 2674 1484 2728 καθεύδειν
1513 2673 1757 2734 ἅπαντας
1779 2712 1793 2732 ,

214 2771 313 2822 καὶ
370 2768 735 2829 καθεύδοντας
784 2770 1018 2835 ὀνείρων
1069 2767 1316 2834 γίνεσθαι
1374 2767 1601 2827 θεατὰς,
1646 2765 1795 2827 ἄξιον

212 2859 285 2914 ἂν
313 2858 400 2929 εἴη
459 2859 554 2911 καὶ
593 2859 687 2911 ἐπὶ
741 2859 842 2927 τὴν
892 2856 958 2909 δι’
1020 2857 1250 2928 ὀνείρων
1302 2857 1454 2909 ίέναι
1528 2853 1794 2925 μαντικὴν

214 3047 314 3087 sua
345 3039 560 3100 sponte,
587 3028 783 3098 partim
816 3042 945 3082 vero
989 3028 1172 3083 invita:
1204 3027 1405 3083 talibus
1434 3025 1599 3080 rebus
1628 3036 1797 3078 attra-

215 3125 430 3177 huntur
467 3121 954 3190 pelliciunturque.
983 3120 1073 3173 Ait
1128 3120 1274 3173 enim
1329 3117 1579 3172 Plotinus
1620 3130 1795 3185 neque
1826 3153 1869 3211 ε

211 3214 447 3267 liberam
476 3212 833 3274 voluntatem,
871 3224 1047 3278 neque
1083 3210 1351 3262 rationem
1387 3222 1417 3260 a
1468 3207 1673 3260 musica
1705 3215 1799 3259 aut

210 3305 589 3360 ludiﬁcatione
636 3318 877 3371 unquam
924 3300 1147 3364 attrahi,
1194 3300 1290 3353 sed
1340 3298 1575 3352 animam
1626 3298 1796 3350 ratio-

213 3398 304 3451 nis
333 3405 639 3464 expertem.
672 3394 993 3462 Quanquam
1016 3400 1201 3445 amant
1233 3390 1469 3454 invitari,
1495 3389 1625 3442 licet
1652 3388 1797 3440 istud

213 3487 444 3541 minime
477 3486 799 3554 deposcant.
847 3483 1035 3551 Neque
1089 3480 1313 3550 quando
1346 3478 1547 3547 aliquis
1587 3477 1796 3547 praesti-

212 3582 321 3651 giis
355 3578 579 3647 decipit,
605 3576 1052 3646 perspicientiam
1086 3572 1458 3644 acjudicandi
1495 3572 1602 3624 vim
1641 3570 1804 3621 habet

214 3675 309 3729 ille
348 3672 560 3725 daemon
601 3668 694 3737 qui
725 3666 1046 3734 imposturis
1079 3664 1345 3727 eluditur,
1384 3677 1562 3730 neque
1611 3661 1799 3725 sentit,

216 3770 273 3817 at
303 3761 647 3828 exploratum
710 3758 875 3810 habet
901 3757 1011 3824 jam
1044 3754 1332 3807 lacessitus
1363 3767 1422 3805 se
1452 3750 1802 3805 incommodo

214 3851 382 3905 allici.
413 3850 479 3903 Et
507 3848 765 3916 quoniam
805 3843 1076 3911 ejusmodi
1105 3842 1415 3897 daemonum
1472 3853 1681 3894 naturie
1717 3838 1802 3891 in-

1896 584 2113 642 ναίκας,
2140 579 2237 632 καὶ
2267 581 2452 634 πᾶσαν
2481 576 2668 642 ἁπλῶς
2706 578 2883 631 εἰπεῖν
2911 575 3152 645 ἠλικίαν.

1972 667 2074 737 Οῖς
2099 670 2274 724 ἁδύν.
2305 671 2475 725 Διότι.

1976 760 2077 827 Οἷς
2105 763 2275 816 ἐνᾱν.
2307 764 2473 819 Διότι.

1982 852 2108 906 Ἐπ’
2139 852 2359 916 αὐτήν.
2384 850 2497 918 Τὴν
2536 848 2603 903 δι’
2622 848 2852 917 ὀνείρων
2893 849 3185 918 μαντικήν.

1967 944 2097 998 ΡΑο.
2151 940 2276 996 HG.
2322 939 2647 1009 Προφῆτις.
2710 939 2777 992 Ἦ
2819 936 2890 991 δι’
2936 936 3163 1007 ὀνείρων
3208 936 3467 1007 μαντική.

1968 1035 2374 1103 Μακροτέραν.
2402 1034 2661 1096 Μείζονα.

1962 1128 2180 1190 Οὕτως.
2217 1124 2284 1178 ἸΙ
2317 1124 2392 1187 ὡς
2434 1124 2691 1194 βεϐαίως.

1982 1217 2471 1284 Ἀναπειθόμεοα.
2524 1214 2613 1277 Ὠς
2648 1212 3086 1281 ἀναπειθόμενος
3131 1211 3237 1266 ὑπὸ
3268 1210 3377 1264 τῶν
3411 1211 3470 1266 ἓν

1898 1309 2134 1375 ὀνείροις
2182 1299 2440 1361 ἱλπίδων.

1971 1398 2049 1465 Τῇ
2069 1400 2273 1467 φύσει.
2308 1398 2431 1450 Τῶν
2461 1397 2786 1468 ἀνθρώπων.

1975 1491 2092 1557 Τὴν
2120 1489 2341 1558 ἀρχήν.
2389 1490 2481 1543 Ἐν
2513 1491 2696 1561 πενίᾳ,
2728 1491 2823 1543 καὶ
2864 1488 3112 1559 μόχθοις,
3144 1487 3242 1541 καὶ
3272 1484 3469 1555 στερήο

1902 1598 1982 1635 σει
2015 1582 2124 1633 τῶν
2169 1581 2433 1649 όρεκτῶν.
3317 1572 3325 1580 ’

1970 1672 2487 1739 Περικεχυμένων.
2526 1666 2631 1725 Ὧν
2661 1688 2791 1724 ποτε
2828 1666 2977 1739 εἶχον
3003 1672 3051 1722 οἱ
3086 1669 3255 1722 πίθοι.

1980 1764 2036 1816 '0
2073 1764 2447 1831 Προμηθεύς.
2487 1763 2553 1815 Ἦ
2594 1761 2761 1830 φύσις
2797 1762 2892 1814 τοῦ
2938 1762 3167 1829 κόσμου,
3223 1756 3317 1809 καὶ
3363 1756 3473 1810 τῶν

1900 1858 1959 1908 ὲν
1990 1855 2182 1925 κόσμῳ
2208 1854 2308 1921 μία
2349 1871 2434 1916 τις
2464 1853 2600 1906 οὖσα
2628 1852 2984 1922 πολυώνυμον
3009 1852 3135 1919 ἔσχε
3169 1850 3270 1919 τὴν
3301 1864 3479 1919 προσ-ι

1900 1950 2159 2020 ηγορίαν,
2190 1948 2261 2001 δι’
2289 1947 2357 2011 ἀς
2404 1948 2522 2015 εχει
2570 1946 2864 2014 διαφόρους
2908 1944 3170 2012 δυνάμεις
3198 1943 3291 1994 καὶ
3317 1942 3472 2007 ἐνερ-

1898 2042 2076 2109 γείας.
2123 2041 2214 2103 Ὠς
2254 2040 2355 2108 μὲν
2402 2040 2512 2109 γὰρ
2566 2039 2788 2091 πάντων
2843 2037 3015 2100 αίτία,
3053 2036 3271 2102 λέγεται
3312 2031 3473 2100 τύχη.

1898 2136 2009 2189 ἀπὸ
2055 2132 2151 2187 τοῦ
2186 2132 2405 2201 τεύχειν
2436 2131 2576 2199 μόνη
2606 2131 2676 2184 τὰ
2707 2130 2908 2183 πάντα·
2937 2128 3029 2180 διὰ
3056 2127 3112 2179 δὲ
3153 2126 3246 2178 τὸν
3281 2124 3473 2194 είρμὶν

1897 2228 1998 2293 τῆς
2027 2226 2331 2293 ἐπιπλοκῆς
2354 2224 2464 2276 τῶν
2504 2223 2695 2275 αἰτιῶν
2736 2222 2956 2287 λέγεται
2996 2217 3314 2286 εἱμαρμένη
3338 2229 3353 2245 ⁸
3384 2212 3473 2265 διὰ

1898 2319 1955 2370 δὲ
2003 2317 2065 2369 τὸ
2122 2315 2408 2382 ἀνίκητον,
2479 2313 2694 2380 ἀνάγκη
2718 2325 2734 2343 ο
2763 2311 2853 2363 διά
2895 2298 2953 2362 si
2979 2309 3038 2361 τὸ
3074 2304 3478 2377 μεμερισμένον

1898 2409 2043 2475 ἄλλῳ
2089 2406 2218 2460 ἄλλο
2260 2406 2475 2471 λέγεται
2514 2405 2676 2473 μοῖρα
2702 2419 2716 2434 ·
2749 2402 2843 2454 διά
2878 2401 2935 2452 δὲ
2965 2400 3025 2452 τὸ
3053 2396 3478 2465 ἀπαράτρεπτον

1898 2502 2005 2554 τῶν
2032 2502 2211 2569 ἔργων
2242 2498 2417 2565 αὐτῆς
2456 2494 2682 2562 λέγεται
2719 2496 2975 2564 άτροπος⁸
3010 2490 3098 2542 διὰ
3133 2488 3191 2541 δὲ
3220 2489 3280 2538 τδ
3303 2501 3477 2537 πεπεο

1900 2591 2174 2665 ρασμένον
2209 2589 2307 2657 τῆς
2353 2588 2674 2657 διοικήσεως
2722 2586 2915 2654 αὐτῆς,
2950 2582 3289 2651 πεπρωμένη
3317 2596 3330 2609 ·
3382 2580 3477 2633 διὰ

1899 2687 1956 2739 δὲ
2006 2688 2069 2737 τὸ
2129 2683 2411 2751 συμφέρον
2442 2682 2555 2733 τῶν
2585 2678 2996 2732 ἀποϐαινόντων
3029 2678 3141 2738 τοῖς
3166 2673 3479 2742 ἀνθρώποις

1896 2778 2121 2843 λέγεται
2163 2776 2391 2845 πρόνοια
2436 2774 2531 2824 καὶ
2565 2769 2910 2840 Προμηθεύς.
2944 2766 3236 2820 Κάνταῦθα
3281 2764 3466 2816 τοίνυν

1899 2872 1927 2923 ὁ
1962 2871 2215 2932 Συνέσιος
2257 2868 2319 2920 τὸ
2377 2865 2738 2937 προνοητικὸν
2781 2865 2878 2917 καὶ
2919 2862 3336 2934 προμηθητικδν
3379 2860 3478 2928 si;

1901 3053 1964 3092 ac
1990 3035 2328 3091 dormientes
2354 3034 2695 3089 somniorum
2716 3032 2846 3085 ﬁant
2869 3034 3227 3102 inspectores,
3261 3045 3478 3099 a'qunm

1901 3127 2065 3181 etiam
2101 3123 2545 3180 iueritomnibus
2577 3122 2743 3176 licere
2784 3131 2843 3176 ut
2879 3138 2937 3177 se
2971 3121 3255 3175 conferant
3301 3120 3367 3171 ad
3398 3120 3481 3172 di-

1902 3217 2123 3271 vinandi
2162 3216 2477 3277 artiﬁcium,
2509 3213 2653 3282 quod
2693 3212 2751 3265 [lt
2780 3229 2877 3281 per
2912 3213 3145 3272 somnia,
3200 3210 3314 3263 sive
3345 3209 3484 3263 divi-

1902 3319 2005 3371 tes,
2056 3309 2170 3361 sive
2206 3320 2474 3374 pauperes
2526 3306 2656 3371 sint,
2710 3304 2811 3357 viri
2845 3311 2940 3356 aut
2992 3303 3374 3364 mulieres,et.
3422 3306 3484 3357 ut

1903 3398 2092 3468 paucis
2123 3395 2477 3463 complectar,
2504 3394 2746 3463 cujusvis
2779 3392 2956 3447 aetatis
2991 3392 3261 3445 homines.

1978 3490 2056 3543 Ait
2089 3490 2276 3555 ipsam.
2312 3487 2657 3541 Somniorum
2684 3486 3101 3539 divinationem.

1981 3580 2337 3649 Prop/ietissa.
2390 3578 2664 3632 Divinatio
2694 3593 2815 3647 qua:
2848 3576 3081 3648 contigit
3127 3592 3225 3646 per
3268 3578 3381 3632 visa
3428 3585 3487 3632 et

1905 3683 2119 3743 spectra
2137 3671 2482 3725 dormientis.

1980 3765 2242 3834 Ampliori
2267 3765 2550 3831 voluptate.
2581 3762 2794 3833 Majori,

1984 3858 2295 3911 Incitamur.
2332 3855 2401 3911 Ut
2423 3855 2514 3923 qni
2547 3854 2847 3908 assentitur
2871 3868 2936 3907 ac
2966 3853 3213 3924 indulget
3256 3850 3372 3922 spei
3425 3858 3483 3905 et

214 3940 645 4001 Cantationibus,
679 3937 967 4006 praestigiis
1024 3945 1079 3989 et
1134 3933 1472 3988 carminibus
1511 3932 1807 3985 vincuntur
1908 3946 2303 4017 ρκςρορωιίοηί
2336 3944 2698 3999 somniorum.

217 4034 743 4104 opprimunturque,
764 4028 1112 4098 perSpicuum
1137 4039 1219 4081 est
1238 4026 1404 4079 etiam
1429 4025 1576 4093 ipsas
1602 4023 1803 4076 habere

217 4132 459 4182 animam
494 4124 726 4178 rationis
745 4136 1051 4191 expertem,
1076 4118 1534 4187 compositionem
1564 4124 1619 4169 et
1648 4129 1804 4168 cras-

219 4221 544 4276 situdinem.

310 4311 600 4364 Vexatione
627 4325 691 4361 ac
722 4305 1011 4360 molitione.
1047 4304 1117 4360 Ut
1143 4303 1308 4369 fabri,
1345 4314 1667 4365 structores,
1715 4318 1805 4355 ar-

219 4402 473 4459 chiteeii.

300 4494 367 4549 οι
398 4495 555 4546 actio.
586 4489 842 4544 Fatidice
873 4486 1228 4555 scientiaeque
1284 4486 1396 4540 illic
1442 4485 1678 4539 maxime
1711 4501 1806 4539 ne—
1843 4470 1882 4521 υ

218 4588 468 4658 gotiosm,
504 4582 556 4636 in
581 4597 687 4649 qua
724 4579 1121 4641 molestum,est
1166 4578 1580 4632 circumducere
1615 4592 1806 4630 neces-

220 4678 367 4733 saria
403 4674 469 4727 ad
501 4671 901 4726 divinationem
930 4669 1320 4722 instrumenta.

295 4766 551 4834 Maligna:
583 4764 827 4816 civitatis.
859 4762 1174 4815 lnvidorum
1202 4759 1545 4829 quorundam
1576 4759 1802 4813 civium.

296 4862 381 4915 Ex
415 4858 656 4926 imperio.
690 4855 733 4908 Ε
763 4869 861 4907 sua
901 4853 1143 4907 civitate.

302 4954 568 5019 [nsipiens
593 4956 691 5002 est.
725 4946 976 5000 Hominis
1001 4946 1145 4997 enim
1179 4944 1450 4997 dementis
1480 4943 1667 5000 fuerit.
1722 4944 1805 4995 in-

220 5046 367 5113 quit,
398 5038 773 5094 exterminare
817 5052 878 5088 εκ
927 5035 1064 5088 urbe
1108 5034 1212 5087 sibi
1244 5034 1461 5087 subdita
1497 5033 1802 5086 dormiendi

223 5134 543 5189 {.eultatem
582 5168 598 5191 ,
656 5127 891 5195 ideoque
931 5126 1073 5178 istud
1136 5125 1361 5193 quidem
1423 5124 1537 5177 ﬁeri
1592 5124 1804 5191 nequit.

222 5227 346 5280 Non
402 5221 600 5284 solum,
652 5218 751 5280 ait,
786 5215 1081 5270 inconsulti
1142 5232 1205 5268 ac
1247 5216 1560 5274 temerarii,
1617 5231 1802 5266 verum

224 5317 394 5370 etiam
430 5313 580 5379 impii
605 5310 791 5370 fuerit,
831 5319 1117 5376 propterea
1159 5309 1302 5376 quod
1335 5310 1508 5377 legem
1556 5308 1724 5359 sant-it
1754 5315 1806 5357 υι

226 5410 343 5463 Deo
377 5412 433 5458 et
462 5413 668 5456 natura:
700 5400 1051 5455 contrariam.
1090 5399 1299 5451 Etenim
1332 5400 1445 5451 sive
1476 5399 1639 5460 Deus,
1690 5414 1805 5451 Sive

226 5508 426 5555 natura
461 5509 714 5563 magnum
758 5494 903 5546 hunc
964 5493 1229 5560 valdeque
1275 5492 1647 5544 necessarium
1698 5502 1806 5541 sta-

231 5603 350 5645 tum
410 5599 465 5643 et
494 5590 750 5642 alla-ctum
805 5586 1025 5639 animali
1082 5587 1296 5646 insevit,
1356 5594 1415 5635 nt
1470 5585 1802 5652 quiesceret.

225 5682 501 5747 Quoniam
565 5681 750 5749 igitur,
802 5678 1000 5747 inquit,
1050 5678 1317 5730 hactenus
1368 5675 1804 5729 demonstratum

224 5784 313 5827 est
349 5772 715 5828 necesearittin
740 5786 858 5825 esse
902 5782 957 5823 ut
982 5785 1173 5822 munus
1214 5768 1460 5823 homines
1484 5768 1755 5821 dormiant
1790 5808 1803 5833 ,

1980 4038 2043 4091 In
2074 4053 2270 4089 natura
2296 4044 2392 4088 est.
2417 4034 2729 4089 Hominum.

1986 4129 2051 4183 Ut
2077 4131 2141 4182 ab
2184 4129 2355 4190 initio,
2400 4138 2453 4179 ut
2504 4128 2671 4196 prius.
2723 4126 2779 4179 in
2832 4126 3082 4195 penuria,
3137 4126 3400 4181 {erumnis
3432 4131 3492 4181 et

1910 4220 2223 4292 privatione
2262 4234 2444 4272 rcrmn
2482 4224 2934 4287 expetendarum.

1996 4313 2169 4366 Vitam
2202 4312 2682 4366 circumvenientes.
2712 4310 2860 4376 Quas
2894 4310 3155 4365 nimirum
3178 4309 3317 4363 dolia
3353 4323 3491 4365 con-

1911 4404 2181 4459 tinebant.

1985 4495 2346 4548 Prometheus.
2395 4493 2584 4547 Mundi
2628 4503 2845 4556 natura,
2898 4502 2951 4547 et
2980 4508 3170 4548 eorum
3203 4508 3324 4561 qua:
3361 4496 3491 4546 sun:

1918 4587 1969 4637 in
2012 4584 2239 4644 mundo,
2267 4599 2374 4637 una
2406 4599 2529 4637 cum
2563 4584 2655 4647 sit,
2686 4584 2875 4637 multis
2907 4583 3228 4637 nominibus
3243 4581 3491 4651 designa-

1914 4686 2019 4728 tam
2045 4672 2469 4742 appellationem
2496 4673 2762 4736 obtinuit,
2794 4672 2865 4725 ob
2892 4673 3177 4725 distinctas
3204 4670 3491 4723 facultates

1912 4776 1968 4819 et
2016 4765 2259 4819 oceultas
2288 4764 2457 4817 vires.
2496 4763 2656 4815 Vurhi
2713 4763 2910 4832 gratia,
2969 4762 3186 4815 fortuna
3240 4761 3487 4813 omnium

1913 4869 2074 4907 causa
2100 4852 2305 4906 dicitur
2340 4866 2481 4915 esse,
2516 4866 2584 4904 eo
2603 4851 2749 4920 quod
2790 4852 2904 4905 sola
2938 4850 3120 4905 omnia
3147 4850 3343 4913 struit;
3393 4850 3487 4901 sed

1915 4954 2139 5014 pwpter
2169 4944 2367 4997 seriem
2404 4956 2575 4995 nexus
2605 4958 2900 4995 causarum
2942 4940 3145 4995 dicitur
3182 4939 3377 5002 fatum,
3436 4948 3491 4993 et

1914 5037 1984 5088 ob
2030 5034 2450 5103 insuperabilem
2503 5035 2869 5102 invictamque
2910 5036 3031 5103 e;us
3079 5034 3361 5093 virtutem,
3398 5047 3493 5084 ne-

1914 5128 2142 5181 crssitas
2190 5125 2532 5193 appellatur;
2580 5141 2768 5180 verum
2805 5126 2932 5193 quia
2990 5124 3139 5178 aliud
3179 5124 3269 5177 alii
3307 5122 3494 5175 distri-

1916 5220 2123 5281 buitur,
2148 5228 2205 5272 ut
2236 5218 2308 5271 sit
2346 5218 2593 5286 ejusdem
2631 5218 2925 5285 particeps,
2964 5225 3312 5283 nuncupatur
3350 5230 3490 5267 sors.

1916 5315 1984 5365 At
2043 5311 2301 5379 quoniam
2354 5310 2476 5379 ejus
2525 5325 2690 5377 Opera
2728 5307 2993 5361 declinari
3048 5307 3332 5375 avertiqne
3385 5321 3491 5357 non

1916 5411 2167 5473 possunt,
2192 5400 2392 5454 dicitur
2414 5400 2650 5467 Atropos
2676 5415 2689 5463 ;
2722 5414 2869 5452 mors
2895 5398 3039 5451 enim
3062 5398 3269 5451 nemini
3297 5400 3490 5466 parcit,

1915 5510 2038 5547 cum
2076 5496 2148 5547 sit
2179 5492 2564 5546 inexorabilis:
2619 5492 2713 5545 sed
2764 5501 2991 5561 propter
3033 5492 3374 5545 exactionem
3427 5504 3492 5541 ac

1919 5583 2355 5636 terminationem
2394 5582 2568 5649 ipsius
2600 5582 3051 5649 diSpCIisationis,
3086 5582 3279 5634 Parca:
3327 5587 3381 5631 el
3418 5578 3491 5631 ob

1915 5677 2199 5730 Commoda
2233 5691 2355 5742 qua:
2407 5675 2725 5726 hominibus
2772 5675 3097 5736 adveniunt,
3135 5669 3483 5740 providentia

1916 5777 1972 5823 et
2009 5768 2388 5822 Prometheus.
2422 5766 2689 5831 Quocirca
2722 5766 2822 5821 hoc
2860 5766 2911 5819 in
2949 5765 3067 5820 loco
3100 5763 3361 5833 Syncsius
3396 5778 3492 5815 na-
