4286 6358
797 343 890 409 651
1976 350 2393 412 NICEPHORI
2432 355 2814 417 annonae

3947 363 4063 425 65‘!

790 461 1096 517 Academia:
1128 468 1436 513 seetatorcs
1466 459 1726 522 effectos;
1759 461 1852 514 Sui
1887 463 2008 514 rudi
2041 461 2355 529 incultaque
2388 465 2432 522 Α
2461 463 2482 513 ).

2388 465 2432 522 Α
2461 463 2628 526 Mra;
2679 462 2996 528 γεγονότας,
3042 462 3177 515 ἀ).λᾶ
3223 462 3347 534 ξένῃ
3393 465 3607 530 φύσεως
3660 468 3800 536 ἀνὴρ
3839 471 4059 531 ἐκεῖνος

791 554 961 606 solius
992 561 1201 605 natura:
1239 554 1433 604 virtute
1467 553 1550 602 vir
1584 552 1685 605 iste
1727 569 1879 617 usus,
1909 554 2217 622 prodigium
2255 570 2363 605 non

790 645 1078 697 minimum
1126 645 1407 712 sequentis
1456 645 1556 696 τιτινί
1605 647 1949 713 sapientibus
2001 661 2056 697 se
2089 646 2361 706 exhibuit,

789 750 951 802 quem
992 753 1091 805 ego
1129 750 1368 803 quoque,
1417 751 1542 788 eum
1590 737 1829 804 primum
1883 737 1950 790 de
1994 752 2060 790 eo
2092 739 2360 796 audirem.

791 831 934 882 inter
972 828 1199 890 inbutas,
1229 827 1298 880 ah
1330 829 1526 881 Atticis
1559 830 1723 880 alium
1765 829 1817 880 in
1851 830 2073 881 modum
2105 829 2361 882 ell‘orma-

791 934 892 983 ias,
925 922 1173 987 interque
1204 920 1458 987 figmenta
1497 922 1600 971 tida
1631 936 1859 987 prorsus
1891 921 2112 988 indigna
2146 921 2364 987 rejieie-

789 1015 934 1075 ham,
968 1011 1068 1062 hoc.
1104 1012 1294 1070 etiam,
1344 1011 1804 1078 quemadmodum
1843 1012 1996 1079 plura
2025 1012 2360 1076 Griecorum,

787 1103 1192 1172 antiquioribus
1224 1103 1403 1169 gentis
1445 1102 1607 1170 hujus
1640 1103 1851 1162 lusibus
1890 1103 2257 1155 acrensendo.

857 1196 1057 1247 Verum
1098 1204 1384 1263 postquam
1429 1195 1560 1246 mihi
1601 1194 2020 1248 consuetudinis
2057 1205 2168 1248 tuae
2214 1197 2361 1263 peri-

785 1290 967 1340 culum
995 1287 1172 1339 faecre
1203 1286 1384 1346 licuit,
1411 1287 1759 1353 nativamth
1795 1286 1996 1354 ingenii
2032 1289 2105 1339 tui
2133 1287 2366 1340 laculla-

788 1394 893 1433 tent
951 1380 1234 1449 experiri,
1296 1380 1874 1448 expeditissimamque
1948 1379 2095 1431 illam
2165 1379 2364 1447 linguae

784 1474 1305 1543 promptitudinem.
1364 1471 1608 1524 scientia:
1653 1473 1866 1524 cultura
1926 1472 2071 1525 haud
2130 1473 2361 1530 multum

786 1566 1120 1635 indigentem
1153 1579 1166 1613 :
1215 1577 1323 1614 non
1371 1561 1607 1630 amplius
1633 1561 1847 1623 eadem,
1881 1572 1937 1613 ut
1968 1562 2145 1629 prius,
2178 1563 2363 1628 pervi-

785 1656 936 1710 cacia
968 1655 1258 1709 sententia:
1289 1667 1423 1706 mete
1456 1652 1815 1714 inhwrebam,
1851 1668 2028 1721 neque
2061 1667 2172 1706 rem
2205 1661 2364 1705 natu-

784 1763 858 1796 ra:
889 1744 1025 1797 ﬁnes
1055 1743 1412 1797 excedentem
1449 1742 1797 1806 arbitrabar;
1844 1744 1936 1795 sed
1975 1742 2211 1795 inhibito
2272 1758 2364 1794 na-

2469 555 2694 623 δυνάμει
2720 556 3064 625 χρησάμενος
3095 559 3257 624 τέρας
3302 558 3446 622 εδοξε
3483 564 3595 622 τοῖς
3640 562 3830 614 ἔπειτα
3863 571 4058 632 σοφοῖς

2469 647 2526 695 οὐ
2593 647 2805 712 μικρὸν,
2870 648 2992 714 ἐμοὶ
3052 649 3109 700 δὲ
3165 651 3256 700 καὶ
3301 650 3470 718 μῦθος
3519 653 3690 715 άλλως
3759 657 4062 718 ἀττικίζων

2470 738 2723 790 ἀκούοντι
2757 741 3116 807 κατεφαίνετο
3141 741 3405 811 πρότερον
3445 744 3537 797 καὶ
3563 745 3786 814 πλάσμα
3818 748 4060 810 πίστεως

2471 830 2691 896 ἀπάσης
2722 829 3038 898 ὑπερόριον,
3086 833 3174 882 ἐπ’
3203 833 3390 894 ἄλλοις
3424 835 3516 885 καὶ
3560 836 3722 887 τοῦτο
3755 841 4058 907 προτέροις

2467 913 2553 969 οἷα
2581 921 2750 972 πολλὰ
2781 924 2848 971 τὰ
2894 922 3168 991 Ἑλλήνων
3201 923 3584 990 ξυμϐάλλοντι.

2550 1190 2667 1258 Ἀφ’
2697 1185 2756 1242 οτι
2785 1190 2840 1242 δὲ
2869 1190 2970 1258 τῆς
3013 1190 3115 1258 σῆς
3164 1191 3380 1260 ὁμιλίας
3410 1195 3490 1255 είς
3525 1179 3721 1267 πεῖραν
3751 1201 3888 1252 ίέναι
3929 1203 4060 1266 ξυν-

2468 1282 2782 1334 επεπτὼκει
2837 1301 2970 1351 μοι,
3030 1286 3126 1335 καὶ
3191 1285 3290 1352 τὴν
3345 1286 3594 1356 αὐτοφυῆ
3664 1289 3902 1353 ξυνιέναι
3955 1296 4061 1360 τῆς

2465 1375 2707 1436 διανοίας
2747 1374 3110 1443 παρασκευὴν
3142 1377 3237 1427 καὶ
3272 1379 3370 1446 τὴν
3405 1380 3467 1430 ού
3520 1379 3668 1448 μάλα
3698 1383 3900 1454 πολλῆς
3929 1387 4061 1456 δεη-

2469 1469 2650 1519 θεῖσαν
2675 1468 3107 1536 ὲπιστημονικῆς
3139 1471 3414 1537 γεωργίας
3448 1472 3682 1540 ἀρίστην
3710 1475 3813 1542 τῆς
3870 1479 4061 1543 γλώτ-

2466 1577 2564 1627 της
2592 1558 2908 1628 περιϐολὴν,
2939 1560 3038 1612 οὐκ
3071 1561 3148 1612 ἔθ’
3175 1562 3249 1622 ὡς
3287 1563 3557 1631 πρότερον
3592 1565 3931 1629 ὲνστατικῶς
3956 1570 4060 1621 τοῦ

2466 1650 2735 1718 δόγματος
2759 1652 3008 1720 εἰχόμην,
3045 1652 3167 1703 οὐδὲ
3223 1655 3331 1704 τῶν
3365 1655 3584 1721 φύσεως
3630 1658 3794 1725 ὄρους
3825 1661 4063 1728 παριόν-

2466 1759 2575 1792 των
2604 1741 2663 1792 ἓν
2697 1759 2748 1793 τι
2777 1742 2837 1794 τὸ
2865 1743 3101 1812 πρᾶγμα
3130 1743 3410 1812 ἐνόμιζον,
3435 1745 3575 1798 ἀλλὰ
3604 1746 3862 1817 πρύμναν
3893 1767 4064 1818 κρου-

784 1837 912 1906 vigii
947 1836 1263 1904 cursu,jam
1300 1834 1602 1903 pauxillum
1637 1836 1705 1888 de
1750 1836 1854 1897 hac
1899 1844 2080 1887 mente
2124 1836 2365 1903 depone-
2397 1814 2441 1872 Β
2473 1857 2476 1875 ι

2397 1814 2441 1872 Β
2473 1837 2706 1897 σάμενος
2748 1831 2998 1902 ἀφῄρουν
3025 1832 3127 1901 ἠδη
3157 1850 3206 1885 τι
3267 1835 3428 1887 τοῦτο
3460 1835 3554 1888 νοῦ
3608 1814 4058 1908 καὶ-παρέλυον,

785 1924 907 1976 ham
970 1923 1435 1992 relaxabamque,
1487 1925 1648 1976 simul
1698 1939 1830 1977 vero
1896 1925 2084 1985 etiam,
2156 1934 2215 1978 ut
2267 1941 2365 1994 par

784 2027 889 2079 cst,
949 2018 1119 2084 ipsam
1182 2031 1364 2069 rerum
1424 2025 1676 2069 naturam
1730 2017 1943 2069 ratione
1993 2018 2364 2085 pervestigare

784 2110 1046 2170 conabar,
1084 2110 1329 2179 dixique.
1371 2127 1497 2164 cum
1541 2129 1703 2180 aqua,
1751 2129 1781 2165 e
1813 2113 2054 2166 nubibus
2102 2114 2167 2166 ad
2203 2123 2365 2168 terra:

787 2205 1250 2257 humectalionem
1282 2205 1560 2271 deﬂuens,
1602 2222 1665 2259 ex
1698 2208 1856 2276 aquis
1902 2209 2128 2262 marinis
2172 2224 2235 2261 ac
2266 2207 2364 2260 ﬂu-

785 2298 1022 2350 vialibus
1061 2300 1347 2361 Consistat,
1398 2298 1646 2367 profecto
1695 2301 1862 2353 etiam
1915 2302 2141 2354 ﬂuvium
2188 2302 2364 2354 solum

786 2392 994 2457 alisque
1029 2390 1273 2445 nubibus
1305 2399 1506 2444 terram
1545 2394 1863 2446 humectare
1898 2408 2079 2462 posse,
2104 2395 2367 2462 quemad-

789 2484 1010 2537 modum
1039 2483 1219 2537 Nilum
1253 2484 1514 2538 audimus
1547 2484 1758 2539 haustis
1805 2501 1834 2539 e
1870 2494 2027 2540 terra:
2060 2487 2366 2541 visceribus

791 2575 952 2630 undis
996 2576 1193 2644 pluvia:
1219 2575 1392 2629 vicem
1427 2576 1639 2640 subire,
1686 2591 2019 2646 omnemque
2066 2575 2363 2648 Aigyptum

788 2666 1036 2736 irrigare.
1067 2667 1197 2732 Qum
1232 2682 1355 2719 cum
1406 2666 1478 2719 ita
1510 2666 1639 2728 sint,
1686 2667 1859 2720 multo
1893 2668 2062 2736 magis
2097 2668 2202 2721 tale
2232 2667 2363 2736 quid

788 2760 854 2812 de
891 2759 1114 2813 homine
1143 2769 1388 2813 statuere
1418 2761 1625 2822 licebit,
1660 2762 1702 2814 si
1741 2761 1866 2829 quis
1897 2776 2082 2813 secum
2121 2771 2364 2829 reputet,

791 2854 1029 2905 animam
1054 2851 1377 2905 rationalem
1420 2867 1484 2905 ex
1525 2862 1719 2906 natura
1749 2853 1971 2921 quidem
2018 2868 2116 2906 sua
2165 2855 2368 2920 pra'via

789 2947 1038 2999 omnium
1073 2947 1430 2999 scientiarum
1457 2945 1653 2998 notitia
1681 2945 1946 3001 imbutam
1977 2961 2119 3009 esse,
2143 2954 2370 3014 propter

789 3038 1042 3107 corporis
1072 3053 1206 3092 vero
1247 3038 1573 3108 gravitatem
1611 3037 1963 3106 perturbari,
2006 3037 2245 3106 hincque
2277 3053 2372 3091 ne-

2469 1924 2584 1991 ἅμα
2613 1924 2670 1976 δὲ
2707 1925 2795 1976 καὶ
2846 1925 2988 1992 λόγῳ
3021 1927 3338 1994 βασανίζειν
3393 1931 3725 2001 ἐπεχείρουν
3779 1932 3882 2002 τὴν
3939 1933 4059 1986 τῶν

2467 2018 2636 2068 ὄντων
2662 2017 2848 2086 φύσιν,
2883 2019 2958 2080 ὼς
2988 2020 3135 2081 είκδς
3169 2021 3265 2072 καὶ
3291 2021 3507 2090 ἔλεγον,
3539 2024 3615 2087 ὼς
3644 2023 3733 2094 ἄρ’
3769 2027 3962 2094 ἐπειδὴ
3999 2030 4065 2079 τὸ

2468 2109 2556 2160 διὰ
2585 2110 2765 2175 νεφῶν
2797 2112 3104 2180 καταρρἑν
3145 2111 3288 2183 ὕδωρ
3321 2116 3376 2176 ἐς
3413 2118 3511 2185 τὴν
3548 2117 3772 2184 ἁρδείαν
3801 2120 3896 2187 τῆς
3951 2123 4062 2188 γῆς

2470 2203 2530 2254 Ex
2559 2219 2615 2254 τε
2647 2201 2950 2255 θαλαττίων
2983 2207 3074 2256 καὶ
3111 2209 3402 2274 ποταμίων
3431 2209 3642 2262 ὑδάτων
3681 2212 3833 2264 ἐστίν
3855 2229 3870 2244 ο
3907 2214 4064 2274 είκὺς

2469 2290 2641 2356 δήπου
2675 2293 2766 2343 καὶ
2793 2294 3040 2362 ποταμὸν
3063 2295 3184 2362 δίχα
3215 2297 3392 2362 νεφῶν
3423 2298 3609 2367 ἄρδειν
3634 2299 3896 2352 δύνασθαι
3927 2301 4064 2368 γῆν,

2472 2386 2723 2456 καθάπερ
2748 2386 2938 2438 Νεῖλον
2965 2388 3240 2458 ἀκούομεν
3265 2391 3328 2441 ἐκ
3363 2392 3464 2459 γῆς
3497 2392 3777 2454 ύετὶζοντα
3806 2394 3901 2444 καὶ
3926 2393 4067 2462 ὃλην

2469 2479 2567 2546 τὴν
2599 2479 2876 2544 Αἴγυπτον
2907 2479 3160 2545 ἄρδοντα.
3197 2481 3255 2532 Εἰ
3287 2481 3343 2533 δὲ
3374 2481 3522 2533 τοῦθ’
3558 2482 3726 2546 οὕτω,
3769 2485 3951 2552 πολλῷ
3997 2503 4066 2550 γε

2468 2571 2642 2641 δήπου
2677 2571 2883 2639 μᾶλλον
2911 2571 3002 2622 ἐπ’
3037 2571 3329 2640 ἀνθρώπου
3363 2573 3562 2637 δέξαιτ’
3597 2575 3662 2627 ἄν
3696 2592 3748 2626 τι
3784 2575 4068 2638 τοιοῦτον,

2471 2663 2640 2724 εἴτις
2688 2661 3092 2728 συλλογίσαιτο,
3126 2664 3224 2732 τὴν
3276 2667 3377 2733 τῆς
3430 2667 3626 2732 νοερᾶς
3674 2668 3855 2736 ψυχῆς
3893 2670 4070 2736 φύσιν

2471 2755 2779 2822 προειδέναι
2815 2757 2913 2824 μὲν
2967 2759 3062 2818 τὰς
3100 2760 3433 2826 ἐπιστήμας,
3460 2760 3548 2811 διὰ
3602 2759 3657 2812 δὲ
3693 2764 3792 2828 τὴν
3823 2760 3915 2811 τοξ
3951 2760 4070 2812 σώ-

2475 2863 2641 2914 ματος
2672 2847 3056 2899 συνθολοῦσθαι
3117 2849 3460 2915 ὲμὸρίθειαν,
3488 2850 3785 2902 κάντεῦθεν
3806 2854 4070 2920 ἀναμνῆ-

2474 2956 2587 2999 σεις
2633 2940 2878 3006 γίνεσθαι
2925 2943 3022 3003 τὰς
3069 2941 3307 3011 θύραθεν
3357 2944 3493 3011 αὐτῇ
3541 2944 3805 3013 μαθήσει,
3861 2944 4071 3012 ὥσπερ

2471 3031 2859 3098 ἐπιγενομένου
2903 3033 3208 3100 νοσήματος
3239 3034 3559 3100 φαρμάκου,
3592 3035 3654 3085 ού
3693 3035 3801 3103 μὴν
3829 3037 3887 3086 ἐν
3909 3035 4074 3087 ἄττα-

789 3134 1098 3184 cessitalem
1149 3131 1304 3191 oriri,
1351 3138 1412 3182 ut
1462 3131 1809 3183 extrinsecus
1859 3145 1954 3197 per
1988 3130 2364 3198 disciplinam.
2397 3141 2481 3219 Ct

2397 3162 2439 3219 C
2475 3139 2578 3185 σιν,
2614 3121 2688 3183 ὣς
2722 3122 2773 3188 γ’
2797 3121 3000 3176 ἔοικεν.
3036 3123 3196 3184 Εἰκὸς
3229 3125 3338 3192 γὰρ
3362 3126 3454 3176 καὶ
3487 3125 3675 3194 ψυχῶν
3702 3128 3838 3192 πρὸς
3873 3127 4070 3194 ψυχὰς

790 3223 948 3292 quasi
973 3221 1234 3292 applicita
1269 3220 1446 3275 morbi
1486 3220 1723 3282 medela,
1762 3219 2187 3274 reminiscentize
2223 3220 2370 3272 exci-

795 3321 1002 3378 tentur,
1047 3327 1115 3366 eo
1169 3320 1348 3366 tamen
1390 3311 1608 3374 ordine,
1665 3318 1724 3362 ut
1762 3310 1876 3362 hiec
1926 3310 2224 3362 necessitas
2261 3324 2368 3362 non

790 3404 908 3472 pari
939 3403 1100 3457 modo
1130 3417 1188 3456 se
1235 3399 1301 3455 ad
1351 3415 1542 3454 omnes
1591 3399 1873 3453 extendat.
1921 3400 2370 3452 Consentaneum

791 3497 995 3566 quippe
1045 3506 1153 3560 est,
1197 3509 1319 3547 eum
1370 3493 1584 3546 animas
1629 3492 1774 3544 inter
1821 3505 1885 3545 ac
1935 3505 2163 3559 corpora
2209 3504 2366 3556 mque

793 3605 1050 3659 magnum
1079 3587 1384 3657 reperietur
1413 3585 1729 3648 discrimen,
1766 3594 1824 3637 ut
1849 3583 2148 3637 nobiliores
2170 3584 2374 3634 anima:

2475 3213 2639 3282 οὔσης
2665 3215 2930 3284 διαφορᾶς
2983 3219 3077 3267 καὶ
3120 3217 3415 3284 σωμάτων,
3469 3218 3606 3288 πρὸς
3649 3218 3897 3285 σώματα,
3935 3219 4074 3284 ξυν-

2476 3306 2706 3374 δραμεῖν
2750 3307 2844 3356 καὶ
2899 3307 3254 3376 συνεζεῦχθαι
3300 3309 3476 3377 δήπου
3527 3310 3624 3361 καὶ
3669 3311 4074 3377 γενναιοτέραν

2477 3397 2656 3467 ψυχὴν
2680 3399 3128 3469 εἰλικρινεστέρῳ
3155 3403 3284 3452 ποτὲ
3318 3401 3559 3470 σώματι,
3587 3402 3884 3455 κάντεῦθεν
3907 3403 4038 3454 οῐιιο
4055 3432 4075 3443 ο

2478 3490 2570 3542 Θεν
2599 3491 2742 3559 ἔχειν
2765 3491 2982 3553 ἀπόνως
3001 3495 3200 3561 χωρεῖν
3226 3495 3281 3554 ἐς
3313 3494 3412 3562 τὴν
3438 3493 3546 3545 τῶν
3570 3494 3744 3547 ὄντων
3769 3496 4070 3564 περίνοιαν

2480 3582 2602 3650 δίχα
2633 3581 2740 3632 τῶν
2770 3581 3007 3650 θύραθεν
3042 3584 3406 3653 μαθημάτων.

794 3699 923 3737 cum
950 3681 1350 3736 sinceriorihus
1403 3679 1727 3748 corporibus
1778 3685 2113 3730 concurrant
2163 3691 2225 3728 ac
2297 3683 2772 3742 coagmententur,
2829 3676 3020 3743 sicque
3062 3677 3131 3730 ab
3191 3678 3406 3746 origine
3463 3693 3560 3731 sua
3636 3678 3888 3733 facultate
3929 3693 4074 3748 εσυ-

794 3781 979 3838 deant,
1016 3777 1164 3829 nullo
1198 3776 1417 3845 negotio
1448 3774 1658 3842 absque
1688 3773 1932 3824 externis
1965 3769 2274 3838 disciplinis
2307 3769 2361 3821 in
2407 3772 2624 3838 plenam
2659 3786 2846 3824 rerum
2882 3772 3130 3825 omnium
3160 3772 3414 3825 notitiam
3440 3773 3796 3841 pervadendi.

868 3869 1153 3938 Multiplici
1188 3869 1355 3936 igitur
1383 3882 1449 3921 ex
1488 3866 1668 3935 capite
1708 3864 1973 3917 maximas
2016 3863 2114 3915 tibi
2162 3862 2366 3930 gratias

793 3966 988 4023 debeo.
1015 3962 1159 4032 quod
1186 3961 1443 4014 videlicet
1475 3973 1560 4012 me
1587 3958 1822 4028 primum
1853 3957 2115 4009 diuturna
2149 3954 2369 4008 dubita-

795 4060 944 4112 tione
988 4055 1243 4109 liberaris
1270 4052 1536 4121 prmclaro
1565 4065 1629 4103 ac
1674 4048 1970 4118 magniﬁco
1997 4047 2220 4117 ingenio
2250 4055 2365 4110 tuo,

795 4169 825 4203 e
881 4166 991 4219 quo
1047 4145 1472 4218 prudentissima
1529 4143 1700 4197 veluti
1757 4143 2065 4196 scaturiunt
2113 4139 2366 4198 consilia,

796 4240 1070 4308 quodque-
1103 4238 1229 4290 dein
1271 4234 1713 4289 benevolentiam
1763 4233 1910 4286 illam
1952 4225 2177 4285 minime
2222 4232 2371 4282 fuca-

798 4345 927 4395 tam,
961 4345 1124 4400 quam
1162 4328 1321 4382 nobis
1357 4327 1617 4380 exhibere
1664 4325 1900 4394 coepisti,
1942 4323 2057 4392 pari
2107 4322 2273 4384 modo
2302 4321 2369 4375 de

797 4427 885 4480 die
917 4425 972 4477 in
1004 4423 1152 4476 diem
1181 4421 1495 4483 continues,
1525 4418 1762 4471 maxime
1794 4427 2002 4480 autem,
2034 4417 2180 4484 quod
2241 4415 2369 4469 ille-

2545 3865 2645 3915 Διὰ
2692 3863 2756 3933 δὴ
2795 3863 2974 3916 ταῦτα
3022 3864 3201 3917 πάντα
3253 3864 3608 3927 παντοδαπὰς
3649 3867 3935 3934 ὁμολογεῖν
3983 3881 4074 3920 σοι

2472 3957 2570 4018 τὰς
2605 3957 2836 4025 χάριτας
2862 3957 3148 4024 ὀςειλέτης
3185 3957 3328 4025 είμὶ,
3365 3958 3446 4008 ὃτι
3479 3975 3537 4008 τε
3573 3961 3791 4026 μακρᾶς
3817 3959 4073 4026 ἀπορίας

2474 4051 2617 4119 ἔχεις
2659 4051 2978 4112 ἀπαλλάξας
3014 4051 3115 4119 ἐμὲ
3149 4050 3352 4134 δηλαδὴ
3401 4053 3469 4119 τῇ
3503 4052 3730 4120 γενναίᾳ
3761 4053 3854 4102 καὶ
3886 4069 4076 4119 μεγα-

2473 4146 2665 4212 λοφυεῖ
2696 4143 2901 4211 διανοίᾳ.
2930 4161 3045 4204 σου,
3079 4142 3136 4209 ἐξ
3167 4139 3233 4214 ἦς
3264 4135 3437 4195 εἰπεῖν
3469 4143 3535 4196 τὰ
3566 4144 3729 4195 κεδνὰ
3765 4143 4074 4212 βλαστάνει

2483 4234 2826 4304 βουλεύματα
2854 4233 2950 4286 καὶ
2986 4234 3068 4286 ὅτι
3117 4235 3258 4288 πάνυ
3292 4252 3372 4286 τοι
3412 4236 3617 4304 σφόδρα
3652 4236 3890 4304 γνησίως
3942 4236 4076 4289 δια-

2479 4326 2590 4378 θεὶς
2645 4326 2870 4378 σεαυτὸν
2925 4325 3012 4393 ἐφ’
3046 4327 3216 4395 ἡμᾶς,
3253 4327 3313 4378 ού
3365 4327 3665 4387 διαλείπεις
3727 4328 3819 4378 τὸν
3877 4330 4078 4394 ὅμοιον

2480 4419 2681 4487 τρόπον
2713 4419 2768 4480 ὲς
2802 4417 2868 4470 τὰ
2897 4419 3085 4487 πρόσω
3117 4418 3194 4487 τῷ
3245 4419 3426 4487 χρόνῳ
3463 4419 3806 4486 προϐαίνειν,
3842 4420 4074 4481 πάντως

801 4519 932 4570 stris
963 4514 1144 4584 lingua
1183 4525 1271 4566 tua
1302 4512 1481 4579 largas
1513 4507 1652 4560 adeo
1681 4508 1734 4560 in
1768 4521 1854 4561 me
1898 4505 2091 4559 laudes
2114 4505 2382 4559 etfundat.
2419 4491 2493 4555 ί).

2419 4491 2463 4548 ί)
2489 4510 2544 4560 δὲ
2571 4509 2801 4560 καὶτῶν
2829 4509 3067 4560 ἐπαίνων
3113 4509 3323 4570 ἕνεκεν,
3383 4507 3479 4570 οὓς
3514 4509 3806 4570 πλουσίους
3841 4511 3983 4577 ἡμῖν
4041 4514 4074 4579 ὴ

797 4609 1009 4662 Censeo
1039 4619 1192 4668 vero,
1223 4603 1389 4655 etiam
1431 4599 1729 4668 Phrygium
1760 4597 1916 4650 illum
1956 4595 2283 4664 sapientem,
2315 4607 2373 4649 et

797 4707 1073 4770 quotquot
1131 4695 1269 4748 alios
1318 4693 1494 4746 eidem
1554 4690 1762 4744 similes
1828 4697 2046 4756 tempus
2117 4687 2370 4756 protulit,

801 4803 1024 4858 magnas
1060 4786 1126 4854 (si
1178 4784 1304 4853 quis
1349 4784 1457 4836 illis
1500 4779 1721 4848 sensus)
1781 4788 1992 4832 natura:
2039 4788 2142 4832 tua:
2170 4778 2374 4847 gratias

799 4878 1021 4939 debere,
1049 4892 1143 4944 per
1173 4890 1336 4943 quam
1372 4873 1509 4925 inira
1542 4870 1608 4924 de
1641 4869 1774 4938 ipsis
1808 4870 2008 4922 tradita
2035 4870 2145 4935 jam
2192 4879 2372 4922 astru-

803 4980 994 5030 untur,
1025 4977 1189 5035 atque
1218 4965 1468 5019 confessa
1493 4973 1547 5017 et
1583 4971 1739 5016 extra
1765 4977 1927 5016 omne
1947 4961 2175 5014 dubium
2203 4961 2374 5014 collo-

803 5073 921 5116 cata
962 5060 1288 5114 redduntur.

1422 5195 1481 5248 ll.
1509 5194 1744 5246 Zarida'.

2483 4596 2711 4666 λαμπρά
2743 4614 2836 4649 σου
2887 4597 3180 4665 χαρίζεται
3241 4598 3490 4663 γλῶσσα.
3539 4598 3680 4663 Ἐγὼ
3734 4599 3788 4649 δὲ
3821 4600 3916 4650 καὶ
3969 4600 4074 4650 τὸν

2478 4692 2712 4759 Φρύγιον
2767 4692 2974 4741 ἐκεῖνον
3030 4690 3192 4756 σοφδν
3229 4691 3610 4757 ἀποφαίνομαι
3671 4689 3768 4740 καὶ
3821 4689 4078 4751 εῖτινας

2483 4782 2600 4832 κατ’
2634 4783 2840 4833 ἐκεῖνον
2877 4784 2905 4833 ό
2933 4781 3122 4850 χρόνος
3164 4781 3389 4849 ἐτέρους
3421 4783 3756 4852 προήνεγκε,
3815 4783 4079 4848 μεγάλας

2484 4872 2559 4940 (εἴ
2584 4890 2667 4935 τις
2702 4872 2976 4941 αἴσθησις)
3018 4873 3300 4941 ὁμολογεῖν
3333 4891 3428 4924 σου
3464 4877 3530 4944 τῇ
3560 4875 3720 4942 φύσει
3770 4874 3869 4935 τὰς
3902 4875 4080 4942 χάρι-

2481 4981 2600 5026 τας.
2657 4963 2723 5015 δι’
2752 4958 2818 5034 ἦς
2848 4967 2909 5016 τὸ
2943 4963 3123 5016 αὐτῶν
3187 4964 3586 5031 βεῦαιώσαντες
3641 4965 3823 5034 θαῦμα
3869 4968 4083 5033 ὁμολο-

2482 5053 2750 5123 γούμενον
2771 5057 2907 5122 ἡμῖν
2935 5055 3237 5123 παρέδοσαν
3271 5055 3369 5124 ήδη
3399 5057 3490 5108 καὶ
3519 5055 3916 5122 ἀναμφίῦολον.

3010 5196 3084 5250 ιιι.
3127 5195 3209 5261 Τῷ
3259 5197 3507 5265 Ζαρίδη.

1643 5306 1936 5369 (μνοιὶσεεῑει
1957 5307 2170 5357 Extraits
2200 5309 2283 5358 des
2309 5323 2450 5371 "333.,
2484 5320 2600 5361 tom.
2629 5310 2734 5372 ΧΗ,
2764 5317 2905 5373 parte
2924 5325 2974 5371 ιι,
3002 5326 3051 5373 p.
3085 5313 3193 5372 22.)

1019 5419 1374 5476 Proverhium
1407 5417 1598 5471 dicens
1630 5457 1645 5482 ,

877 5515 1030 5582 Quod
1070 5513 1226 5568 amici
1258 5512 1377 5564 loco
1404 5520 1614 5562 remoto
1650 5508 1895 5562 viventes
1945 5509 2056 5577 jam
2113 5523 2218 5561 non
2251 5517 2379 5561 sunt

807 5613 990 5675 amici,
1016 5608 1140 5662 inde
1173 5623 1200 5660 a
1230 5605 1392 5674 longo
1421 5614 1666 5671 tempore
1698 5616 1860 5655 aures
1884 5616 2032 5655 meas
2060 5603 2382 5669 obstrepue-

809 5715 916 5769 rat,
949 5703 1109 5756 [idem
1132 5708 1186 5754 et
1215 5707 1453 5751 mentem
1481 5711 1655 5748 meam
1686 5694 2024 5756 lacessendo,
2060 5695 2131 5748 ita
2158 5694 2378 5760 quidem

809 5809 872 5857 ut
897 5811 1174 5867 nunquam
1209 5808 1274 5846 ex
1309 5791 1490 5845 animo
1535 5805 1596 5842 ac
1622 5787 2044 5858 cogitationibus
2093 5787 2254 5854 plane
2288 5802 2381 5839 cx-

2715 5417 2775 5469 'll
2808 5420 2906 5485 μὲν
2946 5420 3243 5488 παροιμία,

2561 5510 2736 5579 Τηλοῦ
2774 5512 2918 5578 φίλοι
2951 5512 3190 5570 ναίοντες
3221 5509 3320 5561 οὐκ
3357 5509 3498 5560 είσὶν
3531 5508 3677 5577 φίλοι
3703 5549 3717 5572 ,
3753 5513 4085 5581 φάσκουσα,

2488 5605 2606 5659 ταῖς
2631 5604 2790 5671 ἐμαῖς
2813 5604 2980 5654 πάλαι
3005 5601 3172 5652 πολὺν
3195 5601 3294 5670 ήδη
3322 5602 3515 5669 χρόνον
3535 5600 3849 5670 ὴνιῖιχληκεν
3871 5604 4085 5670 ἀκοαῖς

2487 5699 2726 5758 πίστεως
2778 5696 3084 5748 ἀπαιτιιῦια
3129 5697 3367 5762 ἐχέγγυα
3392 5737 3405 5757 ,
3440 5697 3534 5746 καί
3561 5713 3684 5747 τινα
3725 5697 3901 5748 πειθὼ
3929 5716 4085 5768 προ-

3382 5786 3471 5816 ι-,Ιιῗ

2487 5787 2791 5857 ῦι>.>,ομὲνη
2855 5788 3211 5854 εὐπρόσωπον
3265 5787 3319 5849 ές
3382 5787 3500 5838 τόδε
3567 5789 3867 5853 παρέμεινε
3931 5797 4082 5853 τοὺς
