4286 6358
244 373 354 434 665

1654 377 1774 440 EPI
1785 378 2059 440 8ΤΟΙ..¹Ε.

3399 387 3505 456 666

239 488 339 539 καὶ
357 484 597 554 ὁπηνίκα
614 484 761 538 δοκεῖ
787 499 899 538 τισι
928 485 1073 540 κατά
1109 486 1328 542 παιδιάν
1343 505 1396 542 τι
1429 489 1626 554 ποιεῖν,
1658 489 1690 561 ἢ
1731 489 1832 556 μύ-
1861 505 1902 559 Α
1938 482 2070 575 ίσως
2114 491 2410 561 ἀσχήμονι,
2475 482 2872 560 συγκαλύπτει,
2935 496 3030 550 καὶ
3088 493 3181 549 τὸν
3244 488 3503 551 Ὀδυσσέα

241 578 370 640 θους
394 578 590 644 λέγων,
606 577 641 648 ἢ
658 577 901 645 γενέσεις
917 576 1080 641 θεῶν,
1097 577 1130 648 ἢ
1146 579 1331 648 φιλίας
1348 580 1552 644 αὐτῶν,
1567 582 1599 648 ἢ
1622 580 1823 647 ἔριδας,

244 671 282 738 ἢ
303 684 457 732 τινας
480 669 691 738 ἔρωτας
711 669 1078 741 φαυλοτέρους
1125 670 1221 724 καὶ
1253 670 1612 740 ζηλοτύπους·
1634 674 1759 736 τοὺς
1779 673 1826 725 δ’

242 761 446 822 αὐτοὺς
475 761 566 813 καὶ
590 759 909 823 ἐπιϐούλους
939 760 1396 831 γνωριζομένους
1427 761 1463 816 ἀ
1486 764 1579 814 καὶ
1603 763 1825 829 εὐπερι-

245 852 502 915 σκέπτως
519 851 666 921 δρῶν
692 869 775 916 τις
811 852 1125 921 μωμήσαιτ⁹
1156 851 1224 904 ἂν
1249 854 1508 915 ἐπιεικῶς
1531 851 1606 921 τῷ
1645 851 1821 921 ἀνδρί.

242 947 394 1002 Νοῦν
416 949 524 1018 7&9
543 950 570 1000 ό
601 949 744 1011 θεῖος
770 947 926 1011 οὗτος
956 949 1053 1002 άνθ
1062 963 1242 1017 ρωπος
1263 949 1554 1018 προῖστησι
1569 947 1664 1000 τοῦ
1683 964 1822 999 παν-

241 1041 338 1102 τὸς
357 1039 604 1109 ἡγεμόνα
631 1055 644 1070 ·
670 1039 840 1109 μηδὲν
861 1038 1102 1109 φλαῦρον
1127 1039 1327 1104 είπεῖν,
1353 1038 1476 1108 μηδ’
1489 1037 1818 1101 ἀλυσιτελὲς,

239 1133 290 1185 εί
319 1131 414 1185 καὶ
442 1132 536 1200 τῆς
564 1133 856 1201 ποιητικῆς
886 1132 1097 1184 ἐκείνου
1139 1130 1334 1200 μανίας
1355 1169 1370 1194 ,
1412 1131 1511 1199 οὐχ
1540 1124 1642 1182 οἶοί
1666 1128 1716 1181 τ’
1770 1131 1820 1181 ὲ-

245 1225 390 1292 σμὶν
428 1223 631 1286 ίκανῶς
669 1222 1018 1285 καθικέσθαι,
1050 1225 1078 1277 ὃ
1100 1239 1150 1275 τι
1184 1222 1250 1277 ἂν
1283 1223 1547 1292 βούλοιτο.
1577 1221 1692 1275 Νῦν
1720 1223 1818 1291 μὲν

241 1317 355 1386 7&9
386 1317 670 1384 θεολογίας
691 1316 1086 1387 περιδιδάσκει,
1126 1316 1222 1369 νῦν
1253 1316 1309 1368 δὲ
1344 1315 1686 1376 θεοσεϐείας
1727 1313 1818 1366 ὁτὲ

239 1408 299 1461 δὲ
362 1410 576 1475 γένεσιν
606 1406 702 1461 τοῦ
740 1409 940 1469 παντὸς
989 1406 1267 1471 διέξεισιν,
1309 1406 1502 1458 ἄλλοτε
1541 1404 1816 1474 φυσικούς

239 1515 398 1560 τινας
425 1494 674 1551 ὲκδίδωσι
706 1499 919 1567 λόγουςο
955 1498 1056 1568 καὶ
1099 1497 1384 1567 στοιχείων
1417 1498 1558 1567 πρὸς
1612 1496 1818 1564 ἄλληλα

237 1591 338 1644 νῦν
372 1590 473 1659 μιν
501 1591 812 1655 κοινωνίαν,
839 1592 936 1644 νῦν
985 1591 1033 1645 δ’
1082 1591 1404 1644 ἑναντίωσιν
1432 1589 1734 1658 φιλοσοφεῖ,
1767 1590 1814 1641 εί

239 1679 339 1732 καὶ
363 1678 539 1732 ταῦτά
567 1697 631 1745 γε
661 1681 765 1750 δρᾷ
800 1682 856 1732 ὲν
883 1680 1238 1751 προσχήματι
1285 1678 1623 1749 φαυλοτέρῳ·
1658 1675 1814 1741 αὖθις

239 1769 300 1822 δὲ
331 1770 680 1824 καταϐαίνων
725 1771 938 1824 ἐκεῖθεν
989 1772 1066 1833 ὡς
1118 1772 1228 1824 ἀπό
1282 1788 1430 1832 τινος
1486 1770 1808 1839 περιωπῆς,

238 1860 596 1915 πολιτεύεται
651 1862 794 1931 μετά
856 1863 966 1914 τῶν
1025 1864 1146 1916 δποι
1207 1855 1425 1932 δεήσει,
1477 1863 1572 1915 καὶ
1621 1861 1810 1931 τέχνας

240 1955 510 2017 παντοίας
555 1957 651 2009 καὶ
687 1955 1099 2028 ίπιτηδεύματα
1157 1955 1435 2026 μεθοδεύει
1466 1957 1558 2009 καὶ
1591 1954 1810 2007 διατάτ-

237 2063 419 2114 τεται,
471 2048 549 2111 ὡς
598 2048 706 2120 χρὴ
731 2049 981 2116 γίνεσθαι
1007 2049 1183 2104 ταῦτα
1232 2051 1328 2102 καὶ
1360 2048 1434 2111 ὡς
1481 2047 1809 2116 γινομένων,

237 2141 464 2209 ἄριστον
486 2139 563 2204 ὧς
596 2141 742 2204 είκδς
766 2140 1070 2210 ἀπαντήσει
1098 2141 1194 2193 καὶ
1220 2141 1390 2204 τέλος·
1431 2141 1494 2194 ού
1535 2139 1642 2210 μὴν
1675 2139 1810 2192 ἀλλὰ

236 2231 335 2284 καὶ
371 2232 537 2294 λαοὺς
584 2231 703 2302 μετ’
737 2232 1057 2302 ἐπιστήμης
1087 2233 1309 2302 κοσμεῖ,
1337 2232 1430 2283 καθ.
1464 2231 1814 2299 παιδαγωγεῖ

239 2322 507 2394 τρόπους·
552 2325 647 2376 καὶ
693 2324 951 2396 ῥυθμίζει
978 2323 1180 2394 ψυχάς,
1224 2326 1288 2377 οὐ
1321 2323 1455 2393 πρὸς
1483 2325 1684 2386 έαυτάς
1713 2325 1810 2394 μό-

240 2431 382 2480 νον,
449 2415 589 2468 ἀλλά
652 2417 750 2469 καὶ
807 2416 944 2486 πρὸς
994 2417 1228 2485 ἀλλήλας
1288 2411 1348 2469 εὖ
1410 2415 1806 2485 ἁρμοζόμενος.

250 2509 501 2578 Ἐλέγχει
536 2509 583 2562 δ’
613 2509 726 2563 ἔσθ’
765 2510 854 2562 ὅτε
906 2511 1004 2562 καὶ
1049 2509 1295 2579 διασύρει
1332 2510 1626 2576 σκαιότητα
1667 2509 1808 2576 γνώο

245 2619 384 2672 μης,
429 2604 523 2656 καὶ
553 2602 796 2672 ἀμαθίαν
835 2602 932 2654 καὶ
959 2602 1188 2670 ἄγνοιαν
1213 2617 1227 2632 ·
1260 2603 1355 2654 καὶ
1391 2603 1498 2654 πᾶν
1526 2601 1708 2655 ὁτιοῦν
1731 2603 1809 2664 είς

236 2691 439 2755 κακίας
471 2693 810 2763 ἀναφέρεται
835 2693 1040 2763 τρόπον
1064 2732 1082 2758 ,
1134 2691 1228 2747 καὶ
1255 2694 1354 2762 τῆς
1383 2694 1631 2762 χείρονος
1656 2694 1811 2764 μερί-

235 2783 327 2846 δος
351 2784 680 2854 γνωρίζεται
703 2799 719 2815 ⁸
749 2784 945 2855 ἐχθρὸν
979 2782 1080 2854 μὲν
1113 2785 1182 2854 τῇ
1214 2784 1357 2850 θεία,
1393 2785 1583 2854 ὲχθρδν
1633 2786 1689 2838 δὲ
1739 2788 1808 2856 τῇ

237 2877 562 2948 ἀνθρωπίνῃ
608 2878 772 2944 φύσει
810 2877 1025 2933 τελοῦν.
1071 2877 1337 2942 Καθάπαξ
1377 2879 1420 2932 δ’
1461 2880 1656 2941 είπεῖν,
1698 2895 1811 2931 κοι-

239 2973 331 3026 νδν
364 2972 561 3025 ἑαυτὸν
607 2971 902 3042 καθίστησι
936 2974 1050 3034 τοῖς
1096 2971 1405 3044 ἀνθρώποις
1437 2971 1809 3025 διδασκαλεῖον

236 3065 388 3118 θείου
421 3065 519 3116 καὶ
544 3064 888 3133 ἀνθρωπίνου
925 3064 1274 3133 μαθήματος.

1932 581 2225 652 προῖστησι
2281 583 2581 651 κεφάλαιον
2632 583 2728 636 τοῦ
2765 584 2973 653 βιϐλίου
3002 601 3014 614 ·
3061 587 3212 650 ὅπως
3239 589 3377 657 μετά
3403 587 3503 657 τὴν

1929 674 2133 728 ἀλωσιν
2161 674 2258 729 τοῦ
2305 676 2484 740 Ἰλίου,
2517 677 2706 730 νόστου
2756 680 2853 731 σὺν
2903 680 3016 740 τοῖς
3047 679 3254 748 ἑτέροις
3281 679 3500 749 ἁψάμε-

1927 766 2038 831 νος,
2066 766 2286 831 πολλοῖς
2321 769 2467 838 μάλα
2518 769 2841 822 τούντεῦθεν
2867 773 2962 823 καὶ
2996 771 3253 841 μεγάλοις
3282 774 3498 847 κακοῖς,

1926 859 2022 910 καὶ
2096 859 2220 929 μηδ’
2261 860 2524 930 ἀριθμεῖν
2571 863 2776 924 ίκανοῖς
2829 862 2981 914 οῦσιν
3017 865 3170 927 ίσως,
3221 862 3322 933 οὐχ
3350 863 3499 923 ὅπως

1925 949 2021 1004 καὶ
2054 951 2196 1005 κατά
2245 952 2476 1021 μέγεθος
2517 953 2777 1016 καθάπαξ
2813 956 3061 1017 σκοπεῖν,
3088 957 3116 1008 ό
3151 955 3317 1018 πολὺς
3351 957 3498 1009 ἐκεῖ·

1924 1061 2012 1105 νος
2045 1044 2144 1106 τάς
2197 1045 2392 1113 τέχνας
2423 1046 2516 1097 καὶ
2561 1046 2632 1098 τά
2668 1045 3022 1115 βουλεύματα
3051 1049 3401 1113 περιέπεσεν.
3435 1050 3498 1102 El

1921 1139 2030 1206 7&9
2069 1138 2230 1199 εὐθὺς
2250 1138 2392 1190 οὕτω
2425 1140 2660 1209 κατέστη
2694 1141 2787 1191 ἐπὶ
2823 1140 2882 1192 τὸ
2921 1140 3179 1209 πρᾶγμα,
3210 1140 3399 1204 ὕπτιος
3431 1141 3499 1194 ἂν

1922 1229 2065 1294 εδοξε
2099 1234 2197 1284 καὶ
2221 1231 2439 1300 ,ἀχρους
2483 1235 2594 1294 τοῖς
2629 1232 2870 1296 πολλοῖς,
2920 1232 3021 1284 οὐκ
3062 1233 3202 1302 ἔχων
3230 1233 3498 1301 οὐμενοῦν

1921 1314 2197 1382 τοσοῦτον,
2230 1319 2346 1373 οὕτ⁸
2374 1322 2432 1388 ἐξ
2468 1322 2712 1388 ἱστορίας
2740 1323 2949 1387 ἁπλῶς,
2977 1321 3092 1375 οὔτ’
3114 1325 3178 1375 ὲκ
3207 1323 3304 1392 τῆς
3329 1323 3497 1392 mn;

1920 1413 2217 1480 ποιητικῆς
2248 1412 2504 1475 ἐξουσίας
2549 1414 2730 1465 ἐλθεῖν
2766 1414 2857 1465 ὲπὶ
2912 1413 3012 1482 τὴν
3066 1413 3348 1466 ὑπόθεσιν.
3382 1413 3497 1464 Νῦν

1917 1501 1962 1554 δ’
1993 1504 2075 1554 ὃτι
2120 1519 2227 1572 περ
2256 1503 2430 1566 οὕτως
2463 1503 2814 1572 ὲμεθόδευσε,
2857 1503 2952 1560 τὸν
3009 1504 3212 1556 σκοπὸν
3248 1506 3495 1574 ἐκατέρῳ

1921 1596 2074 1665 μέρει
2103 1595 2164 1648 τὸ
2208 1597 2485 1665 προσῆκον
2531 1596 2733 1664 ἔνειμε·
2768 1599 2832 1665 τῇ
2869 1614 2927 1648 τε
2974 1597 3082 1666 7&9
3132 1597 3351 1664 ποιήσει
3395 1596 3496 1664 τὴν

1923 1688 2132 1756 συνήθη
2171 1689 2479 1758 παρέσχετο
2518 1689 2703 1758 χλιδὴν
2735 1690 2829 1741 καὶ
2886 1689 3093 1757 ἁϐρῶς,
3134 1687 3276 1741 ὥστε
3329 1689 3497 1757 μηδα-

1923 1780 2040 1850 μῶς
2081 1782 2290 1834 ἐκεῖθεν
2342 1781 2686 1843 κολούεσθαι,
2713 1782 2808 1834 καὶ
2834 1780 2911 1849 τῷ
2949 1782 3234 1850 πράγματι
3267 1783 3310 1832 δ’
3347 1780 3494 1849 αύτῷ

1917 1869 1978 1921 τὸ
2026 1870 2206 1938 πάντη
2241 1870 2352 1923 σῶν
2379 1868 2539 1933 εἶναι,
2585 1873 2681 1924 καὶ
2716 1870 2938 1940 μηδενός
2980 1888 3041 1938 γε
3071 1872 3350 1939 λελεῖφθαι
3385 1870 3494 1921 τῶν

1914 1960 1996 2020 είς
2058 1960 2219 2014 τοῦτο
2276 1963 2570 2029 φερόντων.
2632 1963 2752 2016 Κᾶν
2838 1964 2944 2034 γὰρ
3012 1964 3274 2033 ἱστορίαις
3345 1962 3492 2031 μάλα

1914 2050 2143 2114 πολλαῖς
2206 2052 2303 2102 καὶ
2361 2051 2556 2120 μύθοις
2605 2053 2755 2116 ὅσοις
2803 2055 3176 2124 ποικίλληται,
3221 2053 3334 2107 ἀλλ’
3384 2053 3488 2104 οὐδ’

1913 2142 2088 2207 οὕτως
2127 2144 2424 2214 ἀφίσταται
2474 2146 2664 2216 πόρρω
2689 2148 2784 2215 τῆς
2815 2147 3144 2211 ὑποθέσεως,
3175 2145 3250 2208 ὡς
3288 2146 3362 2214 μὴ
3395 2144 3492 2214 τὴν

1912 2236 2174 2306 ταχίστην
2236 2237 2546 2302 ἐπανιέναι,
2595 2237 2690 2290 καὶ
2754 2238 2824 2290 τά
2872 2238 3015 2291 κατά
3066 2242 3158 2290 τὸν
3220 2237 3488 2290 Ὀδυσσέα

1916 2327 2062 2399 πάθη
2085 2327 2358 2392 διεξιέναι,
2398 2322 2476 2382 ὧν
2510 2329 2696 2381 εἵνεκα
2728 2319 2976 2398 πλαγίως
3021 2329 3110 2382 ἔπ’
3136 2331 3319 2382 ἐκεῖνα
3355 2328 3488 2397 ἐλή-

1913 2419 2070 2474 λυθε.
2104 2421 2214 2473 Καὶ
2247 2422 2322 2491 μή
2356 2439 2439 2486 τις
2497 2421 2733 2492 οἰηθείη,
2763 2422 2838 2485 ὡς
2863 2421 3088 2490 πλάσμα
3130 2422 3190 2474 τὸ
3224 2422 3490 2492 παράπαν

1915 2515 2117 2584 ἐστὶνὴ
2146 2516 2367 2582 ποίησις
2401 2515 2646 2586 Ὁμήρῳ,
2673 2514 2841 2583 ἀνδρα
2873 2515 2996 2569 τινὰ
3022 2517 3486 2585 προστησαμένῳ,

1911 2608 1970 2668 ὃς
1990 2608 2128 2677 μήτε
2153 2607 2393 2670 τοιοῦτος
2416 2609 2604 2676 γέγονε
2637 2608 2855 2661 πώποτε
2877 2610 3018 2678 μήτε
3036 2610 3348 2676 γενήσεται,
3377 2601 3489 2660 οἷον

1910 2691 2068 2762 οὗτός
2099 2714 2264 2766 φησι·
2297 2699 2539 2751 τοιοῦτόν
2566 2716 2618 2752 τι
2647 2701 2711 2752 ὲκ
2733 2699 3018 2770 ποιητικῆς
3041 2699 3223 2760 ἀδείας
3259 2699 3487 2768 ἐτόλμη-

1917 2807 2034 2855 σεν,
2059 2791 2169 2844 οὐδ’
2197 2790 2371 2853 οὕτως
2395 2790 2459 2843 ἂν
2496 2791 2803 2861 ἐλυμήνατο
2831 2792 2910 2861 τῷ
2944 2791 3155 2860 σκοπῷ,
3180 2791 3282 2853 ἕως
3309 2792 3375 2843 τά
3408 2792 3487 2843 εί-

1913 2884 2054 2936 κότα
2085 2881 2229 2935 κατὰ
2259 2881 2463 2951 πολλὴν
2495 2883 2814 2952 περιουσίαν
2847 2882 3018 2935 ἐδίδου
3045 2883 3124 2952 τῷ
3154 2883 3462 2952 πράγματι.

1985 2976 2166 3027 Ἴσασι
2199 2974 2398 3036 πάντες
2429 2975 2551 3026 καθ’
2589 2973 2646 3027 ἒν
2678 2977 2771 3028 κα¹ι
2806 2974 2904 3027 σὺν
2937 2974 3031 3027 δύο
3073 2975 3355 3036 πολλάκις.
3393 2975 3487 3026 καὶ

1911 3069 2075 3122 πλέον
2127 3069 2159 3137 ἦ
2207 3069 2305 3121 σὺν
2337 3067 2429 3120 δύο
2464 3067 2690 3120 τοιαῦτα
2739 3068 2887 3137 πάθη
2937 3067 3313 3138 συμϐαίνοντα
3362 3069 3479 3128 τοῖς

314 3157 454 3209 Ἀλλ’
484 3157 538 3208 εί
561 3157 668 3227 πέρ
697 3173 800 3220 τις,
835 3159 861 3209 ὁ
883 3155 1055 3225 μέγας
1084 3149 1242 3218 οὗτος
1273 3157 1423 3225 ἥρως
1453 3159 1518 3225 τῇ
1547 3159 1803 3226 ποιητικῇ
1838 3183 1880 3240 c
1914 3159 2222 3230 ἀνθρώποις
2248 3177 2260 3190 ·
2295 3161 2388 3214 καὶ
2436 3161 2612 3222 οὐδεὶς
2647 3159 2767 3212 οὔτε
2814 3161 2907 3213 τοῦ
2964 3161 3199 3229 πάσχειν
3229 3159 3354 3213 οὕτε
3388 3159 3485 3212 τοῦ

239 3249 419 3320 μούσῃ
445 3248 815 3317 ἐξείργασται,
843 3248 939 3300 καὶ
971 3247 1085 3299 τόδε
1136 3249 1279 3317 μάλα
1319 3248 1666 3316 ἐξείργασται
1696 3247 1807 3300 ῶσ-

239 3358 349 3413 περ
379 3358 432 3394 τι
470 3339 702 3409 μάθημα
732 3337 873 3392 θεῖον
917 3341 1031 3401 τοῖς
1073 3339 1384 3408 ἀνθρώποις
1434 3339 1688 3392 ἐνθεῖναι·
1725 3340 1810 3394 ῐνα

233 3433 483 3503 δηλονότι
527 3433 666 3502 πρὸς
692 3432 764 3483 τά
797 3431 1188 3501 συμπίπτοντα
1231 3435 1382 3504 παρὰ
1413 3431 1515 3500 τῆς
1548 3431 1682 3503 ὕλης
1714 3434 1811 3486 καὶ

231 3526 346 3579 τῶν
373 3525 481 3590 ἔξω
520 3523 893 3594 πραγμάτων,
933 3525 1033 3576 ὅσα
1089 3523 1227 3594 τύχῃ
1274 3525 1385 3577 τινὶ
1438 3527 1532 3576 καὶ
1575 3527 1810 3596 πονηρίᾳ.

235 3617 564 3689 ἀνθρώπων,
594 3617 689 3669 καλ⁵
719 3616 784 3689 δὴ
820 3618 912 3670 καὶ
938 3616 1165 3686 γνώμης
1206 3617 1505 3687 φαυλότητι
1548 3618 1648 3687 τῆς
1681 3636 1807 3687 σφε-

234 3712 424 3782 τέρας,
460 3711 554 3763 καὶ
580 3708 792 3781 ἀμαθίᾳ
825 3709 976 3762 τουτὶ
1004 3709 1085 3762 δεῖ
1112 3713 1290 3762 ποιεῖν
1329 3710 1521 3772 κακῶς
1571 3711 1806 3780 μάλιστα

237 3805 549 3874 πάσχομεν,
600 3804 886 3873 φρονίμως
941 3801 1088 3871 μάλα
1137 3803 1232 3854 καλ
1272 3801 1667 3872 μεγαλοψύχως
1719 3808 1809 3856 καὶ

238 3896 510 3965 γενναίως
572 3893 908 3963 ἀπαντῶμεν
939 3911 950 3923 ·
987 3893 1106 3947 ἀλλ’
1165 3894 1434 3964 οὐμενοῦν
1484 3896 1803 3969 ὲκδιδῶμεν,

231 3987 355 4042 οὐδὲ
403 3984 897 4057 καταπροδιδῶμεν
926 3987 985 4039 τὸ
1014 3987 1113 4056 τῆς
1150 3987 1364 4056 φύσεως
1393 3988 1635 4058 ἀξίωμα,
1668 4008 1807 4059 συμ-

237 4078 710 4148 μεταϐαλλόμενοι
742 4081 856 4140 τοῖς
889 4079 1199 4146 γινομένοις
1232 4080 1494 4133 ἑκάστοτε
1517 4120 1530 4143 ,
1561 4082 1660 4134 καὶ
1687 4083 1808 4135 τού-

231 4189 344 4224 των
371 4170 533 4223 πλέον
559 4172 672 4233 τοῖς
699 4169 1041 4239 ἀϐουλήτοις.
1067 4167 1187 4224 Εἶδε
1212 4173 1319 4241 γάρ
1356 4173 1417 4224 ὲκ
1447 4174 1549 4242 τῆς
1581 4176 1802 4244 πείρας,

231 4257 347 4315 οἷον
384 4261 626 4330 μάλιστα
690 4261 800 4314 τῶν
858 4260 1037 4314 ἀλλων
1087 4262 1274 4314 κακῶν
1327 4263 1440 4326 τοῖς
1498 4265 1805 4334 ἀνθρώποις

230 4350 558 4423 ἑπηρεάξει,
616 4353 711 4404 καὶ
763 4351 901 4420 πρὸς
950 4353 1112 4406 ἑαυτὸ
1159 4352 1254 4406 τὸν
1302 4355 1504 4424 τρόπον
1535 4357 1803 4426 ἐξίστησι,

234 4444 411 4511 συχνὰ
444 4443 747 4511 συμϐαῖνον
781 4445 843 4496 ὲκ
872 4443 1169 4496 πολυειδῶν
1195 4445 1307 4497 τῶν
1339 4446 1548 4512 αἰτίων,
1579 4448 1737 4500 ὁποία
1769 4450 1802 4517 ἠ

1915 3249 2057 3305 εῐναι
2108 3254 2276 3321 χωρὶς
2312 3255 2561 3320 γέγονεν,
2617 3253 2674 3316 ὃς
2713 3253 2864 3305 ταῦτ’
2911 3255 3119 3322 ἀγνοεῖ·
3180 3253 3353 3315 άλλως
3391 3270 3482 3315 τε,

1914 3343 2059 3397 τοῦτ’
2088 3346 2209 3415 άνῆ
2243 3345 2344 3415 τῆς
2374 3346 2665 3415 ποιητικῆς
2697 3346 3008 3416 ἐλευθερίας
3036 3343 3104 3416 ῆν
3134 3345 3271 3408 ὅλως
3310 3345 3482 3409 ἀξιον,

1914 3436 2054 3490 ὥστε
2123 3435 2335 3490 τοιοῦτό
2380 3455 2434 3489 τι
2498 3439 2627 3507 περὶ
2687 3436 2850 3490 αὑτοῦ
2903 3438 3243 3507 λογίσασθαι,
3298 3438 3330 3507 ἢ
3385 3440 3483 3504 τῆς

1913 3529 2170 3596 ἀληθείας
2210 3530 2382 3598 αὐτῆς
2426 3531 2518 3583 καὶ
2562 3529 2656 3583 τοῦ
2704 3531 3039 3599 πράγματος
3062 3570 3077 3595 ,
3110 3531 3169 3581 ὲν
3207 3524 3251 3596 ᾧ
3281 3530 3483 3591 πάντες

1916 3621 2072 3686 ἴσμεν
2101 3620 2361 3673 Ὀδυσσέα
2394 3621 2517 3672 τινά
2567 3622 2954 3690 πολυμήχανον
2987 3621 3272 3689 ἄνθρωπον
3321 3638 3484 3689 γεγο-

1910 3712 2059 3776 νότα,
2098 3711 2328 3781 βασιλέα
2384 3710 2601 3782 Ἰθάκης
2652 3714 2748 3763 καὶ
2807 3711 3220 3780 Κεφαλλήνων,
3256 3711 3480 3782 προσέτι

1909 3809 2002 3862 καὶ
2041 3810 2254 3879 πατέρα
2291 3807 2550 3876 Σίσυφον,
2598 3809 2693 3861 καλ.
2750 3809 2977 3862 πάππον
3008 3808 3314 3860 Αὐτόλυκον
3337 3823 3352 3836 ⁶
3388 3805 3481 3869 οὓς

1910 3902 2004 3953 καὶ
2036 3899 2189 3963 δίκας
2235 3900 2406 3952 τίνειν
2479 3901 2538 3951 ἐν
2580 3898 2707 3969 ᾅδου
2762 3900 2895 3966 φασὶ
2950 3898 3234 3968 μοχθηρᾶς
3295 3898 3481 3951 εἵνεκα

1909 3991 2157 4061 γνώμης·
2189 3991 2284 4044 καὶ
2324 3991 2388 4060 δὴ
2436 3991 2533 4044 καὶ
2555 3993 2793 4058 γυναῖκα
2855 3993 3174 4062 Πηνελόπην
3199 4031 3214 4056 ,
3248 3993 3480 4062 ἀρίστην

1907 4088 2183 4154 γυναικῶν
2212 4085 2308 4138 καὶ
2345 4089 2602 4154 σώφρονα
2666 4088 2761 4139 καὶ
2811 4087 3080 4155 κοσμίαν
3137 4086 3230 4136 καὶ
3264 4085 3477 4152 πατέρα

1907 4179 2111 4248 ταύτης
2141 4178 2398 4248 Ἰκάριον,
2449 4179 2544 4230 καὶ
2589 4180 2704 4231 υίδν
2737 4179 2792 4231 δὲ
2836 4179 3098 4247 μονογενῆ
3129 4179 3473 4247 Τηλέμαχον.

1905 4272 1968 4326 Et
1999 4272 2092 4324 τὸν
2124 4269 2384 4323 Ὀδυσσέα
2427 4270 2654 4339 πλάσμα
2689 4271 2916 4339 δοίημεν
2952 4265 3092 4323 εἶναι
3123 4271 3201 4338 τῷ
3249 4273 3448 4338 ποιητῆ

1906 4359 2023 4422 πῶς
2059 4358 2235 4411 ταῦτα
2259 4358 2434 4426 τούτῳ
2464 4360 2844 4429 συμϐήσεται,
2873 4360 2970 4412 καὶ
2999 4360 3177 4429 πολλῷ
3207 4360 3261 4412 δὲ
3294 4361 3476 4412 πλειο-

1906 4467 1973 4502 να
2007 4449 2213 4502 τούτων
2249 4449 2494 4516 ὀνόματά
2539 4466 2598 4501 τε
2648 4451 2741 4502 καὶ
2804 4452 3148 4519 πράγματα;
3185 4453 3246 4504 Εἰ
3288 4452 3343 4503 δὲ
3383 4453 3477 4504 καὶ

232 4535 576 4603 πολύτροπος
614 4536 725 4587 τῶν
764 4537 1115 4604 πραγμάτων
1161 4538 1381 4608 κίνησις
1411 4538 1650 4608 δαψιλῶς
1685 4543 1803 4594 ὲπι-
1836 4534 1877 4585 ί)
1909 4542 2134 4611 δοίημεν
2162 4540 2318 4603 ὃλως,
2350 4541 2444 4592 καὶ
2482 4540 2648 4610 λῆρος
2685 4544 2868 4595 ἐκεῖνα
2910 4543 3067 4596 πάντ’
3099 4544 3182 4612 είη
3226 4545 3474 4614 Ὁμήρῳ,

231 4630 484 4698 χορηγεῖν
517 4626 613 4679 νῦν
650 4629 749 4695 μὲν
790 4628 933 4681 οὕτω
972 4630 1204 4699 πάσχειν
1234 4632 1404 4699 ἡμᾶς,
1427 4632 1523 4684 νῦν
1553 4634 1608 4684 δὲ
1638 4633 1803 4687 οὕτωσ

232 4721 330 4774 καὶ
371 4716 453 4781 οἷς
482 4721 578 4772 καὶ
637 4711 698 4771 οῦ
752 4719 924 4771 ταῦτα
961 4722 1191 4787 γίνεται·
1313 4723 1375 4791 δὴ
1416 4726 1510 4776 καὶ
1556 4728 1808 4796 κρεῖττον

231 4813 329 4881 τῆς
361 4812 641 4881 ποιήσεως
673 4813 753 4864 ἔνι
791 4812 980 4883 μέρος,
1012 4814 1088 4876 ὡς
1140 4815 1221 4876 είς
1274 4817 1456 4885 μάχην
1487 4819 1609 4871 τινὰ
1654 4819 1810 4887 μεγί-

229 4922 367 4974 στην
391 4905 616 4974 ἀνδρίας
685 4906 1108 4967 ἀντικαταστάς,
1139 4910 1237 4960 καὶ
1285 4911 1670 4977 περιγενέσθαι
1717 4929 1805 4978 φι-

227 4997 554 5062 λονεικήσας
601 4997 778 5048 δεινοῦ
841 5013 987 5057 τινος
1054 5000 1148 5050 καὶ
1198 4999 1415 5068 ἀμάχου
1453 5003 1803 5069 πράγματος

225 5088 382 5141 οὐδὲν
412 5089 520 5158 γὰρ
569 5087 746 5140 ἐδόκει
797 5091 1038 5141 τοιοῦτον
1086 5090 1163 5158 τῷ
1218 5095 1440 5161 ποιητῇ,
1476 5091 1590 5144 οἷον
1622 5094 1804 5163 ψυχάς

227 5179 538 5248 ἀνθρώπων
594 5181 814 5233 ὁπλίσαι
871 5181 950 5242 είς
1008 5181 1303 5251 καρτερίαν
1329 5183 1437 5233 τῶν
1480 5187 1797 5253 συμφορῶν,

231 5268 323 5334 αἷς
357 5274 490 5341 ἡμῖν
521 5273 783 5324 ἑκάστοτε
816 5272 1176 5339 περιπίπτειν
1215 5274 1527 5342 συμϐαίνει.

306 5363 468 5415 Οὕτω
523 5364 578 5414 δὲ
629 5363 766 5429 πρὸς
800 5363 958 5415 τοῦτο
1009 5362 1188 5425 καλῶς
1247 5369 1798 5436 παρεσκευασμένος,

229 5457 330 5508 οὐκ
361 5456 426 5507 ἐκ
457 5453 552 5507 τοῦ
580 5455 891 5523 προφανοῦς
917 5455 1014 5522 τὴν
1046 5455 1300 5524 βούλησιν
1345 5458 1682 5526 ἀνομολογεῖ,
1727 5461 1801 5521 ὡς

230 5547 586 5615 προκηρύξαι
610 5548 668 5598 τὸ
697 5549 930 5616 πρᾶγμα
962 5550 1056 5600 καὶ
1080 5548 1204 5600 ὅτου
1231 5550 1390 5617 χάριν
1419 5550 1797 5617 διαγωνίζεται

229 5639 518 5706 προειπεῖν
544 5652 558 5668 ο
590 5636 728 5688 ἀλλά
770 5639 861 5688 καὶ
905 5638 1001 5707 τῆς
1035 5639 1129 5690 τοῦ
1167 5639 1327 5705 λόγου
1357 5639 1535 5704 ἀξίας.
1570 5642 1661 5692 καὶ
1695 5644 1796 5710 μά-

227 5729 389 5781 λιστα
439 5728 539 5797 τῆς
591 5729 884 5798 ποιητικῆς
930 5731 1129 5800 ἀρετῆς
1182 5732 1437 5799 φροντίδα
1492 5733 1795 5802 τιθέμενος,

233 5819 370 5881 τέως
415 5821 512 5888 μὲν
562 5822 654 5875 τὸν
698 5827 899 5875 σκοπὸν
945 5822 1272 5892 προσωπείῳ
1322 5824 1450 5888 τινὶ,
1484 5809 1623 5878 οὐδέ
1641 5825 1798 5879 τοῦτο

1910 4635 2004 4685 καὶ
2041 4633 2155 4695 τοῖς
2187 4631 2367 4692 ἄλλοις
2418 4631 2527 4682 τῶν
2563 4633 2826 4701 ποιητῶν,
2867 4633 3148 4696 αίδεστέος
3183 4636 3419 4703 μάλιστα
3450 4639 3477 4689 ὁ

1910 4726 2066 4794 ἀνὴρ,
2101 4726 2184 4778 ὅτι
2241 4724 2411 4794 μηδὲν
2461 4724 2597 4792 ἔχων
2653 4727 2828 4776 εἰπεῖν
2885 4743 3007 4778 τινα
3063 4727 3171 4778 τῶν
3221 4728 3478 4780 ἁπάντων

1908 4814 2151 4868 τοσαῦτα
2184 4815 2491 4867 πεπονθότα
2520 4817 2821 4885 πράγματα
2845 4856 2859 4880 ,
2903 4819 3054 4885 ὅμως
3088 4820 3251 4881 αὐτὸς
3295 4821 3475 4871 τετόλ-

1913 4923 2055 4975 μηκε
2085 4907 2417 4970 πλάσασθαι,
2460 4908 2527 4960 ἵν’
2570 4910 2633 4961 ἐκ
2664 4910 3114 4980 παραδείγματος
3154 4911 3476 4981 τηλικούτου

1908 5000 2134 5066 διδάξειε
2161 5002 2287 5061 τοὺς
2315 5001 2641 5070 ἀνθρώπους
2676 5003 2752 5072 μὴ
2783 5004 3166 5071 δυσχεραίνειν
3188 5007 3309 5066 ταῖς
3340 5023 3476 5074 συμο

1908 5088 2119 5158 φοραῖς,
2163 5091 2299 5161 μηδὲ
2357 5095 2470 5154 τοῖς
2517 5092 2710 5153 δεινοῖς
2762 5094 3182 5160 ύποκλίνεσθαι,
3213 5096 3336 5148 ἀλλ’
3374 5100 3474 5149 άν-

1907 5185 2097 5252 δρείως
2128 5187 2438 5239 ἐνίστασθαι
2467 5187 2608 5239 κατά
2640 5186 2770 5252 γοῦν
2805 5188 3034 5256 δύναμιν
3083 5190 3456 5260 ἀνθρωπίνην,

1908 5275 2044 5343 πρὸς
2089 5278 2348 5343 τοιαύτην
2381 5277 2671 5344 βλέποντες
2707 5278 2931 5346 στήλην.
2970 5278 3106 5330 Οὔτε
3133 5283 3260 5354 γάρ,
3296 5277 3473 5350 οἶμαι,

1909 5366 2099 5418 πενίαν
2137 5365 2347 5434 ὀδύρετ’
2380 5366 2446 5418 ἄν
2495 5383 2580 5427 τις
2638 5366 2829 5420 ἐνθάδε
2882 5371 3047 5437 ὀρῶν,
3104 5373 3196 5423 καὶ
3256 5373 3322 5424 τά
3377 5373 3473 5425 τοῦ

1903 5458 2086 5526 ἥρωος
2130 5457 2350 5509 σκοπῶν
2403 5459 2759 5526 ἀτυχήματα,
2808 5459 2929 5512 οὔτε
2987 5463 3311 5530 γύμνωσιν,
3361 5464 3473 5517 οὔτ’

1905 5549 2120 5615 ὲξορίαν
2144 5588 2159 5611 ,
2203 5551 2262 5600 οὐ
2296 5550 2556 5615 ναυάγιον
2581 5590 2595 5609 .
2650 5552 2913 5618 οὐμενοῦν
2961 5554 3022 5604 οὐ
3076 5556 3377 5616 κινδύνους,
3410 5560 3471 5606 οὐ

1904 5641 2137 5710 πλάνην,
2176 5643 2273 5693 οὐκ
2325 5643 2621 5711 ἐπιϐουλὴν
2672 5644 2861 5711 φίλων,
2894 5647 2989 5714 οὐχ
3014 5647 3247 5715 ἑταίρων
3271 5652 3464 5702 duom-

1905 5735 2026 5802 λὴν,
2055 5736 2114 5786 οὐ
2145 5734 2373 5787 θάνατον
2401 5735 2584 5801 αὐτὸν,
2615 5736 2647 5789 ᾖ
2680 5737 2831 5805 παρὰ
2860 5740 2958 5806 τῆς
2993 5740 3205 5806 φύσεως
3251 5743 3282 5812 ἢ
3321 5747 3472 5812 παρὰ

1901 5825 1998 5894 τῆς
2034 5825 2230 5890 ἔξωθεν
2260 5827 2462 5895 ἥκοντα
2509 5826 2626 5895 βίας
2655 5844 2666 5856 ·
2721 5829 2839 5882 οὐδὲ
2883 5831 3039 5883 πάνθ’
3073 5833 3171 5884 ὅσα
3208 5836 3465 5904 συμπτώ-
