4286 6358
798 333 902 394 667

796 458 943 511 ματα

797 637 898 688 ὅσα
961 654 1042 699 τις
1111 640 1179 692 ἂν
1233 641 1396 694 πάθοι
1452 643 1587 693 πολὺ
1640 643 1893 714 δεύτερον
1963 650 2073 701 τών
2129 653 2378 717 ἐκείνου,

797 731 890 780 καὶ
947 731 1186 796 γνησίως
1235 734 1622 803 φιλοσοφήσειε
1673 738 1770 789 καὶ
1816 740 1975 809 χάριν
2043 743 2162 795 τινά
2218 746 2379 812 μεγί-

800 838 934 890 στην
996 824 1088 873 καί⁹
1151 823 1285 890 τῷδε
1337 825 1488 894 σχοίη
1541 827 1620 895 τῷ
1681 834 1925 898 ποιητῇ,
1994 834 2066 900 μὴ
2122 837 2204 885 ὅτι
2268 838 2381 890 πᾶν

799 909 936 974 εἶδος
982 914 1180 981 ἀρετῆς
1220 918 1313 968 καὶ
1353 917 1606 984 γνώσεως
1673 921 2022 991 ἀνθρωπίνης
2051 925 2222 994 ἱκανῷ
2284 945 2382 980 τα-

803 1007 1038 1074 μάλιστα
1102 1007 1217 1060 ὄντι
1279 1011 1452 1079 τούτῳ
1514 1013 1744 1076 διδάξαι,
1806 1014 1920 1065 ἀλλ’
1985 1017 2067 1070 ὅτι
2122 1024 2225 1071 κάν
2272 1019 2380 1090 τῴ-

799 1096 854 1146 δε
902 1096 980 1164 τῷ
1031 1099 1190 1165 μέρει
1235 1101 1292 1150 ἐν
1351 1095 1394 1166 ᾧ
1455 1102 1734 1172 πάσχομεν
1764 1098 1857 1157 ¹τά
1919 1105 2101 1174 δεινὰ,
2137 1109 2237 1177 τῆς
2285 1111 2378 1164 τοῦ

798 1189 992 1257 ἀνδρδς
1017 1191 1507 1261 ἀπωνοματούσης·
1537 1198 1718 1249 κοινὸν
1750 1198 1858 1268 γάρ
1888 1200 2035 1252 ἐστιν
2067 1202 2138 1262 ώς
2159 1202 2379 1270 ἀληθῶς

801 1280 1189 1351 παιδευτήριον
1232 1283 1264 1352 ἠ
1309 1285 1451 1337 κατὰ
1500 1287 1589 1339 τὸν
1632 1290 1892 1342 Ὀδυσσέα
1945 1293 2164 1360 ποίησις
2197 1293 2380 1365 αῦτη,

1974 352 2016 411 Ν
2031 355 2384 419 ICEPHORI
2429 364 2470 420 (ἰ
2487 365 2531 422 Η
2546 365 2741 429 EGOR
2757 372 2818 428 ,Ε

2483 567 2652 630 ζουσα
2673 585 2686 599 ·
2709 573 2802 622 καὶ
2826 572 2917 623 τὸν
2947 574 3192 627 παθόντα
3228 576 3260 645 ἢ
3289 579 3590 647 πάσχοντα,
3629 582 3894 634 πείθουσα
3928 600 4065 650 καρ-

2482 661 2683 726 τερεῖν.
2717 659 2877 712 Οὕτω
2907 663 3086 729 σοφῶς
3121 666 3270 734 μάλα
3303 671 3399 720 καὶ
3454 672 3718 733 ποικίλως
3760 676 3786 724 6
3827 676 4062 742 ποιητὴς

2487 749 2791 819 προύνόησε
2822 752 2932 804 τῶν
2980 756 3305 824 ἀνθρώπων·
3341 760 3437 811 καὶ
3460 764 3642 814 κοινόν
3673 781 3724 814 τι
3761 765 4066 832 φάρμακον

2486 837 2786 906 θεραπείας
2823 842 3057 912 ἐκέρασε
3094 846 3231 896 πᾶσι
3279 849 3394 907 τοῖς
3449 849 3517 900 τά
3577 846 3728 902 δεινά
3766 855 4061 922 πάσχουσι,

2484 931 2581 990 τὰς
2613 931 2818 995 πλάνας
2847 951 2942 985 του
2979 937 3284 1002 Ὀδυσσέως
3319 940 3561 1003 συνθεὶς,
3598 942 3695 993 καὶ
3720 943 3822 994 ὃσα
3851 946 4065 1006 ἐκεῖνος

2488 1023 2762 1076 πέπονθεν
2792 1041 2806 1056 ·
2843 1026 3022 1090 ἔξεστι
3057 1028 3114 1081 δὲ
3173 1032 3286 1093 τοῖς
3330 1034 3761 1101 ’συγγινομένοις
3800 1036 3940 1103 αύτῇ
3998 1041 4062 1104 τῇ

2487 1115 2709 1184 ποιήσει
2736 1117 2868 1186 ὁρᾷν
2891 1121 2939 1169 εἰ
2964 1120 3106 1171 οῦτω
3150 1119 3473 1190 ταῦτ”ἐχει,
3506 1118 3673 1187 καὶξεῖ
3705 1128 3916 1178 ἐκεῖθεν
3939 1129 4066 1196 ἣκει

2486 1221 2536 1257 τι
2564 1204 2753 1272 ὄφελος
2779 1221 2794 1234 ·
2820 1203 2900 1270 οἷς
2925 1210 3090 1262 αὑτοῦ
3108 1212 3191 1263 δεῖ
3213 1216 3347 1282 πρὸς
3365 1215 3456 1268 τὸν
3485 1219 3624 1270 κατά
3653 1220 3978 1287 προαίρεσιν
4001 1224 4067 1289 τῇ

2488 1297 2778 1369 φιλοσοφίᾳ
2829 1302 3204 1372 μελετώμενον
3244 1305 3498 1374 θάνατον,
3527 1309 3603 1373 ὡς
3627 1313 3682 1364 ἐν
3698 1311 3778 1382 τῷ
3811 1313 4066 1380 παρόντι.

1436 1645 1810 1705 ΣΗΜΕΙΩΣΔΙ
1860 1645 2004 1699 ΤΗΝ
2087 1647 2371 1702 ΛΠΑΣΑΝ
2436 1652 2767 1705 ΔΙΗΙῊΣΙΝ
2836 1653 2974 1707 ΤΟΥ
3061 1656 3430 1717 ΟΔΥΣΣΕΩΣ,

1694 1765 1796 1817 HN
1845 1765 2000 1818 ΠΕΡΙ
2041 1764 2274 1817 ΑΥΤΟΥ
2323 1766 2672 1820 ΔΙΗΓΕΙΤΑΙ
2745 1772 2786 1822 0
2864 1772 3168 1824 ΟΜΗΙὈΣ.

877 1909 1031 1964 Μετά
1055 1907 1154 1979 τὴν
1176 1907 1277 1978 τῆς
1306 1908 1463 1960 Ἰλίου
1496 1908 1765 1978 πόρθησιν
1787 1911 1813 1960 6
1847 1908 2136 1969 Ὀδυσσεὺς
2162 1908 2379 1976 ἐξώσθη
2415 1915 2456 1969 Β
2485 1909 2595 1962 τῶν
2640 1912 2945 1974 Ὀδυσσέως
3004 1916 3238 1983 ἑταίρων
3296 1915 3605 1984 κατέφαγεν
3635 1931 3647 1945 ·
3701 1910 3821 1969 εἶτα
3865 1917 4075 1986 ὁμοίως

809 2005 1001 2076 βιαίοις
1035 2003 1124 2056 ἀνέ
1136 2021 1276 2068 μοις,
1297 2005 1548 2070 καταίρει
1585 2004 1719 2071 πρὸς
1737 2002 1974 2059 Κίκονας
1995 2002 2091 2053 καὶ
2106 2001 2205 2069 τὴν
2227 2002 2384 2054 πόλιν

808 2099 989 2149 αὐτῶν
1039 2095 1133 2163 τὴν
1174 2095 1444 2164 ᾀδομένην
1479 2095 1748 2162 Ἴσμαρον
1784 2095 2012 2162 πορθεῖ,
2047 2093 2146 2162 τὴν
2177 2093 2272 2145 νῦν
2301 2093 2385 2145 λεο

807 2191 1049 2258 γομένην
1082 2188 1430 2257 Μαρώνειαν,
1463 2187 1557 2239 καὶ
1583 2186 1810 2255 ἔμελλεν
1843 2187 2117 2238 ἀποπλεῖν
2151 2188 2381 2244 ἐκεῖνος·

809 2288 857 2350 oi
884 2286 938 2338 δὲ
972 2284 1113 2351 φίλοι
1162 2282 1328 2334 αὑτοῦ
1374 2283 1471 2333 οὑκ
1526 2284 1650 2334 εἴων
1685 2281 1869 2335 αὑτόν.
1903 2284 1980 2352 Τῇ
2024 2282 2288 2352 ἐπαύριον
2330 2281 2386 2334 δὲ

810 2380 859 2432 οἱ
888 2380 1194 2447 ἠπειρῶται
1226 2378 1465 2437 Κίκονες
1487 2375 1766 2445 παντύδην
1790 2375 2196 2446 ἀθροισθέντες,
2251 2392 2389 2427 παν-

809 2474 1036 2540 ημέρως
1099 2470 1387 2537 ἐμάχοντο·
1427 2469 1640 2534 περίδέ
1674 2469 1918 2536 ἑσπέραν
1964 2469 2010 2519 oi
2062 2468 2156 2520 τοῦ
2201 2467 2389 2520 Ὀδυσ-

814 2566 952 2626 σέως
986 2564 1257 2632 ἡττῶνται
1288 2603 1302 2626 ,
1355 2561 1729 2624 ἀποὸαλόντες
1771 2563 1970 2630 ἀνδρας
2008 2561 2388 2632 ἐϐδομήκοντα

810 2659 924 2722 δύο,
955 2659 1071 2726 ἤτοι
1102 2656 1197 2725 ἀφ’
1225 2656 1459 2724 ἑκάστης
1501 2657 1628 2726 νηὸς
1686 2657 1886 2723 ἄνδρας
1917 2655 1999 2719 ἐξ·
2042 2650 2252 2707 δώδεκα
2282 2657 2388 2726 γὰρ

812 2753 938 2812 ναῦς
974 2747 1119 2820 εἶχεν
1165 2754 1192 2803 6
1244 2749 1555 2812 Ὀδυσσεύς·
1593 2748 1736 2801 οὓτω
1772 2750 1828 2802 δὲ
1865 2750 2194 2818 ἡττηθέντες
2225 2750 2391 2803 ἀκου-

816 2846 944 2906 σίως
997 2844 1308 2895 ἀπέπλεον·
1373 2844 1597 2911 ἀνέμοις
1647 2842 1703 2894 δὲ
1771 2843 2133 2912 συσχεθέντες
2193 2843 2388 2906 δεινοῖς

817 2939 911 2990 καὶ
963 2939 1115 3008 μόλις
1176 2938 1490 3001 ἐξελθόντες
1549 2938 1629 2999 είς
1667 2937 1810 3005 γῆν,
1862 2935 1955 2988 δύο
2011 2937 2140 2997 ὃλας
2171 2937 2390 3005 ἡμέρας

815 3033 1025 3084 ἔκειντο
1059 3031 1193 3101 πρδς
1232 3030 1331 3100 τὴν
1363 3032 1488 3100 γῆν·
1519 3035 1583 3100 τῇ
1621 3031 1780 3100 τρίτῃ
1815 3030 1869 3081 δὲ
1903 3030 2088 3098 ἡμέρα
2113 3029 2267 3081 πλεῖν
2295 3031 2391 3097 ἀρ-

819 3123 1064 3192 ξάμενοι,
1098 3123 1295 3192 μικροῦ
1326 3123 1432 3174 δεῖν
1459 3121 1680 3188 έμελλον
1712 3121 1969 3182 ἀϐλαϐεῖς
2013 3119 2226 3172 ἱκέσθαι
2252 3121 2389 3188 πρὸς

817 3215 999 3267 αὐτῶν
1054 3215 1494 3284 πατρίδας.⁹Απδ
1537 3214 1592 3264 δὲ
1623 3213 1840 3266 Μαλέου
1888 3215 2240 3283 ἀκρωτηρίου
2284 3214 2389 3265 Πε·
2417 3251 2462 3311 c

818 3309 1150 3378 λοποννήσου
1175 3307 1522 3373 ἐξωσθέντες,
1570 3309 1725 3359 ἐννέα
1778 3306 2146 3377 νυχοημέροις
2197 3307 2388 3370 δεινοῖς

811 3402 1044 3468 ἀνέμοις
1073 3402 1349 3468 ἐφέροντο·
1381 3402 1445 3468 τῇ
1487 3399 1693 3468 δεκάτῃ
1736 3399 1792 3450 δὲ
1842 3401 2031 3470 ἡμέρᾳ
2071 3403 2138 3470 τῇ
2177 3404 2244 3468 γῇ
2279 3400 2390 3452 τῶν

813 3495 1172 3562 Λωτοφάγων
1205 3495 1326 3563 ἦτοι
1361 3492 1470 3545 τῶν
1514 3493 1921 3561 Καμαριναίων
1966 3495 2351 3563 προσέδρασαν
2375 3511 2389 3526 ·

822 3591 1220 3658 ὑδρευσάμενοι
1279 3588 1356 3650 δὲ,
1416 3585 1695 3638 δειπνοῦσι
1751 3586 1879 3653 περὶ
1914 3587 2010 3648 τὰς
2060 3586 2189 3650 ναῦς
2220 3601 2235 3616 ·
2270 3582 2393 3640 εἶτα,

811 3687 1077 3755 ,ἔπεμψαν
1106 3687 1256 3753 τρεῖς
1291 3683 1418 3735 ἰδεῖν
1463 3681 1565 3750 τὴν
1608 3679 1815 3750 χώραν·
1846 3681 1894 3733 οἳ
1929 3682 2263 3749 γευσάμενοι
2297 3682 2392 3735 τοῦ

811 3782 1016 3844 λωτοῦ,
1048 3777 1416 3845 ὑποστρέφειν
1448 3774 1549 3826 οὑκ
1573 3773 1786 3842 ἤθελον·
1831 3773 2004 3842 δήσας
2043 3773 2100 3826 δὲ
2132 3775 2332 3837 αὐτοὺς
2365 3777 2393 3828 6

835 3873 1152 3937 Ὀδυσσεὺς,
1202 3870 1466 3922 ἀπέπλεε.
1494 3868 1603 3920 Καὶ
1645 3861 1809 3938 ἦλθον
1853 3868 2044 3929 νυκτὸς
2066 3868 2168 3918 οὑκ
2191 3868 2394 3933 εἰδότες

815 3971 902 4028 εἰς
932 3968 1095 4034 νῆσον
1131 3959 1337 4032 μικρὰν
1395 3957 1505 4011 τῶν
1558 3955 1886 4011 Κυκλώπων
1943 3957 2188 4026 ἔρημον,
2229 3953 2394 4026 αῐγας

810 4065 877 4117 δὲ
912 4059 1110 4126 ἀγρίας
1147 4055 1348 4114 πολλὰς
1386 4051 1642 4120 ἔχουσαν·
1679 4044 1753 4102 ὧν
1802 4052 1869 4120 τῇ
1906 4050 2175 4120 ἐπαύριον
2201 4052 2395 4105 ἐκατδν

822 4147 1148 4206 εἰκοσιοκτὼ
1199 4145 1567 4212 θηρεύσαντες
1593 4180 1608 4203 ,
1639 4141 1925 4194 εἱστιῶντο
1979 4143 2344 4211 πανημερίως
2377 4158 2392 4172 ·

820 4247 953 4314 περὶ
1005 4245 1062 4297 δὲ
1116 4240 1361 4307 ἑσπέραν
1394 4235 1506 4305 πῦρ
1553 4235 1828 4304 ἐθεώρουν
1857 4237 1916 4287 ἐν
1943 4236 2008 4304 τῇ
2041 4237 2112 4304 γῇ
2140 4235 2251 4287 τῶν
2287 4237 2396 4288 Κυ-

819 4337 1085 4397 κλώπων,
1121 4331 1217 4384 καὶ
1257 4330 1440 4398 φωνῆς
1476 4327 1726 4395 ἀμυδρᾶς
1768 4329 1965 4396 ἢκουον
1990 4343 2005 4358 ·
2036 4330 2102 4396 τῇ
2136 4327 2395 4395 ἐπαύριον

817 4433 882 4484 -δὶ
914 4432 1012 4490 τὰς
1053 4429 1148 4497 μὲν
1181 4425 1377 4477 ἐνδεκα
1426 4421 1558 4483 ναῦς
1601 4423 1629 4473 6
1681 4421 1972 4481 Ὀδυσσεὺς
2017 4420 2178 4472 αὑτοῦ
2230 4437 2396 4473 κατα-

823 4522 1000 4577 λιπὼν
1032 4524 1088 4573 ἐν
1125 4523 1192 4588 τῇ
1235 4518 1410 4588 μικρᾷ
1441 4517 1610 4585 νήσῳ,
1646 4517 1712 4584 τῇ
1743 4513 1941 4566 ἐαυτοῦ
1991 4514 2127 4587 μόνῃ
2156 4513 2396 4567 ἀποπλεῖ

2488 2006 2583 2056 καὶ
2617 2007 2682 2073 τῇ
2717 2005 2982 2076 ἐπαύριον
3011 2005 3105 2058 δύο
3130 2006 3343 2074 φαγὼν,
3377 2007 3472 2060 καὶ
3506 2010 3630 2070 τοὺς
3663 2008 3889 2066 λοιποὺς
3927 2009 4076 2061 κλεί-

2493 2112 2612 2158 σας,
2643 2096 2907 2165 ἐξήλαυνε
2932 2098 3028 2167 τὴν
3055 2099 3259 2166 ἀγέλην
3287 2100 3378 2151 ἐπὶ
3410 2099 3509 2170 τὴν
3545 2087 3737 2170 νομήν·
3773 2101 3823 2151 οί
3858 2101 3918 2152 δέ
3946 2105 4076 2170 περὶ

2488 2194 2579 2238 τον
2645 2188 2900 2240 Ὀδυσσέα
2978 2191 3404 2260 εὐτρεπίσαντες
3464 2191 3626 2256 ξύλον
3705 2192 4075 2260 ἐπωξυμένον

2491 2279 2595 2330 ὑπὸ
2653 2282 2932 2350 πυρκαϊὰν
2986 2282 3192 2345 ἔθεντο,
3235 2283 3374 2336 ὥστε
3447 2281 3717 2355 ξηρανθέν
3761 2285 4077 2354 στερεωθῆ-

2489 2389 2598 2424 ναι·
2636 2376 2727 2426 καὶ
2754 2375 3044 2428 συνέθεντο
3091 2378 3440 2446 ἐκτυφλῶσαι
3474 2378 3658 2430 αὐτόν·
3685 2378 3713 2430 ὃ
3751 2378 3850 2430 καὶ
3881 2379 4076 2448 ἐποίη-

2493 2481 2612 2519 σαν.

2575 2560 2851 2622 Ἐλθόντος
2886 2560 2942 2612 δέ
2973 2560 3139 2615 αὑτοῦ
3183 2565 3310 2634 περὶ
3354 2563 3451 2632 τὴν
3511 2564 3771 2635 ἑσπέραν,
3819 2567 3917 2619 καὶ
3953 2567 4071 2618 είσ⁸

2491 2653 2780 2716 ἐλάσαντος
2818 2656 2908 2707 ἐπὶ
2941 2657 3000 2706 τὸ
3039 2655 3306 2724 σπήλαιον
3343 2658 3521 2709 πάντα
3565 2659 3635 2710 τὰ
3684 2659 3942 2726 ποίμνια,
3976 2661 4070 2713 καὶ

2493 2747 2654 2799 πάλιν
2703 2749 2796 2801 δύο
2846 2749 3048 2800 τούτων
3101 2750 3391 2817 φαγόντος,
3422 2750 3685 2819 κιρνῶσιν
3730 2751 3883 2820 αὑτῷ
3921 2749 4071 2804 οἶνον

2494 2842 2789 2910 προστάξει
2823 2841 2915 2894 τοῦ
2967 2843 3269 2905 Ὀδυσσέως
3317 2845 3413 2895 καὶ
3461 2844 3798 2912 μεθυσθέντα
3829 2845 4073 2912 τυφλοῦ-

2493 2951 2579 2985 σιν
2615 2935 2811 2986 αὐτόν·
2844 2934 2937 2986 τοῦ
2968 2934 3024 2988 δὲ
3055 2937 3284 3004 βοῶντος
3312 2936 3621 3004 προσῆλθον
3654 2938 3856 3000 πάντες
3883 2938 3932 2990 οι
3955 2937 4071 2989 Κύι-

2493 3025 2730 3086 κλωπες·
2750 3026 3082 3089 ἀκούσαντες
3103 3027 3332 3096 βοῶντος
3353 3027 3628 3090 αὑτοῦ,ώς
3655 3027 3817 3091 Οῠτις
3850 3047 3921 3099 με
3953 3028 4074 3083 ἐτύ-

2502 3117 2707 3185 φλωσε,
2741 3121 3044 3188 μεμηνέναι
3061 3119 3390 3189 δοκήσαντες
3406 3121 3595 3183 αὑτὸν,
3622 3123 4014 3191 ὑπεχώρησαν·
4045 3124 4073 3174 6

2493 3209 2548 3262 δέ
2568 3213 2631 3279 τῇ
2654 3213 2835 3281 πρωῖᾳ
2852 3212 2921 3263 τὰ
2938 3212 3169 3280 ποίμνια
3214 3212 3466 3265 ἐκὸἀλλει
3499 3213 3630 3280 περὶ
3649 3213 3744 3282 τὴν
3768 3214 3943 3284 θύραν
3975 3212 4073 3266 τοῦ

2496 3301 2765 3370 σπηλαίου
2801 3303 3110 3365 καθεσθείς·
3144 3305 3292 3367 ὅπως
3321 3304 3546 3374 ὕστερον
3579 3306 3798 3369 κλείσας
3833 3307 3897 3359 τὸ
3929 3308 4076 3376 σπή-

2496 3395 2666 3456 λαιον,
2696 3395 2791 3448 καὶ
2819 3394 2967 3446 ἔνδον
2995 3395 3231 3467 ἐντυχὼν
3261 3397 3462 3459 αὐτοὺς
3501 3397 3664 3468 ἀνέλῃ
3691 3416 3704 3428 ·
3751 3401 3800 3451 οἱ
3838 3399 3898 3452 δὲ
3936 3417 4073 3468 προ-

2496 3476 3095 3550 εξελθόντεςὺποκάτω
3137 3487 3245 3537 τῶν
3277 3489 3590 3557 προϐάτων,
3637 3490 3734 3542 καὶ
3769 3491 3946 3543 πολλὰ
3977 3494 4074 3560 ἐμο

2497 3578 2755 3640 ϐαλόντες
2787 3578 2866 3646 τῷ
2903 3580 3098 3648 πλοίῳ,
3159 3581 3471 3633 ἀπέπλεον·
3525 3581 3821 3651 βοήσαντος
3864 3583 3925 3634 δέ
3977 3584 4074 3635 τοῦ

2509 3669 2810 3733 Ὀδυσσέως
2846 3673 2987 3740 μετά
3019 3671 3128 3722 τῶν
3155 3671 3393 3738 ἑταίρων
3441 3675 3469 3724 6
3502 3672 3746 3741 Κύκλωψ
3784 3673 4072 3742 ἀκηκοὼς,

2496 3761 2644 3814 λίθον
2668 3762 3003 3832 παμμεγέθη
3044 3764 3201 3833 ἀρας,
3258 3765 3355 3817 καὶ
3416 3763 3609 3818 τοῦτον
3651 3763 3830 3833 βαλὼν
3869 3768 3930 3818 ἐν
3981 3766 4078 3818 θα-

2497 3856 2690 3925 λάττῃ,
2742 3855 3005 3926 ἔστρεψεν
3032 3856 3136 3908 ὑπὸ
3166 3857 3260 3908 τοῦ
3295 3856 3566 3919 κλύδωνος
3590 3851 3772 3910 αὐτῶν
3798 3859 3898 3914 τὴν
3943 3859 4080 3910 ναῦν

2497 3943 2577 4004 είς
2608 3943 2708 4013 τὴν
2726 3941 2830 4012 γῆν
2862 3958 2877 3973 ·
2932 3943 3008 4004 ώς
3038 3943 3093 3995 δέ
3127 3944 3290 3997 πάλιν
3325 3947 3696 4010 ἀποπλέοντες
3735 3947 3909 4001 ἐόόων
3943 3952 4080 4002 ἀνα-

2498 4031 2824 4102 ϐρυνὸμενοι
2852 4073 2866 4095 ,
2901 4035 3076 4104 ἠρᾶτο
3115 4035 3192 4099 τῷ
3230 4035 3525 4088 Ποσειδῶνι
3558 4036 3634 4106 μὴ
3683 4037 3944 4090 ἀπελθεῖν
3981 4040 4080 4090 αὑ-

2497 4126 2623 4189 τοὺς
2657 4129 2738 4188 είς
2783 4126 2882 4188 τάς
2939 4127 3150 4178 ἐαυτῶν
3189 4127 3454 4196 πατρίδας
3477 4144 3492 4158 ·
3527 4130 3623 4181 καὶ
3675 4128 3841 4182 πάλιν
3871 4132 4082 4200 ὁμοίως

2497 4217 2647 4270 λίθον
2707 4216 2882 4285 βαλὼν
2931 4219 3010 4279 εἰς
3045 4217 3140 4287 τὴν
3177 4217 3485 4284 θάλασσαν,
3536 4221 3733 4291 ἤνεγκε
3783 4221 3884 4292 τὴν
3944 4224 4082 4276 ναῦν

2501 4312 2580 4373 είς
2612 4309 2714 4380 τὴν
2761 4311 2890 4379 γῆν·
2929 4306 3049 4362 εἶτα
3095 4311 3428 4381 φοϐηθέντες
3459 4314 3554 4364 καὶ
3601 4314 4077 4379 ἀποπλεύσαντες,

2496 4401 2662 4476 ἦλθον
2695 4405 2774 4466 εἰς
2814 4406 2910 4472 τὴν
2963 4407 3183 4474 μακρὰν
3238 4409 3400 4474 νῆσον
3453 4406 3580 4458 ἔνθα
3630 4409 3727 4459 καὶ
3778 4409 3834 4459 αί
3887 4408 4080 4461 λοιπαὶ

2497 4502 2624 4567 νῆες
2675 4498 2858 4549 αὐτῶν
2889 4493 3032 4568 ἦσαν
3058 4515 3074 4530 ·
3111 4493 3270 4568 εὗρον
3303 4499 3361 4550 δὲ
3390 4499 3516 4561 τοὺς
3548 4499 3774 4569 ἐτέρους
3803 4501 4082 4571 δακρῦον-

819 4618 963 4684 πρδς
994 4614 1092 4683 τὴν
1143 4613 1242 4679 γῆν
1288 4610 1396 4662 τῶν
1425 4607 1780 4668 κυκλώπων,
1833 4607 2156 4676 xum-nlui?
2189 4607 2394 4674 χρησά,
2429 4604 2473 4661 υ
2500 4609 2600 4655 τας
2621 4608 2632 4621 ⁸
2665 4595 2759 4646 καὶ
2791 4592 2912 4644 τότε
2939 4594 3039 4660 μὲν
3072 4592 3443 4662 εὐωχηθέντες
3467 4594 3792 4684 κοιμῶνταιι

829 4725 1010 4777 μενος,
1043 4706 1137 4758 καὶ
1184 4703 1314 4770 περί
1353 4718 1476 4753 τινα
1525 4697 1772 4769 πετρώδη
1823 4700 1920 4752 καὶ
1961 4699 2280 4768 ἀπόκρυφον
2311 4700 2397 4749 αι..

818 4801 1039 4868 γιαλὺν,
1083 4797 1180 4850 καὶ
1199 4796 1403 4862 ταύτην
1450 4790 1793 4860 ἀποκρύπτει
1839 4789 1940 4858 τὴν
1970 4789 2101 4840 ναῦν
2135 4788 2232 4840 σὺν
2282 4791 2396 4850 τοῖς

826 4894 1088 4960 ἐταίροις,
1122 4888 1282 4949 αὐτὸς
1313 4886 1371 4938 δὲ
1398 4885 1606 4938 δώδεκα
1638 4884 1831 4952 μόνους
1879 4882 2058 4933 λαῦὼν
2099 4881 2206 4932 τῶν
2242 4881 2390 4932 ἐταί-

825 5005 958 5056 ρων,
991 4986 1086 5038 καὶ
1134 4977 1278 5034 οἶνον
1326 4978 1685 5046 Μαρωνείτου
1731 4976 1902 5028 ἀσκὸν
1957 4979 2050 5026 καὶ
2106 4973 2396 5043 βρώματα,

828 5079 1078 5146 εἰσῆλθεν
1127 5076 1207 5136 εἰς
1260 5072 1319 5125 τὸ
1362 5071 1454 5124 τοῦ
1508 5069 1810 5130 Κύκλωπος
1843 5069 2145 5137 σπήλαιον,
2185 5067 2394 5119 ἐκείνου

829 5171 961 5240 περὶ
990 5169 1159 5237 νομὴν
1191 5166 1300 5217 τῶν
1352 5162 1640 5231 προϐάτων
1670 5159 2047 5230 ἠσχολημένου
2073 5174 2087 5187 ·
2128 5159 2397 5211 ἱκετευόν-

827 5283 936 5315 των
963 5263 1017 5312 δὲ
1053 5260 1164 5311 τῶν
1192 5257 1360 5324 φίλων
1405 5256 1597 5321 φαγεῖν
1624 5252 1789 5323 τυροῦ
1831 5252 1924 5303 καὶ
1959 5251 2249 5318 γάλακτος,
2304 5250 2399 5300 καὶ

828 5357 1015 5407 λαὸεῖν
1049 5355 1112 5403 ἐκ
1140 5351 1248 5402 τῶν
1275 5349 1564 5419 προϐάτων
1607 5348 1694 5397 καὶ
1728 5345 2108 5413 ὑποχωρῆσαι,
2140 5344 2239 5395 οῦκ
2272 5344 2394 5412 ηθεο

830 5451 940 5510 λεν,
968 5448 1070 5506 ’έως
1099 5448 1124 5497 ὁ
1164 5443 1405 5508 Κύκλωψ
1453 5441 1579 5509 περὶ
1604 5441 1839 5509 ἐσπέραν
1873 5437 2074 5502 ἐλθὼν,
2108 5439 2304 5498 αὐτοὺς
2343 5439 2402 5491 ἐν

828 5541 909 5609 τῷ
942 5540 1194 5607 σπηλαίῳ
1248 5536 1504 5601 κατέσχε,
1550 5533 1647 5583 καὶ
1700 5531 1889 5600 ἠρώτα
1947 5529 2049 5582 ποῦ
2098 5548 2155 5580 τε
2203 5529 2400 5599 ήναῦς

839 5632 1007 5687 αὑτοῦ
1041 5636 1174 5690 ἐστι,
1219 5630 1311 5680 καὶ
1342 5628 1490 5686 ὅπως
1551 5625 1708 5687 αὐτὸς
1771 5623 1987 5676 καλοῖτο
2016 5640 2028 5652 ·
2066 5624 2094 5674 6
2148 5624 2202 5674 δὲ
2241 5623 2401 5673 αὑτὸν

833 5726 1039 5794 ἀπατᾷ,
1099 5723 1196 5792 τὴν
1227 5720 1360 5773 ναῦν
1407 5721 1505 5789 μὲν
1543 5717 1709 5770 εἰπὼν
1745 5718 1849 5769 ύπὸ
1878 5715 1970 5768 τοῦ
2007 5715 2270 5776 κλύδωνος
2298 5715 2396 5765 λυ-

829 5818 1018 5888 Θήναι,
1055 5816 1212 5869 αὖτἰν
1258 5814 1312 5866 δὲ
1361 5815 1559 5866 Οὖτινα
1590 5810 1866 5864 καλεῖσθαι
1900 5823 1910 5834 ⁸
1956 5811 1979 5860 ο
2013 5809 2067 5860 δὲ
2095 5808 2185 5860 δύο
2211 5808 2391 5860 λαϐὼν

2573 4685 2653 4753 Τῇ
2704 4684 2968 4753 ἐπαύριον
3022 4684 3078 4735 δὲ
3134 4685 3348 4746 κώπαις
3397 4685 3655 4747 πλέοντες
3686 4726 3702 4748 ,
3766 4682 3938 4758 ἦλθον
4000 4692 4080 4750 εἰς

2500 4778 2741 4844 Αίολίαν,
2777 4778 2871 4828 καὶ
2915 4776 3300 4846 διατρίψαντες
3366 4778 3540 4829 ἐκεῖσε
3595 4778 3764 4845 μῆνα,
3818 4779 4084 4842 λαϐόντος

2500 4872 2592 4926 τοῦ
2633 4874 2933 4934 Ὀδυσσέως
2966 4872 3096 4941 παρ’
3131 4873 3320 4924 Αἰόλου
3354 4873 3444 4926 τὸν
3480 4874 3587 4925 τῶν
3630 4877 3853 4944 ἀνέμων
3887 4878 4080 4938 ἀσκὸν,

2499 4968 2778 5020 ἀπέπλεον
2803 4967 3032 5035 Ζεφύρῳ
3062 4968 3216 5019 ἐννέα
3269 4967 3388 5031 νυξὶ
3455 4970 3550 5018 καὶ
3581 4969 3842 5035 ἡμέραις·
3871 4970 4082 5042 δεκάτῃ

2505 5061 2563 5114 δέ
2600 5063 2696 5130 τὴν
2747 5063 2963 5130 Ἰθάκην
2995 5063 3087 5113 καὶ
3119 5060 3441 5128 ἀνθρώπους
3468 5061 3563 5112 καὶ
3595 5062 3706 5131 πῦρ
3743 5064 3835 5114 καὶ
3873 5068 4084 5115 καπνὸν

2507 5155 2815 5224 ἐθεώρουν·
2863 5154 3208 5222 κεκμηκότος
3257 5151 3350 5204 τοῦ
3399 5152 3698 5211 Ὀδυσσέως
3738 5153 3836 5204 καὶ
3879 5161 4081 5207 κα’·ευ-

2505 5245 2791 5308 δήσαντος,
2851 5245 3037 5296 λύουσι
3088 5245 3178 5295 τὸν
3234 5244 3403 5295 ἀσκὸν
3451 5244 3772 5310 νομίσαντες
3819 5247 4082 5313 χρήματα

2508 5336 2672 5404 ἔχειν·
2711 5337 2802 5388 καὶ
2855 5335 3196 5404 ἐκχυθέντων
3241 5334 3350 5385 τῶν
3399 5335 3638 5402 ἀνέμων,
3677 5336 3940 5404 ἁρπάσας
3989 5340 4082 5389 αὑ·

2505 5430 2632 5491 τοὺς
2677 5429 2705 5478 ὁ
2756 5427 2966 5478 κλύδων
3017 5427 3183 5478 πάλιν
3231 5427 3569 5494 ὑποστρέφει
3634 5429 3772 5497 πρὸς
3831 5430 4074 5482 Aid/11v.

2506 5520 2692 5581 Αἴολος
2724 5519 2781 5570 δὲ
2821 5519 3017 5580 αὐτοὺς
3075 5517 3200 5569 ἰδὼν
3233 5517 3597 5580 ἱκετεύοντας,
3639 5518 3970 5584 ἀποπέμπει
4009 5522 4076 5580 ώς

2504 5615 2732 5683 ἐχθροὺς
2784 5614 2943 5673 θεοῖς·
2997 5611 3134 5662 οίδέ
3186 5610 3395 5678 εἰρεσίᾳ
3447 5611 3656 5677 ἡμέρας
3705 5609 3764 5675 ἐξ
3799 5611 4073 5671 πλέοιτες.

2504 5714 2568 5777 τῇ
2601 5709 2804 5777 ἐϐδόμῃ
2840 5709 2960 5772 περὶ
3016 5703 3444 5774 Λαιστρυγονίαν
3478 5701 3637 5772 ἤλυον
3661 5720 3673 5733 ·
3723 5705 4072 5762 κατελθὸντ;ς

2503 5803 2559 5855 δέ
2613 5791 2663 5854 οἵ
2698 5798 3141 5868 Λαιστρυγιὶνες,
3197 5796 3468 5861 κατέαξαν
3525 5797 3619 5858 τὰς
3667 5796 3872 5848 δῖ)δ;κ;ί
3942 5816 4060 5856 ηας
