4286 6358
226 452 334 513 om
1142 416 1143 423 Ν
1671 447 2003 514 NOTiTiA.
2865 404 2867 407 ’
3381 449 3487 527 sit

236 581 341 621 nec
373 565 547 620 divini
570 564 710 636 juris
753 579 897 630 esse,
932 563 1026 618 scd
1066 574 1274 619 tantum
1312 581 1339 617 a
1380 553 1637 621 Pairibus
1669 547 1726 620 et
1780 562 2210 635 imperatoribus
2248 574 2592 622 concessum.
2632 575 2732 615 nec
2770 570 2947 615 tamen
2981 560 3142 616 talem
3194 570 3249 616 ct
3280 572 3483 619 tantam

230 668 346 706 rem
375 668 489 706 sua:
516 651 942 720 pra‘eininentim
973 666 1117 714 esse.
1142 659 1400 718 quantam
1434 666 1567 720 papa
1597 667 1745 705 nunc
1772 653 1924 706 nullo
1977 653 2081 706 sibi
2110 650 2243 721 jure;
2262 659 2509 718 usurpat.
2548 647 2745 701 Verum
2777 656 2880 709 est.
2912 647 3057 703 hunc
3119 648 3377 704 infamem
3426 662 3484 707 et

233 751 613 799 sexcentoruni
645 739 974 809 ﬂagitiorum
993 740 1221 816 maculis
1246 740 1591 793 notissimum
1628 740 2066 803 Schismaticum,
2103 739 2220 793 sive
2253 738 2434 807 potius
2466 737 2832 798 hiercticnmp
2859 737 3083 803 similia,
3126 738 3239 792 imo
3298 741 3481 810 pejora

226 828 433 897 scripta
457 826 697 895 posteris
725 827 1016 882 tradidisse
1040 846 1054 891 ;
1085 826 1180 881 sed
1219 828 1549 895 quibusnam
1586 827 1932 883 documentis
1954 821 2352 897 probabilibus.
2388 836 2479 880 aut
2506 827 2845 889 necessariis,
2864 828 2943 881 vel
2978 835 3036 882 ut
3060 830 3375 896 expressius
3398 829 3485 883 di-

226 932 376 979 cam.
401 916 696 972 amentatis
726 917 943 972 hastis?
967 915 1134 972 Levia
1189 928 1338 980 sunt.
1370 926 1425 972 et
1468 918 1647 982 nihili,
1680 928 1733 973 et
1765 934 1871 971 non
1909 934 1988 981 re,
2017 898 2111 972 sed
2140 918 2206 971 ad
2259 919 2489 985 gratiam
2526 918 2985 988 neqiiissimoriim
3015 920 3295 974 hominum
3324 937 3487 991 argu-

232 1015 713 1072 menta'contorta,
741 1006 889 1076 quod
916 1021 983 1060 ex
1006 1007 1367 1060 conclusione
1419 1008 1603 1076 operis
1630 1007 1922 1060 manifesto

1791 1007 1922 1060 Festo
1949 1005 2244 1076 colligitur.
2278 1007 2588 1073 Κεφάλαιον
2622 1007 2731 1061 τῶν
2761 1008 3100 1076 λεγομένων.
3142 1010 3291 1073 ’Ἕως
3322 1011 3421 1079 μὲν
3454 1012 3483 1061 ὁ

232 1096 474 1155 πάππας
512 1092 678 1154 σώζει
705 1094 807 1161 τὴν
837 1094 1017 1159 τάξιν,
1064 1094 1161 1146 καὶ
1192 1096 1331 1164 μετὰ
1361 1095 1460 1164 τῆς
1487 1095 1745 1163 ἀληθείας
1771 1095 1997 1163 ἔστηκε,
2024 1094 2116 1145 καὶ
2150 1094 2250 1161 τῆς
2282 1092 2503 1162 πρώτης
2564 1096 2657 1146 καὶ
2691 1095 2883 1163 κυρίας
2911 1096 3080 1164 ἀρχῆς
3116 1098 3217 1149 οὐκ
3248 1098 3484 1166 ἀφίστα-

231 1199 346 1247 ται,
381 1184 477 1235 καὶ
513 1181 726 1253 κεφαλὴ
754 1182 853 1251 τῆς
883 1180 1238 1251 Ἐκκλησίας,
1270 1182 1365 1234 καὶ
1395 1182 1686 1250 ἀρχιερεὺς
1725 1182 1924 1251 ἄκρος,
1967 1182 2062 1234 καὶ
2097 1182 2339 1250 Πέτρου,
2372 1184 2466 1233 καὶ
2498 1183 2718 1235 πάντων
2753 1184 3071 1237 ἀποστόλων
3091 1185 3356 1254 διάδοχος,
3389 1188 3482 1239 καὶ

227 1271 312 1321 δεῖ
336 1274 547 1333 πάντας
578 1270 730 1339 αὑτῷ
759 1269 1069 1334 πείθεσθαι,
1099 1270 1195 1322 καὶ
1238 1269 1412 1333 οὐδὲν,
1462 1269 1491 1322 ὃ
1514 1272 1613 1337 τὴν
1655 1271 1823 1339 τιμὴν
1868 1269 2081 1322 ἐκείνου
2132 1273 2322 1339 χωρεῖ.
2378 1271 2437 1322 Εἰ
2462 1271 2519 1322 δὲ
2565 1274 2663 1336 τῆς
2696 1273 2955 1340 ἀληθείας
2991 1275 3384 1343 ἀποχωρήσας,
3416 1278 3477 1328 οὐ

230 1356 483 1426 βούλεται
521 1357 685 1409 πάλιν
715 1357 851 1427 πρὸς
882 1360 1098 1425 εκείνην
1128 1357 1435 1417 ἐπανιέναι,
1476 1358 1578 1425 τὴν
1599 1356 1706 1407 τῶν
1737 1357 1922 1408 καταδὲ

1790 1357 2045 1410 ιταδίκων
2076 1350 2344 1413 πείσεται.
2385 1357 2605 1412 Summa
2630 1359 2889 1412 dictorum
2919 1360 3028 1411 Iitec
3057 1370 3129 1412 est
3157 1376 3175 1414 :
3212 1362 3482 1425 Quamdiu

228 1452 440 1521 quidem
473 1466 613 1519 papa
655 1449 895 1502 ordinem
920 1455 1119 1512 servat,
1147 1455 1193 1500 et
1225 1464 1343 1500 cum
1378 1449 1597 1500 veritate
1625 1456 1753 1511 stat.
1788 1465 1820 1502 a
1849 1450 2019 1519 primo
2048 1458 2098 1502 et
2154 1452 2368 1520 proprio
2417 1453 2715 1521 principatu
2758 1470 2861 1504 non
2906 1464 3219 1514 removetur.
3251 1466 3297 1509 et
3327 1468 3486 1528 caput

228 1540 330 1591 erit
366 1536 615 1591 Ecclesiw
637 1544 687 1590 et
712 1552 947 1589 summus
979 1535 1238 1605 pontifex,
1262 1543 1309 1588 et
1334 1533 1479 1587 Petri
1540 1534 1972 1607 reliquorumque
1993 1538 2351 1608 apostolorum
2380 1556 2664 1599 successor.
2701 1557 2980 1609 omnesque
3019 1542 3067 1593 ei
3089 1542 3296 1595 obedire
3310 1562 3471 1613 opor-

230 1634 303 1677 tet
330 1647 345 1679 :
372 1623 604 1693 nihilque
632 1632 707 1676 est
744 1623 884 1692 quod
913 1622 1076 1692 ipsius
1101 1622 1286 1675 honori
1315 1621 1583 1675 detrahat.
1615 1621 1673 1676 Si
1701 1639 1821 1677 vero
1845 1642 1875 1677 a
1913 1641 2015 1693 qua
2043 1626 2205 1677 semel
2222 1628 2441 1678 veritate
2465 1628 2751 1689 recesserit.
2780 1628 2849 1679 ad
2872 1646 2987 1681 eam
3010 1631 3181 1682 redire
3238 1631 3485 1695 noluerit,

230 1713 612 1765 damnatorum
644 1710 807 1780 panis
838 1710 938 1761 erit
961 1710 1243 1763 obnoxius.
1267 1708 1459 1777 Fulget
1480 1709 1817 1763 orichalcum
1848 1750 1863 1774 ,
1895 1712 1990 1766 sed
2026 1714 2233 1780 pallens
2256 1729 2450 1766 aurum
2479 1715 2675 1768 melius
2728 1726 2830 1768 est.
2881 1716 3131 1769 Nondum
3170 1718 3255 1772 vel
3289 1734 3317 1771 a
3341 1721 3486 1782 Nilo.

238 1799 324 1853 vel
357 1800 427 1853 ab
455 1797 569 1852 ullo
598 1798 708 1851 alio
754 1796 1066 1851 rationibus
1092 1797 1415 1865 conquisitis
1463 1797 1751 1865 probatum
1802 1808 1908 1863 est.
1961 1815 2062 1855 nec
2093 1801 2422 1870 probabitur
2464 1803 2515 1856 in
2546 1812 2827 1872 posterum
2861 1819 2890 1857 a
2955 1820 3253 1874 quoquam,
3288 1823 3480 1877 papam

230 1893 484 1949 ordinem
516 1906 627 1944 non
656 1904 926 1953 servasse,
950 1900 1004 1944 et
1037 1891 1330 1944 veritatem
1367 1891 1589 1945 missam
1620 1892 1835 1946 fecisse.
1867 1895 2117 1961 Quanam
2176 1913 2306 1967 ergo
2348 1899 2563 1952 ratione
2615 1915 2645 1953 a
2675 1899 2853 1966 primo
2908 1909 2965 1952 et
3027 1900 3251 1969 proprio
3282 1903 3489 1972 princi-

233 1990 367 2049 patu
398 1987 644 2034 remotus
670 1978 805 2033 est?
836 1977 1071 2046 ideoque
1098 1992 1200 2032 nec
1226 1989 1389 2047 caput
1421 1979 1703 2041 Ecclesiie.
1724 1996 1824 2033 nec
1852 1994 2101 2033 summus
2129 1981 2394 2048 pontifex.
2437 1997 2537 2036 nec
2562 1997 2857 2035 successor
2930 1984 3094 2046 Petri,
3135 1999 3235 2038 nec
3268 1995 3489 2053 aposto-

235 2071 417 2122 lorum
469 2068 598 2123 est?
652 2066 998 2122 constituant
1034 2067 1091 2120 in
1145 2067 1324 2121 oculis
1382 2068 1693 2132 hominum,
1758 2068 1903 2138 quod
1954 2067 2089 2121 illud
2139 2068 2358 2121 tandem
2402 2069 2495 2127 sit.
2552 2069 2697 2137 quod
2750 2070 2924 2139 ipsius
2972 2071 3164 2124 honori
3225 2072 3486 2128 detraxit.

235 2157 346 2213 Nec
379 2172 409 2211 a
456 2157 580 2211 Nilo
611 2156 842 2211 dissidet
873 2155 1080 2225 reliqua
1110 2156 1591 2210 schismaticoruin
1625 2157 1846 2209 cohors.
1908 2156 1972 2210 Et
2001 2156 2068 2209 de
2102 2157 2185 2209 his
2213 2156 2349 2209 alias
2409 2155 2584 2209 fusius
2610 2178 2622 2211 :
2690 2159 2852 2212 modo
2881 2161 3016 2213 satis
3042 2160 3113 2213 sit
3136 2168 3485 2217 attrectasse.

312 2247 389 2300 De
413 2248 517 2300 hoc
546 2244 1156 2299 NiloThessalonicensi
1215 2244 1598 2299 Bonaventura
1632 2245 1952 2305 Vulcanius,
2014 2244 2112 2312 Ep.
2172 2244 2238 2297 ad
2275 2246 2535 2299 lectorem
2588 2247 2802 2314 praefixa
2836 2247 2985 2301 dicto
3033 2251 3337 2318 opusculo:
3414 2251 3489 2306 De

237 2346 455 2390 auctore
487 2335 643 2403 hujus
668 2334 853 2404 scripti
874 2334 1084 2387 variant
1118 2332 1391 2387 doctorum
1417 2334 1715 2387 sententiae.
1750 2331 1988 2387 Varietas
2024 2335 2145 2386 hinc
2219 2344 2370 2394 nata.
2408 2335 2547 2412 qgiod
2570 2333 2691 2386 Nilo
2716 2335 2868 2387 multi
2901 2336 3113 2405 [uerunt
3135 2343 3487 2408 cognomines.

237 2428 443 2483 Subdit
481 2427 737 2482 Neander
766 2446 779 2481 :
812 2426 973 2481 Nilus
1003 2427 1215 2496 quando
1244 2428 1456 2489 vixerit.
1482 2444 1586 2481 non
1613 2429 1742 2480 satis
1770 2435 1996 2480 constat.
2032 2427 2163 2480 Vixit
2182 2443 2313 2480 sane
2334 2436 2451 2497 post
2490 2426 2671 2481 Caroli
2696 2427 2880 2496 Magni
2907 2430 3066 2498 primi
3094 2429 3488 2486 Germanorum

257 2517 596 2587 imperatoris
622 2523 895 2585 tempora;
918 2516 1156 2585 septimte
1203 2532 1433 2585 namque
1467 2516 1657 2587 synodi
1689 2515 1967 2582 aliquoties
2005 2516 2318 2567 mentionem
2345 2515 2470 2582 facit
2506 2518 2596 2582 te).
2632 2516 2794 2570 Esto:
2820 2516 3157 2586 vixeritpost
3184 2518 3364 2573 Caroli
3416 2520 3489 2575 Μ.

242 2616 513 2674 tempora,
533 2617 661 2657 cum
690 2603 936 2671 septimae
964 2602 1158 2672 synodi
1184 2616 1383 2655 nomen
1408 2603 1657 2672 attingat.
1682 2602 1801 2655 Non
1822 2602 1957 2655 satis
1984 2612 2202 2657 constat
2229 2604 2468 2666 interim,
2493 2619 2604 2672 quo
2632 2612 2881 2669 tempore
2906 2607 3123 2659 vixerit.
3162 2606 3489 2672 Salmasius.

236 2692 308 2747 de
363 2690 643 2761 opusculis
698 2689 801 2744 Nili
830 2689 1338 2744 Thessalonicensis
1364 2689 1432 2743 ad
1455 2690 1717 2743 lectorem
1763 2690 1976 2751 scribit,
2011 2692 2116 2744 sibi
2148 2704 2422 2753 constare,
2456 2692 2600 2744 hunc
2629 2692 2810 2746 Nilum
2830 2709 2953 2748 esse
3012 2695 3479 2760 recentissimum;

238 2783 465 2837 Thomze
487 2783 635 2836 enim
667 2782 959 2859 Aqiiinaitis
986 2781 1040 2835 in
1082 2782 1206 2836 aliis
1231 2782 1457 2851 scriptis
1484 2782 1619 2845 suis,
1654 2797 1776 2851 quae
1812 2779 2055 2835 nonduin
2087 2778 2233 2833 edita
2282 2788 2434 2841 sunt,
2467 2780 2739 2838 meminit.
2767 2788 2823 2833 et
2866 2779 3107 2834 Thomas
3153 2783 3242 2835 ille
3292 2799 3489 2838 recen-

242 2871 488 2924 tissimus
508 2880 615 2926 est.
645 2871 865 2925 Poterat
883 2878 1066 2923 tamen
1094 2869 1330 2925 certiora
1350 2880 1596 2940 tempora
1616 2869 1890 2940 praefinire
1917 2869 2077 2934 ,dum
2103 2882 2132 2921 a
2160 2866 2371 2921 Thoma
2399 2866 2665 2935 Aquinate
2693 2867 2760 2920 ad
2819 2868 2965 2922 hunc
2989 2868 3169 2924 Nilum
3189 2887 3296 2926 non
3324 2873 3488 2929 breve

243 2964 512 3035 temporis
546 2965 783 3034 spatium
817 2963 1144 3020 intercedat.
1177 2964 1337 3019 Hunc
1366 2979 1500 3035 ergo
1534 2958 1718 3018 Nilum
1750 2977 1851 3017 nos
1885 2964 1989 3017 sub
2020 2961 2229 3017 Joanne
2260 2959 2648 3015 Cantacuzeno
2682 2961 2884 3013 vixisse
2916 2960 3152 3032 ﬁgimus.
3200 2980 3305 3018 una
3361 2982 3487 3020 cum

239 3052 470 3107 Nicolao
502 3052 777 3111 Cabasila.
804 3050 872 3105 ad
904 3066 1068 3122 quem
1098 3052 1176 3106 uti
1208 3052 1349 3122 πρὸς
1368 3052 1459 3105 τὸν
1498 3052 1662 3105 αὐτοῦ
1687 3050 1910 3121 ἀνεψιὸν

1797 3050 1910 3121 ζιιδν
1939 3049 2015 3119 (d)
2070 3048 2320 3117 ejusdem
2369 3048 2476 3101 Nili
2515 3056 2693 3101 exstat
2742 3048 2963 3118 epistola
3002 3050 3288 3121 theologica
3328 3054 3489 3122 cujus

244 3139 616 3210 principium:
666 3139 805 3208 Περὶ
838 3139 1051 3202 ἑννοίας
1085 3141 1194 3193 τῶν
1224 3140 1678 3210 συγγραμμάτων
1698 3156 1793 3192 σου
1832 3140 1885 3193 in
1913 3138 1936 3195 (

1832 3140 1885 3193 in
1913 3138 2117 3197 Codice
2148 3140 2407 3194 Vaticano
2429 3138 2553 3200 652,
2590 3138 2864 3192 Demetrio
2893 3138 3255 3209 Chrysolorze,
3294 3143 3488 3197 Deme-

243 3229 356 3281 trio
416 3237 474 3281 et
514 3225 796 3281 Prochoro
825 3227 1088 3297 Cydoniis
1131 3226 1418 3291 fratribus,
1448 3243 1545 3297 pro
1585 3242 1696 3296 quo
1725 3226 2005 3281 Prochoro
2036 3235 2209 3281 exstat
2252 3224 2723 3280 DemetriiOratio
2750 3226 2814 3277 ad
2846 3227 3192 3281 Philotheum
3246 3230 3487 3296 patriar-

241 3316 428 3369 cham.
466 3315 708 3383 Princip.
746 3313 857 3368 Νῦν
889 3316 1045 3384 μόλις
1071 3315 1235 3384 ἔργον
1259 3315 1450 3384 ἀνδρὸς
1472 3314 1763 3378 ἀπεδείξω,
1794 3315 1869 3382 μὴ
1910 3332 1933 3383 μ

1798 3315 1869 3382 μὴ
1910 3315 2073 3383 μέχρι
2098 3313 2320 3367 πολλοῦ.
2347 3313 2415 3367 Ει
2455 3312 2598 3381 quod
2640 3312 2813 3380 magis
2882 3330 2995 3368 rem
3038 3315 3256 3383 probat,
3289 3316 3490 3388 legitur

240 3405 411 3459 etiam
440 3403 603 3458 modo
623 3402 679 3456 in
704 3402 1061 3457 Bibliotheca
1110 3402 1385 3457 Vaticana:
1442 3402 1605 3457 codd.
1639 3402 1765 3467 67-3,
1809 3404 1914 3457 674
1943 3413 1999 3458 οι
2026 3402 2187 3466 ίὲἓὶ,
2212 3400 2438 3456 Joannis
2472 3400 2840 3455 Caiitacuzeiii
2888 3404 3179 3471 responsio
3238 3404 3305 3458 ad
3341 3406 3488 3461 dicta

248 3496 549 3551 Procbori:
597 3496 733 3564 Περὶ
763 3496 953 3558 οὐσίας
988 3497 1084 3548 καὶ
1111 3494 1394 3567 ἐνεργείας
1420 3494 1576 3560 Θεοῦ,
1615 3495 1690 3548 De
1728 3496 1940 3550 essentia

1798 3496 1955 3549 tentia
1987 3504 2037 3548 et
2070 3497 2374 3565 operatione
2421 3496 2623 3547 divina.
2661 3493 2899 3563 Princip.
2956 3496 3235 3565 Περὶιμὲν
3260 3494 3353 3551 οὖν
3381 3500 3490 3552 τῶν

242 3586 347 3654 τῆς
371 3585 653 3655 ινεργείας
681 3584 778 3637 τοῦ
801 3583 941 3637 Θεοῦ
968 3584 1131 3637 είδῶν
1161 3584 1305 3637 κατὰ
1334 3585 1434 3655 τὴν
1472 3587 1530 3637 ἐν
1556 3585 1869 3654 προοιμίοις
1919 3586 2279 3651 ἐπαγγελίαν.
2313 3584 2442 3638 ltem
2475 3583 2721 3652 ejusdem
2759 3601 2772 3636 :
2808 3583 3203 3655 Ἀντιρῤητικὰ
3235 3587 3372 3655 πρὸς
3422 3590 3492 3642 τὰ

245 3673 609 3743 προαγόμενα
641 3672 783 3742 ῥητὰ
809 3673 920 3725 τῶν
951 3672 1127 3740 ἁγίων
1169 3673 1274 3725 ὑπὸ
1306 3674 1586 3744 Προχόρου
1612 3672 1707 3725 τοῦ
1742 3672 1932 3724 Κυδών

1799 3672 1990 3741 υδώνη.
2028 3672 2379 3724 Antirrhetiea
2410 3671 2478 3722 ad
2516 3672 2654 3721 dicta
2696 3668 2922 3722 Patrum
2967 3672 3138 3726 allata
3170 3692 3202 3727 a
3227 3674 3491 3731 Proclioro

245 3762 505 3831 Cydonio.
547 3760 928 3831 Principium:
963 3760 1145 3825 Ὀλως
1189 3761 1289 3830 μὲν
1324 3762 1424 3816 οὐκ
1472 3762 1600 3826 ἔδει,
1626 3756 1671 3813 ὦ
1738 3759 1917 3820 οὗτος,

1804 3776 1917 3820 τος,
1967 3757 2415 3827 ἀπολογήσασθαί
2476 3775 2543 3825 με
2610 3757 2744 3827 πρὸς
2793 3759 2863 3811 τὰ
2916 3759 3206 3831 λεγόμενα.
3257 3765 3492 3821 Probant

243 3849 414 3903 etiam
472 3846 719 3902 eamdem
778 3856 995 3902 etatem
1047 3847 1168 3901 aliae
1220 3850 1707 3903 commentationes
1744 3847 1938 3901 eodem
1998 3856 2240 3915 tempore
2270 3847 2627 3904 concinnatae.
2664 3846 2741 3899 uti
2804 3845 3063 3903 Demetrii
3129 3850 3491 3922 Chrysoiorze.

247 3935 409 3990 Κατὰ
432 3935 679 3988 Λατίνων
707 3933 867 4004 λόγος
929 3935 1278 4002 συνοπτικὸς,
1314 3934 1407 4003 ἀφ’
1438 3931 1513 3988 ὧν
1546 3936 1766 4005 ἐποίησε
1788 3934 1979 3998 Νεῖλος
2007 3935 2438 4005 ὰρχιεπίσκοπος
2470 3931 2893 4002 Θεσσαλονίκης.
2950 3935 3287 4006 Principium
3317 3956 3331 3991 :
3368 3942 3494 4011 Ἀρ-

247 4023 381 4092 χαία
398 4022 528 4089 δόξα
558 4024 657 4092 τῆς
713 4021 1046 4092 Ἑκκλησίας
1091 4023 1167 4085 ὡς
1225 4024 1289 4075 ἐκ
1316 4022 1409 4075 τοῦ
1447 4022 1577 4076 Υἱοῦ
1606 4023 1667 4075 τὸ
1706 4022 1950 4091 Πνεῦμα.
1978 4022 2110 4076 Item
2155 4020 2399 4088 ejusdem
2430 4021 2685 4087 Διάλογος
2715 4022 3060 4092 άναιρετικδς
3087 4024 3180 4078 τοῦ
3213 4026 3392 4095 λόγου,
3430 4030 3491 4082 ὃν

248 4110 491 4180 ἔγραψεν
519 4109 835 4181 Δημήτριος
856 4113 885 4163 ὁ
918 4109 1180 4179 Κυδὼνης
1209 4112 1351 4164 κατὰ
1382 4112 1475 4164 τοῦ
1506 4113 1911 4183 Θεσσαλονίκης
1942 4114 2136 4183 κυρίου
2186 4112 2380 4164 Νείλου
2415 4110 2509 4163 τοῦ
2536 4110 2841 4167 Κασασίλα.
2875 4111 3211 4184 Principium
3246 4134 3260 4170 :
3299 4120 3493 4187 Μέγας

251 4199 358 4265 μὲν
388 4201 416 4250 ὁ
441 4199 549 4251 τῶν
589 4199 883 4267 ὁμοφύλων
914 4197 1039 4252 καθ’
1079 4198 1240 4269 ἡμῶν
1260 4198 1521 4269 πόλεμος,
1558 4208 1615 4253 et
1637 4205 1879 4264 tandem,
1907 4217 1940 4253 ii

1794 4216 1879 4264 :m,
1907 4216 1976 4254 ne
2001 4200 2157 4269 plura
2200 4200 2310 4253 huc
2335 4196 2610 4269 aggeram,
2648 4198 2909 4255 Demetrii
2937 4200 3171 4271 Cydonii
3203 4205 3340 4274 πρὸς
3362 4209 3486 4268 τοὺς

247 4287 348 4339 τοῦ
378 4286 662 4341 Καὸασίλα
693 4286 955 4355 ἐλέγχους
981 4288 1123 4341 κατὰ
1149 4287 1412 4355 τῶνιπερὶ
1440 4288 1536 4356 τῆς
1560 4289 1950 4356 ὲκπορεύσεως
1998 4287 2092 4339 τοῦ
2123 4288 2283 4354 ἁγίου
2340 4286 2662 4355 Πνεύματος
2704 4287 3018 4353 κεφαλαίων
3058 4290 3152 4342 τοῦ
3210 4293 3490 4362 μακαρίου

248 4377 447 4445 Θωμᾶ.
485 4374 826 4444 Principium
858 4391 873 4428 :
918 4375 984 4427 'H
1018 4376 1120 4445 μὲν
1166 4377 1312 4429 κατὰ
1360 4376 1613 4430 Λατίνων
1640 4375 1922 4445 προθυμία

1798 4376 1922 4445 δμία
1949 4376 2043 4428 τοῦ
2072 4376 2265 4444 ἀνδρὸς
2320 4374 2513 4426 τούτου
2559 4373 2775 4444 μεγάλη
2827 4375 2922 4426 καὶ
2970 4375 3282 4449 θαυμαστή.
3320 4380 3385 4433 Et
3422 4397 3490 4436 ne

250 4465 516 4533 patientia
548 4473 638 4518 tua
678 4465 892 4524 abutar,
926 4462 1133 4518 videsis
1167 4479 1266 4534 per
1298 4473 1350 4518 te
1374 4466 1551 4534 ipsum
1582 4463 2025 4520 Cantacuzenum
2065 4465 2117 4518 in
2151 4462 2415 4529 ﬂistoria,
2450 4471 2506 4516 et
2537 4462 2880 4531 potissimum
2917 4462 3013 4517 lib.
3044 4480 3098 4528 v,
3126 4481 3245 4535 cap.
3291 4468 3380 4521 16.
3411 4470 3489 4525 lbi

251 4560 441 4607 narrat
475 4554 771 4622 imperator
803 4549 1223 4608 Cantacuzenus
1264 4569 1322 4607 se
1354 4554 1619 4609 molestiis
1663 4556 1869 4609 exsolvi
1921 4554 2255 4622 cupientem,
2284 4568 2349 4606 ac
2402 4567 2577 4620 genus
2618 4553 2836 4606 vivendi
2890 4554 3165 4622 placidum
3227 4557 3489 4613 minime-

248 4656 361 4710 que
392 4640 732 4710 negotiosum
754 4640 1147 4710 suspirantem.
1179 4656 1305 4695 cum
1341 4642 1625 4696 statuisset
1676 4643 1940 4697 translato
1970 4641 2201 4711 imperio
2231 4641 2624 4694 monachorum
2675 4640 2928 4695 instituta
2965 4644 3186 4707 sectari.
3244 4645 3312 4698 ad
3344 4646 3487 4702 hunc

250 4727 618 4782 secessionem
649 4728 829 4782 socios
853 4726 1128 4781 addidisse
1152 4726 1436 4781 Nicolaum
1463 4727 1769 4783 Cabasilam
1831 4737 1888 4782 et
1939 4729 2274 4783 Demetrium
2299 4726 2598 4797 Cydonem.
2624 4730 2715 4796 qui
2744 4738 2973 4782 externa:
3033 4731 3307 4799 sapientia
3338 4735 3491 4801 [asti-

248 4820 398 4885 gtum
425 4816 736 4884 attigerant.
770 4822 820 4867 et
847 4813 1076 4867 moribus
1122 4813 1545 4885 philosophantes
1570 4817 1731 4869 vitam
1778 4818 2033 4879 cclibem,
2067 4814 2535 4884 conjugaliumque
2594 4816 3049 4884 perturbationum
3081 4830 3343 4889 expertem
3375 4841 3491 4875 am-

250 4902 395 4975 plexi
422 4902 654 4970 fuerant.
686 4898 943 4965 Quocirca
973 4901 1299 4971 prtecipuiim
1314 4905 1503 4972 gratia
1550 4906 1816 4968 amicitiiz,
1850 4914 1898 4957 et
1937 4902 2323 4973 fantiliaritatis
2374 4902 2546 4956 locum
2576 4904 2716 4973 apud
2772 4905 3143 4972 imperatorem
3167 4907 3491 4964 obtinebant.

251 4998 421 5052 Natat
443 5006 702 5066 praeterea
726 4994 1027 5049 Salinasius
1050 4995 1255 5050 ibidem
1284 5011 1391 5051 non
1424 4996 1778 5051 mediocriter
1807 5013 1994 5053 errare
2034 4998 2212 5052 virum
2233 4996 2672 5051 eruditissimum
2707 4999 2805 5070 (e),
2840 5001 2936 5069 qui
2975 4999 3159 5053 Nilum
3190 5000 3492 5056 Thessalo-

332 5110 404 5174 (τ)
438 5106 638 5161 Eadem
670 5105 832 5159 Flacii
882 5106 1046 5161 verba
1076 5117 1226 5171 sunt,
1257 5108 1467 5178 praefat.
1519 5109 1586 5163 ad
1618 5108 1723 5163 Nili
1753 5110 1822 5164 li-
1925 5119 2070 5163 stam
2101 5107 2334 5178 esse_ait
2359 5145 2375 5169 ,
2409 5123 2579 5175 quare
2620 5110 2674 5161 in
2718 5107 2917 5162 Codice
2941 5109 3034 5162 illo
3084 5108 3329 5163 Caesareo
3359 5110 3492 5165 Ora-

250 5180 481 5233 betiiiiii.
575 5245 625 5247 ﬂ
702 5243 729 5247 ξ
1259 5176 1273 5178 ⁷
1328 5246 1331 5247 ν
1933 5180 2176 5233 tionibus
2214 5176 2477 5232 Cabasilie
2563 5178 2667 5231 Nili
2695 5179 2935 5245 Epistula
2962 5180 3342 5247 subjungatur.

326 5251 403 5316 (ά)
432 5248 489 5316 lii
516 5243 933 5316 bibl.7C:es:irea
967 5255 1105 5316 teste
1131 5246 1396 5309 Nessclio.
1417 5263 1469 5316 p.
1493 5248 1619 5310 353.
1647 5257 1827 5302 exstat
2004 5250 2075 5316 (e)
2131 5248 2329 5300 Bonav.
2400 5248 2720 5301 Vulcanium
2745 5243 2804 5300 iii
2867 5252 3015 5315 priet.
3055 5243 3119 5300 ad
3147 5243 3251 5302 Nili
3283 5252 3484 5305 librum

247 5314 419 5373 etiam
440 5314 549 5385 Nili
580 5315 747 5385 hujus
780 5314 1019 5385 Epistula
1048 5317 1115 5369 ad
1140 5321 1347 5371 sororis
1385 5314 1497 5372 suae
1534 5318 1702 5371 litium
1734 5317 1828 5371 Ni-
1935 5316 2013 5370 De
2039 5314 2267 5385 primatu
2296 5332 2448 5385 papae
2471 5317 2679 5371 editum
2717 5332 2746 5371 a
2771 5332 2830 5371 se
2861 5314 2891 5371 ε
2919 5332 3020 5372 ms.
3053 5318 3193 5372 Bibl.
3221 5320 3489 5377 Vaticana:

249 5383 1407 5474 ςυιξυιιιεῖξὲῖέξίὲιπιιξξερειιὶοηεωεὶυξ
1438 5386 1824 5474 nominate
1933 5398 1987 5474 es
2023 5383 2513 5474 Ιτιείεεξεάέίψμη
2538 5387 2707 5474 ιέιξξεα·
2750 5387 3083 5474 δειλίξίθδι.
3118 5393 3170 5451 δυ
3200 5390 3344 5474 apud
3379 5390 3480 5474 “at
3528 5442 3531 5443 κ

252 5459 310 5511 in
336 5454 394 5509 S.
446 5464 740 5538 martyrem
795 5454 1165 5536 Demetrium:
1224 5454 1510 5536 ’ξπιστολὴ
1538 5457 1632 5509 τοῦ
1687 5460 1826 5524 πρὸς
1934 5474 1944 5579 1

256 5525 464 5579 μητρὸς
522 5524 667 5576 θείου
716 5540 871 5579 κυρω
918 5525 1172 5579 Νικολὰω
1204 5542 1282 5579 τω
1313 5526 1619 5579 Καὸασίλα.
1657 5526 1825 5579 ἁγιω-

1792 5474 1826 5518 ις
1934 5456 2306 5579 [ίιειειιείυω.
2339 5454 2639 5525 Subjuiixit
2663 5472 2829 5525 porro
2860 5458 3157 5513 Vulcanius
3215 5454 3402 5513 Graece
3430 5471 3484 5515 et

1792 5545 1825 5578 ι-
1980 5528 2128 5579 atine
2156 5528 2373 5578 initium
2401 5528 2817 5579 disceptationis
2838 5526 3009 5579 Graeci
3036 5538 3091 5579 et
3121 5532 3484 5579 quorumdam

254 5525 464 5595 μητρὸς
522 5524 667 5576 θείου
716 5525 871 5598 itan
918 5525 1172 5598 Nacoliam
1204 5525 1282 5594 τῷ
1313 5526 1825 5598 Κασασίλᾳε-ἁγιω-
1934 5524 1946 5579 Ι

1791 5545 1825 5578 i-
1934 5524 2128 5598 Latine
2156 5528 2373 5598 initium
2401 5524 2817 5598 disceptationis
2838 5526 3009 5581 Graeci
3036 5538 3091 5581 et
3121 5532 3483 5598 quorumdam

252 5593 866 5666 τὰτουᾷμητροπολίτο-ιρ
907 5593 1331 5666 βεσίσαλονίκης,
1390 5593 1815 5666 κυροῖίΝείλου.
1925 5614 1944 5649 )

1792 5622 1815 5649 ι.
1925 5596 2301 5665 καλδηναρίων
2333 5596 2736 5664 (cardinalium)
2762 5608 2923 5665 atque
2958 5593 3213 5666 excerpta
3238 5599 3484 5666 quaedam

253 5661 790 5736 l’rincipiunihujus
824 5661 1077 5736 Epistolas
1107 5680 1212 5717 non
1232 5661 1316 5719 est
1346 5682 1374 5718 a
1408 5661 1625 5719 verbis:
1672 5665 1736 5717 ‘H
1765 5666 1821 5718 δὲ
1928 5661 2105 5735 εῇυειί.
2135 5661 2512 5735 arguinentiex
2542 5668 2663 5721 aliis
2688 5661 2794 5721 Nili
2824 5661 3047 5736 scriptis
3070 5661 3393 5723 et'libe‘tlum
3419 5670 3488 5725 de

251 5733 413 5806 uitia
437 5730 663 5806 5lj7t'l'j_.5_t:
694 5729 763 5806 ibi
782 5729 1025 5806 19-11136}
1051 5735 1328 5806 τέτακται,
1361 5746 1420 5806 ut
1448 5737 1597 5804 legas
1647 5736 1703 5788 itt
1734 5751 1827 5806 ape
1934 5737 1943 5788 i

1795 5755 1827 5806 if
1934 5729 2056 5806 igne
2100 5729 2433 5806 purgatorio.
2470 5737 2716 5806 ejusdem
2745 5747 2802 5791 ut
2821 5729 3083 5792 credibile
3107 5749 3208 5804 est,
3228 5738 3355 5805 Nili,
3378 5738 3487 5793 nisi

255 5775 681 5878 ...,._i~.._.j.ij_v.
706 5775 773 5878 te,
792 5775 1157 5857 ουειῖριινρῖ.
1185 5775 1328 5858 iis:
1352 5775 1703 5869 “ansas;
1732 5775 1825 5878 ξξα
1935 5775 2130 5859 iis...”
2152 5775 2853 5878 satisz:m:.*.3°‘;:ii;..:;.;
2882 5775 3083 5864 ῑῖιειῑίέϊ
3107 5775 3492 5866 fastigii:

258 5871 424 5929 verba
446 5871 536 5925 illa
565 5872 777 5928 librarii
829 5885 954 5928 sunt
978 5913 994 5942 ,
1041 5877 1239 5942 quibus
1279 5878 1559 5938 ιἰιιιυιιυιιιι
1609 5874 1831 5930 iii-.iiiit'e-
1940 5891 2045 5936 quc
2081 5871 2363 5936 subiunxit
2394 5877 2707 5933 Excerotae
2732 5877 2943 5935 svnodo
2972 5878 3308 5935 Florentino.
