4286 6358
775 407 886 470 6⁸15
1873 382 2112 444 NILUS
2150 376 2938 440 THESSALONICENSIS.
3915 388 4031 450 675

773 520 1054 575 nicensem
1088 508 1338 566 eumdem
1397 505 1524 559 facit
1553 515 1674 557 cum
1705 499 1929 557 Nicolao
1952 495 2189 566 quodam
2225 491 2508 546 Mcthones
2547 494 2827 562 episcopo,
2865 505 2919 549 et
2971 494 3310 549 binomiuem
3347 496 3493 552 hunc
3531 495 3713 553 Nilum
3750 496 3921 556 fuisse
3942 504 4037 557 ilic

773 610 870 672 cit,
894 605 1039 676 quod
1069 617 1199 656 usus
1221 606 1368 652 esset
1389 593 1694 652 codicibus.
1730 590 1824 660 qui
1856 595 2124 641 tractatus
2149 583 2288 635 alios
2310 582 2575 649 quosdam
2601 581 2868 650 ersdem,
2899 591 2994 634 aut
3018 597 3129 634 non
3157 581 3390 635 multum
3415 585 3683 639 absimilis
3708 597 4032 655 argumenti

772 668 1151 754 continebant.
1187 687 1388 757 quibus
1423 682 1697 738 interdum
1730 692 1927 731 nomen
1986 671 2261 725 Νικολάου
2324 669 2574 722 additum
2625 668 2913 720 Καόασίλα
2965 668 3151 722 refert.
3181 669 3293 722 Nec
3341 669 3451 723 alio
3479 683 3802 739 argumento
3847 674 4037 728 Nilum

773 798 830 840 et
868 784 1145 838 Nicolaum
1184 756 1439 832 eumdem
1476 780 1648 840 putat.
1701 767 1868 820 Ponit
1903 771 2293 832 argumentum
2333 757 2386 810 in
2416 758 2629 810 fabulas
2688 756 3008 818 Salinasius.
3035 766 3089 809 et
3119 772 3227 810 non
3266 758 3522 812 dissimili
3555 761 3806 830 exemplo
3843 769 4039 830 explo~

776 874 887 935 dit,
930 888 987 925 se
1020 881 1238 938 quoque
1294 865 1350 918 in
1391 861 1578 914 codice
1632 854 1887 909 Palatium.
1967 847 2314 904 bibliotheca:
2350 844 2566 922 Nicolai
2615 843 2990 897 Methonensis
3039 845 3444 913 disputationes
3501 847 3714 914 aliquot
3766 851 4042 903 adversus

774 967 999 1024 Latinos
1021 937 1190 1025 .item
1226 954 1673 1010 Dissertationcm
1702 947 1886 1000 Basilii
1913 937 2424 997 Thessalonicensis
2456 938 2863 1004 metropolitani
2890 937 3196 1000 invenisse,
3231 949 3285 989 et
3314 938 3419 993 hoc
3457 940 3653 993 eodem
3683 957 3840 994 usum
3871 961 4043 1011 argit-

775 1066 980 1113 iuento.
1001 1024 1065 1105 ex
1095 1049 1238 1104 Nilo.
1267 1043 1490 1099 Nicolao
1535 1049 1588 1092 et
1627 1036 1848 1098 Basilio,
1885 1049 1951 1086 ex
1993 1031 2079 1084 his
2113 1027 2290 1081 tribus
2318 1024 2624 1094 Geryonem
2650 1041 2818 1078 unum
2846 1036 2901 1078 et
2929 1026 3199 1108 triplicem
3221 1040 3410 1080 creare
3440 1028 3708 1094 potuisse.
3734 1026 3868 1080 Nam
3891 1032 4042 1098 qum]

773 1146 922 1199 idem
955 1103 1203 1195 astruere
1229 1150 1294 1187 ex
1319 1131 1440 1200 styli
1469 1128 1732 1182 aﬂinitate
1759 1117 2010 1185 conatur,
2045 1118 2098 1172 id
2123 1115 2285 1186 quale
2327 1115 2418 1179 sit,
2456 1128 2514 1166 se
2557 1127 2666 1164 non
2718 1112 2973 1180 ignorare
3002 1129 3015 1175 ;
3052 1103 3147 1179 qui
3188 1111 3345 1180 plura
3379 1114 3584 1182 scripta
3609 1116 3885 1184 ejusarodi
3933 1133 4037 1171 re-

773 1232 1012 1289 centium
1044 1199 1604 1282 Gnecoruin’Patrum
1658 1226 1771 1267 tum
1819 1225 1982 1264 manu
2027 1214 2274 1266 exarata,
2306 1211 2423 1256 tum
2458 1214 2657 1253 excusa
2697 1199 2850 1268 legit,
2897 1208 2956 1252 ut
2981 1207 3331 1268 argumento,
3373 1201 3446 1253 ita
3475 1203 3616 1272 ston
3648 1205 3855 1258 similia
3888 1224 3900 1256 :
3938 1220 4047 1260 nec

778 1330 957 1376 tamen
998 1327 1238 1383 unquam
1267 1325 1333 1364 ex
1364 1324 1430 1362 eo
1459 1317 1738 1364 auctores,
1769 1299 1863 1368 qui
1894 1295 2097 1350 diversi
2122 1299 2299 1352 erant.
2322 1287 2743 1343 confundendos
2763 1302 2886 1342 esse
2919 1286 3203 1353 statuisse,
3234 1286 3330 1342 sed
3357 1287 3410 1341 id
3443 1291 3665 1345 tandem
3698 1293 4042 1360 conjecisse,

775 1406 969 1463 cadem
1009 1377 1134 1456 illos
1153 1409 1311 1453 aetate
1343 1394 1577 1457 vixisse,
1601 1390 1697 1459 qui
1747 1388 1888 1457 stylo
1915 1382 2084 1438 iidem
2117 1393 2259 1450 pene
2296 1377 2648 1431 viderentur.

847 1494 1265 1552 Eruditissimus
1301 1489 1389 1541 hic
1415 1485 1518 1546 vir.
1551 1482 1712 1552 cujus
1735 1492 1935 1533 nomen
1954 1473 2293 1538 obticuit,‘et
2317 1469 2664 1540 conjecturas
2699 1469 2766 1523 de
2790 1467 2914 1522 Nilo
2945 1477 3000 1523 et
3033 1468 3265 1523 Nicolao
3292 1469 3575 1538 redarguit
3610 1471 3932 1537 Salmasius,
3960 1483 4050 1528 est

779 1589 1162 1642 Bonaventura
1190 1574 1503 1632 Vulcanius,
1540 1570 1696 1639 cujus
1719 1567 1863 1620 dicta
1915 1561 2250 1618 accuratiori
2269 1559 2522 1613 examine
2570 1557 2931 1627 supponenda
2959 1565 3109 1619 sunt,
3128 1565 3184 1610 et
3211 1556 3300 1610 hic
3322 1572 3431 1612 non
3466 1561 3736 1626 gravabor
3763 1575 4050 1628 apponere

775 1671 1039 1729 nonnulla
1067 1683 1134 1721 ex
1156 1663 1402 1736 ejusdem
1429 1657 1759 1712 Praefatione
1794 1653 1861 1706 ad
1886 1652 2173 1712 lectorem,
2199 1647 2421 1716 praefixa
2454 1647 2710 1698 tractatui
2763 1644 2870 1698 Nili
2904 1644 3149 1712 episcopi
3203 1642 3726 1701 Thessalonicensis
3780 1647 3852 1702 De
3891 1666 4053 1720 papa:

776 1758 1000 1814 Romani
1032 1731 1298 1824 primatu:
1328 1747 1504 1824 Codex
1535 1759 1678 1797 meus
1708 1743 1763 1796 in
1797 1739 1968 1808 fronte
1998 1736 2117 1790 libri
2149 1747 2391 1804 expresse
2423 1750 2468 1802 pl

2359 1747 2391 1783 ‘e
2423 1749 2534 1802 pra:
2562 1749 2615 1785 se
2650 1735 2750 1800 fert
2807 1747 2997 1784 nomen
3031 1731 3230 1782 Νείλου
3268 1732 3719 1801 ἀρχιεπεσκόπου
3774 1734 4051 1788 Θεσσαλο-

774 1849 929 1916 νίκης
956 1860 971 1907 ,'
1001 1813 1089 1896 sed
1111 1857 1226 1892 cum
1257 1838 1309 1888 in
1334 1819 1512 1888 eodem
1532 1831 1704 1884 codice
1728 1828 1832 1880 sint
1853 1825 1949 1878 alii
1976 1840 2079 1876 non
2104 1819 2364 1874 absimiles
2398 1817 2460 1868 ab
2484 1818 2577 1868 hoc
2604 1823 2916 1884 argumento
2943 1813 3240 1878 Tractatus,
3270 1815 3324 1867 in
3349 1816 3413 1868 iis
3434 1817 3636 1886 reperio
3665 1819 3930 1870 interdum
3955 1836 4054 1872 no-

775 1899 898 1988 men.
914 1899 1192 1984 ,Νικολάου
1212 1926 1304 1991 τῆς
1339 1921 1602 1985 Μεθώνης
1633 1916 1957 1975 ὲπισκᾶπου,
1989 1908 2467 1974 ἰηιενάιιηιξειὶαηιι

2362 1922 2435 1958 tm
2450 1903 2692 1955 additum
2721 1917 2908 1953 nomen
2926 1899 3019 1953 τοῦ
3054 1901 3363 1955 Καόισιλα.
3403 1902 3517 1968 Quo
3548 1905 3610 1973 ﬁt
3672 1914 3728 1956 ut
3764 1906 3893 1958 mihi
3915 1923 4054 1975 pene

776 2030 1126 2103 persuadeam
1158 2018 1473 2073 binominem
1503 2015 1641 2068 hunc
1669 2018 1906 2065 nostrum
1938 2005 2121 2060 Nilum
2156 2003 2338 2074 fuisse,
2373 2001 2466 2054 hoc
2493 2007 2588 2062 est,
2614 1996 2790 2050 Nilum
2827 2006 2874 2049 et
2902 1995 3183 2051 Nicolaum
3221 2000 3359 2053 hunc
3409 2016 3574 2052 unum
3617 2010 3773 2069 atque
3805 2003 4056 2054 eumdem

777 2085 1046 2176 huctorem
1079 2113 1255 2183 fuisse.
1289 2108 1470 2176 Neque
1501 2107 1594 2156 hoc
1616 2117 1698 2155 me
1722 2118 1754 2154 a
1778 2096 2038 2152 sententia
2065 2091 2359 2154 dimoverit,
2394 2086 2533 2157 quod
2572 2087 2656 2138 hic
2693 2085 3044 2138 Hemonensis
3077 2089 3376 2157 episcopus,
3432 2089 3574 2140 alter
3607 2105 3727 2142 vero
3762 2088 4058 2145 Thessalo-

777 2173 1001 2263 nicensis
1047 2173 1466 2268 archiepiscopus
1490 2190 1671 2260 fuerit.
1706 2186 1966 2242 Usitatum
1993 2182 2129 2234 enim
2153 2181 2248 2232 hoc
2276 2177 2468 2231 etolim
2506 2182 2554 2227 et
2594 2173 2771 2232 hodie.
2805 2183 2860 2225 ut
2918 2175 3146 2242 episcopi
3175 2175 3240 2226 ab
3290 2193 3392 2229 uno
3418 2177 3486 2228 ad
3518 2176 3685 2230 alium
3715 2178 4052 2246 digniorem,

777 2261 871 2351 aut
948 2291 1182 2358 alioquin
1228 2261 1330 2338 'ad
1372 2261 1894 2346 tarchiepismpatum
1952 2273 2380 2340 promoueantur.
2461 2261 2670 2314 Accedit
2746 2262 2891 2320 huc.
2947 2267 3086 2330 quod
3172 2279 3288 2330 quae
3355 2265 3506 2315 lio-die
3595 2273 3804 2318 exstant
3893 2266 4060 2318 Nico-

778 2387 856 2438 lai
939 2346 1296 2434 Methonensis
1393 2367 1816 2426 lucubrationes,
1889 2358 1969 2411 vel
2048 2356 2183 2426 typis
2271 2365 2518 2411 excuset,
2594 2346 2671 2400 vel
2764 2363 2928 2400 manu
3027 2363 3264 2402 exarata:
3353 2351 3513 2421 plane
3592 2369 3712 2404 cum
3795 2353 3933 2423 stylo
4007 2368 4062 2411 et

773 2433 864 2540 filo
899 2433 1152 2522 orationis
1184 2462 1341 2530 hujus
1393 2454 1502 2510 Nili
1536 2450 1866 2505 conveniant.
1891 2446 2132 2498 Excusus
2186 2450 2359 2493 autem
2398 2444 2567 2490 exstat
2607 2433 2816 2488 Nicolai
2851 2433 3209 2489 Methoneasis
3265 2446 3526 2491 tractatus
3584 2440 3723 2492 inter
3769 2439 4060 2511 lilurgicos

774 2527 1079 2625 buctores,e
1107 2527 1480 2621 manuscriptis
1512 2563 1630 2600 vero
1671 2544 1902 2613 ejusdem
1948 2537 2210 2609 operibus,
2250 2547 2368 2604 qua:
2407 2532 2460 2583 in
2498 2529 2765 2582 nonnullis
2791 2527 2969 2582 Italia:
3021 2538 3070 2582 et
3115 2530 3394 2600 Hispaniae
3469 2532 3786 2587 bibliothecis
3818 2545 4065 2599 exstant,

773 2653 878 2707 ridi
902 2619 1047 2706 illius
1075 2646 1340 2700 orationes
1363 2619 1484 2695 VII,
1510 2635 1572 2688 de
1596 2635 1702 2688 vita
1740 2633 1793 2684 in
1825 2629 2058 2689 Christo,
2084 2642 2214 2695 quas
2240 2619 2504 2681 nonnulli,
2540 2619 2676 2687 quod
2703 2621 2911 2686 quidem
2951 2635 3046 2688 pro
3093 2636 3174 2673 me
3228 2621 3461 2673 maxime
3525 2621 3675 2688 facit,
3715 2622 3842 2676 Mla
3884 2625 4067 2676 ascri-

777 2746 924 2805 bunt,
952 2752 1115 2805 neque
1137 2748 1251 2786 mea
1271 2728 1478 2799 quidem
1505 2721 1762 2778 sententia
1795 2719 2078 2787 falluntur.
2115 2712 2302 2766 Exstat
2328 2709 2485 2762 etiam
2514 2711 2657 2780 apud
2676 2727 2755 2763 me
2789 2710 3108 2779 prwclarum
3153 2711 3388 2779 ejusdem
3431 2711 3646 2765 Nicolai
3697 2713 4066 2766 Hemonensis

775 2798 929 2900 opus,
956 2798 1056 2896 quo
1079 2798 1418 2887 '[heoloyiam
1453 2811 1794 2866 Platonicam
1832 2803 2032 2867 Procli,
2051 2815 2167 2897 qua:
2188 2798 2850 2895 constatpropositionibus
2876 2798 3004 2863 2H,
3043 2800 3093 2850 in
3128 2815 3358 2867 quarum
3386 2799 3670 2869 plerisque,
3699 2800 3790 2854 ille
3842 2801 4070 2853 dubium

776 2885 1144 2970 a'ccura'tiorne
1187 2885 1645 2977 philosophus.'aa
1675 2895 1852 2949 acrior
1871 2889 2065 2945 Christi
2097 2889 2280 2951 hostis,
2333 2886 2594 2957 principia
2644 2885 2910 2956 religionis
2955 2885 3270 2940 Christiana:
3322 2888 3691 2958 philosOphicis
3761 2889 4072 2949 rationibus

772 3015 822 3071 et
889 2975 1418 3057 demonstra‘tionibu‘s
1473 2996 1701 3041 evertere
1761 2989 2004 3044 conatur,
2062 2977 2360 3029 doctissime
2438 2977 2697 3043 con/atat.
2777 2976 2986 3030 Titulus
3067 2975 3186 3030 libri
3241 2979 3316 3030 sic
3373 2979 3559 3031 habet:
3611 2978 3881 3032 Νικολάου
3917 2981 4074 3035 ἐπι-

778 3089 1254 3156 σκόπουΜεΟώνης
1330 3079 1628 3143 ἁνὰπτυξις
1691 3078 1792 3144 τῆς
1863 3071 2180 3138 θεολογικῆς
2244 3069 2643 3152 στοιχειώσεῳς
2697 3071 2943 3138 Πρόκλου
2995 3070 3092 3122 τοῦ
3166 3071 3372 3124 Λυκίου
3423 3072 3772 3126 Πλατωνικοῦ
3837 3076 4075 3144 φιλοσό.

778 3202 904 3254 quo.
959 3189 1068 3233 etc.
1105 3155 1316 3230 NicOlai
1339 3161 1982 3254 episcOpiMetlionensis
2006 3156 2307 3254 confutatio
2334 3155 2654 3254 theologi-cy»
2692 3158 3098 3212 informationis
3118 3159 3300 3213 Procli
3336 3159 3484 3231 Lycii
3516 3160 3784 3215 Platonici
3817 3166 4077 3233 philoso-

779 3242 900 3342 ιἰηίξ
964 3268 1056 3330 Hi,
1109 3266 1347 3332 inquam.
1381 3256 1501 3310 libri
1541 3272 1572 3307 a
1594 3249 1848 3306 'Nicolao
1876 3246 2206 3342 Mel-lionensi
2237 3242 2675 3342 conscripti,Nili
2696 3247 2854 3342 hujus
2882 3247 3045 3298 nostri
3072 3247 3266 3316 stylum
3288 3259 3481 3301 tersum
3507 3267 3638 3302 sane
3668 3263 3824 3321 atque
3852 3257 4075 3323 elegan-

777 3331 880 3413 lem
927 3354 1158 3426 proxime
1180 3331 1444 3417 referunt.
1499 3342 1699 3396 Horam
1756 3348 1826 3403 te,
1856 3335 2073 3426 candide
2097 3333 2279 3396 lector,
2307 3333 2561 3426 monitum
2593 3331 2752 3397 volui,
2789 3332 3011 3386 liberum
3039 3335 3133 3388 tibi
3159 3338 3222 3388 de
3249 3345 3358 3389 tota
3382 3339 3717 3407 rejudicium
3737 3341 4052 3411 relinquens

851 3403 1262 3498 Eririditissinius
1323 3433 1412 3486 hic
1443 3431 1547 3494 vir,
1578 3429 1828 3499 quisquis
1856 3426 1946 3478 ille
1985 3425 2108 3487 fuit,
2166 3438 2291 3476 cum
2320 3421 2607 3475 Nicolaum
2639 3421 2945 3498 Cabasilani
2991 3433 3044 3475 et
3071 3423 3253 3476 Nilum
3321 3403 3490 3478 unum
3544 3427 3697 3494 facit,
3759 3440 3811 3483 et
3848 3403 4078 3500 postre:

777 3547 928 3588 mum
954 3530 1265 3584 oblitterata
1294 3520 1561 3574 memoria
1614 3516 1900 3576 Cabasilae,
1934 3514 2133 3565 mirum
2184 3525 2292 3564 non
2342 3516 2447 3572 est.
2483 3509 2526 3562 si
2564 3508 2982 3564 Methonensem
3026 3512 3080 3563 in
3111 3511 3295 3565 locum
3351 3512 3497 3567 illius
3531 3514 3856 3572 detruserit.
3911 3521 4079 3588 Inter

780 3625 1065 3683 Nicolaum
1099 3616 1408 3672 Cabasilain
1462 3620 1520 3664 et
1566 3609 1981 3662 Mntlionensem
2017 3617 2272 3672 magnum
2304 3609 2387 3656 est
2422 3601 2688 3668 temporis
2739 3602 3115 3665 intervallum,
3156 3603 3536 3659 Methonensis
3575 3608 3850 3676 siquidem
3888 3615 4080 3668 multo

779 3712 1035 3771 Cabasila
1065 3704 1364 3774 antiquior.
1387 3701 1442 3754 Si
1468 3696 1864 3757 Methonensis,
1890 3701 1953 3746 ut
1973 3691 2317 3760 Epitomator
2349 3689 2724 3744 Gcsnerianus
2753 3689 2941 3752 tradit,
2962 3689 3192 3744 ﬂorebat
3223 3705 3368 3745 anno
3395 3692 3552 3759 1950,
3573 3697 3676 3750 sub
3706 3695 4078 3763 Lascaribus,

778 3797 1109 3873 quiscripsil
1138 3795 1397 3863 pleraque
1420 3797 1612 3841 contra
1639 3782 1971 3853 pontificios,
1996 3795 2116 3847 quin
2147 3779 2200 3830 in
2239 3777 2594 3832 bibliothecis
2642 3781 3021 3848 manuscripta
3071 3781 3351 3850 leguntur.
3386 3784 3549 3839 sicuti
3584 3786 3752 3841 etiam
3810 3789 4077 3857 ejusdem

779 3867 958 3961 gratio
980 3886 1046 3938 ad
1065 3899 1160 3936 eos
1189 3881 1278 3950 qui
1313 3876 1584 3934 haesitant.
1617 3876 1885 3961 aluntque
1911 3874 2295 3961 consecratum
2321 3880 2514 3931 panem
2555 3875 2611 3918 et
2645 3867 2828 3918 vinum
2861 3883 2967 3920 non
2987 3883 3107 3922 esse
3141 3885 3345 3938 corpus
3376 3883 3431 3925 et
3461 3875 3789 3944 sanguinem
3834 3877 4074 3935 Domini

779 3951 1105 4032 nostriJesu
1155 3965 1386 4028 Christi,
1425 3971 1479 4016 et
1521 3961 1720 4029 legitur
1760 3954 1924 4010 hodie
1954 3955 2009 4008 in
2035 3951 2380 4006 Bibliotheca
2411 3961 2737 4007 sanctorum
2776 3953 3002 4009 Patrum
3042 3955 3338 4026 Margarini
3367 3959 3596 4029 Bignei:
3649 3961 3896 4019 Cabasila
3928 3981 4075 4023 vero

781 4065 1013 4120 ﬂorebat
1036 4073 1178 4114 anno
1210 4055 1362 4109 l3“.
1403 4052 1547 4104 lntcr
1575 4047 1986 4100 Methone-nscia
2013 4042 2199 4108 itaque
2238 4048 2402 4107 atque
2423 4039 2733 4096 Cabasilam
2774 4044 3094 4098 interinedii
3124 4054 3255 4098 sunt
3291 4048 3442 4111 anni.
3465 4048 3511 4101 si
3568 4066 3694 4118 qua:
3713 4059 3911 4108 statuit
3940 4059 4076 4125 epi-

784 4167 1019 4213 tomator
1053 4168 1179 4207 vera
1214 4157 1364 4211 sunt,
1396 4145 1490 4198 85.
1525 4141 1589 4194 Et
1619 4151 1677 4194 ut
1709 4137 2087 4207 liquidiusres
2127 4135 2388 4196 diluccat,
2445 4135 2688 4191 Joannes
2725 4137 2941 4191 Veccus
2992 4137 3225 4192 ﬂorebat
3270 4141 3374 4193 sub
3426 4141 3690 4198 Michaele
3750 4143 4075 4219 Ρειιεεοιυεο

781 4251 958 4319 primo
981 4259 1126 4299 anno
1158 4240 1320 4294 1371.
1353 4235 1461 4290 Sed
1489 4235 1714 4294 Veccus.
1744 4231 1918 4284 multo
1954 4229 2235 4295 antiquior
2265 4226 2538 4288 Cabasila,
2569 4226 2784 4291 scribit,
2807 4235 2863 4279 et
2891 4227 3054 4296 plane
3085 4226 3344 4281 dissolvit
3377 4241 3704 4298 argumenta
3736 4233 4076 4291 Methonen-

781 4314 858 4391 sis
886 4346 1074 4390 contra
1107 4326 1512 4400 processionetn
1549 4321 1788 4389 Spiritus
1812 4318 1975 4370 etiam
2008 4331 2075 4368 ex
2107 4315 2268 4378 Filio,
2324 4325 2445 4382 post
2477 4322 2556 4366 tot
2588 4329 2784 4366 annos.
2815 4314 2956 4382 Ergo
2994 4314 3369 4370 Methonensis
3418 4317 3699 4383 Nicotaus.
3723 4330 3780 4374 et
3805 4322 4077 4380 Nicolaus

775 4424 1052 4485 Cabasila,
1088 4436 1195 4474 non
1248 4423 1478 4485 possunt
1508 4425 1628 4464 esse
1667 4424 1808 4462 unus
1856 4417 1908 4460 et
1946 4406 2086 4459 idem
2150 4415 2367 4458 auctor.
2419 4401 2593 4465 Adde,
2660 4401 2919 4454 Nicotaus
2976 4401 3251 4466 Cabasila,
3306 4405 3434 4458 licet
3486 4408 3816 4462 sententiam
3848 4409 3959 4466 Nili
4001 4414 4079 4469 de

783 4511 1135 4582 processione
1165 4503 1405 4573 Spiritus
1457 4499 1627 4552 sancti
1656 4495 1922 4548 adversus
1956 4492 2180 4546 Latinos
2227 4499 2452 4545 secutus
2499 4490 2570 4542 sit
2637 4504 2702 4542 ac
2759 4489 2980 4552 loverit.
3042 4491 3180 4544 nihil
3249 4502 3430 4545 tamen
3498 4494 3564 4548 de
3627 4511 3694 4550 eo
3738 4514 4080 4566 argumento

780 4578 1048 4654 adversus
1079 4591 1377 4648 Ecclesiatn
1411 4586 1711 4640 Romanam
1780 4581 1847 4634 ad
1879 4581 2027 4633 hunc
2078 4579 2222 4632 diem
2256 4578 2322 4630 ab
2357 4592 2422 4630 eo
2451 4578 2716 4645 scriptum
2752 4587 2807 4631 et
2866 4580 3254 4632 concinnatum
3308 4581 3546 4636 inveniri
3579 4583 3632 4636 in
3666 4583 4032 4643 bibliothecis
4063 4631 4078 4652 ,

825 4694 930 4748 uod
980 4694 1096 4748 ipse
1150 4688 1342 4742 sciam.

825 4708 930 4748 uou
980 4709 992 4745 Ι
1039 4708 1096 4744 se
1150 4708 1342 4742 solum.

771 4713 816 4765 ῃ
855 4708 1243 4843 Editapsuntm
1267 4774 1372 4827 Nili
1400 4767 1795 4836 archiepiscopi
1815 4765 2326 4819 Thessalonicensis
2353 4766 2541 4821 Griece
2573 4777 2630 4820 et
2660 4765 2853 4820 Latine
2885 4765 3075 4820 Oratio
3101 4767 3516 4832 deamnstrans,
3573 4788 3674 4825 non
3697 4775 3866 4826 aliam
3906 4777 4082 4830 dissi-

759 4873 853 4925 ..dii
883 4867 1243 4923 Ecclesiarum
1280 4862 1598 4913 Latinarum
1629 4865 1675 4908 et
1707 4855 2139 4909 ercanicarum
2172 4869 2286 4906 esse
2337 4871 2577 4916 causam,
2601 4871 2761 4923 quam
2795 4855 2934 4924 quod
2965 4872 3107 4924 papa
3160 4857 3272 4924 ejus
3300 4898 3312 4921 ,
3340 4859 3480 4926 quod
3516 4868 3915 4913 controversum
3964 4875 4079 4925 εει.

760 4959 1133 5027 cognitionem
1193 4967 1253 5004 ac
1270 4949 1534 5018 judicium
1557 4945 1624 4996 ad
1655 4944 2023 4996 tecumenicam
2045 4943 2302 5012 synodum
2331 4943 2534 5011 deferre
2556 4942 2814 4996 detractat
2841 4945 2962 4996 :sed
2995 4947 3102 5013 ipse
3126 4944 3266 4997 solus
3292 4950 3668 5001 controversia:
3709 4951 3964 5017 magister
4015 4972 4084 5004 οε

773 5048 941 5130 judex
987 5046 1164 5096 sedere
1205 5041 1350 5102 velit,
1399 5035 1624 5102 reliquos
1647 5048 1764 5085 vero
1796 5032 2178 5099 discipulorum
2213 5032 2386 5083 instar
2437 5033 2572 5084 dicto
2601 5034 2870 5085 audientes
2896 5034 3107 5099 habere,
3140 5034 3277 5100 quod
3310 5038 3521 5104 quidem
3582 5038 3647 5090 ab
3701 5039 4082 5107 apostolorum

782 5119 830 5197 ξι
859 5132 1080 5188 Patrum
1109 5129 1300 5199 legibus
1328 5122 1715 5189 actionibusque
1731 5128 1805 5171 est
1825 5120 2078 5172 alienum.
2110 5119 2238 5171 Item
2286 5120 2529 5188 ejusdem
2563 5119 2879 5189 Deprimatu
2913 5137 3085 5190 papae,
3124 5123 3326 5191 quibus
3355 5136 3711 5180 accesserunt
3756 5128 3862 5180 alia
3925 5145 4082 5182 non-

783 5227 931 5280 nulla
956 5225 1024 5278 de
1043 5216 1412 5276 controversis
1438 5230 1466 5266 a
1492 5211 1718 5268 Graecis.
1740 5226 1906 5278 opera
1935 5219 1990 5262 et
2009 5208 2192 5262 studio
2216 5208 2429 5264 Claudii
2453 5213 2724 5274 Saluiasii,
2749 5213 2824 5283 (g)
2847 5224 2901 5268 et
2927 5214 3324 5270 Bunaventura:
3347 5217 3764 5283 Vulcanii,cum
3786 5224 4087 5278 nonnullis

784 5315 949 5379 notis,
980 5311 1234 5365 Hauovia:
1267 5299 1796 5377 typisWeclielianis
1852 5303 1994 5364 apud
2011 5298 2306 5353 Claudium
2329 5298 2628 5361 Marinum.
2655 5308 2709 5351 et
2767 5300 3012 5353 haeredes
3056 5299 3282 5356 Joannis
3336 5302 3533 5356 Aubrii
3600 5305 3761 5373 1608,
3790 5307 3842 5358 in
3865 5306 3921 5361 8.
3952 5308 4085 5363 Iloc

857 5500 922 5572 (Ι)
986 5496 1318 5572 Prodierunt
1343 5564 1356 5572 _
1395 5485 1862 5572 etiatnuGrsacerl
1893 5485 2150 5572 Loudini,
2195 5485 2366 5572 "sine
2475 5485 2646 5565 altera
2674 5486 2939 5542 Ludovici
2962 5486 3210 5567 .Servini.
3241 5489 3348 5544 Sed
3387 5506 3488 5545 nec
3516 5507 3706 5546 senem
3729 5497 3919 5560 postea
3962 5491 4085 5545 bu.

783 5556 1051 5640 temporis
1089 5567 1294 5640 uotauiu
1329 5564 1390 5640 ιλ
1410 5577 1531 5640 eum
1561 5557 1774 5640 hieletii
1805 5559 1966 5640 ξιιμ..
1991 5565 2157 5635 atque
2193 5556 2367 5635 Geor-
2468 5556 2557 5640 jus
2593 5574 2772 5640 operae
2805 5558 3026 5640 pqdqiti
3054 5577 3177 5612 nam
3200 5562 3479 5640 libro“suo
3508 5562 3582 5614 υε
3606 5556 3846 5630 prmia“.
3883 5579 4062 5631 ραραε

785 5611 1628 5714 ὲῖίἨουέέξίΓᾶἶ-ίίίξι-ᾷιίὺι-ἰθίίξ
1654 5611 2162 5694 Philadelphiensis
2224 5628 2363 5678 scri-
2468 5611 2646 5695 'Lugd'.
2673 5611 2981 5714 Batillilii,
3004 5611 3291 5709 L'CXttt—lsb

787 5682 899 5784 ius
936 5710 1205 5784 39'9"“?
1267 5705 1510 5781 Laliuos.’
1725 5780 1735 5784 _
1867 5767 1880 5784 ,
1957 5770 1967 5780 ,
2471 5682 2747 5784 (Ιιυὲιηίιιξςὶ
2784 5699 2909 5784 Nilo
2936 5682 3195 5778 cbnijtem
3233 5682 4085 5758 dedendi—Barlaanuiti'iiiona:

858 5767 1430 5850 (g)Salmasiu_s___tum
1457 5773 1544 5827 \‘ix
1611 5767 2364 5850 quatuordeciinnannosna-
2471 5769 2550 5821 ςΙιι

1852 5767 2244 5850 decim-annos
2269 5781 2364 5816 lia-
2471 5769 2634 5821 chum
2662 5767 2667 5768 ⁷
2697 5773 2827 5838 Περὶ
2852 5771 2948 5838 τῆς
2983 5769 3076 5822 τοῦ
3113 5772 3311 5824 πάππα
3347 5773 3544 5842 ἀρχῆς,

765 5828 1171 5909 -εσυὲδέτῖιῖῶὦ
1222 5846 1404 5901 ΝΗιλιι)
1435 5828 1788 5902 Nerei-usus
1816 5839 2002 5893 codice
2030 5836 2278 5891 Palatino
2310 5848 2363 5890 et
2776 5828 2787 5838 '
2906 5828 2944 5838 "
3389 5828 3399 5842 .
3425 5828 3452 5840 ..
