4286 6358
235 402 339 473 681
1705 391 1926 453 NOTIT

1776 393 1953 452 )Tl'fl
1971 392 2029 451 λ.
3365 379 3468 443 682

239 535 337 578 aes
377 517 583 572 Vcccus
616 516 713 583 (q).
751 512 928 579 Quare
950 512 995 567 si
1024 521 1150 567 tuus
1184 512 1286 568 iste
1329 513 1688 584 Sgyropulus.
1725 521 1780 565 et
1808 510 2080 580 quosipsc
2130 509 2196 563 ad
2230 508 2517 563 consilium
2575 514 2797 559 vocatos
2833 502 2998 554 fuisse
3050 497 3235 558 tradit.
3264 498 3315 551 in
3352 510 3471 552 arte

237 624 293 665 et
324 610 585 665 facultate
620 607 930 675 theologica
959 607 1369 669 excelluissent.
1402 617 1457 661 et
1486 608 1540 661 in
1578 622 1788 660 summa
1831 620 2013 659 rerum
2041 603 2383 673 ignoratione
2410 599 2608 655 versati
2646 613 2754 653 non
2782 598 3032 656 fuissent.
3066 594 3132 648 ad
3183 594 3283 647 hos
3344 608 3474 662 pro-

238 703 547 755 vocassem.
610 708 718 747 non
771 694 838 747 ad
902 693 1227 749 Cabasilam.
1284 694 1391 748 Sed
1451 695 1523 747 nil
1576 692 2111 747 miruinzGraculus
2172 690 2368 759 quaerit
2404 689 2704 758 graculum.
2767 685 2904 750 Quid
2939 697 3070 735 vero
3120 681 3474 736 Thessaloni-

237 797 435 837 censes
488 781 557 835 in
623 778 888 848 synodico
939 780 1333 847 manuscripto,
1386 780 1530 848 quod
1594 780 1720 832 no\'i
1787 778 1934 832 illius
1981 775 2220 831 editores
2279 778 2355 829 uti
2410 775 2697 843 profanum
2728 783 2781 827 et
2835 773 3064 839 impimn
3116 768 3475 837 reiecerunt}?

239 870 442 924 Νείλου
465 868 557 921 τοῦ
591 869 899 935 ἁγιωτάτου
931 867 1335 939 μητροπολῑτου
1362 865 1766 934 Θεσσαλονίκης
1832 866 1925 918 τοῦ
1974 866 2151 933 λόγοις
2187 867 2324 935 ἅμα,
2352 868 2443 919 καιὶ
2482 866 2681 932 ἔργοις,
2721 865 2814 914 καὶ
2862 861 3027 923 θείοις
3076 860 3475 928 συγγράμμασι

239 956 657 1023 ἀγωνισαμένου
686 955 825 1022 ὑπὲρ
859 952 957 1023 τῆς
985 955 1311 1024 Ἐκκλησίας
1347 954 1605 1022 Χριστοῦ,
1639 956 1734 1005 καὶ
1767 954 1865 1021 τὴν
1901 954 1994 1004 τοῦ
2042 954 2311 1022 Βαρλαέῳ,
2360 955 2451 1005 καὶ
2482 950 2795 1003 ’Λκινὸύνου
2827 950 2901 1017 (r)
2930 949 3266 1015 κενοφωνὶαν
3291 947 3476 999 (taceti-

241 1060 364 1111 φοις
399 1044 602 1109 λόγοις,
642 1045 736 1096 καὶ
762 1042 1071 1105 ἀποδείξεσι
1101 1043 1516 1111 ἀναντιρῤήτοις
1569 1040 2033 1106 καταισχύναντός
2091 1058 2173 1104 τε,
2230 1041 2323 1091 καὶ
2360 1041 2754 1107 διελέγξαντοο,
2796 1037 2992 1088 αἰωνία
3027 1037 3059 1104 ἡ
3105 1038 3315 1102 μνήμη.
3363 1035 3474 1089 Nili

238 1131 562 1184 sanctissimi
591 1130 967 1200 archiepiscopi
1000 1129 1498 1191 Thessalonicensis,
1532 1128 1621 1196 qui
1667 1129 1989 1182 sermonibus
2006 1129 2188 1192 simul,
2221 1136 2269 1181 et
2300 1128 2583 1181 actionibus
2629 1137 2677 1178 et
2712 1125 3103 1177 commentariis
3129 1124 3318 1175 divinis
3383 1139 3476 1185 pro

243 1218 483 1272 Ecclesia
516 1218 736 1283 Christi,
766 1226 813 1269 et
837 1217 1138 1279 Barlaami,
1159 1227 1206 1271 et
1232 1218 1488 1287 Acindyni
1511 1233 1672 1270 vanos
1699 1218 1944 1285 strepitus
1980 1232 2012 1268 a
2037 1215 2145 1269 Deo
2178 1216 2317 1267 datis
2344 1214 2692 1275 sermonibus,
2718 1212 2901 1277 quibus
2928 1211 3096 1263 resisti
3120 1226 3220 1262 non
3246 1217 3475 1277 poterat,

240 1315 289 1354 ct
313 1304 838 1357 demonstrationibus
865 1304 1190 1363 dilucidavit,
1223 1312 1272 1355 et
1314 1304 1846 1372 inmituperationcm
1891 1302 2131 1363 adduxit.
2172 1305 2218 1354 et
2264 1305 2316 1354 in
2357 1303 2571 1354 crimine
2603 1302 2794 1367 posuit,
2827 1298 3143 1366 sempiterna
3198 1296 3472 1347 memoria.

241 1390 355 1443 Nec
374 1390 481 1443 alio
500 1400 656 1457 pacto
682 1389 733 1442 Si
746 1405 902 1442 meon
926 1389 1458 1450 Tthsalonicensis,
1490 1390 1712 1456 Dialogo
1736 1391 1933 1441 Contra

1783 1398 1935 1441 ontra
1965 1390 2218 1443 litereses:
2260 1390 2367 1440 Καὶ
2398 1388 2479 1440 ἔτι
2510 1390 2697 1457 ἐτέρου
2742 1386 2939 1438 Νείλου
2972 1384 3251 1436 Θειοτὰτου
3282 1384 3475 1450 alapa.-

234 1477 341 1528 ’τοῦ
370 1479 471 1543 τῆς
519 1477 965 1528 Θεσσαλονικέων
1003 1478 1103 1546 τὴν
1138 1477 1433 1545 προεδρίαν
1470 1478 1570 1543 μὲν
1608 1478 1905 1545 εἰληφότος,
1945 1475 2020 1546 μὴ
2060 1477 2195 1543 πρὸς
2235 1474 2405 1541 αὐτὴν
2437 1476 2493 1526 δὲ
2536 1475 2839 1539 φθάσαντος
2878 1472 3073 1533 ἐλθεῖν,
3118 1471 3261 1523 κατά
3290 1469 3345 1521 δὲ
3376 1469 3476 1537 τῆς

243 1562 356 1614 τῶν
386 1562 633 1615 Λατίνων
656 1565 1013 1631 καινοτομίας
1042 1563 1293 1631 λαμπρὰ,
1316 1566 1409 1614 καὶ
1438 1564 1613 1632 ἁληυῆ
1657 1564 1800 1627 λίαν,
1829 1565 1923 1616 καὶ
1962 1565 2157 1632 ἰσχυρὰ
2190 1562 2676 1630 συγγραψαμένου,
2738 1563 2831 1611 καὶ
2866 1563 3007 1611 κατὰ
3065 1559 3161 1625 τῆς
3214 1559 3477 1626 δυστήνου

250 1656 487 1721 ταυτησὶ
520 1654 612 1707 τοῦ
641 1654 912 1724 Βαρλαάμ
951 1670 1009 1705 τε
1032 1657 1125 1707 καὶ
1158 1653 1472 1707 ’Δκινδύνου
1499 1654 1785 1723 αἱρέσεως.
1817 1654 1924 1709 Nec

1817 1654 1924 1709 Nec
1949 1671 2053 1707 non
2082 1672 2198 1709 cum
2217 1655 2324 1707 alio
2350 1653 2469 1707 Nilo
2502 1654 2612 1706 viro
2638 1652 2980 1711 dirinissimo,
3015 1661 3063 1703 et
3094 1651 3234 1703 urbis
3263 1650 3479 1702 Thcssa-

247 1742 522 1794 lonicensis
552 1757 929 1817 arquelsummo
957 1742 1211 1803 antistite,
1241 1743 1391 1809 cujus
1443 1749 1621 1795 tamen
1654 1742 1821 1794 sedem
1845 1743 2168 1809 adipiscendi
2202 1752 2428 1809 potestas
2461 1759 2564 1794 non
2602 1742 2726 1809 fuit.
2772 1740 2889 1791 licet
2942 1747 3125 1791 contra
3168 1737 3479 1790 Latinorum

248 1844 438 1880 nouum
462 1828 664 1896 facinus
697 1827 996 1895 splendida,
1022 1836 1068 1879 et
1086 1828 1206 1894 fidei
1228 1828 1551 1897 plenissima,
1600 1837 1647 1880 et
1673 1827 1825 1881 valde
1853 1830 2064 1883 robusta
2092 1828 2481 1883 Commentaria
2509 1828 2916 1888 concinnavcrit,
2936 1844 3026 1878 nec
3054 1844 3152 1878 non
3184 1834 3365 1878 contra
3393 1827 3478 1877 in-

247 1916 447 1983 felicem
476 1917 610 1969 Iianc
644 1914 923 1969 Barlaami
962 1924 1014 1968 et
1043 1916 1304 1984 Arindyni
1338 1917 1582 1970 Iiwresin.
1620 1916 1757 1970 Ride
1807 1919 1968 1971 sodes
2012 1916 2585 1970 Thessalonicensium
2620 1916 2834 1984 putidas
2870 1914 3260 1980 ineptitudines
3291 1915 3343 1967 in
3377 1913 3480 1984 Sy-

250 2002 471 2057 nodico.
522 2003 676 2069 Quod
732 2004 786 2056 in
819 2003 943 2057 Nilo
1009 2003 1085 2055 uti
1119 2003 1631 2072 praestantissimum
1665 2003 2052 2071 agnoscebant,
2084 2004 2308 2071 etquod
2359 2004 2446 2057 ille
2504 2003 2821 2071 plenissime
2861 2002 3125 2067 delemlit,
3166 2002 3483 2068 Processio—

250 2104 377 2141 nem
439 2104 633 2157 nempe
667 2103 732 2142 ex
790 2089 906 2142 solo
950 2086 1107 2143 Patre
1140 2090 1377 2158 Spiritus
1406 2089 1597 2152 sancti,
1628 2090 1891 2151 obticent.
1927 2108 1995 2145 ne
2024 2091 2211 2159 injurii
2247 2091 2565 2144 viderentur
2627 2091 2680 2144 in
2710 2090 2951 2154 Latinos,
2998 2088 3164 2158 inque
3198 2088 3478 2143 infamiam

251 2185 682 2248 adducerentur,
746 2185 891 2248 quod
925 2183 1245 2238 Latinorum
1274 2184 1588 2253 opinionem
1614 2187 1789 2255 palam
1825 2188 2027 2257 populo
2066 2188 2523 2251 criminarentur;
2555 2168 2621 2241 de
2671 2202 2727 2241 re
2788 2187 3011 2240 minima
3037 2195 3090 2239 et
3125 2186 3483 2254 contemptis-

251 2274 415 2331 sima.
453 2279 508 2325 et
540 2271 608 2325 de
651 2287 757 2339 qua
799 2286 907 2323 non
939 2282 1057 2324 erat
1104 2272 1246 2339 apud
1286 2270 1506 2325 Graecos
1554 2288 1657 2325 una
1690 2277 1980 2341 sententia,
2034 2276 2490 2330 condcmnatione
2527 2290 2721 2344 nempe
2783 2274 3048 2327 Barlaami
3086 2284 3142 2327 et
3187 2274 3480 2343 Acindyni,

252 2369 445 2412 contra
474 2373 637 2427 quam
676 2358 830 2411 Nilus
858 2373 926 2412 an
951 2359 1250 2428 quidquam
1278 2359 1583 2427 scripserit,
1624 2361 1803 2415 adhuc
1835 2362 2149 2425 dubitatur;
2219 2363 2346 2415 licet
2378 2362 2431 2414 in
2466 2362 2851 2415 l'alamitarum
2907 2363 3233 2415 sententiam
3300 2362 3483 2423 ἱνα-ιι.

254 2465 381 2504 eum
428 2448 707 2503 dilaudant
736 2448 913 2514 Quod.
951 2450 1113 2502 etiam
1146 2450 1199 2502 in
1244 2449 1365 2503 aliis
1395 2448 1551 2503 dicta:
1580 2449 1816 2505 civitatis
1860 2450 2208 2519 pontiﬁcibus
2239 2449 2307 2502 de
2365 2465 2502 2503 novo
2548 2447 2823 2519 Synodico
2854 2449 3050 2503 additis
3090 2460 3374 2519 peragunt.
3421 2451 3485 2505 lli

254 2537 530 2605 siquidem
569 2537 829 2590 adversus
856 2536 1172 2590 Latinorum
1209 2535 1525 2605 opinionem
1556 2536 1781 2604 scripta,
1830 2554 1893 2591 ac
1921 2538 1962 2591 si
1997 2538 2143 2590 nulla
2177 2538 2405 2599 fuerint,
2456 2537 2658 2601 silent,
2689 2539 2739 2589 in
2774 2538 2919 2599 aliis,
2954 2552 3073 2604 qum
3105 2537 3325 2591 Latinos
3375 2553 3484 2591 non

254 2622 569 2688 oﬂ'enduut,
600 2622 973 2677 verbosissimi
1019 2632 1166 2676 sunt.
1200 2622 1304 2676 Sed
1330 2622 1397 2676 de
1438 2622 1523 2675 his
1550 2622 1686 2676 alias
1745 2623 1975 2692 plenius.
2014 2624 2326 2677 mem-oratis
2356 2626 2519 2677 etiam
2558 2625 2929 2692 pontiﬁcibus,
2953 2626 3224 2689 Quantum
3264 2627 3484 2677 tandem

258 2710 414 2765 Nilus
443 2711 535 2765 hic
564 2713 800 2765 valuerit
823 2710 890 2765 ad
921 2724 1008 2764 res
1041 2710 1372 2780 tbcologicas
1400 2711 1777 2779 exponendas,
1815 2710 1935 2779 lege
1958 2710 2274 2765 Tractatum
2298 2710 2513 2780 Georgii
2538 2712 2889 2779 Trapezuntii
2915 2713 2978 2765 ad
3008 2713 3270 2767 Joannem
3302 2702 3487 2766 Cubo-

258 2808 485 2860 clesimn
514 2806 581 2860 de
615 2805 962 2874 proccssione
987 2805 1225 2875 Spiritus
1254 2806 1428 2859 sancti
1459 2808 1621 2859 etiam
1652 2820 1717 2858 ex
1748 2805 1907 2869 Filio,
1932 2805 2119 2861 Greece
2146 2818 2199 2859 et
2226 2805 2417 2861 Latine
2443 2822 2471 2860 a
2504 2822 2588 2861 me
2612 2808 2840 2873 chtum,
2874 2818 3002 2862 tom.
3032 2808 3046 2859 l
3078 2807 3293 2864 Gra'ciw
3314 2809 3490 2863 ortho-

261 2895 433 2949 doxae.
478 2895 590 2947 Non
629 2893 1020 2964 suppaenitebit
1050 2902 1099 2947 te
1130 2893 1325 2947 similis
1352 2893 1629 2948 lectionis.

302 3004 568 3059 Joannes
600 3005 924 3074 Spondanus
946 3005 1012 3073 ts)
1048 3005 1099 3057 in
1119 3003 1418 3057 Annalibus
1443 3018 1586 3057 anno
1628 3002 1782 3069 1622,
1828 3005 2016 3058 scribit
2045 3023 2057 3059 ;
2093 3006 2209 3059 Fuit
2252 3014 2434 3074 postea
2467 3004 2713 3058 Nicotaus
2746 3003 2994 3059 Cabasila
3029 3006 3197 3073 factus
3222 3010 3492 3079 cpismpus

268 3091 759 3153 Thessalonicensis,
805 3093 955 3160 cujus
996 3100 1204 3144 exstant
1246 3092 1400 3159 plura
1442 3093 1660 3160 scripta,
1708 3095 1797 3143 sed
1830 3091 2050 3160 fuligine
2094 3096 2386 3147 scltfsmatis
2429 3094 2716 3147 (Iru'cauici
2764 3096 3011 3162 perfusa;
3050 3099 3296 3150 adversus
3337 3115 3489 3167 quem
3574 3120 3578 3126 -

264 3180 400 3232 idem
458 3180 566 3247 ipse
620 3179 911 3233 Demetrius
959 3181 1022 3247 μ)
1061 3178 1238 3232 Grece
1273 3177 1557 3248 Latineque
1605 3182 1785 3231 doctus
1836 3182 2102 3249 scripsisse
2148 3180 2339 3231 dicitur
2388 3197 2481 3247 pro
2520 3190 2699 3231 sancto
2751 3180 2941 3233 Thema
3000 3184 3282 3249 Aquinate,
3337 3202 3492 3253 quem

265 3265 513 3320 Cabasila
562 3269 763 3335 primus
792 3267 1112 3347 impetierat,
1160 3267 1308 3331 cujus
1338 3273 1386 3317 et
1416 3267 1635 3332 antiqua
1678 3282 1838 3335 Opera
1886 3266 1939 3317 in
1980 3264 2226 3317 Latinam
2268 3280 2551 3317 sermonem
2600 3266 2771 3326 vertit,
2815 3269 2946 3319 sicut
3008 3278 3055 3320 et
3103 3272 3402 3339 Augustini,
3443 3280 3494 3323 ct

266 3364 401 3422 alia.
433 3378 582 3429 quem
611 3340 1075 3415 et'l’olatcrranus
1102 3371 1149 3413 et
1185 3361 1281 3414 alii
1310 3364 1384 3415 uti
1409 3362 1577 3413 virum
1606 3367 1833 3419 doctum.
1871 3377 2013 3429 a-q-ge
2036 3378 2096 3414 ac
2128 3370 2365 3413 sanctum
2402 3360 2646 3413 laudant.
2673 3361 2804 3414 Sunt
2830 3373 3025 3423 autem.
3055 3366 3143 3428 qui
3188 3367 3493 3433 pra'dictum

264 3450 546 3505 Nicolaum
570 3450 895 3518 confundunt
935 3466 1054 3503 cum
1083 3449 1205 3502 Nilo
1232 3449 1413 3501 itidem
1444 3449 1582 3501 dicto
1616 3448 1884 3511 Cabasila,
1919 3449 2305 3516 archiepiscopo
2341 3447 2806 3509 Ti’iessalonicensi,
2854 3452 2943 3517 qui
2990 3452 3086 3504 hac
3126 3455 3307 3505 cadent
3338 3472 3366 3506 ιι
3385 3465 3493 3507 tate

264 3539 416 3591 vixit.
448 3536 550 3601 Qui
580 3539 686 3589 sire
716 3537 875 3606 fuerit
903 3537 1066 3601 idem,
1092 3538 1199 3589 sive
1231 3535 1389 3592 alius.
1419 3539 1524 3589 sive
1560 3544 1702 3597 ante.
1756 3538 1861 3588 sive
1898 3544 2012 3602 post
2042 3535 2318 3588 Nicolaum
2346 3552 2459 3588 cam
2506 3538 2677 3588 sedem
2718 3541 3069 3606 occupaverit.
3095 3541 3158 3591 de
3208 3558 3309 3609 quo
3348 3545 3493 3595 rideo

266 3627 606 3685 controverti,
650 3639 743 3676 nec
782 3634 958 3676 tamen
990 3623 1270 3676 admodum
1298 3623 1476 3690 refert.
1508 3623 1785 3691 Scripsisse
1814 3626 2073 3692 reperitur
2088 3623 2217 3675 duos
2251 3623 2561 3676 tractatulos
2580 3632 2763 3676 contra
2790 3627 3079 3692 primatum
3106 3626 3334 3681 Romani
3365 3646 3493 3697 pon-

266 3712 443 3778 tiﬁcis.
475 3728 602 3780 riuos
648 3712 875 3764 haeretici
908 3711 1300 3763 exosculantur.
1328 3711 1483 3773 Vide,
1513 3711 1704 3770 lector.
1740 3710 2022 3777 scriptoris
2065 3709 2352 3764 Annalium
2381 3712 2844 3764 ecclesiasticarum
2874 3713 2925 3765 in
2964 3716 3277 3780 pauxillulis
3306 3718 3494 3770 verbis

267 3801 622 3866 imperitiam.
658 3799 776 3852 Non
825 3798 1254 3867 interdistinguit
1276 3799 1440 3851 etiam
1475 3799 1619 3867 quod
1653 3799 1933 3853 oculorum
1964 3815 2123 3854 sensu
2163 3801 2409 3868 percipit.
2457 3800 2603 3855 Vidit
2638 3802 2856 3854 titulum
2891 3803 3035 3865 libri.
3064 3819 3226 3873 quem
3261 3820 3494 3860 exoscu-

266 3895 455 3949 lantur
484 3892 747 3956 hteretici,
772 3898 829 3944 et
859 3905 1057 3944 nomen
1090 3891 1332 3944 auctoris
1364 3891 1666 3959 praeﬁxum,
1691 3900 1747 3945 et
1772 3893 2238 3959 promptissimum
2274 3893 2447 3947 oculis
2496 3908 2604 3947 non
2640 3895 2984 3950 internoscit.
3038 3896 3150 3951 Hoc
3180 3910 3265 3952 est
3298 3901 3351 3953 in
3378 3902 3493 3956 sole

265 3980 524 4047 caligare,
588 3988 645 4033 et
668 3978 781 4046 ipsa
832 3979 1077 4031 caecitate
1107 3977 1394 4031 caeciorem
1450 3992 1594 4031 esse.
1628 3976 1817 4030 Libelli
1847 3988 2037 4031 contra
2077 3979 2305 4033 Romani
2341 3980 2616 4048 pontificis
2655 3983 2947 4047 primatum
2977 3993 3169 4038 auctor
3193 3986 3349 4041 Nilus
3384 4004 3489 4043 est.

268 4067 387 4119 Alia
415 4066 679 4135 pleraque
710 4064 812 4118 sub
842 4063 1053 4118 Nicolai
1080 4062 1343 4117 Cabasila’.
1399 4065 1621 4118 nomine
1650 4073 1915 4131 prostant,
1967 4067 2188 4133 passim,
2218 4073 2275 4118 et
2310 4067 2532 4134 ubique.
2566 4067 2854 4136 Perperam
2901 4085 3032 4137 ergo
3061 4071 3335 4138 iudicant.
3396 4080 3488 4144 qui

269 4153 557 4207 Nicolaum
590 4168 715 4205 cum
740 4152 862 4205 Nilo
894 4152 1261 4215 confundunt,
1290 4160 1346 4206 et
1369 4151 1692 4219 Spondanus
1714 4167 1836 4204 cum
1869 4152 1996 4205 illis.
2038 4153 2101 4204 Et
2134 4168 2257 4205 cum
2288 4153 2424 4206 alius
2451 4153 2725 4217 Nicolaus,
2747 4156 2888 4208 alius
2915 4157 3066 4210 Nilus
3101 4160 3204 4220 sit,
3242 4161 3286 4213 si
3318 4162 3494 4216 histo:

270 4243 422 4294 ricus
447 4250 709 4308 expertus
732 4253 854 4294 esse
885 4239 989 4302 vis,
1029 4254 1263 4308 quanam
1290 4238 1363 4292 illi
1397 4250 1555 4292 actate
1597 4240 1851 4300 vixerint.
1879 4250 1930 4291 ct
1955 4238 2046 4307 qui
2094 4249 2241 4304 ante,
2304 4239 2487 4293 sedem
2529 4240 3097 4308 Thessalonicensem,
3138 4255 3192 4299 et
3218 4249 3309 4314 qui
3346 4261 3488 4316 post.

269 4329 459 4382 sedem
494 4327 1156 4397 Constantinopolitauam
1208 4329 1581 4395 occupaverit,
1620 4324 1968 4381 enodandum
2027 4324 2123 4377 tibi
2174 4334 2313 4377 erat.
2360 4324 2465 4378 Sed
2503 4334 2556 4378 tu
2605 4328 2740 4379 satis
2796 4329 3049 4396 ampliter
3101 4337 3493 4390 controversiae

272 4422 631 4491 respondisti,
656 4422 708 4471 id
733 4436 921 4488 parum
944 4419 1227 4471 admodum
1258 4419 1472 4486 referre.
1502 4418 1674 4472 Acute
1714 4417 2028 4477 admodum.
2067 4417 2160 4472 sed
2187 4417 2471 4483 .ridicule.
2502 4417 2824 4486 Quicunque
2875 4420 3135 4489 deinceps
3188 4425 3406 4482 futurus
3446 4432 3491 4483 si

271 4512 517 4561 incertus
546 4508 776 4574 alicujus
805 4508 1088 4558 sententia.
1119 4505 1304 4567 fuerit,
1337 4504 1402 4556 ad
1429 4504 1771 4558 evellendam
1805 4503 2123 4569 scrupulum
2168 4517 2427 4570 responso
2467 4502 2569 4555 hoc
2624 4502 2991 4570 Spondanico.
3024 4509 3299 4573 ampliter,
3327 4524 3381 4564 οι
3426 4531 3492 4567 ι’(

269 4595 492 4648 oraculo
518 4592 850 4653 satisfaciet;
883 4591 938 4641 id
961 4608 1148 4659 parum
1180 4590 1461 4642 admotum
1490 4591 1703 4659 referre.
1740 4588 1987 4642 Nicotaus
2034 4590 2213 4657 plura,
2244 4590 2337 4642 sed
2358 4590 2575 4657 fuligine
2594 4576 2889 4643 schismatis
2931 4592 3228 4649 (irtrcunici
3256 4600 3491 4665 perfuso.

270 4683 434 4734 Plura
475 4681 781 4748 scripsisse,
813 4693 1002 4730 verum
1052 4686 1159 4739 est.
1190 4693 1314 4746 quas
1336 4677 1589 4731 catholici
1626 4678 1677 4729 in
1701 4677 1936 4746 linguam
1972 4675 2217 4729 Latinam
2250 4690 2429 4738 versa,
2462 4677 2538 4729 uti
2570 4678 2853 4731 catholicis
2892 4693 3079 4734 contra
3107 4684 3488 4738 haereticorum

268 4756 631 4821 deliramenta
672 4774 977 4832 opportuna
1007 4774 1170 4831 atque
1204 4763 1566 4817 conducibilia
1603 4763 1911 4816 ediderant.
1946 4763 2007 4816 Et
2071 4766 2113 4816 si
2143 4763 2272 4831 quid
2308 4763 2380 4815 illi
2416 4763 2617 4816 excidit
2641 4763 2881 4825 incauto,
2932 4768 3074 4833 quod
3106 4773 3381 4826 nonnullis
3409 4779 3490 4827 vi-

270 4872 394 4906 sum
425 4864 530 4913 est.
561 4868 667 4905 non
699 4850 832 4905 satis
867 4860 926 4903 ut
952 4849 1207 4904 omnibus
1260 4859 1461 4911 tutum,
1492 4849 1654 4903 iidem
1690 4850 1792 4918 ipsi
1822 4850 2076 4903 catholici
2115 4866 2377 4903 excusare
2411 4852 2592 4903 conati
2628 4861 2776 4903 sunt.
2811 4850 2915 4903 Sed
2957 4854 3095 4906 dixit
3129 4858 3313 4911 nescio
3344 4861 3491 4928 quis.

270 4962 380 5000 non
416 4944 719 4997 dealbarent
745 4942 1062 5012 Αῗιιιὶορεηι.
1100 4942 1216 4997 Non
1268 4956 1481 5011 semper
1511 4943 1689 5007 feriet,
1729 4943 2089 5012 quodcunque
2138 4942 2434 4995 minabitur
2463 4958 2644 4998 arcus.
2684 4944 2751 4998 Et
2796 4944 3119 5014 Spondanus
3167 4951 3282 5018 ipse
3325 4953 3375 5004 iu
3412 4955 3494 5005 bis

267 5034 390 5086 suis
421 5032 721 5086 Annalibus
746 5040 882 5100 quot
909 5030 1211 5093 mendacia,
1239 5041 1385 5111 .quot
1413 5031 1570 5094 falsa,
1598 5041 1731 5098 quot
1760 5048 2042 5100 perperam
2067 5039 2121 5081 et
2148 5047 2214 5083 cx
2245 5030 2462 5100 ingenio
2494 5032 2825 5096 insimulata,
2846 5036 3075 5103 maligne
3099 5047 3262 5108 atque
3291 5044 3496 5095 calum-

269 5122 427 5174 niese
458 5120 791 5187 conspergit,
820 5133 941 5185 quae
974 5118 1228 5170 volumen
1262 5118 1564 5185 requirant.
1597 5129 1648 5169 et
1670 5119 1854 5172 nescio
1885 5136 1950 5172 an
2023 5121 2184 5171 etiam
2214 5128 2507 5188 cxpurgata
2556 5123 2966 5175 zestimationem
3004 5132 3495 5182 commorerentur?

269 5207 422 5262 Nihil
450 5206 634 5273 itaque
685 5205 889 5259 Nicolai
922 5212 1025 5266 est,
1059 5205 1199 5272 quod
1236 5205 1525 5272 primatum
1560 5205 1714 5273 Papa:
1774 5206 2010 5259 invadat.
2050 5204 2113 5257 Et
2176 5206 2477 5259 licinetrius
2513 5207 2610 5259 iste
2643 5206 2917 5276 Cydonins
2954 5226 3061 5262 non
3113 5214 3333 5283 scripsit
3398 5234 3494 5280 pro

268 5303 464 5346 sancto
495 5291 703 5345 Thoma
743 5301 927 5344 contra
978 5291 1281 5351 Nicolaum,
1342 5294 1434 5359 qui
1477 5307 1754 5360 nunquam
1793 5293 1845 5344 in
1902 5294 2105 5345 dictum
2146 5302 2389 5345 sanctum
2430 5294 2667 5361 linguam
2699 5296 2937 5357 exacuit,
2972 5298 3064 5348 διτίι
3097 5310 3283 5352 contra
3314 5301 3492 5354 Nilum

269 5383 369 5452 qui
403 5380 457 5436 id
490 5390 695 5449 egerat,
759 5390 817 5432 ut
851 5394 917 5432 ex
954 5378 1128 5432 titulis
1152 5379 1444 5443 librorum,
1483 5382 1575 5448 qui
1606 5380 1675 5434 ad
1708 5382 1856 5435 hunc
1880 5382 1961 5434 die

1803 5396 1856 5435 ιε
1880 5382 2024 5434 diem
2057 5390 2370 5450 supersunt,
2414 5383 2686 5450 colligitur
2743 5382 2845 5451 (ιι).
2896 5387 3206 5455 Δημητρίου
3254 5387 3347 5438 τοῦ
3386 5391 3495 5442 Κυ-

345 5558 424 5625 (q)
463 5555 653 5609 Editus
683 5553 748 5606 ab
777 5553 977 5625 Allatio
1000 5561 1045 5625 t.
1072 5552 1116 5606 ll
1151 5550 1366 5625 Crteciie
1401 5556 1725 5622 orthodoxae.
2017 5562 2082 5619 (δ’)
2115 5558 2403 5613 lienricum
2438 5559 2788 5623 Spondannm
2822 5562 3004 5625 dicere
3033 5565 3205 5618 voluit
3241 5568 3492 5622 Allatins.

343 5622 417 5695 tr)
450 5626 792 5707 Ploss‘evinus
816 5624 866 5675 in
897 5624 1154 5707 9:1lal0gp
1203 5624 1443 5707 codicem
1479 5640 1607 5707 mss:
1637 5626 1835 5707 Bahl_i_o-
1977 5698 1989 5707 _
2016 5637 2077 5695 (ti
2119 5631 2424 5707 [lenietrius
2465 5622 2758 5707 (Itydouius.
2785 5622 3047 5687 adversus
3072 5651 3231 5702 quem
3278 5640 3496 5707 scripsit

248 5693 447 5753 thecae
479 5696 536 5748 S.
571 5694 750 5746 Maria:
782 5694 832 5745 in
897 5693 1174 5745 Vallicella
1237 5694 1286 5743 in
1321 5695 1474 5754 urbe,
1519 5698 1684 5750 refert
1744 5697 1834 5751 Ni-
1944 5693 2081 5751 alter
2134 5700 2455 5755 “mu-Inus.
2488 5693 2860 5753 (jhrvs,,loms_

266 5768 385 5821 lum
418 5775 603 5819 contra
642 5762 996 5815 Barlaamitas
1024 5770 1080 5813 et
1122 5762 1547 5830 Acimlyuimtos.
2018 5771 2093 5836 tu)
2126 5769 2251 5820 Vide
2290 5771 2367 5821 All
2390 5772 2484 5822 diu
2512 5792 2567 5836 μ,
2603 5760 2681 5822 De
2717 5788 2988 5837 consensu,
3018 5775 3112 5828 liii.
3151 5793 3207 5833 ιι,
3253 5793 3300 5831 (ι,
3339 5781 3420 5831 12,.

598 5863 852 5919 Pyrum-
906 5861 993 5918 (in
1066 5857 1329 5915 (ΣΧΗΧ.

3025 5870 3097 5903 3)

3026 5898 3105 5925 ..ὁ
