4288 6358
238 399 343 462 ἹὶΠ

1526 403 1966 461 REFUTA'I‘IO
2044 406 2085 461 Ν
2104 406 2227 463 ILL
2890 382 2895 386 ’
3387 412 3495 478 733
3552 476 3555 479 λ

236 512 332 563 καὶ
365 513 432 563 τὰ
461 510 607 578 ἐξῆς.
637 508 801 562 Ὀοεν
824 507 1007 576 δῆλον.
1032 508 1113 560 ὅτι
1162 509 1219 559 οὐ
1253 508 1402 577 παρὰ
1433 510 1539 562 τῶν
1574 511 1809 564 ἀποστό-
1842 515 1882 571 Α
1916 526 1929 563 ι

1795 541 1809 550 -
1842 515 1882 571 Α
1916 509 1984 565 ab
2015 514 2295 581 apostolis,
2328 515 2422 569 sed
2450 531 2479 570 a
2512 515 2766 574 Patrihus
2821 520 3026 577 habere
3061 526 3383 593 primatum,
3417 546 3488 586 eo

235 607 365 664 λων,
399 602 537 655 ἀλλὰ
559 602 722 677 ςπαρα
764 600 875 651 τῶν
905 601 1167 669 Πατέρων
1201 600 1313 669 ἔχει
1375 601 1435 652 τὸ
1483 606 1750 669 πρωτεῖον
1784 606 1811 656 ὁ

235 692 473 753 πάππας
504 690 594 742 διὰ
636 690 697 742 τὺ
728 685 985 760 εἶναιτὴν
1019 690 1242 763 Ῥώμην
1282 690 1391 744 τῶν
1421 693 1629 746 πόλεων
1659 694 1815 763 βασι-

234 782 528 835 λεύουσαν.
543 802 561 832 ι

774 919 1212 976 ΑΝΤΙΡΡΗΣΙΣ.

305 1052 366 1103 Εἰ
386 1054 446 1105 τὸ
481 1052 806 1124 προφέρειν,
871 1049 915 1109 ὦ
949 1055 1242 1125 θαυμάσιε,
1287 1059 1518 1123 κανόνας
1572 1060 1811 1131 ἀκύρους
1882 1072 1883 1075 ‘

229 1146 327 1194 καὶ
389 1143 839 1215 ὑποϐολιμαίους,
903 1147 997 1199 καὶ
1033 1138 1307 1212 καθάπαξί
1347 1152 1813 1221 ἁποδοκιμασθέν-

228 1250 355 1297 τας,
398 1232 799 1305 ἐξεταζομένης
842 1237 989 1289 οῦτω
1039 1237 1296 1308 λαμπρᾶς
1338 1242 1670 1308 ὑποθέσεως,
1719 1247 1813 1298 καὶ

231 1324 375 1393 πρὸς
404 1326 643 1395 ψυχικὴν
671 1328 951 1395 σωτηρίαν
986 1331 1320 1400 ἀνηκούσης,
1367 1334 1523 1386 δοκεῖ
1551 1352 1631 1387 σοι
1677 1338 1813 1404 πρὸς

226 1413 292 1491 τὸ
340 1415 758 1483 ἀποφήνασθαι,
825 1417 1123 1487 αὔταρκες,
1178 1423 1389 1491 οἴχεταί
1439 1441 1536 1475 σου
1586 1426 1721 1496 πρὸς
1752 1428 1812 1480 τὸ

232 1490 462 1574 μηδὲνή
500 1503 937 1575 προκομισοείσα
975 1490 1277 1580 μαρτυρία,
1330 1518 1427 1567 καὶ
1460 1519 1533 1578 ὡς
1567 1490 1809 1588 ἀράχνης

230 1596 381 1657 ἱστὸς
406 1596 469 1648 τὸ
504 1598 673 1668 ῥητὸν
711 1601 880 1653 αὑτοῦ
937 1603 1371 1669 διασκεδάζεται.
1439 1610 1664 1675 Ὠφελες
1716 1613 1809 1663 καὶ

228 1689 297 1740 σὺ
321 1688 653 1755 ἀναγνῶναι,
707 1692 821 1743 τίσι
875 1699 1169 1763 μηχαναῖς,
1233 1698 1325 1749 καὶ
1362 1699 1498 1761 πῶς,
1562 1701 1654 1753 καὶ
1705 1702 1808 1754 ὑπὸ

226 1781 396 1833 τίνων
422 1782 727 1851 συρραφεὶς
750 1785 777 1834 ὁ
803 1786 1197 1854 προκομισθεὶς
1220 1786 1281 1839 οῦ
1293 1804 1376 1851 τος
1411 1789 1616 1852 κανὼν,
1655 1792 1806 1859 πρώ-

1916 606 2062 672 quod
2106 605 2276 658 Roma
2303 607 2375 662 sit
2406 610 2593 679 regina
2628 614 2869 668 urbium.
2911 636 2927 665 ι

2468 913 2927 973 CONFUTATlO.

1983 1043 2037 1096 Si
2071 1046 2316 1113 proferre
2346 1063 2586 1104 canones
2632 1055 2852 1120 spurios
2897 1066 2950 1110 et
3004 1060 3386 1127 supposititios
3428 1070 3485 1116 et

1910 1136 2137 1189 omnino
2175 1139 2539 1207 improbatos,
2564 1145 2698 1197 satis
2730 1145 2824 1198 tibi
2864 1148 3100 1212 videtur,
3130 1154 3347 1219 egregie
3378 1154 3483 1219 vir,

1913 1227 1977 1280 ad
2026 1228 2307 1283 ferendam
2359 1239 2685 1289 sententiam
2719 1238 2773 1291 in
2826 1256 2882 1292 re
2916 1249 3024 1293 tam
3065 1245 3211 1311 gravi
3246 1255 3301 1299 et
3358 1262 3485 1314 spe-

1913 1328 2096 1373 ctante
2120 1322 2453 1377 ad'salutem
2483 1328 2699 1391 anima),
2725 1332 3097 1387 teStimonium
3121 1337 3266 1403 quod
3299 1340 3485 1391 attuli-

1910 1409 1978 1459 sti
2006 1410 2253 1474 eratmit,
2275 1414 2594 1482 dictumque
2625 1425 2779 1469 tuum
2806 1419 2978 1473 instar
3010 1424 3129 1477 tela:
3150 1441 3480 1481 aranearum

1913 1495 2236 1565 dissipatum
2288 1513 2389 1555 est.
2421 1505 2668 1560 Debebas
2716 1516 2772 1559 tu
2799 1524 3019 1578 quoque
3052 1513 3254 1583 legere,
3275 1519 3480 1585 quibus

1912 1592 2201 1653 machinis,
2223 1608 2327 1661 qua
2358 1608 2474 1648 arte
2503 1605 2555 1650 et
2589 1613 2619 1650 α
2650 1600 2850 1666 quitus
2878 1618 3053 1658 canon
3086 1621 3115 1659 a
3156 1615 3207 1660 te
3238 1610 3485 1677 prolatus

1909 1696 2175 1737 consutus
2197 1695 2281 1738 est
2307 1701 2319 1739 :
2346 1688 2523 1754 primo
2542 1684 2763 1757 quidem
2792 1696 3300 1754 contradicentibus
3328 1717 3481 1771 papa:

1910 1774 2119 1841 legatis,
2169 1776 2371 1832 deinde
2401 1780 2775 1837 Orientalibus
2801 1789 3073 1855 episcopis
3108 1806 3214 1844 nou
3248 1809 3483 1848 consen-

225 1886 322 1921 τον
344 1871 444 1938 μὲν
471 1871 851 1940 ἀντιλέγοντας
881 1874 1007 1944 ἔσχε
1030 1880 1156 1936 τοὺς
1187 1877 1446 1945 πρέσϐεις
1469 1877 1562 1930 τοῦ
1584 1880 1802 1945 πάππα,
1838 1870 1877 1923 Β
1910 1876 1918 1918 ¹

1788 1920 1802 1945 ⁹
1838 1870 1877 1923 Β
1910 1867 2172 1923 tientibus
2204 1872 2498 1932 universis,
2530 1884 2583 1926 et
2613 1891 2748 1943 papa
2784 1878 2903 1945 ipso
2932 1881 3286 1938 vehementer
3324 1887 3478 1943 ilium

224 1952 347 2009 εἶτα
387 1960 518 2021 τοὺς
554 1961 907 2026 ἁνατολικοὺς
939 1966 1278 2027 ἐπισκόπους
1310 1965 1371 2016 οὺ
1414 1968 1626 2028 πάντας
1662 1983 1806 2036 συμ-

224 2051 593 2118 φερομένους,
626 2056 718 2103 καὶ
750 2054 843 2106 τὸν
868 2056 1102 2109 πάππαν
1137 2056 1299 2107 αὐτὸν
1337 2057 1582 2125 σφοδρῶς
1614 2059 1805 2110 ἀποδο-

223 2141 567 2209 κιμάςοντα.
636 2142 943 2209 Ἐξακόσιοι
1008 2144 1303 2216 τριάκοντα
1370 2148 1610 2218 Πατέρες
1664 2145 1805 2219 ἦσαν

1904 1958 2271 2023 improbante.
2314 1960 2571 2017 Sescenti
2605 1976 2656 2019 et
2696 1970 2916 2036 triginta
2952 1972 3138 2026 Patres
3167 1990 3326 2030 erant
3350 1994 3479 2049 syn-

1903 2048 2034 2111 odi;
2084 2051 2178 2120 qui
2219 2068 2352 2105 vcro
2386 2065 2579 2122 sponte
2628 2059 3022 2128 subscripsisse
3062 2066 3317 2122 videntur
3363 2048 3474 2126 non

1902 2142 2059 2195 multi
2101 2158 2266 2211 supra
2296 2146 2562 2200 ducentos
2610 2163 2985 2206 numerantur.
3030 2156 3316 2221 Quomodo
3343 2178 3478 2234 ergo

222 2232 322 2301 τῆς
354 2233 599 2289 συνόδου.
631 2233 782 2289 01δέ
813 2235 891 2305 τῷ
932 2237 1121 2291 κανόνι
1167 2237 1511 2307 αὐθαιρέτως
1565 2239 1805 2309 ύπογρά·
1900 2249 1915 2286 (

1782 2266 1805 2279 .
1900 2244 2108 2301 quarta:
2138 2235 2330 2304 synodi
2361 2237 2434 2290 sit
2478 2241 2580 2292 iste
2620 2244 2844 2295 canon?
2872 2244 2985 2313 Ego
3017 2263 3150 2303 vero
3180 2268 3278 2321 per
3307 2232 3475 2311 testes

220 2319 322 2386 ψαι
351 2320 634 2384 δοκοῦντες
665 2324 723 2374 οὐ
762 2323 943 2393 πολλῷ
975 2325 1193 2386 πλείους
1219 2328 1328 2379 εἰσὶ
1356 2327 1463 2379 τῶν
1488 2328 1799 2383 διακοσίων.

224 2408 349 2471 Πῶς
370 2405 523 2471 οὗτος
548 2427 582 2463 κ
603 2409 730 2462 ί.νὼν
749 2412 1127 2483 τῆςτετάρτης
1155 2415 1221 2467 ἂν
1244 2418 1327 2482 εἰη
1354 2417 1572 2471 συνόδου
1594 2433 1609 2482 ;
1660 2418 1800 2484 Ἐγὼ

219 2502 276 2554 δέ
302 2518 387 2553 σοι
416 2505 545 2564 τοὺς
573 2504 959 2573 παραχθέντας
1011 2507 1115 2559 ὑπὸ
1169 2507 1262 2559 σοῦ
1314 2512 1609 2579 μάρτυρας
1660 2529 1797 2583 προ-

220 2593 558 2662 ϐαλλόμενος
585 2596 856 2660 ἀποδείξω
902 2602 1241 2667 σαφέστατα,
1299 2600 1486 2671 κοινὴν
1526 2602 1624 2654 καὶ
1653 2605 1793 2673 σύμ-

219 2704 400 2756 φωνον
430 2688 725 2756 ὁμολογίαν
752 2691 863 2741 τῶν
922 2691 1224 2756 ἑξακοσίων
1285 2693 1580 2762 τριάκοντα
1620 2695 1793 2748 Πατέ-

221 2794 354 2845 ρων,
405 2782 501 2831 καὶ
549 2779 639 2832 διὰ
696 2781 857 2831 τοῦτο
914 2782 1012 2849 τῆς
1053 2782 1403 2852 ’Δνατολικῆς
1460 2784 1793 2853 Ἐκκ).ησίας

1898 2339 1927 2376 a
1968 2334 2018 2377 te
2049 2325 2296 2392 prolatas
2341 2328 2585 2395 probabo
2638 2332 3019 2401 apertissime,
3047 2334 3389 2399 communem
3418 2357 3473 2402 et

1901 2416 2213 2470 unanimem
2262 2420 2663 2475 confessioaem
2705 2438 3088 2485 sexcentarum
3123 2437 3340 2505 triginta
3374 2439 3473 2493 Pa-

1901 2519 2064 2572 trum,
2090 2525 2152 2562 ac
2185 2510 2415 2579 proinde
2449 2514 2618 2567 totius
2642 2514 2938 2574 Orientalis
2969 2522 3221 2580 Ecclesia:
3243 2543 3469 2587 sensum

1894 2609 1948 2651 et
1977 2600 2174 2669 dogma
2206 2602 2373 2656 fuisse
2395 2644 2409 2669 ,
2437 2607 2615 2659 solum
2654 2625 2847 2679 papam
2887 2625 3141 2684 tanquam
3173 2620 3316 2674 Petri
3347 2639 3471 2679 sue-

1895 2707 2174 2747 cessorcm
2204 2696 2407 2750 habere
2454 2708 2784 2767 potestatem
2826 2711 3245 2775 meumenicam,
3278 2730 3386 2768 non
3441 2736 3471 2773 a

1897 2784 2168 2849 Patr.hus,
2188 2800 2294 2838 non
2317 2790 2383 2841 ab
2408 2788 2854 2857 imperatoribus.
2874 2799 2967 2851 sed
2993 2801 3062 2853 ab
3088 2801 3206 2870 ipso
3225 2806 3469 2864 Christo.

216 2871 473 2941 φρόνημα
500 2874 885 2939 γενέσθαικαὶ
930 2875 1215 2944 κήρυγμα,
1275 2878 1435 2945 μόνον
1498 2879 1591 2929 τὸν
1638 2880 1872 2930 πάππαν
1915 2878 2057 2945 ἔχειν
2113 2879 2208 2947 τὴν
2254 2883 2643 2955 οἰκοῦμενικὴν
2700 2886 2953 2950 ἐξουσίαν
3016 2893 3090 2955 ώς
3117 2896 3210 2947 τοῦ
3256 2900 3468 2970 Πέτρου

214 2966 482 3036 διάδοχον,
510 2968 603 3020 καὶ
629 2968 787 3021 τοῦτο
816 2971 879 3021 ού
913 2972 1063 3039 παρὰ
1092 2972 1196 3023 τῶν
1228 2973 1512 3042 Πατέρων,
1577 2974 1638 3026 ού
1670 2976 1821 3042 παρὰ
1864 2974 2154 3044 βασιλέων,
2178 2976 2311 3028 ά).λά
2337 2980 2468 3044 παρ’
2494 2982 2656 3033 αὑτοῦ
2687 2985 2783 3035 τοῦ
2820 2986 3077 3054 Χριστοῦ.

286 3060 582 3129 Γράφουσα
628 3062 806 3114 τοίνυν
852 3064 884 3132 ἡ
928 3064 1061 3129 ἁγία
1106 3066 1336 3135 τετάρτη
1388 3065 1606 3129 σύνοδος
1657 3070 1792 3135 πρὶς
1822 3070 1867 3127 C
1971 3068 1979 3118 ε

1773 3070 1867 3130 ;C
1971 3068 2228 3121 Scribens
2292 3073 2357 3122 ad
2418 3070 2657 3125 Leon-an
2715 3092 2907 3145 papam
2977 3069 3165 3137 saneta
3224 3092 3466 3159 synodus

213 3151 423 3205 Λέοντα
446 3151 537 3203 τὸν
556 3152 807 3215 πάππαν,
830 3155 921 3205 καὶ
944 3154 1041 3222 τὴν
1064 3155 1346 3225 ἀναφορὰν
1367 3162 1664 3227 ποιουμένη
1685 3160 1794 3211 τῶν

211 3245 492 3311 ἐνθέσμως
528 3246 933 3314 πεπραγμένων
960 3247 1087 3317 περὶ
1122 3248 1181 3299 τὸ
1210 3248 1384 3316 δόγμα
1413 3250 1511 3319 τῆς
1541 3251 1792 3317 πίστεως,

211 3338 348 3404 φησι
378 3339 510 3404 περὶ
540 3340 853 3405 Διοσκόρου·
890 3360 903 3387 ι
948 3339 1057 3391 Καὶ
1088 3340 1213 3402 τοὺς
1248 3340 1350 3408 μὲν
1416 3344 1485 3393 τά
1514 3344 1791 3411 ποιμένων

209 3431 546 3499 φρονοῦντας
578 3433 847 3500 ἀπέτεμε,
874 3433 1000 3494 τοὺς
1047 3434 1103 3487 δὲ
1146 3434 1345 3494 λύκους
1398 3435 1792 3503 ἀποδεδειγμέ-

208 3536 337 3583 νους
369 3523 484 3583 τοῖς
520 3521 833 3590 προϐάτοις
891 3525 1182 3591 ἐπέστησε’
1235 3527 1328 3575 καὶ
1388 3525 1524 3593 πρὸς
1580 3529 1790 3588 τούτοις

206 3612 413 3665 ἅπασιν
457 3612 539 3664 ἐτι
587 3617 682 3665 καὶ
716 3614 838 3666 κατ’
866 3614 1036 3667 αὑτοῦ
1094 3614 1190 3667 τοῦ
1233 3616 1333 3685 τῆς
1379 3616 1632 3686 ἀμπέλου
1687 3618 1788 3688 τὴν

208 3702 463 3772 φυλακὴν
493 3707 642 3774 παρὰ
690 3705 789 3756 τοῦ
844 3705 1115 3774 Σωτῆρος·
1161 3708 1647 3777 ἐπιτετραμμένου
1684 3711 1784 3779 τὴν

212 3796 413 3863 μανίαν
452 3794 710 3860 ἐξέτεινε,
738 3797 975 3865 λέγομεν
1010 3796 1076 3867 δὴ
1112 3798 1208 3867 τῆς
1238 3799 1339 3866 σῆς
1361 3799 1667 3869 ὁσιότητος,
1692 3803 1786 3854 καὶ

206 3890 609 3958 ἀκοινωνησίαν
652 3892 795 3942 κατὰ
824 3890 919 3943 τοῦ
984 3891 1044 3941 τὸ
1079 3891 1238 3961 σῶμα
1304 3894 1400 3961 τῆς
1457 3893 1788 3965 Ἐκκλησῐας

207 3981 364 4033 ἑνοῦν
400 3983 807 4045 σπουδάσαντος
835 3983 1187 4053 ἐμελέτησεν.
1224 4002 1243 4035 ι

279 4072 352 4126 Σὺ
380 4074 481 4142 μὲν
509 4071 625 4137 οῦν,
652 4074 835 4139 Νεῖλε,
872 4074 961 4126 τὸν
1010 4076 1249 4128 πάππαν
1283 4076 1461 4144 λέγεις
1497 4079 1780 4148 εἰληφέναι

202 4164 266 4215 τὸ
316 4166 587 4231 πρωτεῖον
609 4165 671 4216 ού
718 4166 871 4234 παρὰ
902 4166 996 4217 τοῦ
1035 4168 1263 4235 Πέτρου,
1299 4168 1437 4220 ἀλλὰ
1489 4175 1641 4239 παρὰ
1673 4172 1782 4223 τών

206 4257 495 4326 μακαρίων
520 4258 801 4327 Πατὲρων,
834 4259 928 4309 καὶ
970 4260 1079 4312 τῶν
1112 4260 1354 4312 εὐσεϐῶν
1407 4261 1675 4329 βασιλέων
1697 4277 1711 4289 '
1744 4265 1776 4332 ἡ

200 4349 258 4400 δὲ
296 4349 427 4414 ἁγία
451 4350 671 4412 σύνοδος
700 4352 790 4402 τὸν
814 4352 1051 4403 πάππαν
1081 4352 1484 4421 ἐπιτετράφθαι
1519 4356 1655 4422 φησὶ
1678 4358 1779 4424 τὴν

202 4441 453 4509 φυλακὴν
482 4440 581 4511 τῆς
606 4442 855 4511 ἀμπέλου
894 4445 1045 4511 παρα
1066 4444 1161 4497 τοῦ
1181 4444 1454 4513 Σωτῆρος.

274 4531 348 4582 Σὺ
377 4533 580 4598 λέγεις,
611 4534 701 4584 τὸν
733 4532 965 4585 πάππαν
990 4531 1129 4587 εἶναι
1159 4534 1256 4604 τῆς
1296 4534 1516 4606 Ῥώμης
1548 4538 1776 4589 ἐπίσκο-

200 4642 308 4675 πον
338 4626 491 4692 παρὰ
531 4622 628 4675 τοῦ
672 4625 879 4693 Πέτρου
914 4624 1011 4676 καὶ
1044 4626 1261 4695 πρῶτον
1314 4625 1422 4677 τῶν
1461 4629 1778 4684 ἐπισκόπων

201 4714 357 4783 παρὰ
382 4714 488 4765 τῶν
523 4715 780 4784 Πατέρων
815 4716 908 4767 καὶ
958 4716 1243 4785 βασιλέων.
1286 4717 1352 4769 Ἦ
1389 4717 1446 4770 δὲ
1472 4721 1601 4784 ἁγία
1640 4724 1768 4773 σύν-

200 4806 321 4867 οδος
359 4805 438 4874 τῷ
486 4807 887 4876 μακαριωτάτῳ
920 4810 1019 4876 τῆς
1068 4809 1357 4878 Ῥωμαίων
1416 4813 1775 4880 ἀρχιεπισκό-

201 4914 293 4965 πῳ
323 4899 515 4950 Λέοντι
553 4898 964 4962 ἐπιστέλλουσα,
1029 4901 1120 4952 τὸν
1178 4901 1344 4953 αὑτὸν
1401 4906 1493 4955 καὶ
1556 4905 1775 4976 Ῥώμης

199 4987 341 5043 οἶδεν
364 4993 688 5052 ἐπίσκοπον,
726 4992 819 5043 καὶ
866 4991 1261 5061 ἀμπελουργὸν
1316 4995 1402 5046 διὰ
1437 4995 1644 5065 Πέτρον
1671 5016 1776 5051 πα-

197 5086 271 5152 ρὰ
299 5081 389 5134 τοῦ
416 5081 668 5150 Σωτῆρος
695 5083 1065 5136 καταστάντα.

268 5176 341 5228 Συ
372 5176 573 5241 λέγεις,
600 5176 685 5228 ὅτι
715 5176 932 5245 πρῶτος
957 5175 985 5227 ὁ
1018 5177 1249 5241 πάππας
1276 5178 1417 5231 κατὰ
1449 5179 1539 5232 τὸν
1563 5178 1771 5249 ψευδώ-

191 5285 366 5334 νυμον
400 5270 607 5321 ἐκεῖνον
630 5268 858 5332 κανόνα,
881 5269 971 5322 διὰ
1002 5270 1064 5320 τὸ
1095 5264 1235 5321 εἶναι
1263 5272 1362 5337 τὴν
1409 5269 1627 5341 Ῥώμην
1656 5273 1765 5324 τῶν

192 5360 407 5413 πόλεων
438 5360 859 5425 βασιλεύουσαν.
902 5362 967 5413 Ἢ
1003 5361 1059 5414 δὲ
1109 5362 1242 5428 ἁγία
1276 5363 1497 5427 σύνοδος
1550 5366 1635 5416 διὰ
1664 5367 1762 5435 την

189 5453 497 5523 ἐπιτροπὴν
522 5454 622 5522 τῆς
651 5454 899 5523 ἀμπέλου
933 5456 1333 5524 προσαγορεύει
1358 5457 1416 5507 ἐν
1455 5462 1520 5522 τῇ
1546 5460 1765 5509 ἐπιστο-

187 5545 257 5615 λῇ
290 5545 381 5597 τὸν
408 5547 644 5599 πάππαν
671 5548 763 5598 καὶ
795 5547 1039 5616 κορυφὴν
1061 5548 1156 5599 καὶ
1184 5546 1426 5617 κεφαλὴν
1458 5549 1565 5601 τῶν
1596 5550 1774 5618 μελιυν

186 5637 651 5707 ἡγεμονεύουσαν.
673 5624 844 5690 ’Ὥστε
875 5638 969 5690 τοῦ
1006 5639 1104 5707 μὲν
1156 5641 1377 5703 κανόνος
1417 5640 1620 5711 ἀκύρου
1686 5642 1771 5693 ὁν-

183 5744 299 5791 ιιιος⁸
331 5729 403 5791 ὼς
434 5728 786 5797 ψευδολογίας
852 5732 944 5781 καὶ
983 5732 1335 5800 καινοτομίας
1403 5733 1625 5800 μεστοῦ,
1676 5736 1771 5785 καὶ

185 5821 327 5894 μηδέ
364 5824 499 5892 πρὸς
521 5823 616 5887 τὰς
649 5822 898 5878 ὁπωσοῦν
930 5823 1142 5893 δεήσεις
1201 5823 1298 5893 τῆς
1353 5826 1570 5878 συνόδου
1651 5830 1767 5880 ἐπι-

1896 3168 2089 3227 quarta
2119 3159 2184 3213 de
2218 3160 2285 3214 iis
2312 3178 2431 3230 qua:
2461 3166 2607 3218 circa
2642 3168 2834 3237 dogma
2868 3172 2993 3225 lidei
3040 3175 3282 3245 legitime
3312 3194 3463 3250 gusta

1894 3261 2072 3314 erant,
2103 3252 2385 3320 subiungit
2410 3255 2475 3307 de
2506 3256 2769 3312 Dioscoro
2796 3277 2811 3313 :
2847 3282 2863 3312 ι
2896 3263 2961 3317 Ει
2986 3283 3083 3319 eos
3113 3271 3336 3338 quidem
3369 3278 3465 3342 qui

1895 3353 2173 3412 pastorum
2224 3348 2444 3415 propria
2502 3354 2809 3418 sapiebant,
2861 3359 3139 3424 pra-cidit;
3188 3379 3285 3418 eos
3336 3382 3465 3419 vero

1892 3437 1984 3504 qui
2018 3452 2075 3490 se
2118 3438 2276 3505 lupos
2324 3442 2703 3507 Ostenderant,
2756 3449 3279 3521 ovibus-pnefecit;
3316 3462 3461 3513 etad

1892 3525 2007 3579 haec
2031 3527 2213 3580 omnia
2241 3530 2404 3583 etiam
2433 3533 2487 3584 in
2518 3532 2717 3599 ipsum,
2747 3536 2834 3589 cui
2878 3541 3048 3595 vinea:
3080 3546 3327 3598 cuStod.a
3367 3547 3463 3600 de-

1896 3624 2147 3676 mandata
2179 3633 2262 3678 est
2290 3641 2319 3678 a
2352 3624 2659 3690 Salvatore,
2686 3632 2927 3686 furorem
2960 3639 3225 3700 extendit,
3270 3641 3461 3695 videli-

1890 3725 1979 3768 cet
2006 3727 2199 3769 contra
2228 3718 2400 3770 Tuam
2432 3719 2820 3784 Sauctitatem,
2856 3736 2911 3778 et
2940 3732 3459 3786 excommunicatio-

1887 3823 2014 3862 nem
2073 3808 2196 3862 tulit
2253 3809 2308 3863 in
2343 3826 2470 3865 eum
2518 3814 2614 3882 qui
2659 3816 2876 3871 studuit
2916 3820 3073 3875 unire
3117 3837 3316 3892 corpus

1887 3898 2086 3954 clcsiaa.
2123 3919 2141 3950 ι

1956 4080 2035 4133 Tu
2063 4096 2256 4150 papam
2288 4082 2425 4137 dicis
2457 4100 2565 4138 non
2613 4101 2641 4139 a
2694 4085 2877 4152 Petro,
2914 4093 3005 4144 sed
3045 4108 3075 4145 a
3109 4096 3315 4149 sanctis
3358 4095 3448 4152 Pa-

1885 4170 2064 4224 tribus
2111 4183 2166 4223 et
2207 4172 2315 4240 piis
2362 4174 2788 4241 imperatoribus
2836 4180 3095 4237 habuisse
3126 4187 3455 4256 primatum;

1881 4274 2068 4317 sancta
2103 4278 2235 4317 vero
2264 4267 2507 4335 synodus
2548 4269 2928 4326 demandatam
2972 4275 3049 4330 ait
3104 4292 3257 4347 papa:
3286 4280 3453 4336 vinea:

1881 4354 2189 4409 custodiam
2223 4373 2252 4410 a
2286 4357 2589 4417 Salvatore.

1954 4554 2035 4608 Tu
2086 4571 2278 4624 papam
2327 4557 2465 4613 dicis
2514 4576 2634 4616 esse
2694 4564 3009 4635 episcopum
3056 4568 3243 4625 Roma:
3284 4589 3312 4626 a
3349 4575 3448 4629 Pe-

1886 4656 1990 4709 tro,
2034 4648 2127 4699 sed
2191 4648 2426 4715 primum
2482 4654 2870 4722 episcoporum
2906 4674 2935 4710 a
2969 4658 3220 4715 Patribus
3264 4672 3319 4717 et
3347 4665 3448 4718 im-

1882 4740 2229 4805 peratoribus
2275 4758 2287 4794 :
2350 4754 2538 4797 saneta
2600 4760 2732 4799 \ero
2793 4750 3036 4818 synodus
3092 4754 3332 4807 scribere
3387 4773 3447 4811 se

1881 4829 1959 4882 ait
2003 4830 2169 4884 Leoni
2218 4834 2535 4888 beatissimo
2574 4834 2758 4891 Romae
2812 4841 3252 4913 archiepiscopo,
3295 4862 3437 4899 eum-

1877 4920 2114 4989 demque
2157 4925 2328 4978 novit
2367 4926 2551 4979 Romae
2598 4931 2940 5000 episcopum,
2981 4943 3037 4988 et
3075 4949 3174 5003 per
3223 4937 3445 4992 Petrum

1878 5013 2053 5067 vineae
2088 5016 2375 5069 custodem
2400 5034 2428 5070 a
2470 5017 2773 5075 Salvatore.

1943 5189 2022 5243 Tu
2066 5191 2222 5256 juxta
2275 5194 2717 5261 pseudocanonis
2770 5214 2989 5254 sensum
3036 5206 3238 5259 asseris
3293 5222 3444 5274 papa:

1872 5282 2165 5349 primatum
2212 5296 2275 5335 ex
2324 5300 2391 5338 eo
2436 5301 2557 5340 esse
2601 5290 2745 5357 quod
2782 5289 2953 5344 Roma
3008 5296 3081 5361 sit
3123 5297 3307 5363 regina
3344 5313 3441 5349 ur-

1874 5375 2047 5429 bium.
2084 5378 2152 5429 At
2186 5388 2371 5430 sancta
2407 5380 2646 5448 synodus
2694 5382 2746 5434 in
2794 5383 3025 5451 epistola
3058 5397 3215 5441 vocat
3244 5403 3438 5457 papam

1872 5467 2140 5519 verticem
2195 5476 2252 5521 ct
2304 5480 2468 5536 caput
2527 5473 2900 5528 membrorum
2962 5476 3156 5530 durem
3214 5491 3441 5548 prapter

1871 5558 2177 5611 Custodiam
2206 5560 2399 5614 vincia.
2427 5563 2614 5633 Itaque
2641 5580 2763 5619 cum
2796 5583 2971 5623 canon
3006 5570 3198 5625 irritus
3225 5571 3317 5635 sit,
3347 5584 3439 5625 ut-

1871 5656 1995 5715 pote
2043 5650 2297 5704 falsitatis
2325 5662 2379 5706 et
2412 5658 2672 5709 novitatis
2731 5660 2944 5726 plenus,
2973 5678 3073 5716 nec
3113 5665 3278 5717 etiam
3333 5663 3434 5718 ad-

1870 5742 2176 5796 nitentibus
2206 5754 2481 5815 uteunque
2512 5752 2704 5817 synodi
2740 5752 2992 5809 l’atribus
3021 5772 3049 5809 a
3080 5773 3216 5826 papa
3240 5772 3436 5827 appro-

1871 5829 2067 5898 batus;
2119 5832 2229 5886 imo
2274 5851 2407 5891 vero
2456 5839 2690 5902 reiectus
2737 5856 2897 5902 amne
2944 5847 3267 5902 damnatuS'
3323 5846 3434 5903 eui-
