4288 6358
263 381 383 444 745

1562 378 1989 450 REFUTATIO
2039 377 2228 436 Nll.I.

3408 371 3514 431 746

265 494 323 547 δὲ
351 493 509 546 τούτο
542 493 638 545 καὶ
666 491 744 559 τῷ
777 489 936 560 πάπᾳ
970 490 1146 542 κοινόν
1175 506 1189 554 ;
1227 489 1340 544 Οὐκ
1368 489 1474 559 ἄρα
1503 491 1641 542 κατὰ
1668 489 1843 542 πάντα
1872 491 1916 548 Α
1945 503 1958 540 ι

1875 491 1916 548 Α
1945 486 2071 556 quis
2097 485 2302 549 habere,
2328 484 2431 539 hoc
2460 483 2606 539 dicat
2633 491 2689 536 ct
2718 481 2952 552 papam?
2987 480 3102 534 Non
3133 492 3216 536 est
3267 465 3513 553 igiturin
3561 556 3568 561 υ

264 584 295 635 ό
342 584 565 652 Ῥώμης
608 579 702 633 τοῦ
740 580 949 649 Πέτρου
990 579 1258 649 διάδοχος,
1297 579 1433 633 ἀλλὰ
1480 579 1600 633 κατ’
1654 579 1841 632 ἐκεῖνα

270 673 463 742 μόνον,
492 672 617 727 καθ’
648 670 683 725 ἃ.
717 672 810 725 καὶ
838 670 946 724 τῶν
984 672 1076 724 ὑπ’
1102 671 1318 724 ἐκείνου
1350 669 1842 741 χειροτονηθέντων

265 764 523 827 ἕκαστος.

839 898 1273 952 ΑΝΤΙΡΡΗΣῙΣ.

339 1012 520 1068 Πολλὰ
546 1015 905 1083 συμπλέκεις,
938 1015 1107 1073 πολλὰ
1141 1013 1473 1082 συμφύρεις,
1513 1014 1608 1065 καὶ
1641 1011 1842 1073 πολλὰς

266 1106 627 1176 ἑπισωρεύων
682 1107 967 1176 διαφορὰς,
1007 1105 1129 1159 καθ’
1182 1104 1241 1157 ἓν
1292 1104 1456 1173 μόνον
1510 1104 1690 1171 λέγεις
1746 1103 1843 1156 καὶ

266 1198 429 1251 τοῦτο
468 1197 717 1266 μερικδν,
752 1200 1035 1250 κοινωνεῖν
1065 1197 1156 1248 τὸν
1190 1197 1398 1267 Πέτρον
1431 1196 1523 1249 καὶ
1549 1196 1674 1257 τοὺς
1725 1195 1841 1247 δια-

264 1290 475 1359 δόχους.
512 1284 649 1343 Εἶτα
699 1289 761 1341 τὺ
818 1288 1175 1356 καιριώτατον
1227 1289 1325 1357 τῆς
1385 1286 1691 1349 ὑποθέσεως
1748 1287 1842 1339 καὶ

268 1381 612 1453 κυριώτατον
668 1380 1017 1449 παραλιπὼν,
1078 1380 1396 1449 συγχύσεως
1458 1380 1842 1454 καὶβταξέας

269 1471 515 1543 ἐμφαίνῃ
566 1471 907 1533 διδάσκαλος.
959 1471 1218 1540 Διάδοχον
1252 1471 1432 1539 λέγεις
1481 1470 1577 1523 τοῦ
1629 1472 1838 1541 Πέτρου

266 1568 365 1617 τὸν
413 1564 604 1617 πάπαν
653 1564 790 1616 καθὸ
836 1564 1163 1629 ἐπίσκοπος,
1191 1563 1266 1625 ὡς
1319 1564 1415 1616 καὶ
1464 1564 1696 1626 ἕκαστος
1731 1563 1841 1615 τῶν

270 1654 365 1708 ὑπ’
395 1656 602 1708 ἐκείνου
638 1656 1130 1727 χειροτονηθέντων
1174 1655 1492 1708 ἐπισκόπων
1517 1670 1531 1686 ⁸
1564 1655 1842 1720 ἀπόδειξιν

1943 568 2210 643 omnibus
2242 590 2382 646 papa
2421 589 2710 630 successor
2762 574 2928 638 Petri,
2981 574 3078 629 sed
3116 573 3169 627 iu
3201 574 3271 629 iis
3302 584 3512 630 tantum

1945 668 1999 722 in
2027 668 2227 736 quibus
2255 682 2543 723 successor
2570 667 2736 724 etiam
2761 676 2848 723 est
2868 667 3098 737 quilibet
3128 667 3513 737 episcoporum

1943 777 1975 815 a
2002 760 2163 818 Petro
2194 760 2597 817 ordinatorum.

2487 895 2950 952 CONFUTATIO.

2018 1012 2183 1067 Multa
2219 1013 2523 1075 connectis,
2552 1013 2718 1065 multa
2744 1010 3054 1075 confundis,
3074 1019 3125 1063 et
3143 1010 3327 1063 multis
3359 1008 3515 1064 diffe—

1946 1107 2139 1160 rentiis
2191 1108 2401 1175 positus
2451 1119 2620 1158 unum
2657 1112 2867 1156 tantum
2927 1116 3049 1155 esse
3103 1102 3183 1154 ais
3223 1116 3515 1155 commune

1941 1195 2106 1251 Petro
2141 1204 2197 1249 et
2249 1196 2682 1257 successoribus,
2736 1193 2897 1261 idque
2945 1192 3259 1261 privatum;
3296 1201 3351 1245 et
3380 1207 3514 1259 prae-

1945 1291 2074 1343 teris
2104 1289 2247 1357 quod
2271 1287 2564 1341 maximum
2598 1300 2653 1340 et
2679 1285 3185 1354 praestantissimum
3212 1293 3296 1338 est
3332 1285 3383 1338 in
3412 1283 3515 1338 hac

1944 1380 2195 1443 materia,
2230 1380 2403 1449 ﬁsque
2458 1378 2795 1431 confusionis
2828 1387 2883 1431 et
2939 1376 3365 1431 inortlinationis
3396 1392 3512 1429 ma-

1944 1472 2134 1542 gistcr.
2164 1472 2553 1525 Successorem
2587 1468 2732 1522 Petri
2753 1469 2832 1521 ais
2858 1482 3073 1535 papam.
3093 1467 3509 1535 utepiscupum,

1946 1572 2005 1615 ut
2037 1562 2269 1631 quilibet
2290 1561 2676 1631 episcoporum
2731 1576 2759 1612 a
2813 1560 2972 1612 Petro
3017 1560 3421 1625 ordinaturum,
3458 1570 3515 1615 et

1946 1655 2110 1725 hujus
2160 1663 2264 1707 tua:
2314 1654 2603 1723 positionis
2660 1653 2871 1705 nullum
2922 1651 3086 1705 affers
3138 1654 3514 1707 testimonium

264 1748 326 1800 δὲ
368 1750 572 1814 ταύτης
609 1765 705 1799 σου
754 1749 854 1817 τῆς
903 1748 1107 1810 θέσεως
1159 1747 1418 1816 οὐδεμίαν
1466 1746 1654 1815 φέρεις
1682 1760 1695 1773 '
1727 1745 1841 1798 ἀλλ’
1875 1764 1957 1828 Bt

1818 1745 1841 1797 .‘
1875 1773 1916 1828 Β
1946 1763 2056 1817 quo
2088 1746 2383 1815 probetur';
2417 1745 2512 1799 sed
2544 1745 3133 1814 magistriauctoritate
3169 1747 3511 1814 pronuntias,

267 1840 456 1903 ἔοικας
496 1842 574 1911 τῷ
616 1840 1013 1904 διδασκαλικῶς
1064 1841 1493 1911 ἀποφαινομένῳ
1545 1841 1637 1892 καὶ
1682 1856 1840 1909 νομο-

268 1931 539 1987 Osco-Evn.
575 1932 966 2001 Ἀντιτὰξομεν
990 1929 1083 1986 οὖν
1117 1934 1278 2002 ἡμεῖς
1306 1933 1427 2002 οὐχὶ
1457 1932 1528 1984 τὰ
1570 1929 1837 2002 ἡμέτερα,

267 2025 407 2080 ἀλλὰ
453 2025 523 2079 τὰ
554 2025 653 2094 τῆς
702 2027 867 2093 ἁγίας
917 2027 1188 2095 τετάρτης
1233 2026 1478 2089 συνόδου,
1519 2026 1578 2090 ἐξ
1603 2022 1678 2082 ὦν
1714 2028 1842 2081 ἐπέ·

271 2119 459 2172 στελλε
515 2119 651 2189 πρὸς
697 2119 789 2171 τὸν
839 2119 1029 2171 πάπαν
1057 2133 1070 2148 ο
1112 2136 1131 2169 ι
1174 2117 1239 2171 Τί
1270 2118 1375 2191 γὰρ
1409 2121 1648 2183 πίστεως
1705 2120 1842 2191 πρὸς

268 2208 612 2278 εὐφροσύνην
642 2208 885 2276 ἀνώτερο
899 2225 938 2269 δ,
968 2210 1035 2277 ἦν
1067 2208 1233 2270 αὐτὸς
1259 2207 1450 2279 ὥσπερ
1485 2209 1698 2279 χρυσῆν
1730 2227 1844 2262 σει-

270 2306 375 2375 ρὲιν
404 2303 482 2373 τῷ
514 2304 901 2373 προστάγματι
933 2301 1026 2355 τοῦ
1059 2302 1292 2371 θεμένου
1343 2304 1729 2374 καταγομένην
1763 2306 1844 2368 εἰς

266 2396 422 2465 ἡμᾶς
463 2395 814 2464 διεφύλαξας,
855 2394 991 2447 πᾶσι
1047 2393 1148 2463 τῆς
1180 2394 1272 2447 τοῦ
1315 2396 1591 2466 μακαρίου
1633 2396 1842 2466 Πέτρου

267 2489 455 2557 φωνῆς
481 2489 755 2558 ἑρμηνεὺς
787 2487 1227 2554 καθιστάμενο;;
1261 2486 1432 2541 Ὅθεν
1463 2491 1558 2539 καὶ
1585 2489 1745 2557 ἡμεῖς
1770 2487 1845 2550 ὡς

267 2580 502 2649 ἀρχηγῴ
533 2597 615 2631 σοι
645 2578 740 2633 τοῦ
777 2579 943 2632 καλοῦ
989 2580 1126 2649 πρὸς
1162 2578 1435 2648 ὠφέλειαν
1480 2582 1843 2651 χρησάμενοι,

265 2675 385 2727 τοῖς
413 2671 511 2740 τῆς
546 2671 874 2739 Ἐκκλησίας
925 2671 1141 2733 τέκνοις
1188 2670 1279 2723 τὸν
1327 2671 1531 2743 κλῆρον
1583 2674 1682 2742 τῆς
1712 2674 1843 2744 ἀλη-

267 2764 425 2825 θείας
470 2763 773 2829 ὲδείξαμεν.
832 2783 851 2814 ο
916 2764 1003 2815 Ἑν
1067 2764 1282 2825 τούτοις
1339 2767 1371 2833 η
1439 2763 1567 2831 ἁγία
1625 2765 1843 2830 σύνοδος

267 2856 425 2909 καλεῖ
468 2855 559 2908 τὸν
607 2857 796 2908 πάπαν
837 2856 935 2924 τῆς
968 2856 1175 2925 χρυσῆς
1223 2858 1415 2925 σειρᾶς
1451 2856 1689 2920 πίστεως
1742 2856 1844 2924 φύ-

267 2949 434 3012 λακα,
461 2948 555 3000 καὶ
588 2948 834 3017 ἑρμηνέα
863 2949 962 3015 τῆς
993 2948 1178 3015 φωνῆς
1216 2948 1311 2999 τοῦ
1343 2949 1577 3019 Πέτρου,
1612 2951 1707 3003 καὶ
1741 2951 1843 3022 τὴν

269 3042 455 3093 πίστιν
481 3041 537 3093 ὲν
570 3040 646 3107 τῷ
686 3042 845 3110 πὰπα
874 3040 1075 3109 κλῆρον
1116 3034 1256 3092 εἶναι
1290 3042 1389 3107 τῆς
1421 3041 1698 3111 ἀληθείας.
1734 3042 1845 3096 Καὶ

1944 1848 2001 1892 ct
2031 1837 2229 1892 statuis
2282 1852 2433 1890 more
2490 1836 2838 1901 legislatoris.
2869 1834 3220 1905 Opponemus
3255 1852 3385 1906 ergo
3417 1854 3520 1893 nos

1944 1931 2042 1986 tibi
2100 1946 2207 1983 non
2261 1940 2444 1984 nostra
2471 1970 2485 1994 ,
2518 1928 2613 1983 sed
2648 1944 2812 1984 voces
2860 1939 3061 1984 sanctae
3090 1931 3283 2000 synodi
3309 1941 3519 2000 quarm

1943 2039 2009 2077 ex
2038 2022 2270 2091 epistola
2296 2024 2415 2092 ejus
2439 2022 2505 2075 ad
2532 2037 2723 2091 papam
2762 2042 2774 2075 :
2812 2041 2830 2073 ι
2874 2023 3014 2088 Quid
3054 2025 3198 2077 enim
3228 2024 3295 2078 ad
3330 2023 3517 2079 feren-

1945 2116 2070 2169 dam
2100 2116 2345 2170 lictitiam
2382 2116 2485 2169 ﬁde
2511 2117 2822 2179 sublimius,
2846 2131 3008 2186 quam
3036 2127 3088 2170 tu
3123 2118 3268 2171 velut
3294 2134 3517 2174 auream

1947 2218 2220 2272 catenam,
2273 2220 2546 2277 pra‘cepto
2597 2209 2925 2278 legislatoris
2971 2209 3261 2264 deductam
3294 2212 3360 2266 ad
3417 2229 3520 2269 nos

1946 2301 2197 2366 servasti.
2230 2304 2486 2356 omnibus
2516 2302 2659 2355 beati
2714 2303 2857 2357 Petri
2890 2296 3039 2357 vocis
3066 2306 3399 2362 constitutus
3431 2309 3520 2361 in-

1945 2394 2197 2462 terpres?
2233 2394 2578 2463 Quapropter
2604 2403 2661 2448 et
2696 2411 2797 2449 nos
2834 2397 2967 2449 tanti
3015 2397 3140 2451 boni
3186 2408 3237 2452 te
3276 2399 3417 2456 duce
3464 2411 3521 2456 et

1948 2496 2174 2539 auctore
2210 2485 2291 2540 usi
2327 2486 2393 2539 ad
2425 2487 2740 2550 utilitatem,
2791 2488 3047 2542 Ecclesia:
3076 2490 3200 2544 filiis
3230 2492 3521 2549 haeredita-

1947 2584 2057 2631 tem
2091 2579 2339 2633 veritatis
2368 2580 2728 2634 ostendimus.
2769 2600 2787 2632 ι
2842 2580 2898 2635 ln
2933 2582 3017 2637 his
3053 2593 3239 2638 sancta
3275 2587 3518 2656 synodus

1948 2680 2106 2725 vocat
2142 2685 2339 2740 papam
2376 2687 2555 2726 aurea:
2604 2672 2725 2727 ﬁdei
2759 2681 2962 2728 catenae
3011 2684 3433 2738 asscrvator.-m.
3462 2689 3521 2734 et

1947 2763 2093 2818 Petri
2145 2764 2292 2817 vocis
2346 2765 2738 2833 interpretem;
2789 2775 2845 2820 et
2904 2766 3065 2822 ﬁdem
3138 2768 3217 2822 ait
3265 2784 3386 2823 esse
3463 2772 3515 2825 in

1948 2870 2085 2923 papa
2119 2853 2368 2909 veritatis
2415 2853 2813 2909 hereditatem.
2852 2857 2918 2910 Et
2968 2857 3129 2920 infra,
3181 2860 3271 2911 ubi
3335 2876 3517 2916 sermo

1946 2954 2031 3000 est
2062 2945 2128 3000 de
2162 2945 2413 3002 Patribus
2466 2947 2698 3018 synodi:
2746 2967 2763 3000 ι
2800 2948 3006 3015 Quibus
3035 2959 3115 3014 tu,
3162 2951 3360 3020 inquit,
3405 2953 3516 3007 dux

1946 3054 2094 3104 eras,
2130 3048 2189 3092 ut
2221 3049 2385 3108 caput
2433 3040 2714 3104 membris,
2764 3040 2816 3094 in
2853 3040 2919 3094 iis
2947 3042 3040 3109 qui
3068 3051 3186 3096 tuas
3216 3059 3380 3097 voces
3426 3061 3521 3115 ge-

268 3136 569 3204 κατωτέρω
621 3135 750 3203 περὶ
821 3137 918 3203 τῆς
971 3135 1301 3204 ὁμηγύρεως
1365 3138 1472 3189 τῶν
1526 3122 1961 3191 ὲπισκόπωνσι

1825 3122 1913 3191 ,C
1951 3131 2145 3186 rebant
2176 3131 2615 3187 benevolentiam
2669 3132 2985 3202 prmfereus.
3017 3153 3035 3185 ι
3083 3134 3141 3189 lu
3193 3137 3278 3191 his
3332 3150 3518 3193 sancta

264 3224 368 3292 τῆς
400 3223 564 3290 ἁγίας
612 3223 791 3275 αὐτῶν
842 3224 1062 3275 συνόδου
1113 3224 1421 3293 γράφουσιν
1466 3211 1515 3277 οί
1564 3227 1839 3297 Πατέρεςο

271 3333 294 3364 ι
334 3307 434 3366 Ὠν
486 3315 550 3366 σὺ
606 3314 707 3384 μὲν
752 3314 826 3376 ὡς
870 3314 1081 3384 κεφαλὴ
1147 3315 1328 3384 μελῶν
1370 3318 1723 3386 ⁴ίλγιεμόνευες,
1785 3320 1844 3372 ὲν

264 3407 379 3466 τοῖς
410 3404 510 3474 τὴν
545 3405 642 3474 σὴν
672 3405 826 3468 τάξιν
852 3405 1114 3474 ἐπέχουσι
1147 3405 1245 3473 τὴν
1293 3404 1511 3458 εὔνοιαν
1537 3406 1840 3461 ἐπιδεικνύ-

202 3534 205 3535 ν
266 3512 433 3563 μενος
457 3512 472 3528 ο
510 3514 529 3546 ›
578 3496 664 3548 Ἐν
700 3496 909 3559 τούτοις
942 3499 973 3566 ὴ
1004 3496 1137 3564 ἁγία
1180 3496 1400 3560 σύνοδος
1450 3498 1709 3567 ὁμολογεῖ
1748 3498 1841 3551 τὸν

264 3593 458 3641 πάπαν
519 3588 782 3656 κεφαλὴν,
834 3590 961 3651 τοὺς
1021 3589 1217 3652 ἄλλους
1273 3592 1612 3653 ἐπισκόπους
1678 3590 1837 3660 μέλη.

266 3684 459 3754 Παρῆν
494 3684 549 3735 δὲ
576 3684 632 3735 ἐν
654 3683 839 3753 ἐκείνῃ
872 3684 936 3752 τῇ
966 3682 1172 3752 συνόδῳ
1202 3684 1298 3735 καὶ
1340 3683 1653 3746 Ἀνατόλιος
1684 3684 1838 3735 Κων-

266 3770 793 3836 σταντινουπόλεως,
863 3772 957 3823 καὶ
1016 3771 1271 3839 Μάξιμος
1342 3770 1695 3843 Ἀντιοχείας,
1748 3772 1840 3826 καί¹

274 3865 635 3937 ’λομεῑενάλιος
678 3860 1088 3933 Ἱεροσολύμων.
1135 3864 1246 3916 Καὶ
1275 3866 1575 3933 κατωτέρω
1602 3879 1619 3895 ο
1658 3883 1675 3915 ι
1731 3864 1840 3917 Καὶ

265 3955 406 4025 πρὸς
450 3956 661 4018 τούτοις
708 3956 913 4008 ἅπασιν
966 3954 1047 4006 ἔτι
1102 3954 1197 4006 καὶ
1239 3956 1360 4007 κατ⁹
1392 3954 1563 4009 αὐτοῦ
1596 3955 1689 4007 τοῦ
1737 3954 1840 4023 τῆς

262 4048 509 4116 ἀμπέλου
554 4048 655 4115 τὴν
711 4047 957 4116 φυλακὴν
1010 4047 1162 4116 παρὰ
1211 4045 1303 4099 τοῦ
1348 4047 1601 4117 Σωτῆρος
1655 4048 1841 4099 ὲπιτεο

262 4141 584 4210 τραμμένου
634 4138 733 4208 τὴν
797 4137 998 4205 μανίαν
1048 4136 1309 4200 ἐξέτεινε,
1341 4135 1577 4205 λέγομεν
1622 4134 1687 4204 δὴ
1739 4135 1840 4205 τῆς

265 4233 369 4301 σῆς
411 4232 711 4299 ὁσιότητος.
758 4249 775 4281 ι
811 4231 901 4282 Ἑν
941 4229 1214 4299 τούτοιςὴ
1248 4228 1380 4296 ἁγία
1417 4227 1633 4289 σύνοδος
1662 4228 1840 4295 ἄμπε-

262 4325 357 4377 λον
392 4324 761 4391 εὐαγγελικῶς
810 4323 909 4391 τὴν
950 4321 1305 4391 Ἐκκλησίαν,
1338 4318 1727 4389 ἀμπελουργὸν
1757 4318 1840 4371 λέ-

260 4433 352 4483 γει
375 4416 465 4467 τὸν
491 4403 701 4477 πάπαν,
745 4418 891 4477 παρὰ
920 4411 1015 4462 τοῦ
1044 4409 1297 4476 Σωτῆρος
1338 4405 1577 4474 Χριστοῦ
1603 4405 1837 4458 λαϐόντα

261 4508 365 4579 τὴν
398 4504 838 4575 ἀμπελουργίαν.
874 4500 983 4553 Καὶ
1016 4501 1315 4567 κατωτέρω
1339 4513 1353 4527 '
1392 4517 1411 4548 ι
1451 4498 1837 4565 Πεπεισμένοι,

258 4602 337 4661 ὡς
370 4599 468 4669 τῆς
514 4594 883 4659 ἀποστολικῆς
916 4599 1046 4645 παρ’
1075 4592 1202 4659 ὑμῖν
1247 4588 1554 4658 κρατούσης
1601 4589 1841 4652 ἀκτῖνος,

261 4696 361 4746 καὶ
419 4693 511 4744 ἐπὶ
578 4692 678 4757 τὴν
739 4689 798 4739 ἐν
867 4682 1450 4738 Κωνσταντινουπόλει
1512 4678 1842 4749 Ἐκκλησίαν

260 4784 512 4854 συνήθως
543 4780 833 4850 κηδόμενοι
867 4776 1127 4836 πολλάκις
1177 4774 1382 4842 ταύτην
1409 4770 1727 4840 ηπλώσατε,
1753 4770 1841 4823 διὰ

257 4878 324 4929 τὸ
353 4875 590 4944 ἄφθονον
622 4872 891 4941 ὑπάρχειν
924 4871 1057 4939 ἡμῖν
1083 4868 1183 4935 τὴν
1222 4867 1330 4918 τῶν
1364 4866 1584 4918 οἰκείων
1614 4864 1838 4931 ἀγαθῶν

262 4972 400 5039 πρὸς
449 4969 577 5030 τοὺς
607 4966 865 5034 γνησίους
918 4961 1234 5032 μετάδοσιν.
1273 4979 1290 5011 ι
1330 4961 1439 5011 Καὶ
1502 4956 1837 5024 κατωτέρωδ

264 5084 285 5115 ι
324 5064 560 5125 Εἰῶτες,
600 5059 676 5121 ὼς
757 5060 866 5109 πᾶν
914 5057 1066 5125 παρὰ
1114 5053 1225 5106 τῶν
1273 5053 1485 5105 τέκνων
1548 5052 1838 5120 γινόμενον

258 5155 597 5225 κατόρθωμα
645 5155 724 5216 είς
771 5152 899 5213 τοὺς
944 5150 1355 5217 οἰκειουμένους
1408 5147 1657 5217 Πατέρας
1703 5146 1837 5199 ἀναο

1947 3224 2191 3294 synodus
2240 3223 2444 3279 fatetur
2480 3239 2673 3294 papam
2734 3232 2924 3293 caput,
2956 3237 3186 3281 cancros
3224 3229 3518 3299 episcopos

1948 3315 2213 3369 membra.
2252 3314 2493 3369 Aderant
2545 3327 2724 3370 autem
2761 3315 2815 3369 in
2856 3315 2944 3370 illa
2991 3318 3199 3386 synodo
3229 3318 3517 3374 Anatolius

1944 3403 2607 3472 Coustantinopolitanus,
2675 3404 2945 3460 Maximus
2991 3407 3392 3473 Antioclienus,
3455 3419 3512 3463 et

1941 3494 2224 3549 Iuvenalis
2255 3494 2801 3566 Hierosolymitanus.
2839 3498 2902 3551 Et
2928 3497 3067 3552 infra
3102 3515 3118 3551 :
3150 3518 3168 3550 ι
3207 3499 3272 3554 Ει
3297 3500 3366 3554 ad
3398 3501 3515 3555 haec

1947 3586 2129 3640 omnia
2170 3586 2396 3655 insuper
2423 3594 2478 3641 et
2507 3596 2698 3641 contra
2727 3589 2928 3657 ipsum,
2952 3589 3039 3643 cui
3075 3590 3246 3644 virga:
3267 3591 3516 3645 custodia

1947 3694 1977 3733 a
2023 3678 2303 3734 Salvatore
2358 3680 2652 3734 commissa
2709 3691 2812 3745 est,
2843 3680 3092 3736 extendit
3131 3680 3432 3749 insaniam,
3464 3686 3517 3737 id

1944 3781 2030 3826 est
2066 3781 2257 3827 contra
2310 3781 2455 3833 tuam
2504 3773 2904 3842 (apostolicam)
2946 3775 3286 3828 sanctitatem
3323 3794 3335 3828 :
3379 3795 3397 3828 ι
3455 3787 3520 3831 ut

1943 3863 2171 3919 Latinus
2199 3865 2469 3933 interpres
2499 3864 2651 3933 legit.
2686 3864 2743 3918 In
2774 3864 2858 3920 his
2905 3875 3088 3919 sancta
3121 3868 3363 3936 synodus
3413 3869 3514 3922 Ec-

1942 3956 2166 4011 clesiam
2197 3957 2511 4027 evangelice
2542 3957 2756 4011 vincam
2789 3967 2987 4021 vocat,
3029 3959 3312 4012 custodem
3343 3961 3517 4013 vinea:

1941 4062 2160 4116 papam,
2190 4058 2247 4102 et
2267 4047 2643 4117 praefecturam
2686 4051 2828 4104 hanc
2860 4064 2983 4103 esse
3016 4050 3195 4119 inquit
3226 4051 3299 4104 illi
3332 4051 3514 4105 datam

1942 4155 1973 4195 a
1998 4139 2242 4195 Christo.
2276 4141 2346 4196 Et
2391 4141 2532 4196 infra
2570 4159 2585 4196 :
2624 4162 2644 4195 ι
2674 4143 2840 4198 Plane
2874 4144 3112 4198 scientes
3154 4146 3513 4213 apostolicum

1942 4233 1999 4287 in
2022 4234 2179 4288 vobis
2206 4234 2428 4303 quidem
2462 4234 2672 4288 radium
2701 4251 2853 4289 suam
2887 4237 3073 4318 sedem
3108 4236 3511 4307 babere;sa:pe

1940 4341 2073 4380 vero
2098 4326 2166 4378 ad
2214 4326 2881 4395 Constantinopolitanam
2940 4343 3161 4396 quoque
3208 4329 3509 4383 Ecclesiau.

1947 4431 2100 4469 more
2124 4425 2305 4469 vestro
2367 4430 2556 4469 curam
2616 4427 2871 4485 gerentes
2907 4416 3055 4469 illum
3102 4420 3390 4485 Sparsisse,
3447 4436 3514 4472 eo

1946 4504 2095 4574 quod
2154 4506 2556 4559 cousueveritis
2624 4506 2896 4559 bonorum
2977 4516 3284 4559 vestrorum
3347 4511 3517 4576 parti-

1941 4595 2216 4664 cipatione
2271 4595 2427 4650 vobis
2484 4598 2809 4663 conjunctos
2867 4596 3084 4649 abunde
3138 4596 3336 4652 ditare.
3377 4618 3395 4649 ι
3451 4600 3516 4652 Et

1941 4685 2124 4740 infra:
2182 4705 2201 4738 ι
2248 4686 2650 4757 Agnoscentes,
2702 4702 2865 4740 omne
2908 4690 3183 4755 egregium
3254 4698 3511 4742 natorum

1938 4777 2142 4831 factum
2195 4792 2479 4832 recurrere
2517 4780 2583 4832 ad
2629 4780 2884 4847 proprios
2927 4789 3202 4847 parentes.
3235 4780 3513 4849 Rogamus

1937 4870 2126 4940 igitur,
2167 4869 2392 4924 decreto
2424 4880 2517 4923 tuo
2570 4879 2818 4924 nostrum
2873 4870 3077 4923 honora
3116 4871 3408 4940 judicium,
3460 4882 3517 4925 ct

1938 4963 2082 5015 sicut
2116 4976 2215 5016 nos
2264 4962 2429 5031 capiti
2462 4977 2790 5015 consensum
2828 4962 3163 5031 praebuimus
3194 4964 3246 5015 iu
3284 4979 3340 5015 re
3374 4980 3512 5033 pra:-

1938 5055 2106 5121 ciara,
2141 5056 2214 5109 ita
2267 5064 2324 5110 ct
2366 5066 2553 5109 vertex
2587 5054 2884 5124 adimpleat
2915 5054 3039 5108 ﬁliis
3070 5054 3216 5123 quod
3248 5055 3511 5110 decorum

1939 5158 2043 5200 est.
2084 5165 2103 5197 ι

254 5250 482 5319 τρέχει·
551 5245 983 5317 παρακαλοῦμεν
1034 5245 1236 5307 τοίνυν,
1286 5244 1517 5311 τίμησον
1571 5244 1663 5293 καὶ
1706 5244 1827 5304 ταῖς
1867 5244 1987 5303 σαῖς
2034 5242 2237 5312 ψήφοις
2285 5242 2382 5311 τὴν
2458 5241 2679 5312 κρίσιν·
2714 5244 2809 5295 καὶ
2842 5240 3035 5310 ὥσπερ
3086 5243 3244 5311 ἡμεῖς
3314 5248 3381 5315 τῇ
3425 5262 3513 5297 κε-

257 5344 405 5411 φαλῇ
437 5342 535 5410 τὴν
576 5343 632 5393 ἐν
666 5340 776 5399 τοῖς
843 5337 1030 5399 καλοῖς
1069 5336 1386 5406 συμφωνίαν
1451 5333 1899 5404 είσενηνόχαμεν,
1939 5333 2083 5387 οὕτω
2126 5338 2220 5388 καὶ
2271 5339 2303 5405 η
2365 5334 2573 5406 κορυφὴ
2624 5338 2735 5398 τοῖς
2786 5337 2973 5389 παισὶν
3018 5337 3408 5408 ἀναπληρώσει
3456 5340 3513 5391 τὸ

256 5440 493 5509 πρέπον.
538 5454 555 5485 ι

342 5534 431 5585 Ἐν
463 5529 671 5590 τούτοις
698 5529 731 5597 ἡ
760 5526 892 5596 ἁγία
938 5524 1156 5586 σύνοδος
1189 5523 1442 5593 ὁμολογεῖ
1474 5522 1574 5593 τὴν
1606 5524 1839 5575 ἀποστο-

251 5626 415 5696 λικὴν
444 5625 637 5677 ἀκτῖνα
669 5626 728 5674 ὲν
754 5621 831 5691 τῷ
863 5619 1022 5689 πάπα
1059 5616 1465 5687 καθιδρυμένην
1516 5613 1835 5680 ἁπλωθῆναι

252 5720 521 5781 πολλάκις
579 5717 676 5769 καὶ
732 5715 810 5776 είς
860 5709 1482 5765 Κωνσταντινούπολινο
1536 5708 1630 5760 καὶ
1690 5708 1769 5758 δτι
1810 5708 1836 5757 ό

252 5815 448 5875 πάπας
480 5813 597 5864 ἐστὶ
630 5807 843 5878 κεφαλὴ
877 5807 975 5873 τῆς
1016 5804 1350 5871 Ἐκκλησίας
1385 5801 1631 5872 τοιαύτη,
1667 5800 1724 5863 ἐξ
1768 5796 1833 5869 ἧς

470 5916 743 5976 PATnoL.
781 5911 899 5970 Gn.
937 5906 1208 5967 CXLIX.

2016 5521 2072 5574 lu
2101 5520 2187 5573 his
2237 5529 2422 5574 sancta
2477 5522 2717 5590 synodus
2769 5519 2993 5582 fatetur,
3036 5519 3395 5587 apostolicqu
3425 5537 3511 5573 ra-

1943 5615 2094 5667 dium
2128 5629 2247 5667 esse
2291 5614 2343 5666 in
2386 5629 2521 5682 papa
2555 5613 2879 5667 collocatum
2927 5620 2981 5665 ct
3024 5612 3151 5666 inde
3182 5628 3322 5681 sepe
3361 5614 3509 5666 Con-

1943 5703 2353 5771 stantinopolim
2404 5718 2521 5756 sese
2575 5700 2807 5763 fudisse,
2871 5710 2926 5755 et
2983 5719 3174 5771 papam
3229 5718 3349 5756 esse
3406 5704 3509 5755 tale

1942 5807 2105 5867 caput
2134 5794 2408 5866 Ecclesia,
2444 5806 2501 5851 ut
2523 5811 2586 5850 cx
2619 5811 2685 5850 co
2713 5796 2948 5865 pendeat
2983 5795 3157 5848 honor
3188 5805 3241 5849 et
3292 5797 3509 5866 privile-

3042 5894 3116 5954 2's
