4288 6358
286 379 397 444 749

1573 378 2017 441 REFUTATIO
2057 378 2241 443 NlLI.

3419 383 3525 452 730

271 490 417 546 Αὐτὸ
470 488 527 542 δὲ
582 488 642 542 τὸ
692 488 821 559 περὶ
872 488 971 560 τὴν
1020 488 1331 558 συνείδησιν
1383 487 1721 559 ἁμαρτάνειν
1754 490 1854 544 οὐκ
1885 509 1964 567 Αι

1885 514 1926 567 Α
1957 492 2189 561 gationis
2224 494 2312 550 lle'a
2339 496 2360 549 ?
2390 494 2551 550 "cum
2585 498 2747 563 enim,
2791 496 2968 568 inquit
3002 497 3203 553 Paulus
3231 535 3246 561 ,
3270 498 3525 567 conﬁteri-
3570 570 3575 577 ‘

268 577 418 644 εἶδος
436 581 625 643 ἁθεῙας
669 581 826 649 lati;
860 583 1014 637 Θεὸν
1041 582 1172 652 τὰρ,
1206 584 1372 653 φησιν
1401 586 1430 638 6
1464 583 1697 650 Παῦλος,
1727 585 1853 652 τοῖς
1878 597 1891 607 ’
1959 620 1961 633 .

1833 597 1891 652 τ’
1959 594 2047 637 tur
2075 601 2131 639 se
2158 602 2325 647 noue,
2353 587 2502 656 [netis
2529 596 2703 644 autem
2742 590 2998 661 negant‘.
3038 589 3324 656 Quomodo
3361 590 3526 663 igitur

264 672 389 743 μὲν
416 673 621 742 λόγοις
670 674 1059 743 ὁμολογοῦσι,
1091 674 1218 743 τοῖς
1262 674 1332 730 δὲ
1371 675 1570 745 ἔργοις
1599 675 1852 745 ἀρνοῦν-

1958 688 2092 745 papa
2146 675 2304 733 factis
2353 679 2575 749 quidem
2628 690 2803 751 potest
2858 695 3057 753 negare
3094 680 3287 748 Deum,
3344 684 3533 740 verbis

273 778 374 818 tat
393 779 410 795 ο
448 762 566 826 πῶς
593 762 777 833 ῐργοις
805 764 907 833 μὲν
932 764 1026 818 τὸν
1053 766 1243 821 πὰπαν
1269 765 1548 837 ἐνδέχεται
1572 766 1853 838 ἀρνεῖσθαι
1951 779 1966 819 1

737 780 777 827 ις
805 764 907 833 μὲν
932 764 1026 818 τὸν
1053 766 1243 821 πὰπαν
1269 765 1548 837 ἐνδέχεται
1572 766 1853 838 ἀρνεῖσθαι
1951 772 2138 821 autem
2165 767 2386 825 minime
2409 769 2430 822 ί

272 855 371 909 τὸν
398 852 555 920 Θεὸν,
585 854 767 923 λόγοις
789 855 848 909 δδ
878 854 1171 925 ossam;

402 954 403 957 ‘
847 966 1284 1022 murenam.

362 1080 459 1134 Ἕκ
495 1081 921 1151 πεπλανημένης
971 1083 1155 1152 ἀρχῆς
1197 1083 1525 1154 ἀρξάμενος,
1575 1086 1679 1155 ὁδῷ
1721 1102 1855 1155 προ-

269 1173 482 1227 ϐαίνων
522 1175 885 1247 παρεκτρέπῃ
916 1174 1123 1244 μᾶλλον
1165 1176 1266 1245 τῆς
1291 1176 1579 1248 ἀληθείας.
1611 1177 1701 1233 Ἐν
1730 1178 1855 1232 τού·

273 1283 392 1329 τοις
416 1283 509 1319 σου
540 1268 653 1329 τοῖς
681 1265 863 1334 λόγοις
892 1269 1019 1337 τρία
1051 1268 1281 1341 σοφίζῃ..

350 1359 575 1428 Πρῶτον
594 1376 609 1392 ·
641 1360 936 1414 Πέπτωκεν
964 1359 993 1412 6
1014 1360 1245 1432 Πέτρος,
1272 1362 1382 1435 ἄρα
1408 1363 1631 1419 δύναται
1664 1367 1855 1420 πεσεῖν

188 1519 192 1522 γ
272 1451 374 1502 καὶ
413 1452 442 1502 ὸ
481 1449 691 1513 πάπας.

350 1540 653 1609 Δεύτερον·
722 1540 785 1592 '0
845 1539 1146 1613 δυνάμενος
1210 1543 1341 1613 περὶ
1390 1542 1488 1614 τὴν
1548 1544 1855 1617 συνείδησιν

272 1631 618 1699 σράλλεσθαι
641 1630 869 1685 δύναται
894 1635 989 1685 καὶ
1026 1634 1157 1703 περὶ
1182 1633 1282 1703 τὴν
1314 1635 1495 1689 πίστιν
1521 1637 1853 1707 ναυαγῆσαι,

275 1724 420 1776 κατὰ
472 1723 563 1777 τὸν
616 1725 891 1794 μακάριον
952 1725 1183 1779 Παῦλον.
1228 1725 1394 1780 Ἀλλὰ
1439 1728 1547 1799 μὴν
1592 1732 1621 1783 6
1664 1732 1854 1795 πὰπας

2511 971 2981 1032 CONFUTATIO.

2032 1083 2071 1138 E
2107 1084 2280 1140 fallaci
2308 1101 2468 1141 orsus
2503 1089 2773 1158 principio
2794 1130 2810 1156 ,
2857 1090 2987 1144 dum
3016 1092 3388 1161 progrederis.
3409 1095 3530 1163 plus

1959 1177 2188 1248 plusque
2243 1194 2272 1233 a
2326 1180 2557 1237 veritate
2617 1183 2851 1239 recedis.
2882 1183 3010 1239 Tria
3061 1184 3151 1240 hic
3188 1185 3531 1255 sephismata

1956 1266 2253 1333 proponisr

2029 1356 2309 1411 Primum:
2348 1358 2569 1432 Lapsus
2597 1372 2685 1418 est
2719 1362 2938 1432 Petrus,
2966 1382 3095 1438 ergo
3117 1368 3232 1424 labi
3267 1378 3445 1440 potest
3474 1384 3532 1426 ct

1957 1463 2117 1518 papa.

2024 1537 2340 1595 Secundum
2370 1559 2384 1595 :
2416 1541 2517 1608 Qui
2547 1553 2723 1613 potest
2773 1549 3127 1604 conscientia:
3190 1551 3344 1621 lapsu
3380 1538 3531 1623 .peeé

1956 1645 2101 1694 care,
2129 1640 2307 1700 potest
2334 1633 2496 1688 etiam
2525 1635 2868 1706 naufragium
2903 1639 3027 1695 fidei
3052 1643 3265 1706 facere,
3332 1660 3533 1699 secun-

1954 1719 2084 1775 dum
2113 1721 2264 1776 Pauli
2290 1722 2516 1777 dictum.
2551 1723 2657 1779 Sed
2691 1742 2828 1796 papa
2850 1769 2864 1790 ,
2906 1744 3029 1784 cum
3083 1732 3253 1785 homo
3290 1735 3383 1800 sit,
3416 1752 3526 1790 non

275 1816 566 1885 ἄνθρωπος
598 1814 672 1868 ὢν
703 1818 764 1869 ού
798 1818 976 1885 πάντη
1022 1820 1151 1887 περὶ
1195 1818 1295 1891 τὴν
1327 1822 1637 1893 συνείδησιν
1666 1824 1850 1896 ὑγιὴς,
1886 1855 1927 1913 Β
1954 1828 1968 1867 ε

1832 1864 1850 1890 ,
1886 1855 1927 1913 Β
1954 1823 2039 1867 est
2066 1828 2096 1867 ιι
2126 1814 2478 1871 conscientize
2501 1817 2624 1872 labe
2650 1819 2942 1889 immunis,
2974 1838 3106 1895 ergo
3132 1828 3334 1895 poterit
3359 1829 3523 1883 etiam

272 1906 385 1976 ἄρα
418 1907 644 1961 δύναται
677 1908 773 1961 καὶ
801 1910 930 1977 περὶ
954 1909 1053 1978 τὴν
1087 1909 1272 1964 πίστιν
1300 1912 1617 1983 ἀσθενῆσαι.

349 2001 552 2070 Τρίτον
577 2016 591 2030 ·
628 2001 704 2054 Τὸ
730 2003 862 2071 περὶ
893 2003 992 2072 τὴν
1046 2004 1356 2076 συνείδησιν
1388 2006 1727 2076 ἁμαρτάνειν
1774 2005 1851 2063 εῖ-

274 2092 367 2156 δςς
398 2094 591 2157 ἁυετας
620 2094 762 2158 ἐστὶ,
799 2097 939 2149 κατὰ
972 2097 1184 2151 Παῦλον
1206 2114 1221 2130 ·
1259 2098 1399 2152 ἀλλὰ
1436 2099 1547 2169 μὴν
1576 2101 1848 2172 ἐνδέχεται

270 2186 371 2238 τὸν
427 2187 616 2240 πὰπαν
667 2189 811 2242 κατὰ
865 2189 967 2258 τὴν
1017 2190 1328 2262 συνείδησιν
1389 2192 1690 2264 ἁμαρτεῖν,
1740 2195 1849 2265 ἄρα

272 2277 461 2346 ἔργοις
502 2279 693 2332 ἁθεῖαν
738 2281 936 2334 νοσεῖν.
963 2281 1024 2334 Εί
1070 2282 1126 2336 δὲ
1172 2282 1359 2351 ἔργοις
1403 2284 1631 2340 δύναται
1662 2289 1848 2357 ἀρνεῖ-

277 2369 405 2421 σθαι
454 2371 548 2421 τὸν
577 2370 729 2435 Θεὸν,
755 2371 983 2425 δύναται
1027 2375 1122 2427 καὶ
1148 2374 1329 2442 λόγοις
1349 2391 1364 2405 ’
1393 2375 1594 2444 ψεῦδος
1636 2377 1844 2445 λοιπὸν,

269 2462 351 2525 ὡς
379 2462 641 2517 ἀδύνατον
663 2464 754 2518 τὸν
784 2464 976 2519 πάπαν
1003 2466 1114 2519 τῶν
1144 2467 1323 2536 ὀρθῶν
1354 2470 1614 2523 ἐκπεσεῖν
1645 2470 1846 2542 δογμάο

275 2568 409 2608 των.

361 2647 604 2718 Ἀπαντᾷ
644 2648 782 2719 πρὸς
816 2648 996 2704 ταῦτὰ
1038 2667 1133 2702 σου
1165 2651 1234 2705 τὰ
1287 2654 1602 2724 σοφίσματα
1648 2659 1682 2727 ἡ
1711 2658 1844 2727 ἁγία

274 2739 509 2809 τετάρτη
541 2740 755 2804 σύνοδος
784 2743 840 2794 ἐν
866 2744 933 2812 τῇ
966 2743 1103 2811 πρὸς
1147 2744 1353 2798 Λέοντα
1386 2747 1476 2799 τὸν
1503 2748 1693 2800 πάπαν
1726 2752 1845 2801 ἐπι-

271 2829 437 2899 στολῇ
464 2847 478 2858 ·
514 2832 651 2900 πρὸς
692 2835 790 2901 μὲν
816 2834 877 2886 τὸ
913 2834 1132 2904 πρῶτον
1163 2837 1222 2889 ὲν
1259 2833 1341 2900 οἷς
1372 2838 1546 2908 λέγει,
1573 2841 1655 2894 ὅτι
1690 2841 1845 2897 Λέων

273 2921 376 2991 τὴν
435 2922 622 2975 πίστιν
692 2924 883 2995 ὥσπερ
939 2929 1150 2997 χρυσῆν
1204 2931 1395 3001 σειρὰν
1464 2940 1843 3006 καταγομένην

267 3012 585 3081 διεφύλαξε,
629 3016 797 3069 πᾶσιν
843 3017 1117 3089 ἑρμηνεὺς
1172 3022 1461 3091 γενόμενος
1514 3026 1613 3095 τῆς
1660 3012 1851 3097 quovis

274 3103 370 3155 τοῦ
402 3107 674 3175 μακαρίου
709 3106 917 3176 Πέτρου
940 3149 957 3174 ,
984 3110 1077 3162 καὶ
1118 3110 1203 3163 ὅτι
1237 3112 1430 3167 τοῦτον
1459 3116 1558 3187 τῆς
1604 3120 1843 3182 πίστεως

1956 1901 2134 1959 facere
2167 1905 2507 1977 naufragium
2536 1908 2662 1965 fidei

2027 1994 2297 2062 Tertium,
2331 2000 2687 2056 conscientia:
2718 2004 2869 2073 lapsu
2917 2022 3168 2075 peccare,
3199 2026 3371 2080 genus
3405 2012 3528 2066 inti-

1955 2089 2198 2145 delitatis
2219 2092 2472 2163 estjnxta
2497 2095 2724 2150 Paulum
2748 2114 2763 2162 ;
2785 2108 2837 2152 at
2854 2114 2995 2169 papa
3024 2109 3203 2171 potest
3233 2098 3526 2160 censcien-

1958 2180 2047 2235 tia:
2076 2182 2233 2251 lapsu
2274 2200 2525 2255 peccare,
2552 2202 2684 2258 ergo
2723 2199 2778 2244 et
2814 2190 3065 2246 laborare
3097 2194 3203 2249 hoc
3227 2196 3525 2252 inﬁdelita-

1953 2272 2024 2327 tis
2053 2287 2277 2343 genere,
2313 2276 2573 2333 nimirum
2610 2294 2707 2349 per
2756 2297 2922 2350 prava
2961 2300 3149 2354 opera.
3207 2287 3311 2342 Sed
3342 2289 3386 2343 si
3423 2306 3524 2360 po-

1955 2374 2063 2420 test
2109 2368 2374 2437 operibus
2432 2386 2633 2441 negare
2700 2373 2891 2441 Deum,
2948 2380 3151 2446 poterit
3185 2389 3239 2440 et
3296 2382 3520 2437 verbis:

1948 2460 2152 2517 falsum
2184 2462 2352 2535 igitur
2376 2478 2480 2533 eet,
2512 2468 2628 2524 fieri
2658 2486 2768 2525 non
2797 2486 2961 2542 posse
3013 2482 3072 2527 ut
3109 2482 3246 2544 papa
3279 2488 3430 2534 erret
3464 2479 3517 2533 iu

1953 2552 2078 2608 fide.

2023 2649 2103 2703 Ad
2146 2649 2262 2706 hmo
2288 2653 2581 2721 respondet
2638 2668 2822 2713 sancta
2890 2659 3133 2730 synodus
3194 2671 3391 2731 quarta
3458 2664 3514 2718 in

1950 2742 2182 2811 epistola
2212 2742 2279 2795 ad
2313 2742 2551 2799 Leonem
2582 2762 2803 2816 papam.
2836 2750 2914 2803 Ad
2950 2753 3210 2819 primum,
3237 2756 3364 2807 dum
3395 2755 3475 2808 ait
3504 2777 3515 2809 :

1950 2833 2107 2899 Quod
2136 2834 2248 2889 Leo
2280 2835 2440 2890 ﬁdem
2475 2839 2767 2894 deductam
2799 2843 2965 2897 veluti
3006 2860 3227 2899 auream
3267 2856 3518 2901 catenam

1949 2927 2211 2992 servavit,
2243 2931 2578 2985 constitutus
2604 2932 2859 2987 omnibus
2887 2933 3163 3004 interpres
3194 2939 3343 2993 vocis
3377 2940 3519 2995 beati

1952 3016 2137 3083 Petri;
2186 3020 2444 3089 quodque
2490 3023 2632 3079 hanc
2674 3024 2799 3081 fidei
2847 3027 3219 3085 ha-reditatem
3279 3034 3521 3103 synodus

1950 3109 2183 3163 ostendit
2226 3110 2487 3168 Ecclesiae
2532 3115 2677 3182 filiis,
2717 3133 2811 3173 usa
2858 3118 2987 3174 boni
3024 3122 3162 3176 duce
3199 3135 3255 3178 et
3291 3138 3519 3183 auctore

274 3197 368 3249 τὸν
402 3198 603 3267 κλῆρον
638 3198 838 3265 ἔδειξεν
864 3202 899 3268 ή
945 3202 1163 3265 σύνοδος
1195 3206 1308 3266 τοῖς
1348 3207 1558 3269 τέκνοις
1597 3208 1696 3279 τῆς
1725 3210 1850 3263 Ἐκ·
1874 3207 1919 3271 C
1951 3211 1967 3265 1

1822 3239 1850 3249 -
1874 3207 1919 3271 C
1951 3211 2113 3265 papa.
2152 3197 2361 3267 Lapsus
2410 3204 2633 3270 quidem
2683 3217 2766 3260 est
2798 3208 3014 3272 Petrus,
3050 3211 3304 3268 Christus
3335 3226 3514 3272 tamen

276 3288 506 3359 κλησίας
553 3290 783 3361 ἀρχηγῷ
818 3291 913 3344 τοῦ
960 3291 1128 3347 καλοῦ
1177 3297 1510 3367 χρησαμένη
1538 3298 1617 3370 τῷ
1656 3300 1845 3373 πάπᾳ·

274 3380 566 3434 πέπτωκεν
608 3385 642 3435 6
688 3382 915 3451 Πέτρος,
944 3384 1087 3437 ἁλλὰ
1135 3386 1274 3455 πρὸς
1322 3388 1483 3442 αὐτὸν
1510 3389 1538 3441 6
1571 3391 1806 3462 Χριστός
1830 3408 1845 3424 ⁸

272 3472 381 3525 Καὶ
416 3473 499 3526 σύ
540 3486 687 3525 ποτε
728 3473 1105 3544 ἐπιστρέψας
1158 3477 1452 3547 στήριξον
1484 3480 1626 3548 τοὺς
1672 3482 1845 3538 ἀδελ-

271 3564 429 3631 φούς
456 3580 594 3618 σου.
636 3565 808 3636 Εἴπερ
834 3566 867 3635 ἡ
897 3566 1026 3634 ἁγία
1068 3568 1284 3630 σύνοδος
1316 3571 1381 3622 ὲκ
1412 3573 1510 3640 τῆς
1546 3574 1731 3643 φωνῆς
1752 3575 1845 3628 τοῦ

277 3658 433 3709 πὰπα
460 3656 628 3721 ἔδειξε
657 3658 758 3729 τὴν
782 3659 963 3711 πίστιν
994 3662 1111 3722 τοῖς
1135 3660 1344 3725 τέκνοις
1372 3663 1467 3733 τῆς
1488 3663 1843 3736 Ἐκκλησίας,

269 3751 423 3812 ἐστιν
454 3749 562 3817 ἄρα
592 3753 618 3803 6
651 3751 865 3816 πὰπας,
916 3753 1057 3806 κατά
1085 3754 1185 3825 τὴν
1215 3753 1377 3822 ἁγίαν
1405 3757 1645 3823 σύνοδον,
1673 3760 1846 3830 ἑρμη-

274 3842 397 3904 νεὺς
425 3842 523 3905 τῆς
558 3842 746 3912 φωνῆς
795 3842 891 3896 τοῦ
927 3846 1204 3912 μακαρίου
1243 3847 1453 3918 Πέτρου
1498 3851 1845 3919 στηρίζοντος

266 3932 397 3995 τοὺς
435 3934 700 4003 ἁδεὶφοὺς
733 3938 827 3988 καὶ
865 3935 934 3989 τὰ
983 3936 1151 3989 τέκνα
1181 3936 1282 4006 τῆς
1305 3939 1659 4011 Ἐκκλησίας.
1698 3944 1758 3996 Εἰ
1788 3944 1845 3998 δὲ

269 4024 451 4091 τοῦτο,
483 4029 512 4079 6
561 4028 744 4090 πὰπας
786 4021 820 4102 ᾗ
853 4027 1039 4091 πάπας
1073 4029 1347 4099 ἑρμηνεύς
1393 4033 1511 4085 ἑστι
1547 4037 1644 4088 καὶ
1669 4036 1846 4089 διάδο-

274 4132 366 4183 χος
395 4114 488 4168 τοῦ
521 4116 751 4186 Πέτρου,
774 4118 842 4170 οὐ
881 4116 1020 4171 καθὸ
1057 4120 1263 4183 ἐκεῖνος
1297 4120 1629 4193 ἀνθρωπίνῳ
1677 4125 1842 4179 ἁσθε-

1950 3289 2017 3342 ad
2051 3292 2256 3360 ipsum,
2295 3292 2363 3345 Et
2397 3302 2475 3359 tu,
2516 3298 2712 3367 inquit,
2761 3302 3051 3372 aliquando
3081 3324 3359 3365 conversus
3386 3330 3515 3367 con-

1949 3382 2105 3449 ﬁrma
2155 3383 2348 3452 fratres
2402 3397 2514 3441 tuos
2545 3389 2587 3442 '.
2638 3389 2696 3445 Si
2756 3404 2942 3448 sancta
2992 3399 3232 3468 synodus
3272 3417 3338 3456 ex
3381 3420 3516 3459 voco

1951 3490 2102 3545 papa:
2134 3479 2379 3533 ostendit
2414 3481 2575 3537 fidem
2620 3484 2881 3542 Ecclesiae
2917 3490 3063 3554 ﬁliis,
3096 3508 3236 3562 papa
3268 3510 3364 3564 per
3390 3513 3515 3552 sau-

1947 3575 2090 3620 ctam
2124 3571 2390 3639 synodum
2428 3584 2513 3628 est
2553 3574 2823 3645 interpres
2856 3580 3002 3633 vocis
3031 3584 3170 3636 beati
3204 3583 3346 3639 Petri
3378 3605 3511 3642 eon-

1950 3656 2216 3715 firmantis
2261 3661 2458 3716 fratres
2502 3673 2558 3718 et
2608 3664 2747 3722 filios
2795 3668 3069 3725 Ecclesire.
3105 3671 3245 3743 Ergo
3278 3691 3413 3746 papa
3454 3689 3512 3732 ut

1950 3764 2089 3820 papa
2126 3751 2398 3822 interpres
2433 3765 2515 3810 est
2554 3768 2609 3811 et
2653 3774 2939 3814 successor
2970 3760 3139 3829 Petri,
3180 3781 3285 3820 non
3323 3777 3381 3821 ut
3412 3769 3513 3823 hu-

1949 3857 2109 3894 mana
2143 3843 2233 3899 ille
2266 3843 2561 3915 fragilitate
2592 3848 2777 3918 lapsus
2804 3860 2908 3916 est,
2940 3852 3035 3906 sed
3067 3869 3129 3907 ea
3161 3856 3372 3913 ratione
3404 3874 3509 3929 qua

1947 3932 2144 3991 fratres
2195 3938 2483 3993 confirmat
2528 3955 2626 4010 per
2680 3944 3079 4002 confessionem
3141 3960 3306 4006 rectae
3362 3955 3507 4011 fidei.

1948 4027 2055 4082 Sed
2083 4029 2189 4084 hoc
2216 4045 2377 4086 sensu
2408 4048 2514 4087 non
2541 4044 2763 4104 poterat
2786 4053 2973 4093 errare
3005 4040 3221 4109 Petrus,
3247 4046 3507 4114 quoniam

1947 4120 2283 4190 impossibile
2311 4133 2395 4177 est
2427 4123 2719 4183 Veritatem
2752 4130 2994 4185 mentiri.
3029 4131 3213 4203 Itaque
3249 4152 3370 4191 cum
3405 4138 3507 4194 du-

268 4206 390 4276 νείᾳ.
445 4208 757 4271 πέπτωκεν,
785 4207 924 4260 ἁλλὰ
953 4208 1090 4261 καθὸ
1120 4212 1247 4273 τοὺς
1296 4212 1562 4282 ἀδελφοὺς
1598 4216 1841 4285 στηρίξει
1942 4226 1961 4280 ι

1811 4235 1841 4269 ει
1942 4211 2159 4280 pliciter
2209 4213 2403 4270 Petrus
2441 4219 2843 4285 consideretur,
2892 4232 2949 4276 ut
2985 4239 3153 4291 purus
3195 4228 3378 4292 homo,
3419 4240 3504 4283 ut-

269 4298 336 4364 τῇ
387 4295 647 4364 ὁμολογέειν⁵
696 4296 794 4364 τῆς
836 4295 1012 4366 ὀρθῆς
1066 4299 1326 4362 πίστεως.
1358 4302 1516 4355 Κατὰ
1550 4303 1629 4356 δὲ
1683 4306 1841 4359 τοῦτο
1941 4318 1962 4358 ί

1812 4323 1841 4359 ο
1941 4318 2049 4372 que
2095 4305 2349 4378 mandato
2386 4306 2590 4363 Christi
2632 4310 2829 4366 fratres
2874 4316 3230 4385 conlirmans,
3276 4331 3331 4376 et
3369 4339 3503 4393 papa

267 4384 532 4439 ἀδύνατον
585 4389 771 4439 πεσεῖν
817 4405 948 4441 ποτε
974 4390 1067 4442 τὸν
1111 4391 1341 4461 Πέτρον,
1371 4396 1530 4463 εἴπερ
1575 4396 1841 4451 ἀδύνατον
1941 4408 1960 4448 ε

1812 4416 1841 4451 ν
1941 4396 2201 4450 succedat
2243 4398 2405 4452 Petro
2445 4400 2597 4471 juxta
2645 4415 2887 4458 sanctam
2938 4408 3229 4478 synodum,
3269 4384 3386 4467 hoc-
3420 4384 3505 4469 sie-

258 4478 574 4544 ψεύσασοαι
600 4478 702 4550 τὴν
732 4478 1016 4549 ἀλήθειαν.
1049 4480 1213 4535 Ὥστε
1238 4484 1429 4547 διττῶς
1458 4486 1835 4554 θεωρουμένου

1943 4489 2126 4541 eundo
2159 4491 2344 4555 modo,
2375 4500 2526 4544 tuum
2556 4496 2835 4563 sephisma
2866 4498 3100 4553 dilutum
3135 4510 3217 4555 est
3248 4519 3262 4556 :
3298 4504 3506 4575 Lapsus

264 4566 361 4623 τοῦ
420 4574 659 4642 Πέτρου,
712 4574 810 4626 καὶ
856 4573 939 4635 ὡς
991 4573 1152 4643 ψιλοῦ
1219 4576 1547 4647 ἀνθρώπου,
1602 4584 1697 4634 καὶ
1759 4582 1838 4645 ὡς
1871 4566 1957 4631 υ(

1811 4600 1838 4645 ς
1871 4566 1915 4600 υ
1943 4586 2030 4632 est
2065 4577 2280 4643 Petrus.
2321 4596 2452 4650 ergo
2484 4591 2540 4636 et
2573 4600 2729 4653 papa.
2776 4586 2930 4643 Sicut
2973 4592 3119 4647 enim
3166 4566 3503 4664 impossibile

265 4664 656 4732 προστάγματι
695 4662 792 4716 τιιῦ
820 4664 1059 4733 Χριστοῦ
1085 4668 1215 4729 τοὺς
1259 4668 1524 4737 ἀδελφοὺς
1556 4672 1835 4741 στηρίζον-

1940 4681 2048 4736 est,
2081 4682 2205 4742 post
2235 4675 2549 4729 mandatum
2584 4689 2639 4732 et
2663 4695 2855 4747 preces
2892 4681 3124 4750 Christi,
3164 4698 3222 4741 ut
3260 4704 3368 4742 non
3408 4692 3500 4744 de-

261 4771 377 4817 τος,
413 4757 507 4809 καὶ
540 4754 636 4808 τοῦ
677 4757 842 4810 πάπα
881 4757 1270 4827 διαδεχομένου
1297 4762 1390 4812 τὸν
1424 4761 1656 4831 Πέτρον,
1688 4766 1828 4817 κατὰ
1940 4764 1954 4815 f

1808 4766 1828 4817 ὶ
1940 4763 2087 4817 ficiat
2130 4764 2265 4820 fides
2306 4767 2441 4837 ejus,
2484 4768 2591 4823 labi
2643 4769 2888 4841 Petrum,
2927 4775 2998 4831 ita
3037 4778 3203 4832 etiam
3250 4781 3501 4851 impossr-

259 4848 363 4915 τὴν
407 4847 568 4915 ἁγίαν
597 4847 836 4914 σύνοδον,
887 4847 967 4916 τῷ
999 4864 1062 4915 γε
1100 4850 1339 4922 δευτέρῳ
1398 4853 1573 4918 τούτῳ
1618 4854 1826 4927 τρόπῳ,

1937 4858 2046 4913 bile
2078 4868 2163 4913 est
2197 4860 2305 4914 labi
2340 4876 2557 4931 papam.

262 4937 680 4991 ἁπεσκέδασταί
709 4956 802 4991 σου
830 4938 892 4992 τὸ
919 4940 1179 5009 σόφισμαι
1215 4944 1476 4997 Πέπτωκε
1502 4946 1726 5014 Πέτρος,
1748 4953 1855 5022 ἄρα
1883 4954 1976 5007 καὶ
1998 4954 2025 5005 6
2046 4956 2258 5017 πὰπαςο
2280 4954 2469 5026 ὥσπερ
2497 4958 2601 5027 γὰρ
2621 4960 2905 5025 ἀδύνατον,
2920 4965 3058 5030 μετᾶ
3078 4966 3137 5017 τὸ
3168 4968 3500 5041 πρόσταγμα

260 5032 358 5085 ’τιοῦ
408 5034 644 5104 Χριστοῦ
693 5035 785 5086 καὶ
829 5035 928 5103 τὴν
992 5034 1177 5104 δέησιν
1211 5035 1307 5089 τοῦ
1364 5039 1575 5109 μήποτε
1626 5044 1874 5115 έκλεῑψαι
1942 5046 2040 5118 τὴν
2094 5048 2301 5117 Πέτρου
2368 5053 2583 5117 πίστιν,
2643 5056 2830 5107 πεσεῖν
2881 5058 2973 5108 τὸν
3028 5059 3265 5130 Πέτρον,
3324 5065 3499 5129 οὓτως

262 5129 523 5181 ἀδύνατον
552 5130 739 5181 πεσεῖν
765 5130 859 5181 καὶ
894 5129 986 5182 τὸν
1019 5131 1231 5186 πάπαν.

333 5220 408 5270 Τὸ
440 5217 693 5287 δεύτερον
720 5218 961 5288 σόφισμα
987 5220 1167 5290 πάσης
1191 5222 1419 5286 ἀτοπίας
1449 5225 1629 5294 γέμει.
1664 5230 1828 5299 Λέγει

2002 5230 2320 5286 Secundum
2361 5233 2639 5301 sephisma
2675 5245 2875 5305 quanta
2916 5241 3251 5300 absurditate
3288 5256 3493 5306 scatet!

259 5310 512 5379 Τιμοθέῳ
537 5312 564 5361 6
597 5310 869 5380 μακάριος
901 5312 1134 5375 Παῦλος,
1166 5316 1248 5367 ὅτι
1279 5319 1637 5389 ἀπωσάμενοί
1684 5342 1827 5387 τινες
1935 5324 1952 5377 ξ

1801 5342 1827 5387 ς
1935 5324 2139 5378 Scribit
2185 5325 2389 5378 Paulus
2437 5326 2748 5393 Timotheo,
2794 5332 3025 5395 multos,
3081 5338 3294 5405 repulsa
3356 5342 3494 5398 bona

253 5401 356 5469 τὴν
381 5399 592 5469 ἀγαθὴν
625 5400 930 5470 συνείδησιν
953 5402 1307 5477 ἐναυάγησαν
1337 5413 1467 5480 περὶ
1497 5413 1597 5484 τὴν
1624 5416 1823 5470 πίστιν-

1932 5415 2297 5476 conscientia,
2327 5418 2679 5487 nanfragatos
2701 5436 2818 5475 csse
2849 5423 2900 5475 in
2932 5426 3053 5479 fide.
3085 5427 3228 5498 Ergo
3254 5440 3307 5485 et
3334 5450 3491 5503 papa.

255 5494 366 5562 ἄρα
398 5491 491 5542 καὶ
511 5494 539 5544 ὁ
564 5491 754 5551 tritta;
787 5492 1085 5562 δυνάμενος
1111 5501 1436 5557 ἀπώσασθαι
1461 5504 1559 5573 τὴν
1584 5509 1826 5578 συνείδη-
1928 5521 1948 5558 ι

1801 5538 1826 5549 -
1928 5521 2055 5559 cum
2098 5510 2271 5575 possit
2321 5511 2585 5578 repellere
2628 5513 2823 5566 bonam
2874 5518 3285 5580 conscientiam.
3318 5539 3494 5595 potest

255 5601 365 5649 σιν,
403 5584 627 5637 δύναται
656 5586 959 5653 ναυαγῆσαι
998 5591 1093 5640 καί
1139 5593 1267 5661 περὶ
1316 5596 1417 5664 τὴν
1480 5598 1681 5652 πίστιν.
1749 5602 1822 5653 Ού
1931 5613 1948 5651 ι

434 5672 459 5686 ηρ
545 5664 570 5683 τ
614 5672 639 5687 n
778 5675 788 5687 ο
939 5675 959 5687 ος
1200 5681 1209 5687 ι
1307 5683 1330 5687 -
1422 5686 1425 5687 ν

1800 5602 1822 5652 ύ
1931 5608 1985 5651 et
2023 5599 2072 5651 in
2104 5598 2208 5653 fide
2238 5602 2582 5671 naufragium
2617 5605 2817 5660 facere.
2855 5607 3044 5661 Nonne
3079 5612 3230 5668 vides
3265 5615 3493 5687 Apostm

256 5672 509 5740 συνορᾷς,
538 5664 583 5723 ὦ
612 5672 902 5743 θαυμάσιε,
936 5675 1017 5729 ὃτι
1078 5681 1221 5732 κατὰ
1265 5683 1371 5734 τῶν
1412 5686 1824 5757 ἑτεροδιδασκα-

326 5784 345 5814 δ
386 5783 540 5839 'l‘it.t
579 5785 661 5840 16.
738 5791 759 5821 ⁸
798 5786 929 5843 Luc.
957 5796 1086 5860 δίη,
1115 5796 1203 5850 52.

1931 5691 2041 5744 lusu
2087 5693 2154 5746 de
2207 5695 2271 5747 iis
2322 5695 2467 5763 loqui
2513 5697 2606 5764 qni
2655 5699 2842 5754 volunt
2884 5704 3227 5772 peregrinam
3277 5710 3490 5766 tradere
