4288 6358
268 360 420 426 7S3.

1550 360 1998 424 REFUTATIO
2066 332 2258 423 Nm.

3432 362 3540 426 754

269 497 456 550 μενος,
482 480 543 534 τδ
573 481 641 534 δι’
672 479 853 551 ἔργων
881 482 1302 553 πλημμελῆσαι,
1335 484 1725 553 πλημμελήσει
1752 483 1847 535 καὶ
1880 486 1924 541 A
1954 496 1962 552 ι

1845 486 1924 541 ,Α
1954 479 2201 552 peccabit
2242 487 2299 534 et
2350 480 2526 548 majus
2570 477 2758 533 verbis
2804 479 2976 533 Deum
3026 478 3294 549 negando.
3337 478 3449 532 lmo
3478 463 3538 530 ἐἰ

262 570 327 621 τὸ
357 569 568 639 μεῖζον,
596 570 659 624 τὸ
681 570 771 624 διὰ
802 570 979 638 λόγων
1005 572 1353 641 ἀρνήσασθαι
1383 572 1475 624 τὸν
1507 572 1662 625 Θεόν.
1704 570 1852 624 Μᾶλ-

264 657 359 711 λον
384 658 439 713 δέ
474 661 523 712 εί
541 662 635 714 τὸν
659 659 818 727 λόγον
847 660 1191 730 ἐφαρμόσαις
1222 660 1301 729 τῷ
1320 662 1498 731 uina,
1526 660 1749 714 δύναται
1790 659 1852 712 τὸ

263 745 429 821 ἦττον
461 750 665 813 ἐκεῖνος
767 751 987 819 μετέχει
1023 750 1239 819 φύσεως
1279 752 1729 821 ἀνθρωπίνης.οὒ
1764 753 1852 805 δύ-

266 858 429 893 ναται
453 841 732 905 παντελῶς
752 841 813 895 τὺ
842 843 1046 911 μεῖζον,
1140 844 1479 913 κληρονόμος
1530 843 1626 897 καὶ
1680 840 1855 912 φύλαξ

268 932 387 985 ἐστὶ
412 933 513 999 τῆς
538 932 774 997 πίστεως
804 934 896 987 τοῦ
949 934 1179 1006 Πέτρου.
1218 936 1291 989 Τὸ
1345 936 1401 990 δὲ
1446 936 1540 989 δύο
1586 937 1714 1007 περὶ
1762 936 1854 989 τὸν

268 1023 460 1078 πάπαν
498 1024 597 1078 Eva
626 1026 757 1079 ὄντα
784 1026 1133 1103 θεωρεῖσθαι,
1165 1028 1260 1080 καὶ
1286 1027 1450 1089 αὐτὸς
1500 1028 1566 1080 ἂν
1626 1030 1853 1097 συνομο-

268 1117 552 1187 λογήσαις,
581 1117 674 1171 δύο
697 1119 821 1171 κατ’
839 1119 1016 1189 ἀρχὰς
1032 1121 1089 1173 ἐν
1110 1120 1187 1190 τῷ
1232 1120 1391 1192 πάπα
1413 1120 1659 1189 θέμενος,
1687 1119 1747 1172 τδ
1778 1116 1855 1173 εἷο

270 1228 361 1262 ναι
389 1211 538 1280 παρὰ
592 1210 687 1263 τοῦ
746 1208 955 1279 Πέτρου
1007 1210 1226 1281 Ῥώμης
1278 1211 1596 1279 ἐπίσκοπον,
1645 1210 1856 1266 atat-td

274 1301 499 1372 πρῶτον
530 1298 666 1357 εἶναι
698 1302 807 1355 τῶν
834 1303 1011 1357 ἄλλων
1048 1305 1365 1358 ἐπισκόπων
1393 1305 1543 1372 παρὰ
1597 1304 1704 1357 τῶν
1745 1304 1855 1356 Πα-

268 1392 467 1457 τέρων.
493 1390 707 1459 Ὠσπερ
728 1387 822 1445 οὖν
852 1392 940 1456 σὺ,
974 1394 1124 1463 παρὰ
1155 1393 1363 1445 Φωτίου
1393 1393 1491 1461 τὴν
1510 1390 1855 1446 διδασκαλίαν

269 1481 475 1547 λαϐὼν,
499 1482 592 1536 δύο
618 1485 712 1536 καὶ¹
730 1483 1060 1553 ἀσύμϐλητα
1088 1485 1143 1536 ἐν
1168 1483 1244 1553 τῷ
1262 1486 1344 1543 ἐνὶ
1368 1485 1529 1556 πάπᾳ
1545 1483 1852 1553 ὁμολογεῖς,

268 1576 330 1626 τδ
363 1574 466 1644 μὶν
514 1574 766 1645 μερικδν,
800 1576 859 1628 τὸ
888 1575 944 1628 δὲ
981 1575 1211 1627 καθόλου
1248 1590 1262 1606 ο
1293 1575 1353 1628 τδ
1386 1577 1487 1644 μὲν
1530 1574 1748 1645 κτηθέν,
1796 1575 1856 1625 τὸ

267 1665 325 1717 δὲ
349 1667 695 1737 προσκτηθέν
729 1683 742 1696 ·
781 1666 840 1720 τὸ
876 1667 973 1735 μὲν
999 1666 1085 1719 διὰ
1124 1667 1184 1720 τὸ
1237 1668 1425 1736 κλίμα,
1457 1670 1517 1721 τὸ
1554 1667 1610 1718 δέ
1644 1666 1729 1719 διὰ
1759 1666 1856 1734 τὴν

269 1758 424 1823 τάξιν
457 1773 470 1787 ·
503 1757 645 1811 οὕτω
677 1759 769 1811 καὶ
805 1761 967 1826 ἡμεῖς
991 1761 1102 1822 τοῖς
1136 1761 1538 1829 εύαγγελικοῖς,
1567 1760 1662 1813 καὶ
1712 1759 1854 1812 ἀπο-

1957 588 2111 643 papae
2169 580 2555 643 argumentum
2616 570 3156 631 accommodaveris.
3211 581 3390 641 potest
3452 573 3544 625 ille

1957 664 2181 735 quidem
2236 664 2423 718 minus
2480 672 2669 733 utpote
2722 674 2919 717 natura
2974 674 3236 717 constans
3279 664 3542 729 humana,

1957 756 2135 825 majus
2165 758 2347 809 autem
2393 754 2548 808 nullo
2596 754 2759 807 modo
2801 762 2980 821 potest
3010 769 3120 823 qua
3156 754 3333 809 hteres
3367 766 3451 810 est
3488 768 3545 810 et

1957 854 2143 903 custos
2174 846 2301 901 ﬁdei
2333 847 2503 901 Petri.
2530 844 2686 911 Quod
2715 861 2850 900 vero
2884 846 2938 900 in
2977 860 3086 901 uno
3118 863 3254 918 papa
3287 849 3544 902 conside-

1957 947 2150 993 rentur
2170 938 2301 1003 duo,
2326 945 2383 991 tu
2406 952 2628 1007 quoque
2661 936 2924 993 fateberis
2958 938 3053 1008 qui
3092 939 3200 992 duo
3222 940 3450 1008 posuisti
3493 942 3544 993 in

1957 1045 2120 1100 papa,
2150 1028 2299 1099 quod
2336 1028 2521 1083 Romae
2558 1030 2630 1082 sit
2664 1030 2961 1099 episcopus
2995 1046 3023 1082 a
3055 1030 3242 1095 Petro,
3287 1032 3546 1101 quodque

1957 1129 2284 1176 czctcrorum
2344 1120 2731 1189 episcoporum
2788 1121 2859 1176 sit
2909 1120 3119 1192 primus
3176 1138 3206 1176 a
3262 1122 3542 1177 Patribus.

1959 1213 2117 1268 Sicut
2158 1228 2290 1293 ergo
2324 1222 2380 1266 tu
2417 1230 2446 1267 a
2489 1213 2687 1268 Photio
2722 1212 2973 1274 edoctus.
3008 1214 3118 1269 duo
3165 1222 3221 1268 et
3265 1230 3375 1268 non
3413 1231 3547 1269 con-

1960 1304 2186 1360 ferenda
2239 1304 2427 1360 lateris
2478 1306 2532 1359 in
2586 1320 2698 1359 uno
2754 1321 2916 1376 papa,
2958 1322 3126 1360 unum
3186 1307 3541 1375 particularc.

1957 1398 2191 1451 alterum
2246 1397 2594 1465 universale;
2649 1412 2820 1451 unum
2885 1397 3205 1452 haereditate
3264 1399 3540 1461 relictum,

1958 1490 2193 1545 alterum
2232 1489 2537 1557 additum;
2581 1506 2752 1545 unum
2799 1500 3024 1560 prapter
3074 1490 3260 1553 clima,
3312 1492 3546 1545 alterum

1958 1593 2190 1652 propter
2238 1584 2489 1639 ordinem
2527 1601 2541 1636 :
2576 1584 2651 1637 ita
2701 1600 2804 1638 nos
2855 1584 3194 1654 evangelica,
3241 1584 3545 1654 apostolica

1959 1684 2016 1729 ct
2057 1674 2315 1745 synodica
2350 1684 2651 1743 sequentes
2682 1675 2959 1746 dogmata,
2990 1675 3406 1729 consideramus
3435 1675 3548 1729 duo

1963 1767 2017 1821 in
2052 1784 2211 1838 papa,
2242 1769 2387 1838 quod
2425 1769 2493 1823 sit
2529 1769 2717 1832 homo,
2749 1779 2936 1823 nostra
2980 1778 3037 1823 et
3078 1770 3193 1838 ipse
3232 1769 3547 1825 circumda-

269 1819 559 1910 στόλικοίς,
598 1854 695 1903 καὶ
721 1819 1024 1914 συιοδικοϊς
1047 1819 1305 1921 ἑσπόμενοι
1342 1819 1575 1922 δόγμασι
1604 1851 1698 1905 δύο
1727 1852 1856 1921 περὶ
1888 1819 1931 1880 Β

1853 1892 1856 1902 ι
1888 1819 1931 1880 Β
1963 1871 2052 1915 tus
2091 1861 2454 1925 inﬁrmitate;
2491 1872 2545 1915 ct
2590 1862 2663 1915 sit
2694 1871 2956 1931 praeterea
3002 1861 3149 1916 Petri
3185 1862 3336 1916 vocis
3376 1861 3546 1915 inter-

266 1940 362 1993 τὸν
391 1942 485 1993 ἕνα
518 1940 855 2010 θεωροῦμεν,
878 1943 940 1995 τὸ
980 1937 1120 1996 εἶναι
1153 1943 1246 1996 τὸν
1284 1944 1472 1997 πὰπαν
1546 1945 1642 1997 καὶ
1696 1945 1857 1996 αὐτὸν

268 2028 581 2099 ἄνθρωπον,
617 2031 714 2100 τὴν
776 2033 1051 2103 ἡμετέραν
1116 2033 1402 2087 ἀσθένειαν
1447 2034 1856 2104 περικείμενον,

267 2123 367 2174 καὶ
389 2124 450 2175 τὸ
480 2118 616 2177 εἶναι
648 2126 899 2195 ἑρμηνέα
956 2125 1055 2195 τῆς
1106 2127 1291 2197 φωνῆς
1334 2126 1431 2180 τοῦ
1480 2126 1710 2197 Πέτρου,
1762 2126 1858 2181 καὶ

268 2215 611 2286 κληρονόμον
631 2216 730 2286 τῆς
759 2217 970 2271 ἐκείνου
1008 2218 1267 2283 πίστεως.
1320 2221 1476 2273 Ἐπεὶ
1506 2220 1563 2272 δέ
1590 2220 1765 2274 ταῦτα
1789 2222 1856 2273 τὰ

265 2308 360 2361 δύο
390 2309 621 2379 διάᾳορα
650 2311 743 2362 καὶ
775 2310 1121 2383 ἀσύμὸλητα,
1150 2312 1434 2377 ἐξασθενεῖ
1461 2314 1569 2367 τῶν
1603 2315 1712 2366 σῶν
1734 2317 1856 2367 ἐπι-

268 2404 626 2473 χειρημάτων
657 2407 690 2475 ἡ
718 2404 969 2476 δύναμις,
1007 2408 1069 2457 ὲκ
1103 2406 1332 2477 θατέρου
1360 2408 1439 2469 εἰς
1489 2407 1715 2477 θάτερον
1765 2425 1859 2477 με-

270 2494 646 2557 ταπίπτουσα,
675 2495 771 2547 καὶ
803 2497 1159 2564 ἀπονέμουσα
1191 2498 1251 2549 τὸ
1288 2498 1559 2551 πτωτικδν
1605 2499 1703 2568 τῆς
1758 2500 1855 2551 ἀν-

270 2586 621 2656 θρωπῶητος
694 2586 771 2658 τῷ
839 2589 1075 2656 ἁπτώτῳ
1154 2590 1252 2658 τῆς
1316 2590 1468 2655 ἀξίας
1504 2606 1519 2620 σ
1579 2592 1673 2643 καὶ
1719 2591 1856 2654 ὅλως

269 2680 608 2748 ἁμαρτάνεις
637 2680 756 2734 κατ’
778 2681 985 2734 ἐκείνου
1026 2681 1111 2734 ιοῦ
1144 2682 1385 2747 κανόνος,
1418 2683 1523 2734 ὂνὸ
1557 2681 1853 2750 Φιλόσοφος

269 2770 328 2822 ἐν
362 2771 437 2839 τῷ
461 2772 597 2838 Περὶ
628 2772 945 2842 ἑρμηνείας
967 2774 1209 2827 διδάσκει
1229 2791 1244 2806 ’
1277 2775 1464 2826 Ἔστιν
1498 2777 1525 2827 ὁ
1551 2776 1698 2826 δεῖνα
1725 2778 1854 2841 αγαο

271 2863 385 2927 θὸς,
414 2865 507 2916 καὶ
543 2866 798 2929 σκυτεὺς,
830 2865 942 2917 ἀλλ’
972 2865 1094 2935 οὐχὶ
1138 2865 1226 2919 διὰ
1273 2865 1431 2920 τοῦτο
1485 2870 1580 2921 καὶ
1628 2870 1856 2930 σκυτεὺς

271 2954 477 3022 ἀγαθός
502 2972 518 2987 ·
554 2956 614 3008 τὸ
646 2956 755 3027 γὰρ
785 2951 923 3010 εἶναι
956 2958 1157 3010 σκυτέα
1192 2957 1286 3009 καὶ
1306 2958 1510 3025 ἀγαθὸν
1535 2957 1676 3009 κατὰ
1717 2973 1857 3022 συμ-

273 3047 507 3118 δεὸηκδς
536 3049 935 3118 συμπλέκεται.
968 3050 1039 3101 Σὺ
1071 3049 1147 3115 δὲ,
1168 3050 1351 3116 Νεῖλε,
1375 3051 1520 3103 δύτω
1546 3049 1855 3120 συλλογίζῃο

1961 1972 2086 2024 pres
2136 1964 2193 2010 et
2246 1957 2394 2010 illius
2442 1956 2566 2009 ﬁdei
2621 1958 2816 2011 lateres.
2873 1956 2941 2009 Et
2979 1956 3240 2025 quoniam
3279 1955 3390 2010 duo
3433 1954 3546 2007 haec

1959 2047 2249 2112 differunt,
2285 2059 2457 2117 utque
2492 2064 2580 2103 res
2611 2048 2817 2102 diversi
2847 2052 3063 2119 generis
3100 2063 3208 2101 non
3244 2050 3545 2101 conferun-

1964 2147 2074 2201 tur,
2114 2140 2263 2193 cadit
2303 2148 2521 2193 tuorum
2574 2138 2745 2191 robur
2787 2146 3259 2207 argumentorum.
3292 2137 3437 2206 quod
3479 2152 3543 2190 cx

1960 2231 2135 2285 altero
2175 2230 2369 2284 transit
2402 2230 2457 2283 in
2494 2230 2754 2291 alterum,
2784 2240 2838 2284 et
2870 2229 3197 2299 labilitatem
3231 2229 3546 2282 humanita-

1963 2324 2032 2379 tis
2079 2324 2275 2377 tribuit
2320 2323 2618 2377 illahilitati
2661 2322 2966 2393 dignitatis.
3012 2322 3252 2377 Omnino
3291 2323 3438 2376 enim
3486 2333 3544 2375 tu

1961 2424 2153 2470 contra
2188 2415 2334 2469 illam
2366 2416 2611 2485 regulam
2647 2430 2861 2484 peccas,
2895 2430 3060 2484 quam
3094 2416 3260 2468 tradit
3294 2414 3544 2468 Philoso-

1962 2510 2105 2580 phus
2137 2510 2188 2563 in
2220 2511 2366 2565 libro
2396 2509 2472 2563 De
2494 2511 2928 2576 interpretatione
2950 2525 2969 2563 :
2998 2509 3089 2564 [5st
3114 2509 3313 2578 aliquis
3342 2508 3541 2573 bonus,

1960 2612 2043 2658 est
2077 2614 2131 2658 ct
2172 2617 2365 2670 sutor;
2416 2619 2524 2658 non
2576 2614 2759 2657 tamen
2808 2603 2932 2659 ideo
2963 2612 3119 2657 sutor
3158 2603 3336 2658 bonus
3368 2622 3381 2656 ε
3419 2620 3545 2658 esse

1958 2697 2107 2749 enim
2150 2696 2354 2749 bonum
2389 2705 2446 2749 ct
2474 2705 2719 2749 sutorem
2765 2695 3059 2765 conjuncta
3100 2706 3232 2749 sunt
3257 2710 3359 2764 per
3392 2697 3538 2749 acci-

1958 2788 2118 2842 dens.
2151 2788 2231 2841 Tu
2270 2803 2397 2841 vero
2444 2789 2516 2841 ita
2550 2788 2771 2857 arguis:
2816 2789 3099 2844 Romanus
3133 2788 3426 2857 episcopus
3457 2797 3543 2841 cst

1961 2880 2130 2934 homo
2165 2881 2369 2934 erroris
2404 2895 2603 2949 capax,
2631 2888 2717 2935 est
2753 2881 2921 2934 etiam
2970 2895 3106 2949 papa
3154 2878 3542 2948 episc0porum

1961 2972 2193 3041 primus,
2235 2986 2368 3041 ergo
2422 2981 2505 3026 est
2548 2988 2685 3042 papa
2731 2973 2942 3027 erroris
2992 2986 3185 3041 capax.
3236 2973 3415 3040 Atque
3468 2971 3541 3024 ita

1960 3079 2156 3133 peccas
2202 3076 2257 3118 et
2307 3076 2499 3119 contra
2547 3065 2870 3136 Philosophi
2920 3065 3200 3135 regulam,
3246 3075 3300 3118 et
3345 3073 3540 3118 contra

277 3140 513 3193 Ἕστινό
551 3139 768 3209 Ῥώμης
814 3141 1098 3212 ἄνθρωπος
1143 3142 1545 3212 ἁμαρτητικὸς,
1594 3142 1712 3195 ἐστι
1761 3144 1854 3195 καὶ
1884 3163 1970 3222 σε

1849 3182 1854 3193 ν
1884 3163 1928 3222 C
1959 3170 2178 3214 sanctos
2210 3159 2422 3227 Patres,
2459 3176 2568 3214 non
2618 3162 2794 3215 solum
2824 3175 3038 3231 quarta:
3082 3158 3277 3230 synodi
3315 3160 3368 3213 in
3419 3160 3542 3227 epi-

271 3233 484 3298 πὰπας,
519 3234 627 3303 ἄρα
661 3235 756 3287 καὶ
805 3233 1186 3303 ἀμαρτητικδς
1222 3235 1427 3297 πάπας.
1490 3234 1852 3306 Ἀμαρτὰνεις

270 3321 365 3376 οὖν
393 3325 487 3378 καὶ
524 3328 664 3381 κατὰ
692 3325 788 3379 τοῦ
815 3326 1175 3395 Φιλοσοφικοῦ
1200 3328 1444 3391 κανόνος,
1465 3328 1555 3379 καὶ
1585 3329 1720 3381 κατὰ
1739 3328 1851 3381 τῶν

272 3418 444 3484 ἁγίων
476 3419 757 3488 Πατέρων,
780 3420 926 3486 λέγω
950 3421 1015 3489 δὴ
1039 3420 1098 3474 οὐ
1124 3420 1283 3489 μόνον
1308 3419 1404 3488 τῆς
1433 3420 1699 3490 τετάρτης
1725 3438 1852 3474 συν-

271 3510 393 3562 ὁδου
425 3511 481 3561 ἐν
510 3506 588 3573 οἷς
620 3510 769 3578 λέγει
802 3512 1196 3565 ἐπιστέλλουσα
1240 3513 1318 3582 τῷ
1350 3514 1528 3582 πάπα,
1562 3513 1656 3566 καὶ
1694 3516 1751 3566 ὲν
1775 3514 1852 3583 τῷ

272 3604 713 3674 προσφωνητικῷ
751 3606 887 3676 πρὸς
942 3605 1262 3675 Μαρκιανὸν
1293 3607 1384 3660 τὸν
1426 3606 1668 3676 βασιλέα,
1713 3607 1848 3661 ἀλλὰ

273 3692 496 3755 καὶτοῖς
530 3696 708 3761 ἁγίοις
744 3698 989 3765 Πατράσι
1028 3699 1127 3767 τῆς
1156 3698 1323 3769 ἕκτης
1354 3699 1655 3767 ἀντιλέγων
1695 3701 1846 3753 συνό-

269 3788 362 3841 δου
396 3803 412 3819 ο
446 3791 505 3841 ἐν
524 3790 622 3860 μὲν
652 3790 760 3860 γὰρ
785 3792 863 3861 τῲ
886 3791 1320 3862 προσφωνητικῷ
1355 3794 1577 3862 φησινή
1643 3795 1877 3867 τετάρτη
1922 3800 2135 3863 σύνοδος
2167 3817 2183 3833 ⁸

1961 3249 2100 3304 stola
2127 3250 2193 3304 ad
2222 3266 2439 3320 papam,
2468 3261 2524 3306 et
2555 3253 2609 3305 in
2644 3251 3078 3322 Prosphonetico
3109 3251 3176 3305 ad
3202 3250 3538 3305 Marcianum

1962 3342 2393 3412 imperatorem,
2446 3345 2772 3400 sed~ctiam
2828 3355 3022 3399 contra
3072 3354 3291 3398 sanctos
3349 3345 3539 3398 Patres

1963 3444 2127 3490 sexta:
2174 3435 2407 3506 synodi.
2456 3437 2661 3502 Quarta
2709 3437 2950 3508 synodus
2996 3438 3050 3491 in
3102 3435 3539 3504 Prosphonetieo

1962 3524 2045 3578 sic
2103 3525 2326 3589 habes:
2383 3544 2401 3575 ι
2443 3525 2623 3590 Quare
2676 3525 2819 3580 Deus
2873 3523 3288 3580 insauciabilem
3346 3538 3539 3577 errore

1958 3626 2425 3686 propugnatorem
2460 3616 2623 3671 nobis
2658 3616 2919 3685 providit,
2964 3627 3019 3670 et
3056 3614 3314 3670 Romana:
3347 3615 3536 3670 Eccle-

1954 3708 2049 3763 siae
2080 3725 2271 3778 papam
2312 3712 2637 3779 praeparavit
2668 3710 2735 3764 ad
2769 3709 3079 3765 victoriam.
3121 3728 3138 3760 ι

2227 3822 2247 3854 ι
2286 3803 2449 3856 Ὅθεν
2478 3804 2719 3873 ἄτρωτον
2782 3805 2917 3873 ἡμῖν
2972 3805 3036 3857 ἐκ
3078 3802 3290 3871 πλάνης
3332 3805 3358 3855 ὁ
3399 3799 3535 3862 Θείς

269 3880 534 3952 ἐπενόησε
566 3882 869 3950 πρόμαχον,
904 3882 998 3936 καὶ
1028 3882 1122 3937 τὸν
1172 3884 1268 3952 τῆς
1345 3883 1637 3953 Ῥωμαίων
1698 3884 1835 3954 πρὸς
1876 3891 2033 3960 νίκην
2059 3892 2349 3962 εὐτρέπισε
2397 3893 2675 3962 πρόεδρον.
2704 3912 2723 3943 ι

343 3974 620 4042 ῬΔτρωτον
644 3975 707 4027 ἐκ
738 3976 945 4045 πλάνης
961 3976 1112 4044 λέγει
1142 3976 1232 4029 τὸν
1261 3976 1449 4029 πάπαν
1480 3979 1512 4047 ἡ
1553 3978 1685 4044 ἁγία
1718 3978 1840 4031 σύν-

268 4065 388 4129 οδος
416 4083 429 4095 ·
458 4066 553 4118 καὶ
593 4064 734 4137 αὕτη
773 4067 974 4138 ἑαυτὴν
1032 4066 1333 4139 ἐξηγεῖται,
1375 4070 1515 4123 κατὰ
1552 4070 1711 4123 ποίαν
1744 4087 1842 4141 ση-

270 4158 473 4226 μασίαν
503 4159 775 4227 ἐχρήσατο
803 4161 871 4229 τῇ
902 4159 1063 4223 λέξει,
1090 4162 1357 4229 ἄτρωτον,
1384 4160 1460 4223 ὡς
1506 4162 1581 4231 μὴ
1613 4162 1849 4231 τρωθέν-

264 4251 415 4318 τα,ἢ
452 4249 530 4314 ὡς
569 4249 645 4321 μὴ
683 4250 984 4325 δυνάμενον
1012 4250 1313 4322 τρωθῆναι.
1354 4252 1443 4306 Ἐν
1480 4252 1587 4323 γὰρ
1615 4254 1681 4322 τῇ
1712 4252 1851 4322 πρὸς

262 4342 358 4394 τὸν
392 4340 579 4393 πάπαν
609 4342 871 4411 ἐπιστολῇ
928 4341 1149 4409 φύλακα
1191 4341 1291 4410 τῆς
1354 4340 1592 4405 πίστεως
1639 4344 1848 4395 ἐκεῖνον

264 4435 687 4507 προσαγορεύει,
726 4434 821 4488 καὶ
851 4434 953 4488 ὅσα
978 4435 1114 4489 ἄλλα
1148 4436 1387 4505 εἴρηται.
1421 4430 1749 4489 Ούδυνατὸν
1791 4436 1847 4488 δέ

2023 3984 2191 4037 Vocat
2226 3995 2413 4039 sancta
2453 4001 2505 4056 ε)
2521 3986 2699 4039 nodus
2736 4001 2930 4055 papam
2967 3999 3157 4039 errore
3194 3985 3535 4040 insanciabi~

1952 4077 2083 4141 lem,
2117 4086 2173 4130 et
2209 4076 2323 4146 ipsa
2363 4079 2447 4132 sui
2489 4078 2762 4148 interpres
2805 4078 3049 4133 declarat
3087 4094 3195 4147 quo
3238 4093 3404 4133 sensu
3448 4081 3527 4132 lo-

1949 4175 2075 4220 cuta
2129 4167 2316 4235 fuerit,
2373 4185 2479 4223 non
2528 4171 2857 4235 sanciatum,
2895 4186 2961 4223 an
3015 4185 3120 4224 non
3171 4171 3524 4226 sauciahilcm

1946 4260 2195 4313 vocando
2241 4276 2456 4330 papam.
2495 4261 2630 4316 Nam
2674 4264 2728 4315 in
2777 4263 3011 4332 cpistola
3046 4263 3110 4317 ad
3149 4280 3362 4333 papam.
3402 4266 3525 4320 ﬁdei

1947 4352 2233 4407 custodem
2273 4355 2515 4421 appellat
2552 4354 2727 4412 illum.
2762 4364 2819 4408 et
2851 4371 3193 4424 qua-cunque
3236 4358 3339 4411 alia
3386 4358 3527 4412 dixi—

1948 4457 2071 4496 mus
2099 4459 2115 4508 ;
2148 4442 2265 4496 ﬁeri
2300 4459 2428 4497 vero
2458 4459 2564 4497 non
2598 4453 2776 4512 potest
2805 4455 2865 4498 ut
2897 4455 3083 4498 sancta
3113 4447 3357 4516 synodus
3383 4448 3525 4502 hanc

261 4530 361 4596 τὴν
391 4528 558 4595 ἁγίαν
588 4527 808 4581 σύνοδον
830 4530 1026 4582 Λέοντι
1065 4526 1318 4598 τῷᾨετα
1350 4528 1441 4581 τὶν
1488 4528 1694 4596 Πέτρον
1743 4534 1841 4597 μς¹
1877 4550 1918 4604 ο
1948 4549 1954 4584 :

1830 4534 1841 4556 '
1877 4550 1918 4604 ο
1948 4534 2390 4601 appellationem
2416 4534 2630 4589 dederit
2673 4534 2843 4589 Leoni
2881 4552 3051 4604 papae,
3088 4538 3180 4606 qui
3219 4540 3522 4608 quadrage-

261 4621 551 4691 ἐπισκόπῳ
592 4620 815 4691 Ῥώμης
852 4621 993 4673 κατά
1020 4637 1142 4673 τινα
1173 4620 1564 4688 ἁποκλήρωσιν
1621 4621 1839 4673 ἁπονεῖ·

263 4731 364 4783 μαι
391 4712 487 4783 τὴν
514 4712 891 4783 προσηγορίαν
919 4713 1147 4782 ταύτην,
1184 4711 1277 4765 καὶ
1311 4713 1372 4763 τὸ
1399 4706 1539 4764 εἶναι
1592 4712 1839 4781 ἑρμηνέα

260 4804 353 4857 καὶ⁸
386 4804 723 4874 κληρονόμον
755 4804 856 4873 τῆς
904 4804 1140 4866 πίστεως
1171 4804 1264 4856 τοῦ
1296 4804 1525 4872 Πέτρου,
1558 4803 1674 4856 ἀλλ’
1702 4803 1733 4873 ἢ
1763 4801 1837 4867 ὡς

257 4896 515 4963 τηνικάδε
552 4896 708 4965 πάπᾳ
742 4911 757 4927 ο
791 4897 840 4948 εί
869 4896 924 4948 δὲ
952 4896 1026 4958 ὡς
1058 4897 1235 4966 πάπᾳ,
1258 4896 1489 4959 ἕκαστος
1510 4896 1617 4966 ἄρα
1651 4897 1837 4959 πάπας

258 4989 325 5040 ἐκ
352 4987 556 5056 πλάνης
577 4987 839 5058 ἄτρωτος,
873 4992 970 5044 καὶ
998 4988 1176 5057 φύλαξ
1208 4989 1305 5058 τῆς
1338 4988 1593 5051 πίστεως,
1631 4989 1727 5040 καὶ
1770 4990 1838 5041 τὰ

257 5079 428 5131 λοιπά
482 5081 540 5133 Εἰ
565 5081 619 5133 δέ
643 5080 873 5144 ἕκαστος
892 5081 1137 5151 ἄτρωτος
1162 5083 1237 5144 ὠς
1263 5080 1436 5150 φύλαξ
1462 5083 1556 5135 καὶ
1580 5082 1835 5152 κληρονό-

260 5190 387 5241 μος,
414 5173 475 5225 τὸ
493 5173 738 5240 ἄτρωτος
757 5173 1012 5241 ἐμφαίνει
1033 5174 1094 5226 τδ
1116 5174 1380 5229 ἀδύνατον
1410 5176 1505 5244 τῆς
1531 5177 1786 5244 τρώσεως
1818 5192 1830 5204 ’

256 5266 434 5327 ἄλλως
465 5265 574 5334 γὰρ
607 5264 673 5318 ἂν
705 5266 821 5327 ἐνὸς
854 5260 1012 5320 πάπά
1040 5264 1339 5336 τρωθέντος
1386 5267 1619 5318 ἐπαίετο
1677 5268 1770 5318 καὶ
1802 5268 1834 5335 ή

257 5357 479 5427 φυλακή
500 5356 595 5409 καὶ
624 5358 657 5426 η
686 5356 1025 5426 κληρονομία
1051 5357 1151 5427 τῆς
1186 5358 1422 5417 πίστεως
1451 5356 1546 5410 τοῦ
1603 5359 1829 5427 Πέτρου.

257 5448 487 5504 Ποιοῦσι
517 5447 759 5503 δὲητοῦτο
787 5442 1092 5518 κατάδηλον
1125 5450 1177 5501 ol
1223 5450 1323 5518 τῆς
1389 5449 1555 5518 ἕκτης
1612 5451 1831 5502 συνόδου

256 5541 499 5612 Πατέρες
532 5541 589 5592 ἐν
650 5539 729 5610 τῷ
786 5540 1223 5611 ⁸ιτροιτιριιινητικῷ
1268 5542 1403 5612 πρδς
1463 5542 1555 5595 τὸν
1608 5542 1833 5611 βασιλέα

256 5634 687 5685 Κωνσταντῖνον.
724 5631 895 5684 Ἔνθα
921 5632 1146 5702 καθαρῷ
1193 5633 1423 5701 ὄμματι,
1458 5636 1552 5686 καὶ
1606 5634 1832 5703 μηδενὸς

260 5721 497 5794 ὕποὸολῇ
531 5712 601 5775 si
631 5724 758 5793 περὶ
791 5722 883 5775 τὸν
922 5723 1113 5777 πάπαν
1174 5724 1520 5789 σκοποῦντες,
1575 5726 1670 5777 καὶ
1712 5726 1828 5795 τὴν,

257 5819 542 5887 ἄτρωτος,
574 5815 717 5882 λέξιν
747 5816 911 5871 οἱονεὶ
945 5816 1397 5888 παραρράζοντες
1434 5818 1641 5888 ἔφασαν
1706 5836 1765 5872 πε
1780 5821 1829 5889 pi

1946 4625 2120 4678 simus
2147 4634 2332 4680 sextus
2363 4626 2467 4679 fuit
2499 4642 2527 4679 a
2564 4627 2726 4681 Petro
2756 4627 2943 4681 [toruae
2966 4629 3279 4697 episcopus,
3309 4632 3523 4699 privato

1944 4716 2180 4783 quodam
2206 4716 2364 4783 jure,
2403 4714 2545 4768 sicut
2578 4716 2742 4768 etiam
2776 4732 2898 4770 esse
2930 4717 3286 4795 interpretem
3321 4730 3374 4773 et
3407 4721 3524 4775 hae-

1945 4804 2129 4857 redem
2181 4805 2304 4857 ﬁdei
2346 4805 2525 4858 Petri:
2565 4806 2659 4859 sed
2700 4822 2767 4860 eo
2804 4810 3047 4872 nomine,
3089 4811 3216 4879 quia
3258 4828 3394 4880 papa
3430 4814 3519 4867 ille

1946 4903 2078 4949 tunc
2115 4906 2252 4949 erat.
2299 4895 2455 4961 Quod
2508 4897 2550 4950 si
2599 4898 2750 4952 dedit
2795 4909 2854 4952 ut
2899 4916 3074 4969 papze,
3112 4902 3345 4971 quisque
3388 4920 3520 4975 ergo

1944 5003 2079 5069 papa
2130 4988 2506 5041 insaueiahilis
2548 5004 2734 5043 errore
2783 4999 2868 5043 est
2909 5004 2965 5046 et
3002 4992 3123 5045 lidei
3163 5004 3368 5053 custos.
3406 5007 3516 5051 etc.

1944 5077 1998 5131 Si
2036 5094 2167 5148 ergo
2199 5080 2312 5132 hate
2345 5080 2641 5149 unicuique
2674 5097 2823 5150 papre
2854 5088 3210 5148 conveniunt,
3245 5085 3519 5140 insancia‘

1945 5172 2108 5226 bilem
2162 5173 2406 5242 synodus
2457 5172 2615 5233 dixit,
2658 5190 2764 5226 non
2822 5174 3218 5241 insanviatum;
3271 5178 3515 5248 alioquin

1943 5281 2054 5319 uno
2090 5280 2228 5335 papa
2264 5264 2533 5328 saucialo,
2563 5274 2741 5319 cessat
2770 5277 2820 5318 et
2852 5268 3100 5320 custodia
3130 5279 3182 5322 ct
3220 5270 3513 5326 haereditas

1942 5357 2065 5413 ﬁdei
2104 5358 2271 5412 Petri.
2309 5357 2536 5411 Planum
2580 5357 2684 5409 hoc
2731 5356 2940 5411 faciunt
2981 5370 3144 5413 sextae
3180 5362 3372 5431 synodi
3410 5365 3512 5417 Ρο-

1940 5460 2052 5503 tres
2084 5451 2137 5503 in
2177 5448 2613 5517 l‘rosphouetico
2648 5448 2715 5501 ad
2749 5449 3173 5506 Constantinum
3212 5454 3512 5522 imperato-

1939 5557 2052 5596 rem
2105 5541 2325 5611 quando
2379 5540 2599 5594 sincero
2646 5541 2827 5606 oculo,
2870 5550 2925 5595 et
2981 5544 3129 5595 nulla
3186 5546 3509 5616 cujusquam

1939 5638 2291 5704 suggestione
2339 5643 2543 5687 statum
2602 5649 2753 5701 papa:
2806 5635 3241 5699 considerantes,
3278 5648 3332 5691 et
3368 5654 3511 5709 quo-

1938 5726 2232 5781 dammodo
2284 5741 2473 5779 vocem
2527 5725 2891 5778 insanciubilis
2946 5728 3355 5795 paraphrasticc
3406 5746 3509 5786 ex.

1938 5827 2231 5889 ponentes,
2261 5817 2325 5872 de
2358 5818 2586 5871 Damaso
2620 5832 2755 5887 papa
2786 5818 3003 5873 aiebant
3038 5836 3050 5872 :
3090 5836 3108 5871 ι
3148 5820 3211 5874 Et
3244 5819 3510 5880 Parnasus
