  <div class='ocr_page' id='page_1' title='image "/cluster/home/n/w/nwhite01/storage/ocr_20150623/149/nnc1.0046980431/389.png"; bbox 0 0 4288 6358; ppageno 0'>
   <div class='ocr_carea' id='block_1_1' title="bbox 783 403 4039 474">
    <p class='ocr_par' dir='ltr' id='par_1_1' title="bbox 783 403 4039 474">
     <span class='ocr_line' id='line_1_1' title="bbox 783 403 4039 474; baseline -0.006 0"><span class='ocrx_word' id='word_1_1' title='bbox 783 413 890 474; x_wconf 79' lang='grc'><strong>755</strong></span> <span class='ocrx_word' id='word_1_2' title='bbox 1927 403 2291 464; x_wconf 78' lang='lat' dir='ltr'><strong>MATTH/EI</strong></span> <span class='ocrx_word' id='word_1_3' title='bbox 2327 405 2414 464; x_wconf 83' lang='lat' dir='ltr'><strong>CA</strong></span> <span class='ocrx_word' id='word_1_4' title='bbox 2427 404 2679 463; x_wconf 79' lang='lat' dir='ltr'><strong>RYOPII</strong></span> <span class='ocrx_word' id='word_1_5' title='bbox 2693 405 2732 463; x_wconf 80' lang='grc' dir='ltr'><strong>Υ</strong></span> <span class='ocrx_word' id='word_1_6' title='bbox 2744 403 2863 463; x_wconf 88' lang='lat' dir='ltr'><strong>LLI</strong></span> <span class='ocrx_word' id='word_1_7' title='bbox 3910 404 4039 468; x_wconf 72' lang='lat'><strong>755</strong></span> 
     </span>
    </p>
   </div>
   <div class='ocr_carea' id='block_1_2' title="bbox 785 511 2478 588">
    <p class='ocr_par' dir='ltr' id='par_1_2' title="bbox 785 513 2478 588">
     <span class='ocr_line' id='line_1_2' title="bbox 785 513 2478 588; baseline -0.008 -10"><span class='ocrx_word' id='word_1_8' title='bbox 785 522 905 578; x_wconf 79' lang='lat' dir='ltr'><strong>ﬁdei</strong></span> <span class='ocrx_word' id='word_1_9' title='bbox 955 520 1197 583; x_wconf 86' lang='lat' dir='ltr'><strong>adamas,</strong></span> <span class='ocrx_word' id='word_1_10' title='bbox 1257 519 1412 588; x_wconf 81' lang='lat' dir='ltr'><strong>cujus</strong></span> <span class='ocrx_word' id='word_1_11' title='bbox 1459 513 1632 572; x_wconf 88' lang='lat' dir='ltr'><strong>solida</strong></span> <span class='ocrx_word' id='word_1_12' title='bbox 1695 529 1850 569; x_wconf 88' lang='lat' dir='ltr'><strong>mens</strong></span> <span class='ocrx_word' id='word_1_13' title='bbox 1900 513 2342 584; x_wconf 79' lang='lat' dir='ltr'><strong>aggressionihus</strong></span> <span class='ocrx_word' id='word_1_14' title='bbox 2369 515 2478 576; x_wconf 73' lang='grc' dir='ltr'><strong>ΛΔ</strong></span> 
     </span>
    </p>
   </div>
   <div class='ocr_carea' id='block_1_3' title="bbox 2347 511 4040 588">
    <p class='ocr_par' dir='ltr' id='par_1_3' title="bbox 2369 511 4040 585">
     <span class='ocr_line' id='line_1_3' title="bbox 2369 511 4040 585; baseline 0.001 -19"><span class='ocrx_word' id='word_1_15' title='bbox 2369 515 2416 576; x_wconf 70' lang='grc' dir='ltr'><strong>Δ</strong></span> <span class='ocrx_word' id='word_1_16' title='bbox 2444 513 2700 582; x_wconf 79' lang='grc' dir='ltr'><strong>Δαμάσου</strong></span> <span class='ocrx_word' id='word_1_17' title='bbox 2724 512 2818 565; x_wconf 82' lang='grc' dir='ltr'><strong>τοῦ</strong></span> <span class='ocrx_word' id='word_1_18' title='bbox 2856 512 3013 565; x_wconf 83' lang='grc' dir='ltr'>πάπα</span> <span class='ocrx_word' id='word_1_19' title='bbox 3046 527 3061 543; x_wconf 79' lang='grc' dir='ltr'><strong>ο</strong></span> <span class='ocrx_word' id='word_1_20' title='bbox 3097 529 3115 564; x_wconf 77' lang='grc' dir='ltr'><strong>ι</strong></span> <span class='ocrx_word' id='word_1_21' title='bbox 3156 512 3264 567; x_wconf 74' lang='grc' dir='ltr'><strong>Καὶ</strong></span> <span class='ocrx_word' id='word_1_22' title='bbox 3303 511 3553 581; x_wconf 74' lang='grc' dir='ltr'>Δάμασος</span> <span class='ocrx_word' id='word_1_23' title='bbox 3589 512 3616 566; x_wconf 99' lang='lat'><strong>6</strong></span> <span class='ocrx_word' id='word_1_24' title='bbox 3646 512 3862 582; x_wconf 78' lang='grc' dir='ltr'><strong>ἀδάμας</strong></span> <span class='ocrx_word' id='word_1_25' title='bbox 3917 519 4040 585; x_wconf 74' lang='grc' dir='ltr'>τῆς</span> 
     </span>
    </p>
   </div>
   <div class='ocr_carea' id='block_1_4' title="bbox 781 603 2474 684">
    <p class='ocr_par' dir='ltr' id='par_1_4' title="bbox 781 607 2474 684">
     <span class='ocr_line' id='line_1_4' title="bbox 781 607 2474 684; baseline -0.007 -16"><span class='ocrx_word' id='word_1_26' title='bbox 781 628 945 684; x_wconf 80' lang='lat' dir='ltr'><strong>atque</strong></span> <span class='ocrx_word' id='word_1_27' title='bbox 975 613 1318 667; x_wconf 87' lang='lat' dir='ltr'><strong>conflictibus</strong></span> <span class='ocrx_word' id='word_1_28' title='bbox 1353 612 1542 665; x_wconf 79' lang='lat' dir='ltr'><strong>alienze</strong></span> <span class='ocrx_word' id='word_1_29' title='bbox 1571 625 1602 664; x_wconf 89' lang='lat' dir='ltr'><strong>a</strong></span> <span class='ocrx_word' id='word_1_30' title='bbox 1635 608 1739 664; x_wconf 79' lang='lat' dir='ltr'><strong>fide</strong></span> <span class='ocrx_word' id='word_1_31' title='bbox 1774 607 2052 678; x_wconf 75' lang='lat' dir='ltr'><strong>opinionis</strong></span> <span class='ocrx_word' id='word_1_32' title='bbox 2084 623 2195 663; x_wconf 85' lang='lat' dir='ltr'><strong>non</strong></span> <span class='ocrx_word' id='word_1_33' title='bbox 2225 615 2342 662; x_wconf 86' lang='lat' dir='ltr'><strong>erat</strong></span> <span class='ocrx_word' id='word_1_34' title='bbox 2444 622 2474 656; x_wconf 63' lang='grc' dir='ltr'><strong>π</strong></span> 
     </span>
    </p>
   </div>
   <div class='ocr_carea' id='block_1_5' title="bbox 2342 603 4035 684">
    <p class='ocr_par' dir='ltr' id='par_1_5' title="bbox 2444 603 4035 675">
     <span class='ocr_line' id='line_1_5' title="bbox 2444 603 4035 675; baseline 0 -19"><span class='ocrx_word' id='word_1_35' title='bbox 2444 605 2700 669; x_wconf 80' lang='grc' dir='ltr'>πίστεως,</span> <span class='ocrx_word' id='word_1_36' title='bbox 2733 606 2762 657; x_wconf 90' lang='lat'><strong>6</strong></span> <span class='ocrx_word' id='word_1_37' title='bbox 2783 605 2902 667; x_wconf 88' lang='grc' dir='ltr'>ταῖς</span> <span class='ocrx_word' id='word_1_38' title='bbox 2928 603 3253 671; x_wconf 76' lang='grc' dir='ltr'>ἐτεροδόξοις</span> <span class='ocrx_word' id='word_1_39' title='bbox 3280 603 3606 673; x_wconf 76' lang='grc' dir='ltr'>προσϐολαῖς</span> <span class='ocrx_word' id='word_1_40' title='bbox 3636 620 3693 657; x_wconf 88' lang='grc' dir='ltr'><strong>τε</strong></span> <span class='ocrx_word' id='word_1_41' title='bbox 3725 607 3815 658; x_wconf 71' lang='grc' dir='ltr'>καὶ</span> <span class='ocrx_word' id='word_1_42' title='bbox 3846 621 4035 675; x_wconf 81' lang='grc' dir='ltr'>προσ-</span> 
     </span>
    </p>
   </div>
   <div class='ocr_carea' id='block_1_6' title="bbox 781 695 4033 768">
    <p class='ocr_par' dir='ltr' id='par_1_6' title="bbox 781 695 4033 768">
     <span class='ocr_line' id='line_1_6' title="bbox 781 695 4033 768; baseline -0.004 -8"><span class='ocrx_word' id='word_1_43' title='bbox 781 706 1155 763; x_wconf 77' lang='lat' dir='ltr'><strong>vulnerabilis.</strong></span> <span class='ocrx_word' id='word_1_44' title='bbox 1196 723 1214 755; x_wconf 73' lang='grc' dir='ltr'><strong>ι</strong></span> <span class='ocrx_word' id='word_1_45' title='bbox 2443 695 2706 766; x_wconf 76' lang='grc' dir='ltr'>αρῤἀξεσι</span> <span class='ocrx_word' id='word_1_46' title='bbox 2773 698 2874 764; x_wconf 82' lang='grc' dir='ltr'>τὴν</span> <span class='ocrx_word' id='word_1_47' title='bbox 2942 695 3233 749; x_wconf 80' lang='grc' dir='ltr'>ἀντίτυπον</span> <span class='ocrx_word' id='word_1_48' title='bbox 3296 697 3521 766; x_wconf 80' lang='grc' dir='ltr'><strong>γνώμην</strong></span> <span class='ocrx_word' id='word_1_49' title='bbox 3595 698 3655 749; x_wconf 75' lang='grc' dir='ltr'>οὐ</span> <span class='ocrx_word' id='word_1_50' title='bbox 3719 697 4033 768; x_wconf 70' lang='grc' dir='ltr'>τιτρωσκό-</span> 
     </span>
    </p>
   </div>
   <div class='ocr_carea' id='block_1_7' title="bbox 2447 807 3120 860">
    <p class='ocr_par' dir='ltr' id='par_1_7' title="bbox 2447 807 3120 860">
     <span class='ocr_line' id='line_1_7' title="bbox 2447 807 3120 860; baseline -0.003 -20"><span class='ocrx_word' id='word_1_51' title='bbox 2447 807 2628 857; x_wconf 76' lang='grc' dir='ltr'>μενος.</span> <span class='ocrx_word' id='word_1_52' title='bbox 2660 807 2677 840; x_wconf 76' lang='grc' dir='ltr'><strong>ι</strong></span> <span class='ocrx_word' id='word_1_53' title='bbox 3100 852 3120 860; x_wconf 34' lang='grc' dir='ltr'><strong>ι</strong></span> 
     </span>
    </p>
   </div>
   <div class='ocr_carea' id='block_1_8' title="bbox 2515 881 4031 952">
    <p class='ocr_par' dir='ltr' id='par_1_8' title="bbox 2515 881 4031 952">
     <span class='ocr_line' id='line_1_8' title="bbox 2515 881 4031 952; baseline -0.006 -19"><span class='ocrx_word' id='word_1_54' title='bbox 2515 881 2586 932; x_wconf 77' lang='grc' dir='ltr'><strong>Τὸ</strong></span> <span class='ocrx_word' id='word_1_55' title='bbox 2615 883 2722 949; x_wconf 75' lang='grc' dir='ltr'>γὰρ</span> <span class='ocrx_word' id='word_1_56' title='bbox 2752 883 2810 934; x_wconf 84' lang='grc' dir='ltr'>οὐ</span> <span class='ocrx_word' id='word_1_57' title='bbox 2842 883 3274 950; x_wconf 63' lang='grc' dir='ltr'><strong>τιτρωσκόμενος</strong></span> <span class='ocrx_word' id='word_1_58' title='bbox 3310 883 3512 934; x_wconf 74' lang='grc' dir='ltr'>ταυτὸν</span> <span class='ocrx_word' id='word_1_59' title='bbox 3533 883 3616 950; x_wconf 82' lang='grc' dir='ltr'>τῷ</span> <span class='ocrx_word' id='word_1_60' title='bbox 3665 883 3739 952; x_wconf 76' lang='grc' dir='ltr'>μὴ</span> <span class='ocrx_word' id='word_1_61' title='bbox 3775 883 4031 951; x_wconf 78' lang='grc' dir='ltr'>δυνάμε-</span> 
     </span>
    </p>
   </div>
   <div class='ocr_carea' id='block_1_9' title="bbox 2442 969 4030 1043">
    <p class='ocr_par' dir='ltr' id='par_1_9' title="bbox 2442 969 4030 1043">
     <span class='ocr_line' id='line_1_9' title="bbox 2442 969 4030 1043; baseline 0.003 -20"><span class='ocrx_word' id='word_1_62' title='bbox 2442 989 2530 1034; x_wconf 84' lang='grc' dir='ltr'><strong>νος</strong></span> <span class='ocrx_word' id='word_1_63' title='bbox 2564 969 2836 1041; x_wconf 82' lang='grc' dir='ltr'>τρωθῆναι</span> <span class='ocrx_word' id='word_1_64' title='bbox 2862 988 2876 1001; x_wconf 84' lang='lat'><strong><em>°</em></strong></span> <span class='ocrx_word' id='word_1_65' title='bbox 2908 972 3096 1041; x_wconf 83' lang='grc' dir='ltr'>ὥσπερ</span> <span class='ocrx_word' id='word_1_66' title='bbox 3131 973 3309 1040; x_wconf 68' lang='grc' dir='ltr'>φαμὲν</span> <span class='ocrx_word' id='word_1_67' title='bbox 3344 974 3410 1026; x_wconf 74' lang='grc' dir='ltr'><strong>τὰ</strong></span> <span class='ocrx_word' id='word_1_68' title='bbox 3465 974 3766 1042; x_wconf 79' lang='grc' dir='ltr'>φαινόμενα</span> <span class='ocrx_word' id='word_1_69' title='bbox 3814 978 3904 1027; x_wconf 76' lang='grc' dir='ltr'>καὶ</span> <span class='ocrx_word' id='word_1_70' title='bbox 3936 976 4030 1043; x_wconf 77' lang='grc' dir='ltr'>μὴ</span> 
     </span>
    </p>
   </div>
   <div class='ocr_carea' id='block_1_10' title="bbox 2444 1063 4034 1134">
    <p class='ocr_par' dir='ltr' id='par_1_10' title="bbox 2444 1063 4034 1134">
     <span class='ocr_line' id='line_1_10' title="bbox 2444 1063 4034 1134; baseline 0.001 -19"><span class='ocrx_word' id='word_1_71' title='bbox 2444 1063 2764 1131; x_wconf 85' lang='grc' dir='ltr'>φαινόμενα,</span> <span class='ocrx_word' id='word_1_72' title='bbox 2795 1064 2964 1132; x_wconf 72' lang='grc' dir='ltr'>ἤγουν</span> <span class='ocrx_word' id='word_1_73' title='bbox 2995 1067 3070 1133; x_wconf 79' lang='grc' dir='ltr'>μὴ</span> <span class='ocrx_word' id='word_1_74' title='bbox 3096 1065 3373 1134; x_wconf 82' lang='grc' dir='ltr'>δυνάμενα</span> <span class='ocrx_word' id='word_1_75' title='bbox 3400 1065 3640 1134; x_wconf 82' lang='grc' dir='ltr'>φανῆναι</span> <span class='ocrx_word' id='word_1_76' title='bbox 3679 1082 3695 1097; x_wconf 83' lang='lat'><strong>&#39;</strong></span> <span class='ocrx_word' id='word_1_77' title='bbox 3727 1068 3820 1119; x_wconf 81' lang='grc' dir='ltr'><strong>καὶ</strong></span> <span class='ocrx_word' id='word_1_78' title='bbox 3847 1066 3873 1117; x_wconf 87' lang='lat'><strong>6</strong></span> <span class='ocrx_word' id='word_1_79' title='bbox 3913 1083 4034 1117; x_wconf 79' lang='grc' dir='ltr'>πε-</span> 
     </span>
    </p>
   </div>
   <div class='ocr_carea' id='block_1_11' title="bbox 2445 1155 4027 1225">
    <p class='ocr_par' dir='ltr' id='par_1_11' title="bbox 2445 1155 4027 1225">
     <span class='ocr_line' id='line_1_11' title="bbox 2445 1155 4027 1225; baseline 0.003 -20"><span class='ocrx_word' id='word_1_80' title='bbox 2445 1155 2498 1224; x_wconf 80' lang='grc' dir='ltr'>ρὶ</span> <span class='ocrx_word' id='word_1_81' title='bbox 2528 1155 2628 1221; x_wconf 77' lang='grc' dir='ltr'>τῆς</span> <span class='ocrx_word' id='word_1_82' title='bbox 2661 1155 2809 1217; x_wconf 83' lang='grc' dir='ltr'>θείας</span> <span class='ocrx_word' id='word_1_83' title='bbox 2862 1155 3080 1225; x_wconf 74' lang='grc' dir='ltr'>λέγεται</span> <span class='ocrx_word' id='word_1_84' title='bbox 3135 1158 3444 1220; x_wconf 71' lang='grc' dir='ltr'><strong>κοινωνίας,</strong></span> <span class='ocrx_word' id='word_1_85' title='bbox 3493 1159 3521 1209; x_wconf 90' lang='lat'><strong>6</strong></span> <span class='ocrx_word' id='word_1_86' title='bbox 3553 1157 3865 1224; x_wconf 83' lang='grc' dir='ltr'>ὲσθιόμενος</span> <span class='ocrx_word' id='word_1_87' title='bbox 3912 1162 4027 1210; x_wconf 71' lang='grc' dir='ltr'><strong>καὶ</strong></span> 
     </span>
    </p>
   </div>
   <div class='ocr_carea' id='block_1_12' title="bbox 2445 1243 4022 1316">
    <p class='ocr_par' dir='ltr' id='par_1_12' title="bbox 2445 1243 4022 1316">
     <span class='ocr_line' id='line_1_12' title="bbox 2445 1243 4022 1316; baseline 0.001 -21"><span class='ocrx_word' id='word_1_88' title='bbox 2445 1244 2519 1314; x_wconf 81' lang='grc' dir='ltr'>μὴ</span> <span class='ocrx_word' id='word_1_89' title='bbox 2543 1243 2949 1314; x_wconf 82' lang='grc' dir='ltr'><strong>δαπανώμενος,</strong></span> <span class='ocrx_word' id='word_1_90' title='bbox 2977 1247 3144 1316; x_wconf 68' lang='grc' dir='ltr'>ἤγουν</span> <span class='ocrx_word' id='word_1_91' title='bbox 3169 1247 3510 1299; x_wconf 72' lang='grc' dir='ltr'>δαπανᾶσθαι</span> <span class='ocrx_word' id='word_1_92' title='bbox 3544 1245 3628 1316; x_wconf 72' lang='grc' dir='ltr'>μὴ</span> <span class='ocrx_word' id='word_1_93' title='bbox 3671 1246 3972 1313; x_wconf 70' lang='grc' dir='ltr'>δυνάμενος</span> <span class='ocrx_word' id='word_1_94' title='bbox 4006 1265 4022 1277; x_wconf 78' lang='grc' dir='ltr'><strong>ο</strong></span> 
     </span>
    </p>
   </div>
   <div class='ocr_carea' id='block_1_13' title="bbox 2440 1335 4028 1408">
    <p class='ocr_par' dir='ltr' id='par_1_13' title="bbox 2440 1335 4028 1408">
     <span class='ocr_line' id='line_1_13' title="bbox 2440 1335 4028 1408; baseline 0.001 -20"><span class='ocrx_word' id='word_1_95' title='bbox 2440 1335 2582 1390; x_wconf 79' lang='grc' dir='ltr'>οὕτω</span> <span class='ocrx_word' id='word_1_96' title='bbox 2607 1338 2784 1407; x_wconf 79' lang='grc' dir='ltr'>φαμὲν</span> <span class='ocrx_word' id='word_1_97' title='bbox 2821 1337 2914 1390; x_wconf 77' lang='grc' dir='ltr'>καὶ</span> <span class='ocrx_word' id='word_1_98' title='bbox 2937 1337 3028 1389; x_wconf 67' lang='grc' dir='ltr'><strong>τὸν</strong></span> <span class='ocrx_word' id='word_1_99' title='bbox 3053 1338 3203 1408; x_wconf 74' lang='grc' dir='ltr'>ἥλιον</span> <span class='ocrx_word' id='word_1_100' title='bbox 3225 1340 3299 1407; x_wconf 79' lang='grc' dir='ltr'>μὴ</span> <span class='ocrx_word' id='word_1_101' title='bbox 3327 1339 3728 1405; x_wconf 76' lang='grc' dir='ltr'>σκοτιζόμενον,</span> <span class='ocrx_word' id='word_1_102' title='bbox 3762 1338 3854 1390; x_wconf 72' lang='grc' dir='ltr'>καὶ</span> <span class='ocrx_word' id='word_1_103' title='bbox 3886 1339 4028 1390; x_wconf 72' lang='grc' dir='ltr'>σκύ-</span> 
     </span>
    </p>
   </div>
   <div class='ocr_carea' id='block_1_14' title="bbox 2439 1427 4030 1497">
    <p class='ocr_par' dir='ltr' id='par_1_14' title="bbox 2439 1427 4030 1497">
     <span class='ocr_line' id='line_1_14' title="bbox 2439 1427 4030 1497; baseline 0 -20"><span class='ocrx_word' id='word_1_104' title='bbox 2439 1443 2532 1487; x_wconf 86' lang='grc' dir='ltr'><strong>τος</strong></span> <span class='ocrx_word' id='word_1_105' title='bbox 2563 1427 2636 1496; x_wconf 78' lang='grc' dir='ltr'>μὴ</span> <span class='ocrx_word' id='word_1_106' title='bbox 2666 1428 3033 1494; x_wconf 75' lang='grc' dir='ltr'>φωτιζόμενον</span> <span class='ocrx_word' id='word_1_107' title='bbox 3068 1443 3084 1459; x_wconf 87' lang='grc'><strong>·</strong></span> <span class='ocrx_word' id='word_1_108' title='bbox 3121 1428 3214 1479; x_wconf 77' lang='grc' dir='ltr'><strong>καὶ</strong></span> <span class='ocrx_word' id='word_1_109' title='bbox 3247 1429 3303 1479; x_wconf 78' lang='grc' dir='ltr'>ἐν</span> <span class='ocrx_word' id='word_1_110' title='bbox 3333 1430 3398 1497; x_wconf 77' lang='grc' dir='ltr'>τῇ</span> <span class='ocrx_word' id='word_1_111' title='bbox 3432 1428 3567 1496; x_wconf 69' lang='grc' dir='ltr'>πρὸς</span> <span class='ocrx_word' id='word_1_112' title='bbox 3599 1428 3880 1494; x_wconf 81' lang='grc' dir='ltr'>Ἀγάθωνα</span> <span class='ocrx_word' id='word_1_113' title='bbox 3914 1428 4030 1478; x_wconf 74' lang='grc' dir='ltr'>τὸν</span> 
     </span>
    </p>
   </div>
   <div class='ocr_carea' id='block_1_15' title="bbox 2443 1517 4027 1589">
    <p class='ocr_par' dir='ltr' id='par_1_15' title="bbox 2443 1517 4027 1589">
     <span class='ocr_line' id='line_1_15' title="bbox 2443 1517 4027 1589; baseline -0.001 -20"><span class='ocrx_word' id='word_1_114' title='bbox 2443 1517 2674 1570; x_wconf 79' lang='grc' dir='ltr'>πάππαν</span> <span class='ocrx_word' id='word_1_115' title='bbox 2698 1519 2952 1586; x_wconf 74' lang='grc' dir='ltr'>ἐπιστολῇ</span> <span class='ocrx_word' id='word_1_116' title='bbox 2983 1519 3029 1569; x_wconf 84' lang='grc' dir='ltr'><strong>οί</strong></span> <span class='ocrx_word' id='word_1_117' title='bbox 3053 1519 3208 1572; x_wconf 72' lang='grc' dir='ltr'>αὐτοὶ</span> <span class='ocrx_word' id='word_1_118' title='bbox 3237 1521 3498 1589; x_wconf 84' lang='grc' dir='ltr'>Πατέρες,</span> <span class='ocrx_word' id='word_1_119' title='bbox 3525 1518 3710 1583; x_wconf 87' lang='grc' dir='ltr'>Ὅθεν,</span> <span class='ocrx_word' id='word_1_120' title='bbox 3738 1519 3886 1586; x_wconf 67' lang='grc' dir='ltr'>φασὶ,</span> <span class='ocrx_word' id='word_1_121' title='bbox 3912 1517 4027 1568; x_wconf 67' lang='grc' dir='ltr'>καὶ</span> 
     </span>
    </p>
   </div>
   <div class='ocr_carea' id='block_1_16' title="bbox 2443 1610 4025 1683">
    <p class='ocr_par' dir='ltr' id='par_1_16' title="bbox 2443 1610 4025 1683">
     <span class='ocr_line' id='line_1_16' title="bbox 2443 1610 4025 1683; baseline -0.002 -20"><span class='ocrx_word' id='word_1_122' title='bbox 2443 1612 2601 1678; x_wconf 82' lang='grc' dir='ltr'>ἡμεῖς</span> <span class='ocrx_word' id='word_1_123' title='bbox 2633 1612 2706 1675; x_wconf 82' lang='grc' dir='ltr'><strong>ὡς</strong></span> <span class='ocrx_word' id='word_1_124' title='bbox 2728 1614 3086 1683; x_wconf 74' lang='grc' dir='ltr'>πρωτοθρόνῳ</span> <span class='ocrx_word' id='word_1_125' title='bbox 3116 1630 3198 1666; x_wconf 92' lang='grc' dir='ltr'><strong>σοι</strong></span> <span class='ocrx_word' id='word_1_126' title='bbox 3219 1613 3318 1682; x_wconf 79' lang='grc' dir='ltr'>τῆς</span> <span class='ocrx_word' id='word_1_127' title='bbox 3342 1612 3732 1681; x_wconf 81' lang='grc' dir='ltr'>οἰκουμενικῆς</span> <span class='ocrx_word' id='word_1_128' title='bbox 3778 1610 4025 1675; x_wconf 80' lang='grc' dir='ltr'>Ἐκκλη-</span> 
     </span>
    </p>
   </div>
   <div class='ocr_carea' id='block_1_17' title="bbox 782 1692 2475 1774">
    <p class='ocr_par' dir='ltr' id='par_1_17' title="bbox 782 1692 2475 1765">
     <span class='ocr_line' id='line_1_17' title="bbox 782 1692 2475 1765; baseline -0.001 -19"><span class='ocrx_word' id='word_1_129' title='bbox 782 1696 1047 1751; x_wconf 66' lang='lat' dir='ltr'><strong>universas</strong></span> <span class='ocrx_word' id='word_1_130' title='bbox 1078 1695 1333 1751; x_wconf 73' lang='lat' dir='ltr'><strong>Ecclesiae</strong></span> <span class='ocrx_word' id='word_1_131' title='bbox 1363 1695 1595 1749; x_wconf 85' lang='lat' dir='ltr'><strong>antistiti</strong></span> <span class='ocrx_word' id='word_1_132' title='bbox 1628 1696 1757 1765; x_wconf 89' lang='lat' dir='ltr'><strong>quid</strong></span> <span class='ocrx_word' id='word_1_133' title='bbox 1790 1694 1861 1747; x_wconf 86' lang='lat' dir='ltr'><strong>sit</strong></span> <span class='ocrx_word' id='word_1_134' title='bbox 1889 1692 2157 1763; x_wconf 74' lang='lat' dir='ltr'><strong>agendum</strong></span> <span class='ocrx_word' id='word_1_135' title='bbox 2189 1707 2338 1746; x_wconf 83' lang='lat' dir='ltr'><strong>eom-</strong></span> <span class='ocrx_word' id='word_1_136' title='bbox 2445 1718 2475 1752; x_wconf 90' lang='grc' dir='ltr'><strong>σ</strong></span> 
     </span>
    </p>
   </div>
   <div class='ocr_carea' id='block_1_18' title="bbox 2337 1692 4030 1774">
    <p class='ocr_par' dir='ltr' id='par_1_18' title="bbox 2337 1701 4030 1774">
     <span class='ocr_line' id='line_1_18' title="bbox 2337 1701 4030 1774; baseline -0.002 -22"><span class='ocrx_word' id='word_1_137' title='bbox 2337 1724 2338 1729; x_wconf 52' lang='grc' dir='ltr'><strong>η</strong></span> <span class='ocrx_word' id='word_1_138' title='bbox 2445 1701 2564 1763; x_wconf 86' lang='grc' dir='ltr'>σίας</span> <span class='ocrx_word' id='word_1_139' title='bbox 2589 1702 2650 1752; x_wconf 77' lang='grc' dir='ltr'>τὸ</span> <span class='ocrx_word' id='word_1_140' title='bbox 2683 1703 2960 1772; x_wconf 83' lang='grc' dir='ltr'>πρακτέον</span> <span class='ocrx_word' id='word_1_141' title='bbox 3016 1702 3578 1774; x_wconf 78' lang='grc' dir='ltr'>παρατιθέμεθα,ὲπὶ</span> <span class='ocrx_word' id='word_1_142' title='bbox 3629 1702 3727 1771; x_wconf 83' lang='grc' dir='ltr'>τὴν</span> <span class='ocrx_word' id='word_1_143' title='bbox 3782 1702 4030 1767; x_wconf 69' lang='grc' dir='ltr'>στερεὰν</span> 
     </span>
    </p>
   </div>
   <div class='ocr_carea' id='block_1_19' title="bbox 780 1777 2473 1863">
    <p class='ocr_par' dir='ltr' id='par_1_19' title="bbox 780 1777 2473 1863">
     <span class='ocr_line' id='line_1_19' title="bbox 780 1777 2473 1863; baseline -0.001 -25"><span class='ocrx_word' id='word_1_144' title='bbox 780 1777 1068 1851; x_wconf 85' lang='lat' dir='ltr'><strong>mittimus,</strong></span> <span class='ocrx_word' id='word_1_145' title='bbox 1100 1788 1263 1841; x_wconf 80' lang='lat' dir='ltr'><strong>stanti</strong></span> <span class='ocrx_word' id='word_1_146' title='bbox 1296 1802 1462 1856; x_wconf 87' lang='lat' dir='ltr'><strong>super</strong></span> <span class='ocrx_word' id='word_1_147' title='bbox 1492 1787 1698 1840; x_wconf 92' lang='lat' dir='ltr'><strong>ﬁrmam</strong></span> <span class='ocrx_word' id='word_1_148' title='bbox 1734 1784 1862 1838; x_wconf 83' lang='lat' dir='ltr'><strong>fidei</strong></span> <span class='ocrx_word' id='word_1_149' title='bbox 1903 1790 2139 1852; x_wconf 83' lang='lat' dir='ltr'><strong>petram.</strong></span> <span class='ocrx_word' id='word_1_150' title='bbox 2177 1800 2194 1832; x_wconf 76' lang='grc' dir='ltr'><strong>ι</strong></span> <span class='ocrx_word' id='word_1_151' title='bbox 2229 1780 2341 1837; x_wconf 87' lang='lat' dir='ltr'><strong>Hoc</strong></span> <span class='ocrx_word' id='word_1_152' title='bbox 2375 1852 2409 1863; x_wconf 40' lang='grc'><strong>⁸</strong></span> <span class='ocrx_word' id='word_1_153' title='bbox 2443 1808 2473 1842; x_wconf 75' lang='grc' dir='ltr'><strong>τι</strong></span> 
     </span>
    </p>
   </div>
   <div class='ocr_carea' id='block_1_20' title="bbox 2335 1777 4028 1863">
    <p class='ocr_par' dir='ltr' id='par_1_20' title="bbox 2335 1792 4028 1863">
     <span class='ocr_line' id='line_1_20' title="bbox 2335 1792 4028 1863; baseline -0.002 -18"><span class='ocrx_word' id='word_1_154' title='bbox 2335 1798 2341 1832; x_wconf 75' lang='grc'><strong>⁵</strong></span> <span class='ocrx_word' id='word_1_155' title='bbox 2375 1852 2409 1863; x_wconf 41' lang='grc' dir='ltr'><strong>λ</strong></span> <span class='ocrx_word' id='word_1_156' title='bbox 2443 1792 2650 1861; x_wconf 86' lang='grc' dir='ltr'>πέτραν</span> <span class='ocrx_word' id='word_1_157' title='bbox 2687 1793 2880 1846; x_wconf 78' lang='grc' dir='ltr'>ἑστῶτι</span> <span class='ocrx_word' id='word_1_158' title='bbox 2919 1797 3016 1862; x_wconf 79' lang='grc' dir='ltr'>τῆς</span> <span class='ocrx_word' id='word_1_159' title='bbox 3049 1795 3305 1856; x_wconf 83' lang='grc' dir='ltr'>πίστεως.</span> <span class='ocrx_word' id='word_1_160' title='bbox 3340 1794 3406 1847; x_wconf 89' lang='grc' dir='ltr'><strong>τι</strong></span> <span class='ocrx_word' id='word_1_161' title='bbox 3445 1796 3549 1863; x_wconf 74' lang='grc' dir='ltr'>γὰρ</span> <span class='ocrx_word' id='word_1_162' title='bbox 3582 1792 3710 1846; x_wconf 76' lang='grc' dir='ltr'>ἄλλο</span> <span class='ocrx_word' id='word_1_163' title='bbox 3765 1792 3895 1859; x_wconf 76' lang='grc' dir='ltr'>φασὶ</span> <span class='ocrx_word' id='word_1_164' title='bbox 3922 1792 4028 1843; x_wconf 79' lang='grc' dir='ltr'>διεὶ</span> 
     </span>
    </p>
   </div>
   <div class='ocr_carea' id='block_1_21' title="bbox 779 1852 2472 1953">
    <p class='ocr_par' dir='ltr' id='par_1_21' title="bbox 779 1852 2472 1949">
     <span class='ocr_line' id='line_1_21' title="bbox 779 1852 2472 1949; baseline 0.002 -19"><span class='ocrx_word' id='word_1_165' title='bbox 779 1895 948 1932; x_wconf 81' lang='lat' dir='ltr'><strong>nmim</strong></span> <span class='ocrx_word' id='word_1_166' title='bbox 983 1880 1184 1949; x_wconf 84' lang='lat' dir='ltr'><strong>quippe</strong></span> <span class='ocrx_word' id='word_1_167' title='bbox 1213 1852 1420 1934; x_wconf 69' lang='lat' dir='ltr'><strong>volunt</strong></span> <span class='ocrx_word' id='word_1_168' title='bbox 1449 1879 1656 1943; x_wconf 85' lang='lat' dir='ltr'><strong>Patres,</strong></span> <span class='ocrx_word' id='word_1_169' title='bbox 1687 1891 1905 1947; x_wconf 83' lang='lat' dir='ltr'><strong>papam,</strong></span> <span class='ocrx_word' id='word_1_170' title='bbox 1936 1875 2064 1946; x_wconf 88' lang='lat' dir='ltr'><strong>quia</strong></span> <span class='ocrx_word' id='word_1_171' title='bbox 2114 1889 2340 1930; x_wconf 67' lang='lat' dir='ltr'><strong>summa</strong></span> <span class='ocrx_word' id='word_1_172' title='bbox 2374 1852 2416 1910; x_wconf 67' lang='grc' dir='ltr'><strong>Β</strong></span> <span class='ocrx_word' id='word_1_173' title='bbox 2443 1899 2472 1934; x_wconf 88' lang='grc' dir='ltr'><strong>τ</strong></span> 
     </span>
    </p>
   </div>
   <div class='ocr_carea' id='block_1_22' title="bbox 2330 1852 4023 1953">
    <p class='ocr_par' dir='ltr' id='par_1_22' title="bbox 2330 1852 4023 1953">
     <span class='ocr_line' id='line_1_22' title="bbox 2330 1852 4023 1953; baseline 0 -21"><span class='ocrx_word' id='word_1_174' title='bbox 2330 1890 2340 1930; x_wconf 70' lang='lat'><strong>3</strong></span> <span class='ocrx_word' id='word_1_175' title='bbox 2374 1852 2416 1910; x_wconf 68' lang='grc' dir='ltr'><strong>Β</strong></span> <span class='ocrx_word' id='word_1_176' title='bbox 2443 1852 2650 1934; x_wconf 64' lang='grc' dir='ltr'>τούτων</span> <span class='ocrx_word' id='word_1_177' title='bbox 2677 1884 2723 1935; x_wconf 80' lang='grc' dir='ltr'>οἱ</span> <span class='ocrx_word' id='word_1_178' title='bbox 2755 1852 3012 1952; x_wconf 71' lang='grc' dir='ltr'>Πατέρες,</span> <span class='ocrx_word' id='word_1_179' title='bbox 3043 1883 3074 1953; x_wconf 79' lang='grc' dir='ltr'>ἠ</span> <span class='ocrx_word' id='word_1_180' title='bbox 3099 1884 3186 1938; x_wconf 74' lang='grc' dir='ltr'><strong>διὰ</strong></span> <span class='ocrx_word' id='word_1_181' title='bbox 3218 1852 3280 1936; x_wconf 70' lang='grc' dir='ltr'><strong>τό</strong></span> <span class='ocrx_word' id='word_1_182' title='bbox 3303 1852 3570 1937; x_wconf 35' lang='grc' dir='ltr'>εἷναιυτόν</span> <span class='ocrx_word' id='word_1_183' title='bbox 3596 1852 3829 1936; x_wconf 77' lang='grc' dir='ltr'>πάππαν</span> <span class='ocrx_word' id='word_1_184' title='bbox 3865 1899 4023 1950; x_wconf 81' lang='grc' dir='ltr'>πρω-</span> 
     </span>
    </p>
   </div>
   <div class='ocr_carea' id='block_1_23' title="bbox 780 1967 2473 2046">
    <p class='ocr_par' dir='ltr' id='par_1_23' title="bbox 780 1967 2473 2039">
     <span class='ocr_line' id='line_1_23' title="bbox 780 1967 2473 2039; baseline 0.001 -16"><span class='ocrx_word' id='word_1_185' title='bbox 780 1970 923 2024; x_wconf 84' lang='lat' dir='ltr'><strong>sedis</strong></span> <span class='ocrx_word' id='word_1_186' title='bbox 971 1971 1259 2039; x_wconf 82' lang='lat' dir='ltr'><strong>episcopus</strong></span> <span class='ocrx_word' id='word_1_187' title='bbox 1298 1981 1400 2035; x_wconf 80' lang='lat' dir='ltr'><strong>est,</strong></span> <span class='ocrx_word' id='word_1_188' title='bbox 1435 1980 1582 2024; x_wconf 88' lang='lat' dir='ltr'><strong>stare</strong></span> <span class='ocrx_word' id='word_1_189' title='bbox 1620 1984 1787 2038; x_wconf 85' lang='lat' dir='ltr'><strong>super</strong></span> <span class='ocrx_word' id='word_1_190' title='bbox 1829 1967 2038 2022; x_wconf 89' lang='lat' dir='ltr'><strong>ﬁrmam</strong></span> <span class='ocrx_word' id='word_1_191' title='bbox 2086 1967 2208 2022; x_wconf 85' lang='lat' dir='ltr'><strong>fidei</strong></span> <span class='ocrx_word' id='word_1_192' title='bbox 2248 1983 2341 2038; x_wconf 91' lang='lat' dir='ltr'><strong>pe-</strong></span> <span class='ocrx_word' id='word_1_193' title='bbox 2445 1991 2473 2025; x_wconf 85' lang='grc' dir='ltr'><strong>τ</strong></span> 
     </span>
    </p>
   </div>
   <div class='ocr_carea' id='block_1_24' title="bbox 2333 1967 4026 2046">
    <p class='ocr_par' dir='ltr' id='par_1_24' title="bbox 2333 1970 4026 2046">
     <span class='ocr_line' id='line_1_24' title="bbox 2333 1970 4026 2046; baseline -0.001 -22"><span class='ocrx_word' id='word_1_194' title='bbox 2333 1997 2341 2008; x_wconf 92' lang='grc'>·</span> <span class='ocrx_word' id='word_1_195' title='bbox 2445 1974 2719 2042; x_wconf 86' lang='grc' dir='ltr'>τόθρονον.</span> <span class='ocrx_word' id='word_1_196' title='bbox 2747 1975 2970 2027; x_wconf 79' lang='grc' dir='ltr'>ἑστάναι</span> <span class='ocrx_word' id='word_1_197' title='bbox 3005 1977 3099 2026; x_wconf 67' lang='grc' dir='ltr'>καὶ</span> <span class='ocrx_word' id='word_1_198' title='bbox 3126 1975 3220 2029; x_wconf 75' lang='grc' dir='ltr'><strong>ἐπὶ</strong></span> <span class='ocrx_word' id='word_1_199' title='bbox 3248 1974 3345 2045; x_wconf 76' lang='grc' dir='ltr'>τήν</span> <span class='ocrx_word' id='word_1_200' title='bbox 3371 1975 3597 2046; x_wconf 76' lang='grc' dir='ltr'>στερεὰν</span> <span class='ocrx_word' id='word_1_201' title='bbox 3648 1972 3852 2043; x_wconf 82' lang='grc' dir='ltr'>πέτραν</span> <span class='ocrx_word' id='word_1_202' title='bbox 3909 1970 4026 2039; x_wconf 80' lang='grc' dir='ltr'>τῆς</span> 
     </span>
    </p>
   </div>
   <div class='ocr_carea' id='block_1_25' title="bbox 781 2059 2474 2139">
    <p class='ocr_par' dir='ltr' id='par_1_25' title="bbox 781 2059 2474 2131">
     <span class='ocr_line' id='line_1_25' title="bbox 781 2059 2474 2131; baseline 0.004 -21"><span class='ocrx_word' id='word_1_203' title='bbox 781 2072 942 2116; x_wconf 77' lang='lat' dir='ltr'><strong>iram.</strong></span> <span class='ocrx_word' id='word_1_204' title='bbox 985 2059 1042 2115; x_wconf 80' lang='lat' dir='ltr'><strong>Si</strong></span> <span class='ocrx_word' id='word_1_205' title='bbox 1077 2077 1207 2131; x_wconf 80' lang='lat' dir='ltr'><strong>ergo</strong></span> <span class='ocrx_word' id='word_1_206' title='bbox 1240 2077 1378 2130; x_wconf 90' lang='lat' dir='ltr'><strong>papa</strong></span> <span class='ocrx_word' id='word_1_207' title='bbox 1409 2061 1513 2115; x_wconf 92' lang='lat' dir='ltr'><strong>hoc</strong></span> <span class='ocrx_word' id='word_1_208' title='bbox 1540 2060 1701 2114; x_wconf 86' lang='lat' dir='ltr'><strong>habet</strong></span> <span class='ocrx_word' id='word_1_209' title='bbox 1742 2070 1802 2114; x_wconf 86' lang='lat' dir='ltr'><strong>ut</strong></span> <span class='ocrx_word' id='word_1_210' title='bbox 1838 2060 2026 2129; x_wconf 67' lang='lat' dir='ltr'><strong>primae</strong></span> <span class='ocrx_word' id='word_1_211' title='bbox 2055 2059 2201 2113; x_wconf 86' lang='lat' dir='ltr'><strong>sedis</strong></span> <span class='ocrx_word' id='word_1_212' title='bbox 2227 2059 2343 2128; x_wconf 83' lang='lat' dir='ltr'><strong>epi—</strong></span> <span class='ocrx_word' id='word_1_213' title='bbox 2447 2084 2474 2116; x_wconf 77' lang='grc' dir='ltr'><strong>τ</strong></span> 
     </span>
    </p>
   </div>
   <div class='ocr_carea' id='block_1_26' title="bbox 2333 2059 4026 2139">
    <p class='ocr_par' dir='ltr' id='par_1_26' title="bbox 2333 2061 4026 2139">
     <span class='ocr_line' id='line_1_26' title="bbox 2333 2061 4026 2139; baseline -0.001 -22"><span class='ocrx_word' id='word_1_214' title='bbox 2333 2087 2343 2098; x_wconf 91' lang='grc'>·</span> <span class='ocrx_word' id='word_1_215' title='bbox 2447 2070 2682 2129; x_wconf 79' lang='grc' dir='ltr'>πίστεως</span> <span class='ocrx_word' id='word_1_216' title='bbox 2712 2082 2727 2132; x_wconf 89' lang='lat'>;</span> <span class='ocrx_word' id='word_1_217' title='bbox 2765 2067 2888 2119; x_wconf 81' lang='grc' dir='ltr'>Είδ’</span> <span class='ocrx_word' id='word_1_218' title='bbox 2919 2068 3030 2137; x_wconf 80' lang='grc' dir='ltr'>ἔχει</span> <span class='ocrx_word' id='word_1_219' title='bbox 3067 2066 3224 2120; x_wconf 88' lang='grc' dir='ltr'>τοῦτο</span> <span class='ocrx_word' id='word_1_220' title='bbox 3259 2067 3286 2120; x_wconf 96' lang='lat'><strong>6</strong></span> <span class='ocrx_word' id='word_1_221' title='bbox 3313 2068 3503 2129; x_wconf 80' lang='grc' dir='ltr'>πάπας</span> <span class='ocrx_word' id='word_1_222' title='bbox 3615 2065 4026 2134; x_wconf 70' lang='grc' dir='ltr'>πρωτόθρονος,</span> 
     </span>
    </p>
   </div>
   <div class='ocr_carea' id='block_1_27' title="bbox 783 2149 2476 2230">
    <p class='ocr_par' dir='ltr' id='par_1_27' title="bbox 783 2149 2476 2222">
     <span class='ocr_line' id='line_1_27' title="bbox 783 2149 2476 2222; baseline -0.001 -17"><span class='ocrx_word' id='word_1_223' title='bbox 783 2167 1001 2221; x_wconf 87' lang='lat' dir='ltr'><strong>scopus,</strong></span> <span class='ocrx_word' id='word_1_224' title='bbox 1038 2163 1185 2206; x_wconf 86' lang='lat' dir='ltr'><strong>certe</strong></span> <span class='ocrx_word' id='word_1_225' title='bbox 1223 2152 1403 2207; x_wconf 84' lang='lat' dir='ltr'><strong>omnis</strong></span> <span class='ocrx_word' id='word_1_226' title='bbox 1451 2167 1588 2222; x_wconf 90' lang='lat' dir='ltr'><strong>papa</strong></span> <span class='ocrx_word' id='word_1_227' title='bbox 1637 2152 1739 2206; x_wconf 91' lang='lat' dir='ltr'><strong>hoc</strong></span> <span class='ocrx_word' id='word_1_228' title='bbox 1786 2151 1970 2206; x_wconf 86' lang='lat' dir='ltr'><strong>habet.</strong></span> <span class='ocrx_word' id='word_1_229' title='bbox 2011 2149 2107 2205; x_wconf 82' lang='lat' dir='ltr'><strong>His</strong></span> <span class='ocrx_word' id='word_1_230' title='bbox 2147 2159 2340 2204; x_wconf 83' lang='lat' dir='ltr'><strong>testem</strong></span> <span class='ocrx_word' id='word_1_231' title='bbox 2448 2176 2476 2210; x_wconf 81' lang='grc' dir='ltr'>κ</span> 
     </span>
    </p>
   </div>
   <div class='ocr_carea' id='block_1_28' title="bbox 2337 2149 4030 2230">
    <p class='ocr_par' dir='ltr' id='par_1_28' title="bbox 2337 2157 4030 2230">
     <span class='ocr_line' id='line_1_28' title="bbox 2337 2157 4030 2230; baseline -0.001 -20"><span class='ocrx_word' id='word_1_232' title='bbox 2337 2172 2340 2202; x_wconf 68' lang='grc' dir='ltr'><strong>ι</strong></span> <span class='ocrx_word' id='word_1_233' title='bbox 2448 2159 2541 2212; x_wconf 74' lang='grc' dir='ltr'>καὶ</span> <span class='ocrx_word' id='word_1_234' title='bbox 2583 2162 2689 2221; x_wconf 79' lang='grc' dir='ltr'><strong>πᾶς</strong></span> <span class='ocrx_word' id='word_1_235' title='bbox 2717 2160 2825 2230; x_wconf 78' lang='grc' dir='ltr'>ἄρα</span> <span class='ocrx_word' id='word_1_236' title='bbox 2857 2161 3108 2224; x_wconf 78' lang='grc' dir='ltr'>πάππας.</span> <span class='ocrx_word' id='word_1_237' title='bbox 3143 2161 3536 2230; x_wconf 82' lang='grc' dir='ltr'>Συμμαρτυρεῖ</span> <span class='ocrx_word' id='word_1_238' title='bbox 3582 2158 3792 2220; x_wconf 77' lang='grc' dir='ltr'>τούτοις</span> <span class='ocrx_word' id='word_1_239' title='bbox 3844 2157 3932 2208; x_wconf 72' lang='grc' dir='ltr'>καὶ</span> <span class='ocrx_word' id='word_1_240' title='bbox 3996 2159 4030 2209; x_wconf 83' lang='lat'><strong>6</strong></span> 
     </span>
    </p>
   </div>
   <div class='ocr_carea' id='block_1_29' title="bbox 783 2243 2476 2320">
    <p class='ocr_par' dir='ltr' id='par_1_29' title="bbox 783 2243 2476 2320">
     <span class='ocr_line' id='line_1_29' title="bbox 783 2243 2476 2320; baseline 0.001 -24"><span class='ocrx_word' id='word_1_241' title='bbox 783 2261 842 2297; x_wconf 82' lang='lat' dir='ltr'><strong>se</strong></span> <span class='ocrx_word' id='word_1_242' title='bbox 873 2244 964 2298; x_wconf 88' lang='lat' dir='ltr'><strong>dat</strong></span> <span class='ocrx_word' id='word_1_243' title='bbox 997 2245 1296 2314; x_wconf 84' lang='lat' dir='ltr'><strong>imperator</strong></span> <span class='ocrx_word' id='word_1_244' title='bbox 1325 2243 1718 2300; x_wconf 84' lang='lat' dir='ltr'><strong>Constantinus</strong></span> <span class='ocrx_word' id='word_1_245' title='bbox 1752 2245 2062 2314; x_wconf 76' lang='lat' dir='ltr'><strong>Pogonatus</strong></span> <span class='ocrx_word' id='word_1_246' title='bbox 2096 2244 2150 2298; x_wconf 92' lang='lat' dir='ltr'><strong>in</strong></span> <span class='ocrx_word' id='word_1_247' title='bbox 2186 2257 2344 2298; x_wconf 89' lang='lat' dir='ltr'><strong>sacro</strong></span> <span class='ocrx_word' id='word_1_248' title='bbox 2448 2250 2476 2320; x_wconf 84' lang='grc' dir='ltr'>β</span> 
     </span>
    </p>
   </div>
   <div class='ocr_carea' id='block_1_30' title="bbox 2336 2243 4029 2320">
    <p class='ocr_par' dir='ltr' id='par_1_30' title="bbox 2336 2250 4029 2320">
     <span class='ocr_line' id='line_1_30' title="bbox 2336 2250 4029 2320; baseline 0.001 -20"><span class='ocrx_word' id='word_1_249' title='bbox 2336 2260 2344 2295; x_wconf 68' lang='grc' dir='ltr'><strong>ι</strong></span> <span class='ocrx_word' id='word_1_250' title='bbox 2448 2250 2698 2320; x_wconf 72' lang='grc' dir='ltr'>βασιλεὺς</span> <span class='ocrx_word' id='word_1_251' title='bbox 2718 2254 3126 2315; x_wconf 80' lang='grc' dir='ltr'>Κωνσταντῖνος</span> <span class='ocrx_word' id='word_1_252' title='bbox 3152 2253 3180 2304; x_wconf 89' lang='lat'><strong>6</strong></span> <span class='ocrx_word' id='word_1_253' title='bbox 3205 2253 3539 2320; x_wconf 76' lang='grc' dir='ltr'>Πωγωνὰτος</span> <span class='ocrx_word' id='word_1_254' title='bbox 3566 2251 3622 2301; x_wconf 82' lang='grc' dir='ltr'>ὲν</span> <span class='ocrx_word' id='word_1_255' title='bbox 3652 2253 3716 2318; x_wconf 82' lang='grc' dir='ltr'>τῇ</span> <span class='ocrx_word' id='word_1_256' title='bbox 3752 2250 4029 2316; x_wconf 73' lang='grc' dir='ltr'>ἀντιγρά-</span> 
     </span>
    </p>
   </div>
   <div class='ocr_carea' id='block_1_31' title="bbox 785 2334 2478 2413">
    <p class='ocr_par' dir='ltr' id='par_1_31' title="bbox 785 2334 2478 2408">
     <span class='ocr_line' id='line_1_31' title="bbox 785 2334 2478 2408; baseline 0.002 -21"><span class='ocrx_word' id='word_1_257' title='bbox 785 2335 1053 2404; x_wconf 64' lang='lat' dir='ltr'><strong>rescripto</strong></span> <span class='ocrx_word' id='word_1_258' title='bbox 1087 2336 1152 2388; x_wconf 88' lang='lat' dir='ltr'><strong>ad</strong></span> <span class='ocrx_word' id='word_1_259' title='bbox 1186 2334 1424 2390; x_wconf 88' lang='lat' dir='ltr'><strong>Leonem</strong></span> <span class='ocrx_word' id='word_1_260' title='bbox 1464 2351 1702 2406; x_wconf 89' lang='lat' dir='ltr'><strong>papam:</strong></span> <span class='ocrx_word' id='word_1_261' title='bbox 1748 2354 1766 2388; x_wconf 86' lang='grc'><em>‹</em></span> <span class='ocrx_word' id='word_1_262' title='bbox 1805 2336 1875 2391; x_wconf 82' lang='grc' dir='ltr'><strong>Εῑ</strong></span> <span class='ocrx_word' id='word_1_263' title='bbox 1917 2336 2108 2406; x_wconf 80' lang='lat' dir='ltr'><strong>gloria,</strong></span> <span class='ocrx_word' id='word_1_264' title='bbox 2143 2335 2340 2405; x_wconf 87' lang='lat' dir='ltr'><strong>inquit,</strong></span> <span class='ocrx_word' id='word_1_265' title='bbox 2448 2358 2478 2408; x_wconf 67' lang='grc' dir='ltr'><strong><em>ᾳ</em></strong></span> 
     </span>
    </p>
   </div>
   <div class='ocr_carea' id='block_1_32' title="bbox 2340 2334 4033 2413">
    <p class='ocr_par' dir='ltr' id='par_1_32' title="bbox 2448 2342 4033 2413">
     <span class='ocr_line' id='line_1_32' title="bbox 2448 2342 4033 2413; baseline 0.003 -22"><span class='ocrx_word' id='word_1_266' title='bbox 2448 2358 2532 2412; x_wconf 78' lang='grc' dir='ltr'>φφ</span> <span class='ocrx_word' id='word_1_267' title='bbox 2567 2343 2751 2413; x_wconf 78' lang='grc' dir='ltr'>Σάκρᾳ</span> <span class='ocrx_word' id='word_1_268' title='bbox 2797 2344 2934 2412; x_wconf 81' lang='grc' dir='ltr'>πρός</span> <span class='ocrx_word' id='word_1_269' title='bbox 2963 2347 3165 2397; x_wconf 82' lang='grc' dir='ltr'>Λέοντα</span> <span class='ocrx_word' id='word_1_270' title='bbox 3201 2342 3293 2396; x_wconf 80' lang='grc' dir='ltr'>τὸν</span> <span class='ocrx_word' id='word_1_271' title='bbox 3328 2344 3560 2396; x_wconf 74' lang='grc' dir='ltr'>πάππαν</span> <span class='ocrx_word' id='word_1_272' title='bbox 3605 2343 3746 2394; x_wconf 76' lang='grc' dir='ltr'>κατὰ</span> <span class='ocrx_word' id='word_1_273' title='bbox 3790 2343 3891 2410; x_wconf 82' lang='grc' dir='ltr'>τὴν</span> <span class='ocrx_word' id='word_1_274' title='bbox 3947 2345 4033 2406; x_wconf 68' lang='grc' dir='ltr'>ιη’</span> 
     </span>
    </p>
   </div>
   <div class='ocr_carea' id='block_1_33' title="bbox 785 2427 2478 2505">
    <p class='ocr_par' dir='ltr' id='par_1_33' title="bbox 785 2427 2476 2497">
     <span class='ocr_line' id='line_1_33' title="bbox 785 2427 2476 2497; baseline -0.002 -15"><span class='ocrx_word' id='word_1_275' title='bbox 785 2429 1020 2497; x_wconf 79' lang='lat' dir='ltr'><strong>gloriosa</strong></span> <span class='ocrx_word' id='word_1_276' title='bbox 1053 2428 1277 2482; x_wconf 77' lang='lat' dir='ltr'><strong>facienti</strong></span> <span class='ocrx_word' id='word_1_277' title='bbox 1306 2427 1439 2492; x_wconf 90' lang='lat' dir='ltr'><strong>Deo,</strong></span> <span class='ocrx_word' id='word_1_278' title='bbox 1466 2429 1559 2497; x_wconf 93' lang='lat' dir='ltr'><strong>qui</strong></span> <span class='ocrx_word' id='word_1_279' title='bbox 1594 2428 1756 2482; x_wconf 87' lang='lat' dir='ltr'><strong>ﬁdem</strong></span> <span class='ocrx_word' id='word_1_280' title='bbox 1788 2428 1930 2497; x_wconf 88' lang='lat' dir='ltr'><strong>apud</strong></span> <span class='ocrx_word' id='word_1_281' title='bbox 1967 2444 2062 2482; x_wconf 77' lang='lat' dir='ltr'><strong>vos</strong></span> <span class='ocrx_word' id='word_1_282' title='bbox 2093 2427 2344 2496; x_wconf 89' lang='lat' dir='ltr'><strong>indcpra-</strong></span> <span class='ocrx_word' id='word_1_283' title='bbox 2447 2454 2476 2489; x_wconf 83' lang='grc' dir='ltr'><strong>τ</strong></span> 
     </span>
    </p>
   </div>
   <div class='ocr_carea' id='block_1_34' title="bbox 1750 2427 3443 2505">
    <p class='ocr_par' dir='ltr' id='par_1_34' title="bbox 1750 2427 3443 2505">
     <span class='ocr_line' id='line_1_34' title="bbox 1750 2427 3443 2505; baseline 0.001 -19"><span class='ocrx_word' id='word_1_284' title='bbox 1750 2447 1756 2481; x_wconf 82' lang='grc' dir='ltr'><strong>ι</strong></span> <span class='ocrx_word' id='word_1_285' title='bbox 1788 2428 1930 2497; x_wconf 81' lang='lat' dir='ltr'><strong>apud</strong></span> <span class='ocrx_word' id='word_1_286' title='bbox 1967 2444 2062 2482; x_wconf 71' lang='lat' dir='ltr'><strong>VOS</strong></span> <span class='ocrx_word' id='word_1_287' title='bbox 2093 2427 2344 2496; x_wconf 69' lang='grc' dir='ltr'><strong>ἱηάοιπδ-</strong></span> <span class='ocrx_word' id='word_1_288' title='bbox 2447 2436 2546 2505; x_wconf 83' lang='grc' dir='ltr'>τῆς</span> <span class='ocrx_word' id='word_1_289' title='bbox 2568 2435 2736 2504; x_wconf 76' lang='grc' dir='ltr'>ἕκτης</span> <span class='ocrx_word' id='word_1_290' title='bbox 2771 2438 2989 2489; x_wconf 80' lang='grc' dir='ltr'>συνόδου</span> <span class='ocrx_word' id='word_1_291' title='bbox 3021 2437 3243 2505; x_wconf 77' lang='grc' dir='ltr'>πρᾶξιν,</span> <span class='ocrx_word' id='word_1_292' title='bbox 3277 2437 3335 2488; x_wconf 81' lang='grc' dir='ltr'>ἐν</span> <span class='ocrx_word' id='word_1_293' title='bbox 3364 2431 3443 2495; x_wconf 77' lang='grc' dir='ltr'>οἷς</span> 
     </span>
    </p>
   </div>
   <div class='ocr_carea' id='block_1_35' title="bbox 786 2519 2479 2597">
    <p class='ocr_par' dir='ltr' id='par_1_35' title="bbox 786 2519 2476 2594">
     <span class='ocr_line' id='line_1_35' title="bbox 786 2519 2476 2594; baseline 0 -21"><span class='ocrx_word' id='word_1_294' title='bbox 786 2533 965 2575; x_wconf 61' lang='lat' dir='ltr'><strong>ratam</strong></span> <span class='ocrx_word' id='word_1_295' title='bbox 994 2525 1360 2577; x_wconf 81' lang='lat' dir='ltr'><strong>conservavit.</strong></span> <span class='ocrx_word' id='word_1_296' title='bbox 1391 2521 1681 2588; x_wconf 83' lang='lat' dir='ltr'><strong>Quomodo</strong></span> <span class='ocrx_word' id='word_1_297' title='bbox 1710 2521 1856 2575; x_wconf 88' lang='lat' dir='ltr'><strong>enim</strong></span> <span class='ocrx_word' id='word_1_298' title='bbox 1887 2520 1940 2574; x_wconf 87' lang='lat' dir='ltr'><strong>id</strong></span> <span class='ocrx_word' id='word_1_299' title='bbox 1966 2519 2209 2575; x_wconf 76' lang='lat' dir='ltr'><strong>facturus</strong></span> <span class='ocrx_word' id='word_1_300' title='bbox 2234 2535 2343 2573; x_wconf 92' lang='lat' dir='ltr'><strong>non</strong></span> <span class='ocrx_word' id='word_1_301' title='bbox 2449 2530 2476 2594; x_wconf 82' lang='grc' dir='ltr'>ξ</span> 
     </span>
    </p>
   </div>
   <div class='ocr_carea' id='block_1_36' title="bbox 2337 2519 4030 2597">
    <p class='ocr_par' dir='ltr' id='par_1_36' title="bbox 2337 2526 4030 2597">
     <span class='ocr_line' id='line_1_36' title="bbox 2337 2526 4030 2597; baseline -0.004 -15"><span class='ocrx_word' id='word_1_302' title='bbox 2337 2539 2343 2573; x_wconf 88' lang='lat'><strong>|</strong></span> <span class='ocrx_word' id='word_1_303' title='bbox 2449 2530 2516 2594; x_wconf 83' lang='grc' dir='ltr'>ξα</span> <span class='ocrx_word' id='word_1_304' title='bbox 2539 2529 2615 2597; x_wconf 83' lang='grc' dir='ltr'><strong>τῷ</strong></span> <span class='ocrx_word' id='word_1_305' title='bbox 2651 2528 2892 2581; x_wconf 80' lang='grc' dir='ltr'>ποιοῦντι</span> <span class='ocrx_word' id='word_1_306' title='bbox 2917 2529 3278 2597; x_wconf 74' lang='grc' dir='ltr'>δεδοξασμένα</span> <span class='ocrx_word' id='word_1_307' title='bbox 3308 2527 3450 2597; x_wconf 83' lang='grc' dir='ltr'>Θεῷ,</span> <span class='ocrx_word' id='word_1_308' title='bbox 3492 2527 3568 2597; x_wconf 83' lang='grc' dir='ltr'>τῷ</span> <span class='ocrx_word' id='word_1_309' title='bbox 3599 2528 3726 2595; x_wconf 79' lang='grc' dir='ltr'>παρ’</span> <span class='ocrx_word' id='word_1_310' title='bbox 3753 2527 3878 2593; x_wconf 81' lang='grc' dir='ltr'>ὑμῖν</span> <span class='ocrx_word' id='word_1_311' title='bbox 3919 2526 4030 2576; x_wconf 84' lang='grc' dir='ltr'>πί-</span> 
     </span>
    </p>
   </div>
   <div class='ocr_carea' id='block_1_37' title="bbox 853 878 2339 948">
    <p class='ocr_par' dir='ltr' id='par_1_37' title="bbox 853 878 2339 948">
     <span class='ocr_line' id='line_1_37' title="bbox 853 878 2339 948; baseline -0.003 -13"><span class='ocrx_word' id='word_1_312' title='bbox 853 883 1006 948; x_wconf 79' lang='lat' dir='ltr'><strong>Quod</strong></span> <span class='ocrx_word' id='word_1_313' title='bbox 1041 882 1187 935; x_wconf 90' lang='lat' dir='ltr'><strong>enim</strong></span> <span class='ocrx_word' id='word_1_314' title='bbox 1217 881 1399 936; x_wconf 66' lang='lat' dir='ltr'><strong>Graece</strong></span> <span class='ocrx_word' id='word_1_315' title='bbox 1433 880 1641 944; x_wconf 86' lang='lat' dir='ltr'><strong>dicunt,</strong></span> <span class='ocrx_word' id='word_1_316' title='bbox 1673 879 1870 933; x_wconf 79' lang='lat' dir='ltr'><strong>vulnus</strong></span> <span class='ocrx_word' id='word_1_317' title='bbox 1899 890 2006 931; x_wconf 87' lang='lat' dir='ltr'><strong>non</strong></span> <span class='ocrx_word' id='word_1_318' title='bbox 2039 878 2339 946; x_wconf 78' lang='lat' dir='ltr'><strong>excipiens,</strong></span> 
     </span>
    </p>
   </div>
   <div class='ocr_carea' id='block_1_38' title="bbox 781 970 2339 1042">
    <p class='ocr_par' dir='ltr' id='par_1_38' title="bbox 781 970 2339 1042">
     <span class='ocr_line' id='line_1_38' title="bbox 781 970 2339 1042; baseline -0.003 -15"><span class='ocrx_word' id='word_1_319' title='bbox 781 973 1013 1041; x_wconf 83' lang='lat' dir='ltr'><strong>perinde</strong></span> <span class='ocrx_word' id='word_1_320' title='bbox 1069 982 1154 1026; x_wconf 86' lang='lat' dir='ltr'><strong>est</strong></span> <span class='ocrx_word' id='word_1_321' title='bbox 1207 985 1372 1042; x_wconf 87' lang='lat' dir='ltr'><strong>atque</strong></span> <span class='ocrx_word' id='word_1_322' title='bbox 1429 971 1869 1035; x_wconf 80' lang='lat' dir='ltr'><strong>invulnerabilis;</strong></span> <span class='ocrx_word' id='word_1_323' title='bbox 1927 971 2200 1040; x_wconf 90' lang='lat' dir='ltr'><strong>quomodo</strong></span> <span class='ocrx_word' id='word_1_324' title='bbox 2246 970 2339 1039; x_wconf 90' lang='lat' dir='ltr'><strong>qui</strong></span> 
     </span>
    </p>
   </div>
   <div class='ocr_carea' id='block_1_39' title="bbox 781 1063 2338 1133">
    <p class='ocr_par' dir='ltr' id='par_1_39' title="bbox 781 1063 2338 1133">
     <span class='ocr_line' id='line_1_39' title="bbox 781 1063 2338 1133; baseline -0.002 -17"><span class='ocrx_word' id='word_1_325' title='bbox 781 1066 968 1118; x_wconf 69' lang='lat' dir='ltr'><strong>Crmce</strong></span> <span class='ocrx_word' id='word_1_326' title='bbox 1000 1065 1320 1133; x_wconf 80' lang='lat' dir='ltr'><strong>loquuntur,</strong></span> <span class='ocrx_word' id='word_1_327' title='bbox 1357 1063 1569 1127; x_wconf 79' lang='lat' dir='ltr'><strong>dicunt,</strong></span> <span class='ocrx_word' id='word_1_328' title='bbox 1597 1064 1914 1132; x_wconf 82' lang='lat' dir='ltr'><strong>apparentia</strong></span> <span class='ocrx_word' id='word_1_329' title='bbox 1945 1072 1999 1115; x_wconf 89' lang='lat' dir='ltr'><strong>et</strong></span> <span class='ocrx_word' id='word_1_330' title='bbox 2032 1077 2140 1114; x_wconf 91' lang='lat' dir='ltr'><strong>non</strong></span> <span class='ocrx_word' id='word_1_331' title='bbox 2175 1077 2338 1130; x_wconf 83' lang='lat' dir='ltr'><strong>appa-</strong></span> 
     </span>
    </p>
   </div>
   <div class='ocr_carea' id='block_1_40' title="bbox 782 1154 2339 1226">
    <p class='ocr_par' dir='ltr' id='par_1_40' title="bbox 782 1154 2339 1226">
     <span class='ocr_line' id='line_1_40' title="bbox 782 1154 2339 1226; baseline -0.004 -14"><span class='ocrx_word' id='word_1_332' title='bbox 782 1158 984 1224; x_wconf 90' lang='lat' dir='ltr'><strong>rentia,</strong></span> <span class='ocrx_word' id='word_1_333' title='bbox 1017 1159 1067 1211; x_wconf 88' lang='lat' dir='ltr'><strong>id</strong></span> <span class='ocrx_word' id='word_1_334' title='bbox 1103 1165 1189 1211; x_wconf 89' lang='lat' dir='ltr'><strong>est</strong></span> <span class='ocrx_word' id='word_1_335' title='bbox 1227 1171 1490 1226; x_wconf 83' lang='lat' dir='ltr'><strong>apparere</strong></span> <span class='ocrx_word' id='word_1_336' title='bbox 1521 1173 1630 1211; x_wconf 93' lang='lat' dir='ltr'><strong>non</strong></span> <span class='ocrx_word' id='word_1_337' title='bbox 1664 1157 1921 1211; x_wconf 75' lang='lat' dir='ltr'><strong>valentia.</strong></span> <span class='ocrx_word' id='word_1_338' title='bbox 1960 1157 2026 1208; x_wconf 87' lang='lat' dir='ltr'><strong>Et</strong></span> <span class='ocrx_word' id='word_1_339' title='bbox 2057 1154 2124 1209; x_wconf 89' lang='lat' dir='ltr'><strong>de</strong></span> <span class='ocrx_word' id='word_1_340' title='bbox 2159 1168 2339 1208; x_wconf 75' lang='lat' dir='ltr'><strong>sacro~</strong></span> 
     </span>
    </p>
   </div>
   <div class='ocr_carea' id='block_1_41' title="bbox 782 1240 2342 1310">
    <p class='ocr_par' dir='ltr' id='par_1_41' title="bbox 782 1240 2342 1310">
     <span class='ocr_line' id='line_1_41' title="bbox 782 1240 2342 1310; baseline -0.004 -10"><span class='ocrx_word' id='word_1_341' title='bbox 782 1255 967 1301; x_wconf 89' lang='lat' dir='ltr'><strong>sancta</strong></span> <span class='ocrx_word' id='word_1_342' title='bbox 1021 1246 1364 1300; x_wconf 81' lang='lat' dir='ltr'><strong>Eucharistia</strong></span> <span class='ocrx_word' id='word_1_343' title='bbox 1399 1262 1414 1300; x_wconf 88' lang='lat'><strong>:</strong></span> <span class='ocrx_word' id='word_1_344' title='bbox 1453 1245 1556 1310; x_wconf 82' lang='lat' dir='ltr'><strong>Qui</strong></span> <span class='ocrx_word' id='word_1_345' title='bbox 1607 1244 1935 1308; x_wconf 83' lang='lat' dir='ltr'><strong>comeditur,</strong></span> <span class='ocrx_word' id='word_1_346' title='bbox 1975 1253 2029 1296; x_wconf 90' lang='lat' dir='ltr'><strong>et</strong></span> <span class='ocrx_word' id='word_1_347' title='bbox 2084 1255 2195 1295; x_wconf 89' lang='lat' dir='ltr'><strong>non</strong></span> <span class='ocrx_word' id='word_1_348' title='bbox 2245 1240 2342 1295; x_wconf 85' lang='lat' dir='ltr'><strong>ab-</strong></span> 
     </span>
    </p>
   </div>
   <div class='ocr_carea' id='block_1_42' title="bbox 780 1332 2340 1405">
    <p class='ocr_par' dir='ltr' id='par_1_42' title="bbox 780 1332 2340 1405">
     <span class='ocr_line' id='line_1_42' title="bbox 780 1332 2340 1405; baseline -0.002 -15"><span class='ocrx_word' id='word_1_349' title='bbox 780 1337 1034 1401; x_wconf 82' lang='lat' dir='ltr'><strong>sumitur,</strong></span> <span class='ocrx_word' id='word_1_350' title='bbox 1071 1336 1126 1390; x_wconf 87' lang='lat' dir='ltr'><strong>id</strong></span> <span class='ocrx_word' id='word_1_351' title='bbox 1160 1345 1246 1390; x_wconf 81' lang='lat' dir='ltr'><strong>est</strong></span> <span class='ocrx_word' id='word_1_352' title='bbox 1277 1337 1369 1405; x_wconf 89' lang='lat' dir='ltr'><strong>qui</strong></span> <span class='ocrx_word' id='word_1_353' title='bbox 1404 1335 1616 1390; x_wconf 82' lang='lat' dir='ltr'><strong>absumi</strong></span> <span class='ocrx_word' id='word_1_354' title='bbox 1652 1348 1759 1386; x_wconf 87' lang='lat' dir='ltr'><strong>non</strong></span> <span class='ocrx_word' id='word_1_355' title='bbox 1797 1341 1994 1402; x_wconf 85' lang='lat' dir='ltr'><strong>potest.</strong></span> <span class='ocrx_word' id='word_1_356' title='bbox 2032 1332 2150 1397; x_wconf 86' lang='lat' dir='ltr'><strong>Quo</strong></span> <span class='ocrx_word' id='word_1_357' title='bbox 2182 1343 2340 1400; x_wconf 82' lang='lat' dir='ltr'><strong>parto</strong></span> 
     </span>
    </p>
   </div>
   <div class='ocr_carea' id='block_1_43' title="bbox 779 1423 2339 1487">
    <p class='ocr_par' dir='ltr' id='par_1_43' title="bbox 779 1423 2339 1487">
     <span class='ocr_line' id='line_1_43' title="bbox 779 1423 2339 1487; baseline -0.003 -9"><span class='ocrx_word' id='word_1_358' title='bbox 779 1427 1018 1482; x_wconf 88' lang='lat' dir='ltr'><strong>dicimus</strong></span> <span class='ocrx_word' id='word_1_359' title='bbox 1048 1429 1212 1482; x_wconf 88' lang='lat' dir='ltr'><strong>etiam</strong></span> <span class='ocrx_word' id='word_1_360' title='bbox 1244 1426 1411 1481; x_wconf 88' lang='lat' dir='ltr'><strong>solem</strong></span> <span class='ocrx_word' id='word_1_361' title='bbox 1444 1439 1552 1478; x_wconf 92' lang='lat' dir='ltr'><strong>non</strong></span> <span class='ocrx_word' id='word_1_362' title='bbox 1583 1423 2073 1487; x_wconf 87' lang='lat' dir='ltr'><strong>tenebresccntem,</strong></span> <span class='ocrx_word' id='word_1_363' title='bbox 2102 1430 2157 1476; x_wconf 89' lang='lat' dir='ltr'><strong>et</strong></span> <span class='ocrx_word' id='word_1_364' title='bbox 2185 1431 2339 1474; x_wconf 82' lang='lat' dir='ltr'><strong>tene-</strong></span> 
     </span>
    </p>
   </div>
   <div class='ocr_carea' id='block_1_44' title="bbox 781 1512 2337 1582">
    <p class='ocr_par' dir='ltr' id='par_1_44' title="bbox 781 1512 2337 1582">
     <span class='ocr_line' id='line_1_44' title="bbox 781 1512 2337 1582; baseline -0.003 -13"><span class='ocrx_word' id='word_1_365' title='bbox 781 1519 906 1573; x_wconf 84' lang='lat' dir='ltr'><strong>bras</strong></span> <span class='ocrx_word' id='word_1_366' title='bbox 932 1534 1039 1572; x_wconf 91' lang='lat' dir='ltr'><strong>non</strong></span> <span class='ocrx_word' id='word_1_367' title='bbox 1070 1518 1430 1581; x_wconf 85' lang='lat' dir='ltr'><strong>lucescentes,</strong></span> <span class='ocrx_word' id='word_1_368' title='bbox 1461 1524 1516 1570; x_wconf 82' lang='lat' dir='ltr'><strong>et</strong></span> <span class='ocrx_word' id='word_1_369' title='bbox 1551 1515 1605 1568; x_wconf 95' lang='lat' dir='ltr'><strong>in</strong></span> <span class='ocrx_word' id='word_1_370' title='bbox 1637 1514 1865 1582; x_wconf 87' lang='lat' dir='ltr'><strong>epistola</strong></span> <span class='ocrx_word' id='word_1_371' title='bbox 1902 1512 1967 1566; x_wconf 91' lang='lat' dir='ltr'><strong>ad</strong></span> <span class='ocrx_word' id='word_1_372' title='bbox 2004 1513 2337 1582; x_wconf 79' lang='lat' dir='ltr'><strong>Agathonem</strong></span> 
     </span>
    </p>
   </div>
   <div class='ocr_carea' id='block_1_45' title="bbox 781 1603 2340 1676">
    <p class='ocr_par' dir='ltr' id='par_1_45' title="bbox 781 1603 2340 1676">
     <span class='ocr_line' id='line_1_45' title="bbox 781 1603 2340 1676; baseline -0.004 -16"><span class='ocrx_word' id='word_1_373' title='bbox 781 1623 970 1676; x_wconf 83' lang='lat' dir='ltr'><strong>papam</strong></span> <span class='ocrx_word' id='word_1_374' title='bbox 1005 1606 1164 1660; x_wconf 83' lang='lat' dir='ltr'><strong>iidem</strong></span> <span class='ocrx_word' id='word_1_375' title='bbox 1202 1608 1389 1660; x_wconf 84' lang='lat' dir='ltr'><strong>Patres</strong></span> <span class='ocrx_word' id='word_1_376' title='bbox 1421 1622 1435 1658; x_wconf 92' lang='lat'><strong>:</strong></span> <span class='ocrx_word' id='word_1_377' title='bbox 1464 1625 1482 1658; x_wconf 73' lang='grc' dir='ltr'><strong>ι</strong></span> <span class='ocrx_word' id='word_1_378' title='bbox 1520 1606 1697 1670; x_wconf 86' lang='lat' dir='ltr'><strong>Quare</strong></span> <span class='ocrx_word' id='word_1_379' title='bbox 1729 1614 1784 1658; x_wconf 88' lang='lat' dir='ltr'><strong>et</strong></span> <span class='ocrx_word' id='word_1_380' title='bbox 1812 1619 1911 1658; x_wconf 90' lang='lat' dir='ltr'><strong>nos</strong></span> <span class='ocrx_word' id='word_1_381' title='bbox 1950 1604 2043 1657; x_wconf 88' lang='lat' dir='ltr'><strong>tibi</strong></span> <span class='ocrx_word' id='word_1_382' title='bbox 2072 1613 2129 1656; x_wconf 89' lang='lat' dir='ltr'><strong>ut</strong></span> <span class='ocrx_word' id='word_1_383' title='bbox 2164 1603 2340 1673; x_wconf 90' lang='lat' dir='ltr'><strong>primo</strong></span> 
     </span>
    </p>
   </div>
   <div class='ocr_carea' id='block_1_46' title="bbox 3501 2434 4038 2503">
    <p class='ocr_par' dir='ltr' id='par_1_46' title="bbox 3501 2434 4038 2503">
     <span class='ocr_line' id='line_1_46' title="bbox 3501 2434 4038 2503; baseline -0.002 -17"><span class='ocrx_word' id='word_1_384' title='bbox 3501 2453 3666 2503; x_wconf 76' lang='grc' dir='ltr'>φησιν</span> <span class='ocrx_word' id='word_1_385' title='bbox 3700 2451 3713 2464; x_wconf 93' lang='grc'><strong>·</strong></span> <span class='ocrx_word' id='word_1_386' title='bbox 3753 2454 3769 2484; x_wconf 77' lang='grc' dir='ltr'><strong>ι</strong></span> <span class='ocrx_word' id='word_1_387' title='bbox 3804 2434 3909 2485; x_wconf 75' lang='grc' dir='ltr'><strong>Καὶ</strong></span> <span class='ocrx_word' id='word_1_388' title='bbox 3932 2434 4038 2485; x_wconf 69' lang='grc' dir='ltr'>δό-</span> 
     </span>
    </p>
   </div>
   <div class='ocr_carea' id='block_1_47' title="bbox 783 2612 2345 2683">
    <p class='ocr_par' dir='ltr' id='par_1_47' title="bbox 783 2612 2345 2683">
     <span class='ocr_line' id='line_1_47' title="bbox 783 2612 2345 2683; baseline 0.001 -19"><span class='ocrx_word' id='word_1_389' title='bbox 783 2623 901 2666; x_wconf 83' lang='lat' dir='ltr'><strong>erat</strong></span> <span class='ocrx_word' id='word_1_390' title='bbox 940 2614 992 2667; x_wconf 93' lang='lat' dir='ltr'><strong>in</strong></span> <span class='ocrx_word' id='word_1_391' title='bbox 1018 2628 1085 2668; x_wconf 82' lang='lat' dir='ltr'><strong>ea</strong></span> <span class='ocrx_word' id='word_1_392' title='bbox 1128 2621 1299 2681; x_wconf 84' lang='lat' dir='ltr'><strong>petra,</strong></span> <span class='ocrx_word' id='word_1_393' title='bbox 1328 2628 1492 2682; x_wconf 83' lang='lat' dir='ltr'><strong>super</strong></span> <span class='ocrx_word' id='word_1_394' title='bbox 1521 2627 1682 2682; x_wconf 88' lang='lat' dir='ltr'><strong>quam</strong></span> <span class='ocrx_word' id='word_1_395' title='bbox 1729 2613 1845 2683; x_wconf 84' lang='lat' dir='ltr'><strong>ipse</strong></span> <span class='ocrx_word' id='word_1_396' title='bbox 1875 2612 2124 2667; x_wconf 81' lang='lat' dir='ltr'><strong>fundavit</strong></span> <span class='ocrx_word' id='word_1_397' title='bbox 2156 2612 2345 2666; x_wconf 85' lang='lat' dir='ltr'><strong>Eccle-</strong></span> 
     </span>
    </p>
   </div>
   <div class='ocr_carea' id='block_1_48' title="bbox 786 2703 2344 2772">
    <p class='ocr_par' dir='ltr' id='par_1_48' title="bbox 786 2703 2344 2772">
     <span class='ocr_line' id='line_1_48' title="bbox 786 2703 2344 2772; baseline -0.001 -16"><span class='ocrx_word' id='word_1_398' title='bbox 786 2705 963 2770; x_wconf 78' lang='lat' dir='ltr'><strong>siain;</strong></span> <span class='ocrx_word' id='word_1_399' title='bbox 1003 2714 1060 2758; x_wconf 88' lang='lat' dir='ltr'><strong>et</strong></span> <span class='ocrx_word' id='word_1_400' title='bbox 1100 2705 1272 2772; x_wconf 86' lang='lat' dir='ltr'><strong>portis</strong></span> <span class='ocrx_word' id='word_1_401' title='bbox 1306 2703 1489 2768; x_wconf 91' lang='lat' dir='ltr'><strong>inferi,</strong></span> <span class='ocrx_word' id='word_1_402' title='bbox 1521 2705 1626 2758; x_wconf 91' lang='lat' dir='ltr'><strong>hoc</strong></span> <span class='ocrx_word' id='word_1_403' title='bbox 1648 2710 1732 2758; x_wconf 90' lang='lat' dir='ltr'><strong>est</strong></span> <span class='ocrx_word' id='word_1_404' title='bbox 1761 2703 2173 2769; x_wconf 71' lang='lat' dir='ltr'><strong>hzereticorum,</strong></span> <span class='ocrx_word' id='word_1_405' title='bbox 2209 2703 2344 2755; x_wconf 88' lang='lat' dir='ltr'><strong>insi-</strong></span> 
     </span>
    </p>
   </div>
   <div class='ocr_carea' id='block_1_49' title="bbox 786 2793 2346 2863">
    <p class='ocr_par' dir='ltr' id='par_1_49' title="bbox 786 2793 2346 2863">
     <span class='ocr_line' id='line_1_49' title="bbox 786 2793 2346 2863; baseline 0 -19"><span class='ocrx_word' id='word_1_406' title='bbox 786 2795 914 2856; x_wconf 82' lang='lat' dir='ltr'><strong>diis,</strong></span> <span class='ocrx_word' id='word_1_407' title='bbox 938 2808 1216 2863; x_wconf 80' lang='lat' dir='ltr'><strong>nunquam</strong></span> <span class='ocrx_word' id='word_1_408' title='bbox 1247 2795 1653 2850; x_wconf 87' lang='lat' dir='ltr'><strong>suceuhituram</strong></span> <span class='ocrx_word' id='word_1_409' title='bbox 1682 2793 1969 2863; x_wconf 71' lang='lat' dir='ltr'><strong>praedixit?</strong></span> <span class='ocrx_word' id='word_1_410' title='bbox 1996 2808 2063 2846; x_wconf 82' lang='lat' dir='ltr'><strong>ex</strong></span> <span class='ocrx_word' id='word_1_411' title='bbox 2092 2808 2197 2861; x_wconf 90' lang='lat' dir='ltr'><strong>qua</strong></span> <span class='ocrx_word' id='word_1_412' title='bbox 2229 2801 2346 2845; x_wconf 54' lang='lat' dir='ltr'><strong>tan.</strong></span> 
     </span>
    </p>
   </div>
   <div class='ocr_carea' id='block_1_50' title="bbox 787 2884 2348 2955">
    <p class='ocr_par' dir='ltr' id='par_1_50' title="bbox 787 2884 2348 2955">
     <span class='ocr_line' id='line_1_50' title="bbox 787 2884 2348 2955; baseline -0.003 -15"><span class='ocrx_word' id='word_1_413' title='bbox 787 2902 950 2955; x_wconf 89' lang='lat' dir='ltr'><strong>quam</strong></span> <span class='ocrx_word' id='word_1_414' title='bbox 976 2902 1006 2940; x_wconf 93' lang='lat' dir='ltr'><strong>e</strong></span> <span class='ocrx_word' id='word_1_415' title='bbox 1031 2886 1294 2941; x_wconf 68' lang='lat' dir='ltr'><strong>caelorum</strong></span> <span class='ocrx_word' id='word_1_416' title='bbox 1319 2887 1574 2940; x_wconf 67' lang='lat' dir='ltr'><strong>convexis</strong></span> <span class='ocrx_word' id='word_1_417' title='bbox 1603 2884 1812 2954; x_wconf 81' lang='lat' dir='ltr'><strong>eﬂ&#39;ulsit</strong></span> <span class='ocrx_word' id='word_1_418' title='bbox 1835 2899 2016 2939; x_wconf 89' lang='lat' dir='ltr'><strong>sermo</strong></span> <span class='ocrx_word' id='word_1_419' title='bbox 2045 2899 2189 2938; x_wconf 72' lang='grc' dir='ltr'>νει-ιε</span> <span class='ocrx_word' id='word_1_420' title='bbox 2217 2899 2348 2938; x_wconf 92' lang='lat' dir='ltr'><strong>con-</strong></span> 
     </span>
    </p>
   </div>
   <div class='ocr_carea' id='block_1_51' title="bbox 788 2975 2348 3044">
    <p class='ocr_par' dir='ltr' id='par_1_51' title="bbox 788 2975 2348 3044">
     <span class='ocr_line' id='line_1_51' title="bbox 788 2975 2348 3044; baseline -0.004 -11"><span class='ocrx_word' id='word_1_421' title='bbox 788 2978 1065 3044; x_wconf 74' lang='lat' dir='ltr'><strong>fessionis,</strong></span> <span class='ocrx_word' id='word_1_422' title='bbox 1097 2986 1154 3032; x_wconf 92' lang='lat' dir='ltr'><strong>et</strong></span> <span class='ocrx_word' id='word_1_423' title='bbox 1192 2977 1397 3034; x_wconf 85' lang='lat' dir='ltr'><strong>Christi</strong></span> <span class='ocrx_word' id='word_1_424' title='bbox 1441 2977 1742 3030; x_wconf 84' lang='lat' dir='ltr'><strong>amantium</strong></span> <span class='ocrx_word' id='word_1_425' title='bbox 1781 2976 1991 3030; x_wconf 82' lang='lat' dir='ltr'><strong>animas</strong></span> <span class='ocrx_word' id='word_1_426' title='bbox 2033 2975 2348 3040; x_wconf 82' lang='lat' dir='ltr'><strong>illustravit,</strong></span> 
     </span>
    </p>
   </div>
   <div class='ocr_carea' id='block_1_52' title="bbox 789 3066 2344 3137">
    <p class='ocr_par' dir='ltr' id='par_1_52' title="bbox 789 3066 2344 3137">
     <span class='ocr_line' id='line_1_52' title="bbox 789 3066 2344 3137; baseline -0.003 -16"><span class='ocrx_word' id='word_1_427' title='bbox 789 3077 845 3123; x_wconf 93' lang='lat' dir='ltr'><strong>et</strong></span> <span class='ocrx_word' id='word_1_428' title='bbox 875 3068 1234 3123; x_wconf 77' lang='lat' dir='ltr'><strong>orthodoxam</strong></span> <span class='ocrx_word' id='word_1_429' title='bbox 1271 3068 1436 3122; x_wconf 54' lang='lat' dir='ltr'><strong>ﬁdem»</strong></span> <span class='ocrx_word' id='word_1_430' title='bbox 1461 3082 1582 3137; x_wconf 71' lang='lat' dir='ltr'><strong>qua:</strong></span> <span class='ocrx_word' id='word_1_431' title='bbox 1623 3066 1914 3121; x_wconf 76' lang='lat' dir='ltr'><strong>refrixerat</strong></span> <span class='ocrx_word' id='word_1_432' title='bbox 1942 3066 2288 3120; x_wconf 80' lang='lat' dir='ltr'><strong>refocillavit.</strong></span> <span class='ocrx_word' id='word_1_433' title='bbox 2325 3083 2344 3116; x_wconf 78' lang='grc' dir='ltr'><strong>ι</strong></span> 
     </span>
    </p>
   </div>
   <div class='ocr_carea' id='block_1_53' title="bbox 860 3251 2349 3322">
    <p class='ocr_par' dir='ltr' id='par_1_53' title="bbox 860 3251 2349 3322">
     <span class='ocr_line' id='line_1_53' title="bbox 860 3251 2349 3322; baseline -0.014 -2"><span class='ocrx_word' id='word_1_434' title='bbox 860 3254 1071 3320; x_wconf 74' lang='grc' dir='ltr'><strong>Ουὶιηιε</strong></span> <span class='ocrx_word' id='word_1_435' title='bbox 1097 3271 1163 3309; x_wconf 76' lang='lat' dir='ltr'><strong>ex</strong></span> <span class='ocrx_word' id='word_1_436' title='bbox 1189 3255 1374 3309; x_wconf 74' lang='lat' dir='ltr'><strong>verbis</strong></span> <span class='ocrx_word' id='word_1_437' title='bbox 1409 3255 1520 3309; x_wconf 92' lang='lat' dir='ltr'><strong>duo</strong></span> <span class='ocrx_word' id='word_1_438' title='bbox 1537 3255 1704 3309; x_wconf 87' lang='lat' dir='ltr'><strong>habes</strong></span> <span class='ocrx_word' id='word_1_439' title='bbox 1741 3271 1753 3306; x_wconf 91' lang='lat'>:</span> <span class='ocrx_word' id='word_1_440' title='bbox 1791 3252 2030 3322; x_wconf 86' lang='lat' dir='ltr'><strong>primum</strong></span> <span class='ocrx_word' id='word_1_441' title='bbox 2051 3251 2349 3304; x_wconf 80' lang='lat' dir='ltr'><strong>Romanam</strong></span> 
     </span>
    </p>
   </div>
   <div class='ocr_carea' id='block_1_54' title="bbox 792 3339 2352 3414">
    <p class='ocr_par' dir='ltr' id='par_1_54' title="bbox 792 3339 2352 3414">
     <span class='ocr_line' id='line_1_54' title="bbox 792 3339 2352 3414; baseline -0.006 -16"><span class='ocrx_word' id='word_1_442' title='bbox 792 3346 976 3400; x_wconf 84' lang='lat' dir='ltr'><strong>sedem</strong></span> <span class='ocrx_word' id='word_1_443' title='bbox 1007 3353 1230 3414; x_wconf 86' lang='lat' dir='ltr'><strong>propter</strong></span> <span class='ocrx_word' id='word_1_444' title='bbox 1258 3344 1598 3398; x_wconf 86' lang='lat' dir='ltr'><strong>fundatorem</strong></span> <span class='ocrx_word' id='word_1_445' title='bbox 1631 3343 1910 3396; x_wconf 84' lang='lat' dir='ltr'><strong>Christum</strong></span> <span class='ocrx_word' id='word_1_446' title='bbox 1941 3356 2048 3394; x_wconf 93' lang='lat' dir='ltr'><strong>non</strong></span> <span class='ocrx_word' id='word_1_447' title='bbox 2080 3339 2352 3393; x_wconf 86' lang='lat' dir='ltr'><strong>substerni</strong></span> 
     </span>
    </p>
   </div>
   <div class='ocr_carea' id='block_1_55' title="bbox 795 3428 2353 3504">
    <p class='ocr_par' dir='ltr' id='par_1_55' title="bbox 795 3428 2353 3504">
     <span class='ocr_line' id='line_1_55' title="bbox 795 3428 2353 3504; baseline -0.006 -13"><span class='ocrx_word' id='word_1_448' title='bbox 795 3435 1067 3491; x_wconf 77' lang='lat' dir='ltr'><strong>machinis</strong></span> <span class='ocrx_word' id='word_1_449' title='bbox 1107 3437 1512 3501; x_wconf 66' lang='lat' dir='ltr'><strong>haereticorum,</strong></span> <span class='ocrx_word' id='word_1_450' title='bbox 1545 3436 1688 3504; x_wconf 85' lang='lat' dir='ltr'><strong>quod</strong></span> <span class='ocrx_word' id='word_1_451' title='bbox 1734 3434 1878 3488; x_wconf 89' lang='lat' dir='ltr'><strong>idem</strong></span> <span class='ocrx_word' id='word_1_452' title='bbox 1915 3432 2057 3486; x_wconf 80' lang='lat' dir='ltr'><strong>valet</strong></span> <span class='ocrx_word' id='word_1_453' title='bbox 2097 3445 2159 3484; x_wconf 92' lang='lat' dir='ltr'><strong>ac</strong></span> <span class='ocrx_word' id='word_1_454' title='bbox 2191 3429 2235 3483; x_wconf 90' lang='lat' dir='ltr'><strong>si</strong></span> <span class='ocrx_word' id='word_1_455' title='bbox 2268 3428 2353 3481; x_wconf 91' lang='lat' dir='ltr'><strong>di-</strong></span> 
     </span>
    </p>
   </div>
   <div class='ocr_carea' id='block_1_56' title="bbox 794 3524 2357 3598">
    <p class='ocr_par' dir='ltr' id='par_1_56' title="bbox 794 3524 2357 3598">
     <span class='ocr_line' id='line_1_56' title="bbox 794 3524 2357 3598; baseline -0.009 -13"><span class='ocrx_word' id='word_1_456' title='bbox 794 3540 962 3593; x_wconf 90' lang='lat' dir='ltr'><strong>ceret,</strong></span> <span class='ocrx_word' id='word_1_457' title='bbox 1001 3546 1106 3585; x_wconf 87' lang='lat' dir='ltr'><strong>non</strong></span> <span class='ocrx_word' id='word_1_458' title='bbox 1149 3544 1306 3598; x_wconf 87' lang='lat' dir='ltr'><strong>posse</strong></span> <span class='ocrx_word' id='word_1_459' title='bbox 1351 3528 1650 3582; x_wconf 88' lang='lat' dir='ltr'><strong>substerni.</strong></span> <span class='ocrx_word' id='word_1_460' title='bbox 1689 3527 1876 3580; x_wconf 87' lang='lat' dir='ltr'><strong>Posito</strong></span> <span class='ocrx_word' id='word_1_461' title='bbox 1915 3524 2062 3578; x_wconf 90' lang='lat' dir='ltr'><strong>enim</strong></span> <span class='ocrx_word' id='word_1_462' title='bbox 2103 3534 2357 3576; x_wconf 84' lang='lat' dir='ltr'><strong>necessa-</strong></span> 
     </span>
    </p>
   </div>
   <div class='ocr_carea' id='block_1_57' title="bbox 797 3618 2355 3685">
    <p class='ocr_par' dir='ltr' id='par_1_57' title="bbox 797 3618 2355 3685">
     <span class='ocr_line' id='line_1_57' title="bbox 797 3618 2355 3685; baseline -0.006 -11"><span class='ocrx_word' id='word_1_463' title='bbox 797 3623 884 3676; x_wconf 89' lang='lat' dir='ltr'><strong>rio</strong></span> <span class='ocrx_word' id='word_1_464' title='bbox 909 3623 1293 3685; x_wconf 84' lang='lat' dir='ltr'><strong>antecedente,</strong></span> <span class='ocrx_word' id='word_1_465' title='bbox 1316 3621 1700 3676; x_wconf 87' lang='lat' dir='ltr'><strong>necessitatem</strong></span> <span class='ocrx_word' id='word_1_466' title='bbox 1726 3618 1893 3672; x_wconf 85' lang='lat' dir='ltr'><strong>habet</strong></span> <span class='ocrx_word' id='word_1_467' title='bbox 1917 3625 1973 3670; x_wconf 92' lang='lat' dir='ltr'><strong>et</strong></span> <span class='ocrx_word' id='word_1_468' title='bbox 1994 3626 2355 3681; x_wconf 89' lang='lat' dir='ltr'><strong>consequens.</strong></span> 
     </span>
    </p>
   </div>
   <div class='ocr_carea' id='block_1_58' title="bbox 796 3706 2357 3783">
    <p class='ocr_par' dir='ltr' id='par_1_58' title="bbox 796 3706 2357 3783">
     <span class='ocr_line' id='line_1_58' title="bbox 796 3706 2357 3783; baseline -0.008 -17"><span class='ocrx_word' id='word_1_469' title='bbox 796 3714 960 3783; x_wconf 76' lang='lat' dir='ltr'><strong>Atqui</strong></span> <span class='ocrx_word' id='word_1_470' title='bbox 1013 3713 1383 3767; x_wconf 83' lang='lat' dir='ltr'><strong>necessarium</strong></span> <span class='ocrx_word' id='word_1_471' title='bbox 1423 3720 1507 3766; x_wconf 81' lang='lat' dir='ltr'><strong>est</strong></span> <span class='ocrx_word' id='word_1_472' title='bbox 1543 3710 1746 3765; x_wconf 85' lang='lat' dir='ltr'><strong>Christi</strong></span> <span class='ocrx_word' id='word_1_473' title='bbox 1786 3706 2191 3777; x_wconf 76' lang='lat' dir='ltr'><strong>przedictionem</strong></span> <span class='ocrx_word' id='word_1_474' title='bbox 2238 3715 2357 3755; x_wconf 86' lang='lat' dir='ltr'><strong>esse</strong></span> 
     </span>
    </p>
   </div>
   <div class='ocr_carea' id='block_1_59' title="bbox 796 3792 2358 3872">
    <p class='ocr_par' dir='ltr' id='par_1_59' title="bbox 796 3792 2358 3872">
     <span class='ocr_line' id='line_1_59' title="bbox 796 3792 2358 3872; baseline -0.006 -18"><span class='ocrx_word' id='word_1_475' title='bbox 796 3819 1093 3857; x_wconf 80' lang='lat' dir='ltr'><strong>veracem:</strong></span> <span class='ocrx_word' id='word_1_476' title='bbox 1133 3818 1270 3872; x_wconf 81' lang='lat' dir='ltr'><strong>ergo</strong></span> <span class='ocrx_word' id='word_1_477' title='bbox 1302 3801 1672 3857; x_wconf 89' lang='lat' dir='ltr'><strong>necessarium</strong></span> <span class='ocrx_word' id='word_1_478' title='bbox 1720 3813 1939 3869; x_wconf 89' lang='lat' dir='ltr'><strong>quoque</strong></span> <span class='ocrx_word' id='word_1_479' title='bbox 1985 3811 2052 3850; x_wconf 73' lang='lat' dir='ltr'><strong>ex</strong></span> <span class='ocrx_word' id='word_1_480' title='bbox 2102 3792 2358 3863; x_wconf 88' lang='lat' dir='ltr'><strong>supposi-</strong></span> 
     </span>
    </p>
   </div>
   <div class='ocr_carea' id='block_1_60' title="bbox 799 3885 2358 3962">
    <p class='ocr_par' dir='ltr' id='par_1_60' title="bbox 799 3885 2358 3962">
     <span class='ocr_line' id='line_1_60' title="bbox 799 3885 2358 3962; baseline -0.008 -12"><span class='ocrx_word' id='word_1_481' title='bbox 799 3899 947 3951; x_wconf 82' lang='lat' dir='ltr'><strong>tione</strong></span> <span class='ocrx_word' id='word_1_482' title='bbox 977 3906 1082 3962; x_wconf 91' lang='lat' dir='ltr'><strong>est,</strong></span> <span class='ocrx_word' id='word_1_483' title='bbox 1119 3897 1302 3951; x_wconf 90' lang='lat' dir='ltr'><strong>sedem</strong></span> <span class='ocrx_word' id='word_1_484' title='bbox 1332 3896 1476 3951; x_wconf 87' lang='lat' dir='ltr'><strong>Petri</strong></span> <span class='ocrx_word' id='word_1_485' title='bbox 1510 3909 1617 3948; x_wconf 86' lang='lat' dir='ltr'><strong>non</strong></span> <span class='ocrx_word' id='word_1_486' title='bbox 1647 3907 1768 3948; x_wconf 85' lang='lat' dir='ltr'><strong>esse</strong></span> <span class='ocrx_word' id='word_1_487' title='bbox 1802 3891 1871 3945; x_wconf 84' lang='lat' dir='ltr'><strong>ab</strong></span> <span class='ocrx_word' id='word_1_488' title='bbox 1909 3889 2209 3943; x_wconf 71' lang='lat' dir='ltr'><strong>hmresihus</strong></span> <span class='ocrx_word' id='word_1_489' title='bbox 2257 3885 2358 3938; x_wconf 91' lang='lat' dir='ltr'><strong>do-</strong></span> 
     </span>
    </p>
   </div>
   <div class='ocr_carea' id='block_1_61' title="bbox 798 3982 2358 4055">
    <p class='ocr_par' dir='ltr' id='par_1_61' title="bbox 798 3982 2358 4055">
     <span class='ocr_line' id='line_1_61' title="bbox 798 3982 2358 4055; baseline -0.01 -11"><span class='ocrx_word' id='word_1_490' title='bbox 798 3992 1076 4046; x_wconf 86' lang='lat' dir='ltr'><strong>mabilem.</strong></span> <span class='ocrx_word' id='word_1_491' title='bbox 1129 3989 1283 4055; x_wconf 85' lang='lat' dir='ltr'><strong>Quod</strong></span> <span class='ocrx_word' id='word_1_492' title='bbox 1338 3989 1549 4042; x_wconf 88' lang='lat' dir='ltr'><strong>ratione</strong></span> <span class='ocrx_word' id='word_1_493' title='bbox 1599 3982 2063 4054; x_wconf 68' lang='lat' dir='ltr'><strong>aequipollentium</strong></span> <span class='ocrx_word' id='word_1_494' title='bbox 2113 3995 2224 4034; x_wconf 89' lang='lat' dir='ltr'><strong>non</strong></span> <span class='ocrx_word' id='word_1_495' title='bbox 2275 3983 2358 4031; x_wconf 89' lang='lat' dir='ltr'><strong>est</strong></span> 
     </span>
    </p>
   </div>
   <div class='ocr_carea' id='block_1_62' title="bbox 801 4069 2353 4151">
    <p class='ocr_par' dir='ltr' id='par_1_62' title="bbox 801 4069 2353 4151">
     <span class='ocr_line' id='line_1_62' title="bbox 801 4069 2353 4151; baseline -0.008 -15"><span class='ocrx_word' id='word_1_496' title='bbox 801 4085 948 4138; x_wconf 90' lang='lat' dir='ltr'><strong>aliud</strong></span> <span class='ocrx_word' id='word_1_497' title='bbox 976 4098 1137 4151; x_wconf 90' lang='lat' dir='ltr'><strong>quam</strong></span> <span class='ocrx_word' id='word_1_498' title='bbox 1176 4080 1512 4148; x_wconf 84' lang='lat' dir='ltr'><strong>impossibile</strong></span> <span class='ocrx_word' id='word_1_499' title='bbox 1540 4093 1659 4131; x_wconf 92' lang='lat' dir='ltr'><strong>esse</strong></span> <span class='ocrx_word' id='word_1_500' title='bbox 1691 4091 1883 4146; x_wconf 87' lang='lat' dir='ltr'><strong>papam</strong></span> <span class='ocrx_word' id='word_1_501' title='bbox 1921 4087 2109 4129; x_wconf 83' lang='lat' dir='ltr'><strong>errare</strong></span> <span class='ocrx_word' id='word_1_502' title='bbox 2141 4073 2194 4125; x_wconf 88' lang='lat' dir='ltr'><strong>in</strong></span> <span class='ocrx_word' id='word_1_503' title='bbox 2229 4069 2353 4124; x_wconf 80' lang='lat' dir='ltr'><strong>ﬁde.</strong></span> 
     </span>
    </p>
   </div>
   <div class='ocr_carea' id='block_1_63' title="bbox 801 4165 2362 4237">
    <p class='ocr_par' dir='ltr' id='par_1_63' title="bbox 801 4165 2362 4237">
     <span class='ocr_line' id='line_1_63' title="bbox 801 4165 2362 4237; baseline -0.01 -6"><span class='ocrx_word' id='word_1_504' title='bbox 801 4179 1050 4231; x_wconf 79' lang='lat' dir='ltr'><strong>Alterum</strong></span> <span class='ocrx_word' id='word_1_505' title='bbox 1078 4186 1182 4237; x_wconf 86' lang='lat' dir='ltr'><strong>cst,</strong></span> <span class='ocrx_word' id='word_1_506' title='bbox 1213 4175 1510 4228; x_wconf 82' lang='lat' dir='ltr'><strong>Romanam</strong></span> <span class='ocrx_word' id='word_1_507' title='bbox 1548 4171 1733 4226; x_wconf 86' lang='lat' dir='ltr'><strong>sedem</strong></span> <span class='ocrx_word' id='word_1_508' title='bbox 1767 4184 1908 4232; x_wconf 89' lang='lat' dir='ltr'><strong>esse,</strong></span> <span class='ocrx_word' id='word_1_509' title='bbox 1945 4167 2012 4220; x_wconf 90' lang='lat' dir='ltr'><strong>de</strong></span> <span class='ocrx_word' id='word_1_510' title='bbox 2044 4181 2149 4234; x_wconf 89' lang='lat' dir='ltr'><strong>qua</strong></span> <span class='ocrx_word' id='word_1_511' title='bbox 2193 4165 2362 4230; x_wconf 89' lang='lat' dir='ltr'><strong>impe-</strong></span> 
     </span>
    </p>
   </div>
   <div class='ocr_carea' id='block_1_64' title="bbox 802 4243 2359 4330">
    <p class='ocr_par' dir='ltr' id='par_1_64' title="bbox 802 4243 2359 4330">
     <span class='ocr_line' id='line_1_64' title="bbox 802 4243 2359 4330; baseline -0.009 -8"><span class='ocrx_word' id='word_1_512' title='bbox 802 4280 952 4322; x_wconf 87' lang='lat' dir='ltr'><strong>rator</strong></span> <span class='ocrx_word' id='word_1_513' title='bbox 993 4268 1090 4322; x_wconf 86' lang='lat' dir='ltr'><strong>ille</strong></span> <span class='ocrx_word' id='word_1_514' title='bbox 1127 4267 1369 4321; x_wconf 85' lang='lat' dir='ltr'><strong>scribens</strong></span> <span class='ocrx_word' id='word_1_515' title='bbox 1403 4265 1467 4318; x_wconf 90' lang='lat' dir='ltr'><strong>ad</strong></span> <span class='ocrx_word' id='word_1_516' title='bbox 1502 4265 1736 4316; x_wconf 80' lang='lat' dir='ltr'><strong>Leonem</strong></span> <span class='ocrx_word' id='word_1_517' title='bbox 1767 4261 1834 4326; x_wconf 92' lang='grc'><strong>11,</strong></span> <span class='ocrx_word' id='word_1_518' title='bbox 1862 4243 1991 4330; x_wconf 70' lang='grc' dir='ltr'>ροεί</span> <span class='ocrx_word' id='word_1_519' title='bbox 2023 4270 2229 4313; x_wconf 82' lang='lat' dir='ltr'><strong>sextam</strong></span> <span class='ocrx_word' id='word_1_520' title='bbox 2271 4272 2359 4326; x_wconf 87' lang='lat' dir='ltr'><strong>sy-</strong></span> 
     </span>
    </p>
   </div>
   <div class='ocr_carea' id='block_1_65' title="bbox 803 4354 2361 4423">
    <p class='ocr_par' dir='ltr' id='par_1_65' title="bbox 803 4354 2361 4423">
     <span class='ocr_line' id='line_1_65' title="bbox 803 4354 2361 4423; baseline -0.008 -13"><span class='ocrx_word' id='word_1_521' title='bbox 803 4359 1006 4410; x_wconf 87' lang='lat' dir='ltr'><strong>nodum</strong></span> <span class='ocrx_word' id='word_1_522' title='bbox 1031 4400 1044 4423; x_wconf 88' lang='lat'><strong>,</strong></span> <span class='ocrx_word' id='word_1_523' title='bbox 1101 4375 1119 4407; x_wconf 79' lang='grc' dir='ltr'><strong>ι</strong></span> <span class='ocrx_word' id='word_1_524' title='bbox 1153 4356 1337 4411; x_wconf 78' lang='lat' dir='ltr'><strong>Fidem</strong></span> <span class='ocrx_word' id='word_1_525' title='bbox 1394 4355 1571 4423; x_wconf 80' lang='lat' dir='ltr'><strong>inquit</strong></span> <span class='ocrx_word' id='word_1_526' title='bbox 1621 4354 1674 4407; x_wconf 86' lang='lat' dir='ltr'><strong>in</strong></span> <span class='ocrx_word' id='word_1_527' title='bbox 1719 4367 1783 4406; x_wconf 88' lang='lat' dir='ltr'><strong>ea</strong></span> <span class='ocrx_word' id='word_1_528' title='bbox 1823 4358 2200 4404; x_wconf 78' lang='lat' dir='ltr'><strong>conservatam</strong></span> <span class='ocrx_word' id='word_1_529' title='bbox 2239 4361 2361 4399; x_wconf 88' lang='lat' dir='ltr'><strong>esse</strong></span> 
     </span>
    </p>
   </div>
   <div class='ocr_carea' id='block_1_66' title="bbox 805 4438 2362 4517">
    <p class='ocr_par' dir='ltr' id='par_1_66' title="bbox 805 4438 2362 4517">
     <span class='ocr_line' id='line_1_66' title="bbox 805 4438 2362 4517; baseline -0.006 -16"><span class='ocrx_word' id='word_1_530' title='bbox 805 4449 1236 4517; x_wconf 79' lang='lat' dir='ltr'><strong>indepravatam.</strong></span> <span class='ocrx_word' id='word_1_531' title='bbox 1271 4465 1286 4497; x_wconf 74' lang='grc' dir='ltr'><strong>ι</strong></span> <span class='ocrx_word' id='word_1_532' title='bbox 1325 4446 1455 4499; x_wconf 86' lang='lat' dir='ltr'><strong>Erat</strong></span> <span class='ocrx_word' id='word_1_533' title='bbox 1500 4453 1678 4497; x_wconf 88' lang='lat' dir='ltr'><strong>autem</strong></span> <span class='ocrx_word' id='word_1_534' title='bbox 1721 4444 1764 4496; x_wconf 88' lang='lat' dir='ltr'><strong>is</strong></span> <span class='ocrx_word' id='word_1_535' title='bbox 1797 4441 1905 4494; x_wconf 81' lang='lat' dir='ltr'><strong>Leo</strong></span> <span class='ocrx_word' id='word_1_536' title='bbox 1939 4439 2267 4493; x_wconf 89' lang='lat' dir='ltr'><strong>undecimus</strong></span> <span class='ocrx_word' id='word_1_537' title='bbox 2295 4438 2362 4491; x_wconf 84' lang='lat' dir='ltr'><strong>ab</strong></span> 
     </span>
    </p>
   </div>
   <div class='ocr_carea' id='block_1_67' title="bbox 2452 2619 4034 2692">
    <p class='ocr_par' dir='ltr' id='par_1_67' title="bbox 2452 2619 4034 2692">
     <span class='ocr_line' id='line_1_67' title="bbox 2452 2619 4034 2692; baseline -0.003 -17"><span class='ocrx_word' id='word_1_538' title='bbox 2452 2641 2569 2676; x_wconf 80' lang='grc' dir='ltr'>στιν</span> <span class='ocrx_word' id='word_1_539' title='bbox 2630 2623 3105 2692; x_wconf 72' lang='grc' dir='ltr'>ἀπαρεγχείρητον</span> <span class='ocrx_word' id='word_1_540' title='bbox 3172 2620 3522 2674; x_wconf 85' lang='grc' dir='ltr'>διασώσαντι.</span> <span class='ocrx_word' id='word_1_541' title='bbox 3584 2619 3704 2680; x_wconf 86' lang='grc' dir='ltr'><strong>Πῶς</strong></span> <span class='ocrx_word' id='word_1_542' title='bbox 3763 2620 3869 2686; x_wconf 77' lang='grc' dir='ltr'><strong>γὰρ</strong></span> <span class='ocrx_word' id='word_1_543' title='bbox 3915 2619 4034 2670; x_wconf 75' lang='grc' dir='ltr'><strong>οὐκ</strong></span> 
     </span>
    </p>
   </div>
   <div class='ocr_carea' id='block_1_68' title="bbox 2452 2710 4031 2788">
    <p class='ocr_par' dir='ltr' id='par_1_68' title="bbox 2452 2710 4031 2788">
     <span class='ocr_line' id='line_1_68' title="bbox 2452 2710 4031 2788; baseline -0.003 -21"><span class='ocrx_word' id='word_1_544' title='bbox 2452 2710 2844 2788; x_wconf 78' lang='grc' dir='ltr'>ἕμελλεν,ὲνῇ</span> <span class='ocrx_word' id='word_1_545' title='bbox 2887 2717 3066 2785; x_wconf 78' lang='grc' dir='ltr'>πέτρᾳ</span> <span class='ocrx_word' id='word_1_546' title='bbox 3115 2715 3214 2784; x_wconf 79' lang='grc' dir='ltr'>τὴν</span> <span class='ocrx_word' id='word_1_547' title='bbox 3284 2713 3608 2783; x_wconf 72' lang='grc' dir='ltr'>Ἐκκλησίαν</span> <span class='ocrx_word' id='word_1_548' title='bbox 3665 2711 4031 2778; x_wconf 83' lang='grc' dir='ltr'>ὲθεμελίωσε,</span> 
     </span>
    </p>
   </div>
   <div class='ocr_carea' id='block_1_69' title="bbox 2451 2805 4034 2878">
    <p class='ocr_par' dir='ltr' id='par_1_69' title="bbox 2451 2805 4034 2878">
     <span class='ocr_line' id='line_1_69' title="bbox 2451 2805 4034 2878; baseline -0.003 -19"><span class='ocrx_word' id='word_1_549' title='bbox 2451 2808 2544 2860; x_wconf 75' lang='grc' dir='ltr'>καὶ</span> <span class='ocrx_word' id='word_1_550' title='bbox 2566 2808 2760 2870; x_wconf 80' lang='grc' dir='ltr'>πύλαις</span> <span class='ocrx_word' id='word_1_551' title='bbox 2778 2808 2903 2878; x_wconf 71' lang='grc' dir='ltr'>ᾅδου</span> <span class='ocrx_word' id='word_1_552' title='bbox 2930 2811 3046 2870; x_wconf 86' lang='grc' dir='ltr'>ταῖς</span> <span class='ocrx_word' id='word_1_553' title='bbox 3076 2807 3374 2875; x_wconf 87' lang='grc' dir='ltr'>αἰρετικαῖς</span> <span class='ocrx_word' id='word_1_554' title='bbox 3403 2805 3737 2873; x_wconf 80' lang='grc' dir='ltr'>ὲνεδρεύσεσι</span> <span class='ocrx_word' id='word_1_555' title='bbox 3765 2805 3838 2873; x_wconf 77' lang='grc' dir='ltr'>μὴ</span> <span class='ocrx_word' id='word_1_556' title='bbox 3864 2821 4034 2856; x_wconf 80' lang='grc' dir='ltr'>κατι-</span> 
     </span>
    </p>
   </div>
   <div class='ocr_carea' id='block_1_70' title="bbox 2456 2889 4038 2967">
    <p class='ocr_par' dir='ltr' id='par_1_70' title="bbox 2456 2889 4038 2967">
     <span class='ocr_line' id='line_1_70' title="bbox 2456 2889 4038 2967; baseline -0.003 -18"><span class='ocrx_word' id='word_1_557' title='bbox 2456 2897 2826 2967; x_wconf 83' lang='grc' dir='ltr'>σχυθήσεσθαι</span> <span class='ocrx_word' id='word_1_558' title='bbox 2861 2897 3269 2967; x_wconf 80' lang='grc' dir='ltr'>προηγόρευσεν</span> <span class='ocrx_word' id='word_1_559' title='bbox 3303 2913 3318 2960; x_wconf 92' lang='lat'><strong>;</strong></span> <span class='ocrx_word' id='word_1_560' title='bbox 3346 2895 3405 2960; x_wconf 77' lang='grc' dir='ltr'>ἐξ</span> <span class='ocrx_word' id='word_1_561' title='bbox 3434 2889 3499 2966; x_wconf 79' lang='grc' dir='ltr'>ἧς</span> <span class='ocrx_word' id='word_1_562' title='bbox 3527 2893 3713 2965; x_wconf 82' lang='grc' dir='ltr'>ὥσπερ</span> <span class='ocrx_word' id='word_1_563' title='bbox 3753 2895 3812 2958; x_wconf 80' lang='grc' dir='ltr'>ἐξ</span> <span class='ocrx_word' id='word_1_564' title='bbox 3858 2896 4038 2960; x_wconf 81' lang='grc' dir='ltr'>οὐρα-</span> 
     </span>
    </p>
   </div>
   <div class='ocr_carea' id='block_1_71' title="bbox 2455 2982 4036 3055">
    <p class='ocr_par' dir='ltr' id='par_1_71' title="bbox 2455 2982 4036 3055">
     <span class='ocr_line' id='line_1_71' title="bbox 2455 2982 4036 3055; baseline -0.006 -15"><span class='ocrx_word' id='word_1_565' title='bbox 2455 2987 2579 3040; x_wconf 86' lang='grc' dir='ltr'>νίων</span> <span class='ocrx_word' id='word_1_566' title='bbox 2599 2987 2802 3055; x_wconf 74' lang='grc' dir='ltr'>ἀψίδων</span> <span class='ocrx_word' id='word_1_567' title='bbox 2825 2987 2918 3054; x_wconf 80' lang='grc' dir='ltr'>τῆς</span> <span class='ocrx_word' id='word_1_568' title='bbox 2941 2984 3170 3054; x_wconf 79' lang='grc' dir='ltr'>ἀληθοῦς</span> <span class='ocrx_word' id='word_1_569' title='bbox 3192 2985 3482 3051; x_wconf 77' lang='grc' dir='ltr'>ὁμολογίας</span> <span class='ocrx_word' id='word_1_570' title='bbox 3503 2987 3529 3036; x_wconf 98' lang='lat'><strong>6</strong></span> <span class='ocrx_word' id='word_1_571' title='bbox 3545 2983 3700 3051; x_wconf 81' lang='grc' dir='ltr'>λόγος</span> <span class='ocrx_word' id='word_1_572' title='bbox 3723 2982 4036 3049; x_wconf 71' lang='grc' dir='ltr'>ἀνέλαμψε,</span> 
     </span>
    </p>
   </div>
   <div class='ocr_carea' id='block_1_72' title="bbox 2455 3070 4046 3144">
    <p class='ocr_par' dir='ltr' id='par_1_72' title="bbox 2455 3070 4046 3144">
     <span class='ocr_line' id='line_1_72' title="bbox 2455 3070 4046 3144; baseline -0.006 -14"><span class='ocrx_word' id='word_1_573' title='bbox 2455 3079 2546 3130; x_wconf 69' lang='grc' dir='ltr'>καὶ</span> <span class='ocrx_word' id='word_1_574' title='bbox 2577 3077 2675 3136; x_wconf 77' lang='grc' dir='ltr'>τὰς</span> <span class='ocrx_word' id='word_1_575' title='bbox 2721 3075 2898 3144; x_wconf 72' lang='grc' dir='ltr'>ψυχὰς</span> <span class='ocrx_word' id='word_1_576' title='bbox 2934 3074 3042 3126; x_wconf 83' lang='grc' dir='ltr'>τῶν</span> <span class='ocrx_word' id='word_1_577' title='bbox 3095 3073 3458 3142; x_wconf 83' lang='grc' dir='ltr'>φιλοχρίστων</span> <span class='ocrx_word' id='word_1_578' title='bbox 3503 3071 3755 3141; x_wconf 75' lang='grc' dir='ltr'>ἐφώτισε,</span> <span class='ocrx_word' id='word_1_579' title='bbox 3787 3072 3879 3124; x_wconf 79' lang='grc' dir='ltr'>καὶ</span> <span class='ocrx_word' id='word_1_580' title='bbox 3922 3070 4046 3139; x_wconf 72' lang='grc' dir='ltr'>τὴν</span> 
     </span>
    </p>
   </div>
   <div class='ocr_carea' id='block_1_73' title="bbox 2379 3165 3733 3249">
    <p class='ocr_par' dir='ltr' id='par_1_73' title="bbox 2379 3165 3733 3249">
     <span class='ocr_line' id='line_1_73' title="bbox 2379 3165 3733 3249; baseline -0.007 -25"><span class='ocrx_word' id='word_1_581' title='bbox 2379 3189 2424 3249; x_wconf 73' lang='grc' dir='ltr'><strong>ρ</strong></span> <span class='ocrx_word' id='word_1_582' title='bbox 2453 3169 2762 3241; x_wconf 73' lang='grc' dir='ltr'>όρθοδοξίαν</span> <span class='ocrx_word' id='word_1_583' title='bbox 2791 3168 3211 3236; x_wconf 68' lang='grc' dir='ltr'>κατεψυγμένην</span> <span class='ocrx_word' id='word_1_584' title='bbox 3236 3165 3680 3235; x_wconf 76' lang='grc' dir='ltr'>ἀνεζωπύρησεν.</span> <span class='ocrx_word' id='word_1_585' title='bbox 3714 3181 3733 3214; x_wconf 75' lang='grc' dir='ltr'><strong>ι</strong></span> 
     </span>
    </p>
   </div>
   <div class='ocr_carea' id='block_1_74' title="bbox 2528 3255 4040 3330">
    <p class='ocr_par' dir='ltr' id='par_1_74' title="bbox 2528 3255 4040 3330">
     <span class='ocr_line' id='line_1_74' title="bbox 2528 3255 4040 3330; baseline -0.005 -17"><span class='ocrx_word' id='word_1_586' title='bbox 2528 3263 2632 3314; x_wconf 86' lang='grc' dir='ltr'>Δύο</span> <span class='ocrx_word' id='word_1_587' title='bbox 2663 3261 2808 3330; x_wconf 75' lang='grc' dir='ltr'>ἔχεις</span> <span class='ocrx_word' id='word_1_588' title='bbox 2842 3262 2906 3312; x_wconf 79' lang='grc' dir='ltr'>ἐκ</span> <span class='ocrx_word' id='word_1_589' title='bbox 2938 3259 3142 3312; x_wconf 85' lang='grc' dir='ltr'>τούτων</span> <span class='ocrx_word' id='word_1_590' title='bbox 3164 3258 3274 3310; x_wconf 82' lang='grc' dir='ltr'><strong>τῶν</strong></span> <span class='ocrx_word' id='word_1_591' title='bbox 3297 3258 3521 3323; x_wconf 78' lang='grc' dir='ltr'>λέξεων,</span> <span class='ocrx_word' id='word_1_592' title='bbox 3573 3257 3758 3321; x_wconf 83' lang='grc' dir='ltr'>Νεῖλε,</span> <span class='ocrx_word' id='word_1_593' title='bbox 3789 3255 3876 3307; x_wconf 80' lang='grc' dir='ltr'>ὅτι</span> <span class='ocrx_word' id='word_1_594' title='bbox 3904 3269 3967 3304; x_wconf 87' lang='grc' dir='ltr'><strong>τε</strong></span> <span class='ocrx_word' id='word_1_595' title='bbox 4003 3255 4040 3306; x_wconf 81' lang='grc' dir='ltr'><strong>ὀ</strong></span> 
     </span>
    </p>
   </div>
   <div class='ocr_carea' id='block_1_75' title="bbox 2465 3346 4042 3422">
    <p class='ocr_par' dir='ltr' id='par_1_75' title="bbox 2465 3346 4042 3422">
     <span class='ocr_line' id='line_1_75' title="bbox 2465 3346 4042 3422; baseline -0.007 -17"><span class='ocrx_word' id='word_1_596' title='bbox 2465 3353 2686 3420; x_wconf 80' lang='grc' dir='ltr'>Ῥώμης</span> <span class='ocrx_word' id='word_1_597' title='bbox 2717 3351 2903 3422; x_wconf 85' lang='grc' dir='ltr'>θρόνος</span> <span class='ocrx_word' id='word_1_598' title='bbox 2929 3351 3017 3402; x_wconf 76' lang='grc' dir='ltr'><strong>διὰ</strong></span> <span class='ocrx_word' id='word_1_599' title='bbox 3048 3351 3140 3402; x_wconf 74' lang='grc' dir='ltr'>τὸν</span> <span class='ocrx_word' id='word_1_600' title='bbox 3172 3348 3580 3417; x_wconf 87' lang='grc' dir='ltr'>θεμελιώσαντα</span> <span class='ocrx_word' id='word_1_601' title='bbox 3614 3346 3852 3416; x_wconf 79' lang='grc' dir='ltr'>Χριστὸν</span> <span class='ocrx_word' id='word_1_602' title='bbox 3874 3347 4042 3411; x_wconf 73' lang='grc' dir='ltr'>αἱρε-</span> 
     </span>
    </p>
   </div>
   <div class='ocr_carea' id='block_1_76' title="bbox 2464 3441 4045 3513">
    <p class='ocr_par' dir='ltr' id='par_1_76' title="bbox 2464 3441 4045 3513">
     <span class='ocr_line' id='line_1_76' title="bbox 2464 3441 4045 3513; baseline -0.008 -15"><span class='ocrx_word' id='word_1_603' title='bbox 2464 3448 2647 3508; x_wconf 87' lang='grc' dir='ltr'>τικαῖς</span> <span class='ocrx_word' id='word_1_604' title='bbox 2674 3444 3049 3513; x_wconf 79' lang='grc' dir='ltr'>ἐνεδρεύσεσιν</span> <span class='ocrx_word' id='word_1_605' title='bbox 3070 3445 3129 3495; x_wconf 84' lang='grc' dir='ltr'><strong>ού</strong></span> <span class='ocrx_word' id='word_1_606' title='bbox 3191 3441 3652 3509; x_wconf 79' lang='grc' dir='ltr'>καταδαμάζεται,</span> <span class='ocrx_word' id='word_1_607' title='bbox 3695 3441 3830 3505; x_wconf 85' lang='grc' dir='ltr'>ὅπερ</span> <span class='ocrx_word' id='word_1_608' title='bbox 3895 3453 4045 3487; x_wconf 77' lang='grc' dir='ltr'>ταυ-</span> 
     </span>
    </p>
   </div>
   <div class='ocr_carea' id='block_1_77' title="bbox 2462 3530 4040 3606">
    <p class='ocr_par' dir='ltr' id='par_1_77' title="bbox 2462 3530 4040 3606">
     <span class='ocr_line' id='line_1_77' title="bbox 2462 3530 4040 3606; baseline -0.007 -15"><span class='ocrx_word' id='word_1_609' title='bbox 2462 3541 2556 3591; x_wconf 74' lang='grc' dir='ltr'><strong>τδν</strong></span> <span class='ocrx_word' id='word_1_610' title='bbox 2584 3536 2842 3606; x_wconf 79' lang='grc' dir='ltr'>ἄντικρύς</span> <span class='ocrx_word' id='word_1_611' title='bbox 2861 3539 2974 3589; x_wconf 82' lang='grc' dir='ltr'>ὲστι</span> <span class='ocrx_word' id='word_1_612' title='bbox 3007 3534 3083 3603; x_wconf 83' lang='grc' dir='ltr'>τῷ</span> <span class='ocrx_word' id='word_1_613' title='bbox 3115 3534 3187 3603; x_wconf 82' lang='grc' dir='ltr'>μὴ</span> <span class='ocrx_word' id='word_1_614' title='bbox 3221 3533 3480 3586; x_wconf 83' lang='grc' dir='ltr'>δύνασθαι</span> <span class='ocrx_word' id='word_1_615' title='bbox 3511 3530 4040 3600; x_wconf 76' lang='grc' dir='ltr'>καταδαμασθῆναι·</span> 
     </span>
    </p>
   </div>
   <div class='ocr_carea' id='block_1_78' title="bbox 2458 3623 4038 3697">
    <p class='ocr_par' dir='ltr' id='par_1_78' title="bbox 2458 3623 4038 3697">
     <span class='ocr_line' id='line_1_78' title="bbox 2458 3623 4038 3697; baseline -0.006 -16"><span class='ocrx_word' id='word_1_616' title='bbox 2458 3629 2759 3696; x_wconf 77' lang='grc' dir='ltr'>ἀναγκαίου</span> <span class='ocrx_word' id='word_1_617' title='bbox 2797 3630 2905 3697; x_wconf 70' lang='grc' dir='ltr'>γὰρ</span> <span class='ocrx_word' id='word_1_618' title='bbox 2931 3628 3082 3686; x_wconf 79' lang='grc' dir='ltr'>ὄντος</span> <span class='ocrx_word' id='word_1_619' title='bbox 3111 3625 3205 3677; x_wconf 83' lang='grc' dir='ltr'><strong>τοῦ</strong></span> <span class='ocrx_word' id='word_1_620' title='bbox 3239 3625 3683 3695; x_wconf 84' lang='grc' dir='ltr'>προηγουμένου,</span> <span class='ocrx_word' id='word_1_621' title='bbox 3708 3623 4038 3688; x_wconf 79' lang='grc' dir='ltr'>ἀναγκαίως</span> 
     </span>
    </p>
   </div>
   <div class='ocr_carea' id='block_1_79' title="bbox 2459 3713 4042 3790">
    <p class='ocr_par' dir='ltr' id='par_1_79' title="bbox 2459 3713 4042 3790">
     <span class='ocr_line' id='line_1_79' title="bbox 2459 3713 4042 3790; baseline -0.006 -18"><span class='ocrx_word' id='word_1_622' title='bbox 2459 3721 2570 3790; x_wconf 81' lang='grc' dir='ltr'>ἔχει</span> <span class='ocrx_word' id='word_1_623' title='bbox 2602 3721 2694 3772; x_wconf 74' lang='grc' dir='ltr'><strong>καὶ</strong></span> <span class='ocrx_word' id='word_1_624' title='bbox 2722 3719 2780 3771; x_wconf 84' lang='grc' dir='ltr'><strong>τδ</strong></span> <span class='ocrx_word' id='word_1_625' title='bbox 2804 3719 3090 3786; x_wconf 79' lang='grc' dir='ltr'>ἑπόμενον.</span> <span class='ocrx_word' id='word_1_626' title='bbox 3121 3716 3283 3770; x_wconf 77' lang='grc' dir='ltr'>Ἀλλὰ</span> <span class='ocrx_word' id='word_1_627' title='bbox 3313 3716 3419 3787; x_wconf 76' lang='grc' dir='ltr'>μὴν</span> <span class='ocrx_word' id='word_1_628' title='bbox 3450 3717 3748 3784; x_wconf 74' lang='grc' dir='ltr'>ἀναγκαῖον</span> <span class='ocrx_word' id='word_1_629' title='bbox 3792 3713 4042 3782; x_wconf 73' lang='grc' dir='ltr'>ἀληθεύ-</span> 
     </span>
    </p>
   </div>
   <div class='ocr_carea' id='block_1_80' title="bbox 2463 3795 4042 3880">
    <p class='ocr_par' dir='ltr' id='par_1_80' title="bbox 2463 3795 4042 3880">
     <span class='ocr_line' id='line_1_80' title="bbox 2463 3795 4042 3880; baseline -0.005 -16"><span class='ocrx_word' id='word_1_630' title='bbox 2463 3829 2545 3864; x_wconf 81' lang='grc' dir='ltr'><strong>ειν</strong></span> <span class='ocrx_word' id='word_1_631' title='bbox 2577 3812 2676 3880; x_wconf 82' lang='grc' dir='ltr'>τὴν</span> <span class='ocrx_word' id='word_1_632' title='bbox 2711 3811 3112 3880; x_wconf 79' lang='grc' dir='ltr'>προαγόρευσιν</span> <span class='ocrx_word' id='word_1_633' title='bbox 3145 3809 3239 3861; x_wconf 89' lang='grc' dir='ltr'><strong>τοῦ</strong></span> <span class='ocrx_word' id='word_1_634' title='bbox 3269 3808 3528 3876; x_wconf 73' lang='grc' dir='ltr'>Χριστοῦο</span> <span class='ocrx_word' id='word_1_635' title='bbox 3550 3795 3559 3802; x_wconf 57' lang='grc'><em>’</em></span> <span class='ocrx_word' id='word_1_636' title='bbox 3584 3807 3881 3874; x_wconf 80' lang='grc' dir='ltr'>ἀναγκαῖον</span> <span class='ocrx_word' id='word_1_637' title='bbox 3915 3805 4042 3870; x_wconf 76' lang='grc' dir='ltr'>ἄρα</span> 
     </span>
    </p>
   </div>
   <div class='ocr_carea' id='block_1_81' title="bbox 2460 3894 4046 3970">
    <p class='ocr_par' dir='ltr' id='par_1_81' title="bbox 2460 3894 4046 3970">
     <span class='ocr_line' id='line_1_81' title="bbox 2460 3894 4046 3970; baseline -0.005 -15"><span class='ocrx_word' id='word_1_638' title='bbox 2460 3905 2517 3970; x_wconf 79' lang='grc' dir='ltr'><strong>ἐξ</strong></span> <span class='ocrx_word' id='word_1_639' title='bbox 2550 3904 2863 3964; x_wconf 77' lang='grc' dir='ltr'>ὑποθέσεως</span> <span class='ocrx_word' id='word_1_640' title='bbox 2894 3903 2990 3954; x_wconf 75' lang='grc' dir='ltr'>καὶ</span> <span class='ocrx_word' id='word_1_641' title='bbox 3014 3902 3076 3952; x_wconf 63' lang='grc' dir='ltr'><strong>τί»</strong></span> <span class='ocrx_word' id='word_1_642' title='bbox 3101 3900 3478 3969; x_wconf 77' lang='grc' dir='ltr'>ἀκατάϐλητον</span> <span class='ocrx_word' id='word_1_643' title='bbox 3533 3894 3673 3950; x_wconf 83' lang='grc' dir='ltr'>εἶναι</span> <span class='ocrx_word' id='word_1_644' title='bbox 3728 3899 3850 3958; x_wconf 88' lang='grc' dir='ltr'>ταῖς</span> <span class='ocrx_word' id='word_1_645' title='bbox 3880 3896 4046 3963; x_wconf 81' lang='grc' dir='ltr'>αἱρέ-</span> 
     </span>
    </p>
   </div>
   <div class='ocr_carea' id='block_1_82' title="bbox 2463 3984 4046 4060">
    <p class='ocr_par' dir='ltr' id='par_1_82' title="bbox 2463 3984 4046 4060">
     <span class='ocr_line' id='line_1_82' title="bbox 2463 3984 4046 4060; baseline -0.005 -16"><span class='ocrx_word' id='word_1_646' title='bbox 2463 4010 2581 4045; x_wconf 91' lang='grc' dir='ltr'>σεσι</span> <span class='ocrx_word' id='word_1_647' title='bbox 2611 3993 2704 4044; x_wconf 80' lang='grc' dir='ltr'>τὸν</span> <span class='ocrx_word' id='word_1_648' title='bbox 2732 3992 2943 4059; x_wconf 77' lang='grc' dir='ltr'>Πέτρου</span> <span class='ocrx_word' id='word_1_649' title='bbox 2979 3991 3198 4060; x_wconf 87' lang='grc' dir='ltr'>θρόνον.</span> <span class='ocrx_word' id='word_1_650' title='bbox 3222 3990 3395 4042; x_wconf 84' lang='grc' dir='ltr'>Τοῦτο</span> <span class='ocrx_word' id='word_1_651' title='bbox 3423 3989 3480 4040; x_wconf 80' lang='grc' dir='ltr'>δὲ</span> <span class='ocrx_word' id='word_1_652' title='bbox 3513 3988 3655 4039; x_wconf 75' lang='grc' dir='ltr'>κατὰ</span> <span class='ocrx_word' id='word_1_653' title='bbox 3682 3986 3779 4055; x_wconf 81' lang='grc' dir='ltr'>τὴν</span> <span class='ocrx_word' id='word_1_654' title='bbox 3807 3984 4046 4037; x_wconf 74' lang='grc' dir='ltr'>ἁκολοΰ-</span> 
     </span>
    </p>
   </div>
   <div class='ocr_carea' id='block_1_83' title="bbox 2461 4075 4048 4147">
    <p class='ocr_par' dir='ltr' id='par_1_83' title="bbox 2461 4075 4048 4147">
     <span class='ocr_line' id='line_1_83' title="bbox 2461 4075 4048 4147; baseline -0.006 -14"><span class='ocrx_word' id='word_1_655' title='bbox 2461 4081 2615 4147; x_wconf 89' lang='grc' dir='ltr'>θησιν</span> <span class='ocrx_word' id='word_1_656' title='bbox 2639 4079 2747 4131; x_wconf 81' lang='grc' dir='ltr'><strong>τῶν</strong></span> <span class='ocrx_word' id='word_1_657' title='bbox 2780 4080 3092 4147; x_wconf 75' lang='grc' dir='ltr'>προτάσεων</span> <span class='ocrx_word' id='word_1_658' title='bbox 3123 4077 3320 4130; x_wconf 72' lang='grc' dir='ltr'>ταυτὸν</span> <span class='ocrx_word' id='word_1_659' title='bbox 3348 4077 3424 4147; x_wconf 86' lang='grc' dir='ltr'><strong>τῷ</strong></span> <span class='ocrx_word' id='word_1_660' title='bbox 3449 4076 3708 4128; x_wconf 83' lang='grc' dir='ltr'>ἀδύνατον</span> <span class='ocrx_word' id='word_1_661' title='bbox 3759 4075 3852 4128; x_wconf 80' lang='grc' dir='ltr'><strong>τὸν</strong></span> <span class='ocrx_word' id='word_1_662' title='bbox 3882 4075 4048 4126; x_wconf 70' lang='grc' dir='ltr'>πάττ-</span> 
     </span>
    </p>
   </div>
   <div class='ocr_carea' id='block_1_84' title="bbox 2462 4165 4048 4237">
    <p class='ocr_par' dir='ltr' id='par_1_84' title="bbox 2462 4165 4048 4237">
     <span class='ocr_line' id='line_1_84' title="bbox 2462 4165 4048 4237; baseline -0.003 -16"><span class='ocrx_word' id='word_1_663' title='bbox 2462 4187 2569 4222; x_wconf 87' lang='grc' dir='ltr'><strong>παν</strong></span> <span class='ocrx_word' id='word_1_664' title='bbox 2602 4171 2858 4221; x_wconf 77' lang='grc' dir='ltr'>ἐκπεσεῖν</span> <span class='ocrx_word' id='word_1_665' title='bbox 2885 4169 2997 4220; x_wconf 84' lang='grc' dir='ltr'><strong>τῶν</strong></span> <span class='ocrx_word' id='word_1_666' title='bbox 3048 4168 3226 4237; x_wconf 83' lang='grc' dir='ltr'>ὀρθῶν</span> <span class='ocrx_word' id='word_1_667' title='bbox 3272 4167 3580 4235; x_wconf 81' lang='grc' dir='ltr'>δογμάτων.</span> <span class='ocrx_word' id='word_1_668' title='bbox 3633 4165 3821 4234; x_wconf 80' lang='grc' dir='ltr'>Ἔχεις</span> <span class='ocrx_word' id='word_1_669' title='bbox 3844 4165 3904 4217; x_wconf 77' lang='grc' dir='ltr'>δὲ</span> <span class='ocrx_word' id='word_1_670' title='bbox 3935 4167 4048 4216; x_wconf 74' lang='grc' dir='ltr'>καὶ</span> 
     </span>
    </p>
   </div>
   <div class='ocr_carea' id='block_1_85' title="bbox 2461 4255 4047 4331">
    <p class='ocr_par' dir='ltr' id='par_1_85' title="bbox 2461 4255 4047 4331">
     <span class='ocr_line' id='line_1_85' title="bbox 2461 4255 4047 4331; baseline -0.004 -16"><span class='ocrx_word' id='word_1_671' title='bbox 2461 4265 2544 4315; x_wconf 83' lang='grc' dir='ltr'>ὅτι</span> <span class='ocrx_word' id='word_1_672' title='bbox 2569 4264 2598 4315; x_wconf 87' lang='lat'><strong>6</strong></span> <span class='ocrx_word' id='word_1_673' title='bbox 2644 4262 2861 4331; x_wconf 82' lang='grc' dir='ltr'>Ῥώμης</span> <span class='ocrx_word' id='word_1_674' title='bbox 2892 4263 3078 4330; x_wconf 83' lang='grc' dir='ltr'>θρόνος</span> <span class='ocrx_word' id='word_1_675' title='bbox 3109 4262 3279 4324; x_wconf 70' lang='grc' dir='ltr'>ἐστὶν,</span> <span class='ocrx_word' id='word_1_676' title='bbox 3317 4262 3376 4312; x_wconf 77' lang='grc' dir='ltr'>ἐν</span> <span class='ocrx_word' id='word_1_677' title='bbox 3402 4255 3446 4326; x_wconf 82' lang='grc' dir='ltr'>ᾧ</span> <span class='ocrx_word' id='word_1_678' title='bbox 3474 4275 3643 4328; x_wconf 80' lang='grc' dir='ltr'>φησιν</span> <span class='ocrx_word' id='word_1_679' title='bbox 3693 4261 3722 4311; x_wconf 88' lang='lat'><strong>6</strong></span> <span class='ocrx_word' id='word_1_680' title='bbox 3776 4257 4047 4327; x_wconf 73' lang='grc' dir='ltr'>βασιλεὺς</span> 
     </span>
    </p>
   </div>
   <div class='ocr_carea' id='block_1_86' title="bbox 2463 4351 4047 4422">
    <p class='ocr_par' dir='ltr' id='par_1_86' title="bbox 2463 4351 4047 4422">
     <span class='ocr_line' id='line_1_86' title="bbox 2463 4351 4047 4422; baseline -0.003 -16"><span class='ocrx_word' id='word_1_681' title='bbox 2463 4357 2691 4418; x_wconf 69' lang='grc' dir='ltr'>ἐκεῖνος,</span> <span class='ocrx_word' id='word_1_682' title='bbox 2719 4355 2948 4421; x_wconf 82' lang='grc' dir='ltr'>γράφων</span> <span class='ocrx_word' id='word_1_683' title='bbox 2981 4353 3059 4422; x_wconf 81' lang='grc' dir='ltr'>τῷ</span> <span class='ocrx_word' id='word_1_684' title='bbox 3082 4352 3323 4422; x_wconf 78' lang='grc' dir='ltr'>δευτέρῳ</span> <span class='ocrx_word' id='word_1_685' title='bbox 3344 4353 3533 4404; x_wconf 79' lang='grc' dir='ltr'>Λέοντι</span> <span class='ocrx_word' id='word_1_686' title='bbox 3566 4352 3704 4419; x_wconf 75' lang='grc' dir='ltr'>μετᾶ</span> <span class='ocrx_word' id='word_1_687' title='bbox 3729 4351 3832 4418; x_wconf 85' lang='grc' dir='ltr'>τὴν</span> <span class='ocrx_word' id='word_1_688' title='bbox 3864 4352 4047 4416; x_wconf 74' lang='grc' dir='ltr'>ἕκτην</span> 
     </span>
    </p>
   </div>
   <div class='ocr_carea' id='block_1_87' title="bbox 2466 4441 4045 4515">
    <p class='ocr_par' dir='ltr' id='par_1_87' title="bbox 2466 4441 4045 4515">
     <span class='ocr_line' id='line_1_87' title="bbox 2466 4441 4045 4515; baseline -0.004 -17"><span class='ocrx_word' id='word_1_689' title='bbox 2466 4447 2702 4510; x_wconf 83' lang='grc' dir='ltr'>σύνοδον,</span> <span class='ocrx_word' id='word_1_690' title='bbox 2741 4446 2845 4498; x_wconf 74' lang='grc' dir='ltr'><strong>ὑπὸ</strong></span> <span class='ocrx_word' id='word_1_691' title='bbox 2870 4443 3008 4497; x_wconf 86' lang='grc' dir='ltr'>Θεοῦ</span> <span class='ocrx_word' id='word_1_692' title='bbox 3053 4444 3150 4515; x_wconf 73' lang='grc' dir='ltr'>τὴν</span> <span class='ocrx_word' id='word_1_693' title='bbox 3185 4446 3372 4496; x_wconf 81' lang='grc' dir='ltr'>πίστιν</span> <span class='ocrx_word' id='word_1_694' title='bbox 3403 4442 3884 4510; x_wconf 74' lang='grc' dir='ltr'>ἀπαρεγχείρητον</span> <span class='ocrx_word' id='word_1_695' title='bbox 3914 4441 4045 4492; x_wconf 61' lang='grc' dir='ltr'>δια-</span> 
     </span>
    </p>
   </div>
   <div class='ocr_carea' id='block_1_88' title="bbox 807 4515 2500 4607">
    <p class='ocr_par' dir='ltr' id='par_1_88' title="bbox 807 4515 2500 4606">
     <span class='ocr_line' id='line_1_88' title="bbox 807 4515 2500 4606; baseline -0.006 -13"><span class='ocrx_word' id='word_1_696' title='bbox 807 4539 1070 4599; x_wconf 79' lang='lat' dir='ltr'><strong>llonorio,</strong></span> <span class='ocrx_word' id='word_1_697' title='bbox 1096 4552 1256 4606; x_wconf 89' lang='lat' dir='ltr'><strong>quem</strong></span> <span class='ocrx_word' id='word_1_698' title='bbox 1286 4549 1382 4589; x_wconf 76' lang='lat' dir='ltr'><strong>vos</strong></span> <span class='ocrx_word' id='word_1_699' title='bbox 1413 4534 1728 4588; x_wconf 71' lang='lat' dir='ltr'><strong>haereticum</strong></span> <span class='ocrx_word' id='word_1_700' title='bbox 1760 4530 2169 4585; x_wconf 83' lang='lat' dir='ltr'><strong>Monothelitam</strong></span> <span class='ocrx_word' id='word_1_701' title='bbox 2195 4529 2361 4584; x_wconf 75' lang='lat' dir='ltr'><strong>exsti—</strong></span> <span class='ocrx_word' id='word_1_702' title='bbox 2393 4515 2440 4573; x_wconf 78' lang='grc' dir='ltr'><strong>θ</strong></span> <span class='ocrx_word' id='word_1_703' title='bbox 2469 4556 2500 4590; x_wconf 89' lang='grc' dir='ltr'><strong>σ</strong></span> 
     </span>
    </p>
   </div>
   <div class='ocr_carea' id='block_1_89' title="bbox 2356 4515 4049 4607">
    <p class='ocr_par' dir='ltr' id='par_1_89' title="bbox 2356 4515 4049 4607">
     <span class='ocr_line' id='line_1_89' title="bbox 2356 4515 4049 4607; baseline -0.004 -17"><span class='ocrx_word' id='word_1_704' title='bbox 2356 4557 2361 4566; x_wconf 94' lang='grc'><strong>·</strong></span> <span class='ocrx_word' id='word_1_705' title='bbox 2393 4515 2440 4573; x_wconf 76' lang='grc' dir='ltr'><strong>θ</strong></span> <span class='ocrx_word' id='word_1_706' title='bbox 2469 4538 2725 4607; x_wconf 81' lang='grc' dir='ltr'>σωθῆναι.</span> <span class='ocrx_word' id='word_1_707' title='bbox 2751 4532 2868 4589; x_wconf 80' lang='grc' dir='ltr'>Ἦν</span> <span class='ocrx_word' id='word_1_708' title='bbox 2895 4537 2952 4588; x_wconf 75' lang='grc' dir='ltr'>δὲ</span> <span class='ocrx_word' id='word_1_709' title='bbox 2981 4536 3133 4589; x_wconf 86' lang='grc' dir='ltr'>Λέων</span> <span class='ocrx_word' id='word_1_710' title='bbox 3162 4538 3190 4588; x_wconf 89' lang='lat'><strong>6</strong></span> <span class='ocrx_word' id='word_1_711' title='bbox 3225 4536 3476 4603; x_wconf 82' lang='grc' dir='ltr'>δεύτερος</span> <span class='ocrx_word' id='word_1_712' title='bbox 3503 4534 3788 4594; x_wconf 76' lang='grc' dir='ltr'>ἑνδέκατος</span> <span class='ocrx_word' id='word_1_713' title='bbox 3843 4534 4049 4594; x_wconf 56' lang='grc' dir='ltr'>πάντας</span> 
     </span>
    </p>
   </div>
   <div class='ocr_carea' id='block_1_90' title="bbox 809 4625 1792 4687">
    <p class='ocr_par' dir='ltr' id='par_1_90' title="bbox 809 4625 1792 4687">
     <span class='ocr_line' id='line_1_90' title="bbox 809 4625 1792 4687; baseline -0.013 -1"><span class='ocrx_word' id='word_1_714' title='bbox 809 4633 939 4687; x_wconf 88' lang='lat' dir='ltr'><strong>tisse</strong></span> <span class='ocrx_word' id='word_1_715' title='bbox 967 4627 1397 4683; x_wconf 76' lang='lat' dir='ltr'><strong>ralumniamini.</strong></span> <span class='ocrx_word' id='word_1_716' title='bbox 1429 4625 1578 4679; x_wconf 88' lang='lat' dir='ltr'><strong>Dicis</strong></span> <span class='ocrx_word' id='word_1_717' title='bbox 1598 4625 1743 4678; x_wconf 86' lang='lat' dir='ltr'><strong>enim</strong></span> <span class='ocrx_word' id='word_1_718' title='bbox 1776 4637 1792 4673; x_wconf 90' lang='lat'><strong>:</strong></span> 
     </span>
    </p>
   </div>
   <div class='ocr_carea' id='block_1_91' title="bbox 1327 4821 1857 4894">
    <p class='ocr_par' dir='ltr' id='par_1_91' title="bbox 1327 4821 1857 4894">
     <span class='ocr_line' id='line_1_91' title="bbox 1327 4821 1857 4894; baseline -0.015 -13"><span class='ocrx_word' id='word_1_719' title='bbox 1327 4825 1528 4881; x_wconf 79' lang='lat' dir='ltr'>NILUS</span> <span class='ocrx_word' id='word_1_720' title='bbox 1577 4824 1730 4894; x_wconf 86' lang='lat' dir='ltr'><strong>(Cap.</strong></span> <span class='ocrx_word' id='word_1_721' title='bbox 1768 4821 1857 4889; x_wconf 69' lang='grc' dir='ltr'><strong>Υ).</strong></span> 
     </span>
    </p>
   </div>
   <div class='ocr_carea' id='block_1_92' title="bbox 888 4931 2368 5008">
    <p class='ocr_par' dir='ltr' id='par_1_92' title="bbox 888 4931 2368 5008">
     <span class='ocr_line' id='line_1_92' title="bbox 888 4931 2368 5008; baseline -0.012 -7"><span class='ocrx_word' id='word_1_722' title='bbox 888 4969 905 5000; x_wconf 77' lang='grc' dir='ltr'><strong>ι</strong></span> <span class='ocrx_word' id='word_1_723' title='bbox 941 4947 1004 5000; x_wconf 84' lang='lat' dir='ltr'><strong>Et</strong></span> <span class='ocrx_word' id='word_1_724' title='bbox 1027 4943 1304 4998; x_wconf 79' lang='lat' dir='ltr'><strong>Honorius</strong></span> <span class='ocrx_word' id='word_1_725' title='bbox 1335 4939 1628 5008; x_wconf 90' lang='lat' dir='ltr'><strong>episcopus</strong></span> <span class='ocrx_word' id='word_1_726' title='bbox 1657 4935 1937 4989; x_wconf 77' lang='lat' dir='ltr'><strong>Romanus</strong></span> <span class='ocrx_word' id='word_1_727' title='bbox 1978 4948 2007 4986; x_wconf 89' lang='lat' dir='ltr'><strong>a</strong></span> <span class='ocrx_word' id='word_1_728' title='bbox 2043 4933 2209 4986; x_wconf 84' lang='lat' dir='ltr'><strong>rectis</strong></span> <span class='ocrx_word' id='word_1_729' title='bbox 2231 4931 2368 4999; x_wconf 75' lang='lat' dir='ltr'><strong>dog-</strong></span> 
     </span>
    </p>
   </div>
   <div class='ocr_carea' id='block_1_93' title="bbox 810 5025 2503 5108">
    <p class='ocr_par' dir='ltr' id='par_1_93' title="bbox 810 5025 2503 5108">
     <span class='ocr_line' id='line_1_93' title="bbox 810 5025 2503 5108; baseline -0.014 -13"><span class='ocrx_word' id='word_1_730' title='bbox 810 5041 1052 5095; x_wconf 86' lang='lat' dir='ltr'><strong>malihus</strong></span> <span class='ocrx_word' id='word_1_731' title='bbox 1087 5034 1393 5108; x_wconf 75' lang='lat' dir='ltr'><strong>aberravit,</strong></span> <span class='ocrx_word' id='word_1_732' title='bbox 1423 5039 1480 5086; x_wconf 90' lang='lat' dir='ltr'><strong>et</strong></span> <span class='ocrx_word' id='word_1_733' title='bbox 1520 5047 1549 5086; x_wconf 90' lang='lat' dir='ltr'><strong>a</strong></span> <span class='ocrx_word' id='word_1_734' title='bbox 1599 5038 1787 5084; x_wconf 85' lang='lat' dir='ltr'><strong>sancta</strong></span> <span class='ocrx_word' id='word_1_735' title='bbox 1827 5025 2167 5082; x_wconf 71' lang='lat' dir='ltr'><strong>mcumenica</strong></span> <span class='ocrx_word' id='word_1_736' title='bbox 2221 5033 2370 5078; x_wconf 69' lang='lat' dir='ltr'><strong>sexta</strong></span> <span class='ocrx_word' id='word_1_737' title='bbox 2453 5041 2503 5092; x_wconf 53' lang='grc' dir='ltr'>,ο</span> 
     </span>
    </p>
   </div>
   <div class='ocr_carea' id='block_1_94' title="bbox 1584 5025 3277 5108">
    <p class='ocr_par' dir='ltr' id='par_1_94' title="bbox 1599 5025 3277 5107">
     <span class='ocr_line' id='line_1_94' title="bbox 1599 5025 3277 5107; baseline -0.008 -23"><span class='ocrx_word' id='word_1_738' title='bbox 1599 5038 1787 5084; x_wconf 77' lang='lat' dir='ltr'><strong>salicta</strong></span> <span class='ocrx_word' id='word_1_739' title='bbox 1827 5025 2167 5082; x_wconf 71' lang='lat' dir='ltr'><strong>mcumenica</strong></span> <span class='ocrx_word' id='word_1_740' title='bbox 2221 5033 2370 5078; x_wconf 69' lang='lat' dir='ltr'><strong>sexta</strong></span> <span class='ocrx_word' id='word_1_741' title='bbox 2453 5041 2584 5092; x_wconf 54' lang='grc' dir='ltr'><strong>,θῶν</strong></span> <span class='ocrx_word' id='word_1_742' title='bbox 2637 5057 2697 5091; x_wconf 77' lang='grc' dir='ltr'>τε</span> <span class='ocrx_word' id='word_1_743' title='bbox 2753 5039 2912 5106; x_wconf 65' lang='grc' dir='ltr'><strong>ἐξέδη</strong></span> <span class='ocrx_word' id='word_1_744' title='bbox 2967 5039 3277 5107; x_wconf 54' lang='grc' dir='ltr'><strong>δογμάτων.</strong></span> 
     </span>
    </p>
   </div>
   <div class='ocr_carea' id='block_1_95' title="bbox 808 5130 1528 5204">
    <p class='ocr_par' dir='ltr' id='par_1_95' title="bbox 808 5130 1528 5204">
     <span class='ocr_line' id='line_1_95' title="bbox 808 5130 1528 5204; baseline -0.018 -17"><span class='ocrx_word' id='word_1_745' title='bbox 808 5133 1019 5204; x_wconf 75' lang='lat' dir='ltr'><strong>synodo</strong></span> <span class='ocrx_word' id='word_1_746' title='bbox 1049 5130 1335 5184; x_wconf 83' lang='lat' dir='ltr'><strong>damnatus</strong></span> <span class='ocrx_word' id='word_1_747' title='bbox 1365 5138 1469 5181; x_wconf 90' lang='lat' dir='ltr'><strong>est.</strong></span> <span class='ocrx_word' id='word_1_748' title='bbox 1511 5143 1528 5174; x_wconf 76' lang='grc' dir='ltr'><strong>ι</strong></span> 
     </span>
    </p>
   </div>
   <div class='ocr_carea' id='block_1_96' title="bbox 1351 5234 1814 5293">
    <p class='ocr_par' dir='ltr' id='par_1_96' title="bbox 1351 5234 1814 5293">
     <span class='ocr_line' id='line_1_96' title="bbox 1351 5234 1814 5293; baseline -0.015 0"><span class='ocrx_word' id='word_1_749' title='bbox 1351 5234 1814 5293; x_wconf 81' lang='lat' dir='ltr'><strong>CONFUTATIO.</strong></span> 
     </span>
    </p>
   </div>
   <div class='ocr_carea' id='block_1_97' title="bbox 884 5344 2375 5416">
    <p class='ocr_par' dir='ltr' id='par_1_97' title="bbox 884 5344 2375 5416">
     <span class='ocr_line' id='line_1_97' title="bbox 884 5344 2375 5416; baseline -0.014 -1"><span class='ocrx_word' id='word_1_750' title='bbox 884 5361 941 5416; x_wconf 93' lang='lat' dir='ltr'><strong>Si</strong></span> <span class='ocrx_word' id='word_1_751' title='bbox 973 5355 1248 5412; x_wconf 83' lang='lat' dir='ltr'><strong>Honorius</strong></span> <span class='ocrx_word' id='word_1_752' title='bbox 1286 5352 1391 5406; x_wconf 82' lang='lat' dir='ltr'><strong>fuit</strong></span> <span class='ocrx_word' id='word_1_753' title='bbox 1424 5349 1738 5411; x_wconf 64' lang='lat' dir='ltr'><strong>haereticus,</strong></span> <span class='ocrx_word' id='word_1_754' title='bbox 1771 5346 2047 5416; x_wconf 89' lang='lat' dir='ltr'><strong>quomodo</strong></span> <span class='ocrx_word' id='word_1_755' title='bbox 2078 5355 2198 5413; x_wconf 86' lang='lat' dir='ltr'><strong>post</strong></span> <span class='ocrx_word' id='word_1_756' title='bbox 2224 5344 2375 5398; x_wconf 83' lang='lat' dir='ltr'><strong>illum</strong></span> 
     </span>
    </p>
   </div>
   <div class='ocr_carea' id='block_1_98' title="bbox 814 5436 2409 5517">
    <p class='ocr_par' dir='ltr' id='par_1_98' title="bbox 814 5436 2409 5517">
     <span class='ocr_line' id='line_1_98' title="bbox 814 5436 2409 5517; baseline -0.014 -7"><span class='ocrx_word' id='word_1_757' title='bbox 814 5452 1095 5511; x_wconf 86' lang='lat' dir='ltr'><strong>scribebat</strong></span> <span class='ocrx_word' id='word_1_758' title='bbox 1144 5450 1445 5517; x_wconf 83' lang='lat' dir='ltr'><strong>imperator</strong></span> <span class='ocrx_word' id='word_1_759' title='bbox 1488 5441 1932 5509; x_wconf 57' lang='lat' dir='ltr'><strong>Constantinus;</strong></span> <span class='ocrx_word' id='word_1_760' title='bbox 1969 5457 1987 5488; x_wconf 78' lang='grc' dir='ltr'><strong>ι</strong></span> <span class='ocrx_word' id='word_1_761' title='bbox 2025 5438 2137 5492; x_wconf 90' lang='lat' dir='ltr'><strong>Deo</strong></span> <span class='ocrx_word' id='word_1_762' title='bbox 2179 5436 2409 5506; x_wconf 80' lang='lat' dir='ltr'><strong>gloria,_</strong></span> 
     </span>
    </p>
   </div>
   <div class='ocr_carea' id='block_1_99' title="bbox 815 5530 2380 5614">
    <p class='ocr_par' dir='ltr' id='par_1_99' title="bbox 815 5530 2380 5614">
     <span class='ocr_line' id='line_1_99' title="bbox 815 5530 2380 5614; baseline -0.01 -17"><span class='ocrx_word' id='word_1_763' title='bbox 815 5547 909 5614; x_wconf 88' lang='lat' dir='ltr'><strong>qui</strong></span> <span class='ocrx_word' id='word_1_764' title='bbox 976 5542 1136 5596; x_wconf 81' lang='lat' dir='ltr'><strong>fidem</strong></span> <span class='ocrx_word' id='word_1_765' title='bbox 1191 5540 1249 5593; x_wconf 82' lang='lat' dir='ltr'><strong>in</strong></span> <span class='ocrx_word' id='word_1_766' title='bbox 1300 5537 1430 5592; x_wconf 80' lang='lat' dir='ltr'><strong>sede</strong></span> <span class='ocrx_word' id='word_1_767' title='bbox 1476 5534 1624 5589; x_wconf 81' lang='lat' dir='ltr'><strong>Petri</strong></span> <span class='ocrx_word' id='word_1_768' title='bbox 1666 5531 2011 5587; x_wconf 77' lang='lat' dir='ltr'><strong>conservavit</strong></span> <span class='ocrx_word' id='word_1_769' title='bbox 2057 5530 2380 5597; x_wconf 70' lang='lat' dir='ltr'><strong>indeprava-</strong></span> 
     </span>
    </p>
   </div>
   <div class='ocr_carea' id='block_1_100' title="bbox 819 5623 2382 5701">
    <p class='ocr_par' dir='ltr' id='par_1_100' title="bbox 819 5623 2382 5701">
     <span class='ocr_line' id='line_1_100' title="bbox 819 5623 2382 5701; baseline -0.012 -9"><span class='ocrx_word' id='word_1_770' title='bbox 819 5634 975 5692; x_wconf 86' lang='lat' dir='ltr'><strong>tam?</strong></span> <span class='ocrx_word' id='word_1_771' title='bbox 1015 5653 1031 5685; x_wconf 77' lang='grc' dir='ltr'><strong>ι</strong></span> <span class='ocrx_word' id='word_1_772' title='bbox 1063 5631 1250 5701; x_wconf 78' lang='lat' dir='ltr'><strong>Neque</strong></span> <span class='ocrx_word' id='word_1_773' title='bbox 1279 5630 1425 5684; x_wconf 83' lang='lat' dir='ltr'><strong>enim</strong></span> <span class='ocrx_word' id='word_1_774' title='bbox 1482 5627 1610 5680; x_wconf 88' lang='lat' dir='ltr'><strong>licet</strong></span> <span class='ocrx_word' id='word_1_775' title='bbox 1649 5625 1714 5678; x_wconf 88' lang='lat' dir='ltr'><strong>ad</strong></span> <span class='ocrx_word' id='word_1_776' title='bbox 1758 5624 1864 5679; x_wconf 87' lang='lat' dir='ltr'><strong>hoc</strong></span> <span class='ocrx_word' id='word_1_777' title='bbox 1897 5623 2110 5684; x_wconf 89' lang='lat' dir='ltr'><strong>dicere,</strong></span> <span class='ocrx_word' id='word_1_778' title='bbox 2149 5623 2382 5690; x_wconf 85' lang='lat' dir='ltr'><strong>impera-</strong></span> 
     </span>
    </p>
   </div>
   <div class='ocr_carea' id='block_1_101' title="bbox 821 5719 2382 5791">
    <p class='ocr_par' dir='ltr' id='par_1_101' title="bbox 821 5719 2382 5791">
     <span class='ocr_line' id='line_1_101' title="bbox 821 5719 2382 5791; baseline -0.007 -8"><span class='ocrx_word' id='word_1_779' title='bbox 821 5743 992 5783; x_wconf 70' lang='lat' dir='ltr'><strong>torem</strong></span> <span class='ocrx_word' id='word_1_780' title='bbox 1023 5728 1192 5791; x_wconf 70' lang='lat' dir='ltr'><strong>fdisse</strong></span> <span class='ocrx_word' id='word_1_781' title='bbox 1228 5727 1472 5780; x_wconf 87' lang='lat' dir='ltr'><strong>locutum</strong></span> <span class='ocrx_word' id='word_1_782' title='bbox 1504 5723 1571 5777; x_wconf 90' lang='lat' dir='ltr'><strong>de</strong></span> <span class='ocrx_word' id='word_1_783' title='bbox 1628 5721 1810 5776; x_wconf 78' lang='lat' dir='ltr'><strong>Leone</strong></span> <span class='ocrx_word' id='word_1_784' title='bbox 1848 5720 1912 5785; x_wconf 92' lang='lat' dir='ltr'><strong>ll,</strong></span> <span class='ocrx_word' id='word_1_785' title='bbox 1948 5729 2080 5773; x_wconf 84' lang='lat' dir='ltr'><strong>tunc</strong></span> <span class='ocrx_word' id='word_1_786' title='bbox 2119 5719 2382 5787; x_wconf 88' lang='lat' dir='ltr'><strong>temporis</strong></span> 
     </span>
    </p>
   </div>
   <div class='ocr_carea' id='block_1_102' title="bbox 823 5810 2378 5893">
    <p class='ocr_par' dir='ltr' id='par_1_102' title="bbox 823 5810 2378 5893">
     <span class='ocr_line' id='line_1_102' title="bbox 823 5810 2378 5893; baseline -0.007 -18"><span class='ocrx_word' id='word_1_787' title='bbox 823 5823 1100 5893; x_wconf 77' lang='lat' dir='ltr'><strong>pontiﬁce.</strong></span> <span class='ocrx_word' id='word_1_788' title='bbox 1128 5819 1262 5874; x_wconf 78' lang='lat' dir='ltr'><strong>Nam</strong></span> <span class='ocrx_word' id='word_1_789' title='bbox 1292 5818 1455 5873; x_wconf 79' lang='lat' dir='ltr'><strong>infert</strong></span> <span class='ocrx_word' id='word_1_790' title='bbox 1485 5817 1595 5883; x_wconf 77' lang='lat' dir='ltr'><strong>ille,</strong></span> <span class='ocrx_word' id='word_1_791' title='bbox 1621 5823 1675 5872; x_wconf 91' lang='lat' dir='ltr'><strong>ct</strong></span> <span class='ocrx_word' id='word_1_792' title='bbox 1716 5816 1790 5868; x_wconf 89' lang='lat' dir='ltr'><strong>ait</strong></span> <span class='ocrx_word' id='word_1_793' title='bbox 1821 5834 1830 5867; x_wconf 93' lang='lat'>:</span> <span class='ocrx_word' id='word_1_794' title='bbox 1872 5835 1886 5866; x_wconf 80' lang='grc' dir='ltr'><strong>ι</strong></span> <span class='ocrx_word' id='word_1_795' title='bbox 1921 5810 2206 5881; x_wconf 82' lang='lat' dir='ltr'><strong>Quomodo</strong></span> <span class='ocrx_word' id='word_1_796' title='bbox 2235 5815 2378 5866; x_wconf 84' lang='lat' dir='ltr'><strong>enim</strong></span> 
     </span>
    </p>
   </div>
   <div class='ocr_carea' id='block_1_103' title="bbox 2470 4617 4052 4698">
    <p class='ocr_par' dir='ltr' id='par_1_103' title="bbox 2470 4617 4052 4698">
     <span class='ocr_line' id='line_1_103' title="bbox 2470 4617 4052 4698; baseline -0.006 -15"><span class='ocrx_word' id='word_1_797' title='bbox 2470 4617 2576 4683; x_wconf 68' lang='grc' dir='ltr'><strong>ἀὲτδ</strong></span> <span class='ocrx_word' id='word_1_798' title='bbox 2619 4627 2905 4698; x_wconf 84' lang='grc' dir='ltr'>Ὀνωρίου,</span> <span class='ocrx_word' id='word_1_799' title='bbox 2939 4628 3000 4680; x_wconf 78' lang='grc' dir='ltr'>ὃν</span> <span class='ocrx_word' id='word_1_800' title='bbox 3023 4628 3184 4698; x_wconf 84' lang='grc' dir='ltr'>ὑμεῖς</span> <span class='ocrx_word' id='word_1_801' title='bbox 3233 4627 3310 4689; x_wconf 85' lang='grc' dir='ltr'>ὡς</span> <span class='ocrx_word' id='word_1_802' title='bbox 3340 4625 3619 4695; x_wconf 73' lang='grc' dir='ltr'>αἱρετικὸν</span> <span class='ocrx_word' id='word_1_803' title='bbox 3661 4623 4052 4692; x_wconf 77' lang='grc' dir='ltr'>μονοθελὴτην</span> 
     </span>
    </p>
   </div>
   <div class='ocr_carea' id='block_1_104' title="bbox 2474 4719 3303 4788">
    <p class='ocr_par' dir='ltr' id='par_1_104' title="bbox 2474 4719 3303 4788">
     <span class='ocr_line' id='line_1_104' title="bbox 2474 4719 3303 4788; baseline -0.005 -14"><span class='ocrx_word' id='word_1_804' title='bbox 2474 4724 2884 4788; x_wconf 71' lang='grc' dir='ltr'>συκοφαντεῖτε.</span> <span class='ocrx_word' id='word_1_805' title='bbox 2916 4721 3109 4788; x_wconf 85' lang='grc' dir='ltr'>Λέγεις</span> <span class='ocrx_word' id='word_1_806' title='bbox 3144 4719 3257 4788; x_wconf 82' lang='grc' dir='ltr'>γάρ</span> <span class='ocrx_word' id='word_1_807' title='bbox 3287 4735 3303 4751; x_wconf 76' lang='grc' dir='ltr'><strong>ο</strong></span> 
     </span>
    </p>
   </div>
   <div class='ocr_carea' id='block_1_105' title="bbox 3136 4835 3404 4888">
    <p class='ocr_par' dir='ltr' id='par_1_105' title="bbox 3136 4835 3404 4888">
     <span class='ocr_line' id='line_1_105' title="bbox 3136 4835 3404 4888; baseline 0.004 -1"><span class='ocrx_word' id='word_1_808' title='bbox 3136 4835 3404 4888; x_wconf 77' lang='grc' dir='ltr'><strong>ΝΕΙΛΟΣ.</strong></span> 
     </span>
    </p>
   </div>
   <div class='ocr_carea' id='block_1_106' title="bbox 2545 4945 4056 5017">
    <p class='ocr_par' dir='ltr' id='par_1_106' title="bbox 2545 4945 4056 5017">
     <span class='ocr_line' id='line_1_106' title="bbox 2545 4945 4056 5017; baseline -0.002 -16"><span class='ocrx_word' id='word_1_809' title='bbox 2545 4949 2652 5001; x_wconf 74' lang='grc' dir='ltr'><strong>Καὶ</strong></span> <span class='ocrx_word' id='word_1_810' title='bbox 2685 4949 2940 5016; x_wconf 82' lang='grc' dir='ltr'>Ὀνώριος</span> <span class='ocrx_word' id='word_1_811' title='bbox 2973 4949 3050 5013; x_wconf 78' lang='grc' dir='ltr'>δὲ,</span> <span class='ocrx_word' id='word_1_812' title='bbox 3089 4948 3305 5017; x_wconf 70' lang='grc' dir='ltr'>Ῥώμης</span> <span class='ocrx_word' id='word_1_813' title='bbox 3339 4948 3642 5008; x_wconf 77' lang='grc' dir='ltr'>ἐπίσκοπος</span> <span class='ocrx_word' id='word_1_814' title='bbox 3675 4945 3770 5009; x_wconf 85' lang='grc' dir='ltr'>ὥν,</span> <span class='ocrx_word' id='word_1_815' title='bbox 3805 4947 3916 4998; x_wconf 81' lang='grc' dir='ltr'>τῶν</span> <span class='ocrx_word' id='word_1_816' title='bbox 3949 4949 4056 5017; x_wconf 75' lang='grc' dir='ltr'><strong>ὀρ-</strong></span> 
     </span>
    </p>
   </div>
   <div class='ocr_carea' id='block_1_107' title="bbox 3373 5040 4054 5109">
    <p class='ocr_par' dir='ltr' id='par_1_107' title="bbox 3373 5040 4054 5109">
     <span class='ocr_line' id='line_1_107' title="bbox 3373 5040 4054 5109; baseline 0.001 -19"><span class='ocrx_word' id='word_1_817' title='bbox 3373 5041 3471 5090; x_wconf 72' lang='lat' dir='ltr'><strong>ttat</strong></span> <span class='ocrx_word' id='word_1_818' title='bbox 3519 5040 3676 5109; x_wconf 77' lang='grc' dir='ltr'>παρὰ</span> <span class='ocrx_word' id='word_1_819' title='bbox 3723 5042 3821 5106; x_wconf 80' lang='grc' dir='ltr'>τῆς</span> <span class='ocrx_word' id='word_1_820' title='bbox 3879 5041 4054 5104; x_wconf 80' lang='grc' dir='ltr'>ἁγίας</span> 
     </span>
    </p>
   </div>
   <div class='ocr_carea' id='block_1_108' title="bbox 2476 5128 3977 5198">
    <p class='ocr_par' dir='ltr' id='par_1_108' title="bbox 2476 5128 3977 5198">
     <span class='ocr_line' id='line_1_108' title="bbox 2476 5128 3977 5198; baseline -0.001 -16"><span class='ocrx_word' id='word_1_821' title='bbox 2476 5130 2570 5182; x_wconf 77' lang='grc' dir='ltr'>καὶ</span> <span class='ocrx_word' id='word_1_822' title='bbox 2618 5130 3001 5198; x_wconf 81' lang='grc' dir='ltr'>οἱκουμενικῆς</span> <span class='ocrx_word' id='word_1_823' title='bbox 3049 5129 3215 5194; x_wconf 78' lang='grc' dir='ltr'>ἕκτης</span> <span class='ocrx_word' id='word_1_824' title='bbox 3240 5128 3466 5181; x_wconf 84' lang='grc' dir='ltr'>συνόδου</span> <span class='ocrx_word' id='word_1_825' title='bbox 3495 5130 3977 5196; x_wconf 75' lang='grc' dir='ltr'>ἀποκεκήρυκται.</span> 
     </span>
    </p>
   </div>
   <div class='ocr_carea' id='block_1_109' title="bbox 3049 5239 3488 5294">
    <p class='ocr_par' dir='ltr' id='par_1_109' title="bbox 3049 5239 3488 5294">
     <span class='ocr_line' id='line_1_109' title="bbox 3049 5239 3488 5294; baseline 0.007 -3"><span class='ocrx_word' id='word_1_826' title='bbox 3049 5239 3488 5294; x_wconf 79' lang='grc' dir='ltr'><strong>ΔΝΤΙΡΡΗΣΙΣ.</strong></span> 
     </span>
    </p>
   </div>
   <div class='ocr_carea' id='block_1_110' title="bbox 2529 5350 4060 5424">
    <p class='ocr_par' dir='ltr' id='par_1_110' title="bbox 2529 5350 4060 5424">
     <span class='ocr_line' id='line_1_110' title="bbox 2529 5350 4060 5424; baseline 0 -18"><span class='ocrx_word' id='word_1_827' title='bbox 2529 5355 2723 5424; x_wconf 71' lang='grc' dir='ltr'>Ἐἴπερ</span> <span class='ocrx_word' id='word_1_828' title='bbox 2752 5354 3008 5422; x_wconf 78' lang='grc' dir='ltr'>Ὁνώριος</span> <span class='ocrx_word' id='word_1_829' title='bbox 3036 5350 3102 5420; x_wconf 70' lang='grc' dir='ltr'>ἦν</span> <span class='ocrx_word' id='word_1_830' title='bbox 3128 5353 3427 5422; x_wconf 74' lang='grc' dir='ltr'>αίρετικδς,</span> <span class='ocrx_word' id='word_1_831' title='bbox 3457 5353 3574 5416; x_wconf 81' lang='grc' dir='ltr'>πῶς</span> <span class='ocrx_word' id='word_1_832' title='bbox 3622 5352 3716 5405; x_wconf 81' lang='grc' dir='ltr'>οὖν</span> <span class='ocrx_word' id='word_1_833' title='bbox 3749 5354 3891 5421; x_wconf 69' lang='grc' dir='ltr'>μετὰ</span> <span class='ocrx_word' id='word_1_834' title='bbox 3922 5355 4060 5407; x_wconf 82' lang='grc' dir='ltr'>ταῦ-</span> 
     </span>
    </p>
   </div>
   <div class='ocr_carea' id='block_1_111' title="bbox 2480 5445 4059 5514">
    <p class='ocr_par' dir='ltr' id='par_1_111' title="bbox 2480 5445 4059 5514">
     <span class='ocr_line' id='line_1_111' title="bbox 2480 5445 4059 5514; baseline -0.005 -14"><span class='ocrx_word' id='word_1_835' title='bbox 2480 5466 2547 5500; x_wconf 88' lang='grc' dir='ltr'><strong>τα</strong></span> <span class='ocrx_word' id='word_1_836' title='bbox 2579 5447 2817 5514; x_wconf 73' lang='grc' dir='ltr'>ἔγραφεν</span> <span class='ocrx_word' id='word_1_837' title='bbox 2844 5448 2871 5496; x_wconf 89' lang='lat'><strong>6</strong></span> <span class='ocrx_word' id='word_1_838' title='bbox 2905 5445 3156 5513; x_wconf 80' lang='grc' dir='ltr'>βασιλεὺς</span> <span class='ocrx_word' id='word_1_839' title='bbox 3215 5446 3650 5507; x_wconf 74' lang='grc' dir='ltr'>Κωνσταντῖνοςο</span> <span class='ocrx_word' id='word_1_840' title='bbox 3713 5463 3733 5495; x_wconf 72' lang='grc' dir='ltr'><strong>ο</strong></span> <span class='ocrx_word' id='word_1_841' title='bbox 3775 5445 3918 5509; x_wconf 71' lang='grc' dir='ltr'>Δόξα</span> <span class='ocrx_word' id='word_1_842' title='bbox 3975 5447 4059 5513; x_wconf 80' lang='grc' dir='ltr'>τῷ</span> 
     </span>
    </p>
   </div>
   <div class='ocr_carea' id='block_1_112' title="bbox 2481 5536 4057 5606">
    <p class='ocr_par' dir='ltr' id='par_1_112' title="bbox 2481 5536 4057 5606">
     <span class='ocr_line' id='line_1_112' title="bbox 2481 5536 4057 5606; baseline -0.002 -15"><span class='ocrx_word' id='word_1_843' title='bbox 2481 5540 2624 5606; x_wconf 77' lang='grc' dir='ltr'>Θεῷ,</span> <span class='ocrx_word' id='word_1_844' title='bbox 2653 5539 2732 5603; x_wconf 82' lang='grc' dir='ltr'>τῷ</span> <span class='ocrx_word' id='word_1_845' title='bbox 2755 5538 3086 5589; x_wconf 78' lang='grc' dir='ltr'>διασώσαντι</span> <span class='ocrx_word' id='word_1_846' title='bbox 3117 5538 3217 5604; x_wconf 84' lang='grc' dir='ltr'>τὴν</span> <span class='ocrx_word' id='word_1_847' title='bbox 3246 5536 3430 5588; x_wconf 85' lang='grc' dir='ltr'>πίστιν</span> <span class='ocrx_word' id='word_1_848' title='bbox 3482 5539 3541 5588; x_wconf 82' lang='grc' dir='ltr'>ἐν</span> <span class='ocrx_word' id='word_1_849' title='bbox 3574 5536 3650 5605; x_wconf 77' lang='grc' dir='ltr'>τῷ</span> <span class='ocrx_word' id='word_1_850' title='bbox 3713 5537 3894 5604; x_wconf 65' lang='grc' dir='ltr'>θρόνῳ</span> <span class='ocrx_word' id='word_1_851' title='bbox 3949 5538 4057 5588; x_wconf 88' lang='grc' dir='ltr'><strong>τοῦ</strong></span> 
     </span>
    </p>
   </div>
   <div class='ocr_carea' id='block_1_113' title="bbox 2486 5627 4060 5699">
    <p class='ocr_par' dir='ltr' id='par_1_113' title="bbox 2486 5627 4060 5699">
     <span class='ocr_line' id='line_1_113' title="bbox 2486 5627 4060 5699; baseline -0.001 -17"><span class='ocrx_word' id='word_1_852' title='bbox 2486 5634 2690 5698; x_wconf 71' lang='grc' dir='ltr'>Πέτρου</span> <span class='ocrx_word' id='word_1_853' title='bbox 2717 5630 3193 5699; x_wconf 79' lang='grc' dir='ltr'>ἀπαρεγχείρητον</span> <span class='ocrx_word' id='word_1_854' title='bbox 3224 5645 3240 5694; x_wconf 92' lang='grc'>;</span> <span class='ocrx_word' id='word_1_855' title='bbox 3279 5647 3298 5680; x_wconf 74' lang='grc' dir='ltr'><strong>ο</strong></span> <span class='ocrx_word' id='word_1_856' title='bbox 3336 5629 3413 5681; x_wconf 86' lang='grc' dir='ltr'><strong>Οὐ</strong></span> <span class='ocrx_word' id='word_1_857' title='bbox 3442 5629 3547 5696; x_wconf 82' lang='grc' dir='ltr'>γὰρ</span> <span class='ocrx_word' id='word_1_858' title='bbox 3573 5629 3685 5680; x_wconf 79' lang='grc' dir='ltr'>ἐστι</span> <span class='ocrx_word' id='word_1_859' title='bbox 3723 5629 3861 5696; x_wconf 81' lang='grc' dir='ltr'>πρὸς</span> <span class='ocrx_word' id='word_1_860' title='bbox 3894 5627 4060 5681; x_wconf 78' lang='grc' dir='ltr'>τοῦτο</span> 
     </span>
    </p>
   </div>
   <div class='ocr_carea' id='block_1_114' title="bbox 2487 5721 4057 5789">
    <p class='ocr_par' dir='ltr' id='par_1_114' title="bbox 2487 5721 4057 5789">
     <span class='ocr_line' id='line_1_114' title="bbox 2487 5721 4057 5789; baseline -0.001 -16"><span class='ocrx_word' id='word_1_861' title='bbox 2487 5725 2680 5784; x_wconf 80' lang='grc' dir='ltr'>εἰπεῖν,</span> <span class='ocrx_word' id='word_1_862' title='bbox 2703 5724 2782 5772; x_wconf 73' lang='grc' dir='ltr'><strong>ὅτι</strong></span> <span class='ocrx_word' id='word_1_863' title='bbox 2809 5722 2939 5789; x_wconf 77' lang='grc' dir='ltr'>περὶ</span> <span class='ocrx_word' id='word_1_864' title='bbox 2968 5721 3063 5773; x_wconf 85' lang='grc' dir='ltr'><strong>τοῦ</strong></span> <span class='ocrx_word' id='word_1_865' title='bbox 3090 5722 3240 5781; x_wconf 76' lang='grc' dir='ltr'>ὄντος</span> <span class='ocrx_word' id='word_1_866' title='bbox 3263 5721 3383 5772; x_wconf 83' lang='grc' dir='ltr'>τότε</span> <span class='ocrx_word' id='word_1_867' title='bbox 3439 5721 3640 5772; x_wconf 76' lang='grc' dir='ltr'>πάππα</span> <span class='ocrx_word' id='word_1_868' title='bbox 3673 5721 3905 5782; x_wconf 81' lang='grc' dir='ltr'>Λέοντος</span> <span class='ocrx_word' id='word_1_869' title='bbox 3955 5721 4057 5772; x_wconf 86' lang='grc' dir='ltr'><strong>τοῦ</strong></span> 
     </span>
    </p>
   </div>
   <div class='ocr_carea' id='block_1_115' title="bbox 2486 5810 4058 5884">
    <p class='ocr_par' dir='ltr' id='par_1_115' title="bbox 2486 5810 4058 5884">
     <span class='ocr_line' id='line_1_115' title="bbox 2486 5810 4058 5884; baseline -0.003 -17"><span class='ocrx_word' id='word_1_870' title='bbox 2486 5813 2733 5883; x_wconf 71' lang='grc' dir='ltr'>δευτέρου</span> <span class='ocrx_word' id='word_1_871' title='bbox 2764 5815 3002 5884; x_wconf 67' lang='grc' dir='ltr'>ἔγραφεν</span> <span class='ocrx_word' id='word_1_872' title='bbox 3027 5815 3053 5866; x_wconf 88' lang='lat'><strong>6</strong></span> <span class='ocrx_word' id='word_1_873' title='bbox 3072 5810 3341 5882; x_wconf 81' lang='grc' dir='ltr'>βασιλεύς·</span> <span class='ocrx_word' id='word_1_874' title='bbox 3371 5812 3622 5880; x_wconf 56' lang='grc' dir='ltr'>ἰπιιρέρει</span> <span class='ocrx_word' id='word_1_875' title='bbox 3647 5810 3752 5880; x_wconf 69' lang='grc' dir='ltr'>γὰρ</span> <span class='ocrx_word' id='word_1_876' title='bbox 3772 5810 3931 5873; x_wconf 70' lang='grc' dir='ltr'>αὐτὸς</span> <span class='ocrx_word' id='word_1_877' title='bbox 3955 5813 4058 5866; x_wconf 73' lang='grc' dir='ltr'>καὶ</span> 
     </span>
    </p>
   </div>
  </div>
