4288 6358
262 382 363 442 757

1550 378 1986 438 REFUTATIO
2028 377 2210 438 NIIJ.

3392 365 3501 432 ’758

263 498 431 564 λέγει·
466 495 588 559 Πῶς
611 494 719 565 γὰρ
740 493 838 546 οὐκ
873 493 1122 562 ἔμελλεν,
1185 493 1242 543 ὲν
1346 494 1515 562 πέτρᾳ
1546 491 1642 562 τὴν
1710 493 1831 544 Ἐκ-
1862 502 1906 558 Α
1935 494 1948 545 i

1811 521 1831 531 -
1862 502 1906 558 Α
1935 491 1987 545 id
2019 492 2262 546 facturus
2288 506 2395 545 non
2428 499 2545 543 erat
2580 503 2632 541 Ill
2671 502 2733 542 ea
2760 496 2910 554 petra
2934 524 2947 548 ,
2978 496 3145 545 super
3196 494 3358 547 quam
3387 479 3500 544 ipse

264 586 498 656 κλησίαν
526 586 927 655 ὲθεμελίωσενς
969 584 1031 636 El
1059 582 1189 652 γοῦν
1231 585 1264 649 ἡ
1310 584 1461 636 αίτία
1499 582 1592 636 τοῦ
1644 584 1828 651 ἀπαρ-

264 676 593 746 εγχείρητον
638 670 780 729 εῖναι
812 676 912 743 τὴν
943 675 1130 727 πίστιν
1160 674 1389 737 Λέοντος
1442 675 1536 726 τοῦ
1578 673 1831 744 δευτέρου

265 760 449 831 ἐκείνη
474 763 648 823 ἐστὶν.
678 764 816 816 δτιό
845 763 1065 832 Ῥώμης
1112 762 1301 831 θρόνος
1362 762 1605 832 πέφυκεν
1666 764 1702 832 ή
1739 764 1832 815 πέ-

267 870 394 924 τρα,
424 858 482 907 ὲν
571 857 601 908 6
623 854 755 917 Θεὸς
788 856 885 923 τὴν
916 854 1253 924 Ἐκκλησίαν
1290 853 1676 923 ὲθεμελίωσεν,
1715 854 1834 916 πῶς

272 947 436 1015 μόνου
460 948 556 999 τοῦ
583 947 812 1009 Λέοντος
832 947 933 1016 τὴν
967 947 1149 999 πίστιν
1173 947 1389 1000 ἐπαινεῖ
1420 947 1450 1000 6
1477 945 1731 1015 βασιλεὺς
1759 945 1835 1007 ὼς

270 1038 777 1107 ἁπαρεγχείρητονς
820 1036 1157 1107 Ἐπεχείρεις
1197 1038 1459 1105 ἀνωτέρω
1502 1038 1563 1089 ὲκ
1597 1036 1694 1105 τῆς
1739 1036 1836 1105 βα-

271 1127 488 1195 σιλικῆς
530 1125 912 1180 ’1ουστινιανοῦ
934 1126 1177 1196 Νεαρᾶς,
1214 1126 1392 1180 καίτοι
1422 1123 1643 1194 φαύλως
1695 1123 1839 1176 ἑκεί-

269 1235 368 1285 νην
418 1217 804 1285 ἐξηγούμενος·
831 1215 977 1270 διατί
1010 1214 1085 1287 μὴ
1122 1216 1215 1270 καὶ
1245 1216 1310 1271 ix
1325 1214 1432 1270 τῶν
1462 1215 1633 1278 δντως
1688 1213 1839 1284 pact-

269 1307 441 1362 λικῶν
465 1307 559 1360 τοῦ
604 1305 947 1375 Πωγωνάτου
975 1306 1175 1371 λέξεων
1203 1308 1452 1377 ἡρανίσω
1500 1307 1599 1375 τὴν
1662 1306 1838 1376 ἀληθῆ

275 1400 403 1469 περὶ
450 1400 710 1471 Ὀνωρίου
739 1400 897 1466 δόξαν
924 1418 940 1465 ς
992 1399 1187 1467 Mysi;
1228 1399 1493 1467 ὐνωρίου
1526 1399 1636 1452 τῶν
1658 1396 1841 1466 ὀρθῶν

276 1491 501 1560 ἐκϐῆναι
531 1490 839 1559 δογμάτων,
870 1491 966 1543 καὶ
999 1491 1089 1543 διὰ
1125 1488 1290 1542 τοῦτο
1319 1490 1473 1558 παρὰ
1525 1489 1621 1557 τῆς
1676 1487 1843 1556 ἕκτης

275 1586 739 1654 ἀποκηρυχθῆναι
790 1584 1036 1638 συνόδου.
1120 1583 1325 1636 Ὀτιδὲ
1382 1581 1643 1652 Ὀνώριος
1695 1580 1843 1634 0660-

276 1674 427 1727 τιοῦν
449 1674 555 1726 τῶν
586 1675 763 1743 ὀρθῶν
787 1674 1078 1744 δογμάτων
1110 1673 1298 1742 ἐξέϐη,
1351 1674 1563 1742 μάρτυς
1630 1674 1846 1741 πρῶτον

280 1770 381 1839 μὲν
406 1772 435 1821 6
460 1767 634 1838 μέγας
663 1768 1005 1838 όμολογητὴς
1038 1768 1293 1835 Μάξιμος
1327 1769 1385 1818 ὲν
1420 1768 1487 1837 τῇ
1522 1767 1663 1837 πρὸς
1700 1766 1845 1836 ι]ύρ-

1940 580 2188 644 fundavit
2218 578 2565 636 Ecclesiam?
2616 577 2671 631 Si
2704 589 2837 643 ergo
2891 587 3055 627 causa
3099 585 3198 625 cur
3230 567 3432 622 Leonis
3461 566 3502 619 Il

1941 672 2076 725 lides
2132 681 2454 726 conservata
2546 668 2710 723 fuerit
2767 665 3167 732 indepravata,
3226 660 3315 714 illa
3375 667 3505 719 est.

1939 759 2084 833 quod
2142 761 2385 817 Romana
2441 759 2601 815 sedes
2655 759 2725 812 sit
2776 767 2931 826 petra
2960 768 3127 822 super
3163 766 3327 821 quam
3363 750 3507 814 Deus

1941 855 2187 912 {undavit
2217 854 2540 918 Ecclesiam,
2572 868 2677 922 qua
2730 850 2942 904 ratione
2973 846 3079 902 diei
3114 853 3295 914 potest
3340 845 3509 911 impe-

1942 958 2102 1011 rator,
2148 947 2316 1003 solius
2368 946 2570 1000 Leonis
2619 944 2781 999 ﬁdcnt
2822 952 2882 997 ut
2938 941 3345 1009 indepravatam
3394 937 3511 989 htt-

1942 1044 2113 1099 dare?
2143 1042 2423 1112 Arguebas
2441 1051 2497 1097 tu
2528 1056 2690 1109 supra
2718 1055 2783 1093 ex
2829 1036 3184 1107 imperatoris
3213 1033 3510 1088 Justiniani

1945 1134 2180 1197 novella,
2213 1134 2341 1190 licet
2379 1133 2518 1188 male
2559 1132 2709 1187 illam
2754 1130 3063 1199 exeiperes,
3090 1143 3191 1182 cur
3224 1126 3391 1181 etiam
3447 1142 3510 1176 ex

1945 1241 2074 1281 vere
2125 1224 2493 1295 imperatoriis
2541 1222 2806 1293 Pogonati
2855 1219 3044 1275 verbis
3085 1234 3192 1272 non
3245 1216 3514 1285 collegisti

1946 1330 2131 1371 veram
2170 1316 2240 1372 de
2270 1315 2516 1370 Honorio
2561 1310 2940 1369 sententiam?
2968 1309 3083 1373 Ais,
3120 1308 3425 1362 llonorium
3481 1323 3513 1358 ει

1948 1407 2112 1463 rectis
2131 1406 2482 1477 dogmatibus
2525 1404 2813 1459 aberrasse
2842 1411 2900 1456 et
2945 1401 3114 1456 luisse
3166 1409 3456 1468 propterea
3485 1413 3517 1448 ιι

1946 1508 2097 1554 sexta
2117 1500 2325 1571 synodo
2374 1498 2717 1552 damnatum.
2751 1493 2913 1562 Atqui
2958 1492 3261 1546 Ilonorium
3292 1506 3322 1542 a
3354 1491 3516 1543 rectis.

1948 1590 2290 1660 dogmatibus
2322 1604 2428 1643 non
2455 1588 2759 1650 aberrasse,
2797 1585 2951 1639 testis
2976 1592 3061 1638 est
3092 1583 3270 1652 primo
3294 1583 3513 1650 quidem

1949 1681 2184 1735 eximius
2210 1680 2492 1735 confessor
2522 1679 2788 1733 Maximus
2824 1676 2878 1729 in
2916 1676 3281 1743 Dialogoeum
3309 1674 3515 1744 Pyrrho

1954 1772 2234 1836 luerett'co,
2260 1771 2401 1826 sicut
2437 1770 2757 1824 adnotatum
2791 1783 2818 1820 a
2844 1767 3004 1820 nobis
3021 1765 3125 1819 fuit
3157 1765 3376 1819 actione
3399 1779 3512 1825 xm,

279 1862 372 1928 ρον
400 1862 493 1914 τὸν
521 1860 800 1928 αἱρετικὸν
828 1856 1090 1921 διαλέξει,
1125 1857 1269 1909 καθὰ
1303 1855 1368 1925 δὴ
1422 1857 1841 1927 ὲπεσημειωσά-
1876 1859 1917 1917 Β
1945 1880 1971 1919 s

1821 1886 1841 1894 -
1876 1859 1917 1917 Β
1945 1873 2110 1919 sexta:
2136 1862 2328 1935 synodi
2361 1864 2412 1917 in
2442 1862 2687 1917 editione
2718 1861 2965 1915 Romana
2991 1856 3387 1912 ‘Conciliorum
3416 1871 3513 1927 ge-

280 1950 422 2017 μεοα
455 1951 512 2002 ὲν
538 1952 603 2019 τῇ
639 1956 707 2017 ιγ’
742 1949 940 2019 πράξει
980 1948 1076 2017 τῆς
1130 1947 1296 2017 ἕκτης
1337 1946 1580 2000 συνόδου.
1630 1945 1769 2014 Φησὶ
1790 1944 1844 1996 δὲ

276 2042 471 2103 αὑταῖς
497 2042 703 2107 λέξεσι·

357 2150 378 2184 ι
428 2134 680 2200 Πύῤῥος.
729 2134 793 2185 Τί
826 2132 970 2202 ἔχεις
1005 2132 1136 2201 περὶ
1189 2130 1448 2201 Ὀνωρίου
1496 2129 1671 2181 εἰπεῖν
1710 2128 1847 2198 πρὸς

276 2222 371 2275 τδν
401 2222 505 2292 πρὸ
532 2221 667 2290 ἐμοῦ
689 2222 939 2290 φανερῶς
971 2219 1029 2273 ἓν
1053 2219 1481 2288 δογματίσαντος
1511 2217 1723 2287 θέλημα
1754 2216 1849 2269 τοῦ

280 2311 492 2380 Κυρίου
530 2312 687 2381 ἡμῶν
722 2310 899 2378 Ἰησοῦ
936 2308 1215 2381 Χριστοῦ;
1249 2308 1535 2377 Μάξιμος.
1576 2308 1671 2373 Τίς
1709 2306 1847 2373 ὰξιό

283 2421 474 2465 πιστος
496 2402 763 2475 ἐξηγητὴς
789 2405 888 2470 τῆς
905 2403 1158 2469 τοιαύτης
1184 2401 1521 2472 καθέστηκεν
1537 2399 1847 2470 ὲπιστολῆςς

283 2498 312 2547 6
363 2495 568 2565 ταύηιν
621 2497 687 2547 ὲκ
759 2493 1053 2562 προσώπου
1113 2492 1376 2563 Ὀνωρίου
1424 2480 1711 2556 συντάξας,
1772 2490 1849 2542 ἔτι

287 2587 495 2655 περιὼν
524 2587 617 2640 καὶ
660 2588 799 2656 μετὰ
841 2588 950 2639 τῶν
991 2587 1166 2638 ἄλλων
1209 2584 1378 2638 αὐτοῦ
1407 2586 1589 2637 καλῶν
1618 2584 1711 2637 καὶ
1740 2585 1853 2645 τοῖς

282 2680 385 2749 τῆς
409 2677 690 2740 εὐσεϐείας
720 2677 953 2747 δόγμασι
998 2679 1180 2731 πᾶσαν
1226 2677 1324 2747 τὴν
1375 2676 1531 2730 δύσιν
1583 2692 1851 2743 καταφαι-

284 2770 507 2837 δρύνας,
541 2768 573 2838 ἢ
600 2768 650 2817 ol
697 2768 755 2819 ἐν
786 2767 1362 2820 Κωνσταντινουπόλει
1395 2766 1461 2820 τά
1490 2768 1597 2819 ἀπὸ
1624 2766 1851 2836 καρδίας

288 2857 579 2921 λαλοῦντες
607 2875 620 2922 ;
655 2858 906 2926 Πύρῤος.
933 2858 994 2909 ’0
1020 2857 1221 2926 ταύτην
1244 2845 1532 2924 συντάξας.
1562 2857 1850 2926 Μάξιμος.

304 2952 364 3003 Ὀ
392 2950 554 3011 αύτξς
580 2950 672 3003 οῦν
699 2950 834 3018 πρὸς
870 2952 964 3004 τὸν
1003 2950 1157 3019 ἆγιον
1204 2950 1611 3002 Κωνσταντίνον
1642 2948 1734 3001 τὸν
1763 2965 1855 3015 γε⁶

287 3044 515 3111 νόμενον
546 3041 773 3111 βασιλέα
820 3042 885 3093 ὲκ
932 3041 1223 3111 προσώπου
1259 3040 1420 3094 πάλιν
1459 3040 1708 3095 Ἰωάννου
1758 3039 1853 3094 τοῦ

292 3136 353 3184 ὲν
388 3134 562 3201 ἁγίοις
593 3134 750 3185 πάπα
776 3132 906 3203 περὶ
932 3134 1030 3202 τῆς
1060 3132 1350 3200 ἐπιστολῆς
1379 3133 1595 3202 ἐκείνης
1626 3134 1856 3202 γράφων

1954 1959 2244 2013 neralium.
2288 1956 2462 2013 Verba
2491 1956 2611 2027 ejus
2640 1955 2754 2009 ha:c
2782 1964 2911 2009 sunt
2936 1970 2950 2006 :

2029 2151 2048 2186 ι
2108 2132 2363 2204 Pyrrhus.
2394 2134 2535 2201 Quid
2570 2134 2736 2190 habes
2770 2134 2837 2188 de
2888 2133 3128 2188 llonorio
3182 2132 3385 2194 dicere,
3424 2131 3516 2198 qui

1958 2228 2021 2282 ad
2055 2228 2511 2298 pratdeeessorem
2539 2242 2718 2281 meum
2758 2225 3010 2293 scribens
3039 2264 3054 2285 ,
3088 2240 3253 2277 unam
3306 2222 3517 2276 Domini

1958 2321 2127 2374 nostri
2144 2318 2272 2374 Jesu
2291 2318 2496 2373 Christi
2518 2318 2852 2371 voluntatem
2884 2326 3073 2386 aperte
3092 2313 3521 2384 tlttgttttttilavil?

1961 2412 2247 2466 Maxinms.
2295 2412 2431 2478 Quis
2490 2411 2595 2465 [ide
2642 2410 2841 2481 dignus
2893 2410 3164 2478 interpres
3209 2409 3316 2460 erit
3376 2407 3521 2459 illius

1956 2506 2197 2574 epistola:
2217 2504 2240 2557 ?
2260 2504 2352 2573 qui
2384 2518 2502 2558 eam
2541 2519 2607 2558 ex
2657 2517 2894 2573 persona
2925 2501 3148 2555 llouorii
3190 2498 3521 2566 composuit.

1957 2606 2148 2666 estque
2205 2596 2387 2651 adhuc
2447 2606 2749 2664 superstes.
2799 2595 2943 2650 inter
2969 2594 3073 2647 alia
3107 2609 3204 2647 sua
3236 2591 3377 2645 bona
3420 2590 3523 2643 hoc

1958 2689 2120 2744 etiam
2149 2689 2500 2757 conspicuus,
2532 2688 2676 2757 quod
2736 2687 2957 2757 pietatis
3005 2685 3352 2754 dogmatibus
3404 2681 3524 2735 nni-

1958 2794 2177 2835 versum
2208 2779 2502 2833 illustravit
2548 2777 2925 2840 Occidentem,
2963 2793 3030 2830 an
3058 2775 3525 2842 Constantinopo-

1960 2872 2132 2937 litani,
2160 2887 2281 2942 quae
2330 2871 2436 2926 sibi
2484 2878 2616 2926 sunt
2659 2869 2810 2924 cordi
2856 2866 3183 2938 loquentes?
3233 2865 3389 2934 Pyrr.
3419 2866 3524 2930 Qui

1959 2978 2080 3018 eam
2118 2962 2446 3032 composuit.
2497 2960 2650 3015 Max.
2684 2960 2780 3014 Ille
2826 2959 2969 3013 idem
3003 2958 3172 3028 igitur
3217 2957 3283 3011 ad
3338 2956 3524 3009 divum

1959 3052 2374 3108 Constantinum
2425 3051 2702 3121 quondam
2747 3050 3130 3118 imperatorem
3189 3062 3407 3099 rursum
3458 3060 3523 3100 ex

1963 3159 2193 3214 persona
2223 3144 2396 3199 sancti
2433 3157 2584 3213 papa:
2612 3141 2866 3203 Joannis,
2897 3140 2965 3193 de
2996 3139 3227 3207 epistola
3267 3138 3354 3189 illa
3388 3138 3514 3190 scri-

293 3225 420 3289 ἔξω.
454 3224 535 3277 ὅτι
568 3243 586 3275 ι
637 3225 735 3276 Ἓν
788 3224 999 3293 θέλημα
1032 3224 1243 3293 ἔφημεν
1278 3225 1371 3278 ἐπὶ
1411 3222 1507 3276 τοῦ
1538 3223 1766 3292 Κυρίου,
1797 3220 1858 3275 οὐ
1881 3211 1930 3274 C

1829 3220 1858 3273 ὖ
1881 3211 1930 3274 C
1963 3234 2097 3287 hens
2126 3234 2240 3287 ait:
2289 3251 2307 3283 r
2347 3231 2519 3286 Unam
2546 3231 2787 3285 diximus
2816 3230 3152 3283 voluntatem
3186 3232 3239 3282 in
3272 3227 3522 3287 Domino,

294 3317 393 3385 τῆς
418 3314 673 3385 θεότητος
703 3315 865 3368 αὐτοῦ
896 3318 992 3371 καὶ
1018 3317 1113 3384 τῆς
1139 3314 1577 3386 ἀνθρωπότητος,
1601 3312 1737 3365 ἀλλὰ
1763 3313 1861 3382 μό-

296 3424 393 3474 νης
430 3407 528 3475 τῆς
559 3408 993 3477 ἀνθρωπότητος.
1027 3406 1253 3475 Σεργίω
1291 3406 1399 3477 γὰρ
1430 3403 1761 3474 γράψαντος,
1787 3402 1861 3464 ὥς

296 3518 439 3563 τινες
472 3501 563 3552 δύο
617 3501 895 3569 θελήματα
936 3500 1186 3567 λέγουσιν
1236 3499 1330 3551 ἐπὶ
1356 3497 1593 3566 Χριστοῦ
1620 3496 1861 3561 ἐναντία,

297 3592 741 3661 ἀντεγράψαμεν,
777 3592 859 3643 ὅτι
889 3594 916 3644 6
954 3591 1186 3660 Χριστος
1210 3591 1304 3642 δύο
1334 3590 1614 3660 θελήματα
1646 3590 1863 3642 ἐναντία

296 3682 398 3734 οὐκ
443 3678 577 3751 εἶχε,
628 3683 826 3750 σαρκός
882 3698 1024 3750 φημι
1079 3681 1173 3732 καὶ
1221 3681 1551 3748 πνεύματος,
1584 3678 1658 3739 ὡς
1701 3680 1861 3747 ἡμεῖς

299 3777 495 3846 ἔχομεν
524 3776 663 3844 μετὰ
691 3775 790 3845 τὴν
824 3774 1163 3843 παράϐασιν,
1191 3773 1306 3827 ἀλλ’
1352 3774 1411 3827 ἓν
1461 3773 1622 3843 μόνον
1657 3773 1717 3825 τὸ
1763 3790 1864 3840 φυ-

300 3868 469 3929 σικῶς
526 3864 928 3935 χαρακτηρίζον
989 3865 1087 3933 τὴν
1144 3862 1308 3917 αὐτοῦ
1376 3863 1774 3934 ἀνθρωπότητα
1840 3880 1858 3913 ι

301 3960 412 4013 Καὶ
459 3960 653 4011 τούτου
699 3956 975 4022 ἀπόδειξις
1028 3956 1262 4026 ἐναργὴς
1311 3957 1372 4009 τὸ
1405 3958 1498 4009 καὶ
1551 3944 1866 4025 μελῶνκαὶ

303 4053 506 4120 σαρκὸς
542 4051 865 4120 μνησθῆναι,
898 4050 1044 4120 άπερ
1078 4048 1172 4101 καὶ
1221 4050 1311 4100 ἐπὶ
1341 4049 1438 4118 τῆς
1483 4048 1735 4117 θεότητος
1767 4048 1865 4100 αὑ-

301 4145 397 4195 ττοῦ
426 4145 611 4196 ἐκεῖνα
639 4142 913 4211 ληφθῆναι
945 4141 1004 4193 οὐ
1038 4142 1332 4211 συγχωρεῖ.
1361 4157 1378 4190 ι

378 4236 562 4288 Ταῦτα
606 4234 825 4304 γράψας
879 4232 983 4303 πρὸ
1030 4234 1130 4302 τῆς
1181 4232 1347 4301 ἕκτης
1382 4232 1603 4284 συνόδου
1632 4234 1659 4284 6
1695 4232 1864 4300 μέγας

301 4328 457 4393 οὗτος
492 4330 701 4399 Πατὴρ,
724 4328 820 4381 καὶ
847 4326 1195 4397 ἑρμηνεύσας
1237 4325 1300 4379 16
1328 4326 1530 4395 ἀληθὲς
1562 4324 1659 4377 τοῦ
1702 4325 1867 4377 Ὁνω-

304 4428 423 4496 ρίου
450 4422 727 4491 φρόνημα,
766 4421 879 4491 ἔχει
912 4422 1007 4473 καὶ
1039 4417 1136 4478 τάς
1170 4417 1335 4470 αὑτοῦ
1381 4416 1592 4470 ἐκείνου
1646 4417 1866 4468 ὲπιστου

1962 3341 2069 3380 non
2106 3323 2416 3379 divinitatis
2451 3324 2571 3394 ejus
2602 3332 2658 3376 et
2694 3322 3074 3382 humanitatis.
3101 3320 3195 3375 sed
3224 3320 3394 3374 solius
3426 3320 3527 3372 ltum

1964 3416 2262 3472 inanitatis.
2291 3414 2427 3470 Cum
2460 3415 2607 3471 enim
2637 3416 2948 3485 scripsisset
2977 3413 3224 3481 Sergius,
3256 3410 3527 3465 aﬂirmare

1963 3510 2227 3581 quosdam
2287 3509 2340 3561 in
2376 3508 2597 3562 Christo
2643 3507 2780 3561 duas
2830 3505 3137 3560 contrarias
3193 3504 3527 3567 voluntates,

1966 3600 2347 3669 rescripsimus
2374 3598 2653 3653 Christum
2686 3613 2794 3651 non
2836 3598 3091 3650 habuisse
3123 3597 3259 3649 duas
3306 3605 3530 3650 contra-

1966 3692 2074 3743 rias
2107 3689 2438 3751 voluntates,
2470 3686 2677 3751 carnis,
2708 3686 2952 3754 inquam,
2981 3696 3034 3737 et
3063 3683 3308 3752 spiritus,
3344 3693 3401 3736 ιιι
3431 3699 3529 3735 nos

1967 3780 2228 3835 habemus
2263 3788 2386 3849 post
2418 3777 2904 3847 transgressionem
2958 3775 3053 3831 sed
3090 3791 3250 3829 uuam
3294 3784 3527 3835 tantum,

1966 3888 2086 3941 quae
2146 3870 2469 3925 naturaliter
2512 3868 2840 3923 humanitati
2889 3868 3007 3937 ejus
3039 3875 3167 3919 uota
3222 3864 3533 3919 cssentialis

1966 3972 2071 4018 est.
2112 3981 2129 4014 ι
2166 3960 2218 4016 ld
2268 3962 2340 4016 ita
2372 3976 2491 4017 esse
2527 3961 2813 4029 evidenter
2870 3974 2937 4013 ex
2984 3972 3050 4011 eo
3104 3956 3529 4017 demonstratur,

1967 4056 2109 4123 quod
2144 4054 2513 4106 membrorum
2541 4061 2597 4104 et
2633 4050 2818 4103 carnis
2857 4048 2995 4101 facta
3036 4056 3120 4103 est
3152 4047 3377 4109 llit‘llli'l,
3412 4063 3533 4115 qua:

1967 4146 2238 4201 divinitati
2270 4160 2487 4215 quoque
2517 4144 2637 4214 ejus
2669 4157 2779 4196 non
2822 4151 3052 4211 possunt
3077 4139 3327 4194 attribui.
3366 4157 3383 4190 ι

2038 4237 2163 4290 ιιηεο
2200 4248 2326 4291 ante
2353 4244 2556 4291 sextam
2616 4234 2883 4305 synodum
2911 4234 3134 4302 scripsit
3184 4248 3412 4302 magnus
3446 4231 3535 4285 hic

1970 4328 2151 4392 Pater,
2187 4337 2244 4382 et
2271 4327 2515 4397 exposita
2564 4341 2689 4381 vera
2732 4324 2955 4379 llouorii
3012 4324 3305 4387 sententia,
3370 4323 3536 4377 habet

1969 4420 2131 4473 etiam
2189 4417 2360 4487 ipsius
2396 4402 2655 4487 epistolas
2702 4417 2757 4470 in
2788 4426 2939 4469 sexta
2991 4414 3200 4485 synodo
3259 4416 3539 4484 expositas

302 4516 419 4577 λάςν
450 4513 549 4575 τὰς
580 4511 961 4583 ἐμφερομένας
998 4511 1066 4580 τῇ
1106 4509 1243 4581 ἕκτῃ
1274 4509 1498 4577 συνόδῳ,
1526 4507 1623 4577 τὴν
1651 4504 1869 4576 ὀρθοδο-
1899 4541 1943 4597 D
1972 4526 1995 4563 ε

1842 4534 1869 4545 -
1899 4541 1943 4597 ο
1972 4520 2075 4563 act.
2112 4525 2183 4561 xu
2212 4517 2260 4562 et
2292 4524 2408 4570 xm,
2436 4506 2794 4561 orthodoxam
2844 4506 3128 4575 scriptoris
3159 4504 3320 4560 ﬁdem
3359 4506 3535 4558 mani‘

303 4609 423 4671 ξίαν
460 4606 557 4658 τοῦ
587 4605 898 4675 γράψαντος
934 4602 1251 4670 σαφέστατα
1282 4601 1690 4669 μαρτυρούσας.

363 4716 399 4749 Δι
456 4696 682 4765 Ἐπειδὴ
714 4695 821 4763 γὰρ
874 4694 924 4746 οί
961 4693 1060 4763 τῆς
1111 4691 1759 4752 Κωνσταντινουπόὶεως,
1794 4688 1868 4752 ὥς

305 4807 473 4859 φησιν
501 4791 532 4843 6
567 4789 731 4851 αὐτὸς
763 4785 1193 4853 ἆγιοςΜάξιμος
1226 4787 1285 4838 ὲν
1333 4785 1398 4853 τῇ
1442 4782 1581 4849 προς
1628 4782 1870 4850 Μαρῖνον

302 4881 587 4948 ἐπιστολῇ,
619 4878 727 4932 τῶν
758 4875 1055 4930 συνοδικῶν
1083 4875 1176 4929 τοῦ
1220 4875 1379 4928 πάπα
1407 4877 1463 4927 ὲν
1494 4874 1650 4927 δυσὶν
1674 4871 1869 4925 ἐπελά-

301 4972 480 5035 ϐοντο,
526 4968 604 5039 τῷ
658 4968 757 5035 μὲν
797 4967 921 5037 περὶ
965 4962 1271 5033 θεολογίας,
1306 4967 1387 5019 ὅτι
1435 4962 1589 5018 εἶπεν
1623 4965 1652 5017 6
1685 4964 1870 5025 πάπας

304 5059 705 5130 ἐκπορεύεσθαι
733 5060 841 5110 κάκ
873 5058 968 5110 τοῦ
999 5058 1131 5110 Υἱοῦ
1154 5045 1219 5110 τὸ
1248 5056 1470 5126 Πνεῦμα
1502 5056 1560 5108 τὸ
1592 5058 1763 5123 Ξγιον·
1796 5052 1873 5121 τῷ

303 5154 359 5205 δὲ
397 5151 524 5218 περὶ
557 5151 658 5219 τῆς
708 5150 856 5212 θείας
909 5149 1262 5219 σαρκώσεως,
1307 5151 1389 5200 ὅτι
1438 5148 1869 5218 περιγέγραφεν,

304 5245 398 5296 τὸν
433 5242 634 5312 Κύριον
663 5237 806 5293 εἶναι
849 5240 971 5309 δίχα
1011 5241 1109 5308 τῆς
1145 5240 1561 5308 προπατορικῆς
1596 5238 1871 5306 ἁμαρτίας

305 5336 381 5397 ὡς
432 5332 761 5402 ἄνθρωπον·
806 5332 1067 5399 Ὀνὼριος
1117 5330 1172 5381 δὲ
1223 5329 1397 5381 ταῦτα
1450 5329 1624 5393 εἰδὼς,
1654 5329 1744 5379 ἵνα
1776 5326 1872 5395 τὴν

306 5424 717 5496 προπατορικὴν
768 5423 1041 5493 ἁμαρτίαν
1074 5422 1373 5491 ἀποκλείσῃ
1404 5420 1497 5488 τῆς
1529 5420 1679 5482 θείας
1721 5423 1874 5471 ἐναν-

306 5518 668 5588 υρωπήσεως,
722 5517 801 5577 εἰς
838 5515 1408 5567 Κωνσταντινούπο).ιν
1460 5515 1687 5580 γράᾳυν
1741 5514 1875 5581 φησὶ

307 5613 444 5680 πρὸς
468 5613 530 5662 τὸ
554 5610 799 5677 ζήτημα·
836 5626 855 5658 ι
902 5608 1065 5659 ’Ὂοεν
1096 5609 1189 5660 καὶ
1229 5605 1285 5657 ἓν
1336 5606 1550 5674 θέλημα
1579 5606 1873 5675 ὁμολογοῦ-

310 5719 411 5770 μεν
443 5700 538 5753 τοῦ
576 5700 779 5770 Κυρίου
823 5700 1003 5770 Ἰησοῦ
1054 5698 1314 5767 Χριστοῦ,
1360 5698 1547 5767 ἐπειδὴ
1591 5698 1873 5768 προδήλως

313 5793 415 5849 ὑπὸ
442 5792 542 5862 τῆς
574 5792 823 5863 θεότητος
853 5791 1208 5862 προῑεὶὴιροη
1240 5792 1269 5863 η
1300 5791 1538 5861 ἡμεττρα
1568 5790 1750 5859 φύσις,
1779 5790 1875 5861 οὐχ

1973 4600 2265 4655 festissime
2300 4607 2639 4652 attestautes.

2046 4710 2063 4741 ι
2102 4691 2232 4742 Nam
2262 4691 2389 4759 quia
2414 4689 3026 4758 Constantiuopoliutni,
3060 4701 3119 4743 ut
3145 4689 3288 4743 idem
3314 4698 3537 4740 sanctus

1973 4782 2237 4835 Maximus
2268 4782 2344 4836 ait
2377 4781 2431 4834 in
2454 4782 2681 4850 epistola
2718 4782 2785 4834 ad
2828 4781 3120 4845 Marinum,
3163 4780 3273 4833 duo
3291 4780 3537 4849 quanlaut

1972 4875 2364 4930 aduotaverant
2400 4875 2456 4928 in
2489 4875 2769 4945 synodicis
2801 4890 2953 4944 papa:
2980 4890 2995 4928 :
3034 4890 3201 4927 ttuutn
3252 4874 3318 4927 ad
3351 4874 3536 4927 divina

1974 4968 2415 5035 spectans,quod
2445 4983 2578 5036 papa
2613 4968 2876 5030 dixisset,
2905 4968 3078 5022 etiam
3103 4984 3131 5019 a
3164 4967 3299 5021 Filio
3348 4982 3540 5034 procc-

1974 5059 2103 5111 dere
2136 5057 2401 5127 Spiritum
2442 5068 2730 5125 sanetum;
2764 5059 2994 5111 alterum
3031 5057 3099 5110 de
3136 5056 3535 5133 incarnatione,

1975 5151 2118 5219 quod
2147 5151 2459 5219 scripsisset
2494 5166 2656 5219 papa,
2691 5151 2976 5204 Dominum
3020 5158 3078 5203 ttt
3107 5150 3384 5202 hominem
3416 5165 3537 5202 esse

1977 5244 2183 5311 absque
2218 5242 2464 5311 originali
2502 5250 2756 5309 peccato,
2807 5242 3079 5294 llouorius
3110 5242 3222 5294 haec
3244 5241 3444 5304 sciens,
3478 5250 3537 5292 ut

1978 5335 2192 5403 culpant
2240 5333 2557 5402 originalem
2591 5332 2910 5385 excluderet
2944 5332 3012 5385 ab
3042 5330 3419 5384 incarnatione
3458 5330 3539 5382 di«

1979 5424 2683 5492 vina,ConstantinOpolim
2729 5422 2920 5490 Sergio
2954 5423 3199 5476 scribens
3237 5422 3300 5474 ad
3341 5422 3539 5491 qursi-

1982 5530 2091 5571 tum
2150 5518 2271 5570 ait:
2330 5535 2346 5567 t
2383 5516 2537 5570 Unde
2583 5527 2637 5567 et
2696 5530 2857 5566 ouant
2916 5514 3249 5567 voluntatem
3307 5515 3541 5566 fatemur

1984 5608 2193 5661 llontini
2244 5608 2410 5660 nostri
2445 5608 2572 5662 Jt'su
2615 5605 2843 5666 Christi,
2889 5604 3017 5671 quia
3054 5604 3297 5673 profecto
3328 5620 3358 5656 ιι
3399 5603 3539 5656 divi-

1984 5702 2154 5755 nitate
2205 5706 2481 5765 assumpta
2530 5708 2613 5749 est
2666 5705 2853 5748 nostra
2889 5704 3116 5756 natura,
3148 5710 3251 5746 nou
3282 5693 3439 5760 culpa
3487 5694 3543 5746 in

1986 5794 2092 5848 illa.
2138 5811 2154 5844 ι
2202 5790 2256 5845 St
2289 5789 2765 5845 Μυιιυιιιιιὶίιιιιιιιιι
2800 5787 2986 5840 Ιιιιι·ςδί
3038 5784 3333 5839 laboras-sel
3368 5783 3545 5838 llouo‘
