4288 6358
797 358 906 447 ’163
1957 385 2318 444 ΜΑΤΤΗΛΞΙ
2360 383 2490 441 CAF

2360 383 2892 443 CARYOPHYLLI
3937 384 4040 447 764

795 500 1102 553 ()ί·ἰριιια1ρε
1156 516 1262 553 non
1321 500 1638 570 reiecissent
1717 510 1972 568 tauquam
2034 500 2364 559 lueretiram,
2399 500 2488 553 Δ)

2351 538 2364 559 ,
2399 500 2441 553 Δ
2474 498 2558 549 xei
2590 497 2664 566 μὴ
2695 496 2770 558 ὡς
2800 495 3087 565 αἰρετικὴν
3144 496 3499 560 ἐπεϐάλοντο,
3553 497 3651 550 οὐκ
3702 497 3766 551 ἂν
3823 499 3872 550 οἱ
3943 518 4039 567 με-

797 589 1130 644 recentiores
1187 604 1376 643 eorum
1455 589 1691 658 theologi
1770 587 2364 656 Constantinopolitani

797 697 1079 751 nunquam
1121 681 1354 734 fuissent
1407 681 1703 735 commenti
1762 692 2128 735 monstrosum
2167 678 2360 747 dogma

795 787 862 824 ex
892 751 1072 825 verbis
1119 778 1287 823 sexta:
1328 770 1524 839 synodi
1564 770 1702 824 bene
1735 769 1803 822 ab
1827 785 1890 823 ea
1940 768 2190 839 prolatis.
2226 768 2360 820 Cum

795 862 940 916 enim
974 869 1124 914 sexta
1153 861 1396 930 synodus
1433 861 1520 930 pie
1551 860 1754 914 dixerit
1809 859 1945 914 duas
1980 875 2100 914 esse
2136 869 2362 912 natura-

795 954 876 1006 les
903 953 1233 1015 voluntates,
1291 961 1345 1007 et
1405 952 1544 1005 duas
1575 951 1856 1006 naturales
1906 951 2254 1020 operationes
2307 950 2363 1004 in

795 1058 908 1096 uno
950 1042 1193 1106 Christo,
1218 1041 1553 1096 recentiores
1607 1041 1688 1094 illi
1723 1041 1933 1111 opinati
1968 1048 2119 1106 sunt,
2169 1055 2365 1110 opera-

797 1134 972 1187 tiones
1010 1149 1040 1186 a
1092 1131 1353 1202 subjectis
1377 1147 1566 1186 earum
1605 1132 1724 1201 pari
1761 1131 1924 1187 modo
1962 1131 2225 1202 distingui
2255 1149 2269 1185 :
2306 1143 2364 1188 ut

795 1222 1256 1295 quemadmodum
1293 1223 1348 1278 in
1375 1223 1630 1278 humanis
1659 1222 1806 1277 aliud
1851 1231 2068 1286 natura,
2105 1224 2254 1278 aliud
2281 1233 2366 1278 est

795 1316 1041 1383 operatio
1096 1323 1327 1376 naturae,
1364 1316 1439 1369 ita
1471 1315 1636 1369 etiam
1707 1316 1763 1368 in
1816 1315 2018 1371 divinis
2089 1316 2238 1369 aliud
2293 1317 2365 1372 sit

795 1408 981 1462 divina
1021 1407 1279 1470 essentia,
1315 1406 1462 1460 aliud
1513 1407 1765 1472 operatio
1811 1407 2034 1472 divina;
2075 1409 2228 1470 male
2275 1426 2365 1462 ac~

797 1499 970 1566 ecptis
1015 1507 1179 1552 sextae
1237 1497 1429 1567 synodi
1485 1498 1694 1565 verbis,
1730 1514 1852 1568 quae
1895 1508 2043 1553 recte
2101 1509 2366 1556 statuerat

799 1589 936 1641 duas
995 1589 1272 1643 naturales
1324 1589 1690 1658 operationes.
1755 1589 1839 1644 llli
1899 1600 2079 1645 tamen
2131 1606 2240 1644 non
2292 1593 2364 1645 ita

797 1683 1098 1736 sentientes
1144 1691 1343 1736 vocant
1395 1683 1779 1752 blasphemos,
1841 1694 1900 1738 ut
1957 1685 2145 1740 videre
2174 1697 2258 1739 est
2311 1687 2362 1739 in

795 1789 986 1826 eorum
1041 1775 1341 1842 synodico,
1404 1775 1550 1843 quod
1595 1775 1785 1845 legunt
1845 1776 2017 1845 prima
2083 1777 2362 1832 Dominica

2464 589 2843 655 ταγενέστεροι
2895 587 3003 638 τῶν
3049 589 3106 638 ἐν
3170 587 3446 657 Βυζαντίῳ
3507 588 3907 655 θεολογούντων
3981 594 4043 642 ὲκ

2463 682 2569 732 τῶν
2657 679 2838 740 καλῶς
2901 681 2968 747 τῇ
3050 678 3183 748 ἕκτῃ
3256 680 3462 748 συνόδῳ
3540 681 3814 748 ῥηθέντων
3865 683 4043 748 δόγμα

2463 771 2754 826 ἀλλόκοτον
2840 769 3282 837 ὲφαντὰσθησαν.
3372 770 3648 837 Εἱπούσης
3728 771 3835 838 γὰρ
3891 772 4044 821 εὐσε-

2466 865 2576 927 ϐῶς
2597 866 2695 933 τῆς
2729 864 2896 930 ἕκτης
2946 864 3167 915 συνόδου
3217 862 3314 915 δύο
3359 863 3569 928 φυσικὰ.
3607 861 3891 930 θελήματα
3946 865 4040 914 καὶ

2463 957 2555 1010 δύο
2597 960 2835 1024 φυσικὰς
2886 957 3168 1025 ἐνεργείας
3217 956 3273 1008 ἐν
3304 954 3386 1022 τῷ
3435 955 3518 1006 ἑνὶ
3557 953 3801 1022 Χριστῷ.
3840 956 4040 1006 ἐκεῖνοι

2465 1047 2666 1114 ὲπίσης
2712 1045 2970 1113 ἐνόμισαν
3011 1046 3113 1107 τὰς
3168 1043 3451 1114 ἐνεργείας
3497 1044 3612 1096 τῶν
3661 1043 4044 1110 ὑποκειμένων

2465 1138 2658 1200 αὖταῖς
2711 1136 3109 1206 διακρίνεσθαι,
3146 1136 3242 1189 καὶ
3266 1135 3455 1203 ὥσπερ
3488 1135 3584 1188 ἐπὶ
3611 1119 3741 1187 ’τῶν
3769 1135 4047 1203 ἀνθρωπί-

2465 1245 2576 1282 νων
2623 1230 2756 1283 ἄλλο
2784 1231 2817 1298 ἡ
2851 1230 3036 1297 φύσις,
3101 1228 3231 1281 ἄλλο
3285 1228 3320 1296 ἡ
3359 1228 3612 1295 ἐνέργεια
3669 1227 3769 1294 τῆς
3804 1228 4042 1293 φύσεως,

2465 1320 2609 1372 οὕτω
2640 1321 2734 1372 καὶ
2763 1321 2857 1370 ἐπὶ
2884 1319 2995 1371 τῶν
3025 1319 3186 1371 θείων
3219 1317 3351 1370 ἄλλο
3395 1314 3536 1369 εἷναι
3565 1316 3666 1385 τὴν
3714 1317 3927 1378 οὐσίαν,
3955 1319 4046 1369 καὶ

2467 1403 2594 1462 ἄλλο
2622 1408 2722 1478 τὴν
2762 1408 2914 1462 θείαν
2946 1409 3260 1476 ἐνέργειαν·
3295 1407 3395 1470 τὰς
3442 1408 3713 1477 ἀφορμὰς
3739 1408 3928 1468 κακῶς
3960 1408 4046 1457 ὲκ-

2465 1502 2722 1564 λαδόντες
2772 1502 2918 1568 παρᾶ
2964 1503 3061 1567 τῆς
3115 1499 3284 1570 ἕκτης
3344 1498 3586 1562 συνόδου,
3633 1499 4046 1565 ὼγματισὰσης

2466 1594 2637 1664 ὀρθῶς
2673 1594 2768 1646 δύο
2803 1593 3040 1662 φυσικὰς
3101 1594 3420 1659 ὲνεργείας’
3471 1590 3595 1642 ὅθεν
3651 1590 3745 1642 καὶ
3787 1590 3917 1650 τοὺς
3975 1590 4048 1654 μὴ

2467 1687 2610 1738 οὕτω
2640 1684 2972 1754 φρονοῦντας
2995 1681 3220 1736 καλοῦσι
3248 1682 3624 1752 βλασφήμους,
3646 1680 3720 1741 ὡς
3740 1681 3892 1732 ἔστιν
3920 1680 4047 1731 ἰδεῖν

2471 1781 2528 1831 ἐν
2557 1778 2634 1846 τῷ
2664 1776 3166 1844 ἀναγινωσκομένη)
3192 1773 3376 1827 αὐτῶν
3401 1771 3662 1840 συνοδικῷ
3688 1773 3753 1840 τῇ
3789 1773 4046 1840 κυριακῇ

797 1838 1254 1934 ρυοιιηεέειιιιω.
1293 1838 1449 1921 Falso
1477 1838 1855 1937 igiturvdicis,
1885 1867 2021 1930 Nile,
2053 1866 2355 1920 Honorium
2397 1838 2436 1890 θ
2465 1887 2490 1921 τ

2353 1891 2355 1920 ι
2397 1838 2436 1890 θ
2465 1870 2564 1935 τῆς
2605 1838 2956 1936 ’ὀρθοδοξίαᾳ
2994 1838 3150 1918 ὀῦτω
3198 1865 3299 1934 μὲν
3337 1865 3436 1917 οὖν
3477 1838 3680 1932 ψευδῆς
3730 1838 4046 1928 -απελήήλεγ-

797 1956 852 2008 in
881 1955 985 2009 [ide
1010 1971 1243 2014 errasse.
1268 1956 1322 2011 Si
1352 1973 1481 2013 vero
1515 1958 1876 2028 qumras,Cnr
1894 1959 2058 2029 igitur
2095 1975 2125 2014 a
2153 1961 2360 2031 synodo

798 2048 1088 2102 damnatus
1115 2050 1235 2103 est?
1273 2049 1588 2104 damnatum
1637 2051 1892 2116 dicimus,
1929 2052 2023 2106 sed
2070 2068 2099 2105 a
2153 2053 2366 2123 synodq

797 2139 1078 2207 acepliala,
1109 2141 1238 2194 solis
1281 2142 1533 2195 videlicet
1569 2141 1964 2208 Orientalibus,
1988 2159 2138 2212 papa:
2167 2144 2361 2213 legatis

800 2229 932 2283 nihil
958 2231 1024 2283 ad
1051 2231 1153 2285 hoc
1194 2232 1623 2288 conferentibus.
1663 2234 1818 2299 Quod
1850 2235 2135 2289 evidenter
2167 2237 2360 2303 proba—

801 2331 886 2374 tur
937 2336 1003 2374 cx
1035 2321 1264 2389 epistola
1300 2324 1600 2393 Agathonis
1645 2341 1795 2394 papa:
1843 2335 1948 2380 act.
1987 2343 2039 2379 iv
2070 2335 2237 2380 sextae
2276 2342 2362 2395 sy-

800 2411 949 2465 nodi.
982 2412 1118 2466 Cum
1165 2413 1311 2468 enim
1338 2415 1736 2484 suspicaretur
1769 2433 1926 2487 papa,
1961 2417 2108 2487 quod
2174 2429 2357 2487 postea

797 2503 1000 2568 evenit,
1033 2505 1306 2575 sciretque
1331 2507 1476 2576 quod
1507 2508 1584 2562 ait
1617 2519 1839 2563 sanctus
1863 2508 2153 2572 Maximus,
2186 2519 2246 2562 ut
2276 2510 2361 2564 di-

796 2605 943 2648 ctum
980 2603 1086 2658 est,
1128 2598 1182 2651 in
1213 2613 1313 2652 suo
1349 2599 1592 2670 Dialogo,
1617 2609 1675 2655 et
1703 2600 1844 2654 fama
1895 2602 2170 2669 vulgatum
2219 2611 2361 2668 crat,

797 2687 1438 2761 Constantinopolitanos
1491 2708 1784 2748 numerare
1860 2693 2163 2747 llonoriunt
2220 2696 2361 2750 inter

799 2778 1202 2845 Munotltelitas,
1257 2782 1364 2836 duo
1393 2783 1548 2847 dicit,
1602 2799 1725 2853 qua
1761 2784 1828 2838 ad
1883 2784 1987 2839 hoc
2045 2785 2254 2840 faciunt
2305 2789 2359 2840 in

796 2869 1026 2936 epistola
1081 2878 1147 2925 ad
1199 2873 1608 2941 imperatores:
1659 2893 1677 2926 ι
1707 2875 2004 2944 Propterea
2057 2877 2359 2940 licentiam,

798 2957 914 3012 sive
942 2961 1320 3015 auctoritatem
1355 2962 1548 3030 legatis
1595 2961 1846 3018 dedimus
1895 2965 2041 3034 apud
2069 2966 2360 3021 serenissi-

799 3064 946 3101 mum
999 3059 1239 3104 vestrum
1297 3052 1612 3121 imperium,
1644 3062 1704 3106 ut
1762 3054 2091 3125 simpliciter
2140 3056 2361 3112 satisfa-

799 3140 946 3194 ciant
979 3141 1035 3193 in
1069 3151 1334 3209 quantum
1365 3145 1447 3198 eis
1488 3144 1755 3199 duntaxat
1810 3146 2118 3215 injunctum
2154 3158 2263 3213 est,
2303 3159 2361 3202 ut

799 3230 936 3283 nihil
995 3232 1238 3301 proiecto
1285 3243 1618 3303 praesumant
1664 3236 1884 3301 addere,
1947 3237 2221 3301 minuere,
2269 3247 2363 3293 aut

800 3330 1038 3376 mutare.
1073 3341 1091 3374 ι
1125 3324 1191 3378 Et
1249 3324 1427 3379 infra:
1467 3344 1486 3379 ι
1521 3325 1648 3383 Hac
1675 3327 1936 3396 spiritalis
1983 3337 2158 3383 mater
2193 3329 2361 3383 vestri

800 3414 1132 3467 serenissiini
1191 3416 1764 3484 imperii,apostolica
1826 3417 2030 3472 Christi
2089 3419 2358 3485 Ecclesia,

799 3515 921 3568 quae
952 3516 1049 3570 per
1079 3503 1171 3558 Dei
1200 3505 1588 3573 omnipotentis
1628 3506 1861 3576 gratiam
1890 3524 1920 3560 a
1953 3509 2172 3562 tramite
2232 3525 2361 3577 apo-

800 3594 1004 3647 stolicae
1062 3595 1376 3650 traditionis
1425 3611 1697 3665 nunquam
1753 3612 1964 3652 errasse
2014 3598 2357 3666 probabitur,

799 3699 901 3737 nec
927 3684 1196 3738 luereticis
1221 3687 1552 3740 novitatibus
1580 3687 1870 3756 depravata
1897 3688 2188 3742 succubuit
2214 3705 2230 3754 ;
2265 3689 2361 3742 sed

802 3784 861 3828 nt
888 3774 958 3829 ab
986 3776 1212 3829 exordio
1259 3776 1382 3836 ﬁdei
1412 3774 1740 3832 Christiana:
1789 3779 2032 3848 percepit
2062 3780 2129 3832 ab
2175 3789 2361 3834 aucto-

803 3864 955 3918 ribus
985 3865 1098 3919 suis
1131 3867 1498 3935 apostolorum
1541 3866 1745 3923 Christi
1777 3868 2116 3936 principibus
2157 3869 2361 3923 illibata

806 3973 975 4025 usque
1005 3957 1070 4010 ad
1104 3957 1263 4010 ﬁnem
1293 3967 1596 4025 permanet,
1619 3959 1920 4012 secundum
1954 3960 2126 4028 ipsius
2147 3960 2360 4015 Domini

802 4047 1101 4100 Salvatoris
1146 4049 1386 4102 divinam
1434 4050 1894 4117 promissionem;
1934 4067 2094 4119 quam
2130 4068 2358 4108 suorum

800 4140 1194 4208 discipulorum
1228 4141 1460 4210 principi
1492 4140 1545 4195 in
1577 4141 1886 4211 Evangeliis
1920 4142 2358 4212 fecitinquiens:

801 4231 978 4293 Patre,
1017 4231 1186 4292 Petra,
1220 4247 1333 4284 erce
1387 4231 1558 4284 Satan
1589 4233 1831 4301 expetivit
1863 4241 1919 4284 ut
1951 4235 2208 4286 cribraret
2250 4252 2359 4301 vos,

800 4323 934 4374 sicut
957 4324 1042 4390 qui
1075 4324 1301 4375 triticum
1330 4324 1525 4375 cribrat
1554 4340 1571 4375 :
1607 4339 1701 4392 ego
1737 4333 1914 4377 autem
1946 4327 2124 4392 rogavi
2169 4343 2263 4395 pro
2289 4335 2358 4390 te,

802 4423 857 4466 ut
889 4431 989 4466 non
1019 4414 1226 4477 deﬁciat
1258 4415 1389 4480 ﬁdes
1430 4422 1520 4467 tua
1543 4431 1561 4468 :
1610 4427 1656 4467 ct
1694 4424 1750 4466 tu
1779 4416 2066 4484 aliquando
2085 4434 2359 4472 conversus

2465 1958 2592 2012 κταί
2652 1975 2767 2020 σου,
2803 1957 2985 2021 Νεῖλε,
3022 1957 3056 2024 ἠ
3093 1956 3270 2026 ῥῆσις,
3298 1955 3383 2009 ὅτι
3423 1954 3683 2022 Ὀνὼριος
3724 1953 3837 2004 τῶν
3867 1951 4048 2022 ὀρθῶν

2462 2049 2625 2117 ἐξέϐη
2657 2048 2970 2117 δογμάτων.
3005 2048 3068 2099 Εἰ
3123 2046 3180 2098 δὲ
3211 2046 3421 2115 ζητεῖς,
3472 2045 3594 2107 Πῶς
3625 2041 3720 2098 οὖν
3762 2043 3920 2112 παρὰ
3951 2047 4046 2109 τῆς

2465 2142 2683 2194 συνόδου
2746 2140 3243 2210 ἁποκεκήρυκταις
3311 2139 3769 2208 ἁποκεκηρύχοαι
3833 2138 4044 2204 φαμὲν,

2459 2232 2596 2284 ἀλλὰ
2628 2230 2752 2301 παρ’
2787 2231 3058 2298 ἀκεφάλου
3090 2231 3188 2298 τῆς
3221 2232 3463 2295 συνόδου,
3492 2231 3667 2298 μόνων
3696 2229 3905 2297 δηλαδὴ
3937 2228 4044 2280 τῶν

2463 2324 2819 2383 ἀνατολικῶν,
2856 2323 3024 2393 μηδὲν
3072 2323 3207 2391 πρὸς
3240 2321 3400 2374 τοῦτο
3446 2321 3914 2391 συμϐαλλομένων
3949 2319 4044 2370 τ’λῦ

2465 2421 2620 2471 πάπα
2662 2417 2772 2469 τῶν
2823 2416 3108 2486 πρέσϐεων
3133 2431 3148 2445 ’
3181 2417 3277 2469 καὶ
3309 2415 3501 2467 τούτου
3551 2415 3783 2484 ἐναργὴς
3815 2415 4045 2466 ἀπόδειο

2464 2511 2544 2576 εις
2581 2511 2615 2580 ἠ
2669 2509 2930 2577 ἐπιστολὴ
2974 2507 3070 2560 τοῦ
3112 2507 3271 2560 πάπα
3306 2506 3610 2572 Ἀγάθωνος
3644 2507 3788 2557 κατὰ
3823 2507 3925 2572 τὴν
3961 2523 4045 2557 τε·

2462 2602 2666 2670 τάρτην
2688 2599 2788 2669 τῆς
2816 2599 2978 2670 ἕκτης
3008 2599 3228 2652 συνόδου
3265 2597 3484 2666 πρᾶξιν.
3519 2596 3910 2664 Ὑφορώμενος
3939 2597 4043 2664 γὰρ

2460 2693 2522 2744 τὸ
2547 2692 2736 2760 μέλλον
2783 2695 2811 2744 ό
2847 2692 3050 2754 παπας,
3097 2690 3192 2743 καὶ
3235 2688 3392 2749 εἰδὼς
3429 2685 3519 2740 οἷα
3576 2687 4042 2756 περιήγγελλενὴ

2463 2786 2645 2852 φήμη.
2680 2784 2762 2836 ὅτι
2798 2782 3058 2852 Ὁνώριον
3101 2782 3160 2833 οἱ,
3188 2779 3820 2835 Κωνσταντινουπολῖται
3847 2781 3908 2830 ὲν
3932 2782 4045 2838 τοίς

2464 2875 2873 2944 Μονοθελήταις
2922 2873 3213 2944 ὴρίθμουν,
3272 2874 3348 2936 ὡς
3387 2872 3634 2933 εἰπόντες
3666 2871 3923 2938 ἔφθη-μεν
3983 2873 4043 2922 ἐκ

2462 2966 2559 3034 τῆς
2608 2964 2897 3029 διαλέξεως
2949 2963 3044 3015 τοῦ
3087 2962 3236 3015 ὁσίου
3270 2961 3525 3030 Μαξίμου
3548 2976 3562 2990 ·
3598 2961 3693 3012 δύο
3731 2961 3858 3011 τινὰ
3893 2960 4047 3026 λέγει

2466 3056 2603 3124 πρὸς
2633 3054 2793 3107 τοῦτο
2821 3055 3057 3123 ἁρμόδια
3097 3056 3155 3105 ἐν
3192 3056 3258 3122 τῇ
3290 3052 3424 3123 πρὸς
3453 3053 3578 3112 τοὺς
3616 3052 3880 3120 βασιλέας
3931 3054 4050 3102 ἐπι-

2389 3171 2433 3227 C
2466 3143 2627 3213 στολῇ
2651 3161 2664 3174 ο
2701 3162 2720 3194 ι
2755 3144 2957 3212 Διόπερ
2988 3144 3199 3204 ἄδειαν,
3229 3142 3400 3213 ῆγουν
3450 3140 3759 3204 αὖθεντίαν,
3804 3140 4042 3191 δεδώκα-

2468 3253 2568 3302 μεν
2587 3237 2700 3298 τοῖς
2732 3235 3131 3303 τοποτηρηταῖς
3174 3232 3309 3302 πρὸς
3354 3232 3415 3286 τδ
3455 3232 3720 3301 ὑμέτερον
3745 3232 4046 3301 γαληναῖοί

2465 3328 2665 3394 κράτος
2694 3325 2786 3378 τοῦ
2845 3325 3026 3386 ἁπλῶς
3059 3323 3505 3392 ἀπολογήσασθαι
3558 3324 3640 3385 εἰς
3682 3323 3810 3375 ὅσον
3857 3324 4044 3383 αὐτοῖς

2467 3415 2627 3485 μόνον
2663 3415 2918 3483 ἐπετέθη,
2961 3416 3044 3466 ἵνα
3076 3414 3242 3484 μηδὲν
3269 3413 3514 3485 δηλονότι
3547 3411 4040 3482 προπετεύσωνται

2464 3510 2800 3577 προσθεῖναι,
2842 3508 2875 3576 ἦ
2912 3508 3147 3573 ὑφελεῖν,
3276 3505 3538 3570 ἀλλαξαιο
3566 3524 3585 3557 ι
3631 3505 3727 3557 καὶ
3784 3506 3854 3557 τὰ
3889 3505 4040 3572 ἑξῆς.

2466 3603 2577 3656 Καὶ
2612 3601 2942 3668 κατωτέρωο
3003 3619 3022 3651 ι
3060 3601 3206 3668 Αὕτη
3257 3600 3288 3667 ἡ
3341 3597 3687 3667 πνευματικὴ
3723 3600 3914 3666 μήτηρ
3947 3598 4041 3647 τιού

2466 3690 2732 3759 ὑμετέρου
2791 3689 3086 3758 γαληναίου
3151 3687 3403 3757 κράτους,
3467 3688 3500 3756 ἡ
3556 3687 3892 3754 ἀποστολικὴ
3942 3685 4037 3736 τοῦ

2465 3782 2701 3851 Χριστοῦ
2746 3781 3063 3848 Ἐκκλησία,
3094 3779 3218 3848 ἥτις
3246 3777 3338 3830 διὰ
3375 3777 3480 3848 τῆς
3525 3778 3748 3847 χάριτος
3774 3777 3873 3830 τοῦ
3905 3794 4042 3830 παν-

2464 3875 2766 3944 τοδυνάμου
2795 3873 2933 3925 Θεοῦ
2973 3873 3079 3924 ἀπὸ
3111 3873 3206 3941 τῆς
3236 3872 3355 3924 ὁδοῦ
3386 3873 3485 3939 τῆς
3525 3871 3897 3940 ἁποστολικῆς
3936 3890 4041 3922 πα-

2465 3964 2736 4034 ραδόσεως
2775 3964 3031 4016 οὐδέποτε
3065 3962 3407 4030 πλανηθῆναι
3439 3962 3742 4025 δείκνυται,
3763 3962 3892 4014 οὔτε
3930 3965 4042 4024 τοῖς

2463 4057 2570 4108 τῶν
2597 4055 2892 4124 αἱρετικῶν
2927 4055 3235 4122 καινισμοῖς
3274 4054 3670 4123 στρεϐλωθεῖσα
3713 4053 3996 4105 ὑπέπεσεν
4028 4071 4039 4083 ·

2462 4145 2605 4198 τοῦτ’
2633 4145 2767 4196 αὐτὸ
2791 4143 3036 4213 περιέχει
3063 4146 3158 4198 καὶ
3185 4146 3217 4213 ἠ
3251 4143 3499 4213 συνοδικὴ
3523 4143 3795 4211 ἀναφορὰ,
3830 4146 3862 4213 ή
3904 4147 4042 4212 μετᾶ

2463 4237 2562 4303 τὴν
2592 4234 2881 4304 επιστολὴν
2909 4234 3004 4286 τοῦ
3041 4235 3198 4288 mina
3217 4250 3232 4264 '
3264 4233 3398 4286 ἀλλὰ
3431 4234 3614 4296 καθὼς
3639 4236 3704 4286 ἑκ
3734 4240 4044 4304 προοιμίων

2462 4327 2560 4394 τῆς
2589 4325 2696 4378 τῶν
2738 4327 3081 4393 Χριστιανῶν
3117 4326 3353 4388 πίστεως
3403 4325 3716 4394 παρέλαϐεν
3765 4328 3874 4377 ἀπο
3934 4328 4041 4378 τῶν

2468 4418 2611 4468 [δίων
2633 4417 2908 4471 αὐθεντῶν
2937 4420 3046 4469 τῶν
3075 4417 3389 4488 κορυφαίωον
3414 4417 3507 4469 τοῦ
3536 4415 3774 4488 Χριστοῦ
3806 4420 4043 4470 ἀποστό-

800 4506 1054 4572 ιυηῄνηια
1101 4506 1292 4574 fratres
1338 4515 1449 4558 tuos
1469 4507 1507 4559 ⁸.
1539 4525 1558 4556 ι
1595 4505 1731 4574 (Hoc
1764 4506 1940 4574 ipsum
1989 4516 2046 4561 et
2107 4511 2362 4577 synodica
2399 4498 2441 4552 ί)
2467 4507 2493 4557 λ

2348 4527 2362 4564 ι
2399 4498 2441 4552 D
2467 4507 2592 4572 λων,
2621 4507 3018 4578 ἀπαράτρωτος
3050 4509 3211 4578 μέχρι
3233 4509 3419 4571 τέλους
3452 4509 3605 4579 μένει
3637 4511 3780 4563 κατὰ
3811 4513 3917 4579 τὴν
3949 4513 4041 4563 τοῦ

801 4597 1180 4663 episcoporum
1209 4597 1479 4664 suggestio
1508 4606 1631 4664 post
1656 4597 1945 4666 epistolam
1977 4612 2126 4667 papa:
2143 4600 2365 4655 disertis

800 4686 984 4739 verbis
1030 4686 1316 4753 continet.)
1350 4687 1412 4738 Et
1439 4687 1623 4739 infra:
1680 4705 1698 4737 ι
1740 4685 1895 4741 Unde
1946 4698 1999 4742 et
2056 4692 2366 4758 apostolica:

803 4776 1075 4829 memoriae
1102 4776 1534 4844 praede-cessares
1565 4778 1958 4832 mediocritatis
1991 4795 2144 4843 mem,
2182 4779 2364 4833 Domi-

805 4865 942 4918 nicis
991 4865 1240 4917 instructi
1273 4865 1536 4919 doctrinis
1574 4881 1636 4919 ex
1673 4880 1783 4934 quo
1815 4869 2073 4934 priesules
2104 4869 2365 4923 Ecclesiae

802 4954 1418 5022 Constantinopolitanze
1480 4955 1776 5009 novitatem
1839 4957 2150 5009 lueretieam
2193 4958 2364 5024 intro-

804 5044 1003 5097 ducere
1031 5044 1210 5097 conati
1261 5053 1387 5096 sunt
1446 5044 1500 5098 in
1560 5044 1962 5099 immaculatain
2004 5047 2204 5100 Christi
2265 5048 2364 5102 Ec—

804 5133 1023 5186 elcsiam
1049 5150 1325 5202 nunquam
1355 5150 1451 5188 eos
1481 5136 1687 5188 hortari
1720 5137 2097 5204 neglexerunt,
2141 5146 2195 5190 et
2239 5138 2366 5190 lior-

2462 4599 2666 4665 Κυρίου
2688 4598 2852 4652 αὐτοῦ
2883 4600 2976 4652 τοῦ
3016 4599 3266 4669 Σωτῆρος
3297 4600 3448 4652 θείαν
3477 4601 3834 4669 ἐπαγγελίαν,
3861 4605 3935 4672 ῆν
3965 4605 4043 4672 τῷ

2463 4694 2673 4761 ἐξάρχω
2697 4693 2801 4744 τῶν
2819 4694 2984 4745 αὐτοῦ
3021 4695 3280 4763 μαθητῶν
3302 4695 3358 4746 ὲν
3375 4697 3485 4757 τοῖς
3510 4695 3871 4763 Εὐαγγελίοις
3892 4700 4044 4767 ὡμο-

2459 4782 2653 4850 λόγησε
2683 4782 2894 4850 φήσαςο
2930 4784 3135 4851 Πέτρε,
3162 4784 3366 4851 Πέτρε,
3400 4783 3528 4836 ίδοὺ
3552 4787 3584 4836 ό
3619 4788 3892 4853 (raras-iii;
3919 4790 4047 4856 ἐζή-

2460 4891 2609 4940 τησε
2633 4873 2738 4926 τοῦ
2758 4875 3028 4928 σινιάσαι
3056 4875 3232 4944 ὑμᾶς,
3253 4877 3332 4942 ὠς
3354 4880 3385 4930 ό
3407 4877 3686 4936 σινιὰζων
3707 4879 3813 4931 τὸν
3840 4881 4039 4934 σῖτον·

2459 4965 2572 5031 ἐγὼ
2608 4964 2675 5015 δὲ
2705 4964 2836 5032 περὶ
2863 4967 2979 5018 σοῦ
3006 4967 3060 5032 ἠέ
3081 4965 3307 5031 ὠτησα,
3344 4967 3444 5018 ἵνα
3467 4966 3549 5034 μὴ
3581 4969 3840 5038 ἐκλείπῃ
3877 4974 3917 5038 ὴ
3949 4974 4044 5024 πί-

2460 5073 2592 5120 στις
2621 5071 2760 5108 σου.
2787 5060 2895 5108 Kal.
2922 5058 3002 5109 σύ
3030 5073 3173 5109 ποτε
3199 5058 3585 5125 ἐπιστραφεὶς
3619 5060 3864 5126 στήριξε
3899 5065 4044 5128 τοὺς

2459 5145 2762 5214 ἀδελφούς
2797 5162 2965 5200 σου.»
2994 5148 3100 5198 Καὶ
3132 5148 3457 5216 κατωτέρω·
3496 5148 3695 5201 «Ὅθεν
3730 5155 3828 5203 καὶ
3859 5154 3913 5204 οἱ
3947 5157 4041 5218 τῆς

806 5223 969 5277 tando
1021 5239 1385 5289 commovere,
1437 5237 1492 5279 ut
1537 5242 1565 5278 a
1612 5228 1758 5294 pravi
1792 5228 2060 5294 dogmatis
2124 5228 2365 5282 haeretici
2463 5239 2495 5287 ἁ.

2352 5231 2365 5282 i
2463 5239 2824 5308 ἀποστολικῆς
2880 5240 3120 5308 μνήμης,
3175 5240 3224 5290 οἱ
3286 5243 3866 5312 προηγησάμενοιτὴν
3899 5247 4039 5314 ἐμὴν

802 5330 989 5368 errore
1022 5317 1212 5368 saltent
1247 5318 1472 5369 tacendo
1499 5319 1856 5372 abstinerent.
1895 5336 1914 5368 ι
2465 5345 2495 5396 μ

2465 5329 2814 5397 μετριότητα,
2866 5332 2984 5390 ταῖς
3015 5331 3359 5390 δεσποτικαῖς
3409 5330 3782 5392 διδασκαλίαις
3824 5354 4037 5403 κατηςιο

806 5411 1076 5476 τισμένοι,
1106 5410 1290 5473 ἐξότου
1325 5412 1672 5478 καινοτομίαν
1699 5414 1976 5484 αἰρετικὴν
2002 5419 2079 5478 εἰς
2104 5416 2201 5486 τὴν
2230 5418 2321 5470 τοῦ
2361 5421 2597 5488 Χριστοῦ
2627 5427 2856 5494 ἄμωμον
2894 5427 3220 5497 Ἐκκλησίαν
3261 5430 3306 5479 οἱ
3337 5429 3586 5495 πρόεδροι
3633 5427 3733 5496 τῆς
3779 5432 3838 5480 ὲν
3874 5432 4031 5482 Κωνο

808 5503 1242 5555 σταντινουπόλει
1281 5503 1610 5572 Ἐκκλησίας
1658 5504 1972 5573 είσαγαγεῖν
2024 5507 2374 5576 ἐπεχείρουν,
2407 5512 2662 5567 οὐδέποτε
2733 5518 3020 5586 ἠμέλησαν
3054 5521 3273 5580 τούτους
3343 5518 3774 5587 προτρέψασθαι,
3813 5523 3912 5572 καὶ
3943 5541 4040 5572 πα-

812 5600 1172 5669 ρακαλοῦντες
1198 5601 1531 5670 ὑπομνῆσαι,
1575 5602 1658 5654 ἵνα
1729 5601 1834 5654 ἀπο
1875 5601 1968 5654 τοῦ
2003 5605 2209 5670 φαύλου
2273 5606 2542 5676 δόγματος
2590 5611 2682 5680 τῆς
2719 5616 2996 5684 αἱρετικῆς
3033 5615 3236 5681 πλάνης
3290 5615 3390 5665 κᾶν
3429 5615 3740 5678 σιωπῶντες
3792 5618 4037 5688 ἀποταιῄ-

811 5711 1028 5746 σωνται.
1075 5714 1090 5744 ι

880 5792 898 5821 ⁸
934 5791 1061 5845 Luc.
1097 5808 1224 5857 xxii,
1264 5795 1345 5845 33.
