4288 6358
228 413 336 481 765

1490 420 1923 491 REFUTATIO
1987 423 2169 485 Nl”.

3371 427 3471 493 766

317 524 408 579 Ἐν
436 523 643 586 τούτοις
667 523 695 575 ὁ
725 522 997 594 μακάριος
1027 522 1215 585 πίπας
1263 524 1514 591 ’Δγάθων
1544 527 1695 595 λέγει
1718 529 1801 580 δε-
1833 531 1877 586 Δ
1976 532 2010 586 lt

1779 556 1801 567 -
1833 531 1877 586 Δ
1976 532 2031 586 ln
2066 532 2153 586 his
2191 531 2463 587 licentiam
2491 548 2550 589 se
2578 533 2796 589 dedisse
2826 535 2900 589 ait
2935 534 3125 591 beatus
3154 552 3290 607 papa
3330 526 3472 608 Aga-

228 616 465 669 δωκέναι
498 615 609 676 τοῖς
660 617 1062 685 τοποτηρηταῖς
1105 614 1289 668 ἄδειαν
1320 613 1415 667 τοῦ
1451 616 1638 675 ἁπλῶς
1662 618 1798 669 ἁπο-

229 703 590 774 λογήσασθαι,
649 705 746 758 καὶ
808 703 976 775 μηδὲν
1038 704 1227 775 ἕτερον
1282 705 1588 775 τολμῆσαι’
1651 706 1798 774 λέγει

234 797 440 865 μηδένα
456 794 678 865 Ῥώμης
708 797 971 864 ἀρχιερέα
1002 797 1131 866 περὶ
1162 796 1263 864 τὴν
1295 796 1478 850 πίστιν
1509 797 1799 866 ἐσφάλθαι.

230 883 369 940 Εἶτα
392 888 487 940 καὶ
514 886 600 940 διά
619 886 715 940 τοῦ
739 887 1149 957 προτρέψασθαι
1176 888 1282 942 κᾶν
1311 890 1523 960 σιωπᾷν
1545 892 1799 959 περιγρά-

232 996 312 1048 φη
356 979 449 1031 τδν
492 977 769 1049 ’ονὠριον.
796 981 865 1032 Ἢ
903 980 1085 1034 τοίνυν
1126 981 1213 1033 ὅτε
1248 983 1299 1034 οἱ
1332 982 1639 1035 άνατολικοὶ
1666 984 1802 1036 άπε-

231 1073 512 1141 κήρυσσον
564 1073 655 1125 τὸν
684 1071 969 1141 Ὀνὼριον,
1001 1072 1330 1144 συμψήφους
1362 1072 1509 1145 εἶχον
1552 1076 1645 1129 καὶ
1678 1077 1801 1141 τοὺς

230 1164 615 1233 τοποτηρητας
646 1163 739 1216 τοῦ
771 1165 950 1230 πάπα,
995 1165 1029 1236 ἥ
1056 1166 1157 1218 οὐκ
1186 1162 1353 1236 εἶχον,
1387 1167 1581 1236 ιχομεν
1606 1166 1635 1219 δ
1670 1166 1802 1235 ἐζη-

232 1253 438 1323 τοῦμεν
458 1269 475 1287 ο
500 1255 637 1320 ὅπερ
667 1252 832 1323 εἶχον,
864 1256 1121 1325 ἀθέσμως
1145 1252 1310 1326 εἶχον.
1332 1257 1590 1327 τοιαύτην
1622 1257 1802 1319 αὐτοῖς

234 1346 422 1398 ἄδειαν
454 1343 529 1414 μὴ
562 1346 855 1408 δεδωκότος
880 1344 975 1398 τοῦ
1002 1346 1160 1399 πάπα
1185 1364 1200 1379 ο
1238 1350 1355 1411 πῶς
1390 1348 1499 1418 γάρ
1532 1349 1600 1402 ἂν
1633 1347 1800 1399 ῐδωκε

233 1435 492 1505 τοιαύτην
535 1436 721 1489 ἄδειαν
770 1438 799 1491 ὁ
828 1438 1014 1501 πάπας
1045 1440 1141 1492 τοῦ
1194 1440 1601 1509 ἀναθεματίσαι
1633 1443 1804 1495 ’0νώ-

239 1541 377 1597 ριον,
408 1531 556 1590 ὅστις
584 1528 837 1593 καθάπαξ
865 1529 1292 1597 διαὸεὸαιοῦται,
1338 1533 1541 1601 μηδένα
1583 1532 1803 1605 Ῥώμης

235 1621 501 1689 ἀρχιερέα
526 1621 650 1688 περὶ
673 1620 772 1691 τὴν
797 1620 981 1673 πίστιν
1004 1621 1266 1690 ἐσφάλθαι
1288 1640 1302 1688 ;
1333 1625 1427 1676 καὶ
1446 1625 1804 1694 περιγράφων

237 1712 455 1763 ἐπαινεῖ
501 1709 591 1762 τὸν
634 1710 935 1781 Ὀνὼριονν
964 1712 1023 1775 ὃς
1080 1712 1308 1777 δέκατος
1360 1714 1465 1783 πρὸ
1502 1715 1802 1780 ’Λγάθωνος

233 1798 483 1865 ἐγεγόνει
504 1800 714 1863 πάπας.

309 1976 470 2030 Οὕτω
522 1978 622 2049 μὲν
683 1978 775 2033 οὖν
827 1981 1074 2052 ἐναργῶς
1128 1982 1348 2053 ἔχομεν,
1397 1984 1480 2038 ὅτι
1517 1985 1667 2055 μόνοι
1713 1986 1804 2040 τὸν

269 2070 506 2138 Ονώριον
522 2071 571 2124 οί
602 2073 902 2127 άνατολικοῖ.
936 2076 1312 2146 άπεκήρυξαν.

311 2162 524 2231 Ὠσπερ
567 2162 623 2216 δέ
659 2163 693 2233 η
720 2164 955 2235 τετάρτη
1008 2166 1249 2230 σύνοδος,
1288 2166 1558 2239 ἐκθεμένη
1586 2168 1677 2222 τδν
1708 2187 1805 2223 κα-

234 2252 365 2305 νόνα
392 2253 519 2321 περὶ
542 2252 652 2306 τῶν
682 2255 987 2324 πρεσϐείων
1031 2258 1659 2324 Κωνσταντινουπὸλεως
1689 2280 1799 2330 χω-

238 2347 323 2413 ρὶς
353 2343 447 2397 τοῦ
470 2346 624 2399 πάπα
646 2386 661 2410 ,
692 2347 845 2400 οὐδὲν
870 2349 1236 2417 συνεπέρανεν
1256 2367 1270 2382 ·
1312 2350 1455 2405 οὕτω
1482 2352 1577 2405 καὶ
1606 2355 1639 2423 ἠ
1666 2354 1799 2422 ἕκτη

238 2437 475 2501 σύνοδος,
512 2441 682 2509 χωρὶς
716 2439 811 2494 τοῦ
861 2443 1018 2495 πάπα
1048 2442 1138 2495 τὸν
1175 2444 1433 2514 Ὀνώριον
1451 2445 1539 2497 διὰ
1566 2445 1664 2509 τὰς
1697 2464 1802 2499 κα-

235 2527 352 2591 κῶς
394 2529 757 2599 ἐκληφθείσας
814 2533 1133 2601 ὁμωνυμίας
1181 2534 1602 2606 ἀποκηρύξασα,
1647 2536 1802 2590 οὐδὲν

234 2621 593 2691 συνεπέρανε.
624 2624 762 2676 Οὔτε
788 2624 919 2693 γοῦν
950 2624 1203 2694 Ὀνώριος
1230 2628 1525 2696 αίρετικδς,
1554 2626 1679 2681 οὔτε
1707 2646 1803 2681 κυ-

236 2710 370 2779 ρίως
396 2711 502 2764 ὑπὸ
534 2715 633 2783 τῆς
658 2715 877 2768 συνόδου
906 2716 1261 2788 άπεκηρύχθη
1283 2733 1297 2747 ’
1342 2718 1478 2772 ἀλλὰ
1513 2720 1609 2771 καὶ
1638 2720 1796 2790 ὀρθο-

233 2803 517 2869 δοξότατός
557 2810 692 2870 ἐστι,
728 2807 939 2876 καὶούχ
971 2806 1199 2861 ἅπτεται
1232 2810 1395 2863 αὑτοῦ
1423 2810 1485 2863 τὸ
1511 2812 1763 2880 ἀνάθεμα
1781 2828 1796 2843 °

239 2896 473 2963 βοῶντος
521 2896 615 2949 τοῦ
649 2898 889 2966 μεγάλου
938 2900 1098 2953 πίττα
1139 2901 1365 2962 Λέοντος
1408 2903 1467 2953 ὲν
1508 2906 1628 2965 ταῖς
1662 2902 1800 2971 μετὰ

234 2988 336 3057 τὴν
364 2988 630 3057 τετάρτην
653 2989 870 3041 σύνοδον
895 2990 1229 3055 ἐπιστολαῖς,
1263 2992 1499 3061 μάλιστα
1532 2994 1589 3047 δὲ
1638 2998 1696 3046 ἐν
1729 2998 1794 3066 τῇ

236 3080 375 3147 πρὸς
410 3079 743 3149 Πουλχερίαν
776 3083 873 3147 τὴν
900 3082 1244 3161 Δύγούστανο
1285 3102 1302 3134 ι
1336 3082 1448 3147 Τὰς
1477 3086 1797 3153 ξυμτρωνίας

1904 624 1997 677 tho
2027 624 2141 679 suis
2171 623 2383 692 legatis,
2408 634 2464 679 ut
2490 626 2811 694 simpliciter
2827 626 2894 682 de
2915 627 3017 681 ﬁde
3043 628 3465 698 responderent,

1902 723 1955 768 et
1985 714 2120 768 nihil
2167 715 2313 769 aliud
2366 715 2651 770 auderent.
2697 718 2860 781 Dicit,
2918 718 3126 773 nullum
3163 719 3467 773 Romanum

1902 804 2210 874 pontiﬁcem
2248 807 2300 859 in
2345 806 2450 861 fide
2488 822 2722 863 errasse.
2754 808 2957 863 Deinde
3010 825 3133 863 eum
3195 811 3471 885 Romanos

1900 898 2185 966 pontiﬁces
2212 897 2458 952 hortatos
2489 898 2601 961 ait,
2637 908 2696 953 ut
2730 898 3325 968 Constantiuopolitani
3358 901 3469 953 sal-

1902 995 2010 1041 tem
2063 996 2323 1049 tacerent,
2376 986 2783 1042 circumscribit
2830 988 3147 1041 llouorium.
3186 991 3294 1043 Aut
3340 1005 3472 1055 ergo

1901 1076 2122 1145 quando
2148 1078 2454 1133 Orientales
2495 1078 2827 1134 damuabant
2869 1079 3169 1134 llonorimn
3190 1120 3205 1140 ,
3238 1095 3469 1132 consen-

1904 1167 2101 1221 tientes
2130 1168 2405 1223 habebant
2433 1169 2597 1223 etiam
2652 1170 2859 1238 legatos
2891 1186 3061 1239 papae,
3096 1183 3191 1224 aut
3222 1187 3329 1223 non
3369 1171 3471 1222 ha-

1903 1257 2126 1313 bebant.
2142 1260 2197 1315 Si
2219 1275 2327 1313 non
2357 1260 2649 1320 habebant,
2684 1269 2896 1314 eertum
2921 1272 3006 1315 est
3028 1262 3173 1330 quod
3201 1262 3470 1321 θὶς-ἰιιιιιςς

1902 1348 1945 1402 si
1972 1362 2100 1401 vero
2130 1348 2439 1413 habebant,
2478 1350 2667 1403 illicite
2718 1350 3029 1410 habebant,
3065 1351 3212 1404 nulla
3260 1352 3350 1404 tuli
3398 1351 3475 1403 fa-

1904 1440 2104 1494 cultate
2129 1441 2380 1509 praeditos
2402 1456 2431 1494 a
2460 1440 2737 1509 pontiﬁce.
2756 1441 3043 1506 Quomodo
3063 1443 3210 1495 enim
3233 1442 3471 1507 pontifex

1906 1530 2066 1584 talem
2103 1516 2340 1586 dedisset
2387 1531 2699 1586 facultatem
2753 1532 3251 1585 anathematizaudi
3282 1514 3473 1583 Hono-

1906 1620 2069 1685 rium,
2105 1621 2197 1690 qui
2219 1636 2473 1691 expresse
2504 1622 2698 1675 asserit
2739 1622 2949 1674 nullum
2989 1621 3296 1674 Romanum
3332 1637 3472 1688 [ion-

1908 1711 2106 1767 tiﬁcem
2161 1726 2376 1766 errasse
2428 1714 2479 1765 in
2535 1711 2678 1765 ﬁde?
2730 1722 2787 1766 et
2854 1712 3221 1766 describendo
3286 1712 3471 1766 Hono-

1906 1803 2047 1856 rimn
2082 1803 2298 1866 laudat,
2327 1804 2420 1873 qui
2465 1802 2714 1857 decimus
2752 1811 2877 1857 ante
2902 1802 3241 1872 Agathonem
3298 1802 3470 1856 fuerat

1910 1894 2086 1964 papa?

1978 1985 2055 2038 Ita
2097 1984 2256 2053 plane
2305 1991 2553 2049 constat,
2587 1984 2890 2038 Honorium
2923 2000 2952 2038 a
2984 1984 3115 2039 solis
3154 1986 3471 2037 damnatum

1906 2072 2293 2129 Orientalibus.
3230 2122 3235 2126 .

1978 2165 2135 2222 Sicut
2172 2176 2353 2221 autem
2387 2177 2582 2237 quarta
2622 2168 2884 2238 synodus,
2919 2167 3049 2238 quia
3083 2184 3242 2223 suum
3302 2183 3467 2221 eano-

1905 2272 2028 2311 nem
2051 2256 2117 2311 de
2142 2256 2349 2312 bonore
2376 2256 2969 2328 ConstantinOpolitani
2996 2258 3239 2327 episcopi
3267 2260 3471 2327 absque

1904 2362 2039 2415 papa
2074 2347 2416 2412 condiderat,
2470 2348 2603 2402 nihil
2645 2350 2877 2419 peregit,
2915 2350 2986 2403 ita
3014 2358 3069 2403 et
3119 2360 3271 2403 sexta
3305 2364 3468 2417 synn-

1904 2438 2028 2499 dus,
2063 2437 2283 2506 quando
2313 2449 2535 2507 propter
2580 2438 2699 2491 illas
2754 2437 3216 2507 aequivocationes
3265 2437 3471 2503 absque.

1904 2544 2040 2599 papa
2098 2528 2374 2583 damnavit
2437 2528 2760 2592 Honorium,
2814 2529 2949 2582 nihil
3006 2529 3235 2598 peregit.
3290 2527 3471 2593 Quare

1905 2635 2004 2674 nec
2035 2620 2324 2675 haereticus
2355 2618 2650 2681 Honorius,
2687 2635 2788 2675 nee
2817 2630 2910 2685 est,
2932 2620 3152 2689 proprie
3204 2634 3233 2673 a
3264 2620 3473 2689 synodo

1902 2710 2231 2773 damnatus;
2286 2708 2381 2764 sed
2428 2716 2485 2763 et
2520 2710 2633 2778 ipse
2691 2709 3288 2770 orthodoxissimus,et
3336 2724 3469 2761 aua-

1904 2802 2083 2857 thema
2123 2800 2275 2854 illum
2332 2815 2440 2853 non
2490 2799 2726 2866 attingit.
2781 2799 2994 2853 Clamat
3043 2800 3188 2852 enim
3250 2801 3301 2851 in
3352 2799 3468 2852 suis

1900 2892 2168 2960 epistolis,
2194 2890 2353 2945 tertia
2382 2876 2847 2945 Chalcedonensis
2874 2888 3064 2957 synodi
3104 2895 3277 2955 parte,
3332 2903 3469 2953 pra:-

1900 2982 2089 3037 sertim
2123 2997 2255 3036 vero
2284 2981 2351 3035 ad
2381 2980 2727 3035 Pulcheriam
2776 2981 3071 3051 Augustam
3098 2978 3208 3032 Leo
3242 2978 3468 3047 Magnus

1900 3090 2075 3144 papa:
2111 3093 2131 3126 ι
2156 3074 2558 3131 Consensiones
2598 3074 2980 3143 episcoporum
3031 3082 3344 3127 sanctorum
3379 3086 3469 3123 re-

231 3170 344 3222 τῶν
367 3171 701 3232 ἐπισκόπων,
723 3171 779 3224 αἶ
814 3172 965 3241 παρά
994 3172 1228 3234 κανόνας
1264 3172 1525 3239 γίνονται,
1561 3174 1794 3242 άκυροῦ-
1818 3179 1863 3242 C
1897 3184 1924 3239 ε

1771 3204 1794 3215 -
1818 3179 1863 3242 C
1897 3167 2039 3239 gulis
2068 3176 2430 3236 repugnantes
2470 3166 2523 3218 in
2586 3166 2797 3219 irritum
2854 3165 3122 3218 mittimus
3156 3174 3211 3215 et
3240 3178 3336 3231 per
3364 3177 3464 3213 au-

244 3277 370 3328 μεν⁹
400 3262 493 3312 καὶ
523 3262 591 3330 τῇ
646 3261 901 3330 αὑθεντὶᾳ
928 3260 1021 3312 τοῦ
1053 3262 1326 3330 μακαρίου
1355 3262 1656 3315 ἀποστόλου
1696 3263 1797 3316 [Ιὲ-

230 3368 364 3420 τρου
396 3351 623 3405 καθόλου
652 3350 808 3405 τοῦτο
838 3353 1147 3422 ὁριζόμενοι
1177 3354 1499 3423 ἀθετοῦμεν.
1538 3374 1556 3406 ι

876 3466 1151 3521 ΝΕΙΛΟΣ.

305 3598 325 3632 t
362 3580 423 3633 Εἰ
452 3580 509 3632 δὲ
550 3580 803 3649 Ὀνὼριος
844 3580 1061 3650 Ῥώμης
1107 3582 1405 3645 ἐπίσκοπος
1446 3583 1539 3636 καὶ
1590 3584 1794 3654 αἱρετι-

230 3674 350 3738 κὸς,
373 3674 596 3726 δυνατὸν
628 3674 737 3744 ἄρα
791 3674 883 3725 τὸν
933 3674 1120 3727 πάπαν
1145 3675 1257 3727 τῶν
1310 3675 1487 3740 ὀρθῶν
1540 3676 1794 3727 ἐκπεσεῖν

228 3766 551 3834 δογμάτων·
592 3766 693 3817 οὐκ
732 3764 838 3834 ἄρα
874 3765 1187 3827 ἐκλιπόντος
1237 3767 1402 3819 αὑτοῦ
1457 3766 1555 3837 τὴν
1589 3767 1791 3833 πίστιν⁹

230 3859 375 3910 ὁτοῦ
412 3858 614 3927 Κυρίου
644 3858 993 3909 διαπέπτωκε
1045 3856 1220 3923 λόγος,
1254 3858 1315 3910 δν
1368 3860 1498 3928 περὶ
1544 3862 1644 3929 τῆς
1670 3860 1794 3912 Ἐκ-

228 3951 459 4019 κλησίας
484 3950 717 4019 εἰρήκει,
759 3948 935 4010 πύλας
972 3950 1099 4019 ᾇίου
1133 3952 1209 4020 μὴ
1253 3941 1548 4020 δυνηθῆναι
1586 3954 1793 4023 ταύτης

226 4042 612 4116 περιγενέσθαι
633 4056 647 4070 ⁸
701 4040 815 4093 ἐστι
843 4042 949 4110 γὰρ
977 4043 1032 4094 ἐν
1060 4046 1169 4106 τοῖς
1207 4045 1412 4106 λοιποῖς
1466 4046 1792 4108 ἐπισκόποις

227 4133 325 4184 καὶ
373 4133 516 4201 μάλα
567 4133 670 4196 τὴν
715 4131 995 4185 εὐσέϐειαν
1029 4133 1317 4196 σώζεσθαι.
1373 4135 1611 4206 Φανερὸν
1644 4136 1700 4187 δέ
1727 4138 1792 4187 ἐκ

224 4227 433 4278 τούτων
491 4225 624 4293 μηδὲ
662 4227 727 4293 τῇ
759 4225 855 4292 τῆς
890 4223 1107 4293 Ῥώμης
1138 4225 1437 4296 Ἐκκλησία
1484 4228 1793 4296 προσήκειν

223 4322 287 4372 τὸ
311 4322 403 4371 ἐπὶ
423 4320 593 4389 ταύτῃ
622 4321 687 4388 τῇ
712 4320 890 4387 πέτρα
908 4316 1005 4386 τὴν
1035 4318 1362 4387 Ἐκκλησίαν
1383 4318 1787 4388 ᾠκοδομῆσθαι·

223 4412 384 4464 τοῦτο
407 4412 625 4479 γὰρκαὶ
648 4411 926 4479 φορτικὸν,
952 4427 1045 4461 και
1074 4410 1133 4461 ού
1162 4410 1347 4478 πόῤῥω
1366 4411 1467 4479 τῆς
1491 4412 1791 4480 Ἰουδαϊκῆς

1896 3258 2202 3311 ctoritatem
2254 3256 2396 3309 beati
2452 3255 2595 3309 Petri
2660 3255 2890 3324 apostoli
2949 3254 3192 3323 generali
3234 3266 3467 3322 prorsus

1896 3349 2220 3403 deﬁnitione
2246 3363 2545 3403 cassamus.
2584 3366 2603 3399 ι

2427 3466 2632 3523 NlLUS
2656 3466 2812 3536 (Cap.
2843 3465 2953 3535 τι).

1970 3598 1991 3631 ι
2027 3577 2183 3644 Quod
2214 3578 2261 3633 si
2300 3576 2572 3633 Honorius
2626 3578 2906 3633 Romanus
2939 3586 3024 3631 cst
3070 3577 3359 3645 episcopus
3409 3584 3465 3627 ct

1896 3670 2208 3728 haereticus.
2236 3678 2411 3738 potest
2449 3685 2581 3738 ergo
2632 3685 2767 3738 papa
2822 3669 2875 3722 in
2930 3668 3035 3722 fide
3081 3685 3290 3722 errare.
3346 3669 3464 3722 Non

1896 3757 2060 3827 igitur
2094 3758 2195 3812 fide
2244 3773 2393 3827 papa:
2434 3757 2722 3812 deﬁciente
2751 3759 2963 3812 corruit
3003 3772 3186 3811 sermo
3222 3758 3459 3820 Domini,

1893 3864 2054 3919 quem
2094 3850 2161 3903 de
2197 3848 2437 3904 Ecclesia
2476 3849 2734 3918 protulit;
2771 3859 2954 3918 portas
2990 3848 3151 3903 inferi
3194 3849 3461 3902 adversus

1892 3957 2011 3997 ean
2050 3957 2156 3995 non
2183 3941 2578 4010 pnevalituras.
2622 3944 2808 3995 l’otest
2848 3940 2995 3993 enim
3029 3940 3187 4010 plane
3241 3940 3291 3992 in
3352 3955 3460 3992 ca:-

1897 4035 2027 4088 teris
2053 4034 2325 4103 cpiscOpis
2341 4049 2461 4087 esse
2494 4032 2630 4087 ﬁdes
2652 4033 2817 4086 salva.
2839 4033 2915 4087 Ει
2950 4033 3035 4087 his
3062 4033 3228 4087 etiam
3261 4033 3460 4101 liquet,

1895 4123 2152 4177 Romanu:
2183 4123 2440 4176 Ecclesia:
2474 4137 2817 4191 nequaquam
2848 4123 3164 4184 convenire,
3206 4133 3263 4175 ut
3295 4138 3463 4190 super

1893 4212 2039 4265 illam
2061 4221 2271 4281 petram
2302 4212 2564 4265 aedificata
2590 4213 2660 4265 sit
2692 4212 2956 4265 Ecclesia.
2978 4211 3091 4264 Hoc
3114 4212 3262 4264 enim
3290 4227 3457 4278 grate

1890 4314 1994 4368 est,
2034 4314 2087 4356 et
2146 4317 2255 4356 non
2315 4302 2545 4355 multum
2588 4304 2750 4356 distat
2809 4317 2839 4356 a
2898 4305 3160 4356 tenuitate
3207 4302 3460 4366 Jndniea,

1894 4397 2191 4451 I'Icclesiam
2241 4395 2482 4448 Romana
2538 4397 2672 4448 urbe
2709 4396 3183 4450 circumscribere.
3217 4395 3322 4447 Sed
3354 4394 3454 4447 Ee-

222 4503 634 4571 ταπεινὸτητος,
688 4501 1049 4582 περιγράφειν
1094 4503 1161 4568 τῇ
1204 4498 1391 4571 Ῥώμῃ
1420 4502 1519 4566 τὴν
1552 4500 1787 4569 Ἐκκλη-
1821 4502 1915 4582 βξ

1762 4531 1787 4542 -
1821 4487 2110 4556 Delesiam
2163 4486 2452 4539 a-dilicavit
2503 4485 2757 4540 Christus
2826 4501 2992 4553 super
3053 4485 3452 4540 confessionem

224 4593 371 4645 σίαν.
427 4592 568 4645 Ἀλλ’
595 4591 911 4661 ᾠκοδόμησε
958 4591 1057 4660 τὴν
1106 4591 1442 4655 Ἐκκλησίαν
1486 4592 1514 4644 ὁ
1556 4592 1790 4661 Χριστὸς

224 4684 319 4734 ἐπὶ
345 4685 410 4751 τῇ
433 4681 679 4752 θεολογίᾳ
700 4680 794 4734 τοῦ
828 4680 1059 4749 Πέτρου,
1080 4681 1174 4732 καὶ
1202 4681 1296 4732 ἐπὶ
1329 4682 1493 4734 πᾶσιν
1517 4681 1566 4733 οἳ
1590 4681 1793 4749 ταύτης

224 4775 327 4839 τῆς
364 4775 654 4843 ὁμολογίας
682 4773 919 4841 φύλακες
950 4774 1187 4825 ἔσονται.
1219 4791 1238 4825 ι

784 4886 1219 4941 ΔΝΤΙΡΙἮΣΙΣ.

297 5002 440 5054 Ὅσα
503 5002 806 5071 ἐπιφέρεις,
866 5000 1053 5069 ψευδεῖ
1112 5001 1467 5072 ἐπιστηρίξας
1526 5002 1785 5071 θεμελέῳ,

223 5091 431 5162 φροῦδα
458 5097 740 5160 τυγχάνει.
775 5092 839 5147 Εἰ
872 5093 981 5161 γὰρ
1018 5092 1274 5162 Ὀνώριος
1317 5093 1625 5163 ὀρθοδοξίας
1652 5093 1790 5160 λαμ-

221 5188 389 5255 πτὴρ,
426 5186 520 5237 καὶ
546 5186 743 5247 ἀδίκως
768 5187 858 5237 ἐπὶ
888 5184 1230 5253 ὁμωνυμίαις
1278 5186 1578 5254 κατεκρίθη
1634 5186 1790 5254 παρὰ

219 5280 331 5330 τῶν
348 5274 704 5338 ἀνατολικῶν,
730 5275 1104 5344 βουληθέντων
1138 5276 1312 5337 άλλως
1341 5275 1663 5339 ἐκδέξασθαι
1688 5280 1789 5338 τὰς

231 5365 490 5434 ὐνωρίου
542 5363 714 5429 λέξεις
737 5404 751 5428 ,
782 5364 814 5431 ἢ
854 5362 985 5433 παρ’
1042 5364 1250 5416 ἐκείνου
1278 5366 1629 5433 ἐγράφησαν⁸
1667 5366 1787 5428 πῶς

218 5458 337 5509 ἔστι
369 5457 460 5508 τὸν
489 5455 675 5509 πάπαν
695 5450 728 5529 ᾖ
752 5457 938 5509 πάπαν
967 5455 1074 5507 τῶν
1100 5455 1277 5525 ὀρθῶν
1304 5436 1553 5508 ἐκπεσεῖν
1578 5458 1785 5525 δογμά-

216 5566 362 5614 tum;
390 5551 447 5601 Ei
477 5549 583 5619 γὰρ
610 5550 852 5611 ἐκπέσοι,
877 5550 1299 5601 διαπέπτωκενὸ
1332 5548 1425 5600 τοῦ
1461 5551 1665 5617 Κυρίου
1697 5550 1785 5601 λό-

217 5656 312 5707 γος
344 5639 437 5691 καὶ
472 5636 846 5709 ηὲπαγγελία,
869 5636 941 5699 ὦς
977 5654 1139 5705 φησιν
1160 5638 1189 5688 ὁ
1218 5638 1483 5705 μακάριος
1512 5637 1780 5702 Ἁγάθων,

1896 4576 2062 4641 Petri,
2094 4586 2149 4630 et
2197 4576 2467 4632 universis
2518 4576 2613 4646 qui
2675 4576 3034 4632 confessionis
3059 4578 3177 4648 ejus
3202 4577 3461 4632 custodes

1895 4680 2078 4723 Cl'llltl.
2116 4686 2135 4719 Ι

2442 4883 2902 4943 CONFUTATIO.

1964 4994 2315 5064 Quaecunque
2373 4993 2542 5048 infers
2611 5007 2746 5045 vana
2807 5001 3027 5046 suntex
3097 4992 3233 5047 falso
3282 4995 3465 5063 posito

1892 5087 2270 5142 fundamento.
2295 5086 2429 5141 Nam
2474 5084 2519 5138 si
2577 5083 2851 5137 Honorius
2884 5084 3223 5139 orthodoxia:
3278 5087 3463 5141 radios

1890 5184 2092 5239 emittit
2117 5191 2174 5237 et
2223 5182 2373 5236 nullo
2397 5196 2499 5235 suo
2526 5181 2724 5234 merito
2746 5179 3036 5234 damnatus
3070 5191 3154 5233 est
3192 5182 3261 5235 ob
3286 5184 3461 5249 aequi-

1889 5276 2203 5333 vocationes
2228 5274 2296 5329 ab
2316 5272 2710 5336 Orientalibus,
2732 5272 2827 5341 qui
2862 5287 3024 5326 voces
3050 5274 3168 5341 ejus
3201 5273 3253 5325 in
3285 5275 3454 5326 alium

1888 5379 2157 5434 excepere
2210 5378 2431 5418 sensum
2461 5377 2621 5431 quam
2647 5362 2714 5415 ab
2741 5378 2808 5415 eo
2834 5363 3050 5430 scripta:
3080 5372 3255 5425 erant,
3307 5365 3458 5416 nullo

1889 5456 2049 5511 modo
2080 5456 2344 5526 probasti,
2398 5467 2613 5523 papam.
2650 5461 2707 5506 ut
2738 5468 2949 5521 papam,
2996 5465 3182 5505 errare
3211 5467 3365 5520 posse
3400 5456 3453 5507 iu

1888 5548 2028 5611 ﬁde;
2067 5549 2112 5601 si
2147 5548 2295 5601 enim
2332 5544 2621 5607 erravciit,
2684 5559 2868 5597 sermo
2926 5542 3154 5594 Domini’
3212 5543 3456 5609 dilapsus

1885 5651 1988 5705 est,
2021 5649 2075 5693 et
2104 5639 2305 5693 defecit
2339 5636 2665 5706 promissio:
2697 5634 2840 5703 quod
2877 5643 3037 5703 negat
3067 5643 3290 5687 sanctus
3316 5650 3451 5703 νυνι

218 5733 311 5783 καὶ
352 5728 658 5799 ὁβασιλεὺς
712 5730 1067 5795 Πωγωνᾶτοῖ,
1118 5723 1195 5780 ὧν
1251 5745 1333 5778 σοι
1387 5728 1457 5779 τὰ
1491 5730 1631 5797 ῥητὰ
1680 5730 1778 5799 ἤδη
1884 5734 1911 5787 Α

1760 5749 1778 5799 η
1884 5731 2116 5802 Agatho,
2167 5739 2223 5784 et
2254 5732 2547 5799 imperator
2577 5726 2970 5784 Constantinus
3005 5726 3334 5793 l‘ogouatus,
3394 5740 3453 5781 ut

220 5825 681 5892 πρίιενηνόιαμεν.
734 5823 804 5876 Τὸ
838 5823 893 5875 δὲ
954 5822 1010 5876 ἐν
1059 5822 1170 5885 τοῖς
1218 5821 1428 5884 λοιποῖς
1459 5821 1780 5888 ἐπισκόποις
1883 5842 1907 5880 δ

1758 5841 1780 5888 ς
1883 5838 2049 5893 supra
2078 5821 2447 5890 exposuimus.
2488 5819 2542 5873 lu
2569 5818 2778 5873 exteris
2806 5826 2987 5871 autem
3016 5816 3293 5884 episcopis
3322 5821 3451 5871 con;
