4288 6358
823 411 932 474 767

1969 411 2335 472 MATTH/EI
2371 407 2902 471 CARYOPHYLLI

3959 409 4068 471 768

821 527 1023 581 servari
1047 541 1202 594 posse
1235 535 1436 582 rectam
1462 528 1640 592 Iidem,
1662 529 1801 582 sicut
1832 529 2228 585 confessionem
2253 529 2394 583 dicis
2425 543 2469 598 Α
2502 546 2514 576 ι

2377 546 2394 583 s
2425 543 2469 598 Α
2502 527 2600 598 τὴν
2623 525 2905 579 εὐσέϐειαν
2939 523 3226 588 σώζεσθαι,
3258 527 3305 578 εί
3342 526 3439 594 μέν
3470 527 3651 592 λέγεις
3671 527 3747 588 ὡς
3773 526 4070 595 ὁμολογίαν

820 632 1114 670 consonam
1150 617 1292 671 Petri
1319 618 1612 683 cathedras,
1649 629 1800 684 esto;
1836 620 1880 672 si
1912 635 2040 673 vero
2070 629 2128 674 ut
2157 621 2390 675 haeredi-

824 719 986 761 tatem
1018 709 1232 762 aPetro
1261 708 1550 763 deductam
1584 711 1808 774 clamat,
1833 719 1894 765 ut
1922 726 2086 778 supra
2122 712 2388 776 diximus,

821 809 1012 868 quarta
1085 799 1343 870 synodus,
1395 815 1611 870 papam,
1672 812 1990 856 conservata
2040 819 2206 856 aurea
2263 804 2386 857 ﬁdei

825 904 1042 956 catena,
1094 909 1214 961 qua!
1263 908 1291 946 a
1342 893 1622 948 Salvatore
1673 894 1983 958 deducitur,
2029 897 2385 949 constitutum

824 1001 948 1036 esse
982 984 1237 1038 omnibus
1262 986 1412 1038 vocis
1435 984 1577 1038 beati
1605 985 1752 1038 Petri
1784 985 2136 1053 interpretem
2161 972 2185 1053 ς’
2224 1004 2384 1055 quam

804 1084 874 1137 ,et
903 1089 961 1127 se
994 1075 1270 1142 inquiunt,
1331 1089 1457 1128 usos
1509 1084 1733 1128 auctore
1765 1087 1839 1130 .et
1881 1076 2018 1130 duce
2049 1093 2207 1146 papa,
2265 1087 2385 1131 tan-

820 1180 982 1232 quam
1020 1168 1263 1220 veritatis
1299 1167 1673 1220 hereditatem
1709 1167 2018 1222 ostendisse
2054 1179 2108 1221 et
2133 1170 2386 1225 docuisse

819 1258 1077 1311 Ecclesia:
1129 1258 1284 1312 ﬁlios.
1329 1260 1394 1312 Et
1423 1262 1637 1314 actione
1684 1275 1720 1312 ll
1753 1260 1819 1313 ad
1877 1261 2039 1314 ﬁnem
2083 1263 2388 1316 clamarunt

819 1350 1058 1416 episcopi
1087 1369 1099 1401 :
1141 1369 1158 1399 ι
1176 1351 1366 1403 Petrus
1388 1365 1484 1418 per
1511 1348 1745 1403 Leonem
1768 1351 2109 1404 lizeclocutus
2131 1361 2232 1413 est,
2263 1367 2384 1405 cum

821 1440 1043 1493 recitata
1087 1441 1196 1494 illis
1234 1441 1428 1494 fuisset
1451 1442 1682 1509 epistola
1720 1457 1890 1509 papaa.
1933 1441 1997 1494 Et
2045 1453 2193 1495 sexta
2225 1460 2389 1513 syno-

819 1531 924 1582 dus
960 1532 1011 1582 in
1063 1530 1492 1599 Prosphonetico
1524 1532 1592 1584 ad
1614 1532 2036 1586 Constantinum
2093 1534 2389 1602 imperato-

829 1634 964 1681 rem,
1004 1619 1225 1683 Charta,
1259 1621 1458 1694 inquit,
1494 1621 1780 1676 videbatur
1811 1633 1866 1676 et
1895 1632 2279 1689 atramentum,
2335 1633 2390 1678 et

822 1727 921 1779 per
950 1711 1289 1780 Agathonem
1324 1712 1649 1780 loquebatur
1685 1712 1900 1767 Petrus.
1943 1731 1960 1761 ι
2012 1715 2067 1768 Si
2100 1731 2232 1783 ergo
2285 1717 2386 1770 Pe-

824 1813 940 1856 trus
960 1803 1202 1870 loquitur
1229 1819 1327 1871 per
1361 1820 1581 1872 papam,
1620 1804 1892 1874 theologia
1921 1806 2065 1860 Petri
2093 1806 2146 1859 in
2178 1810 2388 1862 caeteris

2495 622 2596 687 τῆς
2626 619 2861 680 πίστεως
2907 618 3200 687 σύμφωνον
3229 617 3308 688 τῷ
3339 618 3547 686 Πέτρου
3576 618 3773 687 θρόνῳ,
3800 619 3976 670 ἔστω·
4017 622 4067 668 εἰ

2492 710 2546 762 δέ
2577 710 2650 769 ὡς
2701 710 3066 778 κληρονομίαν
3099 711 3248 779 παρά
3282 709 3375 762 τοῦ
3415 710 3619 779 Πέτρου
3656 708 4067 777 καταγομένην,

2495 803 2612 871 βοᾷ,
2640 803 2713 865 ὡς
2757 803 2869 856 ἀνω
2900 803 3243 871 προείρηται,
3276 805 3308 873 ἡ
3348 802 3586 872 τετάρτη
3634 803 3877 863 σύνοδος,
3913 801 3997 852 ὅτι
4040 802 4070 850 ὁ

2495 895 2679 956 πάπας
2699 893 2796 963 τὴν
2827 894 3038 963 χρυσῆν
3058 894 3157 961 τῆς
3184 883 3418 954 πίστεως
3444 892 3628 960 σειρὰν
3659 892 3806 957 παρά
3835 891 3931 943 τοῦ
3955 891 4070 942 Σω-

2490 985 2653 1052 τῆρος
2680 986 3059 1053 καταγομένην
3087 983 3350 1052 φυλάξας,
3373 985 3505 1035 πᾶσι
3539 983 3758 1049 γέγονεν
3789 981 4071 1050 ἑρμηνεὺς

2491 1079 2590 1147 τῆς
2643 1081 2828 1147 φωνῆς
2859 1079 2952 1130 τοῦ
3007 1077 3284 1146 μακαρίου
3333 1076 3574 1143 Πέτρουο
3617 1076 3688 1144 ἣν
3723 1091 3855 1141 φασι
3878 1073 4070 1141 φωνὴν

2491 1174 2585 1223 καὶ
2617 1172 2789 1234 αὐτοὶ,
2817 1170 3045 1240 ἀρχηγῷ
3078 1170 3156 1240 τῷ
3186 1170 3343 1238 πάπᾳ
3362 1169 3722 1236 χρησάμενοι,
3750 1167 3825 1227 ὡς
3851 1165 4064 1232 κλῆρον

2491 1263 2587 1328 τῆς
2617 1263 2874 1332 ἀληθείας
2925 1262 3152 1328 ἔδειξαν,
3207 1263 3304 1314 καὶ
3361 1259 3706 1324 ἐδίδαξαντά
3739 1258 3908 1310 τέκνα
3965 1256 4068 1326 τῆς

2503 1354 2850 1421 Ἐκκλησίας.
2877 1356 2986 1406 Καὶ
3021 1355 3077 1406 ἐν
3106 1357 3167 1423 τῇ
3195 1354 3425 1422 δευτέρᾳ
3463 1351 3660 1419 πράξει
3695 1350 3830 1421 πρὸς
3863 1350 3943 1421 τῷ
3975 1353 4069 1403 τέ-

2491 1444 2570 1497 λει
2606 1445 2839 1512 ἐϐόησαν
2875 1447 2924 1496 οί
2979 1445 3270 1497 ἐπίσκοποι
3311 1442 3448 1512 μετά
3487 1443 3585 1512 τὴν
3625 1445 3937 1509 ἀνάγνωσιν
3970 1444 4071 1509 τῆς

2493 1537 2778 1605 ἐπιστολῆς
2803 1537 2896 1589 τοῦ
2928 1536 3083 1588 πάπα
3110 1539 3337 1598 Λέοντος
3359 1552 3371 1565 ·
3410 1550 3432 1586 ’1
3469 1535 3671 1603 Πέτρος
3700 1535 3789 1587 διὰ
3837 1534 4070 1586 Λέοντος

2490 1626 2666 1678 ταῦτα
2717 1625 3075 1695 ἐξεφώνησεν.
3115 1645 3160 1688 ι.
3200 1608 3384 1694 Καίή
3415 1625 3549 1691 ἐκτη
3620 1623 3833 1683 σύνοδος
3877 1623 3938 1672 έν
3993 1620 4073 1688 τῷ

2492 1718 2924 1786 προσφωνητικῷ
2980 1717 3117 1786 πρὸς
3179 1718 3270 1768 τὸν
3327 1716 3550 1786 βασιλέα
3619 1715 4069 1772 Κωνσταντῖνον,

2500 1824 2517 1857 ι
2559 1807 2801 1874 Χάρτης,
2836 1807 2991 1875 φησὶ,
3034 1811 3127 1860 καὶ
3155 1807 3320 1875 μέλαν
3353 1807 3625 1874 ἐφαίνετο,
3671 1806 3761 1856 καὶ
3803 1805 3869 1856 δι’
3903 1803 4073 1868 Ἀγάο

821 1892 1093 1958 episcopis
1121 1893 1418 1953 confessio,
1450 1894 1503 1946 in
1538 1910 1862 1948 successore
1904 1896 2050 1949 Petri
2080 1909 2162 1950 est
2221 1899 2391 1952 luere-
2424 1916 2463 1970 Β
2495 1896 2514 1948 θ

2381 1929 2391 1938 ’
2424 1916 2463 1970 Β
2495 1896 2660 1959 θωνος
2691 1900 2717 1947 ὁ
2747 1899 2948 1966 Πέτρος
2989 1899 3308 1965 ἐφθέγγετο.
3357 1916 3374 1947 ι
3417 1899 3475 1949 Ei
3507 1897 3636 1964 γοῦν
3669 1897 3757 1947 διὰ
3789 1893 3884 1946 τοῦ
3914 1894 4074 1946 πάττα

830 1983 977 2035 ditas
1001 1982 1145 2045 ﬁdei,
1184 1994 1238 2037 et
1288 1985 1413 2051 quia
1478 1985 1628 2054 juxta
1662 1996 1880 2039 sanctos
1915 1981 2125 2039 Patrcs'
2160 1988 2394 2055 promis-

825 2089 993 2126 snma
1028 2075 1246 2128 Christo
1301 2076 1500 2129 factum
1561 2076 1856 2141 estPelro,
1915 2086 1973 2129 ut
2033 2078 2394 2142 ostendimus,

827 2165 978 2218 solus
1033 2168 1176 2220 Petri
1212 2183 1496 2221 successor
1538 2169 1699 2222 habet
1731 2170 2113 2238 promissionis
2146 2169 2195 2222 vi
2245 2170 2393 2222 iner-

826 2269 1036 2312 rantem
1070 2261 1228 2314 ﬁdem
1256 2279 1270 2325 ;
1300 2264 1478 2316 caeteri
1512 2263 1777 2332 episcopi,
1807 2263 1934 2316 licet
1991 2263 2229 2316 habeant
2261 2277 2392 2314 con-

825 2351 1137 2414 fessionem,
1205 2372 1314 2408 non
1369 2357 1596 2424 proinde
1641 2357 1842 2410 habent
1909 2357 2210 2410 inerrantis
2268 2354 2390 2409 fidei

827 2447 1268 2511 promissionem.

827 2538 1041 2602 γελίας⁸
1075 2542 1122 2592 οἱ
1153 2543 1326 2595 λοιποὶ
1354 2543 1410 2594 δέ
1447 2543 1755 2608 ἐπίσκοποι,
1785 2543 1888 2595 κᾶν
1947 2542 2183 2610 τύχωσιν
2253 2543 2464 2609 ἔχοντες
2501 2540 2598 2609 τὴν
2646 2542 2824 2611 ἀληθῆ
2855 2544 3166 2611 ὁμολογίαν,
3194 2543 3342 2611 ὅμως
3375 2541 3598 2593 αὐτόθεν
3629 2541 3726 2591 οὐκ
3760 2538 3952 2607 έχουσι
3985 2553 4046 2587 το

829 2637 1085 2694 ἀπλανῶς
1117 2642 1213 2706 τὴν
1241 2641 1598 2707 ἐπαγγελίαν.

897 2734 1074 2799 Quare
1097 2751 1165 2789 ex
1191 2750 1318 2789 vera
1340 2737 1677 2792 confessione
1710 2739 2088 2808 episcoporum
2118 2739 2256 2791 sumi
2298 2752 2405 2790 non

831 2834 1012 2894 potest
1041 2827 1334 2892 certitudo,
1367 2829 1615 2892 ﬁrmitas,
1650 2841 1704 2884 et
1728 2831 2032 2885 infallibilis
2067 2831 2190 2884 ﬁdei
2233 2830 2401 2884 recri-

833 2918 987 2978 tudo,
1017 2917 1122 2971 nisi
1159 2934 1222 2973 ex
1262 2937 1328 2973 eo
1368 2938 1498 2987 uno,
1537 2923 1723 2992 inquo
1750 2922 1971 2976 Petrum
2001 2923 2145 2991 loqui
2184 2931 2392 2976 testan-

837 3018 926 3059 tur
965 3009 1179 3077 synodi.
1212 3009 1285 3063 lta
1319 3011 1575 3082 Cyrillus,
1617 3029 1800 3067 vcram
1857 3013 2062 3069 habens
2091 3014 2400 3081 docensque

836 3098 1258 3165 confessionem,
1319 3120 1426 3156 non
1458 3113 1541 3157 est
1577 3121 1742 3158 ausus
1796 3106 2070 3159 abstinere
2100 3121 2130 3157 a
2155 3118 2400 3158 commu-

2495 1989 2790 2055 φθέγγεται
2819 1991 2846 2040 ό
2899 1991 3122 2058 Πέτρος,
3158 1992 3189 2058 ἡ
3225 1989 3471 2055 θεολογία
3506 1989 3599 2041 τοῦ
3625 1989 3830 2055 Πέτρου
3864 1987 3926 2036 ἐν
3962 1987 4077 2046 τοῖς

2495 2079 2702 2142 λοιποῖς
2734 2083 3050 2143 ἐπισκόποις
3102 2082 3362 2151 ὁμολογία
3400 2082 3567 2143 ἐστὶν,
3607 2083 3663 2132 ἐν
3709 2079 3782 2146 τῷ
3841 2077 4077 2144 διαδόχῳ

2494 2171 2587 2223 τοῦ
2641 2172 2844 2238 Πέτρου
2888 2173 3220 2242 κληρονομία
3253 2173 3352 2240 τῆς
3381 2174 3614 2233 πίστεως
3637 2187 3649 2200 ⁸
3685 2170 3783 2238 τὴν
3810 2169 3868 2221 δέ
3900 2170 4078 2233 ἐπαγ-

2494 2263 2681 2328 γελίαν
2733 2265 2760 2314 ὁ
2791 2265 3022 2330 Χριστὸς
3073 2266 3363 2335 ἐποιήσατο
3399 2264 3538 2317 κατά
3569 2263 3691 2323 τοὺς
3735 2262 3925 2326 ἁγίους
3964 2260 4079 2310 Πα-

2491 2355 2674 2425 τέρας.
2702 2356 2776 2417 ὡς
2809 2357 3098 2421 δέδεικται,
3130 2357 3204 2426 τῷ
3227 2358 3415 2425 Πέτρῳ
3438 2372 3454 2388 ·
3493 2355 3652 2423 μόνος
3676 2354 3828 2422 ἇραό
3863 2353 4076 2419 Πέτρου

2493 2447 2734 2515 διάδοχος
2764 2447 2876 2516 ἔχει
2914 2449 2972 2500 τὸ
3005 2449 3245 2509 ἀπλανὲς
3273 2449 3370 2518 τῆς
3404 2449 3638 2508 πίστεως
3691 2447 3753 2497 ἐκ
3779 2446 3876 2509 τῆς
3908 2445 4082 2522 em;

4050 2531 4078 2563 υ

2581 2732 2742 2783 Ὅθεν
2775 2731 2835 2780 ἐκ
2872 2728 2968 2795 τῆς
2993 2726 3225 2795 ἀληθοῦς
3261 2727 3370 2779 τῶν
3420 2723 3736 2778 ἐπισκόπων
3787 2717 4081 2788 ὁμολογίας

2504 2825 2602 2876 οὐκ
2632 2815 2744 2875 ἔστι
2773 2822 2955 2873 λαϐεῖν
2992 2822 3051 2872 τὸ
3107 2821 3323 2888 βέϐαιον
3347 2860 3360 2885 ,
3414 2824 3507 2870 καὶ
3556 2813 3952 2882 ἀναμφίϐολον,
3989 2813 4082 2862 καὶ

2497 2917 2880 2984 ἀναμάρτητον
2914 2914 3009 2981 τῆς
3042 2913 3301 2974 πίστεως,
3362 2911 3410 2962 εί
3449 2909 3522 2979 μὴ
3573 2909 3704 2976 παρ’
3729 2906 3944 2958 ἐκείνου
3988 2905 4085 2973 μό-

2500 3024 2614 3068 νου,
2655 3008 2713 3058 ἐν
2743 3002 2786 3072 ᾧ
2838 3023 3002 3073 φασιν
3034 3005 3090 3056 αἱ
3135 3003 3342 3055 σύνοδοι
3367 2999 3697 3069 φθέγγεσθαι
3723 2998 3816 3050 τὸν
3848 2996 4079 3064 Πέτρον.

2497 3092 2662 3152 ¹Οὕτω
2695 3097 2963 3166 Κύριλλος
2993 3097 3090 3167 τὴν
3122 3096 3298 3167 ἀληθῆ
3338 3095 3477 3163 ἔχων
3515 3093 3609 3145 καὶ
3647 3091 3924 3143 διδάσκων
3953 3090 4082 3155 ὁμο-

837 3192 1002 3246 nione
1027 3195 1260 3248 Nestorii
1313 3197 1416 3250 nisi
1449 3195 1598 3265 prius
1624 3198 1919 3252 leestino
1957 3213 2102 3265 papa:
2149 3198 2403 3265 scripsis-
2432 3233 2475 3288 ο
2503 3192 2530 3242 λ

2391 3226 2403 3236 -
2432 3233 2475 3288 C
2503 3191 2713 3256 λογίαν,
2741 3191 2839 3240 ούκ
2864 3189 3162 3256 ἐτόλμησεν
3181 3185 3494 3256 ἀπορρῆξαι
3526 3185 3716 3237 ἐαυτὸν
3745 3181 4084 3284 τῆς-Νεστο-

837 3291 960 3336 set:
999 3303 1017 3334 ι
1044 3285 1153 3339 Nec
1185 3287 1333 3354 prius
1383 3303 1412 3340 a
1444 3289 1825 3341 communione
1849 3289 2088 3343 Nestorii
2163 3289 2406 3357 scjungi-

839 3377 1040 3443 gimur,
1065 3394 1224 3444 quam
1256 3379 1368 3432 haec
1399 3389 1504 3434 tuae
1537 3382 1726 3449 pietati
1756 3392 1883 3434 nota
1909 3382 2227 3436 faciamusn
2259 3382 2410 3437 Unde

842 3469 986 3535 hoc,
1035 3471 1135 3523 nisi
1185 3473 1311 3539 quia
1365 3473 1605 3544 Cyrillus
1649 3467 2000 3544 plus’ﬁdebat
2032 3475 2407 3528 infallibilitati

849 3556 971 3610 ﬁdci
1006 3559 1152 3614 sedis
1189 3560 1353 3626 Petri,
1382 3579 1545 3632 quam
1580 3565 2148 3621 demonstrationibus
2202 3566 2406 3635 quibus

843 3650 1153 3706 Nestorium
1188 3656 1434 3710 arctabat
1457 3657 1480 3710 ?
1517 3677 1536 3707 ι

919 3915 994 3969 Ita
1075 3927 1260 3972 sancta
1331 3921 1571 3992 synodus
1652 3933 1869 3992 quarta,
1957 3939 2084 3980 cum
2146 3925 2418 3980 deﬁnitio-

849 4023 974 4061 nem
1046 4008 1167 4063 ﬁdei
1221 4013 1546 4080 scripsisset,
1600 4016 1727 4083 quia
1771 4017 1949 4070 minus
2013 4017 2217 4086 integra
2270 4019 2422 4073 vide-

851 4098 1035 4163 batur,
1107 4114 1175 4154 ex
1231 4102 1412 4155 verbis
1482 4105 1725 4172 epistola:
1810 4105 2007 4160 Leonis
2053 4122 2221 4175 papae,
2256 4123 2416 4177 quam

852 4190 1193 4244 orthodoxia:
1276 4193 1586 4247 columnam
1668 4186 2247 4263 appellavit,°veram
2336 4216 2420 4253 re-

853 4291 955 4335 cta:
989 4282 1112 4337 ﬁdei
1145 4285 1426 4338 contexuit
1467 4286 1864 4342 deﬁnitionem.
1897 4289 1965 4342 Et
2015 4297 2178 4343 sexta:
2224 4289 2416 4360 synodi

856 4371 1044 4427 Patres
1074 4374 1312 4427 fatentur
1350 4389 1407 4428 se
1435 4392 1499 4428 ex
1519 4377 1751 4432 lectione
1779 4378 2025 4448 epistolae
2053 4394 2204 4447 papae
2246 4379 2416 4432 haere-

855 4463 960 4516 sim
985 4463 1314 4526 confntasse,
1337 4477 1392 4518 et
1423 4467 1511 4520 ubi
1533 4468 1692 4522 ﬁdem
1725 4469 2034 4529 ﬁrmarunt,
2067 4470 2153 4522 his
2180 4469 2245 4523 ad
2284 4469 2420 4539 Aga-

2517 3283 2630 3352 ρίου
2651 3281 2956 3344 κοινωνίας,
2994 3281 3040 3331 εἰ
3069 3281 3142 3349 μὴ
3183 3281 3448 3348 πρότερον
3482 3275 3788 3342 Κελεστίνῳ
3819 3271 3897 3340 τῷ
3929 3271 4088 3338 min;

2514 3374 2756 3445 γράψας,
2791 3393 2806 3425 ι
2835 3375 2906 3425 Οὐ
2939 3375 3221 3442 πρότερον,
3257 3372 3422 3440 φησὶ,
3455 3369 3551 3438 τῆς
3599 3368 3735 3436 πρὸς
3785 3365 4088 3430 Νεστόριον

2514 3466 2800 3526 κοινωνίας
2828 3464 3163 3532 ἐκϐάλλομεν
3194 3461 3439 3522 ἑαυτοὺς,
3467 3458 3594 3529 πρὶν
3627 3457 3691 3509 ἂν
3714 3455 3889 3509 ταῦτα
3920 3456 3987 3521 τῇ
4025 3454 4087 3520 σῇ

2516 3555 2796 3624 θεοσεϐείᾳ
2853 3552 3361 3622 ἀνακοινωσώμεθα.
3403 3570 3422 3602 ι
3481 3551 3651 3602 Πόθεν
3693 3547 3890 3606 τοῦτο,
3925 3547 3976 3596 εἱ
4017 3544 4087 3611 μὴ

2516 3645 2596 3697 ὅτι
2633 3644 2837 3714 μᾶλλον
2870 3644 3092 3713 ἐθάρρει
3148 3641 3415 3711 Κύριλλος
3459 3642 3532 3708 τῷ
3584 3637 3822 3691 ἀπλανεῖ
3848 3634 3953 3704 τῆς
4001 3636 4090 3683 πί-

2518 3755 2688 3796 στεως
2734 3736 2827 3789 τοῦ
2878 3737 3092 3806 Ῥώμης
3125 3735 3335 3804 θρόνου,
3384 3734 3416 3802 ἢ
3448 3733 3568 3792 ταῖς
3599 3727 3972 3792 ἀποδείξεσιν,
4006 3720 4090 3787 αἷς

2516 3828 2607 3880 τὸν
2638 3827 2931 3897 Νεπόριον
2956 3823 3308 3893 ἐστενοχὼρει
3330 3841 3344 3886 ;

2590 3917 2773 3979 Οὕτως
2805 3921 2837 3986 ὴ
2872 3916 3002 3985 ἀγία
3037 3917 3269 3984 τετάρτη
3295 3912 3508 3973 σύνοδος
3541 3912 3664 3979 ὅρον
3690 3905 3970 3974 ἐκθεμένη
3999 3902 4090 3969 τῆς

2519 4011 2780 4074 πίστεως,
2813 4008 2999 4076 ἐπειδὴ
3040 4007 3243 4066 ἀτελῶς
3275 4006 3418 4073 ἔχειν
3446 4003 3642 4066 ἐδόκει,
3678 4003 3740 4050 ἐκ
3764 3997 3872 4048 τῶν
3897 3994 4091 4061 φωνῶν

2518 4107 2615 4175 τῆς
2641 4102 2927 4170 ἐπιστολῆς
2950 4100 3042 4152 τοῦ
3071 4098 3227 4149 πάπα
3263 4097 3508 4158 Λέοντος,
3552 4093 3619 4161 ἢν
3646 4089 3963 4159 ὀρθοδοξὶας
3985 4103 4093 4137 κοι-

2519 4200 2616 4269 νὴν
2649 4199 2850 4267 στήλην
2880 4199 2912 4265 ἡ
2973 4194 3186 4254 σύνοδος
3233 4191 3575 4260 ἐπωνόμασε,
3629 4187 3720 4238 τὸν
3778 4182 3965 4251 ἀληθῆ
4000 4181 4094 4247 τῆς

2520 4293 2687 4361 ὀρθῆς
2710 4291 2940 4350 πίστεως
2972 4288 3232 4355 ἐξύφανεν
3254 4286 3396 4353 ὅρον.
3427 4283 3531 4334 Καὶ
3562 4281 3611 4332 οἱ
3635 4280 3730 4347 τῆς
3763 4278 3934 4342 ’ἐκτης
3975 4293 4094 4327 συν·

2520 4383 2640 4436 ὁδου
2671 4383 2735 4448 ἐκ
2772 4380 2871 4450 τῆς
2895 4380 3254 4446 ἀναγνώσεως
3286 4375 3392 4428 τῶν
3420 4373 3764 4442 γραμμάτων
3794 4369 3892 4422 τοῦ
3942 4368 4096 4420 mina

2522 4470 2842 4541 ὁμολογοῦσι
2897 4468 2998 4538 τὴν
3048 4467 3262 4534 αἵρεσιν
3296 4461 3585 4524 ἐκδιῶξαι,
3635 4457 3728 4509 καὶ
3766 4456 3867 4525 τὴν
3915 4459 4096 4506 πίστιν

858 4553 1081 4608 thonem
1113 4571 1302 4622 papam
1334 4565 1560 4611 utuntur
1601 4560 1857 4613 vocibus:
1891 4579 1907 4610 ι
1939 4559 2267 4614 Orthodoxa:
2289 4575 2417 4614 vero
2453 4574 2494 4629 ο
2526 4580 2551 4615 σ

2403 4575 2417 4614 t
2453 4574 2494 4629 ο
2526 4561 2876 4632 στηρίξαντες
2909 4557 3044 4626 πρὸς
3095 4553 3378 4623 Ἀγάθωνά
3408 4568 3536 4618 φασι
3565 4550 3657 4620 τδν
3680 4547 3890 4599 πάππα-ι’
3933 4562 3952 4594 ι
3991 4545 4096 4611 Τὴν

859 4642 985 4696 ﬁdei
1010 4645 1374 4711 splendorem,
1394 4663 1553 4713 quam
1581 4649 1861 4701 vobiscum
1891 4649 2128 4702 dilucide
2160 4650 2421 4718 praedica-

861 4736 1061 4796 vimus,
1097 4743 1156 4787 ut
1185 4736 1382 4788 iterum
1432 4751 1529 4803 per
1559 4737 1894 4791 honorabilia
1933 4749 2112 4792 vestra
2159 4737 2424 4807 rescripta

863 4821 1190 4890 obsignetis,
1230 4832 1511 4890 paternam
1574 4835 1807 4878 vestram
1863 4828 2211 4881 sanctitatem
2264 4844 2423 4898 roga-

865 4930 1007 4968 mus.
1044 4933 1061 4965 ι
1097 4913 1206 4968 Cur
1237 4914 1381 4967 enim
1411 4916 1722 4969 conﬁrmari
1769 4927 1959 4985 petunt
2015 4935 2134 4987 quae
2178 4920 2428 4988 probavit

863 5009 1196 5062 (ecumenica
1257 5007 1532 5078 synodus?
1554 5006 1740 5076 Neque
1772 5011 1912 5062 enim
1940 5021 2128 5079 rogant
2152 5020 2209 5064 ut
2237 5027 2426 5080 papam

865 5099 1253 5151 assentientem
1316 5098 1573 5161 habeant,
1601 5100 1696 5151 sed
1746 5099 2128 5168 obsignantem
2161 5111 2216 5154 et
2254 5111 2423 5155 ratam

864 5189 1141 5242 volentem
1207 5188 1328 5242 ﬁdei
1363 5191 1780 5258 expositionem.
1817 5189 2284 5255 Quemadmodum
2310 5202 2364 5248 et
2399 5210 2426 5246 a

865 5280 1034 5349 Xysto
1080 5295 1215 5349 papa
1249 5279 1414 5334 fuisse
1445 5281 1819 5335 conﬁrmatam
1885 5283 2102 5336 tertiam
2163 5284 2428 5349 synodum

869 5373 1066 5427 asserit
1102 5371 1339 5443 Cyrillus
1399 5371 1626 5440 epistola
1658 5373 1724 5426 ad
1782 5373 2040 5427 Acacium
2103 5374 2430 5429 Melitenen-

869 5480 926 5519 se
935 5481 983 5517 111
994 5503 1008 5517 .

941 5557 1084 5611 Hinc
1124 5565 1566 5625 argumentorum
1599 5566 1813 5612 tuorum
1860 5558 2038 5628 laquei
2070 5571 2430 5616 evanescunt.

872 5650 927 5705 Si
970 5650 1115 5704 enim
1142 5665 1274 5718 papa
1308 5650 1509 5703 erravit
1538 5649 1591 5702 in
1627 5648 1752 5714 fide,
1777 5651 1907 5706 falsa
1961 5663 2046 5707 est
2071 5653 2274 5708 Christi
2307 5671 2436 5724 pro-

873 5742 1079 5805 missio,
1109 5742 1487 5810 inccrtttmquc
1506 5757 1628 5794 cum
1656 5743 1722 5796 de
1754 5743 1857 5796 ﬁ-lc
1884 5744 2090 5812 aliquid
2118 5755 2439 5799 controver-

873 5848 994 5888 sntu
1023 5843 1122 5900 c—st,
1153 5849 1273 5903 qua)
1304 5834 1460 5890 cuius
1492 5837 1728 5906 cpiscopi
1757 5851 1881 5889 vcra
1917 5837 1983 5891 :il.
2034 5848 2084 5892 ct
2135 5838 2434 5894 orthodoxa

2524 4654 2580 4706 δὲ
2611 4653 2709 4720 τῆς
2742 4650 3019 4720 όρθοδόξου
3047 4649 3280 4708 πίστεως
3320 4643 3684 4712 φωταύγειαν,
3712 4639 3780 4708 ἢν
3807 4637 4096 4705 τηλαυγῶς

2529 4745 2626 4796 σὺν
2657 4744 2784 4811 ὑμῖν
2809 4741 3179 4810 ἐκηρύξαμεν,
3231 4733 3386 4799 αὖθις
3416 4736 3503 4788 διὰ
3529 4735 3727 4802 τιμίων
3760 4731 3917 4799 ὑμῶν
3951 4734 4098 4784 ἀντι-

2528 4837 2754 4904 γράφων
2787 4831 3179 4900 ἐπισφραγίσαι
3219 4831 3316 4899 τὴν
3366 4829 3517 4896 ὑμῶν
3548 4823 3963 4892 ἐκλιπαροῦμεν
3996 4842 4096 4873 πα-

2530 4923 2721 4994 τρικὴν
2752 4923 3039 4991 ἀγιότητα.
3080 4940 3098 4971 ι
3150 4921 3305 4973 Δια-εί
3339 4921 3445 4986 γὰρ
3477 4919 3543 4970 τὰ
3571 4918 3796 4982 δόξαντα
3827 4918 3895 4982 τῇ
3923 4917 4100 4966 οἰκου-

2534 5018 2724 5085 μενικῇ
2786 5016 2986 5083 συνόδῳ
3017 5012 3237 5080 ζητοῦσι
3272 5009 3636 5079 βεϐαιωθῆναι
3666 5023 3681 5070 ;
3716 5007 3791 5058 Οὐ
3824 5005 3938 5072 γὰρ
3967 5005 4100 5071 σύμ-

2528 5107 2707 5174 ψηφον
2762 5105 2938 5170 σφίσιν
2990 5105 3170 5163 αὺτοῖς
3217 5101 3471 5167 γενέσθαι
3496 5099 3587 5150 τὸν
3626 5098 3812 5149 πάπαν
3863 5096 4098 5156 δέονται,

2530 5198 2644 5250 ἀλλ’
2674 5197 3110 5264 ἐπισφραγιστὴν
3166 5195 3259 5246 καὶ
3300 5192 3464 5261 κῦρος
3499 5191 3811 5258 παρέχοντα
3851 5189 3916 5254 τῇ
3945 5187 4099 5255 ὀρθο-

2530 5290 2709 5360 δοξίᾳ·
2741 5290 2817 5351 ὡς
2851 5271 2946 5340 καί
2998 5289 3124 5356 περὶ
3156 5288 3363 5339 Ξύστου
3413 5284 3505 5336 τοῦ
3544 5283 3699 5336 πάπα
3733 5281 3870 5348 φησὶ
3898 5278 4099 5347 Κύριλο

2532 5377 2619 5438 λος
2655 5379 2712 5428 ἐν
2740 5377 2807 5445 τῇ
2854 5376 2989 5445 πρὸς
3040 5377 3294 5428 Ἀκάκιον
3333 5373 3423 5425 τὸν
3454 5372 3769 5440 Μελιτηνῆς
3815 5371 4100 5438 ἐπιστολῇ,

2535 5470 2614 5520 ὅτι
2649 5467 2942 5520 ἐϐεϐαίωσε
2973 5467 3038 5518 τὰ
3063 5467 3157 5534 τῆς
3187 5467 3380 5535 τρίτης
3411 5465 3653 5516 συνόδου.

2617 5561 2714 5613 Ἐκ
2750 5561 2954 5611 τούτων
2993 5561 3048 5611 αἱ
3082 5559 3251 5628 ἄρκυς
3281 5558 3389 5611 τῶν
3425 5557 3532 5609 σῶν
3570 5556 3745 5624 λόγων
3764 5558 4096 5608 διαλύονται.

2539 5653 2600 5704 Εἰ
2636 5652 2740 5719 γὰρ
2767 5651 2971 5719 ἐσφάλη
2995 5653 3020 5701 ὁ
3049 5651 3234 5712 πάπας
3265 5650 3393 5718 περὶ
3421 5649 3517 5719 τὴν
3544 5648 3745 5710 πίστιν,
3770 5647 3974 5715 ψευδὴς
3999 5648 4100 5713 ἀρα

2539 5745 2571 5810 ἠ
2599 5743 2901 5809 ἐπαγγελία
2945 5741 3038 5793 τοῦ
3073 5741 3309 5810 Χριστοῦ
3334 5759 3346 5772 ’
3381 5743 3476 5794 καὶ
3527 5741 3744 5808 ἄδηλον,
3789 5740 4098 5806 ζητήμστςς

2541 5833 2690 5895 ὄντος
2736 5834 2856 5901 περὶ
2901 5834 2996 5902 τὴν
3039 5832 3240 5895 πίστιν,
3282 5833 3360 5896 τίς
3399 5833 3534 5894 τίνος
3563 5830 3863 5884 ἐπισκόπου
3896 5826 4095 5897 ἀληθὴς
