  <div class='ocr_page' id='page_1' title='image "/cluster/home/n/w/nwhite01/storage/ocr_20150623/149/nnc1.0046980431/397.png"; bbox 0 0 4288 6358; ppageno 0'>
   <div class='ocr_carea' id='block_1_1' title="bbox 816 372 918 438">
    <p class='ocr_par' dir='ltr' id='par_1_1' title="bbox 816 372 918 438">
     <span class='ocr_line' id='line_1_1' title="bbox 816 372 918 438; baseline -0.01 0"><span class='ocrx_word' id='word_1_1' title='bbox 816 372 918 438; x_wconf 81' lang='lat' dir='ltr'><strong>Tll</strong></span> 
     </span>
    </p>
   </div>
   <div class='ocr_carea' id='block_1_2' title="bbox 1902 333 2907 433">
    <p class='ocr_par' dir='ltr' id='par_1_2' title="bbox 1902 333 2907 433">
     <span class='ocr_line' id='line_1_2' title="bbox 1902 333 2907 433; baseline 0 -1"><span class='ocrx_word' id='word_1_2' title='bbox 1902 333 1904 335; x_wconf 47' lang='grc'><em>’</em></span> <span class='ocrx_word' id='word_1_3' title='bbox 1976 371 2907 433; x_wconf 72' lang='lat' dir='ltr'><strong>MAT&#39;IlL’ElCARYOPIlYLLI</strong></span> 
     </span>
    </p>
   </div>
   <div class='ocr_carea' id='block_1_3' title="bbox 3971 379 4086 440">
    <p class='ocr_par' dir='ltr' id='par_1_3' title="bbox 3971 379 4086 440">
     <span class='ocr_line' id='line_1_3' title="bbox 3971 379 4086 440; baseline 0.026 -3"><span class='ocrx_word' id='word_1_4' title='bbox 3971 379 4086 440; x_wconf 79' lang='lat'><strong>772</strong></span> 
     </span>
    </p>
   </div>
   <div class='ocr_carea' id='block_1_4' title="bbox 813 473 2506 556">
    <p class='ocr_par' dir='ltr' id='par_1_4' title="bbox 813 473 2506 554">
     <span class='ocr_line' id='line_1_4' title="bbox 813 473 2506 554; baseline -0.002 -17"><span class='ocrx_word' id='word_1_5' title='bbox 813 485 998 554; x_wconf 82' lang='lat' dir='ltr'><strong>gulam</strong></span> <span class='ocrx_word' id='word_1_6' title='bbox 1056 473 1086 536; x_wconf 74' lang='grc' dir='ltr'><strong>ιι</strong></span> <span class='ocrx_word' id='word_1_7' title='bbox 1150 480 1432 537; x_wconf 85' lang='lat' dir='ltr'><strong>Salvatore</strong></span> <span class='ocrx_word' id='word_1_8' title='bbox 1466 476 1648 533; x_wconf 93' lang='lat' dir='ltr'><strong>datam</strong></span> <span class='ocrx_word' id='word_1_9' title='bbox 1680 479 1734 533; x_wconf 90' lang='lat' dir='ltr'><strong>in</strong></span> <span class='ocrx_word' id='word_1_10' title='bbox 1770 479 1937 534; x_wconf 85' lang='lat' dir='ltr'><strong>Petro</strong></span> <span class='ocrx_word' id='word_1_11' title='bbox 1965 490 2021 535; x_wconf 91' lang='lat' dir='ltr'><strong>et</strong></span> <span class='ocrx_word' id='word_1_12' title='bbox 2053 481 2383 538; x_wconf 82' lang='lat' dir='ltr'><strong>suecessori-</strong></span> <span class='ocrx_word' id='word_1_13' title='bbox 2411 489 2452 545; x_wconf 78' lang='grc' dir='ltr'><strong>Α</strong></span> <span class='ocrx_word' id='word_1_14' title='bbox 2485 482 2506 534; x_wconf 82' lang='lat' dir='ltr'><strong>ti</strong></span> 
     </span>
    </p>
   </div>
   <div class='ocr_carea' id='block_1_5' title="bbox 2390 473 4083 556">
    <p class='ocr_par' dir='ltr' id='par_1_5' title="bbox 2411 480 4083 556">
     <span class='ocr_line' id='line_1_5' title="bbox 2411 480 4083 556; baseline 0.002 -22"><span class='ocrx_word' id='word_1_15' title='bbox 2411 489 2452 545; x_wconf 77' lang='grc' dir='ltr'><strong>Α</strong></span> <span class='ocrx_word' id='word_1_16' title='bbox 2485 480 2645 535; x_wconf 75' lang='grc' dir='ltr'>θέντα</span> <span class='ocrx_word' id='word_1_17' title='bbox 2697 485 2849 554; x_wconf 87' lang='grc' dir='ltr'><strong>παρά</strong></span> <span class='ocrx_word' id='word_1_18' title='bbox 2878 484 2974 536; x_wconf 89' lang='grc' dir='ltr'><strong>τοῦ</strong></span> <span class='ocrx_word' id='word_1_19' title='bbox 3023 485 3273 554; x_wconf 79' lang='grc' dir='ltr'><strong>Σωτῆρος</strong></span> <span class='ocrx_word' id='word_1_20' title='bbox 3300 485 3552 556; x_wconf 81' lang='grc' dir='ltr'>ἀστραεῆ</span> <span class='ocrx_word' id='word_1_21' title='bbox 3595 486 3792 540; x_wconf 76' lang='grc' dir='ltr'>κανόνα</span> <span class='ocrx_word' id='word_1_22' title='bbox 3841 487 3942 555; x_wconf 85' lang='grc' dir='ltr'><strong>τῆς</strong></span> <span class='ocrx_word' id='word_1_23' title='bbox 3983 496 4083 540; x_wconf 67' lang='grc' dir='ltr'><strong>πε-</strong></span> 
     </span>
    </p>
   </div>
   <div class='ocr_carea' id='block_1_6' title="bbox 816 570 2384 639">
    <p class='ocr_par' dir='ltr' id='par_1_6' title="bbox 816 570 2384 639">
     <span class='ocr_line' id='line_1_6' title="bbox 816 570 2384 639; baseline 0.001 -12"><span class='ocrx_word' id='word_1_24' title='bbox 816 573 939 639; x_wconf 87' lang='lat' dir='ltr'><strong>hus,</strong></span> <span class='ocrx_word' id='word_1_25' title='bbox 979 583 1036 629; x_wconf 90' lang='lat' dir='ltr'><strong>et</strong></span> <span class='ocrx_word' id='word_1_26' title='bbox 1063 580 1213 627; x_wconf 87' lang='lat' dir='ltr'><strong>tanto</strong></span> <span class='ocrx_word' id='word_1_27' title='bbox 1236 570 1421 626; x_wconf 80' lang='lat' dir='ltr'><strong>studio</strong></span> <span class='ocrx_word' id='word_1_28' title='bbox 1457 571 1660 627; x_wconf 85' lang='lat' dir='ltr'><strong>teneris</strong></span> <span class='ocrx_word' id='word_1_29' title='bbox 1683 571 1986 626; x_wconf 86' lang='lat' dir='ltr'><strong>insectandi</strong></span> <span class='ocrx_word' id='word_1_30' title='bbox 2019 571 2165 628; x_wconf 85' lang='lat' dir='ltr'><strong>Petri</strong></span> <span class='ocrx_word' id='word_1_31' title='bbox 2197 574 2384 628; x_wconf 86' lang='lat' dir='ltr'><strong>cathe-</strong></span> 
     </span>
    </p>
   </div>
   <div class='ocr_carea' id='block_1_7' title="bbox 814 662 2384 735">
    <p class='ocr_par' dir='ltr' id='par_1_7' title="bbox 814 662 2384 735">
     <span class='ocr_line' id='line_1_7' title="bbox 814 662 2384 735; baseline 0.001 -16"><span class='ocrx_word' id='word_1_32' title='bbox 814 665 996 730; x_wconf 88' lang='lat' dir='ltr'><strong>dram,</strong></span> <span class='ocrx_word' id='word_1_33' title='bbox 1038 674 1099 719; x_wconf 85' lang='grc' dir='ltr'><strong>ιιι</strong></span> <span class='ocrx_word' id='word_1_34' title='bbox 1129 663 1335 719; x_wconf 80' lang='lat' dir='ltr'><strong>labaris</strong></span> <span class='ocrx_word' id='word_1_35' title='bbox 1371 664 1425 718; x_wconf 93' lang='lat' dir='ltr'><strong>in</strong></span> <span class='ocrx_word' id='word_1_36' title='bbox 1481 662 1836 732; x_wconf 80' lang='lat' dir='ltr'><strong>gravissimas</strong></span> <span class='ocrx_word' id='word_1_37' title='bbox 1885 662 2284 735; x_wconf 84' lang='lat' dir='ltr'><strong>hlasphemias.</strong></span> <span class='ocrx_word' id='word_1_38' title='bbox 2327 666 2384 721; x_wconf 87' lang='lat' dir='ltr'><strong>Si</strong></span> 
     </span>
    </p>
   </div>
   <div class='ocr_carea' id='block_1_8' title="bbox 815 754 2384 826">
    <p class='ocr_par' dir='ltr' id='par_1_8' title="bbox 815 754 2384 826">
     <span class='ocr_line' id='line_1_8' title="bbox 815 754 2384 826; baseline 0.001 -18"><span class='ocrx_word' id='word_1_39' title='bbox 815 756 964 810; x_wconf 81' lang='lat' dir='ltr'><strong>enim</strong></span> <span class='ocrx_word' id='word_1_40' title='bbox 995 756 1068 808; x_wconf 91' lang='lat' dir='ltr'><strong>ita</strong></span> <span class='ocrx_word' id='word_1_41' title='bbox 1094 754 1482 824; x_wconf 81' lang='lat' dir='ltr'><strong>excipiendum</strong></span> <span class='ocrx_word' id='word_1_42' title='bbox 1533 763 1641 820; x_wconf 89' lang='lat' dir='ltr'><strong>est,</strong></span> <span class='ocrx_word' id='word_1_43' title='bbox 1674 763 1735 810; x_wconf 91' lang='lat' dir='ltr'><strong>ut</strong></span> <span class='ocrx_word' id='word_1_44' title='bbox 1763 763 1823 810; x_wconf 85' lang='grc' dir='ltr'><strong>ιιι</strong></span> <span class='ocrx_word' id='word_1_45' title='bbox 1880 755 2143 826; x_wconf 76' lang='lat' dir='ltr'><strong>intelligis</strong></span> <span class='ocrx_word' id='word_1_46' title='bbox 2205 755 2384 811; x_wconf 77' lang='lat' dir='ltr'><strong>illud:</strong></span> 
     </span>
    </p>
   </div>
   <div class='ocr_carea' id='block_1_9' title="bbox 817 842 2386 916">
    <p class='ocr_par' dir='ltr' id='par_1_9' title="bbox 817 842 2386 916">
     <span class='ocr_line' id='line_1_9' title="bbox 817 842 2386 916; baseline 0.001 -16"><span class='ocrx_word' id='word_1_47' title='bbox 817 844 1011 900; x_wconf 80' lang='lat' dir='ltr'><strong>Omnes</strong></span> <span class='ocrx_word' id='word_1_48' title='bbox 1041 842 1486 898; x_wconf 75' lang='lat' dir='ltr'><strong>declinaverunt:</strong></span> <span class='ocrx_word' id='word_1_49' title='bbox 1527 858 1660 912; x_wconf 85' lang='lat' dir='ltr'><strong>ergo</strong></span> <span class='ocrx_word' id='word_1_50' title='bbox 1711 853 1768 899; x_wconf 90' lang='lat' dir='ltr'><strong>et</strong></span> <span class='ocrx_word' id='word_1_51' title='bbox 1799 853 2002 900; x_wconf 70' lang='lat' dir='ltr'><strong>sanetae</strong></span> <span class='ocrx_word' id='word_1_52' title='bbox 2053 845 2267 916; x_wconf 85' lang='lat' dir='ltr'><strong>synodi,</strong></span> <span class='ocrx_word' id='word_1_53' title='bbox 2330 855 2386 901; x_wconf 87' lang='lat' dir='ltr'><strong>et</strong></span> 
     </span>
    </p>
   </div>
   <div class='ocr_carea' id='block_1_10' title="bbox 817 935 2384 1003">
    <p class='ocr_par' dir='ltr' id='par_1_10' title="bbox 817 935 2384 1003">
     <span class='ocr_line' id='line_1_10' title="bbox 817 935 2384 1003; baseline 0.001 -15"><span class='ocrx_word' id='word_1_54' title='bbox 817 935 921 1002; x_wconf 83' lang='lat' dir='ltr'><strong>ipsi</strong></span> <span class='ocrx_word' id='word_1_55' title='bbox 977 935 1234 1003; x_wconf 76' lang='lat' dir='ltr'><strong>apostoli,</strong></span> <span class='ocrx_word' id='word_1_56' title='bbox 1285 950 1410 988; x_wconf 89' lang='lat' dir='ltr'><strong>cum</strong></span> <span class='ocrx_word' id='word_1_57' title='bbox 1467 935 1721 989; x_wconf 81' lang='lat' dir='ltr'><strong>homines</strong></span> <span class='ocrx_word' id='word_1_58' title='bbox 1771 935 1998 998; x_wconf 79' lang='lat' dir='ltr'><strong>fuerint,</strong></span> <span class='ocrx_word' id='word_1_59' title='bbox 2034 937 2087 990; x_wconf 91' lang='lat' dir='ltr'><strong>in</strong></span> <span class='ocrx_word' id='word_1_60' title='bbox 2122 936 2384 991; x_wconf 89' lang='lat' dir='ltr'><strong>tradenda</strong></span> 
     </span>
    </p>
   </div>
   <div class='ocr_carea' id='block_1_11' title="bbox 815 1027 2385 1094">
    <p class='ocr_par' dir='ltr' id='par_1_11' title="bbox 815 1027 2385 1094">
     <span class='ocr_line' id='line_1_11' title="bbox 815 1027 2385 1094; baseline 0.003 -16"><span class='ocrx_word' id='word_1_61' title='bbox 815 1028 919 1080; x_wconf 70' lang='lat' dir='ltr'><strong>title</strong></span> <span class='ocrx_word' id='word_1_62' title='bbox 977 1027 1409 1082; x_wconf 70' lang='lat' dir='ltr'><strong>declinaverunt.</strong></span> <span class='ocrx_word' id='word_1_63' title='bbox 1465 1027 1621 1094; x_wconf 85' lang='lat' dir='ltr'><strong>Quod</strong></span> <span class='ocrx_word' id='word_1_64' title='bbox 1665 1028 1712 1082; x_wconf 83' lang='lat' dir='ltr'><strong>si</strong></span> <span class='ocrx_word' id='word_1_65' title='bbox 1739 1028 1841 1082; x_wconf 91' lang='lat' dir='ltr'><strong>hoc</strong></span> <span class='ocrx_word' id='word_1_66' title='bbox 1890 1028 2250 1084; x_wconf 89' lang='lat' dir='ltr'><strong>intolerabilis</strong></span> <span class='ocrx_word' id='word_1_67' title='bbox 2300 1037 2385 1083; x_wconf 90' lang='lat' dir='ltr'><strong>est</strong></span> 
     </span>
    </p>
   </div>
   <div class='ocr_carea' id='block_1_12' title="bbox 813 1106 2386 1189">
    <p class='ocr_par' dir='ltr' id='par_1_12' title="bbox 813 1106 2386 1189">
     <span class='ocr_line' id='line_1_12' title="bbox 813 1106 2386 1189; baseline 0.003 -18"><span class='ocrx_word' id='word_1_68' title='bbox 813 1117 1247 1186; x_wconf 80' lang='lat' dir='ltr'><strong>hlaSphemia,et</strong></span> <span class='ocrx_word' id='word_1_69' title='bbox 1276 1119 1553 1187; x_wconf 70' lang='lat' dir='ltr'><strong>apostolos</strong></span> <span class='ocrx_word' id='word_1_70' title='bbox 1588 1106 1844 1173; x_wconf 79' lang='lat' dir='ltr'><strong>etsacras</strong></span> <span class='ocrx_word' id='word_1_71' title='bbox 1877 1119 2119 1189; x_wconf 83' lang='lat' dir='ltr'><strong>synodos</strong></span> <span class='ocrx_word' id='word_1_72' title='bbox 2147 1121 2386 1188; x_wconf 82' lang='lat' dir='ltr'><strong>suscipis</strong></span> 
     </span>
    </p>
   </div>
   <div class='ocr_carea' id='block_1_13' title="bbox 815 1210 2385 1279">
    <p class='ocr_par' dir='ltr' id='par_1_13' title="bbox 815 1210 2385 1279">
     <span class='ocr_line' id='line_1_13' title="bbox 815 1210 2385 1279; baseline 0.001 -17"><span class='ocrx_word' id='word_1_73' title='bbox 815 1218 1004 1279; x_wconf 84' lang='lat' dir='ltr'><strong>utpote</strong></span> <span class='ocrx_word' id='word_1_74' title='bbox 1038 1219 1230 1264; x_wconf 86' lang='lat' dir='ltr'><strong>sancto</strong></span> <span class='ocrx_word' id='word_1_75' title='bbox 1289 1210 1494 1278; x_wconf 79' lang='lat' dir='ltr'><strong>Spiritu</strong></span> <span class='ocrx_word' id='word_1_76' title='bbox 1532 1211 1768 1265; x_wconf 81' lang='lat' dir='ltr'><strong>dictante</strong></span> <span class='ocrx_word' id='word_1_77' title='bbox 1794 1211 2026 1277; x_wconf 89' lang='lat' dir='ltr'><strong>locutas,</strong></span> <span class='ocrx_word' id='word_1_78' title='bbox 2055 1222 2110 1266; x_wconf 86' lang='lat' dir='ltr'><strong>et</strong></span> <span class='ocrx_word' id='word_1_79' title='bbox 2165 1211 2385 1266; x_wconf 87' lang='lat' dir='ltr'><strong>indubi-</strong></span> 
     </span>
    </p>
   </div>
   <div class='ocr_carea' id='block_1_14' title="bbox 814 1289 2383 1370">
    <p class='ocr_par' dir='ltr' id='par_1_14' title="bbox 814 1289 2383 1370">
     <span class='ocr_line' id='line_1_14' title="bbox 814 1289 2383 1370; baseline 0.002 -17"><span class='ocrx_word' id='word_1_80' title='bbox 814 1289 954 1354; x_wconf 81' lang='lat' dir='ltr'><strong>tath</strong></span> <span class='ocrx_word' id='word_1_81' title='bbox 1013 1301 1138 1354; x_wconf 80' lang='lat' dir='ltr'><strong>ﬁdei</strong></span> <span class='ocrx_word' id='word_1_82' title='bbox 1179 1302 1488 1370; x_wconf 86' lang='lat' dir='ltr'><strong>magistros,</strong></span> <span class='ocrx_word' id='word_1_83' title='bbox 1517 1317 1618 1356; x_wconf 92' lang='lat' dir='ltr'><strong>cur</strong></span> <span class='ocrx_word' id='word_1_84' title='bbox 1639 1301 1782 1356; x_wconf 88' lang='lat' dir='ltr'><strong>Petri</strong></span> <span class='ocrx_word' id='word_1_85' title='bbox 1801 1301 1990 1356; x_wconf 90' lang='lat' dir='ltr'><strong>sedem</strong></span> <span class='ocrx_word' id='word_1_86' title='bbox 2025 1303 2383 1356; x_wconf 85' lang='lat' dir='ltr'><strong>contumeliis</strong></span> 
     </span>
    </p>
   </div>
   <div class='ocr_carea' id='block_1_15' title="bbox 814 1394 2383 1465">
    <p class='ocr_par' dir='ltr' id='par_1_15' title="bbox 814 1394 2383 1465">
     <span class='ocr_line' id='line_1_15' title="bbox 814 1394 2383 1465; baseline 0.003 -19"><span class='ocrx_word' id='word_1_87' title='bbox 814 1395 1066 1448; x_wconf 86' lang='lat' dir='ltr'><strong>laceras?</strong></span> <span class='ocrx_word' id='word_1_88' title='bbox 1096 1395 1250 1463; x_wconf 88' lang='lat' dir='ltr'><strong>quasi</strong></span> <span class='ocrx_word' id='word_1_89' title='bbox 1281 1408 1411 1448; x_wconf 80' lang='lat' dir='ltr'><strong>vero</strong></span> <span class='ocrx_word' id='word_1_90' title='bbox 1434 1394 1526 1448; x_wconf 88' lang='lat' dir='ltr'><strong>illa</strong></span> <span class='ocrx_word' id='word_1_91' title='bbox 1561 1404 1756 1464; x_wconf 84' lang='lat' dir='ltr'><strong>suapte</strong></span> <span class='ocrx_word' id='word_1_92' title='bbox 1791 1394 1840 1448; x_wconf 80' lang='lat' dir='ltr'><strong>vi</strong></span> <span class='ocrx_word' id='word_1_93' title='bbox 1872 1394 2068 1450; x_wconf 85' lang='lat' dir='ltr'><strong>haheat</strong></span> <span class='ocrx_word' id='word_1_94' title='bbox 2091 1410 2198 1450; x_wconf 93' lang='lat' dir='ltr'><strong>non</strong></span> <span class='ocrx_word' id='word_1_95' title='bbox 2225 1410 2383 1465; x_wconf 86' lang='lat' dir='ltr'><strong>posse</strong></span> 
     </span>
    </p>
   </div>
   <div class='ocr_carea' id='block_1_16' title="bbox 812 1486 2382 1556">
    <p class='ocr_par' dir='ltr' id='par_1_16' title="bbox 812 1486 2382 1556">
     <span class='ocr_line' id='line_1_16' title="bbox 812 1486 2382 1556; baseline 0.003 -17"><span class='ocrx_word' id='word_1_96' title='bbox 812 1502 999 1540; x_wconf 85' lang='lat' dir='ltr'><strong>errare</strong></span> <span class='ocrx_word' id='word_1_97' title='bbox 1027 1488 1079 1539; x_wconf 93' lang='lat' dir='ltr'><strong>in</strong></span> <span class='ocrx_word' id='word_1_98' title='bbox 1113 1486 1237 1550; x_wconf 84' lang='lat' dir='ltr'><strong>lide,</strong></span> <span class='ocrx_word' id='word_1_99' title='bbox 1271 1501 1380 1540; x_wconf 91' lang='lat' dir='ltr'><strong>non</strong></span> <span class='ocrx_word' id='word_1_100' title='bbox 1412 1502 1478 1540; x_wconf 83' lang='lat' dir='ltr'><strong>ex</strong></span> <span class='ocrx_word' id='word_1_101' title='bbox 1526 1487 1886 1556; x_wconf 73' lang='lat' dir='ltr'><strong>promissione</strong></span> <span class='ocrx_word' id='word_1_102' title='bbox 1948 1486 2268 1552; x_wconf 81' lang='lat' dir='ltr'><strong>Salvatoris,</strong></span> <span class='ocrx_word' id='word_1_103' title='bbox 2325 1501 2382 1544; x_wconf 92' lang='lat' dir='ltr'><strong>ut</strong></span> 
     </span>
    </p>
   </div>
   <div class='ocr_carea' id='block_1_17' title="bbox 813 1577 2385 1652">
    <p class='ocr_par' dir='ltr' id='par_1_17' title="bbox 813 1577 2385 1652">
     <span class='ocr_line' id='line_1_17' title="bbox 813 1577 2385 1652; baseline 0.004 -23"><span class='ocrx_word' id='word_1_104' title='bbox 813 1590 934 1630; x_wconf 87' lang='lat' dir='ltr'><strong>acta</strong></span> <span class='ocrx_word' id='word_1_105' title='bbox 983 1577 1316 1646; x_wconf 84' lang='lat' dir='ltr'><strong>synodorum</strong></span> <span class='ocrx_word' id='word_1_106' title='bbox 1349 1579 1652 1632; x_wconf 80' lang='lat' dir='ltr'><strong>testantur?</strong></span> <span class='ocrx_word' id='word_1_107' title='bbox 1708 1579 1864 1644; x_wconf 93' lang='lat' dir='ltr'><strong>Quod</strong></span> <span class='ocrx_word' id='word_1_108' title='bbox 1909 1593 2042 1633; x_wconf 80' lang='lat' dir='ltr'><strong>vero</strong></span> <span class='ocrx_word' id='word_1_109' title='bbox 2090 1580 2195 1644; x_wconf 82' lang='lat' dir='ltr'><strong>ais,</strong></span> <span class='ocrx_word' id='word_1_110' title='bbox 2245 1585 2385 1652; x_wconf 82' lang='lat' dir='ltr'><strong>Aga-</strong></span> 
     </span>
    </p>
   </div>
   <div class='ocr_carea' id='block_1_18' title="bbox 816 1669 2384 1741">
    <p class='ocr_par' dir='ltr' id='par_1_18' title="bbox 816 1669 2384 1741">
     <span class='ocr_line' id='line_1_18' title="bbox 816 1669 2384 1741; baseline 0.004 -21"><span class='ocrx_word' id='word_1_111' title='bbox 816 1671 1036 1721; x_wconf 87' lang='lat' dir='ltr'><strong>thouem</strong></span> <span class='ocrx_word' id='word_1_112' title='bbox 1089 1669 1160 1722; x_wconf 90' lang='lat' dir='ltr'><strong>de</strong></span> <span class='ocrx_word' id='word_1_113' title='bbox 1191 1669 1467 1738; x_wconf 79' lang='lat' dir='ltr'><strong>przeterito</strong></span> <span class='ocrx_word' id='word_1_114' title='bbox 1496 1670 1762 1735; x_wconf 88' lang='lat' dir='ltr'><strong>locutum,</strong></span> <span class='ocrx_word' id='word_1_115' title='bbox 1813 1685 1922 1724; x_wconf 93' lang='lat' dir='ltr'><strong>non</strong></span> <span class='ocrx_word' id='word_1_116' title='bbox 1959 1686 2187 1741; x_wconf 79' lang='lat' dir='ltr'><strong>negasse</strong></span> <span class='ocrx_word' id='word_1_117' title='bbox 2232 1673 2384 1727; x_wconf 80' lang='lat' dir='ltr'><strong>futu-</strong></span> 
     </span>
    </p>
   </div>
   <div class='ocr_carea' id='block_1_19' title="bbox 813 1761 2380 1825">
    <p class='ocr_par' dir='ltr' id='par_1_19' title="bbox 813 1761 2380 1825">
     <span class='ocr_line' id='line_1_19' title="bbox 813 1761 2380 1825; baseline 0.004 -13"><span class='ocrx_word' id='word_1_118' title='bbox 813 1776 961 1825; x_wconf 89' lang='lat' dir='ltr'><strong>rum,</strong></span> <span class='ocrx_word' id='word_1_119' title='bbox 1012 1770 1120 1814; x_wconf 89' lang='lat' dir='ltr'><strong>tota</strong></span> <span class='ocrx_word' id='word_1_120' title='bbox 1186 1776 1338 1816; x_wconf 84' lang='lat' dir='ltr'><strong>erras</strong></span> <span class='ocrx_word' id='word_1_121' title='bbox 1367 1762 1454 1815; x_wconf 78' lang='lat' dir='ltr'><strong>via</strong></span> <span class='ocrx_word' id='word_1_122' title='bbox 1487 1780 1502 1816; x_wconf 91' lang='lat'>:</span> <span class='ocrx_word' id='word_1_123' title='bbox 1535 1761 1788 1816; x_wconf 87' lang='lat' dir='ltr'><strong>decimus</strong></span> <span class='ocrx_word' id='word_1_124' title='bbox 1831 1763 1981 1816; x_wconf 89' lang='lat' dir='ltr'><strong>enim</strong></span> <span class='ocrx_word' id='word_1_125' title='bbox 2035 1764 2105 1819; x_wconf 91' lang='lat' dir='ltr'><strong>ab</strong></span> <span class='ocrx_word' id='word_1_126' title='bbox 2137 1763 2380 1820; x_wconf 64' lang='lat' dir='ltr'><strong>Honorio</strong></span> 
     </span>
    </p>
   </div>
   <div class='ocr_carea' id='block_1_20' title="bbox 814 1840 2377 1930">
    <p class='ocr_par' dir='ltr' id='par_1_20' title="bbox 814 1840 2377 1930">
     <span class='ocr_line' id='line_1_20' title="bbox 814 1840 2377 1930; baseline 0.006 -26"><span class='ocrx_word' id='word_1_127' title='bbox 814 1852 1400 1922; x_wconf 84' lang='lat' dir='ltr'><strong>l&#39;uitAgatho.Suhdis</strong></span> <span class='ocrx_word' id='word_1_128' title='bbox 1445 1840 1512 1908; x_wconf 79' lang='lat' dir='ltr'><strong>ex</strong></span> <span class='ocrx_word' id='word_1_129' title='bbox 1567 1841 1800 1923; x_wconf 84' lang='lat' dir='ltr'><strong>epistola</strong></span> <span class='ocrx_word' id='word_1_130' title='bbox 1864 1856 2064 1912; x_wconf 83' lang='lat' dir='ltr'><strong>Leonis</strong></span> <span class='ocrx_word' id='word_1_131' title='bbox 2117 1874 2268 1930; x_wconf 71' lang='lat' dir='ltr'><strong>papa:</strong></span> <span class='ocrx_word' id='word_1_132' title='bbox 2323 1859 2377 1915; x_wconf 93' lang='lat' dir='ltr'><strong>in</strong></span> 
     </span>
    </p>
   </div>
   <div class='ocr_carea' id='block_1_21' title="bbox 812 1944 2382 2016">
    <p class='ocr_par' dir='ltr' id='par_1_21' title="bbox 812 1944 2382 2016">
     <span class='ocr_line' id='line_1_21' title="bbox 812 1944 2382 2016; baseline 0.006 -20"><span class='ocrx_word' id='word_1_133' title='bbox 812 1944 962 1999; x_wconf 76' lang='lat' dir='ltr'><strong>calce</strong></span> <span class='ocrx_word' id='word_1_134' title='bbox 1003 1955 1168 1999; x_wconf 71' lang='lat' dir='ltr'><strong>sexta:</strong></span> <span class='ocrx_word' id='word_1_135' title='bbox 1201 1946 1394 2015; x_wconf 86' lang='lat' dir='ltr'><strong>synodi</strong></span> <span class='ocrx_word' id='word_1_136' title='bbox 1429 1946 1717 2000; x_wconf 84' lang='lat' dir='ltr'><strong>anathema</strong></span> <span class='ocrx_word' id='word_1_137' title='bbox 1775 1949 1831 2002; x_wconf 92' lang='lat' dir='ltr'><strong>in</strong></span> <span class='ocrx_word' id='word_1_138' title='bbox 1884 1948 2225 2016; x_wconf 91' lang='lat' dir='ltr'><strong>llonorium;</strong></span> <span class='ocrx_word' id='word_1_139' title='bbox 2280 1965 2382 2006; x_wconf 92' lang='lat' dir='ltr'><strong>nec</strong></span> 
     </span>
    </p>
   </div>
   <div class='ocr_carea' id='block_1_22' title="bbox 810 2035 2379 2109">
    <p class='ocr_par' dir='ltr' id='par_1_22' title="bbox 810 2035 2379 2109">
     <span class='ocr_line' id='line_1_22' title="bbox 810 2035 2379 2109; baseline 0.004 -20"><span class='ocrx_word' id='word_1_140' title='bbox 810 2035 1270 2099; x_wconf 74' lang='lat' dir='ltr'><strong>animadvertisti,</strong></span> <span class='ocrx_word' id='word_1_141' title='bbox 1335 2036 1574 2091; x_wconf 86' lang='lat' dir='ltr'><strong>Leonem</strong></span> <span class='ocrx_word' id='word_1_142' title='bbox 1607 2053 1847 2109; x_wconf 85' lang='lat' dir='ltr'><strong>pugnare</strong></span> <span class='ocrx_word' id='word_1_143' title='bbox 1880 2054 2067 2095; x_wconf 88' lang='lat' dir='ltr'><strong>secum</strong></span> <span class='ocrx_word' id='word_1_144' title='bbox 2103 2042 2145 2096; x_wconf 89' lang='lat' dir='ltr'><strong>si</strong></span> <span class='ocrx_word' id='word_1_145' title='bbox 2189 2057 2379 2096; x_wconf 78' lang='lat' dir='ltr'><strong>verum</strong></span> 
     </span>
    </p>
   </div>
   <div class='ocr_carea' id='block_1_23' title="bbox 2490 575 4081 650">
    <p class='ocr_par' dir='ltr' id='par_1_23' title="bbox 2490 575 4081 650">
     <span class='ocr_line' id='line_1_23' title="bbox 2490 575 4081 650; baseline 0.001 -24"><span class='ocrx_word' id='word_1_146' title='bbox 2490 590 2662 638; x_wconf 86' lang='grc' dir='ltr'>στεως</span> <span class='ocrx_word' id='word_1_147' title='bbox 2706 576 2767 628; x_wconf 79' lang='grc' dir='ltr'><strong>ἐν</strong></span> <span class='ocrx_word' id='word_1_148' title='bbox 2790 575 2870 646; x_wconf 82' lang='grc' dir='ltr'>τῷ</span> <span class='ocrx_word' id='word_1_149' title='bbox 2918 576 3112 648; x_wconf 81' lang='grc' dir='ltr'>Πέτρῳ</span> <span class='ocrx_word' id='word_1_150' title='bbox 3149 577 3375 641; x_wconf 73' lang='grc' dir='ltr'>καὶτοῖς</span> <span class='ocrx_word' id='word_1_151' title='bbox 3404 578 3699 648; x_wconf 71' lang='grc' dir='ltr'>διαδόχοιςο</span> <span class='ocrx_word' id='word_1_152' title='bbox 3729 577 3874 630; x_wconf 88' lang='grc' dir='ltr'>οὕτω</span> <span class='ocrx_word' id='word_1_153' title='bbox 3903 578 3974 647; x_wconf 81' lang='grc' dir='ltr'>δὴ</span> <span class='ocrx_word' id='word_1_154' title='bbox 4014 582 4081 650; x_wconf 58' lang='grc' dir='ltr'><strong>αδ</strong></span> 
     </span>
    </p>
   </div>
   <div class='ocr_carea' id='block_1_24' title="bbox 2491 664 4083 738">
    <p class='ocr_par' dir='ltr' id='par_1_24' title="bbox 2491 664 4083 738">
     <span class='ocr_line' id='line_1_24' title="bbox 2491 664 4083 738; baseline 0.001 -21"><span class='ocrx_word' id='word_1_155' title='bbox 2491 664 2594 718; x_wconf 73' lang='grc' dir='ltr'><strong>ὑπὸ</strong></span> <span class='ocrx_word' id='word_1_156' title='bbox 2622 665 2721 735; x_wconf 83' lang='grc' dir='ltr'><strong>τῆς</strong></span> <span class='ocrx_word' id='word_1_157' title='bbox 2753 665 2894 732; x_wconf 82' lang='grc' dir='ltr'>ἀγαν</span> <span class='ocrx_word' id='word_1_158' title='bbox 2911 667 3150 737; x_wconf 80' lang='grc' dir='ltr'><strong>σπουδῆς</strong></span> <span class='ocrx_word' id='word_1_159' title='bbox 3171 667 3265 720; x_wconf 91' lang='grc' dir='ltr'><strong>τοῦ</strong></span> <span class='ocrx_word' id='word_1_160' title='bbox 3293 667 3549 738; x_wconf 85' lang='grc' dir='ltr'>διασύραι</span> <span class='ocrx_word' id='word_1_161' title='bbox 3574 668 3667 723; x_wconf 78' lang='grc' dir='ltr'><strong>τὸν</strong></span> <span class='ocrx_word' id='word_1_162' title='bbox 3700 667 3910 738; x_wconf 78' lang='grc' dir='ltr'>Πέτρου</span> <span class='ocrx_word' id='word_1_163' title='bbox 3945 668 4083 735; x_wconf 81' lang='grc' dir='ltr'>θρό-</span> 
     </span>
    </p>
   </div>
   <div class='ocr_carea' id='block_1_25' title="bbox 2489 757 4081 830">
    <p class='ocr_par' dir='ltr' id='par_1_25' title="bbox 2489 757 4081 830">
     <span class='ocr_line' id='line_1_25' title="bbox 2489 757 4081 830; baseline -0.001 -22"><span class='ocrx_word' id='word_1_164' title='bbox 2489 773 2597 820; x_wconf 89' lang='grc' dir='ltr'>νον,</span> <span class='ocrx_word' id='word_1_165' title='bbox 2627 759 2708 820; x_wconf 79' lang='grc' dir='ltr'><strong>είς</strong></span> <span class='ocrx_word' id='word_1_166' title='bbox 2743 757 2812 809; x_wconf 67' lang='grc' dir='ltr'>τὰ</span> <span class='ocrx_word' id='word_1_167' title='bbox 2866 759 3202 827; x_wconf 77' lang='grc' dir='ltr'><strong>καιριώτατα</strong></span> <span class='ocrx_word' id='word_1_168' title='bbox 3243 759 3606 830; x_wconf 75' lang='grc' dir='ltr'><strong>βλασφημεῖς.</strong></span> <span class='ocrx_word' id='word_1_169' title='bbox 3657 759 3720 812; x_wconf 76' lang='grc' dir='ltr'><strong>Εἰ</strong></span> <span class='ocrx_word' id='word_1_170' title='bbox 3781 759 3892 828; x_wconf 79' lang='grc' dir='ltr'><strong>γάρ</strong></span> <span class='ocrx_word' id='word_1_171' title='bbox 3926 775 4081 811; x_wconf 65' lang='grc' dir='ltr'>κατι</span> 
     </span>
    </p>
   </div>
   <div class='ocr_carea' id='block_1_26' title="bbox 2486 848 4080 919">
    <p class='ocr_par' dir='ltr' id='par_1_26' title="bbox 2486 848 4080 919">
     <span class='ocr_line' id='line_1_26' title="bbox 2486 848 4080 919; baseline 0.003 -20"><span class='ocrx_word' id='word_1_172' title='bbox 2486 848 2576 900; x_wconf 64' lang='grc' dir='ltr'><strong>τὸν</strong></span> <span class='ocrx_word' id='word_1_173' title='bbox 2604 849 2694 900; x_wconf 83' lang='grc' dir='ltr'><strong>σὺν</strong></span> <span class='ocrx_word' id='word_1_174' title='bbox 2713 848 2836 903; x_wconf 90' lang='grc' dir='ltr'>νοῦν</span> <span class='ocrx_word' id='word_1_175' title='bbox 2860 849 3162 919; x_wconf 73' lang='grc' dir='ltr'>ἐκληπτιον</span> <span class='ocrx_word' id='word_1_176' title='bbox 3189 851 3271 914; x_wconf 80' lang='grc' dir='ltr'>τὸ,</span> <span class='ocrx_word' id='word_1_177' title='bbox 3304 851 3534 917; x_wconf 66' lang='grc' dir='ltr'>Πάντες</span> <span class='ocrx_word' id='word_1_178' title='bbox 3564 849 3912 915; x_wconf 72' lang='grc' dir='ltr'><strong>ἐξέκλιναν,</strong></span> <span class='ocrx_word' id='word_1_179' title='bbox 3964 851 4080 918; x_wconf 63' lang='grc' dir='ltr'><strong>ἇρτ</strong></span> 
     </span>
    </p>
   </div>
   <div class='ocr_carea' id='block_1_27' title="bbox 2489 938 4080 1010">
    <p class='ocr_par' dir='ltr' id='par_1_27' title="bbox 2489 938 4080 1010">
     <span class='ocr_line' id='line_1_27' title="bbox 2489 938 4080 1010; baseline 0.003 -21"><span class='ocrx_word' id='word_1_180' title='bbox 2489 938 2579 989; x_wconf 77' lang='grc' dir='ltr'>καὶ</span> <span class='ocrx_word' id='word_1_181' title='bbox 2607 940 2661 991; x_wconf 75' lang='grc' dir='ltr'>αἱ</span> <span class='ocrx_word' id='word_1_182' title='bbox 2694 939 2845 1006; x_wconf 82' lang='grc' dir='ltr'>ἆγιαι</span> <span class='ocrx_word' id='word_1_183' title='bbox 2870 940 3104 1005; x_wconf 83' lang='grc' dir='ltr'>σύνοδοι,</span> <span class='ocrx_word' id='word_1_184' title='bbox 3140 941 3236 994; x_wconf 81' lang='grc' dir='ltr'><strong>καὶ</strong></span> <span class='ocrx_word' id='word_1_185' title='bbox 3265 943 3423 996; x_wconf 74' lang='grc' dir='ltr'>αὐτοὶ</span> <span class='ocrx_word' id='word_1_186' title='bbox 3449 945 3498 994; x_wconf 86' lang='grc' dir='ltr'>οἰ</span> <span class='ocrx_word' id='word_1_187' title='bbox 3529 942 3824 996; x_wconf 80' lang='grc' dir='ltr'><strong>ἀπόστολοι</strong></span> <span class='ocrx_word' id='word_1_188' title='bbox 3856 943 4080 1010; x_wconf 80' lang='grc' dir='ltr'>ἀνορω-</span> 
     </span>
    </p>
   </div>
   <div class='ocr_carea' id='block_1_28' title="bbox 2487 1027 4077 1100">
    <p class='ocr_par' dir='ltr' id='par_1_28' title="bbox 2487 1027 4077 1100">
     <span class='ocr_line' id='line_1_28' title="bbox 2487 1027 4077 1100; baseline 0.003 -23"><span class='ocrx_word' id='word_1_189' title='bbox 2487 1044 2576 1079; x_wconf 89' lang='grc' dir='ltr'><strong>ποι</strong></span> <span class='ocrx_word' id='word_1_190' title='bbox 2601 1027 2750 1089; x_wconf 75' lang='grc' dir='ltr'>ὄντες</span> <span class='ocrx_word' id='word_1_191' title='bbox 2774 1030 2834 1082; x_wconf 80' lang='grc' dir='ltr'>ἐν</span> <span class='ocrx_word' id='word_1_192' title='bbox 2852 1030 2929 1099; x_wconf 84' lang='grc' dir='ltr'><strong>τῷ</strong></span> <span class='ocrx_word' id='word_1_193' title='bbox 2964 1030 3304 1099; x_wconf 83' lang='grc' dir='ltr'>παραδοῦναι</span> <span class='ocrx_word' id='word_1_194' title='bbox 3337 1032 3405 1084; x_wconf 84' lang='grc' dir='ltr'><strong>τά</strong></span> <span class='ocrx_word' id='word_1_195' title='bbox 3463 1031 3562 1100; x_wconf 80' lang='grc' dir='ltr'>τῆς</span> <span class='ocrx_word' id='word_1_196' title='bbox 3594 1032 3827 1092; x_wconf 81' lang='grc' dir='ltr'>πίστεως</span> <span class='ocrx_word' id='word_1_197' title='bbox 3853 1031 4077 1093; x_wconf 82' lang='grc' dir='ltr'>ἐξέκλι-</span> 
     </span>
    </p>
   </div>
   <div class='ocr_carea' id='block_1_29' title="bbox 2486 1120 4074 1193">
    <p class='ocr_par' dir='ltr' id='par_1_29' title="bbox 2486 1120 4074 1193">
     <span class='ocr_line' id='line_1_29' title="bbox 2486 1120 4074 1193; baseline 0.003 -25"><span class='ocrx_word' id='word_1_198' title='bbox 2486 1135 2601 1170; x_wconf 88' lang='grc' dir='ltr'><strong>ναν.</strong></span> <span class='ocrx_word' id='word_1_199' title='bbox 2625 1120 2685 1171; x_wconf 81' lang='lat' dir='ltr'><strong>El</strong></span> <span class='ocrx_word' id='word_1_200' title='bbox 2717 1121 2773 1172; x_wconf 84' lang='grc' dir='ltr'>δὲ</span> <span class='ocrx_word' id='word_1_201' title='bbox 2795 1120 2954 1173; x_wconf 90' lang='grc' dir='ltr'>τοῦτο</span> <span class='ocrx_word' id='word_1_202' title='bbox 2983 1122 3221 1192; x_wconf 81' lang='grc' dir='ltr'>ἐσχάτης</span> <span class='ocrx_word' id='word_1_203' title='bbox 3239 1123 3734 1193; x_wconf 74' lang='grc' dir='ltr'>βλασφημίας,’καὶ</span> <span class='ocrx_word' id='word_1_204' title='bbox 3766 1122 3896 1183; x_wconf 72' lang='grc' dir='ltr'>τοὺς</span> <span class='ocrx_word' id='word_1_205' title='bbox 3926 1123 4074 1173; x_wconf 82' lang='grc' dir='ltr'>ἀπο-</span> 
     </span>
    </p>
   </div>
   <div class='ocr_carea' id='block_1_30' title="bbox 2487 1210 4075 1284">
    <p class='ocr_par' dir='ltr' id='par_1_30' title="bbox 2487 1210 4075 1284">
     <span class='ocr_line' id='line_1_30' title="bbox 2487 1210 4075 1284; baseline 0.006 -22"><span class='ocrx_word' id='word_1_206' title='bbox 2487 1210 2707 1275; x_wconf 79' lang='grc' dir='ltr'>στόλους</span> <span class='ocrx_word' id='word_1_207' title='bbox 2741 1213 2838 1265; x_wconf 77' lang='grc' dir='ltr'>καὶ</span> <span class='ocrx_word' id='word_1_208' title='bbox 2870 1213 2968 1276; x_wconf 74' lang='grc' dir='ltr'>τὰς</span> <span class='ocrx_word' id='word_1_209' title='bbox 3000 1214 3150 1284; x_wconf 85' lang='grc' dir='ltr'>ίεράς</span> <span class='ocrx_word' id='word_1_210' title='bbox 3181 1215 3430 1278; x_wconf 81' lang='grc' dir='ltr'><strong>συνόδους</strong></span> <span class='ocrx_word' id='word_1_211' title='bbox 3459 1215 3680 1283; x_wconf 75' lang='grc' dir='ltr'>ἀσπάζῃ</span> <span class='ocrx_word' id='word_1_212' title='bbox 3711 1214 3787 1277; x_wconf 85' lang='grc' dir='ltr'>ὡς</span> <span class='ocrx_word' id='word_1_213' title='bbox 3818 1214 4075 1281; x_wconf 65' lang='lat'><strong>6717,100-</strong></span> 
     </span>
    </p>
   </div>
   <div class='ocr_carea' id='block_1_31' title="bbox 2485 1302 4072 1375">
    <p class='ocr_par' dir='ltr' id='par_1_31' title="bbox 2485 1302 4072 1375">
     <span class='ocr_line' id='line_1_31' title="bbox 2485 1302 4072 1375; baseline -0.008 -9"><span class='ocrx_word' id='word_1_214' title='bbox 2485 1302 2653 1369; x_wconf 81' lang='grc' dir='ltr'><strong>μένας</strong></span> <span class='ocrx_word' id='word_1_215' title='bbox 2677 1302 2755 1372; x_wconf 85' lang='grc' dir='ltr'>τῷ</span> <span class='ocrx_word' id='word_1_216' title='bbox 2792 1304 2934 1374; x_wconf 83' lang='grc' dir='ltr'>ἁγίῳ</span> <span class='ocrx_word' id='word_1_217' title='bbox 2962 1305 3259 1375; x_wconf 73' lang='grc' dir='ltr'>Πνεῦματι,</span> <span class='ocrx_word' id='word_1_218' title='bbox 3315 1308 3411 1359; x_wconf 72' lang='grc' dir='ltr'><strong>καὶ</strong></span> <span class='ocrx_word' id='word_1_219' title='bbox 3443 1307 3518 1368; x_wconf 86' lang='grc' dir='ltr'>ὼς</span> <span class='ocrx_word' id='word_1_220' title='bbox 3546 1305 3812 1372; x_wconf 77' lang='grc' dir='ltr'><strong>ἀσφαλεῖς</strong></span> <span class='ocrx_word' id='word_1_221' title='bbox 3840 1307 3943 1372; x_wconf 80' lang='grc' dir='ltr'>τῆς</span> <span class='ocrx_word' id='word_1_222' title='bbox 3976 1304 4043 1354; x_wconf 85' lang='grc' dir='ltr'><strong>πί</strong></span> <span class='ocrx_word' id='word_1_223' title='bbox 4069 1335 4072 1338; x_wconf 80' lang='lat'><strong><em>~</em></strong></span> 
     </span>
    </p>
   </div>
   <div class='ocr_carea' id='block_1_32' title="bbox 2487 1394 4072 1466">
    <p class='ocr_par' dir='ltr' id='par_1_32' title="bbox 2487 1394 4072 1466">
     <span class='ocr_line' id='line_1_32' title="bbox 2487 1394 4072 1466; baseline 0 -21"><span class='ocrx_word' id='word_1_224' title='bbox 2487 1409 2658 1457; x_wconf 90' lang='grc' dir='ltr'>στεως</span> <span class='ocrx_word' id='word_1_225' title='bbox 2684 1394 3044 1459; x_wconf 82' lang='grc' dir='ltr'>διδασκάλους</span> <span class='ocrx_word' id='word_1_226' title='bbox 3067 1435 3084 1458; x_wconf 83' lang='grc'><strong>,</strong></span> <span class='ocrx_word' id='word_1_227' title='bbox 3138 1398 3254 1459; x_wconf 87' lang='grc' dir='ltr'><strong>πῶς</strong></span> <span class='ocrx_word' id='word_1_228' title='bbox 3274 1398 3520 1466; x_wconf 72' lang='grc' dir='ltr'>ὐῦρίζεις</span> <span class='ocrx_word' id='word_1_229' title='bbox 3550 1399 3642 1450; x_wconf 86' lang='grc' dir='ltr'>τὸν</span> <span class='ocrx_word' id='word_1_230' title='bbox 3689 1399 3898 1466; x_wconf 80' lang='grc' dir='ltr'>Πέτρου</span> <span class='ocrx_word' id='word_1_231' title='bbox 3939 1396 4072 1463; x_wconf 74' lang='grc' dir='ltr'>θρό-</span> 
     </span>
    </p>
   </div>
   <div class='ocr_carea' id='block_1_33' title="bbox 2485 1485 4073 1558">
    <p class='ocr_par' dir='ltr' id='par_1_33' title="bbox 2485 1485 4073 1558">
     <span class='ocr_line' id='line_1_33' title="bbox 2485 1485 4073 1558; baseline -0.002 -19"><span class='ocrx_word' id='word_1_232' title='bbox 2485 1505 2574 1540; x_wconf 91' lang='grc' dir='ltr'><strong>νον</strong></span> <span class='ocrx_word' id='word_1_233' title='bbox 2604 1489 2792 1557; x_wconf 79' lang='grc' dir='ltr'>ἔχοντα</span> <span class='ocrx_word' id='word_1_234' title='bbox 2824 1488 2954 1556; x_wconf 78' lang='grc' dir='ltr'>περὶ</span> <span class='ocrx_word' id='word_1_235' title='bbox 2985 1489 3083 1558; x_wconf 77' lang='grc' dir='ltr'>τὴν</span> <span class='ocrx_word' id='word_1_236' title='bbox 3115 1488 3299 1540; x_wconf 87' lang='grc' dir='ltr'>πίστιν</span> <span class='ocrx_word' id='word_1_237' title='bbox 3321 1490 3381 1540; x_wconf 81' lang='grc' dir='ltr'>τὸ</span> <span class='ocrx_word' id='word_1_238' title='bbox 3419 1489 3841 1558; x_wconf 75' lang='grc' dir='ltr'>ἀναμάρτητονς</span> <span class='ocrx_word' id='word_1_239' title='bbox 3871 1485 4030 1538; x_wconf 84' lang='grc' dir='ltr'>ὥσπε</span> <span class='ocrx_word' id='word_1_240' title='bbox 4041 1504 4073 1552; x_wconf 85' lang='grc' dir='ltr'><strong>ρ</strong></span> 
     </span>
    </p>
   </div>
   <div class='ocr_carea' id='block_1_34' title="bbox 2483 1577 4071 1650">
    <p class='ocr_par' dir='ltr' id='par_1_34' title="bbox 2483 1577 4071 1650">
     <span class='ocr_line' id='line_1_34' title="bbox 2483 1577 4071 1650; baseline 0.006 -19"><span class='ocrx_word' id='word_1_241' title='bbox 2483 1578 2551 1631; x_wconf 78' lang='grc' dir='ltr'><strong>ἂν</strong></span> <span class='ocrx_word' id='word_1_242' title='bbox 2575 1580 2624 1630; x_wconf 90' lang='grc' dir='ltr'><strong>εί</strong></span> <span class='ocrx_word' id='word_1_243' title='bbox 2648 1578 2804 1630; x_wconf 87' lang='grc' dir='ltr'>τοῦτο</span> <span class='ocrx_word' id='word_1_244' title='bbox 2825 1578 2883 1644; x_wconf 78' lang='grc' dir='ltr'>ἐξ</span> <span class='ocrx_word' id='word_1_245' title='bbox 2907 1579 3115 1641; x_wconf 82' lang='grc' dir='ltr'><strong>οἰκείας</strong></span> <span class='ocrx_word' id='word_1_246' title='bbox 3145 1577 3257 1649; x_wconf 80' lang='grc' dir='ltr'>εἶχε</span> <span class='ocrx_word' id='word_1_247' title='bbox 3289 1581 3597 1650; x_wconf 87' lang='grc' dir='ltr'>δυνάμεως,</span> <span class='ocrx_word' id='word_1_248' title='bbox 3624 1583 3718 1632; x_wconf 72' lang='grc' dir='ltr'><strong>καὶ</strong></span> <span class='ocrx_word' id='word_1_249' title='bbox 3749 1580 3828 1650; x_wconf 81' lang='grc' dir='ltr'>μὴ</span> <span class='ocrx_word' id='word_1_250' title='bbox 3869 1581 3934 1632; x_wconf 81' lang='grc' dir='ltr'>ὲκ</span> <span class='ocrx_word' id='word_1_251' title='bbox 3968 1580 4071 1648; x_wconf 68' lang='grc' dir='ltr'>τῆς</span> 
     </span>
    </p>
   </div>
   <div class='ocr_carea' id='block_1_35' title="bbox 2483 1667 4072 1740">
    <p class='ocr_par' dir='ltr' id='par_1_35' title="bbox 2483 1667 4072 1740">
     <span class='ocr_line' id='line_1_35' title="bbox 2483 1667 4072 1740; baseline 0.001 -20"><span class='ocrx_word' id='word_1_252' title='bbox 2483 1667 2578 1720; x_wconf 86' lang='grc' dir='ltr'><strong>τοῦ</strong></span> <span class='ocrx_word' id='word_1_253' title='bbox 2638 1669 2891 1738; x_wconf 83' lang='grc' dir='ltr'>Σωτῆρος</span> <span class='ocrx_word' id='word_1_254' title='bbox 2935 1671 3290 1738; x_wconf 88' lang='grc' dir='ltr'>ἐπαγγελίας,</span> <span class='ocrx_word' id='word_1_255' title='bbox 3322 1672 3397 1734; x_wconf 84' lang='grc' dir='ltr'>ὡς</span> <span class='ocrx_word' id='word_1_256' title='bbox 3445 1671 3785 1740; x_wconf 79' lang='grc' dir='ltr'>μαρτυροῦσι</span> <span class='ocrx_word' id='word_1_257' title='bbox 3815 1671 3886 1723; x_wconf 70' lang='grc' dir='ltr'>τὰ</span> <span class='ocrx_word' id='word_1_258' title='bbox 3915 1672 4072 1740; x_wconf 84' lang='grc' dir='ltr'>Πρα-</span> 
     </span>
    </p>
   </div>
   <div class='ocr_carea' id='block_1_36' title="bbox 2483 1761 4071 1831">
    <p class='ocr_par' dir='ltr' id='par_1_36' title="bbox 2483 1761 4071 1831">
     <span class='ocr_line' id='line_1_36' title="bbox 2483 1761 4071 1831; baseline 0.001 -19"><span class='ocrx_word' id='word_1_259' title='bbox 2483 1761 2646 1813; x_wconf 79' lang='grc' dir='ltr'>κτικά</span> <span class='ocrx_word' id='word_1_260' title='bbox 2666 1761 2774 1813; x_wconf 91' lang='grc' dir='ltr'><strong>τῶν</strong></span> <span class='ocrx_word' id='word_1_261' title='bbox 2817 1763 3071 1817; x_wconf 81' lang='grc' dir='ltr'><strong>συνόδων.</strong></span> <span class='ocrx_word' id='word_1_262' title='bbox 3119 1766 3184 1816; x_wconf 81' lang='lat'><strong>&#39;0</strong></span> <span class='ocrx_word' id='word_1_263' title='bbox 3234 1766 3291 1818; x_wconf 87' lang='grc' dir='ltr'>δὲ</span> <span class='ocrx_word' id='word_1_264' title='bbox 3316 1765 3519 1831; x_wconf 78' lang='grc' dir='ltr'>λέγεις,</span> <span class='ocrx_word' id='word_1_265' title='bbox 3551 1765 3642 1817; x_wconf 77' lang='grc' dir='ltr'>τὸν</span> <span class='ocrx_word' id='word_1_266' title='bbox 3671 1764 3962 1828; x_wconf 81' lang='grc' dir='ltr'>Ἀγάθωνα</span> <span class='ocrx_word' id='word_1_267' title='bbox 3992 1764 4071 1814; x_wconf 82' lang='grc' dir='ltr'><strong>εἱ-</strong></span> 
     </span>
    </p>
   </div>
   <div class='ocr_carea' id='block_1_37' title="bbox 2487 1853 4066 1925">
    <p class='ocr_par' dir='ltr' id='par_1_37' title="bbox 2487 1853 4066 1925">
     <span class='ocr_line' id='line_1_37' title="bbox 2487 1853 4066 1925; baseline 0.007 -23"><span class='ocrx_word' id='word_1_268' title='bbox 2487 1853 2712 1921; x_wconf 84' lang='grc' dir='ltr'>ρηκέναι</span> <span class='ocrx_word' id='word_1_269' title='bbox 2745 1853 2806 1906; x_wconf 85' lang='grc' dir='ltr'>τὸ</span> <span class='ocrx_word' id='word_1_270' title='bbox 2835 1855 3185 1925; x_wconf 85' lang='grc' dir='ltr'>παρῳχηκὸς,</span> <span class='ocrx_word' id='word_1_271' title='bbox 3208 1856 3266 1907; x_wconf 85' lang='grc' dir='ltr'>τὺ</span> <span class='ocrx_word' id='word_1_272' title='bbox 3297 1856 3490 1924; x_wconf 82' lang='grc' dir='ltr'>μέλλον</span> <span class='ocrx_word' id='word_1_273' title='bbox 3521 1856 3575 1907; x_wconf 84' lang='grc' dir='ltr'>δὲ</span> <span class='ocrx_word' id='word_1_274' title='bbox 3611 1855 3684 1924; x_wconf 84' lang='grc' dir='ltr'>μὴ</span> <span class='ocrx_word' id='word_1_275' title='bbox 3712 1854 4066 1916; x_wconf 78' lang='grc' dir='ltr'>ἀποκλεῖσαι.</span> 
     </span>
    </p>
   </div>
   <div class='ocr_carea' id='block_1_38' title="bbox 2484 1945 4067 2017">
    <p class='ocr_par' dir='ltr' id='par_1_38' title="bbox 2484 1945 4067 2017">
     <span class='ocr_line' id='line_1_38' title="bbox 2484 1945 4067 2017; baseline 0.001 -22"><span class='ocrx_word' id='word_1_276' title='bbox 2484 1945 2663 2015; x_wconf 80' lang='grc' dir='ltr'><strong>πάντη</strong></span> <span class='ocrx_word' id='word_1_277' title='bbox 2684 1946 2783 2014; x_wconf 79' lang='grc' dir='ltr'><strong>τῆς</strong></span> <span class='ocrx_word' id='word_1_278' title='bbox 2804 1945 3065 2013; x_wconf 77' lang='grc' dir='ltr'><strong>ἀληθείας</strong></span> <span class='ocrx_word' id='word_1_279' title='bbox 3085 1947 3420 2017; x_wconf 75' lang='grc' dir='ltr'>ἀπῴκισται·</span> <span class='ocrx_word' id='word_1_280' title='bbox 3448 1949 3670 2010; x_wconf 77' lang='grc' dir='ltr'>δέκατος</span> <span class='ocrx_word' id='word_1_281' title='bbox 3693 1948 3797 2016; x_wconf 80' lang='grc' dir='ltr'>γὰρ</span> <span class='ocrx_word' id='word_1_282' title='bbox 3811 1947 4067 2014; x_wconf 81' lang='grc' dir='ltr'>Ἀγάθων</span> 
     </span>
    </p>
   </div>
   <div class='ocr_carea' id='block_1_39' title="bbox 2485 2038 4066 2110">
    <p class='ocr_par' dir='ltr' id='par_1_39' title="bbox 2485 2038 4066 2110">
     <span class='ocr_line' id='line_1_39' title="bbox 2485 2038 4066 2110; baseline 0.001 -22"><span class='ocrx_word' id='word_1_283' title='bbox 2485 2039 2626 2106; x_wconf 87' lang='grc' dir='ltr'><strong>μετά</strong></span> <span class='ocrx_word' id='word_1_284' title='bbox 2666 2038 2941 2108; x_wconf 82' lang='grc' dir='ltr'>Ὀνώριον.</span> <span class='ocrx_word' id='word_1_285' title='bbox 2994 2038 3124 2092; x_wconf 82' lang='grc' dir='ltr'>Εἶτα</span> <span class='ocrx_word' id='word_1_286' title='bbox 3153 2041 3441 2110; x_wconf 82' lang='grc' dir='ltr'>ἑπιφέρεις</span> <span class='ocrx_word' id='word_1_287' title='bbox 3484 2043 3583 2110; x_wconf 80' lang='grc' dir='ltr'><strong>τὴν</strong></span> <span class='ocrx_word' id='word_1_288' title='bbox 3616 2040 3752 2106; x_wconf 76' lang='grc' dir='ltr'>πρὸς</span> <span class='ocrx_word' id='word_1_289' title='bbox 3793 2040 3871 2109; x_wconf 82' lang='grc' dir='ltr'>τῷ</span> <span class='ocrx_word' id='word_1_290' title='bbox 3915 2042 4066 2092; x_wconf 77' lang='grc' dir='ltr'>τέλει</span> 
     </span>
    </p>
   </div>
   <div class='ocr_carea' id='block_1_40' title="bbox 751 2125 2444 2202">
    <p class='ocr_par' dir='ltr' id='par_1_40' title="bbox 751 2125 2382 2202">
     <span class='ocr_line' id='line_1_40' title="bbox 751 2125 2382 2202; baseline 0.004 -24"><span class='ocrx_word' id='word_1_291' title='bbox 751 2199 755 2202; x_wconf 10' lang='grc' dir='ltr'><strong><em>ξ</em></strong></span> <span class='ocrx_word' id='word_1_292' title='bbox 812 2125 866 2178; x_wconf 91' lang='lat' dir='ltr'><strong>id</strong></span> <span class='ocrx_word' id='word_1_293' title='bbox 889 2134 1055 2180; x_wconf 87' lang='lat' dir='ltr'><strong>esset.</strong></span> <span class='ocrx_word' id='word_1_294' title='bbox 1087 2126 1268 2180; x_wconf 86' lang='lat' dir='ltr'><strong>Primo</strong></span> <span class='ocrx_word' id='word_1_295' title='bbox 1299 2128 1445 2180; x_wconf 90' lang='lat' dir='ltr'><strong>enim</strong></span> <span class='ocrx_word' id='word_1_296' title='bbox 1483 2126 1656 2180; x_wconf 88' lang='lat' dir='ltr'><strong>dicit:</strong></span> <span class='ocrx_word' id='word_1_297' title='bbox 1688 2145 1707 2178; x_wconf 83' lang='grc' dir='ltr'><strong>ι</strong></span> <span class='ocrx_word' id='word_1_298' title='bbox 1731 2127 1902 2196; x_wconf 86' lang='lat' dir='ltr'><strong>Igitur</strong></span> <span class='ocrx_word' id='word_1_299' title='bbox 1922 2138 2198 2197; x_wconf 87' lang='lat' dir='ltr'><strong>gestorum</strong></span> <span class='ocrx_word' id='word_1_300' title='bbox 2222 2146 2382 2201; x_wconf 85' lang='lat' dir='ltr'><strong>syno-</strong></span> 
     </span>
    </p>
   </div>
   <div class='ocr_carea' id='block_1_41' title="bbox 2368 2125 4061 2202">
    <p class='ocr_par' dir='ltr' id='par_1_41' title="bbox 2368 2129 4061 2202">
     <span class='ocr_line' id='line_1_41' title="bbox 2368 2129 4061 2202; baseline 0.002 -21"><span class='ocrx_word' id='word_1_301' title='bbox 2368 2161 2382 2170; x_wconf 94' lang='lat'><strong><em>-</em></strong></span> <span class='ocrx_word' id='word_1_302' title='bbox 2480 2129 2580 2197; x_wconf 83' lang='grc' dir='ltr'>τῆς</span> <span class='ocrx_word' id='word_1_303' title='bbox 2613 2137 2666 2194; x_wconf 81' lang='grc' dir='ltr'>ς’</span> <span class='ocrx_word' id='word_1_304' title='bbox 2691 2132 2912 2184; x_wconf 83' lang='grc' dir='ltr'>συνόδου</span> <span class='ocrx_word' id='word_1_305' title='bbox 2942 2133 3166 2195; x_wconf 79' lang='grc' dir='ltr'>Λέοντος</span> <span class='ocrx_word' id='word_1_306' title='bbox 3228 2134 3319 2186; x_wconf 79' lang='grc' dir='ltr'><strong>τοῦ</strong></span> <span class='ocrx_word' id='word_1_307' title='bbox 3355 2137 3556 2187; x_wconf 82' lang='grc' dir='ltr'>πάππα</span> <span class='ocrx_word' id='word_1_308' title='bbox 3602 2132 3895 2202; x_wconf 67' lang='grc' dir='ltr'>ἐπιστολὴν</span> <span class='ocrx_word' id='word_1_309' title='bbox 3925 2134 4061 2185; x_wconf 84' lang='grc' dir='ltr'>ἀνα-</span> 
     </span>
    </p>
   </div>
   <div class='ocr_carea' id='block_1_42' title="bbox 811 2216 2379 2292">
    <p class='ocr_par' dir='ltr' id='par_1_42' title="bbox 811 2216 2379 2292">
     <span class='ocr_line' id='line_1_42' title="bbox 811 2216 2379 2292; baseline 0.004 -22"><span class='ocrx_word' id='word_1_310' title='bbox 811 2216 1016 2270; x_wconf 89' lang='lat' dir='ltr'><strong>dalium</strong></span> <span class='ocrx_word' id='word_1_311' title='bbox 1074 2217 1278 2272; x_wconf 85' lang='lat' dir='ltr'><strong>seriem</strong></span> <span class='ocrx_word' id='word_1_312' title='bbox 1315 2227 1687 2282; x_wconf 87' lang='lat' dir='ltr'><strong>recensentes,</strong></span> <span class='ocrx_word' id='word_1_313' title='bbox 1740 2228 1798 2274; x_wconf 88' lang='lat' dir='ltr'><strong>et</strong></span> <span class='ocrx_word' id='word_1_314' title='bbox 1828 2222 2044 2276; x_wconf 87' lang='lat' dir='ltr'><strong>curiosa</strong></span> <span class='ocrx_word' id='word_1_315' title='bbox 2095 2221 2379 2292; x_wconf 78' lang='lat' dir='ltr'><strong>diligentia</strong></span> 
     </span>
    </p>
   </div>
   <div class='ocr_carea' id='block_1_43' title="bbox 812 2309 2378 2382">
    <p class='ocr_par' dir='ltr' id='par_1_43' title="bbox 812 2309 2378 2382">
     <span class='ocr_line' id='line_1_43' title="bbox 812 2309 2378 2382; baseline 0.003 -20"><span class='ocrx_word' id='word_1_316' title='bbox 812 2309 1143 2378; x_wconf 87' lang='lat' dir='ltr'><strong>perscrutati</strong></span> <span class='ocrx_word' id='word_1_317' title='bbox 1173 2309 1385 2379; x_wconf 84' lang='lat' dir='ltr'><strong>singula</strong></span> <span class='ocrx_word' id='word_1_318' title='bbox 1423 2325 1547 2378; x_wconf 67' lang='lat' dir='ltr'><strong>quae</strong></span> <span class='ocrx_word' id='word_1_319' title='bbox 1605 2317 1756 2379; x_wconf 89' lang='lat' dir='ltr'><strong>gesta</strong></span> <span class='ocrx_word' id='word_1_320' title='bbox 1804 2321 1956 2375; x_wconf 90' lang='lat' dir='ltr'><strong>sunt,</strong></span> <span class='ocrx_word' id='word_1_321' title='bbox 2008 2311 2201 2366; x_wconf 88' lang='lat' dir='ltr'><strong>eadem</strong></span> <span class='ocrx_word' id='word_1_322' title='bbox 2255 2327 2378 2382; x_wconf 77' lang='lat' dir='ltr'><strong>qua:</strong></span> 
     </span>
    </p>
   </div>
   <div class='ocr_carea' id='block_1_44' title="bbox 813 2401 2373 2472">
    <p class='ocr_par' dir='ltr' id='par_1_44' title="bbox 813 2401 2373 2472">
     <span class='ocr_line' id='line_1_44' title="bbox 813 2401 2373 2472; baseline 0.003 -19"><span class='ocrx_word' id='word_1_323' title='bbox 813 2401 1129 2469; x_wconf 71' lang='lat' dir='ltr'><strong>apostolica:</strong></span> <span class='ocrx_word' id='word_1_324' title='bbox 1155 2401 1303 2457; x_wconf 78' lang='lat' dir='ltr'><strong>sedis</strong></span> <span class='ocrx_word' id='word_1_325' title='bbox 1328 2401 1491 2470; x_wconf 78' lang='lat' dir='ltr'><strong>legati</strong></span> <span class='ocrx_word' id='word_1_326' title='bbox 1521 2411 1894 2465; x_wconf 79' lang='lat' dir='ltr'><strong>narraverant,</strong></span> <span class='ocrx_word' id='word_1_327' title='bbox 1929 2403 2148 2472; x_wconf 83' lang='lat' dir='ltr'><strong>scriptis</strong></span> <span class='ocrx_word' id='word_1_328' title='bbox 2170 2417 2373 2458; x_wconf 83' lang='lat' dir='ltr'><strong>conso-</strong></span> 
     </span>
    </p>
   </div>
   <div class='ocr_carea' id='block_1_45' title="bbox 814 2491 1846 2560">
    <p class='ocr_par' dir='ltr' id='par_1_45' title="bbox 814 2491 1846 2560">
     <span class='ocr_line' id='line_1_45' title="bbox 814 2491 1846 2560; baseline 0 -17"><span class='ocrx_word' id='word_1_329' title='bbox 814 2491 1075 2546; x_wconf 85' lang='lat' dir='ltr'><strong>nantibus</strong></span> <span class='ocrx_word' id='word_1_330' title='bbox 1101 2492 1398 2545; x_wconf 85' lang='lat' dir='ltr'><strong>conveuire</strong></span> <span class='ocrx_word' id='word_1_331' title='bbox 1426 2491 1846 2560; x_wconf 63' lang='lat' dir='ltr'><strong>comperimus.»</strong></span> 
     </span>
    </p>
   </div>
   <div class='ocr_carea' id='block_1_46' title="bbox 2483 2221 4065 2294">
    <p class='ocr_par' dir='ltr' id='par_1_46' title="bbox 2483 2221 4065 2294">
     <span class='ocr_line' id='line_1_46' title="bbox 2483 2221 4065 2294; baseline 0.001 -21"><span class='ocrx_word' id='word_1_332' title='bbox 2483 2221 2882 2290; x_wconf 77' lang='grc' dir='ltr'>θεματίζουσαν</span> <span class='ocrx_word' id='word_1_333' title='bbox 2941 2224 3032 2276; x_wconf 79' lang='grc' dir='ltr'><strong>τὸν</strong></span> <span class='ocrx_word' id='word_1_334' title='bbox 3089 2224 3367 2294; x_wconf 86' lang='grc' dir='ltr'>Ὀνώριον.</span> <span class='ocrx_word' id='word_1_335' title='bbox 3421 2227 3531 2279; x_wconf 74' lang='grc' dir='ltr'><strong>Καὶ</strong></span> <span class='ocrx_word' id='word_1_336' title='bbox 3574 2226 3634 2276; x_wconf 77' lang='grc' dir='ltr'>οὐ</span> <span class='ocrx_word' id='word_1_337' title='bbox 3680 2225 3942 2288; x_wconf 77' lang='grc' dir='ltr'>συνεῖδες,</span> <span class='ocrx_word' id='word_1_338' title='bbox 3979 2227 4065 2276; x_wconf 79' lang='grc' dir='ltr'>ὅτι</span> 
     </span>
    </p>
   </div>
   <div class='ocr_carea' id='block_1_47' title="bbox 2485 2312 4061 2391">
    <p class='ocr_par' dir='ltr' id='par_1_47' title="bbox 2485 2312 4061 2391">
     <span class='ocr_line' id='line_1_47' title="bbox 2485 2312 4061 2391; baseline 0.003 -28"><span class='ocrx_word' id='word_1_339' title='bbox 2485 2312 2765 2391; x_wconf 67' lang='grc' dir='ltr'>προδήλως</span> <span class='ocrx_word' id='word_1_340' title='bbox 2822 2315 2998 2384; x_wconf 84' lang='grc' dir='ltr'>ἐαυτῷ</span> <span class='ocrx_word' id='word_1_341' title='bbox 3047 2317 3330 2386; x_wconf 82' lang='grc' dir='ltr'>μάχεταιό</span> <span class='ocrx_word' id='word_1_342' title='bbox 3378 2319 3551 2380; x_wconf 88' lang='grc' dir='ltr'>Λέων,</span> <span class='ocrx_word' id='word_1_343' title='bbox 3601 2320 3759 2388; x_wconf 86' lang='grc' dir='ltr'>εἴπερ</span> <span class='ocrx_word' id='word_1_344' title='bbox 3789 2313 3857 2388; x_wconf 73' lang='grc' dir='ltr'><strong>ἦν</strong></span> <span class='ocrx_word' id='word_1_345' title='bbox 3883 2316 4061 2370; x_wconf 74' lang='grc' dir='ltr'>ταῦτα</span> 
     </span>
    </p>
   </div>
   <div class='ocr_carea' id='block_1_48' title="bbox 2483 2405 4064 2478">
    <p class='ocr_par' dir='ltr' id='par_1_48' title="bbox 2483 2405 4064 2478">
     <span class='ocr_line' id='line_1_48' title="bbox 2483 2405 4064 2478; baseline 0 -19"><span class='ocrx_word' id='word_1_346' title='bbox 2483 2405 2681 2476; x_wconf 71' lang='grc' dir='ltr'>ἀληθῆ*</span> <span class='ocrx_word' id='word_1_347' title='bbox 2742 2407 2958 2476; x_wconf 86' lang='grc' dir='ltr'>πρῶτον</span> <span class='ocrx_word' id='word_1_348' title='bbox 3017 2408 3116 2476; x_wconf 77' lang='grc' dir='ltr'>μὲν</span> <span class='ocrx_word' id='word_1_349' title='bbox 3157 2409 3266 2477; x_wconf 76' lang='grc' dir='ltr'>γὰρ</span> <span class='ocrx_word' id='word_1_350' title='bbox 3314 2409 3490 2476; x_wconf 62' lang='grc' dir='ltr'>ὶέγεν</span> <span class='ocrx_word' id='word_1_351' title='bbox 3556 2428 3573 2460; x_wconf 82' lang='grc' dir='ltr'><strong>ι</strong></span> <span class='ocrx_word' id='word_1_352' title='bbox 3609 2409 3914 2478; x_wconf 73' lang='grc' dir='ltr'>Τοιγαροῦν</span> <span class='ocrx_word' id='word_1_353' title='bbox 3947 2409 4064 2460; x_wconf 86' lang='grc' dir='ltr'><strong>τῶν</strong></span> 
     </span>
    </p>
   </div>
   <div class='ocr_carea' id='block_1_49' title="bbox 2485 2497 4064 2570">
    <p class='ocr_par' dir='ltr' id='par_1_49' title="bbox 2485 2497 4064 2570">
     <span class='ocr_line' id='line_1_49' title="bbox 2485 2497 4064 2570; baseline 0.003 -22"><span class='ocrx_word' id='word_1_354' title='bbox 2485 2497 2778 2550; x_wconf 81' lang='grc' dir='ltr'>συνοδικῶν</span> <span class='ocrx_word' id='word_1_355' title='bbox 2808 2499 2868 2550; x_wconf 80' lang='grc' dir='ltr'><strong>τὸ</strong></span> <span class='ocrx_word' id='word_1_356' title='bbox 2894 2497 3026 2566; x_wconf 84' lang='grc' dir='ltr'>ὕφος</span> <span class='ocrx_word' id='word_1_357' title='bbox 3057 2500 3488 2569; x_wconf 69' lang='grc' dir='ltr'>ἀναδραμόντες,</span> <span class='ocrx_word' id='word_1_358' title='bbox 3530 2503 3625 2553; x_wconf 73' lang='grc' dir='ltr'><strong>καὶ</strong></span> <span class='ocrx_word' id='word_1_359' title='bbox 3653 2501 3932 2570; x_wconf 74' lang='grc' dir='ltr'>ἐπιμελῶς</span> <span class='ocrx_word' id='word_1_360' title='bbox 3964 2518 4064 2553; x_wconf 75' lang='grc' dir='ltr'>πε-</span> 
     </span>
    </p>
   </div>
   <div class='ocr_carea' id='block_1_50' title="bbox 816 2586 4066 2667">
    <p class='ocr_par' dir='ltr' id='par_1_50' title="bbox 816 2586 4066 2667">
     <span class='ocr_line' id='line_1_50' title="bbox 816 2586 4066 2667; baseline 0.004 -28"><span class='ocrx_word' id='word_1_361' title='bbox 816 2589 1259 2658; x_wconf 84' lang='grc' dir='ltr'>ριεργασάμενοι,</span> <span class='ocrx_word' id='word_1_362' title='bbox 1292 2590 1388 2640; x_wconf 80' lang='grc' dir='ltr'><strong>καὶ</strong></span> <span class='ocrx_word' id='word_1_363' title='bbox 1422 2588 1629 2642; x_wconf 74' lang='grc' dir='ltr'>ἕκαστα</span> <span class='ocrx_word' id='word_1_364' title='bbox 1646 2586 1753 2640; x_wconf 89' lang='grc' dir='ltr'><strong>τῶν</strong></span> <span class='ocrx_word' id='word_1_365' title='bbox 1776 2588 2184 2660; x_wconf 78' lang='grc' dir='ltr'><strong>ὑπομνημάτων</strong></span> <span class='ocrx_word' id='word_1_366' title='bbox 2253 2591 2687 2662; x_wconf 81' lang='grc' dir='ltr'>ἀπαιτήσαντες,</span> <span class='ocrx_word' id='word_1_367' title='bbox 2754 2594 2822 2647; x_wconf 87' lang='grc' dir='ltr'><strong>τά</strong></span> <span class='ocrx_word' id='word_1_368' title='bbox 2880 2595 3019 2648; x_wconf 74' lang='grc' dir='ltr'>αὐτὰ</span> <span class='ocrx_word' id='word_1_369' title='bbox 3050 2595 3193 2663; x_wconf 82' lang='grc' dir='ltr'>ἆπερ</span> <span class='ocrx_word' id='word_1_370' title='bbox 3216 2597 3310 2648; x_wconf 75' lang='grc' dir='ltr'><strong>καὶ</strong></span> <span class='ocrx_word' id='word_1_371' title='bbox 3338 2598 3385 2648; x_wconf 79' lang='lat' dir='ltr'><strong>oi.</strong></span> <span class='ocrx_word' id='word_1_372' title='bbox 3411 2597 3504 2648; x_wconf 84' lang='grc' dir='ltr'><strong>τοῦ</strong></span> <span class='ocrx_word' id='word_1_373' title='bbox 3536 2598 3908 2650; x_wconf 87' lang='grc' dir='ltr'>ἀποστολικοῦ</span> <span class='ocrx_word' id='word_1_374' title='bbox 3937 2599 4066 2667; x_wconf 82' lang='grc' dir='ltr'>θρό-</span> 
     </span>
    </p>
   </div>
   <div class='ocr_carea' id='block_1_51' title="bbox 815 2682 3306 2758">
    <p class='ocr_par' dir='ltr' id='par_1_51' title="bbox 815 2682 3306 2758">
     <span class='ocr_line' id='line_1_51' title="bbox 815 2682 3306 2758; baseline 0.004 -28"><span class='ocrx_word' id='word_1_375' title='bbox 815 2699 906 2734; x_wconf 66' lang='grc' dir='ltr'><strong>ιου</strong></span> <span class='ocrx_word' id='word_1_376' title='bbox 940 2682 1260 2751; x_wconf 81' lang='grc' dir='ltr'>ληγατάριοι</span> <span class='ocrx_word' id='word_1_377' title='bbox 1318 2685 1680 2753; x_wconf 77' lang='grc' dir='ltr'>ἐξηγήσαντο,</span> <span class='ocrx_word' id='word_1_378' title='bbox 1739 2687 1851 2747; x_wconf 86' lang='grc' dir='ltr'>τοῖς</span> <span class='ocrx_word' id='word_1_379' title='bbox 1880 2683 2267 2753; x_wconf 80' lang='grc' dir='ltr'>συμφωνοῦσιν</span> <span class='ocrx_word' id='word_1_380' title='bbox 2309 2689 2612 2757; x_wconf 78' lang='grc' dir='ltr'>ἐγγράφοις</span> <span class='ocrx_word' id='word_1_381' title='bbox 2637 2687 2883 2758; x_wconf 78' lang='grc' dir='ltr'>ηὕρομεν</span> <span class='ocrx_word' id='word_1_382' title='bbox 2911 2689 3256 2758; x_wconf 80' lang='grc' dir='ltr'>συμὸαίνειν.</span> <span class='ocrx_word' id='word_1_383' title='bbox 3289 2708 3306 2740; x_wconf 77' lang='grc' dir='ltr'><strong>ι</strong></span> 
     </span>
    </p>
   </div>
   <div class='ocr_carea' id='block_1_52' title="bbox 883 2779 2378 2857">
    <p class='ocr_par' dir='ltr' id='par_1_52' title="bbox 883 2779 2378 2857">
     <span class='ocr_line' id='line_1_52' title="bbox 883 2779 2378 2857; baseline 0.003 -25"><span class='ocrx_word' id='word_1_384' title='bbox 883 2779 964 2834; x_wconf 71' lang='grc' dir='ltr'><strong>ιω</strong></span> <span class='ocrx_word' id='word_1_385' title='bbox 993 2781 1155 2834; x_wconf 84' lang='lat' dir='ltr'><strong>habet</strong></span> <span class='ocrx_word' id='word_1_386' title='bbox 1202 2781 1432 2849; x_wconf 88' lang='lat' dir='ltr'><strong>epistola</strong></span> <span class='ocrx_word' id='word_1_387' title='bbox 1463 2797 1614 2850; x_wconf 65' lang='lat' dir='ltr'><strong>papa:</strong></span> <span class='ocrx_word' id='word_1_388' title='bbox 1680 2782 1733 2835; x_wconf 93' lang='lat' dir='ltr'><strong>in</strong></span> <span class='ocrx_word' id='word_1_389' title='bbox 1782 2782 2032 2837; x_wconf 60' lang='lat' dir='ltr'><strong>Graacum</strong></span> <span class='ocrx_word' id='word_1_390' title='bbox 2089 2797 2378 2857; x_wconf 69' lang='lat' dir='ltr'><strong>conversa,</strong></span> 
     </span>
    </p>
   </div>
   <div class='ocr_carea' id='block_1_53' title="bbox 813 2872 2378 2943">
    <p class='ocr_par' dir='ltr' id='par_1_53' title="bbox 813 2872 2378 2943">
     <span class='ocr_line' id='line_1_53' title="bbox 813 2872 2378 2943; baseline 0.003 -19"><span class='ocrx_word' id='word_1_391' title='bbox 813 2887 935 2941; x_wconf 69' lang='lat' dir='ltr'><strong>qua!</strong></span> <span class='ocrx_word' id='word_1_392' title='bbox 963 2872 1008 2927; x_wconf 88' lang='lat' dir='ltr'><strong>si</strong></span> <span class='ocrx_word' id='word_1_393' title='bbox 1045 2888 1191 2927; x_wconf 88' lang='lat' dir='ltr'><strong>nunc</strong></span> <span class='ocrx_word' id='word_1_394' title='bbox 1211 2883 1472 2938; x_wconf 76' lang='lat' dir='ltr'><strong>exstaret,</strong></span> <span class='ocrx_word' id='word_1_395' title='bbox 1515 2885 1573 2928; x_wconf 90' lang='lat' dir='ltr'><strong>ut</strong></span> <span class='ocrx_word' id='word_1_396' title='bbox 1611 2875 1813 2942; x_wconf 88' lang='lat' dir='ltr'><strong>scripta</strong></span> <span class='ocrx_word' id='word_1_397' title='bbox 1869 2874 1975 2928; x_wconf 84' lang='lat' dir='ltr'><strong>fuit</strong></span> <span class='ocrx_word' id='word_1_398' title='bbox 2011 2889 2041 2927; x_wconf 91' lang='lat' dir='ltr'><strong>a</strong></span> <span class='ocrx_word' id='word_1_399' title='bbox 2073 2890 2235 2943; x_wconf 90' lang='lat' dir='ltr'><strong>papa,</strong></span> <span class='ocrx_word' id='word_1_400' title='bbox 2272 2874 2378 2928; x_wconf 86' lang='lat' dir='ltr'><strong>La-</strong></span> 
     </span>
    </p>
   </div>
   <div class='ocr_carea' id='block_1_54' title="bbox 816 2963 2382 3033">
    <p class='ocr_par' dir='ltr' id='par_1_54' title="bbox 816 2963 2382 3033">
     <span class='ocr_line' id='line_1_54' title="bbox 816 2963 2382 3033; baseline 0.001 -17"><span class='ocrx_word' id='word_1_401' title='bbox 816 2963 1186 3031; x_wconf 86' lang='lat' dir='ltr'><strong>tine,integra</strong></span> <span class='ocrx_word' id='word_1_402' title='bbox 1205 2971 1260 3016; x_wconf 89' lang='lat' dir='ltr'><strong>et</strong></span> <span class='ocrx_word' id='word_1_403' title='bbox 1326 2963 1666 3033; x_wconf 87' lang='lat' dir='ltr'><strong>incorrupta,</strong></span> <span class='ocrx_word' id='word_1_404' title='bbox 1708 2963 1954 3033; x_wconf 79' lang='lat' dir='ltr'><strong>proiecto</strong></span> <span class='ocrx_word' id='word_1_405' title='bbox 1992 2963 2175 3016; x_wconf 66' lang='lat' dir='ltr'><strong>multa:</strong></span> <span class='ocrx_word' id='word_1_406' title='bbox 2237 2964 2382 3019; x_wconf 90' lang='lat' dir='ltr'><strong>dete-</strong></span> 
     </span>
    </p>
   </div>
   <div class='ocr_carea' id='block_1_55' title="bbox 814 3054 2377 3124">
    <p class='ocr_par' dir='ltr' id='par_1_55' title="bbox 814 3054 2377 3124">
     <span class='ocr_line' id='line_1_55' title="bbox 814 3054 2377 3124; baseline 0.001 -18"><span class='ocrx_word' id='word_1_407' title='bbox 814 3063 1075 3121; x_wconf 84' lang='lat' dir='ltr'><strong>gerentur</strong></span> <span class='ocrx_word' id='word_1_408' title='bbox 1103 3054 1353 3119; x_wconf 69' lang='lat' dir='ltr'><strong>fallat-im,</strong></span> <span class='ocrx_word' id='word_1_409' title='bbox 1369 3070 1505 3124; x_wconf 88' lang='lat' dir='ltr'><strong>quas</strong></span> <span class='ocrx_word' id='word_1_410' title='bbox 1525 3063 1790 3110; x_wconf 88' lang='lat' dir='ltr'><strong>consueta</strong></span> <span class='ocrx_word' id='word_1_411' title='bbox 1807 3054 2106 3109; x_wconf 88' lang='lat' dir='ltr'><strong>immiscuit</strong></span> <span class='ocrx_word' id='word_1_412' title='bbox 2122 3054 2377 3108; x_wconf 79' lang='lat' dir='ltr'><strong>audacia.</strong></span> 
     </span>
    </p>
   </div>
   <div class='ocr_carea' id='block_1_56' title="bbox 814 3145 2385 3217">
    <p class='ocr_par' dir='ltr' id='par_1_56' title="bbox 814 3145 2385 3217">
     <span class='ocr_line' id='line_1_56' title="bbox 814 3145 2385 3217; baseline 0.001 -18"><span class='ocrx_word' id='word_1_413' title='bbox 814 3145 1083 3199; x_wconf 72' lang='lat' dir='ltr'><strong>Caeterum</strong></span> <span class='ocrx_word' id='word_1_414' title='bbox 1115 3154 1240 3214; x_wconf 88' lang='lat' dir='ltr'><strong>post</strong></span> <span class='ocrx_word' id='word_1_415' title='bbox 1267 3158 1346 3201; x_wconf 94' lang='lat' dir='ltr'><strong>tot</strong></span> <span class='ocrx_word' id='word_1_416' title='bbox 1381 3147 1601 3201; x_wconf 77' lang='lat' dir='ltr'><strong>fraudes</strong></span> <span class='ocrx_word' id='word_1_417' title='bbox 1624 3147 1813 3211; x_wconf 90' lang='lat' dir='ltr'><strong>etiam,</strong></span> <span class='ocrx_word' id='word_1_418' title='bbox 1835 3161 1958 3216; x_wconf 75' lang='lat' dir='ltr'><strong>qua:</strong></span> <span class='ocrx_word' id='word_1_419' title='bbox 1983 3161 2263 3217; x_wconf 85' lang='lat' dir='ltr'><strong>nunquam</strong></span> <span class='ocrx_word' id='word_1_420' title='bbox 2291 3161 2385 3200; x_wconf 77' lang='lat' dir='ltr'><strong>ex-</strong></span> 
     </span>
    </p>
   </div>
   <div class='ocr_carea' id='block_1_57' title="bbox 812 3241 1624 3307">
    <p class='ocr_par' dir='ltr' id='par_1_57' title="bbox 812 3241 1624 3307">
     <span class='ocr_line' id='line_1_57' title="bbox 812 3241 1624 3307; baseline 0.005 -19"><span class='ocrx_word' id='word_1_421' title='bbox 812 3250 1110 3307; x_wconf 79' lang='lat' dir='ltr'><strong>pugnatur,</strong></span> <span class='ocrx_word' id='word_1_422' title='bbox 1146 3247 1370 3307; x_wconf 84' lang='lat' dir='ltr'><strong>apparet</strong></span> <span class='ocrx_word' id='word_1_423' title='bbox 1403 3241 1624 3293; x_wconf 87' lang='lat' dir='ltr'><strong>veritas.</strong></span> 
     </span>
    </p>
   </div>
   <div class='ocr_carea' id='block_1_58' title="bbox 885 3329 2387 3400">
    <p class='ocr_par' dir='ltr' id='par_1_58' title="bbox 885 3329 2387 3400">
     <span class='ocr_line' id='line_1_58' title="bbox 885 3329 2387 3400; baseline 0.001 -16"><span class='ocrx_word' id='word_1_424' title='bbox 885 3330 1028 3385; x_wconf 79' lang='lat' dir='ltr'><strong>Dicit</strong></span> <span class='ocrx_word' id='word_1_425' title='bbox 1056 3329 1166 3384; x_wconf 90' lang='lat' dir='ltr'><strong>Leo</strong></span> <span class='ocrx_word' id='word_1_426' title='bbox 1187 3345 1349 3399; x_wconf 89' lang='lat' dir='ltr'><strong>papa,</strong></span> <span class='ocrx_word' id='word_1_427' title='bbox 1364 3330 1705 3400; x_wconf 78' lang='lat' dir='ltr'><strong>synodalium</strong></span> <span class='ocrx_word' id='word_1_428' title='bbox 1731 3339 2006 3400; x_wconf 90' lang='lat' dir='ltr'><strong>gestorum</strong></span> <span class='ocrx_word' id='word_1_429' title='bbox 2034 3347 2092 3386; x_wconf 88' lang='lat' dir='ltr'><strong>se</strong></span> <span class='ocrx_word' id='word_1_430' title='bbox 2113 3346 2387 3386; x_wconf 88' lang='lat' dir='ltr'><strong>commen-</strong></span> 
     </span>
    </p>
   </div>
   <div class='ocr_carea' id='block_1_59' title="bbox 816 3405 2387 3493">
    <p class='ocr_par' dir='ltr' id='par_1_59' title="bbox 816 3405 2387 3493">
     <span class='ocr_line' id='line_1_59' title="bbox 816 3405 2387 3493; baseline 0.001 -17"><span class='ocrx_word' id='word_1_431' title='bbox 816 3423 988 3477; x_wconf 87' lang='lat' dir='ltr'><strong>tarios</strong></span> <span class='ocrx_word' id='word_1_432' title='bbox 1013 3427 1378 3492; x_wconf 86' lang='lat' dir='ltr'><strong>percurrisse,</strong></span> <span class='ocrx_word' id='word_1_433' title='bbox 1399 3405 1456 3476; x_wconf 83' lang='lat' dir='ltr'><strong>et</strong></span> <span class='ocrx_word' id='word_1_434' title='bbox 1490 3423 1875 3476; x_wconf 81' lang='lat' dir='ltr'><strong>convenientia</strong></span> <span class='ocrx_word' id='word_1_435' title='bbox 1933 3423 2205 3491; x_wconf 85' lang='lat' dir='ltr'><strong>reperisse</strong></span> <span class='ocrx_word' id='word_1_436' title='bbox 2265 3439 2387 3493; x_wconf 66' lang='lat' dir='ltr'><strong>qua:</strong></span> 
     </span>
    </p>
   </div>
   <div class='ocr_carea' id='block_1_60' title="bbox 813 3514 2387 3586">
    <p class='ocr_par' dir='ltr' id='par_1_60' title="bbox 813 3514 2387 3586">
     <span class='ocr_line' id='line_1_60' title="bbox 813 3514 2387 3586; baseline 0.001 -17"><span class='ocrx_word' id='word_1_437' title='bbox 813 3515 948 3586; x_wconf 70' lang='lat' dir='ltr'><strong>legit</strong></span> <span class='ocrx_word' id='word_1_438' title='bbox 987 3531 1112 3569; x_wconf 91' lang='lat' dir='ltr'><strong>cum</strong></span> <span class='ocrx_word' id='word_1_439' title='bbox 1147 3514 1462 3569; x_wconf 87' lang='lat' dir='ltr'><strong>narratione</strong></span> <span class='ocrx_word' id='word_1_440' title='bbox 1506 3515 1840 3584; x_wconf 88' lang='lat' dir='ltr'><strong>legatormn.</strong></span> <span class='ocrx_word' id='word_1_441' title='bbox 1880 3514 2084 3570; x_wconf 88' lang='lat' dir='ltr'><strong>Deinde</strong></span> <span class='ocrx_word' id='word_1_442' title='bbox 2123 3514 2263 3569; x_wconf 79' lang='lat' dir='ltr'><strong>infra</strong></span> <span class='ocrx_word' id='word_1_443' title='bbox 2292 3529 2387 3570; x_wconf 92' lang='lat' dir='ltr'><strong>no-</strong></span> 
     </span>
    </p>
   </div>
   <div class='ocr_carea' id='block_1_61' title="bbox 817 3605 2385 3676">
    <p class='ocr_par' dir='ltr' id='par_1_61' title="bbox 817 3605 2385 3676">
     <span class='ocr_line' id='line_1_61' title="bbox 817 3605 2385 3676; baseline 0 -16"><span class='ocrx_word' id='word_1_444' title='bbox 817 3608 1066 3662; x_wconf 86' lang='lat' dir='ltr'><strong>minatim</strong></span> <span class='ocrx_word' id='word_1_445' title='bbox 1119 3607 1308 3662; x_wconf 82' lang='lat' dir='ltr'><strong>laudat</strong></span> <span class='ocrx_word' id='word_1_446' title='bbox 1357 3607 1647 3676; x_wconf 87' lang='lat' dir='ltr'><strong>epistolam</strong></span> <span class='ocrx_word' id='word_1_447' title='bbox 1671 3607 1998 3676; x_wconf 79' lang='lat' dir='ltr'><strong>Agathonis,</strong></span> <span class='ocrx_word' id='word_1_448' title='bbox 2026 3621 2149 3676; x_wconf 74' lang='lat' dir='ltr'><strong>qua:</strong></span> <span class='ocrx_word' id='word_1_449' title='bbox 2179 3605 2385 3660; x_wconf 84' lang='lat' dir='ltr'><strong>inserta</strong></span> 
     </span>
    </p>
   </div>
   <div class='ocr_carea' id='block_1_62' title="bbox 815 3697 2385 3769">
    <p class='ocr_par' dir='ltr' id='par_1_62' title="bbox 815 3697 2385 3769">
     <span class='ocr_line' id='line_1_62' title="bbox 815 3697 2385 3769; baseline 0.001 -18"><span class='ocrx_word' id='word_1_450' title='bbox 815 3709 896 3752; x_wconf 77' lang='lat' dir='ltr'><strong>t-st</strong></span> <span class='ocrx_word' id='word_1_451' title='bbox 935 3699 1074 3753; x_wconf 85' lang='lat' dir='ltr'><strong>actis</strong></span> <span class='ocrx_word' id='word_1_452' title='bbox 1101 3708 1268 3754; x_wconf 69' lang='lat' dir='ltr'><strong>sexta:</strong></span> <span class='ocrx_word' id='word_1_453' title='bbox 1311 3699 1530 3768; x_wconf 82' lang='lat' dir='ltr'><strong>synodi.</strong></span> <span class='ocrx_word' id='word_1_454' title='bbox 1578 3697 1864 3764; x_wconf 86' lang='lat' dir='ltr'><strong>Quomodo</strong></span> <span class='ocrx_word' id='word_1_455' title='bbox 1906 3698 2385 3769; x_wconf 87' lang='lat' dir='ltr'><strong>igiturAgatbonis</strong></span> 
     </span>
    </p>
   </div>
   <div class='ocr_carea' id='block_1_63' title="bbox 813 3790 2384 3861">
    <p class='ocr_par' dir='ltr' id='par_1_63' title="bbox 813 3790 2384 3861">
     <span class='ocr_line' id='line_1_63' title="bbox 813 3790 2384 3861; baseline 0 -17"><span class='ocrx_word' id='word_1_456' title='bbox 813 3792 1044 3859; x_wconf 87' lang='lat' dir='ltr'><strong>cpistola</strong></span> <span class='ocrx_word' id='word_1_457' title='bbox 1076 3792 1246 3846; x_wconf 85' lang='lat' dir='ltr'><strong>libere</strong></span> <span class='ocrx_word' id='word_1_458' title='bbox 1300 3791 1658 3861; x_wconf 64' lang='lat' dir='ltr'><strong>pratdicante,</strong></span> <span class='ocrx_word' id='word_1_459' title='bbox 1706 3790 1916 3844; x_wconf 91' lang='lat' dir='ltr'><strong>nullum</strong></span> <span class='ocrx_word' id='word_1_460' title='bbox 1942 3805 2136 3860; x_wconf 87' lang='lat' dir='ltr'><strong>papam</strong></span> <span class='ocrx_word' id='word_1_461' title='bbox 2169 3803 2384 3844; x_wconf 88' lang='lat' dir='ltr'><strong>errasse</strong></span> 
     </span>
    </p>
   </div>
   <div class='ocr_carea' id='block_1_64' title="bbox 815 3880 2381 3950">
    <p class='ocr_par' dir='ltr' id='par_1_64' title="bbox 815 3880 2381 3950">
     <span class='ocr_line' id='line_1_64' title="bbox 815 3880 2381 3950; baseline -0.003 -13"><span class='ocrx_word' id='word_1_462' title='bbox 815 3885 870 3937; x_wconf 88' lang='lat' dir='ltr'><strong>in</strong></span> <span class='ocrx_word' id='word_1_463' title='bbox 903 3882 1031 3944; x_wconf 73' lang='lat' dir='ltr'><strong>title.</strong></span> <span class='ocrx_word' id='word_1_464' title='bbox 1065 3883 1199 3949; x_wconf 79' lang='lat' dir='ltr'><strong>Leo,</strong></span> <span class='ocrx_word' id='word_1_465' title='bbox 1263 3897 1546 3937; x_wconf 85' lang='lat' dir='ltr'><strong>successor</strong></span> <span class='ocrx_word' id='word_1_466' title='bbox 1600 3880 1924 3949; x_wconf 80' lang='lat' dir='ltr'><strong>Agathonis,</strong></span> <span class='ocrx_word' id='word_1_467' title='bbox 1984 3893 2040 3935; x_wconf 92' lang='lat' dir='ltr'><strong>et</strong></span> <span class='ocrx_word' id='word_1_468' title='bbox 2099 3880 2381 3950; x_wconf 83' lang='lat' dir='ltr'><strong>epistolam</strong></span> 
     </span>
    </p>
   </div>
   <div class='ocr_carea' id='block_1_65' title="bbox 815 3972 2385 4044">
    <p class='ocr_par' dir='ltr' id='par_1_65' title="bbox 815 3972 2385 4044">
     <span class='ocr_line' id='line_1_65' title="bbox 815 3972 2385 4044; baseline -0.002 -16"><span class='ocrx_word' id='word_1_469' title='bbox 815 3977 1000 4029; x_wconf 84' lang='lat' dir='ltr'><strong>laudat</strong></span> <span class='ocrx_word' id='word_1_470' title='bbox 1038 3985 1094 4029; x_wconf 91' lang='lat' dir='ltr'><strong>et</strong></span> <span class='ocrx_word' id='word_1_471' title='bbox 1116 3975 1386 4029; x_wconf 89' lang='lat' dir='ltr'><strong>contraria</strong></span> <span class='ocrx_word' id='word_1_472' title='bbox 1415 3973 1656 4044; x_wconf 77' lang='lat' dir='ltr'><strong>epistola:</strong></span> <span class='ocrx_word' id='word_1_473' title='bbox 1676 3972 1839 4027; x_wconf 83' lang='lat' dir='ltr'><strong>dicit?</strong></span> <span class='ocrx_word' id='word_1_474' title='bbox 1885 3973 2173 4038; x_wconf 86' lang='lat' dir='ltr'><strong>Quomodo</strong></span> <span class='ocrx_word' id='word_1_475' title='bbox 2205 3973 2385 4026; x_wconf 85' lang='lat' dir='ltr'><strong>llono-</strong></span> 
     </span>
    </p>
   </div>
   <div class='ocr_carea' id='block_1_66' title="bbox 818 4063 2383 4136">
    <p class='ocr_par' dir='ltr' id='par_1_66' title="bbox 818 4063 2383 4136">
     <span class='ocr_line' id='line_1_66' title="bbox 818 4063 2383 4136; baseline -0.002 -15"><span class='ocrx_word' id='word_1_476' title='bbox 818 4067 986 4132; x_wconf 85' lang='lat' dir='ltr'><strong>riunt,</strong></span> <span class='ocrx_word' id='word_1_477' title='bbox 1017 4082 1178 4136; x_wconf 89' lang='lat' dir='ltr'><strong>quem</strong></span> <span class='ocrx_word' id='word_1_478' title='bbox 1206 4065 1415 4136; x_wconf 83' lang='lat' dir='ltr'><strong>Agatho</strong></span> <span class='ocrx_word' id='word_1_479' title='bbox 1453 4066 1696 4120; x_wconf 82' lang='lat' dir='ltr'><strong>vindicat</strong></span> <span class='ocrx_word' id='word_1_480' title='bbox 1725 4080 1757 4118; x_wconf 87' lang='lat' dir='ltr'><strong>a</strong></span> <span class='ocrx_word' id='word_1_481' title='bbox 1791 4065 2080 4119; x_wconf 81' lang='lat' dir='ltr'><strong>calumniis</strong></span> <span class='ocrx_word' id='word_1_482' title='bbox 2102 4063 2383 4118; x_wconf 67' lang='lat' dir='ltr'><strong>hmretico-</strong></span> 
     </span>
    </p>
   </div>
   <div class='ocr_carea' id='block_1_67' title="bbox 819 4153 2383 4222">
    <p class='ocr_par' dir='ltr' id='par_1_67' title="bbox 819 4153 2383 4222">
     <span class='ocr_line' id='line_1_67' title="bbox 819 4153 2383 4222; baseline -0.003 -12"><span class='ocrx_word' id='word_1_483' title='bbox 819 4174 964 4222; x_wconf 91' lang='lat' dir='ltr'><strong>rum,</strong></span> <span class='ocrx_word' id='word_1_484' title='bbox 993 4157 1109 4212; x_wconf 89' lang='lat' dir='ltr'><strong>Leo</strong></span> <span class='ocrx_word' id='word_1_485' title='bbox 1136 4172 1424 4211; x_wconf 90' lang='lat' dir='ltr'><strong>successor</strong></span> <span class='ocrx_word' id='word_1_486' title='bbox 1445 4155 1765 4209; x_wconf 90' lang='lat' dir='ltr'><strong>nominatim</strong></span> <span class='ocrx_word' id='word_1_487' title='bbox 1803 4154 2140 4208; x_wconf 88' lang='lat' dir='ltr'><strong>anathemati</strong></span> <span class='ocrx_word' id='word_1_488' title='bbox 2188 4153 2383 4208; x_wconf 85' lang='lat' dir='ltr'><strong>tradit?</strong></span> 
     </span>
    </p>
   </div>
   <div class='ocr_carea' id='block_1_68' title="bbox 817 4246 2381 4317">
    <p class='ocr_par' dir='ltr' id='par_1_68' title="bbox 817 4246 2381 4317">
     <span class='ocr_line' id='line_1_68' title="bbox 817 4246 2381 4317; baseline -0.003 -15"><span class='ocrx_word' id='word_1_489' title='bbox 817 4250 953 4317; x_wconf 85' lang='lat' dir='ltr'><strong>Quis</strong></span> <span class='ocrx_word' id='word_1_490' title='bbox 1000 4250 1220 4304; x_wconf 87' lang='lat' dir='ltr'><strong>tandem</strong></span> <span class='ocrx_word' id='word_1_491' title='bbox 1271 4249 1375 4304; x_wconf 92' lang='lat' dir='ltr'><strong>hoc</strong></span> <span class='ocrx_word' id='word_1_492' title='bbox 1408 4248 1627 4303; x_wconf 86' lang='lat' dir='ltr'><strong>credit?</strong></span> <span class='ocrx_word' id='word_1_493' title='bbox 1666 4246 1775 4301; x_wconf 89' lang='lat' dir='ltr'><strong>Sed</strong></span> <span class='ocrx_word' id='word_1_494' title='bbox 1808 4255 1965 4300; x_wconf 84' lang='lat' dir='ltr'><strong>vetus</strong></span> <span class='ocrx_word' id='word_1_495' title='bbox 1988 4256 2071 4301; x_wconf 91' lang='lat' dir='ltr'><strong>est</strong></span> <span class='ocrx_word' id='word_1_496' title='bbox 2098 4261 2215 4299; x_wconf 90' lang='lat' dir='ltr'><strong>mos</strong></span> <span class='ocrx_word' id='word_1_497' title='bbox 2244 4261 2381 4314; x_wconf 87' lang='lat' dir='ltr'><strong>quo-</strong></span> 
     </span>
    </p>
   </div>
   <div class='ocr_carea' id='block_1_69' title="bbox 2558 2785 4063 2857">
    <p class='ocr_par' dir='ltr' id='par_1_69' title="bbox 2558 2785 4063 2857">
     <span class='ocr_line' id='line_1_69' title="bbox 2558 2785 4063 2857; baseline 0.001 -19"><span class='ocrx_word' id='word_1_498' title='bbox 2558 2785 2743 2848; x_wconf 80' lang='grc' dir='ltr'>Οὕτως</span> <span class='ocrx_word' id='word_1_499' title='bbox 2767 2787 2880 2855; x_wconf 78' lang='grc' dir='ltr'>ἔχει</span> <span class='ocrx_word' id='word_1_500' title='bbox 2911 2788 2942 2854; x_wconf 82' lang='grc' dir='ltr'><strong>ἡ</strong></span> <span class='ocrx_word' id='word_1_501' title='bbox 2972 2786 3371 2855; x_wconf 79' lang='grc' dir='ltr'>ὲρμηνευθείσα</span> <span class='ocrx_word' id='word_1_502' title='bbox 3404 2787 3485 2849; x_wconf 85' lang='grc' dir='ltr'><strong>είς</strong></span> <span class='ocrx_word' id='word_1_503' title='bbox 3518 2787 3578 2839; x_wconf 81' lang='grc' dir='ltr'>τὸ</span> <span class='ocrx_word' id='word_1_504' title='bbox 3625 2786 3942 2857; x_wconf 80' lang='grc' dir='ltr'>Ἑλληνικὸν</span> <span class='ocrx_word' id='word_1_505' title='bbox 3965 2790 4063 2843; x_wconf 75' lang='grc' dir='ltr'><strong>τοῦ</strong></span> 
     </span>
    </p>
   </div>
   <div class='ocr_carea' id='block_1_70' title="bbox 2487 2875 4065 2948">
    <p class='ocr_par' dir='ltr' id='par_1_70' title="bbox 2487 2875 4065 2948">
     <span class='ocr_line' id='line_1_70' title="bbox 2487 2875 4065 2948; baseline 0.004 -22"><span class='ocrx_word' id='word_1_506' title='bbox 2487 2875 2688 2929; x_wconf 82' lang='grc' dir='ltr'>πάππα</span> <span class='ocrx_word' id='word_1_507' title='bbox 2713 2876 2985 2945; x_wconf 74' lang='grc' dir='ltr'>ἐπιστολή·</span> <span class='ocrx_word' id='word_1_508' title='bbox 3014 2876 3082 2940; x_wconf 87' lang='grc' dir='ltr'>ἣν</span> <span class='ocrx_word' id='word_1_509' title='bbox 3111 2876 3265 2946; x_wconf 79' lang='grc' dir='ltr'>εἴπερ</span> <span class='ocrx_word' id='word_1_510' title='bbox 3287 2877 3381 2928; x_wconf 86' lang='grc' dir='ltr'><strong>νῦν</strong></span> <span class='ocrx_word' id='word_1_511' title='bbox 3406 2878 3621 2946; x_wconf 82' lang='grc' dir='ltr'>εἴχομεν</span> <span class='ocrx_word' id='word_1_512' title='bbox 3638 2878 3712 2939; x_wconf 86' lang='grc' dir='ltr'>ὠς</span> <span class='ocrx_word' id='word_1_513' title='bbox 3745 2880 4065 2948; x_wconf 81' lang='grc' dir='ltr'>γέγραπται</span> 
     </span>
    </p>
   </div>
   <div class='ocr_carea' id='block_1_71' title="bbox 2487 2963 4064 3038">
    <p class='ocr_par' dir='ltr' id='par_1_71' title="bbox 2487 2963 4064 3038">
     <span class='ocr_line' id='line_1_71' title="bbox 2487 2963 4064 3038; baseline 0.003 -23"><span class='ocrx_word' id='word_1_514' title='bbox 2487 2966 2638 3033; x_wconf 84' lang='grc' dir='ltr'><strong>παρά</strong></span> <span class='ocrx_word' id='word_1_515' title='bbox 2665 2963 2761 3016; x_wconf 89' lang='grc' dir='ltr'><strong>τοῦ</strong></span> <span class='ocrx_word' id='word_1_516' title='bbox 2792 2965 2993 3017; x_wconf 86' lang='grc' dir='ltr'>πάππα</span> <span class='ocrx_word' id='word_1_517' title='bbox 3033 2968 3338 3029; x_wconf 81' lang='grc' dir='ltr'>Λατινικῶς</span> <span class='ocrx_word' id='word_1_518' title='bbox 3373 2967 3638 3037; x_wconf 80' lang='grc' dir='ltr'>ἀκεραίαν</span> <span class='ocrx_word' id='word_1_519' title='bbox 3670 2969 3766 3020; x_wconf 75' lang='grc' dir='ltr'><strong>καὶ</strong></span> <span class='ocrx_word' id='word_1_520' title='bbox 3801 2970 4064 3038; x_wconf 61' lang='grc' dir='ltr'>ἀδιάφθα-</span> 
     </span>
    </p>
   </div>
   <div class='ocr_carea' id='block_1_72' title="bbox 2492 3053 4064 3128">
    <p class='ocr_par' dir='ltr' id='par_1_72' title="bbox 2492 3053 4064 3128">
     <span class='ocr_line' id='line_1_72' title="bbox 2492 3053 4064 3128; baseline 0.004 -24"><span class='ocrx_word' id='word_1_521' title='bbox 2492 3070 2605 3122; x_wconf 87' lang='grc' dir='ltr'>ρον,</span> <span class='ocrx_word' id='word_1_522' title='bbox 2634 3053 2846 3105; x_wconf 85' lang='grc' dir='ltr'>πολλῶν</span> <span class='ocrx_word' id='word_1_523' title='bbox 2876 3053 2940 3107; x_wconf 66' lang='lat' dir='ltr'><strong>av</strong></span> <span class='ocrx_word' id='word_1_524' title='bbox 2961 3055 3452 3124; x_wconf 71' lang='grc' dir='ltr'>ῥᾳδιουργημάτων</span> <span class='ocrx_word' id='word_1_525' title='bbox 3481 3058 3511 3125; x_wconf 83' lang='grc' dir='ltr'>ὴ</span> <span class='ocrx_word' id='word_1_526' title='bbox 3546 3055 3674 3126; x_wconf 83' lang='grc' dir='ltr'>φίλη</span> <span class='ocrx_word' id='word_1_527' title='bbox 3695 3059 3875 3126; x_wconf 84' lang='grc' dir='ltr'>τόλμα</span> <span class='ocrx_word' id='word_1_528' title='bbox 3901 3059 4064 3128; x_wconf 74' lang='grc' dir='ltr'>ἠλέγ-</span> 
     </span>
    </p>
   </div>
   <div class='ocr_carea' id='block_1_73' title="bbox 2490 3144 4066 3221">
    <p class='ocr_par' dir='ltr' id='par_1_73' title="bbox 2490 3144 4066 3221">
     <span class='ocr_line' id='line_1_73' title="bbox 2490 3144 4066 3221; baseline 0.006 -27"><span class='ocrx_word' id='word_1_529' title='bbox 2490 3161 2636 3212; x_wconf 85' lang='grc' dir='ltr'>χετο.</span> <span class='ocrx_word' id='word_1_530' title='bbox 2671 3144 2818 3213; x_wconf 83' lang='grc' dir='ltr'>Πλὴν</span> <span class='ocrx_word' id='word_1_531' title='bbox 2863 3146 2957 3197; x_wconf 76' lang='grc' dir='ltr'>καὶ</span> <span class='ocrx_word' id='word_1_532' title='bbox 3015 3147 3154 3213; x_wconf 79' lang='grc' dir='ltr'><strong>μετά</strong></span> <span class='ocrx_word' id='word_1_533' title='bbox 3197 3147 3470 3208; x_wconf 79' lang='grc' dir='ltr'>τοσαύτας</span> <span class='ocrx_word' id='word_1_534' title='bbox 3538 3151 3943 3219; x_wconf 65' lang='grc' dir='ltr'>πανουργίαςή</span> <span class='ocrx_word' id='word_1_535' title='bbox 3991 3156 4066 3221; x_wconf 74' lang='grc' dir='ltr'>μὴ</span> 
     </span>
    </p>
   </div>
   <div class='ocr_carea' id='block_1_74' title="bbox 2491 3234 3575 3306">
    <p class='ocr_par' dir='ltr' id='par_1_74' title="bbox 2491 3234 3575 3306">
     <span class='ocr_line' id='line_1_74' title="bbox 2491 3234 3575 3306; baseline 0.006 -20"><span class='ocrx_word' id='word_1_536' title='bbox 2491 3234 3017 3304; x_wconf 74' lang='grc' dir='ltr'>καταπολιμουμένη</span> <span class='ocrx_word' id='word_1_537' title='bbox 3056 3238 3282 3306; x_wconf 80' lang='grc' dir='ltr'>ἀλήθεια</span> <span class='ocrx_word' id='word_1_538' title='bbox 3306 3241 3575 3302; x_wconf 88' lang='grc' dir='ltr'>φαίνεται.</span> 
     </span>
    </p>
   </div>
   <div class='ocr_carea' id='block_1_75' title="bbox 2560 3327 4063 3400">
    <p class='ocr_par' dir='ltr' id='par_1_75' title="bbox 2560 3327 4063 3400">
     <span class='ocr_line' id='line_1_75' title="bbox 2560 3327 4063 3400; baseline 0.004 -20"><span class='ocrx_word' id='word_1_539' title='bbox 2560 3327 2725 3394; x_wconf 80' lang='grc' dir='ltr'>Λέγει</span> <span class='ocrx_word' id='word_1_540' title='bbox 2753 3331 2781 3379; x_wconf 85' lang='grc' dir='ltr'>ὁ</span> <span class='ocrx_word' id='word_1_541' title='bbox 2817 3329 3006 3391; x_wconf 81' lang='grc' dir='ltr'>πάπας</span> <span class='ocrx_word' id='word_1_542' title='bbox 3035 3330 3187 3381; x_wconf 84' lang='grc' dir='ltr'>Λέων</span> <span class='ocrx_word' id='word_1_543' title='bbox 3215 3331 3320 3382; x_wconf 84' lang='grc' dir='ltr'><strong>τῶν</strong></span> <span class='ocrx_word' id='word_1_544' title='bbox 3349 3329 3644 3382; x_wconf 80' lang='grc' dir='ltr'>συνοδικῶν</span> <span class='ocrx_word' id='word_1_545' title='bbox 3675 3332 3735 3384; x_wconf 82' lang='grc' dir='ltr'>τὸ</span> <span class='ocrx_word' id='word_1_546' title='bbox 3759 3331 3896 3400; x_wconf 84' lang='grc' dir='ltr'>ὕφος</span> <span class='ocrx_word' id='word_1_547' title='bbox 3921 3335 4063 3400; x_wconf 77' lang='grc' dir='ltr'>διεξ-</span> 
     </span>
    </p>
   </div>
   <div class='ocr_carea' id='block_1_76' title="bbox 2490 3414 4062 3489">
    <p class='ocr_par' dir='ltr' id='par_1_76' title="bbox 2490 3414 4062 3489">
     <span class='ocr_line' id='line_1_76' title="bbox 2490 3414 4062 3489; baseline 0.005 -23"><span class='ocrx_word' id='word_1_548' title='bbox 2490 3414 2663 3468; x_wconf 81' lang='grc' dir='ltr'>ελθεῖν</span> <span class='ocrx_word' id='word_1_549' title='bbox 2696 3417 2790 3469; x_wconf 80' lang='grc' dir='ltr'><strong>καὶ</strong></span> <span class='ocrx_word' id='word_1_550' title='bbox 2828 3417 3320 3486; x_wconf 84' lang='grc' dir='ltr'>περιεργάσασθαι,</span> <span class='ocrx_word' id='word_1_551' title='bbox 3357 3422 3449 3471; x_wconf 74' lang='grc' dir='ltr'>καὶ</span> <span class='ocrx_word' id='word_1_552' title='bbox 3485 3420 3883 3487; x_wconf 68' lang='grc' dir='ltr'>συμφωνοῦντα</span> <span class='ocrx_word' id='word_1_553' title='bbox 3906 3425 4062 3489; x_wconf 79' lang='grc' dir='ltr'>ἐφευ-</span> 
     </span>
    </p>
   </div>
   <div class='ocr_carea' id='block_1_77' title="bbox 2492 3509 4057 3586">
    <p class='ocr_par' dir='ltr' id='par_1_77' title="bbox 2492 3509 4057 3586">
     <span class='ocr_line' id='line_1_77' title="bbox 2492 3509 4057 3586; baseline 0.006 -27"><span class='ocrx_word' id='word_1_554' title='bbox 2492 3509 2718 3577; x_wconf 81' lang='grc' dir='ltr'>ρηκὲναι</span> <span class='ocrx_word' id='word_1_555' title='bbox 2749 3511 2817 3561; x_wconf 80' lang='grc' dir='ltr'>τὰ</span> <span class='ocrx_word' id='word_1_556' title='bbox 2846 3510 3217 3579; x_wconf 82' lang='grc' dir='ltr'>ὑπομνήματα</span> <span class='ocrx_word' id='word_1_557' title='bbox 3275 3514 3381 3574; x_wconf 86' lang='grc' dir='ltr'>τοῖς</span> <span class='ocrx_word' id='word_1_558' title='bbox 3433 3513 3611 3580; x_wconf 80' lang='grc' dir='ltr'>λόγοις</span> <span class='ocrx_word' id='word_1_559' title='bbox 3659 3513 3769 3566; x_wconf 89' lang='grc' dir='ltr'><strong>τῶν</strong></span> <span class='ocrx_word' id='word_1_560' title='bbox 3807 3514 4057 3586; x_wconf 84' lang='grc' dir='ltr'>ληγατα-</span> 
     </span>
    </p>
   </div>
   <div class='ocr_carea' id='block_1_78' title="bbox 2490 3595 4064 3676">
    <p class='ocr_par' dir='ltr' id='par_1_78' title="bbox 2490 3595 4064 3676">
     <span class='ocr_line' id='line_1_78' title="bbox 2490 3595 4064 3676; baseline 0.008 -29"><span class='ocrx_word' id='word_1_561' title='bbox 2490 3599 2642 3665; x_wconf 85' lang='grc' dir='ltr'>ρίων.</span> <span class='ocrx_word' id='word_1_562' title='bbox 2676 3595 2810 3653; x_wconf 82' lang='grc' dir='ltr'>Εἶτα</span> <span class='ocrx_word' id='word_1_563' title='bbox 2838 3603 3134 3670; x_wconf 82' lang='grc' dir='ltr'>κατωτέρω</span> <span class='ocrx_word' id='word_1_564' title='bbox 3157 3603 3371 3655; x_wconf 79' lang='grc' dir='ltr'>ἐπαινεῖ</span> <span class='ocrx_word' id='word_1_565' title='bbox 3404 3603 3668 3673; x_wconf 65' lang='grc' dir='ltr'><strong>ὀνομαστὲ⁵</strong></span> <span class='ocrx_word' id='word_1_566' title='bbox 3711 3606 3812 3676; x_wconf 78' lang='grc' dir='ltr'>τὴν</span> <span class='ocrx_word' id='word_1_567' title='bbox 3842 3609 4064 3660; x_wconf 72' lang='grc' dir='ltr'>ἐπιστοο</span> 
     </span>
    </p>
   </div>
   <div class='ocr_carea' id='block_1_79' title="bbox 2487 3688 4064 3766">
    <p class='ocr_par' dir='ltr' id='par_1_79' title="bbox 2487 3688 4064 3766">
     <span class='ocr_line' id='line_1_79' title="bbox 2487 3688 4064 3766; baseline 0.008 -27"><span class='ocrx_word' id='word_1_568' title='bbox 2487 3688 2583 3758; x_wconf 84' lang='grc' dir='ltr'>λὴν</span> <span class='ocrx_word' id='word_1_569' title='bbox 2627 3691 2952 3757; x_wconf 70' lang='grc' dir='ltr'>Ἀγάθωνος,</span> <span class='ocrx_word' id='word_1_570' title='bbox 2984 3693 3104 3760; x_wconf 75' lang='grc' dir='ltr'>ἣτις</span> <span class='ocrx_word' id='word_1_571' title='bbox 3136 3693 3380 3760; x_wconf 79' lang='grc' dir='ltr'>ἔγκειται</span> <span class='ocrx_word' id='word_1_572' title='bbox 3411 3698 3517 3757; x_wconf 87' lang='grc' dir='ltr'>τοῖς</span> <span class='ocrx_word' id='word_1_573' title='bbox 3565 3696 3928 3766; x_wconf 77' lang='grc' dir='ltr'>ὑπομνήμασι</span> <span class='ocrx_word' id='word_1_574' title='bbox 3960 3700 4064 3766; x_wconf 70' lang='grc' dir='ltr'>τῆς</span> 
     </span>
    </p>
   </div>
   <div class='ocr_carea' id='block_1_80' title="bbox 2487 3781 4062 3860">
    <p class='ocr_par' dir='ltr' id='par_1_80' title="bbox 2487 3781 4062 3860">
     <span class='ocr_line' id='line_1_80' title="bbox 2487 3781 4062 3860; baseline 0.007 -27"><span class='ocrx_word' id='word_1_575' title='bbox 2487 3781 2540 3846; x_wconf 81' lang='grc' dir='ltr'>ς’</span> <span class='ocrx_word' id='word_1_576' title='bbox 2574 3783 2814 3838; x_wconf 83' lang='grc' dir='ltr'>συνόδου.</span> <span class='ocrx_word' id='word_1_577' title='bbox 2846 3783 2967 3846; x_wconf 86' lang='grc' dir='ltr'><strong>Πῶς</strong></span> <span class='ocrx_word' id='word_1_578' title='bbox 3003 3783 3096 3836; x_wconf 74' lang='grc' dir='ltr'>οὖν</span> <span class='ocrx_word' id='word_1_579' title='bbox 3148 3787 3248 3854; x_wconf 76' lang='grc' dir='ltr'>τῆς</span> <span class='ocrx_word' id='word_1_580' title='bbox 3279 3787 3375 3838; x_wconf 84' lang='grc' dir='ltr'><strong>τοῦ</strong></span> <span class='ocrx_word' id='word_1_581' title='bbox 3426 3789 3734 3854; x_wconf 78' lang='grc' dir='ltr'>’Δγάθωνος</span> <span class='ocrx_word' id='word_1_582' title='bbox 3765 3793 4062 3860; x_wconf 73' lang='grc' dir='ltr'>ἐπιστολῆς</span> 
     </span>
    </p>
   </div>
   <div class='ocr_carea' id='block_1_81' title="bbox 2487 3877 4061 3955">
    <p class='ocr_par' dir='ltr' id='par_1_81' title="bbox 2487 3877 4061 3955">
     <span class='ocr_line' id='line_1_81' title="bbox 2487 3877 4061 3955; baseline 0.008 -30"><span class='ocrx_word' id='word_1_583' title='bbox 2487 3877 2732 3944; x_wconf 85' lang='grc' dir='ltr'>φανερῶς</span> <span class='ocrx_word' id='word_1_584' title='bbox 2763 3877 3144 3947; x_wconf 79' lang='grc' dir='ltr'>περιεχούσης,</span> <span class='ocrx_word' id='word_1_585' title='bbox 3182 3881 3262 3932; x_wconf 81' lang='grc' dir='ltr'>ὃτι</span> <span class='ocrx_word' id='word_1_586' title='bbox 3286 3883 3516 3942; x_wconf 63' lang='lat' dir='ltr'><strong>uanam;</strong></span> <span class='ocrx_word' id='word_1_587' title='bbox 3547 3882 3723 3944; x_wconf 78' lang='grc' dir='ltr'>οὐδεὶς</span> <span class='ocrx_word' id='word_1_588' title='bbox 3748 3884 3960 3955; x_wconf 76' lang='grc' dir='ltr'>ἐσφάλη</span> <span class='ocrx_word' id='word_1_589' title='bbox 3996 3890 4061 3938; x_wconf 69' lang='grc' dir='ltr'><strong>τά</strong></span> 
     </span>
    </p>
   </div>
   <div class='ocr_carea' id='block_1_82' title="bbox 2486 3966 4058 4043">
    <p class='ocr_par' dir='ltr' id='par_1_82' title="bbox 2486 3966 4058 4043">
     <span class='ocr_line' id='line_1_82' title="bbox 2486 3966 4058 4043; baseline 0.01 -27"><span class='ocrx_word' id='word_1_590' title='bbox 2486 3966 2616 4036; x_wconf 58' lang='grc' dir='ltr'><strong>περὶ⁵</strong></span> <span class='ocrx_word' id='word_1_591' title='bbox 2660 3966 2757 4035; x_wconf 80' lang='grc' dir='ltr'><strong>τὴν</strong></span> <span class='ocrx_word' id='word_1_592' title='bbox 2795 3968 3001 4034; x_wconf 78' lang='grc' dir='ltr'>πίστιν,</span> <span class='ocrx_word' id='word_1_593' title='bbox 3055 3971 3211 4023; x_wconf 87' lang='grc' dir='ltr'>Λέων</span> <span class='ocrx_word' id='word_1_594' title='bbox 3240 3975 3267 4024; x_wconf 82' lang='grc' dir='ltr'>ὁ</span> <span class='ocrx_word' id='word_1_595' title='bbox 3324 3973 3563 4043; x_wconf 77' lang='grc' dir='ltr'>διάδοχος</span> <span class='ocrx_word' id='word_1_596' title='bbox 3621 3974 3931 4043; x_wconf 75' lang='grc' dir='ltr'>Ἀγάθωνος</span> <span class='ocrx_word' id='word_1_597' title='bbox 3967 3986 4058 4034; x_wconf 77' lang='grc' dir='ltr'>καὶ</span> 
     </span>
    </p>
   </div>
   <div class='ocr_carea' id='block_1_83' title="bbox 2485 4058 4053 4140">
    <p class='ocr_par' dir='ltr' id='par_1_83' title="bbox 2485 4058 4053 4140">
     <span class='ocr_line' id='line_1_83' title="bbox 2485 4058 4053 4140; baseline 0.008 -32"><span class='ocrx_word' id='word_1_598' title='bbox 2485 4058 2694 4111; x_wconf 74' lang='grc' dir='ltr'>ἐπαινεῖ</span> <span class='ocrx_word' id='word_1_599' title='bbox 2709 4060 2806 4128; x_wconf 78' lang='grc' dir='ltr'>τὴν</span> <span class='ocrx_word' id='word_1_600' title='bbox 2832 4061 3141 4132; x_wconf 80' lang='grc' dir='ltr'>ἐπιστολὴν,</span> <span class='ocrx_word' id='word_1_601' title='bbox 3165 4065 3258 4116; x_wconf 79' lang='grc' dir='ltr'>καὶ</span> <span class='ocrx_word' id='word_1_602' title='bbox 3291 4065 3508 4117; x_wconf 77' lang='grc' dir='ltr'>ἐναντία</span> <span class='ocrx_word' id='word_1_603' title='bbox 3528 4069 3594 4136; x_wconf 72' lang='grc' dir='ltr'><strong>τῇ</strong></span> <span class='ocrx_word' id='word_1_604' title='bbox 3629 4069 3890 4140; x_wconf 73' lang='grc' dir='ltr'>ἐπιστολῇ</span> <span class='ocrx_word' id='word_1_605' title='bbox 3925 4075 4053 4125; x_wconf 67' lang='grc' dir='ltr'>ἀπο-</span> 
     </span>
    </p>
   </div>
   <div class='ocr_carea' id='block_1_84' title="bbox 2485 4151 4058 4229">
    <p class='ocr_par' dir='ltr' id='par_1_84' title="bbox 2485 4151 4058 4229">
     <span class='ocr_line' id='line_1_84' title="bbox 2485 4151 4058 4229; baseline 0.011 -30"><span class='ocrx_word' id='word_1_606' title='bbox 2485 4151 2774 4216; x_wconf 75' lang='grc' dir='ltr'>φαίνεταις</span> <span class='ocrx_word' id='word_1_607' title='bbox 2834 4153 2954 4212; x_wconf 86' lang='grc' dir='ltr'><strong>Πῶς</strong></span> <span class='ocrx_word' id='word_1_608' title='bbox 2999 4155 3090 4206; x_wconf 81' lang='grc' dir='ltr'>τὸν</span> <span class='ocrx_word' id='word_1_609' title='bbox 3137 4155 3398 4226; x_wconf 75' lang='grc' dir='ltr'>’(ὶνώριον</span> <span class='ocrx_word' id='word_1_610' title='bbox 3426 4159 3528 4225; x_wconf 81' lang='grc' dir='ltr'>τῆς</span> <span class='ocrx_word' id='word_1_611' title='bbox 3571 4160 3860 4229; x_wconf 69' lang='grc' dir='ltr'>αἱρετικῆς</span> <span class='ocrx_word' id='word_1_612' title='bbox 3902 4181 4058 4216; x_wconf 81' lang='grc' dir='ltr'>συκο-</span> 
     </span>
    </p>
   </div>
   <div class='ocr_carea' id='block_1_85' title="bbox 2487 4241 4058 4313">
    <p class='ocr_par' dir='ltr' id='par_1_85' title="bbox 2487 4241 4058 4313">
     <span class='ocr_line' id='line_1_85' title="bbox 2487 4241 4058 4313; baseline 0.013 -26"><span class='ocrx_word' id='word_1_613' title='bbox 2487 4241 2713 4304; x_wconf 81' lang='grc' dir='ltr'>φαντίας</span> <span class='ocrx_word' id='word_1_614' title='bbox 2752 4241 3158 4312; x_wconf 70' lang='grc' dir='ltr'>ἑλευθεροῦντος</span> <span class='ocrx_word' id='word_1_615' title='bbox 3195 4247 3286 4298; x_wconf 88' lang='grc' dir='ltr'><strong>τοῦ</strong></span> <span class='ocrx_word' id='word_1_616' title='bbox 3332 4246 3662 4313; x_wconf 66' lang='grc' dir='ltr'>Ἀγάθωνος,</span> <span class='ocrx_word' id='word_1_617' title='bbox 3693 4252 3846 4304; x_wconf 82' lang='grc' dir='ltr'>Λέων</span> <span class='ocrx_word' id='word_1_618' title='bbox 3882 4256 3908 4304; x_wconf 86' lang='grc' dir='ltr'><strong>ό</strong></span> <span class='ocrx_word' id='word_1_619' title='bbox 3940 4256 4058 4307; x_wconf 70' lang='grc' dir='ltr'>τοῦ·</span> 
     </span>
    </p>
   </div>
   <div class='ocr_carea' id='block_1_86' title="bbox 818 4329 2511 4408">
    <p class='ocr_par' dir='ltr' id='par_1_86' title="bbox 818 4338 2511 4408">
     <span class='ocr_line' id='line_1_86' title="bbox 818 4338 2511 4408; baseline -0.004 -12"><span class='ocrx_word' id='word_1_620' title='bbox 818 4341 1444 4397; x_wconf 88' lang='lat' dir='ltr'><strong>rumdamOrientalium</strong></span> <span class='ocrx_word' id='word_1_621' title='bbox 1465 4339 1852 4408; x_wconf 89' lang='lat' dir='ltr'><strong>corrumpendi</strong></span> <span class='ocrx_word' id='word_1_622' title='bbox 1887 4348 2004 4391; x_wconf 88' lang='lat' dir='ltr'><strong>acta</strong></span> <span class='ocrx_word' id='word_1_623' title='bbox 2025 4338 2379 4407; x_wconf 81' lang='lat' dir='ltr'><strong>synodorunt.</strong></span> <span class='ocrx_word' id='word_1_624' title='bbox 2415 4346 2461 4404; x_wconf 81' lang='grc' dir='ltr'>υ</span> <span class='ocrx_word' id='word_1_625' title='bbox 2488 4345 2511 4378; x_wconf 81' lang='grc' dir='ltr'><strong>τ</strong></span> 
     </span>
    </p>
   </div>
   <div class='ocr_carea' id='block_1_87' title="bbox 2362 4329 4055 4408">
    <p class='ocr_par' dir='ltr' id='par_1_87' title="bbox 2366 4329 4055 4408">
     <span class='ocr_line' id='line_1_87' title="bbox 2366 4329 4055 4408; baseline 0.012 -32"><span class='ocrx_word' id='word_1_626' title='bbox 2366 4377 2379 4391; x_wconf 70' lang='grc'><em>,</em></span> <span class='ocrx_word' id='word_1_627' title='bbox 2415 4346 2461 4404; x_wconf 79' lang='lat' dir='ltr'><strong>D</strong></span> <span class='ocrx_word' id='word_1_628' title='bbox 2488 4345 2579 4378; x_wconf 86' lang='grc' dir='ltr'><strong>του</strong></span> <span class='ocrx_word' id='word_1_629' title='bbox 2628 4329 2870 4399; x_wconf 74' lang='grc' dir='ltr'>διάδοχος</span> <span class='ocrx_word' id='word_1_630' title='bbox 2926 4335 3317 4402; x_wconf 71' lang='grc' dir='ltr'>ἀναθεματίζει</span> <span class='ocrx_word' id='word_1_631' title='bbox 3370 4338 3490 4390; x_wconf 87' lang='grc' dir='ltr'>κατ’</span> <span class='ocrx_word' id='word_1_632' title='bbox 3554 4339 3724 4408; x_wconf 70' lang='grc' dir='ltr'>ὄνομα</span> <span class='ocrx_word' id='word_1_633' title='bbox 3750 4360 3764 4403; x_wconf 86' lang='grc'>;</span> <span class='ocrx_word' id='word_1_634' title='bbox 3791 4344 3907 4394; x_wconf 64' lang='grc' dir='ltr'><strong>Οὐκ</strong></span> <span class='ocrx_word' id='word_1_635' title='bbox 3942 4347 4055 4397; x_wconf 79' lang='grc' dir='ltr'>ἔστι</span> 
     </span>
    </p>
   </div>
   <div class='ocr_carea' id='block_1_88' title="bbox 816 4430 2380 4504">
    <p class='ocr_par' dir='ltr' id='par_1_88' title="bbox 816 4430 2380 4504">
     <span class='ocr_line' id='line_1_88' title="bbox 816 4430 2380 4504; baseline -0.006 -14"><span class='ocrx_word' id='word_1_636' title='bbox 816 4437 859 4490; x_wconf 85' lang='grc' dir='ltr'><em>Τ</em></span> <span class='ocrx_word' id='word_1_637' title='bbox 862 4437 994 4490; x_wconf 70' lang='lat' dir='ltr'><strong>eatis</strong></span> <span class='ocrx_word' id='word_1_638' title='bbox 1037 4438 1199 4504; x_wconf 74' lang='lat' dir='ltr'><strong>hujus</strong></span> <span class='ocrx_word' id='word_1_639' title='bbox 1229 4435 1308 4488; x_wconf 87' lang='lat' dir='ltr'><strong>rei</strong></span> <span class='ocrx_word' id='word_1_640' title='bbox 1372 4443 1456 4487; x_wconf 91' lang='lat' dir='ltr'><strong>est</strong></span> <span class='ocrx_word' id='word_1_641' title='bbox 1485 4433 1881 4488; x_wconf 87' lang='lat' dir='ltr'><strong>celeberrimus</strong></span> <span class='ocrx_word' id='word_1_642' title='bbox 1913 4432 2150 4502; x_wconf 84' lang='lat' dir='ltr'><strong>Cyrillus</strong></span> <span class='ocrx_word' id='word_1_643' title='bbox 2181 4431 2235 4484; x_wconf 91' lang='lat' dir='ltr'><strong>in</strong></span> <span class='ocrx_word' id='word_1_644' title='bbox 2267 4430 2380 4498; x_wconf 87' lang='lat' dir='ltr'><strong>epi-</strong></span> 
     </span>
    </p>
   </div>
   <div class='ocr_carea' id='block_1_89' title="bbox 815 4523 2375 4584">
    <p class='ocr_par' dir='ltr' id='par_1_89' title="bbox 815 4523 2375 4584">
     <span class='ocr_line' id='line_1_89' title="bbox 815 4523 2375 4584; baseline -0.004 0"><span class='ocrx_word' id='word_1_645' title='bbox 815 4530 955 4584; x_wconf 88' lang='lat' dir='ltr'><strong>stola</strong></span> <span class='ocrx_word' id='word_1_646' title='bbox 981 4529 1047 4582; x_wconf 88' lang='lat' dir='ltr'><strong>ad</strong></span> <span class='ocrx_word' id='word_1_647' title='bbox 1080 4527 1340 4582; x_wconf 87' lang='lat' dir='ltr'><strong>Acacium</strong></span> <span class='ocrx_word' id='word_1_648' title='bbox 1377 4526 1810 4581; x_wconf 78' lang='lat' dir='ltr'><strong>Melitenensem.</strong></span> <span class='ocrx_word' id='word_1_649' title='bbox 1876 4543 1893 4576; x_wconf 84' lang='grc' dir='ltr'><strong>ι</strong></span> <span class='ocrx_word' id='word_1_650' title='bbox 1962 4525 2120 4579; x_wconf 83' lang='lat' dir='ltr'><strong>Venit</strong></span> <span class='ocrx_word' id='word_1_651' title='bbox 2157 4523 2224 4575; x_wconf 87' lang='lat' dir='ltr'><strong>ad</strong></span> <span class='ocrx_word' id='word_1_652' title='bbox 2269 4536 2375 4577; x_wconf 90' lang='lat' dir='ltr'><strong>me.</strong></span> 
     </span>
    </p>
   </div>
   <div class='ocr_carea' id='block_1_90' title="bbox 815 4615 2374 4689">
    <p class='ocr_par' dir='ltr' id='par_1_90' title="bbox 815 4615 2374 4689">
     <span class='ocr_line' id='line_1_90' title="bbox 815 4615 2374 4689; baseline -0.006 -14"><span class='ocrx_word' id='word_1_653' title='bbox 815 4621 1016 4689; x_wconf 76' lang='lat' dir='ltr'><strong>inquit,</strong></span> <span class='ocrx_word' id='word_1_654' title='bbox 1047 4620 1543 4688; x_wconf 82' lang='lat' dir='ltr'><strong>religiosisissimus</strong></span> <span class='ocrx_word' id='word_1_655' title='bbox 1581 4619 1872 4686; x_wconf 89' lang='lat' dir='ltr'><strong>episcopus</strong></span> <span class='ocrx_word' id='word_1_656' title='bbox 1909 4616 2112 4670; x_wconf 84' lang='lat' dir='ltr'><strong>Paulus</strong></span> <span class='ocrx_word' id='word_1_657' title='bbox 2168 4615 2374 4668; x_wconf 57' lang='lat' dir='ltr'><strong>Emisco</strong></span> 
     </span>
    </p>
   </div>
   <div class='ocr_carea' id='block_1_91' title="bbox 816 4709 2378 4781">
    <p class='ocr_par' dir='ltr' id='par_1_91' title="bbox 816 4709 2378 4781">
     <span class='ocr_line' id='line_1_91' title="bbox 816 4709 2378 4781; baseline -0.003 -16"><span class='ocrx_word' id='word_1_658' title='bbox 816 4727 944 4775; x_wconf 89' lang='lat' dir='ltr'><strong>nus,</strong></span> <span class='ocrx_word' id='word_1_659' title='bbox 969 4721 1023 4765; x_wconf 90' lang='lat' dir='ltr'><strong>et</strong></span> <span class='ocrx_word' id='word_1_660' title='bbox 1048 4713 1274 4781; x_wconf 80' lang='lat' dir='ltr'><strong>rogabat</strong></span> <span class='ocrx_word' id='word_1_661' title='bbox 1303 4726 1368 4764; x_wconf 76' lang='lat' dir='ltr'><strong>ex</strong></span> <span class='ocrx_word' id='word_1_662' title='bbox 1399 4727 1482 4763; x_wconf 88' lang='lat' dir='ltr'><strong>me</strong></span> <span class='ocrx_word' id='word_1_663' title='bbox 1516 4709 1673 4763; x_wconf 77' lang='lat' dir='ltr'><strong>enixe</strong></span> <span class='ocrx_word' id='word_1_664' title='bbox 1723 4724 1852 4761; x_wconf 92' lang='lat' dir='ltr'><strong>num</strong></span> <span class='ocrx_word' id='word_1_665' title='bbox 1890 4709 2224 4776; x_wconf 84' lang='lat' dir='ltr'><strong>susciperem</strong></span> <span class='ocrx_word' id='word_1_666' title='bbox 2256 4722 2378 4776; x_wconf 69' lang='lat' dir='ltr'><strong>qua:</strong></span> 
     </span>
    </p>
   </div>
   <div class='ocr_carea' id='block_1_92' title="bbox 816 4799 2377 4872">
    <p class='ocr_par' dir='ltr' id='par_1_92' title="bbox 816 4799 2377 4872">
     <span class='ocr_line' id='line_1_92' title="bbox 816 4799 2377 4872; baseline -0.004 -14"><span class='ocrx_word' id='word_1_667' title='bbox 816 4805 1037 4872; x_wconf 85' lang='lat' dir='ltr'><strong>scripsit</strong></span> <span class='ocrx_word' id='word_1_668' title='bbox 1067 4802 1414 4856; x_wconf 85' lang='lat' dir='ltr'><strong>beatissimus</strong></span> <span class='ocrx_word' id='word_1_669' title='bbox 1437 4803 1594 4855; x_wconf 84' lang='lat' dir='ltr'><strong>Pater</strong></span> <span class='ocrx_word' id='word_1_670' title='bbox 1620 4801 1954 4853; x_wconf 83' lang='lat' dir='ltr'><strong>Athanasius</strong></span> <span class='ocrx_word' id='word_1_671' title='bbox 1977 4800 2041 4853; x_wconf 88' lang='lat' dir='ltr'><strong>ad</strong></span> <span class='ocrx_word' id='word_1_672' title='bbox 2071 4799 2377 4868; x_wconf 77' lang='lat' dir='ltr'><strong>Epictetum</strong></span> 
     </span>
    </p>
   </div>
   <div class='ocr_carea' id='block_1_93' title="bbox 814 4892 2379 4966">
    <p class='ocr_par' dir='ltr' id='par_1_93' title="bbox 814 4892 2379 4966">
     <span class='ocr_line' id='line_1_93' title="bbox 814 4892 2379 4966; baseline -0.006 -14"><span class='ocrx_word' id='word_1_673' title='bbox 814 4897 1065 4952; x_wconf 78' lang='lat' dir='ltr'><strong>Corinthi</strong></span> <span class='ocrx_word' id='word_1_674' title='bbox 1103 4896 1446 4966; x_wconf 83' lang='lat' dir='ltr'><strong>episcopum.</strong></span> <span class='ocrx_word' id='word_1_675' title='bbox 1475 4895 1588 4964; x_wconf 79' lang='lat' dir='ltr'><strong>Ego</strong></span> <span class='ocrx_word' id='word_1_676' title='bbox 1637 4909 1769 4947; x_wconf 75' lang='lat' dir='ltr'><strong>vero</strong></span> <span class='ocrx_word' id='word_1_677' title='bbox 1806 4892 2080 4960; x_wconf 87' lang='lat' dir='ltr'><strong>-respondi</strong></span> <span class='ocrx_word' id='word_1_678' title='bbox 2112 4906 2195 4945; x_wconf 90' lang='lat' dir='ltr'><strong>me</strong></span> <span class='ocrx_word' id='word_1_679' title='bbox 2227 4906 2379 4959; x_wconf 89' lang='lat' dir='ltr'><strong>pror-</strong></span> 
     </span>
    </p>
   </div>
   <div class='ocr_carea' id='block_1_94' title="bbox 812 4984 2381 5056">
    <p class='ocr_par' dir='ltr' id='par_1_94' title="bbox 812 4984 2381 5056">
     <span class='ocr_line' id='line_1_94' title="bbox 812 4984 2381 5056; baseline -0.008 -10"><span class='ocrx_word' id='word_1_680' title='bbox 812 5007 906 5046; x_wconf 87' lang='lat' dir='ltr'><strong>sus</strong></span> <span class='ocrx_word' id='word_1_681' title='bbox 943 4990 1230 5056; x_wconf 81' lang='lat' dir='ltr'><strong>suscipere</strong></span> <span class='ocrx_word' id='word_1_682' title='bbox 1253 4986 1551 5041; x_wconf 88' lang='lat' dir='ltr'><strong>dummodo</strong></span> <span class='ocrx_word' id='word_1_683' title='bbox 1581 4988 1845 5055; x_wconf 84' lang='lat' dir='ltr'><strong>scriptum</strong></span> <span class='ocrx_word' id='word_1_684' title='bbox 1873 4985 2016 5053; x_wconf 89' lang='lat' dir='ltr'><strong>apud</strong></span> <span class='ocrx_word' id='word_1_685' title='bbox 2053 4998 2150 5038; x_wconf 79' lang='lat' dir='ltr'><strong>vos</strong></span> <span class='ocrx_word' id='word_1_686' title='bbox 2198 4984 2381 5036; x_wconf 82' lang='lat' dir='ltr'><strong>incor-</strong></span> 
     </span>
    </p>
   </div>
   <div class='ocr_carea' id='block_1_95' title="bbox 812 5076 2378 5154">
    <p class='ocr_par' dir='ltr' id='par_1_95' title="bbox 812 5076 2378 5154">
     <span class='ocr_line' id='line_1_95' title="bbox 812 5076 2378 5154; baseline -0.008 -14"><span class='ocrx_word' id='word_1_687' title='bbox 812 5093 1034 5154; x_wconf 83' lang='lat' dir='ltr'><strong>ruptum</strong></span> <span class='ocrx_word' id='word_1_688' title='bbox 1095 5090 1304 5144; x_wconf 77' lang='lat' dir='ltr'><strong>exstet;</strong></span> <span class='ocrx_word' id='word_1_689' title='bbox 1367 5079 1537 5133; x_wconf 87' lang='lat' dir='ltr'><strong>multa</strong></span> <span class='ocrx_word' id='word_1_690' title='bbox 1595 5080 1744 5132; x_wconf 87' lang='lat' dir='ltr'><strong>enim</strong></span> <span class='ocrx_word' id='word_1_691' title='bbox 1819 5078 1874 5131; x_wconf 89' lang='lat' dir='ltr'><strong>in</strong></span> <span class='ocrx_word' id='word_1_692' title='bbox 1929 5077 2023 5129; x_wconf 91' lang='lat' dir='ltr'><strong>illo</strong></span> <span class='ocrx_word' id='word_1_693' title='bbox 2085 5076 2378 5144; x_wconf 81' lang='lat' dir='ltr'><strong>depravata</strong></span> 
     </span>
    </p>
   </div>
   <div class='ocr_carea' id='block_1_96' title="bbox 820 5169 2381 5236">
    <p class='ocr_par' dir='ltr' id='par_1_96' title="bbox 820 5169 2381 5236">
     <span class='ocr_line' id='line_1_96' title="bbox 820 5169 2381 5236; baseline -0.006 -6"><span class='ocrx_word' id='word_1_694' title='bbox 820 5187 949 5232; x_wconf 80' lang='lat' dir='ltr'><strong>sunt</strong></span> <span class='ocrx_word' id='word_1_695' title='bbox 1007 5176 1078 5229; x_wconf 83' lang='lat' dir='ltr'><strong>ab</strong></span> <span class='ocrx_word' id='word_1_696' title='bbox 1121 5174 1360 5227; x_wconf 81' lang='lat' dir='ltr'><strong>inimicis</strong></span> <span class='ocrx_word' id='word_1_697' title='bbox 1407 5171 1674 5225; x_wconf 70' lang='lat' dir='ltr'><strong>veritatis.</strong></span> <span class='ocrx_word' id='word_1_698' title='bbox 1714 5189 1732 5221; x_wconf 73' lang='grc' dir='ltr'><strong><em>ο</em></strong></span> <span class='ocrx_word' id='word_1_699' title='bbox 1798 5169 1865 5222; x_wconf 85' lang='lat' dir='ltr'><strong>Et</strong></span> <span class='ocrx_word' id='word_1_700' title='bbox 1934 5184 2092 5220; x_wconf 74' lang='lat' dir='ltr'><strong>tnox:</strong></span> <span class='ocrx_word' id='word_1_701' title='bbox 2148 5170 2381 5236; x_wconf 69' lang='lat' dir='ltr'><strong>«Itaque</strong></span> 
     </span>
    </p>
   </div>
   <div class='ocr_carea' id='block_1_97' title="bbox 815 5260 2384 5331">
    <p class='ocr_par' dir='ltr' id='par_1_97' title="bbox 815 5260 2384 5331">
     <span class='ocr_line' id='line_1_97' title="bbox 815 5260 2384 5331; baseline -0.008 -9"><span class='ocrx_word' id='word_1_702' title='bbox 815 5271 1018 5322; x_wconf 83' lang='lat' dir='ltr'><strong>l’aulus</strong></span> <span class='ocrx_word' id='word_1_703' title='bbox 1107 5275 1326 5331; x_wconf 88' lang='lat' dir='ltr'><strong>accepta</strong></span> <span class='ocrx_word' id='word_1_704' title='bbox 1413 5272 1625 5314; x_wconf 74' lang='lat' dir='ltr'><strong>vetusta</strong></span> <span class='ocrx_word' id='word_1_705' title='bbox 1704 5260 2030 5326; x_wconf 76' lang='lat' dir='ltr'><strong>exemplaria</strong></span> <span class='ocrx_word' id='word_1_706' title='bbox 2104 5273 2228 5311; x_wconf 91' lang='lat' dir='ltr'><strong>eum</strong></span> <span class='ocrx_word' id='word_1_707' title='bbox 2318 5260 2384 5311; x_wconf 89' lang='lat' dir='ltr'><strong>iis</strong></span> 
     </span>
    </p>
   </div>
   <div class='ocr_carea' id='block_1_98' title="bbox 813 5351 2380 5423">
    <p class='ocr_par' dir='ltr' id='par_1_98' title="bbox 813 5351 2380 5423">
     <span class='ocr_line' id='line_1_98' title="bbox 813 5351 2380 5423; baseline -0.006 -10"><span class='ocrx_word' id='word_1_708' title='bbox 813 5359 1051 5413; x_wconf 86' lang='lat' dir='ltr'><strong>contulit</strong></span> <span class='ocrx_word' id='word_1_709' title='bbox 1076 5372 1197 5423; x_wconf 74' lang='lat' dir='ltr'><strong>qum</strong></span> <span class='ocrx_word' id='word_1_710' title='bbox 1233 5357 1350 5422; x_wconf 86' lang='lat' dir='ltr'><strong>ipse</strong></span> <span class='ocrx_word' id='word_1_711' title='bbox 1396 5353 1672 5416; x_wconf 88' lang='lat' dir='ltr'><strong>attulerat;</strong></span> <span class='ocrx_word' id='word_1_712' title='bbox 1707 5360 1762 5404; x_wconf 92' lang='lat' dir='ltr'><strong>et</strong></span> <span class='ocrx_word' id='word_1_713' title='bbox 1785 5351 2052 5419; x_wconf 87' lang='lat' dir='ltr'><strong>comperit</strong></span> <span class='ocrx_word' id='word_1_714' title='bbox 2078 5351 2192 5403; x_wconf 61' lang='lat' dir='ltr'><strong>hac</strong></span> <span class='ocrx_word' id='word_1_715' title='bbox 2228 5351 2380 5404; x_wconf 85' lang='lat' dir='ltr'><strong>adul-</strong></span> 
     </span>
    </p>
   </div>
   <div class='ocr_carea' id='block_1_99' title="bbox 818 5441 2381 5513">
    <p class='ocr_par' dir='ltr' id='par_1_99' title="bbox 818 5441 2381 5513">
     <span class='ocr_line' id='line_1_99' title="bbox 818 5441 2381 5513; baseline -0.008 -8"><span class='ocrx_word' id='word_1_716' title='bbox 818 5462 1013 5507; x_wconf 87' lang='lat' dir='ltr'><strong>terata.</strong></span> <span class='ocrx_word' id='word_1_717' title='bbox 1039 5469 1057 5499; x_wconf 70' lang='grc' dir='ltr'><strong>ι</strong></span> <span class='ocrx_word' id='word_1_718' title='bbox 1099 5446 1211 5499; x_wconf 91' lang='lat' dir='ltr'><strong>lloc</strong></span> <span class='ocrx_word' id='word_1_719' title='bbox 1253 5446 1394 5497; x_wconf 88' lang='lat' dir='ltr'><strong>idem</strong></span> <span class='ocrx_word' id='word_1_720' title='bbox 1434 5443 1665 5513; x_wconf 80' lang='lat' dir='ltr'><strong>Cyrillus</strong></span> <span class='ocrx_word' id='word_1_721' title='bbox 1694 5442 1890 5495; x_wconf 90' lang='lat' dir='ltr'><strong>asserit</strong></span> <span class='ocrx_word' id='word_1_722' title='bbox 1919 5442 1972 5494; x_wconf 90' lang='lat' dir='ltr'><strong>in</strong></span> <span class='ocrx_word' id='word_1_723' title='bbox 2004 5441 2107 5494; x_wconf 84' lang='lat' dir='ltr'><strong>line</strong></span> <span class='ocrx_word' id='word_1_724' title='bbox 2137 5441 2381 5508; x_wconf 65' lang='lat' dir='ltr'><strong>epistola?</strong></span> 
     </span>
    </p>
   </div>
   <div class='ocr_carea' id='block_1_100' title="bbox 814 5533 2380 5604">
    <p class='ocr_par' dir='ltr' id='par_1_100' title="bbox 814 5533 2380 5604">
     <span class='ocr_line' id='line_1_100' title="bbox 814 5533 2380 5604; baseline -0.009 -5"><span class='ocrx_word' id='word_1_725' title='bbox 814 5554 880 5599; x_wconf 87' lang='lat' dir='ltr'><strong>ad</strong></span> <span class='ocrx_word' id='word_1_726' title='bbox 913 5545 1173 5595; x_wconf 82' lang='lat' dir='ltr'><strong>Joannem</strong></span> <span class='ocrx_word' id='word_1_727' title='bbox 1205 5537 1601 5591; x_wconf 83' lang='lat' dir='ltr'><strong>Antioeltenum</strong></span> <span class='ocrx_word' id='word_1_728' title='bbox 1628 5537 1724 5604; x_wconf 92' lang='lat' dir='ltr'><strong>(I).</strong></span> <span class='ocrx_word' id='word_1_729' title='bbox 1755 5533 1816 5585; x_wconf 69' lang='lat' dir='ltr'><strong>lit</strong></span> <span class='ocrx_word' id='word_1_730' title='bbox 1871 5535 1922 5586; x_wconf 89' lang='lat' dir='ltr'><strong>in</strong></span> <span class='ocrx_word' id='word_1_731' title='bbox 1947 5541 2141 5602; x_wconf 83' lang='lat' dir='ltr'><strong>quarta</strong></span> <span class='ocrx_word' id='word_1_732' title='bbox 2172 5533 2380 5601; x_wconf 78' lang='lat' dir='ltr'><strong>synodo</strong></span> 
     </span>
    </p>
   </div>
   <div class='ocr_carea' id='block_1_101' title="bbox 835 5622 2378 5699">
    <p class='ocr_par' dir='ltr' id='par_1_101' title="bbox 835 5622 2378 5699">
     <span class='ocr_line' id='line_1_101' title="bbox 835 5622 2378 5699; baseline -0.008 -12"><span class='ocrx_word' id='word_1_733' title='bbox 835 5635 946 5689; x_wconf 58' lang='grc' dir='ltr'><strong>[νο</strong></span> <span class='ocrx_word' id='word_1_734' title='bbox 1015 5645 1150 5699; x_wconf 86' lang='lat' dir='ltr'><strong>papa</strong></span> <span class='ocrx_word' id='word_1_735' title='bbox 1195 5626 1547 5681; x_wconf 86' lang='lat' dir='ltr'><strong>lAnatoliutn</strong></span> <span class='ocrx_word' id='word_1_736' title='bbox 1587 5623 2256 5691; x_wconf 61' lang='lat' dir='ltr'><strong>Constantinopolitanunt</strong></span> <span class='ocrx_word' id='word_1_737' title='bbox 2304 5622 2378 5690; x_wconf 62' lang='lat' dir='ltr'><strong>tt!)</strong></span> 
     </span>
    </p>
   </div>
   <div class='ocr_carea' id='block_1_102' title="bbox 885 5745 1256 5820">
    <p class='ocr_par' dir='ltr' id='par_1_102' title="bbox 885 5745 1256 5820">
     <span class='ocr_line' id='line_1_102' title="bbox 885 5745 1256 5820; baseline -0.003 -21"><span class='ocrx_word' id='word_1_738' title='bbox 885 5748 960 5820; x_wconf 59' lang='lat' dir='ltr'><strong>tl)</strong></span> <span class='ocrx_word' id='word_1_739' title='bbox 1004 5747 1134 5816; x_wconf 73' lang='lat' dir='ltr'><strong>Cap.</strong></span> <span class='ocrx_word' id='word_1_740' title='bbox 1171 5745 1256 5798; x_wconf 66' lang='lat' dir='ltr'><strong>D-i.</strong></span> 
     </span>
    </p>
   </div>
   <div class='ocr_carea' id='block_1_103' title="bbox 2483 4419 4057 4496">
    <p class='ocr_par' dir='ltr' id='par_1_103' title="bbox 2483 4419 4057 4496">
     <span class='ocr_line' id='line_1_103' title="bbox 2483 4419 4057 4496; baseline 0.01 -26"><span class='ocrx_word' id='word_1_741' title='bbox 2483 4419 2678 4483; x_wconf 86' lang='grc' dir='ltr'>ταῦτα,</span> <span class='ocrx_word' id='word_1_742' title='bbox 2714 4424 2813 4473; x_wconf 78' lang='grc' dir='ltr'>οὐκ</span> <span class='ocrx_word' id='word_1_743' title='bbox 2847 4424 2982 4477; x_wconf 77' lang='grc' dir='ltr'>ἐστι.</span> <span class='ocrx_word' id='word_1_744' title='bbox 3042 4426 3272 4496; x_wconf 79' lang='grc' dir='ltr'>Ἀρχαξα</span> <span class='ocrx_word' id='word_1_745' title='bbox 3317 4428 3372 4479; x_wconf 77' lang='grc' dir='ltr'>δέ</span> <span class='ocrx_word' id='word_1_746' title='bbox 3424 4447 3534 4481; x_wconf 85' lang='grc' dir='ltr'>τισι</span> <span class='ocrx_word' id='word_1_747' title='bbox 3586 4432 3693 4483; x_wconf 87' lang='grc' dir='ltr'><strong>τῶν</strong></span> <span class='ocrx_word' id='word_1_748' title='bbox 3723 4436 4057 4487; x_wconf 71' lang='grc' dir='ltr'>ἀνατολικῶν</span> 
     </span>
    </p>
   </div>
   <div class='ocr_carea' id='block_1_104' title="bbox 2485 4514 4058 4595">
    <p class='ocr_par' dir='ltr' id='par_1_104' title="bbox 2485 4514 4058 4595">
     <span class='ocr_line' id='line_1_104' title="bbox 2485 4514 4058 4595; baseline 0.011 -34"><span class='ocrx_word' id='word_1_749' title='bbox 2485 4514 2742 4580; x_wconf 82' lang='grc' dir='ltr'>συνήθεια</span> <span class='ocrx_word' id='word_1_750' title='bbox 2767 4517 3164 4586; x_wconf 74' lang='grc' dir='ltr'>παραφθείρειν</span> <span class='ocrx_word' id='word_1_751' title='bbox 3214 4520 3282 4571; x_wconf 85' lang='grc' dir='ltr'><strong>τά</strong></span> <span class='ocrx_word' id='word_1_752' title='bbox 3315 4520 3425 4572; x_wconf 88' lang='grc' dir='ltr'><strong>τῶν</strong></span> <span class='ocrx_word' id='word_1_753' title='bbox 3456 4523 3711 4577; x_wconf 86' lang='grc' dir='ltr'>συνόδων.</span> <span class='ocrx_word' id='word_1_754' title='bbox 3759 4526 3991 4595; x_wconf 70' lang='grc' dir='ltr'>Μάρτυς</span> <span class='ocrx_word' id='word_1_755' title='bbox 4034 4532 4058 4578; x_wconf 83' lang='grc' dir='ltr'>ὁ</span> 
     </span>
    </p>
   </div>
   <div class='ocr_carea' id='block_1_105' title="bbox 2486 4607 4059 4682">
    <p class='ocr_par' dir='ltr' id='par_1_105' title="bbox 2486 4607 4059 4682">
     <span class='ocr_line' id='line_1_105' title="bbox 2486 4607 4059 4682; baseline 0.007 -25"><span class='ocrx_word' id='word_1_756' title='bbox 2486 4607 2732 4673; x_wconf 67' lang='grc' dir='ltr'>ἀοίδιμος</span> <span class='ocrx_word' id='word_1_757' title='bbox 2766 4608 3030 4676; x_wconf 75' lang='grc' dir='ltr'>Κύριλλος</span> <span class='ocrx_word' id='word_1_758' title='bbox 3079 4611 3136 4661; x_wconf 86' lang='grc' dir='ltr'><strong>ἐν</strong></span> <span class='ocrx_word' id='word_1_759' title='bbox 3170 4612 3236 4680; x_wconf 81' lang='grc' dir='ltr'>τῇ</span> <span class='ocrx_word' id='word_1_760' title='bbox 3268 4611 3404 4682; x_wconf 77' lang='grc' dir='ltr'>πρὸς</span> <span class='ocrx_word' id='word_1_761' title='bbox 3430 4612 3688 4666; x_wconf 81' lang='grc' dir='ltr'>Ἀκάκιον</span> <span class='ocrx_word' id='word_1_762' title='bbox 3717 4616 3812 4667; x_wconf 69' lang='grc' dir='ltr'>τὸν</span> <span class='ocrx_word' id='word_1_763' title='bbox 3847 4619 4059 4668; x_wconf 60' lang='grc' dir='ltr'>ἐπίσποι</span> 
     </span>
    </p>
   </div>
   <div class='ocr_carea' id='block_1_106' title="bbox 2487 4699 4060 4776">
    <p class='ocr_par' dir='ltr' id='par_1_106' title="bbox 2487 4699 4060 4776">
     <span class='ocr_line' id='line_1_106' title="bbox 2487 4699 4060 4776; baseline 0.006 -27"><span class='ocrx_word' id='word_1_764' title='bbox 2487 4715 2588 4750; x_wconf 87' lang='grc' dir='ltr'><strong>πον</strong></span> <span class='ocrx_word' id='word_1_765' title='bbox 2619 4699 2922 4770; x_wconf 71' lang='grc' dir='ltr'>Μελιτηνῆς</span> <span class='ocrx_word' id='word_1_766' title='bbox 2951 4704 3210 4772; x_wconf 74' lang='grc' dir='ltr'>ἐπιστολῇ</span> <span class='ocrx_word' id='word_1_767' title='bbox 3233 4706 3372 4770; x_wconf 80' lang='grc' dir='ltr'>μετὰ</span> <span class='ocrx_word' id='word_1_768' title='bbox 3404 4704 3472 4756; x_wconf 87' lang='grc' dir='ltr'><strong>τά</strong></span> <span class='ocrx_word' id='word_1_769' title='bbox 3504 4705 3793 4774; x_wconf 74' lang='grc' dir='ltr'>Πρακτικέι</span> <span class='ocrx_word' id='word_1_770' title='bbox 3827 4709 3928 4776; x_wconf 77' lang='grc' dir='ltr'>τῆς</span> <span class='ocrx_word' id='word_1_771' title='bbox 3954 4717 4060 4776; x_wconf 72' lang='grc' dir='ltr'>τρί-</span> 
     </span>
    </p>
   </div>
   <div class='ocr_carea' id='block_1_107' title="bbox 2483 4792 4056 4866">
    <p class='ocr_par' dir='ltr' id='par_1_107' title="bbox 2483 4792 4056 4866">
     <span class='ocr_line' id='line_1_107' title="bbox 2483 4792 4056 4866; baseline 0.005 -23"><span class='ocrx_word' id='word_1_772' title='bbox 2483 4809 2582 4858; x_wconf 79' lang='grc' dir='ltr'><strong>της</strong></span> <span class='ocrx_word' id='word_1_773' title='bbox 2619 4792 2856 4844; x_wconf 79' lang='grc' dir='ltr'>συιόδου.</span> <span class='ocrx_word' id='word_1_774' title='bbox 2909 4810 2927 4842; x_wconf 85' lang='grc' dir='ltr'><strong>ι</strong></span> <span class='ocrx_word' id='word_1_775' title='bbox 2959 4793 3216 4859; x_wconf 79' lang='grc' dir='ltr'>Ἀφίκετο</span> <span class='ocrx_word' id='word_1_776' title='bbox 3241 4797 3344 4862; x_wconf 76' lang='grc' dir='ltr'><strong>γαρ</strong></span> <span class='ocrx_word' id='word_1_777' title='bbox 3368 4836 3382 4858; x_wconf 90' lang='grc'><strong>,</strong></span> <span class='ocrx_word' id='word_1_778' title='bbox 3419 4796 3570 4864; x_wconf 80' lang='grc' dir='ltr'>φησὶ,</span> <span class='ocrx_word' id='word_1_779' title='bbox 3615 4799 3757 4866; x_wconf 82' lang='grc' dir='ltr'>πρός</span> <span class='ocrx_word' id='word_1_780' title='bbox 3791 4817 3863 4865; x_wconf 82' lang='grc' dir='ltr'><strong>με</strong></span> <span class='ocrx_word' id='word_1_781' title='bbox 3895 4802 3921 4851; x_wconf 76' lang='grc' dir='ltr'>ὁ</span> <span class='ocrx_word' id='word_1_782' title='bbox 3951 4802 4056 4851; x_wconf 59' lang='grc' dir='ltr'>ϐενε</span> 
     </span>
    </p>
   </div>
   <div class='ocr_carea' id='block_1_108' title="bbox 2488 4882 4059 4956">
    <p class='ocr_par' dir='ltr' id='par_1_108' title="bbox 2488 4882 4059 4956">
     <span class='ocr_line' id='line_1_108' title="bbox 2488 4882 4059 4956; baseline 0.005 -23"><span class='ocrx_word' id='word_1_783' title='bbox 2488 4882 2806 4945; x_wconf 69' lang='grc' dir='ltr'>σείὶἑστατος</span> <span class='ocrx_word' id='word_1_784' title='bbox 2837 4885 3138 4945; x_wconf 80' lang='grc' dir='ltr'>ἐπίσκοπος</span> <span class='ocrx_word' id='word_1_785' title='bbox 3173 4883 3386 4946; x_wconf 77' lang='grc' dir='ltr'>Παῦλος</span> <span class='ocrx_word' id='word_1_786' title='bbox 3432 4886 3530 4955; x_wconf 82' lang='grc' dir='ltr'>τῆς</span> <span class='ocrx_word' id='word_1_787' title='bbox 3566 4888 3878 4956; x_wconf 68' lang='grc' dir='ltr'>Ἐμισηνῶι</span> <span class='ocrx_word' id='word_1_788' title='bbox 3901 4908 3914 4919; x_wconf 88' lang='grc'><strong>·</strong></span> <span class='ocrx_word' id='word_1_789' title='bbox 3944 4888 4059 4943; x_wconf 58' lang='grc' dir='ltr'>εἷεν.</span> 
     </span>
    </p>
   </div>
   <div class='ocr_carea' id='block_1_109' title="bbox 2485 4972 4056 5048">
    <p class='ocr_par' dir='ltr' id='par_1_109' title="bbox 2485 4972 4056 5048">
     <span class='ocr_line' id='line_1_109' title="bbox 2485 4972 4056 5048; baseline 0.008 -25"><span class='ocrx_word' id='word_1_790' title='bbox 2485 4972 2558 5023; x_wconf 79' lang='grc' dir='ltr'><strong>διε</strong></span> <span class='ocrx_word' id='word_1_791' title='bbox 2575 4973 2866 5026; x_wconf 77' lang='grc' dir='ltr'>πυνθάνετό</span> <span class='ocrx_word' id='word_1_792' title='bbox 2901 4993 3005 5043; x_wconf 85' lang='grc' dir='ltr'><strong>μου</strong></span> <span class='ocrx_word' id='word_1_793' title='bbox 3035 4977 3126 5027; x_wconf 84' lang='grc' dir='ltr'>καὶ</span> <span class='ocrx_word' id='word_1_794' title='bbox 3161 4976 3304 5045; x_wconf 87' lang='grc' dir='ltr'>μάλα</span> <span class='ocrx_word' id='word_1_795' title='bbox 3333 4979 3816 5048; x_wconf 76' lang='grc' dir='ltr'>ἐσπουδασμένως,</span> <span class='ocrx_word' id='word_1_796' title='bbox 3854 4983 3904 5033; x_wconf 84' lang='grc' dir='ltr'>εἰ</span> <span class='ocrx_word' id='word_1_797' title='bbox 3940 5001 4056 5034; x_wconf 66' lang='grc' dir='ltr'>συν-</span> 
     </span>
    </p>
   </div>
   <div class='ocr_carea' id='block_1_110' title="bbox 2485 5064 4056 5143">
    <p class='ocr_par' dir='ltr' id='par_1_110' title="bbox 2485 5064 4056 5143">
     <span class='ocr_line' id='line_1_110' title="bbox 2485 5064 4056 5143; baseline 0.005 -27"><span class='ocrx_word' id='word_1_798' title='bbox 2485 5064 2621 5116; x_wconf 81' lang='grc' dir='ltr'><strong>αινώ</strong></span> <span class='ocrx_word' id='word_1_799' title='bbox 2651 5068 2759 5127; x_wconf 88' lang='grc' dir='ltr'>τοῖς</span> <span class='ocrx_word' id='word_1_800' title='bbox 2794 5069 3054 5135; x_wconf 77' lang='grc' dir='ltr'>γραφεῖσι</span> <span class='ocrx_word' id='word_1_801' title='bbox 3089 5069 3238 5134; x_wconf 80' lang='grc' dir='ltr'><strong>παρά</strong></span> <span class='ocrx_word' id='word_1_802' title='bbox 3272 5068 3367 5120; x_wconf 85' lang='grc' dir='ltr'><strong>τοῦ</strong></span> <span class='ocrx_word' id='word_1_803' title='bbox 3398 5074 3808 5140; x_wconf 79' lang='grc' dir='ltr'>τρισμακαρίου</span> <span class='ocrx_word' id='word_1_804' title='bbox 3851 5076 4056 5143; x_wconf 66' lang='grc' dir='ltr'>Ματρὸς</span> 
     </span>
    </p>
   </div>
   <div class='ocr_carea' id='block_1_111' title="bbox 2498 5157 4055 5233">
    <p class='ocr_par' dir='ltr' id='par_1_111' title="bbox 2498 5157 4055 5233">
     <span class='ocr_line' id='line_1_111' title="bbox 2498 5157 4055 5233; baseline 0.006 -26"><span class='ocrx_word' id='word_1_805' title='bbox 2498 5157 2810 5208; x_wconf 83' lang='grc' dir='ltr'>’Λθανασίου</span> <span class='ocrx_word' id='word_1_806' title='bbox 2861 5161 2994 5226; x_wconf 77' lang='grc' dir='ltr'>πρὸς</span> <span class='ocrx_word' id='word_1_807' title='bbox 3068 5159 3389 5228; x_wconf 81' lang='grc' dir='ltr'>Ἐπίκτητον</span> <span class='ocrx_word' id='word_1_808' title='bbox 3446 5163 3732 5230; x_wconf 76' lang='grc' dir='ltr'>Κορίνθου.</span> <span class='ocrx_word' id='word_1_809' title='bbox 3804 5167 3951 5233; x_wconf 80' lang='grc' dir='ltr'><strong>Ἐγὼ</strong></span> <span class='ocrx_word' id='word_1_810' title='bbox 4007 5169 4055 5218; x_wconf 71' lang='grc' dir='ltr'>δὲ</span> 
     </span>
    </p>
   </div>
   <div class='ocr_carea' id='block_1_112' title="bbox 2486 5248 4059 5324">
    <p class='ocr_par' dir='ltr' id='par_1_112' title="bbox 2486 5248 4059 5324">
     <span class='ocr_line' id='line_1_112' title="bbox 2486 5248 4059 5324; baseline 0.008 -27"><span class='ocrx_word' id='word_1_811' title='bbox 2486 5248 2643 5316; x_wconf 78' lang='grc' dir='ltr'>ἔφην,</span> <span class='ocrx_word' id='word_1_812' title='bbox 2678 5250 2758 5300; x_wconf 76' lang='grc' dir='ltr'>ὅτι</span> <span class='ocrx_word' id='word_1_813' title='bbox 2811 5251 2858 5300; x_wconf 86' lang='grc' dir='ltr'>εἰ</span> <span class='ocrx_word' id='word_1_814' title='bbox 2893 5251 3124 5311; x_wconf 74' lang='grc' dir='ltr'>σώζεται</span> <span class='ocrx_word' id='word_1_815' title='bbox 3157 5253 3286 5321; x_wconf 79' lang='grc' dir='ltr'>παρ’</span> <span class='ocrx_word' id='word_1_816' title='bbox 3318 5255 3447 5320; x_wconf 83' lang='grc' dir='ltr'>ὑμῖν</span> <span class='ocrx_word' id='word_1_817' title='bbox 3475 5256 3534 5304; x_wconf 85' lang='grc' dir='ltr'>οὑ</span> <span class='ocrx_word' id='word_1_818' title='bbox 3569 5255 3965 5324; x_wconf 76' lang='grc' dir='ltr'>νενοθευμένον</span> <span class='ocrx_word' id='word_1_819' title='bbox 4006 5260 4059 5311; x_wconf 81' lang='grc' dir='ltr'>τὺ</span> 
     </span>
    </p>
   </div>
   <div class='ocr_carea' id='block_1_113' title="bbox 2484 5342 4059 5414">
    <p class='ocr_par' dir='ltr' id='par_1_113' title="bbox 2484 5342 4059 5414">
     <span class='ocr_line' id='line_1_113' title="bbox 2484 5342 4059 5414; baseline 0.004 -22"><span class='ocrx_word' id='word_1_820' title='bbox 2484 5343 2737 5410; x_wconf 83' lang='grc' dir='ltr'>γράμμα,</span> <span class='ocrx_word' id='word_1_821' title='bbox 2772 5344 3086 5396; x_wconf 81' lang='grc' dir='ltr'>συναινέσαι</span> <span class='ocrx_word' id='word_1_822' title='bbox 3121 5342 3176 5410; x_wconf 86' lang='grc' dir='ltr'>μ’</span> <span class='ocrx_word' id='word_1_823' title='bbox 3215 5345 3282 5397; x_wconf 82' lang='grc' dir='ltr'>ἂν</span> <span class='ocrx_word' id='word_1_824' title='bbox 3313 5347 3489 5414; x_wconf 82' lang='grc' dir='ltr'>πάντη</span> <span class='ocrx_word' id='word_1_825' title='bbox 3542 5349 3636 5398; x_wconf 71' lang='grc' dir='ltr'>καὶ</span> <span class='ocrx_word' id='word_1_826' title='bbox 3682 5348 3932 5412; x_wconf 80' lang='grc' dir='ltr'>πάντως.</span> <span class='ocrx_word' id='word_1_827' title='bbox 3964 5350 4059 5399; x_wconf 84' lang='grc' dir='ltr'>Πα-</span> 
     </span>
    </p>
   </div>
   <div class='ocr_carea' id='block_1_114' title="bbox 2489 5434 4059 5505">
    <p class='ocr_par' dir='ltr' id='par_1_114' title="bbox 2489 5434 4059 5505">
     <span class='ocr_line' id='line_1_114' title="bbox 2489 5434 4059 5505; baseline 0.003 -20"><span class='ocrx_word' id='word_1_828' title='bbox 2489 5435 2858 5501; x_wconf 79' lang='grc' dir='ltr'>ραπεποίηται</span> <span class='ocrx_word' id='word_1_829' title='bbox 2890 5434 2997 5501; x_wconf 84' lang='grc' dir='ltr'><strong>γάρ</strong></span> <span class='ocrx_word' id='word_1_830' title='bbox 3029 5435 3197 5485; x_wconf 76' lang='grc' dir='ltr'>πολλὰ</span> <span class='ocrx_word' id='word_1_831' title='bbox 3231 5434 3339 5486; x_wconf 84' lang='grc' dir='ltr'><strong>τῶν</strong></span> <span class='ocrx_word' id='word_1_832' title='bbox 3371 5437 3430 5487; x_wconf 87' lang='grc' dir='ltr'><strong>ἐν</strong></span> <span class='ocrx_word' id='word_1_833' title='bbox 3473 5435 3621 5504; x_wconf 66' lang='grc' dir='ltr'>αὐτῷ</span> <span class='ocrx_word' id='word_1_834' title='bbox 3640 5441 3792 5505; x_wconf 79' lang='grc' dir='ltr'><strong>παρά</strong></span> <span class='ocrx_word' id='word_1_835' title='bbox 3829 5440 3940 5488; x_wconf 75' lang='grc' dir='ltr'><strong>τῶν</strong></span> <span class='ocrx_word' id='word_1_836' title='bbox 3972 5443 4059 5505; x_wconf 75' lang='grc' dir='ltr'><strong>τῆς</strong></span> 
     </span>
    </p>
   </div>
   <div class='ocr_carea' id='block_1_115' title="bbox 2488 5514 4059 5595">
    <p class='ocr_par' dir='ltr' id='par_1_115' title="bbox 2488 5514 4059 5595">
     <span class='ocr_line' id='line_1_115' title="bbox 2488 5514 4059 5595; baseline 0.002 -19"><span class='ocrx_word' id='word_1_837' title='bbox 2488 5525 2740 5593; x_wconf 83' lang='grc' dir='ltr'>ἀληθείας</span> <span class='ocrx_word' id='word_1_838' title='bbox 2762 5525 2993 5594; x_wconf 78' lang='grc' dir='ltr'>ἐχθρῶν.</span> <span class='ocrx_word' id='word_1_839' title='bbox 3029 5545 3045 5575; x_wconf 72' lang='grc' dir='ltr'><strong>ι</strong></span> <span class='ocrx_word' id='word_1_840' title='bbox 3083 5522 3212 5577; x_wconf 81' lang='grc' dir='ltr'><strong>Εἶτα</strong></span> <span class='ocrx_word' id='word_1_841' title='bbox 3235 5541 3252 5557; x_wconf 75' lang='grc' dir='ltr'><strong>ο</strong></span> <span class='ocrx_word' id='word_1_842' title='bbox 3291 5545 3308 5576; x_wconf 83' lang='lat' dir='ltr'><strong>t</strong></span> <span class='ocrx_word' id='word_1_843' title='bbox 3339 5527 3444 5578; x_wconf 73' lang='grc' dir='ltr'><strong>Καὶ</strong></span> <span class='ocrx_word' id='word_1_844' title='bbox 3473 5528 3536 5595; x_wconf 82' lang='grc' dir='ltr'>δὴ</span> <span class='ocrx_word' id='word_1_845' title='bbox 3580 5529 3766 5580; x_wconf 71' lang='grc' dir='ltr'>λαϐὼν</span> <span class='ocrx_word' id='word_1_846' title='bbox 3857 5530 4059 5589; x_wconf 73' lang='grc' dir='ltr'>Παῦλος</span> 
     </span>
    </p>
   </div>
   <div class='ocr_carea' id='block_1_116' title="bbox 2487 5618 4058 5690">
    <p class='ocr_par' dir='ltr' id='par_1_116' title="bbox 2487 5618 4058 5690">
     <span class='ocr_line' id='line_1_116' title="bbox 2487 5618 4058 5690; baseline -0.001 -18"><span class='ocrx_word' id='word_1_847' title='bbox 2487 5622 2793 5688; x_wconf 56' lang='grc' dir='ltr'>ἀντίγραφα</span> <span class='ocrx_word' id='word_1_848' title='bbox 2840 5620 3066 5684; x_wconf 73' lang='grc' dir='ltr'>παλαιά,</span> <span class='ocrx_word' id='word_1_849' title='bbox 3125 5625 3216 5671; x_wconf 74' lang='grc' dir='ltr'><strong>καὶ</strong></span> <span class='ocrx_word' id='word_1_850' title='bbox 3277 5618 3676 5688; x_wconf 71' lang='grc' dir='ltr'>συμϐα).ὼ·ιοῖς</span> <span class='ocrx_word' id='word_1_851' title='bbox 3741 5625 4058 5690; x_wconf 56' lang='grc' dir='ltr'>ἐπεςῑμῖο,</span> 
     </span>
    </p>
   </div>
   <div class='ocr_carea' id='block_1_117' title="bbox 2561 5737 3727 5806">
    <p class='ocr_par' dir='ltr' id='par_1_117' title="bbox 2561 5737 3727 5806">
     <span class='ocr_line' id='line_1_117' title="bbox 2561 5737 3727 5806; baseline 0.003 -19"><span class='ocrx_word' id='word_1_852' title='bbox 2561 5737 2634 5806; x_wconf 60' lang='grc'><strong>(2)</strong></span> <span class='ocrx_word' id='word_1_853' title='bbox 2678 5738 2809 5804; x_wconf 52' lang='grc' dir='ltr'><strong>(λεν.</strong></span> <span class='ocrx_word' id='word_1_854' title='bbox 2851 5737 2902 5803; x_wconf 69' lang='grc' dir='ltr'><strong>ἲν,</strong></span> <span class='ocrx_word' id='word_1_855' title='bbox 2933 5746 2984 5790; x_wconf 81' lang='lat' dir='ltr'><strong>et</strong></span> <span class='ocrx_word' id='word_1_856' title='bbox 3018 5737 3081 5790; x_wconf 82' lang='lat' dir='ltr'><strong>ad</strong></span> <span class='ocrx_word' id='word_1_857' title='bbox 3117 5737 3482 5799; x_wconf 66' lang='lat' dir='ltr'><strong>l‘ulcltet&#39;iutn,</strong></span> <span class='ocrx_word' id='word_1_858' title='bbox 3518 5753 3634 5806; x_wconf 72' lang='lat' dir='ltr'><strong>cap.</strong></span> <span class='ocrx_word' id='word_1_859' title='bbox 3675 5741 3727 5794; x_wconf 77' lang='grc'>7.</span> 
     </span>
    </p>
   </div>
  </div>
