4288 6358
246 427 353 487 773

1554 364 1991 479 REFliTATIO
2028 421 2204 482 SILI.

3396 425 3459 484 ’ῖιῒ
3474 421 3497 482 ’t

239 537 473 607 ηὑρισκε
508 535 677 588 ταῦτα
712 533 1091 603 νενοθευμένα.
1130 552 1146 582 ι
1185 531 1338 585 Τοῦτ’
1376 531 1509 583 αὑτὸ
1539 532 1684 595 λέγει
1718 526 1811 582 καὶ
1837 537 1887 595 Α
1914 546 1932 582 :1

1805 537 1887 595 ιΑ
1914 529 2196 597 arguebat,
2254 528 2401 597 quod
2446 528 2854 598 supposilitium
2893 544 3159 582 canouem
3198 530 3498 598 proferret.

237 630 297 681 ἐν
329 631 397 697 τῇ
426 630 560 693 πρὸς
602 626 855 694 Ἰωάννην
887 616 982 677 τδν
1013 624 1344 692 Ἀντιοχείας
1376 622 1657 692 ἐπιστολῇ.
1703 624 1811 675 Καὶ

238 720 297 772 ἐν
320 723 387 788 τῇ
420 718 655 787 τετάρτῃ
684 717 888 784 συνόδῳ
922 717 1071 768 Λέων
1098 717 1127 767 ὁ
1150 715 1378 778 πάππας
1397 716 1626 784 γράςςων
1647 716 1813 767 Πουλ-

239 828 298 879 χε
312 811 402 879 pi;
433 811 501 879 τῇ
527 807 814 877 Αὑγούστῃ
846 807 1126 876 ἐμέμφετο
1172 806 1262 858 τὸν
1291 806 1814 858 Κωνσταντινουπὸ-

238 899 378 961 λεως
427 896 758 963 Ἀνατό).ιον,
817 899 903 949 ὅτι
960 898 1113 949 νόθον
1146 898 1347 949 κανόνα
1376 896 1508 965 περὶ
1544 895 1653 948 τῶν
1687 897 1816 965 πρεέ

238 990 332 1040 σϐε
345 990 455 1041 ίωνο
468 986 872 1041 Κωνσταντινου
884 989 1108 1051 πόλεως,
1139 988 1322 1056 τρίτον
1349 988 1623 1056 ἐπιγραφὲ
1632 1004 1813 1056 μενον,

236 1082 540 1148 προέφερεν
570 1080 666 1148 τῆς
696 1081 956 1150 δευτέρας
997 1080 1243 1136 συνόδου.
1291 1081 1401 1133 Καὶ
1435 1082 1490 1132 ἐν
1523 1083 1587 1149 τῇ
1616 1079 1821 1150 ἐϐδόμῃ

1922 622 2016 690 qui
2062 620 2320 674 secundae
2346 622 2575 690 synodo
2606 621 2886 685 tribuitur,
2917 622 3138 674 tertiqu
3190 622 3258 675 de
3292 623 3498 676 honore

1911 711 2159 781 episcopi
2186 710 2803 780 Constantinopolitani,
2861 711 3017 764 tcrti-a
3070 720 3225 779 parte
3274 711 3497 764 Chalce-

1916 802 2201 856 donensis.
2246 802 2312 855 Et
2358 802 2410 855 in
2438 804 2670 872 septima
2707 803 2937 873 synodo,
2964 804 3181 856 actione
3208 818 3266 867 ιι,
3303 802 3499 877 multas

1915 910 2074 964 passa
2114 906 2201 950 cst
2266 896 2646 949 mutilationcs
2707 896 2775 950 ab
2828 893 3208 949 Orieualibus
3267 894 3498 963 epistqu

1927 988 2158 1041 Adriani
2233 1002 2387 1057 papa:
2447 988 2513 1041 ad
2561 989 2920 1057 imperatores
2969 986 3387 1041 Constantinum
3444 992 3496 1038 et

1916 1080 2151 1133 lrenem.

237 1176 439 1237 πολλάς
465 1175 733 1227 πέπονθεν
756 1174 1039 1237 ἀποκοπάς
1078 1175 1232 1244 παρὰ
1263 1174 1370 1228 τῶν
1412 1172 1810 1239 ἀνατολικῶνὴ
1853 1172 2111 1247 ἐπιστολῂ
2184 1173 2276 1228 τοῦ
2308 1175 2506 1228 πάππα
2532 1171 2811 1240 ’Δδριανοῦ
2880 1173 3014 1241 πρὸς
3061 1170 3302 1240 βασιλεῖς
3353 1170 3496 1225 Κων-

238 1271 520 1323 σταντϊνον
545 1272 638 1323 καὶ
670 1271 928 1341 Εἰρήνην.

259 1419 264 1427 π
310 1359 592 1426 Δεύτερον,
625 1360 673 1410 εί
726 1361 821 1411 καὶ
858 1359 1085 1428 δοίημεν
1135 1354 1274 1412 εἶναι
1305 1358 1364 1412 τὸ
1404 1359 1479 1427 μὴ
1509 1358 1590 1422 ὃν,
1619 1358 1817 1410 ἀναθε-

238 1446 575 1515 ματισθῆναι
638 1446 896 1513 Ὀνώριον
942 1448 1095 1516 παρὰ
1143 1446 1371 1508 Λέοντος
1404 1447 1644 1508 ἐκείναις
1697 1444 1815 1508 ταῖς

158 1538 161 1539 ⁷
238 1538 474 1603 λέξεσιν,
508 1538 575 1601 ἃς
631 1539 949 1607 προφέρεις,
1000 1537 1223 1605 εὑδηλον
1273 1539 1355 1591 ὅτι
1418 1532 1819 1605 ἀνεθεματίσθη

246 1631 509 1698 Ὀνώριος
533 1630 629 1699 οὐχ
657 1629 731 1691 ὡς
761 1627 1056 1698 αἱρετικὸς,
1082 1629 1199 1680 ἀλλ’
1222 1630 1295 1690 ὡς
1322 1630 1421 1697 τὴν
1441 1628 1653 1697 αἰρεσιν
1680 1628 1819 1697 φυῆ-

239 1741 331 1775 ναι
384 1723 813 1791 παραχωρήσας.
869 1721 1042 1773 Τοῦτο
1081 1722 1127 1773 δ’
1178 1720 1243 1773 ἂν
1270 1722 1356 1787 τίη
1411 1720 1687 1789 ῥᾳθυμίας
1722 1722 1819 1771 καὶ

237 1813 499 1882 ἀμελείας
539 1814 809 1881 ἔγκλημα,
841 1813 961 1881 οὑχὶ
1011 1815 1298 1882 αἱρέσεως·
1330 1811 1471 1865 ὥστε
1516 1814 1665 1867 πᾶσά
1723 1829 1817 1865 σου

2003 1346 2277 1421 Seeundo,
2331 1356 2483 1421 dato,
2538 1357 2684 1425 quod
2739 1355 2892 1409 nullo
2940 1355 3101 1408 modo
3150 1369 3340 1408 rerum
3389 1366 3495 1407 est.

1929 1447 2232 1503 Honorium
2260 1466 2288 1501 ει
2318 1448 2503 1503 Leone
2530 1463 2627 1516 per
2655 1449 2775 1503 illas
2802 1464 2982 1513 voces,
3009 1465 3144 1517 quas
3178 1458 3232 1502 tu
3264 1448 3495 1517 profers,

1922 1539 2090 1594 fuisse
2143 1540 2494 1593 anathemate
2536 1540 2873 1610 perculsum,
2910 1548 3124 1593 constat
3172 1538 3223 1590 id
3274 1554 3493 1607 passum

1923 1630 2222 1684 llonorium
2256 1648 2365 1685 non
2404 1642 2461 1685 ut
2495 1632 2836 1695 hmretienm,
2869 1631 2963 1685 sed
3000 1645 3065 1683 eo
3098 1630 3316 1683 nomine
3346 1631 3493 1698 quod

1923 1721 2179 1776 hmresim
2213 1723 2347 1776 oriri
2390 1724 2770 1793 permisisset;
2812 1723 2955 1793 quod
3000 1721 3341 1792 negligentia:
3385 1722 3494 1775 eri-

1923 1827 2046 1865 men
2085 1823 2190 1874 est,
2224 1829 2331 1867 non
2382 1822 2563 1867 autem
2610 1814 2857 1867 hreresis.
2906 1813 3091 1880 Itaque
3131 1820 3303 1864 totum
3340 1822 3489 1863 tuum

240 1903 436 1953 πίπτει
480 1904 510 1970 ἡ
542 1902 799 1968 οἱκώομή
825 1917 838 1931 ·
870 1903 932 1952 οὑ
965 1901 1072 1969 γὰρ
1123 1901 1329 1964 ἔδειξας
1373 1901 1401 1952 ὃ
1446 1901 1703 1969 προέθου,
1737 1900 1819 1953 ὅτι
1854 1906 1891 1959 Β
1923 1918 1933 1955 1

1793 1920 1819 1953 ξι
1854 1906 1891 1959 Β
1923 1902 2036 1956 ruit
2064 1903 2358 1957 tediiieium
2388 1920 2402 1970 ;
2440 1920 2549 1958 non
2590 1905 2736 1958 enim
2780 1904 3018 1973 probasti
3056 1902 3201 1971 quod
3233 1902 3486 1965 volebas;

239 1991 341 2042 οὑκ
368 1989 624 2042 ἀδύνατον
644 1991 735 2042 τὸν
754 1989 982 2043 πάππαν
1007 1990 1114 2041 τῶν
1142 1989 1314 2059 ὀρθῶν
1341 1990 1597 2043 ἐκπεσεῖν
1614 1990 1816 2059 δογμά-

240 2096 376 2134 των.

888 2193 1160 2249 ΝΕΙΛΟΣ.

314 2310 389 2360 Τὸ
414 2307 471 2359 δὲ
500 2307 682 2374 λέγειν
731 2306 920 2359 τοῦτον
978 2306 1070 2360 τὸν
1106 2307 1262 2375 λόγον
1312 2308 1459 2378 ἔχειν
1502 2311 1594 2362 τὸν
1627 2312 1814 2364 πάπαν

240 2398 383 2462 πρὸς
422 2396 514 2448 τὸν
555 2395 1205 2461 Κωνσταντινουπόλεως,
1240 2398 1300 2449 ὃν
1351 2399 1510 2460 αὑτὸς
1556 2400 1695 2468 πρὸς
1724 2402 1815 2452 τὸν

241 2484 608 2553 Καισαρείας,
632 2485 664 2554 ἢ
693 2487 831 2553 πρός
862 2502 987 2539 τινα
1009 2487 1119 2537 τῶν
1148 2487 1239 2539 ὑπ’
1268 2489 1432 2540 αὑτὸν
1452 2490 1665 2558 ίερέων,
1699 2492 1816 2554 πῶς

240 2576 305 2627 οὑ
348 2576 543 2644 κομιδῇ
586 2575 904 2639 πάνδεινονς
950 2575 1008 2628 Ὀ
1057 2576 1157 2644 μὲν
1197 2579 1306 2646 γάρ
1353 2579 1570 2648 Ῥώμης
1601 2582 1817 2647 πρῶτος

242 2666 383 2731 arpi»;
412 2667 502 2718 τὸν
535 2667 1156 2729 Κωνσταντινουπόλεως
1180 2669 1418 2734 λέγεται,
1454 2670 1529 2731 ὡς
1558 2672 1722 2723 αὑτοῦ
1754 2689 1814 2739 γε

239 2758 510 2827 δευτέραν
533 2759 686 2822 τάξιν
720 2757 1010 2827 ἐπέχοντος
1033 2777 1047 2791 ο
1082 2760 1267 2811 οὐκέτι
1298 2761 1355 2812 δὲ
1398 2764 1425 2812 ὁ
1463 2764 1815 2816 Κωνσταντι-

242 2850 557 2911 νουπὸλεως
602 2848 817 2917 πρῶτος
843 2847 986 2901 οὑτω
1035 2848 1171 2918 πρὸς
1204 2849 1298 2901 τὸν
1343 2851 1702 2921 Καισαρείας,
1741 2856 1815 2918 ὡς

243 2939 457 2992 ἐκείνου
491 2956 551 3006 γε
580 2940 649 2991 τὰ
687 2939 966 3008 δευτερεῖα
1016 2938 1317 3004 σώζοντος·
1367 2941 1481 2993 ἀλλ’
1512 2944 1540 2994 ὁ
1591 2944 1691 3011 μὲν
1719 2944 1814 3011 τῆς

247 3032 667 3083 Κωνσταντίνου
701 3030 845 3084 οὕτω
876 3032 1115 3099 πρῶτος,
1152 3031 1228 3092 ὼς
1272 3032 1460 3099 μονὰς,
1493 3034 1587 3086 καὶ
1634 3034 1710 3096 ὡς
1739 3037 1814 3104 μὴ

199 3143 210 3150 ’
242 3128 358 3186 τοῖς
416 3125 596 3186 ἄλλοις
647 3124 1117 3191 συντεταγμένοςο
1179 3125 1207 3176 ὸ
1251 3124 1308 3175 δὲ
1371 3126 1709 3193 Καισαρείας
1754 3128 1813 3177 οὑ

1917 1995 2151 2060 scilicet,
2189 2010 2296 2049 non
2351 2010 2473 2051 esse
2538 1995 2878 2065 impossibile
2933 2010 3127 2064 papam
3188 2010 3376 2049 errare
3433 1995 3487 2048 in

1920 2085 2046 2140 ﬁde.

2397 2198 2599 2256 NILUS
2639 2199 2792 2271 (Cap.
2832 2199 2991 2269 vnn.

1993 2330 2011 2362 ι
2052 2310 2169 2365 Dici
2199 2320 2406 2375 autem,
2433 2313 2506 2365 ita
2531 2326 2588 2365 se
2614 2312 2816 2365 habere
2848 2327 3043 2381 papam
3074 2311 3138 2365 ad
3168 2313 3484 2381 episcopum

1915 2402 2610 2472 Conslantinopolitanum,
2647 2402 2789 2456 sicut
2819 2418 2877 2456 se
2921 2402 3087 2457 habet
3129 2405 3242 2471 ipse
3274 2403 3338 2455 ad
3375 2405 3490 2455 (la--

1918 2510 2229 2548 sarccnscm
2281 2503 2377 2547 aut
2425 2496 2681 2563 quemvis
2732 2495 2898 2549 alium
2950 2510 3013 2548 ex
3062 2494 3335 2563 episcopis
3382 2495 3486 2547 sibi

1918 2586 2200 2657 subjectis,
2228 2587 2351 2654 quis
2386 2588 2487 2639 hoc
2511 2601 2667 2653 atquo
2695 2588 2878 2640 animo
2913 2587 3094 2639 ferat?
3124 2586 3258 2639 Nam
3293 2585 3489 2639 Roma-

1919 2692 2021 2730 nus
2051 2677 2257 2729 dicitur
2290 2675 2498 2744 primus
2526 2677 2589 2730 ad
2621 2678 3315 2746 Constantinnpolitanuin,
3348 2677 3490 2729 0|)"-

1918 2776 2081 2821 ncnte
2112 2766 2217 2821 isto
2246 2767 2549 2821 secundum
2585 2768 2760 2821 locum
2789 2786 2802 2833 ;
2840 2778 2894 2822 at
2939 2784 3071 2821 vero
3098 2768 3490 2821 Constantino-

1919 2860 2191 2928 politauus
2239 2875 2345 2912 non
2390 2869 2474 2914 est
2525 2860 2598 2912 ita
2649 2860 2885 2928 primus,
2919 2870 2978 2913 ut
3017 2860 3383 2913 Cmsarecnsis
3421 2862 3490 2911 sit

1916 2948 2228 3013 secundus;
2261 2948 2357 3001 sed
2405 2958 2459 3001 et
2491 2950 2702 3018 primus
2735 2948 3381 3017 Constautinopolitanus
3430 2960 3488 2999 nt

1920 3039 2123 3104 unitas,
2154 3049 2209 3092 et
2248 3055 2356 3092 non
2388 3055 2510 3092 cum
2544 3038 2664 3092 aliis
2706 3038 3081 3092 eoordinatus.
3124 3040 3490 3093 Caesarcensis

1918 3144 2048 3181 vero
2098 3144 2202 3182 non
2252 3130 2456 3185 dicitur
2494 3130 2794 3193 secundus,
2845 3131 2938 3183 sed
2994 3131 3203 3198 primus
3245 3141 3301 3183 et
3350 3131 3484 3199 ipse,

243 3217 503 3285 δεύτερος
538 3216 887 3283 ὀνομάζεται,
915 3215 1050 3267 ἀλλὰ
1090 3216 1180 3267 καὶ
1215 3216 1379 3277 αὑτὸς
1410 3216 1648 3284 πρῶτος,
1679 3218 1816 3285 πλὴν
1842 3230 1886 3287 ε
1920 3236 1936 3274 ‹

1793 3235 1816 3267 ν
1842 3230 1886 3287 ς,
1920 3236 2042 3274 cum
2068 3220 2191 3275 aliis
2219 3231 2399 3274 tamen
2428 3221 2805 3283 coordinatus,
2836 3220 3155 3289 habcnsque
3184 3223 3486 3274 secundum

245 3312 326 3370 ὼς
368 3312 480 3370 τοῖς
533 3309 717 3367 ἄλλοις
758 3307 1215 3376 συντεταγμένος,
1249 3310 1343 3361 καὶ
1392 3309 1647 3379 δεύτερον
1681 3310 1818 3379 ἔχων

247 3406 346 3453 καὶ
372 3402 576 3470 τρίτον.
602 3401 723 3453 Ὀτι
748 3399 803 3453 δὲ
829 3400 890 3452 τὸ
923 3400 1193 3469 πρωτεῖον
1213 3398 1310 3452 τοῦ
1339 3401 1497 3454 πάπα
1526 3417 1820 3471 συντεταγ-

250 3492 415 3561 μένον
450 3493 546 3545 καὶ
597 3493 697 3545 οὑκ
740 3494 959 3561 ἄφετον,
1006 3495 1187 3563 δῆλον.
1224 3495 1528 3566 Ἀνάγνωθι
1586 3498 1677 3550 τὸν
1730 3496 1817 3563 λς’

248 3584 454 3637 κανόνα
492 3588 589 3655 τῆς
623 3586 866 3640 συνόδου.
905 3605 925 3639 ›

807 3700 1247 3755 ΑΝΪΙΡΡΙΙΣΙΣ.

338 3814 555 3882 Ἀλογία
589 3816 860 3883 πάντωςὴ
890 3817 1113 3886 τοιαύτη
1146 3816 1429 3883 ἀναλογία.
1466 3818 1576 3872 Καὶ
1614 3819 1679 3871 σὺ
1720 3819 1820 3887 μὲν

247 3907 579 3974 ἀγανακτεῖς
638 3906 731 3958 ἐπὶ
761 3909 825 3977 τῇ
883 3907 1240 3978 πεπλασμένῃ
1271 3906 1401 3977 παρ’
1450 3908 1604 3976 ὑμῶν
1636 3909 1819 3961 ἀνισό-

248 4018 375 4070 τητι
410 4001 812 4070 δυσχεραίνων·
848 4001 882 4069 ἡ
925 4000 981 4053 δὲ
1013 4000 1239 4071 ἀλήθεια
1289 4004 1591 4069 ἀγανακτεῖ
1622 4006 1689 4072 τῇ
1724 4022 1821 4056 πε-

251 4093 477 4162 ριεργίᾳ
504 4093 609 4144 τῶν
639 4094 989 4161 σοφισμάτων
1014 4093 1364 4163 ἀδικουμένη.
1396 4095 1583 4164 Πολλῴ
1621 4096 1817 4159 πλέων,

250 4178 296 4237 ὦ
321 4186 518 4253 λῷστε,
550 4184 869 4253 ὑπέρκειται
900 4184 1158 4254 ὀῚδώμης
1190 4186 1285 4236 τοῦ
1306 4187 1817 4238 Κωνσταντινουπόο

260 4276 422 4338 λεως,
450 4275 483 4342 ἧ
510 4268 721 4336 ἐκεῖνος
753 4273 845 4327 τοῦ
880 4276 1220 4345 Καισαρείας
1256 4278 1350 4330 καὶ
1380 4276 1485 4328 τῶν
1516 4276 1608 4329 ὑπ’
1636 4277 1818 4330 αὑτόν.

273 4370 338 4419 ὐ
367 4369 466 4435 μὲν
496 4369 604 4437 γὰρ
647 4368 835 4429 πάπας
873 4368 1198 4437 ὑπέρκειται
1252 4368 1345 4420 τοῦ
1389 4373 1825 4422 Κωνσταντινου-

260 4462 468 4521 πόλεως
519 4461 663 4512 κατὰ.
707 4460 805 4529 μὲν
837 4458 933 4528 τὴν
994 4459 1187 4529 τρίτην
1225 4461 1443 4513 σύνοδον
1496 4461 1570 4524 ὡς
1629 4464 1822 4530 κριτὴς

1919 3324 1973 3366 et
2015 3313 2262 3366 tertium.
2314 3312 2468 3378 Quod
2502 3324 2683 3365 autem
2721 3311 2988 3381 primatus
3022 3327 3171 3383 papa:
3200 3314 3490 3367 coordina-

1923 3414 2012 3459 tus
2039 3406 2129 3469 sit,
2158 3414 2213 3459 et
2255 3420 2363 3458 non
2409 3405 2716 3471 absolutus,
2752 3406 2946 3477 liquet.
2979 3405 3171 3475 chito
3202 3414 3368 3461 sexta:
3403 3423 3489 3480 sy-

1922 3496 2047 3551 nodi
2080 3510 2348 3551 canonetu
2380 3496 2471 3551 56.
2508 3516 2527 3547 ι

2472 3696 2932 3753 CONFUTATIO.

1994 3810 2117 3868 llzee
2148 3813 2431 3883 proportio
2471 3812 2621 3865 nullo
2666 3812 2896 3865 rationis
2936 3812 3129 3865 nititur
3164 3811 3487 3866 fundamen-

1925 3914 2007 3971 to,
2045 3914 2101 3959 et
2143 3915 2199 3958 tu
2236 3905 2459 3974 quidem
2510 3919 2653 3973 argre
2702 3907 2812 3959 fers
2858 3916 3083 3973 propter
3126 3905 3413 3958 conlictam
3462 3922 3490 3957 a

1925 3997 2080 4049 vobis
2112 3995 2520 4065 imparilitatem
2547 4013 2560 4057 ;
2592 3995 2795 4047 veritas
2824 4006 3007 4047 autem
3036 4011 3175 4063 πει-ο
3208 3996 3334 4057 i'crt,
3363 3996 3488 4064 quia

1923 4085 2322 4153 sophismatqu
2356 4084 2596 4137 t'crsutia
2631 4084 3088 4159 cireunn'cnitur.
3122 4085 3290 4137 Multo
3322 4085 3491 4153 magis

1924 4178 2184 4246 przecellit
2240 4193 2378 4246 papa
2444 4177 3098 4245 Constantinopolitano,
3151 4192 3313 4245 quam
3376 4178 3491 4245 ipse

1923 4270 2284 4334 (stareensi,
2312 4278 2368 4321 et
2399 4269 2613 4321 carteris
2641 4269 2744 4322 sibi
2776 4269 3030 4321 Subditis.
3068 4269 3206 4337 Papa
3236 4267 3381 4321 enim
3410 4278 3493 4320 est

1923 4358 2532 4427 Constantinopolitano
2560 4360 2837 4428 superior,
2865 4359 3108 4427 utjudcx
3136 4375 3203 4412 eo
3230 4362 3322 4427 qui
3347 4359 3493 4426 judi-

1914 4461 2105 4516 eatur,
2144 4459 2203 4502 ut
2249 4451 2531 4518 deponens
2561 4465 2626 4501 eo
2653 4451 2745 4518 qui
2789 4452 3106 4518 deponitur,
3141 4460 3195 4502 ut
3226 4461 3493 4518 potestati:

257 4550 602 4619 κρινομένου,
628 4548 703 4611 ὡς
750 4548 1087 4618 καθαιρέτης
1129 4550 1585 4619 καθαιρουμένου,
1628 4550 1700 4611 ὡς
1727 4552 1825 4601 αξι-
1859 4559 1899 4611 ο
1927 4556 1950 4595 ε

1799 4579 1825 4588 -
1859 4542 2411 4611 Dexeommunicans
2467 4541 2979 4605 excotnmtmicato,
3035 4550 3093 4594 ut
3152 4550 3369 4594 eonstat
3426 4556 3488 4592 cx

254 4642 521 4703 θεντικῶς
552 4642 827 4710 ἀφορίζων
858 4642 1284 4711 ἁφοριζομὲνου,
1319 4642 1392 4704 ὡς
1422 4642 1581 4712 δῆλον
1619 4644 1683 4694 ἐκ
1714 4642 1822 4693 τῶν

257 4734 564 4797 ἐπιστολῶν
607 4733 930 4785 Κεὶεστίνου
986 4738 1126 4804 πρὸς
1156 4734 1444 4804 Κύριὶλον,
1487 4737 1579 4787 καὶ
1619 4734 1821 4786 Νεστό-

262 4842 401 4893 ριον,
436 4822 531 4875 καὶ
573 4823 799 4891 ἐτέρους
844 4824 903 4873 ἐν
940 4825 1006 4892 τῇ
1048 4824 1153 4892 πρὸ
1184 4824 1294 4875 τῶν
1334 4823 1662 4893 Πρακτικῶν
1693 4825 1819 4877 συ).-

259 4915 395 4983 λογῇ
427 4914 525 4981 τῆς
554 4913 746 4984 τρίτης
770 4916 1011 4966 συνόδου·
1038 4914 1251 4967 κατὰδέ
1280 4915 1378 4983 τὴν
1405 4916 1673 4984 τετάρτην
1700 4916 1822 4968 σύν-

258 5005 380 5055 οδον
412 5004 734 5071 ὑπ’ρκειται
766 5003 794 5054 ὁ
827 5004 1019 5065 πάπας
1060 5004 1153 5055 τοῦ
1191 5004 1822 5068 Κωνσταντινουπόλεως

258 5097 336 5156 ὡς
386 5095 599 5163 κεφαλὴ
649 5094 1064 5163 ἡγεμονεύουσα
1103 5096 1322 5164 μέλους,
1358 5096 1434 5156 ὼς
1472 5096 1632 5159 ἀκτὶς
1656 5098 1823 5163 φωτί-

261 5189 433 5251 ζουσα
459 5186 713 5255 σώματος
754 5186 1149 5253 φωτιζομένου,
1184 5185 1260 5245 ὡς
1307 5184 1483 5252 φύλαξ
1512 5187 1609 5254 τῆς
1649 5189 1823 5256 ἀμπέ-

260 5279 358 5328 λου
412 5276 560 5342 παρὰ
618 5274 714 5326 τοῦ
765 5273 1015 5341 Σωτῆρος
1068 5272 1343 5334 καταστάς
1386 5274 1683 5324 ἐπισκόπου
1731 5273 1826 5323 λα-

260 5366 468 5438 θραίως
497 5366 566 5418 δι’
594 5365 947 5435 ἀνθρωπίνης
977 5367 1388 5432 μηχανουργίας
1437 5364 1703 5433 τιμᾶσθαι
1731 5363 1826 5415 καὶ

261 5456 639 5524 προτιμᾶσθαι
667 5453 1149 5524 προθυμουμένου,
1183 5451 1256 5514 ὼς
1299 5452 1482 5523 πατὴρ
1512 5453 1701 5503 τέκνον
1733 5451 1826 5504 καὶ

262 5546 459 5609 παιδὸς
511 5545 657 5613 δῶρα
694 5544 885 5596 λαϐεῖν
925 5543 1249 5611 αἰτουμένου
1272 5557 1284 5569 ⁸
1320 5543 1393 5604 ὼς
1447 5543 1596 5594 ἐστιν
1633 5544 1697 5594 ἐκ
1726 5545 1826 5610 τῆς

263 5641 365 5709 ἤδη
423 5636 845 5709 προενεχθείσης
882 5637 1010 5688 ίδεῖν
1066 5636 1356 5705 ἐπιστολῆς
1408 5638 1505 5704 τῆς
1557 5636 1827 5706 τετάρτης

266 5732 487 5784 συνόδου
517 5732 652 5797 πρὸς
674 5730 877 5782 Λέοντα
905 5731 996 5780 τὸν
1024 5728 1235 5781 πάπαν.
1270 5727 1426 5780 Κατά
1452 5728 1507 5779 δὲ
1542 5728 1639 5794 τὴν
1661 5727 1827 5795 ἕκτην

268 5823 485 5875 σύνιδον
517 5822 835 5891 ὑπέρκειται
867 5823 893 5872 ύ
934 5820 1113 5882 nam;
1159 5819 1231 5881 ὡς
1272 5819 1453 5888 ἰατρὸς
1515 5818 1822 5883 νοσοῦντες,

1924 4631 2173 4700 epistolis
2216 4630 2502 4684 leestini
2549 4630 2615 4682 ad
2660 4630 2923 4698 Cyrillum
2973 4642 3029 4683 et
3072 4630 3384 4684 Nestorium
3439 4643 3491 4683 ct

1925 4721 2086 4785 alios,
2109 4722 2281 4788 prima
2310 4728 2463 4788 parte
2487 4734 2545 4771 ιιι
2575 4719 2786 4787 synodi.
2815 4719 2916 4772 Per
2947 4729 3195 4787 quartam
3224 4719 3491 4789 synodum

1927 4827 2066 4880 papa
2113 4821 2198 4865 est
2248 4812 2503 4879 superior
2557 4810 3169 4880 ConstantinOpolitano
3223 4822 3279 4863 ut
3333 4820 3495 4878 caput

1926 4902 2191 4965 tuetnbro,
2220 4911 2280 4954 ut
2315 4901 2498 4954 radius
2532 4900 2813 4954 illustrans
2844 4916 3077 4968 corpore
3107 4901 3395 4964 illustrato,
3438 4909 3494 4951 ιιι

1925 4994 2098 5047 Vinea:
2125 5002 2312 5047 custos
2341 5010 2369 5047 ιι
2418 4992 2700 5045 Salvatore
2741 4992 3074 5045 constitutus
3103 5007 3169 5045 eo
3199 4993 3293 5060 qui
3326 4992 3489 5043 nitnia

1928 5087 2192 5141 industria
2228 5088 2474 5155 pervertit
2512 5084 2578 5137 ad
2627 5085 2866 5136 honores
2904 5091 2961 5136 et.
3000 5083 3493 5149 praeemincntiam,

1927 5190 1987 5231 ut
2033 5192 2231 5246 parens
2279 5186 2438 5231 natos
2485 5176 2684 5231 donari
2731 5174 2837 5230 sibi
2884 5171 3090 5242 aliquid
3142 5182 3393 5241 petente;
3436 5181 3494 5224 ut

1929 5280 2079 5339 patet
2106 5285 2170 5323 ex
2202 5278 2504 5322 memorata
2536 5269 2767 5338 cpistola
2798 5276 3007 5336 quarta:
3038 5266 3229 5336 synodi
3259 5265 3322 5318 ad
3354 5264 3493 5317 Leo-

1928 5374 2050 5412 nem
2082 5373 2297 5428 papam.
2334 5359 2435 5412 Per
2467 5368 2677 5411 sextam
2726 5357 2996 5425 synodum
3042 5369 3176 5423 papa
3211 5364 3291 5405 est
3328 5367 3496 5421 supe~

1928 5453 2042 5504 rior
2068 5450 2697 5519 Constantinopolitano,
2733 5458 2791 5501 ut
2829 5448 3075 5501 medicus
3111 5456 3317 5514 tcgroto
3349 5446 3495 5497 sani-

1930 5554 2095 5597 tatem
2140 5542 2395 5597 Eeelesia:
2430 5543 2691 5612 largiens,
2727 5551 2785 5594 ut
2822 5539 3327 5609 pontiiicalissimus
3362 5550 3490 5606 apo-

1930 5636 2136 5690 stolica:
2180 5634 2515 5687 summitatis
2562 5635 2790 5688 antistes
2826 5632 3097 5701 episc0pis
3142 5631 3400 5691 minimis,
3436 5638 3488 5680 ut

1934 5730 1985 5781 in
2032 5727 2462 5796 Prosphonetico
2510 5729 2575 5779 ad
2628 5726 3049 5780 Constantinum
3108 5726 3489 5791 ἱιιιιιιιπιιιιιιιιιι

1935 5824 2135 5872 ιιιιιιιιιι
2194 5818 2281 5870 illa
2340 5818 2608 5886 synodus;
2671 5820 2806 5869 inter
2862 5832 2997 5884 quos
3054 5825 3171 5868 erat
3228 5813 3491 5879 ticcrdins
