4288 6358
797 370 912 436 775
1949 370 2000 427 Μ
2014 368 2319 427 ΑΤΤΗᾹΞΙ
2357 370 2490 428 ΕΑΓ

2382 370 2892 430 IARYOPIIYLLI
3933 379 4075 446 776

801 475 1437 547 Constantinopolitanus
1463 482 1520 528 et
1550 475 1911 544 TheOphanes
1953 479 2332 533 Antiochenus
2363 497 2376 532 :
2411 485 2454 538 Α
2483 499 2494 514 ε

2411 485 2454 538 Α
2483 481 2581 550 τὴν
2613 482 2801 548 ὑγείαν
2831 480 3187 551 χαριζόμενος
3223 484 3290 552 τῇ
3330 483 3650 554 Ἐκκλησία,
3684 485 3758 548 ὡς
3788 489 4074 557 ἀρχιερι-

803 580 865 624 ιιι
897 583 1186 623 successor
1229 564 1502 618 cathedra:
1534 565 1806 634 coryphaﬂ
1848 565 2115 632 principis
2153 579 2373 633 aposto-

802 662 980 715 lorum
1028 674 1118 722 eo,
1147 657 1238 726 qui
1290 665 1579 726 prapterca
1620 655 1964 709 orthodoxus
2006 657 2225 710 habitus
2268 667 2373 721 est,

803 753 932 820 quia
961 748 1248 819 epistolam
1276 763 1426 815 papa:
1449 745 1713 812 suscepit,
1739 754 1798 798 ut
1824 747 2067 816 synodus
2093 747 2182 800 illa
2211 757 2378 800 testa-

807 855 895 895 tur
925 843 982 894 in
1012 841 1241 908 cpistola
1270 840 1334 891 ad
1367 838 1730 906 Agathonem.
1761 838 1863 891 Per
1891 839 2176 905 septimam
2210 853 2372 908 syno-

809 935 940 985 dum
992 947 1129 1000 papa
1174 940 1259 983 cst
1303 929 1554 996 superior
1585 928 2219 996 Constantinopolitano,
2256 937 2375 982 tan-

811 1040 972 1092 quam
1001 1025 1193 1074 oculus
1223 1022 1389 1073 totius
1413 1023 1683 1087 corporis,
1708 1020 2006 1073 ostendens
2032 1020 2129 1072 toti
2159 1019 2374 1087 Corpori

813 1126 1015 1169 rectam
1046 1114 1287 1166 veritatis
1315 1113 1586 1175 semitam,
1625 1122 1680 1164 nt
1707 1103 1910 1163 fatetur
1939 1112 2199 1164 'l'arasius
2232 1115 2375 1164 Con-

811 1206 1329 1274 stantinopolitanus
1365 1204 1415 1254 in
1447 1203 1676 1270 epistola
1713 1201 1780 1252 ad
1815 1201 2117 1254 Adrianum
2158 1216 2373 1270 papam,

812 1296 881 1348 ad
919 1297 1079 1348 ﬁnem
1124 1295 1271 1346 illius
1307 1291 1524 1361 synodi.
1565 1290 1700 1344 Cum
1748 1301 1825 1343 tot
1867 1293 2138 1358 tantisque
2176 1306 2378 1359 praero-

808 1389 1027 1457 gativis,
1068 1394 1203 1453 quot
1237 1386 1350 1454 ipse
1387 1398 1495 1453 pne
1539 1384 1717 1436 stellis
1754 1382 1974 1450 cliulget
2009 1384 2110 1445 sol,
2147 1384 2378 1449 patriar-

808 1481 924 1534 cha:
971 1477 1582 1544 ConstantinOpolitano
1633 1475 1926 1529 antecellat
1969 1489 2105 1543 papa
2149 1472 2214 1527 ei
2253 1489 2378 1528 san-

806 1574 990 1626 ctione
1050 1570 1254 1624 Christi
1317 1568 1568 1629 Domini,
1624 1567 1960 1636 generalium
2016 1566 2374 1619 conciliorum

809 1663 1167 1723 testimoniis.
1207 1660 1366 1714 factis
1399 1660 1682 1712 veritatem
1718 1658 2205 1726 comprobantibus
2241 1674 2254 1709 :
2285 1658 2374 1710 itle

807 1771 938 1809 vero
994 1753 1325 1807 Catsareensi
1385 1753 1705 1819 cazterisque
1764 1750 2126 1818 suﬂ‘raganeis
2181 1748 2374 1815 pra:ire

2475 566 2774 633 τικώτατος
2808 577 2908 642 τῆς
2946 574 3318 644 ἀποστολικῆς
3373 577 3728 644 ἀκροπόλεως
3779 583 4076 648 πρόεδρος

2476 663 2585 714 τῶν
2621 664 2936 732 ἐλαχίστων,
2974 664 3048 726 ὦς
3105 681 3270 734 φησιν
3317 668 3346 732 ή
3396 667 3615 729 σύνοδος
3648 669 3827 739 ἐκείνη
3867 672 3922 721 ὲν
3974 672 4074 740 τῷ

2478 752 2916 822 προσφωνητικῷ
2965 753 3104 822 πρὸς
3155 754 3245 806 τὸν
3321 756 3545 825 βασιλέα
3607 760 4067 822 Κωνσταντῖνον,

2480 839 2819 905 ἐπισκόπων,
2853 841 2911 892 ὲν
2945 836 3028 902 οἷς
3056 837 3125 910 ἦν
3173 845 3266 894 καὶ
3311 844 3587 910 Γεώργιος
3626 847 3654 897 6
3700 850 4071 900 Κωνσταντι-

2479 930 2803 992 νουπόλεως,
2841 931 2935 984 καὶ
2958 931 3225 999 Θεοφάνης
3254 933 3583 1002 Ἀντιοχείας
3608 951 3621 964 ·
3655 935 3728 994 ὡς
3764 937 3854 988 τοῦ
3880 954 4068 1004 κορυ-

2478 1021 2774 1086 φαιοτάτου
2803 1025 3261 1090 πρωταποστόλου
3310 1025 3411 1090 τῆς
3461 1025 3726 1093 καθέδρας
3776 1026 4066 1095 διάδοχος,

2480 1112 2872 1178 ὑπερκείμενος
2923 1111 3017 1163 τοῦ
3061 1113 3270 1166 ἐκεῖθεν
3332 1113 3615 1180 ὀρθοδόξου
3670 1115 4060 1182 νομισθέντος,

2477 1203 2558 1253 ὅτι
2593 1203 2848 1255 συνέθετο
2880 1207 2942 1271 τῇ
2977 1204 3233 1271 ἐπιστολῇ
3275 1205 3360 1255 τοῦ
3395 1207 3581 1267 πάπα,
3607 1206 3680 1266 ὡς
3711 1211 3984 1275 μαρτυρεῖ
4024 1211 4060 1276 ἡ

2481 1293 2610 1359 ἁγία
2645 1293 2859 1355 σύνοδος
2894 1295 3075 1362 ἐκείνη
3110 1296 3168 1347 ἐν
3193 1299 3256 1364 τῇ
3288 1296 3423 1362 πρὸς
3450 1297 3732 1361 Ἀγαθωνα
3761 1301 4060 1368 ἐπιστολῇ.

2481 1386 2633 1438 Κατὰ
2662 1385 2717 1437 δὲ
2751 1389 2849 1453 τὴν
2881 1385 3121 1454 ἑϐδόμην
3159 1388 3380 1440 σύνοδον
3413 1390 3732 1457 ὑπέρκειται
3775 1393 3801 1441 6
3824 1391 4059 1452 πάπας,

2477 1476 2552 1535 ὼς
2583 1476 2862 1544 ὀφθαλμὸς
2908 1478 3008 1535 τοῦ
3057 1479 3180 1530 ὅλου
3228 1480 3501 1547 σώματος,
3557 1482 3923 1534 ὑποδεικνύων
3963 1484 4058 1549 τῷ

2478 1566 2583 1634 ὅλῳ
2642 1567 2856 1636 σώματι
2899 1569 2998 1637 τὴν
3035 1570 3250 1622 εὐθεῖαν
3283 1571 3468 1638 τρίϐον
3505 1575 3602 1641 τῆς
3655 1572 3933 1641 ἀληθείας,
3966 1572 4057 1634 ὥς

2463 1675 2612 1724 ’φησι
2645 1659 2917 1728 Ταράσιος
2958 1661 2984 1712 6
3031 1663 3654 1725 Κωνσταντινουπόλεως
3699 1664 3754 1714 ὲν
3797 1667 3860 1731 τῇ
3901 1664 4055 1732 πρὸς

2493 1750 2770 1818 Ἀδριανὸν
2805 1752 2894 1802 τὸν
2928 1752 3119 1804 πάπαν
3146 1753 3404 1822 ἐπιστολῇ
3437 1755 3573 1822 πρὸς
3601 1755 3676 1820 τῷ
3698 1755 3838 1806 τέλει
3870 1755 3973 1820 τῆς
4001 1753 4052 1817 ζ’

809 1847 1039 1914 cmperit
1078 1848 1280 1897 virtute
1330 1842 1601 1897 canonum
1647 1840 1752 1894 non
1799 1840 2187 1909 legitimorum,
2228 1839 2372 1893 tertii
2407 1821 2445 1874 Β
2477 1861 2502 1895 σ

2359 1839 2372 1890 i
2407 1821 2445 1874 Β
2477 1845 2715 1898 συνόδου,
2739 1844 3040 1907 Τοσαύταις
3065 1847 3157 1897 καὶ
3178 1846 3528 1915 τηλικαύταις
3552 1849 3862 1915 ὑπεροχαῖς,
3887 1847 4052 1909 ὅσαις

807 1937 1061 1992 secunda:
1095 1937 1325 2006 synodi;
1361 1951 1524 2004 quem
1570 1943 1628 1989 et
1673 1949 1777 1987 non
1818 1933 2133 2001 pervenisse
2166 1931 2232 1983 ad
2270 1945 2372 1984 no-

810 2032 982 2084 titiam
1035 2029 1181 2084 sedis
1227 2028 1560 2097 apostolicm,
1601 2036 1657 2080 ct
1690 2026 1735 2078 si
1787 2025 2012 2078 omnino
2052 2039 2080 2076 a
2120 2022 2374 2075 Patribus

811 2126 1158 2194 subscriptus
1188 2133 1295 2185 est,
1330 2121 1534 2175 nullius
1580 2119 1792 2174 roboris
1840 2117 2102 2171 mansisse
2142 2125 2373 2169 testatur

813 2225 1034 2269 sanctus
1083 2214 1192 2266 Leo
1241 2226 1376 2281 papa
1431 2209 1660 2278 epistola
1711 2208 1776 2260 ad
1831 2206 2167 2268 Anatolium,
2205 2214 2260 2259 et
2305 2203 2372 2256 ad

811 2306 1161 2361 l’ulehcriam
1193 2304 1525 2371 Augustam;
1571 2299 1813 2353 vicesimi
1844 2297 2021 2351 octavi
2049 2306 2258 2365 quarta:
2289 2312 2376 2364 sy-

812 2399 964 2462 nodi,
984 2414 1144 2466 qualn
1171 2411 1275 2448 non
1295 2404 1551 2447 exoratus
1577 2389 2208 2462 precibusOrientalium
2228 2387 2372 2441 idem

810 2489 921 2542 Leo
947 2505 1085 2557 papa
1116 2487 1324 2556 reiecit,
1370 2495 1425 2539 et
1456 2482 1722 2538 trieesimi
1750 2483 1886 2535 sexti
1916 2480 2254 2549 quinisextze,
2279 2479 2372 2547 qui

809 2599 839 2636 a
872 2581 1081 2651 synodo
1116 2581 1397 2632 confectus
1426 2591 1765 2646 nequaquam
1794 2575 2036 2643 legitima
2067 2574 2244 2626 nullas
2277 2572 2374 2624 ha-

814 2674 908 2727 bet
937 2673 1080 2726 vires
1122 2670 1429 2723 Prii-serum
1453 2669 1598 2735 quod
1619 2667 1764 2719 inter
1785 2666 1880 2716 has
1906 2678 2144 2717 canones
2166 2678 2271 2715 non
2290 2670 2375 2716 est

810 2758 1215 2815 convenientia.
1248 2759 1381 2810 Nam
1425 2771 1597 2809 canon
1629 2754 1820 2824 synodi
1849 2755 2060 2816 statuit,
2101 2752 2377 2804 honoran-

813 2852 943 2902 dum
990 2865 1109 2902 esse
1146 2845 1811 2912 ConstantinOpolitanum
1864 2854 1984 2911 post
2028 2844 2370 2907 Romanum;

810 2941 995 2997 ercteri
1018 2954 1146 2992 vero
1167 2954 1405 2991 canones
1424 2937 1566 2990 idem
1586 2951 1644 2989 sc
1663 2946 1904 2989 statuere
1923 2936 2134 2997 dicunt,
2153 2935 2245 2988 sed
2266 2950 2373 2988 non

810 3034 955 3089 idem
987 3040 1266 3093 statuunt;
1300 3045 1488 3083 verum
1522 3028 1768 3082 Romano
1792 3038 1847 3081 et
1868 3027 2369 3095 ConstantinOpoli-

813 3137 942 3180 tano
971 3125 1209 3193 zeqnales
1242 3123 1480 3176 honores
1512 3121 1834 3183 decernunt,
1858 3129 1912 3172 et
1946 3135 2066 3172 eum
2108 3129 2367 3189 praaerea
2397 3155 2439 3212 ε

807 3216 1452 3284 Constantinopolitanus
1485 3211 1742 3282 paulatim
1779 3213 2036 3274 creverit,
2074 3221 2129 3265 et
2166 3212 2367 3265 limita-

811 3318 920 3360 tam
975 3307 1357 3360 auctoritatem
1415 3319 1512 3373 per
1567 3302 1902 3370 suppositios
1961 3302 2081 3354 illos
2131 3316 2372 3355 canones

812 3398 1183 3466 usurpaverit,
1213 3396 1424 3449 scilicet
1450 3395 1515 3447 ad
1547 3393 1950 3447 consecrandos
1991 3403 2199 3445 tantum
2235 3393 2374 3445 Pon-

810 3491 960 3551 tiea',
1011 3478 1322 3540 Asianaz'et
1369 3485 1616 3538 Thraciae
1667 3485 1922 3537 diceet-sis
1975 3484 2369 3553 metrOpolitcs.

808 3578 1097 3642 Quomodo
1130 3587 1184 3629 tu
1216 3591 1356 3645 aegre
1388 3575 1520 3637 fers,
1555 3585 1610 3629 et
1643 3590 1934 3629 succenses
1963 3575 2089 3637 illis,
2115 3590 2144 3626 a
2175 3575 2372 3640 quibus

807 3667 1016 3718 dictum
1057 3674 1161 3727 est,
1197 3664 1271 3717 ita
1320 3679 1377 3716 sc
1423 3664 1626 3717 habere
1662 3679 1856 3732 papam
1888 3663 1953 3715 ad
1987 3663 2373 3716 Constantino-

808 3757 1132 3824 politanum,
1173 3755 1319 3809 sicut
1373 3770 1429 3807 se
1480 3754 1566 3806 ille
1619 3755 1780 3807 habet
1829 3753 1893 3805 ad
1947 3753 2370 3816 Casarecnsem,

806 3864 930 3899 cum
979 3848 1055 3900 illi
1098 3863 1207 3899 non
1253 3847 1398 3914 justa
1449 3845 1805 3914 proportione
1853 3845 1934 3898 usi
1982 3844 2224 3898 fuerint?
2268 3844 2373 3898 Dc-

805 3939 971 3992 beant
996 3937 1142 3990 enim
1175 3938 1380 4001 dicere,
1406 3952 1510 3988 non
1544 3936 1616 3988 ita
1652 3951 1710 3989 se
1739 3936 1962 3999 habere,
1987 3936 2081 3988 sed
2105 3934 2371 3992 Constan-

814 4031 1232 4098 tinopolitanum
1275 4044 1396 4082 esse
1445 4028 1757 4081 inferiorem
1796 4043 1948 4095 papa:
1989 4027 2159 4079 multo
2203 4027 2372 4096 magis

811 4105 972 4189 quam
1005 4123 1076 4174 sit
1103 4120 1707 4188 ConstantinOpolitano
1723 4118 2106 4185 Czesareensis,
2127 4119 2372 4187 quando-

806 4213 1023 4280 quidem
1060 4227 1196 4280 papa
1252 4211 1414 4263 habet
1465 4210 1519 4262 in
1565 4209 2229 4276 Constantinopolitanum
2280 4225 2374 4277 po-

809 4313 1057 4356 testatem
1109 4302 1376 4355 divinitus
1426 4301 1705 4364 traditam,
1753 4302 1954 4368 quippe
2005 4310 2062 4352 ut
2110 4310 2290 4368 pastor
2339 4317 2373 4353 a

810 4395 917 4447 Deo
953 4397 1303 4457 constitutus,
1338 4402 1389 4445 et
1435 4394 1604 4446 vinea:
1647 4404 1871 4456 custos;
1913 4392 2375 4459 Constantiumpo-

806 4490 1007 4540 litanus
1037 4497 1241 4551 autem,
1283 4498 1342 4540 ut
1376 4487 1487 4540 Leo
1516 4503 1653 4556 papa
1695 4489 1893 4540 clamat
1925 4486 1981 4540 in
2015 4487 2128 4540 suis
2159 4488 2365 4556 episto-
2399 4486 2444 4542 D

809 4580 899 4640 lis,
928 4580 1016 4647 jus
1053 4580 1291 4632 alienum
1339 4580 1627 4647 praeripere
1665 4579 1858 4643 voluit,
1893 4579 2055 4647 idque
2098 4581 2272 4633 solum
2308 4580 2374 4632 ad

809 4671 1272 4724 conservandum.
1321 4669 1402 4722 Tu
1456 4686 1586 4723 vero
1622 4671 2023 4740 imparilitatem
2070 4671 2377 4738 preportiov

812 4765 897 4816 nis
933 4774 1024 4815 tuo
1066 4779 1227 4816 sensu
1273 4762 1664 4830 interpretans,
1693 4750 1860 4830 ponis
1892 4778 2012 4830 quze
2058 4778 2158 4814 nec
2188 4779 2215 4814 a
2251 4777 2382 4814 con-

809 4856 973 4919 ciliis,
1019 4871 1120 4907 nec
1170 4871 1198 4906 a
1251 4854 1538 4906 catholicis
1588 4854 1907 4907 doctoribus
1959 4855 2237 4922 accepisti,
2283 4853 2378 4906 scd

809 4947 1030 4999 inventa
1063 4957 1190 4998 sunt
1223 4946 1702 4999 sehismaticorum
1732 4945 2180 5010 vaniloquentiau

2473 1935 2583 1988 τῶν
2609 1937 2856 2006 ἀστέρων
2888 1937 3181 2007 ὑπερτερεῖ
3212 1942 3238 1991 ὁ
3288 1940 3459 2007 ἥλιος,
3493 1939 3583 1990 τοῦ
3617 1941 3777 1992 πάπα
3831 1939 4054 2008 ὑπερα-

2475 2029 2814 2091 κοντίζοντος
2862 2031 2952 2081 τὸν
3009 2032 3360 2100 πατριάρχην
3410 2033 4049 2093 Κωνσταντινουπὸλεως

2476 2121 2770 2190 νομοθεσίᾳ.
2798 2121 2892 2174 τοῦ
2923 2121 3182 2191 Χριστοῦ,
3215 2130 3549 2193 μαρτυρίαις
3577 2124 3681 2176 τῶν
3728 2129 4050 2193 οἰκουμενι-

2476 2212 2586 2265 κῶν
2621 2213 2886 2274 συνόδων,
2928 2214 3110 2282 ἔργοις
3143 2214 3418 2281 βεϐαιοῦσι
3448 2216 3541 2283 τὴν
3574 2216 3855 2285 ἀλήθειαν·
3892 2220 4049 2269 ὲκεί-

2477 2322 2566 2357 νου
2593 2304 2648 2356 δὲ
2681 2305 2769 2362 τὸν
2803 2306 3134 2373 Καισαρείας
3165 2309 3256 2358 καὶ
3285 2310 3409 2369 τοὺς
3441 2308 3530 2358 ὑπ’
3559 2309 3722 2360 αὑτὸν
3753 2310 4044 2378 ἀρχιερεῖς

2478 2398 2838 2467 ὑπερϐάλλειν
2862 2398 3171 2468 ἀρξαμένου
3213 2399 3440 2467 δυνάμει
3477 2400 3718 2453 κανόνων
3752 2402 3873 2468 οὐχὶ
3909 2419 4050 2470 γνηο

2477 2489 2629 2554 σίων,
2673 2490 2766 2542 τοῦ
2821 2491 3002 2558 τρίτου
3053 2491 3149 2559 τῆς
3206 2492 3464 2562 δευτέρας
3539 2494 3777 2555 συνόδου,
3817 2494 3875 2545 ὃν
3945 2495 4048 2545 καὶ

2475 2585 2752 2646 ἄγνωστον
2779 2585 2872 2635 καὶ
2901 2585 2974 2654 μὴ
3002 2584 3340 2652 φυλαχθέντα
3363 2600 3378 2615 °
3403 2585 3517 2638 ἀλλ’
3545 2585 3700 2654 εἴπερ
3726 2586 3861 2647 ὅλως
3890 2589 4048 2653 παρά

2474 2675 2584 2728 τῶν
2620 2677 2883 2741 ιιατέρων
2914 2676 3154 2742 γέγονεν,
3196 2677 3401 2745 ἄκυρον
3430 2679 3548 2730 τότε
3587 2680 3842 2745 μείναντά
3871 2695 4046 2746 φησιν

2476 2767 2505 2817 6
2552 2766 2706 2834 ἅγιος
2742 2769 2926 2827 πάπας
2958 2769 3109 2820 Λέων
3153 2771 3210 2820 ὲν
3263 2772 3327 2837 τῇ
3381 2770 3513 2838 πρὸς
3552 2770 3885 2837 ῙΙουλχερίαν
3939 2772 4049 2838 τὴν

2476 2859 2794 2926 Αὑγούσταν
2826 2859 3108 2928 ἐπιστολῇ,
3161 2863 3256 2913 καὶ
3309 2864 3366 2912 έν
3401 2864 3463 2929 τῇ
3522 2863 3654 2929 πρὺς
3697 2862 4044 2913 Ἀνατῶιον·

2476 2951 2572 3002 τοῦ
2601 2947 2686 3019 κη’
2717 2949 2818 3018 τῆς
2851 2951 3114 3018 τετάρτης
3147 2952 3387 3013 συνόδου,
3424 2953 3483 3003 ὃν
3518 2955 3589 3021 μὴ
3617 2954 3886 3020 καμφθεὶς
3919 2956 4052 3015 ταῖς

2479 3042 2696 3110 δεήσεσι
2723 3042 2834 3093 τῶν
2879 3043 3215 3095 ἀνατολικῶν
3246 3044 3550 3113 ἀπέρριψεν
3598 3044 3624 3093 6
3659 3045 3815 3105 αύτῖις
3849 3045 4051 3106 atina;

2477 3134 2625 3186 Λέων
2646 3147 2662 3164 ο
2687 3133 2781 3186 καὶ
2807 3132 2901 3185 τοῦ
2934 3133 3020 3198 λς’
3042 3135 3136 3202 τῆς
3171 3134 3495 3203 πενθέκτης,
3545 3133 3599 3196 ὃς
3645 3138 3793 3203 παρᾶ
3821 3137 4050 3190 τυνὸδου

2473 3225 2747 3287 τυπωθεὶς
2811 3226 2886 3294 μὴ
2931 3228 3182 3294 γνησίας,
3232 3227 3305 3286 ὡς
3357 3229 3726 3296 δειχθήσεται,
3780 3231 4049 3294 οὐδεμίαν

2474 3316 2588 3384 ἔχει
2618 3317 2679 3368 τὸ
2712 3318 2973 3385 παράπαν
3022 3319 3198 3385 ἰσχὺν,
3251 3318 3428 3379 ἄλλως
3468 3336 3523 3369 τε
3561 3319 3697 3386 μηδὲ
3733 3320 4049 3386 συμφώνων

2472 3411 2678 3462 τούτων
2707 3409 2879 3481 ὄντων
2913 3409 3020 3460 τῶν
3052 3410 3316 3472 κανόνων,
3345 3410 3482 3460 ἀλλὰ
3515 3409 3607 3460 τοὺ
3644 3410 3740 3476 τῆς
3779 3411 4047 3477 δευῖέρας

2476 3501 2693 3552 συνόδου
2729 3499 3085 3560 θεσπίσαντος
3117 3500 3204 3551 τὸν
3234 3503 3640 3552 Κωνσταντινου
3656 3503 3856 3563 πόλεως
3888 3502 4045 3567 ἔχειν

2473 3593 2540 3644 τὰ
2575 3591 2841 3659 πρεσϐεῖα
2898 3593 3146 3658 μετατδν
3185 3591 3423 3660 Ῥώμης,
3462 3593 3567 3644 τῶν
3597 3592 3801 3643 λοιπῶν
3848 3593 4046 3643 θεσπί-

2476 3683 2589 3746 ζειν
2618 3686 2716 3752 μὲν
2743 3688 2809 3735 τὰ
2856 3684 2992 3735 αὑτά
3039 3684 3328 3750 λεγόντων,
3360 3686 3418 3735 οὑ
3453 3687 3518 3735 τὰ
3555 3685 3694 3734 αὑτὰ
3725 3685 3779 3734 δὲ
3825 3686 4049 3752 ὁρίσαν-

2473 3794 2602 3838 των,
2633 3777 2764 3828 ἀλλά
2793 3781 2857 3828 τὰ
2889 3777 2977 3828 ἴσα
3011 3778 3279 3845 πρεσϐεῖα
3305 3776 3381 3844 τῷ
3411 3778 3822 3828 Κωνσταντινου
3835 3777 4046 3836 πόλεως

2474 3872 2890 3937 ἀπονειμάντων
2914 3887 2925 3898 ·
2971 3870 3105 3937 πρὸς
3139 3869 3352 3929 τούτοις
3393 3867 3483 3919 τοῦ
3520 3869 4044 3919 Κωνσταντινουπό-

2473 3961 2608 4022 λεως
2645 3961 2762 4013 κατ’
2818 3961 2996 4026 ὀλίγον
3051 3960 3405 4028 αὐξηθέντος,
3457 3960 3552 4012 καὶ
3615 3960 4046 4028 μεμετρημένα-ιν

2474 4053 2562 4105 διὰ
2609 4053 2715 4104 τῶν
2754 4053 3158 4120 ὑποϐολιμαίων
3197 4053 3420 4104 ἐκείνων
3484 4053 3727 4103 κανόνων
3789 4053 4046 4114 ἐξουσίαν

2476 4146 2756 4205 λαϐόντος,
2793 4145 2886 4194 ἐπὶ
2925 4143 2984 4195 τὸ
3015 4146 3340 4212 χειροτονεῖν
3374 4145 3566 4211 μόνους
3605 4145 3732 4204 τοὺς
3773 4143 3875 4207 τῆς
3907 4144 4044 4195 Πυν-

2474 4238 2631 4304 τικῆς
2664 4238 2756 4287 καὶ
2795 4237 2895 4302 τῆς
2955 4235 3230 4302 Ἀσιανῆς,
3264 4233 3356 4286 καὶ
3397 4235 3493 4299 τῆς
3525 4235 3808 4302 Θρᾳκικῆς
3838 4235 4047 4304 διοική-

2477 4344 2615 4389 σεως
2649 4327 3051 4397 μητροπολίτας
3071 4341 3085 4355 ·
3107 4326 3243 4389 πῶς,
3270 4318 3316 4379 ὣ
3341 4325 3516 4384 Νεῖλε,
3540 4324 3882 4386 δεινοπαθεῖς
3903 4332 4045 4379 κατα

2477 4417 2583 4467 τῶν
2636 4416 2901 4466 εἰπόντων
2958 4415 3144 4466 τοῦτον
3177 4415 3267 4466 τὸν
3317 4414 3475 4480 λόγον
3522 4413 3670 4481 ἔχειν
3705 4415 3794 4466 τὸν
3854 4416 4045 4465 παπαν

2474 4509 2609 4575 πρὸς
2636 4510 2740 4572 ,τὸν
2774 4506 3423 4566 Κωνσταντινουπόλεως,
3451 4505 3511 4556 δν
3540 4507 3748 4566 ἐκεῖνος
3786 4505 3922 4573 πρὸς
3952 4509 4043 4556 τὸν

2476 4599 2835 4668 Καισαρείας,
2872 4598 2962 4649 καί
2990 4615 3070 4650 τοι
3125 4599 3227 4650 οὑκ
3257 4597 3432 4665 ὀρθῶς
3462 4599 3764 4663 εἰπόντων;
3806 4599 3927 4650 δεον
3949 4601 4042 4663 ὁρ-

2476 4692 2583 4754 θῶς
2612 4693 2804 4749 εἰπεῖν,
2835 4690 2897 4740 οὑ
2922 4689 3014 4740 τὸν
3039 4689 3201 4741 αὑτὸν
3229 4689 3386 4755 λόγον
3409 4689 3572 4756 ἔχειν,
3603 4689 3739 4740 ἀλλὰ
3773 4690 3862 4739 τὸν
3892 4692 4047 4738 Κων-

2479 4782 2974 4842 σταντινουπόλεως
3009 4777 3147 4832 εἶναι
3183 4779 3362 4849 πολλῴ
3389 4778 3699 4846 κατώτερον
3731 4779 3824 4830 τοῦ
3863 4781 4044 4842 πάπα,

2478 4875 2637 4943 εἴπερ
2658 4875 2685 4924 6
2718 4871 3052 4938 Καισαρείας
3083 4871 3176 4923 τοῦ
3221 4871 3841 4931 Κωνσταντινουπόλεως
3863 4887 3878 4900 ·
3913 4875 4045 4922 ὅπου

2479 4967 2578 5035 τὴν
2610 4965 2861 5028 ἐξουσίαν
2887 4967 2978 5016 ὲπὶ
3001 4963 3089 5014 τὸν
3124 4964 3751 5023 Κωνσταντινουπόλεως
3780 4964 3905 5030 ἔχει
3929 4964 4048 5013 θεό-

809 5067 897 5114 θεν
931 5065 957 5112 6
987 5062 1192 5126 παπας,
1230 5064 1303 5123 ὡς
1360 5061 1566 5128 ποιμὴν
1609 5059 2026 5128 θεοπρὸϐλητος,
2056 5059 2147 5109 καὶ
2195 5056 2374 5124 φύλαξ
2410 5058 2510 5124 τῆς
2579 5055 2850 5125 ἀμπέλου.
2922 5055 2982 5106 ’0
3029 5054 3084 5105 δὲ
3117 5055 3213 5121 τῆς
3267 5053 3676 5105 Κωνσταντίνου
3733 5069 4049 5119 μηχαουρ-

810 5159 955 5222 γίαις
986 5156 1330 5206 ἐπισπάσατο
1365 5154 1432 5204 τὰ
1458 5153 1734 5220 ἀλλότρια,
1777 5153 1851 5211 ὡς
2015 5153 2070 5201 ὲν
2133 5153 2253 5212 ταῖς
2326 5149 2634 5209 ἐπιστολαῖς
2700 5147 2866 5199 αὑτοῦ
2925 5147 3075 5197 Λέων
3103 5147 3131 5196 6
3161 5146 3368 5208 πάντας,
3402 5146 3495 5196 καὶ
3536 5144 3709 5195 ταῦτα
3739 5147 3828 5194 ex:
3863 5151 3923 5194 τί
3953 5148 4050 5211 μό-

1534 5249 1692 5300 άλλον
1739 5249 1936 5314 τρόπον

1837 5343 1972 5408 μήτε

811 5268 900 5300 νον
931 5251 1278 5318 χειροτονεῖν.
1311 5249 1380 5299 Σὺ
1410 5249 1464 5298 δὲ

811 5345 1039 5410 γράφεις
1068 5342 1102 5394 ἃ.
1136 5358 1273 5410 μητε
1329 5345 1476 5410 παρὰ
1510 5343 1764 5400 συνόδων,

2010 5246 2101 5295 τὸν
2136 5246 2215 5296 σοὶ
2243 5305 2257 5315 ’_
2282 5245 2543 5297 δοκοῦντα
2602 5243 2701 5310 τὴν

2046 5345 2194 5408 παρὰ
2271 5339 2568 5408 ὀρθοδόξων
2622 5341 2850 5406 εἴληφας
2904 5336 3278 5398 διδασκάλων,
3353 5335 3450 5400 τῆς
3506 5337 3869 5403 σχισματιχῆς
3917 5339 4048 5388 ὄντα

2789 5242 3082 5309 ἀνισότητα
3143 5241 3238 5307 τῆς
3319 5241 3611 5304 ἀναλογίας
3683 5241 4049 5306 ἐκλαμϐανωι

813 5455 1279 5506 ματαιοφροσυνης
1335 5439 1655 5505 εὑρήματα·
1716 5438 1912 5506 ἔμαθες
1985 5439 2094 5506 γὰρ
2151 5439 2372 5505 φαύλων
2413 5437 2748 5490 διδασκάλων
2785 5437 3052 5500 ἀναγνοὺς
3085 5435 3512 5502 συγγράμματα.

1078 5557 1217 5610 Ordo
1257 5558 1612 5625 prwcedcnliw
1643 5560 2094 5628 patriarcharum.

882 5672 1180 5734 Romanus,
1231 5662 1899 5738 Constantinoiiolitanus,
1954 5673 2370 5739 Alexandrinus,

811 5762 1202 5815 Antiochcnus.
1258 5761 1802 5830 llierosolyinitanus.
1859 5763 2187 5830 Metropoles
2236 5763 2375 5817 Cott-

2698 5555 2806 5618 Τὰξ
2817 5574 2870 5620 ις
2899 5553 3411 5621 πρωτοκαθεδρίας
3442 5551 3839 5619 πατριαρλῶν.

2565 5674 2620 5724 Ὀ
2661 5669 2900 5738 Ῥώμης,
2949 5671 2976 5720 6
3033 5667 3680 5728 Κωνσῖαντινουπὸλεως,
3726 5666 3754 5716 6
3797 5664 4056 5729 Ἀλεξαν-

2488 5764 2683 5829 δρέων,
2716 5765 2743 5813 5
2784 5761 3126 5828 Ἀντιοχέων,
3159 5761 3185 5811 6
3227 5759 3637 5828 Ἱεροσολύμων.
3683 5754 3812 5810 Εἶτα
3857 5758 3911 5809 αί
3945 5775 4056 5829 μη-
