4288 6358
187 398 296 458 805

1494 406 1935 469 IlEFIlTA'I‘iO
1997 412 2183 475 NIIJ.

3327 423 3435 491 806

186 517 278 566 καὶ
304 515 382 583 τῷ
433 515 1085 579 Κωνσταντινουπόλεως.
1158 518 1563 588 Παραπλησέως
1609 524 1760 591 ελεγ·
1790 529 1879 585 At

1738 528 1991 585 -Adem
2056 528 2217 583 modo
2276 528 2665 597 reprobahitur
2734 541 2790 587 et
2855 548 3030 590 canon
3087 537 3431 609 quinisextte,

183 604 444 671 χθήσεται
480 604 575 655 κα)⁵
606 609 634 656 ὀ
655 605 752 671 τῆς
778 606 1107 676 πενθέκτης,
1133 606 1260 659 ἔνθα
1292 610 1423 677 περὶ
1476 611 1574 679 τῆς
1609 613 1765 665 συνὸι-

181 693 272 743 δου
303 694 523 763 ἐκείνης
572 694 727 747 ἔσται
761 696 788 746 ὁ
824 695 1001 761 λόγος.

837 829 1110 883 ΝΕΙΛΟΣ.

254 966 471 1019 Ὀτιδὲ
502 967 710 1026 πάντας
774 966 1106 1036 ἀνακρίνων,
1181 970 1344 1034 αὐτὸς
1402 972 1493 1023 ὑπ’
1555 974 1765 1038 οὐδενὸς

182 1059 743 1128 ἀνακρίνεται,τοῧτο
779 1061 873 1111 καὶ
898 1059 1113 1127 ψεῦδος,
1148 1064 1240 1113 καὶ
1301 1066 1412 1126 τοῖς
1472 1066 1582 1118 τῶν
1630 1070 1767 1121 ἀπο-

184 1151 386 1202 στέλων
420 1151 598 1202 ἔθεσιν
627 1152 688 1203 οὐ
723 1153 1031 1220 συμϐαίνει.
1066 1156 1123 1206 ΕΞ
1156 1156 1275 1224 γὰρ
1304 1158 1511 1221 Παῦλος
1538 1162 1647 1221 τοῖς
1676 1136 1766 1214 ἆλ-

180 1244 295 1330 λοις
325 1245 600 1296 κοινοῦται
636 1245 693 1294 τὸ
723 1246 1076 1313 [εὐαγγέλιον.
1108 1251 1307 1314 μήπως
1328 1250 1403 1309 εἰς
1430 1252 1589 1302 κενὸν
1639 1254 1764 1320 τρέ-

179 1351 249 1406 χῃ
274 1338 306 1404 ἢ
334 1336 557 1406 έδραμε,
586 1338 677 1389 καὶ
708 1337 871 1389 πάλιν
907 1338 1108 1407 Πέτρος
1130 1341 1495 1406 ἐπιτιμῶντος
1519 1346 1764 1411 ἀνέχεται

185 1426 400 1479 Παύλου
432 1439 446 1455 ⁶
480 1425 593 1489 πῶς
645 1423 801 1490 οὗτος
849 1429 1106 1499 καθάπερ
1160 1431 1428 1500 τύραννος
1475 1435 1765 1487 ἀνεύθυνον

179 1518 294 1581 ἔξει
329 1518 424 1569 τὸν
456 1518 572 1585 βίον
604 1538 618 1584 ;
662 1520 787 1573 Ὀτι
816 1521 871 1573 δέ
903 1522 999 1574 καὶ
1035 1523 1234 1590 ψεῦδος
1264 1525 1324 1577 τὸ
1356 1526 1620 1589 τοιοῦτον,
1674 1546 1764 1579 σα-

180 1610 302 1676 φές.
338 1610 474 1679 Περὶ
508 1611 611 1678 μὲν
652 1611 760 1664 τῶν
817 1614 1108 1683 δογμάτων
1176 1616 1436 1688 ὐνωριος
1479 1622 1587 1681 τοῖς
1632 1620 1761 1689 παρ’

182 1704 312 1769 ἡμῖν
334 1706 623 1772 μαρτυρεῖ,
660 1705 717 1765 ὃς
740 1706 951 1774 κριθεὶς
990 1710 1138 1774 παρὰ
1183 1711 1284 1777 τῆς
1317 1718 1367 1773 ς’
1425 1714 1645 1764 συνόδου
1689 1715 1764 1782 τῷ

179 1790 489 1859 ἁναθέματι
519 1794 793 1862 παρεδόθη
833 1811 846 1824 ο
879 1798 1007 1861 περὶ
1038 1797 1094 1849 δὲ
1153 1799 1252 1865 τῆς
1288 1799 1457 1867 ἄλλης
1488 1802 1760 1864 πολιτείας

179 1885 278 1936 καὶ
308 1886 445 1938 πᾶσι
476 1888 576 1955 μὲν
608 1888 816 1956 νόμοις,
852 1884 932 1950 οἷς
978 1891 1211 1953 ἕκαστος
1268 1894 1377 1943 τῶν
1441 1894 1760 1946 ἐπισκόπων

179 1975 493 2040 ὑπόκειται,
524 1980 773 2048 ἐνέχεται
798 1982 891 2033 καὶ
915 1982 1075 2045 αὐτὸς
1101 1986 1177 2045 εἰς
1207 1984 1542 2048 ἐπισκόπους
1566 1986 1756 2037 τελῶν·

179 2065 371 2117 πολλοὶ
398 2068 453 2119 δέ
484 2067 533 2118 οἱ
559 2069 790 2121 τοιοῦτοι
812 2070 921 2122 τῶν
957 2070 1162 2140 νόμων,
1191 2073 1241 2124 οἱ
1288 2074 1388 2141 μὲν
1446 2074 1600 2142 παρὰ
1655 2075 1763 2127 τῶν

178 2159 522 2226 ἀποστόλων,
553 2160 602 2211 οἱ
626 2160 683 2212 δὲ
720 2162 868 2230 παρᾶ
890 2161 999 2214 τῶν
1024 2165 1417 2233 οἱκουμενικῶν
1441 2167 1762 2237 ἐκτεθειμέ-

181 2267 263 2301 νοι
292 2252 527 2305 συνόδων
560 2267 573 2280 °
605 2254 700 2304 καὶ
733 2253 837 2324 ἰδίᾳ
863 2254 918 2306 δὲ
946 2256 1195 2322 φαίνεται
1229 2258 1380 2327 παρά
1424 2258 1535 2311 τῶν
1583 2277 1762 2328 μακα-

183 2341 321 2407 ρίων
346 2342 601 2413 Πατέρων
628 2345 1054 2412 ἐπιτιμώμενος.
1098 2346 1401 2414 Ἀνάγνωθι
1430 2352 1626 2403 κανόνα
1661 2353 1761 2421 τῆς

182 2440 237 2495 ς’
264 2434 485 2486 συνόδλυ
521 2442 599 2503 ιγ’¹
623 2439 752 2505 περὶ
774 2436 866 2489 τοῦ
901 2439 1081 2507 γάμου
1144 2441 1253 2493 τῶν
1297 2442 1628 2511 ἱερωμένων,
1667 2444 1761 2496 καὶ

180 2527 275 2577 τὸν
313 2532 385 2578 νε¹
416 2530 539 2597 περὶ
564 2529 657 2581 τοῦ
688 2528 978 2585 Σαϐὂάτου.

753 2665 1185 2721 ΛΝΤΙΡΡΠΣΙΣ.

259 2803 539 2869 Σὺμφωνα
599 2802 772 2855 ταῦτα
825 2805 1146 2869 ἐπιπλέκεις
1196 2809 1318 2869 ταῖς
1372 2813 1491 2873 σαῖς
1541 2813 1757 2882 ἀρχαῖς.

182 2896 302 2949 ἀλλ’
330 2898 633 2963 ἀσύμςωνα
674 2901 740 2967 τῇ
789 2899 1044 2967 ἀληθεία,
1076 2901 1170 2952 καὶ
1200 2904 1312 2965 τοῖς
1347 2904 1448 2973 ἤδη
1482 2923 1758 2975 προκομι-

184 2989 397 3043 σθεῐσιν
443 2989 711 3057 ἐλέγχοις.
764 2990 825 3042 Εἰ
861 2995 976 3059 γὰρ
1038 2993 1179 3045 κατὰ
1217 2995 1275 3046 σὲ
1308 2996 1366 3047 τὸ
1414 3001 1681 3065 πρωτεῖον
1733 3001 1761 3050 ὁ

182 3087 373 3142 παῖδας
407 3082 519 3150 ἔχει
549 3084 701 3149 παρὰ
753 3084 862 3135 τῶν
914 3086 1197 3157 Πατέρων,
1235 3088 1330 3140 καὶ
1367 3088 1481 3141 ἐστι
1510 3091 1759 3161 διάδοχος

1869 624 2087 691 quando
2122 623 2190 677 de
2228 622 2318 676 illa
2354 623 2563 694 synodo
2601 624 2707 679 erit
2739 640 2943 680 sermo.

2361 847 2563 902 MLUS
2602 848 2753 917 (Cap.
2788 849 2952 917 XIII).

1937 988 2090 1053 Quod
2137 1002 2264 1039 vero
2331 1001 2520 1038 omnes
2586 985 2698 1053 ipse
2735 985 2989 1053 judicans
3022 1002 3049 1039 a
3086 989 3300 1042 nemine
3343 992 3431 1057 ju-

1869 1078 2104 1138 dicetur,
2159 1078 2262 1129 hoc
2318 1076 2585 1128 etfalsum
2642 1083 2698 1127 et
2750 1074 2998 1127 moribus
3057 1081 3429 1145 apostolorum

1869 1170 2207 1223 contrarium
2242 1180 2344 1222 est.
2400 1168 2531 1219 Nam
2574 1167 2617 1221 si
2662 1167 2865 1220 Paulus
2907 1169 3115 1221 confert
3153 1186 3273 1223 cum
3309 1173 3431 1224 aliis

1869 1262 2244 1331 Evangelium,
2279 1276 2343 1313 ne
2381 1260 2521 1313 forte
2558 1260 2610 1311 in
2645 1276 2876 1312 vacuum
2915 1270 3161 1313 curreret
3207 1271 3297 1314 aut
3339 1279 3433 1315 cu-

1868 1357 2156 1415 currisset,
2208 1364 2260 1405 et
2309 1368 2473 1405 rurus
2521 1353 2715 1405 Petrus
2767 1367 2795 1405 a
2849 1352 3013 1405 I’aulo
3057 1352 3328 1422 increpari
3374 1371 3432 1408 sc

1868 1450 2093 1518 patitur,
2132 1448 2407 1515 quomodo
2447 1445 2548 1497 iste
2590 1445 2745 1512 quasi
2792 1454 3050 1513 tyrannus
3087 1446 3250 1499 vitam
3296 1449 3426 1499 nulli

1863 1540 2031 1611 judici
2101 1538 2389 1591 obnoxiam
2448 1536 2735 1587 traducct?
2789 1536 2941 1599 Quod
2999 1545 3178 1588 autem
3234 1536 3429 1589 falsum

1868 1648 2084 1702 quoque
2114 1632 2203 1691 sit,
2238 1629 2364 1682 inde
2403 1637 2568 1695 patet.
2613 1626 2744 1679 Nam
2780 1627 2844 1679 de
2874 1628 3218 1696 dogmatibus
3251 1629 3435 1681 Ilono-

1871 1727 1983 1779 rius
2013 1732 2095 1777 est
2122 1722 2295 1786 testis,
2322 1722 2412 1789 qui
2446 1720 2717 1790 judicatus
2748 1735 2775 1772 a
2810 1732 2959 1772 sexta
2986 1721 3191 1789 synodo
3218 1728 3275 1775 et
3303 1737 3433 1772 ana-

1872 1818 2108 1870 themate
2138 1813 2529 1866 condemnatus
2560 1819 2663 1863 est.
2718 1810 2789 1861 Dc
2821 1809 3068 1862 moribus
3099 1821 3278 1862 autem
3310 1824 3428 1861 eer-

1870 1919 1981 1960 tum
2004 1920 2085 1960 est
2117 1907 2267 1958 illum
2302 1915 2355 1957 et
2379 1906 2591 1957 cunctis
2612 1902 2833 1971 quidem
2861 1903 3031 1954 teneri
3060 1900 3290 1970 legibus.
3314 1903 3433 1969 qui-

1865 2001 1964 2053 bus
2017 2008 2069 2051 et
2120 1997 2351 2066 quilibet
2398 1997 2722 2064 episcopus,
2776 2009 2900 2048 cum
2953 1994 3098 2046 inter
3142 1996 3432 2062 episcopos

1863 2098 2227 2145 numeretur:
2268 2095 2397 2140 sunt
2444 2100 2610 2155 porro
2663 2086 2811 2153 leges
2857 2085 3169 2151 hujusmodi
3221 2086 3427 2148 multas,

1863 2185 2061 2255 partim
2092 2183 2160 2235 ab
2192 2180 2473 2250 apostolis,
2506 2177 2701 2246 partim
2738 2194 2764 2230 a
2798 2178 3050 2230 conciliis
3076 2176 3431 2244 generalibus

1862 2276 2059 2338 editae;
2094 2273 2377 2341 speciatim
2428 2286 2556 2323 vero
2605 2270 2817 2323 videtur
2859 2285 2887 2321 a
2916 2270 3137 2321 sanctis
3178 2267 3432 2320 Patrihus

1864 2366 2213 2436 reprehendi.
2250 2366 2386 2431 Lege
2422 2378 2687 2416 canonem
2714 2362 3040 2430 quiniscxtze
3076 2363 3161 2425 I5,
3191 2361 3258 2415 dc
3302 2375 3431 2413 cun-

1857 2460 2008 2530 jugio
2039 2458 2413 2520 sacerdotum,
2445 2465 2499 2509 et
2535 2456 2621 2515 55,
2656 2455 2723 2506 de
2756 2453 3015 2507 Sahbato.

2416 2670 2874 2727 CONFETATIO.

1935 2810 2015 2866 Tu
2055 2808 2279 2879 quidem
2330 2803 2700 2859 fundamentis
2756 2802 2867 2855 tuis
2919 2801 3299 2854 convenientia
3352 2802 3427 2853 Io-

1862 2903 2071 2971 queris,
2111 2900 2205 2953 sed
2256 2914 2285 2950 α
2324 2897 2552 2949 veritate
2600 2894 2774 2946 aliena
2849 2903 2899 2944 et
2942 2893 3051 2960 jam
3100 2894 3321 2957 rejocta.
3372 2892 3427 2943 Si

1861 2992 2008 3045 enim
2057 3003 2191 3059 papa
2227 3001 2323 3056 per
2358 2996 2409 3039 te
2448 2986 2739 3053 primatum
2787 2981 2949 3034 habet
2987 2981 3205 3034 Patrum
3256 2981 3425 3033 bene-
3468 3009 3473 3013 ~

1865 3084 2010 3147 ficio,
2047 3092 2103 3135 et
2147 3094 2433 3135 successor
2463 3088 2547 3131 est
2579 3076 2745 3138 Petri,
2782 3090 2889 3127 non
2940 3089 3100 3129 secus
3140 3090 3203 3127 ae
3246 3074 3429 3140 quivis

180 3172 282 3225 τοῦ
345 3174 549 3244 Πέτρου
593 3175 669 3235 ὠς
721 3175 829 3225 τῶν
878 3177 1191 3228 ἐπισκόπων
1240 3180 1468 3241 ἕκαστος
1525 3182 1631 3233 τῶν
1668 3183 1758 3233 ὑπ’
1787 3191 1873 3253 σε

1737 3184 1758 3232 :'
1787 3197 1827 3253 (ς
1862 3174 2001 3228 alius
2038 3174 2329 3241 episcopus
2363 3186 2427 3224 ex
2469 3172 2536 3222 iis
2569 3183 2707 3235 quos
2746 3166 2941 3220 Petrus
2979 3166 3341 3225 t-onsecravit,
3375 3176 3430 3216 et

180 3267 399 3318 ἐκείνου
451 3266 964 3335 χειροτονηθέντων,
1015 3270 1110 3320 καὶ
1153 3268 1381 3321 δύναται
1423 3274 1530 3323 τῶν
1576 3272 1755 3340 ὀρθῶν

179 3363 440 3412 ἐκπεσεῖν
492 3360 801 3427 δογμάτων,
834 3364 927 3412 καὶ
973 3362 1188 3429 πρῶτός
1241 3364 1356 3414 ἐστι
1386 3365 1537 3427 τάξει
1595 3367 1753 3437 μόνῃ,

180 3455 281 3505 καὶ
308 3453 624 3521 ὡρισμένην
667 3453 780 3520 ἔχει
807 3454 1126 3522 παροικίαν,
1166 3452 1387 3521 εὔλογον
1418 3456 1635 3514 πάντως
1662 3456 1758 3508 καὶ

180 3547 351 3598 αὐτὸν
387 3545 776 3612 ἁνακρίνεσθαι
810 3546 950 3598 κατὰ
988 3546 1116 3608 τοὺς
1141 3546 1357 3612 ἄλλους,
1394 3546 1561 3615 μηδὲν
1604 3546 1748 3609 ἐξαί-

180 3659 343 3711 ρετον
378 3641 595 3709 ἔχοντα.

253 3737 320 3789 Εἰ
372 3737 425 3787 δὲ
471 3738 568 3788 ὅσα
619 3734 858 3804 εἴρηται,
913 3734 1076 3802 λῆρος
1146 3731 1242 3785 καὶ
1292 3732 1613 3802 ψευδολογία
1662 3732 1756 3785 καὶ

179 3829 570 3897 νεωτερισμὸς,
609 3826 834 3895 εὔδηλον
885 3829 979 3877 καὶ
1024 3826 1059 3879 ἃ
1112 3824 1208 3876 νῦν
1259 3825 1565 3893 ἐπιφέρεις,
1614 3820 1755 3875 εἶναι

180 3922 452 3991 κομπώδη
500 3920 894 3988 τερετίσματα.
931 3916 1139 3978 Παῦλος
1174 3914 1448 3967 κοινοῦται
1479 3915 1538 3967 τὸ
1572 3915 1755 3980 Εὐαγ-

178 4017 388 4083 γέλιον,
420 4014 623 4081 Πέτρος
652 4012 907 4079 ἀνέχεται
958 4011 1109 4076 παρὰ
1156 4008 1368 4061 Παύλου
1419 4007 1757 4076 ἐπιτιμώμε-

179 4127 295 4172 νος,
322 4111 428 4175 ἄρα
459 4108 540 4159 δεῖ
581 4104 868 4173 κρίνεσθαι
898 4104 992 4155 καὶ
1022 4104 1113 4152 τὸν
1142 4103 1399 4153 πάππαν.
1422 4100 1497 4151 υὺ
1526 4102 1755 4169 συνορᾷς

179 4203 278 4254 τοῦ
327 4196 690 4265 συλλογισμοῦ
737 4197 797 4246 τὸ
829 4196 1181 4263 ἁπρόσφορον
1204 4176 1418 4256 ;”Ἀλλο
1446 4192 1508 4245 τὸ
1544 4192 1757 4244 κοινοῦ-

182 4294 312 4347 σθαι
362 4292 459 4342 καὶ
507 4290 565 4341 τὸ
608 4290 997 4356 ἐπιτιμᾶσθαι,
1029 4287 1124 4338 καὶ
1173 4284 1299 4338 ἄλλο
1329 4284 1387 4336 τὸ
1429 4284 1712 4351 κρίνεσθαι
1738 4299 1752 4313 °

179 4391 372 4437 ἐκεῖνα
444 4383 666 4450 ἀγάπης
744 4383 838 4431 καὶ
912 4380 1117 4447 φιλίας,
1172 4377 1329 4430 τοῦτο
1389 4376 1756 4441 ἐξουσία;.ΕΞ

178 4482 237 4531 δέ
293 4494 377 4530 σοι
430 4477 491 4528 τὸ
548 4475 909 4543 ἐπιτιμᾶσθαι
963 4474 1053 4524 τὸν
1115 4473 1321 4539 Πέτρον
1364 4471 1514 4523 δοκεῖ
1565 4472 1757 4522 ὑποϐι-

1862 3275 2039 3337 potest
2072 3278 2259 3317 errare
2286 3263 2340 3316 in
2373 3262 2498 3321 fide,
2524 3270 2580 3312 et
2612 3259 2821 3326 primus
2855 3265 2936 3309 est
2966 3255 3159 3307 ordine
3193 3262 3428 3316 tantum,

1857 3368 1913 3413 et
1955 3358 2239 3410 deﬁnitam
2285 3353 2449 3405 habet
2485 3350 2765 3404 dioecesim
2799 3365 2812 3399 :
2850 3357 2998 3400 certe
3048 3346 3242 3397 rationi
3295 3360 3427 3397 con-

1861 3466 2057 3504 sonum
2091 3457 2173 3501 est
2209 3457 2265 3497 ιιι
2300 3445 2578 3513 iudicetur
2618 3451 2675 3495 et
2719 3442 2833 3510 ipse
2873 3440 3013 3493 sicut
3044 3437 3156 3501 alii,
3189 3446 3247 3489 et
3278 3437 3428 3488 null-p

1858 3545 1929 3599 sit
1968 3542 2253 3613 privilegio
2289 3545 2594 3605 exemptus.

1927 3728 1995 3782 At
2042 3726 2085 3780 si
2126 3740 2187 3777 ea
2231 3722 2411 3776 omnia
2460 3716 2742 3786 nugatoria
2794 3721 2943 3778 sunt,
2974 3727 3037 3765 ac
3080 3708 3333 3763 falsitatis
3370 3714 3426 3759 et

1859 3819 2118 3874 novitatis
2162 3816 2344 3885 plena,
2377 3820 2525 3865 certe
2556 3823 2611 3864 et
2647 3824 2767 3877 quae
2812 3806 2983 3859 infers
3031 3805 3219 3856 inanes
3250 3802 3428 3854 cauti-

1858 3914 1995 3967 lem:
2025 3917 2171 3964 sunt.
2204 3906 2433 3961 Confert
2467 3901 2819 3970 Evangelium
2861 3896 3081 3959 I’aquS,
3114 3895 3309 3947 Petrus
3347 3893 3431 3943 In-

1858 4005 2069 4073 ercpari
2108 4018 2168 4056 se
2220 4000 2446 4070 patitur,
2492 4012 2624 4065 ergo
2663 3994 2826 4046 etiam
2871 4005 3007 4059 papa
3049 3986 3260 4058 judicio
3301 3984 3431 4037 sub-

1860 4099 2072 4154 dendus
2144 4104 2248 4148 est.
2324 4095 2520 4143 Annon
2591 4082 2986 4138 animadvertis
3062 4078 3425 4133 insulsitatem

1858 4186 2197 4261 syIIOgismi?
2246 4182 2406 4238 Aliud
2462 4188 2547 4233 est
2598 4176 2851 4231 conferre
2904 4182 2957 4227 ct
3009 4168 3316 4237 increpari,
3373 4176 3429 4219 et

1859 4285 2005 4338 aliud
2060 4277 2290 4349 iudicari
2342 4293 2353 4327 :
2399 4273 2487 4325 illa
2536 4268 2819 4322 charitatis
2867 4274 2923 4319 et
2965 4262 3223 4317 amicitiae
3276 4271 3424 4319 sunt,

1859 4376 1963 4428 hoc
2008 4369 2317 4441 potestatis.
2349 4363 2504 4428 Quod
2541 4363 2584 4414 si
2621 4358 2896 4427 increpari
2929 4356 3175 4415 Petrum,
3209 4350 3427 4403 videtur

1860 4466 1958 4519 tibi
2008 4461 2347 4530 principatus
2392 4454 2725 4515 imminutio,
2762 4448 2886 4502 audi
2930 4445 3191 4500 eximium
3235 4442 3426 4493 docto—

180 4573 397 4640 6ασμδν
432 4568 651 4637 δηλοῦν,
679 4531 843 4620 έκουε
873 4566 970 4618 τοῦ
1007 4531 1248 4631 μεγάλου
1287 4564 1496 4631 Πατρδς
1543 4564 1750 4633 Γρηγ·.-
1784 4565 1831 4623 D
1862 4574 1873 4610 l

1728 4592 1750 4600 -
1784 4565 1831 4623 Ι)
1862 4572 1973 4610 rem
1996 4551 2319 4621 Gregorium
2346 4545 2594 4617 Magnum
2619 4542 2846 4597 humilia
2870 4540 2922 4590 in
2946 4534 3292 4590 Ezechieletu
3328 4531 3420 4583 18:

181 4669 303 4735 ρίου
334 4665 427 4717 τοῦ
448 4665 676 4729 ἐπίκλην
704 4662 965 4728 Διαλόγου
994 4663 1050 4711 ἐν
1068 4664 1133 4730 τῇ
1162 4667 1230 4729 ιη’
1253 4661 1332 4722 εἰς
1362 4659 1453 4711 τὸν
1487 4661 1752 4725 Ἰεζεκιὴλ

180 4760 372 4828 ὁμιλία
399 4775 412 4788 ’
454 4776 469 4807 ι
517 4758 575 4809 Ὀ
608 4760 835 4825 Πέτρος,
867 4759 1020 4823 φησὶ,
1050 4758 1243 4820 γέγονε
1280 4754 1372 4804 καὶ
1399 4752 1475 4815 τῷ
1507 4754 1751 4803 ἐλάττονι

181 4849 401 4918 ἀδελφῴ
458 4849 801 4913 συναινέτης,
836 4848 927 4896 καὶ
974 4843 1050 4912 τῷ
1103 4842 1478 4910 ὑποδεεστέρῳ
1522 4858 1755 4906 κατςδκο·

181 4944 449 5010 λουθησεν
484 4944 539 4992 ἐν
568 4943 634 5010 τῇ
665 4942 802 5007 αὐτῇ
836 4937 1111 4999 ὑποθέσει,
1146 4936 1233 4987 ἵνα
1280 4936 1381 4986 κάν
1425 4935 1599 4999 τούτῳ
1634 4934 1753 5000 μεί-

182 5043 295 5101 ζων
342 5038 586 5103 γένηται,
623 5033 813 5101 ὥσπερ
863 5033 1159 5099 κορυφαῖος
1188 5029 1261 5080 ὢν
1297 5032 1361 5093 τῇ
1415 5028 1753 5095 ἀποστολικῄ

185 5131 336 5196 ἀξίᾳ,
366 5128 509 5179 οὓτω
541 5129 635 5177 καὶ
667 5128 732 5193 τῇ
768 5122 1243 5192 ταπεινοφροσύνῃ
1278 5122 1586 5188 γινόμενος·
1624 5138 1644 5170 ³

259 5221 416 5273 Εὶ-δὲ
449 5222 581 5280 ὅλως
622 5218 697 5285 μὴ
746 5215 1029 5285 κρίνεσθαι
1089 5214 1212 5281 μὲν,
1241 5212 1358 5266 ἀλλ’
1394 5210 1754 5278 ἐπιτιμᾶσθαι

183 5316 366 5386 βούλει
394 5314 485 5363 τὸν
520 5314 705 5362 παπαν
736 5311 837 5360 an}.
865 5309 973 5358 τῶν
1007 5306 1496 5375 συμπατριαρχῶν,
1563 5304 1751 5371 ὥσπερ

184 5409 294 5460 ὑπὸ
344 5405 438 5458 τοῦ
509 5401 913 5454 συναποστόλου
982 5402 1008 5450 ὁ
1071 5398 1410 5458 ἀπόστολος·
1470 5396 1638 5464 ἐχρῆν
1696 5412 1755 5445 σε

186 5496 537 5567 ἐνθυμεῖσθαι
571 5496 639 5546 τὰ
672 5494 811 5563 ρητὰ
846 5493 935 5543 καὶ
962 5493 1058 5551 τὰς
1086 5491 1378 5557 ὁμολογίας
1408 5488 1516 5538 τῶν
1550 5490 1607 5537 ἐν
1638 5488 1757 5548 ταῖς

186 5592 431 5651 συνόδοις
470 5589 743 5654 Πατέρων,
782 5586 867 5637 ὅτι
918 5582 1197 5650 ὀφθαλμὸς
1238 5582 1330 5631 καὶ
1386 5580 1620 5647 κορυφὴ,
1664 5580 1757 5630 καὶ

186 5688 376 5752 πατὴρ
415 5682 522 5733 τῶν
572 5679 888 5732 ἐπισκόπων
946 5679 1204 5730 ἁπάντων
1235 5678 1262 5726 ὀ
1303 5678 1510 5735 πάπας,
1558 5674 1757 5722 ἐκεῖνοι

186 5780 243 5829 δέ
278 5772 684 5826 συναπόστολοι.
725 5771 830 5821 Καὶ
887 5768 1141 5836 χωλαίνει
1186 5771 1217 5836 ἡ
1270 5764 1549 5832 ἀναλογία.
1602 5765 1761 5813 Ἐπεο

187 5870 321 5938 τίμα
356 5867 673 5927 Κελεστῐνος
713 5866 769 5915 ἐν
800 5866 864 5931 τῇ
909 5861 1065 5930 τρίτῃ
1120 5860 1319 5928 συνόδῳ
1350 5859 1424 5927 τῷ
1456 5856 1755 5924 Νεστορίῳ,

1864 4668 1882 4699 ι
1920 4648 2133 4708 I’etrus,
2166 4643 2365 4711 inquit,
2392 4657 2449 4693 se
2480 4640 2646 4692 etiam
2678 4634 2873 4687 ntinori
2905 4632 3058 4684 fratri
3089 4628 3152 4679 ad
3188 4640 3421 4678 consen-

1858 4754 1977 4792 sum
2010 4736 2182 4795 dedit,
2219 4743 2382 4800 atque
2432 4732 2485 4781 in
2529 4728 2719 4781 eadem
2764 4739 2820 4776 re
2868 4722 3042 4773 factus
3071 4727 3153 4769 est
3185 4729 3425 4782 sequens

1859 4828 2089 4883 minoris
2134 4826 2241 4885 sui.
2281 4825 2444 4876 etiam
2495 4829 2553 4873 ut
2599 4819 2653 4871 in
2707 4818 2809 4868 hoc
2850 4812 3067 4883 przeiret
3101 4826 3114 4861 :
3151 4816 3423 4876 quatenus

1858 4923 1949 4991 qui
1979 4921 2190 4990 primus
2218 4924 2337 4970 erat
2367 4912 2702 4982 apostolatus
2735 4907 2997 4968 culmine,
3028 4909 3173 4956 esset
3209 4898 3422 4968 primus

1860 5016 1912 5066 itt
1945 5012 2271 5066 humilitate.
2306 5025 2325 5058 ι

1931 5214 2037 5268 Sed
2071 5213 2115 5266 si
2150 5209 2375 5264 omnino
2405 5210 2490 5259 vis
2530 5219 2637 5257 non
2684 5199 2905 5268 quidem
2938 5195 3169 5267 iudicari
3209 5209 3423 5262 papam,

1861 5310 1954 5361 sed
2001 5300 2271 5370 increpari
2318 5316 2345 5351 α
2394 5293 2870 5364 compatriarchis.
2902 5292 3043 5343 sicut
3081 5287 3361 5355 apostolus
3397 5301 3425 5337 a

1862 5397 2196 5467 empostolo.
2230 5392 2542 5446 meminisse
2570 5387 2739 5439 debes
2768 5384 2912 5436 dicta
2958 5391 3012 5433 et
3051 5378 3427 5431 confessmnes

1844 5463 2081 5543 .l’atrum
2112 5488 2166 5539 in
2197 5483 2441 5553 synodis,
2472 5478 2617 5549 quod
2651 5476 2846 5529 oculus
2875 5483 2929 5525 et
2958 5478 3138 5522 vertex
3186 5479 3242 5519 et
3276 5479 3428 5534 pater

1861 5582 2245 5649 episcoporum
2285 5573 2529 5626 omnium
2582 5582 2739 5636 papa,
2791 5564 2865 5615 IIII
2908 5577 3060 5619 vero,
3098 5555 3425 5623 c0apostoli.

1854 5644 1928 5725 Et
1964 5644 2243 5736 pro-portio
2292 5678 2397 5715 non
2443 5658 2694 5727 quadrat.
2740 5650 3063 5718 lucri-pabat
3095 5644 3431 5699 Cwlestiuus

1864 5763 1918 5813 in
1980 5758 2139 5811 tertia
2200 5754 2409 5824 synodo
2467 5750 2802 5803 Nestorium.
2845 5758 2949 5794 non
3005 5736 3423 5804 increpabatur;

1868 5851 2184 5921 increpabat
2232 5848 2338 5902 Leo
2390 5848 2440 5899 itt
2480 5852 2670 5912 quarta
2714 5841 3055 5893 Dioscoruut,
3084 5840 3137 5882 et
3178 5830 3429 5908 increpa-
