  <div class='ocr_page' id='page_1' title='image "/cluster/home/n/w/nwhite01/storage/ocr_20150623/149/nnc1.0046980431/434.png"; bbox 0 0 4288 6358; ppageno 0'>
   <div class='ocr_carea' id='block_1_1' title="bbox 241 350 346 415">
    <p class='ocr_par' dir='ltr' id='par_1_1' title="bbox 241 350 346 415">
     <span class='ocr_line' id='line_1_1' title="bbox 241 350 346 415; baseline 0.038 -4"><span class='ocrx_word' id='word_1_1' title='bbox 241 350 346 415; x_wconf 66' lang='grc'><strong>845</strong></span> 
     </span>
    </p>
   </div>
   <div class='ocr_carea' id='block_1_2' title="bbox 1550 353 2201 417">
    <p class='ocr_par' dir='ltr' id='par_1_2' title="bbox 1550 353 2201 417">
     <span class='ocr_line' id='line_1_2' title="bbox 1550 353 2201 417; baseline -0.006 -2"><span class='ocrx_word' id='word_1_2' title='bbox 1550 353 1977 417; x_wconf 72' lang='lat' dir='ltr'><strong>REFUTATEO</strong></span> <span class='ocrx_word' id='word_1_3' title='bbox 2024 354 2201 411; x_wconf 78' lang='lat' dir='ltr'><strong>Nil.l.</strong></span> 
     </span>
    </p>
   </div>
   <div class='ocr_carea' id='block_1_3' title="bbox 3386 352 3490 415">
    <p class='ocr_par' dir='ltr' id='par_1_3' title="bbox 3386 352 3490 415">
     <span class='ocr_line' id='line_1_3' title="bbox 3386 352 3490 415; baseline -0.019 0"><span class='ocrx_word' id='word_1_4' title='bbox 3386 352 3490 415; x_wconf 73' lang='grc' dir='ltr'>διδ</span> 
     </span>
    </p>
   </div>
   <div class='ocr_carea' id='block_1_4' title="bbox 238 461 1842 540">
    <p class='ocr_par' dir='ltr' id='par_1_4' title="bbox 238 465 1815 540">
     <span class='ocr_line' id='line_1_4' title="bbox 238 465 1815 540; baseline 0 -25"><span class='ocrx_word' id='word_1_5' title='bbox 238 481 378 518; x_wconf 82' lang='grc' dir='ltr'>των.</span> <span class='ocrx_word' id='word_1_6' title='bbox 408 465 522 537; x_wconf 79' lang='grc' dir='ltr'><strong>Οὐχ</strong></span> <span class='ocrx_word' id='word_1_7' title='bbox 556 466 727 533; x_wconf 75' lang='grc' dir='ltr'>οὕτως</span> <span class='ocrx_word' id='word_1_8' title='bbox 764 470 1019 535; x_wconf 70' lang='grc' dir='ltr'>ἐξέλαϐον</span> <span class='ocrx_word' id='word_1_9' title='bbox 1050 472 1149 538; x_wconf 75' lang='grc' dir='ltr'>τὴν</span> <span class='ocrx_word' id='word_1_10' title='bbox 1176 470 1360 540; x_wconf 75' lang='grc' dir='ltr'>φωνὴν</span> <span class='ocrx_word' id='word_1_11' title='bbox 1393 468 1440 520; x_wconf 88' lang='grc' dir='ltr'>οἱ</span> <span class='ocrx_word' id='word_1_12' title='bbox 1475 466 1646 519; x_wconf 68' lang='grc' dir='ltr'>πολλὰ</span> <span class='ocrx_word' id='word_1_13' title='bbox 1696 467 1815 517; x_wconf 73' lang='grc' dir='ltr'>κατ⁸</span> 
     </span>
    </p>
   </div>
   <div class='ocr_carea' id='block_1_5' title="bbox 1844 461 3489 540">
    <p class='ocr_par' dir='ltr' id='par_1_5' title="bbox 1847 461 3489 523">
     <span class='ocr_line' id='line_1_5' title="bbox 1847 461 3489 523; baseline 0.004 -8"><span class='ocrx_word' id='word_1_14' title='bbox 1847 478 1888 521; x_wconf 70' lang='grc' dir='ltr'><strong>Α</strong></span> <span class='ocrx_word' id='word_1_15' title='bbox 1924 464 2057 516; x_wconf 76' lang='lat' dir='ltr'><strong>tium</strong></span> <span class='ocrx_word' id='word_1_16' title='bbox 2091 471 2173 515; x_wconf 72' lang='lat' dir='ltr'><strong>cst</strong></span> <span class='ocrx_word' id='word_1_17' title='bbox 2212 463 2261 515; x_wconf 90' lang='lat' dir='ltr'><strong>iu</strong></span> <span class='ocrx_word' id='word_1_18' title='bbox 2290 462 2511 514; x_wconf 79' lang='lat' dir='ltr'><strong>divinis.</strong></span> <span class='ocrx_word' id='word_1_19' title='bbox 2544 461 2660 515; x_wconf 87' lang='lat' dir='ltr'><strong>Non</strong></span> <span class='ocrx_word' id='word_1_20' title='bbox 2699 462 2769 516; x_wconf 83' lang='lat' dir='ltr'><strong>ita</strong></span> <span class='ocrx_word' id='word_1_21' title='bbox 2804 478 2993 517; x_wconf 91' lang='lat' dir='ltr'><strong>vocem</strong></span> <span class='ocrx_word' id='word_1_22' title='bbox 3029 462 3166 517; x_wconf 81' lang='lat' dir='ltr'><strong>hanc</strong></span> <span class='ocrx_word' id='word_1_23' title='bbox 3207 465 3489 523; x_wconf 63' lang='grc' dir='ltr'>ἰιιιρΙΙυιιιτ</span> 
     </span>
    </p>
   </div>
   <div class='ocr_carea' id='block_1_6' title="bbox 238 556 1808 631">
    <p class='ocr_par' dir='ltr' id='par_1_6' title="bbox 238 556 1808 631">
     <span class='ocr_line' id='line_1_6' title="bbox 238 556 1808 631; baseline 0.004 -27"><span class='ocrx_word' id='word_1_24' title='bbox 238 556 459 626; x_wconf 68' lang='grc' dir='ltr'>ἐκείνης</span> <span class='ocrx_word' id='word_1_25' title='bbox 485 559 819 627; x_wconf 79' lang='grc' dir='ltr'>ἀθλήσαντις</span> <span class='ocrx_word' id='word_1_26' title='bbox 842 561 1117 631; x_wconf 73' lang='grc' dir='ltr'><strong>ἀρχιερεῖς</strong></span> <span class='ocrx_word' id='word_1_27' title='bbox 1139 566 1234 628; x_wconf 80' lang='grc' dir='ltr'>τῆς</span> <span class='ocrx_word' id='word_1_28' title='bbox 1259 561 1498 631; x_wconf 80' lang='grc' dir='ltr'>Ῥώμης,</span> <span class='ocrx_word' id='word_1_29' title='bbox 1522 560 1808 626; x_wconf 74' lang='grc' dir='ltr'>Πελάγιος,</span> 
     </span>
    </p>
   </div>
   <div class='ocr_carea' id='block_1_7' title="bbox 237 649 1808 723">
    <p class='ocr_par' dir='ltr' id='par_1_7' title="bbox 237 649 1808 723">
     <span class='ocr_line' id='line_1_7' title="bbox 237 649 1808 723; baseline 0.002 -23"><span class='ocrx_word' id='word_1_30' title='bbox 237 649 333 701; x_wconf 72' lang='lat' dir='ltr'><strong>xui.</strong></span> <span class='ocrx_word' id='word_1_31' title='bbox 366 650 664 721; x_wconf 74' lang='grc' dir='ltr'>Γρηγόριος</span> <span class='ocrx_word' id='word_1_32' title='bbox 695 655 722 705; x_wconf 88' lang='grc' dir='ltr'><strong>ό</strong></span> <span class='ocrx_word' id='word_1_33' title='bbox 765 654 1042 720; x_wconf 81' lang='grc' dir='ltr'>Διάλογος·</span> <span class='ocrx_word' id='word_1_34' title='bbox 1082 654 1192 708; x_wconf 64' lang='grc' dir='ltr'>οἱδ⁸</span> <span class='ocrx_word' id='word_1_35' title='bbox 1237 655 1589 723; x_wconf 72' lang='grc' dir='ltr'>ἡρμήνευσαν</span> <span class='ocrx_word' id='word_1_36' title='bbox 1636 653 1808 714; x_wconf 73' lang='grc' dir='ltr'>οὕτως</span> 
     </span>
    </p>
   </div>
   <div class='ocr_carea' id='block_1_8' title="bbox 236 741 1825 813">
    <p class='ocr_par' dir='ltr' id='par_1_8' title="bbox 236 741 1825 813">
     <span class='ocr_line' id='line_1_8' title="bbox 236 741 1825 813; baseline 0.005 -23"><span class='ocrx_word' id='word_1_37' title='bbox 236 741 287 791; x_wconf 86' lang='lat' dir='ltr'><strong>ol</strong></span> <span class='ocrx_word' id='word_1_38' title='bbox 344 742 443 808; x_wconf 79' lang='grc' dir='ltr'>τὴν</span> <span class='ocrx_word' id='word_1_39' title='bbox 493 742 681 811; x_wconf 79' lang='grc' dir='ltr'>φωνὴν</span> <span class='ocrx_word' id='word_1_40' title='bbox 730 743 933 810; x_wconf 74' lang='grc' dir='ltr'>ταύτην</span> <span class='ocrx_word' id='word_1_41' title='bbox 982 747 1190 812; x_wconf 75' lang='grc' dir='ltr'>πρῶτοι</span> <span class='ocrx_word' id='word_1_42' title='bbox 1238 745 1655 813; x_wconf 70' lang='grc' dir='ltr'>ἐφαρπάσενῖες</span> <span class='ocrx_word' id='word_1_43' title='bbox 1706 763 1825 799; x_wconf 75' lang='grc' dir='ltr'>πα·-</span> 
     </span>
    </p>
   </div>
   <div class='ocr_carea' id='block_1_9' title="bbox 234 832 1804 905">
    <p class='ocr_par' dir='ltr' id='par_1_9' title="bbox 234 832 1804 905">
     <span class='ocr_line' id='line_1_9' title="bbox 234 832 1804 905; baseline 0.003 -24"><span class='ocrx_word' id='word_1_44' title='bbox 234 832 536 899; x_wconf 66' lang='grc' dir='ltr'>τριάρλαι.</span> <span class='ocrx_word' id='word_1_45' title='bbox 586 832 841 904; x_wconf 70' lang='grc' dir='ltr'>Ἰωάννης</span> <span class='ocrx_word' id='word_1_46' title='bbox 890 837 918 887; x_wconf 85' lang='grc' dir='ltr'><strong>ό</strong></span> <span class='ocrx_word' id='word_1_47' title='bbox 968 838 1286 905; x_wconf 71' lang='grc' dir='ltr'>Νηστευτὴς</span> <span class='ocrx_word' id='word_1_48' title='bbox 1340 837 1433 889; x_wconf 73' lang='grc' dir='ltr'>καὶ</span> <span class='ocrx_word' id='word_1_49' title='bbox 1492 836 1804 905; x_wconf 76' lang='grc' dir='ltr'>Κυριακὸς³</span> 
     </span>
    </p>
   </div>
   <div class='ocr_carea' id='block_1_10' title="bbox 232 922 1807 996">
    <p class='ocr_par' dir='ltr' id='par_1_10' title="bbox 232 922 1807 996">
     <span class='ocr_line' id='line_1_10' title="bbox 232 922 1807 996; baseline 0 -21"><span class='ocrx_word' id='word_1_50' title='bbox 232 922 353 975; x_wconf 77' lang='grc' dir='ltr'>ἀλλ’</span> <span class='ocrx_word' id='word_1_51' title='bbox 382 926 801 993; x_wconf 77' lang='grc' dir='ltr'>οίκουμενικοὺς</span> <span class='ocrx_word' id='word_1_52' title='bbox 834 928 1146 996; x_wconf 73' lang='grc' dir='ltr'><strong>ἐπέγραφον</strong></span> <span class='ocrx_word' id='word_1_53' title='bbox 1181 930 1406 988; x_wconf 69' lang='grc' dir='ltr'>ἑαυτοὺς</span> <span class='ocrx_word' id='word_1_54' title='bbox 1447 924 1807 995; x_wconf 73' lang='grc' dir='ltr'>καταχρώμε-</span> 
     </span>
    </p>
   </div>
   <div class='ocr_carea' id='block_1_11' title="bbox 231 1012 1821 1087">
    <p class='ocr_par' dir='ltr' id='par_1_11' title="bbox 231 1012 1821 1087">
     <span class='ocr_line' id='line_1_11' title="bbox 231 1012 1821 1087; baseline 0.003 -24"><span class='ocrx_word' id='word_1_55' title='bbox 231 1028 318 1065; x_wconf 85' lang='grc' dir='ltr'><strong>νοι</strong></span> <span class='ocrx_word' id='word_1_56' title='bbox 346 1012 424 1082; x_wconf 87' lang='grc' dir='ltr'>τῷ</span> <span class='ocrx_word' id='word_1_57' title='bbox 457 1017 865 1087; x_wconf 77' lang='grc' dir='ltr'>σημαινομένῳ·</span> <span class='ocrx_word' id='word_1_58' title='bbox 902 1019 995 1069; x_wconf 72' lang='grc' dir='ltr'>καὶ</span> <span class='ocrx_word' id='word_1_59' title='bbox 1026 1018 1098 1079; x_wconf 87' lang='grc' dir='ltr'>ὦς</span> <span class='ocrx_word' id='word_1_60' title='bbox 1136 1036 1301 1085; x_wconf 65' lang='grc' dir='ltr'>φησιν</span> <span class='ocrx_word' id='word_1_61' title='bbox 1331 1020 1357 1070; x_wconf 84' lang='grc' dir='ltr'>ὁ</span> <span class='ocrx_word' id='word_1_62' title='bbox 1388 1017 1639 1085; x_wconf 74' lang='grc' dir='ltr'><strong>Διάλογος</strong></span> <span class='ocrx_word' id='word_1_63' title='bbox 1670 1017 1821 1085; x_wconf 78' lang='grc' dir='ltr'>γρά-·</span> 
     </span>
    </p>
   </div>
   <div class='ocr_carea' id='block_1_12' title="bbox 232 1098 1807 1180">
    <p class='ocr_par' dir='ltr' id='par_1_12' title="bbox 232 1098 1807 1180">
     <span class='ocr_line' id='line_1_12' title="bbox 232 1098 1807 1180; baseline 0.003 -24"><span class='ocrx_word' id='word_1_64' title='bbox 232 1122 353 1172; x_wconf 85' lang='grc' dir='ltr'><strong>φων</strong></span> <span class='ocrx_word' id='word_1_65' title='bbox 402 1107 739 1177; x_wconf 80' lang='grc' dir='ltr'>’Δναστασίῳ</span> <span class='ocrx_word' id='word_1_66' title='bbox 787 1098 864 1176; x_wconf 81' lang='grc' dir='ltr'>τῷ</span> <span class='ocrx_word' id='word_1_67' title='bbox 905 1111 1271 1179; x_wconf 67' lang='grc' dir='ltr'>Ἀντιοχείας·</span> <span class='ocrx_word' id='word_1_68' title='bbox 1305 1110 1577 1180; x_wconf 79' lang='grc' dir='ltr'>Τοιαύτην</span> <span class='ocrx_word' id='word_1_69' title='bbox 1626 1110 1807 1161; x_wconf 68' lang='grc' dir='ltr'>αἰτίιν</span> 
     </span>
    </p>
   </div>
   <div class='ocr_carea' id='block_1_13' title="bbox 230 1199 1806 1273">
    <p class='ocr_par' dir='ltr' id='par_1_13' title="bbox 230 1199 1806 1273">
     <span class='ocr_line' id='line_1_13' title="bbox 230 1199 1806 1273; baseline 0.003 -26"><span class='ocrx_word' id='word_1_70' title='bbox 230 1199 623 1267; x_wconf 79' lang='grc' dir='ltr'><strong>παρεχόμενοι,</strong></span> <span class='ocrx_word' id='word_1_71' title='bbox 660 1199 803 1273; x_wconf 81' lang='grc' dir='ltr'>ᾧστε</span> <span class='ocrx_word' id='word_1_72' title='bbox 846 1202 894 1253; x_wconf 86' lang='grc' dir='ltr'><strong>εί</strong></span> <span class='ocrx_word' id='word_1_73' title='bbox 943 1202 1170 1269; x_wconf 86' lang='grc' dir='ltr'>ταύτην,</span> <span class='ocrx_word' id='word_1_74' title='bbox 1207 1202 1392 1270; x_wconf 71' lang='grc' dir='ltr'>φησιν,</span> <span class='ocrx_word' id='word_1_75' title='bbox 1438 1201 1683 1267; x_wconf 63' lang='grc' dir='ltr'>εὐμενῶς</span> <span class='ocrx_word' id='word_1_76' title='bbox 1714 1202 1806 1268; x_wconf 75' lang='grc' dir='ltr'><strong>φέ-</strong></span> 
     </span>
    </p>
   </div>
   <div class='ocr_carea' id='block_1_14' title="bbox 232 1275 1806 1363">
    <p class='ocr_par' dir='ltr' id='par_1_14' title="bbox 232 1291 1806 1363">
     <span class='ocr_line' id='line_1_14' title="bbox 232 1291 1806 1363; baseline 0.003 -24"><span class='ocrx_word' id='word_1_77' title='bbox 232 1306 426 1356; x_wconf 81' lang='grc' dir='ltr'>ρομεν,</span> <span class='ocrx_word' id='word_1_78' title='bbox 454 1291 554 1359; x_wconf 72' lang='grc' dir='ltr'>τῆς</span> <span class='ocrx_word' id='word_1_79' title='bbox 588 1292 819 1343; x_wconf 73' lang='grc' dir='ltr'>καθόλου</span> <span class='ocrx_word' id='word_1_80' title='bbox 859 1293 1191 1360; x_wconf 79' lang='grc' dir='ltr'>Ἐκκλησίας</span> <span class='ocrx_word' id='word_1_81' title='bbox 1226 1292 1323 1360; x_wconf 82' lang='grc' dir='ltr'>τὴν</span> <span class='ocrx_word' id='word_1_82' title='bbox 1355 1293 1554 1344; x_wconf 70' lang='grc' dir='ltr'>’πίστιν</span> <span class='ocrx_word' id='word_1_83' title='bbox 1586 1291 1806 1363; x_wconf 57' lang='grc' dir='ltr'>φθείροέ</span> 
     </span>
    </p>
   </div>
   <div class='ocr_carea' id='block_1_15' title="bbox 232 1383 1801 1454">
    <p class='ocr_par' dir='ltr' id='par_1_15' title="bbox 232 1383 1801 1454">
     <span class='ocr_line' id='line_1_15' title="bbox 232 1383 1801 1454; baseline 0.001 -22"><span class='ocrx_word' id='word_1_84' title='bbox 232 1398 353 1449; x_wconf 79' lang='grc' dir='ltr'>μιν.</span> <span class='ocrx_word' id='word_1_85' title='bbox 388 1383 496 1434; x_wconf 79' lang='grc' dir='ltr'><strong>Καὶ</strong></span> <span class='ocrx_word' id='word_1_86' title='bbox 529 1385 628 1435; x_wconf 80' lang='grc' dir='ltr'>οὐκ</span> <span class='ocrx_word' id='word_1_87' title='bbox 660 1384 807 1436; x_wconf 81' lang='grc' dir='ltr'>ἐστιν</span> <span class='ocrx_word' id='word_1_88' title='bbox 834 1384 969 1436; x_wconf 83' lang='grc' dir='ltr'>ὅπου</span> <span class='ocrx_word' id='word_1_89' title='bbox 1019 1387 1147 1454; x_wconf 74' lang='grc' dir='ltr'>περὶ</span> <span class='ocrx_word' id='word_1_90' title='bbox 1190 1385 1288 1454; x_wconf 77' lang='grc' dir='ltr'>τῆς</span> <span class='ocrx_word' id='word_1_91' title='bbox 1332 1386 1525 1452; x_wconf 78' lang='grc' dir='ltr'>φωνῆς·</span> <span class='ocrx_word' id='word_1_92' title='bbox 1553 1386 1801 1454; x_wconf 84' lang='grc' dir='ltr'>γράφων,</span> 
     </span>
    </p>
   </div>
   <div class='ocr_carea' id='block_1_16' title="bbox 230 1474 1802 1545">
    <p class='ocr_par' dir='ltr' id='par_1_16' title="bbox 230 1474 1802 1545">
     <span class='ocr_line' id='line_1_16' title="bbox 230 1474 1802 1545; baseline 0.001 -20"><span class='ocrx_word' id='word_1_93' title='bbox 230 1474 432 1542; x_wconf 78' lang='grc' dir='ltr'>συχνὰς</span> <span class='ocrx_word' id='word_1_94' title='bbox 456 1474 512 1526; x_wconf 81' lang='grc' dir='ltr'>δὲ</span> <span class='ocrx_word' id='word_1_95' title='bbox 538 1476 668 1544; x_wconf 70' lang='grc' dir='ltr'>περὶ</span> <span class='ocrx_word' id='word_1_96' title='bbox 694 1476 897 1545; x_wconf 81' lang='grc' dir='ltr'><strong>ταύτης</strong></span> <span class='ocrx_word' id='word_1_97' title='bbox 922 1476 1121 1529; x_wconf 79' lang='grc' dir='ltr'>ἔδωκεν</span> <span class='ocrx_word' id='word_1_98' title='bbox 1144 1476 1455 1542; x_wconf 69' lang='grc' dir='ltr'>ἐπιστολὰς,</span> <span class='ocrx_word' id='word_1_99' title='bbox 1474 1478 1572 1529; x_wconf 74' lang='grc' dir='ltr'>οὐκ</span> <span class='ocrx_word' id='word_1_100' title='bbox 1599 1477 1802 1539; x_wconf 81' lang='grc' dir='ltr'><strong>ἀθετεῖ,</strong></span> 
     </span>
    </p>
   </div>
   <div class='ocr_carea' id='block_1_17' title="bbox 224 1567 1803 1640">
    <p class='ocr_par' dir='ltr' id='par_1_17' title="bbox 224 1567 1803 1640">
     <span class='ocr_line' id='line_1_17' title="bbox 224 1567 1803 1640; baseline 0.002 -24"><span class='ocrx_word' id='word_1_101' title='bbox 224 1569 326 1617; x_wconf 73' lang='grc' dir='ltr'>καὶ</span> <span class='ocrx_word' id='word_1_102' title='bbox 357 1567 726 1620; x_wconf 78' lang='grc' dir='ltr'>ἀποδάλλεται</span> <span class='ocrx_word' id='word_1_103' title='bbox 757 1571 831 1632; x_wconf 85' lang='grc' dir='ltr'>ὼς</span> <span class='ocrx_word' id='word_1_104' title='bbox 863 1570 1112 1640; x_wconf 66' lang='grc' dir='ltr'>βέϐηλον,</span> <span class='ocrx_word' id='word_1_105' title='bbox 1142 1569 1216 1631; x_wconf 82' lang='grc' dir='ltr'><strong>ὡς</strong></span> <span class='ocrx_word' id='word_1_106' title='bbox 1248 1568 1405 1638; x_wconf 79' lang='grc' dir='ltr'>ῦὸριν</span> <span class='ocrx_word' id='word_1_107' title='bbox 1426 1569 1529 1636; x_wconf 72' lang='grc' dir='ltr'><strong>τῆς</strong></span> <span class='ocrx_word' id='word_1_108' title='bbox 1575 1569 1803 1639; x_wconf 73' lang='grc' dir='ltr'>Ἐκκλη-</span> 
     </span>
    </p>
   </div>
   <div class='ocr_carea' id='block_1_18' title="bbox 224 1656 1801 1730">
    <p class='ocr_par' dir='ltr' id='par_1_18' title="bbox 224 1656 1801 1730">
     <span class='ocr_line' id='line_1_18' title="bbox 224 1656 1801 1730; baseline 0.003 -22"><span class='ocrx_word' id='word_1_109' title='bbox 224 1656 373 1720; x_wconf 82' lang='grc' dir='ltr'>σίας,</span> <span class='ocrx_word' id='word_1_110' title='bbox 408 1658 485 1720; x_wconf 83' lang='grc' dir='ltr'>ὡς</span> <span class='ocrx_word' id='word_1_111' title='bbox 517 1660 773 1725; x_wconf 77' lang='grc' dir='ltr'><strong>μεγάλων</strong></span> <span class='ocrx_word' id='word_1_112' title='bbox 804 1661 1065 1730; x_wconf 79' lang='grc' dir='ltr'>ἀφορμὴν</span> <span class='ocrx_word' id='word_1_113' title='bbox 1099 1660 1437 1721; x_wconf 86' lang='grc' dir='ltr'>σκανδάλων,</span> <span class='ocrx_word' id='word_1_114' title='bbox 1483 1658 1801 1721; x_wconf 74' lang='grc' dir='ltr'><strong>ἀλαζονείας</strong></span> 
     </span>
    </p>
   </div>
   <div class='ocr_carea' id='block_1_19' title="bbox 224 1750 1801 1823">
    <p class='ocr_par' dir='ltr' id='par_1_19' title="bbox 224 1750 1801 1823">
     <span class='ocr_line' id='line_1_19' title="bbox 224 1750 1801 1823; baseline 0.001 -23"><span class='ocrx_word' id='word_1_115' title='bbox 224 1750 456 1818; x_wconf 80' lang='grc' dir='ltr'>μεστήν,</span> <span class='ocrx_word' id='word_1_116' title='bbox 491 1750 582 1803; x_wconf 80' lang='grc' dir='ltr'><strong>τοῦ</strong></span> <span class='ocrx_word' id='word_1_117' title='bbox 620 1753 991 1821; x_wconf 80' lang='grc' dir='ltr'>Ἀντιχρίστου</span> <span class='ocrx_word' id='word_1_118' title='bbox 1025 1753 1359 1823; x_wconf 81' lang='grc' dir='ltr'>πρόδρομον,</span> <span class='ocrx_word' id='word_1_119' title='bbox 1393 1750 1673 1804; x_wconf 77' lang='grc' dir='ltr'>ἀπώλειαν</span> <span class='ocrx_word' id='word_1_120' title='bbox 1702 1751 1801 1820; x_wconf 76' lang='grc' dir='ltr'>τῆς</span> 
     </span>
    </p>
   </div>
   <div class='ocr_carea' id='block_1_20' title="bbox 221 1841 1797 1913">
    <p class='ocr_par' dir='ltr' id='par_1_20' title="bbox 221 1841 1797 1913">
     <span class='ocr_line' id='line_1_20' title="bbox 221 1841 1797 1913; baseline 0.001 -21"><span class='ocrx_word' id='word_1_121' title='bbox 221 1841 491 1906; x_wconf 82' lang='grc' dir='ltr'>πίστεως,</span> <span class='ocrx_word' id='word_1_122' title='bbox 526 1845 772 1909; x_wconf 81' lang='grc' dir='ltr'>ἀνοσίαν,</span> <span class='ocrx_word' id='word_1_123' title='bbox 808 1845 1200 1911; x_wconf 79' lang='grc' dir='ltr'>ἀντιλέγουσαν</span> <span class='ocrx_word' id='word_1_124' title='bbox 1230 1844 1308 1913; x_wconf 84' lang='grc' dir='ltr'>τῷ</span> <span class='ocrx_word' id='word_1_125' title='bbox 1342 1843 1657 1913; x_wconf 77' lang='grc' dir='ltr'>Εὑαγγελίῳ</span> <span class='ocrx_word' id='word_1_126' title='bbox 1706 1844 1797 1894; x_wconf 76' lang='grc' dir='ltr'><strong>καὶ</strong></span> 
     </span>
    </p>
   </div>
   <div class='ocr_carea' id='block_1_21' title="bbox 220 1931 1798 2005">
    <p class='ocr_par' dir='ltr' id='par_1_21' title="bbox 220 1931 1798 2005">
     <span class='ocr_line' id='line_1_21' title="bbox 220 1931 1798 2005; baseline 0.006 -25"><span class='ocrx_word' id='word_1_127' title='bbox 220 1931 337 1992; x_wconf 67' lang='grc' dir='ltr'>τοῖς</span> <span class='ocrx_word' id='word_1_128' title='bbox 375 1931 541 2000; x_wconf 70' lang='grc' dir='ltr'>ἱεροῖς</span> <span class='ocrx_word' id='word_1_129' title='bbox 579 1935 824 2001; x_wconf 85' lang='grc' dir='ltr'>κανόσιν,</span> <span class='ocrx_word' id='word_1_130' title='bbox 874 1935 1233 2005; x_wconf 77' lang='grc' dir='ltr'><strong>ἀλλοτρίωσιν</strong></span> <span class='ocrx_word' id='word_1_131' title='bbox 1270 1936 1369 2005; x_wconf 82' lang='grc' dir='ltr'><strong>τῆς</strong></span> <span class='ocrx_word' id='word_1_132' title='bbox 1405 1936 1664 2000; x_wconf 78' lang='grc' dir='ltr'>πίστεως,</span> <span class='ocrx_word' id='word_1_133' title='bbox 1704 1938 1798 1989; x_wconf 78' lang='grc' dir='ltr'>καὶ</span> 
     </span>
    </p>
   </div>
   <div class='ocr_carea' id='block_1_22' title="bbox 219 2023 1795 2099">
    <p class='ocr_par' dir='ltr' id='par_1_22' title="bbox 219 2023 1795 2099">
     <span class='ocr_line' id='line_1_22' title="bbox 219 2023 1795 2099; baseline 0.004 -26"><span class='ocrx_word' id='word_1_134' title='bbox 219 2023 499 2076; x_wconf 83' lang='grc' dir='ltr'>οίκείωσιν</span> <span class='ocrx_word' id='word_1_135' title='bbox 532 2026 823 2096; x_wconf 77' lang='grc' dir='ltr'>αἱρέσεως,</span> <span class='ocrx_word' id='word_1_136' title='bbox 871 2029 1037 2097; x_wconf 73' lang='grc' dir='ltr'>φησιν</span> <span class='ocrx_word' id='word_1_137' title='bbox 1086 2030 1147 2081; x_wconf 70' lang='grc' dir='ltr'>ιν</span> <span class='ocrx_word' id='word_1_138' title='bbox 1202 2030 1267 2097; x_wconf 81' lang='grc' dir='ltr'><strong>τῇ</strong></span> <span class='ocrx_word' id='word_1_139' title='bbox 1314 2028 1544 2099; x_wconf 71' lang='grc' dir='ltr'>δευτέρᾳ</span> <span class='ocrx_word' id='word_1_140' title='bbox 1599 2028 1795 2097; x_wconf 78' lang='grc' dir='ltr'>πράξει</span> 
     </span>
    </p>
   </div>
   <div class='ocr_carea' id='block_1_23' title="bbox 218 2114 1526 2191">
    <p class='ocr_par' dir='ltr' id='par_1_23' title="bbox 218 2114 1526 2191">
     <span class='ocr_line' id='line_1_23' title="bbox 218 2114 1526 2191; baseline 0.008 -26"><span class='ocrx_word' id='word_1_141' title='bbox 218 2117 322 2185; x_wconf 73' lang='grc' dir='ltr'><strong>τῆς</strong></span> <span class='ocrx_word' id='word_1_142' title='bbox 363 2117 598 2188; x_wconf 70' lang='grc' dir='ltr'>ἑϐδόμης</span> <span class='ocrx_word' id='word_1_143' title='bbox 635 2119 855 2173; x_wconf 79' lang='grc' dir='ltr'>συνόδου</span> <span class='ocrx_word' id='word_1_144' title='bbox 892 2124 920 2173; x_wconf 79' lang='grc' dir='ltr'><strong>ό</strong></span> <span class='ocrx_word' id='word_1_145' title='bbox 949 2114 1180 2183; x_wconf 78' lang='grc' dir='ltr'>πάπποις</span> <span class='ocrx_word' id='word_1_146' title='bbox 1226 2120 1526 2191; x_wconf 83' lang='grc' dir='ltr'>Ἀδριανός.</span> 
     </span>
    </p>
   </div>
   <div class='ocr_carea' id='block_1_24' title="bbox 872 2415 1149 2471">
    <p class='ocr_par' dir='ltr' id='par_1_24' title="bbox 872 2415 1149 2471">
     <span class='ocr_line' id='line_1_24' title="bbox 872 2415 1149 2471; baseline 0.011 -4"><span class='ocrx_word' id='word_1_147' title='bbox 872 2415 1149 2471; x_wconf 83' lang='grc' dir='ltr'><strong>ΝΕΙΛΟΣ.</strong></span> 
     </span>
    </p>
   </div>
   <div class='ocr_carea' id='block_1_25' title="bbox 294 2522 1788 2608">
    <p class='ocr_par' dir='ltr' id='par_1_25' title="bbox 294 2522 1788 2608">
     <span class='ocr_line' id='line_1_25' title="bbox 294 2522 1788 2608; baseline 0.009 -33"><span class='ocrx_word' id='word_1_148' title='bbox 294 2522 321 2575; x_wconf 62' lang='grc' dir='ltr'><em>ἀ</em></span> <span class='ocrx_word' id='word_1_149' title='bbox 358 2526 417 2579; x_wconf 82' lang='grc' dir='ltr'>Ὀ</span> <span class='ocrx_word' id='word_1_150' title='bbox 452 2528 509 2580; x_wconf 82' lang='grc' dir='ltr'>δὲ</span> <span class='ocrx_word' id='word_1_151' title='bbox 530 2530 803 2597; x_wconf 82' lang='grc' dir='ltr'>μακάριος</span> <span class='ocrx_word' id='word_1_152' title='bbox 826 2530 1215 2604; x_wconf 78' lang='grc' dir='ltr'>Χρυσόστομος</span> <span class='ocrx_word' id='word_1_153' title='bbox 1238 2538 1333 2590; x_wconf 77' lang='grc' dir='ltr'>καὶ</span> <span class='ocrx_word' id='word_1_154' title='bbox 1356 2538 1465 2590; x_wconf 86' lang='grc' dir='ltr'><strong>τῶν</strong></span> <span class='ocrx_word' id='word_1_155' title='bbox 1487 2539 1788 2608; x_wconf 79' lang='grc' dir='ltr'>ἀρχιερέων</span> 
     </span>
    </p>
   </div>
   <div class='ocr_carea' id='block_1_26' title="bbox 215 2615 1785 2695">
    <p class='ocr_par' dir='ltr' id='par_1_26' title="bbox 215 2615 1785 2695">
     <span class='ocr_line' id='line_1_26' title="bbox 215 2615 1785 2695; baseline 0.01 -30"><span class='ocrx_word' id='word_1_156' title='bbox 215 2615 452 2668; x_wconf 74' lang='grc' dir='ltr'>ἕκαστον</span> <span class='ocrx_word' id='word_1_157' title='bbox 503 2617 563 2668; x_wconf 78' lang='grc' dir='ltr'>ἐν</span> <span class='ocrx_word' id='word_1_158' title='bbox 619 2619 697 2688; x_wconf 83' lang='grc' dir='ltr'>τῷ</span> <span class='ocrx_word' id='word_1_159' title='bbox 728 2618 825 2671; x_wconf 90' lang='grc' dir='ltr'><strong>τοῦ</strong></span> <span class='ocrx_word' id='word_1_160' title='bbox 858 2621 1096 2688; x_wconf 78' lang='grc' dir='ltr'><strong>Χριστοῦ</strong></span> <span class='ocrx_word' id='word_1_161' title='bbox 1126 2624 1302 2695; x_wconf 82' lang='grc' dir='ltr'>θρόνῳ</span> <span class='ocrx_word' id='word_1_162' title='bbox 1343 2628 1565 2679; x_wconf 80' lang='grc' dir='ltr'>καθίσαι</span> <span class='ocrx_word' id='word_1_163' title='bbox 1618 2628 1785 2695; x_wconf 77' lang='grc' dir='ltr'>λέγει,</span> 
     </span>
    </p>
   </div>
   <div class='ocr_carea' id='block_1_27' title="bbox 213 2705 1785 2787">
    <p class='ocr_par' dir='ltr' id='par_1_27' title="bbox 213 2705 1785 2787">
     <span class='ocr_line' id='line_1_27' title="bbox 213 2705 1785 2787; baseline 0.01 -29"><span class='ocrx_word' id='word_1_164' title='bbox 213 2705 413 2777; x_wconf 82' lang='grc' dir='ltr'>ὥσπερ</span> <span class='ocrx_word' id='word_1_165' title='bbox 434 2711 559 2769; x_wconf 74' lang='grc' dir='ltr'>τοὺς</span> <span class='ocrx_word' id='word_1_166' title='bbox 592 2712 853 2777; x_wconf 74' lang='grc' dir='ltr'>νομικοὺς</span> <span class='ocrx_word' id='word_1_167' title='bbox 879 2714 1057 2779; x_wconf 74' lang='grc' dir='ltr'>ἱερέας</span> <span class='ocrx_word' id='word_1_168' title='bbox 1085 2718 1177 2769; x_wconf 73' lang='grc' dir='ltr'><strong>ἐπὶ</strong></span> <span class='ocrx_word' id='word_1_169' title='bbox 1198 2717 1293 2770; x_wconf 90' lang='grc' dir='ltr'><strong>τοῦ</strong></span> <span class='ocrx_word' id='word_1_170' title='bbox 1313 2717 1501 2787; x_wconf 86' lang='grc' dir='ltr'>θρόνου</span> <span class='ocrx_word' id='word_1_171' title='bbox 1520 2719 1785 2783; x_wconf 72' lang='grc' dir='ltr'>Μωσέως.</span> 
     </span>
    </p>
   </div>
   <div class='ocr_carea' id='block_1_28' title="bbox 217 2798 1785 2882">
    <p class='ocr_par' dir='ltr' id='par_1_28' title="bbox 217 2798 1785 2882">
     <span class='ocr_line' id='line_1_28' title="bbox 217 2798 1785 2882; baseline 0.01 -33"><span class='ocrx_word' id='word_1_172' title='bbox 217 2798 387 2852; x_wconf 66' lang='grc' dir='ltr'>Ὥστε</span> <span class='ocrx_word' id='word_1_173' title='bbox 417 2800 480 2852; x_wconf 81' lang='grc' dir='ltr'>οὐ</span> <span class='ocrx_word' id='word_1_174' title='bbox 505 2800 647 2867; x_wconf 75' lang='grc' dir='ltr'>μέγα</span> <span class='ocrx_word' id='word_1_175' title='bbox 680 2802 758 2872; x_wconf 84' lang='grc' dir='ltr'><strong>τῷ</strong></span> <span class='ocrx_word' id='word_1_176' title='bbox 794 2803 1017 2875; x_wconf 82' lang='grc' dir='ltr'>Ῥώμης</span> <span class='ocrx_word' id='word_1_177' title='bbox 1050 2808 1223 2879; x_wconf 75' lang='grc' dir='ltr'>θρόνῳ</span> <span class='ocrx_word' id='word_1_178' title='bbox 1246 2809 1305 2861; x_wconf 75' lang='grc' dir='ltr'><strong>τὸ</strong></span> <span class='ocrx_word' id='word_1_179' title='bbox 1334 2811 1483 2882; x_wconf 86' lang='grc' dir='ltr'><strong>παρά</strong></span> <span class='ocrx_word' id='word_1_180' title='bbox 1510 2812 1619 2863; x_wconf 83' lang='grc' dir='ltr'>τῶν</span> <span class='ocrx_word' id='word_1_181' title='bbox 1648 2815 1785 2865; x_wconf 86' lang='grc' dir='ltr'>ἀπο-</span> 
     </span>
    </p>
   </div>
   <div class='ocr_carea' id='block_1_29' title="bbox 216 2889 1783 2960">
    <p class='ocr_par' dir='ltr' id='par_1_29' title="bbox 216 2889 1783 2960">
     <span class='ocr_line' id='line_1_29' title="bbox 216 2889 1783 2960; baseline 0.01 -19"><span class='ocrx_word' id='word_1_182' title='bbox 216 2889 423 2943; x_wconf 79' lang='grc' dir='ltr'>στόλων</span> <span class='ocrx_word' id='word_1_183' title='bbox 456 2892 763 2960; x_wconf 83' lang='grc' dir='ltr'>καλεῖσθαι,</span> <span class='ocrx_word' id='word_1_184' title='bbox 795 2896 1032 2951; x_wconf 78' lang='grc' dir='ltr'>ἑκάστου</span> <span class='ocrx_word' id='word_1_185' title='bbox 1069 2900 1179 2952; x_wconf 82' lang='grc' dir='ltr'><strong>τῶν</strong></span> <span class='ocrx_word' id='word_1_186' title='bbox 1206 2904 1521 2955; x_wconf 72' lang='grc' dir='ltr'>ἐπισκόπων</span> <span class='ocrx_word' id='word_1_187' title='bbox 1560 2904 1653 2955; x_wconf 78' lang='grc' dir='ltr'><strong>ἐπὶ</strong></span> <span class='ocrx_word' id='word_1_188' title='bbox 1690 2904 1783 2956; x_wconf 88' lang='grc' dir='ltr'><strong>τοῦ</strong></span> 
     </span>
    </p>
   </div>
   <div class='ocr_carea' id='block_1_30' title="bbox 213 2978 1243 3056">
    <p class='ocr_par' dir='ltr' id='par_1_30' title="bbox 213 2978 1243 3056">
     <span class='ocr_line' id='line_1_30' title="bbox 213 2978 1243 3056; baseline 0.01 -25"><span class='ocrx_word' id='word_1_189' title='bbox 213 2978 411 3048; x_wconf 81' lang='grc' dir='ltr'>θρόνου</span> <span class='ocrx_word' id='word_1_190' title='bbox 435 2982 529 3035; x_wconf 83' lang='grc' dir='ltr'><strong>τοῦ</strong></span> <span class='ocrx_word' id='word_1_191' title='bbox 567 2984 810 3053; x_wconf 80' lang='grc' dir='ltr'>Χριστοῦ</span> <span class='ocrx_word' id='word_1_192' title='bbox 844 2988 1185 3056; x_wconf 82' lang='grc' dir='ltr'>καθημένου.</span> <span class='ocrx_word' id='word_1_193' title='bbox 1227 3011 1243 3041; x_wconf 75' lang='grc' dir='ltr'><strong>ι</strong></span> 
     </span>
    </p>
   </div>
   <div class='ocr_carea' id='block_1_31' title="bbox 779 3102 1213 3159">
    <p class='ocr_par' dir='ltr' id='par_1_31' title="bbox 779 3102 1213 3159">
     <span class='ocr_line' id='line_1_31' title="bbox 779 3102 1213 3159; baseline 0.012 -6"><span class='ocrx_word' id='word_1_194' title='bbox 779 3102 1213 3159; x_wconf 80' lang='grc' dir='ltr'><strong>ΑΝΤῙΡΡΗΣΙΣ.</strong></span> 
     </span>
    </p>
   </div>
   <div class='ocr_carea' id='block_1_32' title="bbox 298 3208 1782 3282">
    <p class='ocr_par' dir='ltr' id='par_1_32' title="bbox 298 3208 1782 3282">
     <span class='ocr_line' id='line_1_32' title="bbox 298 3208 1782 3282; baseline 0.008 -21"><span class='ocrx_word' id='word_1_195' title='bbox 298 3208 585 3276; x_wconf 77' lang='grc' dir='ltr'>’Δνωτέρω</span> <span class='ocrx_word' id='word_1_196' title='bbox 640 3211 741 3280; x_wconf 76' lang='grc' dir='ltr'>μὲν</span> <span class='ocrx_word' id='word_1_197' title='bbox 789 3212 977 3282; x_wconf 77' lang='grc' dir='ltr'>ἔλεγες</span> <span class='ocrx_word' id='word_1_198' title='bbox 1028 3216 1259 3270; x_wconf 74' lang='grc' dir='ltr'>ἕκαστον</span> <span class='ocrx_word' id='word_1_199' title='bbox 1316 3221 1424 3271; x_wconf 82' lang='grc' dir='ltr'>τῶν</span> <span class='ocrx_word' id='word_1_200' title='bbox 1477 3222 1782 3275; x_wconf 86' lang='grc' dir='ltr'>καθολικῶν</span> 
     </span>
    </p>
   </div>
   <div class='ocr_carea' id='block_1_33' title="bbox 211 3296 1781 3370">
    <p class='ocr_par' dir='ltr' id='par_1_33' title="bbox 211 3296 1781 3370">
     <span class='ocr_line' id='line_1_33' title="bbox 211 3296 1781 3370; baseline 0.01 -22"><span class='ocrx_word' id='word_1_201' title='bbox 211 3296 421 3365; x_wconf 80' lang='grc' dir='ltr'>θρόνων</span> <span class='ocrx_word' id='word_1_202' title='bbox 455 3298 816 3352; x_wconf 76' lang='grc' dir='ltr'>ἀποστολικδν</span> <span class='ocrx_word' id='word_1_203' title='bbox 843 3302 1228 3370; x_wconf 75' lang='grc' dir='ltr'>ὀνομάζεσθαι,</span> <span class='ocrx_word' id='word_1_204' title='bbox 1264 3306 1403 3359; x_wconf 78' lang='grc' dir='ltr'>ὥστε</span> <span class='ocrx_word' id='word_1_205' title='bbox 1429 3308 1517 3360; x_wconf 72' lang='grc' dir='ltr'>τὸν</span> <span class='ocrx_word' id='word_1_206' title='bbox 1550 3311 1781 3363; x_wconf 78' lang='grc' dir='ltr'>πάππαν</span> 
     </span>
    </p>
   </div>
   <div class='ocr_carea' id='block_1_34' title="bbox 213 3385 1777 3465">
    <p class='ocr_par' dir='ltr' id='par_1_34' title="bbox 213 3385 1777 3465">
     <span class='ocr_line' id='line_1_34' title="bbox 213 3385 1777 3465; baseline 0.01 -29"><span class='ocrx_word' id='word_1_207' title='bbox 213 3385 384 3453; x_wconf 83' lang='grc' dir='ltr'>μηδὲν</span> <span class='ocrx_word' id='word_1_208' title='bbox 429 3386 592 3438; x_wconf 76' lang='grc' dir='ltr'>πλέον</span> <span class='ocrx_word' id='word_1_209' title='bbox 621 3387 769 3456; x_wconf 78' lang='grc' dir='ltr'>ἔχειν</span> <span class='ocrx_word' id='word_1_210' title='bbox 804 3392 943 3444; x_wconf 87' lang='grc' dir='ltr'>κατά</span> <span class='ocrx_word' id='word_1_211' title='bbox 970 3408 1034 3456; x_wconf 87' lang='grc' dir='ltr'>γε</span> <span class='ocrx_word' id='word_1_212' title='bbox 1064 3394 1220 3446; x_wconf 86' lang='grc' dir='ltr'>τοῦτο</span> <span class='ocrx_word' id='word_1_213' title='bbox 1248 3396 1387 3465; x_wconf 83' lang='grc' dir='ltr'>ὑπὲρ</span> <span class='ocrx_word' id='word_1_214' title='bbox 1423 3399 1549 3459; x_wconf 80' lang='grc' dir='ltr'>τοὺς</span> <span class='ocrx_word' id='word_1_215' title='bbox 1585 3400 1777 3451; x_wconf 83' lang='grc' dir='ltr'>ἀνατο-</span> 
     </span>
    </p>
   </div>
   <div class='ocr_carea' id='block_1_35' title="bbox 208 3478 1777 3561">
    <p class='ocr_par' dir='ltr' id='par_1_35' title="bbox 208 3478 1777 3561">
     <span class='ocr_line' id='line_1_35' title="bbox 208 3478 1777 3561; baseline 0.01 -34"><span class='ocrx_word' id='word_1_216' title='bbox 208 3478 397 3539; x_wconf 74' lang='grc' dir='ltr'>λικοὺς</span> <span class='ocrx_word' id='word_1_217' title='bbox 430 3480 776 3549; x_wconf 81' lang='grc' dir='ltr'>πατριάρχας</span> <span class='ocrx_word' id='word_1_218' title='bbox 799 3497 812 3509; x_wconf 89' lang='grc'><strong>·</strong></span> <span class='ocrx_word' id='word_1_219' title='bbox 843 3480 937 3533; x_wconf 89' lang='grc' dir='ltr'><strong>νῦν</strong></span> <span class='ocrx_word' id='word_1_220' title='bbox 966 3484 1021 3536; x_wconf 77' lang='grc' dir='ltr'>δὲ</span> <span class='ocrx_word' id='word_1_221' title='bbox 1049 3483 1229 3552; x_wconf 71' lang='grc' dir='ltr'>λέγεις</span> <span class='ocrx_word' id='word_1_222' title='bbox 1265 3488 1341 3556; x_wconf 82' lang='grc' dir='ltr'>μὴ</span> <span class='ocrx_word' id='word_1_223' title='bbox 1372 3489 1479 3541; x_wconf 83' lang='grc' dir='ltr'>τῶν</span> <span class='ocrx_word' id='word_1_224' title='bbox 1515 3508 1777 3561; x_wconf 79' lang='grc' dir='ltr'>πατριάρ-</span> 
     </span>
    </p>
   </div>
   <div class='ocr_carea' id='block_1_36' title="bbox 208 3568 1778 3649">
    <p class='ocr_par' dir='ltr' id='par_1_36' title="bbox 208 3568 1778 3649">
     <span class='ocr_line' id='line_1_36' title="bbox 208 3568 1778 3649; baseline 0.011 -33"><span class='ocrx_word' id='word_1_225' title='bbox 208 3568 325 3635; x_wconf 83' lang='grc' dir='ltr'>χῶν</span> <span class='ocrx_word' id='word_1_226' title='bbox 358 3568 539 3635; x_wconf 79' lang='grc' dir='ltr'>μόνον,</span> <span class='ocrx_word' id='word_1_227' title='bbox 575 3570 711 3622; x_wconf 83' lang='grc' dir='ltr'><strong>ἀλλά</strong></span> <span class='ocrx_word' id='word_1_228' title='bbox 747 3572 839 3622; x_wconf 81' lang='grc' dir='ltr'>καὶ</span> <span class='ocrx_word' id='word_1_229' title='bbox 871 3572 981 3624; x_wconf 84' lang='grc' dir='ltr'><strong>τῶν</strong></span> <span class='ocrx_word' id='word_1_230' title='bbox 1013 3576 1327 3628; x_wconf 81' lang='grc' dir='ltr'>ἐπισκόπων</span> <span class='ocrx_word' id='word_1_231' title='bbox 1354 3579 1585 3631; x_wconf 77' lang='grc' dir='ltr'>ἑκάστου</span> <span class='ocrx_word' id='word_1_232' title='bbox 1613 3581 1778 3649; x_wconf 82' lang='grc' dir='ltr'>μηδὲν</span> 
     </span>
    </p>
   </div>
   <div class='ocr_carea' id='block_1_37' title="bbox 204 3661 1775 3738">
    <p class='ocr_par' dir='ltr' id='par_1_37' title="bbox 204 3661 1775 3738">
     <span class='ocr_line' id='line_1_37' title="bbox 204 3661 1775 3738; baseline 0.009 -28"><span class='ocrx_word' id='word_1_233' title='bbox 204 3661 373 3712; x_wconf 65' lang='grc' dir='ltr'>πλέον</span> <span class='ocrx_word' id='word_1_234' title='bbox 402 3662 549 3729; x_wconf 74' lang='grc' dir='ltr'>ἔχειν</span> <span class='ocrx_word' id='word_1_235' title='bbox 589 3664 682 3717; x_wconf 77' lang='grc' dir='ltr'><strong>τὸν</strong></span> <span class='ocrx_word' id='word_1_236' title='bbox 714 3665 968 3728; x_wconf 70' lang='grc' dir='ltr'>πάππαν,</span> <span class='ocrx_word' id='word_1_237' title='bbox 1002 3668 1235 3736; x_wconf 77' lang='grc' dir='ltr'>ἐπείπερ</span> <span class='ocrx_word' id='word_1_238' title='bbox 1268 3670 1411 3721; x_wconf 79' lang='grc' dir='ltr'><strong>κατά</strong></span> <span class='ocrx_word' id='word_1_239' title='bbox 1440 3670 1551 3722; x_wconf 87' lang='grc' dir='ltr'>τὸν</span> <span class='ocrx_word' id='word_1_240' title='bbox 1590 3674 1775 3738; x_wconf 80' lang='grc' dir='ltr'>μακά·</span> 
     </span>
    </p>
   </div>
   <div class='ocr_carea' id='block_1_38' title="bbox 206 3754 1776 3833">
    <p class='ocr_par' dir='ltr' id='par_1_38' title="bbox 206 3754 1776 3833">
     <span class='ocr_line' id='line_1_38' title="bbox 206 3754 1776 3833; baseline 0.008 -31"><span class='ocrx_word' id='word_1_241' title='bbox 206 3770 326 3823; x_wconf 76' lang='grc' dir='ltr'>ριον</span> <span class='ocrx_word' id='word_1_242' title='bbox 355 3754 747 3826; x_wconf 84' lang='grc' dir='ltr'>Χρυσόστομον</span> <span class='ocrx_word' id='word_1_243' title='bbox 776 3758 1011 3822; x_wconf 73' lang='grc' dir='ltr'>ἕκαστος</span> <span class='ocrx_word' id='word_1_244' title='bbox 1048 3759 1158 3811; x_wconf 82' lang='grc' dir='ltr'><strong>τῶν</strong></span> <span class='ocrx_word' id='word_1_245' title='bbox 1192 3761 1509 3813; x_wconf 80' lang='grc' dir='ltr'>ἐπισκόπων</span> <span class='ocrx_word' id='word_1_246' title='bbox 1540 3763 1776 3833; x_wconf 75' lang='grc' dir='ltr'>κάθηται</span> 
     </span>
    </p>
   </div>
   <div class='ocr_carea' id='block_1_39' title="bbox 206 3840 1778 3920">
    <p class='ocr_par' dir='ltr' id='par_1_39' title="bbox 206 3840 1778 3920">
     <span class='ocr_line' id='line_1_39' title="bbox 206 3840 1778 3920; baseline 0.006 -23"><span class='ocrx_word' id='word_1_247' title='bbox 206 3846 303 3897; x_wconf 69' lang='grc' dir='ltr'><strong>ἐπὶ</strong></span> <span class='ocrx_word' id='word_1_248' title='bbox 335 3840 429 3899; x_wconf 76' lang='grc' dir='ltr'><strong>τόῦ</strong></span> <span class='ocrx_word' id='word_1_249' title='bbox 459 3848 651 3917; x_wconf 78' lang='grc' dir='ltr'>θρόνου</span> <span class='ocrx_word' id='word_1_250' title='bbox 680 3849 775 3900; x_wconf 85' lang='grc' dir='ltr'><strong>τοῦ</strong></span> <span class='ocrx_word' id='word_1_251' title='bbox 824 3850 1087 3920; x_wconf 79' lang='grc' dir='ltr'>Χριστοῦ·</span> <span class='ocrx_word' id='word_1_252' title='bbox 1127 3854 1221 3904; x_wconf 76' lang='grc' dir='ltr'>καὶ</span> <span class='ocrx_word' id='word_1_253' title='bbox 1258 3852 1434 3904; x_wconf 65' lang='grc' dir='ltr'>ταῦτα</span> <span class='ocrx_word' id='word_1_254' title='bbox 1468 3853 1641 3919; x_wconf 83' lang='grc' dir='ltr'>λέγων</span> <span class='ocrx_word' id='word_1_255' title='bbox 1684 3857 1778 3909; x_wconf 77' lang='grc' dir='ltr'>δύο</span> 
     </span>
    </p>
   </div>
   <div class='ocr_carea' id='block_1_40' title="bbox 174 3938 1775 4013">
    <p class='ocr_par' dir='ltr' id='par_1_40' title="bbox 174 3938 1775 4013">
     <span class='ocr_line' id='line_1_40' title="bbox 174 3938 1775 4013; baseline 0.005 -23"><span class='ocrx_word' id='word_1_256' title='bbox 174 3938 568 4008; x_wconf 60' lang='grc' dir='ltr'>,ἁμαρτάνεις</span> <span class='ocrx_word' id='word_1_257' title='bbox 598 3938 659 3991; x_wconf 69' lang='grc' dir='ltr'>ιν</span> <span class='ocrx_word' id='word_1_258' title='bbox 695 3940 815 4009; x_wconf 84' lang='grc' dir='ltr'>μὲν,</span> <span class='ocrx_word' id='word_1_259' title='bbox 845 3940 928 3992; x_wconf 82' lang='grc' dir='ltr'>ὅτι</span> <span class='ocrx_word' id='word_1_260' title='bbox 974 3941 1069 3993; x_wconf 85' lang='grc' dir='ltr'><strong>τοῦ</strong></span> <span class='ocrx_word' id='word_1_261' title='bbox 1097 3943 1490 4011; x_wconf 83' lang='grc' dir='ltr'>Χρυσοστόμου</span> <span class='ocrx_word' id='word_1_262' title='bbox 1523 3947 1581 3996; x_wconf 86' lang='grc' dir='ltr'>τὸ</span> <span class='ocrx_word' id='word_1_263' title='bbox 1613 3947 1775 4013; x_wconf 76' lang='grc' dir='ltr'>ῥητὸν</span> 
     </span>
    </p>
   </div>
   <div class='ocr_carea' id='block_1_41' title="bbox 204 4025 1774 4102">
    <p class='ocr_par' dir='ltr' id='par_1_41' title="bbox 204 4025 1774 4102">
     <span class='ocr_line' id='line_1_41' title="bbox 204 4025 1774 4102; baseline 0.006 -22"><span class='ocrx_word' id='word_1_264' title='bbox 204 4028 579 4099; x_wconf 79' lang='grc' dir='ltr'>διαστρέφεις·</span> <span class='ocrx_word' id='word_1_265' title='bbox 611 4025 731 4083; x_wconf 75' lang='grc' dir='ltr'>εἶτα</span> <span class='ocrx_word' id='word_1_266' title='bbox 784 4032 879 4083; x_wconf 76' lang='grc' dir='ltr'><strong>καὶ</strong></span> <span class='ocrx_word' id='word_1_267' title='bbox 930 4032 1113 4101; x_wconf 82' lang='grc' dir='ltr'>σαυτῷ</span> <span class='ocrx_word' id='word_1_268' title='bbox 1158 4034 1537 4102; x_wconf 81' lang='grc' dir='ltr'>περιπίπτεις.</span> <span class='ocrx_word' id='word_1_269' title='bbox 1579 4037 1665 4088; x_wconf 83' lang='grc' dir='ltr'>Ἐν</span> <span class='ocrx_word' id='word_1_270' title='bbox 1695 4033 1774 4099; x_wconf 75' lang='grc' dir='ltr'>οἷς</span> 
     </span>
    </p>
   </div>
   <div class='ocr_carea' id='block_1_42' title="bbox 205 4121 1774 4193">
    <p class='ocr_par' dir='ltr' id='par_1_42' title="bbox 205 4121 1774 4193">
     <span class='ocr_line' id='line_1_42' title="bbox 205 4121 1774 4193; baseline 0.004 -20"><span class='ocrx_word' id='word_1_271' title='bbox 205 4122 319 4189; x_wconf 83' lang='grc' dir='ltr'><strong>γὰρ</strong></span> <span class='ocrx_word' id='word_1_272' title='bbox 346 4121 436 4174; x_wconf 81' lang='grc' dir='ltr'>τὸν</span> <span class='ocrx_word' id='word_1_273' title='bbox 466 4124 701 4175; x_wconf 81' lang='grc' dir='ltr'>πάππαν</span> <span class='ocrx_word' id='word_1_274' title='bbox 750 4123 1128 4187; x_wconf 77' lang='grc' dir='ltr'>ὲξευτελίζεις,</span> <span class='ocrx_word' id='word_1_275' title='bbox 1185 4126 1315 4193; x_wconf 89' lang='grc' dir='ltr'>μίαν</span> <span class='ocrx_word' id='word_1_276' title='bbox 1366 4127 1774 4191; x_wconf 75' lang='grc' dir='ltr'>ἁπαξαπάντων</span> 
     </span>
    </p>
   </div>
   <div class='ocr_carea' id='block_1_43' title="bbox 202 4212 1772 4285">
    <p class='ocr_par' dir='ltr' id='par_1_43' title="bbox 202 4212 1772 4285">
     <span class='ocr_line' id='line_1_43' title="bbox 202 4212 1772 4285; baseline 0.004 -20"><span class='ocrx_word' id='word_1_277' title='bbox 202 4212 554 4280; x_wconf 76' lang='grc' dir='ltr'>δογματίζεις</span> <span class='ocrx_word' id='word_1_278' title='bbox 588 4214 832 4282; x_wconf 70' lang='grc' dir='ltr'>ἰσότητα,</span> <span class='ocrx_word' id='word_1_279' title='bbox 867 4217 1023 4285; x_wconf 81' lang='grc' dir='ltr'>εἴπερ</span> <span class='ocrx_word' id='word_1_280' title='bbox 1056 4215 1165 4266; x_wconf 84' lang='grc' dir='ltr'><strong>τῶν</strong></span> <span class='ocrx_word' id='word_1_281' title='bbox 1194 4218 1513 4269; x_wconf 70' lang='grc' dir='ltr'>ἐπισκόπων</span> <span class='ocrx_word' id='word_1_282' title='bbox 1545 4219 1772 4282; x_wconf 81' lang='grc' dir='ltr'>ἕκαστος</span> 
     </span>
    </p>
   </div>
   <div class='ocr_carea' id='block_1_44' title="bbox 201 4304 1773 4377">
    <p class='ocr_par' dir='ltr' id='par_1_44' title="bbox 201 4304 1773 4377">
     <span class='ocr_line' id='line_1_44' title="bbox 201 4304 1773 4377; baseline 0.003 -20"><span class='ocrx_word' id='word_1_283' title='bbox 201 4306 300 4357; x_wconf 71' lang='grc' dir='ltr'>ἕνα</span> <span class='ocrx_word' id='word_1_284' title='bbox 332 4304 430 4356; x_wconf 79' lang='grc' dir='ltr'>καὶ</span> <span class='ocrx_word' id='word_1_285' title='bbox 456 4305 548 4356; x_wconf 69' lang='grc' dir='ltr'><strong>τὸν</strong></span> <span class='ocrx_word' id='word_1_286' title='bbox 597 4306 760 4357; x_wconf 72' lang='grc' dir='ltr'>αὑτὸν</span> <span class='ocrx_word' id='word_1_287' title='bbox 805 4306 917 4374; x_wconf 79' lang='grc' dir='ltr'>ἔχει</span> <span class='ocrx_word' id='word_1_288' title='bbox 965 4306 1059 4357; x_wconf 86' lang='grc' dir='ltr'><strong>τοῦ</strong></span> <span class='ocrx_word' id='word_1_289' title='bbox 1106 4308 1345 4375; x_wconf 83' lang='grc' dir='ltr'>Χριστοῦ</span> <span class='ocrx_word' id='word_1_290' title='bbox 1395 4310 1616 4377; x_wconf 70' lang='grc' dir='ltr'>θρόνον.</span> <span class='ocrx_word' id='word_1_291' title='bbox 1652 4312 1773 4373; x_wconf 59' lang='lat' dir='ltr'><strong>ﬂii;</strong></span> 
     </span>
    </p>
   </div>
   <div class='ocr_carea' id='block_1_45' title="bbox 1809 3158 1847 3209">
    <p class='ocr_par' dir='ltr' id='par_1_45' title="bbox 1809 3158 1847 3209">
     <span class='ocr_line' id='line_1_45' title="bbox 1809 3158 1847 3209; baseline 0 -2"><span class='ocrx_word' id='word_1_292' title='bbox 1809 3158 1847 3209; x_wconf 91' lang='lat' dir='ltr'><strong>C</strong></span> 
     </span>
    </p>
   </div>
   <div class='ocr_carea' id='block_1_46' title="bbox 201 4399 1772 4470">
    <p class='ocr_par' dir='ltr' id='par_1_46' title="bbox 201 4399 1772 4470">
     <span class='ocr_line' id='line_1_46' title="bbox 201 4399 1772 4470; baseline 0.003 -19"><span class='ocrx_word' id='word_1_293' title='bbox 201 4399 383 4452; x_wconf 85' lang='grc' dir='ltr'>τοίνυν</span> <span class='ocrx_word' id='word_1_294' title='bbox 414 4399 602 4467; x_wconf 73' lang='grc' dir='ltr'>ἔλεγες</span> <span class='ocrx_word' id='word_1_295' title='bbox 633 4401 759 4459; x_wconf 68' lang='grc' dir='ltr'>τοὺς</span> <span class='ocrx_word' id='word_1_296' title='bbox 789 4402 1113 4462; x_wconf 74' lang='grc' dir='ltr'>καθολικοῦς</span> <span class='ocrx_word' id='word_1_297' title='bbox 1150 4400 1258 4452; x_wconf 87' lang='grc' dir='ltr'><strong>τῶν</strong></span> <span class='ocrx_word' id='word_1_298' title='bbox 1289 4402 1495 4470; x_wconf 88' lang='grc' dir='ltr'>θρόνων</span> <span class='ocrx_word' id='word_1_299' title='bbox 1520 4402 1595 4464; x_wconf 86' lang='grc' dir='ltr'>ὡς</span> <span class='ocrx_word' id='word_1_300' title='bbox 1628 4406 1772 4466; x_wconf 75' lang='grc' dir='ltr'>ἐξαί-</span> 
     </span>
    </p>
   </div>
   <div class='ocr_carea' id='block_1_47' title="bbox 204 4492 1842 4573">
    <p class='ocr_par' dir='ltr' id='par_1_47' title="bbox 204 4492 1842 4573">
     <span class='ocr_line' id='line_1_47' title="bbox 204 4492 1842 4573; baseline 0.002 -32"><span class='ocrx_word' id='word_1_301' title='bbox 204 4492 361 4560; x_wconf 86' lang='grc' dir='ltr'>ρετόν</span> <span class='ocrx_word' id='word_1_302' title='bbox 389 4510 441 4543; x_wconf 88' lang='grc' dir='ltr'><strong>τι</strong></span> <span class='ocrx_word' id='word_1_303' title='bbox 480 4493 765 4545; x_wconf 86' lang='grc' dir='ltr'>καλεῖσθαι</span> <span class='ocrx_word' id='word_1_304' title='bbox 810 4492 1017 4555; x_wconf 82' lang='grc' dir='ltr'>πάντας</span> <span class='ocrx_word' id='word_1_305' title='bbox 1068 4493 1501 4558; x_wconf 76' lang='grc' dir='ltr'>ἀποστολικούς;</span> <span class='ocrx_word' id='word_1_306' title='bbox 1541 4495 1602 4546; x_wconf 79' lang='grc' dir='ltr'>Εἰ</span> <span class='ocrx_word' id='word_1_307' title='bbox 1658 4497 1767 4562; x_wconf 75' lang='grc' dir='ltr'>γάρ</span> <span class='ocrx_word' id='word_1_308' title='bbox 1801 4521 1842 4573; x_wconf 72' lang='grc' dir='ltr'>ο</span> 
     </span>
    </p>
   </div>
   <div class='ocr_carea' id='block_1_48' title="bbox 202 4584 1766 4655">
    <p class='ocr_par' dir='ltr' id='par_1_48' title="bbox 202 4584 1766 4655">
     <span class='ocr_line' id='line_1_48' title="bbox 202 4584 1766 4655; baseline 0.004 -21"><span class='ocrx_word' id='word_1_309' title='bbox 202 4584 393 4651; x_wconf 74' lang='grc' dir='ltr'>μεῖξον</span> <span class='ocrx_word' id='word_1_310' title='bbox 441 4584 587 4653; x_wconf 74' lang='grc' dir='ltr'>ἔχειν</span> <span class='ocrx_word' id='word_1_311' title='bbox 633 4585 723 4635; x_wconf 75' lang='grc' dir='ltr'><strong>τὸν</strong></span> <span class='ocrx_word' id='word_1_312' title='bbox 787 4584 1025 4651; x_wconf 80' lang='grc' dir='ltr'>Χριστοῦ</span> <span class='ocrx_word' id='word_1_313' title='bbox 1082 4586 1291 4654; x_wconf 82' lang='grc' dir='ltr'>θρόνον,</span> <span class='ocrx_word' id='word_1_314' title='bbox 1341 4587 1766 4655; x_wconf 67' lang='grc' dir='ltr'>ἢάπεστολικῆν</span> 
     </span>
    </p>
   </div>
   <div class='ocr_carea' id='block_1_49' title="bbox 200 4671 1765 4747">
    <p class='ocr_par' dir='ltr' id='par_1_49' title="bbox 200 4671 1765 4747">
     <span class='ocr_line' id='line_1_49' title="bbox 200 4671 1765 4747; baseline 0.003 -20"><span class='ocrx_word' id='word_1_315' title='bbox 200 4671 366 4738; x_wconf 77' lang='grc' dir='ltr'>εἶναι,</span> <span class='ocrx_word' id='word_1_316' title='bbox 393 4682 485 4727; x_wconf 74' lang='grc' dir='ltr'>καὶ</span> <span class='ocrx_word' id='word_1_317' title='bbox 524 4680 725 4737; x_wconf 78' lang='grc' dir='ltr'>πάντες</span> <span class='ocrx_word' id='word_1_318' title='bbox 756 4680 804 4728; x_wconf 78' lang='grc' dir='ltr'><strong>οι</strong></span> <span class='ocrx_word' id='word_1_319' title='bbox 844 4680 1134 4729; x_wconf 76' lang='grc' dir='ltr'>ἐπίσκοποι</span> <span class='ocrx_word' id='word_1_320' title='bbox 1185 4679 1275 4729; x_wconf 65' lang='grc' dir='ltr'><strong>τὸν</strong></span> <span class='ocrx_word' id='word_1_321' title='bbox 1310 4680 1545 4746; x_wconf 74' lang='grc' dir='ltr'>Χριστοῦ</span> <span class='ocrx_word' id='word_1_322' title='bbox 1580 4681 1765 4747; x_wconf 72' lang='grc' dir='ltr'>ἔχουσι</span> 
     </span>
    </p>
   </div>
   <div class='ocr_carea' id='block_1_50' title="bbox 202 4764 1771 4837">
    <p class='ocr_par' dir='ltr' id='par_1_50' title="bbox 202 4764 1771 4837">
     <span class='ocr_line' id='line_1_50' title="bbox 202 4764 1771 4837; baseline 0.004 -22"><span class='ocrx_word' id='word_1_323' title='bbox 202 4764 413 4834; x_wconf 86' lang='grc' dir='ltr'>θρόνον,</span> <span class='ocrx_word' id='word_1_324' title='bbox 445 4766 648 4829; x_wconf 84' lang='grc' dir='ltr'>πάντες</span> <span class='ocrx_word' id='word_1_325' title='bbox 698 4768 806 4835; x_wconf 72' lang='grc' dir='ltr'>ἄρα</span> <span class='ocrx_word' id='word_1_326' title='bbox 846 4768 906 4819; x_wconf 83' lang='grc' dir='ltr'>τὸ</span> <span class='ocrx_word' id='word_1_327' title='bbox 955 4769 1140 4835; x_wconf 75' lang='grc' dir='ltr'>μεῖζον</span> <span class='ocrx_word' id='word_1_328' title='bbox 1182 4770 1388 4837; x_wconf 77' lang='grc' dir='ltr'>ἔχουσι,</span> <span class='ocrx_word' id='word_1_329' title='bbox 1439 4772 1531 4823; x_wconf 71' lang='grc' dir='ltr'>καὶ</span> <span class='ocrx_word' id='word_1_330' title='bbox 1582 4773 1662 4832; x_wconf 72' lang='grc' dir='ltr'><strong>εἰς</strong></span> <span class='ocrx_word' id='word_1_331' title='bbox 1711 4772 1771 4823; x_wconf 57' lang='grc' dir='ltr'>τὸ</span> 
     </span>
    </p>
   </div>
   <div class='ocr_carea' id='block_1_51' title="bbox 200 4859 1769 4934">
    <p class='ocr_par' dir='ltr' id='par_1_51' title="bbox 200 4859 1769 4934">
     <span class='ocr_line' id='line_1_51' title="bbox 200 4859 1769 4934; baseline 0.003 -24"><span class='ocrx_word' id='word_1_332' title='bbox 200 4859 350 4911; x_wconf 67' lang='grc' dir='ltr'>οὺδὶν</span> <span class='ocrx_word' id='word_1_333' title='bbox 381 4860 589 4927; x_wconf 64' lang='grc' dir='ltr'>οἴχεται</span> <span class='ocrx_word' id='word_1_334' title='bbox 636 4865 777 4912; x_wconf 84' lang='grc' dir='ltr'><strong>κατά</strong></span> <span class='ocrx_word' id='word_1_335' title='bbox 814 4861 872 4911; x_wconf 79' lang='grc' dir='ltr'>σὲ</span> <span class='ocrx_word' id='word_1_336' title='bbox 928 4860 1036 4912; x_wconf 85' lang='grc' dir='ltr'>τῶν</span> <span class='ocrx_word' id='word_1_337' title='bbox 1084 4862 1442 4930; x_wconf 71' lang='grc' dir='ltr'>πατριαρχών</span> <span class='ocrx_word' id='word_1_338' title='bbox 1492 4866 1523 4930; x_wconf 78' lang='grc' dir='ltr'>ἡ</span> <span class='ocrx_word' id='word_1_339' title='bbox 1582 4865 1769 4934; x_wconf 82' lang='grc' dir='ltr'>προτί-</span> 
     </span>
    </p>
   </div>
   <div class='ocr_carea' id='block_1_52' title="bbox 199 4949 1765 5020">
    <p class='ocr_par' dir='ltr' id='par_1_52' title="bbox 199 4949 1765 5020">
     <span class='ocr_line' id='line_1_52' title="bbox 199 4949 1765 5020; baseline 0.002 -19"><span class='ocrx_word' id='word_1_340' title='bbox 199 4966 365 5020; x_wconf 85' lang='grc' dir='ltr'>μησις</span> <span class='ocrx_word' id='word_1_341' title='bbox 401 4949 489 5001; x_wconf 74' lang='grc' dir='ltr'><strong>διὰ</strong></span> <span class='ocrx_word' id='word_1_342' title='bbox 532 4949 592 5001; x_wconf 80' lang='grc' dir='ltr'><strong>τὸ</strong></span> <span class='ocrx_word' id='word_1_343' title='bbox 636 4950 920 5002; x_wconf 74' lang='grc' dir='ltr'>καλεῖσθαι</span> <span class='ocrx_word' id='word_1_344' title='bbox 953 4951 1373 5015; x_wconf 78' lang='grc' dir='ltr'>ἀποστολικούς.</span> <span class='ocrx_word' id='word_1_345' title='bbox 1407 4953 1765 5019; x_wconf 75' lang='grc' dir='ltr'>Διαστρέφεις</span> 
     </span>
    </p>
   </div>
   <div class='ocr_carea' id='block_1_53' title="bbox 194 5041 1770 5119">
    <p class='ocr_par' dir='ltr' id='par_1_53' title="bbox 194 5041 1770 5119">
     <span class='ocr_line' id='line_1_53' title="bbox 194 5041 1770 5119; baseline 0.003 -25"><span class='ocrx_word' id='word_1_346' title='bbox 194 5042 253 5094; x_wconf 83' lang='grc' dir='ltr'>δὲ</span> <span class='ocrx_word' id='word_1_347' title='bbox 274 5042 366 5093; x_wconf 73' lang='grc' dir='ltr'><strong>καὶ</strong></span> <span class='ocrx_word' id='word_1_348' title='bbox 396 5042 455 5092; x_wconf 78' lang='grc' dir='ltr'><strong>τδ</strong></span> <span class='ocrx_word' id='word_1_349' title='bbox 487 5043 649 5111; x_wconf 75' lang='grc' dir='ltr'>ῥητὸν</span> <span class='ocrx_word' id='word_1_350' title='bbox 679 5041 772 5093; x_wconf 85' lang='grc' dir='ltr'><strong>τοῦ</strong></span> <span class='ocrx_word' id='word_1_351' title='bbox 799 5042 1215 5115; x_wconf 68' lang='grc' dir='ltr'><strong>Χρυσοστὸμου⁸</strong></span> <span class='ocrx_word' id='word_1_352' title='bbox 1244 5044 1387 5119; x_wconf 71' lang='grc' dir='ltr'>λέγει</span> <span class='ocrx_word' id='word_1_353' title='bbox 1416 5044 1545 5112; x_wconf 78' lang='grc' dir='ltr'>γάρ’</span> <span class='ocrx_word' id='word_1_354' title='bbox 1578 5063 1597 5094; x_wconf 76' lang='grc' dir='ltr'><strong>σ</strong></span> <span class='ocrx_word' id='word_1_355' title='bbox 1644 5045 1770 5099; x_wconf 71' lang='grc' dir='ltr'><strong>Ἐπὶ</strong></span> 
     </span>
    </p>
   </div>
   <div class='ocr_carea' id='block_1_54' title="bbox 194 5133 1769 5204">
    <p class='ocr_par' dir='ltr' id='par_1_54' title="bbox 194 5133 1769 5204">
     <span class='ocr_line' id='line_1_54' title="bbox 194 5133 1769 5204; baseline 0.006 -23"><span class='ocrx_word' id='word_1_356' title='bbox 194 5134 294 5199; x_wconf 74' lang='grc' dir='ltr'>τῆς</span> <span class='ocrx_word' id='word_1_357' title='bbox 320 5134 596 5193; x_wconf 77' lang='grc' dir='ltr'>Μωῦσέως</span> <span class='ocrx_word' id='word_1_358' title='bbox 624 5133 898 5201; x_wconf 73' lang='grc' dir='ltr'>καθέδρας</span> <span class='ocrx_word' id='word_1_359' title='bbox 926 5135 1188 5187; x_wconf 78' lang='grc' dir='ltr'>ἐκάθισαν</span> <span class='ocrx_word' id='word_1_360' title='bbox 1218 5136 1266 5186; x_wconf 86' lang='grc' dir='ltr'>οἱ</span> <span class='ocrx_word' id='word_1_361' title='bbox 1300 5139 1648 5204; x_wconf 75' lang='grc' dir='ltr'>γραμματεῖς</span> <span class='ocrx_word' id='word_1_362' title='bbox 1673 5137 1769 5190; x_wconf 81' lang='grc' dir='ltr'>καὶ</span> 
     </span>
    </p>
   </div>
   <div class='ocr_carea' id='block_1_55' title="bbox 194 5224 1766 5296">
    <p class='ocr_par' dir='ltr' id='par_1_55' title="bbox 194 5224 1766 5296">
     <span class='ocr_line' id='line_1_55' title="bbox 194 5224 1766 5296; baseline 0.003 -21"><span class='ocrx_word' id='word_1_363' title='bbox 194 5224 245 5275; x_wconf 87' lang='lat' dir='ltr'><strong>ol</strong></span> <span class='ocrx_word' id='word_1_364' title='bbox 298 5224 627 5292; x_wconf 78' lang='grc' dir='ltr'>Φαρισαῖοι·</span> <span class='ocrx_word' id='word_1_365' title='bbox 672 5224 767 5277; x_wconf 87' lang='grc' dir='ltr'><strong>νῦν</strong></span> <span class='ocrx_word' id='word_1_366' title='bbox 812 5224 869 5276; x_wconf 76' lang='grc' dir='ltr'>δὲ</span> <span class='ocrx_word' id='word_1_367' title='bbox 922 5226 1020 5276; x_wconf 69' lang='grc' dir='ltr'>οὐκ</span> <span class='ocrx_word' id='word_1_368' title='bbox 1072 5228 1218 5278; x_wconf 80' lang='grc' dir='ltr'>ἔστιν</span> <span class='ocrx_word' id='word_1_369' title='bbox 1270 5229 1465 5291; x_wconf 80' lang='grc' dir='ltr'>εἰπεῖν,</span> <span class='ocrx_word' id='word_1_370' title='bbox 1508 5228 1633 5278; x_wconf 77' lang='grc' dir='ltr'><strong>Ἐπὶ</strong></span> <span class='ocrx_word' id='word_1_371' title='bbox 1668 5229 1766 5296; x_wconf 77' lang='grc' dir='ltr'>τῆς</span> 
     </span>
    </p>
   </div>
   <div class='ocr_carea' id='block_1_56' title="bbox 192 5315 1766 5387">
    <p class='ocr_par' dir='ltr' id='par_1_56' title="bbox 192 5315 1766 5387">
     <span class='ocr_line' id='line_1_56' title="bbox 192 5315 1766 5387; baseline 0.003 -19"><span class='ocrx_word' id='word_1_372' title='bbox 192 5316 479 5377; x_wconf 72' lang='grc' dir='ltr'>Μωῦσέως</span> <span class='ocrx_word' id='word_1_373' title='bbox 498 5315 769 5387; x_wconf 80' lang='grc' dir='ltr'>καθέδρας</span> <span class='ocrx_word' id='word_1_374' title='bbox 794 5316 1058 5369; x_wconf 76' lang='grc' dir='ltr'>ἐκάθισαν</span> <span class='ocrx_word' id='word_1_375' title='bbox 1090 5319 1138 5369; x_wconf 77' lang='grc' dir='ltr'>οἱ</span> <span class='ocrx_word' id='word_1_376' title='bbox 1177 5318 1363 5386; x_wconf 78' lang='grc' dir='ltr'>ἱερεῖς,</span> <span class='ocrx_word' id='word_1_377' title='bbox 1401 5319 1515 5370; x_wconf 80' lang='grc' dir='ltr'>ἀλλ’</span> <span class='ocrx_word' id='word_1_378' title='bbox 1550 5320 1642 5370; x_wconf 69' lang='grc' dir='ltr'><strong>ἐπὶ</strong></span> <span class='ocrx_word' id='word_1_379' title='bbox 1667 5320 1766 5387; x_wconf 77' lang='grc' dir='ltr'>τῆς</span> 
     </span>
    </p>
   </div>
   <div class='ocr_carea' id='block_1_57' title="bbox 192 5398 1764 5473">
    <p class='ocr_par' dir='ltr' id='par_1_57' title="bbox 192 5398 1764 5473">
     <span class='ocr_line' id='line_1_57' title="bbox 192 5398 1764 5473; baseline 0.006 -23"><span class='ocrx_word' id='word_1_380' title='bbox 192 5398 290 5450; x_wconf 80' lang='grc' dir='ltr'><strong>τοῦ</strong></span> <span class='ocrx_word' id='word_1_381' title='bbox 322 5400 584 5469; x_wconf 74' lang='grc' dir='ltr'>Χριστοῦσ</span> <span class='ocrx_word' id='word_1_382' title='bbox 622 5403 719 5473; x_wconf 82' lang='grc' dir='ltr'>τὴν</span> <span class='ocrx_word' id='word_1_383' title='bbox 753 5405 861 5472; x_wconf 80' lang='grc' dir='ltr'><strong>γὰρ</strong></span> <span class='ocrx_word' id='word_1_384' title='bbox 895 5404 1104 5457; x_wconf 73' lang='grc' dir='ltr'>ἐκείνου</span> <span class='ocrx_word' id='word_1_385' title='bbox 1153 5406 1459 5471; x_wconf 77' lang='grc' dir='ltr'>διεδέξαντο</span> <span class='ocrx_word' id='word_1_386' title='bbox 1510 5408 1764 5460; x_wconf 82' lang='grc' dir='ltr'>διδασκα-</span> 
     </span>
    </p>
   </div>
   <div class='ocr_carea' id='block_1_58' title="bbox 192 5492 1766 5570">
    <p class='ocr_par' dir='ltr' id='par_1_58' title="bbox 192 5492 1766 5570">
     <span class='ocr_line' id='line_1_58' title="bbox 192 5492 1766 5570; baseline 0.007 -29"><span class='ocrx_word' id='word_1_387' title='bbox 192 5492 336 5544; x_wconf 78' lang='grc' dir='ltr'>λίαν.</span> <span class='ocrx_word' id='word_1_388' title='bbox 375 5511 394 5544; x_wconf 76' lang='grc' dir='ltr'><strong>ι</strong></span> <span class='ocrx_word' id='word_1_389' title='bbox 447 5495 851 5563; x_wconf 75' lang='grc' dir='ltr'>Ἐξητουμένου</span> <span class='ocrx_word' id='word_1_390' title='bbox 881 5499 1061 5550; x_wconf 84' lang='grc' dir='ltr'>τοίνυν</span> <span class='ocrx_word' id='word_1_391' title='bbox 1112 5500 1207 5551; x_wconf 86' lang='grc' dir='ltr'><strong>τοῦ</strong></span> <span class='ocrx_word' id='word_1_392' title='bbox 1252 5501 1639 5570; x_wconf 78' lang='grc' dir='ltr'>Χρυσοστόμου</span> <span class='ocrx_word' id='word_1_393' title='bbox 1672 5501 1766 5553; x_wconf 77' lang='grc' dir='ltr'>τὸν</span> 
     </span>
    </p>
   </div>
   <div class='ocr_carea' id='block_1_59' title="bbox 193 5586 1768 5661">
    <p class='ocr_par' dir='ltr' id='par_1_59' title="bbox 193 5586 1768 5661">
     <span class='ocr_line' id='line_1_59' title="bbox 193 5586 1768 5661; baseline 0.006 -24"><span class='ocrx_word' id='word_1_394' title='bbox 193 5586 386 5656; x_wconf 87' lang='grc' dir='ltr'>θρόνον</span> <span class='ocrx_word' id='word_1_395' title='bbox 419 5589 497 5648; x_wconf 77' lang='lat' dir='ltr'><strong>ei;</strong></span> <span class='ocrx_word' id='word_1_396' title='bbox 526 5589 626 5657; x_wconf 85' lang='grc' dir='ltr'>τὴν</span> <span class='ocrx_word' id='word_1_397' title='bbox 654 5589 1024 5659; x_wconf 58' lang='grc' dir='ltr'>διδασκαλίαν,</span> <span class='ocrx_word' id='word_1_398' title='bbox 1075 5592 1139 5645; x_wconf 74' lang='grc' dir='ltr'>σὺ</span> <span class='ocrx_word' id='word_1_399' title='bbox 1189 5592 1487 5661; x_wconf 78' lang='grc' dir='ltr'>).α;ι.6άνεις</span> <span class='ocrx_word' id='word_1_400' title='bbox 1538 5595 1617 5655; x_wconf 88' lang='grc' dir='ltr'>εἰς</span> <span class='ocrx_word' id='word_1_401' title='bbox 1664 5592 1768 5659; x_wconf 78' lang='grc' dir='ltr'>τὴν</span> 
     </span>
    </p>
   </div>
   <div class='ocr_carea' id='block_1_60' title="bbox 263 5767 841 5839">
    <p class='ocr_par' dir='ltr' id='par_1_60' title="bbox 263 5767 841 5839">
     <span class='ocr_line' id='line_1_60' title="bbox 263 5767 841 5839; baseline 0 -16"><span class='ocrx_word' id='word_1_402' title='bbox 263 5770 341 5839; x_wconf 86' lang='lat' dir='ltr'><strong>(t)</strong></span> <span class='ocrx_word' id='word_1_403' title='bbox 375 5767 491 5824; x_wconf 90' lang='lat' dir='ltr'><strong>Lih.</strong></span> <span class='ocrx_word' id='word_1_404' title='bbox 528 5786 596 5832; x_wconf 68' lang='grc' dir='ltr'>γι,</span> <span class='ocrx_word' id='word_1_405' title='bbox 630 5786 717 5839; x_wconf 83' lang='lat' dir='ltr'><strong>ep.</strong></span> <span class='ocrx_word' id='word_1_406' title='bbox 749 5772 841 5825; x_wconf 63' lang='grc' dir='ltr'>τι.</span> 
     </span>
    </p>
   </div>
   <div class='ocr_carea' id='block_1_61' title="bbox 1922 555 3484 621">
    <p class='ocr_par' dir='ltr' id='par_1_61' title="bbox 1922 555 3484 621">
     <span class='ocr_line' id='line_1_61' title="bbox 1922 555 3484 621; baseline 0.003 -15"><span class='ocrx_word' id='word_1_407' title='bbox 1922 565 2067 606; x_wconf 91' lang='lat' dir='ltr'><strong>ruut.</strong></span> <span class='ocrx_word' id='word_1_408' title='bbox 2102 555 2191 621; x_wconf 98' lang='lat' dir='ltr'><strong>qui</strong></span> <span class='ocrx_word' id='word_1_409' title='bbox 2225 567 2411 607; x_wconf 87' lang='lat' dir='ltr'><strong>contra</strong></span> <span class='ocrx_word' id='word_1_410' title='bbox 2434 569 2555 606; x_wconf 88' lang='lat' dir='ltr'><strong>eam</strong></span> <span class='ocrx_word' id='word_1_411' title='bbox 2579 556 2845 609; x_wconf 86' lang='lat' dir='ltr'><strong>acerrime</strong></span> <span class='ocrx_word' id='word_1_412' title='bbox 2873 556 3073 609; x_wconf 91' lang='lat' dir='ltr'><strong>invecti</strong></span> <span class='ocrx_word' id='word_1_413' title='bbox 3106 571 3232 610; x_wconf 85' lang='lat' dir='ltr'><strong>sunt</strong></span> <span class='ocrx_word' id='word_1_414' title='bbox 3257 559 3484 613; x_wconf 77' lang='lat' dir='ltr'><strong>Romani</strong></span> 
     </span>
    </p>
   </div>
   <div class='ocr_carea' id='block_1_62' title="bbox 1922 644 3488 719">
    <p class='ocr_par' dir='ltr' id='par_1_62' title="bbox 1922 644 3488 719">
     <span class='ocr_line' id='line_1_62' title="bbox 1922 644 3488 719; baseline 0.004 -24"><span class='ocrx_word' id='word_1_415' title='bbox 1922 645 2231 713; x_wconf 76' lang='lat' dir='ltr'><strong>pontiﬁces.</strong></span> <span class='ocrx_word' id='word_1_416' title='bbox 2272 644 2520 715; x_wconf 79' lang='lat' dir='ltr'><strong>Pelagius</strong></span> <span class='ocrx_word' id='word_1_417' title='bbox 2549 649 2603 699; x_wconf 83' lang='lat' dir='ltr'><strong>et</strong></span> <span class='ocrx_word' id='word_1_418' title='bbox 2628 646 2925 716; x_wconf 75' lang='lat' dir='ltr'><strong>Gregorius</strong></span> <span class='ocrx_word' id='word_1_419' title='bbox 2961 649 3214 717; x_wconf 75' lang='lat' dir='ltr'><strong>Dialogus</strong></span> <span class='ocrx_word' id='word_1_420' title='bbox 3246 652 3324 719; x_wconf 86' lang='grc' dir='ltr'><strong>(Ι)</strong></span> <span class='ocrx_word' id='word_1_421' title='bbox 3352 670 3363 711; x_wconf 86' lang='grc'>;</span> <span class='ocrx_word' id='word_1_422' title='bbox 3388 667 3488 703; x_wconf 76' lang='lat' dir='ltr'><strong>nec.</strong></span> 
     </span>
    </p>
   </div>
   <div class='ocr_carea' id='block_1_63' title="bbox 1920 730 3485 807">
    <p class='ocr_par' dir='ltr' id='par_1_63' title="bbox 1920 730 3485 807">
     <span class='ocr_line' id='line_1_63' title="bbox 1920 730 3485 807; baseline 0.008 -23"><span class='ocrx_word' id='word_1_423' title='bbox 1920 736 1993 786; x_wconf 81' lang='lat' dir='ltr'><strong>ita</strong></span> <span class='ocrx_word' id='word_1_424' title='bbox 2048 746 2176 789; x_wconf 83' lang='lat' dir='ltr'><strong>sunt</strong></span> <span class='ocrx_word' id='word_1_425' title='bbox 2217 738 2586 805; x_wconf 73' lang='lat' dir='ltr'><strong>interpretati,</strong></span> <span class='ocrx_word' id='word_1_426' title='bbox 2621 730 2714 806; x_wconf 84' lang='lat' dir='ltr'><strong>qui</strong></span> <span class='ocrx_word' id='word_1_427' title='bbox 2750 740 2910 807; x_wconf 85' lang='lat' dir='ltr'><strong>primi</strong></span> <span class='ocrx_word' id='word_1_428' title='bbox 2947 738 3096 794; x_wconf 55' lang='lat' dir='ltr'><strong>hunc</strong></span> <span class='ocrx_word' id='word_1_429' title='bbox 3125 742 3347 795; x_wconf 90' lang='lat' dir='ltr'><strong>titulum</strong></span> <span class='ocrx_word' id='word_1_430' title='bbox 3376 744 3485 796; x_wconf 74' lang='lat' dir='ltr'><strong>silui</strong></span> 
     </span>
    </p>
   </div>
   <div class='ocr_carea' id='block_1_64' title="bbox 1916 830 3492 904">
    <p class='ocr_par' dir='ltr' id='par_1_64' title="bbox 1916 830 3492 904">
     <span class='ocr_line' id='line_1_64' title="bbox 1916 830 3492 904; baseline 0.006 -25"><span class='ocrx_word' id='word_1_431' title='bbox 1916 839 2245 897; x_wconf 78' lang='lat' dir='ltr'><strong>arrogsruut</strong></span> <span class='ocrx_word' id='word_1_432' title='bbox 2287 830 2637 896; x_wconf 74' lang='lat' dir='ltr'><strong>patriarchre,</strong></span> <span class='ocrx_word' id='word_1_433' title='bbox 2694 830 2937 885; x_wconf 80' lang='lat' dir='ltr'><strong>Joannes</strong></span> <span class='ocrx_word' id='word_1_434' title='bbox 2965 833 3252 899; x_wconf 81' lang='lat' dir='ltr'><strong>Jejunator</strong></span> <span class='ocrx_word' id='word_1_435' title='bbox 3282 844 3339 888; x_wconf 91' lang='lat' dir='ltr'><strong>et</strong></span> <span class='ocrx_word' id='word_1_436' title='bbox 3381 836 3492 904; x_wconf 49' lang='lat' dir='ltr'><strong>Cy;</strong></span> 
     </span>
    </p>
   </div>
   <div class='ocr_carea' id='block_1_65' title="bbox 1917 920 3486 992">
    <p class='ocr_par' dir='ltr' id='par_1_65' title="bbox 1917 920 3486 992">
     <span class='ocr_line' id='line_1_65' title="bbox 1917 920 3486 992; baseline 0.004 -21"><span class='ocrx_word' id='word_1_437' title='bbox 1917 921 2135 983; x_wconf 80' lang='lat' dir='ltr'><strong>riacus;</strong></span> <span class='ocrx_word' id='word_1_438' title='bbox 2189 920 2283 974; x_wconf 88' lang='lat' dir='ltr'><strong>sed</strong></span> <span class='ocrx_word' id='word_1_439' title='bbox 2348 922 2725 979; x_wconf 72' lang='lat' dir='ltr'><strong>meumenieos</strong></span> <span class='ocrx_word' id='word_1_440' title='bbox 2782 937 2839 975; x_wconf 87' lang='lat' dir='ltr'><strong>se</strong></span> <span class='ocrx_word' id='word_1_441' title='bbox 2893 924 3297 992; x_wconf 88' lang='lat' dir='ltr'><strong>inscripserunt</strong></span> <span class='ocrx_word' id='word_1_442' title='bbox 3354 942 3486 979; x_wconf 76' lang='lat' dir='ltr'><strong>vero</strong></span> 
     </span>
    </p>
   </div>
   <div class='ocr_carea' id='block_1_66' title="bbox 1912 1014 3485 1087">
    <p class='ocr_par' dir='ltr' id='par_1_66' title="bbox 1912 1014 3485 1087">
     <span class='ocr_line' id='line_1_66' title="bbox 1912 1014 3485 1087; baseline 0.004 -21"><span class='ocrx_word' id='word_1_443' title='bbox 1912 1014 2209 1066; x_wconf 73' lang='lat' dir='ltr'><strong>abutentes</strong></span> <span class='ocrx_word' id='word_1_444' title='bbox 2265 1014 2607 1083; x_wconf 69' lang='lat' dir='ltr'><strong>signiﬁcatu;</strong></span> <span class='ocrx_word' id='word_1_445' title='bbox 2642 1015 2829 1084; x_wconf 75' lang='lat' dir='ltr'><strong>atque,</strong></span> <span class='ocrx_word' id='word_1_446' title='bbox 2865 1024 2923 1069; x_wconf 89' lang='lat' dir='ltr'><strong>ut</strong></span> <span class='ocrx_word' id='word_1_447' title='bbox 2960 1018 3151 1071; x_wconf 78' lang='lat' dir='ltr'><strong>scribit</strong></span> <span class='ocrx_word' id='word_1_448' title='bbox 3186 1018 3485 1087; x_wconf 71' lang='lat' dir='ltr'><strong>Gregorius</strong></span> 
     </span>
    </p>
   </div>
   <div class='ocr_carea' id='block_1_67' title="bbox 1913 1088 3485 1175">
    <p class='ocr_par' dir='ltr' id='par_1_67' title="bbox 1913 1088 3485 1175">
     <span class='ocr_line' id='line_1_67' title="bbox 1913 1088 3485 1175; baseline 0.004 -21"><span class='ocrx_word' id='word_1_449' title='bbox 1913 1101 2171 1172; x_wconf 75' lang='lat' dir='ltr'><strong>Dialogus</strong></span> <span class='ocrx_word' id='word_1_450' title='bbox 2215 1104 2505 1157; x_wconf 82' lang='lat' dir='ltr'><strong>Anastasio</strong></span> <span class='ocrx_word' id='word_1_451' title='bbox 2544 1088 2910 1167; x_wconf 45' lang='lat' dir='ltr'><strong>A&#39;ntiocheuo,</strong></span> <span class='ocrx_word' id='word_1_452' title='bbox 2966 1108 3130 1160; x_wconf 77' lang='lat' dir='ltr'><strong>talem</strong></span> <span class='ocrx_word' id='word_1_453' title='bbox 3180 1110 3485 1175; x_wconf 58' lang='lat' dir='ltr'><strong>prabeutis</strong></span> 
     </span>
    </p>
   </div>
   <div class='ocr_carea' id='block_1_68' title="bbox 1911 1192 3485 1266">
    <p class='ocr_par' dir='ltr' id='par_1_68' title="bbox 1911 1192 3485 1266">
     <span class='ocr_line' id='line_1_68' title="bbox 1911 1192 3485 1266; baseline 0.002 -19"><span class='ocrx_word' id='word_1_454' title='bbox 1911 1210 2159 1257; x_wconf 76' lang='lat' dir='ltr'><strong>causam.</strong></span> <span class='ocrx_word' id='word_1_455' title='bbox 2218 1204 2278 1248; x_wconf 86' lang='lat' dir='ltr'><strong>ut</strong></span> <span class='ocrx_word' id='word_1_456' title='bbox 2328 1198 2371 1249; x_wconf 90' lang='lat' dir='ltr'><strong>si</strong></span> <span class='ocrx_word' id='word_1_457' title='bbox 2413 1196 2577 1261; x_wconf 88' lang='lat' dir='ltr'><strong>hanc,</strong></span> <span class='ocrx_word' id='word_1_458' title='bbox 2630 1197 2832 1263; x_wconf 80' lang='lat' dir='ltr'><strong>inquit,</strong></span> <span class='ocrx_word' id='word_1_459' title='bbox 2865 1198 3253 1265; x_wconf 80' lang='lat' dir='ltr'><strong>:equanimiter</strong></span> <span class='ocrx_word' id='word_1_460' title='bbox 3299 1192 3485 1266; x_wconf 81' lang='lat' dir='ltr'><strong>porta-</strong></span> 
     </span>
    </p>
   </div>
   <div class='ocr_carea' id='block_1_69' title="bbox 1912 1288 3482 1357">
    <p class='ocr_par' dir='ltr' id='par_1_69' title="bbox 1912 1288 3482 1357">
     <span class='ocr_line' id='line_1_69' title="bbox 1912 1288 3482 1357; baseline 0.001 -17"><span class='ocrx_word' id='word_1_461' title='bbox 1912 1304 2052 1347; x_wconf 91' lang='lat' dir='ltr'><strong>mus.</strong></span> <span class='ocrx_word' id='word_1_462' title='bbox 2090 1290 2367 1341; x_wconf 70' lang='lat' dir='ltr'><strong>universae</strong></span> <span class='ocrx_word' id='word_1_463' title='bbox 2404 1288 2667 1341; x_wconf 77' lang='lat' dir='ltr'><strong>Ecclesia:</strong></span> <span class='ocrx_word' id='word_1_464' title='bbox 2703 1290 2862 1341; x_wconf 89' lang='lat' dir='ltr'><strong>tidem</strong></span> <span class='ocrx_word' id='word_1_465' title='bbox 2897 1304 3319 1357; x_wconf 87' lang='lat' dir='ltr'><strong>corrumpamus</strong></span> <span class='ocrx_word' id='word_1_466' title='bbox 3371 1290 3482 1342; x_wconf 81' lang='lat' dir='ltr'><strong>Nec</strong></span> 
     </span>
    </p>
   </div>
   <div class='ocr_carea' id='block_1_70' title="bbox 1909 1356 3478 1446">
    <p class='ocr_par' dir='ltr' id='par_1_70' title="bbox 1909 1356 3478 1446">
     <span class='ocr_line' id='line_1_70' title="bbox 1909 1356 3478 1446; baseline -0.001 -12"><span class='ocrx_word' id='word_1_467' title='bbox 1909 1381 2061 1434; x_wconf 90' lang='lat' dir='ltr'><strong>locus</strong></span> <span class='ocrx_word' id='word_1_468' title='bbox 2089 1356 2176 1433; x_wconf 75' lang='lat' dir='ltr'><strong>est</strong></span> <span class='ocrx_word' id='word_1_469' title='bbox 2213 1380 2265 1431; x_wconf 92' lang='lat' dir='ltr'><strong>in</strong></span> <span class='ocrx_word' id='word_1_470' title='bbox 2308 1395 2418 1446; x_wconf 92' lang='lat' dir='ltr'><strong>quo</strong></span> <span class='ocrx_word' id='word_1_471' title='bbox 2453 1380 2521 1433; x_wconf 89' lang='lat' dir='ltr'><strong>de</strong></span> <span class='ocrx_word' id='word_1_472' title='bbox 2556 1380 2659 1433; x_wconf 91' lang='lat' dir='ltr'><strong>hac</strong></span> <span class='ocrx_word' id='word_1_473' title='bbox 2691 1386 2822 1435; x_wconf 89' lang='lat' dir='ltr'><strong>v&#39;oce</strong></span> <span class='ocrx_word' id='word_1_474' title='bbox 2873 1382 3215 1434; x_wconf 88' lang='lat' dir='ltr'><strong>mentionem</strong></span> <span class='ocrx_word' id='word_1_475' title='bbox 3250 1380 3478 1445; x_wconf 76' lang='lat' dir='ltr'><strong>faciens,</strong></span> 
     </span>
    </p>
   </div>
   <div class='ocr_carea' id='block_1_71' title="bbox 1910 1472 3476 1543">
    <p class='ocr_par' dir='ltr' id='par_1_71' title="bbox 1910 1472 3476 1543">
     <span class='ocr_line' id='line_1_71' title="bbox 1910 1472 3476 1543; baseline 0.001 -20"><span class='ocrx_word' id='word_1_476' title='bbox 1910 1472 2229 1542; x_wconf 77' lang='lat' dir='ltr'><strong>frequentes</strong></span> <span class='ocrx_word' id='word_1_477' title='bbox 2274 1484 2456 1528; x_wconf 87' lang='lat' dir='ltr'><strong>autem</strong></span> <span class='ocrx_word' id='word_1_478' title='bbox 2508 1483 2734 1543; x_wconf 84' lang='lat' dir='ltr'><strong>propter</strong></span> <span class='ocrx_word' id='word_1_479' title='bbox 2797 1475 2944 1527; x_wconf 85' lang='lat' dir='ltr'><strong>illam</strong></span> <span class='ocrx_word' id='word_1_480' title='bbox 2991 1473 3147 1528; x_wconf 85' lang='lat' dir='ltr'><strong>dedit</strong></span> <span class='ocrx_word' id='word_1_481' title='bbox 3190 1473 3476 1542; x_wconf 83' lang='lat' dir='ltr'><strong>epistolas,</strong></span> 
     </span>
    </p>
   </div>
   <div class='ocr_carea' id='block_1_72' title="bbox 1907 1566 3479 1635">
    <p class='ocr_par' dir='ltr' id='par_1_72' title="bbox 1907 1566 3479 1635">
     <span class='ocr_line' id='line_1_72' title="bbox 1907 1566 3479 1635; baseline -0.002 -16"><span class='ocrx_word' id='word_1_482' title='bbox 1907 1582 2028 1619; x_wconf 89' lang='lat' dir='ltr'><strong>eam</strong></span> <span class='ocrx_word' id='word_1_483' title='bbox 2064 1583 2171 1619; x_wconf 89' lang='lat' dir='ltr'><strong>non</strong></span> <span class='ocrx_word' id='word_1_484' title='bbox 2210 1567 2553 1620; x_wconf 79' lang='lat' dir='ltr'><strong>damnaverit</strong></span> <span class='ocrx_word' id='word_1_485' title='bbox 2591 1566 2955 1634; x_wconf 77' lang='lat' dir='ltr'><strong>rejeceritque</strong></span> <span class='ocrx_word' id='word_1_486' title='bbox 2985 1576 3043 1619; x_wconf 91' lang='lat' dir='ltr'><strong>ut</strong></span> <span class='ocrx_word' id='word_1_487' title='bbox 3077 1566 3384 1635; x_wconf 62' lang='lat' dir='ltr'><strong>profanam,</strong></span> <span class='ocrx_word' id='word_1_488' title='bbox 3420 1575 3479 1616; x_wconf 91' lang='lat' dir='ltr'><strong>ut</strong></span> 
     </span>
    </p>
   </div>
   <div class='ocr_carea' id='block_1_73' title="bbox 1906 1656 3480 1726">
    <p class='ocr_par' dir='ltr' id='par_1_73' title="bbox 1906 1656 3480 1726">
     <span class='ocr_line' id='line_1_73' title="bbox 1906 1656 3480 1726; baseline 0 -20"><span class='ocrx_word' id='word_1_489' title='bbox 1906 1658 2237 1710; x_wconf 79' lang='lat' dir='ltr'><strong>universalis</strong></span> <span class='ocrx_word' id='word_1_490' title='bbox 2284 1658 2543 1711; x_wconf 68' lang='lat' dir='ltr'><strong>Ecclesia:</strong></span> <span class='ocrx_word' id='word_1_491' title='bbox 2605 1658 2881 1726; x_wconf 76' lang='lat' dir='ltr'><strong>injuriam,</strong></span> <span class='ocrx_word' id='word_1_492' title='bbox 2917 1667 2978 1710; x_wconf 88' lang='lat' dir='ltr'><strong>ut</strong></span> <span class='ocrx_word' id='word_1_493' title='bbox 3008 1672 3330 1726; x_wconf 71' lang='lat' dir='ltr'><strong>magnorum</strong></span> <span class='ocrx_word' id='word_1_494' title='bbox 3365 1656 3480 1707; x_wconf 87' lang='lat' dir='ltr'><strong>ori-</strong></span> 
     </span>
    </p>
   </div>
   <div class='ocr_carea' id='block_1_74' title="bbox 1906 1744 3474 1827">
    <p class='ocr_par' dir='ltr' id='par_1_74' title="bbox 1906 1744 3474 1827">
     <span class='ocr_line' id='line_1_74' title="bbox 1906 1744 3474 1827; baseline 0 -32"><span class='ocrx_word' id='word_1_495' title='bbox 1906 1745 2085 1811; x_wconf 80' lang='lat' dir='ltr'><strong>ginem</strong></span> <span class='ocrx_word' id='word_1_496' title='bbox 2118 1746 2525 1809; x_wconf 68' lang='lat' dir='ltr'><strong>scanilalorum,</strong></span> <span class='ocrx_word' id='word_1_497' title='bbox 2564 1748 2779 1815; x_wconf 80' lang='lat' dir='ltr'><strong>plenam</strong></span> <span class='ocrx_word' id='word_1_498' title='bbox 2815 1747 3113 1817; x_wconf 69' lang='lat' dir='ltr'><strong>superbiae,</strong></span> <span class='ocrx_word' id='word_1_499' title='bbox 3150 1744 3474 1827; x_wconf 74' lang='lat' dir='ltr'><strong>Antichristi</strong></span> 
     </span>
    </p>
   </div>
   <div class='ocr_carea' id='block_1_75' title="bbox 1904 1837 3471 1907">
    <p class='ocr_par' dir='ltr' id='par_1_75' title="bbox 1904 1837 3471 1907">
     <span class='ocr_line' id='line_1_75' title="bbox 1904 1837 3471 1907; baseline 0.002 -20"><span class='ocrx_word' id='word_1_500' title='bbox 1904 1852 2326 1907; x_wconf 66' lang='lat' dir='ltr'><strong>praecursorem,</strong></span> <span class='ocrx_word' id='word_1_501' title='bbox 2360 1856 2455 1905; x_wconf 79' lang='lat' dir='ltr'><strong>per</strong></span> <span class='ocrx_word' id='word_1_502' title='bbox 2485 1856 2649 1907; x_wconf 88' lang='lat' dir='ltr'><strong>quam</strong></span> <span class='ocrx_word' id='word_1_503' title='bbox 2701 1839 2835 1893; x_wconf 90' lang='lat' dir='ltr'><strong>lides</strong></span> <span class='ocrx_word' id='word_1_504' title='bbox 2890 1838 3165 1906; x_wconf 84' lang='lat' dir='ltr'><strong>perditur,</strong></span> <span class='ocrx_word' id='word_1_505' title='bbox 3198 1847 3257 1890; x_wconf 92' lang='lat' dir='ltr'><strong>ut</strong></span> <span class='ocrx_word' id='word_1_506' title='bbox 3292 1837 3471 1891; x_wconf 76' lang='lat' dir='ltr'><strong>scele-</strong></span> 
     </span>
    </p>
   </div>
   <div class='ocr_carea' id='block_1_76' title="bbox 1899 1929 3473 2002">
    <p class='ocr_par' dir='ltr' id='par_1_76' title="bbox 1899 1929 3473 2002">
     <span class='ocr_line' id='line_1_76' title="bbox 1899 1929 3473 2002; baseline -0.001 -19"><span class='ocrx_word' id='word_1_507' title='bbox 1899 1941 2036 1983; x_wconf 83' lang='lat' dir='ltr'><strong>stam</strong></span> <span class='ocrx_word' id='word_1_508' title='bbox 2068 1941 2122 1984; x_wconf 86' lang='lat' dir='ltr'><strong>et</strong></span> <span class='ocrx_word' id='word_1_509' title='bbox 2155 1934 2624 1985; x_wconf 75' lang='lat' dir='ltr'><strong>contradicentetu</strong></span> <span class='ocrx_word' id='word_1_510' title='bbox 2655 1933 2951 2002; x_wconf 84' lang='lat' dir='ltr'><strong>Evangelio</strong></span> <span class='ocrx_word' id='word_1_511' title='bbox 2987 1929 3266 2000; x_wconf 78' lang='lat' dir='ltr'><strong>Sacrisque</strong></span> <span class='ocrx_word' id='word_1_512' title='bbox 3300 1946 3473 1983; x_wconf 88' lang='lat' dir='ltr'><strong>cauo-</strong></span> 
     </span>
    </p>
   </div>
   <div class='ocr_carea' id='block_1_77' title="bbox 1844 2024 3470 2095">
    <p class='ocr_par' dir='ltr' id='par_1_77' title="bbox 1844 2024 3470 2095">
     <span class='ocr_line' id='line_1_77' title="bbox 1844 2024 3470 2095; baseline 0.001 -20"><span class='ocrx_word' id='word_1_513' title='bbox 1844 2042 1848 2047; x_wconf 92' lang='grc'>·</span> <span class='ocrx_word' id='word_1_514' title='bbox 1900 2024 2100 2089; x_wconf 86' lang='lat' dir='ltr'><strong>nibus;</strong></span> <span class='ocrx_word' id='word_1_515' title='bbox 2139 2041 2268 2093; x_wconf 87' lang='lat' dir='ltr'><strong>qua.</strong></span> <span class='ocrx_word' id='word_1_516' title='bbox 2303 2034 2364 2078; x_wconf 91' lang='lat' dir='ltr'><strong>ut</strong></span> <span class='ocrx_word' id='word_1_517' title='bbox 2401 2026 2681 2080; x_wconf 80' lang='lat' dir='ltr'><strong>Adrianus</strong></span> <span class='ocrx_word' id='word_1_518' title='bbox 2714 2042 2853 2095; x_wconf 89' lang='lat' dir='ltr'><strong>papa</strong></span> <span class='ocrx_word' id='word_1_519' title='bbox 2881 2026 3060 2093; x_wconf 88' lang='lat' dir='ltr'><strong>inquit</strong></span> <span class='ocrx_word' id='word_1_520' title='bbox 3094 2026 3146 2078; x_wconf 92' lang='lat' dir='ltr'><strong>in</strong></span> <span class='ocrx_word' id='word_1_521' title='bbox 3176 2025 3293 2078; x_wconf 90' lang='lat' dir='ltr'><strong>suis</strong></span> <span class='ocrx_word' id='word_1_522' title='bbox 3323 2024 3470 2077; x_wconf 86' lang='lat' dir='ltr'><strong>litte-</strong></span> 
     </span>
    </p>
   </div>
   <div class='ocr_carea' id='block_1_78' title="bbox 1899 2107 3468 2187">
    <p class='ocr_par' dir='ltr' id='par_1_78' title="bbox 1899 2107 3468 2187">
     <span class='ocr_line' id='line_1_78' title="bbox 1899 2107 3468 2187; baseline 0 -20"><span class='ocrx_word' id='word_1_523' title='bbox 1899 2117 1972 2168; x_wconf 88' lang='lat' dir='ltr'><strong>ris</strong></span> <span class='ocrx_word' id='word_1_524' title='bbox 1998 2116 2064 2169; x_wconf 89' lang='lat' dir='ltr'><strong>ad</strong></span> <span class='ocrx_word' id='word_1_525' title='bbox 2092 2107 2478 2185; x_wconf 82' lang='lat' dir='ltr'><strong>imperatores,</strong></span> <span class='ocrx_word' id='word_1_526' title='bbox 2504 2119 2595 2187; x_wconf 88' lang='lat' dir='ltr'><strong>qui</strong></span> <span class='ocrx_word' id='word_1_527' title='bbox 2630 2118 2803 2171; x_wconf 90' lang='lat' dir='ltr'><strong>utitur</strong></span> <span class='ocrx_word' id='word_1_528' title='bbox 2830 2128 2885 2172; x_wconf 92' lang='lat' dir='ltr'><strong>et</strong></span> <span class='ocrx_word' id='word_1_529' title='bbox 2916 2132 3200 2171; x_wconf 83' lang='lat' dir='ltr'><strong>assensum</strong></span> <span class='ocrx_word' id='word_1_530' title='bbox 3236 2113 3468 2184; x_wconf 65' lang='lat' dir='ltr'><strong>praebet,</strong></span> 
     </span>
    </p>
   </div>
   <div class='ocr_carea' id='block_1_79' title="bbox 1894 2203 3468 2273">
    <p class='ocr_par' dir='ltr' id='par_1_79' title="bbox 1894 2203 3468 2273">
     <span class='ocr_line' id='line_1_79' title="bbox 1894 2203 3468 2273; baseline 0.001 -17"><span class='ocrx_word' id='word_1_531' title='bbox 1894 2204 2131 2258; x_wconf 87' lang='lat' dir='ltr'><strong>alienum</strong></span> <span class='ocrx_word' id='word_1_532' title='bbox 2159 2221 2216 2260; x_wconf 86' lang='lat' dir='ltr'><strong>se</strong></span> <span class='ocrx_word' id='word_1_533' title='bbox 2255 2221 2283 2258; x_wconf 90' lang='lat' dir='ltr'><strong>a</strong></span> <span class='ocrx_word' id='word_1_534' title='bbox 2327 2207 2429 2260; x_wconf 85' lang='lat' dir='ltr'><strong>lide</strong></span> <span class='ocrx_word' id='word_1_535' title='bbox 2466 2207 2795 2273; x_wconf 80' lang='lat' dir='ltr'><strong>orthodoxa,</strong></span> <span class='ocrx_word' id='word_1_536' title='bbox 2826 2216 2881 2262; x_wconf 90' lang='lat' dir='ltr'><strong>et</strong></span> <span class='ocrx_word' id='word_1_537' title='bbox 2913 2206 3177 2262; x_wconf 81' lang='lat' dir='ltr'><strong>rebellem</strong></span> <span class='ocrx_word' id='word_1_538' title='bbox 3210 2203 3468 2260; x_wconf 72' lang='lat' dir='ltr'><strong>Ecclesia:</strong></span> 
     </span>
    </p>
   </div>
   <div class='ocr_carea' id='block_1_80' title="bbox 1893 2296 2538 2353">
    <p class='ocr_par' dir='ltr' id='par_1_80' title="bbox 1893 2296 2538 2353">
     <span class='ocr_line' id='line_1_80' title="bbox 1893 2296 2538 2353; baseline 0.006 -4"><span class='ocrx_word' id='word_1_539' title='bbox 1893 2296 2175 2351; x_wconf 84' lang='lat' dir='ltr'><strong>catholicae</strong></span> <span class='ocrx_word' id='word_1_540' title='bbox 2207 2298 2538 2353; x_wconf 85' lang='lat' dir='ltr'><strong>manilestat.</strong></span> 
     </span>
    </p>
   </div>
   <div class='ocr_carea' id='block_1_81' title="bbox 2372 2414 2973 2486">
    <p class='ocr_par' dir='ltr' id='par_1_81' title="bbox 2372 2414 2973 2486">
     <span class='ocr_line' id='line_1_81' title="bbox 2372 2414 2973 2486; baseline -0.002 -17"><span class='ocrx_word' id='word_1_541' title='bbox 2372 2414 2577 2470; x_wconf 77' lang='lat' dir='ltr'><strong>NILUS</strong></span> <span class='ocrx_word' id='word_1_542' title='bbox 2617 2414 2771 2486; x_wconf 77' lang='lat' dir='ltr'><strong>(Cap.</strong></span> <span class='ocrx_word' id='word_1_543' title='bbox 2810 2414 2973 2484; x_wconf 70' lang='grc' dir='ltr'><strong>χχι).</strong></span> 
     </span>
    </p>
   </div>
   <div class='ocr_carea' id='block_1_82' title="bbox 1969 2528 3456 2601">
    <p class='ocr_par' dir='ltr' id='par_1_82' title="bbox 1969 2528 3456 2601">
     <span class='ocr_line' id='line_1_82' title="bbox 1969 2528 3456 2601; baseline 0.003 -23"><span class='ocrx_word' id='word_1_544' title='bbox 1969 2546 1987 2577; x_wconf 79' lang='grc' dir='ltr'><strong>ι</strong></span> <span class='ocrx_word' id='word_1_545' title='bbox 2023 2528 2221 2583; x_wconf 84' lang='lat' dir='ltr'><strong>Beatus</strong></span> <span class='ocrx_word' id='word_1_546' title='bbox 2261 2544 2389 2590; x_wconf 87' lang='lat' dir='ltr'><strong>vero</strong></span> <span class='ocrx_word' id='word_1_547' title='bbox 2417 2529 2575 2585; x_wconf 79' lang='lat' dir='ltr'><strong>Pater</strong></span> <span class='ocrx_word' id='word_1_548' title='bbox 2609 2530 3034 2601; x_wconf 85' lang='lat' dir='ltr'><strong>Chrysostomus</strong></span> <span class='ocrx_word' id='word_1_549' title='bbox 3058 2533 3223 2585; x_wconf 89' lang='lat' dir='ltr'><strong>etiam</strong></span> <span class='ocrx_word' id='word_1_550' title='bbox 3258 2545 3456 2583; x_wconf 83' lang='lat' dir='ltr'><strong>unum-</strong></span> 
     </span>
    </p>
   </div>
   <div class='ocr_carea' id='block_1_83' title="bbox 1890 2622 3456 2690">
    <p class='ocr_par' dir='ltr' id='par_1_83' title="bbox 1890 2622 3456 2690">
     <span class='ocr_line' id='line_1_83' title="bbox 1890 2622 3456 2690; baseline 0.003 -19"><span class='ocrx_word' id='word_1_551' title='bbox 1890 2634 2166 2689; x_wconf 81' lang='lat' dir='ltr'><strong>quemque</strong></span> <span class='ocrx_word' id='word_1_552' title='bbox 2216 2622 2534 2690; x_wconf 84' lang='lat' dir='ltr'><strong>episcopum</strong></span> <span class='ocrx_word' id='word_1_553' title='bbox 2590 2626 2789 2676; x_wconf 87' lang='lat' dir='ltr'><strong>asserit</strong></span> <span class='ocrx_word' id='word_1_554' title='bbox 2848 2625 2902 2677; x_wconf 86' lang='lat' dir='ltr'><strong>in</strong></span> <span class='ocrx_word' id='word_1_555' title='bbox 2951 2623 3211 2677; x_wconf 84' lang='lat' dir='ltr'><strong>cathedra</strong></span> <span class='ocrx_word' id='word_1_556' title='bbox 3251 2622 3456 2677; x_wconf 85' lang='lat' dir='ltr'><strong>Christi</strong></span> 
     </span>
    </p>
   </div>
   <div class='ocr_carea' id='block_1_84' title="bbox 1889 2706 3459 2781">
    <p class='ocr_par' dir='ltr' id='par_1_84' title="bbox 1889 2706 3459 2781">
     <span class='ocr_line' id='line_1_84' title="bbox 1889 2706 3459 2781; baseline 0.003 -22"><span class='ocrx_word' id='word_1_557' title='bbox 1889 2706 2115 2770; x_wconf 89' lang='lat' dir='ltr'><strong>sedere,</strong></span> <span class='ocrx_word' id='word_1_558' title='bbox 2150 2709 2611 2776; x_wconf 86' lang='lat' dir='ltr'><strong>quemadmodum</strong></span> <span class='ocrx_word' id='word_1_559' title='bbox 2664 2712 2866 2781; x_wconf 78' lang='lat' dir='ltr'><strong>legales</strong></span> <span class='ocrx_word' id='word_1_560' title='bbox 2912 2713 3226 2767; x_wconf 83' lang='lat' dir='ltr'><strong>sacerdotes</strong></span> <span class='ocrx_word' id='word_1_561' title='bbox 3274 2714 3328 2765; x_wconf 92' lang='lat' dir='ltr'><strong>in</strong></span> <span class='ocrx_word' id='word_1_562' title='bbox 3370 2728 3459 2765; x_wconf 88' lang='lat' dir='ltr'><strong>ca-</strong></span> 
     </span>
    </p>
   </div>
   <div class='ocr_carea' id='block_1_85' title="bbox 1890 2794 3456 2871">
    <p class='ocr_par' dir='ltr' id='par_1_85' title="bbox 1890 2794 3456 2871">
     <span class='ocr_line' id='line_1_85' title="bbox 1890 2794 3456 2871; baseline 0.004 -25"><span class='ocrx_word' id='word_1_563' title='bbox 1890 2794 2081 2848; x_wconf 88' lang='lat' dir='ltr'><strong>thedra</strong></span> <span class='ocrx_word' id='word_1_564' title='bbox 2110 2796 2294 2852; x_wconf 79' lang='lat' dir='ltr'><strong>Musis.</strong></span> <span class='ocrx_word' id='word_1_565' title='bbox 2322 2800 2500 2863; x_wconf 85' lang='lat' dir='ltr'><strong>Quare</strong></span> <span class='ocrx_word' id='word_1_566' title='bbox 2529 2816 2635 2853; x_wconf 88' lang='lat' dir='ltr'><strong>nou</strong></span> <span class='ocrx_word' id='word_1_567' title='bbox 2661 2812 2744 2855; x_wconf 75' lang='lat' dir='ltr'><strong>est</strong></span> <span class='ocrx_word' id='word_1_568' title='bbox 2771 2804 2948 2869; x_wconf 81' lang='lat' dir='ltr'><strong>magni</strong></span> <span class='ocrx_word' id='word_1_569' title='bbox 2972 2802 3283 2855; x_wconf 80' lang='lat' dir='ltr'><strong>faciendum</strong></span> <span class='ocrx_word' id='word_1_570' title='bbox 3310 2803 3456 2871; x_wconf 85' lang='lat' dir='ltr'><strong>quod</strong></span> 
     </span>
    </p>
   </div>
   <div class='ocr_carea' id='block_1_86' title="bbox 1888 2887 3456 2961">
    <p class='ocr_par' dir='ltr' id='par_1_86' title="bbox 1888 2887 3456 2961">
     <span class='ocr_line' id='line_1_86' title="bbox 1888 2887 3456 2961; baseline 0.005 -22"><span class='ocrx_word' id='word_1_571' title='bbox 1888 2887 2073 2942; x_wconf 71' lang='lat' dir='ltr'><strong>Romae</strong></span> <span class='ocrx_word' id='word_1_572' title='bbox 2096 2890 2256 2944; x_wconf 87' lang='lat' dir='ltr'><strong>sedes</strong></span> <span class='ocrx_word' id='word_1_573' title='bbox 2280 2901 2501 2945; x_wconf 82' lang='lat' dir='ltr'><strong>vocetur</strong></span> <span class='ocrx_word' id='word_1_574' title='bbox 2526 2896 2844 2961; x_wconf 86' lang='lat' dir='ltr'><strong>apostolica,</strong></span> <span class='ocrx_word' id='word_1_575' title='bbox 2876 2910 3002 2949; x_wconf 91' lang='lat' dir='ltr'><strong>cum</strong></span> <span class='ocrx_word' id='word_1_576' title='bbox 3032 2896 3212 2949; x_wconf 87' lang='lat' dir='ltr'><strong>onmis</strong></span> <span class='ocrx_word' id='word_1_577' title='bbox 3242 2895 3456 2961; x_wconf 84' lang='lat' dir='ltr'><strong>episco-</strong></span> 
     </span>
    </p>
   </div>
   <div class='ocr_carea' id='block_1_87' title="bbox 1888 2983 2779 3049">
    <p class='ocr_par' dir='ltr' id='par_1_87' title="bbox 1888 2983 2779 3049">
     <span class='ocr_line' id='line_1_87' title="bbox 1888 2983 2779 3049; baseline 0.008 -17"><span class='ocrx_word' id='word_1_578' title='bbox 1888 2996 1990 3049; x_wconf 88' lang='lat' dir='ltr'><strong>pus</strong></span> <span class='ocrx_word' id='word_1_579' title='bbox 2026 2983 2209 3037; x_wconf 89' lang='lat' dir='ltr'><strong>sedeat</strong></span> <span class='ocrx_word' id='word_1_580' title='bbox 2245 2986 2300 3038; x_wconf 91' lang='lat' dir='ltr'><strong>iu</strong></span> <span class='ocrx_word' id='word_1_581' title='bbox 2333 2987 2461 3040; x_wconf 88' lang='lat' dir='ltr'><strong>sede</strong></span> <span class='ocrx_word' id='word_1_582' title='bbox 2498 2988 2717 3042; x_wconf 84' lang='lat' dir='ltr'><strong>Christi.</strong></span> <span class='ocrx_word' id='word_1_583' title='bbox 2761 3008 2779 3039; x_wconf 72' lang='grc' dir='ltr'><strong>ι</strong></span> 
     </span>
    </p>
   </div>
   <div class='ocr_carea' id='block_1_88' title="bbox 2430 3098 2885 3155">
    <p class='ocr_par' dir='ltr' id='par_1_88' title="bbox 2430 3098 2885 3155">
     <span class='ocr_line' id='line_1_88' title="bbox 2430 3098 2885 3155; baseline 0.004 -3"><span class='ocrx_word' id='word_1_584' title='bbox 2430 3098 2560 3153; x_wconf 67' lang='grc' dir='ltr'><strong>(2οΝ</strong></span> <span class='ocrx_word' id='word_1_585' title='bbox 2572 3100 2885 3155; x_wconf 82' lang='lat' dir='ltr'><strong>FUTATlO.</strong></span> 
     </span>
    </p>
   </div>
   <div class='ocr_carea' id='block_1_89' title="bbox 1954 3203 3446 3281">
    <p class='ocr_par' dir='ltr' id='par_1_89' title="bbox 1954 3203 3446 3281">
     <span class='ocr_line' id='line_1_89' title="bbox 1954 3203 3446 3281; baseline 0.007 -23"><span class='ocrx_word' id='word_1_586' title='bbox 1954 3203 2130 3273; x_wconf 84' lang='lat' dir='ltr'><strong>Supra</strong></span> <span class='ocrx_word' id='word_1_587' title='bbox 2164 3204 2407 3269; x_wconf 85' lang='lat' dir='ltr'><strong>dicebas,</strong></span> <span class='ocrx_word' id='word_1_588' title='bbox 2457 3210 2758 3275; x_wconf 85' lang='lat' dir='ltr'><strong>quamlibet</strong></span> <span class='ocrx_word' id='word_1_589' title='bbox 2812 3212 3196 3281; x_wconf 83' lang='lat' dir='ltr'><strong>principalium</strong></span> <span class='ocrx_word' id='word_1_590' title='bbox 3232 3215 3446 3269; x_wconf 87' lang='lat' dir='ltr'><strong>sedium</strong></span> 
     </span>
    </p>
   </div>
   <div class='ocr_carea' id='block_1_90' title="bbox 1885 3296 3449 3371">
    <p class='ocr_par' dir='ltr' id='par_1_90' title="bbox 1885 3296 3449 3371">
     <span class='ocr_line' id='line_1_90' title="bbox 1885 3296 3449 3371; baseline 0.01 -25"><span class='ocrx_word' id='word_1_591' title='bbox 1885 3296 2063 3348; x_wconf 73' lang='lat' dir='ltr'><strong>vorari</strong></span> <span class='ocrx_word' id='word_1_592' title='bbox 2099 3298 2478 3362; x_wconf 78' lang='lat' dir='ltr'><strong>apostolica-tn,</strong></span> <span class='ocrx_word' id='word_1_593' title='bbox 2515 3309 2572 3353; x_wconf 91' lang='lat' dir='ltr'><strong>ut</strong></span> <span class='ocrx_word' id='word_1_594' title='bbox 2613 3318 2771 3369; x_wconf 80' lang='lat' dir='ltr'><strong>papa,</strong></span> <span class='ocrx_word' id='word_1_595' title='bbox 2814 3303 2960 3371; x_wconf 88' lang='lat' dir='ltr'><strong>quod</strong></span> <span class='ocrx_word' id='word_1_596' title='bbox 2991 3305 3186 3359; x_wconf 85' lang='lat' dir='ltr'><strong>attinet</strong></span> <span class='ocrx_word' id='word_1_597' title='bbox 3212 3306 3280 3359; x_wconf 87' lang='lat' dir='ltr'><strong>ad</strong></span> <span class='ocrx_word' id='word_1_598' title='bbox 3322 3306 3449 3370; x_wconf 86' lang='lat' dir='ltr'><strong>hoc.</strong></span> 
     </span>
    </p>
   </div>
   <div class='ocr_carea' id='block_1_91' title="bbox 1885 3389 3448 3464">
    <p class='ocr_par' dir='ltr' id='par_1_91' title="bbox 1885 3389 3448 3464">
     <span class='ocr_line' id='line_1_91' title="bbox 1885 3389 3448 3464; baseline 0.008 -24"><span class='ocrx_word' id='word_1_599' title='bbox 1885 3389 2019 3440; x_wconf 84' lang='lat' dir='ltr'><strong>nihil</strong></span> <span class='ocrx_word' id='word_1_600' title='bbox 2059 3390 2181 3457; x_wconf 91' lang='lat' dir='ltr'><strong>plus</strong></span> <span class='ocrx_word' id='word_1_601' title='bbox 2218 3392 2415 3446; x_wconf 67' lang='lat' dir='ltr'><strong>habeat</strong></span> <span class='ocrx_word' id='word_1_602' title='bbox 2446 3408 2609 3461; x_wconf 90' lang='lat' dir='ltr'><strong>supra</strong></span> <span class='ocrx_word' id='word_1_603' title='bbox 2641 3404 2871 3449; x_wconf 65' lang='lat' dir='ltr'><strong>cancros</strong></span> <span class='ocrx_word' id='word_1_604' title='bbox 2904 3397 3262 3464; x_wconf 84' lang='lat' dir='ltr'><strong>patriarchas.</strong></span> <span class='ocrx_word' id='word_1_605' title='bbox 3290 3400 3448 3452; x_wconf 79' lang='lat' dir='ltr'><strong>Nunc</strong></span> 
     </span>
    </p>
   </div>
   <div class='ocr_carea' id='block_1_92' title="bbox 1883 3482 3451 3561">
    <p class='ocr_par' dir='ltr' id='par_1_92' title="bbox 1883 3482 3451 3561">
     <span class='ocr_line' id='line_1_92' title="bbox 1883 3482 3451 3561; baseline 0.008 -27"><span class='ocrx_word' id='word_1_606' title='bbox 1883 3482 2021 3534; x_wconf 90' lang='lat' dir='ltr'><strong>dicis</strong></span> <span class='ocrx_word' id='word_1_607' title='bbox 2088 3498 2280 3551; x_wconf 77' lang='lat' dir='ltr'><strong>papam</strong></span> <span class='ocrx_word' id='word_1_608' title='bbox 2336 3500 2443 3539; x_wconf 92' lang='lat' dir='ltr'><strong>non</strong></span> <span class='ocrx_word' id='word_1_609' title='bbox 2514 3487 2692 3540; x_wconf 91' lang='lat' dir='ltr'><strong>solum</strong></span> <span class='ocrx_word' id='word_1_610' title='bbox 2737 3503 2901 3557; x_wconf 88' lang='lat' dir='ltr'><strong>supra</strong></span> <span class='ocrx_word' id='word_1_611' title='bbox 2959 3490 3167 3544; x_wconf 84' lang='lat' dir='ltr'><strong>nullum</strong></span> <span class='ocrx_word' id='word_1_612' title='bbox 3222 3494 3451 3561; x_wconf 81' lang='lat' dir='ltr'><strong>patriar-</strong></span> 
     </span>
    </p>
   </div>
   <div class='ocr_carea' id='block_1_93' title="bbox 1880 3578 3449 3655">
    <p class='ocr_par' dir='ltr' id='par_1_93' title="bbox 1880 3578 3449 3655">
     <span class='ocr_line' id='line_1_93' title="bbox 1880 3578 3449 3655; baseline 0.012 -32"><span class='ocrx_word' id='word_1_613' title='bbox 1880 3578 2062 3640; x_wconf 80' lang='lat' dir='ltr'><strong>cltum,</strong></span> <span class='ocrx_word' id='word_1_614' title='bbox 2087 3578 2180 3630; x_wconf 89' lang='lat' dir='ltr'><strong>sed</strong></span> <span class='ocrx_word' id='word_1_615' title='bbox 2219 3594 2397 3647; x_wconf 87' lang='lat' dir='ltr'><strong>neque</strong></span> <span class='ocrx_word' id='word_1_616' title='bbox 2444 3594 2607 3649; x_wconf 88' lang='lat' dir='ltr'><strong>supra</strong></span> <span class='ocrx_word' id='word_1_617' title='bbox 2636 3583 2944 3648; x_wconf 85' lang='lat' dir='ltr'><strong>quemlibet</strong></span> <span class='ocrx_word' id='word_1_618' title='bbox 2976 3586 3293 3653; x_wconf 88' lang='lat' dir='ltr'><strong>episcopum</strong></span> <span class='ocrx_word' id='word_1_619' title='bbox 3327 3589 3449 3655; x_wconf 86' lang='lat' dir='ltr'><strong>plus</strong></span> 
     </span>
    </p>
   </div>
   <div class='ocr_carea' id='block_1_94' title="bbox 1879 3666 3443 3747">
    <p class='ocr_par' dir='ltr' id='par_1_94' title="bbox 1879 3666 3443 3747">
     <span class='ocr_line' id='line_1_94' title="bbox 1879 3666 3443 3747; baseline 0.011 -32"><span class='ocrx_word' id='word_1_620' title='bbox 1879 3666 2178 3734; x_wconf 87' lang='lat' dir='ltr'><strong>quidquam</strong></span> <span class='ocrx_word' id='word_1_621' title='bbox 2242 3669 2469 3730; x_wconf 88' lang='lat' dir='ltr'><strong>habere.</strong></span> <span class='ocrx_word' id='word_1_622' title='bbox 2535 3674 2985 3742; x_wconf 78' lang='lat' dir='ltr'><strong>quandoquidem</strong></span> <span class='ocrx_word' id='word_1_623' title='bbox 3032 3678 3186 3747; x_wconf 80' lang='lat' dir='ltr'><strong>juxta</strong></span> <span class='ocrx_word' id='word_1_624' title='bbox 3226 3679 3443 3733; x_wconf 83' lang='lat' dir='ltr'><strong>beatum</strong></span> 
     </span>
    </p>
   </div>
   <div class='ocr_carea' id='block_1_95' title="bbox 1877 3756 3448 3836">
    <p class='ocr_par' dir='ltr' id='par_1_95' title="bbox 1877 3756 3448 3836">
     <span class='ocr_line' id='line_1_95' title="bbox 1877 3756 3448 3836; baseline 0.01 -26"><span class='ocrx_word' id='word_1_625' title='bbox 1877 3756 2329 3825; x_wconf 82' lang='lat' dir='ltr'><strong>Chrysostomum</strong></span> <span class='ocrx_word' id='word_1_626' title='bbox 2375 3763 2607 3831; x_wconf 89' lang='lat' dir='ltr'><strong>quilibet</strong></span> <span class='ocrx_word' id='word_1_627' title='bbox 2640 3766 2934 3836; x_wconf 86' lang='lat' dir='ltr'><strong>episcopus</strong></span> <span class='ocrx_word' id='word_1_628' title='bbox 2965 3768 3122 3822; x_wconf 87' lang='lat' dir='ltr'><strong>sedet</strong></span> <span class='ocrx_word' id='word_1_629' title='bbox 3165 3770 3219 3824; x_wconf 91' lang='lat' dir='ltr'><strong>in</strong></span> <span class='ocrx_word' id='word_1_630' title='bbox 3261 3774 3448 3825; x_wconf 85' lang='lat' dir='ltr'><strong>cathe-</strong></span> 
     </span>
    </p>
   </div>
   <div class='ocr_carea' id='block_1_96' title="bbox 1878 3847 3447 3933">
    <p class='ocr_par' dir='ltr' id='par_1_96' title="bbox 1878 3847 3447 3933">
     <span class='ocr_line' id='line_1_96' title="bbox 1878 3847 3447 3933; baseline 0.011 -34"><span class='ocrx_word' id='word_1_631' title='bbox 1878 3847 1974 3899; x_wconf 81' lang='lat' dir='ltr'><strong>dra</strong></span> <span class='ocrx_word' id='word_1_632' title='bbox 2005 3848 2244 3915; x_wconf 81' lang='lat' dir='ltr'><strong>Christi;</strong></span> <span class='ocrx_word' id='word_1_633' title='bbox 2276 3862 2329 3905; x_wconf 91' lang='lat' dir='ltr'><strong>et</strong></span> <span class='ocrx_word' id='word_1_634' title='bbox 2366 3853 2481 3907; x_wconf 65' lang='lat' dir='ltr'><strong>haec</strong></span> <span class='ocrx_word' id='word_1_635' title='bbox 2504 3856 2692 3909; x_wconf 84' lang='lat' dir='ltr'><strong>dicens</strong></span> <span class='ocrx_word' id='word_1_636' title='bbox 2713 3857 2823 3911; x_wconf 93' lang='lat' dir='ltr'><strong>duo</strong></span> <span class='ocrx_word' id='word_1_637' title='bbox 2859 3874 3091 3927; x_wconf 90' lang='lat' dir='ltr'><strong>peccas:</strong></span> <span class='ocrx_word' id='word_1_638' title='bbox 3122 3861 3300 3929; x_wconf 87' lang='lat' dir='ltr'><strong>primo</strong></span> <span class='ocrx_word' id='word_1_639' title='bbox 3326 3866 3447 3933; x_wconf 86' lang='lat' dir='ltr'><strong>qui-</strong></span> 
     </span>
    </p>
   </div>
   <div class='ocr_carea' id='block_1_97' title="bbox 1878 3941 3440 4019">
    <p class='ocr_par' dir='ltr' id='par_1_97' title="bbox 1878 3941 3440 4019">
     <span class='ocr_line' id='line_1_97' title="bbox 1878 3941 3440 4019; baseline 0.011 -27"><span class='ocrx_word' id='word_1_640' title='bbox 1878 3941 2025 4003; x_wconf 85' lang='lat' dir='ltr'><strong>dem,</strong></span> <span class='ocrx_word' id='word_1_641' title='bbox 2069 3942 2197 4009; x_wconf 83' lang='lat' dir='ltr'><strong>quia</strong></span> <span class='ocrx_word' id='word_1_642' title='bbox 2234 3943 2440 3997; x_wconf 89' lang='lat' dir='ltr'><strong>dictum</strong></span> <span class='ocrx_word' id='word_1_643' title='bbox 2491 3944 2865 4016; x_wconf 87' lang='lat' dir='ltr'><strong>Chrysostomi</strong></span> <span class='ocrx_word' id='word_1_644' title='bbox 2910 3954 3211 4019; x_wconf 84' lang='lat' dir='ltr'><strong>pervertis;</strong></span> <span class='ocrx_word' id='word_1_645' title='bbox 3243 3954 3440 4009; x_wconf 86' lang='lat' dir='ltr'><strong>deinde</strong></span> 
     </span>
    </p>
   </div>
   <div class='ocr_carea' id='block_1_98' title="bbox 1876 4035 3439 4114">
    <p class='ocr_par' dir='ltr' id='par_1_98' title="bbox 1876 4035 3439 4114">
     <span class='ocr_line' id='line_1_98' title="bbox 1876 4035 3439 4114; baseline 0.011 -29"><span class='ocrx_word' id='word_1_646' title='bbox 1876 4046 1929 4085; x_wconf 90' lang='lat' dir='ltr'><strong>et</strong></span> <span class='ocrx_word' id='word_1_647' title='bbox 1966 4035 2080 4101; x_wconf 83' lang='lat' dir='ltr'><strong>ipse</strong></span> <span class='ocrx_word' id='word_1_648' title='bbox 2114 4044 2293 4089; x_wconf 88' lang='lat' dir='ltr'><strong>tecum</strong></span> <span class='ocrx_word' id='word_1_649' title='bbox 2322 4052 2551 4107; x_wconf 84' lang='lat' dir='ltr'><strong>pugnas.</strong></span> <span class='ocrx_word' id='word_1_650' title='bbox 2580 4040 2713 4093; x_wconf 90' lang='lat' dir='ltr'><strong>Dum</strong></span> <span class='ocrx_word' id='word_1_651' title='bbox 2755 4042 2901 4095; x_wconf 92' lang='lat' dir='ltr'><strong>enim</strong></span> <span class='ocrx_word' id='word_1_652' title='bbox 2929 4058 3122 4112; x_wconf 87' lang='lat' dir='ltr'><strong>papam</strong></span> <span class='ocrx_word' id='word_1_653' title='bbox 3153 4046 3439 4114; x_wconf 83' lang='lat' dir='ltr'><strong>deprimis.</strong></span> 
     </span>
    </p>
   </div>
   <div class='ocr_carea' id='block_1_99' title="bbox 1876 4129 3439 4207">
    <p class='ocr_par' dir='ltr' id='par_1_99' title="bbox 1876 4129 3439 4207">
     <span class='ocr_line' id='line_1_99' title="bbox 1876 4129 3439 4207; baseline 0.011 -31"><span class='ocrx_word' id='word_1_654' title='bbox 1876 4141 2036 4177; x_wconf 85' lang='lat' dir='ltr'><strong>unam</strong></span> <span class='ocrx_word' id='word_1_655' title='bbox 2092 4129 2383 4181; x_wconf 84' lang='lat' dir='ltr'><strong>constituis</strong></span> <span class='ocrx_word' id='word_1_656' title='bbox 2429 4132 2675 4184; x_wconf 91' lang='lat' dir='ltr'><strong>omnium</strong></span> <span class='ocrx_word' id='word_1_657' title='bbox 2731 4136 3116 4202; x_wconf 68' lang='lat' dir='ltr'><strong>a-qualilatem.</strong></span> <span class='ocrx_word' id='word_1_658' title='bbox 3170 4141 3439 4207; x_wconf 79' lang='lat' dir='ltr'><strong>siquidem</strong></span> 
     </span>
    </p>
   </div>
   <div class='ocr_carea' id='block_1_100' title="bbox 1873 4217 3438 4287">
    <p class='ocr_par' dir='ltr' id='par_1_100' title="bbox 1873 4217 3438 4287">
     <span class='ocr_line' id='line_1_100' title="bbox 1873 4217 3438 4287; baseline 0.012 -20"><span class='ocrx_word' id='word_1_659' title='bbox 1873 4217 2164 4283; x_wconf 79' lang='lat' dir='ltr'><strong>episcopus</strong></span> <span class='ocrx_word' id='word_1_660' title='bbox 2198 4219 2430 4285; x_wconf 74' lang='lat' dir='ltr'><strong>quilibet</strong></span> <span class='ocrx_word' id='word_1_661' title='bbox 2462 4236 2623 4273; x_wconf 82' lang='lat' dir='ltr'><strong>unam</strong></span> <span class='ocrx_word' id='word_1_662' title='bbox 2658 4233 2712 4276; x_wconf 86' lang='lat' dir='ltr'><strong>et</strong></span> <span class='ocrx_word' id='word_1_663' title='bbox 2736 4226 2982 4278; x_wconf 80' lang='lat' dir='ltr'><strong>eamdem</strong></span> <span class='ocrx_word' id='word_1_664' title='bbox 3013 4227 3219 4281; x_wconf 88' lang='lat' dir='ltr'><strong>Christi</strong></span> <span class='ocrx_word' id='word_1_665' title='bbox 3254 4233 3438 4287; x_wconf 79' lang='lat' dir='ltr'><strong>cathe—</strong></span> 
     </span>
    </p>
   </div>
   <div class='ocr_carea' id='block_1_101' title="bbox 1875 4305 3434 4392">
    <p class='ocr_par' dir='ltr' id='par_1_101' title="bbox 1875 4305 3434 4392">
     <span class='ocr_line' id='line_1_101' title="bbox 1875 4305 3434 4392; baseline 0.013 -35"><span class='ocrx_word' id='word_1_666' title='bbox 1875 4305 2028 4359; x_wconf 90' lang='lat' dir='ltr'><strong>dram</strong></span> <span class='ocrx_word' id='word_1_667' title='bbox 2082 4308 2265 4363; x_wconf 87' lang='lat' dir='ltr'><strong>habet.</strong></span> <span class='ocrx_word' id='word_1_668' title='bbox 2313 4312 2599 4376; x_wconf 86' lang='lat' dir='ltr'><strong>Quomodo</strong></span> <span class='ocrx_word' id='word_1_669' title='bbox 2651 4315 2813 4383; x_wconf 75' lang='lat' dir='ltr'><strong>igitur</strong></span> <span class='ocrx_word' id='word_1_670' title='bbox 2856 4316 3044 4373; x_wconf 86' lang='lat' dir='ltr'><strong>aiebas</strong></span> <span class='ocrx_word' id='word_1_671' title='bbox 3096 4324 3434 4392; x_wconf 70' lang='lat' dir='ltr'><strong>praecipuum</strong></span> 
     </span>
    </p>
   </div>
   <div class='ocr_carea' id='block_1_102' title="bbox 1874 4397 3437 4477">
    <p class='ocr_par' dir='ltr' id='par_1_102' title="bbox 1874 4397 3437 4477">
     <span class='ocr_line' id='line_1_102' title="bbox 1874 4397 3437 4477; baseline 0.014 -27"><span class='ocrx_word' id='word_1_672' title='bbox 1874 4397 1979 4451; x_wconf 87' lang='lat' dir='ltr'><strong>hoc</strong></span> <span class='ocrx_word' id='word_1_673' title='bbox 2016 4398 2219 4455; x_wconf 86' lang='lat' dir='ltr'><strong>habere</strong></span> <span class='ocrx_word' id='word_1_674' title='bbox 2254 4403 2584 4471; x_wconf 87' lang='lat' dir='ltr'><strong>principales</strong></span> <span class='ocrx_word' id='word_1_675' title='bbox 2616 4408 2793 4469; x_wconf 86' lang='lat' dir='ltr'><strong>sedes,</strong></span> <span class='ocrx_word' id='word_1_676' title='bbox 2827 4409 2973 4477; x_wconf 86' lang='lat' dir='ltr'><strong>quod</strong></span> <span class='ocrx_word' id='word_1_677' title='bbox 3006 4426 3201 4467; x_wconf 88' lang='lat' dir='ltr'><strong>omnes</strong></span> <span class='ocrx_word' id='word_1_678' title='bbox 3239 4430 3437 4471; x_wconf 85' lang='lat' dir='ltr'><strong>vocen-</strong></span> 
     </span>
    </p>
   </div>
   <div class='ocr_carea' id='block_1_103' title="bbox 1873 4492 3436 4566">
    <p class='ocr_par' dir='ltr' id='par_1_103' title="bbox 1873 4492 3436 4566">
     <span class='ocr_line' id='line_1_103' title="bbox 1873 4492 3436 4566; baseline 0.013 -26"><span class='ocrx_word' id='word_1_679' title='bbox 1873 4498 1960 4541; x_wconf 89' lang='lat' dir='ltr'><strong>tur</strong></span> <span class='ocrx_word' id='word_1_680' title='bbox 1996 4492 2342 4558; x_wconf 59' lang='lat' dir='ltr'><strong>apostolieze?</strong></span> <span class='ocrx_word' id='word_1_681' title='bbox 2389 4492 2442 4547; x_wconf 90' lang='lat' dir='ltr'><strong>Si</strong></span> <span class='ocrx_word' id='word_1_682' title='bbox 2492 4496 2639 4549; x_wconf 88' lang='lat' dir='ltr'><strong>enim</strong></span> <span class='ocrx_word' id='word_1_683' title='bbox 2673 4499 2794 4566; x_wconf 82' lang='lat' dir='ltr'><strong>plus</strong></span> <span class='ocrx_word' id='word_1_684' title='bbox 2832 4511 2938 4563; x_wconf 88' lang='lat' dir='ltr'><strong>est,</strong></span> <span class='ocrx_word' id='word_1_685' title='bbox 2996 4502 3199 4559; x_wconf 84' lang='lat' dir='ltr'><strong>habere</strong></span> <span class='ocrx_word' id='word_1_686' title='bbox 3232 4505 3436 4561; x_wconf 84' lang='lat' dir='ltr'><strong>Christi</strong></span> 
     </span>
    </p>
   </div>
   <div class='ocr_carea' id='block_1_104' title="bbox 1872 4578 3433 4668">
    <p class='ocr_par' dir='ltr' id='par_1_104' title="bbox 1872 4578 3433 4668">
     <span class='ocr_line' id='line_1_104' title="bbox 1872 4578 3433 4668; baseline 0.014 -38"><span class='ocrx_word' id='word_1_687' title='bbox 1872 4578 2054 4633; x_wconf 91' lang='lat' dir='ltr'><strong>sedem</strong></span> <span class='ocrx_word' id='word_1_688' title='bbox 2086 4596 2249 4650; x_wconf 89' lang='lat' dir='ltr'><strong>quam</strong></span> <span class='ocrx_word' id='word_1_689' title='bbox 2285 4586 2466 4637; x_wconf 78' lang='lat' dir='ltr'><strong>vocari</strong></span> <span class='ocrx_word' id='word_1_690' title='bbox 2491 4589 2871 4654; x_wconf 73' lang='lat' dir='ltr'><strong>apostolicum,</strong></span> <span class='ocrx_word' id='word_1_691' title='bbox 2903 4602 2957 4645; x_wconf 88' lang='lat' dir='ltr'><strong>et</strong></span> <span class='ocrx_word' id='word_1_692' title='bbox 2979 4609 3170 4648; x_wconf 80' lang='lat' dir='ltr'><strong>omnes</strong></span> <span class='ocrx_word' id='word_1_693' title='bbox 3193 4598 3433 4668; x_wconf 86' lang='lat' dir='ltr'><strong>episcopi</strong></span> 
     </span>
    </p>
   </div>
   <div class='ocr_carea' id='block_1_105' title="bbox 1872 4670 3437 4743">
    <p class='ocr_par' dir='ltr' id='par_1_105' title="bbox 1872 4670 3437 4743">
     <span class='ocr_line' id='line_1_105' title="bbox 1872 4670 3437 4743; baseline 0.015 -24"><span class='ocrx_word' id='word_1_694' title='bbox 1872 4670 2072 4722; x_wconf 87' lang='lat' dir='ltr'><strong>habent</strong></span> <span class='ocrx_word' id='word_1_695' title='bbox 2129 4671 2445 4726; x_wconf 88' lang='lat' dir='ltr'><strong>cathedram</strong></span> <span class='ocrx_word' id='word_1_696' title='bbox 2495 4672 2724 4735; x_wconf 82' lang='lat' dir='ltr'><strong>ChriSti.</strong></span> <span class='ocrx_word' id='word_1_697' title='bbox 2779 4693 2929 4735; x_wconf 86' lang='lat' dir='ltr'><strong>certe</strong></span> <span class='ocrx_word' id='word_1_698' title='bbox 2986 4698 3181 4740; x_wconf 88' lang='lat' dir='ltr'><strong>omnes</strong></span> <span class='ocrx_word' id='word_1_699' title='bbox 3237 4689 3437 4743; x_wconf 88' lang='lat' dir='ltr'><strong>habent</strong></span> 
     </span>
    </p>
   </div>
   <div class='ocr_carea' id='block_1_106' title="bbox 1870 4762 3430 4845">
    <p class='ocr_par' dir='ltr' id='par_1_106' title="bbox 1870 4762 3430 4845">
     <span class='ocr_line' id='line_1_106' title="bbox 1870 4762 3430 4845; baseline 0.017 -37"><span class='ocrx_word' id='word_1_700' title='bbox 1870 4762 2014 4827; x_wconf 85' lang='lat' dir='ltr'><strong>quod</strong></span> <span class='ocrx_word' id='word_1_701' title='bbox 2060 4763 2179 4827; x_wconf 85' lang='lat' dir='ltr'><strong>plus</strong></span> <span class='ocrx_word' id='word_1_702' title='bbox 2216 4774 2321 4827; x_wconf 79' lang='lat' dir='ltr'><strong>est,</strong></span> <span class='ocrx_word' id='word_1_703' title='bbox 2352 4778 2409 4818; x_wconf 89' lang='lat' dir='ltr'><strong>et</strong></span> <span class='ocrx_word' id='word_1_704' title='bbox 2440 4770 2717 4822; x_wconf 78' lang='lat' dir='ltr'><strong>evanescit</strong></span> <span class='ocrx_word' id='word_1_705' title='bbox 2751 4786 2847 4837; x_wconf 88' lang='lat' dir='ltr'><strong>per</strong></span> <span class='ocrx_word' id='word_1_706' title='bbox 2892 4782 2943 4845; x_wconf 80' lang='lat' dir='ltr'><strong>te</strong></span> <span class='ocrx_word' id='word_1_707' title='bbox 2997 4778 3430 4841; x_wconf 84' lang='lat' dir='ltr'><strong>patriarcharum</strong></span> 
     </span>
    </p>
   </div>
   <div class='ocr_carea' id='block_1_107' title="bbox 1872 4854 3436 4933">
    <p class='ocr_par' dir='ltr' id='par_1_107' title="bbox 1872 4854 3436 4933">
     <span class='ocr_line' id='line_1_107' title="bbox 1872 4854 3436 4933; baseline 0.017 -31"><span class='ocrx_word' id='word_1_708' title='bbox 1872 4854 2248 4923; x_wconf 68' lang='lat' dir='ltr'><strong>pra&#39;rOgativa,</strong></span> <span class='ocrx_word' id='word_1_709' title='bbox 2302 4857 2447 4925; x_wconf 88' lang='lat' dir='ltr'><strong>quod</strong></span> <span class='ocrx_word' id='word_1_710' title='bbox 2498 4872 2761 4914; x_wconf 84' lang='lat' dir='ltr'><strong>vocentur</strong></span> <span class='ocrx_word' id='word_1_711' title='bbox 2799 4867 3107 4933; x_wconf 84' lang='lat' dir='ltr'><strong>apostolici.</strong></span> <span class='ocrx_word' id='word_1_712' title='bbox 3160 4869 3436 4928; x_wconf 85' lang='lat' dir='ltr'><strong>Pervertis</strong></span> 
     </span>
    </p>
   </div>
   <div class='ocr_carea' id='block_1_108' title="bbox 1871 4948 3439 5032">
    <p class='ocr_par' dir='ltr' id='par_1_108' title="bbox 1871 4948 3439 5032">
     <span class='ocr_line' id='line_1_108' title="bbox 1871 4948 3439 5032; baseline 0.015 -37"><span class='ocrx_word' id='word_1_713' title='bbox 1871 4955 2053 4996; x_wconf 70' lang='lat' dir='ltr'><strong>autem</strong></span> <span class='ocrx_word' id='word_1_714' title='bbox 2081 4957 2136 4999; x_wconf 91' lang='lat' dir='ltr'><strong>et</strong></span> <span class='ocrx_word' id='word_1_715' title='bbox 2160 4948 2541 5019; x_wconf 83' lang='lat' dir='ltr'><strong>Chrysostonti</strong></span> <span class='ocrx_word' id='word_1_716' title='bbox 2572 4955 2796 5008; x_wconf 84' lang='lat' dir='ltr'><strong>dictum.</strong></span> <span class='ocrx_word' id='word_1_717' title='bbox 2834 4959 2923 5011; x_wconf 84' lang='lat' dir='ltr'><strong>Ait</strong></span> <span class='ocrx_word' id='word_1_718' title='bbox 2974 4961 3117 5013; x_wconf 84' lang='lat' dir='ltr'><strong>enim</strong></span> <span class='ocrx_word' id='word_1_719' title='bbox 3153 4981 3163 5015; x_wconf 91' lang='lat'>:</span> <span class='ocrx_word' id='word_1_720' title='bbox 3204 4981 3222 5013; x_wconf 79' lang='grc' dir='ltr'><strong>ι</strong></span> <span class='ocrx_word' id='word_1_721' title='bbox 3264 4964 3439 5032; x_wconf 88' lang='lat' dir='ltr'><strong>Super</strong></span> 
     </span>
    </p>
   </div>
   <div class='ocr_carea' id='block_1_109' title="bbox 1870 5034 3433 5119">
    <p class='ocr_par' dir='ltr' id='par_1_109' title="bbox 1870 5034 3433 5119">
     <span class='ocr_line' id='line_1_109' title="bbox 1870 5034 3433 5119; baseline 0.014 -33"><span class='ocrx_word' id='word_1_722' title='bbox 1870 5034 2036 5105; x_wconf 84' lang='lat' dir='ltr'><strong>Moysi</strong></span> <span class='ocrx_word' id='word_1_723' title='bbox 2094 5040 2412 5094; x_wconf 88' lang='lat' dir='ltr'><strong>cathedram</strong></span> <span class='ocrx_word' id='word_1_724' title='bbox 2448 5044 2711 5099; x_wconf 75' lang='lat' dir='ltr'><strong>sederunt</strong></span> <span class='ocrx_word' id='word_1_725' title='bbox 2769 5050 2977 5103; x_wconf 78' lang='lat' dir='ltr'><strong>Scribze</strong></span> <span class='ocrx_word' id='word_1_726' title='bbox 3034 5062 3089 5105; x_wconf 91' lang='lat' dir='ltr'><strong>et</strong></span> <span class='ocrx_word' id='word_1_727' title='bbox 3149 5053 3433 5119; x_wconf 73' lang='lat' dir='ltr'><strong>Pharisaei,</strong></span> 
     </span>
    </p>
   </div>
   <div class='ocr_carea' id='block_1_110' title="bbox 1870 5134 3434 5209">
    <p class='ocr_par' dir='ltr' id='par_1_110' title="bbox 1870 5134 3434 5209">
     <span class='ocr_line' id='line_1_110' title="bbox 1870 5134 3434 5209; baseline 0.013 -31"><span class='ocrx_word' id='word_1_728' title='bbox 1870 5141 2016 5180; x_wconf 82' lang='lat' dir='ltr'><strong>nunc</strong></span> <span class='ocrx_word' id='word_1_729' title='bbox 2046 5144 2175 5183; x_wconf 83' lang='lat' dir='ltr'><strong>vero</strong></span> <span class='ocrx_word' id='word_1_730' title='bbox 2205 5146 2310 5185; x_wconf 89' lang='lat' dir='ltr'><strong>non</strong></span> <span class='ocrx_word' id='word_1_731' title='bbox 2345 5134 2449 5199; x_wconf 89' lang='lat' dir='ltr'><strong>ita;</strong></span> <span class='ocrx_word' id='word_1_732' title='bbox 2496 5152 2673 5205; x_wconf 87' lang='lat' dir='ltr'><strong>neque</strong></span> <span class='ocrx_word' id='word_1_733' title='bbox 2722 5142 2866 5193; x_wconf 87' lang='lat' dir='ltr'><strong>enim</strong></span> <span class='ocrx_word' id='word_1_734' title='bbox 2912 5136 3080 5209; x_wconf 84' lang='lat' dir='ltr'><strong>super</strong></span> <span class='ocrx_word' id='word_1_735' title='bbox 3116 5145 3434 5199; x_wconf 87' lang='lat' dir='ltr'><strong>cathedram</strong></span> 
     </span>
    </p>
   </div>
   <div class='ocr_carea' id='block_1_111' title="bbox 1873 5217 3434 5300">
    <p class='ocr_par' dir='ltr' id='par_1_111' title="bbox 1873 5217 3434 5300">
     <span class='ocr_line' id='line_1_111' title="bbox 1873 5217 3434 5300; baseline 0.015 -31"><span class='ocrx_word' id='word_1_736' title='bbox 1873 5217 2038 5289; x_wconf 74' lang='lat' dir='ltr'><strong>Moysi</strong></span> <span class='ocrx_word' id='word_1_737' title='bbox 2067 5222 2689 5292; x_wconf 76' lang='lat' dir='ltr'><strong>sederuntsacerdutes,</strong></span> <span class='ocrx_word' id='word_1_738' title='bbox 2742 5233 2835 5284; x_wconf 88' lang='lat' dir='ltr'><strong>sed</strong></span> <span class='ocrx_word' id='word_1_739' title='bbox 2882 5249 3047 5300; x_wconf 85' lang='lat' dir='ltr'><strong>super</strong></span> <span class='ocrx_word' id='word_1_740' title='bbox 3092 5235 3298 5289; x_wconf 87' lang='lat' dir='ltr'><strong>Christi</strong></span> <span class='ocrx_word' id='word_1_741' title='bbox 3346 5255 3434 5292; x_wconf 91' lang='lat' dir='ltr'><strong>se-</strong></span> 
     </span>
    </p>
   </div>
   <div class='ocr_carea' id='block_1_112' title="bbox 1870 5312 3435 5397">
    <p class='ocr_par' dir='ltr' id='par_1_112' title="bbox 1870 5312 3435 5397">
     <span class='ocr_line' id='line_1_112' title="bbox 1870 5312 3435 5397; baseline 0.012 -33"><span class='ocrx_word' id='word_1_742' title='bbox 1870 5312 2020 5374; x_wconf 85' lang='lat' dir='ltr'><strong>dem,</strong></span> <span class='ocrx_word' id='word_1_743' title='bbox 2052 5314 2196 5366; x_wconf 91' lang='lat' dir='ltr'><strong>illius</strong></span> <span class='ocrx_word' id='word_1_744' title='bbox 2224 5317 2371 5369; x_wconf 88' lang='lat' dir='ltr'><strong>enim</strong></span> <span class='ocrx_word' id='word_1_745' title='bbox 2404 5332 2697 5387; x_wconf 73' lang='lat' dir='ltr'><strong>suscepere</strong></span> <span class='ocrx_word' id='word_1_746' title='bbox 2726 5324 3055 5376; x_wconf 82' lang='lat' dir='ltr'><strong>doctrinam.</strong></span> <span class='ocrx_word' id='word_1_747' title='bbox 3091 5344 3108 5377; x_wconf 77' lang='grc' dir='ltr'><strong>ι</strong></span> <span class='ocrx_word' id='word_1_748' title='bbox 3138 5326 3274 5381; x_wconf 88' lang='lat' dir='ltr'><strong>Cum</strong></span> <span class='ocrx_word' id='word_1_749' title='bbox 3300 5344 3435 5397; x_wconf 79' lang='lat' dir='ltr'><strong>ergo</strong></span> 
     </span>
    </p>
   </div>
   <div class='ocr_carea' id='block_1_113' title="bbox 1869 5405 3438 5488">
    <p class='ocr_par' dir='ltr' id='par_1_113' title="bbox 1869 5405 3438 5488">
     <span class='ocr_line' id='line_1_113' title="bbox 1869 5405 3438 5488; baseline 0.01 -30"><span class='ocrx_word' id='word_1_750' title='bbox 1869 5405 2290 5475; x_wconf 82' lang='lat' dir='ltr'><strong>Chrysostomus</strong></span> <span class='ocrx_word' id='word_1_751' title='bbox 2328 5411 2639 5465; x_wconf 81' lang='lat' dir='ltr'><strong>ealhcdram</strong></span> <span class='ocrx_word' id='word_1_752' title='bbox 2684 5414 2735 5466; x_wconf 89' lang='lat' dir='ltr'><strong>in</strong></span> <span class='ocrx_word' id='word_1_753' title='bbox 2766 5417 3067 5469; x_wconf 87' lang='lat' dir='ltr'><strong>doctrinam</strong></span> <span class='ocrx_word' id='word_1_754' title='bbox 3109 5420 3438 5488; x_wconf 82' lang='lat' dir='ltr'><strong>interprete-</strong></span> 
     </span>
    </p>
   </div>
   <div class='ocr_carea' id='block_1_114' title="bbox 1871 5502 3430 5578">
    <p class='ocr_par' dir='ltr' id='par_1_114' title="bbox 1871 5502 3430 5578">
     <span class='ocr_line' id='line_1_114' title="bbox 1871 5502 3430 5578; baseline 0.01 -28"><span class='ocrx_word' id='word_1_755' title='bbox 1871 5508 1976 5563; x_wconf 90' lang='lat' dir='ltr'><strong>tur,</strong></span> <span class='ocrx_word' id='word_1_756' title='bbox 2031 5510 2084 5553; x_wconf 92' lang='lat' dir='ltr'><strong>tu</strong></span> <span class='ocrx_word' id='word_1_757' title='bbox 2127 5502 2179 5553; x_wconf 93' lang='lat' dir='ltr'><strong>in</strong></span> <span class='ocrx_word' id='word_1_758' title='bbox 2235 5511 2560 5571; x_wconf 84' lang='lat' dir='ltr'><strong>potestatem</strong></span> <span class='ocrx_word' id='word_1_759' title='bbox 2615 5507 2838 5575; x_wconf 87' lang='lat' dir='ltr'><strong>accipis.</strong></span> <span class='ocrx_word' id='word_1_760' title='bbox 2885 5509 3073 5578; x_wconf 80' lang='lat' dir='ltr'><strong>Itaque</strong></span> <span class='ocrx_word' id='word_1_761' title='bbox 3126 5512 3430 5568; x_wconf 86' lang='lat' dir='ltr'><strong>secundum</strong></span> 
     </span>
    </p>
   </div>
   <div class='ocr_carea' id='block_1_115' title="bbox 1868 5590 3433 5677">
    <p class='ocr_par' dir='ltr' id='par_1_115' title="bbox 1868 5590 3433 5677">
     <span class='ocr_line' id='line_1_115' title="bbox 1868 5590 3433 5677; baseline 0.012 -34"><span class='ocrx_word' id='word_1_762' title='bbox 1868 5590 2239 5662; x_wconf 87' lang='lat' dir='ltr'><strong>Chrysostomi</strong></span> <span class='ocrx_word' id='word_1_763' title='bbox 2272 5612 2491 5653; x_wconf 91' lang='lat' dir='ltr'><strong>sensum</strong></span> <span class='ocrx_word' id='word_1_764' title='bbox 2528 5602 2791 5657; x_wconf 85' lang='lat' dir='ltr'><strong>habemus</strong></span> <span class='ocrx_word' id='word_1_765' title='bbox 2819 5619 3005 5658; x_wconf 86' lang='lat' dir='ltr'><strong>verum</strong></span> <span class='ocrx_word' id='word_1_766' title='bbox 3035 5609 3254 5674; x_wconf 80' lang='lat' dir='ltr'><strong>dogma,</strong></span> <span class='ocrx_word' id='word_1_767' title='bbox 3286 5609 3433 5677; x_wconf 72' lang='lat' dir='ltr'><strong>quod</strong></span> 
     </span>
    </p>
   </div>
  </div>
