4288 6358
210 420 306 488 849

1504 424 1938 485 REFUTATlO
1982 425 2164 485 NlLl.

3352 421 3458 488 8-50

208 531 309 583 τῶν
360 528 646 599 ὑμετέρων
706 531 825 583 δότε
878 530 1177 586 ἀπολαύειν
1229 532 1491 602 συνεχῶς,
1530 535 1621 585 καὶ
1676 533 1776 599 τῆς

1814 549 1852 606 Α
1883 526 2135 591 fruamur
2186 542 2239 587 et
2290 534 2559 589 charitais
2611 534 2843 603 aliisque
2887 532 3167 598 omnibus,
3212 531 3354 587 sicut
3401 539 3458 585 et

210 623 445 689 ἀγάπης,
490 624 584 675 καὶ
642 622 863 675 πάντων
903 623 1010 676 τῶν
1065 625 1267 688 ἀλλων,
1305 623 1498 694 ὥσπερ
1536 626 1631 677 καὶ
1681 625 1777 697 ἑμ-

210 712 457 779 προσθεν.
492 731 510 764 ι
548 713 701 767 Μετά
731 715 908 768 ταῦτα
952 715 1157 784 γράφει
1193 718 1221 769 6
1261 716 1552 777 θεσπέσιος
1591 715 1777 784 Πατὴρ

211 802 528 869 ὲτοιμὸτατα
584 801 733 871 ἔχειν
760 803 856 854 τοῦ
899 803 1157 869 κριθῆναι
1204 804 1355 872 παρά
1390 802 1482 855 τοῦ
1535 802 1772 861 πάππα,

214 892 303 944 καὶ
327 890 686 959 μηδαμῶςφε
698 891 791 958 ύγε
802 910 850 945 ιν
879 893 940 944 τὸ
966 893 1212 946 τοιοῦτον
1238 895 1547 964 κριτήριον.
1572 894 1778 963 Γράφει

210 984 295 1034 καὶ
319 983 578 1050 δευτέραν
611 984 747 1052 πρὸς
776 985 871 1036 τὸν
906 985 1141 1038 πάππαν
1176 986 1471 1057 ἐπιστολὴν
1515 988 1658 1040 πάνυ
1692 988 1779 1037 εὑ-

212 1075 484 1143 χαριστὼν
515 1075 656 1143 ὑπὲρ
680 1076 779 1140 τῆς
809 1077 1247 1148 καταδληθεὶσης
1282 1080 1538 1148 σπουδῆς,
1565 1080 1671 1133 κᾶν
1704 1080 1779 1149 μὴ

212 1166 360 1231 ἔτυχε
408 1165 477 1217 τὰ
509 1167 817 1235 πράγματα
862 1168 963 1236 τῆς
1011 1168 1373 1237 ὀφειλομένης
1418 1167 1779 1237 διορθώσεως.

224 1258 356 1309 Ἀλλ’
373 1257 468 1309 οῦν
490 1258 563 1328 μὴ
586 1259 698 1309 δεῖν
722 1259 1037 1327 ἀποκαμεῖν
1059 1261 1149 1312 τὶν
1175 1260 1430 1312 πάππαν·
1456 1259 1782 1329 προκεῖσθαι

213 1349 313 1414 γὰρ
342 1348 495 1416 αὐτῷ
523 1349 714 1411 ἀγῶνα
764 1350 1181 1419 ταραττομένης
1234 1350 1421 1419 σχεδὸν
1468 1351 1567 1415 τῆς
1604 1354 1782 1401 οἰκον-

215 1440 378 1519 μένης
414 1440 656 1509 ἀπάσης.

282 1529 421 1599 Τρία
451 1531 584 1598 γοῦν
614 1534 731 1587 ἐστι
765 1534 954 1588 λαϐεῖν
1000 1538 1065 1590 ὲκ
1099 1537 1212 1591 τῶν
1241 1537 1338 1590 τοῦ
1384 1539 1780 1606 Χρυσοστόμου

213 1622 402 1687 φωνῶν
424 1637 440 1651 ’
500 1623 585 1676 ὅτι
608 1624 711 1677 οὐκ
740 1627 984 1697 ἐνείχετο
1010 1630 1039 1680 6
1073 1630 1461 1697 Χρυσόστομος
1495 1629 1780 1700 κρίνεσθαι

213 1713 313 1764 ὑπὸ
340 1714 436 1766 τοῦ
473 1712 909 1787 ’Δλεξανδρείαςο
940 1720 1024 1772 ὅτι
1043 1720 1385 1773 ἐπικαλεῖται
1413 1722 1475 1774 τὸ
1496 1722 1782 1792 κριτήριον

161 1798 169 1805 ’
210 1803 305 1857 τοῦ
334 1806 561 1873 πάππα,
596 1809 685 1863 ἵνα
714 1812 816 1879 τῆς
845 1812 1032 1866 ἀδίκου
1058 1814 1299 1883 κρίσεως,
1330 1815 1642 1885 ἀπαλλαγῇο
1677 1816 1780 1880 ὅτι,

209 1901 621 1970 ταραττομένης
679 1903 780 1973 τῆς
830 1908 1220 1974 οἱκουμενικῆς
1286 1908 1633 1977 Ἐκκλησίας,
1688 1908 1781 1961 τὸν

210 1987 440 2038 πάππαν
469 1988 736 2058 διεγείρει
784 1993 921 2059 πρδς
946 1994 1183 2062 ἄμυναν.
1234 1994 1300 2049 Τί
1348 1995 1404 2047 δὲ
1444 1976 1574 2049 ἀλλο
1607 1996 1783 2049 ταῦτα

210 2077 243 2146 ἢ
273 2079 534 2147 ὁμολογία
587 2082 763 2152 σαφὴς
792 2085 893 2151 τῆς
927 2088 1299 2158 ἀποπολικῆς
1348 2090 1441 2142 καὶ
1469 2091 1779 2160 οίκουμενι-

211 2172 310 2231 κῆς
336 2173 393 2221 ὲν
410 2172 488 2240 τῷ
516 2173 718 2243 πάππα
746 2176 1015 2242 ἐξουσίας,
1040 2178 1108 2247 ἢν
1134 2178 1257 2231 οὔτε
1280 2182 1308 2231 6
1349 2180 1781 2249 Ἀλεξανδρείας,

213 2257 337 2309 οὔτε
369 2258 396 2309 6
424 2259 1054 2329 Κωνσταντινουπόλεως
1082 2264 1250 2335 εἶχεν,
1288 2269 1319 2338 ἦ
1364 2270 1506 2339 Exit;
1545 2270 1665 2333 Πῶς
1692 2270 1784 2323 οὖν

211 2349 362 2401 οῦδὲν
392 2350 535 2419 μέγα
566 2352 645 2422 τῷ
686 2354 910 2427 Ῥώμης
959 2359 1023 2411 τὸ
1076 2360 1435 2415 ἀποστολικέιν
1475 2363 1781 2428 καλεῖσθαι,

211 2439 446 2493 ἑκάστου
480 2442 589 2493 τῶν
622 2444 940 2499 ἐπισκόπων
971 2446 1283 2518 καθημένου
1318 2452 1413 2502 ἐπὶ
1448 2450 1542 2503 τοῦ
1590 2451 1782 2521 θρόνου

209 2531 305 2583 τοῦ
337 2533 611 2602 Χριστοῦς
653 2536 767 2587 Οὐκ
793 2537 909 2589 ἐστι
940 2540 1112 2591 ταῦτα
1145 2540 1413 2610 σύμφωνα
1458 2541 1535 2611 τῷ
1584 2544 1783 2614 φρονή-

213 2643 347 2694 ματι
398 2627 493 2679 τοῦ
527 2630 940 2700 Χρυσοστόμου,
980 2636 1074 2685 καὶ
1108 2633 1207 2701 τῆς
1242 2636 1407 2688 πάλαι
1459 2636 1783 2706 ἀνατολικῆς

224 2718 573 2789 Ἐκκλησίας·
613 2721 749 2774 ἀλλὰ
772 2723 833 2773 τὸ
858 2723 1041 2791 λέγειν
1078 2725 1153 2788 ὡς
1183 2725 1360 2794 λέγεις
1390 2727 1638 2780 κλέπτειν
1670 2730 1787 2783 ἐστὶ

213 2810 311 2871 τὰς
340 2812 615 2881 πατρικὰς
663 2816 912 2882 χρήσεις,
950 2819 1043 2871 καὶ
1063 2816 1331 2888 ἀναρχίαν
1362 2821 1452 2872 καὶ
1507 2821 1786 2890 σχίσματα

212 2906 594 2971 παρεισάγειν.
650 2908 843 2961 Καίτοι
890 2909 1011 2961 οὐδὲ
1055 2911 1195 2963 κατά
1247 2912 1347 2982 τὴν
1386 2911 1486 2982 σὴν
1524 2910 1789 2981 ἐξήγησιν

213 2997 614 3065 συμπεραίνεις
642 2998 670 3049 ὂ
697 2998 904 3066 βούλει.
935 3002 1117 3054 Ἔστω
1139 3003 1248 3073 γὰρ
1279 3003 1486 3065 πάντας
1514 3006 1639 3066 τοὺς
1671 3008 1785 3057 ἐπι-

212 3088 450 3149 σκόπους
478 3088 754 3157 καθῆσθαι
786 3091 878 3142 ἐπὶ
909 3090 1003 3143 τοῦ
1036 3091 1227 3160 θρόνίυ
1256 3094 1636 3164 τυῦΧριστοῦυ
1670 3095 1787 3147 ἁ“ιλ⁹

208 3178 310 3229 οὐκ
347 3179 561 3247 ἀνάγκη
610 3181 882 3249 καθῆσθαι
934 3183 1195 3251 ἰσοτίμως
1219 3201 1233 3215 ο
1268 3183 1457 3253 ὥσπερ
1487 3186 1536 3236 0'.
1569 3186 1783 3254 νομικοὶ

214 3272 384 3338 ἱερεῖς
417 3272 508 3322 ἐπὶ
540 3270 639 3339 τῆς
673 3273 915 3334 Μ’-ισέως
963 3273 1255 3343 καθέδρας,
1308 3272 1423 3331 ἀλλ’
1470 3276 1569 3327 οῦκ
1621 3277 1785 3327 ἰσοτί-

213 3378 355 3430 μως,
405 3362 662 3431 ὑπερεῖχε
708 3365 817 3435 γὰρ
843 3366 900 3417 ὲν
930 3367 1114 3425 αὐτοῖς
1169 3369 1197 3419 6
1244 3368 1421 3436 μέγας
1472 3370 1789 3438 ἀρχιερεύς.

210 3455 373 3520 Μέγα
400 3458 579 3507 τοίνυν
618 3456 700 3522 τῷ
740 3455 962 3526 Ῥώμης
1001 3458 1178 3527 θρόνῳ
1204 3460 1264 3511 τὸ
1308 3461 1465 3529 μόνον
1504 3462 1788 3517 καλείιθσιι

211 3543 511 3608 ἐξαιρέτως
544 3546 927 3609 ἁποστολικὸν,
956 3549 1050 3600 καὶ
1077 3550 1135 3600 τὸ
1167 3552 1323 3619 μόνον
1347 3551 1490 3604 οὕτω
1514 3552 1784 3621 καθῆσθαι

213 3638 311 3688 ἐπὶ
348 3637 443 3689 τοῦ
475 3639 670 3708 θρόνου
702 3639 796 3691 τοῦ
824 3640 1087 3710 Χριστοῦ,
1115 3640 1256 3695 ὥστε
1290 3645 1497 3715 κρῖνειν
1538 3645 1786 3709 ἅπαντας

212 3733 348 3795 τοὺς
383 3733 743 3795 ἐπισκόπους.

870 3875 1144 3928 ΝΕΙΛΟΣ.

292 4026 313 4058 ε
353 4008 426 4059 Τὸ
456 4007 512 4061 δὲ
544 4004 748 4075 λέγειν,
795 4008 961 4079 Μόνῳ
995 4010 1075 4078 τῷ
1118 4008 1316 4078 πάππα
1348 4010 1555 4075 ἔξεστιν
1606 4014 1788 4065 οίκουο

214 4102 451 4170 μενικὴν
479 4101 755 4171 ἀθροίζειν
785 4102 1027 4165 σύνοδον,
1073 4105 1190 4166 πῶς
1231 4104 1290 4156 οὐ
1324 4106 1438 4165 τοῖς
1474 4104 1595 4156 λίαν
1628 4121 1793 4172 φανε-

213 4196 333 4262 ροῖς
365 4194 669 4257 ἀντιλέγειν
721 4196 861 4259 ἐστὶ,
913 4196 1118 4264 μᾶλλον
1170 4197 1224 4248 δὲ
1257 4197 1373 4258 πῶς
1402 4198 1503 4248 οὐκ
1532 4198 1784 4267 αἰσχύνη,

208 4287 307 4337 τ³ιν
353 4286 507 4354 ἱερέα
553 4288 662 4340 ἀπ’»
686 4287 893 4340 τούτων
938 4289 1364 4357 φιλοτιμεῖσθαι,
1412 4290 1513 4357 ’ἀφ’
1559 4283 1633 4342 ὧν
1668 4290 1787 4343 ἐστι

214 4380 361 4446 μέγα
399 4380 490 4431 καὶ
538 4380 629 4430 τὸν
678 4379 901 4449 βασιλέα
953 4385 1201 4449 φρονείν;
1250 4384 1367 4435 Ἵνα
1396 4382 1453 4435 δὲ
1490 4383 1661 4453 εξδῇς,
1705 4384 1788 4436 ὅτι

212 4472 504 4539 βασιλεῦσι
540 4472 762 4540 μᾶλλον,
804 4473 905 4525 οὐκ
934 4476 1252 4537 ἐπισκόποις
1279 4476 1346 4528 τὰ
1381 4478 1605 4531 τοιαῦτα
1643 4480 1790 4530 ἀνεῖ-

1881 636 2066 676 antea.
2103 641 2119 672 ι
2166 621 2366 677 Subdit
2419 623 2619 678 deinde
2665 634 2894 679 sanctus
2944 622 3127 685 Pater,
3175 619 3461 690 paratissi-

1884 727 2033 767 mum
2076 728 2135 768 se
2179 727 2301 769 esse
2348 715 2414 770 ad
2470 715 2818 769 subeundum
2876 730 3032 784 papze
3061 713 3355 782 judicium.
3405 718 3460 763 et

1881 804 1998 873 ejus
2036 801 2277 859 tribunal
2300 822 2359 859 se
2392 807 2539 860 nullo
2568 792 3027 860 modoOdevitai-e.
3057 802 3263 859 Scribit
3285 810 3345 858 et
3379 802 3461 859 al-

1883 903 2057 950 teram
2088 896 2378 965 epistolam
2422 897 2487 950 ad
2534 896 2791 951 eumdem
2828 911 3047 966 papam,
3094 892 3314 962 agitque
3346 908 3457 944 ma-

1882 1003 2017 1058 gnas
2040 989 2244 1059 gratias
2279 1005 2377 1059 pro
2409 990 2591 1045 studio
2634 991 2857 1051 collato,
2906 988 3160 1057 quamvis
3187 985 3455 1040 subsecu-

1883 1088 1999 1134 tum
2035 1095 2145 1134 non
2169 1093 2317 1136 esset
2348 1082 2673 1146 remedium,
2712 1080 2857 1148 quod
2905 1095 3047 1149 opus
3096 1088 3233 1133 erat.
3280 1077 3456 1145 [tegat

1885 1179 2067 1225 tamen
2103 1186 2170 1226 ne
2201 1187 2342 1242 papa
2367 1188 2589 1226 causam
2613 1172 2865 1238 deserat;
2891 1170 3230 1241 propositum
3253 1169 3457 1237 quippe

1883 1264 1963 1317 illi
1994 1278 2115 1316 esse
2149 1274 2449 1336 certamen,
2504 1264 2869 1319 interturbato
2900 1263 3015 1318 fere
3060 1261 3318 1318 universo
3351 1268 3459 1313 ter-

1886 1371 2068 1409 rarum
2094 1358 2249 1410 orhe.

1956 1537 2032 1590 Ex
2081 1537 2283 1605 quibus
2327 1536 2702 1606 Chrysostomi
2758 1534 2943 1589 verbis
2995 1533 3097 1587 tria
3150 1530 3455 1586 habemus:

1883 1627 2028 1696 quod
2062 1643 2170 1680 non
2204 1627 2411 1681 ferebat
2441 1628 2865 1698 Chrysostomus
2900 1642 2960 1680 se
2986 1626 3054 1679 ab
3086 1622 3456 1679 Alexandrino

1881 1719 2141 1790 judicari;
2180 1719 2326 1788 quod
2375 1721 2610 1789 appellat
2643 1735 2794 1788 papa:
2830 1703 3126 1789 judicium,
3169 1726 3228 1770 ut
3254 1731 3312 1770 se
3354 1715 3459 1767 ini-

1886 1824 1998 1878 quo
2024 1808 2233 1877 judicio
2268 1810 2559 1873 liberaret;
2614 1809 2783 1879 quod,
2832 1808 3052 1863 turbata
3102 1822 3199 1877 per
3240 1805 3461 1859 univer-

1814 1879 1855 1937 Β
1883 1916 2003 1955 sum
2030 1903 2223 1956 orbem
2250 1901 2512 1965 Ecclesia,
2562 1918 2757 1971 papam
2790 1902 2997 1957 excitat
3043 1901 3110 1955 ad
3168 1898 3457 1955 ferendum

1878 1992 2167 2062 judicium.
2201 1992 2325 2047 llaec
2355 2009 2518 2062 porro
2550 1995 2681 2063 quid
2713 1995 2861 2048 aliud
2892 2001 3024 2046 sunt
3063 2006 3227 2062 quam
3273 2001 3459 2059 aperta

1884 2084 2165 2138 confessio
2196 2084 2509 2153 apostolicm
2538 2095 2591 2138 et
2623 2083 2952 2139 universalis
3000 2084 3055 2137 in
3103 2094 3240 2152 papa
3272 2089 3460 2134 aucto-

1886 2177 2087 2240 ritatis,
2114 2194 2275 2246 qttam
2334 2193 2434 2231 nec
2471 2176 2895 2238 Alexandrinus,
2930 2190 3029 2229 nec
3068 2172 3460 2228 Constantino-

1886 2268 2165 2337 politanus
2196 2268 2389 2322 habuit
2441 2279 2534 2321 aut
2583 2266 2787 2319 habet?
2816 2263 3105 2337 Quomodo
3149 2264 3313 2332 igitur
3346 2277 3454 2313 nou

1888 2359 2386 2428 magnilacicudum
2425 2358 2571 2427 quod
2606 2359 2885 2411 R-nnanns
2935 2365 3163 2409 vocetur
3192 2352 3456 2421 apostoli-

1887 2464 2007 2511 cus,
2043 2466 2168 2504 cum
2215 2449 2511 2520 episcopus
2545 2450 2781 2518 quisque
2816 2447 3005 2503 sedeat
3042 2448 3095 2499 in
3134 2445 3263 2499 sede
3299 2443 3459 2499 Chri—

1888 2542 2002 2595 sti?
2032 2541 2155 2595 llaec
2190 2557 2296 2594 non
2323 2542 2657 2595 conveniunt
2700 2554 2824 2593 cum
2879 2554 3045 2593 sensu
3080 2534 3457 2607 Chrysostomi

1886 2641 1943 2688 et
1968 2633 2205 2700 antiqua:
2233 2632 2533 2687 Orientalis
2559 2632 2847 2696 Eeelesim;
2875 2631 2969 2685 sed
3002 2630 3074 2684 ita
3106 2628 3287 2681 dicere
3318 2636 3371 2678 ut
3403 2636 3461 2677 tu

1888 2725 2045 2787 dicis,
2076 2736 2162 2780 est
2207 2725 2427 2778 Patrqu
2483 2725 2787 2779 sententias
2831 2723 3031 2777 atlerre
3084 2722 3374 2783 fallaciter,
3406 2727 3464 2771 et

1891 2818 2142 2887 negando
2174 2819 2468 2887 primatum
2515 2818 2753 2871 schisma
2810 2818 3091 2869 inducere.
3133 2813 3461 2880 Quanquam

1890 2927 1958 2963 ne
1987 2910 2065 2964 sic
2094 2910 2337 2975 quidem,
2363 2919 2421 2962 ut
2454 2921 2509 2963 tu
2536 2908 2945 2978 interpretaris,
2980 2907 3149 2961 hahes
3171 2903 3318 2974 quod
3355 2904 3459 2957 vis.

1893 3002 2021 3057 Esto
2052 3003 2198 3055 enim
2230 3001 2375 3071 quod
2404 3016 2596 3055 mnues
2640 3000 2879 3069 episcopi
2939 2999 3169 3054 sedeant
3224 2997 3279 3050 in
3328 2996 3457 3048 sede

1891 3095 2126 3158 Christi;
2162 3110 2269 3147 non
2313 3104 2490 3147 tamen
2526 3108 2747 3147 necesse
2778 3101 2864 3146 est
2901 3089 3093 3144 sedere
3121 3101 3313 3141 omnes
3338 3101 3463 3139 eum

1891 3187 2222 3254 :equalitatis
2245 3186 2456 3239 honore
2488 3205 2500 3237 ι
2545 3185 2688 3237 sicut
2723 3192 2778 3239 et
2816 3182 3019 3253 legales
3058 3178 3371 3235 sacerdotes
3408 3179 3463 3229 in

1896 3279 2157 3333 cathedra
2214 3278 2381 3347 l‘doysi
2442 3294 2548 3330 non
2592 3292 2783 3329 omnes
2840 3274 3123 3343 mqualiter
3169 3270 3465 3331 sedebant;

1897 3373 2173 3426 eiuinehat
2201 3371 2350 3424 enim
2384 3372 2529 3424 inter
2564 3370 2689 3423 illos
2717 3367 2987 3437 perutiles.
3023 3366 3213 3435 Itaque
3261 3362 3470 3432 magni-

1895 3464 2211 3519 faeiendum
2243 3473 2326 3517 est
2358 3462 2501 3532 quod
2535 3462 2651 3515 sola
2690 3460 2936 3512 Romana
2970 3457 3130 3512 sedes
3165 3471 3261 3525 per
3289 3454 3470 3508 excel-

1895 3560 2120 3613 lentiam
2178 3566 2402 3611 vocetur
2456 3554 2753 3624 apostolica
2790 3593 2805 3617 ,
2863 3561 2917 3605 et
2973 3551 3123 3604 solus
3173 3548 3470 3616 episcopus

1899 3653 2176 3706 Romanus
2201 3654 2275 3705 ita
2303 3650 2493 3705 sedeat
2530 3651 2583 3702 in
2619 3646 2882 3701 cathedra
2910 3644 3140 3707 Christi,
3173 3652 3231 3695 ut
3254 3640 3467 3710 episco«

1896 3762 2088 3813 parum
2124 3747 2368 3800 omnium
2399 3746 2467 3799 sit
2494 3742 2683 3812 judcx.

2376 3879 2579 3935 NILUS
2614 3878 2766 3949 (Cap.
2803 3876 2991 3938 XXII).

1983 4044 2000 4074 ι
2040 4020 2227 4074 Dicere
2262 4027 2465 4078 autem,
2504 4017 2604 4071 soli
2654 4032 2808 4085 papas
2864 4016 3031 4069 licere
3075 4012 3467 4069 (Betttnenieam

1896 4114 2211 4186 congregari
2248 4110 2538 4182 synodum,
2585 4125 2652 4161 an
2694 4124 2800 4160 nou
2851 4115 2936 4160 est
2992 4121 3112 4174 qua:
3142 4098 3471 4157 ntanil‘es'tis-

1898 4211 2037 4264 sima
2078 4216 2208 4263 sunt
2236 4201 2591 4274 oppugnare?
2620 4218 2684 4254 ar.
2734 4199 2917 4267 potius
2949 4208 3106 4266 turpe
3141 4211 3248 4249 non
3290 4203 3369 4249 cst
3409 4195 3464 4247 in

1894 4319 1964 4358 eo
2011 4300 2352 4355 sacerdotem
2408 4311 2525 4351 esse
2580 4293 2970 4355 ambitiosum,
3011 4291 3065 4343 in
3120 4305 3230 4358 quo
3285 4297 3469 4358 potest

1896 4396 2061 4451 etiam
2088 4394 2386 4459 imperator
2417 4384 2747 4455 sejactare?
2785 4383 2853 4439 Ut
2889 4382 3033 4437 scias
3054 4391 3237 4435 autem
3279 4379 3343 4433 ad
3372 4381 3473 4431 im-

1902 4495 2211 4554 peralorem
2245 4480 2447 4547 potius,
2473 4491 2636 4544 quant
2673 4475 2738 4527 ad
2762 4474 3055 4542 episcopos
3083 4471 3134 4524 id
3173 4470 3473 4542 pertinere,

210 4580 329 4616 ται.
391 4561 665 4626 ἀνάγνωθι
724 4562 832 4615 ἀπὸ
883 4563 995 4615 τῶν
1049 4565 1377 4634 Πρακτικῶν
1420 4570 1517 4635 τῆς
1569 4568 1780 4637 πρώτης

1824 4561 1875 4614 Π
1902 4572 2065 4639 legito
2104 4568 2391 4637 epistolam
2434 4565 2623 4633 primm
2659 4563 2857 4635 synodi
2890 4562 2956 4615 ad
3002 4560 3301 4617 Ecclesiam
3351 4560 3475 4614 Ale-

214 4652 444 4704 συνίδοι)
478 4654 575 4719 τὴν
602 4653 896 4722 ἐπιστολὴν
931 4655 1101 4720 αὐτῆς
1131 4659 1197 4726 τῇ
1237 4658 1633 4728 Ἀλεξανδρέων
1676 4660 1797 4713 Ἐκ-

215 4744 446 4814 κλησίᾳ·
485 4764 503 4795 ι
543 4747 785 4815 Ἐπειδὴ,
820 4747 976 4815 φησι,
1002 4747 1099 4816 τῆς
1133 4748 1231 4801 τοῦ
1262 4749 1398 4802 Θεοῦ
1431 4752 1673 4819 χάριτος,
1704 4753 1797 4803 καὶ

213 4839 317 4889 τοῦ
344 4837 762 4905 θεοφιλεστάτου
789 4838 1050 4907 βασιλέως
1083 4841 1519 4899 Κωνσταντίνου.
1554 4858 1795 4905 συναγαο

212 4932 411 4997 γὸντος
459 4932 609 4999 ήμὶς
652 4932 717 4983 ὲκ
765 4932 1039 5001 διαφόρων
1080 4934 1378 5001 ἐπαρχιῶν.
1416 4954 1433 4983 ι
1490 4935 1795 5001 ’Λνέιγνωθι

211 5024 329 5077 ἀπὸ
359 5025 469 5075 τῶν
499 5025 825 5091 ΙΙρακτικῶν
852 5025 956 5092 τῆς
977 5026 1166 5094 τρίτης
1194 5026 1414 5078 συνᾴδου
1446 5027 1548 5095 τὴν
1579 5028 1797 5079 ἐπιστο-

210 5115 319 5184 λὴν
351 5116 523 5185 αὐτῆς
558 5116 692 5187 πρὸς
720 5116 1000 5169 Θεοδόσον
1027 5120 1121 5171 καὶ
1151 5118 1602 5171 Οὑαλεντινιανὸν
1630 5136 1642 5149 ·
1675 5138 1692 5170 ι
1732 5120 1795 5170 ΊΙ

213 5208 358 5270 ἁγία
398 5206 638 5272 σύνοδος,
694 5211 879 5276 φησὶν,
933 5210 966 5278 ή
1024 5208 1206 5278 χάριτι
1252 5208 1389 5261 Θεοῦ
1424 5210 1518 5261 καὶ
1566 5209 1795 5277 νεύματι

211 5298 315 5349 τοῦ
356 5298 626 5368 ὑμετέρου
676 5300 913 5369 κράτους
966 5302 1291 5369 συναχθεῖσα
1324 5304 1382 5352 ὲν
1413 5304 1477 5369 τῇ
1526 5299 1796 5367 Ἐφεσίων

216 5387 598 5457 μητροπόλει·
638 5406 656 5437 ι
692 5390 787 5439 καὶ
820 5389 929 5441 ἀπὸ
957 5387 1051 5439 τοῦ
1089 5390 1275 5451 τέλους
1313 5389 1423 5441 τῶν
1474 5390 1798 5457 [Ιρακτικῶν

210 5478 319 5546 τῆς
354 5478 628 5548 τετάρτης
670 5480 895 5532 συνόδου
921 5497 932 5508 ’
970 5499 988 5531 ι
1031 5481 1095 5532 Ἠ
1141 5481 1272 5547 ἀγία
1313 5485 1407 5532 καὶ
1453 5480 1663 5550 μεγάλη
1706 5485 1800 5533 καὶ

206 5572 580 5641 οίκουμενικὴ
628 5571 865 5635 σύνοδος,
901 5575 933 5641 ὴ
974 5573 1114 5625 κατὰ
1164 5572 1299 5624 Θεοῦ
1341 5573 1503 5642 χάριν
1564 5577 1657 5625 καὶ
1707 5574 1797 5625 θέο

214 5677 444 5729 σπισμα
479 5661 588 5713 τῶν
628 5660 1042 5714 εὐσεϐεστάτων
1081 5661 1177 5714 καὶ
1227 5661 1591 5730 φιλοχρὶστων
1640 5662 1799 5730 ἡμῶν

213 5753 326 5823 βασ
355 5754 494 5803 λέων
530 5753 909 5823 συναχθεῖσα.»
955 5753 1015 5805 '0
1047 5753 1103 5805 δὲ
1133 5752 1402 5822 μακάριος
1427 5753 1576 5803 Λέων
1599 5754 1626 5802 6
1664 5753 1798 5803 Ῥώ-

214 5862 336 5916 μης
383 5846 651 5916 Θεοῖοσίῳ
696 5848 773 5917 τῷ
820 5846 1032 5918 βασιλεί
1082 5846 1331 5916 γράφων,
1384 5847 1501 5899 ἀντὶ
1557 5847 1795 5915 μεγάλου

1902 4661 2262 4715 xandrinam:
2332 4678 2348 4708 ι
2393 4654 2659 4720 Quoniam
2684 4698 2696 4716 ,
2732 4654 2908 4724 inquit
2934 4695 2949 4718 ,
3001 4653 3095 4706 Dei
3145 4653 3317 4722 gratia
3342 4694 3355 4716 ,
3418 4660 3473 4704 et

1898 4750 2291 4806 Constantinus
2346 4749 2457 4803 Deo
2524 4744 2954 4799 amabilissimus
3030 4743 3325 4811 imperator
3374 4757 3477 4794 nos

1901 4841 2250 4911 congregavit
2306 4855 2336 4895 e
2408 4837 2640 4893 diversis
2707 4824 3027 4904 provinciis.
3086 4852 3105 4885 ι
3169 4833 3358 4902 Legite
3410 4848 3476 4885 ex

1900 4935 2051 4989 Actis
2086 4933 2259 4987 tertize
2295 4930 2489 5003 synodi
2518 4929 2806 4998 epistolam
2846 4928 2965 4997 ejus
3010 4925 3078 4978 ad
3108 4924 3476 4978 Theodosium

1902 5039 1957 5082 et
1986 5025 2450 5087 Valentinianum,
2475 5022 2693 5076 actione
2730 5037 2780 5075 vi
2808 5037 2822 5074 :
2850 5040 2868 5070 ι
2892 5021 3090 5072 Sancta
3114 5018 3349 5087 synodus
3378 5016 3469 5070 llei

1900 5104 2073 5188 gratia
2102 5128 2156 5170 et
2185 5125 2320 5169 nutu
2342 5114 2638 5184 majestatis
2668 5121 2859 5165 vestrae
2876 5118 3200 5179 congregata
3227 5108 3478 5175 inEphe-

1901 5208 2111 5261 sioruin
2138 5205 2459 5272 metropoli;
2491 5223 2508 5255 ι
2536 5213 2585 5257 et
2613 5218 2679 5255 ex
2702 5202 2808 5254 line
2838 5211 3088 5253 actorum
3107 5208 3313 5267 quarta
3343 5213 3473 5267 syn-

1901 5296 1991 5351 odi
2021 5315 2033 5351 :
2065 5314 2084 5348 ε
2118 5296 2316 5349 Sancta
2351 5306 2407 5350 et
2451 5308 2641 5363 magna
2672 5301 2729 5345 et
2751 5290 3075 5345 universalis
3098 5292 3357 5359 synodus,
3381 5304 3478 5357 per

1906 5391 1994 5443 υυί
2019 5388 2243 5458 gratiam
2266 5395 2322 5440 et
2338 5384 2677 5440 sanctionem
2695 5381 3229 5451 religiosissimorum
3252 5380 3478 5435 etChri-

1902 5480 1969 5533 sti
1991 5479 2289 5532 amantium
2325 5479 2719 5545 imperatorum
2734 5474 2979 5527 collecta.
2996 5494 3013 5523 ι
3036 5473 3231 5525 Beatus
3258 5486 3478 5541 quoque

1903 5570 2014 5623 Leo
2047 5570 2328 5623 Romanus
2375 5566 2669 5634 episcopus
2723 5566 2787 5618 ad
2830 5564 3200 5618 Theodosium
3242 5565 3480 5633 impera-

1905 5672 2076 5715 torem
2108 5662 2373 5721 scriheus,
2398 5660 2517 5712 loco
2559 5674 2763 5727 magum
2797 5658 2871 5709 rei
2912 5657 3066 5725 petit,
3099 5667 3157 5708 ut
3182 5656 3482 5722 imperator

1904 5766 2173 5809 annueret
2225 5753 2341 5807 lieri
2397 5753 2451 5805 in
2487 5751 2637 5805 Italia
2682 5750 2952 5820 synodum
2996 5751 3329 5817 generalem.
3364 5746 3480 5799 Non

1908 5848 2150 5917 petiisset
2194 5855 2400 5908 autent,
2426 5843 2467 5897 si
2492 5842 2631 5911 juris
2669 5843 2750 5895 sui
2779 5841 2970 5894 luisset
2995 5852 3248 5909 pra-stare
3280 5837 3432 5892 illud.
3458 5856 3476 5888 ι
