4288 6358
244 432 349 493 853

1550 424 1990 487 REFUTATIO
2024 426 2213 485 NIIJ.

3388 424 3494 484 854

240 540 500 608 πολιτικῇ
552 536 843 608 ιπιμελείᾳ
898 536 1315 607 στηριζόμενος,
1368 536 1485 589 ἀλλ’
1519 536 1815 606 εὐξάμενος
1843 542 1933 600 ΑΙ

1796 542 1978 600 ςΑιιι
2036 537 2176 589 malo
2230 533 2583 589 adhiberetur
2614 535 2913 589 remedium
2972 549 3070 603 per
3123 522 3489 591 ministerium

237 635 427 699 τυχεῖν
448 631 746 700 θεραπείας
776 630 838 683 τὸ
861 630 1028 683 κακὸν
1052 631 1139 683 διὰ
1163 632 1260 699 τῆς
1291 630 1457 684 αὐτοῦ
1484 631 1811 699 ὑπηρεσίας.

243 726 367 777 Εἴτε
394 723 525 791 γοῦν
556 724 864 793 ὑπηρεσίαν
893 725 1034 784 νοεῖς
1076 726 1177 791 τὴν
1211 726 1344 795 πρὸς
1389 728 1481 775 τὸν
1514 724 1672 787 Θεὸν,
1701 723 1810 775 εἴτε

239 818 343 888 τὴν
399 820 537 884 πρὸς
591 818 691 888 τὴν
747 816 1105 885 Ἐκκλησίαν,
1154 819 1319 887 εὐχῆς
1378 819 1473 870 καὶ
1510 820 1811 887 ὑπηρεσίας

238 911 403 978 ἔργον
433 912 722 978 ὁμολογεῖν
754 910 1008 977 γενέσθαι
1042 912 1191 978 αὐτῷ
1223 913 1249 963 6
1284 911 1537 977 βασιλεὺς
1586 912 1684 979 τὴν
1721 930 1814 977 με·

238 998 523 1069 τάπεμψιν
552 1000 661 1050 τῶν
696 1001 1035 1060 ἑπισκίπων,
1074 1000 1195 1068 οὐχὶ
1252 999 1507 1063 ἐξουσίας
1537 1001 1629 1052 καὶ
1655 1001 1815 1051 δυναι

245 1091 453 1149 στείας.
499 1091 560 1143 Εἰ
618 1090 675 1143 δὲ
710 1091 852 1144 κατά
903 1091 999 1161 τὴν
1042 1093 1096 1155 ς’
1144 1092 1359 1144 σύνοδον
1408 1093 1813 1154 Κωνσταντῖνος

242 1179 339 1230 καὶ
369 1177 696 1247 Σίλϐεστρος
737 1179 1024 1245 συνέλεγον
1053 1182 1152 1249 τὴν
1181 1180 1403 1249 πρώτην
1438 1179 1681 1239 σύνοδον,
1724 1183 1813 1232 καὶ

237 1269 495 1332 ὁμολογεῖ
532 1271 937 1329 Κωνσταντῖνος
966 1273 1289 1339 συναγεῖραι
1314 1272 1687 1342 ὐπηρετικῶς·
1709 1271 1815 1340 ἄρα

239 1360 566 1431 Σίλὸεστρος
586 1364 874 1432 συνήγειρε
904 1365 1298 1433 ποιμαντ·.κῶ;.
1321 1365 1441 1425 Πῶς
1466 1365 1574 1434 γάρ
1602 1364 1775 1426 ἄλλως
1797 1380 1810 1427 ;

242 1452 303 1502 ΕΞ
341 1454 447 1519 γάρ
475 1453 673 1519 ἄλλως,
697 1454 839 1507 διατί
875 1456 950 1525 μὴ
983 1459 1305 1525 συναγεῖραι
1332 1456 1480 1522 λέγει
1510 1456 1538 1507 6
1568 1454 1812 1519 Ἀλεξαν-

237 1541 448 1607 δρείας,
481 1542 513 1611 ἢ
537 1545 565 1594 6
605 1543 955 1612 ’Δντιοχείας,
979 1544 1115 1598 ἀλλὰ
1140 1546 1464 1615 Σίλδεστρος
1490 1547 1517 1598 6
1556 1544 1807 1615 ⁹Ρώμης;

244 1633 305 1683 El
342 1632 402 1684 δὲ
428 1633 603 1696 εῖτ-τοις
629 1675 642 1696 ,
667 1634 765 1686 Διά
804 1634 865 1687 τὸ
911 1632 1050 1688 εἶναι
1097 1636 1187 1687 τὸν
1230 1634 1449 1705 Ῥώμης
1497 1636 1713 1705 πρῶτον
1745 1639 1809 1705 τῇ

242 1723 417 1787 τᾴξει,
454 1724 843 1792 ἀντιλεγούσας
876 1724 1022 1794 ἔχεις
1054 1727 1155 1795 τὴν
1204 1727 1247 1779 δ’
1294 1727 1513 1779 σύνοδον
1564 1728 1662 1779 καὶ
1711 1728 1811 1795 τὴν

240 1812 499 1882 ἑϐδόμην·
534 1813 635 1883 τὴν
665 1812 707 1867 δ’
742 1816 802 1867 ὲν
837 1811 919 1879 οἷς
954 1816 1106 1882 λέγει
1159 1816 1299 1869 κατά
1343 1802 1443 1885 τὴν
1491 1815 1665 1886 ἀρχὴν
1705 1816 1811 1867 τῶν

1921 630 2059 697 ejus.
2093 628 2217 682 Sive
2250 641 2380 694 ergo
2432 627 2798 680 ministerium
2836 626 3105 695 intelligas
3137 641 3264 693 erga
3294 626 3489 687 Deum.

1922 718 2036 772 sive
2078 716 2400 776 Eet'lesiam,
2461 714 2637 782 prter-is
2688 724 2743 768 et
2802 715 3087 767 ministerii
3131 730 3269 780 Opus
3324 715 3491 769 luisse

1923 810 2024 863 sibi
2064 808 2913 874 conv'oeationemepiscoporum
2940 806 3138 859 fatetur
3172 808 3487 880 imperator.

1923 918 2029 955 non
2082 903 2368 970 potestatis
2413 911 2469 955 et
2519 901 2882 954 anttoritatis.
2916 902 2981 954 Et
3030 922 3068 954 sl
3098 901 3491 953 t'oustautiuus

1920 1002 1975 1046 et
2031 992 2310 1054 Silvester,
2350 1001 2407 1044 ιιι
2440 994 2514 1045 ait
2566 1003 2716 1045 sexta
2764 993 3023 1062 synodus.
3086 991 3492 1060 congregabaut

1896 1086 2151 1154 'primam
2185 1085 2484 1151 synodum;
2527 1094 2581 1137 et
2606 1084 3003 1138 Constantinus
3037 1084 3239 1137 fatetur
3272 1099 3327 1137 se
3364 1097 3493 1135 con—

1920 1191 2145 1230 vocasse
2180 1176 2413 1229 ministri
2463 1192 2651 1244 Opera,
2689 1193 2727 1228 τι
2748 1184 2854 1229 stat
2886 1188 2939 1228 ut
2989 1174 3254 1228 Silvester
3290 1188 3494 1225 convo-

1922 1269 2123 1321 caverit
2177 1269 2412 1336 pastoris
2448 1268 2644 1321 oliicio.
2680 1267 2797 1333 Quo
2839 1268 2983 1319 enim
3040 1267 3146 1319 alio
3189 1264 3384 1317 titulo?
3433 1261 3487 1315 Si
3537 1327 3543 1335 ‘

1920 1360 2063 1413 enim
2126 1347 2233 1413 alio
2289 1361 2469 1421 titulo,
2524 1376 2623 1412 cur
2679 1360 2862 1428 potius
2902 1360 3164 1411 Silvestcr
3213 1356 3491 1409 Rntltatttts

1919 1466 2080 1519 quam
2116 1453 2516 1505 Alexmdrinus
2547 1462 2597 1505 et
2637 1452 3009 1505 Autioebenns
3048 1464 3376 1502 eonvocassc
3404 1448 3489 1498 di-

1919 1544 2106 1596 citur?
2133 1542 2186 1596 Si
2220 1544 2390 1606 dicas,
2422 1542 2557 1607 Quia
2593 1543 2871 1597 Romanus
2913 1550 2999 1595 est
3031 1543 3226 1595 ordine
3256 1542 3483 1609 primus,

1918 1635 2301 1691 cnntradieunt
2328 1646 2517 1702 quarta
2570 1646 2626 1688 et
2670 1635 2899 1703 septima
2949 1633 3236 1703 synodus:
3271 1642 3486 1701 quarta.

1920 1724 2011 1777 ubi
2075 1724 2209 1777 dicit
2258 1726 2518 1778 Actorum
2582 1723 2781 1777 initio:
2817 1741 2834 1772 ι
2877 1721 3156 1792 Synodum
3208 1722 3487 1776 celebrare

1919 1831 2083 1869 ausus
2112 1826 2195 1870 est
2230 1815 2520 1869 Diosmrus
2561 1830 2667 1867 non
2710 1814 2934 1868 obtenta
2982 1814 3241 1867 facultate
3287 1829 3313 1866 a
3360 1813 3487 1866 sede

243 1903 593 1970 Πρακτικῶν·
636 1907 913 1966 ι,Σύνοδον
946 1908 1217 1975 ἐτόλμησε
1249 1909 1473 1976 ποιῆσαι
1524 1908 1813 1976 Διόσκορος
1848 1896 1887 1949 Β
1916 1922 1936 1960 a

1791 1926 1813 1971 ς
1848 1896 1887 1949 Β
1916 1908 2245 1976 apostolica;
2293 1907 2438 1976 quod
2475 1922 2751 1975 nunquam
2805 1906 3007 1961 factum
3059 1914 3164 1968 est,
3224 1919 3326 1960 nec
3372 1904 3484 1957 fieri

236 1995 545 2064 ἐπιτροπῆς
570 1997 694 2069 δίχα
724 1998 819 2051 τοῦ
856 2000 1221 2052 ἀποστολικοῦ
1264 1998 1482 2068 θρόνου,
1508 1999 1647 2070 ὅπερ
1666 2001 1816 2053 οὐδὲ-

239 2102 372 2139 ποτε
403 2088 650 2155 γέγονεν,
682 2090 803 2144 οὐδὲ
833 2091 951 2157 ἐξὸν
982 2092 1260 2159 γενέσθαι.
1303 2110 1323 2143 ι

310 2179 422 2249 Τὴν
456 2179 502 2245 ζ’
530 2183 589 2233 ὲν
614 2178 696 2245 οἷς
725 2182 875 2250 λέγει
906 2182 1048 2236 κατά
1077 2184 1175 2254 τὴν
1204 2181 1258 2247 ς’
1290 2182 1492 2251 πρᾶξιν
1517 2197 1531 2213 ⁸
1574 2202 1592 2233 ι
1632 2183 1813 2252 Νόμος

237 2272 361 2323 ἐστὶ
380 2274 501 2332 ταῖς
531 2273 771 2335 συνόδοις
804 2273 949 2343 ἔχειν
992 2275 1257 2344 συνεργὸν
1284 2273 1374 2326 τὸν
1396 2275 1493 2340 τῆς
1527 2274 1813 2342 Ῥωμαίων

239 2363 497 2417 πάππαν.
544 2382 562 2414 ι
600 2363 782 2417 Ταῦτα
819 2364 876 2417 δὲ
934 2368 1205 2436 πρωτεῖον
1249 2366 1312 2418 οὐ
1365 2366 1526 2434 ψιλῆς
1579 2366 1810 2429 τάξεως,

235 2453 355 2507 ἀλλ’
384 2454 635 2517 ἐξουσίας
681 2452 972 2531 δηλοῦσιν·
1012 2458 1042 2525 ἡ
1102 2456 1211 2525 γὰρ
1261 2455 1569 2527 ἐπιτροπὴ,
1634 2458 1727 2508 καὶ
1780 2457 1811 2526 η

240 2549 507 2614 συνεργία
536 2547 630 2600 τοῦ
664 2549 869 2602 πάππα
911 2549 1052 2601 κκτά
1081 2549 1173 2601 τὸν
1209 2549 1373 2618 νόμον
1405 2547 1515 2601 τῶν
1548 2548 1809 2610 συνόδων,

236 2640 501 2707 ἀθέμιτον
534 2641 628 2692 καὶ
659 2642 975 2709 παράνομον
1021 2641 1172 2711 δηλοῖ
1203 2642 1537 2693 τούναντίον·
1570 2638 1731 2692 τοῦτο
1753 2640 1810 2691 δὲ

236 2733 547 2800 τεκμήριον
576 2733 856 2800 προφανὲς
887 2734 1010 2802 οὐχὶ
1041 2734 1211 2803 μόνης
1234 2732 1461 2796 τάξεως,
1498 2731 1615 2785 ἀλλ’
1656 2731 1809 2795 ἔξοιδ’

236 2828 361 2876 σία·
396 2825 489 2874 καὶ
521 2825 868 2888 ἐπιστασίαςο
900 2825 1119 2895 καὶιγᾶρ
1142 2824 1396 2895 ὑπῆρξαν
1428 2824 1811 2894 οἰκουμενικαὶ

237 2909 478 2970 σύνοδοι.
524 2914 579 2963 ἐν
630 2906 718 2972 αἷς
761 2914 823 2964 οὐ
864 2915 1162 2983 τετήρηται
1215 2914 1325 2966 τῶν
1366 2914 1721 2984 πατριαρχῶν
1778 2914 1810 2983 ἡ

232 3003 412 3067 τάξις,
434 2997 545 3055 οἷον
577 3006 634 3056 ὲν
662 3007 729 3073 τῇ
759 3005 948 3075 τρίτη’
978 3006 1039 3057 οὐ
1067 3006 1175 3075 γὰρ
1198 3006 1379 3075 παρῆν
1406 3007 1435 3058 6
1462 3006 1779 3058 Κωνσταντι
1798 3032 1811 3045 -

227 3092 544 3155 νουπόλεως
590 3095 684 3147 καὶ
716 3098 743 3147 6
786 3096 1121 3166 Ἀντιοχείας
1144 3112 1156 3125 ·
1189 3101 1246 3148 ὲν
1286 3099 1351 3166 τῇ
1382 3097 1642 3168 τετάρτῃ.
1688 3098 1744 3147 ἐν

226 3187 293 3238 οὐ
332 3186 515 3255 παρῆν
543 3188 571 3239 6
607 3188 1011 3258 Ἀλεξανδρείας
1040 3205 1053 3219 ·
1087 3191 1146 3240 ὲν
1188 3191 1255 3258 τῇ
1292 3189 1427 3259 ἕκτῃ
1478 3189 1807 3259 ὲκόέδληται

1916 1999 2063 2053 Ιίοοι.
2107 2020 2126 2048 ι

1912 2178 1921 2186 ’
1989 2176 2226 2245 Septima
2263 2179 2475 2231 actione
2512 2193 2563 2230 νι
2588 2177 2677 2231 tibi
2704 2178 2857 2243 dicit,
2897 2195 2915 2228 ι
2947 2176 3118 2247 legem
3152 2176 3485 2247 synodorum

1914 2285 2057 2325 esse.
2091 2279 2149 2322 ut
2191 2270 2492 2323 Romanum
2520 2285 2711 2339 papam
2748 2279 3136 2338 eooperantem
3172 2269 3431 2323 habeant.
3462 2286 3479 2320 ι

1918 2362 2039 2414 "(BP
2070 2371 2249 2413 autem
2304 2364 2595 2429 primatum
2647 2362 2937 2431 designant
2964 2352 3076 2415 non
3116 2362 3247 2415 nudi
3277 2362 3487 2415 ordinis

1915 2456 2011 2510 sed
2038 2457 2401 2509 auctoritatis.
2429 2456 2559 2509 Nam
2593 2457 2939 2510 concedenda
2959 2455 3179 2509 licentia
3212 2466 3266 2510 et
3290 2470 3487 2524 coope-

1915 2549 2053 2601 ratio
2092 2563 2243 2618 papa:
2286 2549 2440 2617 juxta
2484 2550 2660 2618 legem
2702 2549 3034 2618 synodorum
3105 2548 3368 2602 nefarium
3430 2556 3486 2602 et

1914 2637 2162 2705 iniquum
2188 2640 2427 2691 Ostendit
2463 2640 2604 2705 quod
2646 2648 2837 2693 contra
2890 2640 2968 2699 fit.
3008 2648 3061 2692 et
3098 2639 3484 2692 manifestissi-

1914 2745 2061 2783 mum
2096 2740 2172 2784 est
2204 2741 2581 2799 argumentum
2613 2747 2716 2785 non
2766 2733 2885 2801 puri
2937 2734 3172 2795 ordinis,
3207 2733 3298 2784 svd
3336 2741 3486 2799 pole-

1914 2822 2075 2875 statis
2136 2830 2191 2874 et
2250 2822 2686 2889 iurisdictionis;
2762 2822 3031 2886 siquidem
3084 2822 3235 2875 fuere
3294 2823 3484 2892 synodi

1913 2913 2265 2966 mcutneniem
2304 2914 2358 2966 iu
2400 2914 2603 2982 quibus
2630 2915 2762 2969 ordo
2791 2915 3225 2979 patriarcharum
3254 2931 3363 2968 non
3404 2925 3487 2968 est

1913 3014 2196 3066 servatus,
2251 3013 2438 3072 utpote
2471 3005 2648 3068 tertia,
2694 3007 2746 3058 in
2789 3020 2892 3075 qua
2924 3022 3030 3059 non
3070 3006 3167 3061 fuit
3219 3008 3489 3061 Constan-

1915 3090 2332 3159 tinopolitanus,
2371 3102 2426 3146 et
2463 3094 2875 3159 Autioclicnns;
2905 3105 3119 3165 quarta,
3159 3098 3209 3150 in
3244 3112 3350 3166 qua
3376 3114 3482 3151 non

1913 3181 2089 3236 adfuit
2119 3185 2557 3250 Alexandrinus;
2593 3199 2764 3251 sexta.
2798 3188 2852 3241 in
2884 3204 2987 3257 qua
3032 3191 3242 3258 ejectus
3263 3200 3345 3244 est
3374 3191 3486 3244 Λιι-

226 3282 259 3331 6
303 3252 661 3347 Ἀντιοχείας.
695 3252 880 3350 Χωρίς
914 3281 971 3333 δὲ
1012 3280 1109 3332 τοῦ
1151 3252 1377 3349 Ῥωμης
1401 3252 1678 3332 ὀὐδέποτε
1704 3252 1807 3345 ’γέ-
1835 3252 1882 3307 c
1916 3284 1919 3321 1

1788 3308 1807 3320 .
1835 3252 1882 3307 α
1916 3272 2220 3328 tioebenus.
2240 3275 2441 3329 Atsine
2477 3292 2606 3345 papa
2635 3252 2913 3347 nunquam
2945 3252 3085 3334 facta
3104 3290 3186 3335 est
3220 3281 3481 3351 synodus.

226 3387 416 3436 γονεν,
444 3372 563 3424 οὐδὲ
594 3372 715 3438 ἐξὸν
740 3372 1018 3439 γενέσθαι.
1048 3373 1109 3426 Et
1131 3372 1188 3425 δὲ
1220 3374 1357 3441 μόνη
1388 3373 1422 3441 ἡ
1450 3372 1603 3436 τάξις
1635 3370 1808 3422 ὲδίδου

230 3462 294 3513 τὸ
330 3465 600 3531 πρωτεῖον
638 3462 715 3533 τῷ
743 3466 967 3533 πάππα,
994 3462 1237 3530 ἐγίνοντο
1268 3462 1334 3516 ἂν
1371 3464 1427 3514 al
1475 3462 1683 3514 σύνοδοι
1716 3462 1807 3514 καὶ

231 3552 406 3622 χωρὶς
444 3552 536 3604 τοῦ
572 3552 795 3618 πάππα,
834 3554 931 3605 καὶ
960 3553 1058 3621 τῆς
1087 3552 1339 3618 ἐξουσίας
1369 3552 1559 3606 αὐτοῦ.

319 3639 650 3709 Ἐρ;.ιηνεὺει
684 3640 743 3691 δὲ
768 3641 860 3693 τὸν
890 3640 1085 3692 ἑαυτοῦ
1122 3641 1324 3693 σκοπὸν
1359 3642 1386 3691 6
1442 3640 1615 3709 μέγας
1656 3639 1810 3691 Κων-

234 3732 522 3792 σταντῖνος
574 3731 991 3801 προδηλότερον,
1044 3734 1101 3783 ὲν
1140 3728 1221 3794 οἷς
1271 3732 1419 3798 λέγει
1463 3731 1558 3783 καὶ
1608 3729 1808 3799 γράφει

241 3825 357 3885 ταῖς
401 3823 746 3892 Ἐκκλησίαις
775 3840 789 3855 ·
855 3844 874 3876 ι
916 3826 1132 3897 Πεῖραν,
1182 3828 1338 3895 φησὶ,
1379 3824 1562 3876 λαϐὼν
1614 3825 1677 3876 ὲκ
1708 3824 1809 3887 τῆς

225 3915 346 3967 τῶν
388 3915 585 3967 κοινῶν
638 3917 966 3985 εὐπραξίας,
1023 3917 1124 3985 ὅση
1166 3917 1266 3985 τῆς
1315 3917 1468 3979 θείας
1520 3916 1809 3985 δυνάμεως

232 4007 450 4073 πέφυκε
479 4008 661 4077 χάρις,
688 4007 879 4060 τοῦτον
919 4007 1026 4078 πρό
1055 4024 1119 4076 γε
1163 4012 1383 4061 πάντων
1426 4008 1618 4078 ἔκρινα
1668 4003 1808 4059 εἷναί

236 4115 332 4167 μοι.
363 4102 668 4169 προσήκειν
694 4102 917 4165 σκοπὸν,
950 4101 1099 4162 ὅπως
1129 4100 1285 4169 παρά
1311 4100 1423 4162 τοῖς
1456 4100 1809 4170 μακαριωτά-

229 4208 348 4251 τοις
376 4190 476 4259 τῆς
507 4189 804 4257 καθολικῆς
848 4188 1177 4259 Ἑκκλησίας
1208 4190 1438 4258 πλήθεσι
1474 4190 1654 4253 πίστις
1685 4192 1806 4261 μία,

228 4282 327 4335 καὶ
352 4281 652 4351 είλικρινὴς
684 4281 895 4351 ἀγάπη,
928 4281 1268 4351 ὁμογνώμων
1295 4298 1353 4333 τε
1389 4283 1518 4351 περὶ
1543 4283 1636 4334 τὸν
1665 4300 1806 4349 παγ-

226 4370 414 4440 κρατῆ
460 4372 594 4424 Θεὸν
629 4371 887 4424 εὐσέϐεια
916 4372 1173 4442 τηρῆται.
1235 4371 1375 4424 Ἀλλ’
1424 4374 1614 4443 ἐπειδὴ
1652 4375 1809 4426 τοῦτο

230 4464 337 4532 οὐχ
368 4456 481 4515 οἶόν
510 4478 571 4514 τε
613 4456 684 4532 ἦν
712 4461 903 4529 ἀκλινῆ
933 4464 1025 4514 καὶ
1058 4461 1287 4530 βεϐαίαν
1322 4463 1477 4527 τάξιν
1522 4464 1724 4528 λαϐεῖν,
1760 4466 1806 4516 εἰ

1912 3376 2015 3415 nec
2047 3363 2162 3415 llcri
2196 3374 2393 3430 potest.
2426 3365 2581 3431 Quod
2628 3369 2671 3422 si
2715 3368 2849 3422 ordo
2877 3370 3025 3423 solus
3059 3372 3350 3437 primatum
3390 3372 3484 3425 tri-

1914 3450 2104 3505 bueret
2131 3468 2303 3522 papae,
2356 3468 2581 3525 posswt
2611 3459 2774 3513 etiam
2812 3460 2924 3514 fieri
2962 3463 3152 3531 synodi
3192 3463 3311 3517 sine
3343 3480 3479 3535 papa

1912 3554 1966 3598 et
1998 3549 2317 3601 auctoritate
2347 3548 2483 3617 ejus.
2698 3612 2703 3619 ,

1988 3636 2157 3690 Suum
2211 3654 2371 3706 porro
2426 3641 2715 3694 consilium
2751 3642 2991 3697 declarat
3040 3648 3285 3715 apertius
3344 3648 3485 3703 Con-

1916 3729 2192 3781 stantinus
2245 3728 2471 3800 Magnus
2528 3732 2579 3786 in
2629 3750 2724 3787 sua
2757 3736 2989 3804 cpistola
3041 3740 3106 3792 ad
3162 3740 3481 3794 Ecclesias:

1923 3836 1939 3868 ι
1985 3817 2143 3882 Cum,
2201 3820 2394 3888 inquit,
2431 3836 2495 3875 ex
2549 3824 2712 3877 rebus
2769 3841 2864 3892 pro
2916 3828 3193 3895 republica
3255 3830 3487 3885 feliciter

1913 3911 2081 3978 gestis
2129 3913 2503 3980 experimento
2566 3914 2875 3981 didicerim,
2932 3930 3134 3987 quanta
3166 3922 3236 3974 sit
3285 3923 3484 3976 divinrc

1913 4003 2134 4057 virtutis
2167 4004 2497 4075 benignitas.
2529 4009 2631 4063 hoc
2675 4010 2807 4063 mihi
2850 4020 2975 4064 ante
3004 4012 3107 4064 alia
3143 4014 3481 4083 prepOsitum

1913 4097 2261 4148 statuendum
2293 4099 2498 4171 putavi,
2530 4109 2589 4153 ut
2623 4101 2926 4156 beatissimi
2971 4103 3228 4159 Ecclesia:
3254 4107 3485 4160 catholi-

1914 4197 1990 4236 cae
2021 4187 2203 4251 populi
2240 4186 2398 4241 ﬁdem
2432 4205 2620 4253 uuam,
2653 4201 2705 4245 et
2745 4194 3067 4248 charitatem
3106 4198 3398 4263 sinceram,
3429 4211 3485 4254 et

1912 4274 2345 4328 consentientem
2392 4294 2517 4346 erga
2569 4281 3002 4350 omnipotentem
3044 4285 3207 4340 Deum
3265 4298 3484 4343 teneant

1911 4364 2144 4417 cultum.
2169 4366 2364 4420 Verum
2386 4372 2511 4438 quia
2547 4373 2649 4426 hoc
2683 4390 2787 4426 non
2827 4386 3037 4443 poto-rat
3062 4378 3166 4432 fixo
3188 4380 3483 4449 stabilique

1911 4455 2103 4510 ordine
2154 4460 2380 4523 lirtnari,
2442 4462 2550 4516 nisi
2602 4465 2688 4519 vel
2740 4467 2998 4522 omnibus
3040 4470 3334 4539 epis00pis,
3394 4472 3479 4525 vel

241 4554 321 4623 μὴ
350 4554 433 4616 είς
479 4554 650 4606 ταυτδ
684 4553 905 4606 πάντων
956 4553 1114 4621 ὁμοῦ,
1160 4555 1192 4624 ἢ
1246 4554 1355 4606 τῶν
1388 4556 1520 4622 γοῦν
1547 4556 1805 4609 πλειόνων
1838 4572 1885 4630 D
1913 4564 1934 4601 η

1787 4574 1805 4607 ν
1838 4548 2103 4630 Dmajori
2151 4565 2339 4603 eorum
2394 4563 2547 4621 parte
2600 4555 2652 4608 iu
2701 4572 2869 4610 unum
2930 4561 3310 4625 conveniente,
3371 4578 3480 4631 quo

234 4644 558 4696 ἐπισκόπων
599 4644 988 4708 συνελθόντων,
1025 4646 1256 4698 ἑκάστου
1280 4648 1390 4698 τῶν
1416 4648 1803 4715 προσηκόντων

232 4734 621 4806 τῇνάγιωτάτῃ
672 4736 942 4805 θρησκείᾳ
994 4736 1269 4803 διάκρισις
1320 4740 1570 4805 γένοιτο·
1608 4739 1801 4790 τούτου

232 4827 426 4878 ἕνεκεν
454 4825 725 4877 πλείστων
757 4826 900 4878 ὅσων
933 4826 1455 4896 συναθροισθέντων,
1506 4831 1601 4881 καὶ
1642 4831 1803 4893 αὐτὸς

237 4918 490 4986 καθάπερ
520 4913 599 4979 εἷς
632 4916 690 4979 ἐξ
716 4917 870 4986 ὑμῶν
900 4918 1192 4985 ἐτύγχανον
1228 4920 1554 4989 συμπαρών.
1587 4922 1658 4973 Οὐ
1693 4923 1801 4991 γὰρ

234 5009 591 5078 ἀρνησαίμην
625 5009 714 5071 ἂν,
742 5009 828 5076 ἐφ’
923 5010 1158 5078 μάλιστα
1206 5011 1402 5081 χαίρω,
1450 5011 1803 5082 συνθεράπων

237 5098 506 5167 ὑμέτερος
540 5098 861 5164 πεφυκέναι.
904 5116 921 5148 ι

324 5190 412 5241 Ἐν
450 5189 660 5251 τούτοις
687 5191 715 5241 6
750 5190 922 5258 μέγας
956 5191 1364 5251 Κωνσταντῖνος
1412 5192 1583 5254 οὔτως
1618 5195 1799 5246 ὲπιλο·

234 5282 471 5348 γίζεταιο
514 5283 576 5333 Ἠ
622 5282 894 5351 εὐπραξία
928 5280 1037 5332 τῶν
1069 5282 1263 5333 κοινῶν
1296 5284 1417 5349 ἐμοὶ
1450 5285 1800 5351 περιγέγονεν

233 5378 301 5427 ἐκ
330 5374 427 5441 τῆς
458 5372 591 5425 Θεοῦ
616 5372 860 5441 χάριτος.
910 5370 1055 5437 Ἐγὼ
1084 5372 1139 5424 δὲ
1170 5373 1419 5440 βασιλεὺς
1451 5372 1527 5424 ὦν
1570 5376 1669 5443 τὴν
1713 5376 1802 5425 εὐ-

231 5465 474 5534 πραξίαν
508 5465 617 5516 τῶν
648 5464 852 5538 κοινῶν
883 5465 1084 5532 ὀιξείλω
1127 5465 1309 5532 ζητεῖν
1331 5482 1343 5493 ·
1391 5464 1592 5531 ὀφείλω
1623 5468 1800 5518 τοίνυν

227 5553 574 5606 ἆπισπᾶσθαι
610 5551 711 5621 τὴν
740 5551 893 5605 θείαν
926 5554 1105 5621 χάριν.
1155 5552 1462 5613 Ἐπιδίδωσι
1508 5553 1565 5604 δὲ
1607 5555 1638 5621 ἡ
1684 5554 1800 5604 θεία

230 5649 391 5717 χάρις
427 5646 631 5713 ἑαυτὴν
664 5646 970 5713 γινομένων
1006 5644 1252 5702 ἐκείνων,
1286 5648 1343 5694 ἐν
1381 5640 1459 5705 οἷς
1491 5646 1799 5714 εὐαρεστεῖ-

228 5756 322 5791 ται
352 5737 482 5798 656;
506 5754 519 5768 '
562 5738 936 5802 εὐαρεστεῖται
968 5737 1021 5787 δὲ
1061 5737 1293 5804 μάλιστα
1337 5740 1401 5805 τῇ
1448 5738 1579 5803 ὀρθῇ
1614 5737 1796 5787 πίστει

231 5828 649 5900 θρησκευομὲνῃ
702 5830 853 5897 παρᾶ
900 5829 1008 5880 τῶν
1063 5828 1228 5880 λαῶν.
1286 5826 1453 5879 Τοῦτο
1492 5829 1595 5897 ἄρα
1671 5828 1794 5897 ἐμοὶ

1910 4640 2120 4711 singula
2183 4642 2248 4695 ad
2309 4647 2709 4700 sanctissimam
2766 4649 3086 4718 religionem
3151 4653 3479 4721 pertinentia

1910 4734 2379 4800 examinarentur,
2423 4737 2630 4792 ideirco
2669 4744 3087 4810 quampluritnis
3116 4747 3476 4815 congregatis,

1908 4823 2024 4892 ipse
2049 4839 2266 4893 quoque
2300 4836 2553 4897 tanquam
2574 4845 2712 4885 unus
2738 4846 2767 4885 e
2792 4846 3019 4887 numero
3040 4845 3280 4889 vestrum
3306 4838 3475 4893 adfui.

1913 4916 2100 4983 Neque
2138 4919 2281 4971 enim
2321 4920 2627 4988 negaverim
2665 4921 2823 4985 ld,cx
2853 4940 2962 4992 quo
3004 4928 3293 4977 maximam
3323 4928 3479 4996 capio

1921 5007 2186 5070 laetitiam,
2238 5019 2477 5062 vestrum
2535 5026 2619 5064 me
2669 5028 2791 5067 esse
2825 5029 3151 5067 conservum
3215 5034 3232 5064 ι

1957 5189 2011 5243 lu
2034 5190 2117 5244 bis
2139 5190 2531 5246 Constantinus
2550 5194 2771 5262 Magnus
2795 5196 2896 5250 hac
2918 5197 3337 5253 ratiocinatione
3372 5201 3477 5253 uti.

1905 5291 2027 5334 tur:
2051 5282 2303 5336 Felicitas
2327 5285 2642 5353 reipublicae
2658 5288 2883 5343 obvenit
2912 5289 3045 5341 mihi
3071 5305 3134 5342 ex
3160 5290 3251 5344 Dei
3280 5291 3472 5357 gratia.

1910 5374 2019 5442 Ego
2070 5389 2213 5439 vero,
2265 5390 2389 5428 eum
2428 5378 2724 5444 imperator
2772 5378 2895 5441 sint,
2929 5380 3245 5449 reipublicae
3273 5391 3471 5434 statum

1910 5464 2119 5519 felicem
2179 5481 2372 5521 curare
2429 5468 2635 5531 debeo;
2679 5486 2807 5540 ergo
2840 5480 2894 5525 et
2919 5472 3147 5539 gratiam
3208 5475 3471 5545 aucupari

1903 5556 2165 5611 divinam.
2206 5558 2302 5611 Dat
2350 5574 2478 5614 vero
2514 5575 2572 5615 se
2624 5561 2805 5615 divina
2856 5564 3050 5631 gratia,
3094 5566 3137 5619 si
3205 5565 3336 5621 [lant
3383 5566 3473 5621 illa

1901 5661 2021 5715 qua:
2080 5647 2187 5701 Deo
2247 5648 2495 5716 placent;
2550 5651 2719 5717 placet
2778 5667 2908 5706 vero
2964 5655 3304 5723 potissimum
3364 5654 3475 5709 Deo

1903 5746 2063 5790 recta:
2125 5739 2245 5790 fidei
2292 5740 2473 5793 cultus
2522 5740 2575 5793 in
2610 5734 2842 5810 pupulis.
2881 5743 2991 5797 lloc
3018 5760 3147 5814 ergo
3194 5756 3279 5799 est
3337 5746 3469 5798 mihi

1902 5832 2220 5885 curandum.
2256 5830 2361 5886 Sed
2385 5832 2511 5901 quia
2544 5849 2647 5888 non
2681 5845 2889 5904 poterat
2917 5837 3017 5891 hoc
3052 5838 3113 5890 ad
3146 5852 3471 5908 prosperum
