4288 6358
308 406 409 468 881
1744 411 2124 473 nonnum.
2346 372 2349 375 λ
2715 474 2718 481 ,
3437 416 3541 481 882

1648 708 2215 795 MONITUM
2282 720 2349 801 ί.

1262 826 1375 918 (nas
1413 859 1709 907 Bibliotheca
1743 872 1863 905 mm
1893 859 2088 907 Panum
2115 868 2229 907 tom.
2263 862 2344 919 γι,
2374 876 2417 919 β.
2446 850 2573 909 “9.3

1880 994 1941 1002 ια’·

382 1109 423 1161 Α
459 1107 651 1160 Nicetis
694 1106 764 1158 ad
802 1105 1096 1159 Theodoros
1142 1106 1466 1157 redeundum
1515 1112 1607 1156 est.
1647 1102 1785 1155 Sane
1823 1118 1974 1170 quem
2013 1114 2163 1155 moao
2211 1106 2403 1157 edituri
2438 1121 2616 1157 summ
2651 1106 2976 1161 Theodorum
3034 1110 3432 1171 Meliteniotam,
3490 1114 3542 1163 in

310 1205 573 1261 postrema
607 1192 905 1247 Graecitatis
937 1201 1094 1245 a'tate
1129 1192 1401 1244 collocavit
1452 1192 1685 1243 Allatius
1714 1188 1911 1241 dmtrili
1988 1206 2037 1240 n.
2076 1188 2268 1243 CXXX
2286 1191 2392 1255 III,
2426 1193 2516 1260 qui
2550 1210 2668 1246 eum
2707 1195 2836 1261 facit
2870 1198 3174 1250 scribentem
3213 1214 3353 1249 anno
3387 1196 3542 1251 Chri-

307 1286 378 1335 sti
409 1283 563 1343 {36L
604 1288 698 1333 sub
731 1280 938 1333 Joanne
970 1280 993 1333 I
1026 1280 1325 1347 Pulmalogo
1354 1280 1694 1342 imperatore.
1728 1277 1827 1328 Sed
1856 1286 2033 1329 tamen
2072 1296 2174 1329 non
2211 1283 2388 1332 onmia
2420 1298 2578 1344 nom,
2621 1283 2886 1335 deteriora
2921 1294 3061 1348 sunt,
3096 1289 3233 1352 quod
3264 1286 3316 1337 in
3346 1288 3544 1337 cunctis

313 1372 508 1437 linquis
546 1369 853 1438 populisque
886 1370 1267 1438 comperimus;
1299 1378 1346 1419 ct
1396 1368 1507 1434 ipse
1540 1366 1778 1419 .tllatius
1822 1381 1952 1432 Opus
1995 1356 2271 1429 Theodori,
2309 1385 2430 1420 mox
2462 1388 2493 1422 a
2528 1370 2675 1422 nobis
2721 1372 2917 1438 partim
2950 1373 3225 1433 edendum,
3262 1372 3344 1425 vel
3376 1375 3543 1441 potius

312 1458 675 1516 delibandum,
710 1458 836 1508 dicit
868 1457 1101 1513 doctum,
1132 1457 1309 1508 divina
1343 1455 1589 1507 doctrina
1624 1454 1897 1520 refertum.
1933 1461 1980 1505 et
2018 1454 2234 1521 dignum
2272 1455 2411 1522 quod
2454 1455 2621 1510 lucem
2652 1458 2845 1510 videat.
2882 1457 2974 1509 ITst
3003 1467 3178 1510 autem
3208 1460 3314 1511 ha'c
3338 1458 3543 1513 στατο-

312 1562 431 1596 rum
468 1552 741 1595 auctorum
777 1544 935 1595 etiam
969 1543 1137 1609 inﬁmi
1183 1543 1279 1595 a'vi
1324 1541 1441 1593 laus
1499 1541 1888 1608 quodammodo
1932 1540 2243 1608 singularis,
2284 1552 2336 1593 ut
2377 1542 2647 1611 eleganter
2683 1546 3057 1614 emendateque
3090 1545 3321 1615 plerique
3367 1564 3543 1600 onmes

310 1631 642 1699 scripserint,
681 1629 1014 1691 Blemmides,
1042 1638 1193 1697 puta,
1219 1627 1505 1690 Gemistus,
1549 1627 1846 1689 Planudes,
1874 1628 2043 1690 Gaza,
2083 1627 2381 1682 Demetrius
2420 1630 2710 1699 Cytlonius,
2748 1631 3055 1695 L’essarion,
3088 1633 3180 1686 alii
3212 1634 3395 1699 multi;
3417 1636 3543 1687 dum

312 1717 524 1770 interim
567 1716 745 1769 Latini
772 1718 938 1768 nostri
965 1716 1249 1767 ruditatem
1280 1715 1569 1781 quamdam
1595 1715 1852 1767 scribendi
1887 1732 1995 1782 pra:
2020 1732 2072 1768 se
2103 1715 2339 1782 ferebant
2368 1734 2383 1770 :
2414 1719 2576 1771 donec
2607 1719 2769 1786 paulo
2802 1730 2940 1786 post,
2975 1720 3150 1788 politis
3181 1722 3369 1773 iterum
3402 1724 3543 1790 apud

314 1822 411 1857 nos
436 1804 649 1861 litteris.
682 1812 863 1857 tantus
897 1804 1051 1856 rediit
1087 1802 1271 1854 Latini
1301 1802 1559 1854 sermonis
1587 1800 1751 1871 lepor,
1788 1814 1841 1853 ut
1875 1803 1993 1870 jam
2028 1801 2222 1856 (irtecis
2255 1805 2592 1857 invidendum
2636 1823 2736 1858 non
2766 1807 2945 1873 fuerit.

384 1891 552 1961 Igitur
583 1894 664 1944 hic
695 1891 991 1944 Theodorus
1024 1890 1284 1957 exegetica
1313 1889 1531 1941 scientia
1574 1897 1623 1939 et
1663 1891 1973 1957 eloquentia:
2008 1892 2159 1959 capia
2194 1891 2528 1944 abumlanter
2559 1894 2832 1959 pra-ditus,
2884 1905 3117 1963 quatuor
3151 1894 3442 1963 Evangelia
3488 1896 3538 1944 in

312 1998 476 2034 rinam
498 1983 687 2033 seriem
708 1998 739 2031 a
776 1995 831 2031 se
857 1994 1114 2039 connexa,
1148 1992 1277 2029 novo
1311 1977 1677 2028 commentarii
1721 1992 1907 2045 genere
1934 1978 2273 2046 explananda
2300 1982 2525 2047 suscepit
2560 1995 2576 2032 :
2622 1998 2801 2049 nempe
2838 1998 2964 2049 opus
2994 2001 3149 2035 suum
3180 1986 3231 2037 in
3269 1982 3540 2036 volumina

313 2084 498 2120 novem
543 2068 783 2136 digessit,
815 2081 1038 2135 quorum
1068 2062 1282 2132 singula
1313 2063 1528 2115 totidem
1562 2063 1857 2127 διαλέξεις,
1885 2062 1938 2115 id
1986 2073 2059 2117 est
2107 2081 2395 2124 sermones.
2430 2066 2711 2132 habebant,
2749 2070 2838 2136 qui
2865 2086 3041 2121 omnes
3072 2072 3354 2122 immanem
3388 2076 3540 2121 unius

311 2172 476 2222 supra
503 2154 766 2223 octoginta
804 2168 1104 2205 sermonum
1138 2167 1403 2203 summam
1438 2150 1762 2219 efﬁciebant.
1800 2149 1902 2203 Sed
1929 2152 2068 2204 enim
2106 2168 2169 2204 ex
2200 2168 2380 2205 novem
2411 2154 2491 2205 his
2526 2154 2874 2207 voluminibus
2905 2172 3068 2207 unum
3100 2157 3462 2208 tantummodo
3487 2157 3539 2207 in

327 2245 584 2298 Vaticana
627 2245 863 2297 codicum
904 2242 1238 2302 bibliotheca,
1276 2241 1370 2294 sub
1398 2257 1618 2293 numero
1648 2240 1719 2294 68
1734 2240 1776 2301 ι,
1809 2238 2056 2302 habetur,
2087 2240 2223 2305 quod
2255 2250 2329 2291 est
2364 2241 2518 2291 seriei
2550 2242 2815 2308 pra'dicta:
2845 2253 3118 2311 quartum,
3154 2242 3396 2310 foliorum
3439 2243 3541 2296 360

311 2334 487 2393 iit-1°,
516 2332 795 2399 scriptura:
837 2332 890 2381 in
931 2330 1120 2382 charta
1157 2330 1286 2381 satis
1315 2328 1601 2396 perspicua:
1633 2336 1679 2378 et
1717 2325 2032 2379 emendata.
2079 2322 2277 2392 Scopas
2325 2337 2371 2377 et
2429 2328 2568 2379 ratio
2626 2328 2783 2380 totius
2837 2330 3010 2395 operis
3046 2331 3358 2398 proponitur
3389 2331 3442 2382 in
3483 2346 3541 2381 eo

310 2420 551 2481 exordio,
581 2420 717 2487 quod
747 2416 979 2470 Allatius
1011 2417 1065 2469 in
1083 2416 1314 2470 diatriba
1333 2433 1430 2468 sua
1457 2415 1718 2476 recitavit,
1746 2412 1986 2482 quodque
2009 2413 2165 2465 initio
2195 2414 2373 2481 quarti
2395 2416 2520 2467 torni
2548 2418 2720 2467 nescio
2741 2417 3001 2483 quomodo
3027 2426 3391 2469 conservatum
3421 2418 3537 2484 fuit.

384 2504 521 2570 Quid
567 2504 823 2574 agerem?
866 2502 1008 2557 Sane
1052 2505 1260 2557 animus
1294 2502 1477 2556 avebat
1520 2510 1686 2553 totum
1717 2517 1848 2569 opus
1880 2500 1933 2552 in
1967 2498 2133 2553 lucem
2184 2502 2514 2569 protrahere,
2558 2511 2723 2555 totum
2770 2505 2891 2555 item
2947 2503 3139 2557 Latina
3188 2504 3544 2558 translatione

313 2598 538 2648 donare.
588 2594 691 2648 Sed
734 2611 837 2647 non
886 2594 1065 2647 omnia
1112 2610 1384 2662 possumus
1413 2608 1633 2657 omnes;
1666 2593 1859 2645 etenim
1893 2590 1977 2642 hic
2018 2603 2150 2639 unus
2183 2586 2363 2648 codex,
2412 2588 2456 2639 si
2496 2588 2666 2641 debito
2701 2600 2966 2658 apparatu
3014 2591 3325 2653 instructus,
3365 2590 3542 2644 lirtrce

317 2684 605 2753 Latineque
634 2683 899 2744 ederetur,
934 2680 1052 2751 plus
1082 2697 1229 2750 wquo
1259 2681 1389 2734 mihi
1422 2688 1622 2749 tempus
1664 2681 1911 2749 eriperet,
1947 2687 1994 2730 et
2031 2676 2246 2744 plenum
2279 2677 2653 2742 propemodum
2683 2678 2958 2742 conﬁceret
2987 2695 3133 2732 nova:
3164 2680 3319 2749 hujus
3352 2679 3539 2732 biblio-

314 2776 475 2825 thecte
502 2771 768 2824 volumen.
820 2768 1250 2822 Contra/tendum
1284 2767 1461 2831 itaque
1507 2768 1788 2821 consilium
1822 2765 1921 2833 fuit
1948 2781 1966 2816 :
2017 2774 2064 2814 et
2103 2763 2352 2831 quoniam
2385 2772 2567 2814 auctor
2618 2764 2851 2833 singulos
2885 2782 3151 2819 sermones
3202 2784 3344 2831 suos,
3399 2784 3541 2819 more

315 2859 695 2928 Chrysostomi,
723 2858 916 2911 morali
949 2858 1307 2926 peroratione,
1338 2856 1536 2909 diserta
1567 2852 1739 2907 hercle
1787 2862 1835 2906 et
1879 2849 2121 2923 perutili,
2152 2848 2436 2911 concludit,
2474 2852 2571 2902 has
2617 2867 2710 2903 nos
2755 2855 2924 2919 operis
2969 2852 3195 2906 morales
3242 2862 3419 2921 partes
3473 2856 3541 2906 ad

313 2945 639 3015 vulgandam
669 2945 978 3014 delegimus.
1018 2944 1084 2995 Et
1118 2944 1318 3011 priores
1350 2942 1559 3012 quidem
1581 2958 1696 3005 sex,
1737 2942 1919 2997 Gra'ce
1966 2948 2194 3001 tantum,
2233 2939 2502 2991 brevitatis
2532 2955 2717 2997 causa.
2751 2941 3035 3007 ponimus;
3066 2950 3168 2994 tres
3214 2959 3333 2995 vero
3368 2954 3542 3010 poste-

314 3035 479 3085 riores
508 3040 825 3101 properante
855 3030 1063 3084 calamo
1096 3029 1313 3083 Latinas
1340 3031 1499 3082 etiam
1530 3031 1765 3099 fecimus,
1796 3029 2028 3097 prwﬁxis
2058 3030 2247 3098 ubique
2281 3029 2468 3088 titulis.
2510 3046 2637 3099 quos
2668 3039 2853 3081 auctor
2886 3032 2993 3097 ipse
3022 3032 3075 3083 in
3113 3033 3306 3100 praevio
3334 3032 3538 3101 syllaba

313 3121 558 3187 scripsit;
594 3135 897 3186 quanquam
924 3118 1183 3171 breviores
1217 3118 1510 3170 necessario
1539 3125 1661 3169 sunt
1700 3118 1754 3169 hi
1785 3117 1948 3181 tituli,
2000 3133 2165 3185 neque
2209 3118 2340 3170 satis
2369 3118 2583 3182 dignum
2616 3118 2946 3170 disertissimi
2990 3120 3175 3187 scripti
3220 3119 3536 3186 prmludium

316 3207 573 3272 praebent.
605 3205 777 3275 Igitur
804 3206 925 3257 novi
949 3204 1272 3273 studiosique
1314 3203 1527 3257 lectores
1563 3204 1727 3256 multo
1758 3221 1851 3273 per
1892 3221 1946 3257 se
1979 3205 2161 3259 melius
2188 3204 2440 3258 Theodori
2474 3209 2635 3258 nostri
2689 3207 3067 3273 eloquentiam,
3102 3208 3318 3276 dignam
3356 3208 3541 3277 edepzl

316 3294 623 3346 melioribus
654 3293 879 3352 swculis,
909 3293 1177 3345 testimare
1207 3299 1472 3360 poterunt.

393 3379 755 3432 Verumtamen
791 3380 885 3432 hoc
928 3380 1187 3448 pra’cipue
1238 3395 1317 3430 me
1368 3380 1648 3447 permovit,
1696 3386 1749 3429 nt
1802 3379 1970 3430 octavi
2009 3376 2272 3445 prolixam
2322 3394 2429 3446 pra'
2453 3380 2654 3431 ca’teris
2694 3380 2950 3432 sermonis
2997 3381 3382 3447 perorationem
3435 3396 3536 3432 non

312 3469 632 3529 amitterem,
669 3467 774 3518 imo
806 3474 852 3517 et
885 3463 1074 3517 Latina
1111 3465 1543 3527 interpretatione
1579 3465 1885 3526 comitarer,
1913 3465 2036 3531 quia
2070 3466 2139 3516 ibi
2172 3463 2438 3517 luculenta
2471 3474 2518 3517 et
2546 3466 2803 3531 pra‘clara
2832 3467 2887 3534 ﬁt
2920 3469 3173 3535 expositio
3207 3467 3350 3534 ﬁdei,
3380 3485 3537 3533 quam

314 3556 380 3606 de
408 3552 507 3609 SS.
540 3553 891 3607 Eucharistia:
928 3554 1175 3621 mysterio
1202 3551 1383 3604 erca
1408 3554 1610 3621 pariter
1642 3569 1755 3604 cum
1794 3551 1990 3604 Latina
2023 3551 2309 3618 proﬁtetur
2337 3552 2595 3605 Ecclesia.
2628 3553 2837 3607 Scilicet
2870 3554 2971 3605 duo
2997 3563 3118 3607 sunt
3159 3556 3412 3623 pra'cipui
3446 3556 3537 3606 he-

316 3641 689 3693 terodoxorum
721 3640 773 3692 in
808 3638 1085 3692 Occidente
1112 3654 1315 3690 errores
1345 3646 1530 3690 contra
1580 3638 2011 3701 l'fucltaristiam;
2052 3654 2276 3705 quorum
2310 3641 2628 3709 priornegat
2658 3643 3327 3701 traussubstautiationem,
3362 3643 3414 3693 i.l
3462 3650 3537 3692 est

316 3729 469 3799 panis
496 3744 557 3780 ac
580 3728 689 3780 vini
719 3727 772 3777 in
806 3725 1000 3778 Christi
1033 3742 1218 3794 corpus
1244 3727 1659 3794 sanguinemque
1692 3725 2122 3787 conversionem;
2155 3724 2293 3777 alter
2320 3742 2423 3778 non
2452 3742 2636 3792 corpus
2660 3725 2872 3789 Christi,
2900 3727 2989 3779 sed
3017 3729 3128 3796 ejus
3158 3730 3328 3796 potius
3358 3737 3536 3796 typum

318 3813 400 3867 vel
433 3814 663 3883 ﬁguram
697 3815 749 3865 in
777 3828 914 3881 pane
944 3813 1163 3879 vinoque
1191 3822 1491 3865 consecrato
1524 3813 1781 3880 agnoscit.
1818 3811 2001 3879 Utique
2046 3814 2191 3881 prior
2225 3828 2375 3864 error
2406 3816 2683 3881 posteriori
2719 3816 2854 3866 viam
2888 3817 3107 3877 sternit;
3139 3832 3261 3867 nam
3304 3817 3348 3867 si
3389 3816 3536 3867 nulla

314 3902 626 3954 substantia
647 3901 913 3953 conversio
943 3898 1233 3966 perﬁcitur,
1262 3906 1580 3966 manentque
1600 3900 1753 3966 panis
1788 3915 1848 3950 ac
1881 3902 2098 3962 vinum;
2133 3915 2318 3967 corpus
2353 3898 2571 3962 Christi,
2602 3909 2675 3951 tot
2703 3917 2868 3952 sacra:
2895 3900 3183 3968 Scriptura:
3216 3898 3537 3968 Patrumque

318 3990 632 4041 testimoniis
670 3989 721 4039 in
758 3987 1092 4039 Eucharistia
1123 3996 1402 4047 assertum.
1441 3987 1655 4037 ubinam
1689 3987 1812 4039 est?
1853 3984 2105 4055 Sequitur
2135 4002 2280 4055 ergo,
2322 3994 2377 4037 ut
2413 3988 2625 4039 nonnisi
2655 3988 2828 4055 ﬁgura
2862 3990 2974 4057 ejus
3027 4006 3087 4041 ac
3135 3991 3535 4058 repraesentatio

316 4080 369 4129 in
397 4078 490 4128 hoc
518 4084 813 4142 peragenda
847 4077 1092 4143 mysterio
1122 4072 1239 4137 ﬁat.
1280 4072 1425 4126 Perit
1465 4074 1642 4141 itaque
1675 4074 2012 4141 funditusque
2044 4074 2247 4125 deletur
2287 4075 2720 4143 pretiosissimum
2758 4077 2994 4128 omnium
3039 4078 3231 4129 divina:
3280 4093 3405 4146 erga
3443 4094 3535 4130 nos

316 4163 597 4215 churitatis
647 4162 1019 4213 documentum
1054 4177 1115 4212 ac
1147 4160 1364 4212 donum.
1405 4159 1569 4212 Primi
1618 4162 1812 4212 erroris
1858 4160 2186 4229 primipilum
2236 4177 2290 4213 se
2341 4162 2726 4229 quodammodo
2751 4162 2875 4214 olim
2928 4166 3041 4229 (an.
3082 4164 3239 4231 1675)
3268 4164 3537 4216 constituit

315 4250 549 4303 Joannes
608 4248 931 4316 Anglicanus
968 4246 1214 4299 Itunelmi
1248 4245 1467 4313 prtesul,
1504 4248 1640 4300 edito
1690 4247 1822 4299 libro
1867 4265 1981 4300 cum
2010 4250 2105 4299 hoc
2136 4250 2407 4301 invenusto
2453 4248 2608 4300 titulo
2634 4248 2869 4302 Historia
2898 4252 3531 4303 lranssuhslannationis

320 4336 564 4405 impalis;
593 4336 745 4404 quasi
778 4335 887 4387 hare
916 4334 1161 4386 doctrina
1188 4335 1402 4386 nonnisi
1427 4333 1635 4401 papalis
1664 4337 1755 4397 sit,
1782 4339 2092 4388 decernente
2121 4338 2416 4404 prtvsertim
2439 4336 2595 4388 tertio
2620 4335 2946 4388 Innocentio.
2980 4338 3138 4405 Atqui
3162 4339 3318 4389 etiam
3346 4337 3533 4398 (ἐι-ατί.

318 4425 733 4489 nominatimque
762 4432 936 4475 noster
964 4422 1284 4483 Theodorus,
1316 4424 1449 4474 hanc
1474 4422 1706 4475 clamose
1732 4423 2029 4475 doctrinam
2052 4439 2141 4475 ore
2170 4424 2405 4490 proprio,
2434 4439 2535 4475 non
2564 4434 2737 4475 autent
2769 4422 2972 4491 populi,
2995 4424 3367 4491 depru'dicant.
3396 4423 3535 4475 Nam

315 4512 453 4579 quod
479 4512 673 4563 dicitur
707 4526 738 4561 a
772 4509 919 4563 nobis
951 4508 1200 4578 vigilante
1248 4508 1499 4562 vocabulo
1533 4510 2066 4569 transsubstantiari.
2102 4509 2154 4562 id
2199 4509 2439 4566 videlicet
2492 4528 2523 4562 a
2573 4510 2860 4572 Theodoro,
2898 4527 3014 4562 cum
3063 4508 3246 4563 (ἔνατα
3279 4510 3533 4573 Ecclesia,

315 4600 498 4651 eadem
526 4614 741 4666 prorsus
772 4598 983 4649 notione
1010 4596 1261 4663 deﬁnitur
1304 4596 2008 4663 μεταὸἁλλεσθαε,ομεταπε

1850 4596 2251 4658 εταποιεῖσοαι,
2288 4596 2826 4664 μετασχευάζεεοαι,
2862 4597 3245 4664 μεθέστασθαι,
3277 4616 3535 4666 μεταστε-

315 4685 670 4752 χειὼτασθαι,
708 4684 980 4737 ποιεῖσθαι
1015 4683 1097 4737 vel
1125 4684 1375 4749 τίνεσθαι
1413 4684 1572 4751 σῶμα
1606 4684 1700 4735 καὶ
1733 4679 1873 4750 diu:
1904 4687 2008 4752 Χρι

1843 4702 1873 4735 αι
1904 4685 2165 4752 Χριστοῦ.
2202 4686 2325 4738 ΙΙαέ
2354 4685 2604 4737 nimirum
2639 4696 2827 4736 cuncta
2860 4684 3109 4737 vocabula
3156 4684 3345 4754 legenti
3380 4685 3536 4737 Theo-

315 4776 502 4827 dorum
530 4774 709 4825 statim
740 4780 1031 4824 occurrent.

388 4861 535 4914 Alter
566 4862 788 4926 pariter,
817 4861 883 4911 de
906 4868 1028 4928 typo
1053 4858 1247 4912 scilicet
1273 4858 1383 4911 loco
1413 4860 1487 4911 rei
1525 4876 1678 4922 verte,
1707 4876 1854 4911 error
1883 4858 2243 4911 disertissimis
2282 4857 2443 4910 rcrbis
2477 4877 2506 4910 u
2540 4867 2717 4910 nostro
2749 4858 3013 4911 Theodoro
3045 4861 3359 4927 exp'oditur,
3387 4879 3534 4928 quem

314 4947 482 5001 oculis
534 4950 765 4999 lustrare
807 4946 937 4998 satis
981 4948 1069 4997 sit.
1116 4946 1361 4998 Attamen
1413 4947 1697 4997 redivivum
1732 4947 1825 4997 hoc
1862 4956 2231 5001 commentum.
2282 4961 2538 5011 nuperum
2576 4962 2780 5013 quoque
2825 4956 3107 5012 patronum
3156 4959 3340 4999 nactus
3381 4961 3533 5008 erat,

313 5038 524 5087 doctum
563 5035 733 5087 virum
795 5031 1186 5100 Anglicanam;
1234 5033 1319 5083 cui
1362 5035 1545 5085 statim
1578 5049 1693 5084 cum
1740 5033 2021 5098 peridonea
2068 5032 2258 5099 linguw
2302 5029 2657 5098 Ecclesiteque
2696 5031 2927 5099 Syriaca:
2957 5034 3203 5099 pra'sidio
3246 5034 3532 5087 catholicus

312 5126 466 5174 heros
492 5118 1136 5186 occurrens,splendidam
1169 5118 1426 5186 palmam,
1463 5118 1737 5187 philosgris
1762 5119 1879 5171 la'te
1910 5118 2295 5186 plaudentibus,
2331 5118 2641 5185 reportarit.
2693 5117 2992 5170 Redivivum
3021 5120 3131 5170 dixi
3158 5129 3531 5184 commentum,

310 5212 437 5275 quia
466 5208 587 5276 jam
632 5204 823 5258 sa'culo
856 5204 1049 5258 Christi
1080 5220 1216 5255 nouo
1269 5204 1503 5256 Joannes
1535 5202 1719 5257 Scottis
1770 5205 1996 5273 Iz'rigcna
2026 5205 2180 5272 hujus
2227 5206 2424 5257 erroris
2468 5205 2693 5271 infamia
2741 5204 3090 5272 flagraverat,
3133 5208 3221 5273 qui
3267 5207 3459 5259 idcirco
3500 5227 3531 5261 a

311 5294 546 5347 conciliis
580 5302 735 5362 atque
762 5292 1089 5360 pontiﬁcibus
1121 5291 1342 5343 solemni
1373 5294 1632 5344 sententia
1665 5295 1931 5360 perculsus
1961 5292 2076 5360 fuit.
2114 5292 2466 5354 Quamobrem
2502 5292 2700 5355 frustra
2745 5301 2817 5342 est
2848 5292 3179 5359 supradictus
3213 5292 3529 5346 Dunelmen-

310 5384 407 5438 sis.
446 5384 535 5451 qui
563 5382 733 5449 operis
761 5382 844 5432 sui
878 5378 1113 5447 capitula
1159 5377 1283 5440 VII,
1318 5395 1369 5431 n.
1410 5378 1463 5435 7.
1494 5379 1619 5430 dum
1650 5378 1851 5447 fatetur
1880 5382 2193 5433 damnatum
2238 5380 2400 5445 fuisse
2433 5377 2743 5447 Erigenam,
2786 5381 2936 5447 quasi
2971 5396 3160 5447 panem
3194 5392 3239 5431 et
3269 5383 3444 5433 vinum
3477 5384 3529 5433 in

317 5470 672 5531 I‘Iucharistia,
707 5468 847 5520 nuda
875 5474 1080 5517 tantum
1112 5467 1259 5533 signa
1289 5481 1397 5517 esse
1425 5472 1768 5524 asseveraret,
1801 5466 1977 5517 subdit
2012 5479 2212 5533 postea,
2246 5466 2297 5516 id
2323 5466 2385 5518 ab
2415 5466 2525 5533 ejus
2551 5481 2705 5518 sensu
2736 5476 2779 5517 et
2811 5465 2916 5532 ﬁde
2949 5468 3175 5517 maxime
3204 5468 3363 5535 fuisse
3401 5469 3532 5519 alie-

311 5575 457 5610 num.
508 5555 961 5607 Verumenimvero
1014 5554 1121 5604 Ita'c
1151 5552 1393 5620 Erigenu'
1427 5553 1695 5620 apologia,
1730 5564 1913 5604 contra
1944 5570 2149 5605 onmem
2200 5553 2433 5604 historias
2468 5554 2741 5604 veritatem
2772 5570 2802 5604 a
2843 5552 3182 5604 Dunelmensi
3212 5555 3314 5619 fit;
3368 5571 3526 5621 quam

308 5644 599 5711 comperire
638 5643 689 5693 in
726 5640 965 5710 plurimis
1006 5639 1150 5691 libris
1178 5638 1315 5702 licet,
1354 5649 1402 5691 et
1431 5650 1568 5691 certe
1598 5640 1737 5704 apud
1768 5639 2011 5692 Natalem
2053 5639 2413 5692 Alexandrum
2444 5640 2563 5690 hist.
2594 5655 2715 5691 sa’c.
2740 5638 2842 5700 IX,
2867 5640 3076 5694 dissert.
3122 5638 3197 5692 XI
3218 5639 3280 5704 ι’,⁴
3327 5657 3528 5695 necnon

309 5734 364 5783 in
400 5728 549 5783 l'etri
578 5730 641 5781 de
671 5726 859 5780 "arca
893 5727 1047 5794 longa
1080 5726 1299 5794 epistola
1338 5727 1478 5795 apud
1514 5727 1825 5778 Dacherium
1858 5726 2037 5793 Spicil.
2074 5735 2111 5776 t.
2150 5724 2260 5785 ΙΙΙ,
2298 5741 2349 5789 p.
2378 5725 2500 5778 855.
2528 5725 2640 5777 Imo
2676 5743 2792 5777 vero
2829 5727 2882 5777 in
2920 5727 3156 5779 carmine
3184 5744 3387 5795 quoque
3412 5731 3529 5795 ejus

314 5819 574 5883 paschali,
606 5818 742 5888 quod
764 5834 881 5879 cum
908 5816 1026 5870 aliis
1061 5818 1111 5870 in
1138 5828 1278 5871 tanta
1308 5818 1486 5885 quinto
1515 5816 1872 5871 Classicorum
1907 5816 2011 5866 ΑΛ.
2053 5830 2141 5865 nos
2174 5814 2449 5869 edidimus.
2486 5814 2716 5881 ejusdem
2751 5815 3002 5865 hu'reseos
3037 5817 3247 5881 vestigia
3285 5816 3532 5889 comuni—
