4288 6356
786 424 887 490 9ί1

1917 426 2311 486 THEODORI
2349 427 2893 487 MELITENIOTA’.

3927 427 4035 490 91?.

783 552 898 588 sum
927 531 1347 605 pbi|050phiam,
1379 536 1423 588 si
1483 534 1575 587 des
1628 533 1891 588 esurienti
1929 549 2123 601 panem
2180 544 2354 596 tuum,
2385 537 2431 594 Α
2459 555 2476 588 1

2342 575 2354 596 .
2385 537 2431 594 Α
2459 537 2557 606 τὴν
2591 538 2853 589 ἀνωτάτω
2882 537 3224 606 φιλοσοφίαν,
3254 539 3350 592 ἐὰν
3378 537 3483 605 δῷς
3517 538 3773 592 πεινῶντι
3807 539 3899 594 τδν
3929 543 4035 613 ἄρα

783 627 828 678 si
862 627 1159 694 appetitum
1188 625 1509 690 domineris,
1544 625 1588 678 si
1617 641 1812 678 vanam
1862 626 2090 693 gloriam
2141 625 2355 692 ejicias,

779 716 823 767 si
845 715 1103 769 invidiam
1137 719 1418 778 destruas;
1467 715 1538 766 ita
1570 725 1622 766 et
1644 715 1759 780 ipse
1796 715 2048 768 Christus
2081 713 2354 768 docebat:

787 809 985 862 Discite
1025 808 1189 870 enim,
1238 807 1538 875 inquiebat,
1599 822 1625 858 ιι
1666 822 1747 858 me
1792 807 1914 873 quia
1957 805 2102 856 milis
2152 820 2270 858 sum
2306 814 2361 857 et

786 902 1006 954 humilis
1059 901 1273 963 corde;
1324 915 1426 950 ttott
1474 900 1656 951 dixit:
1705 896 1975 962 Jejunavi,
2032 908 2086 949 et
2128 896 2356 948 habebat

783 995 964 1048 dicere
993 992 1060 1046 de
1094 994 1449 1060 quadraginta
1486 992 1675 1042 diebus
1700 1029 1714 1052 ,
1747 990 1839 1042 sed
1874 1005 1977 1041 nou
2023 989 2126 1041 hoc
2181 989 2355 1052 dixit,

794 1100 976 1138 verum
1018 1101 1030 1136 :
1072 1084 1212 1138 Mitis
1266 1100 1382 1135 sum
1437 1094 1489 1135 et
1542 1082 1755 1134 humilis
1791 1082 1978 1137 corde.
2022 1081 2089 1133 Et
2148 1095 2358 1145 rursus,

787 1176 1003 1230 mittens
1033 1175 1326 1241 discipulos
1356 1187 1480 1225 suos
1502 1172 1564 1222 ad
1602 1157 2025 1239 prmdieandum,
2049 1183 2152 1221 nou
2187 1169 2358 1221 dixit:

784 1266 1052 1335 Jejunate.
1083 1262 1401 1318 sedzOmne
1435 1264 1580 1330 quod
1609 1272 1912 1332 apponetur
1943 1261 2098 1313 vobis
2135 1261 2363 1313 mandu-

788 1370 931 1413 cate.
965 1357 1036 1410 De
1060 1357 1266 1409 divitiis
1298 1355 1456 1424 plane
1499 1356 1711 1420 quidem
1755 1354 1972 1405 multam
2025 1352 2359 1421 diligentiam

787 1449 1152 1508 dissuadebat.
1186 1446 1373 1501 dicens
1409 1464 1422 1499 :
1460 1444 1581 1498 Non
1611 1445 1879 1497 habebitis
1938 1459 2150 1506 aurum,
2189 1459 2364 1511 neque

786 1551 1090 1607 argentum,
1126 1554 1301 1606 neque
1327 1552 1401 1590 res
1458 1539 1507 1588 iu
1549 1535 1699 1588 zonis
1757 1533 1983 1596 vestris;
2038 1534 2151 1586 haec
2183 1544 2361 1585 autem

791 1635 909 1684 dico
935 1631 1112 1695 vobis,
1146 1646 1248 1683 non
1291 1627 1554 1697 jejunium
1609 1628 1892 1691 (latnnans,
1963 1625 2137 1684 absit.
2166 1624 2362 1678 etenim

789 1725 942 1776 valde
966 1723 1069 1775 ltoc
1097 1722 1278 1784 laudo,
1306 1725 1404 1773 sed
1434 1736 1528 1787 pro
1560 1722 1711 1773 vobis
1763 1720 1971 1786 patiens
2011 1723 2221 1772 ett-teris
2248 1733 2365 1770 om-

789 1816 948 1867 nibus
981 1813 1196 1866 virtutis
1229 1813 1514 1878 speciebus
1550 1811 1904 1880 posthabitis.
1959 1811 2129 1863 solam
2154 1809 2363 1863 credite

2461 645 2554 680 τον
2583 646 2702 692 σου,
2738 629 2832 682 ἐὰν
2863 629 3038 697 θυμοῦ
3066 631 3371 700 κρατήσῃς,
3402 631 3468 683 ἂν
3499 629 3804 694 κενοδοξίαν
3831 632 4039 685 ἐκὸἀλο

2462 721 2580 791 λης,
2618 721 2687 773 ἂν
2735 723 3037 790 βασκανίαν
3066 722 3263 792 ἀνέλῃς
3284 737 3298 749 ·
3328 723 3472 774 οὕτω
3520 723 3612 774 καὶ
3649 722 3811 783 αὐτὸς
3843 724 3870 774 ὁ
3897 723 4040 790 Χρι-

2464 814 2587 874 στὸς
2636 813 2889 864 ιπαίδευε
2917 829 2931 844 ⁸
2969 812 3188 866 Μάθετε
3221 814 3349 880 γὰρ,
3392 813 3604 878 ἔλεγεν,
3653 811 3748 864 ἀπ’
3786 809 3922 877 ἐμοῦ
3953 813 4038 863 ὅτι

2461 907 2637 974 πρᾶος
2687 905 2806 974 είμὶ
2853 907 2948 958 καὶ
2979 908 3234 967 ταπεινὸς
3279 907 3344 972 τῇ
3380 906 3578 974 καρδῖᾳ
3602 921 3617 933 ο
3649 905 3749 956 οὐκ
3797 903 4040 968 ἔφραζεν

2461 995 2545 1046 ὅτι
2594 995 2933 1064 Ὲνήστευσα
2953 1013 2966 1027 ο
2998 997 3182 1049 καίτοι
3213 1013 3277 1064 γε
3327 992 3471 1062 εἶχεν
3517 995 3692 1046 εἰπεῖν
3722 994 3820 1055 τὰς
3843 1009 4040 1045 τεσσα-

2466 1087 2702 1154 ράκοντα
2755 1088 2968 1157 ἡμέρας
2997 1103 3010 1117 ·
3040 1088 3156 1138 ἀλλ’
3196 1090 3297 1140 οὐκ
3328 1087 3534 1152 εφασκε
3589 1084 3769 1143 τοῦτο.
3803 1085 3918 1135 ἀλλ’
3953 1084 4040 1136 ὅτι

2467 1178 2668 1243 Πρᾶόν,
2691 1178 2808 1245 εἰμι
2858 1179 2953 1230 καὶ
3005 1178 3264 1239 ταπεινὸς
3313 1181 3377 1246 τῇ
3424 1169 3643 1244 καρδίᾳ.
3684 1175 3795 1227 Καὶ
3854 1174 3965 1227 πάλ
3996 1183 4025 1226 3

2465 1271 2703 1337 πέμπων
2734 1269 2858 1330 τοὺς
2908 1270 3156 1338 μαθητὰς
3185 1270 3266 1332 είς
3301 1270 3360 1320 τὸ
3392 1270 3674 1338 κήρυγμα,
3711 1269 3812 1319 οὐκ
3851 1269 4042 1330 ἔλεγεν

2465 1363 2546 1414 ὅτι
2599 1361 2931 1430 Νηστεύετε,
2984 1362 3145 1426 ἀλλὰ,
3183 1363 3296 1413 Πᾶν
3327 1361 3388 1413 τὸ
3419 1359 3860 1429 παρατιθέμενον
3911 1360 4042 1427 ὑμῖν

2467 1453 2672 1504 ἐσθίετε
2705 1469 2719 1483 ·
2755 1454 3053 1523 χρημάτων
3090 1453 3274 1522 μέντοι
3309 1470 3371 1520 γε
3419 1452 3583 1504 ἕνεκα
3635 1451 3836 1519 πολλὴν
3883 1452 4044 1515 ἀκρί-

2466 1541 2618 1592 ϐειαν
2646 1543 2867 1610 ἀπῃτει,
2885 1542 3078 1608 λέγων,
3111 1543 3195 1612 Μὴ
3223 1542 3498 1610 κτήσησθε
3532 1541 3761 1610 χρυσὸν,
3781 1541 3918 1610 μηδὲ
3940 1544 4043 1608 ἀρε

2467 1648 2658 1699 γυρον.
2683 1632 2818 1699 μηδὲ
2849 1633 3050 1701 χαλκὸν
3079 1635 3156 1693 είς
3202 1634 3298 1694 τὰς
3334 1633 3509 1694 ζώνας
3540 1633 3693 1699 ὑμῶν
3719 1647 3734 1661 ·
3767 1631 3943 1683 ταῦτα
3979 1631 4042 1682 δέ

2467 1739 2611 1790 φημι
2642 1721 2774 1789 ἐγὼ,
2805 1722 2928 1791 οὐχὶ
2958 1724 3217 1793 νηστείαν
3250 1722 3515 1785 κακίζων,
3549 1721 3623 1790 μὴ
3659 1722 3897 1788 γένοιτο,
3946 1722 4043 1772 καὶ

2468 1817 2573 1882 γὰρ
2597 1814 2804 1883 σφόδρα
2837 1815 3042 1882 ταύτην
3076 1815 3310 1879 ἐπαινῶ,
3333 1813 3449 1867 ἀλλ’
3473 1814 3616 1882 ὑπὲρ
3637 1812 3799 1883 ήμῶν
3830 1813 4040 1878 ἀλγῶν,

787 1905 1032 1959 suilieere
1059 1905 1124 1957 ad
1182 1893 1412 1956 salutem
1469 1893 1724 1966 vestram,
1757 1917 1876 1954 eam
1927 1916 2043 1970 qme
2115 1901 2358 1954 ultimam
2392 1877 2436 1935 Β
2472 1924 2480 1955 -.

2350 1918 2358 1952 ι
2392 1877 2436 1935 Β
2472 1877 2572 1958 τῶν
2606 1877 2704 1974 μεν
2734 1877 2915 1960 ἀλλων
2946 1877 3204 1960 ἁπάντων
3232 1877 3325 1975 τῆς
3351 1907 3555 1975 ἀρετῆς
3583 1877 3742 1958 eli-(iw
3773 1905 4043 1974 ἀμελούν⁴

789 1998 888 2050 ioci
946 1998 1164 2050 virtutis
1221 2005 1370 2049 tenet
1432 2005 1687 2063 partem:
1738 1997 2030 2046 maximum
2080 1993 2239 2046 enim.
2278 2001 2363 2046 est

787 2092 1052 2155 charitas,
1088 2098 1140 2143 et
1189 2087 1527 2150 sullleientia,
1560 2097 1614 2140 et
1651 2086 1993 2155 eleemosyua
2026 2100 2144 2152 qum
2171 2095 2225 2137 et
2253 2083 2365 2136 vir-

788 2185 1065 2249 ginitatem
1100 2191 1320 2249 superat
1351 2198 1364 2233 :
1401 2180 1517 2232 sine
1539 2180 1684 2231 enim
1721 2177 2032 2246 virginitate
2067 2177 2215 2229 cerni
2259 2190 2355 2244 po-

793 2283 902 2326 test
939 2289 1185 2340 regnum,
1219 2273 1422 2338 absque
1460 2280 1641 2322 autem
1697 2269 2036 2339 eleetnosyna
2099 2269 2352 2337 itupOssi-

792 2366 897 2419 bile
959 2376 1059 2418 est.
1138 2362 1205 2418 Et
1271 2363 1374 2416 hoc
1437 2362 1732 2414 ostendunt
1785 2362 2026 2429 quinque
2083 2361 2360 2434 virgines;

789 2457 1232 2512 Necessariorum
1264 2455 1411 2508 enim
1447 2455 1547 2507 hoc
1577 2463 1630 2507 et
1659 2452 2057 2523 praeeipuorum
2092 2467 2303 2503 summa
2342 2467 2354 2502 :

793 2568 896 2604 non
926 2550 1144 2618 quidem
1198 2546 1492 2610 immerito,
1511 2560 1634 2599 nam
1667 2559 1762 2599 cor
1818 2545 2034 2597 virtutis
2069 2543 2201 2596 illud
2263 2557 2360 2595 vo-

791 2641 1056 2698 cavimus.

859 2911 914 2964 7.
944 2909 1125 2977 Itaque
1173 2909 1217 2962 si
1257 2907 1505 2972 velimus,
1583 2922 1878 2976 possumus
1938 2916 1991 2958 et
2050 2924 2147 2958 nos
2212 2908 2358 2960 velut

791 3006 1007 3057 virtutis
1031 3001 1318 3068 imaginem
1347 3000 1412 3052 ad
1438 3012 1708 3068 quemque
1737 2999 2066 3064 aspicientes
2086 3000 2355 3064 apostolo-

794 3110 934 3158 rum,
956 3105 1006 3147 et
1029 3092 1321 3158 Scripturis
1345 3090 1658 3143 divinisboc
1681 3088 1962 3156 diligenter
1985 3089 2365 3155 przebentibns,

2465 2016 2595 2060 των,
2629 1999 2838 2068 ταύτην
2893 1999 2950 2051 δὲ
2991 1999 3155 2068 μόνον
3196 1998 3526 2067 νομιζόντων
3569 2001 3764 2068 ἀρκεῖν
3797 1999 3878 2059 είς
3937 2014 4045 2049 σω·-

2465 2091 2660 2160 τηρίαν
2683 2092 2843 2160 ἡμῖν,
2869 2091 2927 2144 τὸ
2957 2091 3185 2160 ἔσχατον
3209 2088 3303 2143 τοῦ
3327 2089 3493 2160 χοροῦ
3530 2091 3628 2160 τῆς
3658 2091 3862 2159 ἀρετῆς
3892 2091 4045 2159 ἐχου-

2469 2201 2570 2235 σαν
2599 2184 2765 2252 μέρος
2792 2200 2804 2213 ·
2841 2185 2903 2235 τὸ
2953 2185 3061 2250 γὰρ
3091 2183 3371 2250 μέγιστον.
3410 2183 3598 2252 ἀγάπη
3639 2183 3736 2234 καὶ
3770 2183 4044 2234 ἐπιείκεια

2467 2278 2562 2328 καὶ
2627 2275 2993 2344 ἐλεημοσύνη,
3046 2276 3080 2345 ἢ
3116 2276 3208 2327 καὶ
3241 2275 3544 2342 παρθενίαν
3597 2274 3998 2344 ὑπερηκόντισε
4025 2292 4041 2308 ο

2466 2372 2634 2437 χωρὶς
2667 2369 2767 2436 μὲν
2791 2369 2898 2436 γὰρ
2929 2368 3253 2438 παρθενίας,
3292 2367 3517 2420 δυνατὸν
3550 2367 3837 2435 βασιλείαν
3869 2369 3999 2419 ἰδεῖν
4028 2381 4043 2394 '

2467 2459 2636 2528 χωρὶς
2673 2459 2728 2511 δὲ
2769 2459 3166 2529 ἐλεημοσύνης,
3217 2459 3483 2511 ἀδύνατον
3509 2475 3525 2490 °
3556 2461 3653 2512 καὶ
3695 2459 3953 2527 δηλοῦσιν
3985 2463 4042 2512 σί

2467 2552 2628 2603 πέντε
2674 2552 2978 2622 παρθένοι·
3037 2552 3145 2604 τῶν
3197 2552 3307 2620 γὰρ
3343 2553 3661 2618 ἀναγκαίων
3709 2551 3871 2605 τοῦτο
3901 2553 4044 2615 ἐστὶ,

2469 2646 2564 2695 καὶ
2603 2644 2938 2712 συνεχόντων
2980 2644 3041 2695 τὸ
3071 2644 3180 2695 πᾶν
3207 2658 3222 2673 ⁸
3256 2643 3357 2695 οὐκ
3389 2644 3497 2711 ἄρα
3539 2644 3872 2706 ἀπεικότως,
3911 2661 4050 2712 x19-

2468 2733 2587 2786 δίαν
2617 2737 2750 2786 αὐτὸ
2786 2734 3138 2804 κεκλήκαμεν
3169 2734 3271 2804 τῆς
3304 2735 3532 2804 ἀρετῆς.

2544 2911 2609 2975 ζ’.
2647 2913 2815 2964 ’Ὥστε
2847 2914 2944 2964 ἐὰν
2978 2912 3246 2983 θέλωμεν,
3286 2914 3512 2966 δυνατὸν
3543 2915 3676 2982 ἡμῖν
3705 2914 3777 2974 ὡς
3805 2917 3884 2972 είς
3922 2918 4054 2980 ἁρε-

2469 3005 2568 3071 τῆς
2609 3005 2794 3057 είκόνα
2822 3006 2958 3074 πρὸς
2985 3006 3217 3059 ἕκαστον
3242 3007 3410 3074 ὁρῶσι
3451 3007 3557 3058 τῶν
3586 3008 3927 3072 ἀποστόλων,
3956 3012 4053 3060 καὶ

2471 3099 2590 3157 ταῖς
2626 3097 2798 3160 θείαις
2826 3098 3069 3167 Γραφαίς
3113 3099 3478 3168 προσέχουσιν
3508 3099 3775 3169 ἀκριὸῶς,
3811 3100 3879 3152 δι’
3911 3094 3987 3155 ὧν
4017 3105 4052 3171 ή

792 3201 888 3252 per
919 3199 1053 3254 quas
1086 3185 1263 3236 anima
1316 3183 1606 3234 decoratur
1659 3179 1962 3231 illuminata
2017 3178 2145 3230 nihil
2179 3181 2370 3230 cedere
2399 3218 2444 3276 Ο
2473 3205 2485 3236 ι

2358 3188 2620 3276 εοψυχὴ
2675 3187 3079 3250 καλλωπίζεται
3139 3188 3533 3259 φωτιζομένη,
3599 3189 3765 3258 μηδὲν
3821 3190 4051 3242 ἔλαττον

795 3278 934 3334 illis:
970 3291 1098 3330 num
1152 3275 1294 3328 enim
1351 3273 1521 3340 angeli
1548 3282 1702 3326 erant
1766 3270 1889 3324 illi?
1948 3287 2075 3323 num
2112 3271 2176 3322 de
2234 3271 2371 3325 eualo

797 3367 1235 3424 descenderunt?
1291 3363 1480 3418 Nooue
1516 3363 1760 3429 ejusdem
1819 3373 2028 3414 natura:
2090 3361 2369 3413 nobiseum

797 3461 1084 3527 participes
1144 3457 1405 3510 fuerunt?
1487 3471 1663 3508 noone
1728 3456 1779 3506 iu
1848 3453 2076 3505 urbibus
2151 3452 2368 3505 enutriti

793 3553 967 3607 sunt?
999 3567 1177 3603 nonne
1212 3550 1398 3601 iisdem
1463 3549 1542 3600 usi
1593 3545 1760 3598 sunt?
1797 3560 1972 3597 nonne
2015 3557 2158 3596 artes
2200 3545 2370 3595 mani-

795 3641 903 3694 bus
942 3638 1358 3693 exercuerunt?
1392 3638 1516 3689 laeti
1548 3650 1676 3689 sunt
1724 3647 1900 3689 autem
1959 3634 2258 3693 rnlrabiles,
2319 3642 2373 3685 et

796 3749 924 3787 vere
982 3748 1092 3800 pra:
1124 3733 1376 3784 omnibus
1427 3729 1683 3790 mirandi,
1713 3743 1928 3780 omnem
1990 3727 2203 3778 virtutis
2252 3741 2372 3779 cum

795 3825 1174 3880 exercuiSsent
1226 3826 1392 3884 viam,
1425 3834 1478 3874 et
1509 3821 1786 3888 exemplar
1829 3819 1957 3872 facti
2014 3819 2264 3871 omnibus
2303 3816 2372 3870 ad

795 3917 1050 3979 salutem,
1070 3924 1123 3965 et
1143 3915 1220 3968 sic
1245 3923 1566 3981 potestatem
1599 3912 1939 3964 destruentes
1966 3910 2191 3969 diaboli,
2213 3910 2372 3978 hujus

796 4008 1134 4061 sur-eidentes
1169 4021 1384 4064 nervos,
1436 4011 1780 4056 conterentes
1810 4003 1928 4070 ejus
1956 4013 2139 4070 eaput,
2178 4002 2374 4055 dissol-

799 4112 982 4153 vcnn-s
1015 4098 1132 4167 t-jns
1168 4097 1535 4167 tyrannidem,
1554 4096 1882 4162 dissipantes
1904 4094 2019 4163 ejus
2035 4095 2332 4147 exercitum
2356 4113 2368 4148 :

796 4202 845 4245 et
888 4192 986 4243 hoc
1019 4189 1357 4245 miraculum.
1380 4189 1632 4240 omnibus
1676 4184 2165 4238 miraeulismelius
2194 4195 2375 4237 osten-

799 4283 988 4335 dentes
1018 4299 1033 4346 ;
1065 4291 1113 4332 et
1151 4279 1432 4332 verissime
1468 4277 1685 4344 quidem
1723 4294 1736 4328 :
1779 4276 1976 4344 patitur
2003 4275 2145 4328 enim
2187 4275 2373 4326 diabo-

801 4382 885 4430 lus
916 4379 1130 4446 quando
1175 4376 1466 4442 eXpellitur
1502 4387 1757 4440 corpore,
1818 4380 2000 4440 utpote
2028 4372 2118 4439 qui
2175 4370 2244 4422 sit
2275 4385 2373 4438 po-

800 4484 967 4527 testas
999 4473 1244 4524 malefica
1273 4479 1327 4523 et
1357 4470 1633 4522 hominum
1685 4465 1930 4534 gaudens
1996 4465 2277 4534 punitione
2320 4475 2372 4517 et

2476 3282 2622 3348 ἔχειν
2663 3281 2889 3330 ἐκείνων
2917 3294 2929 3306 ·
2969 3279 3043 3348 μὴ
3093 3280 3199 3348 γὰρ
3229 3280 3455 3346 ἄγγελοι
3496 3275 3637 3349 ἦσαν
3679 3283 3924 3345 ἐκεῖνοι;
3970 3282 4051 3351 μὴ

2475 3372 2583 3440 γὰρ
2621 3370 2680 3434 ἐξ
2725 3371 2961 3440 οὐρανοῦ
3003 3371 3359 3439 κατέϐησανς
3407 3373 3530 3440 οὐχὶ
3563 3372 3672 3423 τῶν
3703 3372 3887 3424 αὐτῶν
3919 3375 4055 3442 ήμίν

2480 3463 2911 3533 μετέσχονςρὺκ
2942 3464 2998 3515 ὲν
3045 3462 3268 3514 πόλεσιν
3319 3464 3674 3532 ὲτράφησαν;
3709 3465 3769 3514 οὗ
3808 3464 3922 3517 τῶν
3955 3466 4057 3517 αὖ·

2475 3554 2585 3604 τῶν
2615 3554 2941 3622 ἀπήλαυσαν
2968 3570 2985 3617 ;
3012 3553 3132 3619 οὐχὶ
3161 3554 3352 3622 τέχνας
3379 3555 3866 3623 μετεχειρίσαντος
3893 3557 4057 3623 γεγό-

2476 3660 2601 3695 νασι
2631 3643 2687 3695 δὲ
2721 3645 3025 3712 θαυμαστοὶ
3075 3646 3169 3696 καὶ
3202 3644 3278 3706 ὡς
3324 3645 3542 3714 ἀληθῶς
3574 3646 4054 3714 ὑπερθαύμαστοι,

2475 3736 2658 3787 πᾶσαν
2699 3736 2903 3804 ἀρετῆς
2946 3737 3290 3804 ἀσκήσαντες
3319 3737 3461 3801 ὁδὸν,
3491 3739 3587 3790 καὶ⁵
3617 3741 3788 3791 τύπον
3822 3741 4057 3806 γενόμε-

2477 3845 2559 3879 νοι
2611 3830 2745 3880 πᾶσι
2805 3828 3294 3899 πρὸςσωτηρίαν,
3352 3831 3444 3882 καὶ
3483 3830 3626 3882 οὕτω
3672 3831 3772 3898 τὴν
3818 3811 4057 3899 δύναμιν

2474 3920 2755 3982 ἀνελόντες
2777 3921 2870 3972 τοῦ
2892 3921 3166 3981 διαδόλου,
3199 3922 3530 3990 ἐκκόψαντες
3547 3923 3739 3975 τούτου
3772 3926 3840 3975 τὰ
3858 3923 4056 3993 νεῦρα,

2476 4009 2866 4077 συντρίψαντες
2895 4011 3057 4063 αὐτοῦ
3083 4013 3183 4081 τὴν
3215 4012 3479 4082 κεφαλὴν,
3503 4013 3924 4077 καταλύσαντες
3954 4020 4056 4067 αὖ-

2474 4098 2570 4151 τοῦ
2603 4099 2704 4168 τὴν
2736 4101 3047 4168 τυραννίδα,
3081 4103 3489 4166 διασπάσαντες
3524 4104 3584 4156 τὸ
3636 4107 4009 4172 στρατόπεδον
4039 4126 4052 4137 ·

2474 4189 2569 4240 καὶ
2607 4187 2766 4240 τοῦτο
2806 4192 3058 4257 σημεῖον,
3097 4192 3357 4244 ἀπάντων
3401 4194 3646 4262 σημείων
3684 4197 3872 4263 μεῖζον
3930 4199 4056 4248 ἑπι-

2474 4279 2816 4348 δειξάμενοι·
2875 4282 2969 4332 καὶ
3007 4281 3153 4348 μάλα
3204 4284 3462 4346 είκότως’
3511 4285 3670 4352 ἀλγεῖ
3711 4287 3816 4353 μὲν
3877 4291 3984 4356 γὰρ
4026 4294 4054 4341 ὁ

2476 4369 2724 4432 διάϐολος
2775 4371 2904 4423 ὅταν
2949 4371 3175 4442 ὲξελαθῇ
3229 4374 3506 4443 σώματος,
3558 4376 3655 4429 ἆτε
3704 4378 3942 4444 δύναμις
3977 4378 4056 4431 Gn

2475 4459 2771 4520 κακοποιὸς
2802 4461 2897 4512 καὶ
2924 4463 2990 4530 τῇ
3023 4463 3132 4513 τῶν
3162 4461 3472 4531 ἀνθρώπων
3510 4464 3846 4533 ἐφηδόμενος
3879 4483 4061 4534 τιμω·

802 4566 1209 4625 destructione;
1255 4562 1424 4613 multo
1478 4574 1607 4612 vero
1661 4559 1831 4626 magis
1886 4559 2087 4624 patitur
2151 4555 2372 4626 quando
2407 4544 2495 4619 οε

2368 4581 2372 4601 ι
2407 4544 2452 4602 D
2481 4550 2572 4620 plq.
2593 4550 2684 4602 καὶ
2707 4551 2955 4620 ἀπωλείᾳ
2978 4567 2992 4580 ·
3018 4552 3198 4621 πολλῷ
3219 4553 3274 4605 δὲ
3302 4555 3504 4623 μᾶλλον
3525 4555 3704 4622 ἀλγεῖ,
3729 4556 3861 4609 ὅταν
3878 4558 4061 4624 ἀμαρ-

800 4658 1034 4724 peccatis
1063 4655 1356 4706 liberatam
1391 4651 1536 4704 videt
1575 4651 1832 4703 animam.
1867 4648 1938 4702 Et
1988 4648 2131 4701 enitn
2170 4661 2366 4717 magna

799 4746 1049 4801 dammuii
1088 4753 1352 4813 potestas,
1386 4753 1667 4810 peccaturo
1703 4750 1810 4805 est,
1844 4750 2029 4807 utpote
2062 4754 2181 4806 qua:
2209 4741 2275 4790 ab
2306 4752 2371 4791 eo

801 4840 1026 4893 edicitur
1059 4837 1296 4903 fugiente
1318 4835 1596 4889 virtutem.
1633 4831 1859 4900 Propter
1883 4833 1981 4884 hoc
2011 4841 2264 4883 mortuus
2290 4839 2374 4884 est

805 4932 1079 4994 Christus,
1110 4939 1164 4981 ut
1197 4928 1296 4980 hoc
1328 4927 1606 4980 destruat:
1638 4924 1744 4977 hoc
1773 4924 1916 4977 enim
1946 4931 2174 4975 mortem
2218 4921 2377 4974 indu-

801 5026 898 5084 xit,
935 5038 1030 5088 per
1089 5021 1212 5090 hoc.
1247 5033 1309 5071 ea
1342 5035 1461 5086 quae
1484 5031 1700 5070 sursum
1757 5023 1882 5067 sunt
1932 5015 2184 5067 deorsum
2235 5011 2372 5065 facta

803 5124 948 5165 sunt.
982 5112 1184 5179 Siergo
1217 5119 1264 5162 et
1295 5124 1392 5161 nos
1429 5109 1496 5159 ab
1521 5107 1775 5158 omnibus
1797 5106 2101 5157 eximentes
2125 5119 2225 5157 nos
2253 5117 2372 5171 qua:

803 5205 868 5258 ad
895 5205 1055 5256 vitam
1079 5202 1383 5268 pertinent,
1427 5199 1717 5252 efleramus
1749 5213 1846 5251 nos
1882 5197 1947 5247 ad
1985 5195 2291 5258 Christum,
2319 5203 2374 5247 et

801 5293 1164 5362 apostolorum
1217 5294 1386 5343 vitam
1423 5290 1697 5341 imitantes
1724 5287 1914 5338 fuimus
1938 5286 2089 5350 juxta
2128 5285 2250 5338 illos
2281 5286 2376 5334 do-

801 5398 977 5438 ctores
1023 5382 1205 5435 educti
1249 5384 1299 5432 in
1331 5397 1553 5448 regnum
1579 5381 1858 5442 talorum,
1889 5379 1955 5430 ad
1987 5379 2088 5430 huc
2120 5377 2290 5430 simus
2319 5375 2371 5428 iu

803 5479 915 5546 lege
939 5477 1078 5528 docti
1149 5477 1200 5528 in
1269 5473 1637 5538 evangelieant
1701 5483 1756 5524 et
1832 5487 2021 5524 novatn
2069 5471 2370 5524 doctrinam

798 5569 1005 5625 Cbrisd
1044 5606 1059 5630 ,
1124 5569 1264 5621 hanc
1332 5567 1622 5634 diligenter
1675 5565 1910 5618 scientes
1963 5574 2015 5618 et
2072 5563 2370 5617 scentulum

800 5665 1045 5715 eamdem
1077 5665 1448 5730 gubernantes
1485 5675 1616 5722 nos;
1655 5668 1815 5726 atque
1865 5659 1916 5711 iu
1953 5658 2204 5727 praesenti
2260 5658 2371 5708 vita

803 5754 1070 5816 fulgentes
1127 5752 1281 5820 juxta
1347 5752 1621 5819 apostolos
1661 5751 1902 5814 erimus,
1963 5761 2016 5802 et
2089 5750 2140 5799 in
2196 5749 2378 5802 lutura

2471 4644 2591 4704 cia;
2622 4643 3109 4714 ἀπαλλαττομένην
3133 4646 3219 4716 ἴδῃ
3249 4646 3459 4717 ψυχήν.
3490 4648 3602 4700 Καὶ
3635 4647 3745 4717 γὰρ
3771 4651 3803 4717 ή
3841 4652 4056 4718 μεγάλη

2477 4733 2573 4785 τοῦ
2611 4736 2869 4804 δαίμονος
2899 4736 3157 4806 δύναμις,
3201 4741 3234 4806 ὴ
3267 4740 3514 4808 ἁμαρτία
3551 4742 3719 4801 ἐστὶν,
3757 4743 3832 4803 ὡς
3871 4743 3932 4806 ἐξ
3959 4749 4062 4795 α)⁸

2476 4825 2573 4878 τοῦ
2608 4826 3082 4896 δημιουργηθείσα
3113 4831 3379 4897 φυγόντος
3412 4832 3514 4900 τὴν
3537 4833 3765 4900 ἀρετήν.
3793 4834 3898 4885 Διά
3927 4835 4064 4886 ταὺ-

2478 4933 2582 4986 την
2607 4917 2884 4971 ἀπέθανεν
2909 4922 2937 4972 ό
2963 4921 3222 4990 Χριστὸς,
3248 4923 3335 4976 ἕνα
3364 4924 3571 4992 ταύτην
3604 4923 3897 4994 καταλύσῃ
3918 4941 3934 4955 ο
3965 4929 4062 4977 καὶ

2479 5009 2586 5079 γὰρ
2614 5009 2754 5080 αὕτη
2785 5011 2878 5063 τὸν
2905 5010 3138 5065 θάνατον
3163 5014 3428 5083 είσήγαγε
3456 5029 3470 5044 ο
3501 5015 3590 5067 διὰ
3610 5015 3817 5081 ταύτην
3849 5018 3918 5067 τὰ
3947 5017 4064 5067 ἂνω

2480 5100 2632 5152 κάτω
2671 5101 2918 5168 γέγονεν.
2966 5102 3065 5155 Ἀν
3099 5104 3281 5155 τοίνυν
3330 5105 3423 5157 καὶ
3463 5107 3626 5174 ἡμεῖς
3659 5108 3880 5160 πάντων
3921 5109 4063 5159 ἀπο-

2483 5191 2784 5259 στήσαντες
2819 5192 3050 5256 ὲαυτοὺς
3080 5195 3188 5246 τῶν
3225 5195 3516 5264 βιωτικῶν,
3562 5197 3892 5267 ἀναθώμεθα
3926 5201 4057 5250 ἑαυ-

2479 5284 2603 5343 τοὺς
2653 5283 2732 5352 τῷ
2763 5284 3010 5353 Χριστῷ,
3061 5287 3273 5340 καὶτὸν
3310 5287 3420 5340 τῶν
3461 5289 3782 5342 ἀποστόλων
3811 5290 3926 5360 βίον
3963 5291 4062 5357 ζη-

2481 5375 2757 5437 λώσαντες
2783 5377 3072 5445 γενώμεθα
3106 5379 3229 5431 κατ’
3261 5380 3507 5442 ἐκείνους
3555 5385 3910 5450 γραμματεῖς
3952 5402 4060 5451 μα-

2480 5467 2835 5534 θητευθέντες
2880 5471 2962 5532 είς
2991 5471 3093 5541 τὴν
3147 5472 3428 5540 βασιλείαν
3474 5475 3583 5529 τῶν
3609 5477 3881 5544 οὐρανῶν,
3935 5481 4060 5527 ἀντὶ

2478 5559 2597 5622 τοῦ,
2639 5560 2929 5628 γενώμεθα
2961 5569 3292 5633 νομομαθεῖς
3321 5571 3402 5624 είς
3429 5568 3526 5638 τὴν
3560 5569 3935 5638 εὖαγγελικὴν
3964 5571 4060 5620 καὶ

2487 5653 2613 5703 νέαν
2638 5650 2990 5706 διδασκαλίαν
3017 5657 3277 5725 Χριστοῦ,
3304 5660 3382 5730 τῷ
3406 5660 3612 5729 ταύτην
3642 5662 3889 5729 ἀκριϐῶς
3916 5663 4057 5713 είδὲο

2482 5763 2587 5807 ναι,
2626 5743 2722 5794 καὶ
2772 5743 3148 5803 πολιτεύεσθαι
3184 5754 3320 5818 κατὰ
3345 5753 3574 5821 ταύτην,
3612 5748 3707 5805 κιλ
3755 5758 3813 5807 ἐν
3837 5757 3916 5822 τῖι
3951 5767 4062 5804 21-
