4288 6356
308 366 419 434 933

1648 366 1973 429 ETHICON
2019 368 2119 428 VI.

3449 393 3551 460 934

311 483 465 548 ζουσι
494 482 713 553 βλέπειν
744 481 835 532 καὶ
874 479 973 550 τὴν
1006 480 1241 548 κοπρίαν
1288 478 1524 547 ἑκείνην,
1563 482 1658 532 καὶ
1688 479 1875 533 τοῦτον
1904 483 1950 540 Λ
1980 496 2004 548 p

1860 480 2231 548 iApretiosis
2299 495 2571 543 ornatum.
2642 497 2692 539 et
2753 492 2934 545 nescio
2990 495 3397 564 quid:etct:im
3450 498 3553 560 non

308 577 370 627 ἐν
403 575 543 645 μέση
586 575 654 643 τῇ
688 572 892 642 κοπρία
940 572 1276 639 καίιήμενον,
1306 570 1401 623 τὸν
1438 570 1733 640 ἀνδριάντα
1785 572 1877 625 τὸν

309 667 568 738 χρυσοῦν,
604 665 696 717 τὸν
725 664 984 721 διάλιθον,
1023 665 1114 716 τὸν
1147 665 1247 715 οὑκ
1278 658 1396 716 οἶδα
1429 663 1546 726 πῶς
1578 664 1717 715 εἴπω
1740 679 1753 692 ’
1782 663 1877 715 καὶ

307 762 417 829 γὰρ
438 759 539 811 οὐκ
569 759 675 827 ἔχω
713 756 902 825 τιμίαν
935 756 1105 816 οὕτως
1140 755 1271 823 ὓλην
1302 755 1504 823 εὑρεῖν,
1536 755 1609 816 ὼς
1642 755 1879 824 δυνηοῆ-

306 869 397 903 ναι
444 850 783 917 παραϐαλεῖν
817 849 879 900 τὸ
923 845 1245 917 ᾑμαγμένον
1295 848 1471 899 ἐκεῖνο
1502 848 1661 914 σῶμα
1683 862 1698 876 ·
1734 846 1878 898 οὕτω

306 942 489 1010 πάσης
525 942 672 1009 -ὓλης
713 940 899 1007 τιμίας
946 941 1011 990 ὲκ
1058 936 1257 989 πολλοῦ
1290 936 1387 988 τοῦ
1442 938 1746 1003 περιόντος,
1780 938 1877 1004 τῆς

308 1034 512 1102 σαρκὸς
542 1032 759 1100 ἐκείνης
790 1032 822 1101 ἡ
857 1029 1019 1098 φύσις
1059 1030 1334 1082 ἐδείκνυτο
1368 1029 1748 1098 λαμπροτέρα,
1784 1031 1877 1080 καὶ

301 1126 372 1178 τὰ
393 1122 692 1194 οτραύματα
722 1122 833 1175 τῶν
864 1122 1105 1191 ἡλιακῶν
1134 1121 1373 1174 ἀκτίνων
1404 1120 1755 1188 φαιδρότεριι.

377 1262 459 1315 ιδ’.
500 1262 611 1313 Καὶ
669 1260 814 1329 μάλα
853 1259 1119 1322 εἰκότως·
1155 1252 1315 1311 αὗται
1361 1258 1462 1325 μὲν
1507 1258 1616 1325 γὰρ
1651 1259 1746 1318 τὰς
1778 1257 1873 1309 τοῦ

301 1354 556 1421 σώματος
580 1352 1021 1418 καταυγάζουσιν
1047 1350 1217 1418 δψεις,
1250 1351 1436 1402 ἐκεῖνα
1462 1349 1519 1401 δὲ
1541 1350 1607 1401 τά
1631 1349 1731 1418 τῆς
1758 1350 1872 1399 δια-

300 1445 454 1505 νοίας
483 1443 644 1512 ἡμῶν
676 1442 1009 1510 φωτίζουσιν
1041 1440 1268 1509 δμματα
1288 1456 1302 1471 ο
1344 1440 1427 1492 διὸ
1457 1440 1668 1491 δίκαιον
1699 1439 1871 1491 ταῦτα

301 1532 597 1603 περιφέρει
621 1532 766 1603 ἡμᾶς
795 1533 853 1582 ἐν
884 1530 957 1599 νῷ
978 1545 994 1560 ⁸
1023 1532 1114 1582 καὶ
1143 1530 1268 1582 ὅταν
1302 1531 1359 1595 ἐξ
1384 1530 1569 1597 οὐρίας
1599 1527 1869 1595 πλέωμεν,

299 1623 363 1675 τὸ
393 1626 652 1690 ναυάγιον
685 1621 1083 1691 φοϐουμένους
1114 1623 1207 1674 καὶ
1241 1621 1367 1673 ὅταν
1413 1622 1739 1689 πειρασμοῖς
1778 1637 1873 1671 πε-

304 1716 681 1784 ριπίπτωμεν,
710 1715 771 1765 τὸ
797 1715 860 1766 ἐκ
883 1715 982 1781 τῆς
1009 1712 1287 1782 ὑπομονῆς
1310 1711 1622 1771 ἐννοοῦντας
1647 1712 1834 1780 κέρδος
1853 1728 1866 1740 ’

1978 572 2129 623 valeo
2160 572 2373 642 dignam
2410 578 2541 630 s:.tis
2588 581 2868 635 materiam
2900 587 3137 652 reperire
3152 604 3311 656 quam
3341 598 3555 663 corpori

1978 660 2065 715 isti
2106 664 2403 729 sanguineo
2438 669 2685 724 conferre
2715 676 2914 740 possim
2945 693 2959 739 ;
2989 677 3060 731 ita
3102 693 3297 737 cuncta
3320 660 3554 744 pretiosa

1981 755 2205 807 materia
2238 771 2301 809 ex
2338 758 2516 811 multis
2548 777 2667 828 quae
2699 766 2943 819 ambiunt
2970 771 3149 826 carnis
3175 773 3329 828 istius
3352 789 3544 831 natura

1978 844 2237 899 illustrior
2288 850 2601 917 apparebat,
2654 861 2706 907 et
2756 856 2976 913 vulnera
3025 859 3156 917 solis
3216 865 3382 923 radiis
3438 849 3565 925 cla;

1977 953 2143 992 rtora.

2050 1252 2135 1306 14.
2182 1256 2247 1308 Et
2279 1256 2434 1323 yaltle
2460 1272 2585 1311 vere
2623 1277 2635 1312 :
2673 1261 2725 1315 bi
2756 1265 2898 1316 cnim
2933 1269 3179 1335 corporis
3218 1271 3388 1325 visum
3430 1272 3547 1327 illn-

1976 1344 2205 1406 minant,
2242 1346 2327 1399 illa
2363 1347 2732 1418 intelligentia:
2768 1363 2965 1408 nostras
3013 1358 3198 1413 oculos
3241 1361 3503 1416 illustrant
3534 1386 3544 1421 ;

1976 1432 2095 1485 ideo
2148 1434 2292 1501 juste
2345 1438 2461 1491 lucc
2521 1455 2618 1492 nos
2691 1441 3083 1499 circumferunt
3134 1450 3185 1500 in
3243 1459 3421 1505 mente
3456 1466 3545 1517 ςυι

1972 1528 2185 1591 quando
2217 1536 2376 1580 vento
2402 1544 2661 1598 prospero
2704 1535 3039 1603 navigamus,
3094 1540 3434 1612 naufragium
3480 1550 3541 1600 ti-

1974 1626 2210 1682 mentes;
2239 1629 2289 1670 et
2313 1624 2523 1686 quando
2543 1626 2922 1679 teutttionibus
2971 1630 3273 1695 obruimur,
3301 1646 3544 1702 questum

1973 1723 2003 1760 e
2034 1709 2289 1772 patientia
2335 1710 2623 1767 intuentes.
2689 1714 2755 1770 Ut
2796 1721 2937 1770 enim
2993 1720 3042 1772 in
3092 1737 3251 1776 arena
3287 1727 3542 1781 athletam

299 1809 379 1871 ὡς
408 1809 515 1877 γὰρ
546 1809 605 1859 ὲν
630 1806 706 1874 τῷ
737 1809 1023 1875 σκάμματι
1054 1805 1143 1857 τὸν
1167 1805 1405 1874 ἀθλητὴν
1430 1804 1526 1857 καὶ
1558 1804 1744 1873 ἱδρῶτι
1778 1806 1870 1855 καὶ
1907 1820 1947 1873 Β
1975 1816 1992 1851 ‹

1851 1806 1870 1855 ὶ
1907 1820 1947 1873 Β
1975 1810 2191 1866 oportet
2221 1814 2275 1856 et
2307 1805 2503 1857 sudore
2526 1816 2578 1857 et
2618 1807 2836 1873 pulvere
2868 1820 2920 1863 et
2955 1812 3136 1867 calore
3173 1817 3359 1878 multo.
3390 1829 3441 1871 et
3474 1820 3542 1870 Ia-

295 1902 447 1954 κόνει
476 1902 568 1954 καὶ
600 1898 776 1968 θέρμη
804 1898 993 1966 πολλῇ,
1019 1899 1113 1950 καὶ
1136 1898 1316 1960 πόνοις
1348 1897 1439 1949 καὶ
1468 1897 1863 1963 ταλαιπωρίαις

298 1988 575 2059 μάχεσθαι
627 1990 728 2051 δεῖ,
769 1988 910 2042 οὕτω
936 1989 1030 2041 καὶ
1084 1990 1176 2040 τὸν
1220 1990 1443 2054 ἄριστον
1471 1989 1565 2040 τοῦ
1622 1989 1862 2058 Χριστοῦ

297 2082 643 2151 στρατιώτην
682 2082 853 2135 πολλά
898 2076 1077 2151 χρεὼν
1122 2080 1416 2149 ὑπομένειν
1464 2080 1720 2144 ἐνταῦθα,
1769 2084 1864 2132 καὶ

294 2176 478 2226 πάντα
508 2174 695 2242 φέρειν
722 2174 1005 2241 γενναίως,
1037 2172 1090 2225 εί
1116 2189 1179 2238 γε
1209 2171 1392 2241 μέλλοι
1420 2171 1708 2242 λαμπροὺς
1731 2172 1863 2224 ἀπο-

293 2264 564 2333 λήψεσθαι
594 2266 721 2326 τοὺς
759 2265 1078 2332 στεφάνους.
1105 2264 1166 2316 Εί
1198 2262 1305 2331 γὰρ
1336 2263 1398 2332 δὴ
1427 2265 1586 2332 σῶμα
1620 2265 1862 2333 μακαρί-

294 2356 489 2425 ζομεν,
518 2357 579 2409 τὸ
626 2356 926 2425 δυνάμενον
953 2356 1124 2424 ψύχος
1167 2358 1262 2407 καὶ
1292 2352 1482 2420 καῦμα
1515 2356 1705 2422 φέρειν
1732 2353 1861 2405 ἀλύει

294 2467 435 2511 πως,
484 2449 580 2501 καὶ
630 2450 811 2515 λιμὸν,
859 2450 954 2501 καὶ
990 2448 1222 2513 ἔνδειαν,
1265 2448 1359 2499 καὶ
1404 2446 1734 2516 ὁδοιπορίαν,
1769 2446 1863 2498 καὶ

289 2542 669 2611 ταλαιπωρίας
702 2542 916 2611 ἑτέρας,
958 2542 1137 2608 πολλῷ
1170 2541 1370 2609 μᾶλλον
1413 2542 1495 2593 δεῖ
1540 2538 1862 2607 μακαρίζειν

288 2634 468 2703 ψυχὴν
497 2633 596 2703 τὴν
643 2633 951 2703 δυναμένην
986 2634 1272 2702 καρτερῶς
1305 2632 1399 2685 καὶ
1441 2632 1705 2700 γενναίως
1749 2631 1858 2683 τῶν

289 2728 479 2778 δεινῶν
509 2729 607 2787 τὰς
645 2725 951 2793 προσϐολὰς
998 2725 1296 2793 ὑπομένειν
1329 2724 1570 2785 ἁπάσας,
1622 2722 1717 2773 καὶ
1745 2722 1860 2773 δια-

292 2821 483 2886 τηρεῖν
533 2818 833 2870 ἀδούλωτον
880 2818 1048 2885 αὑτῆς
1085 2819 1173 2870 διὰ
1226 2819 1447 2869 πάντων
1485 2817 1545 2867 τὸ
1577 2816 1857 2885 φρόνημα.

293 2913 507 2981 ’Ὠσπερ
541 2910 632 2964 οὖν
662 2915 693 2981 ἡ
720 2913 917 2981 ἀργίας
952 2913 1046 2963 καὶ
1081 2911 1265 2973 ἀδείας
1311 2909 1659 2962 ἀπολαύουσα
1690 2906 1858 2976 ψυχὴ,

292 3004 530 3063 εὖκέλως
564 3002 665 3053 ὕπδ
698 3020 804 3053 των
839 3001 1025 3052 παθῶν
1075 3000 1375 3053 ἁλίσκεται.
1408 2998 1582 3059 οὕτως
1619 2999 1649 3065 ἡ
1683 2999 1860 3065 διηνε-

295 3094 407 3155 κῶς
436 3096 548 3156 τοῖς
582 3095 720 3162 ὑπὲρ
752 3093 850 3159 τῆς
879 3092 1079 3159 ἀρετῆς
1112 3096 1320 3159 ἀγῶσιν
1360 3092 1705 3159 ὲσχολακυῖα,
1735 3091 1853 3140 0361-:

1970 1892 2193 1948 lim-ibus
2224 1903 2274 1947 et
2330 1896 2563 1949 miseriis
2621 1912 2880 1967 pugnare,
2946 1903 3018 1955 ita
3090 1905 3307 1961 militem
3340 1910 3541 1964 Christi

1964 1982 2249 2047 optimum,
2308 1985 2395 2051 qui
2460 1987 2620 2039 multa
2681 1991 2836 2043 debet.
2893 1992 3001 2060 pati
3063 1995 3113 2047 in
3169 1998 3267 2052 bac
3320 2001 3446 2065 vita,
3484 2016 3543 2059 et

1966 2076 2144 2126 omnia
2176 2090 2437 2142 generose
2487 2077 2651 2143 ferre,
2688 2082 2732 2134 si
2781 2097 3011 2139 coronas
3060 2091 3538 2155 accipere'debeat

1970 2165 2189 2256 multas.
2228 2167 2284 2220 Si
2316 2169 2458 2221 cnim
2489 2185 2688 2240 corpus
2735 2174 2948 2229 beatum
2988 2178 3216 2237 dicimus
3259 2186 3399 2253 quod
3445 2204 3539 2256 po-

1970 2265 2073 2306 test
2107 2254 2275 2319 frigus
2300 2268 2351 2311 et
2386 2262 2617 2314 calorem
2645 2264 2759 2317 sine.
2793 2268 3005 2321 tristitia
3038 2268 3205 2335 ferre,
3234 2284 3289 2328 et
3321 2254 3539 2343 famem,

1966 2353 2017 2395 et
2049 2345 2301 2411 in0piam,
2338 2357 2389 2399 et
2435 2350 2535 2401 iter
2565 2358 2617 2401 et
2666 2353 2912 2408 miserias
2936 2358 3087 2420 alias,
3144 2364 3314 2418 multo
3372 2369 3538 2436 magis

1964 2437 2120 2491 beata
2151 2440 2371 2492 dicenda
2405 2451 2487 2495 est
2520 2444 2702 2497 anima
2727 2464 2844 2514 quae
2868 2450 3007 2503 valt-t
3044 2453 3260 2508 fortiter
3294 2468 3347 2511 et
3378 2476 3536 2526 gene-

1966 2530 2528 2585 roseinfortuniorum
2592 2551 2877 2604 aggressus
2924 2557 3113 2597 omnes
3169 2550 3455 2613 sustinere,
3486 2562 3535 2606 et

1968 2637 2063 2686 per
2093 2626 2271 2675 omnia
2310 2626 2631 2679 sententiam
2674 2644 2826 2680 snam
2876 2643 3027 2685 extra
3079 2638 3389 2694 servitutem
3423 2658 3535 2695 ser-

1966 2730 2117 2767 vare.
2153 2715 2220 2769 Ut
2269 2717 2412 2769 enim
2469 2720 2660 2772 inertia
2711 2731 2765 2774 et
2820 2724 3107 2779 securitate
3143 2727 3325 2783 fruens
3355 2736 3535 2786 anima

1967 2807 2119 2861 facile
2150 2807 2527 2862 afﬂictionibus
2571 2824 2893 2877 occupatur,
2929 2816 3002 2868 ita
3045 2834 3164 2885 qua:
3187 2820 3385 2887 jugiter
3417 2839 3534 2878 ver-

1965 2909 2117 2951 satur
2174 2899 2224 2950 itt
2285 2902 2501 2953 virtutis
2562 2903 2774 2970 pugnis,
2833 2920 3003 2974 neque
3054 2908 3247 2964 intueri
3299 2930 3533 2983 unquam

1965 2990 2278 3043 certaminis
2316 3005 2500 3044 coram
2555 3003 2727 3055 vacat,
2779 3010 2899 3048 cum
2939 3013 2997 3051 se
3026 3000 3094 3053 ab
3146 3001 3229 3054 bis
3281 3008 3533 3060 omnibus

1964 3082 2307 3135 abstraxerit.
2342 3081 2457 3135 Non
2515 3086 2655 3135 enim
2684 3085 2819 3140 bene
2862 3103 3023 3157 agere
3083 3101 3311 3157 tantum,
3337 3097 3427 3149 sed
3480 3111 3532 3153 et

295 3187 491 3254 σχολὴν
531 3186 653 3250 ἄγει
682 3183 854 3235 ταῦτα.
899 3184 1144 3250 ἐννοῆσαί
1189 3199 1319 3232 ποτε
1355 3183 1451 3247 τῆς
1484 3183 1610 3248 περὶ
1643 3181 1711 3231 τὰ
1749 3198 1849 3230 πα-
1876 3168 1920 3229 C
1956 3190 1986 3223 II

1836 3210 1849 3218 .
1876 3168 1920 3229 C
1956 3174 2076 3224 mali
2109 3174 2233 3238 quid
2278 3175 2384 3240 pati
2418 3177 2637 3228 multam
2678 3180 2976 3232 mercedem
3002 3181 3223 3239 habent.
3256 3186 3529 3250 Quamob-

293 3279 571 3344 λαίσματα
603 3280 893 3344 μερίμνης,
928 3276 1147 3326 πάντων
1171 3274 1335 3341 αὐτὴν
1372 3272 1690 3338 ἁπαγούσης
1716 3272 1844 3323 ὲκείο

293 3386 400 3419 νων
420 3383 432 3395 ⁸
468 3368 527 3418 οὺ
559 3369 664 3435 γὰρ
686 3366 746 3417 τὸ
773 3365 994 3433 ποιῆσαί
1024 3382 1077 3415 τι
1114 3364 1351 3432 χρηστὸν
1386 3363 1569 3430 μόνον,
1603 3360 1739 3413 ἀλλὰ
1766 3362 1855 3412 καὶ

292 3460 355 3508 τὸ
381 3456 571 3509 παθεῖν
602 3474 654 3508 τι
699 3457 884 3517 κακὸν,
920 3454 1117 3515 πολλὰς
1149 3454 1263 3521 ἔχει
1311 3456 1409 3514 τὰς
1457 3451 1716 3518 ἀμοιϐάς.
1757 3450 1856 3500 Διὰ

292 3550 357 3617 δὴ
411 3549 566 3602 τοῦτο
606 3548 699 3599 καὶ
753 3548 1028 3615 συγχωρεῖ
1086 3544 1347 3604 πολλάκις
1394 3544 1421 3593 6
1474 3539 1855 3611 φιλάνθρωπος

1967 3280 2081 3317 rem
2115 3279 2254 3332 sa-pe
2315 3265 2596 3317 hominum
2635 3278 2841 3320 amator
2871 3268 3006 3323 Dens
3026 3272 3289 3339 gloriosos
3325 3277 3375 3329 in
3412 3279 3531 3334 vita;

1966 3356 2210 3408 claritate
2255 3356 2536 3407 innumera
2594 3357 2677 3409 hic
2734 3359 2841 3423 pati
2897 3360 3193 3415 infortunia
3242 3366 3528 3432 permittit,

1964 3461 2056 3497 eos
2093 3445 2245 3498 Valde
2282 3446 2526 3513 diligens,
2561 3455 2771 3514 utquos
2803 3463 2900 3516 per
2930 3452 3041 3505 haec
3068 3456 3293 3510 adversa
3322 3468 3529 3513 amatos

1965 3535 2220 3598 effecerit,
2250 3536 2569 3589 illustriores
2600 3540 2788 3593 melius
2815 3554 3059 3596 coronet.

293 3645 423 3705 (θεὸς
475 3644 599 3705 τοὺς
636 3643 963 3708 εὐδοκίμους
1007 3643 1063 3691 ἐν
1114 3639 1230 3708 βίου
1278 3637 1627 3705 λαμπρότητι
1680 3634 1854 3701 μυρία
1894 3632 2124 3699 πάσχειν
2156 3629 2391 3683 ἐνταῦθα
2412 3630 2579 3693 δεινὰ,
2610 3633 2818 3701 σφόδρα
2845 3634 3015 3701 φιλῶν
3041 3638 3261 3705 αὐτοὺς,
3323 3638 3397 3703 ὥς
3460 3642 3527 3695 ἂν

289 3736 379 3785 διὰ
403 3734 508 3785 τῶν
537 3733 727 3786 δεινῶν
751 3734 958 3785 τούτων
987 3732 1111 3793 τοὺς
1143 3731 1499 3798 φιλουμένους
1535 3724 1918 3795 ἐργασάμενος
1950 3724 2389 3793 λαμπροτέρους,
2420 3724 2741 3795 στεφανώσῃ
2776 3728 3069 3794 μειζόνως.

365 3875 445 3922 ιε’.
482 3870 578 3920 ’Δν
616 3867 798 3919 τοίνυν
843 3866 1084 3935 ἀπολέσῃ
1140 3883 1224 3927 τις
1265 3865 1557 3933 χρήματα,
1610 3861 1852 3931 μηδόλως

284 3963 688 4029 δοσχερανὰτω.
744 3958 879 4010 ἀλλὰ
927 3958 1189 4024 γενναίως
1244 3956 1483 4023 ἐνεγκὼν
1516 3957 1848 4024 εὐχαριστη-

286 4058 436 4107 σάτω
462 4054 541 4120 τῷ
568 4053 708 4120 θεῷ,
735 4053 875 4104 κατὰ
895 4051 984 4103 τὸν
1023 4050 1144 4102 ’1ὼὸ
1168 4049 1358 4113 είπὼν,
1398 4050 1457 4100 '0
1484 4049 1681 4116 Κύριος
1712 4047 1845 4098 ἑδω-

283 4166 402 4211 κεν,
434 4150 460 4199 6
502 4149 703 4216 Κύριος
746 4146 963 4214 ἀφεῖλε·
996 4145 1072 4206 ὡς
1110 4145 1185 4211 τῷ
1223 4145 1410 4212 Κυρίῳ
1439 4142 1636 4206 ἔδοξεν,
1672 4140 1846 4202 οὕτως

280 4242 380 4292 καὶ
405 4240 653 4305 ἐγένετο*
684 4237 769 4306 εἴη
809 4237 869 4289 τὸ
914 4237 1087 4304 ὄνομα
1120 4234 1325 4304 Κυρίου
1356 4233 1728 4303 ηὒλογημένον
1765 4232 1844 4292 είς

277 4333 372 4384 τὸν
402 4332 598 4384 αἰῶνα·
634 4333 727 4384 καὶ
771 4330 959 4398 κέρδος
994 4330 1095 4397 τὴν
1126 4328 1332 4395 ζημίαν
1360 4325 1449 4377 διὰ
1482 4326 1581 4393 τῆς
1624 4322 1845 4390 εὐχαρι-

2036 3858 2119 3912 15.
2162 3859 2218 3913 Si
2252 3860 2411 3927 igitur
2435 3863 2556 3928 quis
2582 3860 2717 3915 bona
2743 3863 2984 3916 amiserit
3019 3879 3355 3934 nequaquam
3381 3884 3524 3937 aegre

1956 3953 2113 4015 ferat,
2148 3953 2237 4005 sed
2272 3967 2530 4021 generose
2558 3954 2734 4007 ferens
2781 3953 2888 4008 Deo
2916 3957 3117 4023 gratias
3154 3971 3298 4025 agat,
3325 3960 3403 4013 uti
3422 3960 3522 4016 Job

1955 4043 2181 4103 dicens;
2216 4040 2470 4093 Dominus
2515 4043 2684 4102 dedit,
2724 4042 2980 4098 Dooniuus
3022 4046 3284 4112 absmlit;
3325 4059 3379 4102 ut
3420 4050 3523 4105 Do—

1953 4134 2103 4186 mino
2130 4132 2351 4200 placuit.
2388 4133 2587 4186 fat-tutu
2620 4145 2701 4187 est
2733 4150 2748 4197 ;
2784 4137 2853 4189 sit
2882 4152 3076 4191 nomen
3121 4138 3327 4192 Domini
3355 4141 3519 4196 bene-

1951 4226 2152 4276 dictum
2202 4226 2252 4277 in
2310 4234 2591 4279 aeternum.
2642 4227 2813 4295 Atque
2860 4228 3062 4281 lucrum
3121 4230 3374 4285 damnum
3424 4250 3520 4301 per

1950 4316 2246 4382 gratiarum
2282 4317 2547 4370 actionem
2602 4316 2813 4372 elliciel.
2860 4316 2938 4372 Ne
2979 4320 3121 4373 dicat
3172 4322 3273 4375 sibi
3320 4322 3518 4391 injuste

279 4423 434 4483 στίας
467 4424 724 4488 ποιήσει’
761 4422 837 4489 μὴ
880 4423 1088 4473 εἰπάτω
1122 4422 1201 4471 ὅτι
1246 4419 1534 4491 ἄνθρωπος
1583 4415 1843 4482 άφεὶλατο
1878 4391 1919 4446 D
1950 4426 1972 4461 ε]

1821 4430 1843 4465 ο
1878 4391 1919 4446 D
1950 4411 2017 4463 ab
2047 4409 2263 4464 homine
2298 4410 2409 4462 base.
2442 4418 2595 4476 rapta
2643 4410 2808 4464 fuisse
2836 4428 2852 4475 ;
2886 4428 3005 4464 nam
3042 4414 3308 4479 quomodo
3334 4415 3514 4471 dicere

278 4511 455 4564 ταῦτα
486 4512 747 4579 ἀδικήσας
769 4527 783 4540 '
814 4512 908 4563 καὶ
962 4512 1078 4571 πῶς
1121 4511 1419 4577 δυνήσομαι
1454 4508 1649 4569 εἰπεῖν,
1678 4508 1705 4557 6
1733 4505 1846 4557 Κύ-

283 4621 399 4673 ριος
433 4604 719 4671 ἀφείλετος
754 4609 847 4655 καὶ
888 4606 915 4655 6
956 4602 1074 4654 ’1ὼῆ
1102 4604 1209 4671 γὰρ
1254 4601 1288 4654 δι
1326 4603 1353 4651 ὁ
1387 4599 1630 4660 διάϐολος
1661 4598 1839 4662 ἔλαϐε,

273 4693 451 4746 ταῦτα
480 4693 682 4760 ἔφησεν
711 4694 791 4745 ὅτι
828 4697 856 4747 6
908 4692 1110 4760 Κύριος
1146 4694 1398 4759 ἀφείλετο
1423 4709 1437 4723 ο
1491 4691 1623 4758 μηδὲ
1675 4689 1843 4742 πάλιν

274 4783 488 4835 εἰπάτω
517 4801 622 4848 τις,
655 4786 736 4835 ὅτι
766 4785 865 4837 οὐκ
908 4785 1110 4845 εἰδότος
1138 4784 1259 4836 οὐδὲ
1311 4782 1640 4850 βουλομένου
1672 4797 1775 4849 μου
1815 4782 1842 4832 6

275 4875 479 4944 λῃστὴς
517 4876 674 4927 ἔλαϐε
723 4880 921 4939 ταῦτα,
948 4878 1042 4928 καὶ
1090 4879 1243 4937 ποῖος
1294 4876 1446 4927 ἔσται
1496 4892 1585 4941 μοι
1622 4872 1836 4941 μισθὸς,

278 4967 380 5015 οὐκ
422 4969 560 5033 ἐμῆς
602 4967 824 5034 γνώμης
854 4964 949 5017 τοῦ
1002 4966 1321 5035 πράγματος
1372 4968 1551 5027 δντοςς
1582 4963 1703 5017 οὐδὲ
1732 4965 1841 5033 γὰρ

274 5058 370 5109 τοῦ
411 5058 530 5109 ’1ὼό
583 5058 780 5119 εἰδότος
826 5058 945 5109 οὐδὲ
990 5058 1312 5125 βουλομένου
1361 5056 1532 5108 ταῦτα
1580 5056 1836 5121 ἐγένετο·

271 5148 399 5201 ἀλλ’
418 5149 564 5215 ὅμως
587 5148 685 5199 οὐκ
713 5148 935 5200 ἔλαττον
965 5152 1077 5217 ἔχει
1102 5150 1210 5201 τῶν
1238 5148 1612 5216 ἐλεημοσύνην
1641 5146 1838 5198 δόντων

272 5239 481 5298 ἐκεῖνος
514 5241 542 5291 6
579 5237 652 5307 μὴ
683 5238 805 5298 δοὺς
834 5238 953 5289 τότε
982 5254 995 5266 ·
1036 5239 1445 5305 Παραπλησίως
1484 5232 1576 5287 οὖν
1606 5236 1699 5286 καὶ
1733 5236 1838 5295 πᾶς

272 5347 357 5390 τις
395 5329 547 5391 ἄλλος
577 5330 895 5397 ἀφαιρεθεὶς
943 5330 1201 5398 χρήματα
1248 5330 1341 5381 καὶ
1375 5327 1696 5394 ὑπομείνας,
1748 5344 1838 5379 το-

274 5420 464 5471 σοῦτον
516 5420 743 5489 λήψεται
796 5420 1008 5489 μισθὸν,
1058 5424 1183 5473 ὅσον
1226 5423 1292 5473 ἂν
1342 5423 1389 5473 εί
1448 5418 1591 5472 ἑκὼν
1644 5417 1835 5487 ἔρριψε

270 5512 470 5577 ταῦτα,
509 5516 556 5565 εἰ
588 5514 721 5582 πρὸς
758 5515 994 5581 πένητας
1028 5514 1366 5580 δεδαπάνηκε
1397 5530 1409 5542 ·
1441 5515 1533 5564 καὶ
1567 5514 1791 5573 εἰκότως
1822 5528 1833 5539 ·

270 5602 461 5655 τοῦτον
491 5606 583 5657 καὶ
615 5606 722 5675 γὰρ
771 5606 1126 5674 θαυμάζομεν
1177 5607 1379 5673 μᾶλλον
1432 5606 1523 5655 τὸν
1572 5604 1835 5672 ἐπηρείας

272 5695 609 5765 εὐχαρίστως
650 5696 903 5766 φέροντα,
960 5698 991 5767 ἢ
1035 5697 1126 5749 τὸν
1172 5698 1362 5749 ἑκόντα
1400 5696 1608 5748 διδόντα
1635 5712 1648 5725 ·
1686 5696 1833 5760 τί’δή

1948 4501 2191 4570 possim:
2225 4500 2480 4553 Dominus
2516 4501 2773 4554 abstulit?
2795 4499 2895 4556 Job
2929 4504 3071 4557 cnim
3103 4520 3224 4570 quae
3268 4506 3513 4562 diabolus

1948 4594 2145 4660 rapuit,
2182 4592 2296 4645 haec
2339 4592 2473 4645 dixit
2530 4608 2557 4645 a
2606 4593 2832 4646 Domino
2884 4595 3080 4650 ablata.
3113 4596 3296 4664 Neque
3326 4614 3515 4655 rtnsns

1945 4686 2091 4738 dicat
2117 4685 2238 4753 quis
2278 4701 2293 4737 :
2333 4683 2515 4751 Neque
2562 4685 2764 4739 sciente
2798 4701 2968 4752 neque
3012 4688 3221 4740 volente.
3246 4705 3328 4741 me
3377 4691 3511 4742 latro

1943 4777 2059 4831 lucc
2079 4779 2251 4845 cepit;
2280 4786 2334 4830 et
2365 4778 2539 4842 qualis
2569 4778 2670 4829 erit
2706 4779 2833 4830 mihi
2868 4778 3185 4844 stipendium
3219 4781 3260 4833 si
3303 4781 3401 4834 hoc
3426 4798 3510 4840 tne

1944 4871 2113 4926 inscio
2169 4870 2298 4924 fiat?
2330 4869 2443 4923 Non
2504 4870 2644 4923 enim
2704 4872 2907 4923 sciente
2952 4869 3052 4922 Job
3076 4886 3247 4939 neque
3295 4874 3511 4928 volente

1946 4963 2057 5016 lucc
2089 4961 2227 5015 facta
2282 4972 2441 5025 sunt;
2496 4970 2731 5014 attamen
2790 4975 2893 5012 non
2950 4961 3170 5015 inferior
3200 4973 3279 5015 est
3305 4964 3387 5016 bis
3416 4968 3504 5033 qui

1942 5056 2330 5123 eleemosynatu
2360 5053 2560 5106 faciunt
2587 5053 2698 5120 ipse
2723 5052 2853 5105 nihil
2881 5059 3037 5106 dans.
3069 5053 3327 5107 Similiter
3349 5058 3509 5124 igitur

1942 5144 2117 5213 qui\is
2166 5146 2303 5199 alius
2356 5144 2510 5198 bonis
2559 5145 2800 5213 privatus
2846 5158 2897 5197 et
2934 5145 3143 5211 patiens
3182 5156 3382 5198 tantum
3408 5147 3503 5202 sti-

1942 5236 2190 5305 pendium
2219 5236 2723 5305 accipietquantum
2753 5235 2796 5287 si
2838 5235 2950 5289 haec
2982 5237 3212 5289 libenter
3238 5239 3501 5299 eiecisset,

1941 5330 1981 5381 si
2042 5328 2364 5396 pauperibus
2416 5336 2688 5395 erogasset
2738 5335 2846 5391 ;et
2907 5327 3112 5381 merito.
3170 5326 3302 5378 Eum
3357 5329 3499 5381 enim

1942 5418 2108 5485 magis
2142 5422 2408 5469 miramur
2433 5418 2519 5484 qui
2548 5416 2899 5484 privationem
2933 5419 3083 5469 la‘tus
3110 5415 3314 5479 suffert,
3338 5432 3500 5485 quam

1938 5525 2056 5561 eum
2089 5509 2177 5575 qui
2219 5508 2577 5562 datlibenter.
2611 5508 2718 5561 Cur
2743 5507 2947 5575 igitur?
2973 5506 3105 5571 Quia
3137 5506 3226 5558 ille
3253 5507 3497 5559 laudibus

1938 5602 2205 5655 enutritur
2260 5600 2602 5654 conscientia:
2657 5611 2709 5653 et
2754 5600 2944 5651 bonam
2996 5613 3143 5664 spem
3200 5600 3357 5650 habet
3397 5613 3411 5651 :
3445 5611 3497 5650 et

1941 5697 2089 5765 prius
2124 5709 2382 5765 generose
2427 5692 2626 5756 ferens,
2674 5696 2929 5746 bonorum
2978 5691 3329 5759 privationem
3369 5698 3501 5741 tune
