4288 6356
752 429 858 492 935

1873 422 2266 484 TllEODORl
2310 417 2855 482 MELITENIOTIE

3874 407 3990 465 930

756 545 841 597 illa
873 540 1048 606 cjccit.
1076 539 1172 593 llic
1206 551 1332 592 vero
1353 535 1530 591 adhuc
1558 532 1806 604 alligatus
1830 535 2092 590 violenter
2118 535 2316 601 spolia-
2347 548 2391 601 Α
2426 551 2449 582 τ

2306 562 2316 574 ι
2347 548 2391 601 Α
2426 550 2588 594 ποτε;
2628 533 2709 582 ὅτι
2751 532 2954 588 ἐκεῖνος
3000 528 3101 595 μὲν
3133 527 3240 586 τοῖς
3290 525 3534 584 ἐπαίνοις
3576 521 3865 588 τρέφεται,
3898 523 3999 568 καὶ

757 645 841 685 tus
867 641 968 685 est.
997 629 1114 683 Non
1147 638 1325 682 autem
1365 641 1461 693 par
1508 636 1590 678 est
1643 626 1792 695 prius
1821 640 2137 694 persuasum
2168 626 2322 677 honis

759 723 1039 786 recedere,
1063 731 1117 776 et
1163 730 1289 774 tunc
1351 719 1432 772 eis
1477 719 1746 780 evacuari,
1783 719 1893 771 lizec
1937 727 2116 769 autem
2152 718 2325 769 adhuc

757 815 1062 883 cupientem
1111 811 1324 879 Spoliari
1358 829 1372 875 ;
1412 826 1585 879 neque
1649 825 1835 862 rursus
1879 809 2048 860 multo
2089 818 2327 874 tempore

761 915 1123 972 contemptum
1163 903 1424 955 bonorum
1460 902 1703 955 meditari
1741 909 1794 953 et
1821 901 2042 953 crudele
2073 903 2324 952 damnum

760 996 1005 1048 accidens
1045 993 1288 1046 suﬂ‘crre.

761 1091 855 1140 καὶ
893 1090 972 1139 ἔτι
1004 1088 1180 1140 αὐτῶν
1210 1088 1477 1139 ποθοῦντα
1528 1085 2010 1161 ἀποστερηθῆναι·
2082 1086 2205 1138 οὐδὲ
2280 1086 2442 1138 πάλιν
2478 1089 2536 1138 ἐν
2577 1088 2756 1156 πολλῷ

2419 625 2496 692 τῷ
2532 623 2816 683 συνειδότι,
2856 622 2948 673 καὶ
2996 617 3236 688 χρηστὰς
3292 618 3403 684 ἔχει
3437 615 3537 675 τὰς
3588 611 3844 669 ἐλπίδας·

2422 715 2687 783 πρότερον
2724 712 2985 778 γενναίως
3026 709 3266 776 ἐνεγκὼν
3306 709 3402 776 τὴν
3434 706 3688 775 στέρησιν
3726 703 3834 754 τῶν
3859 717 3999 768 χρη-

3892 611 4000 661 καὶ

2426 807 2632 876 μάτων,
2665 805 2784 856 τότε
2815 803 2955 855 αὐτὰ
3000 801 3227 870 ἔρριψεν
3254 815 3268 831 ⁸
3302 799 3453 858 οὗτος
3487 797 3543 848 δὲ
3592 799 3670 849 ἑτι
3702 793 4002 863 προσδεδε-

2428 916 2585 965 με·ιο;
2610 898 2860 966 ἁψῃρέθη
2891 897 3003 965 βῐᾳ.
3032 894 3146 948 Οὐκ
3178 893 3294 945 ἔστι
3329 891 3385 942 δὲ
3424 893 3539 942 ἴσον
3571 889 3836 956 πρότερον
3866 901 3999 936 πει-

2427 993 2620 1042 σθέντα
2654 992 2959 1057 ἀποστῆναι
2988 988 3313 1058 χρημάτων,
3343 984 3515 1043 οὓτως
3543 982 3681 1033 αὐτὰ
3726 981 3998 1036 κενῶσαι,

2843 1088 3018 1156 χρόνῳ
3068 1085 3365 1155 μελετῆσαι
3409 1080 3823 1147 καταφρονῆσαι
3888 1077 4006 1126 τῶν

762 1183 1081 1251 χρημάτων,
1113 1185 1206 1234 καὶ
1243 1181 1440 1251 ἀθρόον
1487 1180 1692 1250 ζημίαν
1747 1179 2036 1248 συμϐᾶσαν
2095 1181 2440 1247 ὑπενεγκεῖν.

837 1322 921 1374 16.
973 1302 1190 1387 δί’(ιυίε
1229 1319 1363 1371 alius
1416 1319 1675 1386 inglorius
1714 1334 1744 1369 e
1775 1317 2013 1385 glorioso
2089 1318 2199 1378 ﬁat,
2237 1320 2321 1370 vel

767 1411 950 1462 inorbo
979 1409 1137 1477 longo
1172 1421 1221 1461 et
1245 1410 1466 1462 terribili
1501 1411 1660 1470 lucta,
1692 1408 1774 1460 vel
1813 1408 1954 1460 aliud
1995 1409 2267 1477 quidpiam
2292 1423 2323 1462 e

763 1499 886 1550 vita:
923 1499 1080 1550 malis
1111 1513 1300 1565 passus
1333 1497 1511 1557 luerit,
1539 1492 1779 1547 nonJohi
1815 1495 1970 1546 modo
1998 1494 2323 1558 meminerit,

767 1590 1065 1642 innumeris
1135 1588 1290 1641 malis
1350 1588 1584 1651 luctati,
1639 1588 1739 1639 etsi
1807 1587 2001 1637 virtute
2072 1586 2326 1652 praeditus

767 1681 934 1743 vivat,
971 1680 1063 1733 sed
1095 1689 1146 1732 et
1178 1680 1560 1746 prophetarum
1599 1689 1648 1730 et
1670 1678 1938 1744 justoruin
1967 1683 2022 1728 et
2051 1675 2326 1745 apostolo-

766 1787 886 1824 rum
921 1773 1156 1836 ipsorum
1192 1788 1204 1822 :
1246 1780 1296 1821 et
1323 1784 1512 1822 omnes
1547 1769 1680 1822 isros
1715 1771 1989 1836 reperiens
2029 1784 2132 1822 uou
2186 1768 2326 1820 inter

769 1863 981 1925 divites,
1021 1872 1115 1913 aut
1148 1861 1199 1912 in
1233 1860 1438 1913 deliciis
1469 1861 1732 1922 viventes,
1774 1861 1869 1912 sed
1899 1862 2037 1912 inter
2068 1875 2329 1927 pauperes

768 1966 822 2007 ct
868 1953 1114 2018 amictos,
1173 1963 1225 2005 et
1261 1952 1524 2021 angustiis
1574 1967 1806 2019 pressos,
1864 1953 1916 2004 in
1982 1954 2157 2016 fame,
2217 1954 2329 2013 siti,

775 2049 826 2099 in
905 2047 1146 2098 nuditate
1201 2047 1476 2113 degentes,
1518 2046 1719 2112 gratias
1778 2052 1900 2110 agat
1957 2043 2200 2107 Domino,
2236 2047 2326 2112 qui

773 2139 937 2190 fatum
973 2137 1072 2189 hoc
1119 2136 1219 2188 sibi
1240 2137 1404 2197 dedit,
1466 2150 1569 2187 non
1625 2137 1746 2187 odio
1780 2137 1999 2199 habens,
2039 2136 2132 2188 sed
2177 2137 2333 2189 valde

773 2231 1021 2294 diligens,
1059 2236 1110 2280 et
1163 2226 1359 2280 multas
1399 2226 1446 2278 ei
1482 2242 1708 2279 coronas
1744 2228 2005 2293 pra-bons.
2047 2227 2179 2281 Cum
2231 2228 2335 2280 illis

780 2337 882 2373 non
928 2321 1050 2372 odio
1103 2319 1308 2372 habens
1341 2329 1484 2370 tanta
1541 2320 1766 2370 adversa
1807 2319 2056 2385 patienda
2109 2319 2333 2382 miserit,

779 2414 869 2464 Sed
898 2412 1018 2478 quia
1068 2412 1292 2462 mullum
1325 2424 1416 2462 eos
1450 2409 1685 2470 amabat,
1728 2409 2049 2461 illustriores
2094 2424 2188 2459 eos
2243 2424 2337 2475 per

779 2507 1003 2557 adversa
1042 2504 1128 2554 illa
1165 2501 1366 2554 ell'ecit.
1411 2501 1519 2552 Etsi
1562 2501 1681 2565 quis
1731 2515 1840 2552 non
1890 2515 1918 2550 a
1963 2499 2069 2551 Deo
2112 2503 2334 2550 adversa

776 2599 1018 2662 quaedam
1080 2596 1337 2660 patiatur,
1391 2594 1482 2645 sed
1529 2608 1589 2642 ex
1653 2592 1930 2643 hominum
1991 2590 2332 2658 spoliatione,

781 2687 981 2750 gratias
1013 2696 1152 2753 aget.
1200 2695 1251 2737 et
1301 2700 1402 2736 non
1456 2684 1914 2748 hlasphemahitur
1964 2683 2014 2733 in
2066 2698 2186 2733 eum
2243 2683 2334 2748 qui

781 2775 1039 2839 impedire
1075 2783 1274 2841 potest,
1306 2776 1397 2825 sed
1427 2772 1679 2838 patientis
1710 2774 1777 2820 ob
1806 2771 2028 2840 gloriam
2055 2771 2338 2837 permittit.

786 2864 942 2916 Velut
986 2866 1018 2916 ii
1050 2866 1138 2928 qui
1192 2881 1220 2916 a
1264 2864 1372 2916 Deo
1408 2862 1713 2930 atlliguntur
1761 2878 2013 2915 coronam
2045 2862 2339 2929 accipiunt,

781 2959 854 3008 ita
885 2959 995 3023 ipse
1017 2959 1257 3008 eundeiu
1292 2961 1591 3007 uu-rcedein
1626 2955 1877 3022 attinget,
1909 2954 2036 3023 quia
2064 2955 2132 3006 ab
2163 2955 2338 3006 homi.

785 3052 942 3101 nibus
977 3049 1150 3100 illatus
1192 3062 1350 3100 casus
1397 3060 1654 3114 generose
1713 3048 1917 3109 tulerit,
1953 3056 2008 3098 et
2049 3047 2096 3098 ei
2125 3047 2213 3114 qui
2247 3047 2346 3098 im-

787 3141 963 3208 pedire
997 3150 1173 3206 potest
1204 3142 1294 3191 sed
1331 3155 1436 3191 non
1473 3139 1584 3189 vnit
1617 3139 1819 3204 gratias
1849 3139 2041 3204 egerit.

891 3232 1088 3282 Deinde
1156 3230 1518 3294 unusquisque
1597 3229 1764 3279 nostri
1850 3228 2207 3292 recordetur,
2289 3236 2347 3280 ut

2501 1320 2598 1382 ις’.
2638 1320 2734 1371 "Av
2759 1317 2946 1388 ἕτερός
2973 1332 3056 1377 τις
3083 1313 3247 1364 πάλιν
3273 1308 3460 1372 ἄδοξος
3489 1306 3550 1370 ἐξ
3579 1305 3792 1367 ἐνδόξου
3827 1302 4000 1368 γένη-

2430 1430 2538 1476 ται,
2570 1412 2602 1482 ἢ
2645 1413 2780 1477 νόσῳ
2813 1410 3001 1478 μακρᾷ
3029 1409 3124 1459 καὶ
3159 1405 3307 1470 δεινῇ
3335 1401 3562 1468 παλαίῃ,
3591 1398 3623 1466 ἢ
3657 1397 3784 1449 ἀλλο
3812 1411 3866 1445 τι
3901 1393 4009 1443 πέ-

2433 1504 2593 1556 πονθε
2634 1505 2740 1555 τῶν
2791 1502 2886 1554 τοῦ
2932 1500 3048 1570 βίου
3108 1495 3317 1558 κακῶν,
3374 1494 3448 1563 μὴ
3514 1489 3609 1543 τοῦ
3663 1488 3780 1541 Ἰὼϐ
3840 1488 4010 1555 μόνον

2433 1596 2862 1664 ἀναμνησθήτω,
2912 1593 3126 1662 μυρίοις
3183 1588 3378 1648 δεινοῖς
3432 1583 3867 1642 πυκτεύσαντος,
3901 1581 4001 1630 καὶ

2432 1689 2603 1741 ταῦτα
2629 1687 2833 1751 ζῶντος
2884 1687 2940 1737 ἐν
2972 1677 3168 1752 ἀρετῇ,
3197 1679 3334 1733 ἀλλὰ
3384 1677 3482 1730 καὶ
3512 1674 3621 1727 τῶν
3671 1671 3996 1742 προφητῶν,

2433 1783 2529 1834 καὶ
2571 1781 2678 1832 τῶν
2729 1777 2951 1830 δικαίων
2980 1773 3213 1827 καὶτῶν
3265 1769 3582 1823 ἀποστόλων
3617 1765 3794 1818 αὐτῶν
3829 1780 3843 1793 ·
3907 1764 4004 1814 καὶ

2434 1873 2645 1932 πάντας
2677 1869 2901 1930 τούτους
2932 1865 3107 1935 εὐρὼν
3148 1864 3208 1915 οὐ
3237 1863 3344 1913 τῶν
3384 1859 3759 1912 πλουτούντων
3791 1854 3854 1907 οὐ
3891 1855 4006 1905 τῶν

2433 1961 2785 2029 τρυφώντων,
2813 1957 2949 2009 ἀλλὰ
2980 1956 3088 2007 τῶν
3118 1952 3456 2019 πενομένων,
3488 1950 3601 2001 τῶν
3641 1946 4006 2012 θλιϐομένων,

2435 2053 2544 2103 τῶν
2599 2049 3142 2119 στενοχωρουμένων,
3179 2045 3288 2097 τῶν
3321 2045 3377 2094 ἐν
3426 2041 3571 2109 λιμῷ
3606 2041 3699 2092 καὶ
3731 2037 3858 2106 δίψῃ
3912 2037 4011 2087 καὶ

2433 2142 2735 2209 γυμνότητι
2765 2140 3063 2204 διαγόντων
3091 2137 3273 2196 ὄντας,
3320 2131 3769 2204 εὐχαριστησάτω
3803 2129 3882 2197 τῷ
3910 2130 4010 2178 Δε-

2437 2234 2633 2304 σπότῃ,
2672 2233 2754 2283 ὅτι
2789 2233 2884 2298 τῆς
2912 2231 3108 2299 μοίρας
3134 2228 3337 2295 ταύτης
3367 2227 3528 2278 αὐτὸν
3569 2223 3852 2286 ἐποίησεν,
3885 2219 4013 2284 οὐχὶ

2439 2324 2638 2392 μισῶν,
2671 2324 2806 2375 ἀλλὰ
2844 2324 2940 2372 καὶ
2972 2320 3178 2388 σφόδρα
3210 2319 3404 2386 φιλῶν,
3437 2317 3530 2368 καὶ
3561 2314 3789 2372 πολλοὺς
3823 2309 4013 2361 ὲντεῦ-

2439 2414 2530 2463 θεν
2569 2413 2714 2479 αὐτῷ
2744 2411 3023 2480 προξενῶν
3051 2411 3353 2478 στεφάνους
3381 2426 3394 2440 ·
3424 2407 3547 2459 ἐπεὶ
3573 2403 3860 2461 κάκείνους
3884 2401 4013 2466 οὐχὶ

2443 2502 2616 2570 μισῶν
2665 2503 2814 2570 ἠφίει
2863 2500 3105 2553 τοσαῦτα
3161 2501 3392 2567 πάσχειν
3437 2497 3607 2557 δεινὰ,
3648 2493 3764 2546 ἀλλ’
3818 2491 4012 2558 ἐπειδὴ

2442 2593 2648 2660 σφόδρα
2677 2593 2874 2658 ἐφίλει,
2895 2592 3314 2659 λαμπροτέρους
3343 2587 3539 2647 αὐτοὺς
3571 2585 3661 2636 διὰ
3685 2585 3790 2634 τῶν
3815 2581 4014 2632 δεινῶν

2440 2683 2648 2736 τούτων
2672 2683 2961 2751 εἰργάζετο
2987 2699 2999 2712 ·
3033 2683 3136 2733 κᾶν
3171 2680 3281 2750 γὰρ
3321 2681 3395 2747 μὴ
3428 2678 3516 2730 διὰ
3557 2677 3648 2729 τὸν
3681 2675 3812 2726 Θεὸν
3864 2673 4014 2739 πάθῃ

2443 2780 2527 2841 τίς
2557 2797 2610 2830 τι
2641 2780 2749 2831 τῶν
2779 2779 2991 2841 δεινῶν,
3019 2777 3132 2829 ἀλλ’
3163 2773 3224 2837 ἐξ
3262 2772 3568 2840 ἀνθρώπων
3604 2766 3894 2834 ἐπηρείας,
3929 2766 4014 2814 εὐο

2443 2870 2769 2940 χαριστὴσει
2807 2870 2864 2921 δὲ
2900 2872 2996 2921 καὶ
3035 2869 3108 2937 μὴ
3151 2865 3537 2934 βλασφημήσει
3580 2863 3672 2913 τὸν
3716 2858 4015 2924 δυνάμενοι

2449 2964 2549 3030 μὲν
2586 2961 2854 3024 κωλύσαι,
2908 2960 3112 3028 ἀφέντα
3138 2958 3194 3009 δὲ
3227 2957 3326 3023 τῆς
3357 2954 3451 3007 τοῦ
3486 2951 3819 3011 πεπονθότος
3855 2951 4015 2999 ’ἑνεκα

2447 3055 2696 3124 δοκιμῆς,
2740 3053 2928 3119 ὥσπερ
2959 3053 3008 3104 οἱ
3059 3051 3148 3102 διὰ
3181 3052 3273 3100 τὸν
3305 3049 3436 3099 Θεὸν
3475 3045 3762 3102 παθόντες,
3814 3059 4015 3106 στεφα-

2448 3147 2662 3197 νοῦνται
2688 3162 2701 3176 ·
2740 3144 2912 3204 οὕτως
2959 3142 3122 3202 αὐτὸς
3170 3141 3280 3193 τῶν
3315 3139 3490 3191 αὐτῶν
3541 3137 3888 3199 ὲπιτεύξεται
3925 3154 4016 3202 μι-

2451 3238 2614 3296 σθῶν.
2649 3238 2730 3289 ὅτι
2775 3241 2875 3297 τὰς
2926 3234 3077 3302 παρὰ
3127 3231 3432 3300 ἀνθρώπων
3485 3230 3817 3298 ἐπαχθείσας
3870 3228 4015 3296 αὐτᾷ

786 3324 1063 3386 studiosis,
1125 3330 1177 3372 et
1234 3323 1299 3371 ah
1338 3319 1695 3387 alﬂigenlihus
1757 3319 1964 3372 lucrqu
2016 3328 2295 3385 reportare
2331 3336 2344 3372 :
2378 3335 2420 3390 ε
2455 3350 2479 3382 ε

2331 3336 2344 3372 ἒ
2378 3335 2420 3390 C
2455 3332 2738 3398 συμφορὰς
2786 3331 2984 3398 ἤνεγκε
3011 3327 3273 3393 γενναίως
3299 3341 3311 3353 ·
3358 3325 3454 3376 καὶ
3478 3325 3556 3392 τῷ
3596 3323 3884 3392 δυναμένῳ
3922 3323 4017 3391 ph

784 3414 1034 3482 jejunaus
1064 3413 1204 3464 enim
1237 3423 1285 3463 et
1323 3413 1550 3479 vigilans
1609 3413 1787 3462 anima
1821 3425 1924 3462 non
1954 3411 2114 3461 modo
2139 3413 2354 3478 quando

791 3521 1044 3573 prospere
1077 3521 1160 3556 res
1219 3505 1466 3557 feruntur
1516 3505 1837 3573 sapientiam
1905 3507 2143 3557 ostendit
2180 3542 2194 3563 ,
2257 3504 2351 3556 St'tl

789 3601 1002 3665 quando
1067 3612 1243 3647 rerqu
1306 3596 1573 3647 contraria
1639 3595 1882 3662 qoazdaui
1934 3597 2080 3647 adest
2119 3595 2354 3647 circum-

791 3692 1029 3752 Stantia,
1082 3698 1205 3741 tunc
1258 3702 1439 3753 parem
1493 3685 1782 3753 gratiarum
1841 3688 2104 3740 actionem
2138 3687 2355 3750 referet,

793 3783 936 3833 nullo
989 3782 1145 3832 modo
1197 3795 1372 3831 rerum
1414 3781 1711 3830 mutatione
1763 3780 2002 3832 emollita
2043 3779 2162 3831 :ita
2226 3778 2346 3830 ani-

792 3891 934 3926 mum
971 3871 1362 3940 despondentes
1391 3885 1456 3922 ne
1492 3869 1748 3923 secundis
1787 3871 2000 3938 quidem
2038 3869 2197 3924 rebus
2233 3883 2348 3922 me-

795 3968 958 4017 liores
989 3964 1141 4017 tinnt.

2453 3424 2654 3482 ταύτας
2683 3420 2947 3480 κωλύσαι,
2989 3419 3062 3487 μὴ
3106 3417 3422 3486 βουληθέντι
3457 3416 3534 3476 δὲ,
3570 3415 3984 3484 ηὐχαρίστησεν
4007 3434 4018 3444 ·

2454 3514 2536 3564 ἔτι
2587 3514 2815 3572 ἕκαστος
2847 3513 3006 3579 ἡμῶν
3050 3510 3576 3580 ἁναμιμνησκέσθω,
3631 3508 3714 3559 ὅτι
3767 3508 4017 3578 καθάπερν

2452 3605 2500 3654 οἱ
2536 3602 2948 3665 σπουδάζοντες,
2991 3602 3084 3652 καὶ
3135 3602 3243 3652 ἀπὸ
3279 3601 3386 3651 τῶν
3436 3599 3750 3651 λυπούντων
3799 3600 3996 3668 κερδαί

2453 3707 2638 3741 νουσιν
2669 3704 2681 3718 ⁸
2711 3690 2879 3756 ἡγὰρ
2915 3691 3159 3754 νήφουσα
3213 3688 3310 3739 καὶ
3357 3689 3692 3755 ὲγρηγορυῖα
3722 3687 3893 3756 ψυχὴ,
3947 3688 4018 3753 μὶ

2459 3780 2618 3846 μόνον
2644 3779 2861 3828 ἐπειδὰν
2891 3779 3030 3837 κατὰ
3066 3777 3192 3847 ῥοῦν
3219 3778 3450 3844 φέρηται
3475 3778 3543 3828 τὰ
3569 3777 3897 3844 πράγματα.
3921 3778 4019 3844 tip-

2457 3869 2885 3940 εὐγνωμοσύνην
2922 3871 3312 3930 ἐπιδείκνυται,
3359 3869 3496 3920 ἀλλὰ
3547 3870 3648 3920 κᾶν
3683 3870 3908 3921 ἐναντία
3935 3885 4029 3929 τις

2460 3963 2806 4030 πραγμάτων
2853 3961 3174 4030 περίστασις
3232 3959 3716 4029 παρακολουθήσῃ,
3777 3962 3873 4011 καὶ
3907 3962 4034 4011 τότε

792 4060 890 4123 τὴν
928 4058 1049 4125 ἴσην
1074 4057 1420 4124 εὐχαριστίαν
1467 4059 1750 4122 ἀναφερει,
1788 4057 1950 4125 μηδὲν
1982 4058 2092 4110 ἀπὸ
2117 4059 2216 4126 τῆς
2242 4056 2351 4108 τῶν
2397 4058 2740 4124 πραγμάτων
2813 4054 3118 4125 μεταϐολῆς
3183 4055 3545 4123 χαυνουμένη.
3601 4054 3772 4117 οὕτως
3832 4059 3882 4110 ct
3937 4062 4035 4128 ρᾳ-

795 4151 1092 4218 υυμούντες
1121 4149 1242 4200 οὐδὲ
1288 4149 1395 4200 ἀπὸ
1426 4148 1531 4200 τῶν
1558 4148 1913 4218 ὠφελούντων
1964 4149 2226 4217 ἀμείνους
2280 4148 2550 4216 γίνονται.

880 4286 960 4336 l7.
1024 4285 1312 4351 Propterea
1379 4285 1467 4337 Dei
1537 4286 1915 4339 educationem
1954 4301 2060 4338 non
2122 4285 2356 4338 ferentes

799 4390 971 4446 grate,
1025 4381 1115 4429 sed
1150 4392 1290 4446 a-gre
1326 4379 1614 4444 patientes,
1669 4389 1929 4446 praeterea
1955 4378 2096 4446 quod
2149 4379 2354 4432 nullum

2542 4287 2626 4350 ιζ’.
2663 4289 2762 4338 Διὰ
2807 4285 2969 4337 τοῦτο
3002 4287 3050 4336 οἱ
3084 4285 3180 4351 τὴν
3211 4284 3307 4336 τοῦ
3351 4285 3488 4337 Θεοῦ
3520 4287 3771 4338 παιδείαν
3801 4288 3880 4356 μὴ
3913 4290 4034 4355 μετ’

2464 4378 2811 4447 εὐχαριστίας
2841 4377 3119 4444 φέροντες,
3155 4375 3290 4428 ἀλλὰ
3319 4375 3866 4443 δυσανασχετοῦντες,
3898 4378 4038 4446 πρὸς

800 4487 862 4521 ex
907 4485 967 4521 ea
1018 4468 1248 4520 fructum
1290 4470 1525 4534 capiant,
1576 4472 1832 4522 extremis
1885 4469 2092 4536 seipsos
2119 4469 2350 4522 circum-
2389 4467 2432 4521 C
2464 4489 2491 4520 τ

2344 4499 2350 4509 -
2389 4467 2432 4521 C
2464 4470 2542 4539 τῷ
2571 4471 2736 4538 μηδὲν
2761 4469 2819 4530 ὲξ
2848 4469 3015 4531 αὐτῆς
3048 4465 3467 4532 καρπώσασθαι,
3501 4467 3594 4517 καὶ
3624 4469 3744 4525 ταῖς
3773 4465 4037 4533 ἐσχάταις

801 4564 932 4618 dant
959 4562 1219 4614 athrsis.
1248 4560 1356 4613 lloc
1394 4565 1763 4630 unusquisque
1784 4577 1848 4612 ex
1894 4562 2051 4614 nobis
2097 4562 2365 4628 erangell-

803 4659 954 4702 latus
1003 4666 1108 4700 non
1169 4650 1577 4716 hlaSpheuietnr
1629 4649 2062 4702 benefacientem
2111 4648 2269 4703 nobis
2315 4659 2367 4701 ct

804 4743 1125 4793 Salvatoreiu
1150 4751 1204 4791 et
1236 4749 1464 4792 tutorem
1497 4742 1548 4793 in
1597 4742 1840 4793 adversis
1868 4743 2094 4808 positus,
2121 4758 2185 4792 ne
2215 4742 2365 4793 labo-

807 4849 915 4884 rem
947 4834 1168 4882 istorum
1201 4834 1416 4891 subeat,
1463 4834 1581 4898 ejus
1609 4847 1744 4883 vero
1778 4831 1930 4882 lucro
1976 4833 2044 4883 ob
2086 4831 2369 4896 impatien-

805 4926 934 4976 tiam
971 4925 1230 4991 privetur,
1262 4933 1315 4974 et
1351 4924 1402 4972 iu
1440 4924 1699 4991 abyssum
1733 4935 1990 4975 extrema:
2045 4922 2368 4986 perditionis

806 5017 1179 5084 deprimatur,
1225 5018 1349 5080 quia
1378 5017 1633 5067 auxilium
1670 5015 1759 5066 Dei
1813 5016 2088 5082 repulerit,
2122 5024 2174 5068 et
2205 5016 2370 5066 vehe-

807 5106 1122 5157 mentiorem
1165 5107 1450 5158 adversum
1512 5124 1568 5159 se
1620 5108 1888 5159 diabolum
1950 5107 2191 5159 eﬂ‘ecerit
2224 5124 2238 5170 ;
2274 5110 2368 5159 sed

808 5209 1036 5249 t'tlzat'lOs'
1090 5213 1210 5248 eum
1267 5201 1563 5262 gratiarum
1610 5202 1820 5252 actione
1874 5201 2014 5251 ferat
2067 5209 2363 5265 pra-sentes

809 5294 1056 5347 dolores,
1089 5299 1146 5339 ut
1199 5291 1395 5340 exhinc
1457 5296 1794 5341 commodum
1857 5302 1910 5341 et
1957 5290 2182 5342 salutem
2231 5289 2370 5341 inul-

816 5395 922 5434 tam
966 5383 1224 5442 lucretur,
1267 5381 1479 5433 insidiis
1524 5382 1721 5433 diaboli
1776 5384 2028 5447 repuls.s,
2084 5383 2176 5433 Dei
2243 5397 2370 5432 vero

811 5488 942 5524 cura
979 5474 1029 5522 in
1052 5488 1109 5524 se
1137 5473 1366 5523 adducta
1401 5487 1414 5522 :
1440 5470 1688 5523 diabolus
1712 5473 1854 5524 enim
1880 5473 2164 5524 innumera
2192 5472 2371 5523 homi-

809 5565 966 5614 "ilius
996 5565 1216 5614 adversa
1254 5563 1448 5632 ingerit
1473 5573 1530 5614 ut
1575 5579 1672 5616 eos
1725 5565 1776 5615 in
1818 5564 2079 5633 abyssum
2112 5565 2375 5630 perditio-

811 5653 894 5705 uis
935 5655 1182 5714 deducat,
1214 5656 1430 5718 quando
1461 5651 1674 5718 quidem
1728 5653 1874 5704 videt
1931 5654 2092 5704 lacile
2126 5654 2374 5717 blasphe-

813 5755 1044 5796 manlem
1076 5759 1198 5797 eum
1235 5746 1323 5812 qui
1361 5745 1688 5798 adversitate
1721 5747 1949 5813 quadam
1973 5744 2368 5807 circumdatur,

3557 4557 3652 4608 καὶ
3685 4558 3845 4609 τοῦτο
3901 4558 4035 4610 ἔκαε

2467 4670 2590 4713 στος
2640 4653 2796 4720 ἡμῶν
2845 4649 3330 4717 εὐαγγελιζόμενος
3377 4649 3451 4715 μὴ
3502 4647 3901 4716 βλασςοημείτω
3945 4651 4041 4700 τδν

2467 4745 2760 4810 εὐεργέτην
2792 4745 2885 4794 καὶ
2933 4744 3153 4811 σωεῆρα
3200 4742 3297 4792 καὶ
3341 4741 3617 4808 κηδεμόνα
3655 4745 3951 4808 γενόμενος
3983 4746 4043 4795 ὲν

2467 4834 2682 4896 δεινοῖς,
2715 4835 2801 4886 ἵνα
2855 4837 2928 4902 μὴ
2961 4837 3053 4885 τὸν
3094 4834 3255 4884 πόνον
3291 4833 3389 4901 μὲν
3421 4833 3629 4884 τούτων
3674 4835 3910 4902 ὑποστῇ,
3946 4837 4044 4887 τοῦ

2467 4927 2525 4979 δὲ
2556 4929 2614 4989 ἐξ
2644 4926 2808 4978 αὐτοῦ
2837 4928 2925 4978 διὰ
2961 4928 3058 4994 τῆς
3089 4925 3370 4993 ὑπομονῆς
3399 4924 3629 4990 κέρδους
3660 4928 4045 4997 ἀποστερηθῇ,

2470 5022 2566 5070 καὶ
2609 5019 2743 5087 πρὸς
2809 5018 3082 5087 βάραθρον
3112 5017 3306 5068 ἑαυτὸν
3350 5018 3450 5083 τῆς
3491 5018 3728 5083 ἐσχάτης
3767 5018 4048 5073 ἀπωλείας

2470 5113 2679 5180 ὼθὴση,
2715 5112 2814 5178 τὴν
2865 5112 2961 5178 μὲν
2993 5109 3085 5160 τοῦ
3129 5109 3265 5160 Θεοῦ
3312 5110 3631 5175 συμμαχίαν
3689 5111 4048 5175 ἀποκρουσα-

2475 5217 2657 5268 μενος,
2711 5198 3068 5267 σφοδρότερον
3114 5198 3171 5247 δὲ
3222 5196 3344 5248 καθ’
3393 5195 3588 5246 ἑαυτοῦ
3643 5195 3736 5246 τδν
3791 5194 4044 5247 διάϐολον

2473 5291 2887 5358 ἐργασάμενος·
2925 5290 3059 5341 ἀλλὰ
3103 5291 3279 5341 πάντα
3323 5289 3664 5357 εὐχαρίστως
3712 5290 3934 5355 φερέτω
3979 5289 4049 5339 τὰ

2475 5381 2708 5431 ἐνταῦθα
2744 5381 3060 5448 παθήματα,
3096 5381 3160 5433 ἵν’
3195 5379 3446 5432 ἐντεῦθεν
3488 5379 3764 5444 ὠφέλειαν
3805 5382 3902 5431 καὶ
3940 5396 4049 5431 σωο

2471 5473 2669 5540 τηρίαν
2701 5472 2900 5541 πολλὴν
2941 5474 3200 5544 κερδὰνῃ,
3231 5474 3328 5533 τὰς
3363 5473 3461 5541 μὲν
3496 5471 3792 5532 ὲπιῦουλὰς
3823 5474 3922 5523 τοῦ
3954 5489 4053 5524 πο-

2475 5565 2643 5632 νηροῦ
2673 5564 2926 5632 δαίμονος
2976 5562 3481 5634 ἀποκρουσάμενος,
3515 5567 3615 5632 τὴν
3648 5565 3702 5616 δὲ
3748 5563 3846 5615 τοῦ
3893 5565 4049 5628 2176c-

2480 5657 2639 5724 μόνος
2667 5658 2802 5708 Θεοῦ
2839 5660 3130 5724 θεραπείαν
3160 5659 3292 5724 1:93;;
3332 5659 3519 5707 ἑαυτὸν
3551 5657 4007 5722 ἐπισπασάμενος
4033 5670 4044 5680 ·

2468 4562 2691 4623 ἑαυτοὺς
2731 4559 3116 4630 περιῆἁλλουσι
3162 4562 3504 4626 συμφοραῖς·

2479 5753 2506 5800 ὁ
2534 5751 2640 5818 γὰρ
2673 5750 2916 5812 διάϐολος
2944 5753 3031 5805 διὰ
3056 5752 3213 5803 τοῦτο
3242 5752 3410 5820 μυρία
3449 5752 3560 5812 τοῖς
3599 5748 3910 5819 ἀνθρώποις
3956 5749 4052 5797 ἐπ-
