4288 6356
840 351 951 415 943

1977 357 2079 417 ΤΗ
2091 355 2388 417 EODORI
2431 356 2540 417 ME
2551 349 2984 417 LITENIOTB

4014 358 4124 422 944

837 461 1130 525 cumactis,
1179 462 1275 518 Dei
1330 463 1614 536 sapientiae
1658 464 1940 535 negotium
1962 476 2068 520 est.
2102 466 2237 521 Nam
2266 463 2412 534 quod
2448 477 2492 528 Α
2525 486 2530 499 ι

2448 477 2492 528 Α
2525 467 2969 535 περιαγομένων,
3011 465 3108 534 τῆς
3152 465 3247 518 τοῦ
3293 465 3431 520 Θεοῦ
3480 467 3673 535 σοφίας
3716 466 3880 537 ἔργον
3921 470 4115 523 ἐστίν·

841 563 971 609 sunt
1003 555 1056 607 in
1085 552 1336 609 :cdiliciis
1366 557 1602 610 trabium
1629 557 2024 623 connexiones,
2049 556 2102 611 id
2139 555 2417 626 principes

841 647 926 720 vel
979 648 1330 718 magistratus
1375 650 1430 703 in
1489 649 1809 706 civitatibus
1863 658 2146 720 praestant.
2178 648 2244 703 Et
2275 648 2420 702 sicut

842 750 1052 794 remoto
1089 740 1478 808 gubernatore,
1535 756 1728 795 navem
1784 740 2154 804 demerseris;
2189 749 2243 792 et
2261 754 2422 794 exer-

841 831 1011 884 citum
1066 833 1111 884 si
1161 845 1192 884 e
1243 831 1440 885 castiis
1476 830 1672 886 ducem
1701 832 2050 895 submoveas,
2085 831 2299 886 vinctos
2320 830 2421 884 bo-

841 923 1016 976 stibns
1064 921 1269 976 milites
1313 923 1644 989 tradideris;
1698 924 1776 978 sic
1808 923 1973 976 etiam
2006 922 2074 976 de
2100 923 2420 977 civitatibus

842 1015 884 1067 si
919 1013 1197 1082 principes
1227 1025 1322 1068 aut
1379 1015 1726 1084 magistratus
1786 1013 2104 1078 abstuleris,
2138 1014 2420 1068 ferisirra-

842 1097 1197 1181 tiotiabilibus
1225 1121 1324 1159 nos
1344 1106 1591 1159 vivemus
1631 1104 2089 1158 irrationabilius.
2118 1104 2419 1174 Propterea

843 1211 1071 1249 sci-crus
1119 1195 1319 1249 vindex
1383 1205 1466 1247 est
1505 1195 1668 1260 Deus,
1694 1195 1818 1248 sibi
1851 1204 2219 1262 spcrnantur;
2261 1204 2315 1248 et
2340 1193 2422 1246 ul-

845 1287 1048 1341 tionem
1100 1303 1210 1340 non
1280 1287 1642 1351 mediocrem,
1694 1283 1788 1340 sed
1810 1286 1970 1355 plane
2000 1288 2316 1351 maximam,
2353 1285 2420 1340 de

845 1393 1249 1448 transgressum
1293 1378 1462 1448 capit.
1509 1379 1713 1447 Etjnre
1743 1391 1875 1431 sane
1905 1377 2136 1446 optimo.
2168 1377 2303 1430 Nam
2329 1378 2419 1445 qui

843 1471 1191 1538 principibus
1210 1469 1464 1523 subditus
1489 1477 1592 1529 est,
1615 1483 1724 1520 non
1754 1466 2120 1536 principibus,
2156 1465 2252 1519 sed
2285 1467 2418 1533 Deo,

845 1566 935 1630 qui
984 1564 1063 1617 sic
1113 1577 1199 1616 res
1239 1561 1540 1623 ordinavit,
1563 1558 1754 1613 obcdit
1784 1573 1800 1612 :
1833 1558 1928 1628 qui
1965 1567 2148 1612 autem
2179 1557 2288 1612 illis
2309 1574 2418 1613 non

846 1657 1204 1723 obtemperat,
1235 1652 1347 1708 Deo
1373 1652 1716 1706 adversatur.

916 1961 960 2012 5.
999 1958 1161 2012 Sicut
1211 1968 1394 2012 autem
1457 1957 1806 2027 principatus
1859 1959 1993 2025 essef
2021 1956 2228 2011 bonum
2282 1958 2423 2012 divi-

847 2065 1085 2117 namque
1117 2050 1322 2102 donum
1361 2056 1468 2113 est,
1506 2048 1580 2101 ita
1634 2047 1866 2102 omnino
1886 2058 2108 2116 oportet
2143 2064 2423 2119 quemque

848 2141 1174 2211 principem.
1236 2146 1397 2208 prout
1445 2136 1606 2191 decet
1653 2136 1838 2190 datam
1883 2136 2154 2192 divinitus
2183 2149 2424 2208 potesta-

849 2249 981 2293 tein,
1045 2231 1263 2285 cunctis
1314 2228 1864 2297 irreprehensibilcm
1921 2240 2098 2284 semet
2130 2231 2422 2299 praebere:

849 2327 1105 2378 cohibere
1141 2324 1300 2390 iram,
1334 2321 1616 2386 invidiam,
1646 2322 2003 2391 voluptatem,
2035 2332 2200 2391 atque
2239 2324 2422 2376 omnia

849 2435 910 2472 cs
950 2418 1127 2484 legum
1153 2415 1462 2468 divinarum
1498 2429 1688 2468 norma
1713 2430 1894 2484 agere,
1925 2426 2165 2468 mentem
2197 2415 2424 2469 liberam

850 2523 1196 2571 conservare,
1253 2520 1432 2574 neque
1494 2505 1722 2560 omnino
1766 2507 1971 2570 sinere,
2012 2517 2070 2560 ut
2099 2508 2293 2561 animae
2315 2525 2427 2562 sua:

850 2603 1169 2656 dominetur
1226 2598 1573 2665 voluptatum
1635 2599 1901 2664 potentia,
1953 2609 2117 2667 atque
2183 2601 2255 2652 ita
2297 2615 2427 2654 vere

852 2695 1156 2765 principem
1187 2706 1327 2744 esse.
1352 2689 1486 2744 Nam
1548 2690 1642 2757 qui
1697 2690 2210 2752 perturbationibus
2235 2691 2429 2743 anima:

853 2788 1118 2841 rationem
1147 2780 1470 2852 praefecerit,
1510 2779 1666 2832 facile
1717 2780 1882 2832 etiam
1913 2779 2229 2831 [nominibus
2292 2796 2430 2848 prae-

852 2882 958 2935 crit
1003 2891 1129 2930 cum
1187 2875 1392 2928 divinis
1420 2871 1659 2940 legibus;
1685 2871 1759 2924 ita
1794 2880 1854 2923 ut
1879 2869 1993 2938 ipse
2019 2870 2070 2921 in
2110 2869 2279 2937 patris
2309 2870 2428 2922 loco

853 2974 1093 3029 subditis
1123 2972 1214 3031 sit,
1249 2984 1373 3022 cum
1396 2964 1712 3020 omuimoda
1767 2963 2193 3017 mansuetudine
2242 2963 2296 3015 in
2326 2979 2426 3030 po-

854 3069 983 3137 pulo
1022 3080 1122 3118 suo
1153 3077 1395 3124 versans,
1433 3060 1623 3126 sicque
1672 3072 1866 3110 omnes
1894 3057 1996 3110 sibi
2028 3072 2214 3110 amore
2242 3055 2429 3109 deviu-

2519 559 2657 628 ὅπερ
2691 559 2799 626 γάρ
2837 558 2978 609 εἰσιν
3013 558 3072 609 ἐν
3104 561 3226 620 ταῖς
3261 561 3464 623 οἰκίαις
3497 561 3606 612 τῶν
3643 559 3820 626 ξύλων
3850 562 3909 615 al
3948 563 4116 630 ίμαν-

2517 648 2737 710 τώσεις,
2778 647 2940 699 τοῦτο
2987 649 3036 699 οῖ
3081 649 3344 716 ἄρχοντες
3388 649 3446 700 ὲν
3489 650 3612 710 ταῖς
3659 647 3884 701 πόλεσιν
3927 648 4114 715 ὑπάρ-

2521 756 2673 807 χουσι
2693 753 2706 768 ·
2739 740 2836 792 καὶ
2861 738 3119 808 καθάπερ
3148 739 3278 807 νηὸς
3307 741 3404 792 ἐὰν
3436 740 3756 810 ἀποστήσῃς
3782 739 3876 791 τδν
3905 740 4114 806 κυϐερ-

2521 834 2712 898 νήτην,
2758 832 3162 891 κατεπόντισας
3210 830 3271 882 τὸ
3322 831 3552 898 σκάφος,
3598 832 3697 882 καὶ
3743 830 4003 897 στρατὸν,
4050 830 4118 881 ἂν

2520 921 2880 994 [στρατηγὸν]
2916 924 3214 993 ἀπαγάγῃς
3244 923 3339 975 τοῦ
3375 923 3764 990 στρατοπέδου,
3792 923 4116 991 δεδεμένους

2519 1018 2632 1078 τοῖς
2676 1015 2959 1084 πολεμίοις
3000 1017 3332 1083 παρέδωκας
3375 1017 3504 1075 τοὺς
3547 1013 3927 1082 στρατιώτας·
3967 1016 4118 1067 οὕτω

2522 1108 2616 1160 καί
2650 1107 2759 1158 τῶν
2799 1107 3009 1159 πόλεων
3051 1106 3117 1158 ἂν
3157 1108 3284 1165 τοὺς
3331 1108 3600 1173 ἄρχοντας
3624 1105 3863 1176 ἀνέλῃς,
3903 1104 4118 1173 θηρίων

2523 1197 2738 1264 ἀλόγων
2775 1197 3120 1265 ἀλογώτερον
3157 1196 3469 1265 βιωσόμεθα
3513 1195 3649 1263 βίον.
3687 1197 3786 1248 Διά
3820 1195 3979 1247 τοῦτο
4019 1197 4117 1247 καὶ

2525 1288 2752 1357 σφοδρός
2788 1288 2905 1340 ἔστι
2943 1287 3190 1357 τιμωρος
3225 1289 3254 1339 ὁ
3287 1287 3454 1350 Θεὸς,
3488 1287 3699 1340 τούτων
3732 1305 4116 1356 καταφρονουο

2527 1379 2726 1446 μένων,
2761 1381 2854 1432 καὶ
2883 1379 3042 1447 δίκην
3069 1380 3131 1430 ού
3160 1380 3259 1446 τὴν
3286 1377 3580 1446 τυχοῦσαν.
3609 1378 3746 1433 ἀλλά
3779 1382 3875 1432 καὶ
3905 1381 4116 1450 σφόδρα

2528 1472 2794 1540 μεγίστην
2833 1474 3057 1524 ἀπαιτεῖ
3097 1473 3189 1524 τὸν
3229 1474 3638 1543 παρακούοντα.
3683 1475 3796 1527 Καὶ
3845 1475 3993 1542 μάλα
4041 1478 4119 1528 εί·-

2526 1565 2701 1625 κΰτως
2727 1579 2741 1594 ’
2778 1564 2806 1615 ὁ
2843 1564 2944 1633 μὲν
2979 1565 3089 1634 γάρ
3123 1567 3238 1626 τοῖς
3274 1568 3540 1633 ἄρχουσιν
3572 1565 4019 1632 ὑποτασσόμενος
4052 1569 4114 1619 οὑ

2525 1655 2636 1715 τοῖς
2670 1654 2931 1722 ἄρχουσιν
2964 1656 3328 1708 ὑποτάσσεται
3354 1698 3368 1717 ,
3401 1657 3540 1709 ἀλλά
3570 1656 3648 1724 τῷ
3682 1656 3803 1723 θεῷ
3831 1656 3911 1724 τῷ
3943 1656 4118 1708 ταῦτα

2528 1741 2957 1820 νομοθετήσαντι
2988 1744 3237 1797 πείθεται
3259 1764 3270 1775 ο
3301 1747 3328 1796 ὁ
3360 1747 3416 1798 δὲ
3450 1744 3527 1816 μὴ
3556 1745 3854 1798 ὑπακούων
3882 1748 4116 1806 ἐκείνοις

2448 1810 2494 1871 Β
2524 1832 2601 1903 τῷ
2632 1832 2750 1902 Θεῷ
2784 1810 3033 1904 πολεμεῖ.

2597 1974 2659 2023 ε’.
2697 1969 2909 2040 Ὠσπερ
2946 1971 3003 2022 δὲ
3036 1971 3097 2021 τὸ
3133 1970 3308 2040 ἀρχὰς
3342 1966 3485 2024 εἶναι
3521 1973 3687 2025 καλὸν
3721 1979 3818 2028 καὶ
3855 1974 4004 2028 θεῖον
4038 1975 4116 2044 τῷ

2525 2059 2640 2112 ὄντι
2673 2059 2884 2130 δῶρον,
2922 2060 3067 2114 οὓτω
3101 2062 3181 2114 δεῖ
3218 2064 3439 2127 πάντως
3475 2067 3567 2117 καὶ
3605 2067 3838 2119 ἕκαστον
3869 2070 4116 2137 ἄρχοντα

2527 2154 2628 2221 τῆς
2657 2152 2846 2205 θεόθεν
2871 2154 3021 2224 αὑτῷ
3045 2153 3296 2225 δοθείσης
3323 2156 3498 2224 ἀρχῆς
3529 2158 3697 2223 ἀξίως
3728 2160 3901 2212 πᾶσιν
3924 2162 4118 2213 ἀνεπί-

2528 2244 2734 2314 ληπτον
2775 2240 2960 2299 εἶναι’
3005 2249 3101 2300 καὶ
3147 2251 3372 2317 κρατεῖν
3415 2249 3515 2318 μὲν
3553 2251 3731 2320 θυμοῦ
3776 2258 3872 2305 καὶ
3916 2253 4116 2320 φθόνου

2530 2340 2624 2392 καὶ
2667 2339 2891 2408 ἡδονῆς,
2935 2343 3115 2393 πάντα
3159 2341 3216 2392 δὲ
3262 2342 3366 2392 ὑπὸ
3413 2344 3540 2404 τοὺς
3585 2344 3680 2396 τοῦ
3727 2344 3867 2396 Θεοῦ
3916 2347 4117 2414 νόμους

2529 2432 2683 2495 ἄγειν
2703 2447 2718 2461 ·
2752 2431 2844 2483 καὶ
2869 2431 2960 2484 τὸν
2987 2433 3110 2485 νοῦν
3137 2432 3422 2504 ἐλεύθερον
3448 2438 3670 2504 τηρεῖν,
3699 2439 3795 2486 καὶ
3829 2437 3957 2504 μηδ’
3978 2437 4117 2499 ait»;

2530 2522 2624 2590 ὲᾷν
2653 2521 3075 2575 ὲνδυναστεῦσαι
3101 2526 3169 2594 τῇ
3199 2526 3346 2592 ψυχῇ
3376 2523 3475 2593 τὴν
3501 2523 3825 2576 δεσποτείαν
3851 2526 3964 2576 τῶν
3991 2525 4116 2592 ἡδο-

2530 2615 2638 2666 νῶν
2663 2629 2677 2642 ·
2717 2615 2815 2666 καὶ
2851 2614 3025 2678 οὕτως
3065 2615 3284 2684 ἀληθῶς
3321 2617 3560 2685 ἄρχοντα
3596 2614 3733 2669 εἶναι
3759 2632 3773 2644 ·
3814 2618 3909 2668 καὶ
3945 2620 4056 2685 γὰρ
4091 2621 4116 2669 ὁ

2534 2705 2634 2772 μὲν
2667 2709 2778 2767 τοῖς
2819 2707 3014 2760 πάθεσι
3046 2709 3144 2776 τῆς
3177 2709 3358 2778 ψυχῆς
3391 2711 3484 2760 τὶν
3519 2710 3776 2777 λογισμὸν
3811 2712 4118 2778 ἐπιστήσας

2534 2796 2732 2863 ῥαδίως
2767 2796 2834 2847 ἂν
2869 2798 3125 2867 ἐπισταίη
3164 2800 3257 2851 καὶ
3291 2799 3603 2868 ἀνθρώποις
3640 2801 3778 2868 μετά
3812 2801 3922 2853 τῶν
3958 2801 4119 2854 θείων

2533 2887 2734 2952 νόμων,
2767 2887 2908 2939 ὥστε
2940 2889 3104 2941 αὑτὸν
3135 2891 3192 2941 ἐν
3222 2892 3429 2959 πατρὸς
3458 2891 3610 2954 τάξει
3639 2894 3754 2953 τοῖς
3783 2894 4118 2961 ἀρχομένοις

2537 2975 2702 3037 εἶναι.
2747 2982 2886 3049 μετά
2931 2985 3110 3051 πάσης
3153 2983 3493 3053 ἡμερότητος
3535 2983 3830 3052 ὁμιλοῦντα
3867 2987 3983 3047 τοῖς
4023 2987 4119 3038 ὑπ’

2536 3072 2700 3123 αὑτὸν
2742 3075 3130 3142 ταττομένοις,
3179 3078 3277 3128 καὶ
3323 3077 3532 3137 πάντας
3579 3076 3833 3129 ἐντεῦθεν
3875 3079 4121 3144 ἐραστάς

853 3161 1028 3220 ciens,
1090 3166 1146 3209 ct
1211 3151 1651 3208 benevolentiam
1710 3149 1817 3203 illis
1879 3165 2008 3218 erga
2059 3149 2546 3218 principantng

2458 3156 2502 3216 C
2538 3163 2732 3214 ἑαυτοῦ
2771 3163 3118 3216 καθιστῶντα
3143 3209 3157 3230 ,
3191 3167 3287 3218 καὶ
3323 3167 3442 3230 μετ’
3467 3167 3682 3229 εὐνοίας
3716 3170 3848 3238 περὶ
3881 3171 3985 3239 τὴν
4017 3172 4119 3238 ἀρ-

855 3252 1118 3312 suadcns,
1143 3262 1259 3300 rem
1295 3244 1506 3311 azdcpol
1557 3241 1957 3305 dillicillimam,
2004 3249 2059 3293 et
2083 3255 2204 3308 qua:
2234 3239 2427 3309 prmo]-

856 3358 963 3412 pne
1019 3341 1150 3393 iacit
1212 3335 1516 3406 principem
1578 3347 1724 3387 esse.
1780 3329 1934 3384 llaud
1987 3331 2134 3384 enim
2160 3331 2320 3385 facile
2351 3339 2431 3384 tot

861 3435 1146 3488 hominum
1201 3430 1458 3483 allectum
1509 3425 1711 3494 poterit
1766 3422 1892 3492 quis
1919 3423 1985 3476 ad
2027 3437 2087 3478 se
2126 3423 2427 3487 attrahere,

855 3528 1072 3581 etiamsi
1125 3525 1471 3576 innumeram
1527 3515 1815 3585 pecuniam
1872 3515 2160 3584 largiatur,
2213 3514 2429 3568 etiamsi

860 3623 1127 3692 plurimos
1202 3616 1480 3670 exercitus
1546 3610 1857 3671 debellarit,
1890 3608 2156 3678 quidquid
2189 3607 2430 3676 denique

857 3714 1004 3768 aliud
1054 3710 1349 3780 patraret-it
1405 3724 1418 3758 :
1472 3721 1574 3759 nec
1622 3703 1922 3772 quidquam
1966 3711 2050 3754 cst
2111 3702 2256 3769 quod
2293 3702 2431 3754 adeo

861 3807 1165 3876 principem
1232 3801 1478 3861 denotet,
1530 3808 1588 3849 ut
1630 3796 1801 3862 ipsius
1824 3807 1948 3861 erga
1970 3793 2218 3846 subditos
2255 3809 2427 3845 amor.

861 3903 994 3955 Nini
1056 3908 1234 3963 neque
1288 3901 1497 3960 patien-
1546 3888 1830 3955 generatio
1872 3885 2252 3938 tantummodo
2278 3883 2431 3948 facit,

862 3991 955 4044 sed
992 3999 1218 4042 clamor
1245 3996 1371 4050 erga
1400 3981 1636 4046 genitos.
1685 3976 1841 4041 Quod
1899 3976 1942 4028 si
1975 3974 2069 4026 ubi
2102 3984 2295 4028 natura
2326 3984 2430 4039 est,

865 4086 937 4138 ibi
989 4093 1233 4134 amorem
1293 4089 1415 4127 esse
1438 4079 1675 4140 oportet.
1734 4069 1906 4120 multo
1937 4068 2109 4136 magis
2139 4067 2229 4119 ubi
2262 4077 2433 4136 gratia

862 4190 966 4230 est.
1023 4174 1191 4226 Sectis
1247 4181 1379 4220 vero
1411 4166 1503 4232 qui
1537 4162 1825 4216 hominum
1851 4160 2107 4228 princeps
2129 4175 2251 4214 esse
2284 4161 2439 4213 vide-

866 4281 975 4327 tur,
1029 4259 1327 4317 iracundia:
1354 4266 1535 4309 autem
1561 4264 1616 4307 ct
1655 4253 1944 4306 ambitioni
1973 4264 2027 4306 et
2064 4252 2437 4320 voluptatibus

865 4358 1056 4418 scivit,
1088 4355 1266 4422 primo
1289 4349 1513 4417 quidem
1557 4345 1824 4398 ridiculus
1865 4344 2104 4397 subditis
2130 4343 2433 4411 apparebit,

867 4451 995 4518 quia
1058 4460 1320 4500 coronam
1382 4437 2043 4511 geminisiutcrstincnani
2111 4446 2166 4488 et
2212 4450 2435 4489 auream

2538 3255 2641 3325 χὴν
2679 3256 2987 3309 διακεῖσθαι
3031 3259 3314 3324 πείθοντα,
3356 3261 3415 3311 τὸ
3457 3260 3910 3330 δυσκατόρθωτον
3953 3263 4121 3323 ὅντως

2538 3350 2792 3418 πρᾶγμα,
2822 3351 2915 3402 καὶ
2943 3352 3182 3419 μάλιστα
3208 3355 3429 3406 πάντων
3452 3353 3696 3405 δεικνύον
3720 3355 3813 3405 τὸν
3838 3353 4083 3424 ἄρχοντα
4105 3372 4119 3384 ·

2537 3441 2601 3493 οὐ
2641 3442 2750 3512 γὰρ
2787 3443 3023 3506 εὐκόλως
3058 3445 3336 3497 τοσούτων
3367 3443 3577 3514 ἀνδρῶν
3610 3445 3853 3497 διάθεσιν
3885 3446 4121 3514 δυνήσε-

2537 3533 2627 3586 ταί
2651 3551 2730 3594 τις
2758 3534 2952 3586 ἑαυτὸν
2977 3536 3421 3600 ἐπισπάσασθαι,
3447 3535 3548 3586 κᾶν
3574 3538 3834 3603 χρήματα
3860 3536 4122 3608 ἀναλώσῃ

2542 3624 2747 3692 μυρία,
2786 3625 2892 3677 κᾶν
2930 3628 3100 3694 μυρία
3142 3626 3342 3695 νικήσῃ
3385 3626 3761 3694 στρατόπεδα.
3799 3627 3906 3680 κᾶν
3943 3629 4122 3679 ὁτιοῦν

2539 3716 2727 3785 ἕτερον
2757 3718 3100 3784 ἐργάσηται*
3134 3719 3228 3768 καὶ
3261 3719 3415 3769 οὐδὲν
3444 3718 3587 3770 οὕτω
3620 3717 3863 3769 δείκνυσι
3897 3720 3995 3770 τὸν
4024 3721 4122 3786 τὴν

2541 3810 2718 3879 ἀρχὴν
2746 3808 2958 3876 ἔχοντα,
2987 3808 3060 3869 ώς
3089 3809 3120 3875 ἡ
3155 3810 3284 3876 περὶ
3311 3810 3436 3870 τοὺς
3466 3811 3806 3878 ἀρχομένους
3836 3810 4123 3878 φιλοστορ-

2541 3901 2637 3968 γία
2665 3914 2680 3934 ³
2725 3901 2820 3953 καὶ
2856 3902 2963 3969 γάρ
2998 3901 3210 3970 πατέρα
3244 3901 3306 3953 οὺ
3341 3902 3404 3952 τὸ
3437 3903 3696 3968 γεννῆσαι
3736 3902 3901 3969 μόνον
3941 3904 4122 3964 ποιεῖ,

2543 3993 2679 4045 ἀλλὰ
2719 3993 2813 4044 καὶ
2853 3995 2910 4044 τὸ
2953 3991 3130 4060 φιλεῖν
3175 3997 3314 4062 μετά
3353 3994 3415 4045 τὸ
3455 3994 3741 4062 γεννῆσαι.
3783 3995 3845 4046 ΕΞ
3888 3994 3950 4046 δὲ
3998 3995 4122 4046 ἔνθα

2544 4085 2707 4152 φύσις
2737 4088 2830 4136 καὶ
2862 4085 3084 4153 ἀγάπης
3115 4086 3274 4154 χρεία
3295 4125 3310 4149 ,
3345 4085 3526 4155 πολλῷ
3558 4087 3762 4152 μᾶλλον
3796 4086 3927 4138 ἔνθα
3964 4088 4122 4156 χάρις

2547 4175 2807 4244 ὑπάρχει.
2842 4175 2902 4228 Ὀ
2935 4175 2990 4227 δὲ
3023 4176 3330 4244 ἀνθρώπων
3368 4176 3466 4242 μὲν
3497 4178 3687 4245 ἄρχειν
3718 4176 3928 4239 δοκῶν,
3966 4177 4126 4243 θυμῷ

2544 4266 2599 4318 δὲ
2641 4268 2732 4319 καὶ
2771 4267 3035 4335 φιλαρχίᾳ.
3073 4268 3166 4318 καὶ
3205 4268 3425 4335 ἡδοναῖς
3465 4267 3734 4320 δουλεύων
3771 4268 3993 4336 πρῶτον
4031 4269 4126 4336 μὲν

2548 4358 2953 4424 καταγέλαστος
2988 4352 3130 4410 εἶναι
3164 4357 3368 4422 δόξειεν
3403 4359 3469 4411 ἂν
3502 4361 3614 4421 τοῖς
3647 4359 4013 4427 ἀρχομένοις,
4048 4362 4125 4410 Et:

2549 4450 2819 4516 στέφανον
2851 4450 2950 4518 μὲν
2982 4451 3140 4519 φορεῖ
3172 4450 3554 4519 λιθοκόλλητον
3584 4451 3678 4503 καὶ
3708 4450 3950 4519 χρυσοῦν
3971 4493 3985 4512 ,
4020 4468 4121 4501 atu-

867 4514 1060 4607 g-Qalal,
1127 4535 1487 4604 temperantia
1555 4540 1736 4583 autem
1765 4544 1870 4581 non
1893 4538 1976 4580 est
2009 4527 2302 4580 redimitus
2337 4543 2350 4578 :
2385 4514 2511 4579 etC
2549 4560 2560 4605 ς

2430 4514 2511 4578 ιο
2549 4514 2791 4612 (ιςροσύνῃ
2836 4514 2891 4594 δὲ
2939 4514 3504 4609 οῦκ-ἐστεφάνωταθ
3552 4543 3649 4594 καὶ
3695 4514 3979 4608 ἀλουργίδι
4028 4545 4123 4610 μὲν

872 4647 1110 4701 purpura
1149 4639 1321 4681 totum
1344 4639 1546 4690 corpus
1579 4620 1862 4689 splendet,
1895 4619 1991 4672 sed
2023 4620 2260 4670 animam
2295 4618 2441 4670 inor-

872 4740 1050 4778 natam
1116 4722 1304 4774 liabet.
1364 4719 1568 4770 Deinde
1595 4729 1690 4778 ,ue
1715 4713 1992 4782 quomodo
2032 4712 2253 4780 quidem
2291 4713 2443 4781 prin-

870 4822 1110 4886 cipatum
1143 4812 1497 4865 administret
1541 4809 1676 4860 sciet
1715 4821 1881 4859 :nam
1931 4805 2152 4873 quisibi
2196 4804 2298 4871 ipsi
2339 4805 2442 4856 itii-

874 4924 1063 4979 pcrare
1110 4906 1323 4973 nequit,
1375 4901 1653 4970 quomodo
1703 4899 1841 4952 alios
1868 4898 2072 4967 poterit
2101 4896 2342 4966 dirigere
2368 4899 2446 4952 le-

871 4998 1072 5069 gilius?

945 5137 996 5187 t3.
1038 5131 1403 5198 Quamobrem
1458 5142 1569 5181 non
1621 5126 1778 5196 quasi
1819 5126 2185 5194 principatum
2217 5125 2440 5194 vimpe-

873 5239 1078 5283 rantcs.
1109 5233 1206 5276 aut
1256 5233 1589 5288 quemquam
1622 5233 1744 5268 cum
1782 5225 2058 5284 potestate
2098 5231 2218 5269 esse
2251 5217 2442 5270 uolen-

878 5330 979 5377 ινδ,
1014 5317 1249 5368 dicimus
1278 5311 1421 5363 haud
1457 5309 1660 5362 debere
1693 5323 1794 5360 nos
1832 5307 2169 5374 principatus
2205 5308 2442 5362 ambire.

875 5411 1008 5464 Nam
1041 5405 1197 5459 inulti
1246 5403 1505 5472 praeclare
1538 5400 1770 5468 imperio
1801 5399 1906 5460 usi,
1935 5399 2042 5450 Deo
2075 5400 2441 5466 placuerunt;

874 5521 1038 5574 quam
1067 5517 1182 5555 rem
1220 5509 1492 5552 testantur
1536 5496 1768 5564 Moyses,
1797 5494 1986 5556 Josue,
2017 5493 2186 5546 David
2225 5496 2450 5549 mitissi-

876 5617 992 5662 sits,
1041 5607 1099 5649 et
1155 5609 1280 5648 cum
1325 5592 1447 5645 aliis
1503 5589 1901 5643 Constantinus
1952 5588 2181 5657 Magnus
2233 5597 2289 5640 ct
2350 5604 2448 5657 par

875 5689 1164 5760 apostolis,
1209 5685 1371 5754 cujus
1401 5683 1593 5740 vitam,
1633 5690 1691 5732 ut
1722 5680 2127 5732 oblectamento
2166 5689 2222 5732 et
2263 5694 2448 5732 exem-

874 5786 969 5856 plo
997 5782 1197 5838 inturis
1226 5779 1445 5850 regibus
1473 5778 1636 5839 lorct,
1666 5772 1931 5843 peculiari
1969 5788 2068 5828 nos
2099 5773 2309 5842 scripto
2339 5782 2446 5826 tra-

2546 4635 2668 4686 ὅλον
2709 4638 2770 4685 τὸ
2813 4634 2972 4702 σῶμα
3012 4636 3312 4702 λάμπεται,
3351 4636 3447 4703 τὴν
3485 4635 3541 4686 δὲ
3583 4635 3764 4703 ψυχὴν
3809 4637 4126 4702 ἀκόσμητον

2547 4724 2679 4792 ἕχει.
2714 4725 2945 4777 Ἔπειτα
2979 4725 3035 4775 δὲ
3068 4726 3189 4778 οὐδὲ
3223 4727 3370 4786 ὅπως
3408 4725 3858 4793 μεταχειρίσεται
3888 4725 3994 4793 τὴν
4025 4726 4122 4793 ἀρ·-

2547 4818 2647 4886 χὴν
2681 4818 3034 4885 ἐπιστήσεται
3062 4835 3074 4847 ·
3109 4820 3136 4869 ὁ
3168 4819 3275 4887 γὰρ
3309 4818 3505 4869 ἑαυτοῦ
3543 4819 3618 4884 μὴ
3651 4817 3899 4881 δυνηθεὶς
3934 4820 4125 4884 ἀρχειν

2550 4911 2664 4972 πῶς
2704 4909 2770 4962 ἂν
2806 4910 3022 4978 ἑτέρους
3064 4909 3321 4976 δυνηθείη
3364 4907 3719 4960 κατευθύνειν
3751 4911 3864 4969 τοῖς
3908 4909 4124 4975 νόμοιςς

2621 5131 2693 5196 ς’.
2718 5133 2881 5184 Ὥστε
2908 5131 2968 5184 οὐ
2995 5133 3095 5194 τὰς
3115 5131 3290 5201 ἀρχὰς
3326 5131 3667 5197 κακίζοντες,
3701 5131 3812 5184 οὐδ’
3837 5133 4123 5201 ἀναιροῦν-

2547 5243 2635 5287 τες
2670 5227 2732 5276 so
2764 5222 2904 5277 εἷναί
2931 5243 3079 5287 τινας
3109 5227 3166 5278 ὲν
3191 5226 3490 5288 ἐξουσίαις,
3517 5227 3746 5292 εῖπομεν
3767 5225 3845 5294 μὴ
3880 5226 4124 5293 ἐφίεσθαι

2549 5318 2696 5386 ἡμᾶς
2732 5317 2839 5369 τῶν
2870 5317 3055 5386 ἀρχῶν
3092 5334 3107 5349 ·
3142 5319 3330 5370 πολλοὶ
3358 5319 3467 5385 γὰρ
3499 5316 3682 5374 καλῶς
3715 5320 3780 5386 τῇ
3818 5317 3964 5384 ἀρχῇ
4001 5335 4122 5385 χρη·

2552 5412 2801 5480 σάμενοι,
2857 5410 2934 5477 τῷ
2984 5410 3104 5476 Θεῷ
3158 5410 3572 5476 εὐηρέστησαν·
3624 5408 3720 5458 καὶ
3793 5407 4126 5475 μαρτυροῦσι

2551 5502 2754 5569 Μωσῆς
2778 5518 2836 5552 τε
2876 5503 2968 5553 καὶ
3002 5500 3207 5569 Ἰησοῦς
3245 5501 3336 5551 καὶ
3359 5499 3523 5553 Δαϐὶδ
3567 5500 3594 5548 ὁ
3648 5497 3985 5565 πραότατος,
4039 5502 4124 5550 καὶ

2554 5594 2649 5643 σὺν
2675 5591 2883 5657 ἑτέροις
2908 5591 3121 5650 πολλοῖς
3157 5590 3562 5644 Κωνσταντῖνος
3584 5589 3612 5640 ὁ
3648 5587 3839 5652 Μέγας
3878 5590 3976 5638 καὶ
4011 5589 4114 5640 int

2556 5683 2836 5744 πόστολοῖ,
2867 5677 2928 5735 οὗ
2955 5685 3046 5734 τὶν
3082 5683 3196 5751 βίον
3215 5683 3437 5752 ’ἡδυσμά
3465 5699 3522 5733 τε
3548 5683 3644 5734 καὶ
3694 5680 3976 5746 παίδευμα
4027 5680 4130 5744 τιίς

2555 5777 2632 5838 εἰς
2668 5776 2893 5844 ὕστερον
2942 5775 3255 5845 βασιλεῦσιν
3315 5777 3445 5828 ὂντα
3501 5771 3976 5843 παραδεδώκαμεν
4031 5774 4126 5835 iis;
