4288 6356
787 408 890 473 959

1876 399 2282 462 THEODORI
2324 399 2882 461 MELITENIOTiE

3940 404 4050 468 960

787 525 880 582 sed
915 523 1044 593 quia
1076 522 1222 594 regis
1255 532 1384 580 sunt
1431 523 1730 592 imagines:
1767 520 1850 576 sic
1879 529 1936 574 ct
1983 521 2076 574 ille
2131 518 2353 586 sanguis
2386 521 2428 576 Α
2457 534 2480 568 ν

2386 521 2428 576 Α
2457 533 2567 580 νες,
2598 518 2741 570 οὕτω
2787 518 2850 585 δὴ
2896 516 2991 570 καὶ
3020 517 3080 570 τδ
3111 512 3255 587 αἷμα
3294 520 3472 574 ἐκεῖνο
3501 519 3562 574 τὸ
3591 520 3922 591 ἀναίσθητον
3956 529 4048 576 καὶ

788 616 1070 670 insensilis
1101 626 1155 669 et
1184 616 1441 669 inanimis
1491 615 1766 668 animatos
1802 613 2028 666 salvavit
2076 612 2353 673 homines,

790 721 902 759 non
929 708 1057 776 qttia
1093 709 1313 774 sanguis
1339 715 1476 768 erat,
1505 705 1600 758 sed
1623 705 1750 774 quia
1775 702 2042 757 Dominici
2071 702 2356 769 sanguinis

789 797 981 865 ﬁgura.
1032 798 1150 852 Jam
1199 814 1242 850 st
1281 798 1428 850 illius
1483 797 1654 866 ﬁgura
1709 806 1912 848 lautam
1976 795 2088 847 vim
2138 793 2354 855 habuit,

790 891 965 944 multo
997 892 1256 959 majorem
1304 891 1528 944 veritas.
1579 891 1635 942 Si
1682 889 1908 953 angelus
1955 888 2134 941 visum
2169 886 2358 955 ﬁgurae

790 982 1114 1049 sanguinem
1168 982 1443 1034 reveritus
1485 993 1588 1045 est,
1647 981 1819 1033 multo
1857 981 2028 1050 magis
2083 980 2356 1041 diabolus,

790 1073 1147 1130 vcritatis.id
1203 1085 1288 1125 est
1335 1072 1536 1126 Christi
1589 1076 1912 1141 sanguinem
1969 1075 2184 1133 videns,
2249 1088 2358 1124 non

789 1163 974 1230 jaunis
1030 1164 1358 1230 iuspersmn,
1417 1165 1511 1215 sed
1564 1164 1645 1215 ori
1701 1152 1966 1226 ﬁdelium,
2019 1164 2223 1232 januis,
2277 1163 2360 1215 in-

791 1268 978 1320 quam,
1012 1253 1237 1306 animali
1277 1255 1466 1322 templi
1501 1254 1618 1319 Dei,
1655 1256 1825 1326 fugiet
1851 1256 2121 1325 longeque
2151 1271 2209 1311 se
2233 1255 2363 1310 sub-

791 1347 978 1399 ducet.
1740 1329 1743 1333 I

867 1438 954 1490 12.
994 1436 1093 1491 llic
1116 1439 1244 1492 novi
1271 1440 1520 1493 sacriﬁcii
1557 1441 1779 1508 sanguis
1800 1441 2010 1494 ell‘usus
2043 1442 2360 1495 universum

791 1529 1058 1583 mundum
1114 1531 1309 1584 abluit.
1356 1532 1589 1600 Sanguis
1633 1533 1725 1586 hic
1773 1534 1825 1585 in
1879 1533 2070 1603 ﬁgura,
2107 1535 2270 1602 adyta
2307 1545 2364 1588 et

792 1617 994 1672 Sancta
1039 1628 1355 1672 sanctormn
1407 1620 1772 1686 puriticabat:
1811 1624 2032 1690 sanguis
2076 1623 2166 1676 hic
2211 1625 2265 1676 in
2304 1625 2366 1676 ﬁ-

793 1726 926 1779 gura
954 1712 1123 1764 altare
1158 1727 1388 1764 aureum
1440 1713 1860 1766 sanctilicahat:
1905 1717 2110 1783 absque
2149 1717 2256 1770 hoc
2306 1717 2360 1770 iit

793 1800 1067 1870 legalibus
1096 1801 1326 1869 ﬁgurato
1372 1803 1662 1856 sacriﬁciis
1714 1821 1820 1857 non
1857 1806 2092 1858 audebat
2122 1807 2364 1874 pontifex

798 1891 854 1944 iu
892 1892 1051 1961 adyta
1103 1893 1313 1961 ingredi
1339 1911 1354 1946 :
1382 1890 1605 1963 sanguis
1634 1889 1721 1949 hie
1754 1897 1805 1948 in
1837 1897 2008 1965 ﬁgura
2052 1899 2365 1953 sacerdotes

797 1985 1093 2038 ordinabat
1135 2005 1148 2039 :
1199 1987 1287 2041 hic
1320 1990 1374 2042 in
1429 1989 1598 2057 ﬁgura
1635 1999 1856 2057 peccata
1895 1991 2177 2059 purgabat.
2210 1992 2363 2056 Quod

798 2077 845 2130 si
878 2077 925 2130 is
956 2078 1009 2129 in
1040 2078 1210 2146 ﬁgura
1247 2080 1406 2133 talem
1446 2091 1762 2148 tantamque
1789 2083 1898 2135 vim
1934 2083 2125 2136 habuit
2160 2093 2270 2136 tum
2311 2085 2364 2138 in

802 2169 1004 2235 templo
1042 2169 1422 2232 llebra-orum,
1456 2183 1569 2226 tum
1615 2174 1776 2226 etiam
1823 2175 1878 2226 in
1913 2176 2090 2228 media
2135 2175 2368 2245 AZgypto

803 2260 1056 2327 p0stibus
1086 2263 1393 2330 inspersus,
1424 2274 1595 2317 multo
1643 2266 1816 2334 magis
1847 2282 2132 2334 postquam
2167 2267 2369 2322 veritas

801 2352 975 2413 venit,
1019 2353 1211 2405 umbra
1261 2355 1638 2423 prmterlapsa.
1682 2356 1737 2410 Si
1787 2357 2032 2410 umbram
2083 2369 2369 2422 tantopere

807 2457 955 2495 mors
992 2445 1304 2509 exhorruit,
1355 2447 1664 2510 veritatem,
1713 2463 1833 2509 oro,
1881 2448 2012 2516 quid
2055 2452 2108 2501 ni
2142 2451 2372 2503 extime-

807 2535 961 2587 scat?
998 2536 1095 2589 Hic
1122 2547 1204 2592 est
1230 2538 1537 2591 animarum
1570 2550 1877 2594 nostrarum
1911 2542 2058 2595 salus
2085 2559 2097 2594 :
2143 2541 2248 2596 hoc
2276 2542 2372 2595 de-

804 2628 1042 2681 lectatur
1072 2629 1277 2688 anima.
1303 2630 1407 2683 hoc
1433 2641 1685 2695 ornatur,
1715 2632 1817 2686 hoc
1849 2631 2218 2686 inﬂammatur
2245 2651 2258 2687 :
2283 2635 2372 2688 hic

802 2718 927 2782 igne
957 2720 1389 2787 splendidiorem
1437 2733 1675 2776 mentent
1713 2733 1958 2776 nostram
1994 2724 2175 2776 reddit
2207 2743 2219 2777 :
2283 2726 2373 2779 hic

807 2825 944 2862 auro
978 2810 1326 2880 lulgidioretn
1361 2822 1602 2866 nostram
1647 2815 1883 2866 animam
1919 2815 2045 2868 facit
2083 2834 2095 2867 :
2147 2818 2374 2884 sanguis

809 2898 901 2953 hic
931 2900 1224 2969 imaginem
1256 2903 1414 2955 nobis
1445 2902 1690 2956 ﬂoridam
1717 2913 1975 2972 operatur
2006 2915 2060 2957 et
2094 2906 2329 2974 regalem
2355 2923 2370 2960 :

809 2992 900 3046 hic
936 2994 1286 3062 pulchritudo
1337 2995 1737 3049 inaestimabilis
1776 3007 1855 3049 est
1886 3015 1898 3050 :
1932 2995 2021 3050 hic
2043 2996 2373 3053 ﬁaccescere

805 3091 1004 3145 anima:
1048 3092 1388 3146 nobilitatem
1427 3108 1532 3145 non
1577 3093 1732 3154 sinit,
1767 3093 1998 3160 irrigans
2029 3109 2148 3146 eam
2195 3094 2374 3147 conti-

2461 611 2667 680 ἄψυχον
2696 613 2822 673 τοὺς
2849 611 3031 681 ψυχὴν
3081 612 3310 682 ἔχοντας
3343 613 3668 683 ἀνθρώπους
3694 615 3800 667 ἔσω
3815 634 3918 672 τεν.
3949 620 4050 668 οὐκ

2461 701 2649 771 ἐπειδὴ
2676 701 2814 771 αἷμα
2843 699 2932 772 ἦν,
2965 703 3080 754 ἀλλ’
3113 704 3305 772 ἐπειδὴ
3335 706 3428 757 106
3460 706 3692 774 αἵματος
3723 705 3815 757 τοῦ
3855 706 4051 758 5501:0-

2460 792 2616 845 τικοῦ
2651 794 2821 856 τύπος
2868 789 2956 863 ἦν.
3019 793 3080 847 Ei
3141 797 3196 848 δὲ
3250 797 3278 847 ὀ
3335 796 3506 860 τύπος
3547 797 3715 850 αὑτοῦ
3766 800 4047 856 τοσαύτην

2463 883 2623 952 ἔσχεν
2647 887 2820 954 ίσχὺν,
2848 885 3031 954 πολλῷ
3061 887 3266 954 μᾶλλον
3296 889 3329 957 ἡ
3350 888 3575 958 ἀλήθεια
3607 888 3684 957 (1)
3707 903 3720 916 ⁸
3758 890 3851 942 sit
3872 892 4048 956 ἄγγε-

2460 979 2550 1039 λος
2582 978 2702 1029 ἰδὼν
2732 980 2791 1030 τὸ
2823 974 2964 1048 αἷμα
2994 980 3090 1032 τοῦ
3122 981 3294 1034 τύπου
3321 981 3544 1051 ᾐδέσθη,
3570 979 3754 1048 πολλῷ
3793 982 4001 1048 μῶλον
4029 983 4049 1032 ί

2461 1068 2709 1130 διάϐολος
2738 1068 2861 1120 ἰδὼν
2891 1071 2950 1121 τὸ
2973 1065 3112 1138 αἷμα
3138 1071 3236 1137 τῆς
3267 1071 3530 1139 ἀληθείας
3569 1072 3632 1123 τὺ
3661 1071 3754 1122 106
3787 1070 4053 1138 Χριστοῦ,

2463 1160 2583 1227 οὐχὶ
2619 1160 2816 1228 θύραις
2867 1161 3350 1230 ἐπικεχρισμένον,
3391 1162 3525 1214 ἀλλὰ
3556 1157 3635 1229 τῷ
3677 1163 3910 1230 στόματι
3938 1162 4056 1211 τῶν

2465 1251 2705 1312 πιστῶν,
2741 1253 2863 1312 ταῖς
2915 1251 3108 1319 θύραις
3142 1250 3286 1316 λέγω
3329 1250 3425 1302 106
3479 1252 3726 1320 ἐμψύχου
3771 1252 3902 1302 ναοῦ
3952 1249 4053 1302 τοῦ

2463 1339 2625 1402 Θεοῦ,
2654 1340 2917 1407 φεύξεται
2956 1342 3052 1395 καὶ
3091 1341 3310 1410 μακράν
3351 1360 3454 1394 που
3492 1345 3809 1412 γενήσεται.

2541 1432 2630 1498 ιβ’.
2664 1432 2836 1485 Τοῦτο
2865 1433 2925 1485 τὸ
2955 1433 3056 1501 τῆς
3083 1434 3277 1500 καινῆς
3313 1433 3504 1495 θυσίας
3533 1431 3667 1500 αἷμα
3696 1434 3920 1500 ἐκχυθὲν
3948 1433 4059 1483 πεῖ·

2467 1539 2566 1573 σαν
2591 1522 2688 1592 τὴν
2709 1523 3040 1592 οἰκουμένην
3075 1522 3334 1587 ἔξέπ).υνε
3360 1537 3374 1550 ⁸
3404 1522 3562 1574 τοῦτο
3598 1524 3659 1574 τὸ
3691 1517 3828 1588 αἷμα
3941 1523 4058 1580 τοῖς

2465 1613 2659 1672 τύποις
2702 1615 2770 1665 τὰ
2807 1615 2978 1666 ἄδυτα
3011 1616 3105 1667 καὶ
3133 1617 3199 1666 1‘1
3235 1617 3401 1681 Ἀγια
3425 1615 3535 1666 τῶν
3569 1613 3740 1680 ἁγίων
3771 1614 4014 1678 ἐκάθηρε
4040 1630 4054 1642 ·

2467 1705 2629 1756 τοῦτο
2656 1707 2717 1757 τὸ
2749 1700 2890 1775 αἷμα
2920 1707 2977 1758 ὲν
3008 1709 3122 1769 τοῖς
3162 1707 3356 1767 τύποις
3391 1707 3450 1759 τὸ
3483 1706 3717 1775 χρυσοῦν
3751 1705 4056 1769 θυσιαστή-

2472 1813 2587 1864 ριον
2615 1798 2811 1866 ἡγίασε
2841 1814 2853 1828 ·
2887 1798 3084 1849 τούτου
3118 1800 3291 1866 χωρὶς
3323 1799 3379 1849 ὲν
3411 1801 3534 1856 ταῖς
3563 1798 3820 1864 νομικαῖς
3843 1812 4054 1846 τυπου-

2472 1889 2637 1956 μένου
2668 1888 2883 1950 θυσίαις
2937 1890 3037 1942 οὐκ
3065 1891 3266 1957 ἐτόλμα
3298 1891 3325 1940 ὁ
3352 1889 3644 1958 ἀρχιερεὺς
3677 1888 3759 1949 είς
3787 1889 3854 1938 τὰ
3881 1888 4056 1940 ἄδυτα

2466 1977 2694 2028 εἰσιέναι
2722 1995 2734 2007 ·
2767 1977 2928 2029 τοῦτο
2973 1980 3036 2028 τὸ
3063 1974 3204 2045 αἷμα
3234 1979 3291 2029 ἐν
3322 1981 3433 2038 τοῖς
3471 1976 3664 2037 τύποις
3693 1976 3877 2043 ἱερέας
3912 1979 4058 2041 ἒχει-

2471 2069 2713 2136 ροτὸνειο
2740 2069 2900 2122 10610
2936 2069 3213 2138 ἐκάθηρεν
3255 2070 3532 2138 ἁμαρτίας
3576 2071 3632 2120 ἐν
3679 2072 3791 2129 τοῐς
3837 2069 4054 2128 τύποις.

2469 2161 2534 2214 Εἰ
2559 2160 2614 2212 δὲ
2647 2161 2704 2210 ὲν
2741 2163 2853 2221 τοῖς
2880 2160 3070 2221 τύποις
3101 2161 3373 2227 τοσαύτην
3403 2160 3561 2226 ἔσχεν
3611 2160 3767 2225 ἰσχὺν
3796 2158 3851 2209 ἐν
3882 2176 3940 2208 τε
3973 2159 4056 2226 τῷ

2469 2252 2584 2320 ναῷ
2642 2253 2751 2303 τῶν
2789 2252 3081 2322 Ἐϐραίων,
3114 2251 3169 2303 ἔν
3232 2270 3290 2304 τε
3338 2252 3599 2317 Αἰγύπτῳ
3654 2255 3797 2318 μέσῃ
3847 2251 3937 2301 ὅτε
3999 2254 4055 2300 αἱ

2471 2343 2625 2410 (pho).
2663 2343 2932 2411 ἐχρίοντο,
2969 2343 3150 2412 πολλῷ
3184 2343 3387 2411 μᾶλλον
3422 2345 3510 2394 ὅτε
3534 2338 3745 2412 ﬁxam)
3796 2342 4048 2408 ἀλήθεια.

2469 2435 2570 2502 τῆς
2624 2436 2783 2495 σκιᾶς
2842 2435 3338 2503 παραδραμούση·.
3390 2433 3452 2485 ΕΞ
3503 2433 3602 2499 τὴν
3640 2435 3800 2485 σκιὰν
3829 2432 4003 2492 οὕτως
4033 2434 4061 2483 ὁ

2472 2527 2700 2587 θάνατος
2744 2524 2957 2594 ἔφριξε,
2990 2525 3088 2594 τὴν
3124 2526 3389 2594 ἀλήθειαν
3425 2525 3618 2592 αὐτὴν,
3647 2525 3767 2574 εἰπέ
3801 2540 3910 2591 μοι,
3940 2521 4061 2581 πῶς

2471 2619 2574 2670 οὐκ
2619 2618 2685 2670 ἂν
2734 2618 3014 2686 εφο6ήοη;
3051 2617 3224 2669 Τοῦτο
3255 2618 3288 2687 ἡ
3322 2604 3567 2686 σωτηρία
3614 2617 3720 2667 τῶν
3769 2616 4062 2684 ἡμετέρων

2471 2707 2662 2776 ψυχῶν
2681 2722 2696 2736 ο
2725 2707 2899 2775 τούτῳ
2930 2708 3118 2776 ἥδεται
3143 2709 3175 2774 ἠ
3207 2707 3352 2776 ψυχή
3374 2725 3384 2736 ·
3410 2706 3587 2775 τούτῳ
3617 2705 4057 2766 καλλωπίζεται.

2471 2797 2648 2866 τούτῳ
2693 2797 2996 2867 πυροῦται·
3035 2797 3195 2849 τοῦτο
3229 2799 3401 2867 πυρὸς
3451 2798 3832 2867 λαμπρότερον
3891 2796 4060 2865 ἐργά-

2475 2887 2624 2951 ζεται
2649 2890 2740 2940 τὸν
2764 2890 2888 2941 νοῦν
2916 2889 3009 2940 τὸν
3037 2890 3316 2959 ἡμέτερον
3339 2904 3355 2920 ⁸
3386 2891 3548 2940 10610
3588 2889 3814 2956 χρυσίου
3841 2887 4061 2954 φαιδρο-

2474 2980 2640 3049 τέραν
2687 2980 2782 3051 τὴν
2834 2979 3015 3050 ψυχὴν
3071 2985 3247 3032 ποιεῖ’
3282 2980 3443 3032 10610
3472 2979 3534 3030 τὸ
3569 2975 3709 3047 αἷμα
3740 2980 3840 3046 τὴν
3871 2979 4057 3030 εἰκόνα

2475 3073 2606 3140 ἡμῖν
2638 3073 2881 3141 ἀνθηρὰν
2911 3072 3206 3140 ἐργάζεται
3246 3071 3343 3140 τὴν
3381 3071 3666 3142 βασιλικήν
3691 3087 3706 3102 ·
3737 3071 3900 3122 τοῦτο
3927 3071 4060 3122 κα).-

804 3198 916 3235 nuo
938 3191 994 3235 et
1034 3183 1344 3236 euutriens.
1378 3181 1511 3235 Nam
1553 3183 1779 3250 sanguis
1809 3185 1896 3236 ille
1923 3185 2015 3251 qui
2054 3202 2082 3237 a
2111 3184 2248 3238 cibis
2276 3201 2374 3238 uo-
2401 3181 2446 3243 C
2478 3158 2497 3208 )

2368 3181 2446 3243 _C
2478 3158 2568 3219 λος
2621 3160 2940 3227 ἀμήχανον·
2991 3160 3154 3212 τοῦτο
3202 3161 3668 3230 ἀπομαρανθῆναι
3725 3161 3824 3228 τῆς
3878 3159 4061 3228 ψυχῆς

805 3270 892 3324 bis
924 3281 1164 3335 creatur,
1199 3273 1343 3324 haud
1368 3273 1514 3326 illico
1541 3273 1798 3335 ellieitur,
1817 3276 1911 3326 sed
1938 3274 2084 3327 aliud
2109 3275 2372 3342 quiddam

807 3375 973 3417 antea
1010 3365 1088 3418 ﬁt.
1126 3365 1245 3418 Non
1283 3367 1357 3417 ita
1394 3376 1573 3419 tamen
1627 3366 1738 3426 hic.
1770 3366 1864 3419 sed
1900 3369 2138 3418 animam
2191 3369 2373 3420 statim

808 3456 1022 3527 irrigat,
1056 3466 1112 3511 et
1142 3473 1391 3527 magnam
1428 3457 1720 3526 quamdam
1756 3457 1864 3509 vint
1896 3458 2108 3511 inserit.
2144 3459 2379 3528 Sanguis

809 3548 900 3604 hic
937 3552 1027 3602 vix
1068 3549 1277 3605 eﬂ‘usus
1327 3551 1527 3604 coelum
1582 3549 1848 3613 gradibile
1880 3549 2026 3604 fecit.
2071 3550 2378 3605 Tremenda

811 3657 942 3695 vere
977 3652 1105 3694 sunt
1144 3642 1405 3696 Ecclesiae
1434 3641 1638 3696 Christi
1687 3641 1984 3712 mysteria!
2033 3644 2377 3698 tremendum

809 3749 939 3790 vere
967 3735 1137 3788 altare
1169 3734 1280 3787 estl

885 3971 972 4024 15.
999 3971 1344 4024 Ascendebat
1368 3970 1435 4025 de
1471 3973 1724 4041 paradiso
1758 3976 1899 4036 fons.
1939 3979 2242 4032 materialia
2279 3978 2380 4032 ﬁtt-

814 4060 964 4114 miua
1017 4072 1278 4116 ermtaus
1313 4081 1325 4116 :
1361 4079 1425 4116 ex
1476 4063 1579 4116 hac.
1628 4080 1781 4117 sacra
1820 4081 2005 4119 mensa
2060 4067 2184 4120 fons
2233 4070 2380 4129 Salit,

813 4155 1080 4220 spiritalia
1128 4153 1354 4207 ﬁumina
1403 4160 1678 4210 emitteus.
1719 4159 1876 4212 Circa
1931 4159 2182 4231 divinum
2235 4162 2382 4214 hunc

815 4243 1020 4298 fontem
1053 4245 1193 4298 haud
1217 4245 1415 4298 salices
1444 4247 1796 4302 infructuosa:
1830 4251 2083 4317 plantatze
2109 4261 2259 4315 sunt,
2285 4252 2381 4306 sed

813 4336 1042 4390 arbores
1070 4336 1136 4389 ad
1170 4352 1341 4405 usque
1366 4339 1564 4391 cwluin
1594 4355 1714 4393 sese
1737 4341 2075 4402 attollentes.
2104 4347 2384 4411 tempesti-

812 4444 942 4482 vum
977 4429 1221 4482 fructum
1250 4430 1524 4484 habentes
1553 4448 1768 4501 semper
1801 4443 1857 4486 et
1889 4435 2381 4502 incorruptiliilein.

2478 3252 2578 3315 τὴν
2598 3251 2878 3317 εὐγένειαν
2902 3252 3002 3303 οὐκ
3029 3252 3278 3318 ἀφίησιν,
3304 3252 3468 3319 ἄρδον
3504 3252 3676 3319 αύῖὴν
3699 3253 3941 3318 συνεχῶς
3966 3254 4063 3303 καὶ

2479 3344 2714 3410 τρέφον⁹
2740 3343 2800 3395 τὸ
2833 3343 2930 3408 μὲν
2965 3343 3072 3411 γὰρ
3118 3343 3227 3394 ἀπὸ
3255 3343 3364 3394 τῶν
3414 3343 3601 3395 σιτίων
3637 3346 3770 3411 ἡμῖν
3806 3339 3948 3410 αἷμα
3975 3360 4063 3410 γι-

2480 3435 2726 3502 νόμενον,
2750 3435 2850 3486 οὐκ
2899 3433 3104 3496 εὐθέως
3148 3434 3309 3487 τοῦτο
3338 3434 3573 3500 γίνεται,
3610 3435 3726 3488 ἀλλ’
3753 3436 3944 3505 ἕτερόν
3968 3453 4022 3487 τι
4048 3454 4063 3468 υ

2479 3527 2637 3580 10610
2663 3527 2718 3578 δὲ
2749 3527 2848 3596 οὐχ
2879 3526 3073 3589 οὕτως,
3114 3528 3231 3579 ἀλλ’
3269 3529 3474 3590 εὐθέως
3530 3533 3630 3597 τὴν
3672 3529 3850 3598 ψυχὴν
3884 3530 4063 3598 ἄρδει,

2481 3620 2576 3671 καὶ
2602 3618 2847 3684 μεγάλην
2876 3619 3000 3670 τινὰ
3051 3618 3285 3686 δύναμιν
3332 3621 3573 3686 ιμποιεῖ.
3607 3619 3782 3672 T0610
3825 3621 4062 3690 ἐξεχύθη

2481 3711 2542 3763 τὸ
2577 3706 2740 3778 αἷμα,
2764 3712 2858 3762 καὶ
2884 3710 2977 3762 τὸν
3004 3712 3237 3780 οὐρανὸν
3261 3713 3488 3780 ἐποίησε
3523 3713 3707 3782 βατόν.
3740 3715 3955 3780 Φρικτά
3976 3715 4067 3766 δν·-

2481 3819 2588 3868 τως
2619 3803 2689 3853 τὰ
2720 3803 2997 3871 μυστήρια
3035 3802 3138 3870 τῆς
3173 3802 3502 3871 Ἐκκλησίας
3536 3805 3800 3875 Χριστούο
3834 3809 4068 3877 φρικτὸν

2482 3895 2651 3954 ὅντως
2683 3896 2746 3946 τὸ
2775 3894 3184 3964 θυσιαστήριον.

2559 3989 2649 4048 ιγ’.
2709 3983 3021 4035 Ἀνέὸαινεν
3071 3988 3138 4036 ἐκ
3185 3984 3281 4036 106
3329 3987 3661 4054 παραδείσου
3703 3989 3857 4057 πηγὴ
3895 4007 4067 4044 1101:-

2489 4075 2622 4142 μοίις
2646 4074 2941 4143 αἰσθητοὺς
2965 4077 3188 4142 ἀφιεῖσα
3215 4092 3226 4103 ·
3255 4078 3363 4128 ἀπὸ
3401 4082 3497 4146 τῆς
3524 4080 3675 4147 ἱερᾶς
3707 4079 3912 4146 ταύτης
3939 4099 4068 4146 τρα-

2486 4166 2656 4234 πέζης
2679 4167 2852 4218 ἄνεισι
2885 4168 3037 4233 πηγὴ
3072 4168 3353 4232 ποταμοὺς
3380 4169 3608 4234 ἀφιεῖσα
3635 4174 4065 4238 πνευματικούς·

2486 4260 2636 4326 παρὰ
2670 4258 2873 4324 ταύτην
2922 4258 3020 4326 τὴν
3055 4259 3208 4310 θείαν
3245 4262 3428 4328 πηγὴν
3473 4265 3879 4329 πεφυτευμέναι
3928 4267 4068 4316 εἰσὶν

2485 4353 2585 4402 οὐκ
2605 4351 2748 4401 ἰτέαι
2772 4352 3033 4416 ἄκαρποι,
3058 4350 3198 4401 ἀλλὰ
3218 4351 3413 4418 δένδρα
3443 4353 3572 4420 πρὸς
3601 4354 3766 4406 αὑτὸν
3791 4357 4067 4422 φθάνοντα

2487 4440 2579 4489 τὸν
2613 4438 2862 4504 οὐρανὸν,
2891 4441 3102 4508 καρπὸν
3135 4440 3332 4508 ἔχοντα
3383 4440 3594 4508 ὥριμον
3645 4445 3734 4495 ἀεὶ
3783 4446 3880 4496 καὶ
3924 4450 4070 4514 ἀμά-

813 4524 871 4574 Si
906 4524 1031 4591 quis
1065 4535 1280 4588 mstuat,
1317 4530 1384 4578 ad
1418 4528 1564 4579 hunc
1592 4529 1797 4581 fontem
1826 4530 2028 4592 veniat,
2063 4541 2118 4583 et
2141 4533 2377 4584 calorem
2417 4547 2456 4598 υ
2488 4547 2506 4597 ε

2373 4552 2377 4583 .
2417 4547 2456 4598 υ
2488 4545 2701 4597 ραντον.
2738 4527 2802 4578 Εἴ
2835 4545 2919 4590 τις
2966 4529 3286 4592 καυσοῡται,
3323 4536 3476 4598 παρα
3509 4533 3714 4601 ταύτην
3748 4536 3937 4601 ἡκέτω
3967 4537 4066 4602 τὴν

815 4612 1101 4680 refrigeret
1149 4636 1159 4668 :
1219 4616 1362 4667 levat
1403 4617 1550 4669 enim
1608 4619 1984 4680 a-stuatioues,
2039 4630 2094 4672 ct
2151 4622 2379 4674 ardores

808 4723 1001 4761 omnes
1041 4718 1332 4773 temperat,
1386 4728 1494 4763 non
1547 4726 1642 4763 eos
1690 4711 1783 4779 qui
1823 4728 1852 4764 α
1891 4712 2027 4774 Sole,
2061 4713 2153 4764 scd
2201 4715 2294 4778 qtti
2349 4731 2378 4767 a

810 4802 1013 4854 diaboli
1054 4803 1176 4854 telis
1231 4803 1404 4870 igneis
1445 4821 1458 4855 :
1520 4817 1754 4868 namque
1789 4802 2056 4870 originem
2089 4804 2376 4856 desursum

810 4896 1000 4956 habet,
1032 4904 1089 4946 et
1139 4894 1264 4946 inde
1303 4894 1565 4954 radicem,
1600 4894 1743 4947 ttude
1791 4905 1846 4946 et
1880 4896 2159 4962 irrigatur.
2197 4895 2380 4948 Multi-

813 5005 923 5056 que
955 4997 1082 5039 sttnt
1115 4987 1279 5052 hujus
1311 4986 1478 5036 fontis
1509 4985 1694 5045 rivuli,
1723 5002 1858 5051 quos
1893 4987 2096 5038 emittit
2128 4987 2379 5039 Pararlc-

816 5093 945 5135 tus:
979 5091 1033 5132 et
1060 5078 1330 5131 mediator
1364 5077 1534 5129 Filius
1567 5088 1670 5138 est,
1726 5078 1868 5130 haud
1915 5079 2150 5146 ligouetu
2187 5089 2381 5133 tenens

813 5174 1069 5240 viamque
1102 5175 1378 5227 muniens.
1400 5170 1494 5222 sed
1518 5171 1774 5221 achctuin
1808 5180 2054 5223 nostrum
2084 5172 2376 5226 suscitans.

817 5265 918 5316 llic
957 5273 1041 5316 est
1074 5261 1535 5314 honoratissimus
1575 5262 1722 5319 fons,
1756 5261 1916 5318 lucis.
1959 5263 2205 5328 ittquattt,
2237 5262 2382 5322 fons.

815 5355 1064 5408 veritatis
1117 5354 1298 5406 radios
1328 5353 1610 5420 eiaculans
1667 5351 2050 5405 Venerabilem
2091 5356 2232 5406 hunc
2267 5355 2385 5407 fon-

817 5456 926 5499 tem
959 5462 1220 5513 superine
1254 5461 1473 5512 quoque
1511 5445 1743 5497 virtutes
1787 5445 2224 5504 circumsistmit,
2259 5447 2380 5515 pul-

813 5539 1184 5593 cltt'itudtneut
1241 5540 1574 5591 lhteutorum
1630 5539 1749 5602 ejus
1807 5538 2092 5589 mirantes.
2147 5538 2266 5590 Non
2327 5549 2382 5592 et

820 5633 1026 5685 clarius
1111 5648 1274 5700 quam
1350 5648 1452 5686 uos
1523 5631 1705 5684 vident
1770 5631 1892 5700 \illa:
1977 5631 2383 5698 prepositorum

2482 4621 2687 4688 πηγὴν,
2716 4622 2805 4672 καὶ
2838 4621 3201 4690 καταψυχέτω
3240 4625 3332 4674 τὸν
3365 4630 3606 4676 καύσονα
3627 4642 3640 4654 ·
3680 4629 3771 4676 καὶ
3794 4629 3905 4695 γὰρ
3930 4631 4066 4695 ait-

2485 4715 2617 4781 μους
2658 4713 2796 4772 λύει,
2823 4713 2918 4766 καὶ
2963 4716 3030 4764 1i
3058 4715 3255 4781 διακαῆ
3311 4717 3492 4769 πάντα
3525 4718 3963 4785 παραμυθείται,
4001 4721 4065 4770 οὐ

2480 4806 2550 4856 τὰ
2581 4807 2638 4869 ἐξ
2670 4805 2845 4872 ἡλίου.
2874 4806 3010 4858 ἀλλὰ
3043 4807 3111 4858 τὰ
3143 4807 3251 4858 ἀπὸ
3301 4809 3408 4860 τῶν
3459 4809 3551 4859 106
3601 4810 3852 4862 διαϐόλου
3891 4812 4066 4880 βελῶν

2482 4897 2590 4948 τῶν
2622 4900 3041 4965 πεπυρωμένων
3065 4915 3078 4928 °
3105 4900 3200 4950 καὶ
3224 4900 3332 4967 γὰρ
3358 4902 3458 4967 τὴν
3485 4901 3660 4970 ἀρχὴν
3687 4903 3900 4956 ἄνωθεν
3923 4906 4061 4973 ἔχειν

2483 4991 2577 5040 καὶ
2599 4992 2697 5058 τὴν
2722 4992 2876 5058 ῥίζαν
2904 4991 3132 5052 ἐκεῖθεν,
3164 4993 3285 5044 ὅθεν
3317 4994 3409 5043 καὶ
3435 4993 3675 5058 ἄρδεται.
3718 4997 3912 5047 Πολλοὶ
3936 4999 4062 5049 ταύ-

2479 5097 2579 5148 της
2621 5083 2717 5148 τῆς
2765 5081 2950 5148 πηγῆς
2982 5084 3032 5132 οἱ
3066 5082 3291 5150 ρύακες,
3324 5085 3416 5146 οὓς
3444 5087 3730 5151 ἀφίησιν,ὁ
3769 5089 4063 5155 Παρακλη-

2479 5185 2604 5231 τος⁶
2642 5172 2737 5222 καὶ
2775 5174 3001 5240 μεσίτης
3032 5173 3062 5224 ὁ
3093 5172 3218 5234 Υἱὸς
3254 5174 3490 5239 γίνεται,
3519 5177 3580 5226 ού
3630 5176 3884 5227 δίκελλαν
3923 5181 4060 5245 ἔχων

2485 5261 2766 5321 ὁδοποιῶν,
2800 5262 2936 5313 ἀλλὰ
2959 5261 3058 5329 τὴν
3090 5262 3332 5314 διάθεσιν
3355 5263 3588 5330 ἀνοίγων
3617 5265 3717 5334 τὴν
3742 5266 3876 5334 παρ’
3901 5269 4056 5335 ἡμῖν.

2487 5354 2634 5420 Αὕτη
2669 5355 2701 5422 ἡ
2731 5355 3000 5420 πάντιμος
3046 5355 3196 5422 πηγὴ
3233 5355 3409 5420 φωτός
3460 5357 3575 5408 ἐστι
3620 5357 3793 5425 πηγὴ,
3822 5359 4055 5409 suam-

2486 5443 2654 5506 ζουςα
2684 5446 2780 5512 τῆς
2831 5445 3088 5511 ἀληθείας
3125 5447 3372 5505 ἀκτῖνας.
3427 5447 3610 5518 Ταύτῃ
3661 5451 3726 5518 τῇ
3777 5449 4057 5518 σεῦασμία

2487 5542 2638 5606 πηγῇ
2693 5541 2786 5590 καὶ
2833 5539 2888 5589 αἱ
2939 5539 3050 5590 ἅνω
3089 5538 3475 5604 παρεστήκασι
3509 5539 3787 5608 δυνάμεις⁹
3831 5543 3968 5608 πρὸς
3999 5540 4057 5591 τδ

2492 5631 2689 5692 κάλλος
2719 5629 2984 5699 ενορῶσαι
3014 5630 3121 5682 τῶν
3160 5627 3393 5698 ῥείθρων
3413 5645 3426 5659 ·
3452 5631 3639 5701 ιπειδὴ
3669 5633 3763 5685 καὶ
3795 5635 4056 5701 σαφέστε-

891 5813 1191 5884 (l)Con!‘er
1225 5813 1701 5885 Chrysostomum,
1729 5821 1768 5868 ι,
1791 5811 2114 5874 \'l|,homil.
2138 5810 2399 5866 LXYVll.
2446 5813 2492 5876 l,
2526 5812 2577 5864 in
2610 5810 2798 5866 Matth.
