4288 6356
254 365 358 432 961
1554 362 1897 425 ETIIICON
1942 363 1982 419 Υ
2001 359 2109 423 lli.
3423 366 3531 431 952

248 500 350 555 ρον
389 486 547 555 ἡμῶν
592 487 800 541 ἐκεῖναι
851 484 962 539 τῶν
1018 476 1402 553 προκειμένων
1433 474 1706 547 θεωροῦσι
1735 475 1839 545 τὴν
1867 474 1912 533 Α

1834 492 1839 517 ρ
1867 474 1912 533 Α
1946 486 2247 526 munerum
2303 470 2415 524 vim
2473 486 2781 543 eorumque
2829 474 3160 544 Splendorcs
3191 476 3527 535 inaccessos.

246 578 504 648 δύναμιν,
563 579 661 632 καὶ
710 578 809 638 τὰς
868 574 1249 647 μαρμαρυγὰς
1300 570 1401 631 τὰς
1454 568 1788 638 ἀπροσίτους
1819 582 1835 599 ⁹

1832 585 1835 598 ’
1945 564 2100 620 Sient
2164 566 2313 619 enim
2370 580 2505 620 auro
2554 567 2854 636 liquefacto
2919 571 2964 623 si
2996 570 3119 638 quis
3151 588 3373 627 manum
3428 583 3525 628 aut

250 669 298 723 ὦ
333 687 440 739 περ
478 671 586 737 γὰρ
610 666 815 738 χρυσοῦ
853 665 1182 737 τηκομένου,
1208 663 1274 716 ἄν
1306 678 1368 715 τε
1407 660 1507 729 τὴν
1553 658 1715 729 χεῖρά
1755 675 1839 721 τις
1941 656 1943 709 ξ

1838 680 1839 683 η
1941 655 2182 724 linguam
2235 657 2470 725 iujieiat.
2521 673 2745 712 auream
2794 660 2944 715 illico
2974 661 3143 725 facit;
3175 661 3249 717 ita
3304 679 3531 733 prorsus

247 738 509 831 ἐμϐάλοι.
534 760 604 813 ἂν
636 777 695 812 τε
727 758 827 829 τὴν
854 759 1126 826 γλῶτταν,
1159 756 1375 825 χρυσῆν
1412 749 1617 812 εὐθέως
1667 749 1841 818 αὐτὴν

1833 765 1841 794 ν
1946 748 2033 804 hic
2091 749 2259 804 etiam
2312 754 2595 820 proposita
2642 753 2902 821 mysteria
2961 754 3204 808 animant
3257 738 3526 817 efﬁciunt.

249 853 549 921 ἐποίησιν·
577 852 721 905 οὕτω
754 851 819 920 δὴ
868 854 962 903 καὶ
995 848 1230 902 ἐνταῦθα
1264 844 1365 915 τὴν
1398 843 1578 913 ψυχὴν
1613 839 1841 911 ἐργάζε-

1834 872 1841 881 -
1945 840 2143 896 [ται-ιρι
2184 842 2331 895 enim
2367 844 2493 910 igne
2525 843 2910 897 vehementius
2960 846 3378 902 sanctissimum
3421 848 3527 901 llu-

242 961 342 1003 sat
367 943 436 995 τὰ
469 942 806 1011 προκείμενα
827 958 838 969 ·
865 941 1057 1004 ἀναζετ
1094 939 1194 1010 μὲν
1243 938 1352 1006 γὰρ
1387 936 1561 1005 πυρὸς
1613 935 1843 1004 σφοδρός

1945 950 2068 987 men
2108 934 2246 999 hoc;
2295 945 2349 988 at
2389 950 2496 987 non
2533 936 2738 997 exurit.
2790 937 2885 990 sed
2945 936 3090 992 lavat
3145 942 3530 995 tantummodo

249 1052 411 1103 τερον
440 1036 466 1086 ό
495 1034 758 1100 πανάγιος
789 1025 943 1094 οὗτος
974 1030 1242 1098 ποταμὸς,
1275 1027 1394 1082 ἀλλ’
1417 1028 1478 1081 οὐ
1509 1026 1677 1089 καίει,
1703 1026 1842 1079 ἀλλὰ

1836 1045 1842 1079 ς
1944 1026 2213 1096 quidquid
2267 1028 2625 1097 corripuerit.
2686 1027 2784 1083 llic
2831 1032 3252 1089 sacratissimus
3306 1037 3529 1106 sanguis

255 1126 511 1196 βαπτίζει
547 1126 710 1195 μόνον
752 1126 892 1193 ὅπερ
943 1123 1010 1176 ἂν
1040 1122 1203 1192 λὰὁῃ.
1250 1120 1422 1172 Τοῦτο
1450 1120 1512 1171 τὸ
1549 1116 1843 1189 ἱερώτατον
1946 1140 1948 1163 :

1834 1136 1843 1166 ν
1946 1120 2257 1188 antiquitus
2293 1134 2514 1188 semper
2559 1122 3021 1191 praeﬁgurabatur
3050 1125 3103 1177 in
3146 1125 3437 1187 altaribus.
3472 1128 3527 1180 in

252 1215 396 1287 αἷμα
418 1217 628 1272 amo"
662 1214 1043 1286 προιτυποῦτο
1089 1216 1177 1268 ἀεὶ
1212 1216 1271 1267 ἐν
1314 1213 1749 1284 θυσιαστηρίοις,
1785 1213 1844 1264 ιν
1943 1264 1945 1276 ,

1837 1230 1844 1258 ι
1943 1209 2218 1278 iustorum
2281 1210 2549 1264 cmdidus.
2603 1208 2704 1267 llic
2759 1213 2987 1281 sanguis
3042 1218 3281 1284 pretium
3338 1218 3530 1273 mundi

251 1310 482 1363 δικαίων
526 1312 804 1377 σφαγαῖς·
853 1306 1015 1360 τοῦτο
1045 1308 1077 1373 ἠ
1131 1304 1268 1374 τιμὴ
1323 1306 1422 1371 τῆς
1474 1304 1840 1373 οἰκουμένης·

1837 1321 1840 1332 ’
1945 1315 2065 1368 est;
2098 1303 2201 1358 hoc
2228 1289 2532 1358 Eeelesiam
2558 1305 2810 1369 Christus
2838 1311 3220 1376 comparavit;
3247 1310 3351 1364 hoc
3382 1310 3530 1364 illam

254 1400 435 1471 τούτῳ
481 1400 725 1470 ἠγόρασε
776 1398 876 1468 τὴν
935 1396 1267 1464 Ἐκκλησίαν
1292 1398 1322 1449 6
1355 1395 1591 1466 Χριστός
1620 1411 1636 1425 ·
1664 1396 1843 1462 τούτῳ

1841 1420 1843 1437 ι
1947 1406 2113 1451 tutam
2167 1398 2471 1451 exornavit.
2509 1396 2664 1450 Sicut
2696 1399 2844 1452 enim
2902 1401 3069 1454 homo
3095 1417 3287 1457 servos
3316 1419 3534 1467 emens,

256 1488 687 1558 κατεκόσμησεν
721 1490 893 1555 αὐτην
924 1487 1143 1540 ἃπασαν
1168 1500 1183 1517 ν
1210 1485 1469 1554 καθάπερ
1493 1485 1602 1553 γὰρ
1628 1484 1842 1552 ἄνθρω-
1947 1527 1949 1538 ,

1947 1504 2142 1543 aurum
2199 1501 2425 1559 erogat;
2485 1505 2792 1559 rursusque
2832 1506 2931 1547 eos
2987 1508 3264 1547 exornare
3316 1495 3539 1558 volens,

256 1598 363 1641 πος
390 1581 609 1643 οἰκέτας
634 1577 967 1645 ὠνούμενος,
1012 1577 1197 1630 δίδωσι
1230 1577 1480 1646 χρυσίον,
1516 1576 1609 1628 καὶ
1638 1574 1848 1628 καλλω-
1947 1604 1949 1631 ;

1841 1602 1848 1613 ·
1947 1598 2081 1635 auro
2123 1582 2174 1635 id
2240 1592 2433 1646 curat;
2494 1583 2574 1636 sic
2636 1595 2693 1637 et
2752 1584 3010 1640 Christus
3070 1585 3205 1639 emit
3259 1600 3359 1639 nos
3406 1601 3534 1639 san~

256 1673 418 1724 πίσαι
448 1670 611 1724 πάλιν
641 1671 772 1724 αὐτο
787 1669 846 1731 ῦς
880 1668 1231 1739 βουλόμενος,
1261 1664 1449 1738 χρυσῷ
1477 1668 1637 1719 τοῦτο
1666 1669 1843 1719 ποιεῖ’
1947 1716 1949 1737 1

1841 1684 1843 1692 '
1947 1676 2112 1741 gnine
2146 1674 2392 1743 proprio,
2425 1675 2733 1744 eodemque
2774 1675 2880 1730 hoc
2928 1677 3199 1746 sanguine
3228 1690 3333 1731 nos
3363 1690 3534 1730 venu-

254 1763 405 1816 οῦτω
459 1762 552 1815 καὶ
611 1764 641 1815 ό
699 1759 935 1829 Χριστὸς
999 1758 1274 1829 ἠγόρασεν
1330 1760 1478 1829 ἡμᾶς
1533 1760 1728 1827 αἵματι
1766 1759 1845 1829 τῷ
1950 1765 2141 1819 stavit.

252 1855 466 1923 οἰκείῳ,
499 1853 592 1904 καὶ
625 1852 931 1921 ἐκόσμησεν
960 1852 1106 1920 ἡμᾶς
1136 1850 1311 1920 τούτῳ
1345 1851 1419 1921 τῷ
1445 1852 1662 1921 αἵματι.
1881 1844 1921 1899 Β

330 1943 413 1996 ιδ’,
442 1945 770 2013 Προσίωμεν
800 1943 983 1995 τοίνυν
1011 1944 1077 2013 τῇ
1111 1945 1350 2013 μυστικῇ
1390 1942 1565 2015 ταύτῃ
1591 1943 1847 2015 τραπέζῃ

1841 1968 1847 2012 ι
2026 1946 2114 2000 Η.
2160 1944 2240 1998 Ad
2285 1944 2424 1997 hane
2467 1945 2652 2014 itaque
2696 1946 2983 2015 mysticam
3020 1961 3268 1999 mensam
3305 1945 3534 2001 acceda-

260 2035 403 2105 μετὰ
433 2036 637 2098 παντὸς
666 2035 857 2104 φόϐου,
884 2038 978 2088 καὶ
1029 2036 1392 2105 συνειδήσεως
1444 2037 1718 2105 καθαρᾶς,
1752 2038 1847 2090 καὶ
1952 2057 1953 2065 η

1839 2056 1847 2088 ι
1952 2054 2075 2092 mus
2137 2054 2263 2091 cunt
2309 2038 2457 2091 omni
2517 2040 2734 2100 timore,
2780 2048 2834 2090 et
2885 2039 3227 2091 conscientia
3278 2054 3436 2106 pura.
3476 2047 3532 2091 οι

255 2130 589 2182 ἁδιστάκτου
628 2128 892 2193 πίστεως,
951 2128 1046 2181 καὶ
1100 2128 1281 2181 πάντα
1331 2128 1486 2180 ἔσται
1516 2129 1652 2197 ἡμῖν
1707 2129 1845 2181 καθι

1839 2147 1845 2179 ι
1952 2130 2178 2184 indubia
2214 2130 2339 2192 lide,
2379 2142 2543 2197 atque
2576 2131 2759 2182 otunia
2801 2130 2961 2183 nobis
3005 2140 3171 2184 erunl
3222 2142 3383 2197 prout
3411 2130 3532 2183 sine

258 2222 593 2292 πιστεύομεν
643 2223 719 2291 μὴ
751 2221 1119 2286 διστάζοντες.
1150 2222 1223 2274 To
1256 2220 1312 2273 δέ
1346 2221 1669 2290 προσελθεῖν
1704 2221 1845 2291 μετὰ
1948 2258 1951 2271 .

1838 2239 1845 2271 ι
1948 2219 2308 2289 ambiguitate
2363 2220 2670 2273 credimus.
2711 2219 2848 2272 Cum
2884 2230 3067 2295 autem
3101 2220 3224 2273 dico
3256 2220 3531 2273 acceden-

259 2315 502 2376 πίστεως
531 2313 593 2365 οῦ
644 2313 706 2365 τὸ
754 2312 943 2365 λαθεῖν
998 2312 1117 2366 ἐστι
1158 2313 1322 2382 μόνον
1354 2316 1415 2366 τὸ
1456 2313 1843 2383 προκείμενον,
1948 2336 1952 2358 ‹

1948 2312 2079 2364 dum
2110 2326 2236 2364 eum
2273 2310 2402 2373 (ide,
2434 2327 2543 2363 non
2596 2309 2918 2378 accipienda
2975 2310 3359 2363 tantummodo
3408 2326 3536 2365 esse

256 2407 401 2460 ἀλλὰ
448 2407 544 2460 καὶ
591 2406 653 2459 τὸ
704 2407 846 2477 μετὰ
901 2405 1151 2475 καθαρᾶς
1190 2407 1417 2478 καρδίας
1474 2408 1756 2476 ἅψασθαι·
1784 2408 1846 2459 τὸ

1835 2422 1846 2458 i
1949 2418 2178 2455 munera
2211 2402 2469 2464 dico,sed
2494 2401 2690 2455 eadem
2724 2417 2859 2471 puro
2885 2418 3009 2457 eum
3041 2402 3207 2455 eoi-de
3228 2402 3528 2472 tangenda:

259 2498 406 2552 οῦτω
436 2498 769 2565 δακεῖσθαι,
808 2499 882 2562 ὡς
934 2500 1085 2570 αὑτῷ
1132 2501 1459 2570 προσιόντας
1481 2501 1558 2571 τῷ
1579 2501 1802 2572 Χριστῷ
1829 2516 1841 2529 °
1948 2510 1952 2559 ζ

1948 2507 2180 2560 prorsus
2218 2491 2363 2545 haud
2396 2507 2560 2545 secus
2595 2491 2822 2545 allectos
2862 2507 2963 2545 nos
3002 2507 3123 2546 esse
3180 2494 3328 2554 volo.
3364 2508 3535 2561 quam

258 2594 312 2643 τί
340 2592 470 2662 γὰρ,
504 2592 553 2643 εί
587 2590 663 2661 μὴ
704 2594 891 2662 φωνῆς
924 2591 1223 2662 ἀκούομεν,
1258 2592 1637 2662 φθεγγομένου
1679 2592 1843 2645 αὐτοῦ
1948 2606 1951 2636 ε

1840 2615 1843 2638 ι
1948 2586 1994 2639 si
2029 2585 2095 2637 ad
2127 2583 2405 2638 Christum
2443 2584 2622 2651 ipsum
2648 2586 2985 2638 veniremus.
3007 2584 3146 2650 Quid
3182 2585 3328 2638 enim
3360 2586 3533 2640 inter—

256 2685 350 2737 διὰ
381 2684 492 2738 τῶν
522 2684 970 2752 εὐαγγελιστῶν;
1007 2684 1367 2751 Πιστεὺωμεν
1396 2679 1490 2736 οὖν
1518 2686 1600 2737 ὅτι
1624 2685 1721 2737 καὶ
1751 2683 1847 2735 νῦν
1947 2706 1949 2717 ε

1840 2701 1847 2728 ι
1947 2686 2051 2742 est,
2099 2676 2243 2746 quod
2298 2674 2488 2731 Vocem
2539 2672 2657 2747 ejus
2707 2677 2934 2730 minimc
2985 2676 3319 2742 audiamus,
3359 2678 3533 2747 siqui-

258 2778 442 2828 ἐκεῖνο
475 2776 538 2829 τδ
581 2777 800 2829 δεῖπνόν
833 2777 1003 2842 ἐστιν,
1033 2778 1090 2828 ἐν
1122 2770 1166 2844 ᾧ
1198 2777 1294 2828 καὶ
1341 2774 1505 2839 αὐτὸς
1553 2777 1805 2829 ἀνέκειτο
1828 2790 1841 2803 ·
1950 2802 1951 2810 ι

1950 2768 2074 2822 dem
2118 2784 2216 2837 per
2267 2770 2637 2839 evangi-listas
2692 2768 2980 2837 loquitur?
3021 2768 3327 2823 Credamus
3366 2770 3538 2839 igitur

255 2869 418 2921 οἰδὲν
449 2868 557 2939 γὰρ
589 2870 765 2921 ἐκεῖνο
793 2868 983 2921 τούτου
1015 2869 1325 2939 διενήνοχεν
1347 2886 1361 2901 υ
1395 2870 1516 2921 οὐδὲ.
1552 2872 1659 2939 γὰρ
1686 2869 1849 2922 τοῦτο

1842 2893 1849 2918 ,
1950 2876 2100 2914 nunc
2146 2876 2369 2929 quoque
2402 2860 2535 2914 illud
2574 2860 2718 2913 idem
2755 2874 2879 2914 esse
2914 2861 3252 2926 convivium,
3282 2862 3349 2915 ad
3385 2864 3535 2930 quod

261 2962 366 3029 μὲν
395 2958 684 3029 ἄνθρωπος
710 2953 1029 3029 ἐργάζεται,
1066 2963 1243 3013 ἐκεῖνο
1261 2961 1316 3013 δὲ
1350 2961 1513 3023 αὐτὸς
1538 2964 1564 3013 6
1587 2961 1844 3032 Χριστὸς,
1952 2954 1954 3005 Ῑ

1842 3003 1844 3018 ,
1952 2952 2069 3021 ipse
2116 2953 2527 3007 accumbebat:
2571 2954 2709 3007 nihil
2750 2954 2899 3008 enim
2948 2952 3282 3007 hodiernum
3336 2955 3405 3009 ab
3437 2955 3535 3009 illo

262 3050 403 3105 ἀλλὰ
437 3053 537 3104 καὶ
570 3050 731 3104 τοῦτο
780 3053 1003 3104 κάκεῖνο
1033 3053 1061 3104 ὀ
1095 3052 1278 3114 αὐτός.
1311 3052 1483 3104 Ὅταν
1528 3052 1707 3105 τοίνυν
1753 3052 1846 3105 τὸν
1950 3068 1955 3093 ε

1838 3071 1846 3099 ν
1950 3043 2134 3098 diﬂert
2172 3062 2187 3098 :
2226 3060 2406 3112 neque
2464 3044 2570 3097 hoc
2620 3056 2872 3098 nostrum
2906 3043 3074 3098 homo
3108 3044 3356 3111 instruit,
3397 3046 3531 3100 illud

263 3144 419 3213 ἱερέα
448 3143 753 3196 ἐπιδιδόντα
780 3145 912 3214 ἡμῖν
940 3146 1164 3211 ἴδωμεν,
1203 3144 1278 3215 μὴ
1308 3144 1401 3197 τὸν
1425 3144 1575 3212 ἱερέα
1606 3144 1844 3211 νομίξω-
1873 3180 1915 3215 ρ
1950 3152 1956 3165 '

1835 3175 1844 3185 .
1873 3180 1915 3215 ρ
1950 3152 2081 3191 vero
2109 3135 2384 3198 Christus.
2426 3138 2525 3191 sed
2562 3147 2617 3191 et
2650 3138 2756 3192 hoc
2785 3147 2843 3191 et
2882 3137 3018 3191 illud
3074 3138 3218 3192 idem
3252 3138 3528 3195 Christus.

266 3253 393 3303 μεν,
444 3237 537 3288 τὸν
588 3236 751 3289 τοῦτο
800 3237 1086 3302 ποιοῦντα,
1111 3237 1248 3289 ἀλλὰ
1282 3237 1381 3305 τὴν
1418 3236 1659 3307 Χριστοῦ
1687 3241 1845 3306 χεῖρα
1878 3228 1915 3236 ”
1948 3231 1959 3278 ⁴

1842 3228 1915 3287 ,“
1948 3228 2084 3282 Cum
2137 3244 2270 3296 ergo
2314 3229 2660 3283 sacerdotem
2714 3229 2882 3284 nobis
2915 3231 3292 3298 porrigentem
3334 3231 3535 3285 videri-

260 3328 365 3395 τὴν
393 3328 783 3399 ἐκτεινομένην
806 3344 820 3358 ·
850 3328 1043 3399 ὥσπερ
1074 3328 1184 3397 γὰρ
1213 3329 1346 3381 ὅταν
1375 3328 1711 3398 βαπτίζηταί
1738 3346 1844 3390 τις,
1950 3337 1953 3373 1

1834 3369 1844 3389 ,
1950 3335 2177 3380 mus.ne
2206 3330 2527 3388 reputemus
2550 3322 2901 3375 sacerdotem
2936 3322 2990 3375 id
3014 3338 3201 3391 agere,
3229 3323 3324 3377 sed
3356 3324 3527 3393 ipsam

260 3420 364 3488 οὐχ
391 3420 418 3471 6
452 3420 632 3489 ἱερεὺς
668 3421 785 3472 ἀλλ’
819 3420 846 3470 6
881 3420 1015 3483 Θεός
1073 3421 1222 3472 ἐστιν
1272 3422 1301 3473 ὁ
1349 3421 1600 3489 κατέχων
1648 3420 1844 3473 τούτου
1948 3423 1953 3459 ε

1843 3454 1844 3461 η
1948 3413 2156 3468 Christi
2191 3430 2412 3468 manum
2449 3424 2762 3469 extensam.
2794 3415 2949 3469 Sicut
2975 3416 3124 3469 enim
3152 3432 3277 3469 cum
3326 3418 3536 3486 aliquis

261 3512 363 3579 τὴν
393 3510 640 3581 κεφαλὴν
673 3512 893 3581 ἀοράτῳ
919 3510 1173 3580 δυνάμει,
1203 3513 1297 3564 καὶ
1321 3511 1443 3564 οὔτε
1465 3511 1695 3579 ἄγγελος
1721 3511 1844 3564 οὕτε

1834 3529 1844 3564 ι
1954 3507 2283 3577 baptizatur.
2319 3524 2663 3577 nequaquam
2716 3508 2979 3562 sacerdos
3025 3508 3121 3562 sed
3178 3510 3322 3564 Deus
3376 3512 3527 3565 illius

260 3601 608 3671 ἀρχάγγελος
642 3601 769 3654 οὔτε
824 3603 983 3664 ἄλλος
1029 3618 1115 3665 τις
1149 3602 1327 3672 τολμᾷ
1378 3601 1704 3669 προσελθεῖν
1755 3606 1842 3654 καὶ
1947 3622 1953 3649 ‹

1835 3622 1842 3654 ι
1947 3609 2118 3669 caput
2150 3608 2301 3653 tenet
2334 3600 2385 3653 vi
2420 3600 2722 3664 inuisibili,
2760 3610 2816 3653 et
2866 3616 3047 3669 neque
3083 3602 3312 3670 angelus
3346 3619 3528 3671 neque

260 3693 507 3760 ἅψασθαι
536 3709 551 3724 ·
579 3693 723 3746 οὕτω
746 3694 843 3745 καὶ
876 3693 971 3746 νῦν
994 3694 1223 3761 γίνεται.
1255 3693 1366 3746 Καὶ
1383 3693 1542 3763 δῆλον
1568 3693 1842 3745 ἐντεῦθεν*
1947 3710 1953 3743 ι

1837 3709 1842 3723 ι
1947 3692 2319 3761 arehangelus
2353 3706 2537 3760 neque
2590 3692 2738 3746 alius
2780 3692 3014 3760 quilibet
3046 3692 3310 3747 accedere
3360 3697 3530 3750 audet

258 3782 337 3845 ὡς
368 3783 477 3853 γὰρ
512 3784 571 3835 ἐν
620 3783 697 3852 τῷ
752 3782 1097 3853 βαπτίσματι
1142 3785 1203 3836 οὐ
1239 3784 1393 3852 λέγει
1420 3787 1447 3837 6
1486 3786 1687 3854 ἱερεὺς,
1737 3787 1843 3837 lla-
1947 3806 1951 3827 <

1836 3816 1843 3825 -
1947 3790 2005 3835 et
2032 3792 2283 3852 tangere;
2318 3782 2400 3837 sic
2434 3784 2601 3835 etiam
2640 3797 2787 3836 nunc
2814 3782 2897 3835 lit.
2931 3781 3086 3846 Quod
3120 3782 3249 3838 inde
3277 3784 3529 3839 ostendi.

258 3874 439 3937 πτίξω
468 3875 557 3926 τὸν
579 3875 748 3941 δεῖνα,
784 3875 920 3928 ἀλλὰ
956 3875 1287 3940 Βαπτίζεται
1318 3877 1418 3945 (Ι),
1450 3878 1668 3941 πάντως
1696 3879 1846 3947 παρὰ
1949 3890 1951 3897 ‘

1832 3897 1846 3929 ι
1949 3884 2061 3938 tur,
2096 3877 2242 3944 quod
2292 3874 2439 3929 sicut
2482 3874 2537 3928 in
2570 3875 2853 3944 baptismo
2882 3890 2992 3928 non
3044 3876 3180 3930 dicit
3215 3878 3478 3933 sacerdos
3510 3895 3525 3933 :

255 3967 365 4035 τῆς
416 3965 736 4039 ἀδιαιρέτου⁴
791 3971 888 4020 καὶ
935 3969 1230 4037 όμοουσίου
1261 3968 1496 4032 Τριάδος
1525 3985 1538 3997 ·
1566 3969 1657 4021 τὸν
1683 3970 1846 4022 αὑτὸν

1826 3988 1846 4021 ν
1950 3966 2060 4036 ligo
2098 3966 2261 4020 talem
2286 3965 2565 4019 hominem
2596 3967 2835 4035 haptizo,
2869 3969 2990 4035 sed,
3015 3968 3163 4022 Talis
3182 3967 3519 4036 baptizatur,

256 4058 316 4111 δὲ
344 4060 544 4128 τρόπον
577 4060 860 4113 κάνταῦθα
894 4062 955 4113 οὐ
1007 4062 1182 4129 λέγει,
1211 4062 1336 4114 Θύω
1381 4061 1493 4129 ἐγὼ
1544 4061 1636 4113 τὸν
1672 4062 1846 4133 ἀμνὸν

1839 4080 1846 4107 ι
1948 4074 2181 4128 prorsus
2208 4058 2276 4111 ab
2310 4059 2601 4112 individua
2636 4071 2692 4113 et
2723 4061 3182 4116 consubstantiali
3218 4063 3532 4130 Trinitate;

238 4140 359 4201 seu
387 4149 547 4214 Θεοῦ,
588 4152 953 4205 ἁλλὰΘύεται
986 4154 1201 4223 όάμνδς
1239 4154 1334 4207 τοῦ
1370 4154 1529 4218 Θεοῦ,
1571 4157 1731 4220 αὐτὸς
1756 4156 1845 4210 οῦ-

1841 4187 1845 4196 .
1947 4152 2139 4205 eodem
2172 4152 2335 4206 modo
2367 4152 2459 4207 hic
2486 4153 2654 4206 etiam
2689 4169 2797 4207 non
2823 4154 2962 4208 dicit
2992 4173 3005 4208 :
3035 4155 3149 4224 Ego
3178 4158 3389 4225 Agnum
3430 4160 3534 4214 Der

257 4258 352 4303 τος
380 4240 580 4311 δηλαδὴ
634 4243 833 4297 ἐαυτὸν
881 4246 1195 4314 ίερουργῶν
1225 4229 1447 4317 εὐδοκία
1485 4247 1721 4316 Πατρδς,
1749 4248 1846 4299 καὶ
1948 4246 1950 4295 ξ

1835 4259 1846 4299 ι
1948 4242 2195 4304 immolo.
2228 4244 2322 4298 sed
2345 4244 2530 4314 Agnus
2560 4245 2651 4298 Dei
2687 4246 3027 4306 immolatur.
3057 4247 3146 4301 hic
3183 4247 3301 4316 ipse
3331 4250 3528 4305 videli-

261 4329 531 4401 συνεργίᾳ
581 4330 676 4383 τοῦ
714 4331 878 4399 ἁγίου
935 4334 1295 4403 ηνεύματος·
1348 4336 1443 4388 καὶ
1478 4335 1645 4404 θύτης
1695 4333 1771 4387 ὢν
1821 4337 1846 4387 ὁ
1948 4355 1954 4381 ‹

1837 4338 1846 4386 i
1948 4343 2033 4387 eet
2057 4336 2151 4403 qui
2183 4346 2354 4390 semet
2383 4336 2631 4389 immolat
2658 4337 2875 4391 volente
2904 4339 3063 4393 Patre
3091 4350 3147 4393 et
3175 4352 3367 4397 saneto
3398 4342 3530 4410 δρία

259 4422 445 4485 αὐτὸς,
473 4422 569 4474 καὶ
599 4421 772 4493 θῦμα,
811 4425 907 4477 καὶ
939 4425 1399 4495 προσδεχόμενος,
1424 4426 1518 4479 καὶ
1545 4425 1848 4495 διαδιδόμε-

1839 4454 1848 4468 ι
1955 4426 2061 4479 ritu
2095 4438 2471 4496 coeperanlc:
2506 4429 2651 4482 idem
2693 4430 2956 4485 sacerdos
3003 4440 3058 4485 et
3106 4432 3349 4497 victima,
3382 4435 3532 4489 idem

257 4532 372 4578 νος.
1874 4510 1924 4570 D
1950 4517 2231 4585 excipiens
2257 4529 2313 4571 et
2344 4518 2606 4571 oll‘erens.

336 4609 419 4663 ιε’.
442 4611 540 4662 Διὰ
569 4610 727 4661 τοῦτο
761 4608 835 4671 ὡς
870 4609 946 4679 τῷ
976 4608 1199 4680 Χριστῷ
1228 4609 1306 4679 τῷ
1355 4610 1494 4680 ἱερεῖ
1543 4610 1847 4680 προσερχό-
2024 4622 2029 4658 έ

1827 4640 1847 4649 -
2024 4608 2113 4660 15.
2178 4606 2527 4676 Quapropter
2577 4607 2643 4660 :Id
2698 4611 3041 4665 sacerdotem
3094 4629 3196 4667 ceu
3247 4615 3520 4669 Citt'islttll

261 4719 441 4772 μενοι,
470 4702 800 4771 τιμήσωμεν
831 4704 983 4772 πάσῃ
1014 4702 1354 4768 καθαρότητι
1400 4701 1497 4754 τοῦ
1546 4702 1751 4769 Κυρίου
1784 4702 1845 4753 τὸ
1948 4717 1954 4751 :

1831 4714 1845 4753 5
1948 4699 2301 4761 accedentes,
2329 4699 2667 4753 honoremus
2692 4716 2816 4753 eum
2836 4704 2989 4756 omni
3013 4706 3281 4759 munditia
3313 4708 3524 4761 Domini

260 4794 446 4863 σῶμα,
479 4794 688 4862 ψυχικῇ
717 4810 775 4844 τε
809 4794 905 4845 καὶ
936 4794 1225 4861 σωματικῇ
1252 4808 1263 4821 ⁸
1290 4793 1516 4845 διπλοῦν
1551 4794 1660 4863 γάρ
1692 4796 1810 4845 ἐστι
1831 4809 1847 4823 ο
1950 4815 1953 4834 ι

1831 4809 1847 4823 ο
1950 4805 2171 4858 corpus,
2223 4790 2480 4856 spiritali,
2542 4791 2788 4859 inquam,
2844 4804 2901 4845 et
2957 4785 3268 4863 corporali;
3325 4800 3523 4867 duplex

259 4885 658 4955 προσέλθωμεν
689 4885 837 4954 αὐτῷ
873 4885 1025 4956 πόθῳ
1074 4884 1311 4946 διακαεῖ,
1344 4884 1437 4936 κα)⁴
1485 4886 1848 4955 σταυροειδώς
1950 4909 1952 4928 ι

1835 4902 1848 4946 ;
1950 4884 2153 4951 quippe
2192 4883 2431 4950 |Dontini
2486 4883 2708 4954 natura]
2758 4895 2866 4938 est.
2900 4886 3037 4938 Cum
3091 4888 3308 4943 fervido
3338 4906 3528 4945 amore

254 4978 361 5037 τὰς
394 4976 651 5045 παλάμας
684 4976 1059 5037 τυπώσαντες,
1079 4976 1138 5027 τὸ
1168 4976 1329 5041 σῶμα
1352 4974 1445 5027 τοῦ
1489 4974 1849 5044 ἐσταυρωμέ-

1835 5000 1849 5013 ·
1949 4975 2301 5035 accedamus.
2363 4976 2725 5044 manibusque
2769 4978 2821 5029 iu
2870 4984 3053 5031 crucis
3110 4980 3340 5033 fortnam
3381 4999 3528 5036 com-

257 5085 358 5121 νου
412 5067 836 5136 ίιιτοδεξὼμεθα⁸
892 5068 986 5117 καὶ
1040 5066 1323 5127 ἐπιθέντες
1378 5064 1691 5132 ὀφθαλμοὺς
1749 5066 1844 5114 καὶ

1832 5082 1844 5114 ι
1955 5065 2193 5135 plicatis,
2248 5067 2379 5118 illud
2440 5067 2831 5134 suscipiamus,
2880 5081 2935 5121 et
2991 5072 3187 5133 oculis,
3222 5088 3285 5125 ac
3342 5073 3525 5141 labiis,

259 5159 420 5229 χείλη
469 5159 565 5211 καὶ
603 5160 853 5228 μέτωπα,
882 5157 973 5208 τοῦ
1004 5156 1153 5207 θείου
1202 5155 1476 5223 ἄνθρακος
1528 5153 1843 5223 μεταλαὸω-

1837 5183 1843 5191 -
1953 5158 2234 5225 lrontique
2268 5158 2613 5225 applicantes
2648 5158 2901 5211 divinum
2942 5162 3340 5217 carbunculum
3382 5169 3530 5218 acci-

264 5264 392 5317 μεν,
411 5249 557 5309 ὅπως
606 5247 921 5314 καταφλέξῃ
948 5246 1045 5307 τὰς
1079 5246 1356 5315 ἁμαρτίας
1403 5245 1583 5313 ἡμῶν,
1609 5245 1701 5296 καὶ
1734 5263 1845 5313 φω-
1952 5262 1957 5315 1

1831 5271 1845 5283 -
1952 5249 2192 5315 piamns,
2227 5257 2285 5298 nt
2313 5257 2537 5313 peccata
2567 5258 2753 5299 nostra
2788 5259 3006 5311 exurat,
3031 5254 3195 5303 corda
3228 5254 3524 5315 illuminet.

258 5338 392 5410 τίσῃ
424 5338 521 5399 τὰς
550 5339 778 5408 καρδίας
815 5339 996 5407 ἡμῶν,
1031 5340 1129 5390 καὶ
1157 5340 1224 5406 τῇ
1275 5338 1538 5406 μετουσίᾳ
1568 5336 1662 5387 τοῦ
1699 5336 1842 5387 θείου

1835 5354 1842 5383 ι
1952 5350 2115 5407 atque
2153 5350 2211 5390 ut
2240 5339 2415 5391 divini
2451 5340 2591 5407 ignis
2643 5342 3067 5408 participatione
3124 5344 3528 5401 inllammentur

261 5432 439 5498 πυρὸς
484 5430 864 5500 πυρωοὼμεν·
897 5430 946 5481 οἱ
980 5428 1089 5498 γὰρ
1132 5428 1323 5480 τούτου
1361 5428 1678 5497 μετέχοντες
1708 5428 1844 5495 μετὰ
1950 5452 1954 5480 λ

1840 5446 1844 5478 :
1950 5446 2013 5484 ae
2058 5432 2403 5483 dciliecntnr.
2457 5431 2590 5482 Nam
2650 5432 2743 5497 qni
2805 5432 2950 5485 hunc
3012 5436 3363 5504 participant,
3398 5453 3533 5492 cum

257 5523 512 5590 ἀγγέλων
560 5524 649 5574 καὶ
702 5522 1067 5589 ἀρχαγγέἧων
1100 5522 1193 5572 καὶ
1235 5521 1344 5572 τῶν
1390 5522 1503 5573 ἄνω
1556 5520 1844 5585 δυνάμεων

1835 5536 1844 5564 ι
1953 5523 2160 5589 angelis
2195 5532 2250 5573 ct
2284 5522 2633 5590 archangelis
2673 5527 3041 5593 supernisque
3074 5529 3371 5584 virtutibus
3393 5545 3528 5585 con-

260 5614 583 5683 ἑστήκασιν,
632 5614 805 5683 αὐτὴν
862 5616 1247 5682 περικείμενοι
1304 5611 1399 5664 τοῦ
1457 5609 1694 5680 Χριστοῦ
1746 5612 1845 5679 τὴν

1837 5626 1845 5655 ν
1955 5615 2181 5677 sistunt,
2216 5614 2410 5667 eadem
2463 5616 2671 5669 Christi
2719 5620 2887 5686 regali
2921 5621 3058 5672 stula
3098 5627 3301 5685 vestiti,
3333 5635 3389 5678 et
3415 5623 3530 5693 spi-

1873 3180 1915 3236 ε

264 5804 293 5857 b
337 5734 415 5813 (1)
459 5732 714 5790 Ιιίυο-οδι
768 5734 1031 5789 nimirum
1068 5733 1383 5803 baptizandi
1458 5729 1691 5784 formula
1730 5730 1872 5799 apud
1950 5730 2166 5786 Gra‘eos
2213 5750 2226 5783 :
2289 5733 2611 5801 Baptizatur
2668 5736 2776 5799 AZ;
2835 5753 2940 5789 non
2989 5750 3171 5793 autem
3221 5756 3235 5793 :
3304 5741 3413 5811 Ego
3474 5751 3526 5797 te

300 5814 496 5857 unum.

300 5814 496 5870 upuzo.
