4288 6356
216 413 323 475 955

285 536 380 597 ιζ’.
439 533 599 587 Ἀλλά
635 531 1040 602 διαρῤήξωμεν,
1083 527 1412 600 παρακαλῶ,
1443 528 1534 581 τὸν
1582 531 1793 580 ἐκείνου
1826 535 1866 588 Α

215 624 440 694 δεσμὸν,
472 624 568 676 κει)⁹
600 624 1005 693 ἀπορρίψαντες
1038 620 1129 689 ἀφ’
1168 620 1326 691 ήμῶν
1375 620 1468 670 τῗην
1504 620 1665 687 ζυγὸν
1696 622 1793 672 αὑ·-

219 715 336 779 τοῦ,
362 713 743 781 δουλεύσωμσν
773 713 851 780 τῷ
880 714 1071 782 κυρίῳ
1106 715 1162 764 ἐν
1206 711 1372 782 ιρὸίῳΔ
1405 711 1545 763 ,λιαθά
1589 712 1794 779 γέγραο

218 823 375 866 πται.
406 807 500 859 καὶ
533 807 643 858 τῶν
674 806 771 873 τῆς
802 805 1004 873 σαρκὸς
1038 804 1238 872 ἡδονῶν
1287 804 1544 871 ἀμείνους
1590 804 1656 855 δι’
1703 805 1795 870 ἐγ·

218 898 483 968 κρατείας
510 897 817 965 γενόμενοι,
847 896 1164 966 προσίωμεν
1194 898 1262 965 τῇ
1288 896 1408 966 θ.ίᾳ
1434 897 1522 947 καλ
1558 896 1797 965 οὐρανίῳ

216 988 543 1056 χάριτι,-καὶ
577 988 657 1049 είς
693 986 855 1053 ἁγίαν
886 987 1179 1039 κοινωνίαν
1204 986 1502 1046 ἀναϐάντες
1537 986 1792 1054 Χριστοῦ,

216 1078 474 1147 καθάπερ
516 1076 730 1136 λέοντες
758 1077 869 1145 πῦρ
908 1078 1185 1143 πνέοντες,
1210 1077 1383 1138 οὕτως
1432 1076 1540 1130 ἀπὸ
1586 1077 1684 1141 τῆς
1720 1078 1793 1129 ἱε-

222 1171 323 1238 ρᾶς
344 1172 439 1222 καὶ
462 1169 837 1237 πνευματικῆς
859 1170 1139 1237 τραπέζης
1158 1169 1534 1243 ἀναχωρῶμεν
1560 1168 1795 1236 ἐκείνης,

220 1262 449 1328 φοϐεροὶ
480 1263 556 1330 τῷ
583 1260 818 1330 διαϐόλῳ
850 1264 1153 1327 γινόμενοι,
1186 1260 1281 1312 καὶ
1306 1258 1404 1329 τὴν
1428 1258 1673 1328 κεφαλὴν
1700 1260 1798 1335 την

218 1352 499 1423 ἡμετέραν
528 1352 859 1416 ἐννοοῦντες,
890 1352 983 1403 καὶ
1016 1351 1113 1421 τὴν
1140 1350 1363 1420 ἀγάπην
1393 1351 1461 1420 ἡν
1495 1352 1624 1418 περὶ
1649 1349 1797 1419 ἡμᾶς

218 1444 537 1507 ἐπεδείξατο
558 1458 573 1474 ·
624 1443 767 1495 οὕτω
800 1443 911 1510 γάρ
962 1441 1105 1493 οὓτω
1139 1442 1234 1495 καὶ
1266 1442 1483 1509 ἀπάτης
1541 1438 1797 1507 περιεσό-

222 1535 365 1605 μεθα
393 1533 735 1603 διαϐολικῆς,
763 1532 917 1596 θείας
943 1549 1002 1585 τε
1048 1532 1265 1599 φύσεως
1293 1531 1639 1600 γενησόμεθα
1687 1525 1799 1581 κοι-

220 1627 401 1690 νωνοὶ,
436 1626 532 1678 καὶ
562 1626 700 1695 πρὸς
735 1625 881 1693 ζωὴν
908 1624 1002 1676 καὶ
1030 1623 1339 1691 ἀφθαρσίαν
1364 1622 1755 1690 ἀναϐησόμεῡα
1782 1636 1795 1650 ’

222 1717 611 1785 κατακοιμίζει
637 1717 744 1785 γάρ
774 1720 831 1769 ἐν
856 1716 985 1784 ἡμῖν
1013 1718 1041 1769 ὁ
1071 1714 1305 1784 Χριστὸς
1335 1712 1572 1781 γεγονὼς
1601 1714 1658 1763 ἐν
1684 1712 1798 1772 τοῖς

224 1806 421 1875 μέλεσι
444 1807 544 1874 τῆς
590 1807 790 1876 σαρκὸς
837 1806 1189 1875 ἀγριαίνοντα
1226 1806 1411 1872 νόμον,
1450 1806 1543 1857 καὶ
1588 1801 1798 1863 ἀναζω-

1476 407 1815 471 ETHICON
1869 412 2035 473 Vlll.

3362 404 3470 470 966

1974 530 2063 584 Π.
2108 530 2219 598 Age
2255 542 2384 582 vero
2416 526 2820 595 dirumpamus,
2854 538 3061 594 qsiatso.
3102 522 3248 578 illius
3282 519 3472 577 vincu-

1900 625 2037 681 lum.
2088 625 2387 694 iugumque
2448 624 2568 691 ejus
2615 622 2776 691 longe
2826 637 2854 674 a
2912 620 3073 674 nobis
3122 619 3470 688 abjicientcs,

1897 716 2204 769 serviamus
2235 715 2463 767 “mnino
2512 715 2566 768 in
2622 715 2840 778 timore,
2872 713 2951 766 uti
2982 712 3248 778 scriptum
3285 721 3370 765 est
3404 712 3471 774 ¹³,

1897 817 1953 862 et
2008 809 2204 861 carnis
2246 806 2559 874 voluptates
2600 804 2960 876 continentia
3024 804 3351 865 vincentes,
3402 800 3469 878 ad

1898 899 2143 953 divinam
2197 900 2593 966 emlestcmque
2657 896 2890 967 gratiam
2955 896 3287 949 accedamus
3344 911 3357 947 :
3418 903 3474 947 et

1900 1003 2189 1061 postquam
2214 991 2280 1044 ad
2302 999 2549 1044 sanctam
2576 989 2783 1043 Christi
2811 988 3258 1041 communionem
3278 1000 3473 1040 ascen-

1900 1083 2165 1146 derimus,
2210 1082 2433 1137 leonum
2485 1082 2661 1135 instar
2716 1081 2896 1149 ignem
2942 1078 3238 1147 spirantes,
3284 1080 3363 1132 sic
3407 1078 3474 1131 ab

1902 1173 1993 1227 illa
2024 1189 2180 1227 sacra
2206 1184 2258 1226 et
2288 1172 2525 1242 spiritali
2568 1186 2758 1225 mensa
2794 1178 3161 1230 revertamur,
3196 1166 3469 1222 terribiles

1902 1258 2031 1313 facti
2062 1259 2306 1323 diabolo,
2332 1268 2391 1313 et
2423 1259 2490 1312 de
2519 1260 2697 1328 capite
2739 1268 2934 1314 nostro
2962 1256 3187 1312 Christo
3228 1262 3473 1325 cogitau-

1903 1359 2005 1413 tes,
2044 1348 2229 1419 deque
2292 1352 2558 1404 charitate
2618 1365 2781 1418 quam
2838 1350 2999 1404 nobis
3051 1348 3325 1403 exhibuit.
3384 1346 3477 1401 Sic

1902 1440 2073 1504 enim,
2106 1442 2207 1499 sic,
2252 1440 2497 1509 inquam,
2535 1440 2864 1494 diabolicam
2906 1438 3157 1493 fraudem
3189 1437 3479 1506 superabi-

1903 1545 2047 1593 mus,
2096 1540 2154 1585 et
2203 1530 2402 1585 divinae
2453 1540 2661 1585 naturae
2704 1530 3265 1593 communicabimus,
3315 1538 3373 1584 et
3410 1527 3477 1581 ad

1902 1624 2069 1676 vitam
2124 1623 2709 1692 immortalitatemtu
2757 1638 3071 1693 surgemus.
3108 1620 3276 1676 Sedat
3326 1622 3477 1675 enim

1902 1715 2156 1769 Christus
2187 1716 2330 1768 intra
2373 1732 2474 1769 nos
2508 1730 2858 1769 commorans
2882 1716 3202 1769 saevientem
3227 1714 3282 1767 in
3308 1728 3479 1766 mem-

1912 1807 2019 1859 ’πίε
2074 1807 2258 1860 carnis
2289 1807 2487 1875 legem,
2528 1808 2789 1875 pietatem
2822 1822 2953 1875 erga
3002 1808 3173 1861 Deum
3209 1805 3479 1865 incendit,

222 1870 393 1967 πυροί
429 1870 529 1967 μὲν
556 1870 765 1965 τὴννείς
811 1870 945 1949 est}
977 1870 1613 1963 IOXdGELC‘Ipé‘ﬂOIEXPOI
1640 1894 1697 1945 δὲ
1731 1896 1797 1944 τὰ
1833 1870 1874 1927 Β
1904 1913 1915 1944 ι

1785 1910 1797 1942 ι
1833 1870 1874 1927 Β
1904 1894 2237 1959 cupiditates
2266 1870 2565 1949 moirtitica-t
2600 1914 2614 1950 :
2656 1870 2929 1966 nobisque
2961 1908 3185 1967 peccata
3215 1897 3478 1950 haarcutia

222 1990 398 2058 πάθη,
436 1990 513 2059 μὴ
540 1989 890 2057 λογιζόμενος
926 1990 1061 2057 ἡμῖν
1090 1990 1156 2041 τά
1194 1989 1253 2039 ἐν
1282 1983 1362 2049 οἷς
1408 1988 1576 2051 ἐσμεν
1627 2001 1803 2052 παρα-

222 2082 522 2149 πτώματα,
549 2078 871 2150 θεραπεύων
900 2080 953 2131 δὲ
990 2080 1191 2148 μᾶλλον
1242 2081 1387 2148 ἡμᾶς
1420 2078 1799 2145 νενοσηκότας,

221 2170 591 2238 καταδεσμῶν
640 2172 713 2232 ὡς
770 2171 1290 2240 συντετριμμένους,
1338 2172 1561 2237 ζγείρων
1596 2168 1669 2229 ὼς
1701 2186 1801 2219 πε-

224 2258 535 2319 πτωκότας,
568 2258 773 2328 ποιμὴν
812 2256 1015 2325 ἀγαθος
1065 2258 1347 2327 ὑπάρχων,
1378 2258 1471 2307 καὶ
1501 2257 1600 2325 τὴν
1626 2256 1803 2324 ψυχὴν

224 2348 425 2403 ἐαυτοῦ
458 2348 628 2411 τιθεὶς
672 2349 815 2418 ὑπὲρ
849 2348 958 2401 τῶν
1009 2349 1319 2415 προϐάτιον.
1358 2346 1565 2400 Οὐκοῦν
1614 2348 1802 2415 μηδεὶς

223 2439 614 2507 ἐκλελυμένος,
685 2440 875 2508 μηδεὶς
925 2439 1178 2498 ναυτιῶν,
1230 2438 1366 2490 ἀλλά
1416 2438 1803 2507 πεπυρωμένοι

226 2535 324 2583 καὶ
369 2532 790 2600 διεγηγερμένοι
844 2532 939 2583 καὶ
987 2530 1202 2593 ζέοντες
1262 2529 1500 2591 ἅπαντες
1556 2533 1620 2599 τῇ
1684 2528 1803 2597 θείᾳ

224 2620 622 2691 προσέλθωμεν
648 2620 918 2690 τραπέζῃ,
948 2620 1111 2672 αὑτὸν
1153 2619 1390 2688 ὁρῶντες
1417 2621 1675 2689 Χριστὸν,
1707 2622 1803 2670 αὐ-

222 2714 321 2765 τοῦ
354 2714 674 2779 ἁπτόμενοι,
703 2713 863 2763 αὑτὸν
893 2711 1163 2773 ἐσθίοντες
1190 2727 1204 2741 ο
1235 2714 1282 2762 εἰ
1313 2710 1421 2778 γὰρ
1455 2712 1503 2760 οἱ
1562 2710 1802 2762 Ὶουίαῖοι

222 2804 488 2866 ἑστῶτες,
515 2806 607 2857 καὶ
639 2807 706 2855 τὸ.
752 2804 1076 2871 ὑποδήματα
1123 2803 1523 2870 περικείμενοι,
1556 2803 1648 2852 καὶ
1702 2802 1802 2862 τὰς

224 2900 533 2969 βακτηρίας
562 2900 777 2967 ἔχοντες
806 2900 861 2950 ὲν
904 2901 1021 2957 ταῖς
1054 2900 1240 2966 χερσὶν
1264 2897 1452 2966 ἦσθιον
1500 2897 1586 2957 ab:
1613 2896 1802 2962 Πάσχα

222 2993 372 3058 μετά
429 2992 684 3059 σπουδῆς,
740 2990 920 3058 πολλῷ
982 2990 1181 3057 μᾶλλον
1242 2989 1387 3056 ἡμᾶς
1436 2989 1628 3052 νήφειν
1682 2985 1796 3037 δεῖ’

202 3087 429 3145 ,ἐκεῖνοι
480 3086 578 3152 μὲν
625 3086 733 3151 γὲρ
782 3083 862 3142 είς
905 3081 1271 3143 Παλαιστίνην
1308 3079 1534 3147 ἔμελλον
1580 3076 1803 3141 ἐξιέναι.

218 3174 307 3226 διὸ
361 3174 452 3225 καὶ
504 3173 801 3242 ὁδοιπὸρων
835 3174 1136 3238 ἐκέκτηντο
1193 3172 1399 3239 σχῆμα,
1433 3172 1589 3240 ἡμεῖς
1620 3171 1676 3223 δὲ
1720 3171 1799 3233 είς

216 3268 319 3318 τὸν
349 3266 581 3333 οὐρανὸν
614 3266 881 3335 μέλλομεν
917 3266 1242 3334 ἀποδημεῖν.

301 3357 394 3427 ιη’.
432 3359 597 3411 Ὅθεν
649 3359 755 3429 χρὴ
795 3360 1061 3413 πάντοθεν
1108 3359 1496 3428 ἐγρηγορέναι,
1529 3360 1616 3411 διὰ
1635 3360 1693 3412 τὸ
1726 3358 1804 3429 μὴ

224 3451 438 3521 μικράν
468 3452 679 3504 κεῖσθαι
713 3451 933 3504 κόλασιν
965 3453 1077 3513 τοῖς
1107 3450 1339 3515 ἀναξίως
1373 3454 1684 3521 μετέχουσι,
1711 3455 1803 3506 καὶ

218 3544 294 3614 ἢν
329 3543 568 3605 πάντως·
596 3544 874 3597 πείσονται
928 3544 1151 3606 δικαίως
1180 3545 1230 3596 οἱ
1264 3546 1708 3611 κατασφάξαντες
1743 3546 1804 3596 τὸ

218 3635 495 3703 πανάγιον
530 3636 687 3705 σῶμα
722 3635 960 3705 Χριστοῦ
980 3650 995 3665 ⁶
1028 3636 1173 3698 τίνος
1202 3637 1310 3704 γάρ
1338 3637 1398 3687 οὐ
1438 3636 1518 3687 δεῖ
1549 3636 1802 3707 καθαρώ-

214 3745 384 3798 τερον
433 3724 574 3781 εἶναι
618 3728 711 3779 τὸν
757 3727 857 3795 τῆς
907 3726 1096 3789 θυσίας
1154 3726 1502 3779 ἀπολαύοντα
1556 3727 1799 3795 ταύτηςς

220 3819 394 3879 Ποίας
425 3817 654 3885 ἡλιακῆς
705 3818 925 3878 ἀκτῖνος
974 3816 1033 3868 οὐ
1086 3815 1479 3885 λαμπροτέραν
1512 3817 1612 3885 τὴν
1644 3820 1803 3887 χεῖρα

212 3914 326 3978 τὴν
375 3912 576 3978 ταύτην
628 3910 728 3979 τὴν
772 3909 954 3979 σάρκα
998 3908 1412 3976 διατέμνουσαν,
1449 3909 1510 3960 τὸ
1538 3911 1717 3976 στόμα
1744 3911 1803 3961 τὸ

217 4004 611 4074 πληρούμενον
644 4002 815 4072 πυρὸς
860 4001 1263 4070 πνευματικοῦ,
1292 4002 1389 4069 τὴν
1424 4001 1674 4067 γλῶσσαν
1703 4003 1803 4070 τὴν

216 4094 653 4163 φοινισσομένην
679 4093 871 4163 αἵματι
913 4091 1384 4162 φρικωδεστάτῳ;
1429 4093 1803 4162 Ἐννοήσωμεν

218 4187 384 4238 τιοίαν
410 4184 753 4253 ἐτιμήθημεν
797 4183 982 4253 τιμὴν,
1013 4184 1174 4245 ποίας
1223 4184 1571 4252 ἀπολαύομεν
1601 4185 1797 4252 τραπέ-

215 4277 323 4343 ζης
348 4288 362 4303 ⁶
399 4276 537 4343 ὅπερ
591 4274 813 4342 ἄγγελοι
872 4273 1162 4343 βλέποντες
1215 4275 1521 4341 φρίττουσι,
1554 4276 1648 4325 καὶ
1680 4276 1801 4327 οὐδὲ

213 4363 544 4432 ἀντιϐλέψαι
598 4364 874 4431 τολμῶσιν
905 4364 1097 4425 ἀδεῶς,
1117 4363 1206 4417 διά
1238 4364 1336 4432 τὴν
1362 4364 1572 4415 ἐκεῖθεν
1601 4366 1805 4433 ἀστρα-

214 4455 334 4524 πὴν
361 4455 690 4524 φερομένην.
724 4453 913 4523 Τούτῳ
939 4454 1101 4521 ἡμεῖς
1129 4456 1467 4523 τρεφόμεθα,
1520 4457 1615 4508 καὶ
1642 4456 1803 4524 σῶμα

1898 1986 2008 2056 jam
2042 2001 2152 2039 non
2178 1986 2434 2054 imputat,
2464 1988 2559 2041 sed
2596 2004 2697 2042 nos
2726 1990 2910 2055 potius
2936 1997 3271 2055 a-grOtautes
3298 1996 3476 2054 sanat,

1904 2078 2178 2131 tontritos
2215 2076 2425 2145 alligat,
2463 2079 2647 2147 lapsos
2698 2076 2885 2147 erigit,
2915 2094 3039 2130 cum
3073 2079 3144 2131 sit
3175 2078 3352 2131 bonus
3387 2092 3480 2144 pa-

1902 2177 2018 2222 stor
2061 2169 2158 2237 qui
2202 2168 2442 2221 animam
2498 2184 2651 2222 suam
2703 2184 2804 2237 pro
2852 2170 3049 2223 ovibus
3096 2168 3269 2237 ponit.
3309 2167 3481 2221 Nemo

1903 2257 2090 2325 itaque
2144 2257 2461 2325 languidus,
2518 2272 2681 2311 nemo
2731 2271 3031 2320 nauseans,
3069 2256 3165 2309 sed
3220 2256 3374 2323 igniti
3425 2264 3483 2308 et

1903 2353 2077 2405 erecti
2110 2366 2306 2405 omnes
2346 2361 2513 2420 atque
2560 2352 2842 2405 lcrventes
2870 2351 2939 2403 ad
2965 2350 3217 2404 ‘divinam
3254 2349 3481 2403 acceda-

1907 2460 2029 2497 mus
2060 2459 2330 2509 mensam,
2369 2445 2547 2513 ipsutn
2596 2454 2913 2513 spectantes
2957 2444 3265 2507 Christum,
3299 2444 3480 2512 ipsum

1904 2536 2256 2606 frangentes,
2284 2537 2462 2605 ipsum
2496 2537 2873 2589 comedentes.
2901 2530 3036 2589 Nam
3070 2536 3303 2590 εἰ]υάεεί
3335 2545 3485 2589 stan-

1908 2638 2010 2693 tes,
2039 2639 2096 2683 et
2125 2629 2515 2682 calceamentis
2546 2629 2827 2690 instructi,
2860 2627 3195 2696 baculosque
3227 2627 3484 2681 manibus

1908 2730 2186 2785 tenentes,
2239 2719 2449 2773 Pascha
2490 2719 2897 2773 manducabant
2938 2734 3063 2773 cum
3101 2718 3478 2785 festinatione,

1907 2810 2272 2879 multomagis
2303 2827 2402 2862 nos
2443 2818 2659 2877 oportet
2684 2808 2824 2878 frugi
2864 2823 3025 2873 esse;
3055 2808 3262 2861 etenim
3297 2808 3373 2862 illi
3425 2809 3480 2862 in

1906 2901 2253 2955 Palaestinam
2311 2902 2612 2971 profecturi
2666 2912 2846 2968 erant,
2891 2918 3063 2972 quare
3099 2913 3155 2956 et
3203 2903 3480 2956 viatorum

1907 2998 2127 3049 schema
2160 2995 2551 3062 assumebant;
2590 3010 2690 3049 nos
2721 3010 2854 3050 vero
2883 2996 2937 3048 in
2965 2994 3164 3049 celum
3200 2994 3482 3048 transituri

1908 3097 2120 3139 SillllllS.

1976 3347 2065 3403 18.
2104 3348 2453 3415 Quapropter
2510 3348 2736 3402 omnino
2791 3350 3127 3419 vigilandum
3178 3358 3296 3413 est,
3351 3350 3481 3418 quia

1905 3456 2014 3494 non
2052 3440 2189 3497 levis
2217 3451 2404 3497 manet
2441 3457 2599 3510 poena
2653 3440 2880 3508 indigne
2929 3441 3350 3511 participantes,
3390 3442 3482 3494 illa

1906 3549 2157 3601 prorsus,
2188 3551 2351 3605 quam
2381 3537 2527 3606 juste
2560 3535 2841 3603 patientur
2866 3535 2901 3587 ii
2935 3535 3026 3603 qui
3055 3535 3476 3588 sanctissimum

1904 3626 2114 3680 Christi
2170 3643 2375 3696 corpus
2427 3637 2833 3681 mactaverunt.
2889 3627 3054 3681 Certe
3109 3629 3241 3694 quid
3288 3630 3482 3695 purius

1904 3733 2026 3771 esse
2058 3719 2220 3772 debet
2252 3720 2500 3783 homine,
2533 3719 2626 3787 qui
2664 3719 2805 3771 hanc
2845 3718 3126 3772 victimam
3161 3730 3484 3788 gustaturus

1905 3809 2025 3862 est?
2065 3809 2207 3875 Quid
2262 3811 2316 3863 ni
2366 3811 2534 3865 solari
2594 3810 2747 3863 radio
2781 3810 3122 3878 splendidior
3170 3826 3291 3864 esse
3318 3812 3483 3864 debet

1905 3918 2123 3962 manus.
2165 3917 2288 3972 quae
2320 3903 2460 3955 hanc
2491 3917 2724 3955 carnem
2757 3902 3067 3963 distribuit,
3102 3917 3165 3955 os
3214 3904 3337 3971 igne
3363 3903 3482 3971 spi-

1906 3993 2054 4046 ritali
2090 3993 2340 4061 plenum,
2371 3993 2557 4061 lingua
2600 3991 2906 4047 rubescens
2941 3991 3209 4061 sanguine
3238 4004 3480 4045 tremen-

1907 4084 2138 4138 dissimo
2158 4084 2178 4136 ἲ
2201 4084 2633 4138 Consideremus
2661 4083 2811 4152 quali
2843 4084 3053 4137 honore
3084 4083 3231 4138 aucti
3278 4087 3475 4144 simus,

1906 4176 2052 4244 quali
2112 4175 2367 4228 fruantur
2417 4190 2659 4228 mensa:
2710 4190 2875 4242 quam
2929 4174 3109 4242 angeli
3166 4185 3480 4243 spectantes

1909 4274 2172 4327 tremunt,
2209 4280 2386 4334 neque
2435 4266 2628 4319 oculos
2678 4277 2873 4319 contra
2905 4267 3163 4331 attollere
3210 4267 3480 4334 intrepide

1904 4361 2132 4423 audent,
2192 4369 2420 4428 propter
2461 4359 2586 4412 inde
2640 4358 2967 4411 emicantem
3010 4359 3301 4425 fulgorem.
3367 4357 3479 4411 lloc

1907 4466 2009 4504 nos
2044 4452 2348 4510 uutrintur,
2383 4450 2513 4503 huic
2540 4450 2989 4513 commiscemur,
3016 4459 3071 4502 et
3097 4465 3299 4517 corpus
3320 4450 3480 4504 Chri-

213 4546 462 4617 Χριστοῦ
497 4545 762 4613 γινόμεθα
808 4544 888 4606 ἓν,
921 4546 1016 4596 καὶ
1072 4544 1208 4612 σὰρξ
1257 4546 1376 4613 μία.
1432 4547 1527 4607 Τίς
1581 4548 1802 4615 λαλήσει
1838 4550 1879 4604 Ι)

1787 4565 1802 4599 ι
1838 4550 1879 4604 ι)
1911 4549 1979 4595 sti
2023 4557 2193 4594 unum
2228 4541 2517 4602 efﬁcimur,
2574 4551 2632 4594 et
2677 4556 2808 4595 caro
2866 4556 2994 4593 una.
3052 4542 3183 4605 Quis
3227 4542 3480 4609 loquptur

213 4644 321 4702 τὰς
349 4639 661 4699 δυναστείας
690 4635 786 4688 τοῦ
819 4637 1049 4705 Κυρίου,
1079 4638 1347 4698 ἀκουστὰ;
1373 4639 1588 4706 ποιήσει
1625 4639 1801 4701 πάσας

215 4735 322 4795 τὰς
354 4733 588 4793 αἰνέσεις
613 4729 779 4783 αὐτοῦ
805 4745 821 4795 ;
849 4730 935 4782 διὰ
964 4729 1182 4782 πάντων
1201 4731 1349 4798 ἡμᾶς
1379 4731 1527 4798 αὐτῷ
1558 4732 1803 4798 συμπλέ-

220 4840 438 4885 κοντος,
466 4823 561 4874 καὶ
588 4822 668 4872 ἐνὶ
711 4820 927 4889 ἑκάστῳ
953 4819 1060 4871 τῶν
1107 4819 1314 4872 πιστῶν
1365 4820 1559 4872 ἑαυτὸν
1606 4823 1802 4887 ἀναμι-

219 4914 449 4983 γνύντος
476 4913 562 4965 διὰ
589 4912 684 4963 τοῦ
722 4911 1023 4980 μυστηρίου
1055 4927 1069 4940 ·
1114 4910 1211 4964 καὶ
1243 4910 1419 4981 τούτῳ
1451 4912 1657 4972 πάντας
1679 4911 1797 4963 πεί-

220 5009 408 5066 θοντος
438 5005 620 5067 πάλιν,
643 5004 723 5056 ὅτι
759 5002 938 5071 σάρκα
975 5002 1133 5055 ἔλαϐε
1164 5003 1265 5071 τὴν
1298 5004 1479 5071 ἡμῶν.
1503 5004 1593 5072 Μὴ
1620 5002 1801 5055 τοίνυν

222 5096 566 5169 ῥαθυμῶμεν
594 5094 865 5161 τοσαύτης
897 5093 1189 5162 ἠξιωμένοι
1222 5095 1387 5164 τιμῆς
1433 5097 1527 5146 καὶ
1557 5094 1798 5162 ἀγάπης.

215 5191 338 5257 uox
356 5187 573 5256 ὁρῶμεν
604 5185 673 5237 τά
705 5184 895 5237 παιδία
918 5186 1037 5254 μεθ’
1065 5187 1197 5256 ὅσης
1224 5187 1533 5256 προθυμίας
1564 5186 1800 5254 δράσσε-

212 5298 315 5335 ται
347 5279 440 5332 τοῦ
470 5276 701 5348 μαστοῦ,
736 5276 862 5343 μεθ’
891 5277 1025 5346 ὃσης
1053 5276 1151 5345 τῆς
1184 5277 1362 5345 ὁρμῆς
1394 5279 1708 5347 ἐμπήγνυσι
1736 5282 1798 5347 τῇ

219 5373 366 5443 θηλῇ
399 5374 469 5425 τά
497 5370 650 5441 χείλη
674 5389 687 5435 ;
713 5371 867 5422 Μετά
887 5369 1158 5437 τοσαύτης
1183 5370 1501 5439 προσίωμεν
1523 5372 1618 5422 καὶ
1639 5373 1799 5441 ἡμεῖς

213 5469 292 5536 στῇ
339 5462 591 5534 τραπέζῃ
641 5462 817 5533 ταύτῃ
850 5461 943 5513 καὶ
971 5462 1036 5531 τῇ
1085 5458 1221 5530 θηλῇ
1264 5460 1358 5512 τοῦ
1409 5461 1673 5530 ποτηρίου
1706 5462 1799 5514 τοῦ

218 5554 599 5624 πνευματικοῦ
625 5568 638 5583 ·
668 5555 870 5622 μᾶλλον
902 5553 958 5605 δέ
989 5552 1126 5623 μετὰ
1158 5552 1339 5622 πολλῷ
1377 5553 1643 5616 πλείονος.
1681 5555 1800 5608 Ἐλη

219 5649 507 5717 κύσωμεν,
542 5648 618 5710 ὡς
653 5647 842 5700 παιδία
880 5648 1186 5718 ὐπομάζια,
1220 5646 1312 5700 τοῦ
1360 5647 1677 5719 Πνεῦματος
1705 5651 1801 5721 τὴν

301 5824 346 5855 ⁸⁸
377 5823 521 5877 Psal.
563 5838 623 5887 tl,
652 5822 736 5877 il.

1911 4633 2187 4700 potentias
2213 4632 2449 4695 homini,
2472 4632 2689 4684 auditas
2722 4632 3093 4685 facietomncs
3114 4632 3303 4684 laudes
3322 4634 3480 4701 ejus?

1911 4725 2003 4791 qui
2041 4710 2268 4776 omnino
2298 4740 2400 4777 nos
2440 4724 2543 4778 sibi
2605 4724 2849 4790 c0pulat,
2884 4726 2976 4792 qui
3006 4724 3305 4791 unicuique
3348 4726 3482 4778 tide-

1910 4816 2044 4869 lium
2082 4830 2140 4868 se
2189 4816 2431 4868 insinuat
2486 4829 2582 4883 per
2629 4815 2731 4867 hoc
2782 4815 3127 4884 mysterium,
3176 4816 3480 4882 eodemque

1911 4908 2075 4961 simul
2102 4906 2299 4960 suadet
2330 4922 2389 4961 se
2415 4922 2635 4961 carnem
2666 4916 2909 4961 nostram
2937 4907 3067 4960 olim
3094 4909 3475 4977 assumpsisse.

1910 4999 1990 5053 Nc.
2026 4999 2194 5064 igitur
2228 4981 2493 5051 socordes
2525 4999 2725 5063 simus,
2752 5007 3045 5067 postquam
3086 4998 3297 5052 honore
3331 5008 3482 5052 tanto

1912 5099 2080 5159 atque
2112 5104 2305 5142 amore
2338 5089 2487 5157 digni
2534 5088 2705 5143 habiti
2744 5089 2970 5143 fuimus.
3003 5090 3196 5143 Nonne
3231 5091 3486 5145 videmus

1912 5182 2213 5235 infantulos
2245 5195 2409 5249 quam
2440 5190 2692 5250 prompte
2716 5183 2883 5235 ubera
2918 5182 3248 5249 corripiunt,
3277 5193 3484 5251 quanto

1910 5274 2117 5341 impetu
2155 5288 2403 5327 mamma:
2440 5272 2584 5326 labia
2619 5272 2953 5326 admovent?
2984 5273 3105 5326 l‘ari
3153 5282 3211 5327 et
3240 5290 3339 5327 nos
3372 5275 3485 5326 ala-

1911 5367 2109 5419 eritate
2142 5365 2471 5419 accedamus
2499 5366 2563 5418 ad
2608 5366 2748 5417 hanc
2781 5380 3049 5430 mensam,
3078 5376 3133 5419 et
3162 5364 3227 5417 ad
3261 5365 3484 5432 spirita-

1910 5459 1978 5513 lis
2012 5459 2199 5514 calicis
2252 5460 2549 5528 papillam:
2586 5458 2697 5512 imo
2741 5460 2907 5513 etiam
2962 5461 3188 5529 majore.
3227 5458 3485 5513 Attraha-

1912 5565 2054 5614 mus,
2096 5560 2357 5620 tanquam
2408 5549 2565 5619 pueri
2599 5549 2895 5613 lactentes,
2929 5549 3167 5616 Spiritus
3209 5548 3480 5618 gratiam;

1910 5654 1966 5698 et
2001 5644 2199 5698 unicus
2248 5643 2408 5697 nobis
2460 5644 2535 5699 sit
2563 5641 2723 5697 dolor
2754 5643 2857 5697 hoc
2888 5642 3149 5695 alimento
3195 5659 3240 5695 nt
3269 5657 3298 5693 u
3352 5641 3480 5694 frui.
