4288 6356
187 463 303 522 909

1549 457 1883 516 ETHICON
1932 455 2109 514 Vlli.‘

3361 442 3464 501 970

186 584 296 633 Διά
329 580 486 633 τοῦτ’)
529 578 604 646 μὴ
649 578 1039 647 συγχωρήσητε
1106 573 1276 625 ταῦτα
1313 571 1641 641 τολμᾶσθαι.
1680 571 1788 637 Τῆς
1823 578 1861 630 Α

1773 578 1861 632 ;Α
1897 568 2299 622 irridebimini:
2358 565 2443 616 sin
2499 563 2679 633 potius
2731 563 2920 620 Deum,
2975 558 3289 612 hominibus
3335 558 3466 622 ip~is

184 674 382 744 ψυχῆς
446 674 671 733 ἕκαστος
728 670 887 737 ὑμῶν
942 668 1237 736 ἀποστήτω
1293 666 1581 733 πρότερον,
1620 663 1651 732 ἢ
1689 662 1781 714 τοῦ

190 766 457 834 σώματος
498 762 775 829 μεταδότω
806 759 901 812 τοῦ
941 756 1279 811 Δεσποτικοῦ
1310 757 1442 823 παρ’
1468 756 1623 821 ἀξίαν
1650 770 1661 782 ⁸
1692 755 1787 806 καὶ

186 857 256 907 τὸ
282 850 420 923 αἷμα
474 858 534 905 τὸ
586 851 787 904 εαυτοῦ
824 851 1065 919 προῖέτω
1096 849 1387 919 πρότερον,
1422 848 1454 916 ἢ
1510 837 1789 915 μεταδότω

188 948 432 1013 αἵματος
477 945 631 1000 οὕτω.
662 944 970 1014 φρικώδους
1018 943 1173 1012 παρά
1207 941 1269 994 τὸ
1313 942 1610 1011 προσῆκον.
1641 941 1700 992 Εἰ
1733 940 1790 991 δὲ

113 1036 117 1041 ⁷
188 1037 441 1107 ἠγνόησέ
491 1052 574 1096 τις
625 1023 717 1087 τὶν
764 1034 990 1101 φαῦλον,
1025 1032 1201 1085 πολλὰ
1252 1016 1787 1101 περιεργασάμενος,

191 1130 356 1182 οὐδὲν
391 1128 646 1197 ἐγκλημὰ
672 1145 686 1159 ·
718 1126 889 1180 ταῦτα
919 1126 1027 1195 γᾴρ
1078 1142 1171 1193 μοι
1204 1127 1332 1192 περὶ
1368 1122 1477 1176 τῶν
1505 1122 1684 1191 δήλων
1710 1123 1788 1173 εῖ-

199 1236 392 1287 ρηται.
426 1218 524 1269 ’Ἂν
560 1212 655 1269 οὖν
687 1218 815 1278 τοὺς
842 1216 1157 1284 γνωρίμους
1190 1214 1297 1264 τῶν
1326 1214 1549 1280 φαύλων
1571 1210 1794 1281 stupeo.

199 1326 361 1377 σητε,
385 1309 478 1360 καί
504 1308 629 1371 τοὺς
664 1306 924 1375 ἀγνῶτας
953 1304 1163 1374 ταχέως
1188 1303 1318 1370 ὑμῖν
1341 1304 1368 1355 ό
1391 1302 1523 1364 θεὸς
1546 1302 1789 1368 γνωριεῖ.

198 1402 304 1453 Ἀν
340 1401 395 1453 δὲ
429 1399 656 1460 τούτους
704 1399 929 1465 ἐάσητε,
968 1396 1113 1457 τίνος
1146 1395 1334 1447 ἕνεκεν
1379 1395 1509 1462 ὑμῖν
1548 1392 1793 1452 ἐκείνους

199 1478 478 1560 φανεροὺς
501 1493 719 1557 ποιήσει
740 1490 925 1541 λοιπόν
947 1506 961 1553 ;
990 1488 1175 1541 Ταῦτα
1192 1487 1337 1547 λέγω
1361 1486 1457 1554 οὐχ
1484 1486 1569 1537 ῖνα
1594 1484 1791 1551 ἀπείρ-

200 1566 368 1653 γητε,
423 1585 535 1638 οὐδ’
593 1584 681 1635 ἵνα
734 1582 1043 1649 ὲκτέμνητε
1077 1581 1263 1648 μόνον,
1295 1578 1409 1631 ἀλλ’
1441 1578 1527 1630 ῖνα
1566 1574 1795 1646 διορθώο

206 1694 403 1739 σαντες
439 1676 825 1743 ὲπαναγάγητε
854 1690 867 1703 ·
910 1671 1053 1725 οὕτω
1090 1672 1194 1739 γὰρ
1231 1673 1321 1723 καί¹
1358 1670 1448 1722 τὸν
1476 1670 1609 1721 Θεὸν
1637 1670 1793 1721 ἵλεων

203 1769 382 1832 ἕξετε,
411 1768 503 1820 καὶ
534 1750 763 1825 πολλοὺς
787 1766 913 1827 τοὺς
936 1764 1055 1817 κατ’
1080 1763 1239 1827 ἀξίαν
1274 1761 1794 1831 μεταλαμϐάνοντας

202 1863 496 1930 εὑρήσετε,
532 1859 626 1911 καὶ
675 1860 774 1926 τῆς
811 1856 1023 1916 οἰκείας
1066 1855 1322 1922 σπουδῆς,
1376 1855 1469 1905 καὶ
1527 1852 1628 1919 τῆς
1665 1855 1794 1920 περὶ

1896 655 2194 710 venerandi
2224 654 2400 708 eritis.
2436 653 2561 706 Ideo
2593 670 2658 706 ne
2716 650 3001 721 patiamini
3034 648 3343 719 lmjnsmodi
3371 663 3437 698 nu
3464 678 3469 682 -

1894 765 2007 801 sus.
2037 748 2246 799 Animae
2278 746 2512 815 quisque
2581 760 2692 799 suae
2726 744 2909 813 potius
2966 740 3263 800 renuntiet,
3308 756 3471 807 quam

1894 840 2237 897 Dominieum
2264 853 2468 905 corpus
2496 848 2684 890 contra
2732 836 3051 906 dignitatem
3083 832 3297 889 tradat:
3351 847 3475 885 san-

1894 935 2113 1001 guinem
2144 932 2375 1001 quisque
2417 946 2577 985 suum
2626 938 2749 983 ante
2810 930 3079 997 prodigat,
3140 941 3304 995 quam
3339 926 3475 977 adeo

1896 1018 2240 1077 tremendum
2276 1026 2598 1094 sanguinem
2640 1031 2830 1077 contra
2855 1020 2933 1074 fas
2963 1018 3160 1073 tradat.
3209 1016 3366 1084 Quod
3429 1015 3471 1066 si

1895 1113 2099 1181 aliquis
2120 1111 2395 1179 hominem
2433 1124 2778 1182 peccatorem
2826 1111 3177 1182 ignoraverit,
3218 1109 3475 1179 quamvis

1896 1221 2229 1275 magnopere
2252 1208 2633 1275 vestigaverit,
2660 1206 2808 1260 nulla
2827 1206 3000 1274 ipsius
3020 1203 3177 1272 culpa
3198 1202 3323 1255 erit.
3352 1200 3477 1253 llaec

1894 1296 2039 1349 enim
2073 1312 2172 1350 nos
2201 1298 2269 1350 de
2301 1297 2600 1351 manifestis
2638 1296 2805 1351 locuti
2828 1309 3040 1349 sumus.
3078 1294 3195 1347 .lam
3229 1292 3274 1346 si
3320 1300 3477 1343 notos

1898 1380 2217 1455 peceatores
2235 1387 2682 1442 emendaveritis.
2702 1388 2885 1441 statim
2910 1388 3125 1455 ignotos
3142 1398 3360 1453 quoque
3381 1398 3477 1433 vo-

1897 1476 1983 1531 bis
2034 1478 2176 1533 Deus
2210 1479 2495 1534 revelabit.
2526 1478 2683 1544 Quod
2720 1479 2764 1532 si
2802 1479 2920 1532 illus
2955 1477 3215 1531 accedere
3253 1475 3479 1543 permit-

1899 1566 2050 1629 tatis,
2070 1570 2295 1638 curjam
2320 1570 2563 1638 reliquos
2588 1569 2746 1623 vobis
2770 1568 2912 1623 Deus
2931 1568 3244 1623 manifestct
3262 1567 3284 1618 ?
3300 1570 3477 1633 Atque

1898 1659 2014 1713 haec
2036 1660 2143 1723 aio,
2166 1670 2223 1714 ut
2248 1677 2354 1714 non
2376 1663 2612 1717 arceatis
2637 1662 3018 1715 tantummodo
3037 1660 3117 1715 vel
3146 1658 3476 1728 prxciilatis,

1897 1753 1991 1804 sed
2037 1763 2096 1807 ut
2136 1754 2458 1809 emendatos
2506 1755 2803 1808 reducatis.
2858 1756 2947 1807 Sic
2995 1753 3143 1806 enim
3198 1760 3254 1805 et
3304 1752 3473 1804 Deum

1900 1845 2191 1912 propitium
2215 1845 2509 1909 habebitis,
2526 1856 2581 1901 et
2606 1847 2806 1901 multus
2824 1846 2985 1914 digne
3004 1845 3477 1919 communicantes

202 1955 334 2011 τοὺς
373 1951 564 2012 ἄλλους
602 1947 923 2018 ἐπιμελείας
960 1946 1131 1998 πολὺν
1169 1944 1515 2013 ἀπολήψεσθε
1553 1944 1643 1995 τὸν
1702 1961 1792 2013 μι-
1830 1915 1865 1969 ῃ

1782 1973 1792 1982 -
1830 1915 1865 1969 ιτ
1897 1938 2268 2006 eompcrietis,
2300 1948 2357 1993 et
2379 1949 2570 1993 vestrae
2604 1939 2936 2002 sedulitatis,
2982 1916 3148 2009 atque
3183 1952 3310 2007 erga
3336 1936 3475 1989 alios

205 2045 361 2099 σθόν.

278 2141 384 2188 καί.
421 2136 544 2186 Ἔτι
578 2132 779 2194 πάντες
810 2131 859 2183 οἱ
893 2131 1059 2201 ἱερεῖς
1101 2132 1193 2183 καὶ
1239 2131 1266 2182 ό
1315 2129 1446 2191 λαὸς
1492 2130 1581 2181 διὰ
1630 2146 1796 2181 σπου-

202 2228 307 2296 δῆς
350 2224 643 2293 ποιώμεθα
685 2223 912 2288 πολλῆς,
965 2220 1107 2273 ὥστε
1165 2221 1304 2289 μετὰ
1346 2221 1445 2289 τὴν
1489 2222 1643 2290 ίερὰν
1700 2223 1795 2273 καὶ

205 2316 449 2385 φρικτήν
476 2314 686 2384 ταύτην
716 2312 1023 2384 τράπεζαν,
1056 2311 1133 2380 μὴ
1168 2312 1304 2378 πρός
1336 2310 1510 2380 μέθην
1544 2314 1637 2363 καὶ
1665 2329 1793 2381 τρν-

203 2410 319 2479 φῆν
346 2408 570 2469 ἑαυτοὺς
626 2406 927 2459 ὲκδιδόναι’
964 2408 1013 2458 εξ
1065 2404 1173 2472 γὰρ
1216 2404 1475 2455 οὐδέποτε
1513 2404 1623 2473 χρὴ
1667 2421 1795 2473 τρι)-

204 2500 343 2569 φςίν,
381 2500 473 2551 καὶ
510 2496 674 2550 τοῦτο
720 2498 748 2549 ὀ
791 2495 999 2558 Παῦλος
1038 2495 1307 2563 ἐδήλωσεν
1336 2492 1528 2553 εἰπὼν,
1566 2511 1584 2543 t
1636 2495 1699 2545 Ἢ
1735 2495 1793 2546 δὲ

207 2590 553 2644 σπαταλῶσα
602 2588 755 2654 ζῶσα
799 2587 1049 2656 τέθνηκε,
1104 2606 1121 2639 ι
1170 2585 1351 2654 πολὶῷ
1400 2587 1602 2654 μᾶλλον
1652 2586 1794 2653 μετά

203 2682 311 2750 τὴν
360 2681 469 2734 τῶν
514 2681 849 2750 ομυστηρίων
901 2666 1187 2731 κοινωνίαν
1214 2694 1227 2707 ·
1270 2680 1330 2730 οὐ
1377 2680 1486 2747 γὰρ
1519 2678 1607 2730 διά
1638 2680 1794 2730 τοῦτο

203 2771 513 2839 ἐγενόμεθα
567 2772 658 2823 καὶ
707 2770 914 2838 ζῶμεν,
962 2768 1050 2822 ἵνα
1108 2769 1375 2837 φάγωμεν
1423 2770 1513 2821 καὶ
1553 2770 1792 2837 πίωμεν,

202 2863 347 2915 ἀλλὰ
368 2864 430 2913 τὸ
455 2865 649 2929 φαγεῖν
680 2862 769 2915 διά
804 2862 863 2915 τὸ
889 2861 989 2931 ζῇν
1017 2862 1244 2928 γέγονεν
1276 2861 1335 2926 ἐξ
1365 2863 1561 2931 ἀρχῆς.
1599 2861 1793 2930 Ἡμεῖς

198 2956 267 3009 εδ
315 2955 392 3017 ὡς
439 2955 527 3006 διὰ
572 2954 734 3008 τοῦτο
784 2954 1035 3017 ιλθόντες
1080 2958 1162 3017 εἰς
1216 2955 1307 3006 τὸν
1351 2954 1580 3022 κόσμον,
1616 2954 1793 3017 οὕτως

200 3050 289 3109 εἰς
340 3048 501 3100 τοῦτο
532 3046 710 3098 πάντα
752 3046 1231 3115 καταναλίσκομεν
1253 3084 1269 3106 ,
1303 3045 1411 3097 καὶ·
1446 3046 1587 3114 μετά
1622 3045 1793 3114 μέθης

200 3144 318 3195 ἀπὸ
366 3140 468 3209 τῆς
501 3142 770 3211 αἰσθητῆς
816 3140 1166 3210 ἀνισταμεθα
1197 3140 1501 3209 τραπέζης,
1546 3140 1793 3211 μηδόλως

1895 2041 2042 2080 ουτω
2073 2030 2300 2082 multam
2350 2030 2600 2083 referetis
2648 2032 2979 2084 mercedem.

1968 2118 2057 2172 2|.
2096 2119 2327 2189 Insuper
2361 2122 2540 2176 cuncti
2582 2122 2897 2177 sacerdotes
2932 2137 2996 2177 ae
3052 2122 3289 2193 populus
3322 2122 3477 2174 valde

1897 2210 2239 2274 studeamus.
2298 2229 2365 2267 ne
2421 2214 2546 2283 quis
2581 2224 2705 2283 post
2761 2230 2977 2268 sacrum
3025 2214 3478 2281 tremendumqne

1896 2305 2229 2371 convivium,
2267 2306 2519 2361 ebrietati
2551 2317 2607 2362 et
2632 2308 2862 2361 luxuriae
2891 2323 2949 2361 se
2997 2307 3181 2362 dedat.
3234 2307 3366 2361 Nam
3406 2306 3476 2369 si,

1898 2410 2175 2464 nunquam
2204 2397 2469 2451 luxuriari
2509 2408 2766 2465 oportere
2791 2382 2955 2452 docet
2999 2397 3199 2452 Paulus
3249 2398 3473 2451 dicens:

1905 2505 1923 2537 ε
1958 2486 2090 2553 Qua:
2113 2497 2297 2543 autem
2328 2490 2379 2543 in
2408 2490 2622 2546 deliciis
2654 2503 2756 2552 est,
2779 2492 2965 2545 vivens
2986 2499 3199 2545 mortua
3223 2498 3309 2545 est
3329 2491 3371 2522 "
3399 2508 3413 2553 ;
3456 2510 3473 2542 ι

1898 2582 2072 2635 inulto
2103 2581 2156 2636 id
2188 2584 2365 2637 minus
2406 2594 2528 2652 post
2560 2584 2949 2654 mysteriorum
3008 2584 3475 2638 communionem.

1896 2673 2013 2727 Non
2042 2675 2189 2729 enim
2212 2675 2279 2730 ad
2303 2676 2407 2730 hoc
2439 2676 2551 2731 nati
2586 2692 2775 2731 sumus
2800 2687 2857 2731 et
2880 2677 3135 2740 vivimus,
3170 2683 3229 2729 ut
3249 2675 3480 2728 mandu-

1896 2780 2087 2821 cemus
2141 2782 2205 2820 ac
2242 2768 2516 2832 bibamus,
2546 2769 2641 2823 sed
2679 2769 2803 2823 ideo
2841 2769 3183 2823 comedimus
3233 2778 3292 2822 ut
3333 2768 3480 2821 viva-

1896 2873 2051 2912 mus:
2081 2860 2285 2929 quippe
2312 2860 2455 2914 haud
2486 2860 2669 2915 vivere
2696 2871 2755 2915 ut
2783 2876 3092 2925 vescamur,
3115 2860 3213 2915 sed
3238 2860 3387 2915 vesci
3419 2869 3479 2914 ut

1896 2949 2169 3013 vivamus,
2234 2952 2419 3020 prisco
2466 2952 2592 3019 jure
2674 2961 2938 3007 statutum
2992 2961 3095 3008 est.
3149 2952 3263 3007 Nos
3318 2968 3475 3015 vero,

1898 3041 2053 3111 quasi
2084 3042 2154 3096 ad
2182 3044 2463 3113 crapulam
2502 3046 2554 3097 in
2587 3046 2852 3099 mundum
2911 3046 3249 3109 venerimus,
3277 3057 3475 3101 cuncta

1896 3132 1956 3189 in
2009 3134 2156 3188 illam
2207 3136 2572 3199 absumimus,
2612 3136 2863 3205 ebriique
2894 3151 2923 3189 a
2966 3135 3235 3191 materiali
3290 3152 3479 3192 mensa

200 3230 623 3301 ἐνθυμούμενοι,
674 3232 751 3293 ὡς
807 3232 835 3283 ό
895 3232 1036 3300 μετὰ
1105 3231 1205 3301 τήν
1265 3232 1549 3299 τράπεζαν
1600 3232 1865 3308 καιρὸςα

1784 3249 1791 3292 ς
1818 3249 1865 3308 ο
1896 3227 2212 3297 surgimus:
2242 3228 2467 3283 minime
2496 3238 2838 3297 reputantes,
2896 3228 3041 3298 quod
3080 3238 3203 3298 post
3234 3244 3477 3284 mensam

198 3324 563 3392 εὐχαριστίας
610 3324 729 3374 ἐστὶ
787 3322 880 3375 καὶ
912 3321 1099 3390 ὓμνων
1132 3322 1324 3390 καιρός
1354 3323 1495 3395 ·ητδν
1537 3322 1593 3375 δὲ
1626 3325 1791 3392 εὐχα-

202 3416 504 3484 ριστοῦντα
556 3414 679 3483 οὐχὶ
731 3413 954 3481 μεθύειν
998 3411 1198 3481 χρεὼν,
1233 3412 1350 3464 ἀλλ’
1387 3414 1789 3487 ἐγρηγορέναι·

195 3509 229 3559 ὁ
265 3508 377 3575 γάρ
424 3504 584 3558 τοῦτο
633 3505 1041 3575 ἐνθυμούμενος
1077 3504 1208 3555 ὅταν
1255 3504 1350 3555 ἐπὶ
1380 3504 1662 3575 τραπέζης
1693 3524 1793 3558 καο

199 3598 354 3665 θίσῃ.
396 3597 478 3647 a-i
532 3595 671 3665 μετά
711 3595 810 3665 τὴν
850 3595 1134 3662 τράπεζαν
1175 3594 1338 3646 αὐτὸν
1387 3593 1643 3665 εὔχεσθαι
1690 3597 1790 3660 δεῖ,

201 3685 542 3755 συμμέτρως
579 3686 857 3754 ἐμπλήσει
889 3685 987 3752 τήν
1020 3684 1282 3753 γαστέρα,
1313 3684 1402 3737 ἵνα
1450 3687 1523 3755 μὴ
1562 3685 1794 3756 βαρυνό-

201 3794 371 3845 μενος
400 3777 533 3845 γόνυ
576 3777 758 3829 κλῖναι
790 3777 1129 3847 ἀδυνατήσῃ,
1166 3780 1259 3829 καὶ
1290 3778 1384 3828 τὸν
1433 3777 1568 3829 Θεὸν
1609 3795 1789 3846 παρα·

200 3868 459 3932 καλέσαι,
495 3866 793 3919 κάντεῦθεν
841 3870 1066 3936 γένηται
1132 3870 1223 3921 καὶ
1272 3870 1379 3920 τῶν
1413 3869 1627 3936 ἀλόγων
1668 3870 1793 3921 ἀλο-

198 3959 469 4027 γώτιρος.
501 3960 561 4011 Εἰ
590 3962 697 4030 γάρ
726 3962 911 4012 ἐκεῖνα
942 3964 1082 4029 μετὰ
1111 3961 1209 4031 τήν
1237 3964 1447 4031 φάτνην
1474 3964 1793 4032 ὁδοιπορίας

200 4055 443 4107 ἅπτεται
488 4054 582 4104 καὶ
620 4053 941 4122 ἀχθοφορεῖ,
974 4054 1071 4105 καὶ
1098 4053 1199 4122 τὴν
1230 4052 1444 4109 οἰκείαν
1473 4054 1791 4123 ἀποπληροῖ

198 4144 512 4206 διακονίαν,
543 4144 660 4205 πῶς
692 4148 792 4196 οὐκ
823 4144 1151 4213 ἀτιμότερος
1180 4145 1273 4197 καὶ
1306 4145 1487 4197 αὐτῶν
1522 4145 1622 4197 τῶν
1655 4146 1793 4197 ὄνων

200 4235 232 4284 ὁ
272 4231 411 4299 μετά
441 4231 541 4301 τήν
570 4233 852 4300 τράπεζαν
883 4233 1157 4303 ἄχρηστος
1184 4234 1476 4304 ἅνθρωπος
1510 4236 1649 4304 πρὸς
1681 4237 1793 4289 πᾶν

204 4325 372 4393 ἔργον
406 4326 500 4376 καὶ
538 4324 937 4393 ἀνεπιτήδειος,
980 4326 1068 4376 ὅτε
1121 4326 1359 4393 μάλιστα
1408 4329 1602 4397 νήρειν
1648 4330 1790 4400 χρής

207 4416 320 4469 Καὶ
364 4415 471 4485 γάρ
512 4416 593 4468 ὅτι
626 4415 764 4485 μετά
792 4416 889 4483 τὴν
930 4414 1174 4468 ἑστίασιν
1209 4418 1306 4487 οὐχ
1346 4418 1513 4470 ὕπνον
1544 4421 1664 4472 οὐδὲ
1699 4422 1794 4472 εὑ-

203 4510 329 4579 νὴν,
389 4509 504 4560 ἀλλ’
564 4507 733 4576 εὐχάς
789 4508 884 4559 καὶ
942 4508 1104 4560 θείων
1162 4508 1399 4578 Γραφῶν
1461 4511 1788 4578 ἀνάγνωσιν,

204 4601 358 4670 ἡμᾶς
393 4598 736 4668 διαδέχεσθαι
793 4597 922 4667 χρὴ,
952 4597 1114 4650 τοῦτο
1146 4605 1487 4669 σαφεστερον
1518 4602 1788 4669 ἐδήλωσεν
1822 4591 1865 4645 D

202 4696 232 4744 6
262 4692 499 4760 Χριστός
525 4708 538 4721 ·
573 4693 641 4742 τὰ
676 4690 809 4757 γοῦν
834 4690 1041 4760 ἄπειρα
1074 4691 1258 4760 πλήθη
1288 4693 1410 4744 τότε
1446 4695 1707 4757 ἑστιάσας
1733 4698 1791 4747 ἐν

202 4787 271 4854 τῇ
302 4786 516 4853 ἐρήμῳ,
543 4784 644 4836 οὐκ
675 4786 769 4835 ἐπὶ
795 4784 988 4852 κλίνην
1018 4784 1217 4845 αὐτοὺς
1256 4784 1526 4854 ἐπεμψεν,
1555 4787 1669 4840 ἀλλ’
1699 4790 1793 4842 ἐπὶ

203 4874 362 4929 θείαν
401 4876 670 4944 ἀκρόασιν
700 4874 931 4927 ἐκάλεσε
967 4874 1166 4941 λογίων
1191 4892 1203 4904 ·
1253 4876 1315 4928 οὺ
1358 4878 1469 4946 γὰρ
1506 4877 1789 4950 διέρρηξεν

210 4965 390 5019 αὐτῶν
417 4966 517 5027 τὰς
540 4963 831 5033 γαστέρας,
861 4962 982 5015 οὐδὲ
1015 4963 1095 5023 είς
1124 4962 1301 5032 μέθην
1343 4965 1625 5035 ἐνέϐαλεν,
1651 4970 1789 5024 ἀλλὰ

211 5057 510 5127 πληρώσας
553 5055 735 5106 αὐτῶν
770 5056 868 5123 τὴν
919 5056 1131 5125 χρείαν,
1169 5056 1307 5126 πρὸς
1354 5058 1453 5126 τὴν
1487 5078 1790 5131 πνευματιο

206 5154 314 5214 χὴν
370 5143 475 5217 ἦγε
531 5151 760 5215 τροφήν.
795 5145 954 5198 Οὕτω
1002 5148 1094 5199 καὶ
1160 5149 1323 5216 ἡμεῖς
1382 5151 1645 5219 ποιῶμεν,
1696 5156 1789 5206 καὶ

206 5240 463 5293 τοσοῦτον
509 5239 790 5301 ἔθεσαντες
838 5240 1064 5301 ἑαυτοὺς
1121 5240 1326 5293 ἐσθίειν
1367 5244 1492 5294 ὅσον
1547 5249 1682 5313 πρὶς
1730 5250 1789 5299 τὸ

206 5331 307 5399 ζῇν
355 5329 538 5399 μόνον,
581 5330 679 5397 οὺχ
724 5329 850 5380 ὅσον
890 5329 1229 5382 διασπᾶσθαι
1275 5333 1369 5383 καὶ
1411 5336 1744 5403 βαρύνεσθαι
1773 5352 1787 5368 ⁸

209 5425 302 5474 καὶ
332 5422 564 5474 πάντοτε
609 5421 709 5489 μὲν
740 5421 848 5472 ἀπὸ
877 5421 975 5489 τῆς
1019 5422 1305 5492 τραπέζης
1358 5428 1433 5493 μὴ
1472 5429 1564 5479 ἐπὶ
1595 5429 1787 5498 κλίνην

205 5520 321 5571 ἀλλ’
360 5518 446 5570 ἐπ’
476 5517 641 5587 εὐχήν
668 5516 1004 5587 τρεπώμεθα
1038 5516 1135 5586 tl).

281 5660 325 5691 ¹⁵
359 5658 373 5711 Ι
408 5656 554 5710 Tim.
587 5673 637 5719 v,
668 5656 723 5709 6.
804 5656 845 5686 “
879 5656 1011 5710 Luc.
1054 5670 1126 5719 ix,
1166 5656 1248 5710 l8.

284 5825 360 5893 (I)
394 5822 490 5876 Est
521 5822 781 5874 hodierna
809 5836 1030 5888 quoque
1056 5821 1398 5893 consuetudo
1435 5824 1485 5873 in
1512 5822 1779 5890 religiosis

210 5892 502 5957 sotlalitiis,
566 5905 624 5944 ut
668 5902 791 5959 post
854 5907 1095 5945 mensam
1140 5892 1206 5943 ad
1261 5896 1591 5946 adorandum
1641 5899 1768 5948 bte-

532 5989 802 6047 ΡΑτειοι.
836 5988 952 6047 GR.
999 5983 1119 6044 CXI
1153 5988 1253 6048 LX.

1899 3324 2117 3387 tempus
2175 3319 2510 3388 agendarum
2556 3320 2858 3389 gratiarum
2884 3328 2939 3373 et
2972 3319 3303 3390 hymnorum
3336 3329 3477 3374 tem-

1896 3425 2000 3476 pus
2025 3410 2131 3464 sit:
2166 3425 2331 3480 porro
2352 3426 2503 3475 eum,
2536 3413 2628 3480 qui
2661 3412 2866 3481 gratias
2891 3411 3022 3480 agit,
3077 3412 3225 3467 haud
3254 3414 3472 3468 ebrium

1895 3518 2016 3557 esse
2054 3512 2309 3572 oportere
2342 3502 2436 3557 sed
2470 3513 2875 3569 experrectum.
2912 3502 3045 3558 Nam
3097 3504 3187 3572 qui
3225 3505 3480 3559 conside-

1897 3604 2001 3657 ret,
2055 3594 2185 3647 dum
2212 3608 2415 3647 mensa:
2462 3593 2763 3654 accumbit,
2811 3592 2926 3646 fore
2964 3601 3021 3646 ut
3053 3603 3175 3662 post
3229 3610 3474 3649 mensam

1895 3684 2283 3754 preccs_dicat,
2313 3685 2359 3738 is
2386 3685 2599 3739 modice
2656 3695 2902 3739 ventrem
2950 3686 3219 3755 implebit.
3250 3702 3318 3741 ne
3351 3688 3478 3741 cibo

1895 3784 2149 3844 gravatus
2178 3791 2320 3845 genu
2355 3775 2575 3831 ﬂectere
2600 3786 2857 3845 nequeat.
2880 3786 2937 3831 et
2967 3775 3137 3831 Deum
3171 3778 3430 3832 invocare
3459 3796 3474 3838 ;

1896 3881 2059 3939 atque
2109 3869 2236 3925 hinc
2290 3871 2381 3923 liat
2436 3870 2615 3925 brutis
2668 3869 3060 3923 irrationalior.
3113 3870 3245 3924 Nam
3276 3871 3321 3926 si
3385 3872 3475 3925 illa

1896 3972 2018 4032 post
2044 3977 2305 4033 praesepe,
2341 3962 2446 4016 iter
2484 3961 2890 4031 ingrediuntur,
2941 3973 2997 4017 et
3034 3978 3203 4017 onera
3263 3962 3474 4027 ferunt.

1895 4064 1951 4108 et
1977 4054 2257 4123 proprium
2290 4053 2657 4107 ministerium
2695 4052 2977 4114 exhibent.
3005 4053 3198 4122 quidni
3226 4055 3295 4109 sit
3343 4055 3477 4124 ipsis

1896 4147 2067 4201 asinis
2118 4146 2589 4215 eontemptibilior
2634 4146 2799 4200 homo
2847 4155 2969 4215 post
3001 4162 3246 4200 mensam
3301 4148 3477 4200 cuivis

1895 4236 2045 4304 operi
2100 4236 2318 4305 ineptus
2374 4247 2431 4290 et
2497 4237 2790 4305 impotens,
2829 4251 2954 4290 eum
3013 4247 3193 4291 tamen
3242 4240 3477 4292 maxime

1894 4338 2274 4401 experrectum
2300 4343 2420 4383 esse
2449 4329 2715 4397 oportet?
2752 4328 2882 4381 Nam
2922 4328 3068 4398 quod
3109 4338 3229 4397 post
3261 4330 3472 4388 cibum.

1896 4420 2040 4475 haud
2067 4434 2261 4474 somno
2302 4420 2386 4473 vel
2417 4417 2607 4481 cubili,
2648 4418 2743 4471 sed
2779 4417 3037 4487 precibus
3068 4426 3125 4470 et
3156 4416 3473 4470 divinarum

1896 4514 2306 4583 Scripturarum
2344 4509 2569 4564 lectioni
2606 4508 2909 4563 vacandum
2966 4508 3058 4571 sit,
3080 4508 3133 4562 id
3188 4508 3477 4577 perspicue

1896 4605 2137 4661 ostendit
2167 4603 2442 4668 Christus,
2492 4602 2587 4671 qui
2613 4616 2738 4656 ctnn
2782 4600 3124 4654 innumeram
3161 4598 3476 4652 multitudi-

1897 4712 2021 4749 nem
2054 4697 2107 4747 in
2134 4694 2355 4748 deserto
2380 4694 2639 4762 pavisset,
2678 4706 3025 4760 nequaquam
3050 4691 3116 4745 ad
3145 4690 3349 4744 lectum
3377 4703 3475 4744 eos

1898 4790 2069 4853 misit,
2102 4788 2197 4843 sed
2231 4786 2297 4840 ad
2330 4786 2573 4840 divinam
2606 4784 2957 4839 oraculorum
2983 4786 3237 4838 acroasin
3270 4783 3348 4835 “z
3380 4796 3475 4835 nc-

1896 4897 2002 4950 que
2028 4882 2249 4935 illorum
2273 4887 2493 4933 ventres
2521 4878 2645 4932 cibo
2675 4878 2907 4945 dirupit,
2928 4876 3051 4930 'sed
3086 4877 3329 4943 ipsorum
3376 4890 3473 4928 ex-

1897 4974 2040 5043 pleta
2075 4972 2400 5026 necessitate
2436 4969 2501 5023 ad
2538 4970 2841 5038 spiritalem
2889 4983 3070 5023 escam
3103 4967 3338 5021 vocavit.
3382 4966 3475 5021 Sic

1898 5078 2123 5133 agamus
2150 5071 2206 5117 et
2250 5054 2373 5129 nos,
2434 5072 2599 5130 atque
2653 5072 2885 5116 eatenus
2928 5068 3144 5114 nosmet
3178 5057 3471 5113 comedere

1898 5155 2351 5219 a'ssuelaciamus,
2414 5165 2686 5221 quatenus
2742 5154 2866 5205 vitae
2925 5148 3306 5203 tantummodo
3348 5164 3473 5200 sus-

1900 5245 2170 5298 tentandae
2201 5260 2341 5313 Opus
2363 5253 2469 5308 est,
2499 5259 2607 5297 non
2640 5240 3023 5311 dirumpendis
3050 5239 3351 5293 stomacbis
3376 5250 3472 5293 aut

1898 5339 2216 5408 gravandis:
2260 5347 2424 5405 atque
2449 5336 2672 5390 omnino
2705 5352 2733 5387 τι
2782 5349 2973 5389 mensa
3004 5348 3113 5388 non
3139 5332 3203 5386 ad
3239 5333 3466 5397 lectum,

1896 5427 1991 5481 sed
2028 5429 2091 5479 ad
2152 5442 2343 5495 preces
2384 5439 2745 5480 transeamus.

1891 5826 2027 5877 viter
2083 5827 2135 5906 in
2196 5828 2397 5897 templo
2436 5828 2516 5882 vel
2572 5828 2769 5883 sat-cllo
2825 5826 3221 5880 Eurltarisliau:
3283 5827 3471 5882 cuncti

1878 5910 2223 5951 ςυιινειιιίηιι.

3064 5990 3134 6048 3i
