4288 6356
211 361 312 431 977

206 474 421 535 οἰκέτας
446 514 460 536 ,

206 567 545 631 φαυλότατον
596 566 845 636 λήψεται,
886 570 975 623 διὰ
1028 572 1088 623 τὸ
1139 574 1345 641 κέρδος.
1380 575 1486 628 Καὶ
1534 577 1586 628 τί
1644 576 1787 645 λέγω

206 658 567 727 στρατηγίαν,
605 664 699 713 καὶ
729 661 1111 731 δημαγωγίαν,
1146 668 1241 720 καὶ
1288 669 1641 736 οίκονομίας;
1684 672 1789 724 κᾶν

203 751 311 819 γὰρ
367 750 622 818 βασιλεὺς
672 750 745 825 ᾖ,
787 756 1005 809 πάντων
1060 758 1209 810 ἐστὶν
1270 760 1635 832 ἀθλιώτερος,
1691 763 1788 815 καὶ

204 839 350 909 λύμη
381 842 478 909 τῆς
522 846 874 917 οἰκουμένης,
899 851 994 902 καὶ
1045 852 1265 904 πάντων
1301 853 1670 923 πενέστερος·
1708 856 1787 917 ὡς

200 936 311 1003 γὰρ
373 930 456 1015 εἷς
508 938 619 990 τῶν
676 939 889 993 πολλῶν
922 938 1286 1007 διακείσεται,
1320 947 1444 1015 οὐχὶ
1472 947 1788 1000 τάπάντων

201 1026 397 1079 ἑαυτοῦ
426 1016 665 1097 νομίζων
687 1028 851 1096 εῐναι,
893 1032 1012 1085 ἀλλ’
1050 1035 1243 1088 ἑαυτὸν
1268 1036 1365 1090 ἕνα
1399 1036 1509 1090 τῶν
1543 1038 1782 1102 πάντων,

204 1118 298 1169 καὶ
357 1119 427 1171 τά
489 1120 707 1174 πάντων
758 1125 1047 1189 ἁρπάζων,
1096 1126 1192 1179 καὶ
1250 1130 1468 1182 πάντων
1523 1130 1783 1182 ἐλάττονι

203 1211 351 1277 ἔχειν
416 1214 693 1281 νομίζωνο
749 1218 815 1283 τῇ
867 1218 974 1287 γάρ
1030 1218 1143 1271 τῶν
1204 1219 1419 1274 οὐδέπω
1477 1222 1789 1290 κτηθέντων

205 1303 476 1373 ἐπιθυμίᾳ
528 1308 595 1358 τὰ
658 1308 901 1375 παρόντα
964 1311 1200 1379 μετρῶν,
1240 1313 1389 1365 οὐὶὲν
1434 1312 1606 1366 ταῦτα
1656 1314 1789 1382 πρὸς

205 1394 394 1445 ἐκεῖνα
433 1391 571 1449 εἶναι
600 1398 894 1467 ἡγήσεται.
930 1402 1020 1453 A26
1051 1403 1144 1454 καί
1188 1421 1270 1464 τις
1304 1405 1469 1472 φησιν
1515 1404 1591 1467 ὼς
1638 1405 1790 1457 οὐδὲν

202 1487 554 1557 ἀνομώτερον
580 1492 936 1561 φυλαργύρου
965 1510 978 1523 ⁸
1010 1497 1038 1545 ὁ
1063 1497 1169 1563 γὰρ
1200 1496 1441 1557 τοιοῦτος
1477 1497 1569 1549 καὶ
1598 1496 1791 1549 ἑαυτὸν

204 1577 540 1645 ἀποδίδοται,
576 1581 671 1634 καί⁵
720 1585 895 1645 κοινοῖ
940 1587 1299 1656 περιέρχεται
1330 1588 1429 1657 τῆς
1461 1589 1790 1657 οἰκουμένης

206 1670 424 1738 ἐχθρὸς,
496 1674 680 1739 ἀλγῶν
737 1676 819 1729 ὅτι
880 1661 958 1747 μὴ’
1019 1681 1243 1749 χρυσίον
1290 1682 1445 1750 φέρει
1492 1682 1617 1734 ἀντὶ
1679 1681 1791 1734 τῶν

204 1761 498 1830 ἀσταχύων
548 1766 581 1833 ὴ
634 1765 727 1835 γῆ,
756 1765 852 1820 καὶ
882 1769 1002 1821 ἀντὶ
1034 1768 1143 1820 τῶν
1183 1772 1440 1838 ναμάτων
1472 1774 1526 1824 αἱ
1560 1771 1786 1841 κρῆναι,

206 1853 304 1903 καὶ
332 1853 453 1905 ἀντὶ
482 1854 591 1905 τῶν
619 1855 787 1910 λίθων
818 1859 886 1911 τά
917 1859 1018 1929 δρη
1046 1877 1060 1889 ’
1101 1860 1474 1931 δυσχεραίνων
1514 1864 1651 1931 πρὸς
1680 1864 1779 1934 τὴν

205 1942 524 2013 εὐετηρίαν,
553 1946 609 1998 ὲν
642 1950 756 2011 τοίς
790 1940 991 2013 κοινοῖς
1028 1952 1257 2019 ἀγαθοῖς
1308 1954 1746 2024 συνεσταλμένος
1772 1972 1785 1986 ⁶

208 2038 392 2089 πᾶσαν
434 2039 917 2111 ἀποστρεφόμενος
963 2046 1263 2115 πρόφασιν,
1318 2047 1442 2101 ὅθεν
1495 2048 1598 2101 οὐκ
1644 2048 1790 2101 ἔστιν

205 2129 478 2198 ἀργύριον
521 2130 709 2186 λαϐεῖν
738 2151 751 2164 ⁸
804 2136 981 2189 πάντα
1039 2138 1352 2205 ὑπομένων,
1404 2141 1527 2193 ὅθεν
1561 2142 1655 2193 καὶ
1696 2142 1791 2195 δύο

210 2224 378 2290 μόνον
420 2224 675 2292 συλλέξαι
721 2227 945 2291 ὀϐολοὺς
977 2228 1056 2283 ἔνι
1080 2244 1095 2259 ⁸
1132 2230 1378 2295 ἅπαντας
1432 2233 1630 2300 μισῶν,
1664 2235 1792 2297 τοὺς

206 2318 470 2383 πένητας,
512 2318 640 2380 τοὺς
692 2319 1003 2387 πλουσίους,
1058 2322 1187 2384 τοὺς
1242 2324 1342 2392 μὲν
1388 2324 1646 2394 πένητας,
1688 2326 1791 2395 μή·

206 2422 344 2459 ποτε
378 2408 773 2476 προσελθόντες
818 2413 1082 2480 αἰτήσωσι
1111 2428 1125 2441 ⁸
1157 2415 1281 2476 τοὺς
1311 2415 1367 2466 δὲ
1402 2415 1791 2478 πλουτοῦντας,

207 2497 293 2550 ὅτι
330 2498 407 2567 μὴ
438 2499 507 2551 τά
538 2501 764 2553 ἐκείνων
799 2500 912 2570 ἔχει
940 2518 955 2532 ·
987 2503 1235 2568 ἅπαντας
1290 2507 1359 2557 τὰ
1387 2507 1551 2559 αὐτοῦ
1579 2507 1796 2573 νομίζει

208 2591 513 2673 κεκτῆσθαι
534 2607 550 2622 ο
582 2596 677 2644 καὶ
704 2593 776 2654 ῶς
808 2594 963 2662 παρὰ
997 2595 1215 2649 πάντων
1242 2596 1597 2666 ἠδικημένος,
1620 2598 1793 2660 οὕτως

209 2686 351 2753 πρὸς
412 2685 623 2747 πάντας
679 2685 1066 2757 δυσχεραίνει·
1122 2688 1445 2759 πλησμονὴν
1501 2693 1601 2745 οὒκ
1661 2687 1791 2759 οίδε,

209 2778 377 2848 κόρον
437 2778 538 2829 οὐκ
589 2778 921 2833 ἐπίσταταιο
972 2782 1031 2832 ἐν
1085 2782 1262 2848 σκότῳ
1310 2783 1512 2853 διάγων
1560 2784 1639 2853 τῷ
1686 2785 1794 2839 τῶν

208 2868 516 2938 χρημάτων
541 2869 727 2939 ἔρωτι,
762 2871 869 2923 τῶν
897 2874 1381 2941 περισπουδάστων
1406 2876 1465 2928 τὸ
1495 2877 1693 2940 κάλλος
1718 2878 1794 2942 ὡς

209 2960 395 3029 χρεὼν
441 2960 503 3012 οὐ
557 2961 855 3027 γινώσκειο
898 2963 1147 3034 καθάπερ
1188 2966 1295 3017 οὐδ’
1342 2970 1370 3021 6
1420 2970 1477 3020 ὲν
1510 2970 1689 3039 σκότῳ
1720 2968 1798 3040 τῷ

209 3050 465 3119 αἰσθητῷ
492 3049 799 3121 καθήμενος
850 3052 1076 3107 δύναται
1112 3055 1332 3125 βλέπειν
1359 3057 1420 3111 τὸ
1451 3059 1645 3123 κάλλος
1670 3048 1800 3115 τῶν

1580 373 1915 437 ETHICON
1967 374 2072 435 [Χ.
2130 373 2136 379 ’

524 474 626 526 κᾶν
678 475 857 528 ὁτιοῦν
909 477 1097 549 ἕτερον
1150 470 1408 534 ὠνεῖσθαι
1472 482 1679 553 μέλλῃ,
1730 484 2190 553 τδλίιυίιιιιιιιιιυ

1776 484 2190 553 iAquidqnam
2274 484 2424 545 aliud
2491 499 2675 540 emere
2741 494 3035 555 oporteat,
3114 486 3469 541 deterrimum

3362 378 3471 442 978

1892 576 2152 646 quodque
2198 578 2335 631 lucri
2388 594 2551 633 causa
2606 580 2796 649 eliget.
2862 579 3002 645 Quid
3064 580 3188 635 dico
3241 582 3474 635 militare

1891 679 1987 721 aut
2044 668 2209 723 civile
2257 678 2353 723 aut
2402 668 2935 725 administratorium
3020 674 3254 727 munusl
3338 673 3473 727 Nam

1890 757 2144 827 quamvis
2168 772 2262 811 rex
2300 758 2395 818 sit.
2425 758 2671 811 omnium
2703 758 3117 814 infelicissimus
3149 769 3256 818 est.
3284 761 3472 814 mundi

1891 848 2110 912 sordes.
2172 857 2226 902 et
2296 851 2544 905 omnium
2576 852 2996 920 pauperrimus.
3029 852 3277 921 Namque
3305 841 3474 905 unum

1892 951 1950 992 se
1990 937 2059 991 de
2088 938 2277 993 multis
2310 940 2499 994 credet
2534 955 2546 993 :
2584 955 2769 1009 neque
2807 940 3053 995 omnium
3099 957 3158 997 se
3192 942 3476 997 dominum

1890 1014 2204 1095 mstimab'it,
2269 1027 2365 1085 sed
2406 1046 2464 1086 se
2520 1048 2690 1086 unum
2724 1031 2793 1087 de
2825 1034 3073 1089 omnium
3102 1047 3336 1089 numero
3376 1052 3389 1088 :
3422 1043 3476 1089 et

1893 1136 2008 1176 rem
2070 1121 2316 1176 omnium
2363 1122 2436 1176 ad
2491 1138 2549 1177 se
2594 1126 2798 1189 trahet,
2863 1127 3109 1181 omnium
3152 1141 3212 1181 se
3247 1125 3479 1181 minime

1895 1212 2099 1269 habere
2126 1228 2141 1280 _'
2161 1225 2383 1284 putans.
2436 1217 2683 1289 Namque
2724 1235 2794 1275 ex
2836 1220 3057 1275 illorum
3086 1235 3209 1289 quae
3238 1220 3344 1275 sibi
3378 1220 3478 1273 ad~

1892 1307 2003 1362 huc
2034 1308 2243 1363 desunt
2268 1308 2607 1378 cupiditate,
2644 1325 2740 1366 sua
2794 1313 3017 1381 propria
3046 1312 3303 1377 metiens,
3339 1312 3477 1366 nihil

1893 1398 2009 1453 haec
2042 1415 2153 1468 pra:
2181 1400 2288 1455 illis
2314 1416 2438 1456 esse
2455 1402 2745 1472 judicabit.
2771 1403 2952 1469 Quare
2980 1413 3037 1458 et
3069 1405 3293 1473 quidam
3318 1404 3478 1469 dixit,

1894 1491 2030 1545 nihil
2086 1506 2254 1545 avaro
2286 1508 2409 1548 esse
2436 1494 2683 1564 iniquius
2717 1512 2731 1549 :
2769 1510 2895 1549 nam
2956 1496 3120 1550 homo
3160 1496 3475 1565 huiusmodi

1893 1598 1952 1636 se
2011 1583 2190 1651 ipsum
2236 1574 2457 1653 quoque
2521 1586 2709 1650 tradit,
2782 1597 2839 1641 et
2890 1588 3209 1642 communis
3267 1587 3479 1641 incedit

1896 1674 2085 1727 mundi
2117 1674 2312 1737 hostis,
2345 1673 2542 1729 dolens
2572 1675 2720 1744 quod
2781 1692 2979 1730 aurum
3007 1692 3108 1746 pro
3137 1676 3306 1743 spicis
3335 1688 3477 1730 terra

1894 1780 2004 1818 non
2044 1764 2206 1839 ferat.
2238 1775 2294 1820 et
2323 1782 2424 1836 pro
2457 1766 2687 1821 ﬂuentis
2724 1767 2930 1832 fontes,
2980 1780 3034 1822 et
3062 1783 3164 1837 pro
3202 1768 3480 1836 lapidibus

1892 1869 2143 1912 montes:
2182 1859 2426 1913 irascens
2453 1859 2581 1913 anni
2620 1860 2882 1923 ubertati,
2912 1861 3054 1916 etin
3091 1858 3482 1915 eomnmnibus

1891 1949 2057 2003 bonis
2091 1952 2439 2019 angnstiatus
2462 1969 2477 2017 ;
2503 1953 2807 2021 quamlibet
2838 1951 3181 2007 occasionem
3215 1966 3483 2019 respuens

1896 2039 2041 2092 unde
2072 2054 2179 2092 non
2216 2040 2289 2093 sit
2318 2051 2609 2111 argentum
2677 2058 2873 2111 capere
2900 2059 2916 2108 ;
2944 2043 3129 2097 omnia
3172 2042 3479 2110 perferens,

1898 2131 2041 2184 unle
2095 2130 2181 2184 vel
2243 2130 2384 2185 duos
2437 2141 2646 2186 tantum
2696 2132 2891 2187 obolos
2938 2133 3238 2188 corradere
3273 2133 3479 2199 liceat;

1895 2238 2089 2278 omnes
2118 2223 2248 2279 odio
2277 2224 2487 2279 habens
2518 2241 2791 2295 pauperes
2831 2240 2895 2279 ae
2924 2225 3158 2281 divites:
3187 2240 3481 2296 pauperes,

1900 2330 1970 2367 ne
2016 2315 2159 2369 forte
2222 2315 2552 2371 accedentes
2608 2325 2832 2385 petant;
2891 2316 3121 2380 divites,
3172 2318 3303 2386 quia
3364 2332 3481 2370 rem

1898 2405 2121 2459 illorqu
2183 2422 2293 2460 non
2343 2407 2513 2461 habet
2573 2426 2584 2459 :
2644 2422 2840 2463 omnes
2868 2424 2965 2463 sua
3001 2410 3180 2478 ipsius
3202 2410 3486 2479 possidere

1896 2499 2178 2554 existimat
2202 2516 2215 2565 ;
2239 2508 2294 2554 et
2322 2502 2481 2570 quasi
2506 2502 2575 2554 ab
2631 2503 2891 2557 omnibus
2917 2502 3229 2565 fraudatus,
3269 2504 3343 2556 ita
3370 2520 3489 2556 om-

1898 2592 2062 2644 nibus
2084 2602 2167 2645 est
2202 2592 2378 2647 iratus
2408 2611 2421 2646 :
2458 2595 2825 2663 repletioncm
2890 2611 2999 2650 non
3054 2596 3230 2659 novit,
3259 2597 3485 2649 satieta-

1899 2691 2010 2735 tem
2052 2681 2253 2736 nescit.
2297 2683 2353 2735 ln
2391 2683 2635 2737 tenebris
2687 2700 2914 2740 versans
2942 2684 3013 2739 ob
3044 2685 3291 2751 pecunia:
3330 2700 3486 2739 amo-

1901 2789 2040 2839 rem,
2100 2789 2287 2829 rerum
2346 2776 2822 2832 aestimabiliorum
2882 2778 3358 2846 pulchritudinem
3428 2786 3490 2832 ut

1901 2882 2001 2937 par
2048 2874 2133 2921 est
2190 2882 2301 2921 non
2350 2868 2602 2937 agnoscit
2646 2907 2661 2931 ,
2694 2870 3156 2935 quemadmodum
3214 2885 3315 2923 nec
3375 2870 3488 2931 ille.

1902 2959 1995 3030 qui
2048 2959 2106 3013 in
2161 2957 2409 3013 tenebris
2435 2960 2789 3014 seusibilibus
2828 2962 3009 3024 sedet.
3034 2977 3265 3017 cernere
3309 2971 3492 3031 potest

1903 3050 2372 3121 pulchritudinem
2406 3052 2715 3107 ohlatorum
2743 3053 2795 3107 ei
2832 3053 3075 3123 lapidum
3092 3056 3489 3123 pretiosorum,

209 3142 365 3211 αὐτῷ
423 3144 859 3213 προσαγομένων
942 3145 1110 3209 λίθων
1182 3148 1412 3217 τιμίων,
1480 3151 1512 3220 ἢ
1581 3153 1869 3228 χρυσῶνο

1795 3171 1798 3191 ν
1827 3170 1869 3228 c
1903 3151 1995 3196 aut
2027 3157 2321 3195 aureorum
2360 3158 2640 3204 vasorum.
2668 3154 2764 3199 aut
2792 3146 3030 3199 vestium
3056 3160 3488 3215 purpur-earum.

212 3232 452 3297 σκευῶν,
486 3234 520 3304 ἢ
554 3234 841 3303 ἁλουργῶν
876 3235 1110 3305 ἱματίων
1138 3253 1151 3267 ·
1191 3240 1383 3303 σκότος
1413 3242 1505 3293 καὶ
1533 3242 1643 3311 γάρ
1676 3244 1797 3297 ἐστι

212 3326 413 3394 νοητδν
465 3328 495 3380 6
540 3326 649 3379 τῶν
680 3330 983 3399 χρημάτων
1042 3330 1206 3401 ἔρως,
1237 3333 1391 3385 οὐδὲν
1452 3334 1639 3402 ἀφιεὶς
1689 3334 1800 3387 τῶν

210 3419 389 3471 ὅντων
439 3418 730 3486 φαίνεσθαι
788 3421 865 3482 ὼς
917 3422 1229 3487 ἐστιν,ἁλλ’
1266 3426 1513 3497 ἑτέρως·
1567 3429 1801 3499 ἐπείπερ

209 3511 458 3579 οὐδαμοῦ
487 3512 597 3565 τῶν
638 3516 981 3582 πραγμάτων
1037 3520 1069 3586 ὴ
1122 3518 1283 3585 φύσις
1316 3520 1589 3589 φαίνεται,
1617 3523 1694 3585 ὠς
1743 3524 1802 3575 ἐν

211 3605 418 3674 πενίᾳσ
457 3604 692 3675 οὖδαμοῦ
724 3605 898 3671 οὕτως
950 3609 1234 3678 ἐλέγχεται
1291 3610 1359 3664 τά
1390 3610 1657 3666 δοκοῦντα
1696 3613 1799 3682 μὲν

212 3691 384 3761 εἶναι,
421 3697 495 3766 μὴ
520 3698 647 3751 ὄντα
679 3698 759 3763 δὲ,
790 3699 864 3761 ὼς
898 3701 957 3751 ἐν
992 3702 1304 3773 φιλοσοφίᾳ.

290 3788 355 3841 ε’.
394 3790 503 3842 Καὶ
533 3790 607 3853 ὡς
633 3795 690 3843 ὲν
738 3790 936 3861 βραχεῖ
959 3793 1151 3860 φάναι,
1186 3796 1215 3847 6
1245 3794 1584 3878 φιλάργυρος
1616 3799 1807 3852 τοσού-

213 3899 338 3943 τοις
386 3884 478 3933 καὶ
533 3882 877 3950 τηλικούτοις
938 3884 1284 3953 ἐνδεδεμένος
1334 3890 1546 3951 κακοῖς,
1584 3890 1806 3944 πάντων

216 3976 378 4027 ἐστὶν
412 3972 740 4044 ἀθλιώτερος
762 3992 775 4004 ·
809 3974 998 4045 ῶσπερ
1027 3976 1119 4029 οὖν
1146 3980 1174 4030 6
1211 3978 1416 4033 τούτων
1445 3980 1805 4052 ἀπηλλαγμέ-

218 4086 311 4129 νος
352 4068 443 4118 καὶ
463 4068 771 4134 φιλοσοφςῖιν
798 4067 1169 4139 ζηλωτότερος
1198 4072 1417 4124 πάντων
1444 4087 1457 4101 ⁶
1487 4075 1515 4125 ὁ
1553 4073 1654 4143 μὲν
1699 4074 1805 4142 γὰρ

221 4159 507 4225 ἐνάρετος,
536 4157 638 4209 κᾶν
670 4158 885 4227 οἰκέτης
906 4155 961 4232 ᾗ,
992 4159 1094 4211 κᾶν
1122 4160 1415 4229 δεσπότης,
1441 4165 1658 4216 πάντων
1689 4164 1808 4216 ἐστὶ

223 4248 683 4318 μακαριώτεροςο
712 4248 888 4312 οὐδεὶς
935 4251 1044 4318 γάρ
1092 4251 1259 4305 αὐτὸν
1318 4254 1531 4322 ποιήσει
1596 4256 1804 4323 κακῶς,

222 4340 335 4393 κᾶν
385 4340 433 4393 οί
491 4341 556 4392 ὲκ
609 4341 709 4410 τῆς
768 4342 1097 4411 οίκουμένης
1157 4344 1489 4398 συνέλθωσιν
1540 4346 1804 4413 ἅπαντες,

222 4434 376 4487 ὅπλα
413 4436 509 4485 καὶ
567 4434 906 4503 στρατόπεδα
964 4438 1238 4500 κινοῦντες
1295 4442 1390 4491 καὶ
1442 4440 1806 4508 πολεμοῦντες

1906 3234 2282 3289 Teuebrarnm
2340 3250 2535 3305 reapse
2579 3236 3038 3291 intellectualium
3083 3241 3257 3291 instar
3286 3246 3491 3306 estpe-

1906 3326 2082 3379 eunize
2118 3341 2292 3389 amor,
2323 3341 2436 3380 rem
2462 3326 2671 3380 nullam
2724 3330 2942 3397 patiens
2972 3327 3149 3382 videri
3187 3328 3265 3381 uti
3298 3344 3489 3383 revera

1907 3426 2010 3480 est,
2040 3417 2137 3472 sed
2171 3419 2333 3472 aliter
2360 3437 2369 3471 :
2407 3420 2856 3489 quandoquidem
2903 3436 3171 3490 nusquam
3199 3421 3273 3475 ita
3302 3437 3486 3476 rerum

1909 3518 2104 3563 natura
2160 3518 2416 3580 apparet,
2475 3521 2535 3565 ut
2576 3511 2631 3567 in
2690 3522 3022 3583 paupertate
3065 3529 3383 3584 :nusquam
3411 3515 3493 3569 sic

1909 3613 2289 3673 coarguuntur
2321 3620 2445 3675 qua:
2471 3606 2731 3661 videntur
2755 3622 2899 3672 csse.
2963 3622 3088 3662 cum
3129 3623 3240 3663 non
3267 3609 3398 3673 sint,
3432 3618 3493 3662 nt

1911 3694 1965 3748 in
2004 3695 2373 3764 philosOphia.

1982 3787 2037 3840 5.
2092 3787 2271 3857 Atque
2328 3797 2388 3842 ut
2436 3789 2766 3858 compendio
2830 3789 3101 3855 dicamus,
3157 3806 3359 3846 avarus
3414 3800 3494 3846 tot

1915 3879 2194 3947 tantisque
2237 3880 2575 3934 constrictus
2624 3882 2805 3945 malis,
2838 3884 3086 3936 omnium
3112 3892 3198 3937 est
3230 3882 3494 3938 infelicis-

1913 3970 2086 4024 simus
2145 3987 2158 4022 :
2216 3971 2362 4025 sicut
2415 3972 2660 4026 vicissim
2720 3976 2815 4041 qui
2874 3974 3136 4028 hiscaret
3159 3985 3215 4028 et
3250 3975 3494 4041 philoso-

1915 4061 2135 4131 phatur,
2175 4078 2285 4129 ιιι-αξ
2315 4063 2576 4116 omnibus
2614 4064 2981 4118 munuhmdus.
3042 4065 3260 4118 Etenim
3290 4067 3493 4120 virtute

1914 4153 2176 4222 praaditus
2201 4153 2307 4215 vir,
2331 4154 2447 4209 sive
2474 4154 2712 4209 famulus
2766 4156 2836 4209 sit
2871 4159 2984 4211 sive
3017 4157 3205 4222 herus,
3243 4160 3492 4212 omnium

1915 4254 2000 4300 est
2057 4244 2410 4299 beatissimus
2467 4264 2479 4299 :
2538 4262 2701 4301 nemo
2744 4248 2949 4317 quippe
3017 4249 3067 4302 ei
3123 4251 3263 4304 male
3285 4249 3495 4316 'faciet,

1917 4338 2128 4392 etiamsi
2168 4353 2231 4391 ex
2260 4339 2392 4391 orbe
2427 4339 2684 4393 universo
2726 4355 2919 4394 omnes
2950 4342 3306 4406 conveniant,
3343 4358 3498 4397 arma

1918 4427 2307 4496 exercitusque
2375 4438 2681 4493 moventes,
2738 4428 2900 4497 eique
2932 4428 3139 4482 bellum
3175 4428 3495 4484 inferentes.

225 4524 382 4594 αὐτῷ
409 4541 425 4557 ο
458 4527 485 4577 6
513 4524 569 4578 δὲ
599 4526 874 4595 μοχθηρὸς
922 4528 1017 4578 καὶ
1067 4528 1270 4595 φαῦλος
1300 4532 1395 4583 καὶ
1423 4531 1664 4593 τοιοῦτος
1702 4526 1811 4583 οἷον
1846 4540 1892 4597 D

1805 4523 1983 4597 .DAt
2037 4536 2241 4589 pravus
2298 4528 2355 4573 et
2403 4536 2663 4587 nequam,
2724 4531 2780 4574 et
2834 4521 3051 4589 qualem
3078 4520 3498 4590 descripsimus,

222 4617 631 4686 διεγράψαμεν,
666 4618 768 4671 κᾶν
796 4618 1055 4687 βασιλεὺς
1082 4614 1139 4691 ᾖ,
1164 4622 1266 4673 κᾶν
1294 4624 1465 4691 μυρία
1503 4627 1813 4693 περίκειται

223 4712 562 4781 διαδήματα,
620 4710 722 4765 κᾶν
774 4713 1033 4781 στρατιὰν
1093 4716 1193 4785 ἔχῃ
1262 4716 1659 4785 πολυάριυμον,
1718 4720 1814 4772 καὶ

226 4805 385 4869 παρὰ
424 4802 517 4855 τοῦ
567 4804 823 4872 τυχόντος
881 4804 946 4855 τά
989 4805 1193 4873 ἔσχατα
1253 4807 1520 4861 πείσεται.
1567 4808 1811 4878 Οὕτωςή

226 4894 402 4947 κακία
436 4892 693 4955 ἁσθενέςί
726 4892 897 4956 οὕτως
937 4895 1157 4963 ἰσχυρὸν
1187 4896 1219 4964 ἡ
1249 4897 1418 4965 ἀρετή
1453 4897 1465 4949 l
1521 4899 1585 4950 Τί
1634 4899 1815 4950 τοίνυν

226 4982 539 5053 ἐπιθυμῶν,
566 4981 843 5052 ἄνθρωπε,
866 4985 1190 5053 χρημάτων,
1217 4983 1437 5046 πενθεῖς
1466 4984 1540 5045 ὡς
1570 4988 1627 5036 ἐν
1659 4985 1817 5055 πενίᾳ

227 5076 343 5141 div;
377 5074 431 5128 τί
487 5074 724 5145 θρηνεῖς,
754 5075 947 5146 ἑορτὴν
1000 5074 1195 5144 άγων;
1245 5078 1340 5131 καὶ
1407 5076 1513 5146 γὰρ
1559 5076 1761 5145 ἑορτῶν
1791 5079 1819 5129 ὁ

226 5168 431 5237 καιρός
458 5181 472 5196 ⁸
507 5166 561 5219 τί
586 5166 821 5231 κλαίεις,
855 5166 1088 5218 πλούτου
1140 5166 1319 5237 ἐρῶν;
1354 5168 1449 5221 καὶ
1502 5170 1610 5238 γὰρ
1640 5170 1816 5239 πανή-

228 5276 393 5328 γυρις
456 5259 489 5328 ἡ
547 5259 782 5328 πτωχία,
851 5259 917 5309 ἂν
974 5263 1285 5329 σωφρονῇς.
1338 5260 1425 5325 Τί,
1479 5254 1524 5313 ὧ
1579 5262 1815 5325 παιδίον,

228 5352 442 5422 ὁδύρῃ;
497 5347 707 5401 παιδίον
747 5348 855 5419 γάρ
901 5348 981 5400 δεῖ
1030 5350 1121 5401 τὸν
1173 5348 1417 5403 τοιοῦτον
1450 5350 1659 5406 καλεῖν.
1704 5352 1820 5403 Οὐκ

231 5447 380 5515 ἔχεις
453 5447 755 5512 χρήματα,
798 5444 969 5510 πένης
1021 5441 1134 5506 ῶν;
1197 5443 1438 5512 μεγάλου
1492 5442 1540 5498 εί
1594 5445 1835 5513 φορτίου.

231 5534 664 5605 ἀπηλλαγμένος
688 5550 703 5564 ·
740 5530 942 5603 μᾶλλον
973 5536 1029 5587 δὲ
1062 5535 1381 5604 θαυμαστὸς
1428 5533 1480 5590 εἴ
1510 5539 1610 5590 καὶ
1644 5540 1820 5608 μακά-

235 5648 382 5701 ριος,
437 5630 535 5699 τῆς
593 5631 914 5699 φρονήσεως
973 5631 1067 5682 καὶ
1122 5631 1420 5700 καρτερίας
1480 5632 1574 5684 καὶ
1640 5633 1819 5699 πάσης

235 5720 562 5787 φιλοσοφίας
606 5719 932 5773 διδάσκαλον
984 5720 1146 5789 ἔχων,
1185 5721 1328 5791 φημὶ
1368 5721 1553 5791 δὲτὴν
1602 5723 1816 5783 πενίαν,

235 5808 393 5884 ﬁxit
443 5814 470 5865 ὀ
515 5813 766 5883 Λάζαρος
829 5812 1006 5878 συζῶν
1057 5814 1518 5885 ἐστεφανοῦτοοῆ
1576 5815 1667 5867 καὶ
1728 5814 1819 5866 τὺν

1919 4612 2170 4680 quamvis
2230 4628 2323 4665 rex
2382 4614 2456 4665 sit
2496 4622 2553 4665 ct
2615 4611 2893 4666 sexcentis
2945 4624 3181 4667 ornatus
3243 4614 3499 4677 coronis,

1919 4704 2175 4772 quamvis
2216 4717 2579 4755 numerosqu
2605 4701 2908 4755 exercitum
2945 4702 3165 4763 habent,
3196 4717 3225 4755 a
3252 4702 3503 4770 quolibet

1921 4795 2151 4848 summis
2187 4795 2345 4846 malis
2376 4792 2515 4845 allici
2562 4793 2783 4860 poterit.
2829 4792 3249 4861 Adcouequitia
3283 4793 3499 4845 inﬁrma

1920 4888 2034 4941 (Stl
2090 4885 2228 4938 adeo
2283 4885 2458 4938 valida
2492 4884 2699 4938 virtus!
2740 4884 2852 4937 Cur
2884 4899 3038 4952 ergo.
3068 4902 3100 4937 υ
3128 4884 3293 4938 homo
3332 4900 3501 4953 pecu-

1920 4979 2027 5032 nia:
2062 4976 2281 5046 cupide,
2309 4978 2461 5043 luges
2492 4985 2749 5044 tanquam
2775 4977 2831 5031 in
2854 4978 3137 5047 egestate?
3168 4993 3267 5031 cur
3296 4983 3501 5030 lamen-

1924 5070 2056 5124 teris
2084 5070 2138 5122 in
2176 5069 2565 5126 solemnitate?
2587 5070 2720 5122 Nam
2753 5070 3118 5123 selemnitatis
3147 5070 3253 5123 hoc
3285 5079 3502 5139 tempus

1922 5172 2025 5218 est.
2083 5162 2196 5216 Cur
2242 5161 2359 5225 ﬂes,
2411 5162 2731 5215 divitiarum
2767 5162 3018 5215 amator?
3049 5163 3226 5216 instar
3276 5162 3372 5215 tibi
3408 5178 3501 5216 so-

1924 5256 2224 5312 lemnitatis
2286 5268 2581 5327 paupertas
2637 5256 2765 5319 erit,
2818 5258 2862 5310 si
2916 5272 3049 5311 sana
3093 5268 3274 5312 mente
3303 5257 3499 5311 fueris.

1924 5351 2055 5414 Cur,
2103 5366 2262 5420 puer,
2321 5350 2535 5420 ejnlas?
2588 5350 2723 5402 Nam
2760 5366 2995 5418 puerum
3029 5351 3309 5419 appellare
3339 5366 3504 5420 opor-

1928 5453 2003 5499 tet
2062 5443 2343 5497 hominem
2401 5443 2735 5512 hujnsmodi.
2785 5444 2903 5498 Non
2970 5443 3140 5497 habes
3187 5443 3501 5511 pecuniam,

1924 5538 2051 5606 quia
2105 5552 2313 5606 pauper
2357 5536 2447 5589 es?
2499 5522 2696 5601 magno
2763 5538 3007 5605 pondere
3068 5551 3128 5589 es
3186 5535 3499 5589 liberatus:

1928 5630 2039 5683 imo
2089 5632 2258 5684 etiam
2312 5628 2671 5683 admirandus
2728 5643 2790 5682 es
2830 5645 2893 5682 ac
2925 5629 3143 5693 beatus,
3172 5628 3300 5697 quia
3321 5627 3503 5680 munis

1929 5723 2287 5791 philosophia:
2341 5721 2653 5790 magistram
2721 5722 2890 5774 habes
2938 5722 3275 5790 pauperiem,
3310 5720 3499 5787 inqua

1930 5815 2095 5869 vitam
2148 5815 2353 5883 degens
2412 5813 2647 5867 Lazarus
2700 5813 3072 5867 coronabatur
3150 5812 3273 5867 [Lee
3325 5811 3496 5866 Jacob
