4288 6356
770 410 878 475 979

1891 406 2301 470 TilEODOBI
2340 406 2682 469 MELITEH
2699 400 2892 465 IOT.E

3914 388 4026 450 980

770 529 901 587 feeit
930 531 1218 591 iliustrem,
1256 543 1394 598 pane
1452 536 1657 581 tantum
1688 526 1851 594 potiri
1881 526 2221 595 cupientem.
2256 524 2337 578 Ob
2365 526 2415 585 Α
2452 527 2463 540 “

2331 526 2415 585 ιΑ
2452 523 2649 576 Ίακωὸ
2710 520 2875 584 ἔδειξε
2939 515 3228 585 λαμπρὸν,
3288 512 3453 581 ἄρτου
3517 511 3678 579 μενον
3735 509 4024 576 ἐπιτυχεῖν

772 624 914 677 lianc
943 620 1241 689 Joseplium
1272 635 1493 688 quoque
1553 617 1895 671 admiramur
1916 658 1930 680 ,
1958 618 2050 684 qui
2079 618 2129 669 in
2158 626 2341 668 extre-

772 730 915 767 mam
946 714 1172 767 devenit
1198 713 1534 781 pauperiem,
1568 724 1745 779 neque
1779 712 1831 763 in
1860 710 2181 761 servitutem
2223 717 2342 760 tan-

773 804 1061 858 tummodo
1112 803 1206 859 sed
1253 810 1310 858 et
1356 804 1409 856 in
1467 816 1747 856 carcerem
1810 820 1825 853 :
1883 814 2059 869 neque
2091 800 2236 853 hunc
2270 798 2343 852 ita

774 897 1062 951 laudamus
1121 910 1244 949 cum
1280 894 1620 947 frumentum
1674 892 1975 956 distribuit,
2012 907 2174 960 quam
2215 906 2342 944 cum

774 1002 1050 1042 carcerem
1084 986 1351 1040 incoluit:
1387 1000 1561 1054 neque
1591 994 1699 1038 tam
1734 983 1787 1037 in
1824 984 2151 1043 diademate.
2181 997 2345 1049 (tuam

758 1082 829 1131 in
856 1078 1129 1133 vinculis:
1163 1094 1343 1147 neque
1379 1086 1486 1130 tam
1512 1077 1734 1144 quando
1786 1077 1838 1130 in
1873 1078 2071 1129 throno
2096 1074 2344 1140 sedebat,

775 1181 939 1233 quam
965 1180 1086 1218 cum
1128 1164 1355 1219 insidias
1384 1178 1575 1235 passus
1601 1164 2025 1218 divendebatur.

844 1258 897 1310 ti.
933 1257 1001 1311 At
1054 1257 1200 1312 enim
1261 1257 1325 1311 ab
1384 1258 1569 1325 aliquo
1629 1257 1986 1325 contemptim
2045 1272 2349 1325 percussus

776 1346 950 1408 fuisti,
988 1357 1242 1415 tanquam
1302 1361 1551 1415 pauper;
1614 1346 1807 1400 fortior
1858 1347 1986 1398 hinc
2034 1345 2209 1399 factus
2265 1361 2344 1399 es.

781 1437 884 1489 Sed
916 1448 1092 1505 neque
1124 1436 1324 1491 nobilis
1356 1448 1417 1490 es
1451 1451 1625 1503 neque
1659 1436 1905 1505 dynasta,
1942 1436 2070 1503 quia
2119 1434 2351 1487 inhono-

780 1538 929 1583 ratus
970 1539 1032 1583 ut
1060 1544 1246 1598 egens.
1280 1528 1445 1597 Atqui
1480 1530 1559 1582 sic
1594 1528 1727 1581 mihi
1774 1527 1918 1581 aliud
1956 1541 2143 1580 narras
2183 1525 2351 1580 liber-

779 1621 906 1674 tatis
934 1636 1123 1690 genus.
1144 1620 1284 1674 Audi
1310 1630 1364 1674 et
1395 1619 1647 1674 ethnicos
1668 1620 1732 1673 de
1759 1619 1845 1672 his
1879 1619 2350 1688 philosophantes,

787 1712 1142 1781 dicentesque
1200 1708 1332 1764 nihil
1395 1723 1559 1779 grave
1618 1709 1978 1779 perpeti,qui
2038 1710 2110 1761 ita
2169 1708 2353 1761 animo

779 1805 958 1858 affecti
1020 1812 1168 1857 sunt.
1232 1803 1300 1858 At
1327 1802 1556 1857 domum
1598 1802 1938 1872 splendidam
1974 1809 2030 1855 et
2060 1800 2349 1869 insignem,

2444 613 2811 682 ἐπιθυμοῦντα
2839 628 2853 642 °
2890 610 2957 663 δι’
2986 608 3053 677 ἢν
3085 613 3181 660 κα)⁸
3223 606 3313 657 τὸν
3340 604 3539 672 Ἰωσὴψ
3580 602 3938 669 θαυμάζομεν
3966 604 4028 652 ἐν

2444 707 2647 775 ἐσχάτῃ
2686 704 2977 772 γενόμενον
3037 699 3246 768 πενίᾳ,
3301 698 3395 748 καὶ
3443 694 3566 762 οὐχὶ
3623 693 3810 745 δοῦλον
3864 694 4031 755 μόνον

2444 799 2770 865 γενῦμενον,
2819 794 2956 846 ἀλλὰ
3031 790 3127 843 xui
3188 788 3517 855 δεσμώτην’
3568 786 3629 836 ού
3686 786 3797 850 γὰρ
3851 783 4030 843 οὕτως

2445 887 2776 955 ἐπαινοῦμεν
2806 885 2972 939 αὑτὸν
3006 884 3092 935 ὅτε
3119 882 3209 932 τὸν
3244 882 3391 932 σῖτον
3418 880 3706 944 διένειμεν,
3739 876 3814 937 ὡς
3848 877 3938 926 ὅτε
3968 875 4031 925 τὸ

2445 979 2822 1046 δεσμωτήριον
2857 974 2992 1043 ᾤκει
3011 990 3026 1004 ·
3063 972 3183 1023 οὐδὲ
3210 972 3299 1021 ὅτε
3327 969 3385 1019 τὸ
3417 968 3656 1035 διάδημα
3684 967 4027 1033 περίεκειτο,

2447 1068 2522 1130 ὼς
2561 1070 2646 1121 ὅτε
2701 1067 2799 1135 τὴν
2832 1065 3056 1118 ᾶλυσιν·
3106 1062 3216 1114 οὐδ’
3260 1061 3348 1113 ὅτε
3399 1060 3491 1111 ἐπὶ
3546 1058 3640 1109 τοῦ
3672 1059 3865 1125 θρόνου
3902 1058 4035 1107 Exa-

2450 1157 2660 1223 θέζετο,
2688 1159 2760 1217 ὼς
2792 1157 2879 1208 ὅτε
2912 1152 3309 1207 ἐπεϐουλεύετο
3340 1154 3434 1203 καὶ⁵
3465 1149 3749 1202 ἐπωλεῖτο.

2522 1249 2599 1313 ς’.
2644 1248 2782 1301 Ἀλλ’
2822 1244 3129 1314 ὲτυπτήθης
3159 1244 3308 1309 παρά
3343 1258 3484 1304 τινος
3508 1240 3583 1301 ὡς
3614 1238 3829 1305 πτωχὸς
3862 1254 3961 1287 κατ
3976 1256 4039 1284 α-

2452 1338 2743 1410 φρονηθείς
2779 1356 2793 1402 ;
2832 1337 2928 1389 καὶ
2962 1337 3013 1388 τί
3047 1334 3207 1387 τοῦτο
3240 1352 3255 1399 ;
3313 1330 3789 1401 καρτερικὼτερος
3847 1326 4040 1379 Mes.-

2452 1434 2542 1486 θεν
2574 1433 2783 1500 ἐγένου.
2819 1430 2960 1483 Ἀλλ’
2992 1429 3049 1481 οὐ
3072 1428 3341 1496 κέκτησαι
3390 1426 3549 1485 δόξαν
3576 1424 3667 1475 καὶ
3688 1420 4037 1482 δυναστείαν,

2451 1528 2640 1594 ἄτιμος
2672 1524 2746 1577 ὣν
2783 1524 2857 1584 ὡς
2890 1525 3081 1588 πένης.
3117 1521 3285 1572 Πάλιν
3323 1518 3490 1586 ἄλλης
3524 1515 3841 1583 ἐλευθερίας
3898 1510 4041 1573 εἶδός

2456 1635 2546 1687 μοι
2582 1616 2785 1684 λέγεις.
2821 1616 3085 1668 ’Ἄκουσον
3110 1613 3204 1665 καὶ
3227 1611 3331 1675 τῶν
3359 1610 3463 1674 ἔξω
3484 1608 3655 1661 ταῦτα
3688 1607 4045 1674 φιλοσοφούν-

2453 1727 2559 1762 των
2587 1710 2679 1761 καὶ
2701 1706 2973 1774 λεγόντων
3004 1704 3170 1774 μηδὲν
3192 1702 3521 1755 πεπονθέναι
3544 1699 3717 1752 δεινὸν
3747 1700 3872 1757 τοὺς
3896 1697 4044 1748 οὕτω

2456 1800 2809 1870 φρονοῦντας.
2867 1796 3005 1849 Ἀλλ’
3059 1796 3237 1848 οἰκίαν
3291 1794 3389 1845 οὐκ
3438 1792 3582 1860 ἔχεις
3628 1791 3893 1858 λαμπρὰν
3945 1788 4043 1838 καὶ

778 1906 836 1947 «τι
870 1898 1036 1962 septis
1066 1896 1371 1964 praeditam,
1402 1910 1519 1947 non
1556 1894 1749 1955 habes,
1782 1894 1908 1961 quia
1944 1893 2140 1962 opibus
2174 1907 2347 1955 cares,
2382 1862 2428 1920 Β

2382 1862 2428 1920 Β
2456 1862 2731 1961 περιφανῆ
2773 1891 2866 1942 καί⁸
2898 1887 3221 1955 περιϐόλους
3254 1886 3513 1955 ἔχουσαν,
3546 1884 3640 1934 ἅτε
3676 1881 4043 1947 στερούμενος

784 1990 1016 2058 ideoque
1076 1991 1173 2044 has
1203 1998 1449 2059 emptas.
1500 1988 1579 2043 En
1620 2004 1749 2042 vero
1782 1989 2037 2042 universa
2090 1996 2235 2040 terra
2300 1986 2354 2039 in

786 2094 1081 2152 conspectu
1124 2096 1216 2137 tuo
1266 2092 1369 2143 est.
1405 2082 1620 2151 publica
1654 2079 1905 2143 aedificia,
1938 2080 2052 2133 sive
2092 2076 2221 2131 hinc
2265 2076 2357 2130 de-

784 2177 1130 2231 iectationem
1171 2177 1285 2230 sive
1345 2189 1501 2229 nsum
1558 2189 1752 2241 capere
1782 2173 1937 2226 velis.
1988 2171 2129 2237 Quid
2193 2184 2357 2239 porro

781 2269 1083 2337 jucundius
1112 2269 1307 2338 quidve
1336 2267 1618 2339 pulchrius
1647 2266 1768 2320 (ξωΙί
1810 2264 2173 2327 firmamento,
2210 2262 2354 2331 quod

788 2360 945 2441 nobis
973 2362 1116 2415 Deus
1153 2361 1399 2415 extendit
1434 2358 1696 2415 lacunar?
1725 2357 1858 2410 Nam
1892 2365 1947 2410 et
1984 2354 2151 2409 nostri
2182 2354 2357 2422 gratia

787 2463 1031 2506 creatum
1061 2452 1183 2516 fuit,
1216 2461 1269 2505 et
1298 2466 1588 2506 commune
1628 2461 1712 2505 est
1740 2450 1974 2511 cunctis,
2006 2460 2061 2501 et
2098 2446 2355 2509 maxime,

787 2545 859 2599 ob
887 2544 1349 2613 pulchritudinem
1375 2559 1526 2597 suam
1561 2542 1817 2596 idoneum
1850 2540 2015 2594 menti
2040 2538 2105 2591 ad
2128 2539 2358 2594 Creato‘

790 2656 901 2690 rem
941 2652 1159 2691 sursum
1217 2635 1557 2690 extollendze.
1598 2634 1894 2701 Quousque
1924 2647 2021 2685 nos
2057 2646 2211 2685 amor
2243 2641 2363 2683 tan-

790 2744 978 2799 topere
1017 2728 1367 2797 prmsentium
1412 2742 1595 2780 rerum
1627 2724 1920 2791 occupabit
1958 2722 2358 2791 superfluarum

789 2830 951 2888 atque
984 2818 1301 2873 inutilium?
1344 2816 1478 2870 Nam
1511 2816 1714 2869 divitia:
1754 2815 1896 2867 inter
1926 2829 2014 2867 res
2057 2810 2361 2880 superfluas

791 2923 1137 2983 reputantur,
1194 2924 1423 2979 quarum
1476 2909 1621 2962 nulla
1656 2918 1741 2962 est
1788 2908 2015 2961 utilitas.
2068 2906 2363 2973 Quousque

792 3007 1129 3061 vanitatibus
1182 3002 1616 3057 inhaerebimus?
1663 3000 1963 3067 Quousque
2016 2999 2188 3052 emlos
2254 3011 2362 3049 non

795 3097 1201 3169 suspicicmus?
1232 3111 1338 3149 non
1374 3094 1541 3147 sobrii
1586 3078 1830 3146 erimus?
1868 3106 1972 3143 non
2008 3090 2229 3143 satietas
2257 3098 2364 3142 ter-

799 3206 1050 3245 renarum
1119 3202 1303 3242 rerum
1376 3184 1757 3251 ﬂuxarumque
1809 3196 1908 3234 nos
1972 3181 2193 3247 capiet?
2257 3195 2362 3230 non

797 3285 1031 3350 denique
1096 3282 1337 3349 ipsarum
1414 3277 1675 3329 vilitatem
1738 3276 2114 3341 experimento
2191 3271 2367 3323 disce-

799 3373 965 3426 mus?

867 3468 921 3517 7.
956 3463 1268 3531 Cogitemus
1307 3460 1432 3513 illos
1462 3457 1554 3525 qni
1605 3455 1802 3508 divites
1828 3462 1954 3507 ante
1997 3468 2097 3505 nos
2149 3452 2373 3503 exstite-

803 3570 962 3617 runt;
1022 3568 1208 3607 nonne
1259 3552 1348 3604 illa
1381 3551 1564 3603 omnia
1600 3547 1897 3605 somnium,
1932 3544 2145 3606 umbra,
2179 3552 2230 3594 et
2276 3540 2372 3593 flos

803 3646 1067 3702 inerunt?
1119 3658 1299 3698 nonne
1373 3638 1727 3694 rumusculus
1796 3645 1958 3704 atque
2006 3633 2234 3686 fabula?
2280 3633 2371 3684 ille

802 3742 954 3794 dives
982 3738 1121 3803 fuit;
1156 3745 1210 3789 at
1262 3749 1410 3788 nunc
1446 3732 1534 3785 ubi
1564 3730 1785 3793 divitiae,
1816 3744 1937 3797 qua:
1964 3727 2189 3795 dilapsa!
2248 3734 2376 3778 sunt

802 3844 854 3886 et
902 3830 1212 3899 corruptae?
1247 3827 1355 3882 Sed
1418 3834 1636 3895 peccata
1685 3829 1906 3876 manent
1936 3820 2006 3873 ob
2058 3819 2177 3872 illas
2224 3833 2376 3871 com-

806 3928 995 3989 missa,
1027 3934 1083 3979 et
1114 3931 1342 3991 propter
1373 3926 1593 3987 peccata
1634 3915 1866 3985 punitio.
1895 3912 2189 3980 Quousque
2217 3909 2372 3979 egeni

805 4034 867 4071 ac
896 4029 1165 4086 pauperes
1199 4029 1288 4067 res
1326 4012 1620 4065 duraturas
1645 4009 1872 4076 fugient,
1902 4007 2174 4075 perituras
2204 4016 2377 4058 secta?

805 4109 1064 4163 buntur?
1108 4107 1225 4161 Non
1275 4112 1359 4159 est.
1409 4116 1737 4171 quemquam
1791 4099 2014 4151 divitem
2069 4111 2219 4160 esse,
2272 4094 2375 4147 nisi

808 4203 859 4255 in
921 4202 1103 4253 anima
1159 4198 1451 4266 epulentus
1502 4195 1612 4247 sit:
1661 4192 1820 4244 sicuti
1872 4189 2077 4255 nemini
2114 4188 2381 4255 contingit

807 4309 928 4348 esse
961 4292 1209 4362 pauperi,
1234 4291 1335 4343 nisi
1366 4289 1418 4341 in
1445 4287 1628 4340 animo
1646 4292 2021 4355 paupertatem
2052 4291 2223 4349 gerat.
2242 4280 2376 4333 Nam

808 4388 851 4439 si
890 4387 1068 4453 potior
1107 4393 1191 4436 est
1221 4382 1399 4434 anima
1430 4393 1686 4446 corpore,
1727 4391 1834 4428 non
1866 4385 2074 4442 queunt
2110 4372 2377 4425 debiliora

808 4480 953 4551 illam
992 4476 1091 4527 Silii
1146 4473 1446 4538 subjicere;
1479 4470 1573 4523 sed
1618 4483 1739 4536 qua:
1769 4466 1948 4534 potior
1996 4473 2101 4525 est,
2137 4464 2226 4516 illa
2257 4477 2378 4530 qua:

2456 1985 2778 2055 χρημάτων,
2822 1982 2917 2035 καὶ
2947 1981 3033 2033 διὰ
3074 1978 3232 2032 τοῦτο
3263 1977 3471 2029 τούτων
3508 1976 3697 2045 ὀρέγῃ.
3745 1974 3887 2026 mw
3933 1975 4043 2025 ἰδοὺ

2462 2077 2612 2127 πᾶσα
2640 2075 2672 2142 ή
2700 2073 2773 2142 γῆ
2815 2070 3047 2124 ἐνώπιόν
3085 2086 3201 2132 σου,
3231 2068 3297 2120 τὰ
3329 2066 3568 2134 δημόσια
3600 2064 4042 2133 οἰκοδομήματα,

2458 2168 2566 2221 εἴτε
2596 2170 2677 2229 είς
2712 2166 2930 2235 τέρψιν,
2963 2166 3072 2215 εἴτε
3098 2163 3177 2223 εἰς
3210 2161 3395 2229 χρείαν
3424 2161 3565 2227 ἔχειν
3591 2158 3814 2218 ἐθέλεις.
3854 2158 3961 2207 Καὶ
3992 2155 4045 2205 τί

2456 2261 2816 2329 τερπνότερον
2866 2260 2960 2311 καὶ
3010 2258 3341 2326 ὼραιὸτερον
3389 2253 3483 2306 τοῦ
3504 2249 3901 2319 -στερεὼματος
3947 2248 4044 2298 τοῦ

2457 2353 2711 2423 ούρανοῦ,
2743 2352 2801 2404 ὃν
2836 2353 2863 2403 ὁ
2890 2351 3022 2412 Θεὸς
3052 2352 3183 2419 ἡμῖν
3231 2348 3495 2410 ἐξέτεινεν
3522 2345 3757 2412 δροφον;
3810 2342 3903 2392 καὶ
3936 2340 4046 2407 γὰρ

2459 2447 2527 2499 δι’
2560 2448 2705 2517 ἡμᾶς
2740 2443 2953 2514 γέγονε,
3000 2443 3093 2496 καὶ
3122 2441 3301 2503 κοινός
3330 2440 3477 2492 ἐστιν
3510 2436 3715 2491 ἅπασιν
3748 2434 3912 2503 ἡμῖν,
3948 2430 4048 2484 καὶ

2458 2541 2527 2593 τά
2561 2540 2794 2608 μέγιστα
2823 2536 3041 2604 ὠφελεῖ,
3080 2535 3155 2592 ὠς
3183 2535 3269 2586 διὰ
3300 2531 3393 2584 τοῦ
3434 2530 3661 2589 κάλλους
3694 2530 3774 2587 είς
3812 2528 3902 2578 τὶν
3935 2528 4042 2594 Δη-

2464 2631 2723 2702 μιουργόν
2747 2630 3106 2697 ἀναπέμπων.
3130 2626 3307 2694 Μέχρι
3336 2623 3477 2684 τίνος
3498 2623 3525 2673 ὁ
3549 2621 3687 2689 ἔρως
3718 2621 3867 2687 ἡμᾶς
3896 2617 4044 2668 οὕτω

2461 2724 2681 2791 κατέχει
2700 2721 2809 2773 τῶν
2831 2720 3115 2787 παρόντων
3144 2716 3504 2783 πραγμάτων,
3524 2710 3632 2761 τῶν
3652 2709 3927 2776 περιττῶν
3956 2706 4047 2756 καὶ

2463 2818 2778 2883 ἀνονήτωνς
2809 2813 2838 2863 ὁ
2869 2812 2977 2878 γάρ
3019 2808 3250 2869 πλοῦτος
3276 2810 3332 2859 ὲν
3362 2806 3475 2865 τοῖς
3511 2820 3578 2853 πε
3590 2802 3812 2870 ριττοῖς,
3849 2800 3907 2847 ἐν
3964 2792 4048 2856 οἷς

2463 2907 2617 2960 οὐδὲν
2638 2905 2828 2968 ὄφελος
2860 2902 3093 2969 γίνεται.
3116 2899 3295 2966 Μέχρι
3314 2895 3459 2955 τίνος
3484 2888 3914 2960 προσηλούμεοα
3934 2887 4049 2943 τοῖς

2468 2997 2719 3066 ματαίοις
2746 3011 2761 3059 ;
2798 2993 2976 3061 Μέχρι
3006 2992 3151 3051 τίνος
3179 2989 3240 3041 οὐ
3274 2986 3642 3051 διαϐλέπομεν
3672 2984 3730 3032 ὲν
3750 2983 3859 3040 τοῖς
3886 2981 4051 3047 οὖρα-

2467 3095 2576 3153 νοῖς
2613 3090 2716 3155 ;οὺ
2747 3089 2994 3157 νήφομεν
3029 3100 3045 3149 ;
3079 3084 3141 3135 οὐ
3173 3080 3526 3148 λαμϐάνομεν
3574 3075 3734 3143 κόρον
3774 3074 3883 3123 τῶν
3931 3071 4052 3137 γηΐ-

2396 3210 2436 3265 C
2470 3200 2574 3233 νων
2609 3179 2814 3232 τούτων
2859 3176 2952 3228 καὶ
2985 3171 3409 3241 παραρρεόντων
3438 3186 3452 3232 ;
3483 3168 3543 3219 οὗ
3574 3163 3943 3231 παιδευόμεθα
3968 3160 4053 3212 διὰ

2470 3276 2569 3342 τῆς
2595 3274 2793 3341 πείρας
2824 3269 3002 3320 αὐτῶν
3030 3268 3128 3333 τὴν
3166 3262 3481 3323 εὐτέλειαις

2546 3458 2611 3521 ζ’.
2654 3454 3029 3520 Ἐννοὴσωμεν
3062 3449 3186 3509 τοὺς
3228 3446 3331 3514 πρε)
3381 3442 3541 3513 ἡμῶν
3601 3440 4012 3506 πλουτήσαντας
4040 3451 4054 3465 “

2474 3551 2594 3616 οὐχὶ
2617 3549 2749 3613 ὄναρ
2784 3540 2959 3598 πάντα
2989 3544 3172 3593 ἐκεῖνα
3208 3556 3221 3596 ;
3252 3539 3371 3605 οὐχί
3404 3534 3529 3587 σκιά
3568 3532 3661 3584 καὶ
3690 3532 3848 3591 ἄνθος
3886 3546 3901 3593 ;
3938 3530 4059 3597 οὖχὶ

2474 3642 2718 3708 διήγημα
2752 3636 2846 3689 καὶ
2883 3634 3053 3703 μῦθος
3088 3651 3101 3694 ;
3132 3634 3159 3682 ὁ
3190 3632 3337 3681 δεῖνα
3389 3624 3757 3689 πεπλούτηκε,
3796 3621 3891 3673 καὶ
3951 3619 4057 3668 ποῦ

2476 3728 2925 3788 νῦνὸπλοῦτιις;
2999 3721 3275 3775 Ἀπώλετο
3322 3720 3415 3771 καὶ
3481 3717 3823 3783 διέφθαρται.
3896 3710 4061 3763 Ἀλλὰ

2475 3825 2545 3875 τὰ
2574 3822 2644 3873 δι’
2672 3819 2852 3873 αὐτῶν
2883 3816 3258 3885 ἁμαρτήματα
3288 3812 3459 3881 μένει,
3493 3810 3585 3859 καὶ
3611 3810 3641 3876 ὴ
3672 3806 3758 3857 διὰ
3776 3805 3844 3856 τὰ
3876 3805 4062 3871 ἁμαρ-

2477 3917 2699 3984 τήματα
2723 3913 2965 3971 κόλασις.
3000 3909 3177 3983 Μέχρι
3212 3904 3354 3963 τίνος
3387 3904 3590 3967 πτωχοὶ
3644 3901 3739 3950 καὶ
3804 3898 4059 3961 πένητες,

2478 4010 2547 4062 τὰ
2580 4009 2677 4075 μὲν
2708 4006 2939 4074 μένοντα
2970 4000 3283 4067 φεύγοντες,
3324 3996 3611 4055 διώκοντες
3641 3992 3696 4043 δὲ
3730 3991 3798 4043 τά
3834 3989 4065 4056 φεύγον-

2479 4117 2549 4152 τα
2587 4115 2602 4162 ;
2635 4098 2747 4150 Οὐκ
2780 4095 2896 4147 ἔστι
2928 4092 3185 4143 πλούσιον
3228 4084 3368 4139 εἶναι
3394 4085 3488 4136 τὸν
3527 4085 3601 4152 μὴ
3627 4085 3690 4150 τῇ
3724 4081 3868 4149 ψυχῇ
3897 4080 4064 4129 πλου-

2479 4187 2679 4240 τοῦντα
2716 4202 2729 4214 '
2762 4184 3014 4251 καθάπερ
3053 4182 3151 4231 οὐκ
3184 4177 3260 4229 ἔνι
3295 4175 3511 4243 πτωχὸν
3563 4169 3701 4224 εἶναι
3736 4172 3827 4222 τὸν
3875 4170 3953 4238 μὴ
4008 4170 4065 4219 ἐν

2481 4281 2688 4349 διανοίᾳ
2712 4281 2904 4347 ἔχοντα
2950 4276 3048 4344 τὴν
3081 4271 3272 4323 πενίαν
3308 4285 3324 4301 ο
3353 4270 3401 4321 εί
3454 4268 3560 4336 γάρ
3594 4264 3929 4333 κυριώτερον
3972 4264 4064 4311 τοῦ

2485 4374 2733 4442 σώματος
2762 4373 2793 4439 ἡ
2821 4368 2988 4437 ψυχὴ,
3016 4369 3115 4418 οὐκ
3148 4363 3324 4432 ἰσχύει
3354 4361 3419 4411 τὰ
3463 4359 3538 4427 μὴ
3590 4357 3919 4425 ἰσχυρὸτερα
3971 4357 4067 4405 αὑ-

2483 4469 2583 4535 τὴν
2611 4464 2871 4516 διαθεῖναι
2903 4460 3041 4526 πρδς
3082 4456 3253 4508 ἑαυτά
3284 4470 3297 4484 ·
3325 4453 3440 4503 ἀλλ’
3472 4455 3504 4517 ὴ
3538 4452 3700 4517 κυρῖα
3730 4450 3793 4497 τὰ
3821 4446 3895 4514 μὴ
3922 4446 4066 4496 οὕτω

810 4546 963 4636 usque
998 4584 1104 4617 non
1139 4575 1265 4617 sunt
1298 4563 1472 4615 valida
1496 4600 1509 4621 ,
1534 4559 1599 4611 ad
1625 4574 1682 4613 se
1715 4559 1880 4610 trahit
1906 4566 2069 4622 atque
2103 4566 2377 4607 transmu-
2415 4542 2455 4594 Ι)
2486 4577 2503 4610 ν

2371 4584 2377 4592 ·
2415 4542 2455 4594 D
2486 4559 2654 4625 κύρια
2687 4555 2821 4624 πρὸς
2860 4551 3058 4619 ἑαυτὴν
3102 4547 3390 4614 ἐφέλκεται
3426 4546 3518 4594 καὶ
3555 4538 3887 4605 μεταϐάλλει
3918 4554 3931 4564 ·
3972 4538 4064 4588 καὶ

811 4673 907 4713 tat.
974 4658 1218 4724 Namque
1274 4664 1329 4707 et
1383 4668 1477 4707 cor
1518 4652 1561 4702 si
1599 4650 1743 4718 quod
1782 4649 2037 4700 damnum
2074 4645 2379 4712 pertulerit,

810 4759 984 4801 totum
1019 4761 1218 4813 corpus
1250 4759 1403 4811 usque
1438 4741 1656 4794 adlicit:
1686 4749 1738 4793 et
1770 4740 1811 4793 si
1841 4753 2043 4805 mgrum
2073 4736 2257 4796 fuerit,
2285 4734 2382 4787 leti

815 4857 1004 4894 litasse
1035 4848 1230 4900 nocet;
1274 4839 1355 4889 sin
1392 4834 1684 4895 incolume,
1716 4845 2105 4898 usquequaque
2139 4826 2381 4896 prodest.

816 4936 987 4986 Secus
1027 4946 1175 4992 vero,
1208 4930 1251 4981 si
1279 4927 1423 4998 quod
1453 4926 1599 4978 aliud
1631 4922 1934 4976 membrum
1961 4922 2193 4978 laboret,
2219 4919 2385 4971 corde

816 5023 1075 5077 incolumi
1128 5030 1404 5081 manente,
1460 5016 1617 5070 facile
1655 5024 1709 5067 et
1736 5013 1967 5065 aliorum
2014 5002 2383 5063 membrorum

814 5120 1072 5169 damnum
1111 5110 1445 5181 dispellitur.

883 5209 935 5260 8.
983 5207 1049 5260 Ut
1081 5215 1262 5257 autem
1291 5200 1631 5255 manifestius
1658 5198 1799 5265 (tried
1834 5198 1958 5250 dico
1982 5195 2232 5255 efﬁciam,
2267 5206 2387 5260 qua:

818 5296 1027 5351 llltiilﬂs
1062 5310 1363 5357 ramorum,
1396 5294 1485 5347 die
1532 5291 1687 5353 mihi,
1722 5288 2102 5346 viridantium,
2136 5286 2180 5336 si
2233 5283 2385 5334 radix

820 5390 1162 5443 marcescat?
1212 5386 1389 5440 Secus
1432 5395 1648 5443 autem,
1694 5379 1968 5448 quodnam
1997 5377 2386 5429 detrimentum

818 5487 1075 5537 foliorum
1113 5482 1350 5548 desuper
1383 5476 1770 5535 arcSccntium,
1814 5468 2111 5524 dummodo
2151 5482 2277 5519 sana
2321 5466 2389 5516 sit

820 5576 1013 5629 radix?
1066 5574 1155 5626 Sic
1186 5574 1347 5624 etiam
1404 5568 1550 5621 nulla
1593 5574 1677 5620 est
1710 5563 2026 5617 divitiarum
2060 5559 2286 5621 utilitas,
2344 5556 2387 5608 si

820 5668 997 5718 anima
1052 5666 1121 5717 sit
1170 5661 1498 5731 paupercula
1536 5675 1548 5709 :
1584 5671 1760 5724 neque
1794 5654 2029 5706 vicissim
2074 5659 2228 5704 nocet
2262 5666 2392 5716 pau-

824 5757 1084 5819 pcrt:is.si
1123 5756 1300 5804 anima
1336 5752 1493 5802 dives
1521 5749 1613 5799 sit.
1654 5748 1720 5795 At
1750 5743 2056 5811 quomodo,
2112 5740 2389 5807 inquiunt,

824 5847 977 5898 divus
1007 5846 1073 5897 sit
1110 5846 1287 5895 amula
1339 5842 1381 5894 si
1426 5840 1623 5908 tpibus
1659 5835 1880 5888 careat?
1933 5834 2043 5884 lmo
2082 5847 2210 5883 vero
2263 5840 2390 5881 tunc

2485 4651 2592 4718 γὰρ
2684 4645 2883 4713 καρδία
2920 4644 3050 4694 ὅταν
3084 4639 3206 4691 τινὰ
3257 4636 3475 4702 δέξηται
3512 4632 3735 4701 βλάῦην,
3811 4630 3961 4682 ἅπαν
4008 4630 4066 4679 τὸ

2489 4741 2647 4807 σῶμα
2678 4736 2823 4788 οὕτω
2853 4731 3129 4798 διατίθησι
3154 4744 3169 4758 ⁸
3215 4728 3317 4779 κᾶν
3351 4725 3651 4790 δύσκρατος
3704 4722 3959 4789 γένηται,
3991 4720 4067 4786 τῷ

2486 4829 2653 4881 παντὶ
2676 4825 3004 4894 λυμαίνεται
3049 4839 3062 4852 ο
3101 4823 3206 4872 κᾶν
3233 4817 3521 4885 εὔκρατος,
3554 4816 3614 4866 τὸ
3647 4816 3752 4865 πᾶν
3779 4814 4025 4879 ὀνίνησιν
4051 4830 4064 4841 ·

2489 4917 2553 4968 ἂν
2585 4915 2639 4966 δέ
2670 4931 2725 4964 τι
2755 4911 2865 4962 τῶν
2912 4908 3115 4961 λοιπῶν
3178 4906 3480 4973 διαφθαρῇ,
3522 4902 3729 4968 ταύτης
3794 4903 4066 4969 μενούσης

2488 5006 2695 5074 ὑγιοῦς,
2734 5003 2973 5063 εύκὸλως
3003 5000 3272 5052 κάκείνων
3293 4995 3389 5063 τὴν
3409 4994 3587 5063 λύμην
3610 4994 4063 5044 ἁποτινάσσεται.

2558 5202 2616 5254 η·
2654 5184 2773 5235 Ἱνα
2800 5180 2854 5231 δὲ
2890 5180 2983 5231 καὶ
3016 5175 3345 5242 σαφέστερον
3368 5172 3396 5223 ὃ
3418 5171 3559 5236 λέγω
3586 5167 3817 5235 ποιήσω,
3853 5165 3905 5215 τί
3942 5165 4070 5215 xlvi-

2488 5280 2592 5331 δων
2618 5274 2831 5343 ὄφελος,
2863 5271 2981 5321 εἰπέ
3007 5287 3117 5336 μοι,
3161 5265 3411 5333 χλωρῶν.
3434 5264 3561 5315 ὅταν
3583 5263 3615 5329 ἡ
3645 5259 3769 5328 ῥίζα
3799 5258 4070 5324 μαραίτη-

2490 5386 2578 5421 ται
2615 5384 2629 5432 ς
2667 5365 2732 5417 ΤΞ
2778 5365 2833 5415 δὲ
2869 5361 3062 5430 β).ἀόος
3092 5359 3201 5409 τῶν
3253 5356 3460 5408 ἄνωΟεν
3516 5349 3891 5419 ξηρανοέντων
3946 5348 4068 5414 φύλα

2490 5461 2620 5519 λων,
2649 5454 2854 5523 ταύτης
2889 5452 3057 5520 οὔσης
3088 5448 3312 5516 ὑγιοῦς;
3343 5446 3499 5498 Οὕτω
3530 5444 3625 5495 καὶ
3658 5441 3894 5493 ἐνταῦθα
3919 5440 4069 5490 οὺίὲν

2492 5552 2683 5617 ὕφαλος
2739 5544 3067 5615 χρημάτων,
3119 5542 3299 5608 ψυχῆς
3366 5537 3534 5604 οὔσης
3596 5536 3906 5603 πενιχρᾶς*

2497 5640 2692 5709 βλάϐος
2720 5636 2935 5695 πενίας,
2958 5632 3139 5700 ψυχῆς
3174 5632 3341 5697 οὒσης
3373 5624 3652 5685 πλουσίας.
3685 5624 3797 5675 Καὶ
3843 5621 3960 5678 πῶς
4010 5621 4069 5671 iv

3956 5532 4069 5582 οὐδὲ

2494 5736 2702 5800 γένοιτο
2749 5728 2999 5790 πλουσία,
3060 5725 3216 5794 φησῖ,
3453 5723 3510 5770 ἐν
3570 5716 3726 5783 πενίᾳ
3779 5716 4069 5784 χρημάτων

2495 5822 2671 5888 οἱσα;
2734 5820 2986 5874 Μάλιστα
3047 5816 3255 5870 ἆντότε
3316 5814 3568 5879 γένοιτο·
3625 5807 3746 5860 τότε
3815 5806 3924 5874 γὰρ
3982 5803 4067 5856 καὶ
