4288 6356
220 387 338 448 985

1616 389 1957 454 ETHICON
2011 392 2113 452 1X.

3376 400 3493 465 εει

218 497 524 561 ἀπόδειξις.
561 494 623 550 lii
658 497 765 564 γὰρ
810 498 1112 567 χρημάτων
1161 498 1436 566 ὑπεριδεῖν
1471 501 1570 551 οὐκ
1624 501 1811 568 ἀνεχός
1844 516 1886 566 Α

1802 533 1811 540 ~
1844 516 1886 566 Α
1916 512 2322 572 argumentum.
2358 506 2490 558 Nam
2537 505 2600 559 si.
2631 521 2762 576 opes
2788 517 3148 564 .ootttotnnerc
3187 512 3491 563 nonvsust‘l-

224 591 394 659 μεθα,
441 592 584 649 τίνος
640 590 806 643 ἄλλον
870 591 1245 660 πριεοόμεθὰ
1292 609 1419 644 ποτε
1473 594 1810 661 ἐπιθυμίαςς

219 683 362 735 ἀλλὰ
390 679 744 755 δοξομανίας,
771 683 948 751 θυμοῦ
984 682 1015 750 ἢ
1046 682 1218 751 ὀργῆς
1248 701 1262 748 ;
1302 685 1408 736 Καὶ
1462 685 1581 746 πῶς
1611 686 1678 738 ἂν
1735 703 1814 747 τις

223 774 520 840 πεισθείης
559 775 863 840 ἐπιθυμίας
903 775 1003 841 μὲν
1038 776 1146 844 γὰρ
1182 776 1345 828 ἕνεκα
1397 776 1499 844 τῆς
1558 778 1668 828 τῶν
1715 795 1819 828 σω-

229 864 417 930 μάτων
450 865 542 916 καὶ
567 864 738 933 θυμοῦ
769 866 860 915 καὶ
894 866 1063 934 ὀργῆς
1086 865 1275 918 πολλοὶ
1324 867 1418 918 καὶ
1461 869 1560 934 τῆς
1615 868 1817 936 σαρκὸς

223 956 328 1020 τὴν
362 956 714 1022 κατασκευὴν
746 957 1081 1024 λογίζονται,
1122 959 1220 1010 καὶ
1250 958 1349 1019 τὰς
1385 957 1693 1026 ὑπερϐολὰς
1721 961 1814 1009 ἁν-

224 1047 527 1100 τιτιθέασιν
565 1049 766 1117 ίατρῶν
797 1050 987 1110 παῖδες
1022 1063 1034 1077 ·
1088 1050 1184 1101 καὶ
1228 1050 1319 1103 τὸν
1348 1049 1446 1116 μὲν
1486 1036 1818 1118 θερμότερον

228 1140 331 1191 καὶ
363 1139 662 1209 ὑγρότερον
696 1139 1024 1208 λαγνότερον
1059 1136 1202 1194 εἷναί
1252 1158 1406 1208 φασι,
1437 1142 1528 1194 τδν
1575 1142 1630 1193 δὲ
1681 1143 1818 1211 πρὸς

233 1231 541 1297 ξηροτέραν
560 1234 880 1297 ἐμπεσόντα
899 1232 1238 1301 δυσκρασίαν
1275 1233 1571 1301 ἀκρόχολον
1601 1235 1696 1285 καὶ
1729 1234 1817 1284 θυ-

233 1323 408 1390 μωδη.
432 1322 818 1393 Φυλαργυρίας
853 1324 909 1375 δὲ
937 1325 1124 1377 ἕνεκεν
1156 1325 1333 1387 οἰδεὶς
1355 1325 1608 1378 οὐδέποτε
1635 1325 1816 1377 αὐτῶν

232 1413 466 1480 ἣκουσεν
495 1414 799 1482 είρηκότων
831 1429 883 1465 τι
916 1414 1175 1466 τοιοῦτον.
1224 1413 1381 1467 Οὕτω
1415 1414 1686 1484 ῥᾳθυμίας
1722 1416 1818 1482 μό-

231 1519 333 1568 νης
367 1503 487 1553 ἐστὶ
520 1503 615 1554 καὶ
658 1503 837 1572 ψυχῆς
895 1505 1205 1572 ἀναλγήτου
1262 1504 1419 1556 τοῦτο
1476 1505 1534 1556 τὸ
1584 1506 1815 1576 νόσημα,

228 1593 330 1644 καὶ
354 1594 582 1646 δυνατὸν
599 1596 758 1648 τοῦτο
793 1600 988 1662 φυγεῖν
1020 1598 1190 1666 ἡμᾶς,
1242 1599 1306 1649 ἂν
1339 1599 1602 1665 θέλωμεν,

305 1683 396 1750 ιγ’.
431 1685 834 1753 Σπουδάσωμεν
866 1687 1182 1754 τοιγαροῦν,
1217 1689 1512 1754 ἀγαπητοὶ,
1548 1689 1640 1740 καὶ
1693 1687 1816 1740 τοῦ·

222 1795 289 1830 το
315 1776 743 1845 δ;ορθὼσασθαι,
778 1780 870 1831 καὶ
908 1779 976 1831 τὰ
1009 1779 1131 1830 καθ’
1160 1780 1399 1848 ἑκάστην
1429 1780 1646 1848 ἡλικίαν
1682 1782 1814 1848 ἡμῖν

1924 611 2130 649 nemus.
2171 613 2464 666 quamnam
2500 607 2736 667 unquam
2767 599 3050 654 vincemus
3078 602 3238 654 aliam
3275 599 3497 667 cupidi-

1923 696 2085 742 tatem
2111 690 2133 741 ?
2165 705 2292 742 num
2348 690 2577 757 gloriae?
2611 707 2737 744 num
2784 693 2953 746 animi
2985 694 3341 748 vehementia:
3397 701 3495 744 aut

1920 778 2043 831 irm?
2078 780 2212 845 Quis
2263 782 2312 833 id
2351 782 2575 835 credat?
2619 781 2986 848 Cupiditatem
3033 783 3254 852 quidem
3301 797 3498 850 corpo-

1922 887 2064 934 rum,
2124 881 2176 924 et
2233 871 2399 924 animi
2439 873 2863 934 vehementiam,
2900 882 2956 926 et
3009 875 3166 935 iraen,
3228 873 3383 926 multi
3441 874 3492 924 in

1921 963 2100 1014 carnis
2128 971 2377 1015 naturam
2407 964 2717 1027 conferunt,
2752 981 2914 1034 quam
2954 980 3067 1019 rem
3109 967 3306 1019 medici
3337 981 3498 1030 evag-

1922 1062 2143 1120 gerant:
2178 1062 2232 1105 et
2261 1069 2386 1106 eum
2413 1055 2503 1122 qui
2537 1057 2606 1107 sit
2642 1056 2870 1109 calidior
2919 1057 3288 1114 hnmidiorve.
3333 1057 3494 1109 lasci-

1921 1143 2127 1196 vinrem
2175 1160 2295 1197 esse
2339 1146 2492 1198 aiunt
2525 1163 2538 1198 :
2589 1158 2641 1198 at
2682 1147 2968 1201 sicciorcm
3006 1149 3260 1202 sortitum
3294 1156 3496 1215 tempe-

1921 1236 2211 1300 rationem,
2246 1237 2568 1291 irritaltilcm
2618 1237 2732 1292 fore
2786 1249 2840 1293 et
2887 1239 3234 1292 iracundum.
3273 1240 3497 1292 Verum-

1923 1337 2101 1379 tamen
2149 1327 2214 1380 de
2269 1328 2494 1381 avaritia
2553 1329 2690 1382 nihil
2753 1328 3065 1399 hujnsmodi
3114 1330 3184 1384 ab
3239 1331 3325 1383 his
3387 1331 3494 1384 dici

1922 1430 2160 1483 unquam
2185 1429 2523 1485 compertum
2564 1427 2667 1472 est.
2706 1419 2856 1472 Adeo
2891 1421 3061 1472 solius
3116 1420 3380 1473 socordia:
3413 1428 3496 1472 est

1919 1508 2225 1576 animaeque
2278 1509 2504 1577 ignavia:
2555 1511 2642 1565 hic
2703 1511 2964 1577 morbus,
3012 1526 3249 1579 cumque
3300 1512 3492 1586 vitare,

1921 1600 2210 1667 potestatis
2234 1609 2432 1653 nostra:
2451 1612 2554 1655 est.

1994 1689 2080 1742 15.
2112 1689 2440 1742 Studeamus
2483 1691 2686 1759 itaque,
2745 1691 3073 1755 charissimi,
3117 1692 3220 1745 hoc
3276 1705 3494 1758 quoque

1923 1783 2214 1834 emendare
2243 1782 2453 1846 vitium,
2487 1792 2541 1836 et
2575 1798 2666 1837 eas
2695 1798 2815 1853 quae
2866 1784 2919 1837 in
2967 1785 3195 1852 singulis
3243 1783 3496 1837 mtatibns

229 1871 595 1936 ἐπιγινόμενα
623 1871 769 1940 πάθη
797 1875 932 1938 πρὸς
966 1873 1026 1924 τὸ
1053 1873 1295 1924 ἐναντίον
1349 1872 1680 1940 μεταθεῖναι.
1723 1875 1818 1924 ’Ἂν
1852 1865 1888 1918 Β
1921 1906 1922 1909 η

1800 1892 1818 1924 ν
1852 1865 1888 1918 Β
1921 1871 2248 1924 oboriuntur
2269 1872 2426 1927 nobis
2445 1874 2794 1942 cupiditates,
2815 1875 2869 1929 in
2900 1875 3237 1928 contrarium
3258 1885 3493 1926 vertere.

226 1963 286 2014 δὲ
313 1963 435 2014 καθ’
459 1964 690 2015 ἕκαστον
727 1965 895 2032 μέρος
929 1965 1028 2032 τῆς
1069 1965 1218 2034 ζωῆς
1268 1965 1426 2033 ἡμῶν
1486 1965 1818 2031 παραπλέω-

233 2073 339 2124 μεν
388 2059 516 2117 τοὺς
565 2059 661 2125 τῆς
710 2057 910 2125 ἀρετῆς
971 2061 1188 2119 πόνους,
1260 2057 1535 2124 πανταχοῦ
1584 2060 1819 2124 ναυάγια

233 2148 627 2214 ὑπομένοντες,
666 2150 755 2199 ἐπὶ
780 2150 869 2201 τὸν
899 2148 1093 2216 λιμένα
1124 2148 1312 2200 λοιπὸν
1344 2150 1588 2211 ἐλθόντες
1621 2149 1820 2218 ἔρημοι

228 2239 476 2306 φορτίων
527 2240 960 2307 πνευματικῶν,
1023 2241 1089 2291 τὰ
1145 2239 1349 2308 ἔσχατα
1411 2240 1816 2309 ὑπομειοῦμεν.

232 2331 484 2396 Πέλαγος
538 2330 646 2400 γάρ
705 2331 856 2382 ἐστιν
890 2332 1190 2398 τεταμένον
1241 2334 1268 2384 6
1304 2332 1494 2400 παρὼν
1546 2332 1694 2399 βίος·
1729 2333 1820 2384 καὶ

234 2417 429 2487 ὡσπερ
454 2419 510 2468 ὲν
541 2420 607 2486 τῇ
629 2417 872 2488 θαλάττῃ
904 2416 1074 2487 ταύτῃ
1109 2418 1361 2489 διάφοροι
1409 2419 1600 2472 κόλποι
1633 2420 1820 2485 διαφό-

241 2527 370 2580 ρους
402 2510 616 2578 ἔχοντες
639 2509 914 2578 χειμῶνας
948 2527 961 2541 ⁶
1009 2514 1102 2562 καὶ
1125 2513 1152 2562 6
1184 2512 1283 2580 μὲν
1337 2513 1558 2578 Αἰγαῖος
1614 2511 1703 2563 διὰ
1756 2512 1824 2564 τὰ

235 2603 533 2670 πνεύματά
557 2604 668 2654 ἐστι
703 2603 938 2673 χαλεπός
968 2620 980 2632 ·
1009 2607 1035 2656 6
1087 2604 1142 2655 δὲ
1196 2604 1442 2674 πορθμὸς
1492 2606 1518 2657 6
1547 2607 1823 2676 Τυρρηνι-

238 2694 337 2754 κὸς
359 2692 447 2744 διὰ
468 2693 567 2761 τὴν
599 2696 964 2764 στενοχωρίαν
1002 2710 1014 2723 '
1052 2697 1084 2765 ἡ
1120 2694 1178 2746 δέ
1214 2697 1552 2766 Χάρυϐδιςή
1587 2698 1721 2767 πρδς
1757 2701 1821 2766 τῇ

244 2783 421 2854 Λιϐύῃ
451 2786 538 2837 διὰ
563 2786 630 2837 τὰ
661 2787 904 2855 τέλματα
935 2803 949 2817 ⁸
986 2790 1016 2856 ἡ
1051 2791 1410 2858 Προποντ“ιςή
1456 2787 1561 2852 ἔξω
1591 2789 1684 2841 τοῦ
1721 2790 1822 2840 E6-

247 2874 424 2938 ξείνου
457 2873 660 2929 Πόντου
693 2877 778 2929 διὰ
800 2878 860 2930 τὶ»
888 2879 1146 2948 ῥαγδαῖον
1179 2879 1272 2932 τοῦ
1328 2881 1510 2950 ροθίου
1547 2897 1566 2911 ·’
1613 2881 1681 2934 τὰ
1721 2881 1827 2945 ἔξω

245 2968 521 3037 Γαδείρων
551 2969 636 3022 διὰ
661 2971 758 3040 τὴν
807 2971 1050 3040 ἐρημίαν
1098 2972 1192 3022 καὶ
1241 2972 1300 3023 τὸ
1349 2972 1570 3041 ἁτριϐὲς
1620 2975 1711 3026 καὶ
1769 2973 1828 3024 τὸ

243 3061 601 3130 ἀνιστόρητον
629 3063 738 3114 τῶν
769 3065 951 3115 τόπων
973 3081 985 3094 ·
1023 3065 1120 3116 καὶ
1150 3065 1278 3119 ἄλλο
1311 3066 1475 3134 μέρος
1508 3065 1572 3117 δι’
1597 3066 1782 3136 ἕτερον
1809 3081 1822 3094 ·

244 3153 390 3205 οὕτω
418 3157 507 3203 καὶ
547 3156 639 3206 ἐπὶ
671 3155 768 3222 τῆς
799 3157 943 3222 ζωῆς
993 3157 1092 3223 τῆς
1143 3157 1444 3224 ἡμετέρας.
1499 3158 1611 3209 Καὶ
1677 3158 1826 3224 πρῶ-

245 3263 339 3297 τον
383 3246 618 3312 πέλαγος
670 3248 816 3298 ἔστιν
871 3248 1000 3299 ἰδεῖν
1055 3247 1114 3299 τὸ
1152 3248 1251 3314 τῆς
1312 3249 1566 3318 παιδικῆς
1610 3248 1824 3316 ἡλικίας

245 3341 420 3391 πολὺν
447 3341 567 3408 ἔχον
594 3341 686 3393 τὸν
712 3343 872 3394 σάλον
905 3343 992 3394 διὰ
1017 3344 1077 3394 τὸ
1113 3342 1363 3412 ἀνόητον,
1395 3343 1481 3394 διὰ
1535 3344 1633 3410 τὴν
1671 3343 1826 3394 εὐκο-

244 3432 394 3494 λίαν,
419 3433 504 3485 διὰ
539 3434 599 3486 τὸ
631 3434 706 3504 μὴ
744 3433 1080 3502 πεπηγέναι.
1116 3436 1215 3487 Διὰ
1266 3433 1429 3487 τοῦτο
1477 3435 1572 3486 καὶ
1633 3435 1826 3488 παιδα-

246 3525 469 3589 γωγοὺς
500 3526 813 3593 ἐφιστῶμεν
861 3529 957 3578 καὶ
1013 3527 1394 3590 διδασκάλους,
1427 3526 1485 3578 τὺ
1537 3525 1723 3578 λεῖπον
1761 3528 1825 3595 τῇ

249 3617 414 3682 φύσει
440 3617 526 3670 διὰ
545 3618 645 3686 τῆς
670 3619 991 3687 ἐπιμελείας
1028 3621 1402 3689 εἰσφέροντες,
1471 3618 1661 3687 ὥσπερ
1711 3620 1829 3670 ἐκεῖ

248 3709 338 3760 διὰ
373 3709 470 3776 τῆς
491 3713 686 3778 τέχνης
718 3711 810 3777 τῆς
837 3711 1259 3779 κυϐερνητικῆς.
1291 3713 1445 3763 Μετὰ
1485 3711 1688 3778 ταύτην
1732 3710 1829 3780 τὴν

249 3801 649 3870 ἡλικίανήτοῦ
686 3803 972 3871 μειρακίου
1028 3802 1334 3870 διαδέχεται
1385 3802 1651 3866 θάλασσα,
1703 3803 1831 3854 ἔνθα

254 3888 553 3957 σφοδρὰτὰ
585 3890 898 3957 πνεύματα,
932 3891 1184 3960 καθάπερ
1218 3893 1277 3941 ἐν
1326 3890 1404 3957 τῷ
1445 3890 1676 3956 Αἰγαίῳ,
1733 3890 1832 3955 τῆς

253 3980 554 4048 ἐπιθυμίας
581 3983 714 4049 ἡμῖν
735 3981 1132 4050 αὐξανομένης.
1194 3980 1302 4033 Καὶ
1337 3979 1475 4048 αὕτη
1531 3981 1766 4048 μάλιττα
1800 3981 1830 4047 ἡ

252 4070 446 4139 ἡλικία
472 4070 816 4138 διορθώσεως
853 4071 1085 4140 ἕρημος,
1117 4072 1177 4122 οὑ
1206 4071 1292 4122 διὰ
1312 4070 1370 4121 τὸ
1400 4071 1469 4120 τὰ
1498 4070 1832 4138 ἁμαρτήμα-

251 4177 324 4212 τα
348 4163 423 4228 μὴ
472 4161 794 4230 ἐλέγχεσθαι
831 4175 845 4190 ·
911 4162 1005 4212 καὶ
1051 4163 1158 4228 γὰρ
1210 4161 1304 4212 καὶ
1360 4159 1675 4220 διδάσκαλος
1737 4161 1832 4210 καὶ

253 4253 608 4319 παιδαγωγὸς
664 4253 852 4305 λοιπὸν
900 4252 1198 4317 ἐξίσταται.
1256 4251 1424 4302 Ὅταν
1481 4249 1575 4301 οὖν
1628 4249 1694 4300 τὰ
1736 4250 1833 4317 μὲν

256 4345 551 4413 πνεύματα
607 4345 969 4414 σφοδρότερον
1009 4343 1260 4412 διαπνέῃ,
1321 4343 1346 4393 ό
1392 4342 1447 4392 δὲ
1495 4342 1836 4411 κυϐερνήτης

252 4433 674 4504 ἀσθενέστερος,
709 4439 802 4486 καὶ
847 4437 873 4484 ό
911 4434 1132 4500 ἀμύνων
1154 4432 1324 4493 οὐδεὶς
1352 4428 1408 4502 ᾗ,
1441 4431 1691 4497 ἐννόησον
1742 4431 1834 4482 τοῦ

1923 1966 2078 2032 Quod
2119 1969 2162 2022 si
2206 1983 2299 2036 per
2331 1971 2577 2038 singulos
2613 1971 2732 2024 vita:
2777 1981 2975 2023 nostra:
3004 1969 3206 2038 gradus
3247 1971 3498 2039 neglexe-

1925 2061 2100 2114 rimus
2128 2061 2344 2114 virtutis
2384 2061 2622 2124 labores,
2655 2061 2858 2129 ubique
2886 2062 3170 2128 naufragia
3197 2064 3493 2130 patientes,

1924 2167 2047 2205 cum
2075 2152 2126 2205 'rn
2162 2162 2385 2222 portum
2413 2153 2651 2220 denique
2678 2153 2962 2208 veniemus
3012 2153 3350 2221 spiritalibus
3381 2168 3497 2206 sar-

1925 2244 2063 2298 cinis
2113 2245 2291 2306 vacui,
2335 2260 2648 2313 supremam
2700 2260 2917 2311 paanam
2975 2248 3213 2298 luemus.
3265 2244 3495 2314 Pelagus-

1926 2335 2070 2387 enim
2099 2343 2308 2387 vastum
2336 2344 2419 2388 est
2444 2336 2552 2387 vita
2572 2350 2835 2403 praesens.
2858 2337 2926 2389 Et
2948 2335 3408 2404 quemadmodum
3444 2337 3495 2386 in

1929 2425 2031 2479 hoc
2081 2425 2214 2480 mari
2271 2426 2472 2480 diversi
2529 2429 2683 2481 sinus
2733 2436 2893 2488 sunt,
2944 2428 3192 2481 diversas
3236 2427 3500 2480 habentes

1929 2519 2278 2579 tempestates
2303 2530 2317 2578 ;
2345 2529 2469 2566 nam
2499 2513 2739 2583 Egzeum
2769 2530 2915 2569 mare
2959 2517 3030 2569 ob
3062 2527 3252 2570 ventos
3280 2515 3497 2569 difficilis

1927 2612 2040 2656 est:
2068 2602 2267 2657 fretum
2293 2605 2695 2675 Tyrrhenicum
2720 2615 2940 2676 propter
2972 2607 3251 2676 angustias
3280 2625 3293 2673 ;
3326 2608 3501 2676 Syrtis

1927 2693 2068 2761 apud
2101 2693 2326 2764 Libyam
2353 2695 2422 2750 ob
2456 2704 2661 2749 tractus
2691 2698 2995 2764 palustres;
3033 2697 3319 2766 Pi-Opontis
3347 2708 3499 2752 extra

1928 2791 2154 2853 pontum
2188 2785 2455 2839 Euxinum
2477 2795 2694 2856 propter
2715 2787 2982 2841 undarum
3007 2789 3266 2855 impetum
3295 2807 3306 2847 ;
3334 2788 3500 2839 maria

1930 2876 2068 2929 ultra
2095 2876 2272 2931 Gades
2303 2890 2530 2947 propter
2554 2881 2917 2934 solitudinem
2951 2890 3004 2934 et
3029 2880 3500 2940 iter'inusitatum,

1930 2975 1984 3019 et
2031 2967 2276 3021 locorum
2311 2969 2692 3034 ignorantiam,
2731 2980 2787 3025 et
2834 2972 2952 3024 alia:
2984 2972 3144 3026 aliam
3184 2972 3253 3024 ob
3281 2985 3500 3024 causam

1930 3070 2144 3128 partes;
2201 3063 2272 3115 ita
2329 3067 2586 3118 usuvenit
2633 3065 2756 3118 vita;
2800 3075 3019 3118 nostrm.
3065 3064 3306 3117 Primum
3354 3078 3502 3114 mare

1932 3152 2116 3206 videre
2157 3164 2239 3206 est
2272 3155 2497 3222 puerilis
2543 3157 2737 3221 aetatis,
2768 3157 2990 3209 multam
3038 3156 3243 3208 habens
3265 3169 3503 3207 contum-

1934 3245 2134 3298 tionem
2165 3247 2236 3300 ob
2270 3247 2537 3301 inscitiam
2567 3259 2620 3302 et
2649 3250 3052 3318 simplicitatem
3096 3265 3157 3301 ac
3203 3248 3498 3301 levitatem.

1937 3337 2230 3406 Propterea
2255 3349 2309 3391 et
2325 3342 2644 3410 paedagogos
2663 3341 2991 3408 apponimus
3011 3347 3172 3407 atque
3193 3339 3504 3406 magistros,

1934 3441 2142 3483 natura:
2183 3431 2454 3485 defectum
2507 3447 2639 3486 cura
2669 3434 3006 3502 supplentes,
3058 3433 3196 3486 sicut
3252 3432 3305 3484 in
3365 3431 3504 3482 mari

1934 3520 2283 3588 providemus
2304 3522 2646 3589 gubernandi
2675 3534 2810 3576 arte.
2856 3523 3004 3576 llanc
3053 3531 3265 3575 aetatem
3298 3521 3504 3588 excipit

1933 3612 2314 3666 adulescentia:
2344 3630 2512 3677 mare,
2567 3615 2654 3666 tibi
2692 3615 3046 3667 vehementes
3075 3613 3240 3672 venti.
3275 3612 3420 3664 sicut
3450 3611 3501 3662 in

1932 3703 2140 3770 Egmo,
2180 3714 2336 3757 aucta
2382 3704 2434 3756 in
2477 3705 2634 3758 nobis
2679 3703 3140 3772 concupiscentia.
3178 3706 3352 3769 Atque
3391 3701 3506 3752 ltmc

1936 3797 2276 3864 potissimum
2299 3807 2430 3850 aetas
2453 3797 2809 3850 emendatore
2833 3804 3020 3856 caret,
3048 3809 3154 3847 non
3179 3793 3354 3846 solum
3380 3792 3502 3861 quia

1936 3888 2314 3942 vehementius
2354 3886 2590 3950 fastidit,
2618 3888 2710 3941 sed
2754 3888 2881 3955 quia
2925 3894 3142 3954 peccata
3169 3900 3274 3938 non
3321 3899 3509 3952 repre-

1935 3979 2287 4042 henduntur;
2316 3995 2436 4031 natn
2472 3979 2727 4047 magister
2748 3989 2803 4032 et
2841 3977 3196 4047 paedagogus
3229 3977 3337 4046 jam
3380 3975 3507 4028 sub-

1935 4068 2065 4122 moti
2121 4067 2294 4122 fuere.
2329 4069 2463 4122 Cum
2491 4084 2620 4138 ergo
2671 4069 2816 4120 venti
2864 4067 3086 4136 quidem
3130 4064 3509 4119 vehementius

1935 4160 2088 4223 flant,
2137 4159 2470 4227 gubernator
2500 4175 2629 4212 vero
2675 4159 2943 4212 infirmior
2995 4165 3094 4218 est,
3128 4165 3182 4208 et
3231 4165 3508 4222 protector

1937 4252 2119 4304 nullus
2137 4260 2240 4313 est,
2266 4251 2551 4304 considera
2574 4260 2772 4318 quanta
2805 4251 2876 4303 sit
2909 4259 3220 4317 tempestas.
3247 4246 3509 4300 Posthinc

1938 4343 2117 4395 adhuc
2156 4342 2258 4393 alia
2287 4341 2459 4394 :etatis
2497 4358 2640 4409 pars,
2677 4356 2872 4408 nempe
2914 4340 3088 4392 virilis
3118 4338 3289 4399 subit,
3317 4339 3369 4390 in
3403 4353 3508 4404 qua

1939 4435 2014 4486 rei
2039 4433 2324 4486 familiaris
2355 4448 2507 4495 cura,
2537 4434 2588 4485 in
2621 4447 2725 4500 qua
2755 4448 2912 4494 uxor,
2946 4430 3173 4500 nuptiae,
3208 4430 3508 4482 liberorum

254 4527 528 4596 χειμῶνος
567 4529 627 4578 τὸ
651 4525 902 4595 μέγεθος.
930 4526 1084 4578 Μετὰ
1113 4523 1273 4575 τοῦτο
1299 4523 1464 4576 πάλιν
1493 4522 1680 4590 ἕτερον
1740 4523 1832 4589 μέ·
1865 4536 1911 4593 ι)
1941 4541 1947 4592 ι

1814 4555 1832 4561 -
1865 4536 1911 4593 ι)
1941 4525 2269 4592 procreatio,
2300 4524 2494 4575 domus
2531 4523 2792 4592 regimen,
2813 4531 2867 4576 et
2895 4521 3051 4575 multi
3077 4519 3507 4574 sollicitudinum

257 4633 350 4688 ρος
370 4621 468 4687 τῆς
498 4619 737 4687 ἡλικίας,
777 4620 835 4670 τὸ
856 4619 966 4670 τῶν
998 4618 1206 4686 ἀνδρῶν
1234 4617 1464 4678 ἔπεισιν,
1499 4617 1554 4665 ἐν
1578 4611 1620 4681 ᾧ
1645 4617 1712 4667 τὰ
1733 4618 1831 4684 τῆς

253 4715 574 4781 οἰκονομίας
600 4713 877 4765 ἐπίκειται
915 4725 927 4739 ’
963 4712 1051 4763 ὅτε
1100 4710 1156 4762 δὲ
1188 4710 1324 4777 γυνὴ
1358 4710 1452 4760 καὶ
1512 4708 1687 4774 γάμος
1737 4711 1831 4760 καὶ

1943 4614 2151 4667 nimbi:
2185 4625 2428 4683 tuncque
2469 4615 2743 4683 praecipue
2777 4615 3004 4667 avaritia
3033 4612 3323 4667 eﬂlorescit
3349 4620 3511 4679 atque

1941 4707 2165 4761 invidia.

253 4810 574 4863 παιδοποιία
607 4809 701 4862 καὶ
723 4809 901 4871 οἰκίας
949 4805 1278 4876 προστασία,
1339 4805 1433 4857 καὶ
1484 4805 1676 4856 πολλαὶ
1734 4805 1841 4855 τῶν
1919 4806 2217 4873 φροντίδων
2266 4805 2510 4873 νιφάδες,
2559 4804 2679 4856 τότε
2732 4800 2966 4870 μάλιστα
3005 4802 3099 4852 καὶ
3179 4797 3514 4867 φιλαργυρία

253 4903 410 4958 ἀνθεῖ
471 4905 564 4957 καὶ
624 4904 908 4972 βασκανία.

335 4996 415 5051 ιδ’.
451 4998 618 5048 Ὅταν
646 4991 739 5047 οὖν
763 4994 994 5045 ἕκαστον
1027 4993 1192 5060 μέρος
1232 4992 1332 5059 τῆς
1364 4990 1585 5058 ἡλικίας
1626 5005 1838 5058 παρερσ

255 5090 490 5161 χὼμεΟα
527 5091 666 5157 μετὰ
693 5088 992 5153 ναυαγίων,
1023 5084 1139 5145 πῶς
1190 5083 1500 5151 ἁρκέσομεν
1531 5084 1595 5150 τῇ
1633 5081 1837 5149 παρού-

257 5201 332 5254 σῃ
366 5183 477 5251 ζωῇ
508 5200 521 5245 ;
553 5181 670 5241 πῶς
693 5179 793 5249 τὴν
827 5177 1128 5246 μέλλουσαν
1155 5173 1552 5244 διαφευξὸμεθα
1572 5172 1792 5223 κόλασιν
1820 5189 1834 5234 ;

255 5281 389 5331 ὅταν
421 5276 528 5342 γὰρ
563 5274 621 5324 ἐν
662 5272 760 5339 μὲν
799 5273 863 5338 τῇ
898 5269 1093 5339 πρώτῃ
1128 5269 1314 5336 ἡλικίᾳ
1350 5266 1515 5334 μηδὲν
1556 5264 1835 5332 μανθάνω-

261 5386 366 5434 μεν
409 5365 586 5429 ὑγιὲς,
619 5364 675 5415 ἑν
713 5363 768 5414 δέ
793 5365 856 5430 τῇ
888 5361 1102 5428 νεότητι
1140 5359 1214 5429 μὴ
1247 5358 1713 5427 σωφρονήσωμεν,
1742 5356 1836 5406 καὶ

258 5460 457 5524 ἄνδρες
509 5457 796 5522 γενόμενοι
849 5452 1214 5521 φιλαργυρίας
1276 5451 1351 5520 μὴ
1398 5448 1837 5517 πῖριγενώμεοα,

254 5552 380 5603 τότε
414 5549 600 5613 ὥσπερ
637 5549 714 5608 εἷς
738 5565 856 5599 τινα
885 5545 1107 5597 ἀντλίαν
1136 5544 1193 5596 τὸ
1227 5548 1399 5614 γῆρας
1438 5543 1702 5604 ἐλθόντες,
1744 5543 1837 5592 καὶ

258 5643 468 5702 πάσαις
501 5643 618 5702 ταῖς
645 5640 847 5706 πάγαις
893 5639 1118 5700 ταύταις
1148 5639 1206 5687 τὸ
1259 5638 1462 5702 σκάρος
1518 5635 1615 5702 τῆς
1658 5633 1835 5701 ψυχῆς

262 5731 657 5801 ἀσθενέστερον
687 5730 1227 5792 κατασκευάσαντες,
1280 5727 1388 5777 τῶν
1443 5725 1670 5776 σανίίων
1723 5726 1838 5774 δια-

259 5823 597 5890 λελυμένον),
631 5821 1014 5890 ἀπαντήσομεν
1073 5822 1152 5882 εἰς
1208 5821 1414 5872 ἐκεῖνον
1461 5817 1548 5869 τὸν
1616 5817 1832 5885 λιμένα,

2015 4986 2101 5039 Η.
2136 4984 2189 5039 Si
2218 4998 2348 5054 ergo
2381 4983 2622 5053 singulas
2641 4981 2818 5036 aetatis
2844 4991 3026 5049 partes
3056 4981 3201 5034 inter
3228 4978 3510 5048 naufragia

1940 5078 2328 5146 transigemus,
2365 5076 2496 5144 quid
2542 5085 2742 5128 nostra:
2779 5073 3031 5144 pra'senti
3069 5072 3192 5125 vitae
3229 5071 3513 5138 fiet?quo-

1944 5167 2104 5221 modo
2139 5168 2375 5220 futuram
2416 5166 2708 5218 vitabimus
2737 5163 2986 5232 pit-nant?
3010 5161 3142 5215 Nam
3179 5161 3225 5214 si
3257 5161 3308 5213 in
3339 5160 3512 5229 prima

1937 5272 2096 5315 aetate
2155 5260 2290 5314 nihil
2343 5275 2535 5313 sanum
2581 5259 2978 5320 didicerimus,
3030 5258 3084 5309 in
3141 5256 3508 5309 adolescentia

1942 5361 2308 5420 temperantes
2354 5367 2461 5404 non
2501 5351 2788 5412 fuerimus,
2844 5350 2896 5400 in
2936 5347 3193 5400 virilitate
3224 5345 3508 5398 aVaritiam

1941 5459 2048 5496 non
2082 5443 2561 5510 superaverimus;
2599 5449 2730 5492 tunc
2764 5439 2830 5492 ad
2878 5446 3219 5492 senectutem
3249 5434 3412 5487 veluti
3443 5433 3508 5484 ad

1940 5537 2231 5604 quamdam
2263 5537 2530 5588 sentinam
2561 5532 2826 5601 provecti,
2856 5541 3141 5598 postquam
3181 5529 3266 5580 his
3297 5527 3518 5580 cunctis

1942 5629 2348 5698 impedimentis
2396 5629 2651 5695 scapham
2692 5623 2886 5678 animae
2924 5621 3279 5674 inlirmiorcm
3315 5619 3512 5672 checc-

1942 5724 2130 5785 rimus,
2165 5720 2364 5773 tabulis
2407 5718 2827 5777 dissilientibns,
2866 5717 2922 5769 in
2980 5714 3129 5766 illum
3169 5720 3384 5779 portum
3419 5725 3512 5760 ve—

1943 5814 2175 5878 niemus,
2229 5811 2412 5866 multis
2474 5808 2686 5866 onerati
2746 5805 3054 5875 quisqttiltis
3116 5819 3214 5871 pro
3276 5797 3516 5869 spiritali
