4288 6356
215 384 332 445 993

215 587 536 655 ματισμοὺς
559 585 669 635 τίν
694 584 963 651 κινήσεων
998 580 1154 649 ἡλίου
1188 598 1245 632 τε
1277 580 1375 630 xxi.
1420 578 1676 646 σελήνης,
1713 577 1809 628 καὶ

212 676 333 729 τῶν
386 675 593 729 λοιπῶν
640 677 889 743 ἀστέρων
944 674 1081 741 πρός
1140 688 1198 723 τε
1249 668 1514 735 ἀλλήλους
1569 670 1662 719 καὶ
1708 669 1810 734 τὴν

213 772 329 839 γῆν
362 771 610 840 θεωρεῖν,
645 771 703 821 τό
742 785 797 820 τε
850 767 918 818 δι’
963 762 1329 833 ἀστρονομίας
1369 759 1807 828 προγνωστικὸν,

211 867 383 919 τοῦτο
418 867 480 935 δὴ
511 867 632 925 ταῖς
678 861 958 929 ἀληθείαις
993 860 1065 925 (6)
1105 856 1307 907 εἰδέναι
1352 853 1540 915 τέλος,
1574 853 1701 919 περὶ
1732 844 1808 903 ὧν

213 965 249 1029 ἡ
302 960 507 1029 σπουῖὴ
560 958 638 1027 τῷ
674 956 997 1023 Πτολεμαίῳ
1047 954 1106 1005 ὲν
1146 952 1257 1010 τοῖς
1309 947 1456 1016 τρισὶ
1505 948 1641 1015 up‘;
1695 948 1807 1007 τοῖς

212 1058 356 1107 δέκα
396 1053 621 1124 βιὸλίοις
654 1051 752 1119 τῆς
792 1050 1038 1117 μεγάλης
1101 1042 1431 1106 συντάξεως.
1463 1040 1552 1092 καὶ
1604 1039 1808 1106 γνῶσιν

215 1145 477 1215 ἡγεῖσθαι
508 1142 681 1196 ταῦτα
720 1141 807 1193 διὰ
841 1137 1162 1208 φιλοσοφίας
1213 1130 1648 1200 ὲπιστημονικὴν
1683 1132 1806 1196 περί

211 1255 389 1290 τινων
419 1237 523 1289 ὑπὸ
568 1233 706 1287 θεοῦ
752 1231 1126 1301 παρηγμένων
1171 1226 1385 1293 φύσεων
1426 1223 1534 1289 ὅπη
1584 1238 1637 1272 τε
1674 1221 1805 1288 ἔχει,

152 1330 155 1337 ’
213 1332 317 1385 καὶ
378 1331 527 1391 ὅπως
584 1326 761 1380 ταῦτα
820 1312 1084 1392 ῲέρεται,
1139 1319 1344 1379 θεῖκοῖς
1401 1311 1806 1382 πειθαρχοῦντα

212 1424 446 1486 πάντως
473 1424 625 1491 ὅροις
652 1436 712 1471 τε
758 1418 853 1471 καὶ
886 1416 1301 1483 προστάγμασι,
1338 1410 1484 1476 μέγα
1534 1406 1806 1456 δέδεικται

210 1514 580 1585 πολλαχόθεν,
607 1513 700 1565 καὶ
737 1509 812 1572 ὡς
843 1507 1061 1577 ἀληθῶς
1094 1503 1387 1573 ὑπερμέγα
1420 1515 1478 1551 τε
1514 1498 1606 1549 καὶ
1640 1496 1809 1561 ὑπερ-

211 1608 581 1661 σπούδαστον.

297 1787 372 1842 Z'.
409 1787 483 1839 Τό
513 1802 575 1853 γε
621 1782 727 1855 μὴν
767 1782 865 1844 τὰς
895 1776 1193 1850 δραστικὰς
1231 1772 1439 1826 τούτων
1487 1767 1802 1835 ποιότητας,

213 1885 318 1937 καὶ
356 1882 455 1952 τὴν
492 1877 730 1945 φυσικὴν
772 1873 882 1927 τῶν
939 1863 1416 1937 συσχηματισμῶν
1462 1859 1640 1912 αὐτῶν
1674 1856 1803 1907 latc-

210 1974 475 2045 τροπίαν,
506 1969 689 2024 αἰτίαν
730 1965 840 2020 τῶν
890 1962 1020 2031 περὶ
1063 1959 1215 2028 ἡμᾶς
1249 1949 1679 2023 συμπτωμάτων
1722 1947 1805 1999 τί-

212 2041 438 2129 θεσθαι,
485 2057 997 2130 καταψευδομένους
1049 2052 1156 2105 τῶν
1206 2046 1497 2116 οὐρανίων,
1550 2043 1657 2094 κὰκ
1705 2041 1804 2107 τῆς

211 2161 427 2213 τούτων
456 2156 728 2225 κινήσεως
758 2153 855 2213 τὰς
888 2148 1133 2218 γενέσεις
1165 2143 1410 2203 πλέκειν,
1448 2136 1630 2191 καὶτὰ
1671 2134 1803 2203 ξυμ-

213 2252 502 2313 ϐαίνοντα,
559 2244 853 2299 κάντεῦθεν
915 2241 1097 2294 δοκεῖν
1165 2238 1263 2306 τὴν
1326 2233 1434 2286 τῶν
1498 2228 1803 2300 μελλόντων

212 2350 369 2417 ἔχειν
424 2340 625 2394 εἰδέναι
669 2335 1005 2406 πρόγνωσιν,
1040 2330 1068 2382 ὃ
1117 2330 1180 2399 δὴ
1228 2328 1326 2395 τῆς
1380 2319 1800 2417 ἀστρολογικῆς,

209 2415 318 2510 τῆς
349 2440 396 2491 δ’
429 2435 597 2504 αὐτῆς
640 2433 734 2484 καὶ
768 2425 1157 2499 μαθηματικῆς
1200 2419 1473 2490 λαχούσης
1505 2415 1802 2510 ἐξαιρέτως

209 2528 543 2601 κεκλῆσθαι,
592 2522 964 2591 πολυασχόλου
997 2512 1363 2585 ματαιότητὸς
1396 2513 1533 2571 ἐστι,
1572 2509 1638 2577 τῇ
1692 2506 1802 2558 τῶν

209 2598 438 2692 ἄστρων
484 2618 696 2686 κινήσει
747 2598 815 2666 τὰ
866 2612 1113 2680 ἡμέτερα
1165 2601 1575 2675 συμφερούσης.
1629 2598 1801 2650 Τοῦτο

208 2718 399 2770 τοίνυν
430 2711 566 2781 πρὸς
598 2708 675 2777 τῷ
709 2705 876 2775 μηδὲν
904 2704 1053 2770 ὑγιὲς
1083 2700 1380 2768 κεκτῆσθαι
1414 2696 1509 2749 καὶ
1547 2694 1801 2765 ἀληθείας

208 2810 479 2877 ἐχόμενον
524 2802 617 2856 καὶ
668 2799 806 2868 πρὸς
854 2796 1061 2862 πλάνην
1105 2794 1262 2862 φέρει
1305 2791 1399 2843 καὶ
1442 2788 1604 2858 βυθὸν
1647 2788 1800 2840 ἀπω-

206 2902 369 2962 λείας
400 2900 514 2959 τοῖς
556 2892 803 2947 εὐσεϐεῖν
835 2888 1076 2942 ἐθέλουσι
1108 2884 1249 2936 πάνυ
1277 2900 1359 2934 τοι
1384 2881 1798 2949 λυμαινόμενοι.

206 2991 387 3048 Ταῦτ’
418 2991 524 3061 ἄρα
555 2987 650 3039 καὶ
694 2985 850 3051 νόμοι
882 2979 1041 3041 θεῖοι,
1074 2978 1166 3030 καὶ
1203 2975 1508 3028 θεσπεσίων
1554 2973 1649 3025 καὶ
1683 2972 1800 3025 θεο-

205 3082 445 3155 πρεπῶν
497 3077 846 3139 θεσπίσματα
884 3070 1226 3125 διδασκάλων
1256 3067 1354 3120 σύν
1409 3083 1472 3133 γε
1526 3068 1639 3126 τοῖς
1699 3065 1799 3133 τὴν

209 3175 460 3249 μαγικὴν
505 3168 885 3239 κακοτεχνίαν,
920 3169 1013 3217 καὶ
1060 3162 1196 3216 Θεοῦ
1229 3163 1419 3232 πόῤῥω
1471 3160 1791 3229 βάλλουσαν,

203 3270 403 3332 κακῶς
455 3267 550 3319 καὶ
580 3263 756 3323 ἀθέως
798 3257 1187 3329 ἐξησκημένην
1224 3255 1324 3323 (7),
1352 3255 1448 3306 καὶ
1479 3251 1796 3320 μαθημαῖι-
1828 3251 1869 3272 “

204 3364 368 3423 κους,
429 3359 607 3412 είτουν
668 3352 1054 3421 ἀστρολόγους,
1110 3348 1186 3407 ὡς
1241 3348 1408 3408 εἰκὸς,
1459 3344 1795 3413 ἀποτροπιά-

203 3456 422 3519 ζανται·
455 3450 551 3503 ἅτε
603 3448 668 3513 δὴ
720 3446 855 3514 πρὸς
890 3444 954 3493 τὰ
992 3442 1102 3494 ἄνω
1134 3439 1438 3508 κεχηνότας
1470 3454 1533 3505 γε
1586 3438 1790 3505 μάτην,

203 3550 302 3601 καὶ
344 3548 410 3613 τῇ
459 3544 665 3596 τούτων
718 3539 930 3604 κινήσει
975 3534 1074 3603 τὴν
1122 3532 1402 3602 ἡμετέραν
1438 3529 1793 3599 προσαρτὼν-

201 3658 311 3701 τας
371 3637 514 3703 ζωὴν
579 3629 983 3700 θεομαχοῦντας
1040 3625 1321 3691 ἄντικρυς,
1354 3622 1449 3673 καὶ
1506 3619 1793 3689 βαίνοντας

202 3734 381 3792 ὅντως
433 3727 573 3794 ὑπὲρ
615 3725 680 3777 τὰ
738 3719 1083 3788 ἐσκαμμένα,
1138 3718 1230 3768 ἐπὶ
1262 3715 1416 3782 κακῴ
1468 3715 1639 3782 δήπου
1692 3713 1794 3779 τῆς

207 3826 363 3880 συῶν
408 3820 589 3875 αὐτῶν
646 3814 909 3884 κεφαλῆς,
964 3815 1022 3864 ἐν
1072 3811 1173 3867 ἴσω
1227 3809 1271 3861 δ’
1324 3811 1499 3860 εἰπεῖν
1550 3810 1644 3860 καὶ
1690 3807 1794 3875 ψυ-

205 3918 334 3981 λῆς.

283 4180 367 4232 H'.
416 4174 552 4228 Ἀλλ’
578 4172 821 4232 ἐκείνους
859 4169 957 4239 μὲν
985 4168 1127 4220 οῦτω
1171 4168 1376 4229 πάντας
1407 4168 1464 4219 δὲ
1497 4166 1660 4229 ἀξίως
1691 4171 1790 4237 τῆς

209 4270 488 4343 ἡμετέρας
513 4265 804 4333 ἐξωθοῦσιν
835 4262 1007 4331 αὐλῆς
1040 4264 1086 4313 οί
1120 4260 1301 4321 καλῶς
1333 4261 1501 4329 αὐτῆς
1534 4263 1793 4331 προϊστά-

213 4379 369 4435 μενοι
396 4379 409 4392 ’
439 4359 551 4426 ἐγὼ
590 4357 645 4410 δὲ
695 4356 905 4413 τούτοις
938 4355 1040 4406 ὅσα
1087 4356 1181 4405 καὶ
1212 4356 1339 4416 παῖς
1375 4354 1617 4422 πατράσι
1657 4354 1789 4405 ἑπό-

213 4472 376 4525 μενος
406 4455 515 4513 τοῖς
545 4450 709 4519 ἱεροῖς
739 4445 1000 4516 τροφεῦσι
1035 4446 1127 4496 καὶ
1159 4445 1495 4507 παιδευταῖς,
1534 4446 1627 4496 καί
1660 4446 1788 4514 παρ’

1305 380 1405 438 EX
1448 376 1681 438 ΗΒΒο
1733 375 1826 436 DE

295 497 388 562 ς’.
440 494 511 549 Τὸ
564 494 661 564 μὲν
706 493 797 547 οὖν
830 494 957 555 τοὺς
1005 492 1318 561 γινομένους
1368 490 1629 543 ἑκάστοτε
1675 503 1802 555 σχη-
1837 497 1877 550 Α

1896 380 1933 433 Α
1944 376 2303 437 STRONOM
2322 380 2389 437 ίΛ
2403 425 2417 439 .
2914 376 2917 377 ν
3388 379 3489 439 995

1988 490 2070 544 \‘l.
2112 490 2483 546 Occurrentes
2542 491 2705 560 igitur
2741 489 2976 545 subinde
3010 500 3192 546 motus
3251 492 3386 546 solis
3438 490 3495 542 et

1911 581 2053 636 lunae
2084 592 2516 652 caﬂerarumq‘ue
2546 584 2828 637 stellarum
2858 584 3004 638 inter
3025 598 3082 637 se
3110 596 3165 638 et
3188 584 3254 638 ad
3288 595 3491 638 terram

1910 675 2393 743 configurationes,
2434 676 2817 744 contemplari,
2854 686 2929 739 et,
2963 690 3086 744 qua:
3114 691 3212 744 per
3244 685 3497 730 astrono-

1912 768 2074 819 miam
2130 767 2381 827 habetur.
2428 768 2858 836 praenotionem;
2907 770 3000 837 qui
3050 770 3347 822 veritatum
3396 785 3495 822 no-

1911 860 2248 913 scendarum
2289 860 2411 914 finis
2440 870 2543 923 est,
2580 862 2631 913 in
2667 862 2871 929 quibus
2905 862 3268 930 assequendis
3303 849 3485 915 trede;

1910 951 2017 1004 cim
2043 968 2250 1021 magna:
2273 954 2706 1007 constructiouis
2728 954 2886 1007 libris
2907 954 3230 1018 compositis
3262 967 3487 1020 operam

1912 1058 2065 1097 suam
2097 1043 2422 1099 Ptolemteus
2456 1046 2694 1108 locavit;
2746 1061 2922 1113 caque
2953 1044 3314 1098 scientilicam
3369 1043 3494 1110 phi-

1913 1136 2171 1203 losophia-
2198 1138 2401 1203 regulis
2432 1138 2747 1192 existimare
2789 1139 2857 1190 de
2895 1138 3261 1206 quorumdam
3295 1154 3322 1189 a
3383 1136 3493 1188 Deo

1912 1228 2310 1297 producturum
2364 1230 2579 1283 naturis
2627 1231 2931 1292 notionem,
2966 1229 3241 1298 quunmdo
3274 1230 3386 1296 ipsa
3433 1243 3492 1281 sc

1912 1318 2170 1378 habeant.
2204 1314 2260 1372 et
2289 1334 2395 1387 qua
2427 1320 2639 1373 ratione
2671 1321 2871 1374 divinis
2900 1324 3186 1389 praeceptis
3214 1334 3269 1373 et
3299 1322 3491 1372 decre-

1912 1411 1979 1464 tis
2012 1427 2234 1478 prorsus
2260 1412 2618 1481 obsequendo
2654 1412 2925 1476 ferantur,
2983 1431 3174 1482 magna
3202 1422 3256 1465 et
3316 1414 3487 1465 ardua

1910 1503 2099 1556 multis
2127 1505 2464 1573 argumentis
2494 1506 2866 1559 demonStrata
2911 1521 2999 1560 res
3031 1516 3136 1567 est,
3181 1520 3347 1574 utque
3394 1521 3487 1557 ve-

1910 1610 2027 1648 rum
2060 1594 2260 1659 dicant,
2284 1609 2449 1664 supra
2485 1600 2705 1650 modum
2764 1612 2956 1665 magno
2986 1608 3037 1651 et
3073 1613 3287 1651 suian
3339 1596 3487 1649 cultu

1908 1688 2242 1741 veneranda.

1978 1779 2091 1833 Vll.
2140 1780 2445 1845 Qualitates
2476 1789 2659 1833 autem
2696 1780 2941 1849 ipsorum
2980 1781 3206 1844 activas,
3240 1790 3296 1833 et
3329 1789 3479 1834 natu-

1907 1871 2073 1925 ralem
2105 1873 2599 1943 conﬁgurationum
2625 1874 2954 1944 peculiarem
2987 1873 3232 1934 modum,
3261 1888 3484 1926 causam

1906 1981 2094 2021 eorum
2122 1984 2243 2038 qum
2290 1968 2606 2023 hominibus
2636 1968 2915 2028 accidunt,
2947 1966 3265 2020 coelestibus
3293 1980 3491 2035 corpo-

1908 2058 2062 2114 ribus
2087 2061 2221 2115 falsa
2248 2062 2542 2115 tribuendo
2567 2068 2810 2114 statuere
2838 2077 2852 2125 ;
2879 2074 3052 2128 exque
3078 2060 3298 2112 illorum
3334 2068 3481 2112 motu

1904 2150 2246 2219 genethliaca
2276 2151 2515 2206 themata
2538 2162 2864 2216 contexere;
2898 2160 2955 2205 et
2982 2149 3287 2205 accidentia
3310 2149 3485 2201 dedu-

1904 2257 2051 2305 cere,
2082 2242 2318 2312 indeque
2348 2244 2743 2313 praenotionem
2784 2243 3095 2296 futurorum
3130 2241 3317 2295 haberi
3354 2254 3482 2308 pos—

1905 2349 1983 2396 se,
2032 2334 2179 2403 quod
2221 2336 2287 2388 ad
2328 2335 2707 2405 astrologiam,
2762 2324 3164 2387 mathematiczn
3212 2331 3482 2401 singulari

1905 2427 2218 2496 eximioque
2247 2428 2468 2481 nomine
2487 2427 2826 2497 insignitam,
2847 2426 3110 2495 pertinet,
3133 2424 3476 2489 existimare,

1905 2520 2096 2572 otiosa:
2126 2520 2373 2573 stultitim
2402 2520 2469 2574 ad
2521 2504 2798 2574 astrorum
2854 2529 3057 2582 motus,
3094 2527 3352 2587 tanquam
3410 2518 3479 2572 ad

1904 2624 2117 2671 causas,
2155 2610 2421 2663 humanus
2456 2612 2701 2664 actiones
2731 2611 3015 2664 referentis
3034 2626 3173 2679 opus
3198 2623 3298 2665 est.
3331 2610 3485 2666 lllius

1905 2701 2072 2768 igitur
2102 2702 2254 2765 artis,
2306 2718 2427 2771 quae
2467 2706 2530 2754 ad
2565 2702 2863 2771 quidquam
2925 2702 3050 2756 boni
3082 2704 3311 2771 sanique
3347 2703 3482 2757 nihil

1904 2797 2135 2862 confert,
2172 2812 2403 2865 quaeque
2455 2797 2659 2850 nullam
2700 2811 2824 2849 cum
2873 2799 3105 2851 veritate
3158 2797 3477 2851 aﬂinitatent

1905 2888 2091 2947 habet,
2119 2890 2358 2956 cognitio
2387 2890 2444 2942 in
2490 2903 2762 2952 errorem,
2794 2890 3167 2957 corruptionis
3217 2891 3486 2957 perditi.»

1905 2981 2096 3049 nisque
2126 2980 2399 3051 abyssum,
2430 2980 2516 3049 pie
2564 2996 2722 3049 agere
2755 2982 3068 3037 volentibus
3100 2982 3257 3035 valde
3290 2983 3480 3049 perni-

1903 3071 2128 3134 ciosam,
2162 3071 2409 3125 adducit.
2440 3070 2590 3124 Talia
2620 3072 2805 3140 igitur,
2842 3087 2949 3123 una
2981 3086 3106 3124 cum
3137 3073 3325 3140 magiae
3354 3087 3479 3137 pra-

1902 3176 2020 3214 vam
2076 3172 2273 3226 artrm,
2331 3176 2455 3230 qua:
2492 3161 2772 3214 hominem
2810 3177 2840 3215 a
2884 3163 2994 3215 Deo
3026 3162 3185 3231 longe
3240 3163 3478 3229 projicit.

1904 3252 2149 3320 improbe
2176 3265 2232 3306 et
2260 3261 2447 3322 spreto
2477 3254 2704 3307 numine
2735 3253 3148 3314 exercentibus.
3176 3254 3480 3307 matbema-

1902 3347 2149 3413 ticisque,
2188 3344 2443 3399 videlicet
2501 3346 2814 3413 astrologis,
2871 3356 2926 3399 et
2973 3346 3121 3413 leges
3170 3345 3388 3409 divinae,
3421 3356 3477 3399 et

1902 3438 2283 3505 magistrorum
2309 3436 2401 3489 Dei
2427 3436 3042 3505 culmrum,divinoque
3064 3437 3273 3505 Spiritu
3301 3440 3469 3492 adlla-

1900 3539 2078 3581 torum
2103 3528 2320 3582 oracula
2346 3530 2471 3596 jure
2499 3529 2691 3580 merito
2720 3539 3045 3582 aversantur
3062 3528 3477 3584 abominantur-

1900 3635 2024 3687 que.
2062 3619 2139 3672 llli
2173 3618 2376 3687 quippe
2408 3619 2473 3670 ad
2507 3632 2737 3686 corpora
2759 3619 3049 3686 superiora
3077 3621 3343 3673 oscitante
3377 3636 3475 3673 ore

1899 3709 2102 3761 frustra
2122 3708 2502 3776 respicientes,
2529 3708 2598 3761 ab
2623 3723 2813 3760 eorum
2844 3716 2994 3760 motu
3030 3708 3195 3761 vitam
3226 3703 3472 3764 nostram

1897 3800 2161 3868 pendere,
2196 3800 2363 3853 Deum
2396 3799 2631 3853 adverso
2667 3799 2822 3851 vultu
2869 3798 3265 3867 impugnanda,
3323 3805 3472 3871 posi-

1898 3902 2090 3960 tosque
2131 3893 2395 3946 terminos
2432 3891 2810 3955 transiliendo,
2840 3901 3124 3958 statuunt,
3179 3897 3322 3949 unde
3356 3905 3473 3949 tan-

1895 3985 2016 4038 dem
2054 3985 2106 4037 iu
2133 3992 2297 4053 caput
2324 3998 2484 4037 suum
2525 3985 2827 4053 perniciem
2884 3987 3234 4056 animamque
3266 3990 3472 4057 pariter

1894 4090 2047 4129 suam
2068 4083 2379 4131 accersunt.

1968 4167 2104 4221 VIII.
2134 4166 2226 4220 Sic
2262 4170 2451 4237 itaque
2503 4182 2698 4223 omnes
2732 4169 2857 4225 illos
2903 4188 2971 4225 ex
3033 4174 3237 4227 nostris
3269 4177 3465 4238 caulis,

1895 4262 1989 4329 qui
2031 4268 2179 4314 recte
2219 4259 2324 4313 illis
2354 4270 2596 4328 praesunt
2631 4271 2901 4328 pastores,
2934 4265 3130 4318 merito
3162 4268 3463 4334 expellunt.

1897 4355 2099 4406 llorum
2140 4352 2305 4406 etiam
2335 4368 2458 4418 ego,
2513 4363 2703 4422 utpote
2735 4353 2877 4407 Illius
2938 4366 3153 4423 patrum
3195 4360 3468 4413 nutricio-

1897 4460 2014 4497 rum
2044 4454 2098 4497 et
2125 4444 2542 4513 pmdagogorum
2579 4445 2823 4513 vestigiis
2844 4446 3173 4512 insistendo,
3203 4451 3466 4515 duarum,

208 4545 367 4599 οὐδὲν
405 4544 499 4612 μὲν
530 4541 700 4608 ἄγων,
734 4538 828 4589 καὶ
851 4533 1127 4587 διαπτύων
1157 4534 1303 4586 δυοῖν
1334 4534 1442 4585 τῶν
1466 4533 1563 4600 τῆς
1594 4532 1791 4600 ἀστρο-
1824 4544 1866 4597 ι)
1899 4564 1901 4581 ι

1772 4562 1791 4572 -
1824 4544 1866 4597 ι)
1899 4552 2018 4605 qua:
2065 4535 2207 4588 circa
2262 4545 2405 4589 astra
2466 4548 2773 4597 versantur,
2829 4539 3185 4592 scientiarum
3234 4542 3465 4596 alteram

211 4639 482 4706 θεάμονος
510 4631 701 4700 σοφίας
725 4627 881 4680 εἰδῶν
910 4626 971 4678 τὸ
1000 4624 1273 4692 δεύτερον,
1303 4624 1376 4685 ὡς
1406 4621 1698 4674 ἐπίϐουλόν
1730 4638 1789 4673 τε

213 4724 629 4795 καῖσιραλερὺν,
660 4720 796 4774 καθὸ
828 4720 928 4781 τὰς
964 4719 1075 4771 τῶν
1110 4719 1595 4787 ἐμπεριεχομένων
1628 4734 1791 4786 μετα-

213 4822 377 4880 ϐολὰς
404 4819 490 4870 διὰ
536 4814 648 4867 τῶν
678 4813 923 4882 ἀστέρων
970 4808 1451 4880 συσχηματισμῶν
1498 4807 1795 4861 ἀποτελουο

215 4911 386 4979 μένας
411 4909 460 4962 oi
492 4906 620 4977 περὶ
671 4904 847 4957 ταῦτα
895 4902 1097 4971 κομψοὶ
1136 4900 1417 4970 τηνάλλως
1463 4901 1631 4967 φασιν
1667 4900 1791 4953 ἐπι-

214 5001 570 5061 σκέπτεσθαι,
603 4998 697 5051 καὶ
730 4997 850 5048 λίαν
892 4994 1272 5055 ἐπικινδύνως.
1320 4991 1394 5044 Τὸ
1442 4993 1707 5061 πρότερον
1736 4990 1793 5043 δὲ

211 5097 280 5165 τῇ
334 5092 486 5155 τάξει
540 5106 598 5142 τε
654 5087 749 5140 καλ⁸
803 5085 1053 5151 δυνάμει,
1114 5084 1209 5135 καὶ
1268 5082 1497 5151 φέρεται
1553 5084 1662 5152 γὰρ
1718 5082 1789 5134 τά

214 5186 409 5256 πρῶτα
439 5182 581 5235 κατὰ
606 5179 715 5232 τῶν
760 5177 957 5241 ἄλλων,
994 5176 1128 5243 πρὸς
1170 5175 1443 5243 μεγίστην
1465 5173 1652 5243 ὄνησιν
1691 5174 1791 5240 φέ-

220 5292 331 5344 ρον,
370 5276 463 5326 καὶ
496 5272 622 5339 περὶ
650 5269 749 5328 τὰς
777 5268 886 5320 τῶν
911 5269 1159 5336 ἀστέρων
1193 5268 1355 5335 μένον
1388 5268 1634 5335 κινήσεις
1669 5268 1792 5336 ἔχον

217 5368 272 5417 ἐν
294 5365 441 5431 λόγῳ
467 5361 770 5429 τιθέμενος,
797 5357 964 5431 ἔδοξα.
988 5357 1126 5425 πρὸς
1169 5355 1473 5426 εὔχρηστον
1511 5357 1609 5426 τῆς
1653 5358 1790 5409 θεω-

221 5458 340 5526 ρίας
376 5450 874 5521 ὑπομνηματισμὸν
906 5447 1149 5517 ἐμαυτοῦ
1178 5465 1236 5500 τε
1272 5450 1432 5518 χάριν
1466 5450 1560 5502 καὶ
1588 5449 1697 5502 τῶν
1726 5466 1789 5515 γε

219 5546 642 5620 προτρεψάντων
686 5544 749 5595 ἐκ
783 5541 1163 5595 παλαιοτάτων
1196 5542 1464 5611 συνήθων,
1504 5546 1560 5595 ἐν
1595 5542 1695 5610 μὲν
1724 5547 1788 5612 τῇ

223 5640 413 5709 πρώτῃ
458 5636 624 5706 βίϐλῳ
673 5634 767 5687 τοῦ
827 5634 1091 5704 παρόντος
1156 5633 1561 5704 συντάγματος,
1608 5635 1682 5697 ὡς
1736 5638 1792 5686 ἐν

297 5818 373 5890 (6)
408 5817 516 5881 Τὰς
548 5815 822 5887 ἀληθείας.

1897 4628 2045 4681 ι.ιιΙ]ο
2083 4628 2135 4681 in
2184 4628 2359 4696 pretio
2394 4627 2591 4692 habeo,
2642 4639 2809 4695 utque
2853 4629 3221 4696 deceptricem
3269 4648 3331 4683 ac
3369 4631 3470 4685 fal-

1895 4721 2069 4773 lacem
2135 4720 2479 4787 intutamque
2539 4733 2762 4772 aversiir
2823 4734 2839 4771 :
2894 4730 3168 4787 quatenus
3228 4738 3349 4789 qua:
3410 4724 3463 4776 in

1896 4810 2102 4862 mundo
2134 4808 2467 4862 mutationes
2513 4806 2789 4870 accidunt,
2850 4809 3226 4862 ab'astrorum
3280 4814 3463 4880 positu

1895 4909 1947 4953 et
1974 4898 2410 4967 conﬂguratioue
2438 4895 2655 4948 immitti
2691 4906 2967 4961 asserunt,
3000 4902 3093 4967 qui
3123 4916 3243 4954 eam
3277 4906 3468 4970 ρτωςί-

1896 5008 2001 5061 pue
2031 4994 2260 5061 jactant,
2290 5008 2356 5045 ac
2392 4992 2630 5045 maximo
2665 5006 2790 5045 cum
2841 4994 3088 5060 periculo
3112 4997 3464 5061 profitentur.

1894 5082 2099 5137 Ordine
2126 5099 2255 5137 vero
2283 5093 2339 5138 et
2370 5084 2627 5139 facultate
2650 5087 2908 5154 primam.
2946 5087 3151 5155 primas
3170 5091 3316 5141 enim
3342 5106 3467 5157 par-

1897 5184 1978 5227 tes
2008 5175 2122 5227 hanc
2148 5174 2411 5229 adversus
2444 5176 2577 5231 alias
2604 5178 2705 5231 sibi
2740 5179 2997 5241 vindicat,
3024 5180 3368 5233 utilissimam
3403 5196 3469 5235 ac

1894 5267 2127 5319 maxime
2158 5267 2586 5331 conducibilem,
2621 5269 2675 5322 in
2702 5277 2976 5323 astrorum
3004 5273 3243 5324 motibus
3264 5272 3466 5323 riman-

1895 5357 1977 5411 dis
2027 5359 2371 5412 solummodo
2402 5368 2711 5413 versantem
2744 5361 2963 5429 plurimi
2996 5362 3220 5423 faciens,
3266 5364 3317 5415 in
3350 5366 3467 5430 μνᾶς

1894 5464 1978 5501 mo
2012 5448 2173 5517 hujus
2203 5448 2385 5517 operis
2421 5448 2571 5513 libro,
2612 5458 2672 5501 ut
2716 5450 2941 5504 tlieoria:
2968 5452 3380 5518 explicationem
3412 5464 3465 5507 et

1896 5541 1948 5594 in
1980 5541 2122 5594 illam
2142 5542 2619 5606 connuentarium,
2648 5553 2754 5595 tam
2778 5544 2900 5602 mei,
2927 5560 3087 5611 quam
3119 5544 3461 5600 hortatorutn

1896 5635 2028 5687 milii
2062 5633 2128 5685 ab
2158 5632 2391 5699 antiquo
2430 5633 2784 5689 familiarium
2832 5652 2993 5690 causa
3033 5638 3332 5693 faciliorem
3367 5656 3465 5695 ex-

1974 5811 2047 5881 (7)
2096 5811 2542 5881 Ἐξησκημένοις.
