4050 6584
493 467 552 535 il
1686 467 2100 536 NICEPHORI
2139 477 2516 538 GREGOIM!
3649 475 3714 541 12

488 589 603 634 tum
635 578 863 635 Tarsum
894 594 1004 650 prze
1036 579 1247 636 creteris
1276 563 1570 650 egregiam.
1609 578 1700 634 ubi
1732 580 1897 635 etiam
1933 581 2047 634 An-

2154 584 2325 638 ὀπίσω
2363 584 2542 638 ἀπιὼν
2577 585 2634 648 ἐς
2665 585 2942 651 Κιλικίαν,
2967 585 3167 650 θέσεως
3215 584 3443 656 ἔχουσαν
3475 584 3710 654 ιύφυῶς,

487 672 706 728 ιῑοσιιίαι
745 673 1050 742 patriarcha
1086 669 1409 743 plerumque
1443 671 1627 727 sedem
1663 685 1814 728 suam
1855 670 2046 726 habet.

488 763 624 816 lluic
652 763 798 818 enim
831 765 952 818 urbi
995 779 1119 819 cum
1151 765 1270 819 alia:
1321 763 1668 818 ammnitates
1697 772 1862 834 atque
1894 777 2047 818 com-

487 853 644 907 moda
675 864 994 924 suppetunt,
1035 864 1145 909 tum
1191 855 1412 925 Cydnus
1446 853 1646 908 ﬂumen
1682 854 1896 924 placide
1927 870 2047 910 eam

484 945 592 1014 20
615 946 1008 1015 przeterlluens,
1033 947 1086 1001 in
1110 963 1220 1018 quo
1249 946 1472 1002 ﬂumine
1491 945 1800 1002 Alexander
1821 947 2048 1016 Magnus

486 1037 604 1090 solo
633 1039 748 1108 ejus
773 1049 997 1108 aspectu
1029 1037 1331 1108 cupiditate
1380 1036 1639 1093 incensus
1681 1052 1803 1093 sese
1833 1038 2047 1092 lavasse

484 1127 710 1180 dicitur.

2153 674 2411 744 πλείστην
2436 691 2494 727 τε
2538 673 2653 744 ἅμα
2677 677 2772 730 καὶ
2808 662 2928 730 λίαν
2961 676 3127 732 οὖσαν
3164 677 3460 746 εὐδαίμονα
3506 676 3716 746 χώραν.

2152 762 2278 815 ἔνθα
2320 761 2386 833 δὴ
2418 765 2509 816 καὶ
2558 763 2779 828 πολλαῖς
2834 765 3085 835 ἐνέτυχον
3120 767 3214 820 καί⁵
3253 765 3442 829 ἄλλαις
3488 765 3718 835 πλησιο-

2151 853 2350 925 χώροις
2397 856 2657 926 ἀλλήλαις
2707 857 2928 910 πόλεσιν
2975 857 3230 926 ἀγαθαῖς,
3287 860 3355 926 τῇ
3411 856 3614 926 Ταρσῷ
3661 856 3719 910 δέ

2155 947 2390 1014 μάλιστα
2441 949 2652 1014 πασῶν,
2692 943 2726 1022 ᾖ
2777 951 2871 1003 καὶ
2910 950 3224 1020 πατριάρχῃ
3260 951 3338 1018 τῷ
3383 947 3719 1018 ’Δντιοχείας

2150 1039 2516 1094 ἐνδιαιτᾶσθαι
2553 1041 2620 1094 τά
2646 1041 2815 1094 πολλὰ
2845 1041 3204 1110 περιγίνεται.
3242 1041 3324 1094 Τά
3358 1057 3414 1092 τε
3447 1039 3556 1106 γάρ
3585 1036 3719 1089 ἄλλα

2151 1131 2432 1200 περίεστιν
2491 1133 2630 1203 αὐτῇ
2683 1133 2918 1198 τάγαθὰ,
2964 1133 3059 1185 καὶ
3120 1131 3327 1194 Κύδνος
3391 1132 3418 1183 ὁ
3476 1127 3721 1194 ποταμὸς

482 1218 662 1288 ἡσυχῆ
696 1220 1062 1290 .παραῤῥέων,
1095 1221 1152 1274 ἐν
1207 1214 1249 1289 ᾧ
1301 1220 1393 1275 καὶ
1445 1220 1792 1292 Ἀλέξανδρόν
1847 1235 2010 1290 φασιν
2050 1221 2254 1276 ἐκεῖνον
2308 1224 2399 1277 τδν
2455 1226 2649 1295 μέγαν,
2698 1226 2777 1289 είς
2843 1224 3139 1292 ἐπιθυμίαν
3173 1229 3235 1278 ἐκ
3265 1222 3434 1294 μόνης
3463 1221 3561 1292 τῆς
3593 1219 3738 1300 θέας.

485 1310 803 1380 ἐληλυθότα,
836 1313 1152 1369 λούσασθαι.

555 1401 618 1456 ll.
643 1403 778 1457 Cum
795 1420 924 1459 vero
942 1405 1030 1460 ille
1050 1406 1362 1476 hujusmodi
1381 1406 1535 1476 plura
1555 1406 1760 1462 referre
1780 1407 1914 1460 mihi
1937 1407 2052 1462 vel-

484 1493 578 1557 let,
603 1493 860 1562 equidem
887 1511 1013 1550 eum
1044 1496 1403 1565 prohibebam
1433 1505 1486 1552 et
1515 1494 1853 1552 narrationis
1880 1496 2048 1565 hujus

485 1585 905 1641 continuatione
938 1588 1108 1642 incisa
1137 1590 1205 1643 ab
1236 1603 1302 1644 eo
1334 1589 1584 1658 petebant
1607 1631 1621 1654 ,
1651 1598 1710 1643 ut
1741 1585 1807 1643 ad
1838 1597 2049 1644 sermo-

484 1694 608 1732 nem
638 1693 894 1735 reversus
919 1681 1281 1751 responderet
1311 1681 1444 1736 mihi
1474 1683 1834 1752 interroganti
1860 1681 1927 1735 de
1952 1695 2050 1750 pa-

487 1767 745 1821 triarchis
774 1777 829 1821 et
863 1768 1143 1837 episcopis
1164 1810 1177 1834 ,
1209 1769 1304 1838 qui
1337 1769 1457 1822 illas
1488 1768 1805 1837 provincias
1831 1767 2046 1822 ratione

481 1858 755 1912 sanctiore
795 1859 1138 1928 gubernandi
1180 1872 1344 1929 atque
1386 1859 1809 1914 administrandi
1845 1874 2045 1914 munus

2223 1400 2296 1458 B’.
2338 1404 2576 1456 Ἐκεῖνον
2603 1404 2648 1456 δ’
2695 1405 2773 1457 ἐτι
2810 1405 2902 1456 καὶ
2952 1403 3122 1456 πλείω
3173 1402 3397 1456 τοιαῦτα
3449 1405 3718 1470 συνείρειν

2150 1491 2476 1566 βουλόμενον
2513 1495 2686 1562 ἔγωγε
2731 1493 2994 1562 ἐπισχὼν,
3024 1494 3119 1570 καὶ
3160 1493 3220 1546 τὸ
3268 1497 3368 1562 τῆς
3411 1493 3716 1565 διηγήσεως

2146 1583 2329 1656 τεμὼν
2355 1587 2600 1655 συνεχὶς,
2633 1583 2924 1639 ἀναλαὸεῖν
2959 1585 3051 1638 τὸν
3081 1585 3237 1652 λόγον
3273 1586 3525 1638 ἐκέλευον
3553 1583 3711 1648 αὖθις

2156 1678 2254 1730 καὶ
2307 1676 2649 1747 ἁνερωτῶντί
2698 1693 2789 1746 μοι
2839 1675 3230 1746 ἀποκρίνεσθαι
3271 1678 3624 1746 πατριαρχῶν
3656 1692 3715 1729 τε.

2153 1767 2279 1836 πέρι
2327 1766 2424 1819 καὶ
2463 1766 2798 1831 ἐπισκόπων,
2831 1765 2945 1819 ὅσοι
2986 1765 3191 1818 διέπειν
3236 1767 3328 1818 καὶ
3367 1765 3588 1818 διοικεῖν
3615 1767 3714 1828 τὰς

2153 1859 2422 1929 ἐπαρχίας
2473 1857 2689 1920 ἐκείνας
2747 1857 2841 1910 τὸν
2904 1855 3192 1928 Ιερώτερον
3245 1856 3436 1926 ἔλαχον
3485 1856 3712 1928 τρόπον.

483 1949 664 2002 sortiti
703 1959 910 2004 essent.
955 1951 1168 2004 Homini
1211 1961 1392 2005 autem
1424 1951 1584 2006 valde
1616 1950 1952 2005 oblivionem
1987 1950 2040 2002 in

2154 1952 2256 2004 Καί
2284 1951 2615 2021 ἐμεμφόμην
2642 1949 2900 2011 ἐπιεικῶς
2924 1950 3020 2016 τῆς
3052 1948 3224 2017 λήθης
3271 1949 3361 2002 τὸν
3409 1949 3600 2019 ἄνδρα,
3630 1951 3712 2002 δτι

483 2040 840 2108 opprobrium
878 2041 1014 2094 verti
1039 2083 1052 2104 ,
1088 2041 1232 2111 quod
1272 2056 1359 2096 res
1394 2039 1616 2111 quidem
1652 2053 1761 2096 non
1796 2041 1872 2096 ita
1908 2039 2043 2096 mihi

480 2130 672 2182 auditu
725 2133 1069 2186 necessarias
1119 2147 1342 2187 narrare
1390 2142 1498 2187 tam
1545 2133 1710 2188 enixe
1757 2133 2043 2195 studeret,

486 2222 802 2276 memoriam
831 2233 1014 2277 autem
1047 2239 1236 2278 earum
1273 2239 1453 2278 rerum
1478 2263 1493 2289 ,
1523 2239 1647 2294 qua:
1679 2223 1837 2278 nobis
1869 2223 2043 2277 maxi-

481 2328 570 2366 me
601 2315 997 2384 cognoscendze
1030 2324 1216 2369 essent
1246 2323 1302 2369 et
1332 2331 1467 2386 quas
1505 2315 1724 2386 pietatis
1755 2329 1918 2370 causa
1948 2329 2046 2368 ve-

483 2417 643 2471 spera
680 2413 738 2458 et
777 2418 935 2458 mane
971 2412 1028 2458 et
1061 2402 1289 2458 meridie
1323 2402 1517 2458 audire
1547 2402 1764 2456 dulcius
1793 2400 1927 2455 mihi
1958 2401 2044 2454 vi-

483 2495 707 2550 deretur
743 2509 906 2565 quam
946 2496 991 2549 si
1033 2495 1260 2550 Crmsus
1293 2493 1478 2566 Lydus
1508 2493 1628 2546 auri
1665 2493 1798 2546 mihi
1830 2489 2046 2548 modios

483 2587 797 2658 largiretur,
817 2585 1095 2642 oblivione
1117 2584 1548 2656 profundissima
1571 2583 1864 2648 obruisset,
1887 2583 2044 2652 quasi

486 2695 595 2734 non
638 2679 754 2750 ipse
791 2686 938 2734 esset
978 2678 1022 2735 is
1047 2721 1060 2744 ,
1101 2679 1194 2749 qui
1239 2677 1456 2732 initium
1496 2691 1720 2729 suarum
1770 2673 2047 2728 narratio-

485 2787 617 2825 num
665 2769 733 2825 ab
773 2770 1031 2825 Ecclesia
1080 2768 1382 2838 naufragiis
1432 2765 1707 2829 duxisset,
1754 2763 1900 2834 quod
1944 2778 2047 2833 pro

481 2863 678 2932 patriis
711 2862 996 2932 religionis
1029 2860 1300 2916 institutis
1336 2859 1566 2914 Palama:
1599 2871 1738 2912 nova
1779 2865 1943 2927 atque
1984 2856 2048 2911 il-

485 2954 728 3024 legitima
779 2955 1034 3023 dogmata
1085 2953 1330 3022 irrepere
1377 2947 1608 3005 vidisset
1654 2948 1820 3018 idque
1866 2948 2045 3018 ipsum

477 3061 585 3114 pro
623 3055 788 3100 causa
829 3041 1210 3098 conversionis
1248 3053 1432 3097 rentm
1472 3041 1818 3111 publicarum
1857 3039 1912 3093 in
1953 3039 2049 3094 de-

486 3138 745 3191 terinrem
789 3135 1161 3191 conditionem
1202 3149 1424 3204 suaque
1469 3131 1853 3188 involuntarite
1906 3130 2049 3201 fuga

479 3229 788 3284 habuisset.
845 3229 1148 3294 Quamnam
1196 3239 1328 3282 vero
1366 3225 1562 3290 aliam,
1605 3223 1862 3292 inquam,
1902 3221 2045 3291 Opti-

484 3337 572 3374 me
629 3319 932 3374 amicorum
990 3315 1394 3387 Agathangele,
1445 3311 1688 3370 debebas
1743 3311 2046 3383 colligere?

482 3422 648 3477 quam
701 3408 862 3461 aliam
907 3405 1278 3460 narrationem
1331 3403 1435 3458 hac
1468 3404 1571 3472 21
1607 3403 2046 3472 praestantiorem

485 3510 654 3567 atque
707 3499 1090 3567 pretiosiorem
1133 3496 1364 3566 putabas
1403 3495 1538 3549 mihi
1577 3494 1924 3549 extrinsecus
1967 3492 2050 3546 af-

488 3592 634 3644 lerre
685 3590 887 3660 posse?
924 3588 1069 3657 quod
1123 3587 1271 3642 aliud
1324 3587 1703 3656 pulcherrimae
1753 3584 2051 3654 voluptatis

487 3682 869 3749 adjumettlum
916 3679 1120 3734 nostris
1157 3679 1516 3748 popularibus
1553 3677 1916 3731 orthodoxam
1956 3675 2049 3729 hic

488 3773 648 3826 ﬁdem
684 3772 1012 3827 tuentibus?
1053 3766 1156 3836 Qui
1202 3770 1422 3841 quidem
1467 3769 1650 3824 cuncti
1686 3769 2049 3824 vehementer

487 3863 714 3933 cupiant
737 3863 878 3917 scire
900 3905 914 3926 ,
942 3863 1220 3932 quomodo
1251 3870 1414 3917 tanta:
1447 3859 1776 3915 calamitatis
1798 3899 1813 3925 ,
1847 3863 2050 3929 quanta

489 3957 584 4010 Dei
611 3956 854 4010 Ecclesia
883 3955 1078 4009 alnicta
1101 3963 1219 4020 est,
1248 3953 1387 4007 fama
1415 3953 1634 4008 illorum
1663 3952 1833 4006 animi
1865 3949 2050 4005 aii‘ecti

488 4047 698 4102 fuerint
730 4061 854 4100 cum
879 4045 1097 4116 scriptis
1131 4045 1458 4099 monstrosis
1493 4044 1529 4098 ii
1551 4084 1566 4109 ,
1599 4043 1692 4113 qui
1725 4052 1838 4097 tum
1873 4043 2051 4096 domi-

490 4147 784 4206 nabantur,
811 4145 930 4214 pios
955 4143 1208 4198 homines
1231 4152 1347 4196 toto
1371 4139 1505 4196 orbe
1531 4150 1800 4194 terrarum
1824 4137 1878 4193 in
1905 4136 2053 4191 frau-

492 4238 616 4292 dem
650 4235 912 4292 inducere
945 4236 1325 4289 adniterentur
1349 4232 1707 4301 omniumque
1735 4230 2051 4286 societatem

487 4338 650 4398 atque
685 4341 1017 4381 consensum
1050 4323 1208 4394 quasi
1253 4334 1518 4392 tropaeum
1561 4320 1836 4390 quoddam
1888 4329 2052 4374 tanta:

493 4418 860 4484 improbitatis
892 4416 998 4472 sibi
1032 4429 1227 4485 parare
1260 4413 1551 4468 ambitiose
1582 4413 1892 4466 studerent.

561 4507 653 4560 lll.
685 4505 839 4571 Quod
871 4519 998 4559 cum
1033 4517 1134 4573 ego
1161 4503 1421 4558 dixissem
1446 4539 1460 4564 ,
1492 4501 1900 4570 Agathangelus
1930 4513 2052 4555 ser-

2149 2039 2255 2096 τῶν
2285 2043 2360 2114 μὴ
2392 2044 2532 2096 πάνυ
2557 2060 2608 2095 τι
2639 2041 2956 2109 ἀναγκαίων
2985 2040 3160 2110 ἔμοιγ’
3193 2040 3413 2093 ἀκούειν
3445 2042 3504 2092 ἐν
3540 2056 3712 2108 φρον-

2145 2134 2251 2186 τίδι
2301 2133 2668 2202 ποιησάμενος
2711 2133 2777 2201 τῇ
2826 2130 3058 2203 μεγίστῃ
3089 2130 3364 2196 διεξιέναι,
3392 2123 3466 2182 ὧν
3497 2131 3628 2199 ἡμῖν
3655 2130 3713 2192 ἐς

2147 2225 2215 2278 τά
2248 2224 2468 2294 μάλισθ’
2517 2224 2729 2294 ὑπῆρχε
2773 2221 3070 2291 μανθάνειν
3115 2222 3353 2291 ἀνάγκη,
3396 2225 3491 2278 καὶ
3518 2215 3593 2276 ὧν
3622 2222 3713 2274 εὖ·

2149 2315 2361 2378 σεόείας
2414 2315 2577 2368 ἓνεκα
2618 2314 2858 2384 ἑσπέρας
2899 2315 2992 2366 καὶ
3056 2313 3201 2383 πρωῒ
3235 2314 3328 2366 καὶ
3361 2312 3713 2382 μεσημϐρίας

2146 2405 2366 2460 ἀκούειν
2405 2404 2554 2477 ἥδιον
2599 2403 2776 2468 ἔδοξεν
2816 2403 2882 2457 ἄν
2929 2423 3020 2474 μοι
3066 2405 3100 2475 ἢ
3145 2405 3381 2475 Κροίσου
3414 2403 3508 2457 τοῦ
3539 2405 3712 2457 Λυδοῦ

2146 2499 2361 2568 χρυσῶν
2398 2515 2486 2566 μοι
2517 2500 2760 2569 χοίνικας
2807 2497 3205 2566 παρεχομένου,
3240 2497 3448 2550 τούτων
3479 2497 3525 2550 δ’
3552 2495 3714 2560 αὐτὸς

2145 2589 2243 2658 τὴν
2299 2587 2521 2658 μνήμην
2572 2588 2741 2658 λήθης
2794 2590 3028 2658 μακροῖς
3093 2589 3364 2658 πυθμέσιν
3417 2588 3710 2658 ἐκάλυψεν,

2147 2677 2336 2748 ὥσπερ
2366 2678 2431 2731 ἂν
2459 2678 2508 2732 εί
2552 2677 2626 2749 μὴ
2659 2679 2821 2742 αὐτὸς
2849 2674 2916 2749 ἦν
2939 2679 2968 2732 δ
3002 2679 3263 2750 προοίμια
3293 2679 3402 2734 τῶν
3438 2680 3715 2750 σφετέρων

2149 2768 2446 2838 πεπραχὼς
2491 2767 2796 2839 διηγήσεων
2843 2769 2912 2822 τὰ
2962 2767 3060 2838 τῆς
3089 2765 3420 2837 Ἐκκλησίας
3454 2766 3712 2833 ναυάγια,

2146 2861 2228 2914 ὅτι
2257 2860 2364 2912 τῶν
2393 2860 2635 2928 πατρίων
2661 2859 2906 2930 νομίμων
2945 2861 3044 2931 τῆς
3073 2860 3352 2924 εύσεδείας
3383 2859 3714 2930 ἐπίπροσθεν

2145 2953 2214 3006 τὰ
2264 2951 2359 3004 τοῦ
2420 2950 2657 3021 Παλαμᾶ
2715 2950 2880 3004 καινά
2928 2967 2986 3003 τε
3031 2953 3124 3004 καὶ
3161 2949 3224 3022 [ί.
3254 2952 3322 3006 99
3363 2949 3417 3020 b]
3469 2950 3711 3020 ἐκθεσμα

2147 3044 2547 3112 παρεισρέοντα
2623 3041 2920 3110 πεφώρακε
2999 3041 3282 3110 δόγματα,
3345 3043 3442 3094 καὶ
3508 3041 3710 3110 ταύτην

2149 3134 2402 3197 ἐπιεικῶς
2456 3133 2637 3186 αἰτίαν
2689 3130 2977 3201 τιθέμενος
3027 3132 3127 3201 τῆς
3176 3150 3235 3186 τε
3281 3133 3390 3186 τῶν
3423 3133 3716 3188 πολιτικῶν

2151 3229 2241 3280 ἐπὶ
2271 3226 2331 3280 τὸ
2368 3227 2550 3296 χεῖρον
2601 3225 2947 3294 πραγμάτων
2975 3225 3293 3295 ἀνατροπῆς
3323 3225 3417 3279 καὶ
3471 3227 3587 3296 ἅμα
3616 3231 3716 3299 τῆς

2151 3318 2398 3373 ἐντεῦθεν
2457 3317 2714 3371 ἀκουσίου
2770 3317 2947 3387 φυγῆς
3004 3316 3224 3373 ἑαυτοῦ.
3277 3318 3386 3372 Καὶ
3435 3318 3556 3372 τίνα
3605 3322 3714 3390 γὰρ

2150 3411 2318 3481 ἀλλην
2355 3411 2523 3482 ἐχρῆν
2569 3428 2628 3464 σε
2667 3412 2994 3478 συναγαγεῖν
3049 3410 3312 3482 ἱστορίαν,
3349 3409 3590 3480 βέλτιστε
3625 3413 3716 3482 φί-

2149 3504 2278 3568 λων,
2296 3501 2554 3570 ἔφασκον,
2595 3501 2968 3568 Ἀγαθάγγελε
2994 3519 3008 3566 ;
3040 3501 3173 3554 Τίνα
3205 3501 3251 3554 δ’
3285 3502 3451 3572 ἄλλην
3481 3502 3714 3572 κρείττω

2151 3595 2244 3646 καὶ
2270 3592 2603 3664 τιμιωτέραν
2631 3593 2838 3662 ταύτης
2872 3592 3058 3663 ᾠήθης
3092 3593 3214 3661 ἐμοὶ
3248 3595 3463 3662 κομιεῖν
3488 3595 3709 3662 ἀφήγη-

2154 3701 2238 3738 σιν
2278 3681 2497 3750 έξωθεν,
2550 3685 2643 3738 καὶ
2689 3687 2803 3757 ἀμα
2849 3685 2957 3737 τῶν
2999 3681 3292 3754 ὀρθοδόξων
3320 3687 3431 3747 τοῖς
3469 3685 3716 3738 ἐνταυθοῖ

2154 3773 2491 3843 πατριώταις
2557 3774 2751 3845 ἡδονῆς
2817 3774 2916 3843 τῆς
2987 3773 3275 3845 βελτίστης
3334 3775 3541 3843 ἐφόδια,
3593 3776 3715 3830 λίαν

2154 3864 2462 3932 ἐφιεμένοις
2507 3865 2675 3919 ἅπασι
2730 3867 2922 3936 μαθεῖν
2967 3866 3113 3929 ὅπως
3161 3867 3450 3927 κάκείνους
3487 3868 3517 3936 ἡ
3555 3869 3713 3938 φήμη

2155 3957 2262 4010 τῶν
2295 3951 2394 4011 ὦδε
2427 3957 2720 4028 συμφορῶν
2758 3957 2855 4027 τῆς
2887 3957 2980 4012 τοῦ
3025 3957 3159 4011 Θεοῦ
3204 3957 3449 4027 διέθηκεν
3479 3959 3711 4029 Ἐκκλη-

2157 4049 2298 4114 σίας,
2327 4051 2567 4120 γραφαῖς
2596 4049 2924 4118 τερατώδεσι
2956 4051 3065 4103 τῶν
3099 4049 3331 4103 ἐνταῦθα
3359 4051 3712 4104 δυναστευόν-

2153 4154 2260 4189 των
2307 4137 2432 4199 toi);
2467 4137 2715 4207 πανταχῆ
2767 4139 2865 4208 τῆς
2913 4137 3241 4208 οἰκουμένης
3287 4137 3532 4201 εὐσεϐεῖς
3567 4140 3714 4191 ἐπει-

2155 4229 2402 4298 γομένων
2431 4229 2728 4300 ἐξαπατᾷν,
2763 4229 2859 4282 καὶ
2889 4229 3340 4298 φιλονεικούντω)
3371 4229 3470 4300 τὴν
3497 4247 3711 4283 παντα-

2158 4318 2314 4388 χόθεν
2365 4318 2641 4388 ἑταιρείαν
2690 4336 2750 4373 τε
2811 4324 2905 4373 καὶ
2961 4319 3252 4390 ὁμολογίαν
3305 4319 3406 4391 τῆς
3457 4321 3716 4392 τοιαύτης

2157 4411 2354 4473 κακίας
2387 4409 2496 4465 οἷόν
2524 4429 2578 4465 τι
2609 4411 2952 4481 καρποῦσθαι
2982 4413 3262 4481 τρόπαιονς

2228 4501 2302 4557 Γ.
2331 4502 2499 4555 Ταῦτ’
2540 4503 2674 4572 ἐμοῦ
2707 4520 2771 4572 γε
2802 4503 3113 4569 διεξιόντος,
3155 4502 3443 4556 ὑπολαϐὼν
3479 4503 3508 4556 ὁ
3553 4504 3716 4574 Ἀγα-

493 4613 708 4654 monem
735 4597 1016 4667 excipiens
1066 4613 1080 4648 :
1106 4594 1258 4656 Mihi,
1282 4593 1482 4662 inquit,
1513 4591 1709 4646 melius
1735 4592 1913 4646 visum
1939 4599 2047 4654 est,

2161 4591 2448 4662 θάγγελος,
2473 4594 2628 4664 Ἐμοὶ
2643 4595 2698 4647 δέ
2723 4595 2951 4666 βέλτιον,
2981 4594 3170 4665 ἔφησε,
3195 4595 3462 4662 δέδοκται,
3482 4596 3600 4649 θεία
3626 4616 3716 4666 μοι

491 4691 797 4747 odiviuum
848 4689 1050 4757 caput!
1094 4688 1150 4740 in
1193 4685 1302 4738 line
1363 4685 1525 4754 hujus
1579 4682 1912 4737 narrationis
1965 4683 2057 4736 illa

491 4781 719 4839 seorsim
741 4788 1073 4850 pertractare
1095 4786 1261 4845 atque
1293 4776 1574 4844 persequi,
1601 4773 1693 4827 ubi
1726 4773 1861 4827 nihil
1898 4786 2059 4843 pror-

493 4891 624 4938 sus,
671 4873 818 4944 quod
868 4886 961 4925 res
1003 4865 1342 4924 confundere
1373 4875 1537 4934 atque
1575 4864 1800 4919 turbare
1840 4872 2056 4934 posset,

486 4965 930 5022 subaudiendum
975 4969 1159 5023 esset;
1194 4971 1302 5028 qua
1338 4957 1560 5026 quidem
1605 4957 1660 5010 in
1708 4971 1765 5010 re
1814 4957 1896 5010 sic
1945 4957 2058 5010 fere

489 5055 832 5118 statuebam,
871 5050 1156 5104 historiam
1189 5046 1558 5100 universales]
1592 5052 1651 5099 et
1688 5045 2010 5099 saecularem
2041 5083 2056 5108 ,

489 5157 559 5200 ut
603 5145 848 5200 breviter
889 5142 1102 5202 dicam,
1143 5135 1369 5192 diil'erre
1416 5133 1486 5188 ab
1532 5136 1761 5189 historia
1795 5135 2058 5189 ecclesia-

497 5238 635 5292 stica
667 5245 724 5290 et
757 5234 1044 5301 utriusque
1070 5228 1503 5296 descriptionem
1531 5226 1865 5292 peculiarem
1895 5234 2058 5295 atque

496 5335 804 5399 separatam
861 5338 1018 5388 esse,
1078 5331 1368 5386 utramque
1425 5317 1677 5372 diversas
1735 5317 2060 5386 plerumque

499 5435 622 5484 res,
653 5431 762 5470 non
793 5413 1012 5468 easdem
1045 5409 1359 5479 complecti.
1391 5409 1527 5463 Cum
1559 5418 1740 5462 autem
1775 5418 1832 5462 tu
1875 5406 2062 5476 dupli-

497 5525 617 5564 cem
643 5507 886 5562 laborem
921 5517 1021 5574 pro
1051 5501 1285 5570 simplici
1318 5500 1372 5554 in
1405 5509 1455 5554 te
1481 5499 1761 5566 suscipere
1797 5500 2059 5566 volucris,

498 5608 556 5655 et
597 5612 722 5669 qum
767 5597 959 5651 eodem
1008 5607 1254 5661 tempore
1301 5592 1354 5645 in
1407 5603 1640 5660 utroque
1689 5605 1886 5660 genere
1931 5603 2062 5644 eve-

502 5687 679 5750 niant,
725 5700 836 5738 uno
892 5683 1360 5752 comprehendere
1423 5681 1702 5734 volumine
1763 5679 2063 5732 constitue-

502 5780 578 5832 ris
600 5819 612 5842 ,
647 5793 716 5832 ne
745 5792 845 5844 ego
870 5776 1089 5845 quidem
1119 5775 1232 5828 ullo
1265 5782 1421 5842 pacto
1453 5787 1541 5825 ms
1570 5771 1765 5824 eodem
1794 5772 2062 5839 temporis

503 5871 678 5937 spatio
707 5881 885 5940 gestas
911 5866 1248 5936 conjunctim
1280 5863 1531 5934 persequi
1566 5862 1967 5926 dubitaverim,
2003 5874 2060 5916 ut

2160 4688 2391 4754 κεφαλὴ,
2427 4686 2786 4750 τελευτῶντος
2838 4705 2928 4758 μοι
2964 4685 3115 4739 τοῦδε
3163 4687 3258 4739 τοῦ
3315 4688 3473 4756 λόγου
3515 4688 3720 4753 διεξελο

2161 4774 2273 4829 θεῖν
2312 4775 2472 4839 εὐθὺς
2523 4775 2852 4829 ἀπολαύοντι
2898 4776 3069 4847 χωρὶς
3111 4777 3316 4843 ἐκεῖνα,
3355 4777 3581 4847 μηδενθλς
3624 4779 3719 4831 ταῦ

2163 4870 2386 4940 συγχεῖν
2429 4869 2726 4937 δυναμένου
2775 4871 2958 4936 σφίσιν
3009 4869 3143 4931 ὅλως
3183 4871 3718 4933 συνυπακουομένου,

2159 4959 2304 5020 ὅπως
2336 4959 2452 5010 ποτ’
2480 4960 2572 5010 ἐπὶ
2600 4957 2724 5011 νοῦν
2747 4957 2990 5026 εἰληφότι
3029 4958 3305 5010 διεστάναι
3333 4957 3441 5010 τῶν
3483 4957 3717 5011 καθόλου

2165 5050 2256 5100 καὶ
2282 5049 2563 5115 κοσμικῶν
2589 5049 2772 5111 ἁπλῶς
2804 5049 2978 5102 εἰπεῖν
3006 5048 3074 5101 τὰ
3107 5050 3205 5117 τῆς
3252 5050 3713 5117 ἐκκλησιαστικῆς

2173 5137 2459 5208 Ἱστορίας,
2492 5141 2587 5191 καὶ
2615 5139 2751 5193 ίδίαν
2773 5139 2871 5208 μέν
2901 5136 3039 5193 εἶναι
3061 5141 3286 5209 ταυτηνὶ
3315 5143 3718 5210 πραγματείαν,

2164 5229 2301 5282 ίδίαν
2332 5228 2378 5281 δ’
2426 5229 2664 5298 ἐκείνην,
2699 5234 2791 5282 καὶ
2824 5230 2995 5284 ἄλλων
3024 5231 3289 5300 ἑκατέραν
3332 5229 3407 5292 ὡς
3443 5229 3510 5282 τὰ
3553 5231 3721 5284 πολλὰ

2162 5321 2254 5373 καὶ
2282 5319 2340 5370 ού
2365 5317 2474 5371 τῶν
2500 5317 2699 5373 αὐτῶν.
2744 5321 2899 5373 Ἐπεὶ
2935 5320 2992 5373 δέ
3025 5317 3088 5373 συ
3129 5320 3354 5374 διπλοῦν
3384 5321 3500 5374 ἀνθ’
3548 5321 3720 5374 ἁπλοῦ

2162 5407 2251 5458 τὸν
2285 5407 2459 5459 λπῦνον
2511 5406 2860 5475 ἀναδέχεσθαι
2907 5408 3072 5470 εῖλου,
3124 5410 3218 5461 καὶ
3257 5408 3293 5462 ἀ
3337 5410 3427 5461 τὸν
3471 5409 3631 5461 αὑτὸν
3667 5409 3724 5461 ἐν
3762 5457 3770 5470 ,

2163 5499 2445 5567 ἑκατέροις
2493 5499 2798 5567 συμπίπτει
2846 5500 3090 5568 γίνεσθαι
3154 5501 3343 5569 χρόνον
3406 5500 3572 5568 βίϐλῳ
3627 5502 3725 5570 μιᾷ.

2165 5588 2467 5640 συντιθέναι
2505 5605 2587 5640 σοι
2629 5589 2894 5652 δέδοκται,
2929 5591 3029 5643 ούκ
3067 5591 3132 5643 ἂν
3159 5590 3268 5643 οὐδ’
3309 5589 3468 5651 aia-:5;
3514 5591 3724 5658 οὐδαμῆ

2164 5697 2225 5748 γε
2281 5681 2574 5750 ὀκνήσαιμι
2630 5683 2697 5736 τὰ
2760 5684 2860 5750 τῆς
2910 5684 3079 5754 αὐτῆς
3131 5685 3189 5734 ἐν
3246 5685 3425 5752 ταυτῴ
3478 5685 3726 5750 περιόδου

2163 5770 2416 5834 διεξιέναι
2468 5772 2792 5842 συλλήϐδην,
2822 5775 2942 5825 ἐπεὶ
2975 5778 3068 5826 καὶ
3112 5775 3312 5842 τρόπον
3357 5776 3544 5843 ἓτερον
3595 5776 3730 5843 πρό-

2165 5878 2322 5930 τερον
2363 5864 2662 5931 (εἰρήσεται
2693 5866 2796 5934 γὰρ
2842 5865 3091 5936 τάληθὲς)
3124 5866 3344 5920 ἐδεδίειν
3396 5869 3535 5938 μάλα
3569 5869 3728 5930 αὐτὸς
