4050 6556
382 423 448 489 i3
1351 426 1800 494 BYZANTINIE
1839 427 2225 494 HISTORIA!
2268 430 2415 491 LIB.
2457 431 2631 495 XXV.
3567 429 3634 495 li

379 533 603 597 ἐκείνως
625 533 908 602 διεξιέναι,
944 534 1038 588 καὶ
1074 535 1317 606 μιγνύων
1367 541 1478 604 τοῖς
1507 543 1735 600 τοιοῖσδε
1777 543 1843 598 τὰ
1883 543 1947 619 μὶ

2062 543 2159 611 qui
2191 546 2303 614 jam
2340 553 2536 610 antea,
2574 554 2634 602 ut
2670 560 2862 604 verum
2904 544 3002 606 tibi
3038 545 3255 612 dicam,
3289 562 3374 608 res
3410 547 3512 620 ista
3545 564 3637 604 ra-

377 625 555 683 τοιάδε
603 625 702 695 τὴν
740 625 840 697 σὴν
888 627 1058 700 ἀκοὴν
1105 632 1449 697 ἀποκναίειν,
1482 632 1579 686 καὶ
1626 632 1803 692 ταῦτα
1857 633 1952 692 νῦν

376 715 522 770 οὕτω
570 716 749 786 λύπης
810 719 1026 788 ἔχοντος
1077 721 1276 789 ἄλλως,
1316 726 1408 777 ὅτε
1456 725 1692 795 μάλιστα
1731 724 1951 784 πάντων

377 805 574 862 ἅπαντ’
617 807 804 864 ἐκεῖνα
864 809 1086 879 μνήμης
1137 812 1358 882 ἀπάσης
1416 811 1610 868 ὄπισθε
1675 811 1952 868 ποιεῖσθαι

377 898 478 954 οὐκ
532 898 681 956 ἐστιν
736 899 860 952 ὅθεν
917 899 980 953 οὒ
1045 903 1138 956 καὶ
1173 902 1321 969 ὅπως
1369 901 1430 961 οὒ
1483 901 1840 973 βεϐούλημαι,
1871 897 1952 967 οἷς

378 989 577 1058 βάρους
611 991 934 1049 ἐνέστακται
969 995 1248 1065 πρόφασις
1293 993 1544 1052 ὁπωσοῦν
1586 996 1678 1053 καὶ
1708 996 1949 1053 ὁθενοῦν.

376 1080 491 1136 Νῦν
538 1081 588 1136 δ’
641 1083 832 1153 ἐπειδὴ
873 1084 956 1142 σοί
1005 1102 1070 1155 γε
1120 1085 1269 1142 τοῦθ’
1319 1086 1471 1157 ἥδιον
1526 1087 1738 1146 ἐκείνου
1771 1087 1954 1158 πολλῷ

378 1173 638 1240 μανθάνω
696 1173 908 1240 δοκετν,
963 1177 1205 1248 ἄσμενος
1278 1177 1436 1247 κάγὼ
1499 1168 1705 1234 λοιπὸν
1752 1179 1953 1239 αὐτίκα

377 1265 524 1333 μάλα
549 1265 646 1334 τὴν
669 1266 768 1336 σὴν
791 1266 888 1336 τῆς
922 1268 1065 1339 ἐμῆς
1097 1269 1509 1340 ἀνθαιρήσομαι
1539 1269 1822 1341 βούλησιν.
1845 1273 1953 1326 Καὶ

372 1357 426 1408 τί
463 1357 571 1426 γὰρ
599 1357 729 1412 ἄλλο
755 1357 862 1416 τῶν
891 1359 1069 1414 ἄλλων
1097 1361 1304 1427 δόξειεν
1345 1357 1412 1420 αὖ
1455 1361 1952 1436 εὐδαιμονέστερον

373 1446 563 1514 ἔμοιγε
603 1445 699 1498 νῦν
736 1445 769 1516 ἢ
823 1445 908 1502 σοί
964 1463 1027 1516 γε
1073 1448 1144 1506 τὰ
1192 1447 1422 1507 τοιαῦτα
1460 1448 1794 1520 χαρίζεσθαι
1842 1450 1954 1504 τῶν

372 1536 753 1606 διηγημάτων,
780 1530 856 1598 ὧν
886 1540 1010 1609 ἐμοὶ
1039 1541 1140 1612 μὲν
1176 1543 1310 1614 ῥᾷον
1335 1541 1510 1609 οὐδὲν,
1543 1541 1628 1599 σοὶ
1655 1541 1711 1599 δὲ
1746 1543 1955 1613 βέλτιον

369 1631 524 1685 οὐδέν
547 1653 563 1698 ;
1605 1673 1608 1678 -

443 1722 518 1779 A'.
593 1725 757 1780 Ἀλλὰ
823 1726 932 1796 γὰρ
981 1726 1010 1779 δ
1063 1726 1283 1796 ἑταῖρος
1351 1729 1488 1799 ἡμῖν
1552 1729 1954 1799 Ἀγαθάγγελος

369 1816 596 1870 τοιαῦτα
644 1818 744 1886 μὲν
786 1817 928 1887 ὑπὲρ
975 1812 1052 1871 ὦν
1112 1818 1460 1888 σεσιώπηκεν
1525 1821 1949 1892 ἁπολελόγηται,

2059 634 2208 688 tione
2224 635 2330 705 22
2344 651 2621 706 exponere
2646 636 2805 694 valde
2829 637 3040 694 veritus
3060 638 3184 707 sint,
3207 653 3273 694 ne
3292 639 3572 694 diversarn
3583 656 3632 694 ιιι

2057 740 2242 784 rerum
2290 729 2762 799 conglutinationo
2821 737 2943 790 tuas
2990 747 3155 786 aures
3233 731 3636 796 obtunderem,

2055 820 2185 878 satis
2200 821 2314 892 jam
2352 823 2702 884 contristatae
2720 822 2809 880 ubi
2844 823 3100 891 maxime,
3143 822 3512 893 quodcunque
3550 824 3635 877 vel

2057 912 2295 974 minimae
2323 913 2588 974 molestiae
2610 930 2939 985 quacunque
2962 930 3028 970 ex
3054 930 3220 972 causa
3249 914 3493 970 eﬂiciens
3512 929 3636 970 esse

2055 1013 2278 1073 posset,
2328 1004 2383 1062 id
2435 1005 2504 1062 ab
2548 1005 2701 1062 omni
2756 1007 3294 1062 commemoratione
3342 1007 3635 1077 sejungere

2059 1112 2169 1155 non
2201 1097 2356 1167 potui
2400 1112 2508 1157 non
2561 1098 2616 1152 in
2664 1096 2910 1158 animum
2957 1097 3243 1156 inducere.
3295 1097 3454 1156 Nunc
3503 1113 3636 1152 vero

2058 1201 2184 1244 cum
2221 1187 2318 1242 tibi
2363 1188 2538 1246 multo
2577 1189 2788 1258 gratius
2818 1189 2923 1250 hac
2954 1189 3173 1250 ratione
3198 1206 3364 1260 quam
3395 1190 3509 1253 illa,
3544 1204 3633 1243 res

2055 1293 2320 1333 enarrare
2350 1278 2527 1336 videri
2561 1280 2915 1350 cognoverim
2939 1321 2955 1346 .
3016 1282 3276 1342 lubenter
3310 1284 3424 1353 jam
3476 1292 3630 1341 tuum

2053 1370 2346 1426 consilium
2385 1386 2508 1427 meo
2542 1381 2902 1443 anteponam.
2937 1373 3082 1440 Quid
3117 1374 3275 1436 enim
3308 1372 3458 1433 aliud
3494 1373 3630 1435 mihi

2058 1477 2209 1517 nunc
2255 1463 2608 1532 praestantius
2655 1463 2832 1524 videri
2885 1475 3100 1535 potest,
3146 1479 3312 1536 quam
3359 1467 3496 1523 tales
3533 1466 3634 1522 tibi

2059 1551 2412 1610 narrationes
2437 1569 2744 1623 proponere
2765 1596 2779 1622 ,
2812 1555 3014 1626 quibus
3040 1557 3179 1614 nihil
3213 1558 3350 1619 mihi
3381 1557 3633 1627 facilius.

2061 1641 2166 1698 tibi
2201 1642 2340 1698 nihil
2377 1644 2574 1700 melius
2611 1654 2714 1700 est.

2131 1734 2221 1790 ιν.
2255 1735 2383 1792 Haec
2409 1737 2576 1808 igitur
2601 1749 2959 1810 posteaquam
2985 1741 3396 1816 Agathangelus
3414 1747 3632 1805 amicus

2063 1827 2131 1883 de
2160 1829 2227 1886 iis
2249 1846 2372 1901 qua:
2397 1833 2618 1888 silentio
2644 1836 2952 1904 transisset,
2978 1838 3044 1892 ad
3072 1853 3225 1893 suam
3249 1839 3630 1898 defensionem

367 1908 600 1963 τοιαῦτα
642 1909 701 1962 δέ
755 1911 897 1980 ὑπὲρ
928 1903 1005 1964 ὧν
1036 1911 1315 1980 φθέγξαιτ’
1355 1911 1423 1966 ἂν
1471 1914 1552 1977 είς
1598 1890 1829 1969 905m“
1853 1919 1947 1986 τῆς

2059 1923 2312 1991 protulit,
2339 1923 2405 1979 de
2433 1924 2502 1981 iis
2521 1942 2642 1996 quae
2661 1927 2714 1982 in
2737 1931 2990 2000 sequenti
3014 1936 3334 1989 narratione
3359 1935 3637 1994 relaturus

369 1999 681 2071 διηγήσεως
705 2001 1103 2072 ἐπηγγέλλετο,
1139 2003 1250 2058 τῶν
1281 2005 1381 2072 μὲν
1415 2003 1702 2076 προτέρων
1735 2007 1952 2076 σμικρὰ

366 2091 857 2162 ἐπαναλαμϐάνειν
883 2093 971 2147 διὰ
998 2093 1060 2148 τὸ
1089 2095 1190 2166 ήδη
1231 2097 1488 2166 εἰρῆσθαι
1513 2097 1583 2151 τὰ
1615 2098 1810 2164 πλείω,
1834 2101 1949 2162 τοῖς

366 2185 417 2236 δ’
458 2184 675 2239 ἐπιοῦσι
725 2185 836 2239 τῶν
893 2188 1210 2256 ἀναγκαίων
1283 2189 1451 2259 μηδὶν
1517 2189 1952 2261 ὑπισχνούμενος

365 2277 758 2346 παραλείπειν.
798 2279 1074 2350 Ἐντυχείν
1109 2280 1208 2350 μὲν
1250 2276 1345 2340 οὖν
1387 2280 1544 2349 ἔλεγε
1577 2282 1808 2336 καὶτῶν
1856 2299 1953 2352 με-

373 2370 693 2440 ρικωτέρων
740 2372 1056 2425 ἐπισκόπων
1103 2371 1221 2424 δσοι
1261 2372 1381 2426 καθ’
1422 2373 1490 2438 ἃς
1523 2373 1686 2436 αὐτὸς
1735 2374 1950 2446 περιῄει

366 2463 566 2530 κώμας
625 2464 724 2518 καὶ
770 2463 955 2527 πόλεις
1007 2465 1308 2535 ἐτύγχανον
1357 2464 1532 2533 ὄντες,
1590 2467 1838 2537 ἐντυχεῖν
1891 2466 1950 2521 δέ

367 2550 435 2623 [ί.
469 2552 573 2607 {UO
602 2551 660 2624 a]
719 2553 956 2622 μάλιστα
989 2554 1052 2624 δὴ
1094 2557 1464 2627 πατριάρχαις
1506 2557 1710 2624 αὐτοῖς,
1746 2560 1950 2630 Γρηγο·

367 2647 474 2714 ρίῳ
505 2663 564 2697 τε
587 2645 792 2718 δηλαδὴ
838 2647 915 2715 τῷ
950 2646 1359 2718 Ἀλεξανδρείας
1394 2649 1490 2702 καὶ
1531 2649 1782 2721 Ἰγνατίῳ
1824 2651 1948 2705 Ἀν-

362 2736 632 2806 τιοχείας,
686 2739 784 2791 καὶ
843 2738 1014 2809 τρίτῳ
1066 2738 1125 2802 ὃς
1183 2739 1316 2810 πρὶν
1377 2739 1410 2810 ἢ
1467 2740 1724 2810 Λάζαρον
1783 2743 1947 2812 τῆτες

364 2830 551 2882 ἐκεῖσε
616 2829 872 2898 ἀφῖχθαι,
914 2828 1007 2888 τὸν
1075 2829 1482 2902 πατριαρχικδν
1546 2830 1947 2901 Ἱεροσολύμων

362 2919 539 2971 διεῖπε
578 2920 768 2989 θρόνον
787 2936 802 2951 ν
829 2922 891 2973 τὸ
917 2920 1026 2988 γάρ
1058 2920 1140 2973 τοί
1165 2937 1230 2990 γε
1255 2921 1429 2990 ὄνομα
1464 2920 1715 2993 ἐλελήθει
1747 2940 1815 2992 με
1846 2923 1944 2977 τοῦ

360 3011 581 3080 ἀνδρός.
618 3011 891 3080 Ἐντυχεῐν
929 3009 975 3064 δ’
1019 3010 1114 3071 οὖν
1158 3014 1216 3064 ἐν
1265 3012 1544 3083 διαφόροις
1579 3013 1755 3068 ἄλλοτ’
1798 3014 1946 3085 ἄλλῳ

362 3102 480 3163 τοῖς
511 3101 718 3164 τόποις,
749 3099 876 3154 ἔνθα
934 3101 1032 3155 καὶ
1081 3101 1180 3171 τὴν
1237 3101 1449 3156 δίαιταν
1501 3103 1735 3167 ἕκαστος
1790 3104 1946 3176 ἔτυχε

2053 2023 2232 2081 esset,
2264 2016 2544 2085 professus
2572 2028 2677 2084 est,
2705 2037 2766 2078 se
2796 2038 2971 2093 pauca
3006 2035 3219 2082 tantum
3250 2045 3316 2084 ea
3350 2031 3635 2100 prioribus

2059 2117 2416 2178 recepturum
2445 2125 2569 2167 esse
2604 2123 2897 2184 propterea
2929 2117 3076 2188 quod
3115 2122 3378 2193 majorem
3417 2134 3632 2194 partem

2054 2197 2165 2267 jam
2207 2203 2586 2270 exposuisset,
2623 2206 2825 2264 deinde
2865 2226 2997 2266 vero
3038 2212 3210 2278 nihil,
3249 2218 3397 2285 quod
3437 2235 3633 2276 neces-

2055 2290 2261 2345 sarium
2296 2303 2478 2361 esset,
2513 2310 2573 2351 se
2603 2299 2938 2355 omissurum
2977 2305 3252 2372 promisit.
3288 2306 3631 2368 Convenisse

2057 2380 2226 2450 igitur
2261 2397 2320 2438 se
2356 2385 2581 2444 dicebat
2627 2401 2830 2459 prreter
2881 2396 3245 2466 particulares
3290 2404 3583 2476 episcopos
3607 2446 3622 2472 ,

2053 2486 2193 2542 quos
2220 2474 2276 2530 in
2303 2476 2540 2549 singulis
2567 2482 2706 2538 vicis
2733 2486 3074 2559 urbibusque
3098 2492 3454 2561 otl'endisset,
3483 2474 3629 2570 prae-

2055 2564 2249 2618 sertim
2281 2566 2429 2636 ipsos
2458 2572 2831 2640 patriarchas,
2865 2576 3228 2650 Gregorium,
3255 2564 3628 2655 patriam-bam

2061 2651 2439 2723 Alexandriae,
2485 2659 2753 2730 lgnatium
2793 2667 3136 2736 Antiochim,
3182 2651 3405 2732 tertium
3456 2696 3584 2735 eum
3612 2722 3628 2746 ,

2055 2745 2150 2814 qui
2197 2745 2596 2820 Hierosolymis
2646 2757 3086 2820 patriarcbicum
3137 2766 3336 2821 solium
3388 2745 3633 2830 obtinuit

2053 2845 2183 2893 ante
2233 2838 2540 2909 Lazarum,
2591 2845 2686 2915 qui
2738 2847 2842 2904 hoc
2887 2867 3033 2907 anno
3087 2869 3154 2911 eo
3191 2858 3381 2926 venit;
3424 2878 3625 2920 nomen

2052 2939 2237 2986 autem
2283 2932 2386 2988 viri
2431 2950 2517 2991 me
2555 2937 2716 3006 fugit.
2755 2939 3096 3002 Convenisse
3135 2964 3193 3005 se
3236 2951 3405 3021 igitur
3454 2957 3625 3013 alium

2051 3020 2158 3091 23
2207 3023 2316 3079 alio
2357 3025 2515 3093 loco,
2565 3028 2660 3084 ubi
2707 3045 2862 3088 suam
2911 3037 3142 3108 quisque
3190 3020 3322 3100 tunc
3366 3051 3626 3118 temporis

2049 3113 2234 3168 sedem
2273 3115 2497 3174 ﬁxisset.
2540 3120 2718 3192 Atque
2753 3125 2990 3194 primum
3025 3132 3247 3202 quidem
3288 3138 3364 3193 ait
3402 3113 3627 3198 se'con-

362 3194 669 3264 τηνικαῦτα
719 3195 1064 3262 ποιούμενος.
1112 3193 1222 3246 Καὶ
1264 3196 1335 3252 τὰ
1389 3193 1490 3265 μέν
1541 3195 1737 3264 πρῶτά
1779 3213 1947 3266 φησιν

2052 3206 2210 3262 viciis
2240 3218 2295 3264 et
2323 3212 2613 3270 calumniis
2635 3215 2704 3270 ab
2736 3193 2848 3272 illis
2880 3193 3209 3294 exagitatam
3243 3243 3398 3298 esse;
3438 3249 3535 3288 eos
3573 3246 3627 3290 ct

361 3285 731 3351 ἐπιτωθάζων
780 3285 1030 3349 ἐκείνους
1081 3285 1177 3338 καὶ
1235 3286 1694 3357 διαλοιδορετσθαί
1740 3291 1812 3356 οί,
1854 3291 1950 3345 καὶ⁸

360 3372 482 3431 οἷον
535 3380 983 3451 ςιρωνευομένοις
1057 3380 1296 3434 ἐοικέναι
1372 3384 1468 3436 καὶ
1525 3382 1947 3454 ἀποσειομένοις

359 3473 674 3544 ὁλοσχερῶς
725 3473 826 3541 τὴν
876 3469 1044 3529 αὐτοῦ
1081 3473 1475 3543 συνδιαίτησιν,
1515 3473 1624 3545 ἰδίᾳ
1675 3475 1775 3544 μὲν
1811 3475 1947 3528 ἐκα-

363 3585 520 3634 cto»,
570 3567 660 3620 ἐπ’
711 3565 834 3634 ῐσης
898 3565 944 3619 δ’
1002 3564 1192 3635 ὥσπερ
1242 3567 1306 3617 ἐκ
1360 3564 1542 3619 κοινοῦ
1599 3565 1946 3637 συνθήματος

361 3660 616 3721 ἅπαντας
662 3657 752 3711 διὰ
797 3656 890 3714 τὸν
943 3656 1037 3710 τοῦ
1074 3657 1307 3726 πατρίου
1364 3658 1636 3726 δόγματος
1691 3658 1946 3716 ἐντεῦθεν

362 3749 613 3819 ῥαγέντα
639 3747 903 3801 κλύδωνα.
937 3745 1126 3810 Οὕτως
1161 3746 1328 3811 ὀξέως
1367 3747 1678 3817 ἐπέδραμεν
1709 3750 1743 3820 η
1781 3749 1944 3820 φήμη

363 3844 584 3912 ῥυεῖσα,
623 3839 875 3909 καθάπερ
899 3837 1093 3908 ἀγρίου
1119 3838 1258 3908 πνοή
1292 3855 1380 3902 τις
1409 3837 1632 3909 ἀνέμου,
1667 3841 1946 3909 Αἴγυπτόν

360 3948 430 3984 τε
465 3930 561 3983 καὶ
585 3928 785 3999 Συρίαν
831 3928 928 3982 καὶ
967 3927 1222 3981 Κιλικίαν
1277 3927 1372 3981 καὶ⁵
1422 3929 1604 3983 πᾶσαν
1639 3930 1820 3982 εἰπεῖν
1867 3931 1948 3982 oi.»-

360 4022 665 4092 κουμένην,
729 4021 974 4090 ὅπουπερ
1032 4020 1099 4072 ἃν
1139 4019 1484 4090 Χριστιανῶν
1524 4019 1741 4090 λάχοιεν
1778 4019 1945 4090 δῆμοι

359 4111 468 4181 τὴν
505 4111 720 4180 οτκησιν
754 4108 990 4178 ἔχοντες,
1027 4107 1134 4161 τῶν
1175 4106 1271 4159 τοῦ
1320 4107 1558 4178 Παλαμᾶ
1603 4110 1946 4179 παρανόμων

363 4204 465 4258 καὶ
486 4202 656 4259 νόθων
685 4201 993 4270 δογμάτων,
1023 4202 1120 4252 καὶ
1142 4199 1339 4263 οὕτως,
1370 4200 1655 4270 ἀνώνυμος
1684 4200 1762 4257 ὢν
1790 4204 1818 4255 ὁ
1849 4221 1946 4256 τα.

360 4295 649 4365 λαίπωρος
697 4293 988 4364 πρότερον,
1039 4288 1458 4362 διαϐόητοςέπὶ
1501 4291 1672 4360 κακίᾳ
1717 4293 1946 4360 γέγονεν

359 4393 638 4463 ὕστερον
687 4393 858 4444 ποιεῖν
901 4389 1010 4458 γάρ
1054 4404 1190 4456 φησι
1239 4384 1603 4456 περιϐοήτους
1652 4387 1714 4440 ού
1759 4387 1947 4452 δεξιὰν

362 4486 570 4554 πρᾶξιν
618 4483 801 4552 μόνον,
841 4479 980 4536 ἀλλὰ
1020 4479 1115 4534 καὶ
1161 4477 1360 4532 κακίαν
1399 4478 1642 4532 νικῶσαν
1692 4480 1944 4550 πονηρῶν

359 4574 745 4645 εὐδοκίμησιν.

442 4669 522 4722 E'.
561 4668 716 4720 Ἐπεὶ
736 4666 785 4720 δ’
812 4663 1214 4733 ἀναλαμϐάνων
1249 4663 1458 4717 ἄνωθεν
1502 4666 1709 4728 ἐκεῖνος
1735 4667 1946 4720 ἕκαστα

359 4761 508 4832 διῄει
556 4758 811 4820 ἑκάστοις
855 4755 1182 4825 ἑκασταχοῦ,
1211 4755 1280 4807 τά
1324 4771 1383 4808 τε
1432 4754 1569 4810 ἄλλα
1615 4758 1709 4809 καὶ
1739 4758 1814 4820 ὼς
1847 4759 1946 4826 τὴν

359 4853 542 4920 αὐτὴν
585 4854 680 4904 καὶ
732 4849 894 4913 αὐτὸς
949 4849 1035 4918 εἴη
1091 4847 1448 4917 περτθέιλπων
1485 4847 1713 4918 γνώμην
1759 4851 1947 4914 αὑτοῖς

360 4945 652 5006 εὐσεὸείας
706 4943 894 5004 ἕνεκα,
929 4943 1024 4994 καὶ
1080 4940 1152 5003 ὡς
1205 4941 1292 4994 διὰ
1348 4941 1439 4996 τὸν
1491 4942 1736 4994 τοιοῦτον
1785 4941 1946 5012 ζῆλον

363 5036 548 5106 φυγὰς
581 5034 679 5104 τῆς
715 5034 972 5102 πατρίδος
1021 5033 1252 5100 γένοιτο,
1289 5033 1384 5085 καὶ
1409 5032 1484 5095 ὡς
1520 5033 1548 5085 ὀ
1577 5032 1817 5095 τοιοῦτος
1851 5035 1942 5087 ἐν·

361 5127 563 5180 τεῦθεν
606 5127 845 5179 ἐλαύνων
877 5125 1095 5194 τρόπος-
1119 5125 1177 5186 ἐς
1215 5124 1340 5185 τοὺς
1387 5124 1575 5192 ἀήθεις
1608 5124 1760 5195 αύτῷ
1801 5125 1944 5177 πλα-

363 5220 567 5274 νᾶσθαι
605 5219 828 5289 δράσειε
872 5218 1092 5280 τόπους,
1125 5245 1194 5254 -
1222 5217 1346 5269 ἐπεὶ
1403 5211 1498 5269 οὖν
1537 5217 1712 5272 ταῦτά
1755 5235 1814 5271 τε
1849 5221 1945 5272 καὶ

366 5311 505 5366 ἄλλα
535 5309 711 5373 ἄλλοις
744 5307 945 5377 ὁμοίως
971 5308 1196 5361 διετέλει
1229 5308 1422 5376 λέγων,
1453 5309 1626 5388 ὁπόσα
1657 5313 1810 5380 κοινῇ
1847 5311 1944 5365 καὶ

367 5403 495 5457 καθ’
525 5401 731 5454 ἕκαστα
757 5400 972 5468 βέϐαιον
1004 5399 1210 5453 ἅπασιν
1251 5399 1536 5462 εὐσεϐείας
1569 5401 1736 5454 αὐτὸν
1776 5402 1945 5470 ἐγνώο

368 5494 522 5562 ριζεν
549 5491 809 5561 ἀθλητὴν,
838 5486 907 5560 ἦν
936 5489 1112 5552 οὐδεὶς
1134 5488 1248 5543 οὔθ’
1363 5491 1438 5561 μὴ
1464 5492 1563 5561 τῆς
1604 5494 1733 5564 πρὶν
1765 5495 1946 5563 αίφνι-

363 5583 481 5634 δίου
516 5581 882 5650 σκληρότητος
915 5578 1234 5647 μετέμελεν,
1273 5579 1385 5631 οὗθ’
1432 5579 1488 5643 δς
1529 5581 1631 5634 οὐκ
1662 5583 1942 5651 ἠσπάζετό

360 5689 427 5725 τε
460 5675 556 5724 καὶ
589 5671 1052 5741 ἁντετιλοτιμείτό
1077 5672 1126 5724 οί
1165 5672 1258 5723 καὶ
1288 5671 1355 5723 τὰ
1398 5673 1564 5726 πιστὰ
1595 5674 1690 5741 τῆς
1721 5677 1849 5744 περὶ
1883 5676 1944 5728 τὸ

367 5765 532 5828 σέϐας
588 5764 818 5835 ἀληθοῦς
874 5765 1128 5834 ὁμονοίας
1176 5766 1490 5834 περιφανῶς
1535 5767 1827 5832 ἀντεδίδου,
1867 5770 1943 5832 ὡς

367 5857 675 5926 τηνικαῦτα
729 5858 820 5910 καὶ
877 5857 966 5910 τὸν
1035 5857 1368 5926 Ἀντιοχείας
1415 5857 1691 5929 ἔγγραφον
1747 5861 1942 5914 ἑαυτοῦ

2051 3299 2293 3368 singulos
2327 3311 2382 3357 et
2411 3315 2640 3361 cunctos
2675 3311 2880 3378 pariter
2915 3315 3083 3369 veluti
3115 3333 3182 3372 ex
3213 3324 3518 3392 composito
3550 3327 3625 3381 ir-

2051 3388 2348 3444 ridentium
2379 3407 2437 3447 se
2468 3408 2733 3466 suamque
2763 3402 3077 3460 societatem
3113 3388 3625 3476 penitus‘aversan-

2049 3571 2246 3630 ﬂuctus
2285 3575 2374 3630 hic
2408 3586 2651 3636 coortos.
2688 3583 2826 3639 Tum
2861 3590 3062 3645 acriter
3093 3607 3248 3649 θωνα)
3284 3571 3624 3669 tempestatis

2047 3663 2222 3766 instar
2254 3666 2581 3741 Egyptum,
2615 3674 2826 3746 Syriam
2849 3719 2864 3745 ,
2895 3680 3140 3743 Ciliciam
3180 3663 3465 3766 totumque
3506 3695 3622 3752 fere

2048 3755 2240 3812 orbem
2285 3769 2592 3832 terrarum,
2631 3766 2726 3821 ubi
2761 3767 3206 3831 Christianorum
3242 3755 3429 3850 pOpIili
3465 3786 3625 3842 sedes

2048 3851 2229 3905 sortiti
2278 3863 2439 3918 sunt,
2493 3860 2734 3927 pervasit
2766 3861 2909 3919 lanna
2947 3868 3264 3934 spuriorum
3309 3887 3365 3930 et
3403 3875 3624 3952 illegiti-

2048 3958 2264 3998 morum
2314 3945 2547 4006 Palamze
2585 3950 2931 4022 dogmatum,
2969 3973 3080 4033 quo
3132 3961 3335 4022 iactum
3389 3945 3525 4039 est;
3564 3984 3625 4036 ut

2047 4034 2214 4091 miser
2248 4037 2385 4106 iste,
2421 4041 2516 4110 qui
2558 4053 2720 4098 antea
2758 4047 3028 4105 obscurus
3071 4064 3226 4122 erat,
3271 4034 3622 4130 improbitate

2041 4126 2154 4198 jam
2204 4128 2439 4201 inclytus
2486 4149 2609 4193 esse
2654 4136 2940 4210 inciperet.
2983 4142 3224 4202 Gloriam
3277 4126 3464 4226 enim,
3535 4158 3622 4213 in-

2048 4413 2363 4471 superante.

2121 4667 2188 4724 V.
2216 4670 2352 4728 Cum
2391 4685 2574 4732 autem
2608 4679 2699 4736 ille
2748 4681 2916 4744 rebus
2949 4685 3115 4745 altius
3155 4695 3405 4762 repetitis
3429 4699 3622 4771 singu-

2047 4761 2118 4818 lis
2149 4763 2363 4834 singula
2398 4767 2631 4829 referret
2668 4771 2722 4826 in
2758 4774 3059 4847 primisque
3094 4781 3162 4837 iis
3185 4761 3486 4852 exponeret
3512 4761 3547 4856 ἴ
3556 4808 3617 4847 se

2047 4855 2323 4921 eamdem,
2356 4872 2519 4926 quam
2552 4861 2680 4930 ipsi,
2723 4868 3058 4924 sententiam
3089 4870 3366 4931 ferventer
3402 4855 3622 4948 pietatis

2049 4959 2212 4999 causa
2244 4947 2500 5016 amplecti
2542 4958 2599 5005 et
2629 4951 2699 5007 ob
2744 4954 2923 5024 ipsum
2961 4959 3066 5014 hoc
3118 4963 3320 5019 ardens
3377 4947 3619 5026 studium

2047 5047 2322 5093 extorrem
2355 5055 2386 5094 a
2423 5041 2597 5110 patria
2645 5044 2828 5106 vivere
2853 5063 2918 5103 ac
2949 5051 3042 5104 tali
3087 5055 3363 5113 sentiendi
3409 5062 3620 5116 ratione

2048 5129 2274 5185 ductum
2311 5133 2530 5190 insueta
2566 5145 2620 5190 et
2672 5138 2910 5196 insoluta
2948 5143 3065 5199 loca
3114 5147 3377 5205 oberrare
3407 5183 3474 5192 —
3528 5155 3620 5208 ubi

2047 5218 2164 5274 haec
2220 5231 2386 5291 atque
2433 5225 2540 5279 alia
2587 5227 2859 5297 ejusmodi
2910 5233 3033 5289 aliis
3069 5240 3383 5306 enarravit,
3421 5245 3625 5312 quibus

2050 5312 2306 5369 universe
2337 5324 2503 5386 atque
2531 5319 2851 5388 singillatim
2883 5338 2942 5379 se
2976 5327 3236 5385 omnibus
3274 5343 3620 5390 constantem

2046 5403 2330 5473 religionis
2393 5423 2856 5482 prapugnatorem
2895 5418 3184 5491 probavit,
3245 5431 3357 5476 tum
3391 5427 3612 5495 quidem

2044 5509 2209 5548 nemo
2241 5506 2382 5562 erat,
2409 5515 2572 5568 quem
2601 5519 2710 5558 non
2744 5513 2946 5562 temere
2977 5519 3134 5564 antea
3161 5524 3438 5588 concepta:
3461 5534 3618 5576 accr-

2046 5585 2236 5642 bitalis
2284 5592 2613 5658 paeniteret,
2665 5597 2774 5668 24
2809 5614 2992 5664 nemo,
3049 5604 3182 5670 quin
3220 5585 3456 5678 benigne
3493 5628 3617 5668 eum

2045 5683 2324 5750 exciperet
2377 5693 2433 5737 et
2495 5691 2748 5743 certatim
2792 5691 3097 5748 honoraret
3157 5713 3220 5754 ac
3278 5715 3424 5756 vera:
3491 5704 3620 5758 lidei

2045 5772 2356 5828 concordia:
2401 5776 2688 5833 manifesta
2751 5781 2975 5852 pignora
3023 5787 3199 5855 daret.
3258 5790 3398 5845 Tum
3451 5795 3619 5850 etiam

2045 5862 2349 5918 Antiochia:
2393 5869 2734 5936 patriarcha
2776 5876 3042 5946 scriptum
3091 5891 3298 5936 tornum
3352 5887 3617 5953 piotulit,
