3984 6558
383 440 440 498 ir.
1501 497 1506 508 ε
1581 423 1993 486 Nicarnout
2034 423 2410 484 (iuncone
3547 413 3610 476 to

375 557 466 622 qui
498 551 912 607 consensionem
949 548 1272 604 orthodoxa:
1307 557 1360 602 ct
1385 547 1696 601 communis
1737 555 1938 598 nostra:

2043 547 2398 611 προενεγκεῖν
2435 543 2623 614 τόμον,
2671 538 2966 612 ὁμολογίαν
3029 535 3128 606 μέν
3173 535 3273 602 τῆς
3327 531 3609 604 ὀρθοδόξου

379 647 499 702 tidci
533 641 870 702 continebat,
903 641 1176 694 Palamam
1211 651 1343 692 vero
1391 647 1450 690 ut
1504 635 1692 704 spuria
1717 643 1772 688 et
1809 647 1938 701 pro-

375 741 494 790 fana
521 736 772 803 dogmata
801 733 1149 788 inducentem
1181 745 1247 782 es
1278 727 1370 782 Dei
1401 726 1642 780 Ecclesia
1678 723 1937 793 ejiciebat

377 861 443 867 -—
477 839 680 880 tomum
716 824 928 878 scilicet
973 822 1150 884 illum,
1175 835 1337 889 quem
1373 825 1780 887 composuerat,
1811 829 1934 867 cum

380 919 621 988 Byzantii
648 916 866 970 audiret
894 925 946 967 et
971 914 1254 982 adiuvaret
1281 910 1544 963 Joannem
1568 906 1935 976 patriarcham

377 1015 605 1078 eiusque
627 1007 936 1075 episcopos,
975 1003 1066 1072 qui
1095 1001 1410 1070 aliquandiu
1445 999 1755 1068 superiores
1781 1003 1938 1050 erant

377 1103 445 1155 ob
479 1100 726 1154 veritatis
758 1097 888 1160 vim,
921 1110 1084 1164 quam
1120 1091 1494 1147 defendebant
1524 1099 1578 1144 et
1622 1087 1768 1158 quod
1827 1101 1934 1140 non

379 1193 564 1246 aderat
591 1230 605 1252 ,
665 1189 760 1258 qui
807 1188 876 1242 iis
905 1203 962 1241 se
995 1192 1322 1254 opponeret,
1363 1181 1816 1238 Cantacuzenus,
1870 1192 1937 1231 eo

381 1281 636 1334 nimirum
678 1288 941 1344 tempore,
977 1288 1086 1342 quo
1117 1281 1324 1341 pestem
1360 1270 1518 1322 istaut
1555 1267 1606 1320 in
1638 1282 1776 1336 puro
1805 1281 1937 1332 agro

381 1375 616 1441 primum
650 1373 1090 1422 succrescentem
1147 1379 1270 1418 cum
1313 1363 1430 1431 ipso
1461 1361 1706 1430 germine
1734 1359 1935 1414 exstir-

369 1463 610 1532 'pandtlm
642 1474 762 1512 esse
791 1457 1071 1512 decretum
1105 1463 1208 1508 est.
1241 1453 1354 1507 lloc
1383 1462 1528 1504 tomo
1557 1451 1778 1504 evoluto
1811 1464 1936 1502 eum

380 1558 456 1608 ait
501 1551 806 1607 ostendisse
851 1549 1018 1602 etiam
1077 1545 1514 1614 subscriptiones
1561 1541 1938 1596 unanimitatis

377 1647 620 1699 omnium
661 1642 806 1694 illius
860 1637 1158 1707 provincia:
1196 1636 1580 1704 episcoporum
1623 1642 1676 1685 et
1707 1629 1934 1700 presby-

379 1745 622 1788 terorum
657 1740 818 1798 atque
842 1728 1071 1780 aliorum
1097 1724 1519 1778 lectissimorum
1555 1721 1818 1784 virorum,
1841 1720 1934 1787 qui

379 1829 430 1878 in
462 1825 652 1877 eadem
681 1819 958 1874 sententia
991 1824 1224 1871 starent.

2041 633 2133 686 καὶ
2177 635 2360 700 κοινῆς
2411 635 2570 705 ἡμῶν
2621 634 2814 704 ἔχοντα
2871 631 3130 692 πίστεως,
3169 626 3500 694 ἐκτέμνοντα
3553 625 3612 677 δέ

2040 724 2310 794 Παλαμᾶν
2365 727 2463 794 τῆς
2511 725 2604 779 τοῦ
2658 725 2794 778 Θεοῦ
2835 721 3159 792 Ἐκκλησίας
3211 719 3288 782 ὡς
3339 719 3469 772 νόθα
3519 717 3612 770 καὶ

2039 813 2196 884 βέϐη)
2211 832 2244 869 α
2273 816 2672 885 παρεισάγοντα
2699 815 2970 883 δόγματα,
2988 813 3157 881 τόμον
3180 811 3389 864 ἐκεῖνον
3410 807 3614 878 δηλαδὴ

2037 907 2096 959 ὃν
2127 909 2182 958 ὲν
2209 907 2492 980 Βυζαντίῳ
2522 909 2866 976 συνετετάχει
2907 904 3097 974 παρὼν
3128 903 3222 956 καὶ
3253 901 3470 954 ἀκούων
3519 900 3612 951 καὶ

2043 995 2546 1063 συναγωνιζόμενος
2588 985 2810 1064 Ἰωάννῂ
2834 991 2912 1060 τῷ
2939 991 3255 1060 πατριάρχῃ
3285 989 3376 1042 καὶ
3405 991 3518 1050 τοῖς
3549 1003 3612 1052 γε

2041 1083 2177 1152 ἀμφ’
2203 1084 2364 1136 αὐτὸν
2401 1082 2744 1144 ἐπισκόποις,
2781 1080 2840 1133 τὸ
2893 1079 3096 1149 ἰσχύειν
3147 1081 3329 1148 ἔχουσι
3373 1079 3510 1138 τέως
3553 1076 3614 1128 ἐκ

2039 1193 2098 1228 τε
2131 1175 2228 1242 τῆς
2257 1172 2516 1242 ἀληθείας
2549 1171 2615 1226 ἐκ
2645 1189 2702 1224 τε
2743 1172 2836 1223 τοῦ
2872 1169 2946 1240 μὴ
2975 1171 3230 1240 παρεῖναι
3257 1169 3347 1221 τὸν
3375 1167 3616 1220 ἀντιϐαί-

2039 1279 2197 1315 νοντα
2221 1259 2688 1327 Καντακουζηνὸν,
2709 1261 2794 1310 ξτε
2824 1258 2888 1322 δὴ
2917 1257 3012 1310 καὶ
3043 1255 3260 1326 πρῶτον
3291 1257 3616 1322 ἐπιφυεῖσαν

2039 1355 2118 1423 τῷ
2161 1350 2384 1422 καθαρῷ
2409 1350 2544 1421 ληίῳ
2569 1349 2666 1420 τὴν
2689 1349 2844 1403 νόσον
2877 1347 3091 1415 ἐκείνην
3122 1345 3180 1410 ἐξ
3228 1345 3398 1413 αὐτῆς
3465 1344 3612 1408 ἔδοξε

2037 1447 2273 1515 τέμνειν,
2305 1446 2380 1506 ὡς
2405 1445 2578 1508 ἔλεγε,
2611 1441 2865 1513 βλάστης.
2895 1439 3096 1493 Τοῦτόν
3131 1456 3290 1508 φησιν
3321 1436 3615 1489 ἀνελίττειν

2039 1551 2096 1587 τε
2119 1538 2346 1595 ἐκεῖνον,
2375 1535 2467 1587 καὶ
2503 1534 2619 1600 ἃμα
2651 1531 2748 1593 τὰς
2779 1531 3098 1599 ὑπογραφάς
3126 1528 3221 1595 τῆς
3241 1525 3616 1598 ὁμοφροσύνης

2039 1625 2301 1680 δεικνύειν
2331 1628 2438 1678 τῶν
2483 1626 2595 1677 ὅσοι
2630 1623 2728 1690 τῆς
2757 1622 3024 1691 ἐπαρχίας
3081 1621 3290 1672 ἐκείνου
3322 1617 3618 1686 τυγχάνουο

2043 1736 2126 1772 σιν
2179 1718 2328 1780 ὁντες
2377 1719 2665 1770 ἐπίσκοποι
2699 1714 2796 1766 καὶ
2825 1711 3203 1782 πρεσϐύτεροι,
3235 1712 3328 1763 καὶ
3366 1713 3478 1762 ὅσοι
3510 1709 3616 1762 τῶν

2039 1809 2210 1870 ἄλλως
2241 1809 2478 1878 λογάδων
2503 1807 2602 1869 τὰς
2622 1803 2845 1876 γνώμας
2873 1800 3010 1875 ἦσαν
3055 1803 3422 1870 συγκείμενοι.

448 1915 536 1969 Ἦ.
573 1911 774 1968 Eodem
809 1923 975 1962 sensu
1029 1905 1284 1976 praeditos
1317 1911 1374 1958 et
1402 1900 1746 1958 Alexandrina
1799 1913 1936 1968 prte-

2115 1905 2206 1968 C'.
2241 1901 2302 1972 If.
2334 1899 2434 1953 100
2465 1899 2518 1970 b]
2549 1899 2770 1960 Τούτοις
2811 1897 3104 1967 ὁμόφρονος
3137 1897 3227 1947 καὶ
3251 1893 3344 1946 τοῦ
3361 1893 3458 1960 τῆς
3473 1891 3620 1946 Ἀλεο

376 2008 550 2062 sulem
589 2019 712 2057 eum
761 2000 1018 2054 omnibus
1049 1995 1315 2066 episCopis
1349 1995 1398 2048 ei
1435 1992 1670 2048 subditis
1698 2001 1754 2046 et
1787 2005 1936 2055 eum,

375 2101 470 2169 qui
511 2109 622 2150 tum
669 2091 1171 2160 Hierosolymorum
1206 2086 1550 2156 gubernabat
1599 2081 1938 2146 Ecclesiam,

375 2207 434 2244 se
493 2192 776 2253 expertum
819 2197 940 2234 esse
986 2179 1126 2230 dixit
1177 2185 1342 2245 atque
1389 2175 1614 2228 omnino
1665 2173 1938 2227 neminem

377 2277 574 2339 fuisse,
609 2271 697 2326 cui
735 2285 843 2322 non
891 2265 1250 2334 reprehensio
1297 2263 1745 2332 liyzantinorum,
1789 2259 1936 2329 quod

379 2373 430 2418 in
465 2363 630 2418 rebus
660 2371 766 2414 tam
803 2355 1243 2410 immulabilibus
1283 2361 1432 2406 tanta
1465 2353 1682 2406 levitate
1711 2361 1894 2406 essent
1921 2390 1936 2414 ,

379 2458 552 2508 inore
585 2466 799 2519 semper
833 2447 1045 2501 fuisset.
1067 2443 1408 2499 Alexandriae
1441 2451 1618 2496 autem
1649 2442 1940 2510 praesulem

373 2543 482 2614 25
519 2542 674 2596 valde
703 2537 1081 2594 admirabatur
1117 2535 1185 2588 ob
1224 2533 1486 2588 naturalis
1519 2534 1822 2601 prudentiae
1845 2549 1938 2588 eo.

379 2640 519 2706 piam
567 2649 688 2689 cum
725 2632 993 2703 gravitate
1027 2639 1194 2698 atque
1227 2627 1534 2681 constantia
1567 2627 1938 2695 coniunctam,

377 2736 440 2780 ut
479 2743 586 2778 llult
609 2725 764 2777 facile
805 2721 872 2774 ad
913 2719 1354 2789 intempestivam
1403 2717 1760 2770 ambitionem
1791 2731 1942 2770 com-

377 2819 698 2887 pelleretur,
733 2827 912 2882 ncque
942 2825 1074 2864 vero
1111 2809 1180 2863 ad
1231 2808 1427 2862 rudem
1459 2809 1750 2877 quamdam
1779 2817 1940 2876 atque

379 2902 640 2962 incultam
673 2903 1102 2959 taciturnitatem
1144 2910 1367 2970 propter
1397 2913 1646 2966 magnam
1669 2899 1940 2952 inscitiam

379 2996 768 3059 descenderet,
806 2993 902 3047 sed
935 3005 1118 3046 rerum
1153 3005 1252 3044 usu
1310 2991 1557 3043 ﬁrmatus
1611 2989 1945 3042 convenien-

381 3092 511 3144 tiam
546 3085 835 3156 quamdam
873 3082 1166 3138 admodum
1210 3080 1461 3135 decoram
1511 3097 1618 3150 prae
1657 3096 1714 3134 se
1753 3079 1940 3134 ferret.

377 3181 612 3234 Maxime
641 3191 790 3242 vero,
825 3190 954 3228 cum
990 3173 1156 3244 hujus
1207 3174 1309 3226 viri
1343 3171 1673 3226 mentionem
1719 3172 1940 3234 faceret,

381 3275 486 3328 hoc
527 3274 732 3326 dictum
767 3269 886 3340 ejus
915 3265 1292 3321 admirabatur
1339 3281 1355 3318 :
1407 3265 1592 3318 multis
1627 3263 1943 3318 hominibus

385 3369 564 3435 iisque
603 3362 804 3432 alioqui
835 3377 941 3414 non
975 3357 1519 3427 imprudentiSsimis,
1545 3357 1688 3425 quod
1720 3373 1778 3412 se
1801 3357 1942 3411 scire

385 3453 813 3512 arbitrarentur,
847 3449 898 3502 id
931 3449 1132 3517 ipsum,
1171 3447 1468 3514 quominus
1508 3445 1733 3508 scirent,
1765 3446 1939 3514 impe-

361 3531 632 3596 dimento
679 3553 836 3598 esse;
871 3537 976 3588 hoc
1024 3534 1242 3602 quidem
1291 3533 1410 3586 leve
1455 3533 1662 3598 videri,
1701 3541 1940 3586 attamen

383 3646 576 3700 magna
635 3625 980 3681 incommoda
1031 3633 1084 3678 et
1134 3623 1367 3678 urbibus
1392 3631 1447 3676 et
1482 3623 1739 3676 domibus
1769 3624 1940 3678 faces-

381 3735 504 3774 sere
527 3733 691 3792 posse
725 3714 893 3770 veluti
947 3729 980 3768 e
1035 3714 1330 3767 scintillula
1374 3723 1650 3778 exortum,
1691 3729 1814 3783 qua:
1853 3715 1941 3766 in-

381 3809 580 3863 ccndio
621 3820 792 3874 usque
833 3801 1191 3856 insolentiore
1225 3802 1562 3856 exsuscitato
1585 3819 1694 3856 non
1723 3804 1944 3857 desine-

385 3907 466 3952 ret
499 3898 680 3951 omnia
713 3895 1004 3962 dt-pascere
1025 3932 1039 3954 ,
1087 3892 1250 3945 simul
1297 3903 1461 3961 atque
1517 3893 1759 3948 materia:
1791 3877 1940 3964 larga

381 3987 537 4056 copia
568 3985 722 4039 facile
782 3983 1182 4037 nutrimentum
1233 3981 1686 4038 subministraret
1718 4003 1731 4038 :
1769 3983 1897 4039 Inde
1923 4025 1938 4050 ,

383 4080 580 4149 inquit,
619 4077 822 4146 regulo:
851 4085 1014 4144 atque
1055 4089 1260 4128 normae
1290 4089 1320 4128 a
1355 4075 1608 4144 patribus
1627 4077 1943 4131 constitutae

369 4173 754 4244 «disjiciuntur,
810 4169 954 4238 leges
983 4167 1368 4235 proculcantur
1397 4167 1644 4236 nihilque
1691 4178 1775 4224 est
1811 4169 1940 4223 boni

367 4276 546 4334 atque
581 4261 821 4325 honesti,
855 4261 1000 4329 quod
1024 4275 1124 4313 suo
1155 4268 1294 4312 statu
1329 4275 1554 4314 manere
1575 4261 1772 4329 possit,
1805 4261 1942 4315 nihil

2041 1993 2320 2060 ξανδρείας
2337 1992 2488 2059 ἔλεγε
2507 1991 2780 2060 πεπειρᾶσ
2795 1990 2884 2043 θαι
2905 1988 3165 2059 προέδρου
3189 1985 3283 2038 σύν
3299 2001 3362 2052 γε
3393 1987 3500 2048 τοῖς
3524 1983 3617 2038 ὑπ’

2040 2085 2188 2154 αὐτῷ
2229 2083 2576 2136 παντάπασιν
2601 2081 2942 2143 ἐπισκόποις,
2969 2081 3064 2132 καὶ
3099 2080 3214 2148 ἅμα
3239 2077 3329 2132 τοῦ
3361 2076 3618 2146 τηνικαῦ-

2041 2191 2108 2226 τα
2151 2172 2248 2243 τὴν
2276 2173 2384 2225 τῶν
2413 2172 2799 2243 Ἱεροσολύμων
2829 2171 3152 2242 Ἐκκλησίαν
3185 2170 3478 2229 διέποντος.
3507 2168 3616 2220 Καὶ

2039 2263 2222 2326 ἁπλῶς
2257 2263 2494 2329 ἔφασκεν
2528 2258 2664 2315 εῖναι
2711 2263 2914 2332 μηδένα
2943 2255 2986 2329 ᾦ
3015 2263 3075 2314 τὸ
3105 2263 3360 2332 ἐπιτιμᾷν
3417 2260 3618 2324 Βυζακ-

2037 2354 2170 2413 τίοις
2193 2355 2286 2422 τῆς
2313 2355 2370 2402 ἐν
2399 2356 2504 2416 τοῖς
2523 2353 2694 2416 οὕτως
2727 2355 2995 2420 ἀκινήτοις
3015 2353 3261 2413 εὐκολίας
3286 2353 3384 2404 οὐκ
3409 2347 3476 2422 ἦν
3511 2351 3616 2404 ἀνὰ

2041 2444 2234 2514 στόμα.
2269 2446 2370 2496 Τὸν
2404 2446 2446 2497 δ’
2493 2443 2895 2512 Ἀλεξανδρείας
2922 2445 3015 2496 καὶ
3043 2444 3141 2511 τῆς
3174 2444 3407 2513 φυσικῆς
3452 2441 3613 2495 ἐθαύ-

2043 2537 2178 2606 μαζε
2211 2538 2354 2605 μάλα
2390 2537 2679 2598 συνέσεως,
2718 2535 2952 2604 βεϐηκδς
2981 2535 3210 2603 ἐχούσης
3238 2535 3294 2584 τὸ
3331 2534 3611 2602 ἐμϐριθὲς.

2042 2630 2136 2681 καὶ
2189 2627 2311 2680 οὔτε
2363 2630 2496 2696 πρὸς
2542 2629 2748 2695 ἀωρίαν
2797 2627 3108 2696 φιλοτιμίας
3164 2627 3362 2697 ῥᾳδίως
3395 2627 3614 2680 ἐλαυνό-

2045 2739 2226 2791 μενον,
2247 2719 2370 2772 οῦτε
2406 2723 2512 2788 μὴν
2543 2720 2678 2788 πρὸς
2707 2717 2980 2788 ἰδιωτικὴν
3007 2719 3250 2786 ἀφωνίαν
3283 2718 3344 2780 ἐξ
3372 2719 3612 2787 ἀμαθίας

2046 2816 2263 2883 μακρᾶς
2299 2811 2744 2878 συστελλόμενον,
2785 2809 2923 2863 ἀλλὰ
2963 2813 3294 2879 πρακτικαῖς
3325 2812 3522 2878 ὁρμαῖς
3551 2813 3608 2872 ἐς

2043 2905 2102 2956 τὺ
2139 2905 2276 2956 πάνυ
2313 2921 2364 2954 τι
2401 2901 2636 2984 ἐμμελές
2683 2901 2897 2968 εὐφυῶς
2931 2917 3046 2962 πως
3095 2899 3608 2972 ἀναρρωννύμενον.

2045 2995 2126 3048 Τά
2157 2995 2202 3047 τ’
2224 2995 2318 3048 οὖν
2345 2995 2480 3047 ἄλλα
2510 2995 2734 3062 τάνδρὸς
2759 2993 3036 3062 ἐθαύμαζε
3075 2994 3422 3062 μεμνημένος
3471 2991 3611 3044 ἐκεί-

2043 3105 2157 3150 νου,
2199 3090 2292 3140 καὶ
2351 3087 2435 3139 ὅτι
2485 3087 2544 3138 το
2601 3085 2809 3138 οἴεσθαι
2845 3085 3044 3139 εἰδέναι
3097 3085 3315 3147 πολλοῖς
3363 3085 3456 3137 καὶ⁵
3499 3084 3609 3137 τῶν

2045 3178 2195 3230 οὐδὲν
2233 3177 2492 3246 ἰσχόντων
2529 3177 2660 3246 πρός
2705 3192 2769 3243 γε
2807 3177 2865 3227 τὸ
2895 3175 3094 3228 εἰδέναι
3131 3177 3381 3244 γίνεσθαι
3436 3180 3610 3244 ἐμπο-

2041 3270 2148 3324 δὼν
2197 3270 2373 3337 ἔλεγε,
2407 3269 2501 3322 καὶ
2541 3269 2687 3320 τοῦτ’
2732 3264 2870 3320 εἶναι
2921 3269 3140 3332 πάντως
3183 3269 3212 3321 ὃ
3244 3272 3440 3338 μικρὸν
3471 3267 3611 3322 εἷναι

2043 3360 2234 3414 δοκοῦν
2299 3359 2512 3428 μεγάλα
2573 3359 2667 3410 καὶ
2733 3359 2918 3421 πόλεις
2987 3359 3080 3412 καὶ
3133 3359 3316 3422 οἴκους
3381 3360 3610 3428 δύναται

2049 3454 2326 3522 βλάπτειν,
2362 3451 2434 3511 ὡς
2482 3453 2544 3502 ἐκ
2593 3449 2821 3518 βραχέος
2871 3451 3164 3520 σπινθῆρος
3196 3452 3518 3521 ἀρχόμενον,
3549 3453 3609 3506 οῦ

2043 3547 2103 3598 τὸ
2151 3545 2447 3612 νεμόμενον
2483 3543 2580 3593 οὐκ
2620 3541 2682 3594 ἄν
2717 3558 2845 3593 ποτε
2895 3541 3052 3612 σταίη
3097 3544 3194 3610 τῆς
3234 3544 3319 3595 ἀεὶ
3351 3563 3606 3615 νεωτερι-

2045 3637 2242 3705 ζοῦοης
2277 3635 2469 3702 φλογὸς
2501 3633 2853 3703 κινουμένης,
2887 3634 3050 3686 ὁπότε
3083 3635 3358 3705 τραπέζης
3401 3638 3613 3707 ῥᾳστώ-

2045 3745 2142 3798 νην
2183 3729 2214 3795 ή
2245 3727 2342 3794 τῆς
2377 3726 2510 3795 ὕλης
2543 3725 2726 3777 δίδωσι
2775 3723 3122 3778 πολυτέλεια.
3171 3726 3454 3780 Ἐντεῦθεν
3485 3729 3608 3796 ὅρια

2047 3817 2364 3887 ριπτοῦνται
2401 3815 2648 3885 πατρίων
2673 3815 2935 3879 κανόνων,
2963 3815 3259 3870 πατοῦνται
3299 3819 3495 3886 θεσμὰ,
3515 3821 3609 3872 ml.

2044 3910 2144 3962 οὐκ
2173 3909 2317 3960 ἔστιν
2342 3907 2491 3960 οὐδὲν
2525 3906 2631 3958 τῶν
2657 3906 2835 3958 καλῶν
2869 3907 2898 3959 ὃ
2927 3907 3148 3962 δύναται
3197 3911 3378 3976 μένειν
3413 3909 3607 3974 ἑστὼς,

2043 4004 2136 4052 καὶ
2169 3999 2236 4053 αὖ
2271 3999 2368 4052 οὐκ
2397 4000 2542 4051 ἐστιν
2569 3999 2722 4050 οὐδὲν
2749 3999 2856 4051 τῶν
2886 4001 3074 4053 κακῶν
3095 4001 3123 4053 ὁ
3155 4002 3228 4071 μὴ
3259 4002 3479 4054 δύναται
3511 4003 3608 4068 τὴν

2041 4090 2302 4160 ἀλήθειαν
2359 4090 2722 4160 ἐξορχεῖσθαι.
2757 4091 3039 4160 Μοναρχία
3089 4093 3189 4160 μὲν
3239 4088 3333 4145 οὖν
3377 4093 3608 4159 οἰήσεως

2043 4182 2334 4252 αὐτονομίᾳ
2385 4185 2837 4252 στρατηγουμένη
2887 4186 2980 4235 καὶ
3021 4184 3246 4252 γνώμης
3273 4185 3484 4254 ὀρέξεσι
3515 4185 3607 4254 δη-

2046 4273 2448 4344 μαγωγουμένη
2473 4273 2524 4324 τί
2551 4272 2650 4340 μὲν
2677 4273 2742 4325 ἂν
2775 4274 2881 4324 τῶν
2910 4274 3260 4339 ὑγιαινόντων
3288 4278 3607 4346 ἐργάσαιτο,

377 4355 511 4410 mali
559 4361 724 4422 atque
783 4349 1014 4417 improbi
1059 4349 1204 4418 quod
1235 4348 1518 4403 veritatem
1551 4349 1814 4404 insultare
1847 4367 1940 4404 ne-

2043 4362 2182 4422 τίνος
2203 4359 2543 4428 δ’ἀπόσχοιτ’
2571 4362 2635 4412 ἂν
2667 4361 2772 4413 τῶν
2801 4361 3154 4429 ἐρεθιςόντων
3183 4363 3274 4413 ἐπὶ
3306 4365 3374 4414 τὰ
3402 4363 3604 4432 χείρω;

379 4455 566 4515 queat.
619 4444 865 4512 Regnum
911 4439 1077 4510 igitur
1105 4439 1382 4508 opinionis
1417 4439 1639 4493 licentia
1673 4439 1942 4509 guberna-

385 4544 495 4584 tum
527 4539 580 4584 et
612 4528 828 4583 arbitrii
869 4527 1193 4581 libidinibus
1221 4527 1484 4597 agitatum
1516 4529 1646 4597 quid
1688 4529 1830 4598 frugi
1857 4531 1939 4583 l'a—

381 4622 534 4676 ciet?
567 4637 672 4688 qua
719 4635 776 4672 re
823 4618 1154 4684 abstinebit,
1191 4633 1311 4686 qtae
1359 4618 1427 4672 ad
1471 4620 1658 4690 pejora
1712 4621 1942 4676 incitare

379 4713 579 4784 possit?
596 4721 804 4766 tantum
829 4711 1002 4775 abest,
1025 4709 1214 4762 uttalis
1231 4709 1424 4764 civitas
1445 4712 1592 4764 salva
1611 4721 1772 4782 atque
1796 4712 1946 4766 inco-

375 4805 544 4860 lumis
571 4818 691 4856 esse
725 4803 993 4872 possit,ut
1022 4801 1189 4855 veluti
1217 4803 1374 4856 navis
1413 4803 1533 4856 sine
1563 4805 1940 4873 gubernatore

373 4901 548 4952 .maris
577 4895 988 4965 tempestatibus
1017 4893 1071 4946 in
1094 4902 1332 4949 extrema
1355 4894 1673 4949 discrimina
1696 4897 1945 4965 praacipi-

385 5000 553 5045 tetur.
579 4989 704 5042 llaec
726 5001 860 5040 vero
881 4985 1104 5055 propria
1123 4995 1205 5038 est
1223 4986 1464 5041 conditio
1483 4985 1721 5041 civitatis
1738 4987 1944 5058 Byzan-

371 5084 512 5137 tina:
533 5079 660 5134 inde
683 5093 855 5146 usque
891 5092 955 5132 ex
972 5077 1351 5145 superioribus
1370 5077 1726 5147 temporibus.
1758 5077 1944 5148 Neque

383 5189 514 5228 vero
541 5170 806 5238 hanc26
826 5178 1024 5222 sortem
1045 5169 1364 5238 simpliciter
1386 5171 1773 5238 reprehensam
1799 5173 1942 5238 volo,

375 5268 480 5321 .sed
509 5264 654 5334 quod
690 5267 853 5315 etiam
879 5276 996 5314 eam
1031 5260 1100 5314 ob
1129 5277 1372 5324 causam,
1401 5263 1445 5315 si
1475 5263 1689 5332 longius
1723 5265 1947 5333 respici-

388 5372 526 5420 mus,
557 5369 665 5407 non
711 5350 877 5404 modo
915 5350 1259 5418 publicarum
1299 5367 1477 5404 rerum
1520 5353 1782 5420 plurimas
1806 5355 1947 5410 cala-

389 5450 601 5501 mitates
625 5443 954 5514 reperimus,
981 5439 1074 5492 Sed
1106 5441 1350 5492 omnium
1381 5442 1610 5493 maxima
1655 5442 1948 5512 ipsiuspite

387 5539 638 5595 Ecclesia:
682 5535 998 5590 infortunia.
1053 5533 1163 5585 Aut
1209 5535 1352 5586 enim
1405 5531 1648 5602 Byzantii
1704 5534 1841 5586 mala
1871 5535 1950 5602 gi-

385 5639 629 5702 gnuntur
686 5637 850 5694 atque
909 5625 1036 5678 inde
1087 5627 1242 5692 quasi
1301 5624 1353 5676 in
1389 5639 1622 5692 pronum
1673 5623 1948 5679 cllluentia

377 5717 866 5776 calamitosissimis
889 5717 1052 5770 rebus
1073 5719 1238 5769 etiam
1275 5717 1510 5785 reliquas
1536 5715 1692 5770 facile
1717 5717 1946 5786 implent

380 5811 570 5877 urbes,
586 5815 679 5862 aut
704 5806 924 5861 aliunle
959 5805 1194 5862 obscure
1221 5815 1276 5860 et
1306 5807 1670 5862 adumbratim
1698 5807 1842 5862 illata
1867 5807 1940 5862 ibi

2045 4450 2248 4505 Πολλοῦ
2295 4449 2443 4516 μέντ’
2493 4450 2558 4502 ἂν
2611 4449 2820 4518 δεήσειε
2863 4449 3131 4512 σώζεσθαι
3183 4453 3280 4523 τὴν
3333 4454 3607 4508 πολιτείαν

2043 4541 2275 4611 ἐκείνην,
2306 4542 2398 4591 καὶ
2433 4539 2507 4610 μὴ
2559 4540 2806 4610 καθάπερ
2846 4541 3213 4610 ἀκυϐέρνητον
3265 4544 3447 4596 πλοῖον
3495 4547 3609 4598 διας

2043 4633 2280 4694 ποντίοις
2329 4631 2559 4700 χειμῶσι
2629 4630 2764 4700 πρὸς
2825 4633 2948 4694 τοὺς
3011 4634 3276 4702 ἐσχάτους
3329 4635 3608 4700 κινδύνους

2043 4722 2383 4787 ἐλαύνεσθαι,
2414 4721 2571 4776 τοῦτο
2621 4721 2683 4792 δὴ
2711 4723 2772 4775 τὸ
2813 4727 2911 4794 τῆς
2939 4725 3252 4789 Βυζαντίων
3299 4729 3430 4781 ἴδιον
3471 4730 3608 4784 ἄνω-

2045 4813 2136 4866 θεν
2161 4813 2236 4876 ὼς
2269 4814 2336 4865 τὰ
2359 4813 2527 4865 πολλὰ
2554 4812 2848 4877 πολιτείας.
2885 4817 2993 4869 Καὶ
3023 4817 3121 4868 οὐκ
3151 4818 3392 4882 ὀνειδίζω
3435 4821 3607 4888 λέγων

2044 4909 2142 4966 τὰς
2183 4903 2354 4974 τύχας
2391 4903 2598 4969 ἁπλῶς,
2646 4905 2761 4956 ἀλλ’
2805 4907 2884 4957 ὅτι
2927 4906 3012 4957 διὰ
3053 4905 3208 4960 τοῦτο
3255 4911 3346 4962 καὶ
3392 4911 3608 4974 πλείους

2047 4995 2372 5059 σκοποῦντες
2401 4995 2608 5048 ἄνωθεν
2630 4996 2956 5064 εὑρίσκομεν
2982 4999 3160 5050 ἐκεῖσε
3199 5001 3271 5069 μὴ
3305 4999 3465 5068 μόνον
3503 5000 3606 5051 τῶν

2044 5087 2317 5157 δημοσίων
2375 5089 2734 5156 πραγμάτων,
2780 5088 2858 5141 ὅτι
2892 5089 2968 5158 μὴ
3011 5089 3186 5158 πολλῷ
3219 5109 3278 5158 γε
3303 5094 3472 5162 δήπου
3503 5095 3606 5162 μά-

2047 5180 2202 5232 λιστα
2234 5184 2332 5250 τῆς
2374 5180 2627 5240 εὐσεϐοῦς
2673 5180 2997 5249 Ἐκκλησίας
3039 5182 3107 5234 τὰ
3141 5184 3493 5253 ὀλισθήματα.
3537 5187 3606 5236 Ἢ

2049 5269 2156 5338 γὰρ
2191 5271 2304 5320 ἐκεῖ
2338 5269 2433 5338 τὴν
2485 5269 2696 5334 γένεσιν
2736 5270 2872 5340 ἴσχει
2916 5271 2982 5324 τὰ
3033 5271 3224 5341 χείρω,
3257 5277 3504 5328 κάκεῖθεν
3533 5278 3604 5338 ὡς

2049 5359 2138 5410 ἐπὶ
2165 5355 2402 5424 πρανοῦς
2457 5356 2779 5424 ἐπιρρέοιτα
2839 5362 3091 5426 πονηρῶν
3151 5363 3207 5419 ἐς
3256 5361 3319 5410 τὰ
3375 5363 3605 5426 μάλιστα

2050 5448 2390 5516 πραγμάτων
2433 5449 2523 5499 καὶ
2565 5465 2660 5510 τας
2693 5449 2856 5509 ἄλλας
2885 5449 3081 5516 ῥᾳδίως
3135 5452 3482 5520 ἐμπίμπλησι
3515 5459 3598 5506 πίε

2051 5541 2200 5602 λεις·
2251 5541 2280 5610 ἢ
2328 5541 2422 5592 καὶ
2473 5540 2696 5592 ἄλλοθέν
2751 5543 2915 5592 ποθεν
2967 5545 3208 5603 σκιωδώς
3261 5545 3609 5612 ἐπεισκωμά-

2053 5647 2223 5682 σαντσ.
2261 5631 2355 5700 τὴν
2389 5629 2550 5700 πῆξιν
2573 5630 2759 5682 αὐτόοι
2801 5637 3176 5701 μονιμωτέραν
3221 5634 3483 5703 λαμϐάνει
3517 5639 3610 5691 κῖιὶ

2052 5716 2308 5787 δημόσιον
2347 5717 2434 5770 τὸν
2477 5721 2868 5790 χρωματισμὸν
2893 5721 3230 5772 ἀναδείκνυσι
3265 5724 3360 5791 τῆς
3389 5725 3605 5788 κακίας.

2050 5811 2142 5864 Διό
2170 5829 2262 5882 μοι
2290 5813 2589 5882 θαυμάζειν
2621 5814 2917 5883 περίεστιν,
2961 5814 3058 5866 οὐκ
3092 5815 3136 5865 εί
3175 5815 3364 5884 γέγονέ
3407 5834 3459 5869 τι
3501 5833 3606 5874 πα·-
