3984 6574
393 376 471 439 17³
1344 391 1777 456 BYZANTIN/E
1817 398 1863 456 ll
1880 398 1948 455 lS‘

2047 400 2193 457 BHE
2232 402 2376 464 LIB.
2419 405 2593 464 XXV.
3561 412 3626 474 18

390 493 638 590 ραλογον,
674 494 795 548 ἀλλ’
827 498 875 550 εί
905 501 981 569 μὴ
1012 501 1120 554 πᾶν
1147 502 1266 556 ἐκεῖ
1284 505 1345 557 τδ
1384 509 1669 578 γινόμενόν
1700 513 1815 565 ἐστι
1853 529 1948 565 πα-

2063 515 2477 573 t‘undamentum
2523 520 2732 576 ﬁrmius
2784 521 3183 577 nanciscuntur
3219 531 3275 578 et
3318 526 3494 593 palam
3527 528 3625 581 im-

388 576 635 645 ράλογον.
669 582 860 651 Ἡμεῖς
895 585 942 638 δ’
971 588 1220 643 ἐνταυθοῖ
1244 594 1382 662 μήτε
1417 576 1651 665 περισσὰ
1682 600 1742 651 τὸ
1774 602 1954 668 παρά-

386 686 497 722 παν
528 668 823 761 ζητοῦντες
877 675 1198 743 σοφίζεσθαι
1242 682 1383 737 κατά
1438 702 1501 752 γε
1552 686 1651 757 τὴν
1690 692 1953 761 περιττὴν

383 760 478 813 καὶ
529 759 784 831 εὖτεχνον
839 767 1047 838 ταύτην
1096 772 1313 840 σοφίαν,
1368 775 1495 845 μήθ’
1557 778 1786 842 ἑαυτοὺς
1820 759 1954 832 -τιῖιν

387 848 547 904 θείων
595 854 800 921 μᾶλλον
824 857 1067 912 δικαιοῦν
1099 862 1346 932 πατρίων
1395 864 1952 937 διαπληκτιζομένους

389 943 450 994 ἐν
499 941 563 1013 [τ.
600 944 694 998 101
759 945 815 1018 a]
849 948 1150 1015 διαλέξεσιν
1204 952 1418 1024 ἄμετρα
1486 956 1578 1009 τὸν
1639 960 1953 1030 καινότερον

384 1032 605 1098 τρόπον,
635 1036 773 1091 ἀλλᾶ
829 1042 944 1102 τοῖς
1009 1042 1111 1111 μὲν
1161 1043 1369 1097 ἄνωθεν
1425 1046 1485 1100 εὖ
1546 1051 1953 1120 γεγραμμένοις

384 1123 1026 1201 ἑμμένοντεςδόγμασι,
1070 1135 1138 1187 τὰ
1202 1136 1259 1189 δὲ
1316 1139 1587 1205 σιγηθέντ⁹
1646 1143 1953 1208 ἀναξαίνειν

384 1213 610 1285 μηδαμῆ
640 1219 905 1289 μηδαμῶς
933 1224 1211 1288 ἀξιοῦντες
1257 1229 1378 1296 μηδ’
1411 1230 1669 1285 ἀναλύειν
1697 1233 1953 1303 ἀκαίροις

380 1307 681 1374 πειρᾶσθαι
746 1312 1151 1382 συλλογισμοῖς,
1202 1318 1365 1387 ἡμεῖς
1417 1338 1476 1374 τε
1520 1323 1569 1375 οί
1636 1326 1950 1393 ποιμαίνειν

382 1395 569 1449 ἔνθάδε
606 1396 862 1468 λαχόντες
890 1408 1280 1473 πνευματικῶς
1325 1409 1418 1463 τὸν
1455 1414 1666 1483 μακρὶν
1694 1415 1953 1483 ὁδεύομεν

382 1484 532 1555 βίον,
595 1490 691 1542 καὶ
744 1491 805 1543 τὸ
858 1500 1223 1564 πνευματικὸν
1282 1500 1439 1573 ήμῶν
1497 1504 1693 1571 ὁμοίως
1744 1506 1955 1575 ἄγομεν

380 1578 633 1643 ποίμνιον
651 1582 755 1635 ὑπὸ
785 1585 1093 1659 κυϐερνήτῃ
1115 1590 1192 1660 τῷ
1219 1592 1365 1662 μόνῳ
1389 1593 1606 1648 πάντων
1633 1595 1953 1670 δημιουργῷ

382 1670 479 1721 καὶ
528 1670 667 1739 Θεῷ,
737 1675 1026 1740 πολυθετας
1077 1680 1133 1733 δὲ
1203 1683 1299 1736 καὶ
1355 1686 1546 1748 ἀθετας
1597 1686 1947 1758 Παλαμικὰς,

383 1760 588 1827 μᾶλλον
611 1761 655 1814 δ’
698 1764 965 1835 ὲνσάρκου
1011 1772 1327 1840 οἰκονομίας
1377 1775 1658 1845 ἀθέτησιν,
1679 1778 1880 1833 ταυτὸν
1905 1780 1971 1833 δ’·

378 1852 554 1903 εἰπεῖν
588 1854 918 1925 Ἑκκλησίας
956 1860 1177 1932 ἀπάσης
1219 1865 1475 1931 καθάπαξ
1500 1842 1811 1938 ἀνατροπὴν
1837 1870 1946 1923 οὒτ’
1986 1842 2027 1895 Β

377 1941 681 2012 ἐδεξάμεθα
710 1947 831 2000 οὔτε
866 1950 973 2019 μὴν
1002 1953 1281 2023 δεξαίμεθ’
1327 1958 1393 2010 ἄν
1444 1975 1596 2021 ποτε,
1639 1959 1740 2013 κᾶν
1766 1961 1951 2030 ἐχθροὶ

382 2035 570 2103 μυρίοι
619 2040 833 2106 μυρίων
884 2040 1198 2114 ἔμπροσθεν
1244 2046 1433 2100 ίστῶσι
1479 2048 1725 2103 θανάτων
1774 2052 1948 2121 exciri

378 2129 477 2180 καὶ
532 2132 924 2200 μηχανήματα,
968 2134 1103 2189 ἀλλὰ
1150 2139 1241 2190 καὶ
1301 2140 1465 2193 αὑτὸν
1516 2141 1809 2210 Παλαμᾶν,
1856 2145 1950 2196 καὶ

375 2220 494 2270 ὅσοι
524 2222 695 2274 ταυτα
729 2223 1018 2292 φρονοῦσιν
1041 2226 1209 2295 αὐτῷ,
1253 2229 1393 2298 μετὰ
1431 2230 1730 2284 τῶνάύτοῦ
1776 2232 1949 2284 τοιού-

375 2326 487 2360 των
534 2310 847 2379 δογμάτων,
873 2308 949 2367 ὧν
1004 2316 1100 2368 καὶ
1144 2318 1310 2385 ἡμεῖς
1369 2319 1517 2382 ὅπως
1569 2320 1690 2373 ποτ’
1743 2322 1803 2372 ἐν
1854 2321 1952 2392 θέα

377 2401 748 2479 κατέστημεν,
779 2405 855 2471 τῷ
892 2406 1097 2478 αἰωνίῳ
1144 2409 1595 2480 παραπέμπομεν
1641 2411 1951 2480 ἀναθέματί

375 2507 440 2540 τε
496 2492 592 2545 καὶ
622 2496 779 2565 πυρί.
837 2497 1056 2552 Τούτων
1106 2499 1153 2552 δ’
1200 2502 1400 2571 ἀκριϐῆ
1456 2503 1555 2573 τὴν
1609 2503 1949 2573 παράστασιν

376 2582 524 2651 ἔχεις
550 2601 610 2637 τε
642 2590 732 2640 καὶ
766 2587 910 2653 ἔξεις
947 2591 1133 2654 αὐτὸς,
1163 2592 1327 2645 διιὼν-
1358 2594 1456 2656 τὰς
1500 2593 1735 2649 ἐνταῦθα
1766 2597 1949 2656 πόλεις

376 2676 475 2729 καὶ
514 2678 697 2749 χώρας
732 2683 1006 2748 Αἰγύπτου
1040 2687 1135 2738 καὶ
1180 2685 1456 2756 Ἀραδίας,
1480 2688 1732 2756 Φοινίκης
1763 2705 1823 2740 τε
1855 2693 1950 2744 καὶ

376 2769 601 2840 Συρίας,
634 2773 728 2825 καὶ
762 2775 862 2827 ὅσα
898 2777 1025 2844 περὶ
1048 2777 1249 2840 ταύτας
1286 2777 1495 2831 οἰκοῦσι
1526 2780 1657 2848 γένη
1687 2780 1950 2850 Χριστια-

375 2865 510 2930 νῶν,
556 2866 706 2927 ὅπως
768 2869 827 2920 ἐν
888 2868 1039 2937 μέσῳ
1101 2868 1209 2922 τῶν
1235 2868 1453 2925 ἀσεϐῶν
1509 2870 1606 2924 καὶ
1659 2871 1948 2943 ἀκάθαρτα

376 2954 536 3024 χείλη
564 2956 795 3025 ἑχόντων
820 2957 1117 3020 οἰκοῦντες,
1148 2959 1245 3011 καὶ
1277 2959 1582 3029 ἀλλοτρίοις
1603 2959 1949 3025 δουλεύοντες

374 3045 588 3109 ὅπλοις,
634 3048 781 3115 ὅμως
826 3051 894 3117 τῇ
934 3048 1046 3102 τῶν
1093 3046 1197 3103 ὦδε
1239 3051 1585 3119 στοιχοῦντες
1634 3053 1947 3106 ὶπισκόπων

372 3134 700 3207 διδασκαλία
719 3138 781 3190 τὸ
808 3136 1034 3207 πάτριον
1067 3137 1230 3201 σέϐας
1263 3139 1351 3191 ἀεὶ
1381 3141 1491 3201 τοῖς
1523 3141 1689 3209 ἱεροῖς
1721 3141 1947 3209 νέμουσι

372 3226 635 3297 δόγμασι.
687 3228 1037 3299 Μηκύνοιμεν
1078 3230 1125 3283 δ’
1179 3231 1271 3294 ἂν,
1328 3230 1379 3284 εί
1436 3230 1616 3298 λέγειν
1662 3232 1946 3302 ἐθέλοιμεν

376 3318 603 3372 ἅπαντα
662 3320 859 3389 ἐφεξῆς
910 3322 1011 3374 ὅσα
1058 3338 1117 3373 τε
1169 3325 1196 3375 δ
1237 3322 1378 3386 θεῖος
1419 3324 1629 3385 ἐκεῖνος
1681 3323 1819 3393 ἀνὴρ
1858 3323 1945 3376 ἐπ’

378 3410 519 3479 ἐμοῦ
552 3410 774 3481 διεξῄει,
801 3412 895 3465 καὶ
918 3412 1018 3465 ὃσα
1049 3413 1196 3467 ἄλλοι
1241 3413 1416 3476 ἄλλως
1451 3413 1656 3483 ἀλλαχῆ
1685 3414 1781 3474 καὶ
1810 3430 1948 3467 παν-

377 3500 542 3570 ταχῆ,
571 3505 672 3571 τῆς
695 3504 885 3572 ὁμοίας
918 3504 1152 3572 ἐχόμενα
1181 3504 1386 3568 τάξεώς
1431 3522 1487 3558 τε
1520 3505 1615 3557 καὶ
1639 3503 1944 3567 εύλαὸειας.

2056 607 2393 676 probitatem
2424 613 2580 680 quasi
2616 613 2817 666 vividis
2847 614 3124 668 coloribus
3159 616 3402 670 indutam
3438 628 3624 673 osten-

2054 701 2210 755 dunt.
2236 700 2417 767 Quare
2461 703 2593 756 mihi
2629 705 2818 758 mirari
2851 702 3000 759 subit
3041 722 3145 759 non
3178 708 3221 761 si
3266 708 3396 775 quid
3431 709 3503 762 ibi
3535 727 3626 763 ra-

2054 791 2191 845 tioni
2241 792 2639 850 inconveniens
2693 796 2919 864 incidat,
2963 798 3057 852 sed
3111 799 3156 852 si
3190 801 3623 870 nou,qttidquid

2052 887 2287 953 geritur,
2317 901 2347 941 a
2399 888 2608 942 ratione
2641 886 2954 944 abhorreat.
2990 889 3100 945 Nos
3148 902 3331 947 autem
3366 893 3457 947 hic
3479 937 3493 960 ,
3527 896 3621 963 qui

2052 990 2160 1030 non
2179 991 2637 1046 supervacaneam
2655 980 2812 1035 istam
2836 989 2891 1035 et
2918 981 3267 1036 artiﬁciosam
3293 983 3622 1053 sapientiam

2053 1068 2253 1122 sectari
2280 1069 2336 1123 in
2358 1070 2543 1124 animo
2574 1071 2841 1126 habemus
2874 1087 2978 1126 nec
3020 1075 3318 1130 rhetoricis
3342 1074 3625 1131 subtilita-

2056 1158 2201 1214 tibus
2221 1158 2406 1213 divina
2424 1177 2548 1215 cum
2570 1161 2813 1231 profanis
2831 1164 3299 1219 confundentibus
3313 1168 3622 1225 studemus.

2052 1246 2215 1315 hujus
2240 1249 2500 1318 temporis
2525 1251 2580 1305 in
2612 1251 2881 1320 dogmatis
2896 1254 3206 1324 antiquitus
3230 1255 3371 1310 bene
3402 1258 3624 1327 scriptis

2051 1353 2488 1408 permaneamus,
2516 1357 2694 1412 neque
2712 1359 2833 1411 quae
2857 1344 3076 1399 silentio
3100 1346 3338 1401 involuta
3359 1359 3507 1413 sunt,
3538 1366 3625 1404 re—

2051 1428 2253 1484 fricare
2268 1439 2365 1485 aut
2399 1431 2603 1502 ineptis
2640 1434 3155 1491 ratiocinationibus
3173 1438 3430 1507 expedire
3460 1444 3625 1494 conc:

2052 1534 2199 1583 mur,
2226 1536 2350 1587 nos,
2388 1521 2534 1589 dico,
2566 1525 2768 1593 quibus
2806 1525 2896 1581 hie
2926 1535 3206 1596 pastorum
3242 1543 3441 1584 munus
3480 1530 3623 1584 obti-

2052 1610 2138 1680 git
2161 1612 2361 1679 spiritu
2394 1613 2556 1668 aliter
2586 1616 2804 1686 longam
2834 1618 3002 1671 vitam
3025 1618 3276 1691 degimus
3319 1627 3374 1674 et
3403 1637 3622 1691 gregem

2052 1707 2302 1754 nostrum
2332 1702 2672 1771 spiritualem
2708 1706 2903 1760 eodem
2936 1707 3097 1763 modo
3126 1709 3364 1778 reglmus
3392 1713 3498 1764 sub
3528 1727 3626 1780 gu—

2055 1787 2369 1859 bernatore,
2404 1791 2780 1849 universitatis
2829 1811 3014 1851 rerum
3075 1799 3192 1851 solo
3222 1799 3419 1867 opiﬁce
3458 1810 3623 1869 atque

2056 1877 2185 1943 Deo,
2210 1880 2634 1951 polytheismum
2666 1893 2847 1940 autem
2888 1895 2945 1942 et
2990 1888 3320 1943 atheismum
3364 1892 3618 1952 Palamae,

2051 1967 2224 2035 magis
2250 1983 2382 2023 vero
2436 1975 2858 2046 exstinctionem
2926 1979 3173 2048 mysterii
3229 1980 3641 2036 incarnationis.

2052 2053 2171 2121 Dei,
2194 2057 2279 2111 vel
2303 2060 2448 2127 quod
2474 2061 2616 2115 idem
2641 2072 2745 2125 est,
2776 2065 2945 2120 totius
2978 2067 3231 2121 Ecclesia:
3248 2068 3463 2136 planam
3493 2085 3622 2121 con-

2052 2144 2369 2200 versionem
2428 2164 2538 2201 uon
2598 2151 2952 2219 probavimus
2999 2170 3176 2225 neque
3224 2172 3464 2225 unquam
3515 2159 3642 2226 27-

2052 2235 2433 2303 probablmus,
2478 2240 2522 2291 si
2558 2241 2722 2295 etiam
2753 2243 2991 2297 hostium
3028 2245 3444 2301 innumerabilis
3479 2249 3622 2300 mul—

2054 2327 2231 2382 titudo
2255 2332 2631 2396 quarumlibet
2687 2337 2948 2390 mortium
3006 2338 3366 2393 instrumenta
3402 2350 3456 2393 ct
3510 2356 3622 2394 ma-

2050 2416 2243 2474 chinas
2272 2419 2431 2475 nobis
2454 2424 2763 2491 protendat,
2823 2427 2916 2480 sed
2951 2438 3007 2482 et
3043 2428 3221 2498 ipsum
3262 2427 3533 2484 Palatram
3565 2442 3639 2485 et-

2051 2507 2145 2574 qui
2186 2522 2312 2560 cum
2345 2523 2414 2562 eo
2440 2513 2688 2566 sentiunt
2715 2529 2840 2567 cum
2875 2516 3144 2583 dogmatis
3191 2518 3327 2580 suis,
3361 2535 3480 2585 quae
3520 2537 3621 2573 nos

2049 2612 2269 2664 quoque
2321 2599 2541 2667 quando
2584 2603 2861 2668 vidimus,
2893 2619 3111 2661 eterna:
3138 2612 3523 2665 'cxsecratiobi
3565 2622 3619 2665 et

2050 2686 2159 2756 igni
2197 2688 2543 2745 mandamus.
2599 2691 2807 2748 ﬂorum
2844 2696 3416 2755 verborumaccurata
3445 2702 3617 2756 docu-

2051 2788 2233 2832 menta
2268 2781 2487 2836 invenis
2510 2794 2673 2853 atque
2705 2786 2953 2841 invenies
2976 2832 2989 2851 ,
3037 2790 3083 2844 si
3130 2792 3299 2847 urbes
3332 2802 3494 2863 atque
3529 2811 3613 2848 re-

2048 2866 2239 2937 giones
2252 2866 2470 2939 Egypti
2496 2881 2550 2927 et
2571 2873 2807 2937 Arabiae,
2829 2876 3125 2932 Phoenicia!
3151 2892 3206 2934 et
3233 2881 3400 2951 Syria?
3424 2894 3477 2938 et
3495 2901 3619 2953 quze

2050 2955 2105 3008 in
2134 2956 2200 3011 iis
2217 2957 2669 3030 iucoluntgentes
2694 2962 3442 3039 Christianorumpcragrare
3460 2973 3617 3039 velis,

2048 3062 2170 3116 quae
2209 3064 2519 3122 quanquam
2560 3054 2809 3109 habitant
2856 3056 2999 3110 inter
3045 3060 3242 3128 impios
3284 3062 3636 3132 impun-nque

1974 3175 2019 3233 ϐ
2049 3154 2145 3194 ore
2190 3143 2448 3210 praeditos
2499 3153 2662 3214 atque
2704 3146 2900 3202 alienis
2939 3149 3103 3205 armis
3144 3154 3402 3221 subjectae
3445 3164 3609 3215 sunt.

2052 3237 2234 3285 tamen
2297 3234 2605 3289 doctrinam
2659 3237 2848 3291 talium
2919 3241 3302 3310 episeOporum
3380 3258 3619 3313 sequen-

2053 3331 2156 3386 tes,
2202 3325 2564 3380 reverentiam
2615 3344 2644 3381 a
2706 3329 2955 3397 patribus
3018 3334 3272 3386 traditam
3340 3352 3629 3403 iinnqnanr

2050 3429 2158 3468 non
2216 3415 2422 3470 sanctis
2478 3418 2791 3474 attribuunt
2866 3421 3152 3491 dogmatis.
3220 3423 3463 3493 Longum
3509 3437 3613 3486 est.

2051 3503 2233 3558 omnia
2291 3520 2551 3561 enarrare
2635 3524 2757 3579 quae
2808 3510 3031 3567 divinus
3089 3512 3178 3567 ille
3246 3515 3330 3567 vir
3402 3532 3614 3570 mecum

372 3595 826 3661 communicavit,
876 3604 933 3651 et
986 3611 1107 3665 qua:
1158 3595 1251 3653 alii
1297 3596 1431 3652 alias
1472 3595 1632 3650 aliter
1680 3594 1813 3650 mihi
1863 3591 2172 3650 referebant
2230 3594 2299 3648 ad
2339 3596 2594 3651 euuulem
2650 3599 2901 3653 ordinem
2958 3609 3122 3670 atque
3154 3603 3412 3672 pietatem
3448 3611 3623 3675 peni-

374 3687 588 3742 nentia.

450 3784 527 3838 Z'.
569 3783 849 3849 Ἐξιετίαν
876 3784 923 3839 δ’
951 3783 1043 3839 οὖν
1077 3786 1227 3855 ὅμως
1267 3786 1426 3855 ἡμεῖς
1461 3786 1518 3837 ὲν
1566 3783 1796 3844 ἐκείνοις
1829 3783 1945 3836 δια-

368 3877 694 3944 τετριφότες
725 3877 838 3938 τοῖς
876 3876 1084 3937 τόποις,
1115 3876 1308 3928 ἔπειτα
1343 3876 1578 3942 πλήρεσι
1604 3876 1717 3934 τοῖς
1749 3870 1942 3934 ίστίοις

372 3968 703 4036 ἀναχθέντες
749 3969 814 4023 ἐκ
864 3966 1114 4029 Κιλικίας
1152 3969 1450 4037 δευτεραῖοι
1489 3968 1542 4027 ὲς
1592 3965 1818 4033 Κύπρον
1847 3965 1942 4035 τὴν

370 4063 542 4129 νῆσον
594 4060 967 4129 κατήχθημεν,
1018 4060 1147 4112 ἔνθα
1193 4060 1260 4128 δὴ
1310 4060 1403 4113 καὶ
1451 4058 1941 4128 πολὺνδιατρίϐειν

374 4147 646 4215 ἑγνώκειν
671 4147 847 4214 ἔγωγε
878 4148 1064 4215 χρόνον
1092 4147 1180 4201 διὰ
1215 4163 1273 4198 τε
1302 4146 1470 4199 τᾶλλα
1499 4146 1609 4198 τῶν
1649 4147 1748 4215 τῆς
1774 4146 1940 4214 νήσου

364 4238 561 4292 καλῶν
606 4240 699 4290 καὶ
727 4240 827 4307 τήν
860 4254 923 4306 γε
970 4237 1194 4306 ἔννομον
1227 4253 1285 4289 τε
1335 4238 1428 4290 καὶ
1468 4236 1739 4304 φιλόξενον
1787 4237 1943 4289 πολιο

369 4332 550 4395 τείαν,
579 4328 681 4385 καῖ
707 4333 943 4401 μάλιστα
975 4331 1190 4385 πάντων
1214 4333 1304 4385 διὰ
1330 4332 1429 4399 τὴν
1457 4329 1554 4382 τοῦ
1597 4327 1765 4398 σοφοῦ
1801 4326 1945 4380 ἑκεί-

370 4440 470 4477 νου
502 4424 695 4492 ἁνδρὸς
724 4423 965 4492 ὁμιλίαν,
993 4423 1272 4494 Γεωργίου
1301 4424 1443 4494 φημὶ
1470 4419 1566 4476 τοῦ
1594 4422 1860 4487 Λαπίθου,
1897 4413 1943 4487 ᾧ

2122 3782 2233 3838 VII.
2264 3781 2369 3837 Sex
2411 3798 2509 3854 per
2544 3798 2718 3839 annos
2748 3800 2873 3840 cum
2911 3788 2963 3841 in
2997 3788 3104 3844 illis
3129 3789 3266 3845 locis
3298 3791 3614 3857 fuissemus,

2047 3890 2113 3928 ex
2141 3873 2332 3928 Cilicia
2361 3875 2497 3930 velis
2527 3878 2702 3945 passis
2726 3879 2781 3931 in
2816 3880 2986 3932 altum
3017 3880 3206 3946 delati,
3238 3884 3482 3940 secundo
3527 3886 3615 3941 die

2048 3965 2115 4018 ad
2147 3965 2382 4019 insulam
2409 3966 2651 4037 Cyprum
2669 3970 3003 4038 appulimus,
3030 3974 3123 4026 ubi
3152 3975 3372 4044 longum
3403 3986 3617 4046 tempus

2051 4058 2378 4109 commorari
2433 4059 2830 4114 constitueram
2882 4078 3008 4115 cum
3058 4065 3130 4117 ob
3169 4067 3294 4128 alia,
3325 4083 3444 4136 quae
3481 4086 3615 4137 pne-

2048 4144 2142 4199 bet
2173 4145 2353 4200 insula
2383 4147 2695 4210 commoda,
2726 4160 2837 4202 tum
2878 4152 3023 4220 quod
3062 4146 3151 4208 rei
3177 4156 3407 4222 publica:
3436 4160 3613 4212 aduri-

2049 4234 2301 4288 nistratio
2330 4237 2588 4304 przeclare
2614 4238 2826 4308 legibus
2861 4248 3162 4310 temperata
3197 4254 3303 4306 est,
3330 4256 3385 4299 et
3412 4247 3615 4313 oppido

2048 4323 2341 4393 hospitalis
2371 4363 2389 4388 .
2445 4327 2681 4382 maxime
2737 4344 2869 4383 vero
2895 4345 2963 4384 eo
2987 4333 3252 4399 consilio,
3305 4344 3364 4387 ut
3394 4338 3614 4405 Georgii

2049 4414 2314 4485 Lapithae,
2347 4417 2446 4472 viri
2479 4418 2626 4474 illius
2651 4421 3041 4489 sapientissimi
3075 4427 3472 4480 consuetudine
3498 4441 3615 4481 ute-

368 4515 477 4568 οὐκ
514 4514 676 4578 εὐθὺς
706 4514 917 4578 ἀποϐὰς
940 4518 1038 4585 τῆς
1069 4517 1205 4577 vein:
1253 4515 1669 4584 ὲνετετυχὴκειν
1699 4512 1946 4583 αὐθημε-

2048 4521 2157 4570 rer,
2192 4523 2355 4576 quem
2388 4509 2500 4579 28
2530 4511 2755 4578 quidem
2789 4527 2821 4565 e
2859 4512 2983 4566 navi
3003 4528 3256 4583 egressus
3292 4531 3400 4569 non
3426 4517 3611 4571 statim

372 4605 507 4674 95w
553 4606 616 4656 ού
665 4605 775 4674 γὰρ
824 4604 1052 4674 πλησίον
1083 4606 1201 4657 ἐκεῖ
1231 4621 1334 4657 που
1379 4604 1478 4673 τὴν
1524 4601 1741 4675 οἴκησιν
1773 4596 1941 4672 εἶχεν,

368 4695 516 4751 ἀλλὰ
555 4696 699 4750 δυοῖν
729 4697 965 4767 ἡμέραιν
1020 4696 1116 4749 τοῦ
1163 4695 1381 4765 λιμένος
1419 4696 1730 4765 ἀπέχουσαν
1768 4697 1848 4758 είς
1884 4694 1945 4747 δν

369 4791 540 4857 ἡμεῖς
565 4789 866 4856 τηνικαῦτα
895 4787 1420 4857 ὲσεπεπλεύκειμεν.
1463 4787 1647 4840 Ῥόδου
1693 4785 1794 4855 μὲν
1835 4784 1946 4854 γὰρ

368 4876 594 4945 ἐκείνης
626 4878 726 4945 τῆς
749 4877 914 4946 νήσου
949 4875 1152 4945 μείζων
1186 4875 1338 4928 ἐστὶν
1358 4877 1391 4944 ἡ
1427 4875 1672 4944 Κύπρος,
1700 4875 1796 4928 καὶ
1824 4877 1944 4946 ἅμα

367 4965 435 5017 οὐ
478 4963 601 5016 κατ’
630 4965 868 5035 ἐκείνην,
892 4964 1008 5018 ἀλλ’
1047 4965 1327 5036 ἐπιμήκης
1365 4963 1429 5016 τὸ
1458 4968 1644 5035 σχῆμα
1669 4979 1683 4994 ο
1739 4967 1943 5033 μεταξὺ

364 5052 418 5106 δ’
453 5052 629 5122 αὐτῆς
653 5052 782 5123 ὅρος
820 5054 1064 5123 ἑστήκει,
1093 5053 1193 5123 τὴν
1219 5054 1462 5124 κορυφὴν
1489 5056 1547 5115 ἐς
1586 5053 1719 5122 ὕψος
1746 5056 1946 5122 ἀνάγον

374 5142 617 5211 μακρόν.
641 5141 929 5208 Ὄλυμπος
963 5141 1212 5194 καλεῖται
1240 5142 1300 5192 τὸ
1344 5142 1492 5211 ὅρος,
1526 5142 1584 5207 ἐξ
1609 5141 1670 5193 οὖ
1716 5144 1808 5195 καὶ
1838 5161 1946 5212 πη·-

368 5231 473 5297 γαὶ
509 5228 768 5297 ποταμῶν
796 5227 1165 5290 ἀποδλύζουσι
1211 5231 1383 5298 τρεῖς,
1414 5224 1490 5282 ὧν
1528 5230 1558 5282 ὁ
1593 5230 1797 5297 μείζων
1840 5248 1942 5284 κα-

368 5321 640 5389 λούμενος
687 5321 929 5383 Λάπιθος
973 5322 1189 5374 κάτεισι
1236 5324 1453 5391 τέμνων
1501 5322 1593 5375 καὶ
1633 5323 1943 5395 περιρρέων

366 5414 479 5483 τὴν
533 5412 850 5465 Λευκωσίαν
895 5411 1096 5464 οὑτωσὶ
1165 5411 1510 5481 καλουμένην
1568 5412 1785 5482 χώραν,
1845 5415 1942 5467 καὶ

369 5502 762 5558 ἀποπτύων-τὺ
785 5503 1003 5574 ῥεῖθρον
1029 5505 1181 5572 παρὰ
1200 5504 1300 5572 τὴν
1327 5506 1383 5565 ἐς
1405 5503 1606 5573 ἄρκτον
1632 5505 1945 5573 βλέπουσαν

371 5595 679 5649 θάλασσαν.
726 5594 933 5646 Τούτου
980 5594 1134 5662 παρὰ
1184 5594 1281 5656 τὰς
1331 5593 1498 5664 ὄχθας
1556 5594 1749 5663 ἔτυχεν
1800 5596 1942 5665 ἔχων

372 5685 589 5746 ἐκεῖνος
618 5683 718 5752 τὴν
745 5684 981 5753 οίκησιν,
1018 5681 1101 5736 διδ
1126 5683 1222 5735 καὶ
1259 5683 1506 5753 Λαπίθης
1532 5683 1595 5736 ἔκ
1622 5701 1686 5752 γε
1720 5685 1810 5738 τοῦ
1841 5703 1938 5738 πο-

369 5772 558 5847 ταμοῦ
594 5773 687 5828 καὶ
726 5774 887 5838 αὐτὸς
932 5775 1080 5840 ὅπως
1120 5774 1249 5830 ποτὲ
1284 5776 1736 5848 παρωνόμασται.
1778 5777 1936 5851 Γνοίη

2044 4597 2241 4653 eodem
2282 4601 2372 4655 die
2398 4602 2696 4656 convenire
2733 4604 2906 4673 potui.
2950 4605 3070 4659 Non
3110 4606 3259 4659 enim
3289 4606 3343 4661 in
3386 4609 3612 4675 propiu-

2044 4704 2154 4758 quo
2186 4690 2643 4752 habebatsedem,
2678 4695 2771 4747 sed
2797 4695 3032 4750 duorum
3065 4698 3281 4752 dierqu
3316 4699 3615 4753 iterintcr-

2043 4788 2165 4834 erat
2217 4780 2359 4835 inter
2383 4795 2503 4835 eam
2543 4791 2708 4851 atque
2741 4795 2955 4853 portum
2989 4787 3044 4840 in
3076 4804 3238 4856 quem
3283 4801 3395 4843 tum
3428 4792 3613 4844 incur-

2049 4872 2243 4925 rimus.
2274 4870 2489 4943 Cyprus
2521 4874 2668 4928 enim
2698 4876 2871 4945 major
2890 4886 2976 4931 est
3009 4877 3183 4930 insula
3207 4878 3397 4933 Rhodo
3434 4896 3611 4948 neque

2045 4964 2238 5017 eadem
2268 5003 2283 5029 ,
2329 4981 2439 5034 qua
2505 4966 2595 5021 illa
2653 4965 2830 5021 forma
2854 5009 2869 5032 ,
2905 4969 3003 5023 sed
3036 4971 3291 5039 oblonga.
3340 4971 3398 5023 In
3433 4971 3609 5023 media

2046 5065 2228 5108 autem
2264 5054 2440 5109 insula
2471 5071 2628 5110 mons
2685 5066 2795 5123 est,
2839 5058 2928 5112 cui
2971 5059 3186 5113 culmen
3240 5062 3306 5114 ad
3360 5077 3609 5130 tuagnam

2045 5146 2393 5199 altitudinem
2430 5147 2609 5203 eﬂ‘ert.
2660 5149 2924 5220 Olympus
2960 5151 3267 5218 appellatur
3316 5168 3384 5206 ex
3429 5168 3608 5220 eoque

2044 5236 2212 5291 trium
2255 5236 2544 5291 ﬂuviorum
2581 5238 2761 5294 [mites
2807 5239 3125 5309 proﬂuunt,
3169 5258 3401 5311 quorum
3438 5246 3613 5296 ruaxi-

2044 5343 2185 5391 mus,
2226 5330 2315 5382 cui
2365 5327 2598 5397 Lapitho
2656 5346 2855 5385 nomen
2890 5342 3013 5394 est,
3051 5332 3373 5387 Leucosiam
3436 5333 3613 5401 regio-

2044 5432 2193 5479 nem,
2221 5434 2344 5487 quae
2370 5419 2599 5485 dicitur,
2632 5419 2872 5474 secernit
2910 5429 3076 5491 atque
3121 5420 3477 5486 circumﬂuit,
3508 5421 3608 5477 llu-

2042 5517 2271 5575 ctusque
2304 5509 2357 5562 in
2400 5526 2547 5564 mare
2573 5550 2587 5567 .
2635 5511 2783 5579 qmld
2821 5511 2875 5565 in
2915 5511 3322 5580 septentriones
3355 5521 3606 5580 spectat,

2041 5598 2263 5653 emittit.
2293 5599 2372 5653 Ad
2402 5578 2572 5669 hujus
2601 5600 2843 5655 ﬂuminis
2864 5601 3011 5670 ripas
3042 5602 3132 5656 ille
3155 5602 3491 5657 domicilium
3516 5604 3610 5658 ha-

2042 5687 2196 5751 buit,
2231 5700 2568 5760 quapropter
2591 5693 2757 5746 etiam
2801 5687 2923 5759 ipse
2971 5691 3233 5760 Lapithes
3278 5709 3345 5748 ex
3380 5693 3608 5749 (lumine

2042 5780 2462 5851 cognominatus
2513 5782 2748 5838 videtur.
2800 5779 2996 5837 Statim
3053 5800 3180 5840 vero
3209 5786 3333 5855 quis
3377 5802 3444 5842 ex
3491 5786 3608 5840 sola
