3984 6564
342 354 410 417 19
1511 362 1896 422 NlCEPi-IOR

2001 364 2352 430 lREGORE
3498 379 3569 441 20

336 465 521 534 specle
567 474 733 536 atque
775 468 1147 540 magnitudine
1198 469 1551 524 ardiilciorum
1601 481 1764 540 atque
1792 481 1899 526 sta-

2005 475 2049 528 δ’
2073 477 2138 530 ἄν
2166 495 2251 541 τις
2299 479 2460 544 εὐθὺς
2499 481 2605 534 κάκ
2649 463 2817 553 μόνης
2852 483 2953 554 τῆς
2991 487 3348 556 περιφανείας
3385 505 3444 543 τε
3475 496 3568 546 καὶ

337 556 594 610 bulorum
625 559 792 611 etiam
825 570 1115 626 antequam
1144 560 1198 614 in
1233 561 1471 616 hominis
1507 562 1680 632 ipsius
1705 563 1899 632 adspe-

332 658 482 704 etum
545 648 780 716 vi-ncrit,
831 649 988 706 facile
1047 661 1337 722 cognosci-t
1383 668 1509 707 eum
1555 669 1896 722 nequaquam

335 757 501 796 unum
529 757 650 796 esse
682 758 748 796 cx
797 741 1134 814 ignobilibus
1189 753 1353 812 atque
1405 745 1652 813 plebeiis,
1695 745 1790 799 sed
1831 759 1895 799 ex

332 833 656 888 clarissimis
695 843 859 904 atque
899 834 1237 904 primoribus
1266 835 1476 890 insulae.
1529 835 1676 890 Idem
1729 837 1899 906 magis

331 925 499 976 etiam
549 935 836 991 cognoscet
871 941 938 980 ex
983 925 1107 979 vita)
1135 930 1252 996 ejus
1293 926 1556 996 dignitate
1589 936 1753 996 atque
1780 943 1901 998 gra-

333 1015 525 1069 ritate.
553 1015 712 1068 Festa
744 1015 890 1069 enim
919 1025 973 1070 et
1007 1017 1146 1071 sacri
1169 1025 1472 1073 conventus
1495 1028 1655 1090 atque
1685 1033 1898 1073 summa

335 1103 387 1155 in
437 1104 631 1172 inopes
665 1104 968 1158 liberalitas
1023 1105 1171 1159 illam
1219 1109 1438 1162 domum
1479 1118 1697 1164 ornant.
1743 1108 1901 1166 Chri-

331 1195 640 1250 stianerum
688 1207 871 1252 autem
923 1198 1286 1268 captivorum,
1318 1199 1412 1268 qui
1457 1202 1654 1256 crebro
1685 1201 1758 1256 ibi
1787 1203 1900 1256 cir-

332 1287 830 1353 euinduccbantur,
889 1291 1177 1344 maximam
1238 1291 1477 1346 habebat
1525 1307 1738 1357 curam,
1772 1308 1898 1350 cum

323 1389 388 1434 et
434 1380 552 1450 ipse
593 1381 818 1458 largiter
845 1384 1105 1454 majorem
1131 1393 1294 1454 atque
1331 1385 1613 1440 meliorem
1646 1385 1754 1456 29
1783 1403 1903 1454 par-

333 1485 440 1526 tem
470 1473 536 1528 ad
576 1489 770 1530 eorum
806 1475 1084 1531 conferret
1115 1477 1424 1532 libertatem
1455 1488 1509 1532 et
1557 1479 1697 1534 alios
1734 1493 1902 1534 sacrae

333 1563 636 1636 Scriptura:
655 1568 942 1635 praeceptis
958 1567 1364 1624 adhortaretur.
1395 1569 1731 1640 Praecipuum
1751 1570 1898 1624 enim

331 1656 700 1710 ctmaximnm
727 1655 972 1712 studium
1005 1658 1148 1713 ineo
1173 1660 1508 1727 collocabat,
1544 1671 1603 1717 ut
1638 1661 1902 1717 Christia-

332 1758 435 1800 nos
473 1747 526 1800 in
555 1748 728 1802 sacris
770 1747 1023 1804 ecclesiis
1062 1758 1423 1821 congregatos
1455 1767 1578 1806 cum
1611 1753 1745 1808 alias
1773 1753 1902 1808 reli-

331 1837 512 1904 gionis
557 1839 708 1908 leges
735 1837 980 1906 doceret,
1036 1849 1150 1894 tum
1203 1842 1436 1898 maxime
1465 1851 1736 1907 moneret,
1781 1845 1900 1899 ino-

331 1926 493 1996 pibus
534 1943 885 1997 summepere
930 1931 1377 1999 prospiciendum
1409 1942 1464 1988 et
1497 1933 1896 2003 providendum

332 2033 477 2074 esse.
500 2019 684 2086 Quare
731 2020 935 2075 factum
966 2029 1050 2074 est
1073 2061 1088 2088 ,
1117 2030 1178 2076 ut
1222 2023 1337 2092 ejus
1365 2039 1532 2092 opera
1567 2032 1678 2080 tota
1719 2023 1894 2078 insula

330 2110 728 2164 misericordiae
754 2121 917 2180 atque
945 2113 1066 2168 ﬁdei
1107 2114 1265 2182 quasi
1299 2117 1548 2184 palaestra
1583 2124 1764 2185 pateat
1797 2117 1900 2171 ibi-

329 2215 436 2270 que
468 2204 699 2256 maxima
725 2204 796 2259 sit
825 2205 1164 2274 captivorum
1196 2207 1439 2261 libertas.

405 2291 534 2346 Vill.
565 2292 620 2345 In
638 2293 744 2346 illis
764 2295 898 2350 locis
913 2305 1039 2349 sunt
1057 2296 1222 2350 etiam
1251 2298 1396 2367 regis
1415 2298 1614 2367 praedia
1633 2299 1898 2368 sedesque

327 2393 490 2447 atque
515 2383 968 2450 Splendidissima:
1017 2387 1137 2456 ejus
1176 2397 1232 2442 ct
1279 2387 1661 2457 pulcherrima:
1709 2388 1894 2455 aedes,

327 2475 469 2542 quod
504 2475 592 2529 illa
627 2491 754 2544 pars
808 2476 998 2532 insulae
1029 2479 1326 2534 amoeniore
1357 2480 1557 2549 gaudet
1587 2480 1730 2534 aeris
1763 2489 1898 2534 lem-

329 2566 480 2632 perie
528 2567 938 2636 etjucundiore
987 2569 1116 2623 situ.
1163 2569 1426 2634 Quocirca
1475 2568 1794 2638 frequenter
1829 2585 1896 2624 ex

328 2655 638 2726 propinquo
666 2655 732 2710 ad
760 2672 884 2710 eum
915 2659 1164 2712 veniebat
1192 2657 1460 2728 Georgius
1492 2659 1773 2728 Lapithes,
1802 2658 1896 2730 qui

327 2759 538 2799 stunina
591 2747 732 2814 apud
779 2762 903 2800 cum
947 2749 1255 2802 reverentia
1296 2758 1458 2818 atque
1505 2749 1716 2804 honore
1743 2749 1896 2804 frue-

329 2835 491 2890 batur
533 2851 658 2890 cum
711 2847 940 2905 propter
989 2837 1314 2906 dignitatem
1375 2847 1488 2892 tum
1539 2849 1766 2908 propter
1810 2855 1898 2894 sa-

329 2927 616 2995 pientiam.
643 2942 751 2996 qua
781 2926 1026 2981 omnium
1057 2929 1289 2982 maxime
1323 2929 1582 2999 praeditus
1611 2939 1748 2984 erat.
1781 2931 1894 2984 Rex

327 3015 490 3070 etiam
529 3017 644 3084 ipse
675 3015 1020 3086 philosophia
1043 3017 1360 3070 Latinorum
1387 3018 1526 3074 haud
1547 3018 1898 3074 mediocriter

2002 567 2096 619 τοῦ
2126 569 2392 638 μεγέθους
2425 571 2536 624 τῶν
2557 572 2748 627 οἰκιῶν
2775 575 2870 627 καὶ
2897 575 3188 631 ἐπαύλεων
3212 573 3308 630 τοῦ
3352 580 3566 649 ἀνδρὸς,

2001 659 2097 711 καὶ
2129 660 2260 730 πρὶν
2309 662 2390 724 είς
2417 663 2542 731 ὄψιν
2589 665 2725 720 ἰέναι
2765 668 2954 732 αὐτοῦ,
2985 665 3182 741 [L101
3231 671 3282 744 ὁ]
3347 673 3421 744 μὴ
3461 675 3571 728 τῶν

2003 749 2216 816 ἀγενῶν
2247 745 2386 807 εἶναι
2417 755 2515 808 καὶ
2555 756 2664 810 τῶν
2693 757 2904 812 πολλῶν
2934 759 3048 825 ινα,
3077 763 3160 815 ὅτι
3191 761 3265 832 μὴ
3293 765 3402 816 τῶν
3429 765 3570 818 πάνυ

2001 859 2050 896 τι
2077 842 2200 898 λίαν
2241 845 2469 914 ἐνδόξων
2499 847 2594 902 καὶ
2639 849 2873 920 πρώτων
2909 851 3010 918 τῆς
3036 853 3199 923 νήσου
3219 871 3234 886 ·
3261 855 3415 924 γνοίη
3439 855 3484 908 δ’
3507 855 3572 910 ἄν

2004 934 2206 1006 μᾶλλον
2245 938 2310 991 ἐκ
2337 939 2430 991 τοῦ
2460 940 2663 1008 τρόπου
2693 943 2788 996 καὶ
2815 944 2912 1012 τῆς
2947 943 3111 1014 ἄλλης
3151 945 3244 998 τοῦ
3293 945 3406 1015 βίου
3439 963 3572 1016 σεμ-

2001 1027 2246 1097 νότητος.
2299 1029 2518 1101 Ἑορταὶ
2560 1033 2670 1102 γὰρ
2724 1031 2820 1086 καὶ
2880 1034 3218 1104 πανηγύρεις
3271 1037 3413 1107 ίεραὶ
3471 1037 3574 1107 τὴν
3675 1067 3680 1070 -

1999 1119 2180 1174 οἰκίαν
2207 1120 2426 1192 ἐκείνην
2451 1123 2737 1190 ἐκόσμουν,
2760 1126 2856 1178 καὶ
2881 1127 3140 1196 χορηγίαι
3165 1127 3274 1181 τῶν
3301 1129 3574 1198 δεομένων

2001 1212 2264 1282 δαψιλεῖς.
2313 1213 2436 1268 Τῶν
2490 1231 2554 1284 γε
2609 1216 2717 1286 μὴν
2773 1218 2943 1287 συχνὰ
2993 1221 3408 1288 περιαγομένων
3457 1221 3575 1273 ἐκεῖ

2003 1307 2344 1376 Χριστιανῶν
2384 1307 2746 1378 αἰχμαλώτων
2800 1311 3064 1380 μεγίστην
3095 1313 3330 1364 ἐποιεῖτο
3358 1312 3572 1382 προμή-

2003 1399 2173 1463 θειαν,
2217 1399 2380 1464 αὐτός
2433 1413 2494 1453 τε
2547 1403 2806 1472 παρέχων
2843 1402 3092 1472 ἀφθόνως
3149 1403 3220 1456 τὰ
3263 1404 3432 1472 μείζω
3475 1405 3571 1457 καὶ

2002 1490 2310 1560 τελεώτερα
2353 1491 2454 1559 τῆς
2507 1491 2713 1546 τούτων
2759 1493 3098 1565 ἐλευθερίας,
3143 1497 3236 1548 καὶ
3293 1491 3406 1566 ἅμα
3446 1497 3572 1558 τοὺς

2001 1581 2196 1648 ἄλλους
2251 1585 2494 1655 ὀτρύνων
2545 1585 2898 1648 διδασκαλίας
2957 1587 3068 1640 τῶν
3113 1586 3276 1639 θείων
3316 1587 3568 1656 Γραφῶν.

2006 1675 2208 1744 Ἔργον
2255 1676 2364 1744 γὰρ
2398 1676 2566 1730 αὑτοῦ
2601 1675 3028 1730 σπουδαιότατον
3073 1677 3307 1746 μάλιστα
3353 1677 3573 1730 πάντων

1931 1807 1972 1864 Β
2003 1765 2178 1832 ἱεραῖς
2234 1765 2552 1835 ἐκκλησίαις
2608 1766 3028 1836 ἀθροιζομένους
3073 1769 3435 1838 Χριστιανοὺς
3489 1769 3572 1822 δια

2005 1855 2224 1930 δάσκειν
2261 1855 2330 1908 τά
2355 1871 2416 1908 τε
2446 1851 2580 1909 ἄλλα
2621 1857 2721 1927 τῆς
2760 1858 3042 1920 εὐσεϐείας
3065 1858 3290 1928 νόμιμα,
3319 1859 3410 1911 καὶ
3437 1859 3572 1928 πρός

2003 1963 2067 2014 γε
2109 1945 2364 2017 φροντίδα
2414 1947 2689 2001 ποιεῖσθαι
2735 1949 2844 2000 τῶν
2879 1943 3150 2017 δεομένων
3182 1949 3466 2018 μεγίστην,
3495 1949 3570 2010 ὡς

2004 2033 2145 2094 εἶναι
2171 2039 2240 2092 δι’
2271 2035 2482 2091 ἐκεῖνον
2523 2039 2704 2092 πᾶσαν
2742 2039 2956 2106 ἐκείνην
2977 2039 3076 2107 τὴν
3106 2039 3265 2106 νῆσον
3290 2038 3438 2090 ἐλέου
3479 2039 3570 2091 καὶ

2005 2131 2246 2193 πίστεως
2285 2129 2522 2196 στάδιον,
2557 2130 2654 2185 καὶ
2687 2129 2926 2200 μάλιστα
2959 2130 3178 2185 πάντων
3209 2131 3571 2199 αἰχμαλώτων

2005 2223 2348 2294 ἐλευθερίαν.
3205 2227 3210 2232 ’

2077 2313 2160 2368 ιιν.
2191 2314 2310 2367 Εἰσί
2339 2330 2401 2382 γε
2429 2314 2536 2385 μὴν
2561 2316 2653 2367 καὶ
2671 2313 2730 2368 al
2758 2314 2851 2366 τοῦ
2876 2315 3045 2385 ρηγὸς
3075 2315 3202 2384 περὶ
3219 2315 3344 2376 τοὺς
3372 2311 3570 2374 τόπους

2003 2406 2246 2468 ἐκείνους
2292 2404 2547 2468 ἐπαύλεις
2609 2405 2707 2458 καὶ
2761 2406 2986 2468 δίαιται,
3017 2406 3114 2458 καλ¹
3161 2405 3217 2458 αἱ
3269 2404 3376 2457 τῶν
3405 2404 3570 2456 οίκων

2003 2497 2212 2550 ἐκείνου
2243 2495 2621 2565 λαμπρότητες
2655 2497 2794 2551 πάνυ
2830 2497 2994 2550 καλαὶ
3019 2497 3104 2550 διὰ
3131 2497 3191 2550 τὸ
3213 2496 3570 2566 χαριέστερον

2003 2583 2142 2642 εῖναι
2175 2589 2273 2658 τῆς
2305 2589 2470 2657 νήσου
2501 2588 2562 2643 τὸ
2593 2588 2759 2658 μέρος
2789 2589 2966 2641 ἐκεῖνο
2995 2589 3158 2658 ἀέρος
3191 2605 3250 2640 τε
3281 2588 3444 2640 ἕνεκα
3475 2587 3570 2638 καὶ

2005 2681 2122 2748 ἃμα
2171 2679 2371 2742 Θέσεως
2405 2679 2574 2748 ἄλλης
2615 2681 2712 2732 καὶ
2765 2675 3040 2750 ῥᾳθυμίας
3083 2679 3192 2732 τῶν
3239 2683 3443 2734 τόπων.
3480 2677 3571 2729 Διὸ

2003 2769 2111 2824 κάκ
2146 2771 2240 2822 τοῦ
2273 2769 2457 2838 σχεδὸν
2479 2769 2732 2838 ἐσεφοίτα
2761 2770 2910 2838 θαμὰ
2937 2771 3064 2838 παρ’
3087 2769 3246 2822 αὐτὸν
3269 2771 3296 2822 ὁ
3323 2768 3568 2837 Λαπίθης

2003 2861 2300 2934 Γεὼργιος,
2333 2862 2429 2914 καὶ
2469 2859 2676 2931 σφόδρα
2720 2861 2916 2930 κομιδῆ
2955 2861 3156 2929 πολλῆς
3195 2861 3434 2920 ἀπέλαυε
3470 2860 3572 2927 τῆς

2005 2957 2238 3026 ῥηγικῆς
2275 2951 2458 3018 αἰδοῦς
2503 2955 2600 3008 καὶ
2643 2953 2814 3022 τιμῆς
2843 2951 2930 3004 διά
2956 2965 3014 3004 τε
3048 2953 3146 3020 τὴν
3175 2951 3341 3021 ἀλλην
3374 2949 3570 3019 σεμνό-

2003 3059 2163 3112 τητα,
2197 3045 2294 3098 καὶ
2360 3047 2429 3116 ἢν
2489 3044 2756 3114 ἐκέκτητο
2814 3041 3050 3112 μάλιστα
3086 3041 3306 3094 πάντων
3354 3041 3567 3108 σοφίαν,

326 3118 446 3162 erat
484 3107 758 3174 imbutus;
811 3109 904 3164 sed
935 3121 1246 3179 quanquam
1275 3127 1339 3165 ca
1365 3111 1434 3166 de
1477 3123 1640 3167 causa
1679 3127 1898 3180 semper

2005 3107 2254 3190 tristqu
2312 3107 2474 3196 αὐτὸς
2525 3135 2586 3188 οὐ
2644 3107 2883 3204 μετρίως
2925 3134 3029 3201 τῆς
3059 3131 3306 3186 Λατίνων
3336 3107 3568 3202 μετέσχε

326 3199 597 3267 plurimos
623 3199 973 3270 [sapientium
1021 3201 1341 3257 Latinorum
1387 3202 1597 3258 circum
1627 3215 1688 3259 se
1721 3203 1894 3258 habe-

327 3289 442 3350 bat,
477 3290 648 3358 magis
680 3298 860 3344 tamen
891 3289 1268 3347 delectabatur
1299 3291 1518 3364 Georgii
1555 3293 1898 3348 humanitate

329 3388 496 3448 atque
553 3379 984 3436 consuetudine.
1037 3381 1328 3451 Sapientes
1379 3385 1550 3449 enim,
1585 3385 1780 3455 inquit,
1817 3397 1898 3457 ty-

327 3469 484 3523 ranni
533 3469 862 3539 sapientium
933 3475 1285 3530 commercio.
1363 3476 1500 3530 Eum
1563 3477 1728 3546 igitur
1771 3493 1896 3532 cum

326 3578 514 3618 secum
541 3563 790 3634 haberet,
835 3563 1107 3620 adductus
1127 3573 1232 3630 est,
1269 3574 1328 3620 ut
1367 3577 1656 3637 utramque
1695 3570 1900 3638 pariter

331 3654 655 3722 sapientiam
685 3654 787 3709 sibi
819 3663 1055 3724 pararet,
1099 3654 1413 3710 Grtecorum
1462 3657 1670 3714 scilicet
1710 3670 1765 3715 et
1795 3659 1898 3713 La-

329 3745 591 3802 tinorutn.
611 3745 877 3818 Georgius
899 3748 1048 3802 enim
1075 3745 1441 3815 peritissimus
1457 3759 1579 3804 erat
1607 3751 1899 3822 utriusque

327 3839 610 3908 sapientia:
625 3855 690 3894 ac
719 3839 938 3909 linguzet
960 3839 1138 3906 Quare
1165 3841 1424 3896 audiebat
1445 3855 1571 3896 eum
1591 3857 1684 3898 rex
1707 3843 1902 3898 luben-

329 3943 413 3988 ter
431 3949 616 3988 eorum
642 3949 700 3988 se
722 3947 866 4003 saepe
899 3935 1268 4004 disputantem
1293 3951 1418 3992 cum
1439 3936 1777 4006 sapietibus
1797 3937 1900 3993 La-

329 4027 460 4080 tinis
481 4065 498 4092 ,
527 4042 670 4096 quos
705 4026 1145 4096 syllogismorum
1195 4028 1764 4099 argumentationibus
1793 4029 1906 4099 30

328 4119 484 4186 quasi
513 4119 634 4172 telis
661 4117 968 4173 fortissime
1005 4119 1284 4188 impetitos
1311 4119 1630 4189 superabat,
1678 4133 1904 4188 pratscr-

330 4214 426 4266 tim
451 4227 577 4268 cum
611 4221 894 4266 certamen
919 4211 1002 4281 Ide
1049 4211 1200 4266 cultu
1233 4213 1538 4281 patriorum
1585 4211 1897 4282 dogmatum

329 4303 646 4357 institutum
675 4311 831 4370 erat;
889 4310 1004 4357 tum
1039 4303 1188 4357 enim
1235 4303 1480 4358 ﬂuminis
1529 4302 1702 4358 instar
1755 4303 1902 4360 Scric

328 4404 502 4462 ptum:
535 4409 704 4448 sacrm.
733 4393 1295 4462 detiionstrationibus
1343 4395 1398 4448 in
1445 4405 1542 4450 eos
1569 4393 1792 4450 irruens
1819 4394 1900 4450 el-
1931 4395 1974 4450 D

327 4485 460 4541 iecit
501 4495 564 4541 ut
603 4484 738 4539 muti
775 4500 1000 4556 prorsus
1045 4486 1228 4556 pisces
1262 4501 1384 4541 esse
1413 4485 1752 4541 viderentur.
1785 4486 1896 4541 lle-

326 4595 447 4652 gem
477 4594 610 4634 vero
649 4577 802 4633 hisce
829 4577 1296 4648 disputationibus
1345 4577 1621 4632 interdum
1663 4577 1716 4632 in
1761 4578 1900 4632 iram

327 4672 674 4740 compulsum
709 4685 901 4724 rursus
943 4669 1240 4724 verborum
1277 4676 1566 4724 venustate
1596 4679 1652 4723 et
1708 4667 1904 4722 irrel‘u-

331 4764 484 4817 tahili
513 4762 762 4816 veritatis
799 4761 939 4815 ﬂexu
977 4769 1142 4827 atque
1193 4759 1660 4815 circumversione
1687 4759 1902 4814 demul-

329 4859 508 4911 e'ehat.
556 4855 672 4909 Tali
719 4855 884 4921 igitur
921 4852 1136 4906 ratione
1181 4852 1326 4921 regis
1355 4851 1638 4906 iracundia
1690 4851 1902 4921 placide

331 4963 580 5018 repressa
613 4945 1160 5020 ad_tranquillitatem
1189 4954 1247 4998 et
1275 4943 1630 4996 securitatem
1655 4943 1898 4996 animum

329 5043 449 5110 ejus
479 5039 744 5092 traduxit.
783 5037 970 5104 Neque
999 5045 1114 5088 erat
1149 5036 1460 5102 quisquam,
1498 5034 1763 5102 utpaucis
1789 5047 1902 5087 rem

329 5131 638 5200 expediam,
673 5131 788 5184 sive
843 5129 1044 5183 Grmcze
1091 5127 1358 5181 doctrina:
1411 5125 1556 5179 haud
1616 5125 1904 5192 imperitus

329 5223 446 5275 sive
475 5220 832 5290 philosophiae
863 5219 1069 5271 Latium
1102 5216 1330 5269 munitio
1387 5231 1494 5268 non
1531 5229 1728 5283 expers
1759 5221 1900 5278 erat,

329 5313 460 5382 quin
493 5313 544 5366 ei
580 5319 638 5364 ut
669 5311 725 5364 in
777 5307 1026 5378 quolibet
1073 5309 1234 5362 docto
1265 5307 1564 5361 certamine
1605 5305 1776 5360 multo
1803 5305 1902 5359 ad-

331 5403 589 5458 versariis
641 5395 910 5472 snpcriori
961 5401 1191 5470 palmam
1241 5399 1415 5453 daret.
1469 5398 1640 5468 Hujus
1673 5399 1776 5451 viri
1827 5397 1904 5453 fa-

333 5507 472 5544 niam
511 5491 768 5560 equidem
827 5490 1018 5550 etiam,
1049 5498 1342 5564 antequam
1383 5488 1510 5542 hinc
1565 5489 1898 5557 navigarem.

331 5599 668 5652 :II'Ct‘pCl‘allt.
715 5597 840 5636 cum
883 5595 993 5637 non
1037 5581 1212 5636 solum
1251 5581 1466 5634 litteras
1513 5595 1655 5648 stupe
1691 5579 1904 5634 lectita-

333 5689 491 5738 rem,
531 5674 734 5742 quibus
788 5673 896 5729 tuis
952 5671 1151 5728 litteris
1195 5681 1248 5727 et
1302 5671 1484 5726 ofﬁcio
1531 5671 1784 5725 amicitiai
1816 5687 1902 5724 re-

337 5765 662 5833 erltdcbal,
713 5765 805 5822 sed
853 5767 1018 5821 etiam
1067 5779 1194 5820 cum
1253 5763 1441 5819 laudes
1491 5764 1606 5832 ejus
1653 5777 1894 5818 summas

2001 3225 2320 3295 φιλοσοφίας
2352 3227 2379 3278 6
2405 3225 2525 3295 ρὴξ,
2555 3225 2646 3277 καὶ
2673 3225 2742 3277 δι’
2769 3223 2902 3278 αὑτό
2929 3239 2990 3291 γε
3020 3225 3172 3278 τουτὶ
3205 3223 3432 3285 πολλοὺς
3471 3222 3569 3290 μὲν

2001 3318 2138 3388 ἀμφ’
2169 3317 2330 3370 αὑτὸν
2375 3317 2502 3379 τοὺς
2538 3315 2785 3368 Λατίνων
2829 3313 2943 3386 εἶχε
2983 3315 3182 3382 σοφοὺς
3219 3313 3330 3377 ἀεὶ,
3365 3315 3474 3384 ἦρα
3513 3313 3572 3366 δὲ

2005 3409 2206 3482 μᾶλλον
2259 3409 2361 3479 τῆς
2407 3406 2684 3475 Γεωργίου
2739 3406 2946 3476 μούσης
2981 3407 3073 3458 καὶ
3121 3403 3376 3475 ὁμιλίαςο
3407 3404 3572 3470 Σοφοὶ

2001 3501 2130 3570 γὰρ,
2179 3501 2338 3570 φησὶ,
2397 3500 2653 3572 τύραννοι
2709 3499 2890 3567 σοφῶν
2941 3495 3220 3568 συνουσίᾳ.
3259 3495 3439 3566 Ἔχων
3477 3491 3571 3547 οὖν

2000 3593 2161 3648 αὐτὸν
2205 3591 2350 3661 ἐχειν
2411 3591 2704 3643 ἐπέπειστο
2763 3590 2859 3641 καὶ
2917 3589 3112 3655 σοφίαν
3164 3589 3310 3641 κατὰ
3368 3587 3574 3640 ταυτὸν

2001 3684 2292 3754 ἑκατέραν,
2339 3681 2438 3752 τήν
2487 3699 2546 3733 τε
2616 3680 2886 3750 Ἑλλήνων
2945 3679 3088 3749 φημὶ
3141 3679 3234 3732 καὶ
3289 3679 3568 3732 Λατίνων·

2001 3776 2176 3841 δεξιὸς
2201 3773 2310 3845 γὰρ
2355 3776 2413 3827 ἐν
2441 3775 2552 3836 τοῖς
2585 3779 2821 3841 μάλιστα
2869 3771 2964 3824 καὶ
3013 3771 3136 3823 καθ’
3187 3769 3454 3838 ἑκατέραν
3485 3781 3575 3819 σο-

2003 3870 2132 3938 φίαν
2168 3869 2263 3922 καὶ
2312 3865 2558 3935 γλῶτταν
2597 3864 2625 3918 6
2680 3862 2955 3933 Γεὼργιος
3006 3857 3097 3930 ἦν.
3125 3861 3308 3930 Ταύτῃ
3351 3876 3434 3911 τοι
3479 3856 3573 3911 καὶ

2003 3961 2172 4032 ὴδέως
2200 3955 2366 4012 αὐτοῦ
2396 3957 2600 4027 ηκουσα
2643 3953 3034 4022 διαλεγομένου
3065 3949 3237 4020 συχνὰ
3263 3949 3376 4009 τοῖς
3405 3947 3572 4001 Λατί-

2002 4069 2108 4106 νων
2139 4052 2326 4120 σοφοῖς
2375 4051 2462 4102 ἐπ⁹
2507 4045 2696 4113 αὐτοῦ,
2741 4044 2838 4098 καὶ⁹
2887 4046 2998 4107 τοῖς
3039 4043 3149 4096 τῶν
3201 4037 3576 4108 συλλογισμῶν

2003 4140 2400 4203 ἀποδεικτικοῖς
2437 4137 2649 4210 βέλεσιν
2693 4139 2748 4200 ἐς
2788 4135 2860 4188 τὰ
2895 4135 3163 4203 κράτιστα
3199 4130 3482 4192 θάλλοντος
3515 4145 3574 4180 τε

2003 4233 2097 4286 καὶ
2141 4231 2404 4294 νικῶντος
2443 4229 2662 4293 αὐτοὺς,
2691 4229 2788 4280 καὶ
2821 4226 3036 4298 μάλισθ’
3071 4226 3159 4278 ὅτε
3201 4221 3334 4290 περὶ¹
3369 4220 3574 4290 δογμάυ

2007 4337 2114 4378 των
2139 4323 2383 4391 πατρίων
2413 4320 2516 4390 τῆς
2551 4319 2849 4389 θρησκείας
2895 4315 2963 4388 ἦν
2991 4318 3019 4369 ὁ
3049 4315 3198 4383 ἁγών
3221 4330 3238 4346 ο
3275 4313 3576 4380 τηνικαῦτα

2003 4417 2112 4486 γὰρ
2163 4414 2330 4476 πολὺς
2385 4413 2527 4466 κατὰ
2585 4411 2734 4478 σφῶν
2781 4393 2900 4472 ταῖς
2955 4409 3067 4462 τῶν
3119 4407 3282 4461 θείων
3337 4403 3576 4475 Γραφῶν

2006 4499 2312 4568 ἀποδείξεσι
2365 4502 2502 4573 ῥέων
2533 4500 2725 4570 ίχθύας
2763 4498 3012 4567 ἀφώνους
3039 4498 3302 4566 ἄντικρυς
3329 4495 3576 4561 ἔφαινεν.

2006 4596 2173 4648 ’Ὥστε
2209 4594 2305 4646 καὶ
2335 4591 2688 4661 χαλεπαίνειν
2713 4589 2872 4644 ἐνίοτ’
2901 4592 2960 4640 ἐν
2990 4585 3202 4650 τούτοις
3241 4585 3576 4656 ὡρμημένον

2005 4684 2096 4734 τὸν
2133 4681 2278 4752 ρῆγα
2301 4679 2520 4746 ἔθελγεν
2556 4677 2712 4739 αὖθις
2741 4677 2988 4744 αὐτὸντῇ
3025 4673 3133 4727 τῶν
3159 4673 3336 4741 λόγων
3363 4671 3576 4739 οειρῆνι

2005 4775 2100 4822 ttat
2135 4767 2258 4831 ταῖς
2287 4769 2388 4838 τῆς
2439 4765 2698 4835 ἀληθείας
2739 4765 3155 4836 ἀναντιῤῥήτοις
3191 4762 3452 4830 στροφαῖς
3483 4760 3578 4811 καὶ

2005 4860 2421 4928 περιστροφαίς.
2457 4856 2754 4917 Τοιαύταις
2780 4855 2842 4924 δή
2886 4871 2998 4906 τισι
3035 4853 3282 4921 μεθόδοις
3311 4851 3372 4903 τὸ
3416 4850 3577 4918 χαλε-

2005 4949 2198 5003 παῐνόν
2223 4963 2282 5000 τε
2319 4947 2642 5002 ἀνέστελλεν
2667 4946 2921 5015 ἐμμελῶς
2959 4946 3054 5010 τῆς
3087 4943 3324 5012 ρηγικῆς
3357 4941 3570 5008 ἐκείνης

2002 5039 2202 5110 ψυχῆς,
2231 5039 2324 5092 καὶ
2369 5040 2428 5091 τὸ
2475 5037 2750 5106 εὐθυμοῦν
2787 5038 3108 5104 ἀντεισῆγεν
3157 5032 3436 5094 ἐπιεικῶς.
3468 5032 3578 5083 Καὶ

2005 5131 2072 5204 ἦν
2101 5132 2288 5194 ἁπλῶς
2314 5131 2488 5183 εἰπεῖν
2537 5129 2712 5190 οὐδεὶς
2741 5131 2848 5180 τῶν
2881 5127 3137 5180 ἁπάντων
3165 5124 3226 5186 ὃς
3268 5123 3329 5173 οὐ
3357 5119 3575 5188 λογικοῦ

2007 5221 2208 5282 παντὸς
2237 5217 2447 5286 ἀγῶνος
2477 5215 2596 5284 μεθ’
2643 5213 2956 5283 ὑπερϐολῆς
2989 5211 3140 5281 αὑτῴ
3171 5211 3239 5261 τὰ
3271 5211 3370 5277 τῆς
3413 5209 3574 5276 νίκης

2005 5309 2236 5380 πρεῖχε
2271 5309 2530 5378 τρόπαια,
2553 5304 2666 5358 οὔθ’
2691 5307 2836 5367 ὅστις
2865 5304 2928 5356 uti
2973 5304 3120 5371 μάλα
3159 5301 3415 5368 ὰξύνετος
3457 5300 3578 5352 Έλ-

2002 5399 2228 5468 ληνικῆς
2263 5399 2468 5467 μούσης
2501 5391 2592 5466 ἦν,
2623 5392 2738 5446 οὔθ’
2765 5394 2914 5453 ὅστις
2934 5392 3226 5460 Λατινικῆς
3253 5389 3572 5458 φιλοσοφίας

2002 5491 2062 5543 οὐ
2107 5489 2252 5558 μάλα
2287 5503 2340 5539 τι
2361 5489 2549 5558 ἀδαὴς.
2577 5481 2736 5555 Εῐχόν
2783 5501 2843 5552 γε
2879 5484 2986 5554 μὴν
3017 5483 3194 5550 ἔγωγε
3235 5481 3332 5533 τοῦ
3379 5481 3571 5550 ἀνδρὸς

2003 5579 2210 5634 ἐκείνου
2261 5577 2360 5647 τὴν
2400 5579 2589 5645 φήμην
2640 5578 2731 5630 καὶ
2769 5577 2898 5644 πρὶν
2949 5573 3200 5626 ἐντεῦθεν
3250 5571 3571 5636 ἐκπλεῦσαι,

2007 5673 2080 5742 μὴ
2121 5671 2278 5740 μόνον
2312 5669 2429 5731 ταῖς
2468 5669 2700 5736 γραφαῖς
2745 5667 3094 5736 ἐντυγχάνων
3123 5664 3334 5716 ἐκείνου
3366 5662 3572 5716 πολλά-

2005 5779 2088 5825 κςς
2125 5761 2240 5830 ὡδὶ,
2277 5760 2343 5826 ἃς
2381 5759 2592 5816 ἐκεῖθεν
2621 5759 2824 5822 ἐκεῖνος
2869 5758 2948 5812 σοὶ
3003 5757 3109 5810 τῶν
3139 5773 3196 5810 τε
3228 5754 3568 5826 γραμμάτων
