4050 6602
422 304 491 363 ~23
1613 316 1656 376 ιι
1676 317 2037 379 ICEPHORI
2086 306 2493 385 enseonaz'
3599 328 3667 391 ιι

416 423 580 479 atque
608 413 889 469 moderate
925 414 1260 487 indagandae
1291 422 1591 491 pertinent,
1624 442 1687 481 ea
1719 427 1967 486 iubentis

2093 435 2529 507 φιλοπονώτερον
2580 438 2791 510 μετῄει.
2846 439 2958 494 Καὶ⁵
3020 438 3193 503 ὁπόσα
3251 439 3350 509 μὲν
3412 439 3551 512 ὑπὲρ
3599 446 3667 495 τά

414 503 551 556 sima
576 504 823 604 admisit,
846 522 913 562 eo
934 509 1154 577 quidem
1177 513 1411 570 consilio
1466 532 1535 573 ne
1563 520 1967 578 conturbaretui

2092 503 2526 603 saxappévajf.
2581 503 2719 586 ‘10?"
2742 530 2793 604 b]
2862 535 2977 595 τοῖς
3033 503 3282 585 εὐσεϐέσι
3328 503 3534 601 νόμοις·
3571 536 3667 586 καὶ

411 593 641 663 argutiis
664 596 1116 672 Latinorum,qui
1149 602 1221 657 ibi
1249 604 1516 672 incolunt,
1541 620 1595 665 et
1622 612 1765 683 regis
1795 613 1985 683 ipsius.

410 684 504 754 qni
564 686 618 741 in
658 688 761 743 bac
796 692 1058 747 doctrinae.
1110 709 1263 764 parte
1310 713 1420 752 non
1479 699 1656 756 levem
1692 706 1984 773 quamdam

409 788 575 846 atque
617 780 949 837 mediocrem
1006 800 1226 855 operam
1262 787 1565 854 insumunt,
1611 794 1817 864 quippe
1859 810 1983 851 cum

407 866 649 941 Egyptii
699 871 904 929 Arabes
936 891 1002 929 ex
1062 878 1371 949 propinquo
1429 883 1625 938 crebro
1682 885 1749 939 ad
1803 902 1984 957 regem

408 975 506 1027 per
536 977 685 1017 mare
713 965 1136 1029 proficiscantur
1160 969 1335 1024 doctae
1362 971 1751 1042 disputationis
1777 985 1832 1031 et
1866 993 1985 1032 am-

408 1052 630 1108 bitionis
675 1071 860 1119 causa,
913 1074 1022 1113 non
1071 1060 1192 1115 sine
1248 1078 1440 1133 magna
1477 1065 1567 1120 illa
1617 1070 1984 1123 ostentatione

406 1143 671 1209 Arabum,
710 1151 801 1217 qui
846 1159 1015 1204 totam
1069 1153 1234 1208 vitam
1272 1154 1326 1209 in
1360 1171 1428 1211 eo
1455 1168 1668 1226 ponunt
1710 1160 1980 1229 studium,

405 1242 464 1286 ut
506 1234 785 1306 indagenl,
822 1240 865 1293 si
920 1243 1066 1311 quod
1114 1247 1317 1301 veteris
1362 1247 1669 1307 Cbaldaicze
1717 1254 1982 1310 doctrinae

400 1326 579 1383 adhuc
610 1332 900 1399 vestigium
950 1347 1220 1393 servetur.
1254 1338 1511 1397 Dicebant
1560 1344 1728 1407 enim.
1758 1362 1880 1401 cum
1914 1347 1982 1403 ab

399 1419 608 1489 Opitiee
637 1425 921 1480 definitum
950 1439 1115 1493 esset,
1156 1442 1213 1485 ut
1246 1434 1451 1499 omnia,
1486 1451 1606 1504 qua:
1637 1441 1894 1494 oriuntur
1926 1451 1982 1497 et

402 1515 705 1581 intereunt,
741 1517 1046 1575 caelestium
1081 1523 1325 1579 siderum
1352 1528 1613 1595 qualitate
1642 1537 1696 1584 et
1722 1540 1870 1585 metu
1898 1534 1978 1586 ef—

404 1606 697 1660 ﬁcerentur
723 1614 777 1663 et
802 1608 1194 1674 formarentur.
1246 1624 1409 1684 atque
1440 1633 1633 1672 eorum
1663 1621 1977 1677 collocatio-

397 1696 563 1753 nibus
593 1714 658 1753 ac
710 1701 1040 1768 rationibus,
1071 1721 1191 1775 quae
1238 1708 1305 1762 iis
1330 1723 1453 1763 cum
1488 1710 1653 1766 rebus
1698 1716 1975 1769 terrestri-

402 1788 502 1843 bus
546 1790 970 1859 intercederent,
1017 1795 1220 1853 ﬂumen
1274 1803 1516 1856 materne
1564 1804 1720 1873 quasi
1756 1806 1968 1876 legibus

400 1892 686 1951 regeretur
733 1894 788 1939 et
843 1887 1121 1945 modulate
1170 1894 1559 1958 ordinaretur,
1617 1912 1967 1968 nequaquam

396 1972 553 2028 nobis
582 1975 915 2033 studendum
946 1996 1086 2047 esse,
1143 1994 1201 2037 ut
1232 1985 1405 2042 altero
1440 1988 1685 2056 neglecto
1731 1989 1967 2044 alterum

396 2073 606 2120 tantum
657 2084 1135 2139 cognosceremus.
1190 2076 1399 2131 Cazeam
1460 2080 1607 2134 enim
1667 2081 1962 2150 quamdam

392 2154 657 2215 doctrina:
702 2162 843 2218 viam
883 2165 1117 2236 ingredi,
1154 2170 1247 2234 qui
1280 2186 1379 2225 nec
1428 2186 1552 2226 cum
1593 2172 1968 2241 speculatioae

394 2249 587 2316 praxin
617 2254 949 2325 conjungere
969 2259 1131 2313 vellet
1157 2277 1330 2331 neque
1356 2278 1479 2317 cum
1506 2264 1678 2318 altero
1706 2263 1964 2317 alterum.

393 2338 527 2395 Cum
561 2343 707 2398 enim
757 2347 811 2401 in
854 2347 1071 2404 duobus
1108 2352 1258 2406 hisce
1286 2356 1578 2423 generibus
1611 2354 1969 2424 pliilusopbix

395 2438 786 2506 contemplatio
845 2455 1115 2509 versetur,
1140 2462 1263 2500 eum
1299 2447 1442 2502 baud
1471 2463 1603 2503 sane
1663 2464 1844 2502 rerum
1879 2464 1954 2502 ra-

396 2522 575 2579 tiones
604 2528 980 2595 cogniturum,
1011 2541 1067 2586 et
1097 2535 1332 2591 multum
1356 2536 1549 2592 abesse
1595 2547 1655 2592 ut
1692 2537 1968 2607 perfectus

390 2615 611 2684 sapiens
633 2620 892 2687 appellari
932 2624 1123 2691 possit,
1150 2625 1244 2695 qui
1271 2642 1380 2682 non
1399 2625 1508 2697 34
1530 2635 1758 2696 utraque
1789 2626 1969 2697 philo-

391 2707 600 2776 supina:
619 2712 895 2781 mysteria,
917 2726 1179 2783 quantum
1205 2732 1343 2787 opus
1369 2726 1533 2784 esset,
1559 2718 1891 2787 perscrutari
1912 2718 1968 2773 in

393 2801 635 2854 animum
660 2803 963 2860 induceret.

2092 622 2383 695 ὑπερόριον
2433 623 2600 677 τείνει
2648 624 2807 686 πόδα,
2843 622 3018 677 ταῦτα
3057 623 3103 676 δ’
3147 623 3431 677 ἀπεσείετό
3475 641 3533 677 τε
3574 625 3665 679 καὶ

2088 715 2340 769 διέπτυεν
2368 716 2441 777 ὠς
2473 717 2723 786 ἄχρηστα
2756 717 2870 778 τοῖς
2916 714 3161 767 εὐσεϐεῖν
3207 715 3486 769 ἐθέλουσιν
3508 733 3523 748 ο
3560 717 3661 768 ὅσα

2088 808 2134 862 δ’
2181 808 2262 870 είς
2306 810 2433 871 τοὺς
2477 808 2905 879 δημιουργικοὺς
2949 808 3058 860 τῶν
3111 807 3282 861 ὄντων
3330 807 3498 876 ὑγιῶς
3531 809 3662 859 ἐπο-

2092 899 2283 970 ρεύετο
2321 899 2537 967 λόγους,
2577 900 2748 952 ταῦτα
2773 898 2818 951 δ’
2858 898 3110 967 ἁσμένως
3145 898 3468 951 παντάπασν
3512 899 3657 966 μάλα

2090 989 2364 1060 προσίετο,
2395 991 2643 1044 Κάκεῖνα
2671 989 2728 1042 δὲ
2762 989 2855 1042 τοῦ
2892 989 2966 1060 μὴ
3001 989 3309 1043 κλονεῖσθαι
3351 990 3513 1043 ἕνεκα
3543 993 3656 1051 τοῖς

2086 1082 2216 1152 περὶ
2256 1082 2323 1135 τὰ
2356 1080 2583 1135 τοιαῦτα
2613 1079 2842 1150 κομψοῖς
2872 1081 2978 1133 τῶν
3001 1082 3122 1133 ἐκεῖ
3154 1080 3424 1139 Λατίνων,
3462 1079 3555 1144 ξύν
3596 1097 3661 1148 γε

2086 1174 2236 1245 αὐτῷ
2268 1174 2419 1243 ρηγὶ,
2449 1173 2551 1226 οὐκ
2596 1172 3067 1244 ἐρρᾳθυμημένην
3120 1171 3241 1225 τινὰ
3278 1171 3379 1241 τὴν
3422 1173 3660 1240 σπουδὴν

2083 1263 2163 1335 τῷ
2214 1263 2402 1333 τοιῷδε
2452 1263 2704 1317 διδόντων
2746 1262 2901 1331 μέρει
2942 1265 3039 1333 τῆς
3086 1262 3302 1334 τέχνης,
3340 1262 3434 1318 ἆτε
3485 1263 3657 1333 ἀγχοῦ

2084 1356 2192 1410 τῶν
2242 1356 2564 1424 Αἰγυπτίων
2621 1355 2871 1425 ’Δράσων
2930 1355 3130 1418 ὄντων,
3188 1356 3284 1409 καὶ
3347 1357 3515 1424 συχνὰ
3566 1356 3661 1408 καὶ

2082 1445 2386 1500 διαπόντιον
2418 1450 2480 1509 ἐς.
2504 1444 2598 1498 τὸν
2642 1446 2789 1516 ρἧα
2821 1444 2922 1514 τὴν
2954 1445 3141 1513 ἄφιξιν
3187 1446 3529 1513 ποιουμένων
3571 1446 3658 1497 λοο

2082 1540 2242 1603 γικῆς
2301 1552 2359 1587 τε
2400 1534 2617 1605 ὁμιλίας
2666 1533 2829 1587 ἕνεκα
2877 1534 2970 1587 καὶ
3022 1534 3139 1604 ἅμα
3175 1533 3507 1603 φιλοτιμίας,
3553 1552 3656 1603 μα·

2082 1629 2213 1700 κρζν
2257 1628 2665 1699 ἐπισυρομὲνης
2699 1626 2761 1680 τὸ
2809 1624 3178 1680 ἐπιδεικτικὸν
3226 1624 3476 1695 Ἀράϐων
3511 1626 3656 1677 ἐκεί-

2082 1740 2209 1787 νων,
2243 1715 2316 1776 ὧν
2347 1722 2437 1773 τὸν
2469 1721 2684 1775 ἅπαντα
2727 1719 2840 1789 βίον
2880 1719 3201 1789 ἀπασχολεῖ,
3236 1718 3291 1773 si
3323 1717 3375 1770 τί
3418 1736 3521 1771 που
3554 1716 3655 1786 τῆς

2076 1815 2242 1869 πάλαι
2278 1812 2587 1880 Χαλδαῖκῆς
2612 1814 2923 1881 ἐπιστήμης
2955 1810 3300 1863 ἐλλέλειπται
3341 1810 3653 1879 σωζόμενον

2075 1906 2156 1958 ἔτι
2195 1907 2437 1974 σημεῖον.
2481 1904 2763 1971 Ἔφασκον
2789 1901 2896 1971 γὰρ
2936 1901 3010 1963 ὡς
3054 1900 3177 1953 ἐπεὶ⁹
3200 1899 3270 1952 τὰ
3304 1898 3408 1952 ὑπὸ
3440 1898 3656 1966 γένεσιν

2077 1998 2255 2052 πάντα
2308 1996 2404 2048 καὶ
2460 1994 2645 2064 φθίσιν
2682 1994 2747 2062 τῇ
2783 1993 2892 2045 τῶν
2929 1990 3201 2062 οὐρανίων
3252 1989 3506 2059 ποιότητι
3558 1987 3654 2040 καὶ

2076 2089 2292 2159 κινήσει
2334 2085 2570 2156 πάσχειν
2608 2101 2669 2137 τε
2706 2084 2797 2137 καὶ
2827 2081 3215 2137 είδοποιεῖσθαι
3248 2081 3384 2152 πρὸς
3407 2078 3503 2134 τοῦ
3553 2078 3652 2148 δη·-

2078 2178 2520 2249 μιουργήσαντος
2553 2171 2778 2243 ὥριστο,
2812 2173 2906 2225 καὶ
2936 2172 3049 2235 τοῖς
3094 2168 3319 2222 ἐκείνων
3366 2184 3654 2236 συσχημα-

2074 2267 2289 2335 τισμοῑς
2340 2282 2399 2317 τε
2451 2264 2543 2317 καὶ
2587 2265 2707 2325 ταῖς
2753 2262 2889 2330 πρὸς
2923 2261 3192 2328 τάπίγεια
3226 2256 3652 2312 συνοικειώσεσι

2077 2355 2137 2407 τὸ
2170 2355 2291 2425 ῥίον
2334 2354 2433 2422 τῆς
2466 2352 2659 2421 ὑλικῆς
2690 2353 2976 2419 ποιότητος
3007 2347 3119 2405 οἷον
3167 2347 3542 2419 νομοθετεῖται
3584 2362 3642 2400 τε

2076 2446 2170 2498 καὶ
2215 2444 2561 2513 ῥυθμίζεται,
2615 2441 2828 2510 ἀνάγκη
2884 2440 2961 2509 μὴ
3013 2439 3243 2508 θάτερον
3298 2437 3397 2507 μὲν
3449 2435 3652 2490 είδένςι

2076 2535 2207 2606 περὶ
2245 2535 2443 2596 παντὸς
2498 2532 2795 2597 ποιεῖσθαι,
2838 2532 3065 2604 θάτερον
3116 2530 3161 2582 δ’
3207 2528 3291 2582 οὗ.
3325 2527 3399 2582 Ἦ
3434 2528 3540 2597 γὰρ
3584 2527 3650 2580 ἂν

2074 2627 2244 2700 χωλὸν
2278 2625 2514 2697 βαδίσειε
2536 2624 2720 2696 τρίϐον
2747 2623 2849 2692 τῆς
2877 2623 3192 2695 ἐπιστήμης
3219 2621 3276 2685 ὃς
3311 2620 3377 2674 ἂν
3410 2621 3547 2691 μήτε
3572 2618 3649 2686 τῷ

2076 2715 2404 2786 θεωρητικῷ
2437 2715 2729 2769 συνάπτειν
2766 2713 2929 2785 ἐθέλῃ
2966 2711 3029 2765 τὸ
3075 2710 3379 2782 πρακτικὸν
3415 2710 3544 2779 μήτ’
3580 2704 3646 2760 αὖ

2079 2810 2294 2881 θατέρῳ
2349 2809 2597 2876 θάτερον.
2628 2807 2745 2877 Τῆς
2792 2806 2902 2876 γάρ
2950 2824 3032 2859 τοι
3071 2803 3389 2875 φιλοσοφίας
3431 2802 3489 2854 ἐν
3534 2803 3648 2860 τοῖς

388 2898 510 2952 δυσὶ
540 2901 753 2961 τούτοις
816 2903 980 2956 είδεσι
1025 2903 1430 2977 θεωρουμένης,
1469 2908 1630 2978 σχολῇ
1671 2908 1722 2974 γ’
1762 2908 1830 2961 ἂν
1904 2911 2031 2972 τοὺς
2068 2906 2262 2974 λόγους
2301 2904 2456 2975 γνοίη
2492 2903 2600 2958 τῶν
2637 2903 2831 2969 ὄντων,
2863 2900 3061 2955 πολλοῦ
3094 2902 3140 2954 δ’
3173 2899 3239 2954 ἂν
3269 2900 3381 2953 δεῖν
3412 2897 3555 2951 κατὰ
3585 2895 3649 2949 τὸ

387 2999 597 3063 ἐντελὲς
647 2998 913 3070 κληθῆναι
964 3002 1148 3071 σοφὸν,
1182 2994 1227 3070 ᾧ
1282 3002 1357 3073 μὴ
1402 3003 1572 3074 ἄμφω
1618 3004 1741 3058 καθ’
1786 3006 1960 3059 ὁπόσα
1997 3007 2079 3059 δεῖ
2108 3004 2353 3075 μετιέναι
2382 3002 2563 3055 ἔπεισι
2588 3001 2656 3055 τὰ
2683 2999 2785 3069 τῆς
2809 2997 3128 3067 φιλοσοφίας
3165 2996 3464 3067 μυστήρια-

469 3091 554 3144 IX.
589 3091 693 3147 Sed
729 3092 846 3147 hmc
886 3092 1175 3149 hactenus.
1212 3095 1308 3150 llle
1339 3111 1489 3160 vero,
1518 3113 1640 3152 cum
1668 3098 1963 3167 plurimum

2138 3096 2216 3152 8'.
2260 3095 2425 3149 ’Δλλὰ
2464 3093 2671 3147 τούτων
2703 3092 2802 3161 μὲν
2834 3091 2975 3155 ἃλις.
3010 3092 3163 3160 Ἐμοὶ
3192 3089 3238 3143 δ’
3274 3089 3350 3153 ὡς
3378 3088 3448 3143 τὰ
3476 3088 3647 3143 πολλὰ

391 3186 565 3241 otium
598 3195 786 3256 ageret
809 3188 894 3242 vel
926 3189 1294 3258 occupatione
1325 3190 1441 3259 ipsa
1484 3192 1834 3260 praestantius
1867 3191 1968 3245 du-

386 3288 535 3335 ceret
570 3289 659 3334 tua
695 3294 854 3334 causa
886 3294 973 3333 me
1030 3281 1209 3335 colere
1263 3292 1430 3351 atque
1481 3298 1704 3347 curare,
1748 3297 1963 3336 meeum

387 3371 663 3427 circumiit
695 3370 957 3437 insulam,
993 3372 1348 3442 ostenditque
1393 3389 1516 3443 qua:
1546 3373 1775 3429 visenda
1804 3384 1965 3429 erant

386 3479 510 3520 cum
537 3463 836 3529 aliislocis,
861 3473 973 3519 tum
1009 3465 1061 3518 in
1085 3465 1331 3529 theatris,
1360 3464 1513 3531 foris,
1535 3466 1777 3535 iudieiis.
1808 3465 1962 3521 Mon-

386 3557 585 3613 stravit
613 3572 779 3626 porro
810 3557 968 3623 mihi,
998 3566 1053 3611 ut
1099 3559 1491 3613 numismalum
1529 3568 1584 3612 et
1620 3567 1962 3613 monetarum

388 3647 528 3703 ratio
571 3664 673 3718 per
712 3664 875 3702 omne
923 3663 1101 3703 aevum
1133 3648 1325 3705 eadem
1362 3659 1608 3705 maneret
1656 3666 1836 3719 neque
1869 3665 1967 3703 un-

385 3756 553 3811 quam
589 3756 655 3796 ne
680 3742 967 3796 minimum
997 3740 1221 3810 quidem
1256 3750 1599 3807 mutaretur;
1639 3740 1777 3796 utin
1829 3756 1966 3810 pon-

385 3834 610 3889 deribus
658 3844 824 3904 atque
871 3835 1147 3890 mensuris
1196 3834 1379 3890 omnia
1438 3848 1622 3887 rerum
1682 3832 1959 3901 venalium

385 3942 585 3997 genera
610 3926 877 3982 darentur
920 3936 1087 3996 atque
1132 3926 1520 3995 acciperentur
1550 3941 1660 3980 non
1698 3941 1800 3994 pro
1829 3940 1962 3979 ven--

384 4020 624 4075 ditorum
664 4021 1096 4089 uniuscujusque
1154 4020 1455 4083 voluntate,
1508 4019 1603 4073 sed
1653 4017 1959 4073 secundum

382 4121 600 4168 vetusta
648 4111 889 4167 civitatis
937 4110 1235 4177 instituta;
1276 4127 1385 4167 non
1437 4121 1602 4180 prout
1642 4111 1961 4165 divitiorum

384 4203 613 4258 avaritia
649 4211 704 4258 et
738 4203 972 4257 aviditas
1003 4203 1126 4271 plus
1169 4204 1319 4274 justo
1372 4204 1575 4258 lucrari
1619 4203 1820 4264 vellet,
1864 4206 1958 4255 sed

386 4306 552 4368 prout
583 4296 751 4367 leges,
784 4296 1087 4364 disciplina:
1123 4312 1151 4350 a
1179 4295 1481 4366 majoribus
1503 4295 1644 4349 bene
1678 4295 1962 4363 descripta:

383 4391 664 4457 custodes,
703 4406 800 4458 per
844 4404 1007 4444 omne
1039 4398 1254 4459 tempus
1279 4390 1561 4460 juberent.
1596 4387 1785 4457 Neque
1820 4387 1963 4441 divi-

383 4484 477 4540 tiis
501 4482 774 4539 excellens
804 4496 981 4551 neque
1004 4482 1183 4537 a'tatis
1211 4483 1406 4536 robore
1438 4480 1700 4551 prazditus
1738 4480 1814 4534 ibi
1845 4494 1960 4541 eos.

384 4577 479 4646 qui
511 4575 802 4631 inferiores
834 4586 1069 4645 utroque
1117 4592 1319 4644 genere
1364 4577 1513 4640 sint,
1569 4575 1727 4630 facile
1778 4576 1963 4642 Oppri-

385 4679 537 4719 mere
568 4671 735 4734 atque
792 4664 1192 4719 circumvenire
1239 4664 1454 4733 possit;
1514 4679 1639 4718 nam
1686 4664 1779 4733 qui
1816 4665 1964 4734 leges

383 4756 625 4811 civitatis
653 4755 739 4810 vel
773 4755 997 4812 minime
1034 4756 1339 4827 transgredi
1371 4757 1591 4823 audeat,
1625 4757 1671 4813 is
1703 4758 1887 4811 statim
1916 4758 1960 4810 si

387 4862 496 4901 non
530 4834 728 4914 capite,
751 4856 994 4901 attamen
1026 4846 1093 4900 iis
1122 4844 1388 4899 membris
1424 4845 1671 4914 corporis
1696 4845 1964 4899 multatur

386 4956 509 5009 qure
534 4956 631 5008 pro
679 4940 889 4995 ratione
918 4940 1105 4995 delicti
1148 4940 1293 5008 leges
1347 4940 1564 5009 jubent.
1620 4940 1744 4997 Hate
1800 4940 1960 5003 ratio,

386 5034 565 5103 inquit
622 5033 753 5094 ille,
789 5033 951 5088 crede
990 5032 1168 5096 mibi,
1224 5034 1268 5087 si
1333 5042 1625 5099 servatur,
1676 5032 1965 5101 eonjungit

382 5134 548 5194 atque
582 5126 830 5180 continet
858 5125 1110 5179 civitates
1144 5134 1201 5179 et
1237 5126 1425 5188 urbes,
1454 5134 1630 5179 terras
1664 5134 1721 5178 et
1751 5125 1960 5178 insulas

382 5217 640 5285 privatim
676 5226 840 5285 atque
878 5216 1134 5285 publice;
1177 5216 1260 5270 sin
1311 5228 1493 5270 autem
1528 5217 1819 5279 evertitur,
1850 5214 1960 5268 aeri

384 5308 596 5378 impetu
627 5309 791 5362 etiam
824 5308 930 5378 35
967 5324 1055 5363 res
1079 5309 1365 5363 universas
1394 5318 1451 5362 et
1475 5309 1715 5378 singulas
1738 5308 1960 5375 evertit,

383 5416 507 5470 qua:
547 5401 844 5471 illegitimm
874 5401 928 5455 in
959 5400 1278 5456 civitatibus
1303 5411 1357 5453 et
1389 5400 1619 5455 urbibus
1648 5409 1958 5466 versantur,

382 5508 508 5546 cum
561 5494 714 5548 nullo
762 5502 921 5563 pacto
961 5493 1164 5558 rebus,
1208 5509 1331 5563 qua:
1378 5492 1482 5562 legi
1515 5502 1841 5563 repugnant,
1874 5492 1964 5545 lir-

384 5602 534 5642 mum
566 5598 732 5655 atque
781 5588 976 5644 stabile
1029 5588 1449 5643 {ulidamentum
1497 5587 1719 5642 subesse
1769 5588 1958 5657 possit,

383 5679 479 5734 sed
524 5679 675 5733 brevi
720 5690 961 5749 tempore
997 5682 1177 5736 omnis
1239 5680 1609 5749 providentia,
1658 5696 1781 5749 quae
1816 5697 1960 5736 rem-

381 5771 656 5845 publicam
692 5773 993 5844 contineat,
1028 5775 1094 5832 iis
1144 5776 1451 5846 exagitetur
1501 5783 1553 5831 et
1604 5772 1957 5841 dissolvatur,

2073 3190 2272 3262 σχολὴν
2324 3188 2496 3257 ἄγων,
2541 3186 2575 3257 ἦ
2630 3185 2724 3238 καὶ
2777 3183 3033 3253 ἀσχολίας
3085 3183 3389 3252 ὑπέρτερον
3436 3181 3645 3244 ἐκεῖνος

2070 3283 2303 3352 πρᾶγμα
2335 3277 2655 3350 ποιούμενος
2694 3274 3024 3347 θεραπεύειν
3057 3274 3155 3342 ἐμὲ⁹
3199 3274 3287 3328 διὰ
3316 3274 3400 3336 σὲ,
3430 3275 3641 3328 ἐδείκνυ

2069 3373 2299 3443 περιιὼν
2354 3371 2450 3425 καὶ
2495 3367 2936 3438 περιηγούμενος
2987 3366 3161 3420 ὁπόσα
3198 3369 3264 3437 τῇ
3311 3368 3460 3436 νήσῳ
3490 3366 3646 3436 περί-

2070 3483 2222 3520 εστιν
2256 3464 2395 3530 Δὁὶξια
2441 3461 2682 3527 θέας,τὰ
2726 3478 2783 3513 τε
2826 3460 2963 3515 ἄλλα
3013 3463 3108 3512 καὶ
3148 3461 3249 3513 ὅσα
3280 3460 3338 3512 ἐν
3368 3460 3644 3527 θεάτροις.

2065 3562 2124 3613 ἐν
2167 3559 2419 3628 ἀγοραῖς,
2456 3557 2515 3609 ἐν
2553 3553 2953 3623 δικαστηρίοις,
2988 3553 3049 3604 τὸ
3089 3552 3148 3604 ἐν
3195 3550 3499 3621 νομίσμασι
3547 3551 3641 3603 καὶ

2067 3656 2388 3726 χαράγμασι
2439 3650 2530 3703 τὸν
2573 3648 2792 3708 ἅπαντα
2835 3648 3030 3719 χρόνον
3072 3646 3339 3709 ὡσαύτως
3388 3644 3510 3716 ἔχον
3547 3646 3643 3697 καὶ

2072 3746 2294 3817 μηδαμῆ
2346 3746 2472 3815 μηδ’
2510 3744 2762 3801 ὁπωσοῦν
2812 3743 3177 3815 τρεπῦμενον,
3227 3739 3321 3793 καὶ
3372 3740 3523 3800 ὅπως
3583 3739 3641 3789 ἐν

2067 3838 2332 3907 σταθμοῖς
2367 3838 2462 3891 καὶ
2516 3838 2735 3907 μέτροις
2770 3836 3091 3902 πλάστιγξιν
3145 3832 3232 3905 είη
3279 3830 3534 3898 διδόμενα
3582 3846 3642 3882 τε

2068 3934 2163 3985 καὶ
2192 3930 2582 3999 λαμϐανόμενα
2614 3928 2730 3998 εἴδη
2755 3928 3011 3994 καθάπαξ
3050 3926 3226 3979 ὠνίων
3268 3927 3507 3987 ἅπαντα,
3540 3923 3639 3992 οὐχ

2066 4024 2141 4089 ὼς
2169 4024 2277 4078 τῶν
2317 4022 2741 4091 πιπρασκόντων
2766 4020 2995 4082 ἕκαστος
3044 4016 3278 4089 βούλοιτ’
3304 4016 3394 4082 ἂν,
3420 4014 3537 4069 ἀλλ’
3564 4014 3639 4076 ὡς

2065 4118 2133 4170 τὰ
2159 4116 2258 4185 τῆς
2292 4113 2571 4175 πολιτείας
2604 4111 2809 4183 ἀρχαῖα
2834 4109 3117 4163 κελεύουσι
3144 4106 3542 4177 δόγματα,ούδ’
3567 4107 3643 4169 ὡς

2064 4208 2167 4279 τῆς
2199 4208 2306 4262 τῶν
2343 4206 2755 4275 εύτυχεστὲρων
2784 4203 3106 4269 πλεονεξίας
3149 4202 3211 4255 τὸ
3250 4202 3428 4271 λίχνον
3460 4216 3642 4270 παρα-

2066 4300 2374 4370 κερδαίνειν
2406 4298 2599 4363 ἐθέλει,
2642 4297 2758 4351 ἀλλ’
2790 4297 2865 4358 ὡς
2910 4301 2958 4351 οἱ
3002 4296 3250 4365 σωτῆρες
3298 4296 3397 4363 τῆς
3437 4293 3644 4349 ἄνωθεν

2044 4392 2326 4459 εὐταξίας
2373 4392 2775 4463 προστάττουσι
2817 4391 2973 4460 νόμοι
3025 4390 3118 4442 τὶν
3165 4388 3382 4441 ἅπαντα
3427 4388 3640 4457 χρόνον.

2072 4485 2195 4538 Οὐδ’
2224 4487 2252 4538 ὁ
2282 4483 2499 4553 πλούτῳ
2532 4480 2808 4554 προῦχων,
2842 4480 2953 4533 οὐδ’
2999 4473 3043 4546 ᾧ
3093 4477 3216 4532 καθ’
3244 4476 3464 4549 ἡλικίαν
3511 4493 3646 4546 προ-

2071 4578 2365 4647 ϐεϐηκέναι
2418 4574 2638 4645 ξυνέϐη,
2667 4577 2728 4629 τὸ
2763 4572 2925 4626 πλέον
2976 4571 3121 4636 ἕξειν
3168 4573 3226 4625 ἐν
3274 4572 3488 4632 τούτοις
3534 4566 3646 4631 οἷός

2068 4670 2117 4723 τ’
2144 4671 2211 4724 ἂν
2241 4669 2327 4740 εἴη
2364 4670 2481 4721 ἐκεῖ
2507 4667 2616 4719 τῶν
2648 4668 2892 4737 ἡσσόνων
2930 4671 3051 4719 κατ’
3081 4664 3268 4734 ἄμφω.
3299 4661 3449 4731 Ταχὺ
3494 4660 3644 4730 μέντ’

2069 4763 2138 4816 ἂν
2183 4760 2530 4830 ἀφαιρεθείη,
2573 4760 2624 4811 εἰ
2658 4757 2733 4828 μὴ
2764 4758 2863 4827 τῆς
2908 4756 3172 4827 κεφαλῆς,
3205 4754 3321 4809 ἀλλ’
3349 4755 3441 4809 οὖν
3468 4754 3644 4808 ὁπόσα

2070 4854 2179 4906 τῶν
2213 4853 2308 4905 τοῦ
2340 4852 2592 4920 σώματος
2626 4850 2803 4920 μελῶν
2832 4849 2975 4903 κατὰ
3010 4850 3070 4903 τὸ
3100 4848 3196 4903 τοῦ
3232 4847 3643 4917 ἁμαρτηθέντος

2071 4946 2335 5015 ἀνάλογον
2367 4945 2417 4997 oi
2453 4943 2611 5013 νόμοι
2660 4944 2762 5012 τῆς
2807 4942 3083 5007 πολιτείας
3128 4943 3469 5007 κελεύουσιν,
3494 4943 3645 5005 ὅστις

2070 5039 2272 5100 αὐτοὺς
2324 5036 2658 5105 καπηλεύειν
2720 5036 2973 5089 ὁπωσοῦν
3028 5033 3297 5105 τολμῴημ
3332 5035 3443 5088 Καὶ
3498 5033 3644 5088 τοῦτ’

2069 5131 2242 5193 ἐστὶν,
2287 5131 2475 5192 ἔλεγεν
2522 5132 2731 5192 ἐκεῖνος
2786 5128 2910 5198 ἐμοὶ
2972 5127 3227 5197 βεϐαιῶν,
3259 5126 3288 5179 ὑ
3334 5126 3645 5194 σωζόμενον

2074 5223 2175 5291 μὲν
2208 5222 2491 5293 συνίστησι
2526 5223 2623 5273 καὶ
2652 5221 2869 5290 συνέχει
2902 5219 3181 5281 πολιτείας
3210 5219 3304 5270 καὶ
3332 5218 3517 5280 πόλεις
3552 5223 3645 5270 καὶ

2070 5312 2333 5381 ἠπείρους
2363 5312 2425 5384 [Γ.
2460 5312 2560 5365 105
2587 5310 2641 5382 a]
2682 5314 2774 5364 καὶ
2817 5311 3039 5381 νήσους,
3073 5311 3170 5363 καὶ
3219 5308 3327 5380 ἰδίᾳ
3353 5311 3447 5362 καὶ
3478 5309 3647 5377 δημο-

2071 5406 2184 5476 σίᾳ,
2237 5406 2681 5474 ἀνατρεπόμενον
2730 5404 2775 5456 δ’
2836 5400 2905 5457 αὖ
2967 5403 3171 5467 ὀξείαις
3240 5403 3651 5472 συνανατρέπει,

2072 5500 2265 5569 ῥοπαῖς
2295 5498 2364 5551 τά
2392 5514 2451 5550 τε
2502 5497 2657 5550 κοινὰ
2706 5496 2801 5550 καὶ
2841 5496 2964 5549 καθ’
3008 5496 3213 5549 ἕκαστα
3244 5494 3355 5547 τῶν
3386 5494 3645 5562 πραγμά-

2067 5609 2177 5645 των
2224 5592 2325 5645 ὅσα
2384 5590 2573 5644 πόλεσί
2632 5608 2691 5643 τε
2746 5590 2841 5643 καὶ
2890 5588 3195 5650 πολιτείαις
3243 5585 3643 5654 ἐγκαλινδεῖται

2069 5682 2561 5752 παρανομούμενα,
2595 5681 2820 5751 μηδαμῆ
2862 5684 2975 5744 τοῖς
3015 5680 3355 5749 παρανόμοις
3401 5680 3643 5732 συνεῖναι

2069 5775 2234 5847 φύσιν
2260 5775 2489 5848 ἑκούσης
2535 5778 2633 5847 τῆς
2664 5776 2883 5846 ἑδραίας
2922 5773 3185 5845 διαμονῆς
3218 5771 3311 5827 καὶ
3354 5773 3626 5843 κρηπῖδος.
