4050 6556
354 334 428 396 23
1342 352 1795 420 BYZlNTIN/E
1838 361 2223 429 mammas
2266 369 2409 433 Lm.
2452 372 2635 434 xxv.
3533 371 3605 436 ‘26

364 446 479 550 αλλ’
509 447 570 501 ἐν
691 453 889 550 μακρῷ
917 456 995 527 τῷ
1020 460 1199 530 χρόνῳ
1225 464 1397 536 ῥᾷστα
1425 469 1797 540 σαλευομένης
1835 474 1916 527 κα¹

2037 479 2335 536 harmoniai
2384 483 2736 546 instar.'cum
2798 484 3019 539 chordae
3066 483 3472 550 dirumpuntur.
3528 486 3601 541 Ut

360 538 723 637 διαλυομένης
761 545 981 619 ἁπάσης
1043 555 1300 621 προνοίας
1356 560 1698 633 συνδετικῖκ,
1746 538 1935 637 ῶσπερ

360 630 631 723 ἁρμονίας
655 637 1014 708 ῥηγνυμένων
1035 644 1147 698 τῶν
1168 649 1397 719 χορδῶν.
1422 651 1537 722 Τῆς
1561 630 1671 723 γὰρ
1700 630 1933 711 καθόλου

363 721 642 818 πολιτείας
673 727 1045 818 ύγιαινούσης,
1075 735 1290 808 ἀνάγκη
1340 739 1514 805 δήπου
1551 721 1651 797 καί
1686 744 1756 799 τά
1789 748 1935 818 μέρη

365 810 934 902 καλῶς-ἀπαλλάττειν
964 824 1462 897 συνεξομοιούμενα
1493 832 1574 902 τῷ
1606 833 1733 900 ὅλῳ,
1764 810 1934 889 καθάἐ

372 917 475 971 περ
508 898 602 956 οὖν
637 906 947 963 τούναντίον
989 916 1251 988 νοσούσης
1298 922 1393 973 καὶ
1439 922 1580 976 αὐτὰ
1631 928 1929 993 συννοσεῖν,

364 992 442 1087 ὡς
504 997 588 1059 είς
631 1000 942 1068 ἀρχέτυπον
1000 1007 1099 1079 τὴν
1163 1010 1399 1083 μίμησιν
1444 1018 1786 1087 ἀναφέροντα
1839 992 1932 1075 και

364 1086 617 1180 μάρτυρα
642 1091 963 1167 ,βεϐαιωτὴν
996 1101 1096 1168 τῆς
1126 1105 1330 1170 κακίας
1354 1086 1800 1180 προενηνεγμένα
1829 1114 1931 1178 τὴν

361 1175 645 1247 πολιτικὴν
687 1182 864 1252 ἀρχὴν
905 1188 1000 1241 καὶ
1049 1175 1409 1249 κατάστασινξ
1434 1175 1930 1262 Δίκαιος-τοίνυνό

362 1264 564 1357 ἐζύριος
595 1269 690 1328 ὢν.
727 1276 816 1325 καὶ
866 1275 1216 1345 δικαιοσύνας
1266 1284 1343 1347 ὡς
1383 1286 1445 1338 τὸ
1488 1288 1636 1351 είκδς
1674 1289 1927 1357 ἀγαπῶν,

360 1354 487 1425 ὐψοῖ
513 1359 719 1427 μᾶλλον
748 1363 874 1435 ἔθνη
906 1366 943 1421 ἃ
976 1371 1054 1439 μὴ
1081 1373 1247 1441 νόμον
1279 1375 1379 1443 μέν
1411 1375 1545 1447 ἔχει,
1577 1354 1739 1446 φύσει
1772 1379 1829 1434 δέ
1859 1354 1929 1433 τά

360 1448 455 1540 τοῦ
485 1453 656 1521 νόμου
684 1459 829 1509 ποιεῖ
858 1461 1000 1513 κατὰ
1032 1463 1120 1518 τὸν
1147 1464 1293 1520 θεῖον
1318 1466 1666 1536 Ἀπόστολον,
1704 1475 1855 1540 μισεῖ
1870 1473 1927 1526 δὲ

359 1539 412 1591 οἶ
433 1541 532 1611 ζῇν
563 1545 663 1613 μιν
687 1547 922 1619 ᾕρηνταί
965 1569 1026 1606 τε
1069 1557 1164 1609 καὶ
1199 1559 1598 1630 ἐπηγγείλαντο
1634 1539 1775 1617 κατὰ
1800 1567 1927 1627 τοῦς

358 1635 459 1704 τῆς
481 1637 771 1705 εὐσεϐείας
797 1643 1034 1714 θεσμοὺς
1072 1650 1169 1703 καὶ
1205 1652 1426 1722 νόμους,
1459 1653 1642 1725 ἔργοις
1669 1655 1716 1709 δ’
1743 1656 1925 1720 αὐτοῖς

358 1730 870 1800 καταψευδομένους
914 1737 1027 1790 τῶν
1064 1740 1413 1809 ἐπαγγελιῶν
1461 1745 1552 1797 καὶ
1592 1746 1924 1816 ἀποσειομέ-

2037 569 2207 632 cnim.
2236 571 2283 626 si
2318 580 2491 628 totum
2518 573 2756 628 civitatis
2808 588 3009 641 corpus
3055 588 3250 628 sanum
3295 581 3396 637 est,
3436 575 3600 628 etiam

2033 662 2290 717 membra
2319 678 2446 718 cum
2461 678 2528 718 eo
2549 665 2943 719 concordantia
2975 664 3116 719 bene
3139 678 3258 719 sese
3277 663 3480 719 habere
3500 680 3599 720 ne-

2032 764 2187 806 cesse
2217 760 2322 815 est,
2348 754 2430 807 sic
2458 764 2670 820 contra,
2700 755 2795 810 ubi
2825 755 2958 810 illud
3009 764 3256 825 aegrotat,
3284 756 3448 811 etiam
3484 756 3602 811 haec

2032 856 2144 895 non
2173 854 2405 912 possunt
2432 859 2541 900 non
2576 860 2719 917 agre
2750 846 2943 901 all‘ecta
2981 862 3127 910 esse,
3156 847 3359 915 quippe
3388 862 3509 916 quze
3544 846 3602 899 id

2033 942 2289 1003 tanquam
2355 936 2594 1006 primum
2659 938 2933 1007 quoddam
2980 938 3258 1008 exemplar
3317 937 3602 994 imitentur

2030 1033 2194 1093 atque
2224 1025 2466 1082 civitatis
2492 1027 2953 1098 gubernationem
2991 1043 3055 1084 ac
3083 1038 3287 1083 statum
3324 1034 3387 1083 ut
3437 1027 3601 1083 vitio-

2028 1114 2210 1170 sitatis
2258 1124 2452 1172 testem
2504 1118 2998 1188 locupletissimum
3053 1119 3348 1189 proferant.
3412 1118 3601 1172 Domi-

2028 1220 2132 1260 nus
2157 1217 2360 1269 autem.
2391 1208 2483 1277 qui
2510 1210 2691 1280 justus
2719 1219 2803 1265 est
2830 1218 2906 1273 et.
2937 1221 2997 1266 ut
3033 1218 3487 1273 consentaneum,
3510 1208 3600 1277 iu-

2030 1298 2236 1353 stitiam
2263 1309 2427 1363 amat,
2479 1300 2545 1354 ad
2586 1301 2847 1371 majorem
2894 1301 3212 1357 felicitatem
3241 1300 3427 1357 evehit
3461 1314 3598 1370 gen-

2030 1389 2174 1454 tiles,
2220 1391 2338 1460 qui,
2394 1399 2454 1447 ut
2505 1392 2584 1448 ait
2615 1402 2843 1448 sanctus
2871 1393 3230 1463 Apostolus‘,
3283 1404 3597 1462 quanquam

2027 1481 2233 1537 nullam
2259 1482 2497 1539 habeant
2537 1486 2707 1555 legem
2737 1526 2752 1546 .
2808 1495 2987 1541 tamen
3041 1494 3234 1540 natura
3283 1483 3423 1539 duce
3477 1484 3598 1554 ejus

2030 1573 2318 1643 praeceptis
2348 1575 2753 1645 obsequuntur,
2780 1577 2898 1633 odit
2947 1590 3081 1632 vero
3117 1590 3214 1631 eos
3245 1576 3338 1646 qui
3373 1575 3595 1645 quidem

2028 1662 2082 1717 in
2122 1676 2181 1717 se
2205 1676 2567 1734 Susceperunt
2586 1677 2753 1737 atque
2781 1666 3011 1737 professi
3047 1676 3177 1722 sunt
3196 1672 3267 1722 'se
3292 1665 3596 1722 secundum

2027 1752 2310 1823 religionis
2336 1755 2589 1811 instituta
2614 1757 2873 1828 legesque
2920 1772 3043 1814 esse
3069 1757 3334 1821 victuros,
3357 1755 3598 1811 actioni-

357 1833 483 1919 :Iouc
710 1823 1055 1896 δικαιοσύνης
1079 1831 1279 1885 κανόνα
1304 1834 1396 1886 καὶ
1424 1834 1690 1905 στάθμην.
1728 1836 1787 1889 Ὀ
1813 1837 1916 1909 γαρ

2030 1817 2339 1901 bus—tamen
2368 1847 2635 1916 promissa
2660 1817 2891 1903 eludunt
2911 1856 3176 1904 ctomnes
3208 1848 3434 1919 iustitiae
3463 1863 3596 1902 nor-

352 1909 707 1984 δικαιοσύνην
748 1915 848 1986 μὲν
883 1919 1385 1993 ἀποστρεφόμενος,
1416 1926 1630 1989 ἀδικίας
1661 1927 1709 1982 δ’
1736 1929 1927 1984 avsa...

356 2002 616 2073 ρούμενος
647 2008 908 2079 κλήρους,
941 2013 1037 2066 καὶ
1069 2016 1207 2084 μήτε
1246 2017 1371 2079 τοὺς
1397 2016 1575 2082 θείους
1603 2019 1924 2090 αἰδούμενος

350 2096 573 2186 νόμους,
611 2104 955 2173 περιςρονῶν
997 2104 1043 2159 δ’
1090 2106 1430 2173 ἀνθρώπινον
1466 2110 1688 2165 ἃπασαν
1729 2112 1941 2186 τύχηνλ

2029 1949 2146 1990 mas
2170 1950 2235 1991 ac
2259 1937 2475 2006 regulas
2518 1937 2805 2009 abjicinnt.
2832 1937 2936 2005 Qui
2970 1939 3119 1993 enim
3144 1938 3412 2008 justitiam
3439 1951 3600 1993 aver-

2028 2034 2180 2080 satus
2219 2026 2502 2095 iniustitiae
2533 2029 2890 2097 amplectitur
2934 2036 3137 2091 sortes,
3181 2035 3237 2082 et
3265 2026 3477 2097 legibus
3513 2026 3598 2080 di-

2027 2117 2170 2171 vinis
2202 2117 2400 2187 spretis
2455 2118 2750 2173 humanam
2796 2119 3100 2189 quamlibet
3151 2119 3432 2174 fortunam
3484 2117 3596 2173 cir-

350 2183 505 2249 οῦτος
528 2187 777 2261 ἀφώρισε
801 2193 900 2261 μὲν
929 2194 1073 2247 ἐκών
1101 2212 1164 2264 γε
1196 2191 1335 2250 εἶναι
1359 2199 1498 2253 Θεοῦ
1527 2200 1619 2253 τοῦ
1648 2202 1745 2271 τῆς
1768 2183 1916 2273 δίκης

2027 2183 2337 2277 cumspi—cit,
2373 2209 2419 2264 is
2448 2209 2736 2265 manifesto
2875 2211 3142 2280 disjnnxit
3193 2224 3293 2264 sua
3338 2217 3532 2277 sponte
3561 2224 3593 2262 a

351 2276 564 2348 ἔχοντος
597 2283 719 2344 τοὺς
761 2285 985 2354 θρόνους
1017 2288 1204 2357 σαφῶς
1244 2289 1461 2350 ἐαυτὸν.
1490 2293 1836 2363 συνῳκείωσε
1876 2296 1916 2349 δ¹

2027 2298 2136 2353 Deo
2165 2276 2393 2367 iustitiae
2435 2301 2632 2355 solium
2689 2311 2906 2356 tenente
2930 2276 2977 2363 ,⁷
3007 2309 3173 2368 atque
3214 2314 3338 2355 cum
3371 2276 3592 2354 diabolo

351 2370 470 2440 ἃμα
495 2372 575 2445 τῷ
602 2375 853 2448 διαϐόλῳ.
894 2381 989 2433 Διὸ
1018 2383 1115 2436 καὶ
1162 2383 1479 2438 πλεονεκτεῖ
1516 2387 1613 2455 μὲν
1645 2386 1790 2439 κατὰ
1825 2387 1916 2455 τῆς

2024 2392 2297 2446 contraxit
2334 2392 2782 2449 familiaritatem.
2808 2392 2925 2459 Qua
2945 2395 3012 2447 de
3034 2407 3196 2447 causa
3222 2393 3275 2446 in
3306 2392 3395 2446 illa
3418 2401 3587 2455 terra,

348 2464 532 2535 χώρας
580 2467 802 2539 ἐκείνης
847 2471 917 2526 τά
967 2468 1219 2548 χείρω,ᾖ
1268 2476 1338 2530 τὰ
1380 2476 1558 2530 τοιάδε
1591 2481 1916 2549 γεωργεῖται

2024 2483 2116 2538 ubi
2137 2483 2259 2538 talia
2279 2494 2540 2539 seruntur
2555 2486 2714 2549 mala,
2728 2485 2837 2557 36
2849 2486 3098 2556 pessinne
3114 2496 3260 2540 artes
3274 2485 3590 2555 praevalent,

349 2559 516 2623 κακὰ,
544 2564 852 2630 μειονεκτεῖ
878 2564 924 2618 δ’
971 2566 1253 2636 ἐπομένως
1281 2568 1352 2622 τά
1381 2567 1616 2640 κρείττω
1642 2587 1658 2603 ο
1706 2570 1800 2623 καὶ
1832 2571 1916 2638 γί-

2020 2574 2255 2629 virtutes
2281 2588 2416 2629 vero
2438 2576 2750 2630 necessario
2789 2577 3111 2632 inferiorem
3145 2584 3342 2632 tenent
3372 2576 3590 2639 locum;

349 2659 499 2702 νιται
529 2652 796 2724 παντελὴς
827 2656 946 2709 ἐκεῖ
973 2656 1155 2709 καλῶν
1187 2657 1414 2727 ἐρημία,
1441 2660 1538 2712 καὶ
1564 2662 1916 2732 κατορχεῖται

2022 2663 2096 2719 ibi
2126 2664 2343 2735 exsistit
2358 2666 2602 2721 omnium
2645 2667 2913 2722 bonorum
2947 2669 3205 2733 vastitas;
3252 2666 3324 2721 ibi
3356 2666 3594 2735 denique

350 2675 499 2702 vum
529 2675 796 2724 παντυιης
827 2675 941 2709 εκει
973 2675 1155 2709 καΑων
1187 2675 1414 2727 ερημια,
1441 2675 1538 2712 και
1564 2675 1916 2732 κατορχειται

347 2734 536 2829 λοιπὸν
562 2741 660 2794 καὶ
699 2742 728 2795 δ
767 2742 1016 2809 διάϐολος
1049 2747 1219 2817 άρδην
1245 2748 1419 2817 αὐτῆς
1446 2750 1754 2815 εὐσεϐείας.
1783 2751 1916 2821 πρὸς

2022 2675 2095 2719 ibi
2126 2675 2343 2809 εεειεῖι
2358 2675 2602 2721 omnium
2646 2675 2913 2722 bonorum
2947 2675 3205 2733 vastitas;
3252 2675 3324 2721 ibi
3356 2675 3591 2735 denique

2016 2754 2269 2813 diabolus
2319 2771 2354 2810 ιι
2401 2756 2573 2825 ipsam
2610 2757 2934 2829 religionem
2984 2757 3460 2827 impudentissime
3505 2756 3591 2811 in-

348 2826 580 2918 ἄρνησιν
630 2831 756 2894 τοὺς
804 2833 956 2902 αὐτῷ
1011 2836 1368 2904 πειθομένους
1415 2840 1588 2909 συχνά
1634 2842 1915 2908 ἐρεθίζων.

2020 2846 2214 2911 sultat,
2244 2863 2408 2916 quam
2445 2860 2506 2904 ut
2538 2826 2811 2918 denegent
2855 2857 2912 2904 ct
2963 2826 3153 2903 tollant
3197 2862 3329 2902 suos
3358 2848 3593 2903 asseclas

349 2914 452 2973 Οἷα
488 2919 554 2990 δὴ
593 2924 733 2976 κάπὶ
764 2926 866 2995 τὴν
898 2926 1208 2989 Βυζαντίων
1256 2930 1513 2997 γενέσθαι
1545 2933 1916 3003 ξυμπὲπτωκε

2017 2938 2221 2993 acriter
2249 2914 2491 3007 instigat.
2537 2938 2669 2993 Tale
2683 2914 2833 3008 vquid
2862 2937 3028 2992 etiam
3064 2938 3443 3008 Byzantiorum
3478 2939 3589 2989 rei-

349 3013 665 3066 πολιτείανσ
699 3018 980 3086 μισήσασα
1019 3020 1128 3089 γὰρ
1171 3021 1431 3090 ἀλήθειαν
1474 3026 1659 3097 ἐκείνη
1695 3029 1790 3081 καὶ
1820 3047 1916 3082 πο-

2019 3029 2251 3097 ριιὶιιίειε
2286 3028 2510 3084 accidit.
2543 3028 2682 3085 Odio
2717 3029 2864 3084 enim
2896 3030 2950 3083 iu
2979 3030 3266 3083 veritatem
3291 3038 3347 3083 et
3369 3028 3589 3096 imperii

350 3104 561 3177 λιτικῆς
594 3108 769 3178 ἀρχῆς
795 3111 1164 3185 δικαιοσύνην,
1193 3116 1593 3190 οίκειωσαμένη
1624 3120 1671 3174 δ’
1702 3121 1916 3176 ἀδικίαν

2016 3120 2282 3192 justitiam
2337 3132 2644 3192 concepto,
2704 3122 2971 3189 iniustitia
3018 3135 3152 3175 vero
3182 3130 3239 3175 et
3287 3118 3588 3175 mendaciis

348 3198 444 3250 καὶ
479 3196 696 3268 ψεῦδος,
734 3201 884 3265 ὅλαις
930 3204 1212 3275 παλάμαις
1248 3208 1346 3271 τὰς
1383 3210 1588 3280 ἑαυτῆς
1623 3212 1758 3282 πρὸς
1790 3214 1909 3268 ἀσέ-

348 3290 505 3342 ϐειαν
550 3291 852 3346 ἀνεπέτασε
897 3295 1092 3359 πύλας.
1131 3297 1380 3369 xamen
1417 3302 1493 3371 τῷ
1523 3302 1757 3375 διαϐόλῳ
1806 3304 1915 3358 σώο

352 3395 523 3447 ματος
567 3380 659 3433 ἐπὶ
712 3381 921 3446 τούτοις
974 3386 1083 3439 ἔδει
1135 3388 1230 3441 καὶ
1279 3389 1514 3463 ὀργάνου
1570 3392 1715 3461 μάλα
1769 3395 1916 3464 αὐτῷ

348 3472 719 3541 προσήκοντος
747 3474 864 3540 νῦν,
900 3477 1144 3547 εὑρίσκει
1185 3481 1471 3549 Παλαμᾶν,
1504 3484 1816 3555 ἀνδράριον,
1840 3487 1918 3552 ὡς

350 3563 563 3633 ἀκήκοα
583 3566 703 3634 μέν,
736 3567 1110 3640 ἐντελέστερον
1139 3571 1188 3624 δ’
1215 3574 1281 3628 ἐκ
1317 3574 1419 3644 τῆς
1469 3577 1633 3630 αὐτοῦ
1669 3580 1917 3650 μεμαθή-

346 3666 463 3705 κειν
487 3653 728 3725 γραφῆς,
762 3657 979 3721 εὐτελές
1003 3659 1104 3728 μέν
1131 3662 1307 3725 ἄλλως
1328 3666 1424 3717 καὶ
1455 3666 1597 3737 πλὴν
1630 3666 1726 3720 τοῦ
1756 3685 1915 3721 κενο-

346 3742 520 3808 δοξεῖν
561 3746 655 3797 καὶ
703 3748 773 3800 δι’
810 3751 941 3804 αὑτό
979 3752 1043 3819 γέ
1088 3768 1173 3806 τοι
1217 3752 1375 3808 τοῦτο
1401 3757 1714 3822 κακοδοεεῖν
1749 3760 1914 3813 πλέον

346 3836 484 3898 είδδς
515 3837 670 3891 οὐδὲν
696 3839 881 3907 ὑγιές⁸
929 3842 1020 3895 καὶ
1067 3843 1238 3914 τούτῳ
1288 3852 1600 3920 συμμαχεῖν
1634 3850 1914 3914 πεπεικὼς

345 3929 472 3992 τοὺς
508 3932 567 3982 ἐν
615 3931 856 4005 ἐξουσίᾳ,
909 3936 1086 3989 πάντα
1132 3937 1438 4009 συλλήϐδην
1483 3942 1676 4005 είπεῖν,
1739 3944 1912 3996 ὁπόσα

345 4023 466 4075 κατ’
492 4022 686 4087 ἄλλους
714 4024 850 4077 ἄλλα
880 4027 1111 4095 καιροὺς
1138 4032 1255 4092 ταῖς
1290 4029 1387 4083 τοῦ
1414 4031 1554 4085 Θεοῦ
1589 4033 1911 4103 ἐκκλησίαις

346 4111 551 4181 βέϐηλά
599 4130 658 4167 τε
707 4117 800 4170 κα)⁸
838 4118 969 4170 νόθα
1005 4121 1426 4192 παρεισεφθάρη
1464 4124 1732 4193 δόγματα,
1770 4125 1911 4194 πρὸς

343 4205 438 4259 ινα
457 4210 670 4263 τουτονὶ
708 4208 977 4278 συνήλαθε
1009 4213 1221 4281 χρόνον,
1252 4214 1348 4267 καὶ
1395 4216 1669 4286 πολύχουν
1704 4218 1906 4288 κομιδῆ

340 4298 403 4347 τὸ
431 4299 668 4368 πονηρὸν
694 4298 954 4354 ἐσκέδασε
985 4304 1127 4355 κατὰ
1175 4303 1274 4372 τῆς
1306 4302 1638 4370 Ἑκκλησίας
1667 4307 1904 4376 Χριστοῦ

339 4384 400 4438 τὺ
444 4385 734 4456 γεώργιον.
786 4390 864 4445 Οὐ
908 4391 1016 4463 γὰρ
1071 4394 1366 4449 πολυθεῖαν
1420 4398 1583 4465 μόνον
1616 4398 1855 4466 ἐδίδαξεν
1879 4402 1907 4455 ὁ

2018 3212 2262 3277 adscitis,
2281 3215 2431 3267 onmi
2488 3214 2687 3267 virium
2742 3214 3097 3268 contentione
3138 3212 3404 3283 impietati
3440 3211 3588 3265 fores

2019 3302 2264 3357 reclusit.
2296 3305 2411 3365 Qua
2456 3303 2511 3356 in
2570 3318 2629 3357 re
2664 3318 2788 3357 cum
2827 3303 3045 3358 diabolo
3072 3317 3304 3372 corpore
3344 3301 3580 3371 quodam

2016 3406 2075 3449 et
2113 3397 2478 3450 instrumento
2513 3395 2618 3449 sibi
2645 3394 2803 3464 plane
2826 3393 3186 3449 conveniente
3229 3407 3371 3462 opus
3397 3400 3587 3458 esset,

2018 3484 2225 3554 reperit
2253 3499 2399 3539 nunc
2454 3484 2772 3547 Palamam,
2823 3481 3235 3546 homunculum,
3291 3490 3350 3535 ut
3400 3480 3586 3536 audivi

2016 3576 2239 3646 quidem
2275 3575 2607 3648 (accuratius
2638 3586 2824 3628 autem
2874 3588 2944 3628 ex
2975 3575 3186 3642 scripto
3237 3571 3408 3641 ipsius
3459 3566 3584 3625 eum

2013 3667 2325 3737 cognovi),
2374 3666 2703 3737 vilissimum
2764 3679 2943 3734 neque
2993 3664 3292 3734 quidquam
3353 3665 3587 3733 amplius

1982 3759 2282 3813 ‘scientem
2314 3759 2416 3812 nisi
2453 3758 2730 3827 quomodo
2761 3771 2957 3811 vanam
2993 3756 3220 3827 gloriam
3259 3765 3503 3824 captaret
3529 3765 3586 3809 et

2013 3848 2085 3904 ob
2115 3849 2167 3903 id
2223 3848 2401 3917 ipsum
2447 3863 2644 3918 pravas
2677 3847 2969 3917 opiniones
3022 3847 3270 3917 fingeret.
3318 3846 3417 3902 Cui
3456 3861 3581 3901 cum

2013 3942 2194 3999 socios
2224 3942 2566 4012 adiunxisset
2611 3941 2909 4011 principes,
2943 3940 3193 4010 dogmata
3221 3978 3238 4007 ,
3289 3948 3350 3994 ut
3398 3938 3585 4010 paucis

2013 4032 2502 4101 comprehendam,
2552 4030 2780 4101 profana
2827 4041 2992 4101 atque
3029 4030 3379 4094 adulterata,
3431 4045 3584 4097 quaa-

2012 4138 2229 4191 cunque
2257 4122 2381 4177 aliis
2410 4121 2514 4175 alia
2547 4121 2885 4190 temporibus
2919 4122 2971 4173 in
3011 4118 3107 4173 Dei
3149 4119 3419 4174 Ecclesias
3460 4134 3585 4188 per-

2008 4215 2219 4272 niciose
2248 4214 2637 4283 obrepserunt,
2671 4214 2841 4266 hocce
2870 4221 3115 4280 tempore
3142 4218 3345 4266 cuncta
3398 4210 3582 4278 coegit

2009 4317 2069 4364 et
2103 4305 2309 4363 Christi
2351 4303 2614 4360 Ecclesia:
2660 4302 2996 4357 uberrimam
3036 4311 3092 4356 et
3138 4300 3340 4370 oppido
3373 4299 3577 4354 variam

2010 4398 2379 4470 improbitatis
2402 4398 2613 4468 frugem
2649 4396 2903 4466 aspersit.
2940 4393 3075 4449 Nam
3116 4395 3282 4448 miser
3312 4392 3413 4447 iste
3464 4407 3574 4446 non

338 4478 709 4551 ⁸ταλαίπωρος,
739 4480 874 4536 ἀλλά
911 4483 1005 4536 καὶ
1038 4483 1231 4539 άθεῖαν
1274 4489 1682 4557 προστέθεικεν,
1717 4493 1908 4562 ἀρεια-

2016 4490 2187 4545 solum
2220 4489 2638 4560 polytheismum
2670 4488 2880 4553 docuit,
2913 4486 3010 4542 sed
3043 4487 3206 4540 etiam
3243 4482 3575 4539 atheismum

340 4570 535 4639 νισμόν
557 4570 606 4622 θ’
635 4571 752 4641 ἅμα
776 4574 873 4626 καὶ
911 4576 1299 4647 είκονομαχίαν
1326 4579 1416 4632 καὶ
1445 4580 1703 4649 καθάπαξ
1733 4585 1904 4656 ἄρνη-

339 4675 426 4712 σιν
470 4662 785 4732 οἰκονομίας
830 4665 1098 4736 ἐνσάρκου
1137 4667 1236 4722 τοῦ
1285 4670 1414 4724 Υίοῦ
1449 4672 1545 4726 καὶ
1576 4674 1753 4740 Λόγου
1808 4677 1900 4730 τοῦ

338 4754 499 4811 Θεοῦ.
527 4756 638 4810 Καὶ
671 4756 723 4809 τί
758 4756 843 4810 δεῖ
888 4758 1017 4812 καθ’
1047 4760 1256 4815 ἕκαστα
1293 4763 1490 4833 λέγειν,
1527 4766 1649 4831 ἐξὸν
1695 4768 1761 4821 ἐκ
1792 4767 1901 4823 τῶν

337 4848 502 4918 ιερῶν
529 4848 726 4918 βίϐλων
746 4848 858 4901 τῶν
873 4849 1033 4903 θείων
1055 4852 1313 4924 Πατέρων
1340 4857 1584 4927 ἐλέγχειν
1610 4861 1730 4914 κατ’
1753 4861 1902 4933 ίχνος

331 4940 583 5001 ἐπιόντας
616 4942 831 4994 ἅπαντα
850 4956 868 5003 ς

404 5028 463 5084 ι’.
498 5030 610 5084 Καὶ
636 5032 734 5098 μέν
757 5032 822 5103 δὴ
845 5034 1050 5087 τοιαῦτ’
1065 5035 1304 5107 ἐπ’νὲμοῦ
1331 5039 1669 5112 συνείροντος
1691 5044 1786 5097 τοῦ
1815 5062 1902 5099 σο-

333 5118 442 5189 φοῦ
482 5122 578 5175 καὶ
619 5121 897 5192 θεοφιλοῦς
940 5125 1004 5197 [ι.
1039 5127 1142 5182 103
1181 5127 1235 5200 bl
1281 5130 1490 5185 ἐκείνου
1535 5135 1749 5205 ἀνδρὸς,
1806 5139 1901 5192 καὶ

332 5209 549 5279 βίϐλους
573 5210 619 5263 δ’
641 5213 811 5266 ἐνίοτε
842 5218 1267 5285 προκομίζοντος
1294 5220 1360 5284 ἃς
1387 5235 1446 5274 τε
1479 5222 1642 5289 αὐτὸς
1674 5229 1900 5298 φιλοπό-

328 5318 443 5362 νως
470 5304 534 5355 ἐκ
559 5303 744 5373 πάσης
773 5306 1162 5377 ἐρανισάμενος
1187 5310 1339 5376 θείας
1368 5312 1590 5386 Γραφῆς
1616 5317 1757 5373 ὅπλα
1784 5324 1899 5386 τοῖς

326 5393 450 5445 ἐκεῖ
464 5392 643 5457 καλῶς
658 5394 904 5449 εὐσεϐεῖν
916 5397 1260 5467 αἱρουμένοις
1275 5404 1578 5473 χαρίζεται,
1595 5410 1688 5460 καὶ
1704 5408 1771 5473 ἃς
1784 5410 1901 5463 ἓτε-

330 5497 416 5550 ροι
435 5481 543 5534 τῶν
559 5484 676 5536 ἐκεῖ
694 5486 1127 5552 προσοικούντων
1143 5490 1439 5563 ἐλλογίμων
1456 5496 1667 5564 ἀνδρῶν
1687 5498 1901 5566 ὀρθοεό-

326 5573 436 5637 ξων
450 5573 797 5645 ἐκδεδιὶηιασι,
813 5581 932 5643 ταῖς
946 5578 1041 5634 τοῦ
1060 5581 1292 5652 Παλαμᾶ
1311 5586 1650 5653 κακοδοξίαις
1667 5605 1900 5663 περιφα-

402 5731 418 5762 ¹
446 5730 611 5788 Rom.
650 5748 709 5798 tt,
754 5733 837 5788 Ν.

2005 4580 2219 4636 addidit
2247 4580 2525 4649 simulque
2570 4580 2941 4635 Arianismum
2987 4586 3045 4632 et
3094 4574 3526 4632 lconomacbiatu
3558 4613 3573 4636 ,

2006 4672 2348 4742 negationem
2393 4670 2632 4739 denique
2701 4666 3094 4725 incarnationis
3141 4665 3263 4721 Filii
3312 4664 3577 4733 Verbiqce

2007 4763 2124 4819 Dei.
2175 4762 2284 4819 Sed
2313 4762 2444 4832 quid
2484 4762 2682 4816 attinet
2726 4760 2940 4831 singula
2983 4758 3263 4828 persequi,
3309 4756 3416 4826 37
3447 4770 3572 4810 cum

2004 4854 2188 4911 omnia
2246 4869 2313 4909 ex
2342 4853 2513 4909 sacris
2545 4852 2844 4922 Srripturis
2871 4852 3096 4907 Patrum
3125 4861 3438 4905 sanctorum
3473 4862 3573 4918 per

2001 4947 2216 5015 singula
2242 4946 2465 5015 vestigia
2487 4944 2772 5001 confutare
2794 4943 2994 4999 liceat?

2070 5048 2142 5101 X.
2169 5047 2305 5104 Dum
2339 5049 2464 5103 talia
2499 5047 2632 5103 mihi
2662 5046 2847 5102 rcfcrt'
2882 5046 2968 5100 vir
2996 5044 3088 5100 ille
3124 5041 3567 5114 sapientissimus

2002 5139 2226 5212 Deoqne
2258 5141 2640 5206 charissimus,
2665 5154 2767 5194 nec
2790 5154 2903 5193 non
2933 5124 3213 5216 interdum
3262 5134 3437 5190 libros
3466 5148 3561 5200 ap-

1999 5242 2202 5302 portat,
2236 5248 2359 5288 cum
2393 5247 2534 5303 quos
2560 5232 2677 5301 ipse
2712 5230 2884 5284 multo
2930 5244 3057 5284 cum
3110 5226 3296 5283 studio
3344 5239 3411 5279 ex
3446 5233 3558 5279 tota

1998 5323 2281 5393 Scriptura
2312 5338 2465 5378 sacra
2502 5323 2725 5392 collegit
2749 5329 2805 5375 et
2824 5336 2924 5390 pro
2954 5321 3126 5376 armis
3174 5321 3283 5389 Diis
3320 5317 3562 5370 homini-

1998 5404 2122 5477 bus,
2155 5414 2249 5484 qui
2278 5414 2392 5470 illic
2421 5414 2687 5481 incolunt,
2715 5413 3108 5484 suppeditavit,
3147 5422 3262 5468 tum
3294 5425 3435 5480 quos
3465 5410 3560 5465 alii

1997 5508 2132 5561 clari
2162 5517 2328 5576 atque
2358 5506 2649 5561 orthodoxi
2702 5507 2895 5561 insulae
2951 5507 3051 5560 viri
3114 5504 3299 5574 pravis
3327 5502 3562 5558 Palamte

1999 5596 2360 5668 opinionibus
2385 5597 2676 5654 manifesto
2697 5599 2943 5656 oblocuti
2989 5597 3324 5663 cdidertmt,
3377 5608 3567 5652 rumor
