4050 6566
319 378 389 439 29
1336 382 1777 448 ΒΥΖΛΝἸἸΝᾹΞ
1818 382 1891 441 Hl

2000 380 2202 444 ORI/E
2240 384 2387 445 LlB-
2430 388 2608 450 XXV.
3487 390 3562 450 30

320 505 409 543 σον
445 488 511 543 ἄν
551 504 635 552 τις
675 487 871 542 ἐθέλοι.
914 490 1005 542 Διὸ
1046 492 1140 544 καὶ
1184 490 1355 563 θύραν
1400 493 1531 563 μίαν
1571 498 1599 548 δ
1638 495 1889 564 τεχνίτης

1994 494 2179 549 dextra
2218 495 2390 549 latera
2448 496 2659 566 pariter
2716 508 2772 551 et
2814 498 3034 553 sinistra
3089 497 3447 565 ampliﬁcatis.
3503 498 3561 551 ln

318 578 552 643 ἀνοίξας,
585 576 777 632 ἔπειτα
800 577 1062 643 λαξεύων,
1094 581 1290 653 προῄει
1323 582 1485 652 μέχρι
1514 583 1710 636 πολλοῦ
1744 582 1885 636 κατὰ

318 674 375 723 τὸ
397 672 511 725 ἴσον
535 671 777 738 εὐρύνων
800 672 916 742 ἅμα
938 672 1004 725 τά
1024 677 1073 724 τ’
1098 672 1350 743 εὐώνυμα
1372 675 1461 727 καὶ
1482 676 1632 740 δεξιά
1653 676 1785 728 πλευ
1795 679 1882 746 ρὰ,

318 763 463 833 ἠφίει
489 763 534 817 δ’
559 765 618 817 ὲν
649 763 797 833 μέσῳ
823 766 959 817 κατὰ
989 765 1154 835 συχνὰ
1181 766 1522 835 διαστήματα
1550 768 1772 830 στύλους
1803 768 1887 834 ξε-

318 855 511 919 στοὺς,
545 855 830 925 ἀνέχοντας
865 855 962 926 τὴν
996 856 1087 910 ἐπὶ
1120 858 1210 911 τὸν
1243 856 1440 928 ὄροφον
1469 859 1575 927 γῆν
1598 900 1610 923 ,
1649 860 1886 929 μερίζων

318 946 360 1000 δ’
386 947 557 1000 ἐποίει
587 947 879 1018 διαφόρους
909 948 1081 1010 οἰκίας
1108 948 1201 1001 καὶ
1233 950 1498 1020 προαύλια
1527 952 1622 1005 καὶ
1653 953 1882 1021 κρήνας.

321 1036 590 1092 Δέδεικται
620 1039 677 1091 δέ
712 1056 802 1107 μοι
833 1039 969 1106 πρὸς
997 1040 1105 1093 τῶν
1132 1042 1430 1111 ἐγχωρίων,
1458 1042 1741 1110 λαμπάδας
1774 1060 1887 1111 φω-

319 1126 407 1190 τδς
452 1128 511 1179 ὲν
548 1130 733 1198 χεροῖν
771 1127 1004 1197 ἐχόντων
1046 1128 1265 1190 πολλάς.
1306 1130 1461 1181 Μίνω
1498 1129 1678 1180 τοίνυν
1722 1128 1886 1195 φασιν

320 1217 527 1269 ἐκεῖνον
550 1216 641 1271 τὸν
668 1218 833 1271 πάλαι
859 1219 957 1287 τῆς
982 1218 1204 1288 Κρήτης
1234 1218 1487 1289 ἄρξαντα,
1514 1219 1590 1281 ὥς
1617 1235 1681 1286 γε
1705 1214 1883 1281 οἶσθα,

322 1309 584 1379 πλείστην
628 1310 971 1379 κτησάμενον
1010 1310 1238 1378 δύναμιν
1286 1312 1544 1381 ναυτικὴν
1586 1311 1656 1363 τὰ
1701 1309 1885 1379 κύκλῳ

320 1396 688 1452 δουλώσασθαι
717 1397 825 1453 τῶν
857 1399 1048 1462 ἐθνῶν,
1080 1400 1179 1453 ὅσα
1205 1414 1263 1452 τε
1297 1401 1579 1462 Κυκλάδας
1604 1400 1735 1471 ᾠκει
1763 1402 1884 1453 τότε

320 1488 419 1551 τάς
446 1489 645 1557 νήσους
666 1530 681 1551 ,
713 1490 805 1542 καὶ
835 1490 934 1543 ὃσα
958 1491 1013 1551 ἐς
1048 1488 1330 1559 μεσόγειον
1357 1490 1481 1561 ἥκει
1510 1493 1765 1555 Βοιωτίας
1795 1495 1885 1547 καὶ

334 1578 607 1647 Ἀττικῆς.
641 1579 907 1649 ’Υστερον
953 1580 997 1633 δ⁹
1025 1582 1089 1633 ὲκ
1136 1582 1383 1650 διαδοχῆς,
1439 1583 1779 1653 μακροτέρας
1826 1586 1883 1641 ές

322 1666 679 1737 Μινώταυρον
710 1672 808 1739 τῆς
841 1670 1014 1739 ἀρχῆς
1049 1674 1523 1741 περιενεχθείσης,
1560 1673 1726 1743 ἄνδρα
1755 1676 1882 1737 τοὺς

318 1758 551 1827 τρόπους
583 1759 767 1830 ὠμὸν,
800 1762 999 1830 φόρους
1026 1780 1083 1815 τε
1113 1764 1303 1825 ἄλλους
1333 1765 1511 1828 ἄλλοις
1540 1766 1885 1834 ἐπενεγκεῖν,

320 1854 412 1903 καὶ
440 1850 504 1921 δὴ
533 1851 625 1905 καὶ
651 1853 836 1906 ὀπόσοι
863 1855 983 1907 τότε
1012 1854 1191 1925 ῷκουν
1216 1856 1315 1925 τὴν
1346 1856 1618 1925 ’Δττικὴν,
1645 1858 1724 1917 δὶς
1751 1859 1891 1910 ἑπτὰ

320 1942 514 2006 παῖδας
544 1942 723 1995 ἐκεῖσε
751 1944 987 2011 ἀπάγειν
1014 1944 1122 1996 τῶν
1152 1946 1393 2012 εὐγενῶν
1420 1946 1540 1999 κατ’
1564 1950 1807 2001 ἐνιαυτὸν
1835 1948 1893 2011 ἃς

318 2033 494 2101 λήθης
533 2033 793 2104 φρούριον
824 2034 917 2087 τὸν
952 2035 1292 2104 λαϐύρινθον.
1327 2036 1433 2088 Τοῦ
1477 2036 1678 2106 κλήρου
1710 2038 1892 2091 τοίνυν

323 2128 419 2178 καὶ
459 2127 515 2189 ὲς
553 2127 735 2196 Θησέα
775 2128 1235 2196 περιενεχθέντος,
1272 2130 1472 2196 Αἰγεὺς
1514 2130 1613 2196 μὲν
1648 2132 1675 2181 ὁ
1712 2130 1893 2201 πατὴρ

319 2218 422 2271 οὐκ
453 2219 625 2287 ἠφίει,
655 2219 957 2289 τηνικαῦτα
986 2221 1085 2289 τῆς
1120 2221 1369 2289 ’Δττικῆς
1403 2219 1479 2273 ὢν
1508 2220 1755 2290 ἡγεμὼν,
1785 2223 1812 2274 ὁ
1836 2222 1893 2275 δὲ

319 2308 496 2363 λαϐὼν
526 2311 714 2381 ἀπῄει.
752 2313 895 2380 μάλα
929 2309 1071 2364 ἑκὼν
1098 2310 1213 2373 τοῖς
1248 2312 1332 2373 δῖς
1366 2312 1505 2364 ἑπτὰ
1544 2311 1894 2382 συναρίθμιον

322 2401 513 2453 ἑαυτὸν
540 2402 909 2472 καταστήσας.
937 2403 1011 2465 ὡς
1042 2403 1131 2455 διὰ
1159 2403 1318 2455 τοῦτο
1344 2405 1492 2466 ὅπως
1523 2406 1652 2457 ποτὶ
1681 2407 1776 2457 καὶ
1803 2404 1895 2456 τὸν

326 2494 423 2560 Ah
437 2493 498 2546 έα
531 2494 675 2546 κατὰ
704 2494 974 2562 θαλάττης
1008 2493 1225 2562 ἐκείνης
1257 2494 1460 2561 ὑφέντα
1492 2493 1684 2547 ἑαυτὸν
1712 2494 1894 2545 τελευ-

326 2584 487 2654 τῆσαι
512 2586 604 2637 τὸν
634 2582 769 2654 βίον,
796 2587 890 2639 καὶ
917 2584 978 2638 τὸ
1007 2586 1248 2653 πέλαγος
1274 2582 1497 2652 Δίγαῖον
1527 2586 1735 2639 ἐκεῖθεν
1762 2586 1895 2649 κλη-

326 2672 504 2743 θῆναι.
534 2671 684 2726 Ἐπεί
706 2688 773 2741 γε
802 2674 906 2743 μὴν
927 2675 958 2744 ή
983 2672 1341 2743 Μινωταύρου
1367 2674 1612 2743 θυγάτηρ
1639 2674 1894 2743 Ἀριάδνη

326 2762 510 2829 Θησέα
546 2762 797 2818 θεάσαιτό
830 2782 888 2818 τε
922 2768 1017 2818 καὶ
1052 2763 1310 2834 ἐρασθείη
1344 2764 1437 2816 τοῦ
1476 2764 1724 2827 κάλλους,
1760 2766 1896 2817 ὐπο-

327 2851 501 2904 θεῖναι
530 2851 793 2922 λαθραίας
822 2850 971 2919 αὐτῷ
993 2852 1094 2913 τὰς
1123 2850 1219 2916 τῆς
1252 2852 1571 2919 ἐλευθερίας
1604 2852 1857 2921 μεθόδους
1878 2892 1893 2914 ,

327 2940 415 3005 αἷς
444 2943 775 3012 χρησαμένῳ
806 2944 1008 3012 ῥᾴστην
1038 2958 1095 2995 τε
1126 2944 1377 3010 γενέσθαι
1404 2944 1575 3011 Θησεί
1600 2943 1699 3013 τὴν
1726 2944 1895 2996 λαϐυ-

1987 584 2169 639 medio
2194 594 2380 640 autem
2414 586 2735 655 labyrintho
2765 589 2974 654 crebris
3019 587 3327 641 intervallis
3354 588 3560 641 colum-

1986 688 2084 729 nas
2111 674 2377 744 levigatas
2410 676 2619 744 posuit,
2655 692 2777 745 qua:
2812 686 3015 732 terram
3048 677 3103 730 in
3136 676 3359 745 fastigio
3388 676 3558 730 susti-

1985 774 2214 830 nerent;
2241 766 2332 819 hic
2364 766 2474 821 illic
2501 768 2651 821 varia
2677 768 2930 831 aedilicia,
2957 767 3231 823 vestibula
3258 767 3553 835 fontesque

1985 852 2245 922 disposite
2272 854 2423 909 fecit.
2459 855 2869 911 Ostendebatur
2892 865 3078 910 autem
3135 856 3272 910 mihi
3307 854 3558 924 labyrin-

1988 945 2116 998 thus
2144 943 2213 998 ab
2244 944 2517 1016 indigenis
2539 947 2740 1002 multas
2791 947 2942 1002 faces
2972 947 3232 1001 ardentes
3284 945 3339 999 in
3387 944 3565 998 mani-

1986 1033 2091 1088 bus
2121 1036 2479 1104 gestantibus.
2512 1035 2749 1091 Ilinoem
2771 1051 2927 1102 vero,
2956 1052 3119 1107 quem
3155 1034 3392 1105 antiquis
3420 1043 3562 1087 tem-

1985 1126 2210 1191 poribus
2232 1124 2410 1179 Creta
2433 1126 2732 1196 imperasse
2786 1128 2915 1192 scis,
2960 1142 3157 1199 magno
3207 1126 3424 1180 navium
3460 1141 3563 1177 nu-

1986 1230 2135 1269 mero
2188 1216 2515 1270 instructum
2583 1216 2693 1286 ﬁo
2751 1217 3111 1271 circumcirca
3186 1225 3398 1284 gentes,
3442 1228 3565 1282 quas

1988 1314 2097 1359 tum
2122 1306 2385 1377 Cyclades
2410 1308 2619 1362 insulas
2645 1316 2701 1362 et
2729 1324 2849 1376 qua:
2879 1308 2945 1360 ad
2982 1307 3214 1360 mediam
3252 1320 3425 1374 usque
3460 1305 3560 1358 At-

1988 1400 2146 1452 ticam
2169 1408 2226 1452 et
2247 1398 2505 1453 Bmotiam
2536 1399 2869 1462 incolebant,
2898 1400 2952 1452 in
2978 1399 3245 1451 ditionem
3285 1395 3564 1465 redegisse

1988 1491 2189 1545 ferunt.
2221 1489 2529 1545 Posteriore
2559 1501 2743 1544 autem
2782 1500 3030 1559 tempore
3056 1489 3124 1542 ad
3158 1488 3561 1548 Minotaurum,

1986 1582 2164 1634 virum
2197 1582 2444 1637 moribus
2468 1582 2778 1637 immitibus
2800 1581 3117 1651 praeditum,
3146 1594 3317 1649 regno
3349 1594 3415 1632 ex
3439 1591 3568 1631 suc-

1988 1674 2235 1727 cessione
2268 1674 2468 1739 delato,
2496 1688 2623 1728 eum
2660 1673 2853 1727 dicunt
2887 1672 3098 1727 tributa
3147 1671 3256 1725 alia
3302 1670 3429 1725 aliis
3464 1669 3566 1722 im-

1993 1765 2259 1834 posuisse,
2311 1764 2507 1825 Attica
2564 1779 2696 1818 vero
2732 1763 2929 1818 incolis
2978 1764 3303 1832 imperasse,
3366 1771 3430 1814 ut
3480 1759 3566 1813 bis

1993 1862 2201 1922 septem
2232 1854 2438 1909 liberos
2464 1856 2725 1912 nobilium
2754 1854 3052 1922 quotannis
3076 1852 3131 1907 lu
3165 1851 3564 1922 labyrinthum,

2003 1946 2296 1999 oblivionis
2332 1947 2612 2000 castellum
2674 1947 3033 1999 abducerent.
3090 1942 3227 1997 Cum
3279 1957 3401 1997 sors
3434 1956 3566 1996 vero

1993 2037 2266 2091 Theseum
2310 2035 2670 2103 designasset,
2706 2036 2960 2105 Egeum,
3016 2042 3225 2103 patrem
3273 2034 3395 2102 ejus
3436 2042 3567 2087 tunc

1996 2127 2262 2195 temporis
2283 2128 2474 2181 Atticm
2498 2125 2824 2195 principem,
2847 2139 2972 2179 eum
2998 2124 3275 2179 dimittere
3300 2122 3565 2178 noluisse.

1995 2219 2088 2274 Ille
2115 2227 2294 2271 autem
2332 2218 2721 2272 lubentissime
2756 2232 2879 2270 cum
2913 2216 3035 2270 istis
3093 2216 3177 2269 bis
3231 2223 3438 2283 septem
3480 2214 3568 2283 ju-

1999 2309 2235 2363 venibus
2261 2317 2617 2376 posteaquam
2648 2307 2787 2360 ciant
2815 2306 3061 2371 abiisset,
3092 2305 3338 2375 Aigaum
3366 2319 3484 2359 sese
3510 2304 3565 2357 in

1999 2416 2153 2454 mare
2188 2399 2559 2468 praecipitasse
2586 2397 2863 2466 vitamque
2887 2396 3152 2459 linivissc,
3178 2395 3322 2448 unde
3345 2394 3568 2463 pelagus

1994 2492 2237 2559 ASgazum
2262 2505 2462 2543 nomen
2492 2490 2774 2558 accepisse
2797 2488 3027 2543 dicitur.
3048 2487 3326 2541 Ariadnen
3359 2494 3566 2545 autem.

1998 2582 2292 2637 Minotauri
2320 2581 2508 2645 ﬁliam,
2555 2582 2751 2635 Thesei
2801 2589 3088 2635 venustate
3124 2589 3339 2648 captam
3373 2578 3566 2632 furtim

1995 2688 2121 2729 eum
2154 2674 2423 2739 consiliis,
2458 2673 2665 2743 quibus
2700 2674 3018 2726 libertatem
3057 2671 3163 2726 sibi
3202 2679 3446 2741 pararet,
3482 2670 3570 2722 in.

1998 2765 2271 2819 struxisse
2311 2764 2531 2830 ferunt;
2577 2765 2644 2818 iis
2680 2779 2839 2817 usum
2881 2764 3157 2817 Theseum
3191 2761 3454 2815 facillime
3484 2761 3569 2815 la-

1996 2854 2237 2925 byrinthi
2265 2858 2468 2909 exitum
2499 2856 2798 2924 reperisse,
2838 2854 3036 2908 deinde
3070 2854 3380 2907 Minotauro
3400 2852 3568 2906 inter-

1998 2948 2161 3007 fecto,
2191 2960 2314 2999 cum
2344 2945 2588 2999 Ariadna
2632 2945 3039 3014 juvenibusque
3070 2944 3263 2997 Atticis
3308 2944 3567 3011 protinus

330 3034 512 3104 ρίνθου
553 3030 807 3097 διέξοδον,
850 3034 942 3084 καὶ
984 3032 1101 3101 ἅμα
1148 3031 1505 3101 Μινώταυρον
1549 3031 1648 3098 μὲν
1688 3033 1891 3083 ἐκεῖνον

2000 3037 2055 3091 in
2086 3038 2315 3105 patriam
2347 3052 2446 3105 per
2476 3050 2629 3089 mare
2663 3036 2891 3105 fugisse,
2948 3044 3061 3088 tum
3096 3035 3239 3087 haud
3296 3035 3367 3087 ita
3393 3034 3567 3085 multo

328 3124 689 3190 πεφονευκότι
727 3122 915 3189 ἑςτὴν
953 3123 1179 3189 πάτριον
1214 3121 1415 3173 αὐτίκα
1455 3120 1558 3186 γῆν
1590 3119 1897 3172 διαπόντιον

327 3214 581 3279 γενέσθαι
613 3212 828 3280 φυγάδα
862 3210 953 3275 ξύν
980 3226 1042 3278 γε
1080 3210 1333 3280 ’Δριάδνῃ
1367 3210 1600 3271 καὶτοῖς
1630 3209 1688 3274 ἐξ
1720 3209 1900 3261 Ἀττι-

332 3303 431 3372 κῆς
460 3304 663 3372 ήιθέοις
693 3304 872 3367 παισὶ,
900 3302 994 3353 καὶ
1024 3302 1269 3370 οἰκιστὴν
1297 3301 1463 3369 ὀλίγῳ
1493 3299 1719 3369 ὕστερον
1748 3300 1900 3365 γενέ-

333 3395 455 3447 σθαι
482 3394 579 3446 καὶ
601 3393 702 3461 τῆς
730 3391 1030 3461 Ἀθηναίων
1058 3391 1382 3460 περιϐοήτου
1410 3390 1637 3451 πόλεως,
1668 3407 1899 3459 μεμερι-

332 3486 544 3554 σμένως
574 3488 707 3553 πρὶν
736 3484 795 3534 ὲν
824 3481 1039 3549 κώμαις
1067 3480 1360 3535 οἰκούντων
1389 3480 1486 3547 τὴν
1519 3480 1791 3547 ’Ᾱττικήν.

400 3573 501 3623 lB’.
529 3572 684 3639 Ἐμοὶ
705 3569 762 3621 δὲ
783 3572 917 3637 μετὰ
936 3569 1036 3643 τὴν
1052 3569 1181 3625 θέαν
1207 3571 1419 3639 ἐκείνην
1436 3572 1528 3621 καὶ
1548 3570 1605 3631 ες
1625 3570 1719 3630 τὰς
1738 3569 1898 3632 ἄλλας

330 3664 601 3731 περιιέναι
625 3664 723 3730 τῆς
754 3663 915 3733 νήσου
948 3668 1140 3731 κώμας
1170 3662 1263 3713 καὶ
1292 3660 1566 3722 πολιτείας
1592 3661 1686 3714 καὶ
1716 3661 1897 3723 πόλεις

331 3755 640 3827 γεγένηται.
670 3757 778 3808 Καὶ
811 3757 908 3823 μὲν
934 3755 1000 3821 δὴ
1029 3756 1121 3806 καὶ
1151 3753 1401 3820 ἐθεώμην
1429 3752 1491 3803 τὸ
1521 3752 1629 3803 πᾶν
1658 3752 1771 3802 ἐκεῖ
1800 3753 1897 3818 γὲ-

330 3866 417 3913 νος
444 3850 541 3916 τῆς
569 3850 763 3915 νήσου,
801 3846 1107 3913 Ῥωμαίους
1137 3846 1331 3909 ὄντας,
1363 3843 1528 3912 ὀλίγῳ
1554 3843 1660 3895 δέω
1688 3844 1894 3910 λέγειν,

332 3942 423 3994 καὶ
452 3944 554 4009 τὴν
582 3940 682 4008 τῆς
717 3939 948 4008 πατρίου
985 3938 1224 3997 πίστεως
1257 3936 1544 3988 εὑσέὸειαν
1580 3934 1801 4003 βεϐαίαν
1834 3935 1897 3987 ὲκ

330 4030 575 4098 διαδοχῆς
601 4033 687 4083 ἀεὶ
718 4030 1084 4097 κεκτημένους
1108 4042 1123 4056 ·
1152 4028 1245 4078 καί
1278 4042 1366 4095 μοι
1394 4025 1705 4095 βουλομένῳ
1734 4043 1798 4092 γε
1828 4021 1895 4095 ἦν

329 4123 548 4174 πλείονα
594 4121 782 4189 χρόνον
825 4122 944 4170 ἐκεῖ
989 4116 1396 4185 διατετριφέναι
1442 4115 1686 4176 πλείονος
1733 4116 1897 4168 ἕνεκα

326 4210 392 4283 [ί.
440 4211 543 4266 1οι
588 4210 642 4281 b]
718 4213 808 4263 xui
858 4209 1195 4278 τελεωτέρας
1241 4204 1349 4258 τῶν
1394 4207 1510 4258 ἐκεῖ
1557 4206 1897 4275 πραγμάτων

328 4303 587 4371 ίστορίας.
625 4300 765 4355 Ἀλλ’
790 4300 1036 4356 άνεσόῦει
1092 4315 1184 4368 μοι
1227 4298 1328 4368 τὴν
1374 4296 1629 4366 βούλησιν
1673 4299 1702 4350 δ
1744 4316 1895 4367 τηνι-

2005 3139 2126 3197 post
2160 3128 2354 3183 urbem
2383 3127 2879 3181 celebratissimam
2911 3126 3337 3181 Atheniensium
3372 3124 3565 3179 condio

2001 3219 2167 3282 disse,
2200 3218 2294 3287 qui
2326 3227 2487 3272 antea
2527 3233 2623 3286 per
2665 3218 2911 3288 singulos
2943 3218 3098 3272 vicos
3153 3216 3391 3287 dispersi
3424 3216 3568 3271 Attia

2000 3321 2117 3361 cam
2144 3305 2461 3361 incolebant
2476 3342 2494 3360 .

2072 3569 2186 3625 ΧΠ.
2219 3570 2331 3639 Ego
2353 3585 2486 3624 vero
2509 3570 2825 3636 labyrintho
2860 3570 3195 3640 perlustrato
3230 3572 3401 3626 etiam
3428 3571 3569 3627 alios

1998 3660 2192 3715 insulze
2222 3660 2392 3721 vicos.
2428 3661 2678 3714 civitates
2710 3660 2813 3731 41
2852 3663 3126 3730 urbesque
3174 3678 3299 3717 cum
3342 3664 3568 3728 adirem,

2001 3760 2173 3803 totum
2203 3764 2372 3819 genus
2398 3750 2702 3810 hominum,
2747 3752 2891 3818 quod
2930 3752 3167 3805 insulam
3200 3753 3410 3817 incolit,
3462 3755 3571 3807 Ru-

1998 3855 2189 3894 manos
2228 3856 2348 3895 esse
2395 3850 2450 3895 et
2504 3842 2693 3908 patria:
2747 3841 2868 3893 tidei
2926 3843 3138 3896 cultum
3189 3859 3222 3895 a
3271 3844 3572 3913 majoribus

1998 3947 2172 4000 usque
2223 3933 2479 3990 traditum
2538 3941 2859 3987 constanter
2905 3933 3052 3988 tueri
3120 3935 3376 4003 cognovi.
3437 3936 3567 3990 Mihi

1996 4025 2311 4093 quidem‘in
2341 4024 2526 4078 animo
2555 4035 2697 4088 erat,
2751 4038 2862 4092 quo
2899 4025 3221 4094 diligentius
3251 4036 3312 4080 et
3340 4041 3568 4079 accura-

2001 4118 2111 4170 tius
2144 4116 2337 4169 iusnla:
2386 4130 2476 4169 res
2516 4117 2884 4184 explorarent,
2938 4117 3160 4184 longius
3218 4118 3287 4171 ibi
3346 4127 3571 4185 tempus

1994 4206 2368 4269 commorari;
2410 4204 2506 4259 sed
2542 4206 2612 4258 ab
2636 4205 2740 4259 hoc
2774 4205 3054 4272 proposito
3087 4205 3415 4259 deturbatus
3444 4222 3566 4260 sum

1992 4312 2275 4351 armorum
2306 4296 2670 4366 militumque,
2695 4296 2790 4366 qui
2819 4306 2933 4350 tum
2964 4298 3035 4351 ibi
3066 4298 3445 4367 grassabatur.
3483 4308 3569 4352 tu-

327 4392 501 4445 καῦτα
539 4391 914 4462 μελετώμενος
944 4389 1179 4459 ,θόρυϐος
1211 4389 1319 4440 τῶν
1349 4405 1408 4440 τε
1440 4388 1623 4441 ὅπλων
1657 4388 1751 4440 καὶ
1784 4388 1891 4442 τῶν

1999 4389 2197 4444 multu.
2226 4389 2413 4442 Insula
2440 4389 2587 4443 enim
2610 4388 2843 4465 jamdiu
2891 4388 2946 4442 in
2976 4388 3318 4443 calamitates
3360 4388 3571 4440 incide-

327 4484 443 4534 ἐκεῖ
484 4480 890 4551 στρατιωτικῶν
923 4479 1227 4545 δυνάμεων.
1260 4471 1372 4529 Ἦν
1405 4477 1512 4545 γὰρ
1556 4478 1589 4545 ή
1631 4477 1790 4544 νῆσος
1829 4478 1895 4530 ἐκ

325 4571 520 4625 πολλοῦ
564 4573 871 4641 συμφοραῖς
912 4570 1306 4637 ὲντετυχηκυία
1330 4606 1345 4629 .
1381 4566 1449 4620 δι’
1473 4566 1537 4628 3.;
1581 4568 1891 4631 Διτινικοῐς

322 4665 509 4725 ὅπλοις
540 4663 873 4716 δουλεύσασα
901 4660 980 4729 τῷ
1011 4661 1113 4729 τῆς
1148 4658 1403 4721 Βενετίας
1438 4658 1685 4726 ὑπέκυᾴε
1720 4658 1891 4727 δημο-

322 4752 423 4821 σέῳ
452 4752 859 4821 προστάγματι.
890 4751 1052 4819 Ἀρτι
1083 4749 1263 4801 τοίνυν
1293 4750 1482 4817 φήμης
1513 4748 1767 4817 χυθείσης
1800 4748 1893 4800 ἐπὶ

322 4843 507 4893 πᾶσαν
537 4842 766 4911 ήπειρόν
797 4855 855 4891 τε
891 4840 985 4891 καὶ
1018 4838 1179 4905 νῆσον
1211 4838 1287 4899 ὡς
1319 4839 1369 4889 oi
1399 4837 1461 4889 τὸ
1496 4835 1892 4904 Γαλατὼνυμον

319 4927 599 4989 οἰκοῦντες
631 4928 888 4994 φρούριον
918 4924 1300 4991 ἀστυγείτονες
1337 4921 1680 4987 Γεννουῖται,
1716 4939 1893 4992 παρει-

323 5018 723 5084 σπονδήσαντές
748 5032 808 5067 τε
836 5015 929 5068 καὶ
956 5015 1362 5074 ἀπαναστάντες
1390 5014 1502 5075 τοῖς
1535 5012 1852 5076 Βυζαντίοις
1870 5050 1890 5075 ,

323 5111 467 5176 σφᾶς
497 5125 560 5161 τε
591 5108 1039 5177 ναυμαχήσαντες
1072 5106 1392 5173 νενικήκασι
1424 5105 1517 5157 καὶ
1546 5102 1663 5171 ἅμα
1694 5104 1892 5156 θαλάσ-

323 5215 424 5265 σης
449 5199 580 5269 ὅλης
607 5199 903 5269 ἡγεμονίαν
926 5196 1391 5265 ὠνειροπόλησαν,
1422 5195 1495 5257 ὡς
1524 5196 1723 5266 μηκέτι
1751 5197 1889 5265 μήτε

324 5291 634 5354 καθεκτοὺς
665 5285 807 5343 εἶναι
838 5291 976 5359 μήτε
1010 5290 1117 5358 μὴν
1146 5287 1253 5341 οὐδ’
1276 5287 1569 5355 ὁμοφύλοις
1598 5288 1677 5339 ἔτι
1709 5287 1891 5356 μένειν

324 5381 645 5442 ἐνσπόνδους
684 5381 912 5442 ὲθέλιιν,
955 5380 1094 5431 ἀλλὰ
1137 5378 1380 5446 σκληρὰν
1426 5380 1518 5430 καὶ
1558 5372 1672 5431 οἷον
1715 5381 1890 5433 εἰπεῖν

325 5473 658 5540 ἡγεμονικὴν
689 5472 788 5538 τὴν
821 5471 993 5539 ὀφρὺν
1028 5470 1167 5521 κατὰ
1207 5468 1422 5521 πάντων
1456 5468 1570 5520 ὅσοι
1610 5467 1891 5522 θαλάττιον

327 5562 583 5629 βόσκουσι
627 5560 739 5631 βίον
779 5560 1274 5624 ἑπανατείνασθαι,
1311 5560 1658 5630 ταραχθῆναί
1696 5578 1755 5613 τε
1798 5560 1890 5614 οὖν

325 5653 554 5716 πολλοὺς
581 5653 672 5705 διὰ
700 5654 878 5707 ταῦτα
908 5654 1004 5706 καὶ
1036 5654 1251 5705 πάντων
1283 5652 1517 5720 μάλιστα
1546 5653 1885 5719 Βενετικοὺς,

332 5745 570 5814 μεγάλας
605 5747 706 5818 μὲν
736 5747 1018 5819 ὲξαρτύειν
1046 5747 1103 5800 ἐν
1134 5744 1326 5817 βραχεί
1360 5743 1617 5809 ναυτικὰς
1648 5744 1884 5816 δυναμέ-

1999 4490 2105 4541 rat,
2139 4490 2363 4548 propter
2391 4494 2528 4547 quas
2568 4478 2890 4533 Latinorum
2922 4480 3091 4533 armis
3108 4481 3330 4532 subacta
3352 4478 3572 4532 Venetae

2000 4569 2317 4639 reipublicae
2348 4568 2582 4637 imperio
2613 4584 2673 4623 se
2703 4569 2985 4624 submisit.
3037 4571 3175 4624 Cum
3228 4586 3359 4624 vero
3409 4571 3571 4624 modo

1996 4674 2166 4728 super
2194 4667 2362 4712 totam
2390 4659 2764 4713 continentem
2794 4669 2851 4713 et
2880 4659 3111 4714 insulam
3143 4675 3329 4714 rumor
3356 4661 3571 4726 disioer-

1996 4764 2094 4803 sus
2121 4758 2289 4813 esset,
2321 4748 2662 4810 Genuenses.
2695 4750 2789 4818 qui
2824 4750 3031 4805 Galatae
3064 4761 3254 4805 tenent
3280 4752 3567 4804 castellum

1998 4840 2057 4893 in
2092 4840 2242 4893 urbis
2272 4840 2578 4903 vicinitate,
2602 4840 2808 4895 foedere
2840 4853 3002 4909 rupto
3025 4851 3081 4895 et
3104 4843 3404 4895 rebellione
3429 4842 3570 4894 facta

1998 4931 2285 5001 Byzantios
2326 4931 2513 4999 praelia
2548 4932 2724 4985 navali
2758 4932 2954 4987 vicisse
2986 4942 3045 4987 ct
3076 4935 3251 4987 totius
3277 4935 3445 4986 maris
3465 4933 3571 4985 im—

1998 5024 2213 5092 perium
2241 5023 2546 5086 somniare,
2595 5032 2653 5075 ut
2684 5038 2863 5091 neque
2899 5024 3151 5077 coerceri
3208 5033 3431 5091 possent
3474 5038 3575 5092 ne-

1998 5129 2105 5181 que
2155 5128 2225 5165 ne
2284 5112 2487 5166 findere
2517 5111 2736 5180 quidem
2800 5128 2923 5166 cum
2979 5114 3337 5181 popularibus
3384 5116 3581 5180 iuncto

1996 5213 2142 5257 stare
2171 5203 2400 5265 vellent,
2434 5204 2527 5257 sed
2557 5204 2795 5272 superba
2828 5206 3079 5274 quaedam
3116 5217 3172 5260 et
3202 5217 3261 5259 ut
3290 5208 3361 5260 ita
3392 5208 3570 5260 dicam

2000 5294 2355 5363 imperatoria
2386 5296 2675 5362 supercilia
2701 5294 2969 5349 adversus
2994 5312 3185 5353 omnes
3219 5298 3310 5366 qui
3364 5299 3574 5350 mariti-

1999 5399 2140 5435 mam
2169 5393 2340 5452 agunt
2374 5383 2561 5448 vitam,
2598 5400 2707 5452 prae
2738 5400 2797 5437 se
2824 5383 3056 5447 ferrent,
3133 5388 3235 5439 hac
3280 5403 3336 5439 re
3384 5396 3439 5439 et
3472 5386 3569 5438 alii

2001 5474 2159 5528 multi
2210 5474 2524 5527 cunturbati
2582 5484 2713 5528 sunt
2766 5482 2820 5528 et
2852 5477 3126 5544 praecipue
3183 5476 3399 5537 Veneti,
3455 5477 3573 5543 qui.

1995 5580 2309 5633 quanquam
2354 5565 2504 5618 brevi
2559 5574 2805 5632 tempore
2857 5580 3077 5634 magnas
3109 5564 3296 5632 cupias
3343 5566 3566 5617 navales

1996 5671 2263 5711 exornare
2304 5665 2464 5725 atque
2497 5656 2707 5710 idcirco
2737 5656 2879 5709 haud
2916 5656 3219 5729 mediocqu
3266 5658 3371 5711 sibi
3405 5658 3567 5722 spiri-

2002 5757 2088 5805 tus
2114 5763 2329 5804 sumere
2362 5757 2637 5818 poterant,
2672 5758 2783 5801 tum
2815 5756 3015 5818 prtctcr
3039 5749 3353 5819 opinionem
3386 5749 3455 5803 ab
3508 5748 3571 5800 il-
