4050 6562
493 349 561 413 31
1648 354 2059 414 NICEI’HORI
2096 350 2476 413 GREGURE

3656 343 3721 404 32

493 458 562 518 lis
581 465 690 534 jam
718 462 966 534 impediti
997 473 1178 530 erant,
1208 465 1504 534 quominus
1536 465 1590 519 in
1615 467 1929 534 superiores
1957 481 2044 519 re-

2153 482 2276 527 νους
2306 465 2563 531 δυνάμεις
2585 503 2598 526 ,
2635 461 2780 526 μέγα
2811 458 2867 511 δὲ
2903 459 2992 512 διὰ
3021 456 3179 511 τοῦτο
3210 458 3429 526 φρονεῖν
3461 454 3717 524 ἔχοντας,

489 551 680 622 giones
710 556 774 604 et‘
814 551 991 604 lacum
1035 552 1338 607 Maeotidem
1401 563 1456 608 et
1492 555 1557 608 ad
1605 556 1745 609 ostia
1791 555 2050 609 Tanaidis

492 659 591 711 pro
620 658 718 696 suo
748 641 856 713 42
884 641 1118 696 arbitrio
1176 651 1339 712 atque
1389 644 1691 707 voluntate,
1751 654 1812 698 ut
1864 654 2048 707 antea.

490 733 810 799 navigarent
840 748 900 786 ac
941 734 1510 788 circumveherentur.
1577 733 1758 800 Quare
1805 749 1933 788 suas
1961 750 2054 789 co—

489 826 609 892 pias
637 835 987 885 contraxere.
1038 825 1346 878 triremium
1406 841 1696 880 numerum
1754 834 2050 888 auxerunt.

487 914 650 967 etiam
686 926 896 968 veteres
927 930 993 967 ex
1030 915 1318 968 navalibus
1356 916 1722 984 undecunque
1751 915 2049 984 productas

489 1018 655 1056 naves
730 1003 1058 1068 refecerunt,
1109 1007 1382 1074 simulque
1459 1007 1640 1061 socias
1695 1007 2050 1075 subditasque

491 1098 657 1148 urbes
718 1095 1040 1164 insulasque
1084 1097 1151 1150 ad
1211 1098 1529 1152 certaminis
1577 1099 1894 1153 societatem
1954 1099 2052 1153 ad-

487 1193 766 1248 vocarunt,
830 1192 890 1238 ut
945 1200 1096 1238 arma
1152 1185 1514 1254 triremesque
1545 1198 1600 1241 et
1653 1188 1857 1241 milites
1907 1189 2049 1242 clas-

483 1275 628 1328 sicos
684 1290 782 1344 pro
840 1290 935 1328 sua
987 1291 1218 1344 qumque
1285 1277 1542 1330 facultate
1569 1279 1909 1333 conferrent.
1940 1277 2044 1333 Ad-

485 1365 932 1419 vocabantctiam
961 1381 1027 1419 ex
1053 1367 1276 1420 remotis
1305 1368 1620 1436 regionibus
1656 1368 1855 1422 milites
1882 1369 2048 1437 largis

485 1456 537 1508 in
572 1470 810 1523 praesens
833 1457 1141 1525 stipendiis,
1169 1457 1499 1524 largioribus
1521 1458 1574 1511 in
1609 1457 1856 1512 futurum
1884 1460 2043 1527 polli-

482 1545 861 1612 citationibus,
889 1563 1011 1601 cum
1043 1549 1181 1602 alios
1219 1559 1330 1602 tum
1366 1548 1675 1610 Catalanos.
1703 1551 1798 1618 qui
1830 1551 1898 1603 ad
1923 1551 2050 1605 Gal-

483 1637 647 1690 licum
678 1653 826 1692 mare
858 1639 1088 1693 inferius
1129 1640 1454 1702 incolentes,
1512 1641 1603 1696 tibi
1657 1643 2040 1711 Pyrenaeorum

483 1729 753 1782 montium
787 1729 956 1796 pedes
983 1731 1234 1800 proxime
1279 1731 1574 1801 desinunt,
1625 1732 1830 1786 ferocia
1878 1741 2045 1802 atque

482 1821 684 1874 virtute
714 1821 904 1875 bellica
949 1823 1065 1876 sive
1102 1825 1301 1893 praeliis
1335 1824 1691 1878 terrestribus
1715 1824 1828 1880 sive
1854 1826 2052 1896 pugnis

482 1914 768 1968 navalibus
802 1913 1134 1980 exhibenda,
1171 1917 1308 1970 nulli
1337 1916 1656 1970 Latinorum
1688 1916 1914 1971 cedunt.

553 2178 691 2242 Xlll.
721 2182 855 2236 Cum
888 2183 1055 2251 igitur
1103 2185 1242 2238 hanc
1306 2185 1378 2239 ob
1407 2200 1626 2240 causam
1679 2186 1843 2239 etiam
1873 2184 2040 2240 Creta

483 2273 719 2325 tumultu
749 2273 1064 2328 turbaretur
1084 2285 1138 2327 et
1165 2290 1439 2328 armorum
1462 2277 1739 2330 sociorum
1771 2276 2048 2329 omnium-

479 2380 585 2432 que
613 2379 792 2418 rerum
826 2366 892 2418 ad
921 2366 1164 2420 hostium
1217 2367 1562 2420 incursiones
1614 2367 1885 2422 arcendas
1921 2368 2045 2422 ido-

482 2470 708 2508 nearum
769 2466 1030 2524 apparatu
1097 2458 1255 2526 quasi
1285 2466 1700 2523 concuteretur,
1755 2459 1884 2513 inde
1918 2475 2046 2514 vere

483 2545 708 2600 ineunte
743 2547 874 2606 abii.
911 2559 1076 2616 atque
1109 2549 1334 2602 sinistra
1381 2549 1658 2604 Salamine
1701 2550 1876 2604 insula
1908 2565 2046 2617 pra:-

481 2637 752 2696 termissa.
795 2637 886 2691 ubi
923 2638 1319 2696 Themistocles
1347 2639 1565 2694 Neoclis
1594 2639 1738 2693 ﬁlius
1765 2639 2044 2709 quondam

479 2729 666 2796 copias
701 2731 921 2783 navales
951 2730 1241 2785 Persarum
1277 2730 1604 2786 demersisse
1632 2731 1857 2796 dicitur,
1881 2743 1937 2787 et
1963 2734 2047 2788 in-

479 2821 649 2884 sulas,
675 2836 814 2889 quas
847 2821 1111 2890 Cyclades
1140 2833 1361 2884 vocant,
1389 2833 1803 2891 praetervectus,
1831 2823 1898 2878 ad
1938 2825 2046 2878 Eu-

481 2909 654 2964 bmam
703 2911 939 2965 insulam
975 2913 1156 2980 appuli
1181 2914 1287 2980 jam
1343 2914 1544 2966 multos
1605 2930 1779 2972 annos
1815 2915 2043 2970 Venetis

478 3001 772 3055 subditam.
808 3001 924 3066 Qua
961 3002 1015 3055 in
1051 3003 1226 3056 insula
1260 3019 1382 3058 cum
1422 3003 1640 3072 longius
1687 3015 1903 3072 tempus
1931 3006 2040 3078 43

2157 556 2346 606 ἔπειτα
2385 552 2530 620 παρὰ
2563 550 2718 615 δόξαν
2751 548 2841 600 ὐπ’
2865 547 3088 599 ἐκείνων
3115 545 3216 616 ήδη
3253 544 3627 610 κωλυομένους
3663 545 3717 602 ἐς

2155 645 2244 696 τὸν
2276 644 2387 695 ἄνω
2410 643 2573 694 τόπον
2603 642 2694 692 καὶ
2724 641 2820 707 τὴν
2849 639 3100 692 Μαιῶτιν
3127 637 3219 689 καὶ
3248 636 3344 696 τὰς
3374 632 3598 695 ἐκϐολὰς
3623 633 3716 686 τοῦ

2153 736 2414 793 Τανάϊδος
2451 731 2709 786 ἀναπλεῖν
2746 731 2841 782 καὶ
2883 728 3168 796 περιπλεῖν
3209 726 3330 779 κατ’
3358 725 3606 790 ἐξουσίαν
3643 723 3718 784 ὡς

2154 827 2435 896 πρότερον.
2466 822 2630 878 Ὅθεν
2655 822 2806 874 αὐτοί
2831 837 2890 872 τε
2919 820 3017 881 τὰς
3049 820 3254 879 οἰκείας
3281 817 3532 886 ἤθροιζον
3557 814 3718 867 δυνάο

2155 935 2302 986 μεις,
2345 917 2591 985 τριήρεις
2635 932 2691 966 τε
2741 912 2959 973 πλείους
3003 908 3112 962 τῶν
3157 909 3293 971 τέως
3339 907 3514 959 οὐσῶν
3558 923 3717 959 κατεο

2153 1009 2412 1074 σκεύαζον
2449 1009 2539 1062 καὶ
2581 1007 2674 1069 τὰς
2716 1008 2779 1058 ὲκ
2821 1002 3014 1056 πολλοῦ
3056 999 3492 1068 νενεωλκημένας
3527 997 3717 1051 καθελ-

2149 1101 2411 1162 κύσαντες
2463 1096 2794 1165 πανταχόθεν
2845 1093 3256 1154 ἐπεσκεύαζον,
3309 1093 3404 1145 καὶ
3454 1088 3569 1158 ἅμα
3613 1089 3713 1150 τὰς

2151 1191 2493 1262 συμμαχίδας
2527 1191 2624 1244 καὶ⁹
2658 1186 2933 1257 ὑπηκόους
2965 1185 3150 1248 πόλεις
3183 1185 3274 1237 καὶ
3307 1182 3500 1252 νήσους
3536 1184 3593 1244 ἐς
3623 1182 3712 1233 τὸν

2149 1283 2328 1336 κοινὸν
2355 1282 2581 1336 ἐκάλουν
2610 1280 2827 1346 ἀγῶνα,
2859 1277 2996 1330 ὅπλα
3027 1278 3115 1328 καῖ
3147 1275 3389 1345 τριήρεις
3423 1272 3512 1325 καὶ
3547 1287 3711 1338 στρα-

2149 1375 2347 1438 τιώτας
2373 1376 2684 1443 ναυμάχους
2713 1368 3171 1439 συνεισφερούσας
3198 1367 3340 1419 κατά
3367 1365 3464 1434 τήν
3489 1361 3712 1416 ἐνοῦσαν

2149 1467 2352 1536 ἑκάστῃ
2379 1465 2628 1533 δύναμιν.
2659 1462 3030 1516 Συνεκάλεσαν
3054 1461 3100 1512 δ’
3124 1455 3217 1511 οὖν
3243 1458 3334 1509 καὶ
3360 1458 3468 1508 τῶν
3495 1456 3712 1532 πόρρω-

2151 1558 2242 1612 θεν
2265 1559 2451 1627 ἁϐροῖς
2482 1556 2582 1626 μὲν
2606 1557 2698 1609 καὶ
2723 1556 2824 1624 ήδη
2856 1554 3222 1622 μισθῶμασιν,
3247 1549 3572 1619 ἁϐροτέραις
3592 1548 3638 1601 δ’
3658 1549 3714 1610 ἐς

2149 1649 2211 1702 τδ
2246 1649 2435 1716 μέλλον
2467 1646 2855 1713 ἐπαγγελίαις,
2889 1645 3081 1705 ἄλλους
3112 1660 3170 1695 τε
3205 1644 3298 1695 καὶ
3333 1639 3712 1700 Κατελάνους,

2150 1742 2198 1794 οἳ
2229 1742 2468 1812 ῷκηνται
2501 1739 2650 1792 κάτω
2679 1736 2830 1804 παρὰ
2858 1735 2957 1804 τὴν
2989 1733 3251 1803 Γαλλικὴν
3281 1732 3576 1795 Θάλασσαν,
3606 1731 3714 1798 ὅπη

2151 1832 2258 1886 τῶν
2290 1828 2610 1898 Πυρηναίων
2641 1826 2784 1897 ὀρῶν
2813 1826 2863 1878 οί
2895 1825 3055 1886 πόδες
3085 1828 3320 1892 ἄγχιστα
3348 1821 3627 1890 λήγουσιν.
3659 1823 3714 1880 ἐς

2150 1922 2352 1990 τόλμαν
2385 1918 2706 1988 πολεμικὴν,
2741 1917 2839 1984 ὅση
2875 1932 2934 1968 τε
2973 1913 3314 1982 ἡπειρωτικὴ
3352 1911 3446 1962 καὶ
3479 1910 3578 1976 ὅση
3614 1907 3710 1958 θα-

2150 2015 2398 2074 λάττιος,
2443 2010 2552 2063 τῶν
2599 2007 2882 2079 πρωτείων
2931 2005 3107 2058 οὐδέσι
3156 2003 3400 2062 Λατίνων
3450 2016 3711 2069 παραχω-

2155 2105 2404 2177 ροῦντας.
2846 2155 2857 2167 .

2219 2199 2318 2252 ll".
2358 2197 2508 2249 Ἐπεὶ
2536 2193 2667 2262 γοῦν
2690 2194 2776 2246 διά
2801 2193 2972 2246 ταῦτα
3003 2192 3097 2243 καὶ
3128 2189 3316 2260 Κρήτη
3346 2185 3575 2254 θόρυϐον
3600 2181 3712 2252 εἶχε

2149 2295 2243 2345 καί⁵
2272 2291 2347 2351 ὡς
2376 2290 2550 2342 εἰπεῖν
2578 2287 2782 2340 ἐσείετο
2812 2287 2982 2346 πᾶσα,
3013 2278 3542 2352 παρασκευαζομένη
3577 2275 3712 2343 πρὸς

2147 2380 2284 2434 ὅπλα
2320 2377 2643 2448 συμμαχικά
2673 2392 2729 2430 τε
2765 2376 2859 2429 καὶ
2893 2376 2992 2427 ὅσα
3024 2373 3132 2424 τῶν
3164 2367 3475 2437 πολεμικῶν
3512 2364 3712 2432 ἐφόδων

2147 2475 2285 2527 είσὶν
2335 2469 2731 2540 ἀποτρεπτικὰ,
2791 2465 3103 2535 μετέϐαινον
3153 2459 3361 2514 ἐκεῖθεν
3408 2457 3710 2528 ἀρχομένου

2145 2564 2240 2618 τοῦ
2274 2559 2407 2634 ἦρος
2429 2601 2444 2624 ,
2476 2563 2570 2614 καὶ
2603 2559 2759 2626 ἀφεὶς
2793 2557 3046 2624 εὐώνυμα
3080 2553 3353 2622 Σαλαμῖνα
3383 2551 3481 2620 τὴν
3513 2550 3674 2617 νῆσον
3695 2587 3709 2606 ,

2148 2655 2274 2710 ἔνθα
2303 2651 2670 2721 Θεμιστοκλέα
2700 2649 2789 2703 τὸν
2818 2647 3112 2707 Νεοκλέους
3144 2645 3346 2697 ἐκεῖνον
3377 2642 3542 2696 πάλαι
3575 2639 3708 2709 φασὶ

2145 2746 2244 2817 τὴν
2272 2747 2378 2798 τῶν
2408 2743 2632 2812 Περσῶν
2663 2740 2875 2807 ἐκείνην
2903 2737 3160 2806 ναυτικὴν
3191 2733 3589 2790 καταϐαπτίσαι
3617 2731 3708 2784 δύ-

2146 2851 2329 2902 ναμιν,
2376 2832 2572 2900 νήσους
2618 2847 2676 2882 τε
2723 2829 2790 2888 ἃς
2836 2826 3118 2888 Κυκλάδας
3163 2826 3296 2893 φασὶ
3339 2822 3710 2892 παραλλάξας,

2147 2923 2487 2978 κατέπλευσα
2530 2923 2587 2983 ἐς
2629 2918 2862 2972 Εὔϐοιαν
2902 2919 3000 2985 τὴν
3043 2916 3224 2984 νῆσον,
3266 2913 3505 2982 ὑπήκοον
3545 2908 3710 2966 οὖσαν

2147 3016 2448 3076 Βενετικοῖς
2495 3013 2627 3066 ἐτῶν
2675 3011 2774 3082 ἤδη
2827 3009 3067 3078 μακρῶν.
3119 3007 3223 3061 Καί
3275 3024 3342 3075 με
3390 3005 3707 3072 βουλόμενον

478 3095 802 3146 commorari
838 3097 1266 3158 constituissem,
1295 3113 1572 3150 armorum
1598 3098 1837 3168 bellique
1862 3115 2033 3169 appa-

2147 3107 2364 3162 πλείονα
2408 3106 2596 3173 χρόνον
2639 3101 2972 3172 ἐνδιατρῖψαι
3014 3098 3184 3169 ταύτῃ
3228 3099 3262 3166 ἡ
3310 3097 3417 3149 τῶν
3460 3095 3706 3148 Εὐϐοέων

478 3193 620 3244 ratu.
654 3184 709 3238 in
733 3200 894 3253 quem
922 3201 1137 3238 summo
1165 3187 1349 3240 studio
1382 3198 1546 3256 atque
1571 3189 1855 3244 alacritate
1877 3191 2040 3245 etiam

479 3275 818 3331 Eubaeenses
870 3278 1265 3341 iucubuerunt,
1307 3295 1336 3334 ε
1378 3281 1663 3349 proposito
1695 3281 2038 3339 deterrebar.

477 3367 640 3420 Fama
673 3368 819 3422 enim
858 3376 998 3430 erat,
1049 3369 1272 3440 jamjam
1323 3369 1577 3425 triremes
1636 3386 1703 3425 ex
1739 3373 1927 3426 Genua
1960 3373 2043 3428 in-

479 3459 614 3512 festo
641 3459 844 3528 impetu
877 3459 931 3513 in
962 3475 1058 3515 eos
1090 3461 1443 3532 navigaturas
1471 3477 1617 3518 esse.
1655 3463 1840 3528 Quare
1885 3463 2041 3519 brevi

478 3557 722 3616 tempore
758 3560 867 3603 tota
895 3551 1071 3605 insula
1107 3553 1443 3620 perlustrata
1474 3565 1532 3608 et
1570 3555 1826 3620 urbibus,
1858 3571 2039 3626 quan-

482 3647 598 3692 tum
629 3637 748 3692 fieri
783 3639 980 3707 potuit,
1025 3640 1237 3704 invisis.
1290 3643 1357 3696 ad
1402 3643 1782 3711 Artemisium,
1819 3645 2042 3700 Eubose

479 3731 915 3795 promontorium
995 3733 1465 3800 septentrionale,
1558 3735 1834 3802 profectus
1895 3751 2040 3791 sum.

478 3819 632 3874 Unde
661 3836 784 3875 cum
805 3822 912 3890 jam
942 3823 1168 3892 provehi
1203 3825 1425 3892 vellem,
1450 3827 1642 3881 classis
1673 3827 1914 3883 hostium
1943 3830 2043 3884 de-

476 3913 653 3965 currit
703 3927 898 3982 meque
948 3929 976 3967 a
1011 3913 1350 3980 profectione
1405 3916 1710 3985 prohibuit.
1767 3918 2044 3975 Triremes

477 4003 624 4056 enim
651 4003 974 4060 Genuenses
1002 4006 1421 4074 quatuordeeim
1449 4008 1742 4062 celerrimo
1773 4023 1941 4064 cursu
1972 4010 2040 4063 ad

477 4092 719 4162 Oropum
745 4103 801 4147 ct
825 4095 1077 4150 Aulidem
1109 4098 1452 4166 appellentes
1486 4098 1590 4152 sub
1621 4098 1784 4152 finem
1837 4102 2044 4157 asstatis

479 4183 982 4251 conspiciebantur.
1013 4186 1160 4240 Inter
1190 4187 1354 4241 hasce
1381 4187 1528 4241 enim
1554 4188 1722 4242 urbes
1746 4189 1909 4257 paulo
1931 4205 2044 4244 me-

481 4275 676 4329 ridiem
705 4289 901 4330 versus
929 4277 1062 4331 sitas
1089 4285 1284 4346 portus
1314 4288 1398 4333 est
1423 4279 1709 4350 oblongus,
1738 4296 1829 4345 qui
1853 4295 2045 4350 quamo

478 4379 696 4433 cunque
723 4365 1064 4433 tempestatis
1111 4367 1196 4419 vel
1236 4368 1725 4423 turbulentissimae
1763 4369 1869 4424 vim
1899 4387 2042 4426 con-

2143 3196 2446 3252 ἀνέστειλεν
2488 3193 2736 3262 ἀσχολία,
2782 3192 2948 3260 πολλή
2995 3208 3075 3252 τις
3121 3186 3254 3242 οὐσα
3299 3188 3390 3240 κα)⁸
3434 3186 3570 3254 αὕτη
3616 3187 3710 3239 καὶ

2147 3289 2289 3357 μάλα
2317 3285 2380 3350 γέ
2405 3302 2459 3338 τι
2486 3280 3002 3349 κατεσπουδασμένη
3038 3279 3173 3346 πρὸς
3201 3279 3380 3330 ὅπλων
3407 3279 3497 3330 κοιλ⁴
3530 3276 3710 3345 μάχης

2143 3377 2494 3446 παρασκευήν
2517 3391 2534 3408 ⁸
2573 3372 2785 3444 μέλλειν
2817 3370 2925 3440 γὰρ
2963 3368 3041 3439 If.
3078 3369 3179 3422 105
3215 3366 3286 3437 αἶ
3345 3368 3469 3420 ὅσον
3501 3366 3710 3419 οὐδέπω

2141 3464 2296 3531 λόγος
2318 3459 2386 3532 ἦν
2411 3461 2672 3529 πολεμίας
2699 3462 2761 3511 ἐκ
2787 3458 3052 3520 Γεννούας
3077 3458 3162 3509 ἐπ’
3183 3457 3378 3516 αὐτοὺς
3403 3454 3708 3508 καταπλεύ-

2144 3576 2258 3611 σειν
2299 3558 2565 3625 τριήρεις.
2601 3553 2766 3618 Ὅβεν
2808 3553 2865 3604 ἐν
2911 3550 3103 3620 βραχεῖ
3144 3550 3242 3619 τὴν
3285 3549 3450 3615 νῆσον
3496 3546 3711 3613 ἐκείνην

2143 3649 2311 3702 ἐλθὼν
2345 3648 2442 3698 καὶ
2487 3643 2903 3712 περισκοπήσας
2944 3641 3160 3694 ἅπασαν
3182 3679 3196 3700 ,
3231 3640 3326 3692 καὶ
3357 3639 3456 3700 τὰς
3497 3637 3710 3705 ἐκείνης

2141 3741 2264 3792 ὅσον
2290 3739 2414 3806 ἐξῆν
2435 3736 2729 3806 ἱστορήσας
2756 3733 2957 3793 πόλεις.
2982 3725 3116 3801 ἦκον
3139 3731 3230 3782 ἐπὶ
3252 3731 3312 3782 τὸ
3341 3729 3705 3798 Ἀρτεμίσιον,

2146 3833 2355 3902 βόρειον
2396 3830 2566 3898 ἄκρον
2604 3826 2859 3886 Εὐϐοίας.
2905 3824 3173 3878 Κάκεῖθεν
3216 3821 3370 3882 αὖθις
3411 3820 3707 3888 ἀνάγεσθαι

2146 3921 2468 3992 βουλόμενον
2494 3918 2725 3988 ἐπέσχεν
2755 3914 3014 3983 ἐξαίφνης
3043 3915 3076 3984 ή
3106 3913 3214 3965 τῶν
3248 3912 3518 3980 πολεμίων
3547 3930 3712 3965 κατα-

2146 4010 2423 4066 πλεύσασα
2461 4009 2710 4075 δύναμις.
2745 4005 3003 4077 Τριήρεις
3043 4006 3152 4073 γάρ
3193 4005 3555 4058 Γεννουῖτικαὶ
3587 4019 3711 4056 τεοο

2145 4099 2545 4172 σαρεσκαίδεκα
2566 4097 2820 4166 λήγοντος
2843 4095 3037 4164 θέρους
3058 4093 3313 4162 ὤφθησαν
3333 4095 3430 4162 τὴν
3449 4095 3710 4162 ταχίστην

2143 4194 2204 4252 ις
2239 4190 2480 4259 Ὠρωπὸν
2523 4187 2618 4239 καὶ
2663 4185 2859 4238 Αὐλίδα
2905 4185 3289 4248 καταίρουσαι.
3338 4183 3555 4246 Μεταξῦ
3604 4183 3711 4268 γδερ

2145 4287 2263 4338 ταῖν
2311 4283 2456 4334 δυοῖν
2501 4279 2732 4331 ταύταιν
2778 4277 3104 4346 νοτιωτέραν
3145 4275 3242 4345 τήν
3286 4276 3435 4327 Θέσιν
3477 4274 3710 4344 ἐχουσῶν

2147 4376 2255 4428 τῶν
2291 4375 2498 4427 πόλεων
2531 4373 2677 4425 ἔστιν
2709 4371 2987 4439 ἐπιμήκης
3028 4369 3195 4437 λιμὴν
3223 4405 3238 4428 ,
3282 4369 3460 4420 πᾶσαν
3500 4365 3709 4434 ἀνέμων

483 4457 716 4522 temnit;
751 4456 806 4510 in
837 4472 964 4511 eum
994 4458 1161 4528 igitur
1202 4460 1364 4513 modo
1396 4461 1582 4514 hostes
1628 4461 1828 4516 invecti
1865 4472 2039 4518 erant.

2149 4466 2423 4537 χλευάζων
2459 4463 2630 4534 βίαιον
2664 4462 2912 4531 κίνησιν,
2950 4462 3007 4519 ἐς
3047 4458 3106 4511 δν
3138 4441 3352 4525 ἀρτίως
3378 4455 3710 4508 ἐσέπλευσαν

480 4547 707 4601 Postero
739 4556 924 4602 autem
958 4549 1048 4602 die
1115 4550 1333 4618 triginta
1381 4561 1621 4620 quatuor
1675 4552 2045 4612 triremes.Ve-

481 4637 749 4706 neuejam
776 4638 871 4692 diu
898 4639 1168 4692 insidiata:
1203 4641 1312 4694 illis
1346 4641 1590 4696 hostium
1616 4642 1850 4696 navibus
1875 4643 2044 4697 adve-

479 4739 581 4785 ctae
609 4739 802 4798 portus
860 4730 1115 4786 faucibus
1154 4731 1466 4788 interclusis
1515 4733 1830 4790 Genuiticas
1877 4749 2044 4790 naves

483 4822 807 4892 necopinato
827 4823 986 4894 quasi
1015 4823 1117 4877 reti
1137 4825 1450 4878 cinxerunt.
1481 4825 1560 4880 Ex
1585 4826 1788 4895 quibus
1804 4836 2043 4896 quatuor

479 4931 648 4971 naves
675 4918 854 4971 statim
881 4917 1015 4972 velis
1043 4915 1237 4984 passis,
1283 4917 1439 4985 quasi
1487 4917 1731 4971 alearum
1757 4918 1927 4988 jactui
1984 4931 2043 4970 re

479 5010 793 5076 commissa,
817 5016 1012 5077 aperto
1083 5007 1330 5076 periculo
1378 5007 1610 5061 dubium
1661 5007 2040 5076 praeferentes,

480 5101 719 5156 hostium
749 5101 988 5171 gladium
1019 5100 1507 5169 subterfugerant;
1559 5101 1803 5170 reliquas
1861 5109 2042 5153 autem

479 5207 644 5248 naves
673 5192 859 5260 paucis
888 5191 1154 5261 exceptis,
1194 5194 1286 5258 qui
1321 5192 1374 5245 in
1402 5193 1776 5246 continentem
1807 5192 2044 5246 exsilue-

479 5295 627 5350 runt,
667 5301 859 5340 omnes
878 5300 1002 5340 cum
1029 5284 1344 5340 hominibus
1371 5285 1560 5340 Veneti
1589 5293 1854 5354 ceperunt
1879 5301 2041 5338 manu

477 5377 586 5450 44
613 5393 722 5432 non
741 5386 996 5431 conserta
1021 5392 1200 5446 neque
1232 5393 1408 5447 pugna
1433 5378 1610 5432 navali
1643 5378 1951 5430 commissa.
1976 5377 2044 5431 Et

479 5472 592 5524 lnec
619 5471 842 5540 quidem
876 5485 960 5523 res
990 5473 1066 5525 sic
1099 5487 1154 5525 se
1180 5471 1295 5525 fere
1343 5472 1436 5525 illo
1489 5481 1736 5538 tempore
1786 5469 2041 5527 habebat.

479 5560 778 5614 Praefectus
803 5571 987 5613 autem
1022 5561 1213 5614 classis
1246 5560 1466 5614 Venetae
1526 5569 1882 5628 posteaquam
1936 5569 2042 5612 tam

479 5667 742 5720 prospere
761 5639 864 5706 'rcs
888 5652 1226 5718 ceciderunt,
1262 5653 1480 5708 Euboea:
1512 5652 1839 5712 rationibus,
1867 5667 2043 5718 quan-

481 5754 595 5799 tum
624 5747 856 5800 maxime
893 5745 1005 5800 licri
1042 5746 1240 5815 potuit,
1268 5744 1557 5811 ordinatis,
1593 5743 1824 5798 navibus
1851 5743 2045 5798 solutis

2143 4560 2191 4610 οί
2223 4557 2490 4625 πολέμιοι.
2522 4555 2628 4608 Καὶ
2659 4553 2775 4622 ἅμα
2803 4553 2859 4613 ές
2885 4550 2982 4620 τὴν
3010 4548 3303 4618 ὑστεραίαν
3327 4547 3586 4615 τέσσαρες
3617 4545 3710 4598 καὶ

2143 4648 2440 4716 τριάκοντα
2462 4646 2709 4714 τριήρεις
2739 4643 3046 4705 Βενετικαὶ,
3077 4639 3176 4700 τὰς
3209 4637 3468 4706 πολεμίας
3499 4637 3710 4698 ἐκείνας

2144 4740 2210 4792 ἐκ
2253 4735 2456 4790 πολλοῦ
2495 4736 2854 4802 ναυλοχοῦσαι
2876 4773 2891 4797 ,
2925 4730 3270 4785 ἐπέπλευσαν
3303 4745 3361 4781 τε
3404 4730 3494 4782 καὶ
3524 4729 3582 4782 τὸ
3613 4730 3707 4780 τοῦ

2143 4831 2359 4901 λιμένος
2392 4827 2630 4897 ἔφραξαν
2664 4825 2857 4894 στόμα.
2887 4824 3006 4876 Τῶν
3034 4822 3126 4876 οὖν
3157 4819 3542 4874 Γεννουῖτικῶν
3573 4820 3709 4872 νεῶν

2142 4926 2217 4989 ὡς
2257 4929 2315 4979 ἐν
2355 4922 2556 4992 δικτύῳ
2596 4921 2748 4990 παρὰ
2789 4918 2942 4981 δόξαν
2979 4916 3078 4985 ήδη
3128 4911 3613 4981 συγκλεισθεισῶν,
3653 4912 3708 4963 αἱ

2147 5015 2248 5083 μὲν
2277 5013 2540 5083 τέσσαρες
2571 5009 2732 5070 εὐθὺς
2765 5006 3172 5060 ἀναπετάσασαι
3202 5003 3272 5054 τὰ
3305 5003 3465 5062 ἱστία,
3495 5003 3585 5054 καὶ
3617 5020 3711 5052 κα-

2147 5103 2322 5172 θάπερ
2351 5103 2407 5153 ἐν
2438 5099 2626 5162 κύϐοις
2656 5096 2752 5151 τοῦ
2784 5093 3092 5165 προφανοῦς
3119 5092 3210 5146 τὸν
3241 5091 3710 5160 ἀμφιϐαλλόμενον

2146 5191 2499 5262 άνθελόμεναί
2541 5207 2602 5242 τε
2651 5189 2748 5242 καὶ
2793 5185 3162 5257 ἀναῤῥίψασαι
3211 5183 3476 5245 κίνδυνον,
3524 5180 3710 5233 ἔλαθον

2146 5285 2346 5337 οὑτωσὶ
2391 5283 2451 5334 τὸ
2497 5281 2751 5348 πολέμιον
2797 5277 3076 5346 διαδρᾶναι
3123 5275 3308 5342 ξίφοςο
3351 5274 3450 5334 τάς
3494 5289 3556 5339 γε
3606 5273 3711 5340 μὴν

2147 5374 2486 5437 ἐπιλοίπους,
2522 5370 2662 5440 πλὴν
2693 5368 2888 5436 ὀλίγων
2924 5365 3134 5435 ἀνδρῶν
3169 5369 3224 5427 ἐς
3256 5364 3355 5430 τὴν
3389 5363 3583 5432 χέρσον
3618 5363 3711 5414 ἐκ·

2147 5464 2572 5535 πεπηδηκότων,
2603 5460 2932 5528 αὐτάνδρους
2961 5456 3181 5517 ἁπάσας
3212 5452 3354 5508 εἷλον
3388 5455 3516 5522 πρὶν
3545 5453 3710 5522 ἄρξαι

2145 5559 2345 5626 χειρῶν
2372 5557 2464 5606 καὶ
2495 5551 2814 5622 ναυμαχίας.
2842 5549 2950 5600 Καὶ
2973 5547 3145 5600 ταῦτα
3174 5545 3271 5614 μὲν
3303 5545 3420 5613 τῇδέ
3448 5561 3523 5612 πη
3554 5544 3709 5614 ἔσχεν

2146 5650 2262 5702 ἐκεῖ
2296 5649 2417 5700 κατ’
2443 5647 2648 5697 ἐκεῖνον
2680 5641 2772 5694 τὸν
2803 5640 2993 5709 χρόνον
3020 5655 3033 5668 ·
3066 5639 3094 5690 ὅ
3127 5653 3190 5705 γε
3229 5637 3334 5710 μὴν
3363 5636 3456 5689 τοῦ
3497 5639 3712 5692 Βενετι-

2148 5741 2246 5794 κοῦ
2295 5737 2483 5792 στόλου
2527 5733 2816 5804 ναύαρχος,
2862 5733 2918 5795 ἐς
2966 5729 3118 5783 τοῦτο
3163 5727 3331 5799 τύχης
3377 5728 3711 5798 ἐληλυθότων
