4050 6580
293 475 366 536 33
1314 463 1755 528 BYZANTIN/E
1794 462 2181 525 IIISTORI/E
2222 462 2366 524 LIB.
2409 461 2587 524 XXV.
3473 463 3546 528 34

292 583 443 653 αὐτῷ
476 581 586 635 τῶν
618 580 966 652 πραγμάτων
987 619 1002 644 ,
1038 579 1108 634 τά
1141 597 1196 634 τε
1235 578 1363 648 περὶ
1395 579 1498 648 τὴν
1532 576 1764 633 Εὖϐοιαν
1799 574 1875 637 ὡς

1984 574 2118 629 velis
2144 574 2324 644 plenis
2352 573 2482 628 inde
2548 579 2698 628 recta
2731 570 3051 643 Byzantium
3100 587 3292 628 versus
3321 589 3545 630 cursum

296 675 427 742 ἐνῆν
456 673 787 743 διῳκήσατο,
819 673 914 726 καὶ
941 671 1058 740 ἅμα
1088 671 1357 741 πλήρεσιν
1387 669 1582 732 ἱστίοις
1611 668 1782 729 λύσας
1811 664 1873 730 ἐξ

298 764 526 824 Εὺϐοἱας
560 761 775 832 ἀνήχθη
804 760 934 814 εὐθὺ
967 759 1262 824 Βυζαντίου
1299 757 1620 826 ποιούμενος
1650 755 1750 824 τὴν
1779 769 1876 807 πο-

302 854 476 922 ρείαν.
515 851 668 903 Ἐπεὶ
700 849 756 902 ὁὶ
795 847 998 918 μεταξὺ
1028 846 1322 917 γεγένηταί
1352 847 1401 898 οί
1435 844 1626 914 μαθεῖν
1654 844 1714 896 ὲν
1743 843 1877 896 Θεσ-

301 941 560 1011 σαλονίκῃ
589 941 888 1011 διατρίϐειν
913 940 1003 993 τὸν
1030 939 1274 1010 βασιλέα,
1299 939 1574 1007 τέσσαρας
1601 935 1711 988 τῶν
1738 933 1873 986 νεῶν

300 1034 708 1103 ἀπολεξάμενος
753 1033 845 1086 καὶ
885 1032 996 1085 τῶν
1043 1031 1280 1101 μάλιστά
1321 1031 1369 1082 oi
1413 1029 1748 1083 πιστοτάτων
1793 1026 1874 1079 ἐνὶ

306 1126 614 1197 παραδοὺς,
646 1123 1054 1194 πρεσϐεύσοντα
1079 1124 1288 1192 πέμπει
1321 1123 1453 1193 πρὸς
1487 1121 1714 1192 βασιλέα
1746 1120 1875 1189 περὶ

302 1216 626 1286 συμμαχίας
669 1216 811 1269 κατά
853 1215 963 1268 τῶν
1007 1213 1203 1267 κοινῶν
1247 1213 1481 1284 ἐχθρῶν.
1526 1213 1699 1275 Ait-rb;
1742 1212 1788 1263 δ’
1817 1214 1874 1272 ἐς

301 1307 594 1368 Βυζάντιον
644 1307 866 1378 ἤλαυνε,
911 1305 1270 1378 καρτερήσων
1316 1305 1416 1376 τὴν
1462 1308 1558 1359 τοῦ
1608 1303 1874 1374 βασιλέως

300 1399 506 1468 ἄφιξιν.

373 1490 472 1545 1Δ’.
533 1488 707 1550 Δύτδς
736 1488 784 1544 δ’
821 1489 889 1544 ἂν
923 1489 1122 1557 εἰδείης
1159 1488 1368 1559 βέλτιον
1399 1487 1535 1560 ἐμοῖο
1585 1487 1654 1542 τὰ
1697 1487 1852 1557 ἑξῆς,

302 1582 464 1644 αὑτός
493 1599 552 1634 τε
581 1579 772 1649 παρὼν
816 1581 1123 1651 γινομένοις
1152 1583 1245 1634 καλ¹
1275 1581 1513 1651 βλέπων,
1543 1580 1637 1633 καὶ
1669 1579 1876 1648 σφόδρα

303 1675 390 1727 διὰ
413 1673 647 1743 σπουδῆς
667 1673 737 1726 τὰ
761 1673 980 1726 τοιαῦτα
1019 1673 1360 1744 συγγράφειν
1382 1673 1543 1742 ἔχων.
1593 1672 1736 1741 Ἐγὼ
1761 1673 1874 1743 γάρ

302 1769 430 1827 τοὺς
460 1767 518 1818 ἑν
560 1766 801 1836 θαλάττῃ
835 1766 976 1828 τέως
1009 1764 1198 1829 δεδιὼς
1227 1765 1490 1835 θορύϐους
1524 1767 1662 1820 κατὰ
1690 1766 1872 1836 χώραν

1980 660 2238 714 intendit.
2273 660 2487 714 interea
2520 674 2652 714 vero
2684 659 2890 714 certior
2939 659 3117 716 factus
3160 662 3546 731 imperatorem

1981 749 2383 806 Thessalonicae
2437 753 2789 817 commorari,
2834 761 3074 823 quatuor
3096 753 3260 824 elegit
3313 769 3380 808 ex
3435 756 3548 809 suis

1981 839 2240 902 navibus,
2275 840 2477 909 quibus
2513 857 2681 896 ttnum
2712 857 2781 896 ex
2823 842 3160 898 ﬁdelissimis
3210 843 3318 896 sibi
3351 845 3548 912 praefe-

1981 932 2056 984 cit
2088 939 2147 984 et
2171 930 2237 984 ad
2272 931 2660 1000 imperatorem
2712 934 2780 988 de
2826 935 3095 989 societate
3135 943 3332 990 contra
3363 936 3550 989 hostes

1981 1038 2304 1078 communes
2329 1024 2612 1094 jungenda
2652 1034 2905 1080 acturum
2964 1027 3133 1082 misit.
3189 1027 3311 1096 Ipse
3365 1039 3545 1082 autem

1980 1114 2301 1184 Byzantium
2333 1130 2562 1169 cursum
2593 1114 2816 1183 direxit,
2869 1117 3220 1187 imperatoris
3251 1118 3547 1173 adventum

1976 1203 2051 1258 ibi
2086 1204 2513 1272 praestolaturus.

2048 1482 2188 1539 XIV.
2219 1483 2300 1538 'l‘u
2330 1499 2460 1538 vero
2487 1484 2599 1556 jam
2628 1500 2692 1540 ea
2741 1501 2866 1556 qua
2900 1487 3148 1543 insecuta
3209 1497 3362 1551 sunt,
3407 1502 3548 1558 quo-

1978 1576 2143 1630 modo
2178 1591 2296 1630 sese
2327 1575 2586 1642 habeant,
2617 1593 2703 1632 me
2731 1578 2929 1634 melius
2955 1579 3284 1650 cognovisti,
3337 1591 3396 1634 ut
3449 1579 3542 1648 qui

1977 1669 2094 1738 ipse
2123 1669 2290 1723 rebus
2312 1668 2579 1734 adfueris,
2633 1669 2748 1739 ipse
2775 1669 2985 1725 videris
3037 1685 3243 1741 easque
3294 1671 3542 1726 conscri-

1980 1760 2111 1815 bere
2140 1761 2513 1830 maximOpere
2551 1763 2802 1818 studeas.
2837 1765 2949 1834 Ego
2980 1778 3113 1818 vero
3140 1765 3427 1829 tumultus,
3450 1764 3543 1833 qui

310 1859 495 1924 μένειν
525 1857 716 1928 ἔκρινα
750 1860 861 1911 δεῖν
889 1859 948 1911 ὲν
995 1857 1195 1928 καιρῷ.
1236 1857 1368 1910 Ὀτε
1400 1857 1464 1925 δὴ
1497 1858 1590 1909 καὶ
1619 1858 1717 1920 τὰς
1744 1857 1875 1909 Γεν-

1984 1864 2128 1904 mare
2154 1854 2624 1920 pervagahantur,
2685 1862 2962 1919 metuens,
2999 1853 3053 1907 in
3088 1853 3210 1907 loco
3242 1852 3375 1906 mihi
3426 1868 3543 1907 ma-

310 1950 591 2011 νουῖτικὰς
625 1949 836 2010 ὲκείνας
857 1949 1123 2019 τέσσαρας
1147 1949 1396 2018 τριήρεις
1414 1947 1879 2019 παλινδρομούσας

308 2040 648 2109 ἐθεασάμην.
693 2040 747 2093 αἶ
794 2041 1082 2109 διαφυγεῖν
1120 2039 1494 2111 ἐδυνήθησαν,
1536 2038 1612 2103 ὡς
1642 2041 1880 2111 εἰρήκει-

308 2146 436 2197 μεν,
477 2132 568 2182 τὸν
603 2130 710 2199 πρὸ
764 2129 994 2200 βραχέος
1049 2131 1258 2182 ἐκεῖνον
1315 2130 1597 2195 κίνδυνον,
1645 2129 1772 2198 μίαν
1819 2147 1879 2182 τε

306 2222 446 2273 κατὰ
487 2223 551 2274 τὸ
578 2221 801 2290 λεληθὸς
829 2223 938 2275 τῶν
982 2222 1243 2293 παράλων
1283 2222 1508 2286 έλούσας
1545 2223 1881 2276 πλουσιωτά-

307 2332 411 2381 την
441 2314 666 2378 Εὐϐοίας
696 2314 874 2377 πόλιν,
909 2315 1002 2368 καὶ⁵
1030 2314 1654 2386 ἐξανδραποδισαμένους
1685 2317 1748 2368 ὲκ
1787 2315 1880 2369 τοῦ

311 2406 601 2474 αἰφνιδίου,
630 2408 725 2461 καὶ
759 2406 1162 2477 άπεληλυθυίας
1210 2407 1375 2471 εὐθὺς
1407 2406 1530 2477 μεθ’
1551 2401 1626 2461 ὧν
1669 2407 1882 2460 ἀπώλε-

313 2515 414 2550 σαν
443 2499 713 2568 πρότερον
765 2499 1133 2569 στρατιωτῶν,
1169 2498 1247 2570 μὴ
1285 2499 1676 2570 προαισθέσθαι
1720 2500 1883 2571 δυνη-

315 2591 515 2644 θέντων
567 2590 678 2644 τῶν
709 2589 982 2653 Εὐϐοέων,
1021 2590 1158 2644 ἀλλὰ
1201 2590 1294 2643 τὸν
1339 2589 1704 2659 Ἐνδυμίωνος
1745 2590 1883 2654 τέως

314 2683 490 2733 εἰπεῖν
520 2680 893 2736 καθευδόντων
923 2679 1092 2734 ὕπνον
1121 2680 1210 2735 διά
1235 2697 1299 2752 γε
1337 2682 1398 2734 τὸ
1437 2680 1669 2752 ἔναγχος
1708 2685 1883 2736 ἐκεῖνο

315 2773 658 2842 προτέρημα.

382 2863 484 2918 lE'.
517 2865 592 2918 Ού
640 2864 809 2927 πολὺς
857 2864 1059 2934 μεταξὺ
1087 2865 1374 2937 παρερρύη
1404 2869 1622 2936 χρόνος,
1662 2866 1882 2930 καὶτὰς

312 2956 603 3017 Βενετικέις
633 2954 844 3015 ὲκείνας
870 2954 1125 3025 ἐθεώμην
1152 2955 1416 3025 τέτταρας
1448 2958 1539 3008 καὶ
1585 2957 1882 3027 τριάκοντα

311 3049 559 3117 τριήρεις
595 3046 772 3100 οίκαδε
801 3045 1089 3111 κατιούσας
1131 3047 1446 3116 ἀπράκτους
1479 3048 1544 3100 ἐκ
1581 3046 1881 3111 Βυζαντίου

311 3137 400 3191 διὰ
452 3139 514 3190 τὸ
559 3138 618 3192 ἐν
671 3137 1037 3209 Θεσσαλονίκῃ
1084 3138 1387 3209 τηνικαῦτα
1442 3139 1742 3210 διατρίϐειν
1787 3139 1882 3193 τὸν

1982 1941 2220 1995 nendum
2250 1958 2371 1997 esse
2403 1943 2648 2010 decrevi,
2695 1960 2823 1998 eum
2871 1945 3177 2015 praesertim
3222 1961 3391 2000 naves
3423 1961 3550 2014 qua-

1983 2039 2107 2086 tuor
2134 2033 2270 2087 istas
2299 2032 2641 2098 Genucnses,
2677 2051 2814 2105 quas
2853 2036 3158 2106 periculum
3212 2036 3377 2106 paulo
3419 2047 3546 2090 ante

1979 2124 2363 2196 subterfugere
2397 2129 2638 2196 potuisse
2671 2128 2932 2193 diximus,
2977 2144 3269 2184 recurrere
3303 2138 3359 2184 et
3399 2130 3540 2184 clam

1981 2233 2091 2272 una
2116 2234 2182 2273 et
2209 2219 2642 2288 opulentissimis
2673 2221 2894 2275 Euboeae
2926 2221 3156 2275 urbibus
3192 2219 3258 2275 ad
3298 2236 3446 2275 mare
3468 2221 3545 2274 si-

1982 2306 2054 2361 tis
2079 2315 2238 2375 capta
2295 2319 2460 2377 atque
2521 2318 2749 2378 repente
2797 2310 3035 2378 direpta,
3094 2324 3220 2364 cum
3281 2309 3549 2363 militibus

1980 2412 2120 2467 quos
2147 2407 2305 2452 antea
2325 2399 2646 2463 amiserant,
2706 2415 2899 2454 rursus
2947 2399 3102 2455 abire
3140 2399 3413 2465 viderem,
3437 2400 3548 2453 Eu—

1981 2489 2301 2544 bteensii-us
2318 2507 2426 2546 non
2451 2493 2554 2546 tale
2579 2493 2710 2562 quid
2735 2493 3236 2563 prresentientibus,
3253 2495 3347 2549 sed
3370 2493 3548 2564 Endy-

1981 2583 2186 2638 mionis
2207 2598 2488 2648 somnum,
2523 2597 2586 2640 ut
2616 2585 2793 2650 aiunt,
2847 2585 2920 2641 ob
2950 2593 3229 2642 recentem
3262 2586 3411 2641 illam
3468 2589 3549 2642 vi-

1984 2674 2214 2729 ctoriam
2247 2674 2679 2732 dormientibus.

2048 2859 2157 2932 &.5
2187 2860 2304 2918 XV.
2365 2860 2484 2916 Non
2530 2860 2603 2916 ita
2636 2861 2808 2917 multo
2863 2869 2988 2930 post
3020 2861 3184 2916 etiam
3216 2861 3546 2917 Venetorum

1981 2955 2236 3011 triremes
2259 2965 2496 3026 quatuor
2522 2965 2579 3009 et
2629 2955 2824 3025 viginti
2872 2955 3140 3027 Byzantio
3168 2953 3390 3008 domum
3427 2953 3552 3008 red-

1979 3057 2173 3103 euntes
2199 3047 2453 3103 videbam
2488 3063 2546 3102 re
2581 3046 2799 3110 infecta,
2839 3047 2986 3117 quod
3019 3045 3424 3101 Thessalonica:
3452 3045 3553 3098 im-

1984 3147 2206 3208 perator
2238 3149 2350 3194 tum
2381 3138 2726 3193 versabatur.
2781 3137 2969 3194 llieme
3000 3145 3181 3192 autem
3208 3139 3416 3192 interea
3441 3138 3553 3191 ela-

319 3229 566 3297 βασιλέα.
615 3228 768 3281 Ἐπεὶ
810 3228 875 3286 ,δὲ
927 3229 1021 3282 καλ⁸
1064 3231 1093 3282 ὁ
1149 3229 1246 3298 μὲν
1295 3229 1504 3299 χειμὼν
1560 3232 1622 3283 ιν
1670 3231 1882 3296 τούτοις

1985 3244 2079 3300 psa
2109 3243 2230 3303 cum
2257 3229 2369 3299 jam
2399 3230 2555 3284 verni
2593 3229 2726 3283 solis
2755 3228 2904 3283 faces
2931 3229 3386 3294 accenderentur,
3415 3243 3552 3297 qua-

315 3320 517 3390 παρῄει
565 3323 663 3375 καὶ
701 3323 754 3374 αί
798 3321 942 3375 κατὰ
976 3319 1038 3392 [Γ.
1087 3319 1189 3375 105
1219 3319 1271 3393 ὁ]
1310 3321 1371 3375 τὸ
1415 3322 1512 3392 ἔαρ
1543 3321 1695 3392 ήλίου
1743 3322 1884 3393 λαμ-

312 3413 485 3475 πάδες
516 3413 820 3484 ἀνήπτοντο
847 3453 864 3479 ,
900 3413 1402 3482 τεσσαρεσκαίδεκα
1442 3416 1696 3486 τριήρεις
1725 3415 1883 3480 αὖθις

310 3506 376 3558 ὲκ
413 3505 662 3567 Βενετίας
709 3505 765 3566 ις
813 3505 1110 3569 Βυζάντιον
1157 3504 1307 3568 ὅλαις
1356 3505 1638 3558 ἀνέϐαινον
1671 3505 1883 3569 κώπαις

311 3599 404 3650 καὶ
449 3596 602 3659 ὅλαις
644 3597 838 3668 ὁρμαῖς
875 3597 972 3665 τῆς
994 3595 1194 3666 ψυχῆς.
1238 3597 1322 3666 ἐφ’
1346 3590 1390 3662 ᾧ
1431 3597 1525 3650 τὸν
1554 3597 1648 3650 τού
1679 3597 1880 3652 Πόντου

314 3687 824 3756 προκατειληφυίας
855 3686 1057 3756 αὐχένα
1088 3688 1189 3750 τὰς
1230 3689 1579 3754 Γενουῖτικὰς
1606 3693 1884 3762 ναυλοχεῖν

311 3778 567 3841 ὁλκάδας,
608 3778 662 3830 αἳ
705 3777 801 3848 τὴν
847 3778 1214 3848 σιτοπομπίαν
1245 3781 1453 3834 ἄνωθεν
1481 3783 1545 3834 ἐκ
1572 3782 1669 3836 τοῦ
1700 3783 1885 3848 Εὐξεί-

315 3883 409 3919 νου
433 3865 530 3920 καὶ
558 3865 668 3920 τῶν
697 3865 979 3919 Σκυθικῶν
1002 3866 1282 3935 παραλίων
1315 3870 1631 3940 ισκομίζειν
1657 3871 1884 3941 ἔμελλον

315 3959 430 4019 τοῖς
464 3959 528 4010 ἑν
553 3957 817 4010 Γαλάτου.
852 3956 976 4011 Τῶν
1006 3973 1066 4026 γε
1099 3957 1205 4027 μὴν
1235 3959 1361 4029 ἑξῆς
1391 3960 1552 4026 αὐτὸς
1593 3961 1660 4015 ἂν
1685 3963 1884 4030 εἰδείης

321 4047 477 4115 αὖθις
512 4050 745 4104 ἐνταῦθα
773 4051 962 4121 παρὼν
987 4053 1080 4104 καὶ
1101 4053 1242 4122 ὁρῶν
1273 4055 1519 4122 ἀκριϐῶς
1556 4056 1655 4124 τὴν
1681 4058 1884 4111 ἀπόϐα-

320 4160 430 4197 σιν.
475 4143 630 4214 Ἐμοὶ
665 4144 775 4214 γὰρ
807 4145 1078 4215 ἁμυδραῑς
1111 4163 1252 4198 τισιν
1287 4147 1475 4209 ἀκοαῖς
1506 4148 1883 4218 μεμαθηκέναι

323 4237 728 4304 συμπέπτωκεν
753 4274 769 4301 ,
828 4237 947 4291 ἐκεῖ
985 4237 1310 4307 διατρίϐοντι
1337 4277 1352 4302 ,
1404 4237 1474 4291 τά
1525 4255 1584 4290 τε
1616 4239 1750 4292 ἄλλα
1794 4241 1886 4295 καὶ

321 4326 398 4386 ὡς
429 4323 624 4396 μικροῦ
667 4325 850 4379 πᾶσαν
897 4325 998 4398 τὴν
1026 4326 1121 4380 τοῦ
1155 4327 1455 4381 Γαλατικοῦ
1490 4331 1754 4400 φρουρίου
1789 4331 1883 4385 δύ-

329 4433 517 4485 ναμιν,
549 4417 662 4469 ἂνω
689 4416 788 4486 μὲν
824 4419 972 4488 παρὰ
1007 4417 1098 4471 τὸν
1127 4413 1378 4484 Εὔξεινον
1410 4423 1604 4475 πόντον
1633 4421 1887 4476 ἀποκλει-

323 4506 563 4570 σθεῖσαν,
597 4507 724 4572 ἄρτι
752 4507 809 4559 δὲ
843 4506 1162 4573 κατιοῦσαν,
1220 4509 1415 4574 ἕλοιεν,
1471 4511 1614 4564 κατὰ
1666 4513 1763 4582 μὲν
1793 4513 1886 4566 τὸν

321 4596 523 4662 αὐχένα
553 4595 650 4648 τοῦ
689 4595 890 4649 Πόντου
926 4595 1025 4666 τὴν
1076 4597 1249 4651 πλείω
1299 4597 1592 4653 κατιούσαν
1618 4603 1706 4656 διά
1730 4618 1792 4671 γε
1819 4603 1883 4673 δὴ

321 4687 382 4738 τὸ
427 4687 502 4754 μὴ
554 4685 977 4756 προαισθέσθαι,
1009 4687 1107 4758 τὴν
1159 4687 1215 4741 δὲ
1245 4688 1438 4761 λοιπὴν
1470 4692 1728 4761 μείνασαν
1774 4693 1886 4746 διε-

325 4777 678 4845 σπασμένως,
739 4778 847 4846 ὅπη
907 4779 973 4846 δὴ
1026 4779 1122 4832 καὶ
1173 4779 1326 4848 τύχοι
1383 4782 1629 4851 ὁρμοῦσα
1681 4783 1885 4853 ἑκάστη

327 4869 603 4936 σποράδην
647 4870 786 4920 κατὰ
812 4867 882 4918 τὰ
903 4868 1000 4919 τοῦ
1033 4869 1237 4921 Πόντου
1270 4870 1508 4933 ἐπίνεια,
1542 4871 1888 4941 παραπλέον-

322 4976 408 5021 τες
438 4959 686 5028 ὔστερον.
720 4961 874 5013 Ἐπεὶ
904 4961 1078 5014 δὲκαὶ
1119 4960 1408 5031 σύμμαχον
1449 4963 1550 5033 ἤδη
1585 4965 1764 5032 σχοῖεν
1796 4963 1888 5019 τδν

327 5047 554 5117 βασιλέα
581 5047 879 5114 Βενετικοῖ,
910 5050 974 5103 ἔκ
1001 5067 1060 5102 τε
1093 5055 1195 5122 γῆς
1223 5052 1315 5103 καὶ
1337 5051 1603 5123 θαλάττης
1629 5054 1888 5125 πλείστην

327 5143 783 5209 είσενεγκὰμενον
819 5141 1070 5211 δύναμιν,
1097 5146 1192 5195 καὶ
1225 5143 1340 5212 ἅμα
1372 5145 1620 5214 τριήρεις
1655 5147 1888 5213 προσέλ-

328 5234 470 5286 θοιεν
498 5236 682 5303 σφίσιν
733 5237 797 5287 ὲκ
829 5236 994 5306 νήσου
1037 5239 1132 5307 τῆς
1164 5237 1387 5307 Κρήτης
1436 5234 1582 5290 ὀκτὼ
1617 5238 1892 5306 συμμαχί-

325 5329 434 5393 δες,
466 5330 558 5380 καὶ
586 5329 721 5397 προς
747 5327 958 5390 τούτοις
986 5328 1209 5391 ὁλκάδες
1241 5328 1665 5381 συσκευασθεῖεν
1699 5328 1756 5395 ἒξ
1786 5329 1890 5382 τῶν

329 5423 470 5472 πάνυ
509 5421 781 5489 μεγίστων
803 5459 816 5481 ,
858 5420 1102 5489 μηχανὰς
1133 5415 1496 5483 παντοδαπὰς
1535 5421 1627 5473 καὶ
1663 5421 1892 5478 ὁπλίτας

331 5513 586 5582 ἀρίστους
613 5513 871 5580 φέρουσαι
905 5512 1214 5574 πλείστους,
1258 5511 1468 5579 καίριον
1498 5511 1601 5581 ήδη
1631 5511 1894 5581 νομισθῆ-

333 5621 418 5655 ναι
449 5606 562 5664 τοῖς
596 5605 768 5655 ἅπασι
814 5603 1019 5664 πάσαις
1047 5602 1181 5670 ὁμοῦ
1222 5603 1488 5672 δυνάμεσι
1520 5604 1892 5672 προσελάσαν-

337 5714 425 5759 τας
462 5695 847 5749 κυκλώσασθαι
879 5696 939 5748 τὸ
967 5696 1228 5766 φρούριον
1263 5695 1594 5764 αὐθημερόν.
1633 5699 1741 5749 Καὶ
1770 5697 1892 5750 τού-

338 5804 442 5840 των
493 5787 696 5838 οὑτωσὶ
747 5787 1153 5856 πεπραγμένων
1205 5786 1500 5856 ἀνυσθῆναι
1538 5787 1691 5856 σφίσι
1722 5788 1891 5858 μηδὲν

338 5878 688 5948 ἡκηκὸειμεν,
723 5877 798 5940 ὠς
829 5878 1132 5946 ἀπογνόντα
1158 5876 1348 5931 λοιπὸν
1381 5877 1472 5933 τὸν
1497 5872 1610 5950 τῆς
1628 5878 1890 5950 ναυτικῆς

1986 3319 2291 3376 tuordecim
2323 3335 2490 3374 naves
2523 3335 2714 3374 rursus
2745 3319 2988 3374 Venetiis
3021 3319 3340 3388 Byzantium
3375 3329 3552 3372 venus

1985 3413 2154 3468 remis
2204 3412 2466 3482 omnique
2520 3412 2686 3465 animi
2741 3411 2946 3479 impetu
2997 3411 3445 3475 contenderunt,
3492 3422 3554 3464 ut

1986 3504 2143 3561 Ponti
2172 3503 2424 3559 faucibus
2452 3505 2736 3574 occupatis
2756 3503 3128 3559 Genuensium
3163 3503 3393 3556 navibus
3423 3515 3554 3555 onc-

1985 3599 2149 3654 rariis
2196 3599 2610 3661 insidiarentur,
2662 3612 2786 3667 quae
2825 3597 2896 3650 ab
2952 3595 3334 3666 superioribus
3390 3593 3550 3647 Ponti

1986 3686 2184 3741 Euxini
2222 3686 2334 3740 oris
2365 3695 2419 3738 et
2449 3685 2771 3756 Scytharum
2804 3687 2965 3740 terris
2994 3684 3128 3739 mari
3174 3685 3552 3756 atljacentibus

1986 3777 2238 3834 Calamis
2301 3786 2667 3832 commeatum
2715 3785 3166 3848 transportatum
3206 3787 3381 3831 erant.
3447 3777 3554 3829 Res

1986 3880 2192 3936 autem,
2222 3888 2342 3942 qua:
2370 3875 2627 3926 insecutae
2655 3873 2785 3937 sint,
2817 3885 2979 3940 quem
3004 3871 3206 3924 exitum
3235 3868 3550 3929 habuerint,

1986 3972 2045 4018 tu
2079 3964 2193 4032 ipse
2236 3973 2487 4017 accurate
2538 3963 2666 4025 scis,
2719 3978 2841 4016 cum
2893 3977 3136 4032 praesens
3182 3976 3280 4015 eas
3325 3960 3549 4013 videris.

1986 4055 2096 4126 Ego
2146 4054 2292 4108 enim
2351 4053 2465 4108 illic
2517 4063 2883 4108 commoratus
2939 4063 3145 4106 tantum
3193 4068 3255 4106 ex
3305 4051 3555 4105 obscuris

1986 4145 2319 4215 quibusdam
2357 4145 2673 4201 rumoribus
2719 4161 2843 4199 cum
2899 4146 3002 4198 alia
3051 4153 3161 4196 tum
3210 4145 3315 4196 huc
3343 4143 3550 4203 audivi,

1985 4237 2225 4293 Venetos
2249 4237 2644 4306 propemodum
2667 4245 2892 4292 cunctas
2916 4234 3120 4291 castelli
3143 4234 3362 4290 ϐοίδια-ἱ
3387 4249 3555 4288 naves

1984 4330 2162 4385 Ponto
2205 4329 2416 4383 Euxino
2449 4330 2772 4385 interclusas
2807 4328 3037 4398 cepisse,
3075 4344 3196 4384 cum
3240 4327 3400 4382 modo
3459 4327 3558 4381 de-

1987 4424 2354 4486 scendissent,
2389 4432 2442 4477 et
2469 4422 2728 4490 majorem
2764 4421 2983 4490 quidem
3031 4436 3218 4475 earum
3253 4428 3460 4489 partem
3487 4419 3552 4472 ad

1917 4516 2149 4606 DPonti
2199 4516 2380 4571 fauces
2424 4531 2533 4584 quo
2582 4513 2718 4568 nihil
2770 4513 3001 4584 periculi
3041 4513 3331 4581 suspicatae
3387 4520 3558 4565 vecta:

1991 4619 2198 4668 essent.
2230 4608 2469 4678 reliquas
2497 4621 2630 4662 vero
2676 4606 2952 4675 dispersas
3008 4604 3064 4658 in
3111 4604 3342 4674 singulis
3369 4603 3557 4657 statio-

1990 4700 2156 4754 nibus
2185 4698 2364 4765 Ponti,
2390 4699 2479 4752 uhi
2511 4712 2740 4768 quaeque
2771 4698 2827 4750 in
2852 4695 3067 4750 ancoris
3090 4695 3302 4758 fuisset,
3335 4705 3557 4764 praeter-

1992 4790 2303 4859 navigando
2347 4800 2536 4858 postea
2578 4802 2902 4856 occupasse.
2949 4785 3086 4841 Cum
3129 4794 3312 4840 autem
3364 4783 3553 4838 Veneti

1986 4885 2098 4955 jam
2140 4884 2555 4953 imperatorem,
2590 4881 2682 4949 qui
2717 4889 2861 4933 terra
2892 4877 3137 4946 marique
3181 4876 3443 4929 maximas
3467 4889 3559 4927 co-

1988 4979 2108 5047 pias
2129 4975 2472 5040 contulisset,
2502 4973 2710 5028 socium
2740 4971 2846 5026 sibi
2869 4970 3246 5040 adjunxisscnt
3279 4967 3553 5022 triremes-

1992 5081 2100 5134 que
2135 5079 2202 5118 ex
2247 5062 2410 5127 Creta
2452 5073 2578 5117 octo
2627 5061 2807 5116 socias
2866 5059 3247 5128 accepissent,
3294 5063 3558 5125 praeterea

1991 5155 2103 5227 46
2129 5169 2223 5208 sex
2280 5167 2446 5206 naves
2497 5150 2779 5205 onerarias
2831 5149 3097 5202 maximas
3157 5147 3304 5201 omni
3359 5159 3557 5216 genere

1993 5246 2371 5301 machinarum
2409 5251 2464 5297 et
2514 5241 2696 5312 gravis
2739 5249 3029 5294 armatura:
3069 5237 3336 5291 militibus
3382 5234 3556 5304 pluri-

1993 5338 2096 5393 mis
2130 5336 2558 5402 fortissimisquc
2617 5334 2913 5387 instructas
2961 5337 3392 5400 comparassent,
3446 5327 3556 5396 jam

1995 5429 2253 5483 omnibus
2318 5427 2576 5480 idoneum
2635 5434 2852 5493 tempus
2916 5424 3092 5476 visum
3152 5435 3272 5474 esse
3344 5416 3560 5471 cunctis

1995 5520 2167 5588 COpiis
2197 5519 2446 5586 protinus
2461 5516 2742 5570 castellum
2762 5514 3045 5568 adoriendi
3064 5524 3224 5579 atque
3245 5507 3558 5562 obsidendi.

1995 5610 2112 5664 Tali
2151 5609 2364 5663 ratione
2404 5607 2566 5661 rebus
2595 5606 2861 5660 institutis
2891 5603 3026 5658 nihil
3059 5605 3126 5656 ab
3159 5602 3226 5655 iis
3257 5601 3319 5654 ad
3348 5601 3556 5655 exitum

1994 5696 2292 5750 adductum
2324 5710 2465 5757 esse,
2499 5694 2876 5757 audiebamus,
2926 5693 2999 5746 ita
3033 5701 3092 5745 ut
3118 5691 3310 5745 classis
3342 5691 3560 5746 Veneta:

1996 5786 2286 5857 praefectus
2334 5801 2390 5840 re
2436 5786 2546 5855 jam
2605 5785 2893 5853 desperata
2937 5792 2993 5837 et
3057 5783 3408 5851 imperatore,
3466 5780 3558 5850 qui

1997 5878 2199 5934 bellum
2230 5884 2671 5948 persequeretur,
2706 5876 2919 5946 relicto,
2954 5889 3165 5932 summa
3209 5874 3564 5931 festinatione
