4050 6572
502 444 571 504 35
1680 427 2099 493 NICEPIIORI
2139 424 2526 489 GREGOR/E
3667 423 3739 486 36

505 552 845 615 recessisset,
879 544 1085 603 certior
1120 541 1298 599 factus
1322 542 1390 599 ab
1416 542 1604 599 Genua
1637 544 1747 611 jam
1786 542 2065 611 sexaginta
2104 592 2108 603 γ

2212 537 2291 592 ὢν
2322 536 2626 593 Βενετικῶν
2672 535 2959 604 δυνάμεως
3007 530 3277 603 ναύαρχον
3316 532 3411 587 τοῦ
3450 534 3547 602 μὶν
3582 534 3740 586 πολέ-

505 648 761 701 triremes
785 649 986 709 praeter
1027 634 1272 693 onmium
1319 635 1783 706 exspectationem
1815 634 1868 687 in
1898 626 2069 687 altum

503 745 728 793 evectas
755 744 898 785 6888.

576 911 718 966 XVI.
749 911 873 965 llaec
901 908 1155 978 equidem
1205 922 1235 960 a
1281 903 1458 974 patria
1505 911 1751 957 remotus
1778 900 1934 970 quasi
1978 915 2076 969 per

508 1004 764 1058 nebulam
799 1001 1024 1066 audivi;
1054 1010 1110 1055 tu
1145 1008 1327 1055 autem
1355 993 1666 1051 narratione
1694 993 2077 1064 progrediente

508 1098 724 1151 veriora
758 1094 1005 1161 quaedam
1035 1103 1200 1159 atque
1242 1088 1479 1147 certiora
1508 1088 1576 1143 de
1621 1086 1790 1141 rebus
1843 1084 1932 1141 hic
1963 1094 2077 1138 tum

509 1186 676 1254 gestis
716 1198 977 1252 expones,
1028 1181 1232 1235 additis
1276 1180 1447 1234 etiam
1487 1193 1669 1233 rerum
1699 1176 1900 1232 causis.
1927 1173 2081 1230 Nunc

509 1290 640 1329 vero
680 1291 766 1328 res
813 1288 1043 1343 quarum
1099 1273 1215 1341 ipse
1261 1270 1372 1323 illic
1427 1276 1704 1337 spectator
1740 1266 1838 1328 fui.
1884 1281 1951 1319 ex
1985 1281 2075 1317 nr-

511 1368 638 1420 diue
674 1367 772 1418 tibi
825 1372 1085 1418 accurate
1121 1372 1285 1427 atque
1326 1359 1643 1428 singillatim
1681 1356 1935 1409 referam.
1976 1355 2083 1409 Rc—

512 1457 832 1511 vertcndum
877 1455 1043 1525 igitur
1078 1453 1243 1507 nobis
1311 1460 1397 1507 est
1452 1449 1520 1505 ad
1574 1448 1625 1503 id
1668 1449 1811 1503 unde
1857 1446 2084 1516 digressi

515 1565 728 1613 sumus,
763 1556 822 1602 ut
861 1546 1106 1603 historia:
1154 1543 1491 1601 continuitas
1540 1541 1854 1610 praeclaram
1905 1553 2085 1592 rerum

519 1640 849 1709 cognitionis
876 1637 1190 1693 facilitatem
1223 1634 1501 1704 praebeat,
1535 1646 1659 1701 quae
1694 1629 1836 1687 inest
1869 1628 1922 1684 in
1961 1642 2089 1698 per-

519 1732 836 1799 spicuitate.

587 1904 753 1960 XVII.
791 1904 927 1959 Cum
969 1901 1133 1973 igitur
1166 1902 1312 1957 circa
1344 1898 1532 1957 fauces
1574 1897 1794 1955 Eubma:
1831 1905 1887 1952 et
1918 1894 2086 1967 Cary-
2115 1882 2163 1940 Β

520 2008 663 2049 stum
700 1997 891 2050 urbem
934 2003 1171 2049 exeunte
1196 1994 1307 2061 jam
1342 1999 1533 2045 aestate
1584 2003 1982 2051 commorarer,
2024 1985 2091 2041 ad

520 2088 747 2151 Oreum,
789 2086 1007 2139 Euhmm
1051 2084 1244 2139 urbem
1276 2089 1437 2150 portu
1468 2088 1741 2143 ornatam,
1772 2075 2089 2146 quindecim

523 2176 628 2229 illae
678 2188 844 2227 naves
873 2173 1088 2227 Venetae
1138 2170 1493 2241 appulerunt,
1529 2182 1667 2237 quas
1715 2180 1783 2222 ex
1826 2164 2095 2236 portubus

522 2265 762 2336 Byzantii
824 2264 1119 2318 recessisse
1168 2274 1334 2332 supra
1384 2256 1901 2315 demonstravimus.
1959 2253 2094 2310 Octo

523 2368 703 2412 autem
773 2354 1119 2412 Cretensium
1181 2354 1434 2409 triremes
1492 2349 1619 2407 inde
1676 2348 1784 2420 47
1844 2348 1911 2404 ad
1965 2361 2094 2403 suas

526 2466 614 2505 res
641 2447 897 2502 tutandas
925 2445 1151 2500 domum
1188 2443 1482 2498 redierant.
1510 2438 1735 2496 Crebtis
1761 2453 1891 2496 vero
1926 2447 2092 2510 atque

525 2537 783 2608 gravibus
842 2535 1052 2589 nuntiis
1106 2533 1446 2587 terrentibus
1502 2531 1761 2596 insulam,
1813 2528 2091 2600 sexaginta

527 2630 765 2683 hostium
809 2642 975 2681 naves
1032 2626 1281 2695 proxime
1332 2625 1544 2689 adesse,
1590 2622 1843 2679 celeriter
1876 2620 2096 2678 Venetae

527 2723 722 2777 classis
754 2721 1038 2790 praefectus
1066 2733 1237 2772 naves
1266 2726 1532 2788 apparatu
1581 2714 1813 2770 classico
1844 2722 2096 2783 exempto

530 2829 728 2867 vacuas
760 2814 812 2866 in
863 2820 1023 2882 portu
1072 2809 1401 2868 rudentibus
1430 2822 1727 2878 suspensas
1772 2806 2094 2870 submersit,

531 2923 598 2961 ne
623 2907 691 2960 ab
722 2905 969 2958 hostibus
996 2903 1248 2973 protinus
1288 2899 1745 2969 adnaviguntibus
1798 2898 1917 2968 capi
1967 2911 2095 2965 pos-

531 3005 674 3049 sent.
701 2993 837 3047 Tum
865 3007 1030 3062 quam
1060 2989 1349 3047 celerrime
1382 2998 1559 3057 potest
1586 3001 1779 3043 omnes
1816 2985 2094 3041 Eubmen-

534 3100 622 3140 ses
682 3084 747 3137 ad
823 3082 1068 3138 bellicam
1124 3079 1501 3135 fortitudinem
1553 3077 1756 3131 cXcitat
1826 3075 2098 3146 simulque

534 3192 660 3229 cum
696 3175 923 3234 Latinis.
954 3171 1046 3243 qui
1080 3172 1311 3229 Athenis
1345 3179 1502 3227 erant
1533 3179 1588 3225 et
1620 3168 1849 3235 Thebis,
1882 3168 2013 3237 agit,
2045 3175 2102 3221 ut

539 3275 904 3320 trecentorum
935 3264 1177 3335 equitum
1207 3263 1543 3319 delectorum
1569 3261 1829 3316 auxilium
1862 3260 2099 3317 mittant.

537 3357 736 3413 Urbem
775 3366 955 3411 autem
989 3356 1081 3410 die
1113 3363 1393 3425 noctuque
1419 3354 1633 3424 egregie
1662 3353 1915 3423 nullique
1952 3366 2104 3405 sum-

537 3450 656 3519 ptui
679 3464 904 3518 parcens
923 3461 1139 3501 armare
1157 3455 1213 3500 et
1236 3447 1384 3502 omni
1415 3445 1880 3500 munimentorum
1909 3456 2108 3514 genere

2176 644 2280 697 μου
2316 628 2559 697 διάδοχον
2585 628 2809 696 ἀφεῖναι
2838 625 2930 680 τὸν
2965 626 3204 694 βασιλέα.
3238 622 3400 679 αὐτὸν
3422 622 3478 676 δὲ
3503 623 3741 691 μαθόντα

2175 720 2275 789 ἤδη
2304 721 2397 773 καὶ
2426 721 2671 789 τριήρεις
2710 721 2776 772 ὲκ
2800 716 3066 779 Γεννούας
3099 716 3362 785 ἑξήκοντα
3390 717 3538 784 παρὰ
3567 716 3748 768 πᾶσαν

2177 813 2532 879 άναγομένας
2556 811 2774 873 ἐλπίδα,
2802 809 2950 871 ὅλαις
2979 810 3288 876 ἀναχωρεῖν
3336 806 3605 876 πορείαις.

2248 902 2369 967 ις’.
2405 902 2514 955 Καὶ
2561 902 2598 954 ἃ.
2656 900 2757 969 μὲν
2786 899 3043 969 ἀμυδρῶς
3068 900 3231 958 αὐτὸς
3266 898 3553 967 ὴκηκὸειν,
3592 898 3751 966 ἔκδη-

2188 1006 2286 1058 μος
2316 989 2392 1045 ὢν
2426 990 2526 1059 τῆς
2565 990 2843 1059 πατρίδος,
2874 989 3028 1043 ταῦτ’
3056 989 3207 1042 ἀστίν
3231 1002 3249 1020 ⁸
3279 987 3438 1051 αὐτὸς
3485 989 3531 1041 δ’
3571 988 3636 1041 ἄν
3662 1007 3750 1056 μοι

2180 1082 2359 1150 λέγοις
2402 1082 2777 1154 τάληθέστιρά
2801 1099 2861 1135 τε
2892 1082 2988 1135 καὶ
3021 1080 3345 1151 βεϐαιότερα
3372 1082 3480 1135 τῶν
3506 1080 3754 1133 ἐνταυθοῖ

2182 1175 2594 1244 πεπραγμένων
2642 1176 2887 1237 ἐκείνων,
2926 1175 3026 1243 τῆς
3055 1175 3385 1244 ἀφηγήσεως
3433 1172 3751 1242 προϊούσης,

2184 1267 2500 1337 προστιθεὶς
2551 1268 2610 1319 ἐν
2658 1266 2845 1335 ταυτῷ
2908 1268 3007 1321 καὶ
3069 1267 3139 1319 τὰ
3187 1266 3298 1319 τῶν
3348 1263 3757 1333 πεπραγμένων

2183 1359 2353 1413 αἴτια.
2392 1358 2507 1411 Νῦν
2544 1359 2589 1411 δ’
2640 1353 2715 1411 ὧν
2760 1360 2924 1420 αὐτὸς
2983 1359 3258 1425 αὐτόπτης
3308 1357 3435 1424 ἑξῆς
3484 1358 3756 1425 ἐγενόμην

2186 1452 2309 1504 ἐκεῖ
2346 1448 2564 1518 παρὼν,
2618 1445 2736 1518 εἶμι
2768 1448 2910 1518 ὲρῶν
2951 1449 3112 1509 αὐτὸς
3154 1448 3354 1502 αὐτίκα
3381 1450 3475 1501 τὸν
3506 1448 3761 1499 λεπτότε-

2188 1558 2280 1610 ρον
2307 1542 2400 1595 καὶ
2433 1539 2559 1595 καο’
2586 1540 2796 1593 ἕκαστα
2820 1539 3046 1607 τρόπον.
3087 1538 3528 1607 Ἐπαναληπτέον
3555 1537 3740 1591 τοίνυν

2186 1630 2277 1683 τὸν
2305 1632 2463 1697 λόγον
2514 1631 2620 1699 ὅπη
2652 1629 2712 1681 τὸ
2752 1630 3017 1700 πρότερον
3053 1630 3199 1697 [χνος
3251 1628 3531 1693 ἐλίπομεν,
3578 1626 3665 1680 ῐνα
3695 1627 3758 1678 τὸ

2191 1722 2291 1792 τῆς
2326 1720 2568 1790 ἱστορίας
2627 1722 2861 1789 συναφὲς
2911 1722 3011 1788 τὴν
3056 1720 3150 1775 τοῦ
3211 1720 3415 1787 σαφοῦς
3470 1719 3757 1788 ῥᾳστώνην

2191 1813 2370 1880 εὐφυᾶ
2398 1814 2616 1881 παρέχῃ
2654 1812 2763 1873 τοῖς
2810 1810 3263 1879 ἐντυγχάνουσιν.

2260 1900 2360 1958 lZ'.
2399 1902 2630 1971 Ἔτυχον
2684 1902 2784 1972 μὶν
2831 1900 2945 1967 ἐγὼ
3004 1900 3297 1969 διατρίϐων
3352 1898 3575 1969 περὶτὰ
3607 1899 3762 1953 κοῖλα

2198 1994 2295 2062 τῆς
2328 1993 2556 2057 Εὐϐοίας
2580 1993 2678 2049 καὶ
2712 1992 2999 2061 Κάρυστον
3026 1991 3181 2048 πόλιν
3219 1991 3479 2062 λήγοντος
3520 1992 3622 2061 ήδη
3666 1990 3764 2044 τοῦ

2203 2085 2417 2156 θέρους,
2466 2083 2566 2141 καὶ
2631 2081 2933 2152 τηνικαῦτα
3004 2080 3281 2145 ξυνέδαινε
3349 2083 3647 2135 καταπλεῖν
3706 2082 3767 2146 ις

2211 2176 2420 2247 Ὠρεὸν,
2449 2175 2607 2229 πόλιν
2632 2173 2861 2237 Εὑῦοίας
2889 2174 3195 2243 εὐλίμενον,
3242 2173 3340 2236 τὰς
3374 2173 3768 2227 πεντεκαίδεκα

2200 2267 2489 2333 nmmo;
2554 2267 2768 2331 ὲκείνας
2849 2266 3143 2338 τριήρεις,
3204 2265 3272 2328 ἃς
3339 2267 3405 2321 ἐκ
3463 2266 3771 2328 Βυζαντίων

2194 2360 2430 2428 λιμένων
2489 2358 2735 2427 έφθημεν
2794 2356 3157 2427 δεδηλωκότος
3232 2358 3601 2420 ἔπανιούσαςσ
3664 2357 3765 2420 τὰς

2199 2452 2305 2522 γὰρ
2363 2449 2509 2504 ὀκτὼ
2555 2449 2841 2519 Κρητικὰς
2894 2450 3189 2513 διαστάσας
3249 2448 3478 2505 αὐτόθεν
3526 2451 3771 2521 οἶχεσθαι

2198 2544 2461 2609 ἀπιούσας
2495 2544 2553 2608 ἐς
2578 2542 2825 2613 ίΚρήτην
2856 2543 3101 2612 φυλακῆς
3127 2542 3289 2597 ῑνεκα
3322 2544 3431 2597 τῶν
3459 2543 3629 2598 ίδίων.
3658 2544 3771 2596 Καὶ

2199 2634 2316 2702 ἅμα
2351 2633 2543 2702 συχναὶ
2582 2636 2677 2685 καὶ
2711 2632 2927 2702 βαρεῐαι
2956 2632 3330 2703 κατέπληττον
3362 2634 3616 2701 ἀγγελίαι
3668 2632 3770 2703 τὴν

2202 2724 2385 2791 νῆσον,
2445 2718 2719 2787 ἐγγύτατα
2778 2717 2921 2773 εἶναι
2976 2721 3240 2789 πολεμίας
3312 2721 3575 2789 ἑξήκοντα
3616 2722 3771 2782 ναῦς.

2200 2811 2449 2879 Σπεύσας
2478 2808 2569 2867 οῦν
2592 2813 2621 2866 ὁ
2648 2812 2754 2866 τῶν
2782 2811 3081 2870 Βενετικῶν
3104 2812 3370 2883 ναύαρχος
3397 2812 3466 2864 τὰ
3502 2812 3601 2882 μὲν
3630 2814 3769 2879 πλη-

2207 2906 2441 2975 ρώματα
2472 2906 2650 2961 πάντα
2677 2904 2785 2959 τῶν
2814 2905 3031 2961 οἰκείων
3067 2904 3205 2960 νεῶν
3228 2906 3432 2970 ἐξεῖλεν
3457 2904 3639 2968 εὐθὺς,
3673 2904 3773 2957 αὑ-

2201 3000 2301 3059 τὰς
2329 2997 2384 3051 δὲ
2413 2998 2576 3061 κενὰς
2601 2996 2656 3049 ὲν
2686 2994 2762 3063 τῷ
2784 2995 2962 3065 λιμένι
2998 2996 3278 3057 καλωδξοις
3315 2994 3777 3063 προσηρτημένις

2207 3087 2523 3153 κατέδυσεν,
2553 3086 2629 3149 ὡς
2666 3086 2741 3156 μὴ
2769 3086 3033 3155 ἁλώσιμοι
3054 3088 3164 3149 τοῖς
3184 3085 3459 3154 πολεμίοις
3490 3084 3556 3157 [ί.
3584 3085 3684 3139 l0li
3719 3083 3778 3155 α]

2206 3179 2363 3247 εὐθὺς
2391 3179 2750 3233 ὲπιπλεύσασι
2773 3178 3277 3245 γένοιντο.Ἕπειθ’,
3294 3178 3417 3233 ὅσον
3443 3178 3625 3246 τάχος,
3640 3176 3779 3233 πάν-

2204 3289 2301 3339 τας
2323 3287 2382 3327 τε
2415 3270 2651 3335 Εὐϐοέας
2676 3271 2812 3341 πρὸς
2838 3270 3127 3341 ὁπλιτικὴν
3151 3270 3404 3340 ἠρέθιζεν
3430 3269 3650 3339 ἀκμὴν,
3688 3270 3783 3324 καὶ

2208 3363 2323 3436 ἅμα
2336 3362 2380 3415 δ’
2404 3363 2772 3432 ἐπρεσϐεύετο
2800 3361 2933 3432 πρὸς
2958 3362 3085 3427 τοὺς
3110 3362 3163 3415 ιν
3178 3360 3432 3430 Ἀθήναις
3455 3361 3550 3415 καὶ
3577 3361 3782 3428 Θήὸαις

2209 3450 2493 3515 Λατίνους,
2522 3450 2852 3521 τριακοσίων
2882 3450 3091 3507 ίππόων
3122 3448 3425 3505 ἐπιλέκτων
3451 3448 3618 3505 αίτῶν
3641 3466 3783 3518 συμ-

543 3544 760 3594 Iirumre
789 3551 953 3609 atque
986 3540 1165 3609 sepire
1196 3537 1339 3591 haud
1372 3536 1603 3592 destitit.
1643 3536 1871 3593 Duobus
1903 3536 2108 3590 interea

2211 3542 2437 3614 μαχίαν.
2464 3541 2576 3609 Τήν
2616 3557 2679 3609 γε
2708 3541 2817 3612 μὴν
2844 3540 2998 3594 πόλιν
3024 3539 3196 3597 νύκτα
3224 3557 3283 3597 τε
3315 3542 3412 3597 καὶ
3439 3540 3649 3609 ἡμέραν
3682 3540 3782 3595 οὐκ

541 3630 739 3699 elapsis
768 3630 966 3685 diebus
1013 3644 1181 3684 naves
1213 3629 1319 3687 illa:
1347 3626 1592 3682 hostium
1626 3627 1889 3684 Eubteam
1919 3638 2108 3699 petens

2212 3634 2456 3705 ἠμέλησε
2487 3634 2666 3688 πᾶσαν
2696 3632 2929 3694 ὁπλίζων
2965 3631 3268 3699 πολυτελῶς
3298 3633 3391 3690 καὶ
3418 3632 3595 3702 πάσης
3626 3633 3785 3698 ἀφει-

546 3730 626 3776 tes
657 3720 761 3773 sub
794 3734 1087 3790 vesperum
1112 3719 1630 3790 conspiciebantur;
1662 3728 1829 3788 atque
1867 3718 1959 3775 illo
1989 3717 2108 3789 qui-

2211 3722 2319 3779 δῶν
2350 3723 2600 3794 δαπάνης
2652 3725 2749 3779 καὶ
2802 3724 2977 3779 πάντα
3018 3721 3334 3793 προστιθεὶς
3362 3721 3456 3779 καὶ
3486 3722 3787 3792 περιτιθεὶς

544 3812 667 3868 dem
696 3828 943 3882 vespero,
970 3827 1094 3868 cum
1123 3821 1271 3867 esset
1298 3810 1547 3878 malacia,
1580 3810 1635 3865 in
1665 3811 1774 3865 alto
1797 3810 1934 3863 mari
1959 3825 2108 3867 creua

2218 3814 2573 3888 ὀχυρώματα.
2598 3816 2706 3873 Δύο
2725 3816 2929 3885 μεταξὺ
2958 3815 3415 3886 παρερῤυήκεσαν
3446 3814 3672 3884 ήμὲραι,
3696 3814 3791 3867 καὶ

546 3914 735 3976 parata
758 3915 810 3957 et
841 3904 1025 3970 rebus,
1056 3918 1177 3974 qum
1199 3902 1453 3973 gerendae
1479 3910 1656 3967 erant,
1684 3902 1941 3973 provisis,
1974 3900 2108 3959 inse-

2221 3904 2480 3977 ὦφθησαν
2523 3906 2582 3960 αί
2623 3906 2876 3974 πολέμιαι
2906 3907 3029 3979 νῆες
3075 3908 3280 3963 ἐκεῖναι
3307 3906 3436 3975 περὶ
3476 3904 3656 3975 δείλην
3685 3920 3789 3956 που

546 3994 770 4065 quentis
803 3995 911 4049 diei
943 3995 1115 4065 prima
1147 3996 1269 4049 luce
1299 3994 1482 4050 statim
1517 3993 1635 4049 acie
1672 3994 1937 4047 instrueta
1969 3993 2108 4047 omni

2218 3994 2315 4067 τὴν
2347 3994 2526 4062 ὀψίαν.
2550 3995 2906 4050 ὲπιπλέουσαι
2951 3997 3094 4053 κατὰ
3129 3997 3226 4065 τῆς
3256 3995 3507 4058 Εὺὸοίας.
3543 3995 3653 4053 Καὶ
3686 3994 3785 4063 τὴν

548 4100 747 4156 genere
778 4102 1054 4139 armorum
1086 4085 1300 4157 stipatae
1331 4086 1386 4139 in
1430 4084 1559 4141 Orci
1592 4094 1812 4156 portum
1850 4084 2108 4139 invehun-

2224 4084 2323 4153 μὲν
2357 4084 2593 4153 ἑσπέραν
2614 4084 2853 4155 ἐκείνην,
2882 4087 3128 4157 γαλήνης
3155 4086 3343 4156 οὔσης,
3371 4089 3428 4145 ἐν
3454 4087 3532 4157 τῷ
3562 4088 3789 4155 πελάγει

552 4190 641 4234 tur
690 4191 1055 4248 magnumque
1107 4178 1193 4232 sui
1237 4186 1502 4231 terrorem
1551 4176 1762 4230 faciunt
1804 4174 2108 4231 certamini:

2226 4172 2491 4246 μετέωροι
2545 4177 3099 4248 δειπνοποιησάμεναι
3148 4179 3243 4237 καί
3280 4178 3341 4230 τὸ
3375 4178 3632 4247 ποιητέον
3669 4194 3792 4231 σκε-

551 4268 782 4323 sublatis
828 4268 1020 4337 signis,
1047 4267 1377 4321 canentibus
1410 4267 1562 4321 tubis
1596 4266 1856 4338 tibiisque
1891 4266 2108 4335 aliisqut

2226 4264 2487 4335 ψάμεναι,
2516 4266 2689 4323 ἕωθεν
2708 4268 2871 4335 εὐθὺς
2901 4268 2982 4336 εἰς
3001 4270 3245 4337 μάχιμον
3270 4267 3425 4333 τάξιν
3455 4268 3790 4341 ἡθροίζοντο.

553 4359 957 4421 instrumentis,
1019 4374 1141 4427 qua:
1184 4358 1400 4414 animos
1446 4358 1514 4411 ad
1563 4358 1903 4412 alacritatem
1959 4368 2108 4426 atque

2230 4358 2338 4409 Καὶ
2370 4356 2471 4427 μὲν
2501 4358 2565 4428 δὴ
2607 4358 3138 4428 καταπεφραγμέναι
3179 4362 3346 4417 πᾶσιν
3378 4360 3588 4424 ὅπλοις,
3623 4376 3793 4431 προσ-

555 4447 808 4499 ardorcm
854 4440 1128 4516 pugnandi
1188 4447 1457 4503 excitant.
1526 4446 1662 4501 Cum
1708 4458 1892 4501 autem
1948 4448 2108 4518 przeli

2230 4448 2492 4503 ελάσασαι
2526 4450 2579 4515 ἐς
2610 4448 2700 4503 τὸν
2742 4448 2929 4520 Ὠρεοῦ
2958 4449 3151 4519 λιμένα
3180 4451 3385 4509 ἐκεῖναι
3423 4449 3797 4519 καταπληκτι-

558 4538 763 4591 navalis
796 4537 952 4605 cepia
980 4536 1092 4608 48
1121 4552 1230 4591 non
1279 4535 1456 4601 ﬂeret,
1496 4537 1729 4591 navibus
1779 4537 1982 4609 quippe
2016 4553 2108 4589 not

2236 4538 2346 4603 κῶς
2377 4537 2739 4607 ὲοέπλευσαν,
2769 4537 2834 4589 τά
2877 4554 2936 4595 τε
2970 4540 3175 4608 σημεῖα
3218 4538 3320 4607 τῆς
3353 4537 3535 4607 μάχης
3580 4536 3798 4607 ἠρμένα

553 4629 978 4683 occurrentibus
1035 4644 1156 4697 qua:
1208 4644 1331 4691 cum
1368 4627 1435 4682 iis
1475 4629 1528 4681 in
1585 4638 1861 4683 certamen
1907 4629 2131 4685 descen-

552 4721 772 4783 derent,
801 4718 1011 4773 idoneis
1041 4718 1250 4773 relictis
1282 4718 1605 4788 sagittariis,
1631 4718 1725 4787 qui
1757 4734 1925 4773 naves
1952 4731 2135 4774 custo-

552 4808 741 4861 dirent
778 4822 1021 4876 eosque,
1061 4808 1157 4876 qui
1186 4822 1252 4862 ex
1291 4807 1723 4876 propugnaculis
1776 4808 1880 4862 tela
1929 4807 2136 4881 jacula-

563 4902 781 4965 bantur,
834 4900 1193 4954 defenderent
1222 4910 1388 4968 atque
1419 4908 1757 4965 averterent,
1817 4900 2012 4971 reliqui
2067 4902 2133 4954 ad

562 4993 752 5045 uri-em
795 4991 1123 5060 cingendam
1177 4990 1370 5044 multis
1424 5005 1549 5044 cum
1603 4991 1767 5045 scalis
1820 4990 1875 5047 in
1936 5000 2133 5045 terram

560 5085 768 5151 egressi
797 5082 1046 5151 protinus
1073 5096 1132 5136 se
1165 5091 1423 5151 capturos
1453 5097 1573 5135 esse
1602 5082 1791 5137 urbem
1821 5084 2135 5150 sperabant,

566 5170 912 5223 multitudine
940 5182 995 5225 et
1032 5169 1227 5225 bellica
1256 5170 1489 5223 militum
1544 5171 1773 5225 audacia
1813 5171 1964 5225 freti.
2016 5172 2137 5225 Cir-

568 5277 898 5315 cumsessam
935 5264 1102 5333 igitur
1133 5263 1324 5316 urbem
1365 5262 1759 5331 oppugnabant
1791 5264 1892 5317 tela
1924 5264 2141 5319 eminus

572 5354 859 5417 mittendo,
894 5355 1056 5408 scalis
1102 5355 1302 5408 moenia
1338 5352 1640 5409 adoriendo
1682 5363 1756 5418 et,
1788 5356 1915 5424 quia
1966 5356 2144 5410 homi-

570 5459 701 5497 num
756 5445 1051 5498 multitudo
1095 5445 1502 5514 suppeditabat.
1536 5446 1727 5515 procul
1758 5448 2043 5503 cuniculos
2073 5448 2138 5500 ad

570 5549 758 5587 muros
795 5544 941 5587 recta
975 5536 1207 5604 agendo,
1240 5546 1297 5590 ut
1345 5549 1437 5591 aut
1482 5537 1753 5591 scalarum
1784 5554 2014 5591 ascensu
2049 5549 2143 5595 aut

574 5625 950 5679 cuniculorum
986 5628 1342 5682 subterraneo
1390 5645 1553 5685 cursu
1595 5630 1647 5682 in
1697 5630 1887 5683 urbem
1922 5630 2145 5684 clancu-

574 5714 685 5767 lum
722 5715 1111 5787 irrumperent.
1149 5721 1282 5774 Cum
1312 5730 1493 5775 autem
1534 5722 1754 5776 Veneta:
1784 5722 1975 5776 classis
2006 5739 2143 5793 pne-

588 5806 763 5862 l'cctus
796 5819 956 5877 atque
1005 5810 1112 5865 dux
1165 5812 1432 5867 machinis
1482 5804 1763 5868 machinas
1814 5814 2143 5867 intrinsecus

2238 4632 2478 4701 Excutiat,
2508 4630 2603 4685 καὶ
2632 4629 2729 4693 τὰς
2762 4629 3537 4700 πολεμικάξάνακρουόμεναι
3564 4628 3799 4696 σάλπιγ-

2238 4722 2339 4793 γάς
2369 4738 2427 4775 τε
2468 4722 2561 4777 καὶ
2603 4719 2890 4793 σύριγγας,
2923 4721 3017 4773 καὶ
3044 4720 3147 4773 ὃσα
3174 4720 3282 4773 τῶν
3326 4720 3583 4775 τοιούτων
3631 4719 3803 4789 ὀργά-

2238 4829 2344 4863 νων
2374 4809 2611 4883 ὲρεθίζει
2650 4811 2784 4880 πρὸς
2816 4809 3081 4879 εὐψυχίαν
3124 4808 3426 4877 πολεμικὴν
3458 4809 3566 4865 τῶν
3594 4809 3804 4878 ἀνδρῶν

2237 4900 2335 4969 τὴν
2364 4903 2559 4973 ὁρμήν.
2598 4900 2753 4959 Ἐπεὶ
2788 4901 2843 4954 δὲ
2873 4901 3175 4969 ναυμαχίας
3209 4900 3419 4967 ἀγῶνες
3436 4900 3638 4969 ἣκιστα
3664 4894 3806 4970 ἦσαν

2241 4992 2323 5060 (οὐ
2380 4992 2487 5060 γὰρ
2541 4986 2681 5065 ἦσαν
2719 4992 2775 5043 αἱ
2824 4990 3327 5059 ἁνταγωνιζόμεναι
3374 4991 3546 5059 νῆες).
3584 4989 3806 5054 τοξότας

2243 5085 2397 5144 suo»;
2430 5085 2595 5155 ἐχρῆν
2630 5084 3023 5146 καταλιπόντες
3051 5088 3110 5139 ἐν
3137 5086 3255 5149 ταῖς
3286 5087 3445 5141 ναυσὶ
3476 5085 3723 5153 φυλακῆς
3745 5101 3807 5137 τε

2244 5176 2406 5227 ἕνεκα
2446 5178 2539 5232 καὶ
2582 5174 2678 5231 τοῦ
2730 5174 3023 5245 βάλλοντας
3080 5174 3357 5251 ἀνείργειν
3386 5177 3479 5231 καὶ
3526 5176 3811 5245 ἀντιπερι-

2242 5268 2386 5336 σπᾷν
2415 5268 2530 5323 ἐκεῖ
2562 5268 2689 5331 τοὺς
2718 5268 2815 5323 ἐπὶ
2851 5266 2958 5322 τῶν
2988 5266 3289 5333 ἐπάλξεων,
3320 5269 3370 5320 ot
3404 5268 3580 5327 λοιποὶ
3609 5267 3807 5329 πάντες

2245 5358 2338 5409 ἐπὶ
2369 5356 2466 5428 τὴν
2514 5357 2617 5425 γῆν
2675 5355 3008 5425 ἀπέὸαινον,
3060 5357 3447 5413 κυκλώσασθαι
3497 5357 3596 5426 τὴν
3652 5358 3809 5411 πόλιν

2245 5448 2580 5517 βουλόμενοι,
2647 5447 2917 5516 κλίμακάς
2975 5464 3033 5502 τε
3113 5451 3444 5517 ἐπαγόμενοι
3509 5451 3811 5508 πλείστις.

2244 5539 2337 5590 καὶ
2367 5538 2483 5605 ἅμα
2514 5539 2762 5604 αἱρήσειν
2793 5537 2991 5591 αὐτίκα
3022 5538 3169 5606 μάλα
3193 5540 3289 5608 τὴν
3321 5540 3471 5593 πόλιν
3500 5540 3813 5601 ἐλπίζοντες

2244 5628 2331 5681 διά
2380 5645 2438 5679 τε
2492 5628 2553 5679 τὸ
2610 5626 2811 5695 πλῆθος
2870 5628 2961 5679 καὶ
3012 5630 3109 5697 τὴν
3152 5628 3356 5699 τόλμην
3403 5628 3510 5681 τῶν
3555 5626 3813 5679 ὁπλιτῶν.

2249 5719 2948 5792 [ιεριστρατοπεδεὺσαντες
2982 5716 3076 5771 οὖν
3129 5720 3501 5789 ἐπολιόρκουν,
3548 5718 3721 5781 τόξοις
3755 5733 3815 5768 τε

2249 5814 2531 5883 βάλλοντες
2561 5812 2841 5879 ἑκηϐόλοις
2878 5812 2968 5864 καὶ
3002 5811 3273 5879 κλίμακας
3314 5812 3390 5880 τῷ
3424 5812 3592 5878 τείχει
3644 5826 3817 5878 προσ-
