4050 6560
349 458 413 519 3Ἰ
1329 455 1774 517 -ΒΥΖΛΝΤΙΝΑΞ
1812 455 1916 514 Hi:

2019 452 2200 513 )RIIE
2237 453 2379 516 LIB.
2420 452 2603 516 XXV.
3505 458 3578 522 38

352 571 594 636 ἁγοντες,
636 567 734 620 καὶ
765 565 882 638 ἅμα
933 566 1023 620 διὰ
1065 566 1164 634 τὴν
1227 566 1581 638 πολυχειρίαν
1639 568 1769 621 εὐθὺ
1819 565 1915 619 τοῦ

2019 580 2298 635 apponere
2346 567 2489 621 haud
2524 573 2789 630 cessaret.
2830 566 3137 621 certamina
3189 566 3433 622 borum
3485 587 3577 624 ex-

351 659 563 728 τείχους
620 657 894 727 διώρυχας
934 657 1217 728 πόρρωθεν
1273 659 1511 728 δρῶντες
1541 699 1558 722 ,
1620 661 1710 714 ίνα
1767 663 1914 717 δυοῖν

359 750 610 819 θάτερον,
650 749 686 818 ἢ
731 747 820 802 διὰ
852 749 956 817 τῆς
980 747 1092 800 τῶν
1113 749 1403 818 κλιμάκων
1429 751 1656 804 ἐκείνων
1692 753 1916 823 ἀναδρο-

359 838 486 909 μῆε,
526 838 559 907 ἢ
606 837 696 891 διὰ
733 836 833 906 τῆς
865 838 978 890 τῶν
1023 837 1310 907 ὑπονόμων
1335 838 1648 911 ὑπώρομῆς
1687 843 1916 894 τουτωνὶ

357 930 594 983 λάθωσιν
637 930 718 992 είς
763 931 862 998 τὴν
923 928 1082 983 πόλιν
1129 930 1614 1000 παρεισπεσόντες.
1659 931 1812 985 Ἐπεὶ
1859 931 1916 984 δὲ

356 1019 626 1089 μηχαναῖς
657 1019 906 1088 μηχανὰς
930 1019 959 1071 ό
990 1019 1099 1070 τῶν
1128 1018 1434 1072 Βενετικῶν
1469 1021 1676 1083 ἐκεῖνος
1721 1019 1920 1087 ναύαρ-

353 1110 441 1176 χός
475 1123 537 1159 τε
578 1108 674 1160 καὶ
717 1106 942 1177 ἡγεμὼν
975 1107 1188 1160 ἔνδοθεν
1218 1107 1539 1162 ἁνθιστάναι
1570 1110 1670 1162 οὐκ
1699 1110 1914 1180 ἠμέλει,

354 1198 665 1251 συνέϐαινεν
692 1194 836 1250 εἶναι
862 1198 989 1260 τοὺς
1025 1197 1223 1262 ἔξωθεν
1249 1198 1362 1253 τῶν
1390 1199 1667 1269 πολεμίων
1698 1201 1918 1270 ἀγῶνοις

350 1290 688 1358 ἀπράκτους.
731 1288 954 1358 Πρῶτον
999 1289 1097 1357 μιν
1136 1290 1246 1360 γὰρ
1299 1289 1493 1360 βάρεσι
1517 1289 1683 1344 λίθων
1719 1293 1784 1345 ὲκ
1806 1293 1920 1346 τῶν

349 1379 630 1445 ἐπάλξεων
659 1380 752 1432 καὶ
789 1379 968 1449 βέλεσι
1017 1382 1387 1442 παντοδαποῖς
1417 1383 1758 1452 τραυματίας
1788 1384 1919 1439 ἀπέ-

352 1488 508 1539 φαινε
541 1474 681 1540 σφᾶς
710 1473 805 1524 καὶ
837 1472 1117 1528 ἀπεσόϐει.
1138 1472 1286 1543 Ὅπη
1311 1474 1354 1526 δ’
1387 1471 1535 1544 ἐώρα
1568 1474 1665 1527 καὶ
1700 1474 1918 1530 ὑπενόει

353 1563 574 1632 κλίμαξι
613 1563 846 1634 βάσιμον
881 1559 1020 1617 εἶναι
1051 1565 1112 1616 τὸ
1154 1567 1351 1634 τεῖχος,
1389 1565 1522 1634 ὕψος
1553 1564 1732 1619 ίκανδν
1757 1567 1918 1630 εὐθὺς

352 1654 688 1721 προσετίθει,
733 1656 832 1724 τήν
891 1672 950 1708 τε
999 1655 1106 1708 τῶν
1139 1656 1418 1722 ἐπάλξεων
1457 1657 1746 1710 συνάπτων
1801 1657 1917 1710 διέ-

353 1763 529 1814 χειαν,
571 1748 668 1799 καὶ
705 1747 930 1810 ταύταις
964 1747 1307 1817 ἀνδρόμηκες
1348 1748 1695 1818 οἰκοδόμημα
1751 1766 1918 1820 προσ-

353 1835 520 1896 τιθεὶς
547 1835 684 1904 πρὸς
715 1837 809 1902 ὀξὺ
849 1837 943 1890 καὶ
985 1838 1182 1890 λεπτὸν
1214 1837 1510 1908 ἀπολῆγον,
1546 1838 1620 1902 ὡς
1661 1840 1756 1892 καὶ
1785 1840 1914 1892 dva-

357 1925 485 1978 6iat
519 1930 630 1989 τοῖς
673 1927 955 1997 πολεμίοις
997 1927 1264 1998 δύσεργόν
1296 1943 1355 1979 τε
1391 1929 1484 1981 καὶ
1519 1927 1663 1998 μάλα
1706 1927 1914 1981 ἐπικίν-

353 2016 509 2068 δυνον
542 2013 682 2069 εἶναι
710 2015 807 2087 τὴν
835 2017 942 2071 τῶν
974 2016 1150 2071 ποδῶν
1192 2017 1372 2087 βάσιν.
1406 2019 1548 2088 Πρός
1575 2035 1638 2087 γε
1674 2018 1784 2090 μὴν
1824 2018 1916 2072 τὸν

355 2105 671 2176 ὑποχθόνιον
721 2109 929 2161 ἐκεῖνον
982 2109 1282 2178 ὑπόνομον,
1330 2109 1734 2180 στοχασάμενος
1780 2109 1914 2162 ὅπου

352 2197 448 2250 τοῦ
471 2197 688 2268 τείχους
709 2199 1078 2254 διεκπεσείται
1107 2200 1427 2270 προχωροῦν
1449 2201 1510 2253 τὸ
1534 2201 1632 2270 τῆς
1652 2201 1918 2271 διώρυχος

351 2289 526 2352 τέλος,
576 2291 783 2358 τάφρον
839 2289 1152 2360 κατώρυξεν
1205 2291 1350 2344 ἔνδον
1400 2291 1562 2353 αὐτὸς
1597 2292 1913 2362 ὲγκαρσίαν,

352 2381 412 2432 τὸ
445 2380 610 2452 βάθος
661 2380 1069 2434 πολλαπλασίαν
1121 2382 1156 2454 ἢ
1208 2384 1350 2435 κατὰ
1393 2386 1494 2452 τὴν
1542 2383 1805 2448 ἐκείνων,
1841 2383 1915 2446 ώς

353 2474 449 2543 ὀψὲ
489 2473 584 2528 τοῦ
610 2473 821 2544 τείχους
849 2474 999 2538 ιντδς
1029 2475 1535 2544 παρεισπίπτοντας
1566 2476 1705 2545 σφᾶς
1739 2474 1916 2546 βόθρῳ

356 2565 450 2618 καὶ
483 2565 716 2619 θανάτου
771 2564 1042 2634 πυθμέσιν
1074 2565 1424 2635 ἐντυγχάνειν
1452 2567 1915 2639 ἀπροσδοκήτους·

353 2655 812 2723 καταφερομένοις
841 2655 947 2722 γὰρ
976 2652 1205 2716 ἐκείνοις
1261 2653 1402 2724 βάρη
1433 2652 1596 2707 λίθων
1629 2653 1694 2725 [ί.
1729 2654 1831 2710 106
1859 2653 1916 2727 b]

352 2745 558 2799 ἄνωθεν
593 2747 745 2797 αὐτοὶ
777 2745 876 2811 μὲν
902 2741 1256 2812 παμπληθεῖς
1294 2743 1455 2806 εὐθὺς
1486 2744 1907 2814 ὲπιρῤίπτοντες

362 2837 623 2902 ἀφύκτοις
647 2836 877 2890 θανάτου
905 2833 1141 2897 δικτύοις
1167 2837 1505 2906 παραχρῆμα
1528 2836 1750 2892 ἐδίδουν.
1773 2838 1914 2907 Συχ-

353 2928 456 2981 νῶν
488 2927 532 2980 δ’
563 2928 656 2980 ἐπὶ
685 2925 893 2990 τούτοις
941 2928 1163 2997 ἡμερῶν
1198 2928 1684 2999 παρερρυηκυιῶν,
1719 2933 1916 2998 ἀφῖκτο

353 3021 446 3074 καὶ
477 3021 511 3088 ἡ
539 3020 650 3072 τῶν
689 3020 992 3088 Ἀθηναίων
1035 3019 1136 3090 ἤδη
1180 3022 1274 3073 καὶ
1313 3020 1570 3090 Θηϐαίων
1601 3023 1914 3092 συμμαχία,

353 3112 632 3166 ἐπίλεκτοι
658 3115 756 3184 μὲν
803 3113 988 3175 ἱππεῖς
1027 3112 1357 3182 τριακόσιοι,
1387 3112 1540 3176 πεζοὶ
1567 3111 1614 3166 δ’
1641 3113 1916 3166 ἐθελονταὶ

2017 657 2290 711 trinsecus
2321 657 2476 710 irrita
2517 665 2694 712 erant.
2751 657 2995 712 Primum
3033 657 3180 710 enim
3221 658 3365 711 saxis
3409 659 3587 728 gravi.-

2017 747 2121 802 bus
2151 757 2207 801 et
2243 747 2391 801 omni
2427 747 2714 802 missilium
2741 763 2938 818 genere
2970 762 3068 801 eos
3100 763 3167 801 ex
3194 762 3425 816 propugi
3449 763 3582 802 acu-

2015 839 2085 892 lis
2107 838 2386 908 impetitos
2410 841 2676 894 sauciavit
2701 849 2868 907 atque
2908 838 3240 895 deturbavit.
3271 840 3373 896 Ubi
3402 849 3584 894 autem

2017 947 2232 985 mormn
2261 932 2424 986 scalis
2450 945 2681 985 ascensu
2718 929 2934 984 facilem
2964 943 3088 983 esse
3131 929 3354 984 videbat
3386 939 3442 984 et
3493 944 3587 982 su-

2019 1022 2354 1090 spicabatur,
2387 1021 2684 1076 altitudine
2715 1021 2908 1074 idonea
2955 1020 3141 1074 statim
3166 1020 3370 1083 addita,
3411 1022 3586 1072 inter-

2015 1113 2158 1167 valla
2185 1113 2328 1167 inter
2357 1112 2570 1182 singula
2604 1111 3008 1180 propugnacula
3043 1111 3352 1180 conjunxit,
3407 1109 3585 1179 iisque

2016 1202 2242 1257 aedificia
2283 1203 2556 1257 adstruxit
2590 1200 2832 1255 hominis
2865 1201 3209 1254 altitudinem
3265 1216 3372 1254 non
3420 1214 3586 1255 exce-

2021 1292 2228 1358 dentia,
2263 1301 2428 1362 atque
2458 1295 2512 1347 in
2544 1303 2762 1348 tenuem
2793 1303 2846 1346 et
2873 1301 3093 1346 acutum
3127 1291 3336 1362 apicem
3378 1305 3586 1345 exeun-

2020 1381 2113 1446 tia,
2145 1391 2206 1436 ut
2256 1383 2507 1436 hostibus
2545 1382 2656 1454 49
2699 1382 2782 1436 vel
2819 1380 2872 1436 in
2933 1397 3148 1436 murum
3195 1381 3364 1434 enisis
3410 1381 3583 1437 ardua

2016 1483 2072 1529 et
2113 1475 2327 1529 incessu
2360 1474 2653 1528 admodum
2683 1475 2989 1544 periculosa
3025 1485 3229 1528 essent.
3259 1473 3464 1527 Deinde
3490 1489 3584 1525 au-

2018 1574 2128 1620 tem
2159 1566 2473 1634 conjectura
2501 1565 2666 1632 facta,
2691 1581 2797 1634 qua
2829 1575 2983 1634 parte
3011 1565 3277 1618 moenium
3307 1565 3586 1617 subterra-

2016 1647 2156 1708 neus
2199 1654 2290 1708 ille
2326 1655 2618 1712 cuniculus
2653 1669 3014 1724 processurus
3053 1663 3218 1722 atque
3257 1653 3584 1724 proditurus

2016 1755 2188 1804 esset.
2244 1743 2318 1799 ibi
2358 1744 2508 1798 intus
2553 1741 2755 1798 fossam
2813 1751 3174 1797 transversam
3231 1743 3362 1796 fecit
3412 1743 3585 1794 multo

2019 1833 2434 1903 profundiorem
2489 1849 2649 1902 quam
2716 1835 2932 1888 illorum
2969 1845 3088 1887 erat
3134 1834 3458 1895 cuniculus,
3502 1843 3582 1898 ut,

1951 1905 1991 1962 Β
2019 1939 2143 1980 cum
2182 1924 2401 1980 tandem
2435 1926 2576 1978 intra
2605 1925 2803 1979 muenia
2837 1925 3213 1993 irrepsissent,
3248 1925 3583 1992 necopinato

2019 2017 2074 2072 in
2108 2017 2320 2072 foveam
2355 2018 2656 2086 mortisque
2686 2019 3004 2086 voraginem
3050 2015 3382 2072 inciderent.
3437 2017 3583 2071 Prai-

2015 2107 2306 2175 cipitantes
2361 2107 2510 2161 enim
2561 2107 2971 2176 eos'gravibus
3019 2122 3259 2177 superne
3309 2107 3583 2162 devolutis

2017 2200 2162 2256 saxis
2193 2200 2460 2269 Protinus
2498 2200 2554 2255 in
2605 2199 2802 2254 mortis
2833 2201 2970 2253 retia
3011 2199 3348 2254 inevitabilia
3381 2200 3584 2268 iniece-

2017 2298 2168 2346 runt.
2200 2289 2393 2344 Multis
2421 2289 2619 2343 deinde
2659 2287 3024 2358 praeterlapsis
3056 2287 3252 2341 diebus
3281 2287 3584 2342 Athenien-

2017 2379 2158 2434 sium
2197 2387 2256 2433 et
2324 2378 2711 2432 Thebanorum
2764 2385 3037 2432 venerunt
3097 2377 3321 2440 auxilia,
3383 2377 3581 2432 delecti

2014 2470 2229 2539 equites
2269 2471 2522 2534 trecenti,
2571 2470 2784 2538 pedilcs
2829 2469 3126 2524 voluntarii
3176 2470 3363 2538 plures
3417 2485 3582 2538 quam

2017 2563 2122 2630 ipsi
2152 2561 2444 2618 habebant.
2478 2561 2638 2615 Fama
2665 2577 2793 2615 vero
2819 2576 2916 2628 per
2939 2569 3105 2616 totam
3129 2559 3364 2615 insulam
3393 2577 3581 2630 sparsa

2018 2651 2262 2721 undique
2289 2651 2448 2708 multi
2480 2651 2658 2707 obviis
2689 2653 2925 2722 quisque
2958 2651 3127 2706 armis
3152 2652 3405 2708 instructi
3453 2667 3588 2707 con-

2016 2750 2331 2798 currerunt.
2359 2741 2498 2798 Tum
2529 2740 2866 2796 Venetorum
2900 2740 3012 2795 dux
3041 2749 3206 2810 atque
3231 2742 3420 2797 classis
3446 2757 3585 2812 prte-

2015 2829 2192 2886 fectus
2221 2841 2380 2888 nocte
2411 2833 2624 2886 insidiis
2657 2839 2786 2886 ante
2817 2831 3008 2887 urbem
3037 2834 3092 2887 in
3124 2833 3372 2889 faucibus
3408 2834 3583 2888 collo-

2016 2921 2174 2989 catis,
2205 2922 2416 2978 oriente
2449 2924 2562 2978 sole
2593 2923 2882 2977 manifesto
2904 2924 3092 2993 copias
3138 2923 3348 2996 eduxit,
3381 2925 3585 2980 milites

2015 3011 2195 3081 gravis
2253 3020 2310 3066 et
2359 3011 2498 3066 levis
2553 3021 2886 3077 armaturae,
2945 3013 3278 3082 sagittarios,
3339 3014 3584 3068 hastatos

2017 3105 2342 3174 equitesque
2377 3119 2515 3172 quos
2565 3105 2786 3174 quidem
2837 3105 2894 3160 iu
2928 3105 3130 3160 civium
3185 3120 3415 3160 numero
3453 3116 3587 3161 tunc

352 3205 572 3268 πλείους
625 3205 659 3273 ἢ
705 3203 828 3257 κατ’
858 3199 1094 3266 αὐτούς·
1147 3203 1240 3256 καὶ
1291 3201 1409 3271 ἅμα
1441 3203 1539 3272 τῆς
1597 3204 1787 3274 φήμης
1835 3205 1916 3268 είς

2020 3196 2268 3252 invenire
2300 3196 2478 3264 potuit
2507 3195 2577 3249 ita
2629 3204 2690 3250 ut
2744 3203 2857 3250 tota
2899 3209 3096 3252 manus
3126 3195 3191 3249 ad
3237 3195 3586 3249 militandum

350 3295 479 3362 ὅλην
507 3293 764 3363 χυθείσης
809 3291 907 3363 τὴν
961 3293 1146 3361 νῆσον,
1204 3292 1529 3361 συνέτρεχον
1583 3293 1916 3364 πανταχόθεν

352 3383 572 3448 πολλοὶ,
626 3383 689 3436 τὸ
740 3383 1046 3452 προστυχὸν
1098 3383 1332 3444 ἕκαστος
1365 3381 1468 3436 ἀνὰ
1495 3384 1678 3452 χεῖρας
1705 3382 1916 3454 ἔχοντες

353 3475 541 3530 ὅπλον.
590 3475 659 3526 ’Ὀ
711 3489 775 3540 γε
835 3472 941 3543 μὴν
989 3473 1098 3524 τῶν
1139 3471 1444 3524 Βενετικῶν
1489 3472 1792 3544 στρατηγὸς
1821 3474 1918 3527 καὶ

354 3565 624 3634 ναύαρχος
653 3563 848 3624 νυκτὸς
902 3562 1002 3631 μὲν
1041 3561 1263 3631 ἐνέδρας
1293 3562 1352 3614 ὲν
1377 3565 1496 3625 ταῖς
1529 3562 1634 3631 πρὸ
1673 3563 1774 3633 τῆς
1815 3565 1916 3618 πό..

351 3655 488 3718 λεως
518 3655 816 3724 χαράδραις
858 3652 1216 3721 ὑπέσπειρεν,
1266 3651 1381 3720 ἅμα
1413 3651 1459 3704 δ’
1499 3651 1573 3722 ἕῳ
1619 3653 1781 3723 ἐξῆγε
1817 3655 1917 3724 τὴν

351 3743 580 3812 δύναμιν
604 3741 880 3811 ἐμφανῶς,
898 3740 1141 3805 ὁπλίτας,
1165 3737 1727 3807 πελταστὰς,τοξότας
1743 3757 1802 3794 τε
1821 3741 1916 3793 καὶ

350 3835 737 3903 λογχοςόρους,
771 3834 867 3884 καὶ
910 3832 1067 3894 ὅσους
1105 3829 1408 3897 τηνικαῦτα
1442 3830 1551 3883 τῶν
1599 3833 1717 3884 ἐκεί
1754 3833 1915 3884 πολι-

352 3924 462 3976 τῶν
514 3925 697 3992 εὑρεῖν
745 3923 947 3982 ίππέας
1007 3921 1333 3990 εὐπόρησεν,
1389 3919 1463 3982 ὡς
1518 3919 1760 3988 γίνεσθαι
1818 3919 1917 3990 μὲν

352 4014 505 4084 αὑτῷ
537 4016 636 4082 τὴν
687 4012 1088 4082 στρατεύσιμον
1125 4011 1346 4065 ἃπασαν
1381 4011 1602 4082 ἠλικίαν
1637 4011 1736 4081 οὑχ
1763 4011 1917 4082 ἥσσω

356 4106 816 4176 πεντακισχιλίων
845 4104 1054 4174 ἀνδρῶν
1103 4104 1429 4157 ἐπιλέκτων.
1463 4103 1916 4174 Προσγενομένης

349 4196 397 4247 δ’
424 4197 548 4264 ἄρτι
586 4195 688 4248 καὶ
733 4194 832 4264 τῆς
861 4193 1159 4264 Ἀθηναίων
1200 4194 1297 4246 καὶ
1349 4189 1600 4262 Θηϐαίων
1635 4209 1917 4262 συμμαχιο

355 4287 456 4353 κῆς
495 4284 780 4352 δυνάμεως
831 4281 1142 4352 ἐθάρρησεν
1177 4283 1258 4344 είς
1305 4281 1495 4349 χεῖράς
1521 4297 1581 4334 τε
1611 4281 1708 4335 καὶ
1751 4284 1916 4353 ὁμόσε

355 4379 467 4438 τοῖς
511 4373 794 4443 πολεμίοις
831 4374 969 4425 ίέναι
1005 4373 1104 4442 οὐχ
1131 4368 1300 4446 ἧσσον
1338 4371 1372 4442 ἢ
1415 4371 1721 4436 διπλασίοις
1765 4371 1916 4426 οὖσιν

351 4464 540 4531 αὐτοῦ,
578 4465 781 4534 βέλτιον
812 4463 1055 4532 οίόμενος
1092 4465 1142 4514 εί
1171 4462 1394 4515 δυνατὸν
1423 4462 1732 4532 αὐθημερὸν
1767 4459 1914 4531 αὐτῷ

2024 3286 2220 3342 idonea
2254 3301 2364 3342 non
2401 3287 2585 3342 minus
2609 3287 2855 3355 quinque
2882 3285 3049 3340 millia
3080 3287 3319 3340 virorum
3348 3286 3587 3342 delecto-

2025 3392 2144 3429 rum
2169 3376 2430 3431 eiIiceret.
2482 3377 2713 3432 Auxiliis
2737 3392 2871 3430 vero
2899 3376 3318 3432 Atheniensium
3351 3388 3408 3432 et
3438 3377 3586 3431 The-

2027 3469 2292 3522 banorum
2365 3467 2528 3520 modo
2586 3467 2886 3537 adiunctis,
2944 3467 3184 3522 audebat
3227 3467 3336 3536 jam
3390 3481 3587 3520 manus

2024 3574 2314 3614 conserere
2346 3567 2402 3614 et
2441 3557 2753 3629 confligere,
2809 3575 3120 3628 quanquam
3167 3574 3431 3617 numerus
3485 3559 3587 3614 hov

2025 3650 2190 3705 stium
2221 3651 2397 3706 altero
2447 3660 2599 3706 tanto
2644 3651 2818 3722 major
2869 3661 3008 3707 erat.
3067 3651 3250 3708 Satius
3280 3652 3387 3722 ω
3437 3652 3585 3706 enim

2024 3756 2143 3796 esse
2177 3729 2353 3806 duxit,
2384 3757 2450 3798 eo
2479 3742 2590 3808 die,
2625 3744 2669 3799 si
2720 3743 2836 3797 fieri
2873 3751 3078 3813 posset,
3131 3744 3188 3798 in
3218 3748 3462 3799 omnium
3496 3758 3584 3799 re—

2027 3848 2146 3887 rum
2187 3831 2481 3888 discrimen
2509 3834 2773 3905 pugnari,
2816 3849 2978 3904 quam
3031 3834 3085 3889 in
3120 3834 3340 3904 longum
3372 3842 3589 3903 tempus

2024 3934 2302 3980 certamen
2348 3924 2616 3994 protrahi,
2648 3924 2900 3982 hostibus
2936 3926 3024 3980 die
3070 3933 3336 3994 nocteque
3377 3934 3590 3980 vastan-

2026 4016 2172 4071 tibus
2199 4031 2378 4085 agros.
2425 4017 2602 4083 Quare
2629 4017 2899 4074 instructo
2921 4020 3166 4074 exercitu
3193 4016 3589 4086 ordinibusque

2024 4107 2336 4163 distributis
2366 4149 2381 4175 ,
2423 4108 2858 4170 Atheniensibus
2909 4119 2965 4165 et
3023 4108 3300 4164 Thebanis
3346 4109 3401 4164 in
3452 4109 3588 4164 laevo

2023 4212 2194 4252 cornu
2244 4199 2546 4267 collocatis,
2575 4199 2690 4267 ipse
2725 4199 2918 4254 dextro
2961 4215 3132 4255 cornu
3188 4199 3467 4269 imperans
3516 4201 3586 4255 ad

2024 4288 2210 4346 hostes
2231 4288 2609 4360 duxitcosque
2649 4290 2718 4344 ad
2752 4299 3028 4346 certamen
3079 4292 3248 4360 praelii
3294 4305 3589 4350 conseren-

2023 4377 2154 4432 dum
2187 4388 2469 4450 provocat.
2505 4381 2571 4436 Hi
2601 4381 2781 4437 statim
2805 4383 2970 4438 armis
2996 4384 3228 4452 sumptis
3249 4383 3589 4453 navibusque

2024 4470 2138 4525 fere
2181 4472 2370 4527 vacuis
2403 4472 2613 4528 relictis
2662 4473 2825 4529 initio
2881 4474 3104 4544 quidem
3153 4472 3371 4528 fortiter
3418 4474 3589 4528 insta-

353 4556 447 4610 τοῦ
480 4556 681 4618 παντὸς
711 4554 952 4624 πολέμου
990 4556 1050 4605 τὸ
1075 4554 1231 4616 τέλος
1260 4552 1648 4624 κριθήσεσθαι,
1748 4552 1916 4606 πολύν

2023 4561 2188 4627 bant;
2229 4561 2426 4618 deinde
2459 4578 2591 4620 vero
2619 4565 2867 4633 equitum
2901 4567 3096 4621 turmis
3120 4567 3378 4626 alacriter
3405 4567 3459 4621 in
3494 4581 3594 4621 eos

351 4665 474 4700 τινα
501 4645 787 4717 τρίϐεσθαι
839 4645 1033 4716 χρόνον
1062 4645 1128 4715 τῇ
1163 4647 1332 4717 μάχῃ,
1363 4645 1471 4697 τῶν
1512 4645 1793 4712 πολεμίων
1833 4643 1922 4715 δῃ-

353 4737 558 4790 ούντων
589 4737 785 4798 νυκτὸς
810 4745 906 4788 καί
937 4735 1151 4804 ἡμέρας
1195 4736 1291 4800 τὴν
1323 4732 1528 4804 χώραν.
1567 4733 1734 4788 Ὅθεν
1761 4734 1922 4787 ὲκτὰ-

355 4827 449 4891 ξας
483 4827 574 4878 τὸν
598 4824 827 4894 στρατὸν
852 4825 949 4876 καὶ
981 4824 1208 4892 μερίσας
1237 4825 1314 4885 εἰς
1346 4824 1654 4890 φάλαγγας,
1688 4823 1782 4875 καὶ
1807 4825 1917 4885 τοῖς

355 4918 458 4987 μιν
490 4915 797 4983 Ἀθηναίοις
844 4915 942 4968 καὶ
981 4913 1240 4983 Θηϐαίοις
1271 4914 1334 4965 τὸ
1363 4913 1515 4965 λαιὸν
1556 4914 1726 4983 κέρας
1771 4912 1918 4978 δοὺς.

355 5009 520 5068 αὐτὸς
548 5006 594 5058 δ’
617 5005 761 5074 ἔχων
799 5005 861 5057 τὸ
900 5004 1097 5069 δεξιὸν,
1130 5001 1268 5074 ἦγεν
1297 5005 1391 5056 ἐπὶ
1422 5003 1484 5056 τὸ
1509 5004 1615 5057 τῶν
1646 5005 1919 5075 πολεμίων

357 5096 721 5170 στρατόπεδον
749 5135 765 5161 ,
847 5097 985 5165 πρὸς
1071 5096 1393 5165 συμπλοκὴν
1474 5096 1917 5166 προκαλούμενος

363 5193 522 5260 σφᾶς.
558 5189 1038 5259 ’Λναπηδήσαντες
1093 5187 1186 5240 οὖν
1231 5188 1393 5251 εὐθὺς
1423 5189 1515 5241 ἐπὶ
1540 5188 1611 5241 τὰ
1648 5188 1788 5241 ὅπλα
1818 5191 1918 5244 κά.-

353 5285 547 5344 κείνοι,
594 5282 691 5333 καὶ
741 5278 938 5355 μικροὖ
978 5279 1140 5341 κενὰς
1195 5279 1553 5342 ἀπολιπόντες
1599 5281 1698 5342 τὰς
1743 5279 1916 5346 ναῦς,

353 5373 646 5444 εὐρώστως
678 5373 776 5443 μὲν
806 5375 1061 5442 ἀπήντων
1091 5374 1147 5424 ὲν
1171 5373 1291 5432 ταῖς
1324 5372 1540 5439 ἀρχαῖς·
1567 5370 1735 5423 ἔπειτ’
1763 5372 1920 5441 ἑπιρ-

361 5467 586 5538 ρυείσης
621 5467 720 5536 τῆς
753 5466 923 5518 ἵππου
961 5463 1245 5530 γενναίως,
1279 5465 1374 5514 καὶ
1407 5467 1526 5532 ἃμα
1549 5463 1653 5532 τῆς
1684 5463 1918 5533 πεζικῆς

363 5561 642 5628 φάλαγγος
669 5558 1013 5626 πανταχόθεν
1049 5554 1401 5625 ἐπιχυθείσης
1431 5555 1525 5624 βοῇ
1555 5556 1649 5608 καὶ
1676 5557 1913 5624 ἀλαλαγο

364 5653 469 5723 pq),
499 5653 575 5720 μὴ
597 5652 882 5716 δυνάμενοι
916 5647 1104 5716 φέρειν
1137 5648 1233 5698 ἐπὶ
1279 5646 1413 5699 πόδα
1459 5646 1788 5716 ἀνεχώρουν,
1822 5663 1918 5697 κα-

358 5742 761 5810 ταπατούμενοί
790 5758 850 5792 τε
879 5741 974 5794 καὶ
1003 5738 1456 5808 τιτρωσκόμενοι.
1492 5737 1712 5802 ’Νυκτὸς
1743 5736 1790 5790 δ’
1824 5737 1916 5791 ἐπὶ

358 5839 564 5897 τοότοις
598 5837 896 5904 γενομένης
931 5835 1026 5886 καὶ
1074 5833 1172 5900 τῆς
1215 5833 1389 5901 μάχης
1427 5827 1795 5912 διαλυθείσης,
1821 5831 1915 5882 ἐπὶ

2027 4653 2371 4709 irruentibus
2401 4654 2758 4724 peditumque
2791 4655 3101 4722 legionibus
3142 4655 3212 4708 ab
3241 4655 3389 4710 omni
3437 4667 3592 4724 parte

2026 4743 2264 4798 clamore
2304 4746 2521 4801 sublato
2561 4746 2968 4812 invadentibus,
3023 4747 3287 4815 impetum
3316 4747 3590 4802 sustinere

2027 4851 2134 4890 non
2186 4845 2480 4906 poterant,
2531 4837 2634 4892 sed
2683 4838 2874 4906 pedem
2925 4837 3235 4893 referebant
3289 4838 3590 4908 pz‘oculcati

2026 4937 2189 4997 atque
2217 4927 2510 4983 vulnerati.
2565 4926 2751 4983 Νουιίε
2788 4929 3102 4984 interventu
3143 4930 3334 4998 prazlio
3381 4929 3588 4984 direm-

2027 5029 2121 5089 pto
2159 5034 2324 5074 naves
2354 5020 2818 5087 conscenderunt,
2871 5036 3214 5092 nequaquam
3271 5030 3380 5074 tam
3431 5022 3590 5076 multi

2025 5126 2186 5182 quam
2215 5122 2476 5166 venerant
2511 5128 2686 5182 neque
2717 5113 2910 5168 eodem
2941 5113 3134 5168 habitu
3167 5113 3264 5170 sed
3296 5113 3590 5170 admodum

2021 5217 2156 5258 sane
2183 5206 2481 5258 contrario.
2540 5204 2673 5259 Nam
2721 5205 2776 5258 in
2824 5215 2970 5260 terra
3018 5205 3200 5260 hostili
3247 5221 3356 5260 non
3410 5206 3595 5261 minus

2024 5293 2308 5363 quingenti
2348 5294 2599 5349 homines
2627 5296 2967 5360 occiderant,
3007 5312 3185 5366 neque
3231 5297 3412 5350 minor
3444 5295 3592 5349 milio

2027 5392 2141 5440 tum
2180 5399 2445 5440 numerus
2477 5387 2800 5441 vulneribus
2823 5397 2943 5442 erat
2972 5389 3223 5442 aﬂ‘ectos.
3256 5386 3441 5452 Quare
3474 5388 3590 5456 ipsa

2025 5485 2185 5528 nocte
2215 5476 2332 5530 sine
2366 5476 2558 5531 ordine
2599 5479 2872 5548 proficisci
2903 5478 3080 5533 coacti
3121 5485 3281 5538 sunt.
3325 5477 3591 5546 quasdam

2025 5577 2191 5620 naves
2225 5567 2522 5636 remigibus
2557 5567 2790 5622 nudatas
2815 5583 3000 5622 secum
3034 5567 3334 5622 trahentes.
3375 5569 3595 5624 Venetis

2024 5664 2204 5707 autem
2225 5655 2411 5708 classis
2434 5654 2720 5724 praefecsus
2743 5667 2904 5726 atque
2930 5656 3038 5708 dux
3066 5657 3352 5710 celerrime
3378 5656 3596 5712 duabus

2025 5747 2276 5812 navibus,
2309 5762 2428 5815 qua:
2454 5763 2564 5815 prae
2588 5748 2800 5801 cwtcris
2824 5747 3105 5802 cclcrcsct
3123 5749 3385 5818 expedita:
3409 5757 3591 5812 erant,

2025 5852 2089 5889 ex
2121 5838 2256 5888 mari
2286 5840 2550 5890 extractis
2583 5837 2860 5904 rebusque
2911 5838 3108 5902 obviis,
3165 5849 3428 5908 quantum
3473 5839 3593 5893 ficri
