4050 6634
377 491 450 554 1-‘9
1388 549 1390 551 ς
1610 475 2034 537 NICEPHORI
2071 469 2458 534 GREGORA!

3483 462 3612 524 -40

381 597 586 670 potuit,
631 591 880 654 armatis.
916 589 1146 646 alteram
1177 585 1331 642 misit
1365 583 1645 650 \‘enetias,
1695 597 1818 652 quae
1842 581 1945 650 51
1977 634 1978 642 χ

2085 580 2150 642 ἀς
2181 582 2383 638 οἰκείας
2407 575 2684 630 ὲνεὸαινον
2712 572 2865 635 ναῦς,
2889 571 2985 640 ούχ
3016 571 3126 622 ὅσοι
3149 563 3304 639 ἧκον,
3335 567 3453 622 οὐδὲ
3491 571 3612 639 μεθ’

381 689 574 744 Patres
603 682 819 738 nobiles
853 679 921 734 de
959 677 1127 734 rebus
1168 675 1338 747 gestis
1380 673 1676 730 certiorem
1706 672 1946 732 taceret;

2055 672 2244 740 δμοίου
2285 667 2380 721 τοῦ
2420 667 2721 736 σχήματος,
2755 663 2892 718 ἀλλά
2941 663 3088 734 μάλα
3125 662 3190 730 γέ
3239 678 3293 714 τι
3335 661 3612 727 ἀντιστρό-

380 779 606 832 alteram
645 773 988 844 Byzantium,
1038 784 1160 838 qua:
1213 768 1357 820 idem
1415 768 1696 820 nuntiaret
1726 761 1949 817 Venetis

2083 776 2192 823 :m;°
2225 756 2365 813 εἶναι
2402 758 2502 830 μὲν
2535 758 2642 844 γὰρ
2685 757 2811 819 τοὺς
2851 755 2909 808 ιν
2942 755 3012 824 τῇ
3051 752 3286 844 πολεμίᾳ
3320 752 3500 821 ἐκείνῃ
3535 751 3612 844 γῇ

382 868 456 922 ibi
489 837 860 927 versantibus,
908 837 1180 929 simulque
1210 855 1590 928 specularetur
1617 868 1727 924 quo
1758 852 1944 906 hostes

2083 849 2415 904 πεπτωκότας
2458 845 2556 912 οὐχ
2613 839 2778 913 ἧττον
2814 838 3217 905 πεντακοσίων,
3267 837 3616 907 τραυματίας

383 956 883 1027 proﬁciscerentur.

2053 940 2099 992 δ’
2135 937 2201 992 αὖ
2240 938 2338 1007 ούχ
2390 929 2554 1007 ἦττον
2601 935 2636 1003 ἢ
2679 933 2967 994 τοσούτους
3004 929 3354 1000 γεγενῆσθαι.
3385 930 3470 992 Ὠς
3523 927 3616 980 καὶ

383 1019 830 1112 ἀναγκασθέντας
903 1040 984 1094 ἔτι
1033 1038 1227 1101 νυκτὸς
1292 1036 1459 1102 οὔσης
1541 1031 1881 1103 πλημμελῶς
1964 1029 2264 1082 ἐκπλεῦσαι
2298 1067 2314 1089 ,
2376 1025 2704 1096 λειπομένας
2754 1023 2957 1094 δρετῶν
3044 1023 3187 1084 ἐνίας
3257 1019 3619 1090 παρέλκοντες

383 1142 539 1206 ναῦς.
575 1141 822 1209 Τάχιστα
847 1138 889 1190 δ’
926 1139 954 1190 ό
983 1134 1257 1206 ναύαρχος
1281 1133 1490 1194 δκεῖνος
1517 1130 1610 1182 καὶ
1641 1125 1946 1198 στρατηγὸς
1987 1125 2081 1178 τοῦ
2147 1121 2433 1178 Βενετικοῦ
2499 1120 2694 1175 στόλου
2717 1119 2814 1173 δύο
2847 1119 2954 1173 τῶν
2981 1117 3196 1172 οἰκείων
3223 1115 3453 1178 ἑλκύσας
3483 1113 3618 1168 νεῶν

386 1238 452 1288 ἐκ
503 1235 611 1287 τῶν
659 1208 964 1287 θαλαττίων
995 1230 1227 1292 ὑδάτων,
1270 1227 1369 1288 τὰς
1414 1225 1616 1294 μᾶλλον
1670 1223 1782 1278 τῶν
1844 1221 2022 1276 ἄλλων
2059 1217 2520 1289 ταχυναυτούσας,
2569 1215 2665 1269 καὶ
2692 1213 2767 1278 ὡς
2791 1214 2919 1284 ένῆν
2970 1215 3033 1266 ὲκ
3084 1210 3178 1264 τοῦ
3208 1211 3392 1280 σχεδὸν
3457 1208 3618 1261 καθοο

395 1327 621 1389 πλίσας,
651 1325 750 1394 τὴν
807 1324 906 1394 μὲν
937 1323 992 1385 ις
1022 1322 1122 1391 τὴν
1185 1319 1292 1374 τῶν
1335 1318 1636 1372 Βενετικῶν
1701 1315 2158 1386 ἀριστοκρατικὴν
2195 1310 2516 1366 ἀπέστειλεν
2571 1307 2842 1376 ἐξουσίαν,
2884 1307 3204 1374 φράσουσαν
3253 1305 3322 1357 τὰ
3370 1316 3620 1394 πεπραγ-

394 1419 550 1490 μένα,
582 1417 682 1485 τὴν
707 1414 752 1468 δ’
793 1393 849 1477 ές
898 1413 1218 1477 Βυζάντιον,
1247 1409 1601 1479 δηλώσουσάν
1629 1424 1690 1460 τε
1755 1406 1824 1459 τὰ
1890 1405 2027 1459 αύτὰ
2059 1407 2171 1467 τοῖς
2209 1402 2441 1457 ενταῦθα
2493 1400 2819 1466 Βενετικοϊς,
2861 1398 2951 1452 καὶ
2983 1396 3101 1465 ἃμα
3139 1393 3620 1464 κατασκεψομένην

385 1512 509 1568 τοὺς
547 1506 840 1572 πολεμίους
872 1504 976 1573 ὅπη
1008 1501 1344 1571 πορεύοιντο.

459 1601 647 1656 XVIII.
681 1599 792 1654 Hac
824 1596 947 1651 navi
983 1612 1084 1668 ego
1114 1597 1230 1667 ipse
1259 1605 1448 1650 vectus
1472 1595 1694 1666 perveni
1730 1595 1798 1650 ad
1830 1594 1955 1649 llel-

389 1694 728 1761 les-pontum,
761 1689 853 1742 ubi
887 1704 1013 1743 cum
1046 1687 1210 1741 remis
1239 1687 1490 1740 inhibitis
1510 1687 1578 1741 ad
1605 1696 1821 1756 portum
1854 1685 1958 1740 Te-

391 1783 676 1837 ncdiorum
712 1779 766 1833 in
805 1779 1021 1833 ancoris
1044 1777 1539 1840 commorabamur,
1569 1776 1795 1830 nuntius
1822 1775 1958 1829 alla-

391 1884 480 1927 tus
527 1882 635 1936 est,
677 1870 917 1924 hostium
967 1869 1234 1934 classem,
1281 1881 1338 1922 ut
1389 1867 1604 1921 saucios
1640 1875 1860 1920 curaret
1903 1874 1960 1920 et

391 1974 657 2032 quantum
701 1963 819 2017 fieri
859 1969 1043 2032 posset
1076 1961 1200 2015 loco
1254 1973 1478 2020 eorum,
1533 1958 1628 2028 qui
1675 1957 1728 2011 in
1773 1958 1959 2027 praelio

392 2056 746 2120 ceciderant,
798 2059 1178 2122 supplementa
1224 2050 1369 2106 unde
1412 2050 1725 2121 expeditum
1773 2057 1962 2114 esset,

392 2148 678 2207 scriberet,
715 2147 780 2200 ad
803 2146 997 2199 Chium
1031 2145 1264 2199 insulam
1294 2157 1415 2198 esse
1445 2141 1750 2212 appulsam.
1783 2141 1965 2207 Quare

395 2239 570 2302 navis,
609 2239 802 2290 nuntio
834 2235 1095 2298 victorias,
1119 2250 1280 2304 quem
1314 2233 1631 2305 Byzantium
1665 2232 1962 2302 perferret,

397 2328 603 2382 homini
635 2325 898 2395 expedito
932 2325 1246 2387 commissa,
1275 2338 1369 2378 ora
1399 2323 1577 2377 soluta
1601 2337 1762 2392 quam
1788 2323 1966 2378 celer-

396 2419 533 2472 rime
583 2418 758 2486 potuit
811 2417 1068 2471 Euboeam
1106 2415 1344 2484 repetiit.
1387 2414 1514 2466 Mihi
1557 2429 1687 2468 vero
1729 2422 1968 2482 quatuor

399 2510 515 2564 illic
542 2509 659 2562 dies
700 2507 1064 2562 commoranti
1094 2507 1476 2574 opportunitas
1515 2505 1748 2559 dabatur
1795 2503 1971 2574 Troiae

400 2601 547 2656 illius
573 2601 806 2654 obscura
838 2598 1062 2669 vestigia
1092 2597 1386 2661 iuvisendi,
1418 2597 1484 2651 de
1517 2612 1624 2667 qua
1655 2597 1860 2652 multus
1886 2605 1969 2652 est

391 2693 736 2747 clarissimus
775 2691 1064 2752 Homerus,
1109 2689 1253 2759 quod
1307 2689 1498 2744 classis
1556 2688 1973 2743 innumerabilis

399 2791 469 2838 on
509 2785 770 2838 Ilelenam
797 2783 851 2836 in
881 2798 1002 2837 eam
1025 2781 1270 2852 profecta
1301 2782 1488 2834 multis
1516 2781 1776 2836 heroibus
1803 2781 1973 2835 amis-

400 2879 477 2931 sis
513 2885 633 2945 post
659 2877 844 2930 decem
878 2888 1052 2929 annos
1083 2871 1328 2926 funditus
1381 2887 1498 2926 eam
1533 2872 1783 2942 diripuit.
1817 2871 1975 2927 Vide-

402 2969 526 3022 bam
557 2969 724 3023 etiam
761 2966 1090 3022 Scamandri
1119 2964 1271 3020 ﬂuvii
1301 2965 1462 3026 ostia,
1501 2979 1608 3019 non
1636 2963 1878 3033 quidem,
1915 2972 1975 3017 ut

405 3060 672 3114 Homerus
696 3060 748 3114 in
780 3059 946 3114 Iliade
971 3059 1184 3124 scribit,
1215 3056 1348 3127 ripis
1370 3072 1399 3111 a
1422 3057 1666 3112 Vulcano
1697 3057 1767 3112 ob
1787 3055 1974 3110 Achil-

402 3153 510 3207 lem
543 3152 794 3205 Thetidis
832 3150 1004 3205 illium
1032 3150 1264 3215 adustis,
1306 3160 1578 3220 quatenus
1615 3148 1750 3202 illud
1802 3148 1975 3202 libera

404 3243 680 3297 fabulatus
709 3243 914 3312 lingua,
938 3241 1033 3296 sed
1061 3241 1173 3295 lilia
1201 3241 1462 3309 silvaeque
1483 3254 1548 3294 ae
1569 3238 1753 3292 herbae
1777 3237 1975 3307 insigni

2134 1595 2245 1648 ΠΨ.
2276 1591 2463 1663 Ταύτῃ
2489 1590 2554 1660 δὴ
2598 1592 2663 1660 τῇ
2697 1591 2787 1658 νηὶ
2817 1589 2909 1642 καὶ
2945 1587 3107 1652 αύτές
3135 1585 3370 1657 ἐμαυτὸν
3398 1581 3625 1654 ἐμϐιϐά-

2062 1703 2160 1748 σας
2181 1681 2315 1753 ἦκον
2338 1684 2466 1752 ἄχρι
2505 1680 2599 1734 τοῦ
2637 1681 3030 1751 Ἑλλησπόντου
3049 1695 3066 1712 ο
3107 1678 3294 1734 αύτόθι
3325 1676 3433 1746 γὰρ
3463 1675 3623 1745 ὁρμι-

2065 1781 2276 1849 σαμένη
2323 1779 2422 1831 καὶ
2470 1777 2570 1839 τὰς
2616 1775 2806 1838 κώπας
2857 1773 3104 1843 σχάσασα
3159 1769 3311 1838 παρά
3372 1767 3465 1820 τὸν
3514 1767 3623 1820 τῶν

2063 1873 2328 1927 Τενεδίων
2371 1869 2566 1940 λιμένα
2613 1870 2646 1938 ἡ
2691 1867 2933 1938 φέρουσα
2965 1867 3112 1937 ἡμᾶς
3156 1865 3338 1933 εκείνη
3370 1861 3503 1924 ναῦς
3533 1860 3625 1914 τὸν

2065 1964 2175 2018 τῶν
2221 1963 2497 2032 πολεμίων
2532 1959 2760 2032 ἠκηκόει
2810 1959 2996 2010 στόλον
3027 1960 3084 2021 ές
3112 1957 3243 2010 Χίον
3289 1957 3625 2025 κατάραντα,

2066 2056 2386 2126 ἐπιμελείας
2431 2070 2491 2108 τε
2526 2052 2590 2124 [ῐ.
2626 2053 2727 2106 10⁵1
2776 2051 2836 2122 α]
2885 2051 3048 2104 ἕνεκα
3097 2051 3209 2103 τῶν
3241 2046 3626 2118 πεπληγότων,

2066 2147 2163 2203 καὶ
2192 2148 2310 2220 ἀμα
2336 2147 2460 2201 ὅσον
2499 2145 2732 2200 δύναιντ’
2771 2145 2838 2198 ἂν
2865 2144 2992 2209 τοὺς
3033 2143 3142 2197 τῶν
3165 2140 3629 2209 τετελευτηκότων

2067 2244 2127 2296 ὲν
2161 2244 2227 2314 τῇ
2266 2241 2414 2312 μάχῃ
2448 2240 2646 2304 τόπους
2677 2238 3020 2304 ἐκλέξασθαι,
3050 2237 3245 2291 ὁπόθεν
3285 2237 3416 2307 ῥᾷον
3445 2233 3511 2288 ἀν
3542 2233 3629 2300 εἴη

2071 2334 2243 2404 σφίσι.
2278 2333 2366 2386 Διὸ
2393 2334 2492 2396 τάς
2521 2334 2620 2403 μὲν
2665 2331 2927 2401 ἀγγελίας
2955 2329 3055 2400 τῆς
3084 2329 3242 2399 νίκης
3271 2325 3495 2396 εὐζώνῳ
3524 2328 3631 2377 τινὶ

2068 2425 2334 2478 δεδωκυῖα
2381 2423 2534 2494 ἀνδρὶ
2597 2423 2885 2492 πέπομφεν
2936 2422 2995 2485 ἐς
3037 2419 3356 2485 Βυζάντιον,
3400 2416 3537 2486 αύτή
3587 2413 3632 2468 δ’

2071 2516 2418 2582 ἀναζεύξασα
2435 2517 2533 2585 τὴν
2555 2515 2819 2585 ταχίστην
2842 2513 3013 2584 ᾤχετο
3033 2515 3088 2576 ές
3119 2511 3349 2566 Εύδοιαν
3373 2508 3633 2564 ἀπιοῦσα.

2083 2611 2236 2680 Ἐμοὶ
2267 2609 2322 2664 δὲ
2355 2608 2621 2677 τέτταρας
2659 2607 2872 2678 ἡμέρας
2926 2607 3044 2658 ἐκεῖ
3086 2603 3463 2673 περιμείναντι
3507 2601 3635 2655 θεά-

2074 2699 2271 2753 σασθαι
2321 2700 2676 2766 προσεγίνετο
2719 2695 2918 2765 Τροίας
2968 2693 3185 2764 ἐκείνης
3241 2693 3445 2760 σκιώδη
3497 2690 3638 2760 μνήο

2075 2808 2244 2862 ματα,
2293 2785 2360 2862 ἧς
2408 2788 2574 2853 πολὺς
2626 2787 2852 2858 Ὀμὴρῳ
2892 2785 2970 2856 τῷ
3019 2786 3158 2838 πάνυ
3213 2785 3389 2852 λόγος,
3421 2783 3502 2836 ὅτι
3538 2797 3639 2851 μυ-

2075 2881 2316 2951 ρίανδροι
2387 2879 2565 2933 στόλοι
2626 2878 2696 2931 δι’
2759 2877 2980 2947 Ἑλένην
3041 2876 3260 2946 ἐκείνην
3317 2873 3404 2928 ἐπ’
3469 2871 3638 2939 αὐτὴν

2074 2968 2555 3030 καταπλεύσαντες
2582 2964 2810 3030 πολλούς
2858 2980 2919 3019 τε
2970 2964 3258 3018 ἀπώλεσαν
3285 2961 3392 3015 τῶν
3424 2963 3638 3015 οίκείων

2074 3060 2260 3129 ἥρωας
2309 3059 2408 3112 καὶ
2451 3056 2622 3128 αὐτὴν
2667 3056 2804 3126 μετά
2834 3054 2966 3109 δέκα
3011 3053 3105 3124 έτη
3153 3053 3349 3114 τελέως
3381 3051 3640 3122 ἐξηνδρα-

2076 3153 2384 3207 ποδίσαντο.
2439 3148 2782 3220 Ἐθεασάμην
2836 3147 2883 3201 δ’
2935 3144 3072 3217 ὁμοῦ
3134 3146 3228 3198 καὶ
3283 3144 3640 3214 Σκαμάνδρου

2077 3242 2323 3314 ποταμοῦ
2373 3241 2474 3304 τὰς
2531 3239 2801 3304 ἐκϐολάς,
2855 3239 2916 3304 δς
2971 3238 3121 3307 Ἴδης
3192 3235 3491 3300 ἀποῦλύζει
3546 3233 3643 3288 τοῦ

406 3334 815 3405 pulchritudine
845 3335 988 3388 circa
1028 3347 1158 3387 eum
1190 3331 1406 3396 ﬂorent,
1435 3329 1637 3400 quibus
1668 3331 1830 3385 rebus
1869 3329 1976 3384 Ho-

2083 3335 2257 3406 ὅρους,
2289 3333 2389 3403 ούχ
2417 3332 2491 3394 ὡς
2530 3332 2780 3402 ὀμηρος
2815 3332 2874 3385 ἐν
2918 3330 3100 3384 Ἰλιάδι
3136 3330 3407 3399 καόμενον
3442 3329 3646 3397 γράφει

409 3429 546 3482 meri
581 3428 766 3498 lingua
795 3425 1062 3482 mendacii
1094 3428 1228 3482 satis
1248 3418 1516 3496 arguitur.
1554 3425 1638 3481 Sit
1666 3423 1742 3479 ita
1779 3439 1933 3480 sane.

2078 3424 2179 3488 τάς
2210 3423 2376 3495 δχθας
2405 3421 2512 3478 ὑπὸ
2549 3420 2850 3492 Ἡφαίστου
2881 3419 2951 3473 δι’
2992 3419 3243 3490 Ἀχιλλέα
3289 3420 3378 3471 τὸν
3405 3418 3644 3481 Θέτιδος,

407 3521 528 3572 καθ’
559 3521 684 3573 ὅσον
711 3522 888 3574 έκεῖνο
924 3519 1372 3589 αύτονομουμένῃ
1440 3519 1738 3587 μυθεύεται
1806 3516 2046 3588 γλώττῃ,
2085 3515 2225 3570 ἀλλά
2286 3514 2449 3584 κρίνα
2509 3516 2606 3569 καὶ
2673 3513 2878 3585 λόχμας
2935 3515 3026 3568 καὶ
3080 3514 3239 3584 χλόας
3299 3511 3426 3580 περὶ
3487 3508 3648 3564 αὑτὸν

407 3613 585 3678 ὡραῖα
635 3615 810 3666 πάντα
866 3613 961 3664 καὶ
1012 3612 1110 3681 τὴν
1170 3612 1410 3681 Ὀμήρου
1451 3609 1702 3679 γλῶτταν
1739 3611 1982 3681 ἐλέγχειν
2023 3611 2203 3665 ἱκανά.
2267 3605 2414 3664 Εἶεν.

482 3706 587 3776 52
640 3707 778 3761 XIX.
811 3709 923 3777 Ego
944 3723 1072 3762 vero
1099 3722 1290 3762 navem
1313 3709 1624 3762 onerariam
1654 3717 1875 3778 postero
1897 3707 1986 3762 die

426 3798 748 3869 Byzantium
785 3801 1161 3870 navigaturam
1195 3810 1414 3865 nactus,
1458 3803 1677 3854 domum
1716 3800 1842 3854 veni
1878 3814 1986 3854 non

423 3891 662 3960 amplius
691 3891 878 3946 decem
914 3892 1098 3947 aureis
1122 3893 1362 3946 nummis
1389 3906 1601 3946 mecum
1626 3899 1873 3960 portans,
1905 3905 1989 3946 re-

417 3983 588 4052 liquis
622 3985 877 4038 onmihus
915 3985 970 4038 in
1017 3983 1307 4039 itineribus
1337 3983 1455 4038 istis
1488 3985 1847 4052 consumptis.
1879 3983 1986 4038 Ar-

416 4075 654 4129 bitratus
700 4089 850 4137 vero,
903 4074 1132 4144 singulis
1177 4076 1345 4128 rebus
1375 4075 1703 4130 necessariis
1735 4077 1984 4129 emendis

297 4199 306 4208 ς
417 4168 588 4237 magis
645 4169 841 4221 id‘ouea
891 4182 1011 4221 esse
1070 4167 1399 4221 randuscula
1451 4175 1506 4220 et
1554 4165 1786 4220 minoris
1846 4175 1990 4219 notze

417 4271 696 4321 nummos,
747 4271 946 4310 aureos
981 4255 1104 4310 illos
1146 4255 1298 4310 hisce
1346 4255 1527 4310 statim
1563 4255 1984 4310 commutabant.

419 4348 515 4402 Die
550 4358 730 4403 autem
763 4347 1072 4416 insequenti
1111 4362 1235 4405 cum
1274 4347 1548 4402 venalium
1584 4362 1769 4402 rerum
1798 4347 1991 4401 vendi-

417 4448 563 4492 tores
593 4437 850 4502 adissem,
871 4438 1126 4492 abolitam
1151 4453 1274 4494 esse
1304 4437 1647 4506 reperiebam
1675 4437 1989 4507 pecuniam,

415 4545 579 4597 quam
633 4529 686 4583 in
723 4529 979 4584 manibus
1024 4528 1292 4583 habebam
1333 4529 1563 4596 eiusque
1613 4527 1850 4596 pretium
1883 4541 1993 4580 uno

2161 3705 2266 3761 19'.
2319 3705 2461 3774 Ἐγὼ
2520 3703 2571 3759 δ’
2627 3707 2684 3770 ές
2740 3705 2837 3779 τὴν
2888 3704 3183 3776 ὑστεραίαν
3244 3703 3466 3769 ὁλκάδος
3522 3705 3652 3758 ἀνα-

2089 3798 2329 3870 γομένης
2371 3797 2547 3871 τυχὼν
2583 3801 2656 3864 ’ές
2705 3797 2999 3864 Βυζάντιον
3051 3799 3233 3854 οῐκαδε
3287 3801 3650 3870 ἀφικομένην,

2087 3892 2241 3946 οὐδὲν
2267 3891 2622 3962 νομισμάτων
2650 3891 3047 3962 ἐπιφερόμενος
3071 3889 3202 3946 δέκα
3254 3892 3475 3962 χρυσῶν
3519 3895 3650 3946 ἐπέ-

2086 3998 2244 4036 κεινα
2286 3981 2485 4054 (πάντα
2529 3983 2638 4052 γάρ
2672 3999 2764 4051 μοι
2799 3983 2940 4036 κατὰ
2991 3983 3090 4046 τὰς
3124 3985 3408 4054 περιόδους
3437 3985 3653 4049 ὲκείνας

2087 4071 2403 4142 ἀνάλωται),
2434 4073 2594 4138 δόξαν
2627 4071 2720 4126 οῦν
2748 4075 2873 4142 ἐμοὶ
2903 4076 3021 4137 ταῖς
3047 4075 3170 4127 καθ’
3197 4075 3408 4129 ἕκαστα
3437 4077 3653 4148 χρείαις

2088 4163 2490 4234 ἀναγκαιότερα
2533 4163 2602 4217 τά
2635 4163 2758 4218 καθ’
2801 4165 3008 4218 έκαστα
3055 4167 3149 4220 καὶ
3177 4167 3478 4240 λεπτότερα
3511 4169 3654 4240 μέρη

2089 4255 2196 4308 τῶν
2263 4256 2612 4327 νομισμάτων
2680 4258 2968 4328 ὑπάρχειν,
3023 4259 3134 4312 τῶν
3187 4259 3443 4314 τοιούτων
3496 4262 3657 4324 εὐθὺς

2091 4346 2413 4417 ἠλλαξάμην
2447 4349 2650 4403 ἐκεῖνα.
2687 4349 2796 4403 Καὶ
2825 4350 3244 4422 προσεληλυθὼς
3276 4354 3335 4416 ές
3371 4355 3471 4423 τὴν
3501 4355 3657 4406 ύστε-
3716 4403 3722 4409 .

2097 4438 2256 4510 ραίαν
2281 4441 2394 4502 τοῖς
2413 4439 2483 4491 τά
2505 4439 2640 4493 ὥνια
2671 4441 3098 4510 πιπράσκουσιν,
3115 4441 3273 4514 εὖρον
3304 4444 3660 4504 έκπεπτωκδς

2099 4530 2160 4582 τὸ
2189 4531 2247 4582 ὲν
2289 4531 2478 4600 χερσὶν
2505 4531 2682 4585 έκεῖνό
2723 4549 2813 4602 μοι
2845 4533 3130 4604 χάραγμα,
3158 4535 3255 4588 καὶ
3290 4537 3346 4598 ὲς
3387 4536 3661 4604 τοσαύτην

417 4621 507 4676 die
537 4623 673 4676 adeo
704 4621 1093 4685 imminutum,
1144 4630 1204 4674 ut
1249 4619 1437 4674 decem
1486 4619 1564 4672 illi
1616 4619 1825 4675 nummi
1869 4626 1978 4672 σοι(

2102 4622 2431 4692 κατενεχθὲν
2460 4624 2641 4694 ἡμέρᾳ
2673 4625 2774 4694 μιᾷ
2800 4625 2898 4694 τὴν
2925 4624 3115 4693 ὕφεσιν
3139 4625 3213 4687 ὡς
3245 4626 3344 4696 τὴν
3390 4627 3499 4679 τῶν
3527 4626 3663 4679 δέκα

420 4724 629 4768 tantum
660 4722 1030 4784 exaequarent.
1061 4713 1242 4779 Quare
1265 4722 1421 4768 vetus
1449 4712 1673 4782 quidam
1700 4710 1908 4766 amicus
1937 4711 1978 4765 ir

2103 4730 2196 4790 μοι
2237 4715 2594 4784 νομισμάτων
2634 4715 2858 4769 ἐκείνων
2903 4717 3179 4786 ποσότητα
3225 4717 3530 4788 καταϐῆναι
3563 4719 3662 4786 μέ-

417 4821 580 4861 aures
616 4807 750 4860 mihi
797 4805 1208 4870 insusurravit,
1242 4813 1305 4859 ut
1356 4805 1612 4874 protinus
1659 4804 1852 4859 eodem
1910 4803 1978 4857 die

2098 4823 2218 4876 χρις
2243 4805 2406 4860 ὀκτώ.
2440 4807 2549 4860 Καί
2577 4825 2668 4878 μοι
2704 4809 2837 4876 πρὸς
2882 4808 2975 4871 οῦς
3003 4809 3395 4880 παρεληλυθώς
3443 4827 3525 4874 τις
3554 4811 3664 4864 τῶν

419 4912 611 4952 omnes
645 4898 961 4952 nummulos
987 4896 1068 4982 ad.
1085 4911 1171 4951 res
1195 4897 1534 4951 necessarias
1563 4897 1823 4951 emendas
1846 4895 2002 4950 adhi-

2099 4895 2266 4948 πάλαι
2292 4895 2558 4960 συνήθων,
2585 4894 2897 4966 αὐθημερὸν
2923 4897 3175 4950 ἐκέλευεν
3211 4897 3486 4961 ἐξαντλεῖν
3516 4901 3665 4952 ἆπαν

419 4989 605 5044 berem
635 5028 650 5052 ,
685 5005 752 5043 ne
801 4989 967 5043 rebus
996 4989 1242 5058 quotidie
1277 4988 1471 5057 Euripi
1519 4987 1795 5042 instabilis
1826 4988 1978 5041 iusta

2099 4985 2160 5038 τὸ
2189 4985 2372 5052 κέρμα
2411 4986 2468 5045 ἐς
2509 4984 2578 5038 τά
2618 4985 2714 5054 τῆς
2749 4986 2933 5055 χρείας
2975 4988 3400 5057 ἀναγκαιότερα,
3435 4987 3512 5060 μὴ
3543 4988 3665 5041 καθ’

422 5081 816 5135 ﬂuctuantibus
873 5080 1007 5134 mihi
1060 5082 1372 5144 accideret,
1435 5087 1495 5133 ut
1543 5078 1696 5132 brevi
1751 5087 2000 5147 tempore

424 5171 569 5238 quod
603 5180 733 5224 tunc
761 5170 1042 5235 haberem,
1069 5173 1134 5224 ad
1171 5170 1402 5223 nihilum
1436 5170 1799 5240 redigeretur.
1819 5171 1997 5238 Atque

429 5275 562 5314 sane
598 5259 827 5314 miratus
870 5275 990 5313 sum
1013 5298 1027 5320 ,
1062 5273 1148 5313 me
1199 5259 1328 5314 Dius
1359 5258 1575 5313 Fidius!
1611 5261 1884 5328 quomodo
1915 5257 1998 5313 sol

425 5365 520 5406 sua
552 5351 675 5404 luce
717 5351 923 5403 hancce
958 5357 1159 5402 terram
1197 5349 1526 5405 collustrare
1559 5352 1845 5405 sustineat.
1882 5351 2000 5405 Pa-

427 5442 632 5496 tientia:
659 5455 774 5497 sum
805 5440 1046 5494 rationes
1083 5441 1309 5496 vocibus
1337 5442 1518 5496 tacitis
1563 5442 1679 5510 ipse
1721 5443 1992 5496 sermonis

424 5549 622 5603 expers
648 5549 750 5588 nos
776 5547 806 5586 a
836 5533 1116 5585 communi
1145 5547 1329 5586 rerum
1360 5533 1554 5602 opillce
1576 5547 1828 5588 sermone
1850 5548 1994 5602 prae-

425 5625 572 5680 ditos
604 5623 802 5678 docere
849 5624 1087 5687 videtur,
1115 5624 1209 5693 qui
1236 5665 1252 5690 ,
1284 5640 1594 5695 quanquam
1621 5641 1840 5698 seraper
1868 5625 1995 5681 inde

426 5715 716 5785 praeceptis
741 5717 904 5786 justis
928 5716 1164 5772 instituti
1192 5728 1360 5788 atque
1391 5719 1705 5790 gubernati,
1743 5719 1882 5773 nihil
1915 5727 2001 5772 ta-

432 5821 558 5860 men
599 5822 836 5876 uuquam
863 5823 1056 5863 eorum
1089 5824 1210 5879 qua:
1242 5825 1381 5880 opus
1410 5818 1560 5875 sunt,
1584 5823 2000 5881 cognoscamus.

2102 5077 2316 5148 ἡμέρας
2358 5078 2447 5130 ἀεὶ
2495 5076 2604 5130 τῶν
2650 5075 2928 5144 τοιούτων,
2967 5079 3041 5140 ὡς
3085 5080 3241 5148 δρᾷς,
3289 5081 3668 5134 ἀστατούντων

2104 5169 2330 5240 εύρίπου
2356 5169 2532 5239 δίκην,
2555 5171 2795 5240 καταστῇ
2832 5185 2911 5220 σοι
2939 5168 3097 5221 ταυτὶ
3121 5169 3442 5240 κεκτημένῳ
3474 5173 3670 5240 κεκτῆ-

2107 5259 2232 5315 σθαι
2261 5259 2428 5331 μηδὲν
2456 5262 2513 5312 ἐν
2536 5259 2748 5331 βραχεῖ.
2781 5259 2890 5312 Καὶ
2924 5259 3109 5329 μέντοι
3133 5262 3228 5312 καὶ
3256 5260 3568 5330 ἐθαύμασα,
3603 5263 3669 5333 νὴ

2102 5354 2195 5405 τὸν
2244 5353 2438 5421 φίλιον,
2474 5352 2622 5415 ὅπως
2671 5352 2924 5422 ἀνέχεται
2969 5352 3068 5414 τὰς
3114 5353 3322 5416 οἰκείας
3373 5355 3600 5416 ἀκτῖνας
3643 5357 3672 5407 ὁ

2103 5445 2255 5515 ἥλιος
2291 5443 2619 5513 ἑπιλάμπων
2663 5444 2894 5514 τῇδε-τῇ
2945 5446 3038 5514 γῇ.
3079 5444 3232 5498 Ποιεῐ
3277 5443 3344 5511 δ’,
3375 5444 3450 5508 ὡς
3502 5446 3669 5511 ἔοικε,

2113 5536 2496 5608 μακροθυμίας
2541 5535 2778 5606 τρόπους
2810 5539 3015 5605 φωναῖς
3064 5536 3360 5604 ἀφθόγγοις
3406 5537 3671 5590 διδάσκων

2110 5630 2256 5700 ἡμᾶς
2302 5633 2330 5683 δ
2361 5629 2522 5698 λόγου
2577 5628 2804 5699 μηδαμῆ
2849 5628 3160 5698 μετασχὼν,
3207 5630 3330 5691 τοὺς
3381 5629 3526 5698 λόγῳ
3573 5628 3673 5697 μὲν

2110 5718 2442 5790 τιμηθέντας
2497 5718 2635 5789 πρὸς
2692 5717 2788 5772 τοῦ
2859 5717 3044 5774 κοινοῦ
3099 5717 3467 5788 δημιουργοῦ,
3525 5717 3676 5786 νομί-

2118 5826 2240 5881 μοις
2284 5809 2330 5864 δ’
2379 5811 2470 5865 ἀεὶ
2529 5808 2964 5883 ρυθμιζομένους
3019 5810 3229 5863 ἐκεῖθεν
3259 5808 3673 5879 παραγγελίαις,

434 5901 732 5969 ἑπαῖοντάς
769 5919 833 5972 γε
863 5905 970 5975 μὴν
997 5905 1210 5972 οὐδενὸς
1231 5905 1443 5977 ούδαμῆ
1478 5906 1600 5961 ποθ’
1625 5900 1700 5976 (iw
1732 5906 1991 5962 ἁπάντων
2028 5905 2218 5990 ἐχρῆν.
