4050 6566
325 406 389 470 ii
1340 400 1710 467 BYZANTIN
1743 399 1783 459 Ε
1827 402 1909 460 llI

2026 397 2208 460 )RUS
2253 396 2391 456 UB:
2443 392 2597 454 XXV
3521 383 3592 444 4:!

396 522 483 575 κν.
524 520 691 575 Ἀλλά
737 520 956 591 πρῶτον
999 520 1189 588 ἔμοιγε
1224 517 1382 572 τοῦτο
1423 514 1703 586 λογισμῶν
1734 514 1908 582 ἁλμυ-

2086 510 2204 565 XX.
2249 510 2361 565 Hoc
2391 509 2557 576 igitur
2591 506 2827 576 primum
2857 501 3199 575 naufragium
3233 502 3458 560 acerbas
3488 519 3586 559 co-

326 613 444 684 ρῶν
488 611 736 681 ἐγεγόνει
776 611 1037 680 ναυάγιον
1085 608 1227 680 μετὰ
1274 608 1375 677 τὴν
1428 608 1648 676 μακράν
1688 604 1907 672 ἐκείνην

321 706 611 776 ἐληλυθότι
635 704 928 765 θάλασσαν,
960 702 1216 774 δεύτερον
1249 700 1294 756 δ’
1326 702 1360 772 ἡ
1388 688 1499 754 τῶν
1532 698 1777 770 πατρίων
1805 696 1906 767 τῆς

320 798 422 852 τοῦ
474 797 611 852 Θεοῦ
654 795 977 865 Ἐκκλησίας
1019 794 1309 862 δογμάτων
1361 792 1681 853 κατάλυσις.
1715 788 1785 843 δι’
1837 788 1907 859 ἢν

325 888 634 959 ἀρχόμενον
675 886 755 939 ἔτι
798 883 1050 953 καθάπερ
1090 881 1342 953 όψιγενές
1389 882 1448 934 ἐν
1475 879 1613 951 ληίῳ
1663 876 1906 942 ζιζάνιον

326 980 597 1048 φύεσθαι,
658 981 751 1034 καὶ
807 978 927 1047 ἅμα
1000 975 1095 1030 σοῦ
1166 972 1632 1047 προαγορεύοντος
1691 969 1906 1026 ἀκούων

327 1073 550 1149 μέλλειν
588 1072 655 1126 δι’
692 1072 902 1126 ἔκτισιν
944 1070 1232 1142 ἁμαρτιῶν
1289 1068 1594 1138 συγχωρεῖν
1638 1064 1735 1139 τόν
1772 1064 1908 1118 Θεὸν

323 1167 467 1220 κατὰ
495 1168 594 1236 τῆς
617 1164 777 1236 ήμῶν
809 1162 1092 1228 εὐσεϐείας
1123 1160 1386 1230 διωγμὸν,
1416 1158 1509 1213 καὶ
1537 1155 1907 1225 ξυννενσηκὼς

323 1256 488 1320 αὐτὸς
512 1254 747 1324 ἐμαυτὸν
778 1253 839 1307 οὐ
873 1252 1232 1323 δυνησόμενος
1260 1250 1450 1314 οἴσειν,
1482 1249 1660 1316 φυγάς
1696 1247 1908 1300 ἐθελον-

325 1350 426 1416 τὴς
478 1347 542 1420 If.
598 1347 701 1400 107
754 1345 833 1417 ό.]
879 1342 1185 1414 γεγένημαι
1216 1343 1316 1411 τῆς
1362 1341 1504 1412 ἐμῆς
1534 1339 1769 1409 ταυτησὶ
1802 1355 1909 1417 πα-

327 1442 509 1509 τρίδος
539 1439 625 1510 ἐφ’
649 1439 778 1508 ὅλην
811 1438 910 1508 ῆδη
946 1436 1304 1491 εἰκοσαετίαν.
1340 1433 1469 1488 Είθε
1499 1433 1546 1486 δ’
1576 1433 1658 1486 ἔτι
1703 1436 1906 1501 προτε-

328 1536 512 1588 τίθετο
545 1533 641 1588 καὶ
667 1530 871 1585 πλείων
900 1529 1092 1601 χρόνος
1116 1532 1183 1600 τῇ
1220 1530 1388 1598 φυγῇ.
1435 1523 1578 1587 Ἀλλ’
1608 1523 1798 1594 ἐχρῆν,
1831 1522 1907 1587 ὡς

328 1628 496 1687 ἔοικε.
533 1625 809 1686 θαλάσσας
859 1623 1146 1677 θαλασσῶν
1198 1620 1541 1689 ἀλλάξασθαι
1597 1616 1906 1691 βιαιοτέρας

328 1720 513 1794 πολλῷ
555 1720 666 1775 τῶν
709 1717 1037 1791 ὑπερορίων.
1069 1716 1362 1778 Πλείστους
1405 1715 1513 1785 γὰρ
1546 1715 1606 1767 ἐν
1646 1711 1907 1782 ἀλλοτρία

328 1818 531 1876 τόπους
578 1811 845 1866 διελθόντι
884 1809 977 1864 καὶ
1019 1808 1278 1879 πλείστην
1325 1804 1761 1878 περαιωσαμένῳ
1808 1805 1906 1859 θάα-

2013 604 2307 675 gitationes
2333 602 2517 672 injecit
2544 599 2728 654 animo
2754 597 2859 670 53
2885 612 3008 653 cum
3041 613 3193 653 mare
3220 596 3353 651 illud
3376 606 3592 653 vastum

2014 712 2339 767 permensus
2353 710 2529 750 essem
2554 711 2570 756 :
2596 691 2900 750 secundum
2930 700 3111 746 autem
3138 690 3439 759 patriorum
3460 693 3597 762 dog-

2014 795 2223 843 matum
2284 784 2546 843 Ecclesiae
2611 784 2706 841 Dei
2753 783 3003 850 eversio;
3049 798 3213 854 quam
3266 798 3391 838 cum
3439 784 3594 853 quasi

2015 880 2204 935 lolium
2237 881 2289 935 in
2327 896 2459 935 arvo
2494 879 2803 935 serotinum
2851 878 3035 934 enasci
3070 885 3402 947 coeptantem
3437 876 3596 932 vide-

2014 988 2128 1027 rem
2159 982 2324 1043 alque
2356 982 2407 1027 te
2426 972 2675 1028 audirem
2699 970 3179 1042 praenuntiantem,
3206 968 3344 1030 fore.
3370 976 3429 1024 ut
3452 968 3598 1024 Deus

2014 1082 2116 1137 pro
2141 1075 2491 1137 peccatorum
2527 1066 2769 1121 vindicta
2801 1063 3245 1137 persecutionem
3279 1073 3481 1120 nostra?
3508 1079 3598 1119 re-

2014 1158 2235 1230 ligionis
2265 1160 2606 1226 admitteret,
2633 1175 2701 1215 ex
2734 1157 2839 1214 hac
2868 1173 2988 1213 mea
3022 1157 3218 1228 patria,
3243 1155 3391 1227 quod
3422 1155 3477 1211 id
3509 1170 3597 1211 me

2016 1252 2251 1307 tolerare
2272 1268 2379 1307 non
2404 1266 2564 1322 posse
2592 1250 2986 1321 intelligebam,
3012 1266 3111 1320 per
3136 1254 3381 1320 integros
3401 1246 3596 1321 viginti

2015 1358 2189 1398 annos
2220 1342 2483 1414 profugus
2521 1343 2666 1414 degi.
2694 1342 2913 1401 Utinam
2942 1342 3158 1414 longius
3182 1343 3349 1398 etiam
3382 1349 3598 1410 tempus

2014 1436 2157 1507 fuge
2204 1437 2572 1491 addidissem!
2610 1436 2705 1492 sed
2735 1434 3025 1501 debebam,
3056 1446 3114 1490 ut
3140 1435 3380 1501 videtur,
3414 1433 3597 1489 flucti-

2016 1532 2118 1586 bus
2148 1533 2349 1587 ﬂuctus
2382 1532 2554 1588 multo
2580 1534 2884 1604 peregrinis
2907 1531 3237 1588 smvioribus
3261 1539 3592 1602 permutare.

2013 1625 2334 1695 Quanquam
2365 1633 2511 1682 enim
2554 1627 2611 1680 in
2647 1626 2900 1697 plurimis
2935 1626 3133 1682 alienis
3175 1625 3310 1681 locis
3356 1624 3595 1695 peregrio

2016 1725 2177 1771 natus
2210 1716 2557 1787 plurimaque
2586 1716 2755 1772 maria
2780 1724 3130 1773 transvectus
3155 1731 3300 1777 sum.
3324 1731 3596 1787 nusquam

2015 1817 2194 1862 tamen
2243 1807 2295 1861 in
2345 1808 2480 1863 tales
2530 1808 2731 1865 ﬂuctus
2777 1809 2983 1873 incidi,
3032 1808 3225 1880 quales
3275 1808 3366 1862 hic
3417 1808 3594 1863 coorti

327 1906 566 1969 λασσαν,
617 1902 900 1962 τοιαύταις
963 1900 1117 1961 ούπω
1186 1900 1278 1954 καὶ
1339 1898 1435 1952 νῦν
1495 1898 1909 1969 ἐντετυχηκέναι

2026 1911 2167 1964 illi",
2200 1918 2309 1972 ιιιιο
2345 1918 2600 1956 μενοι-διεδ
2636 1916 2787 1956 nunc
2813 1917 2977 1970 quam
3003 1901 3238 1956 maxime
3271 1917 3354 1957 me
3379 1914 3599 1956 recrea-

329 2000 632 2062 θαλάσσαις
681 1996 1092 2063 ξυνεπεπτὼκει
1137 2010 1252 2064 μοι,
1292 1994 1381 2048 ὅτε
1433 1991 1632 2063 μᾶλλον
1672 1991 1768 2046 καὶ
1804 1993 1907 2062 ὅπη

333 2092 543 2161 μᾶλλον
573 2087 941 2144 ἀναπνεύσειν
971 2085 1158 2159 ᾠήθην
1188 2082 1447 2141 ἐπανιών.
1481 2082 1639 2137 Πᾶσα
1673 2082 1772 2151 μιν
1805 2083 1913 2152 γάρ

331 2180 519 2249 ἐκείνη
568 2178 810 2232 θάλαττα
856 2177 950 2231 καὶ
1011 2172 1224 2229 κλύδων
1276 2171 1421 2234 ἄπας
1480 2170 1599 2224 ἐκεῖ
1662 2168 1915 2240 σώματος

332 2273 549 2343 ἠπείλει
582 2272 842 2335 θάνατον,
872 2267 933 2322 οὖ
953 2267 1052 2338 τὴν
1089 2266 1278 2336 ἔφοδον
1298 2263 1422 2329 ἱκαὶ
1450 2262 1668 2332 φύσεως
1712 2261 1914 2316 ἀθάνα-

332 2381 427 2425 τος
455 2360 637 2431 ψῆφος
679 2357 1037 2425 ἐνομοθέτησε
1088 2355 1359 2425 πρότερον
1385 2368 1400 2383 ο
1433 2353 1482 2404 oi
1512 2350 1567 2403 δὲ
1616 2351 1725 2404 τῶν
1755 2351 1915 2403 θείων

334 2452 625 2523 δογμάτων
673 2449 946 2521 χειμῶνες
993 2447 1092 2501 καὶ
1132 2444 1321 2501 κλύδω
1345 2460 1404 2506 ες
1424 2442 1710 2519 ,ἀθανάτου
1736 2438 1917 2511 ψυχῆς

336 2544 764 2614 ἐπαγγέλλονται
791 2540 1062 2604 θάνατον,
1083 2538 1286 2610 ἣκιστα
1311 2538 1485 2608 πέρας
1515 2534 1671 2587 οὐδὲν
1697 2529 1914 2601 οὐδαμῆ

336 2639 458 2691 ποτ’
519 2637 762 2706 ἐνεγκεῖν
815 2631 1140 2703 δυνάμενον.
1195 2629 1389 2684 Καίτοι
1445 2625 1567 2681 οὐδὲ
1631 2620 1918 2697 πόρρωθεν

335 2731 450 2785 οὐδ’
493 2727 658 2792 αύτδς
704 2726 814 2781 τῶν
860 2722 1118 2779 τοιούτων
1156 2722 1421 2788 κυμάτων
1456 2718 1653 2780 τελέως
1688 2716 1918 2784 ἀνήκοος

336 2816 430 2894 ἦν.
470 2819 636 2876 Ἀλλὰ
683 2819 752 2890 μέ
798 2834 883 2881 τις
935 2816 1231 2870 ύπέσαινεν
1286 2812 1438 2881 ὅμως
1488 2809 1662 2874 ἐλπὶς,
1706 2824 1918 2878 μεμνη-

338 2914 505 2986 μένον
553 2914 653 2982 τῆς
711 2913 849 2979 πρὸς
894 2908 954 2963 σὲ
992 2906 1087 2962 τοῦ
1130 2905 1400 2979 βασιλέως
1452 2903 1634 2972 φιλίας
1679 2904 1772 2958 καὶ
1808 2899 1919 2954 τῶν

336 3007 557 3078 νύκτωρ
612 3005 705 3058 καὶ
749 3003 870 3075 μεθ’
917 3002 1133 3073 ἡμέραν
1178 2997 1408 3067 ὁμιλιῶν
1447 2995 1697 3059 ἐκείνων,
1728 2994 1919 3055 όποῖας

340 3103 408 3154 ἐκ
451 3098 619 3153 πόθου
653 3097 750 3151 καὶ
781 3094 1120 3166 φλεγομένης
1158 3089 1339 3161 ψυχῆς
1383 3089 1623 3141 ἐποιεῖτο
1666 3085 1803 3157 πρὸς
1838 3085 1916 3149 σὲ,

340 3192 440 3247 καὶ
484 3192 617 3263 πρὶν
646 3191 703 3254 ἐς
745 3188 837 3243 τὸν
869 3185 1145 3257 βασίλειον
1184 3182 1347 3236 αὐτὸν
1377 3178 1679 3253 ἀναχθῆναι
1704 3178 1919 3248 θρόνον,

340 3287 442 3341 καὶ
481 3287 633 3349 ὅπως
676 3283 773 3353 τῆς
814 3280 917 3352 σῆς
946 3278 1219 3352 ἐξήρτητο
1266 3275 1366 3346 μὲν
1406 3275 1503 3329 καὶ
1549 3273 1796 3344 γλώττης
1826 3271 1923 3324 καὶ

342 3375 594 3447 γραφῆς.
657 3371 1071 3443 ἀφθονωτέρους
1135 3367 1183 3421 δ’
1256 3364 1421 3430 αὐτὸς
1487 3366 1616 3427 τοὺς
1672 3362 1923 3418 ἐντείθεν

343 3468 557 3540 ἐτρύγα
578 3466 853 3539 καρποὺς,
880 3463 956 3527 ὡς
987 3455 1125 3516 εἶναι
1163 3460 1368 3531 μηδένα
1402 3454 1512 3511 τῶν
1559 3457 1780 3510 πάντων
1814 3456 1924 3525 ὅτῳ

346 3564 468 3620 ποτ’
509 3563 576 3618 ἂν
621 3561 872 3632 οἰηθῆναι
917 3558 1047 3629 ἐνῆν
1077 3556 1405 3626 ἐγγενέσθαι
1445 3554 1523 3626 τῷ
1558 3554 1679 3625 ῆθει
1712 3554 1923 3624 τροπὴν

346 3657 558 3711 ἐκείνου
596 3652 743 3713 τινὰ,
778 3647 978 3719 μᾶλλον
1007 3646 1105 3718 μὲν
1135 3645 1229 3700 οὖν
1259 3645 1352 3700 καὶ
1382 3643 1776 3698 συνεπιδιδόναι
1800 3642 1925 3705 τοῖς

346 3747 444 3802 τοῦ
482 3747 677 3819 χρόνου
713 3743 932 3814 τύχαις.
965 3741 1079 3795 Νῦν
1111 3739 1157 3793 δ’
1194 3738 1470 3809 ἐληλυθὼς
1503 3736 1598 3791 καὶ
1628 3734 1816 3807 μαθὼν
1846 3735 1922 3797 ὡς

350 3842 415 3892 ἐκ
435 3836 730 3905 διαμέτρου
766 3831 835 3885 τὰ
867 3827 1174 3900 πράγματα
1213 3832 1399 3898 σταίη,
1430 3828 1520 3879 καὶ
1563 3823 1801 3895 ἀμοιϐάς
1840 3840 1925 3876 σοι

347 3928 519 3998 δ.δοίη
559 3926 669 3979 τῶν
715 3924 893 3977 πόνων
923 3924 1020 3974 καὶ
1068 3921 1309 3989 φίλτρων
1348 3919 1466 3980 οἵας
1505 3919 1588 3972 σοὶ
1631 3921 1731 3988 μὲν
1780 3918 1925 3989 ὑπὲρ

351 4019 640 4080 εὐσεϐείας
676 4013 929 4071 ἀθλοῦντι
976 4012 1165 4082 φέρειν
1196 4013 1387 4082 ἐχρῆν,
1420 4010 1610 4080 ἐκείνῳ
1657 4010 1702 4064 δ’
1729 4009 1919 4079 «Emme-5.

354 4133 472 4186 ρεεν
516 4114 577 4166 οὐ
633 4111 777 4182 μάλα
807 4109 973 4181 ἐχρῆν
1020 4104 1168 4178 (οὗτε
1205 4107 1314 4175 γάρ
1356 4105 1404 4157 οἱ
1433 4104 1642 4177 διώκτῃ
1669 4102 1925 4171 γενέσθαι

351 4204 796 4276 τῆςεύσεόείας
855 4201 1043 4272 ἐχρῆν,
1091 4196 1208 4251 οὗθ’
1264 4197 1416 4259 ὅπως
1469 4194 1600 4249 ποτὲ
1648 4195 1927 4266 γενομένῳ

353 4299 498 4355 κατὰ
538 4296 633 4351 σοῦ
668 4296 885 4368 κινῆσαι
914 4293 1010 4364 τὴν
1042 4290 1272 4362 γνώμην
1299 4288 1436 4353 ὅλως
1480 4287 1696 4359 ἐχρῆν).
1731 4287 1790 4339 σὲ
1826 4287 1927 4357 μὲν

356 4391 672 4462 ἐμακάρισα
712 4387 812 4457 τῆς
854 4385 1174 4455 καρτερίας.
1212 4380 1361 4450 αύτῷ
1394 4381 1443 4434 δ’
1482 4376 1760 4450 ἠχθέσθην
1792 4379 1926 4444 sed.

354 4489 460 4559 δρα
514 4503 578 4554 γε
634 4484 733 4554 τῆς
794 4481 1075 4542 ἀπονοῐας.
1133 4475 1351 4532 Μᾶλλον
1400 4474 1446 4528 δ’
1498 4474 1776 4545 ἐδάκρυσα
1828 4473 1928 4544 τῆς

2022 2006 2204 2051 turum
2242 2010 2364 2050 esse
2396 1995 2704 2062 sperabam.
2734 1995 2930 2050 Omnia
2959 1994 3106 2049 enim
3138 1994 3242 2050 ista
3272 1995 3444 2049 maria
3480 2008 3602 2049 om-

2022 2103 2230 2158 aesque
2269 2088 2354 2142 isti
2405 2087 2605 2144 fluctus
2651 2088 2902 2159 corporis
2959 2096 3192 2143 mortem
3242 2088 3595 2150 minitentur,

2020 2182 2183 2247 cuius
2241 2181 2525 2250 ingressus
2561 2183 2728 2236 etiam
2782 2191 2993 2235 natura;
3033 2180 3326 2237 immortali
3371 2181 3596 2237 decreto

2020 2277 2327 2347 praeﬁnitus
2358 2287 2478 2344 est;
2512 2293 2826 2333 sanemrum
2859 2286 3042 2333 autem
3085 2278 3401 2347 dogmatum
3451 2287 3595 2332 tem-

2023 2378 2268 2441 pestates
2301 2378 2465 2439 atque
2497 2369 2752 2439 procella:
2789 2367 3118 2424 immortalis
3149 2369 3347 2425 anima:
3377 2369 3599 2424 denun-

2023 2463 2175 2517 ciant
2208 2472 2442 2518 mortem
2469 2502 2485 2527 ,
2527 2477 2650 2532 quae
2684 2461 2893 2518 nullum
2931 2477 3171 2532 unquam
3218 2462 3382 2519 linem
3412 2463 3601 2519 sortiri

2024 2552 2219 2624 possit.
2249 2554 2572 2623 Quanquam
2602 2563 2786 2610 autem
2824 2561 3005 2609 tantos
3038 2552 3239 2610 fluctus
3271 2553 3361 2610 bic
3392 2555 3601 2611 excita-

2028 2658 2113 2703 tos
2138 2663 2273 2702 esse
2303 2662 2370 2702 ue
2398 2647 2593 2716 procul
2628 2647 2849 2716 quidem
2884 2646 3043 2716 plane
3075 2646 3394 2717 ignorabam
3424 2689 3440 2712 ,
3475 2663 3602 2717 spes

2027 2750 2208 2795 tamen
2229 2738 2524 2794 admodum
2559 2738 2758 2793 blanda
2781 2754 2868 2794 me
2900 2738 3097 2801 tenuit,
3127 2753 3252 2795 cum
3278 2739 3604 2796 recordarer

2026 2832 2306 2893 amicitiae,
2341 2846 2463 2900 qua:
2490 2839 2669 2885 tecum
2697 2830 3015 2901 imperatori
3049 2831 3437 2899 intercederet,
3464 2847 3604 2888 cun-

2026 2923 2450 2993 suetudinisque
2506 2922 2656 2978 illius
2705 2932 2992 2979 nocturnae
3044 2931 3102 2978 et
3151 2922 3385 2990 diurnae,
3435 2940 3601 2994 quam

2028 3031 2241 3072 summa
2284 3014 2585 3086 cupiditate
2632 3015 2959 3085 ardentique
2991 3016 3176 3071 animo
3208 3024 3388 3071 tecum
3438 3033 3604 3074 exer-

2027 3115 2202 3171 ceret,
2234 3105 2552 3177 priusquam
2578 3105 2647 3162 ad
2679 3107 2880 3185 solium
2913 3107 3329 3178 imperatorium
3375 3118 3604 3164 evectus

2025 3209 2198 3262 esset.
2244 3205 2413 3270 atque
2456 3206 2518 3253 ut
2554 3195 2663 3269 55.
2707 3198 2819 3254 tuis
2864 3198 3219 3256 sermonibus
3271 3198 3602 3272 scriptisque

2024 3290 2317 3347 devinctus
2342 3288 2658 3346 uberrimos
2681 3289 2896 3347 fructus
2922 3287 3052 3347 inde
3073 3291 3406 3363 collegisset.
3418 3291 3601 3359 Quare

2027 3393 2238 3439 tantum
2271 3382 2481 3447 aberat,
2510 3390 2572 3437 ut
2588 3382 2708 3454 ejus
2734 3398 2918 3439 mores
2944 3383 3301 3439 mutationem
3322 3384 3599 3455 quandam

2024 3475 2215 3531 subire
2248 3490 2408 3545 posse
2444 3475 2570 3548 quis
2610 3484 2869 3546 putaret,
2908 3484 2970 3531 ut
3005 3480 3102 3533 eos
3129 3477 3298 3532 etiam
3338 3478 3604 3547 ternporis

2023 3575 2193 3638 atque
2225 3565 2461 3623 birtunze
2484 3566 2899 3623 conditionibus
2928 3567 3323 3624 incrementum
3345 3577 3605 3639 capturos

2023 3674 2151 3715 esse
2170 3659 2552 3717 arbitraretur.
2577 3659 2716 3715 Cum
2743 3668 2929 3715 autem
2954 3668 3079 3730 post
3096 3659 3395 3717 adventum
3418 3676 3605 3717 meum

2026 3768 2437 3823 cognoscerem,
2469 3768 2656 3808 rerum
2687 3762 2890 3808 statum
2924 3752 3088 3823 plane
3117 3755 3458 3811 contrarium
3480 3770 3606 3812 esse

2025 3855 2234 3901 etcum
2280 3844 2379 3901 tibi
2421 3860 2520 3916 pro
2553 3844 2838 3900 laboribus
2864 3853 3027 3915 atque
3061 3845 3341 3919 amoribus
3372 3848 3605 3918 gratiam

2029 3928 2190 3991 talem
2224 3936 2455 3998 referre.
2472 3937 2689 4007 qualem
2715 3946 2769 3991 tu
2789 3935 3012 4006 quidem
3030 3946 3090 3992 ut
3113 3937 3395 4006 religionis
3419 3939 3607 3996 athle-

2030 4037 2081 4083 ta
2115 4030 2371 4096 accipere
2427 4028 2690 4093 debebas,
2725 4028 2815 4082 ille
2850 4043 2982 4081 vero
3028 4027 3455 4098 haudquaquam
3515 4044 3608 4083 re-

2030 4120 2172 4178 ferre
2202 4122 2441 4175 debebat
2471 4122 2675 4189 (neque
2696 4119 2840 4193 enim
2863 4118 3185 4189 religionem
3211 4134 3452 4189 unquam
3486 4136 3611 4189 per-

2029 4214 2184 4283 sequi
2221 4227 2421 4282 neque,
2453 4211 2498 4266 si
2533 4211 2756 4281 quando
2794 4209 2901 4266 hoc
2926 4211 3151 4273 faceret.
3191 4225 3411 4267 sensum
3442 4227 3607 4266 suum

2029 4306 2085 4361 in
2119 4314 2171 4363 te
2204 4305 2311 4360 ulla
2334 4320 2400 4360 ex
2433 4312 2587 4373 parte
2610 4310 2825 4359 mutare
2849 4318 2975 4358 eum
3009 4300 3287 4375 decebat),
3310 4312 3360 4358 te
3382 4303 3609 4373 quidem

2029 4399 2102 4456 ob
2133 4396 2514 4455 fortitudinem
2551 4394 2764 4451 felicem
2795 4393 3184 4465 praedicabam.
3212 4393 3291 4450 illi
3319 4404 3502 4450 autem
3535 4398 3610 4450 ob

2032 4492 2360 4547 dementiam
2388 4504 2542 4545 suam
2566 4502 2826 4559 perquam
2849 4487 3278 4553 suecensebam;
3308 4470 3574 4543 vellemen
3591 4518 3612 4532 ο

357 4578 628 4640 ἀπωλείας
658 4577 749 4628 τὸν
779 4573 1089 4644 ἄνθρωπον.
1128 4569 1238 4626 Καὶ
1272 4569 1455 4639 μέντοι
1489 4567 1586 4620 καὶ
1615 4566 1921 4637 ἐθαύμασα,

2037 4584 2145 4638 tius
2199 4591 2379 4636 tamen
2426 4581 2548 4653 ejus
2584 4581 2866 4635 interitum
2918 4579 3321 4652 illacrymabar.
3372 4579 3612 4635 Mirabar

355 4674 450 4726 καὶ
478 4667 779 4735 θαυμάζων
810 4665 870 4718 ού
905 4662 1206 4732 παύσομαι.
1239 4659 1356 4722 πῶς
1379 4659 1632 4711 τοσοῦτον
1676 4660 1704 4710 ό
1746 4657 1934 4710 ταλαί-

360 4746 549 4834 πωρος
579 4759 837 4814 ἐλάνθανε
867 4756 1084 4827 χρόνον,
1107 4752 1330 4823 ἀγρίους
1360 4750 1503 4803 οὓτω
1533 4750 1703 4820 θῆρας
1732 4750 1932 4810 κακέας

361 4856 418 4907 ἐν
450 4855 516 4921 τῇ
549 4851 731 4919 λόχμῃ
782 4847 994 4919 βόσκων
1046 4846 1143 4913 τῆς
1169 4843 1373 4913 ψυχῆς.
1405 4841 1465 4895 El
1498 4842 1596 4911 μὲν
1627 4836 1720 4893 οὗν
1762 4841 1936 4911 ἱεροῖς

359 4960 470 4996 τισι
515 4944 606 4996 καὶ
648 4942 983 5011 ἀπορρήτοις
1042 4938 1126 5006 εῐη
1179 4937 1356 5005 λόγοις
1407 4935 1820 5006 ἐνδιαετώμενον
1874 4936 1934 4988 τὸ

360 5037 618 5105 πρᾶγμα,
657 5030 997 5099 θαυμάζοιμι
1031 5025 1183 5099 μέντ’
1211 5025 1277 5080 ἂν
1309 5025 1398 5079 ἀεὶ
1429 5025 1669 5086 σιωπῶν,
1706 5023 1935 5095 ζήτησιν

359 5128 404 5180 δ’
449 5126 707 5195 οὐδεμίαν
758 5123 972 5190 οὐδαμῆ
1023 5136 1154 5172 ποτε
1198 5118 1406 5180 λύσεως
1455 5115 1837 5187 προενέγκοιμ]
1869 5118 1936 5170 ἂν

361 5218 557 5272 οὐδενί.
584 5194 740 5268 Ἆλλ¹
782 5215 904 5267 ἀντὶ
948 5215 1164 5265 πάντων
1204 5194 1279 5263 τέι
1309 5210 1406 5279 τῆς
1442 5210 1539 5279 σῆς
1588 5209 1813 5277 ἀρκέσει
1846 5227 1939 5278 μοι

360 5310 595 5378 θεωρίας
616 5306 753 5376 πρὸς
783 5303 1085 5374 θεραπείαν
1118 5302 1513 5372 φάρμακα,καὶ
1539 5301 1592 5354 εἴ
1614 5299 1719 5353 τιν’
1741 5299 1811 5353 ἄλ
1844 5317 1939 5353 ode

362 5408 636 5474 φέρουσαν
671 5399 881 5471 βούλοιο
910 5396 1094 5467 κοινὴν
1118 5396 1359 5466 ὁμιλίαν.
1398 5395 1457 5446 Ei
1490 5394 1534 5446 δ’
1558 5395 1644 5464 εἴη
1678 5412 1760 5456 τις
1788 5394 1939 5464 παρὰ

363 5495 451 5548 σοὶ
486 5492 863 5562 ταμιευομένη
911 5487 1239 5557 σχολαστική
1288 5503 1371 5549 τις
1413 5486 1648 5550 ἐπίνοια,
1701 5488 1775 5556 μὴ
1807 5503 1939 5539 κατ.

364 5589 512 5642 όκνει
568 5588 737 5655 κιμοὶ
794 5583 1127 5645 κοινοῦσθαι,
1178 5580 1420 5648 φιλότης,
1487 5579 1583 5632 καὶ
1641 5580 1938 5650 φάρμαγον

366 5681 491 5751 ἐμοὶ
540 5681 640 5749 μὲν
695 5678 931 5746 άπυρίας
1002 5674 1223 5745 μακράς
1283 5673 1515 5740 ἐπάγειν
1584 5675 1650 5743 τῇ
1723 5673 1940 5743 διανοίᾳ

367 5774 598 5842 νοσούσῃ
632 5768 693 5825 τὸ
736 5772 900 5839 μέρος
930 5770 1106 5827 τουτὶ,
1142 5769 1222 5819 σοὶ
1264 5765 1308 5818 δ’
1353 5764 1631 5835 ἀναπνοήν
1660 5781 1784 5818 τινα
1830 5765 1942 5818 τῶν

370 5865 469 5938 τῆς
497 5865 676 5935 λύπης
716 5862 1026 5933 ὐλύμπων,
1060 5859 1130 5931 ἦν
1370 5856 1514 5931 ψυχῇ
1558 5859 1942 5932 προσήνεγκαν

685 5956 959 6018 ΡΔτειυι..
996 5955 1114 6017 (in.
1152 5950 1401 6018 CXLIX

2035 4688 2166 4728 sane
2197 4687 2376 4744 neque
2417 4687 2654 4742 unquam
2683 4671 2868 4727 mirari
2898 4672 3167 4738 desinam,
3192 4673 3473 4742 quomodo
3506 4674 3612 4728 mi-

2036 4781 2126 4821 ser
2161 4765 2265 4820 iste
2298 4774 2508 4820 tantum
2539 4764 2804 4839 temporis
2828 4773 2935 4819 tam
2962 4764 3107 4820 feras
3126 4773 3291 4834 atque
3329 4764 3612 4836 improbas

2037 4858 2247 4913 belluas
2267 4859 2320 4911 in
2353 4857 2522 4913 animi
2544 4855 2773 4913 latebris
2797 4856 2937 4932 clam
2963 4860 3111 4914 alere
3141 4857 3405 4927 potuerit.
3436 4858 3492 4912 Si
3521 4873 3613 4912 res

2036 4951 2210 5006 sacris
2260 4949 2593 5019 quibusdam
2634 4958 2692 5004 et
2742 4949 2961 5009 arcanis
3004 4948 3314 5005 rationibus
3363 4949 3609 5005 involuta

2035 5053 2118 5099 est
2144 5084 2160 5109 ,
2193 5042 2355 5099 tacite
2383 5056 2503 5097 eam
2531 5056 2750 5111 semper
2774 5041 3019 5095 mirabor
3058 5055 3237 5112 neque
3270 5056 3510 5112 unquam
3541 5057 3609 5096 ex

2040 5134 2150 5188 ullo
2194 5132 2540 5203 qumsiverim
2567 5171 2584 5197 ,
2629 5129 2910 5202 quomodo
2955 5130 3210 5201 expediri
3246 5130 3442 5201 possit.
3504 5131 3612 5187 Sed

2037 5242 2151 5296 prae
2186 5226 2400 5282 ezeteris
2429 5225 2691 5280 omnibus
2730 5224 2799 5280 ad
2852 5236 3028 5278 meam
3074 5224 3419 5279 curationem
3464 5223 3617 5278 sulli-

2039 5317 2189 5375 cieut
2218 5317 2619 5372 medicamenta
2642 5332 2657 5380 ;
2680 5331 2804 5385 qua:
2832 5324 2937 5370 tuae
2955 5315 3454 5386 contemplationes
3478 5330 3620 5385 pra:-

2039 5409 2216 5473 bent,
2265 5408 2430 5464 etiam
2462 5408 2508 5463 si
2539 5407 2877 5477 colloquium
2908 5408 2977 5462 de
3027 5407 3152 5462 aliis
3192 5407 3361 5461 rebus
3401 5421 3619 5461 mecum

2043 5500 2333 5556 instituere
2360 5497 2517 5553 velis.
2537 5496 2634 5554 Sin
2657 5507 2838 5552 autem
2867 5508 3049 5554 mente
3080 5484 3297 5553 doctam
3321 5496 3620 5567 quamdam

2041 5592 2428 5663 cogitationem
2448 5593 2794 5662 conceperis,
2825 5608 2892 5647 ne
2914 5592 3018 5663 55
3039 5607 3243 5656 cesses,
3265 5592 3618 5659 charissima,

2044 5701 2263 5739 mecum
2295 5700 2415 5739 eam
2446 5686 2856 5741 communicare
2880 5723 2894 5750 ,
2935 5696 2994 5740 ut
3023 5686 3207 5741 attimo
3243 5701 3366 5740 meo
3410 5684 3479 5739 ab
3522 5683 3625 5740 hac

2042 5786 2197 5847 parte
2237 5791 2431 5846 magna
2480 5774 2695 5830 consilii
2743 5774 2926 5845 inopia
2976 5774 3244 5831 laboranti
3291 5775 3622 5831 medicinam

2044 5869 2258 5925 all'cras.
2286 5868 2381 5924 tibi
2408 5879 2589 5923 autem
2618 5867 3038 5940 respirationem
3064 5884 3093 5924 a
3119 5869 3393 5927 maestitiae
3412 5864 3622 5941 ingenti

3271 5964 3310 6028 2
