3984 6630
394 424 468 486 4'3
1577 419 2000 482 NICEPIIORI
2039 421 2426 484 GREGORE
2757 369 2762 376 Ι
3599 423 3670 488 44

393 551 562 594 onere
585 578 598 604 ,
633 550 742 606 quo
779 545 1035 608 tanquam
1074 534 1306 606 Olympo
1360 521 1654 604 premeris.
1686 533 1832 605 quod
1877 549 1976 604 pa-

2093 539 2131 590 οἱ
2161 537 2270 591 τῶν
2304 537 2550 609 πατρίων
2593 537 2884 608 δογμάτων
2914 539 3184 608 χειμῶνες
3219 539 3308 592 καὶ
3351 541 3399 592 oi
3430 540 3536 593 τῶν
3575 558 3670 592 τιο-

397 631 632 688 triorum
671 629 987 702 dogmatum
1032 635 1386 698 tempestates
1425 627 1734 697 ﬂuctusque
1767 627 1982 684 adversi

397 725 469 780 ab
497 723 769 796 improbis
799 722 1226 792 imperatoribus
1256 721 1477 776 excitati
1524 721 1690 776 menti
1743 729 1854 776 ture
1899 721 1984 776 in-

392 819 718 890 iunxerunt.
741 815 1008 871 Solatium
1035 814 1184 868 enim
1211 813 1488 884 quoddam
1518 813 1678 869 nobis
1705 813 1982 870 adducere

399 913 542 968 solet
574 909 906 980 tragicarum
934 908 1312 964 calamitatum
1346 917 1628 978 utcunque
1673 907 1730 962 in
1767 924 1865 962 nos
1896 909 1949 962 in
1973 941 1986 956 ο

2087 631 2270 704 νηρῶν
2308 633 2588 702 ἀρχόντων
2626 633 2964 704 ἀντίπρωροι
3007 633 3300 696 κλύδωνες.
3326 635 3520 702 Φέρειν
3559 635 3669 703 γάρ

2083 719 2540 796 ιη’-παραμύθιον
2602 719 2746 780 οἶδεν
2795 726 3147 796 ἐξαγγέλλειν
3200 727 3300 790 τὰς
3355 728 3502 790 ὅπως
3548 727 3671 778 ποτ’

2085 817 2345 882 ἐπιούσας
2393 819 2450 885 ἐξ
2483 817 2730 888 ἀφανοῦς
2777 819 3113 890 τραγῳδίας,
3147 819 3406 891 καθάπερ
3453 819 3668 874 καιτνοῦ

2086 911 2185 982 τῆς
2217 912 2409 982 ὀδύνης
2435 914 2826 984 ἀφιπταμένης
2853 913 2942 968 διὰ
2973 913 3071 984 τῆς
3110 911 3380 985 γλώττης.

397 1002 712 1060 vadentium
746 1001 1011 1067 narratio,
1045 999 1238 1057 dolore
1265 1013 1525 1072 tanquam
1556 1001 1708 1056 fumo
1747 1017 1846 1071 per
1874 1001 1982 1055 liu-
2071 1065 2080 1070 _

397 1113 556 1168 gnam
595 1097 866 1154 evolante.

467 1191 610 1247 XXI.
638 1191 751 1262 Ego
784 1203 916 1245 vero
945 1188 1253 1244 orationem
1279 1187 1586 1258 excipiens,
1641 1207 1665 1240 ς(
1702 1187 1778 1242 De
1807 1185 1982 1242 trisn-

400 1283 472 1340 tia
495 1324 510 1348 ,
543 1283 793 1352 inquam,
827 1279 1035 1349 optime
1061 1277 1368 1332 amicorum
1411 1275 1806 1346 Agathaugele,
1839 1273 1984 1343 apud

400 1387 452 1430 te
481 1390 588 1430 non
620 1373 808 1427 multis
843 1371 1032 1426 verbis
1059 1370 1194 1424 mihi
1229 1385 1370 1440 opus
1399 1384 1520 1424 esse
1550 1368 1812 1422 arbitror.
1841 1366 1986 1420 Tau-

401 1474 514 1516 tum
549 1466 695 1516 cn'm
728 1461 966 1516 tristitiaa
999 1460 1134 1514 milii
1165 1459 1426 1529 suppr-tit,
1459 1469 1724 1530 quantum
1759 1457 1982 1512 lmtitiae.

399 1554 610 1610 Laetitia
640 1553 790 1608 enim
822 1553 1056 1620 afﬁcior,
1091 1567 1215 1608 cum
1249 1563 1437 1623 specto
1471 1552 1536 1606 ad
1589 1561 1794 1606 aeterna
1840 1565 1984 1620 prato

400 1649 528 1712 mia,
567 1663 691 1717 qua:
737 1645 1026 1717 religionis
1076 1645 1466 1700 defensoribus
1501 1644 1778 1714 proposita
1813 1652 1941 1698 sunt
1967 1683 1983 1708 ,

398 1741 544 1813 quod
581 1740 828 1795 tristibus
877 1739 946 1794 ad
983 1739 1414 1795 consolationem
1459 1738 1758 1792 maximqu
1823 1736 1986 1790 all‘ert

399 1833 800 1899 adiumentum.
836 1830 1039 1901 Maiore
1067 1837 1250 1884 autem
1282 1829 1470 1884 dolore
1498 1828 1769 1898 corripior
1803 1826 1986 1882 Eccle-

400 1921 494 1974 sia:
545 1919 740 1975 videns
788 1919 1160 1974 turbationem
1207 1929 1262 1974 et
1298 1918 1691 1989 imperatorum
1734 1917 1830 1988 qui
1861 1933 1982 1972 eam

399 2013 1129 2083 persequuntur,duritiem,
1154 2011 1247 2083 qui
1273 2013 1420 2067 nulla
1444 2011 1631 2066 habita
1657 2013 1854 2066 anima:
1874 2025 1987 2065 suae

401 2103 618 2158 ratione
665 2117 734 2156 ne
763 2117 890 2156 sero
913 2101 1136 2172 quidem
1163 2117 1284 2156 eam
1320 2101 1424 2156 sibi
1464 2095 1780 2171 Opinionem
1819 2099 1988 2156 infor-

402 2211 554 2252 mare
601 2195 814 2260 volnnt,
847 2209 876 2248 a
915 2193 1026 2249 Deo
1057 2208 1278 2264 poenam
1315 2191 1620 2248 facinorum
1655 2203 1820 2264 atque
1865 2191 1988 2247 vitae

402 2289 595 2358 repeti.
627 2282 857 2344 Maxime
903 2295 1088 2342 autem
1133 2301 1219 2342 me
1265 2285 1480 2340 mordet
1517 2295 1682 2356 atque
1727 2285 1988 2340 sollicitat

402 2381 712 2438 charissimi
761 2378 1130 2436 Cautacuzeni
1185 2377 1398 2434 facinus
1449 2380 1742 2436 manifesto
1789 2381 1844 2435 in
1898 2393 1986 2436 me

403 2478 797 2545 commissura;
824 2476 868 2532 is
905 2474 1054 2530 enim
1079 2515 1095 2536 ,
1129 2489 1293 2544 quam
1333 2473 1599 2530 sinceram
1635 2475 1688 2530 in
1719 2489 1845 2528 eum
1873 2487 1988 2528 sero

401 2587 590 2628 varcm
628 2569 926 2626 amicitiam
967 2567 1284 2639 optimaque
1311 2569 1361 2622 ei
1387 2567 1576 2622 darem
1609 2567 1844 2622 consilia
1871 2609 1887 2634 ,
1926 2573 1988 2622 ut

401 2673 656 2736 parceret
691 2677 802 2718 suae
831 2661 1052 2726 animae,
1083 2669 1144 2716 ut
1177 2669 1430 2732 parceret
1457 2659 1566 2732 56
1586 2659 1748 2715 saluti
1783 2658 1990 2714 libero-

405 2771 530 2812 rum
557 2763 614 2812 ct
653 2753 700 2810 si
749 2752 876 2824 quis
916 2751 1186 2824 sanguine
1233 2767 1358 2807 eum
1409 2752 1737 2821 attingeret,
1784 2749 1987 2820 quippe

405 2849 610 2921 quibus
637 2847 898 2904 erunibus
927 2845 1219 2902 manifesto
1244 2847 1340 2901 irae
1369 2845 1570 2900 divina!
1600 2843 1897 2899 vindictam
1928 2843 1986 2898 in

409 2949 693 3010 posterum
737 2936 1032 2994 relicturus
1059 2945 1226 3001 esset,
1271 2951 1358 2991 me
1387 2935 1492 2990 sibi
1539 2933 1984 2990 inimicissimum

411 3034 484 3090 ob
520 3048 584 3089 ea
617 3031 769 3088 ducit
792 3071 806 3098 ,
841 3030 914 3088 ob
962 3046 1084 3100 qua:
1138 3046 1224 3086 me
1254 3030 1438 3101 potius
1486 3039 1546 3084 ut
1589 3029 1794 3100 optime
1817 3028 1886 3084 de
1927 3040 1986 3084 se

406 3126 665 3184 meritum
713 3137 900 3178 amare
939 3122 1196 3179 debebat.
1237 3125 1416 3194 Atque
1455 3121 1848 3178 cummaxime
1881 3121 1986 3176 im-

2011 1883 2062 1944 B

2158 1183 2291 1235 KA'.
2333 1181 2476 1250 Ἐγὼ
2519 1181 2565 1235 δ’
2633 1183 2941 1250 ὑπολαϐὼν,
2979 1185 3113 1256 Περλ⁵
3163 1183 3264 1254 μὲν
3301 1183 3502 1254 λύπης,
3531 1184 3672 1254 ἔφην

2089 1273 2342 1334 ἐνταῦθα,
2381 1273 2552 1342 φίλων
2597 1275 2788 1346 ἄριστε
2857 1275 3264 1344 Ἀγαοάγγελε,
3307 1276 3429 1329 οὐδὲ
3473 1277 3671 1330 πολλοῦ

2091 1385 2183 1438 μοι
2228 1367 2366 1438 πρὸς
2421 1366 2482 1420 σὲ
2525 1367 2742 1440 δεήσειν
2794 1365 2946 1439 οἶμαι
2979 1367 3044 1442 [ί.
3115 1369 3219 1424 108
3251 1369 3310 1441 a]
3346 1371 3524 1439 λόγου.
3571 1371 3676 1422 Το-

2089 1457 2250 1512 σοῦτο
2298 1460 2406 1529 γάρ
2455 1477 2544 1530 μοι
2597 1460 2847 1532 περίεστι
2887 1460 3068 1530 λύπης
3105 1460 3229 1514 ὅσον
3269 1461 3437 1531 δήπου
3469 1463 3670 1532 χαρᾶς.

2089 1547 2314 1618 Χαίρειν
2359 1550 2459 1622 μὲν
2503 1549 2614 1621 γάρ
2663 1567 2752 1620 μοι
2793 1549 3072 1622 περίεστιν
3120 1549 3221 1622 ἤδη
3255 1553 3393 1622 πρὸς
3421 1552 3520 1614 τὰς
3543 1553 3674 1605 αἰω-

2088 1641 2236 1706 νίους
2279 1643 2518 1714 ἀμοιϐὰς
2572 1641 2870 1713 ἀφορῶντι,
2923 1641 2980 1696 αϊ
3038 1645 3148 1707 τοῖς
3188 1645 3330 1714 ὑπὲρ
3386 1645 3672 1709 εὐσεϐείας

2087 1731 2492 1802 ἠγωνισμένοις
2540 1732 2884 1797 ἀπόκεινται,
2917 1733 2945 1786 ὃ
2991 1733 3251 1803 μέγιστον
3281 1735 3362 1798 είς
3407 1747 3670 1804 παραμυ-

2089 1825 2212 1879 θίαν
2257 1827 2370 1890 τοῖς
2431 1825 2798 1898 λυπουμένοις
2857 1825 3088 1897 ἑφόδιον.
3123 1827 3418 1898 Λυποῦμαι
3475 1828 3520 1882 δ’
3578 1827 3670 1882 οὖν

2093 1917 2296 1989 μᾶλλον
2332 1918 2476 1988 ὀρῶν
2513 1919 2608 1973 τὸν
2649 1920 2808 1974 σάλον
2840 1919 2942 1990 τῆς
2979 1919 3308 1993 Ἐκκλησίας
3341 1923 3524 1977 καὶτὸ
3558 1923 3669 1976 τῶν

2089 2012 2398 2066 διωκόντων
2454 2013 2733 2085 ἀρχόντων
2769 2011 3096 2084 ἀνάλγητον,
3137 2013 3411 2086 μηδεμίαν
3437 2015 3671 2084 ἑχόντων

2077 2103 2348 2184 ,φροντίδα
2399 2101 2599 2174 ψυχῆς.
2628 2103 2750 2174 μηδ’
2803 2103 2896 2173 ὀψὲ
2930 2104 3059 2172 γοῦν
3099 2105 3158 2156 ιν
3201 2105 3276 2174 νῷ
3321 2105 3500 2159 λαϐεῖν
3555 2106 3672 2158 ιθε.

2089 2195 2297 2251 λόντων
2329 2197 2403 2258 ὡς
2452 2196 2566 2249 ἔστι
2605 2214 2689 2259 τις
2735 2197 2918 2249 θεόθεν
2958 2198 3066 2249 τῶν
3107 2197 3458 2267 βεϐιωμένων
3502 2198 3667 2259 τίσις.

2091 2287 2346 2342 Μάλιστα
2397 2285 2440 2338 δ’
2489 2287 2746 2340 ἁπάντων
2778 2287 2837 2339 τὸ
2871 2285 2965 2340 τοῦ
3008 2285 3164 2356 φίλου
3209 2287 3669 2358 Καντακουζηνοῦ

2093 2399 2162 2452 με
2193 2381 2388 2435 δάκνον
2427 2381 2661 2450 ἕστηκεν
2699 2379 2932 2449 ἐγγύῢεν
2964 2383 3197 2452 πρᾶγμα
3223 2382 3559 2454 περιφανῶς,
3586 2383 3670 2434 ὅτι

2093 2493 2185 2546 μοι
2222 2474 2320 2546 τὴν
2378 2473 2562 2542 φιλίαν
2607 2473 2885 2543 ἀκήρατον
2931 2473 3248 2538 διασώζοντι
3307 2475 3446 2542 πρὸς
3476 2475 3666 2538 αύτίν,

2090 2571 2183 2623 καλ¹
2208 2571 2276 2623 τὰ
2306 2568 2561 2640 βέλτιστα
2590 2566 3019 2636 συμϐουλεύοντι
3043 2567 3323 2636 φείδεσθαι
3356 2567 3458 2638 μὲν
3489 2567 3668 2638 ψυχῆς

2089 2665 2187 2734 τῆς
2218 2661 2408 2725 αὑτοῦ,
2443 2661 2725 2732 φείδεσθαι
2756 2662 2812 2716 δὲ
2841 2661 3050 2715 παίδων
3090 2661 3351 2729 ἀξιοῦντι,
3381 2663 3478 2716 καὶ
3505 2663 3559 2715 ετ
3583 2678 3670 2722 τις

2089 2757 2178 2826 είη
2213 2753 2320 2807 τῶν
2345 2752 2470 2808 καθ’
2503 2749 2644 2824 αἷμα
2672 2753 3062 2821 προσηκόντων
3099 2752 3271 2824 αὐτῷ,
3303 2753 3472 2823 ὀργῆς
3518 2753 3668 2815 θείας

2089 2847 2340 2918 διαδοχὴν
2385 2845 2617 2915 ἀφιέντα
2663 2847 2830 2900 πᾶσιν
2880 2846 3067 2908 αὐτοῖς
3112 2845 3430 2915 προφανῶς,
3458 2845 3561 2898 «tas
3599 2862 3667 2914 με

2089 2940 2196 2996 τῶν
2249 2937 2518 3008 ἐχθίστων
2563 2936 2818 3008 ἐνόμισεν
2870 2935 2966 2989 ἕνα
3023 2935 3092 2990 δι’
3132 2937 3168 2990 ἀ
3211 2953 3279 3006 με
3333 2936 3536 3007 μᾶλλον
3591 2936 3669 2994 ὡς

2090 3035 2389 3106 εὐεργέτην
2422 3031 2600 3102 φιλεῖν
2647 3031 2840 3104 ἐχρῆν.
2873 3032 2982 3086 Καὶ
3031 3033 3118 3085 ὅτε
3155 3033 3356 3103 μᾶλλον
3387 3027 3526 3102 εἷχε,
3555 3033 3667 3084 τῶν

2093 3131 2390 3200 σκήπτρων
2415 3125 2816 3198 ἐπειλημμένος
2847 3129 2939 3180 καὶ
2971 3125 3290 3192 δυνάμενος,
3322 3127 3480 3197 εἰπερ
3506 3125 3664 3180 ἐϐού-

407 3219 565 3292 perio
602 3225 874 3287 occupato
908 3227 1161 3272 naturam
1190 3216 1396 3286 optima
1453 3215 1725 3271 sentiendi
1773 3214 1986 3270 ratione

2093 3224 2230 3288 λετο,
2265 3221 2365 3295 τὴν
2399 3223 2562 3290 φύσιν
2586 3219 2861 3274 δεικνύναι
2901 3221 2959 3273 ἐν
2991 3219 3068 3291 τῷ
3099 3220 3370 3290 καλλίστῳ
3400 3219 3500 3290 τῆς
3528 3217 3672 3288 γνώ-

407 3314 682 3380 indutam,
719 3313 762 3369 si
795 3311 982 3378 vellet,
1009 3309 1274 3366 exhibere
1305 3317 1511 3379 posset,
1539 3308 1628 3362 ille
1655 3305 1801 3362 vitiis
1833 3321 1988 3376 pror-

405 3425 504 3464 sus
537 3407 608 3462 ab
641 3422 705 3462 ea
735 3403 1163 3462 abhorrentibus
1187 3417 1306 3459 sese
1331 3401 1658 3458 obstrictum
1692 3403 1866 3456 teneri
1899 3399 1988 3454 lu-

409 3500 665 3556 culenter
695 3497 1098 3554 demonstravit
1128 3505 1206 3561 et,
1244 3508 1588 3566 quzecunque
1631 3502 1791 3547 antea
1823 3489 1990 3546 fecis-

409 3605 522 3660 set,
545 3609 608 3650 ea
643 3592 828 3649 omnia
853 3591 994 3646 nihil
1019 3589 1188 3644 fuisse
1223 3588 1328 3642 nisi
1363 3601 1584 3643 scenam
1613 3595 1666 3640 et
1703 3591 1992 3654 spectacu-

411 3691 526 3746 lum
577 3687 646 3743 ad
703 3697 918 3756 tempus
965 3682 1174 3738 aditum
1225 3678 1380 3734 brevi
1435 3677 1787 3732 maniiestutn
1838 3675 1987 3732 fecit.

411 3781 594 3849 Quare
625 3793 734 3834 non
763 3788 990 3848 possum
1025 3787 1132 3828 non
1179 3769 1546 3826 admiratione
1593 3766 1854 3849 prosequi
1900 3781 1992 3820 sa-

413 3847 652 3944 pientes,
670 3847 997 3942 quidicant,
1023 3880 1152 3922 eum
1190 3865 1346 3919 ﬁrmo
1383 3871 1549 3934 atque
1589 3847 1986 3915 s'i'abiliamore

414 3964 670 4036 amplecti
703 3965 908 4016 amicos
937 3973 1119 4030 posse,
1158 3957 1213 4012 in
1246 3971 1354 4026 quo
1390 3971 1502 4011 non
1547 3953 1680 4009 insit
1715 3949 1992 4022 cupiditas

413 4049 1192 4127 gloriaainserviendi.Gloria:
1219 4049 1366 4104 enim
1399 4046 1702 4118 cupiditate
1734 4045 1992 4100 incensus

417 4163 526 4202 non
579 4147 780 4216 poterit
833 4143 1042 4198 homini
1085 4141 1190 4212 ipsi
1234 4142 1446 4196 amicus
1487 4154 1633 4204 esse,
1665 4137 1759 4193 sed
1805 4135 1992 4208 gloriae

415 4238 560 4310 apud
591 4238 845 4292 homines
875 4233 1220 4305 colligendae,
1259 4233 1419 4303 cuius
1447 4246 1612 4287 causa
1641 4229 1826 4285 omnia
1858 4227 1989 4299 agit,

417 4331 600 4386 omnia
629 4328 880 4398 suscipit,
908 4326 1254 4397 temporibus
1279 4325 1544 4388 inservit,
1591 4321 1658 4376 ad
1708 4319 1996 4391 quodlibet

429 4425 662 4479 fortuna
689 4439 862 4493 genus
904 4435 1024 4477 sese
1065 4419 1342 4491 applicat,
1382 4417 1640 4472 facillime
1689 4413 1992 4470 secundum

421 4529 726 4588 temporum
788 4513 1197 4570 vicissitudines
1235 4511 1653 4567 Chamaeleontis
1710 4507 1816 4562 ritu
1872 4519 1992 4559 sese

2094 3333 2201 3387 μης
2241 3313 2525 3386 κειμένην,
2559 3314 2587 3366 ὀ
2613 3312 2660 3366 δ’
2705 3311 3014 3384 ἀνεκάλυψε
3059 3313 3284 3384 δέσμιον
3327 3312 3437 3366 ὄνθ’
3473 3313 3668 3368 ἑαυτὸν

2091 3411 2202 3472 τοῖς
2229 3410 2290 3462 ὲκ
2314 3409 2609 3478 διαμέτρου
2632 3409 2844 3470 κακοῖς,
2869 3405 3078 3478 σκηνὴν
3102 3407 3170 3458 τὰ
3201 3407 3331 3476 πρὶν
3360 3403 3454 3458 καὶ
3478 3405 3666 3476 δρᾶμα

2092 3505 2375 3576 ἐφήμερον
2411 3501 2547 3556 δντα
2573 3501 2752 3566 δείξας
2795 3499 2991 3554 ἅπαντ’
3023 3499 3187 3553 ἐκεῖν’
3233 3503 3289 3554 ὲν
3330 3499 3542 3572 βραχεῖ.
3577 3499 3672 3551 Διό

2095 3613 2184 3668 μοι
2228 3591 2531 3664 Θαυμάζειν
2553 3593 2800 3663 περίεστι
2842 3591 2968 3654 τοὺς
3001 3593 3198 3668 σοφοὺς
3235 3591 3292 3644 οῖ
3321 3609 3484 3660 φασιν
3523 3593 3668 3643 ὲκεί-

2092 3665 2182 3741 νον
2214 3689 2340 3756 περὶ
2375 3684 2564 3755 φίλους
2587 3684 2799 3753 ἑδραῖον
2827 3684 2922 3736 iui
2950 3665 3178 3753 μόνιμον
3210 3679 3347 3734 εἶναι
3381 3681 3667 3746 δύνασθαι,

2091 3775 2135 3850 ᾧ
2177 3781 2250 3852 μὴ
2284 3775 2557 3849 φιλοδοξίᾳ
2599 3775 2886 3846 λατρεύειν
2919 3777 3095 3828 ἔνεστι
3121 3792 3133 3807 '
3190 3773 3268 3846 τῷ
3313 3773 3420 3845 γάρ
3464 3792 3544 3827 τοι
3583 3791 3672 3843 φι·

2092 3873 2394 3939 λοδοξοῦντι
2443 3869 2582 3940 φίλῳ
2624 3863 2766 3924 εἶναι
2814 3869 3032 3932 πάντως
3069 3865 3242 3922 ἓποιτ’
3291 3867 3358 3922 ἂν
3401 3865 3565 3920 αὑτοῦ
3607 3883 3672 3934 γε

2093 3965 2405 4038 ἀνθρώπου,
2436 3964 2520 4017 ὅτι
2555 3962 2629 4034 μὴ
2657 3964 2756 4033 τῆς
2803 3962 3154 4033 ἀνθρωπίνης
3195 3961 3374 4030 δόξης,
3405 3956 3468 4032 ἦς
3507 3961 3673 4014 ἒνξκκ

2095 4058 2276 4114 πάντα
2313 4056 2414 4128 δρᾷ
2469 4056 2562 4110 καὶ
2610 4057 2775 4108 πᾶσιν
2827 4057 3086 4125 ἐγχειρεῖ,
3121 4055 3216 4110 καὶ
3251 4055 3442 4126 χρόνον
3479 4057 3675 4124 στοχά-

2096 4149 2246 4214 ζεται
2297 4147 2391 4200 καὶ
2449 4144 2640 4218 τύχαις
2690 4145 2874 4216 όμιλεί
2910 4146 3279 4210 παντοδαπαῖς
3347 4145 3442 4200 καὶ
3496 4147 3672 4216 ῥᾷστα

2095 4245 2204 4306 τοῖς
2232 4242 2338 4295 τῶν
2363 4241 2522 4312 ὡρῶν
2556 4238 2993 4310 συμμεθίσταεαι
3045 4237 3231 4300 κύϐοις
3273 4239 3672 4308 χαμαιλέοντος

2094 4341 2315 4407 spinea,
2355 4333 2698 4404 ⁶πανταχόθεν
2745 4333 2845 4401 τῆς
2904 4333 3132 4402 γνώμης
3192 4331 3342 4402 αύτῷ
3407 4350 3668 4402 πραγμα-

2095 4427 2395 4497 τευομένης
2436 4427 2726 4499 εὐκαιρίαν
2784 4429 2957 4479 εἰπεῖν
2989 4427 3412 4496 κακοδαιμονίας
3453 4427 3548 4479 καὶ
3577 4425 3674 4478 τοῦ

2096 4521 2162 4572 τὰ
2197 4519 2392 4572 ἑαυτοῦ
2426 4521 2590 4572 πιστὰ
2622 4521 2734 4582 τοῖς
2773 4521 2936 4572 πᾶσιν
2963 4517 3168 4571 ἄπιστα
3194 4519 3491 4576 δεικνύναι.
3519 4521 3675 4574 Γίνε-

420 4617 741 4674 commutat,
772 4608 956 4661 animo
991 4605 1356 4673 undecunque
1385 4601 1854 4672 opportunitatem
1897 4611 1989 4651 ca-

2093 4627 2184 4664 ται
2218 4611 2328 4680 γὰρ
2381 4611 2556 4682 ῥᾷστα
2591 4610 2692 4679 μὲν
2723 4610 2917 4682 ἐχθρὸς
2954 4605 3034 4675 οἷς
3073 4611 3246 4665 ἐδόκει
3283 4613 3460 4682 φίλος,
3497 4617 3674 4686 ῥᾷστα

423 4712 630 4774 ptaute,
664 4717 772 4772 quo
803 4701 1046 4754 luroretn
1082 4713 1264 4761 suum,
1298 4707 1354 4751 ut
1390 4697 1464 4750 ita
1497 4695 1698 4758 dicam,
1741 4691 1994 4746 exhibeat

419 4806 474 4851 et
504 4795 666 4850 ﬁdem
689 4795 945 4858 munibus
966 4792 1240 4847 inﬁdelem
1275 4797 1514 4860 praestet.
1539 4786 1814 4842 Facillime
1846 4785 1993 4840 enim

424 4889 682 4942 inimicus
713 4885 790 4948 ﬁt,
817 4885 1020 4956 quibus
1046 4883 1258 4938 amicus
1287 4879 1596 4944 Videbatur,
1621 4879 1876 4933 facillime
1909 4877 1997 4930 in-

423 4981 592 5035 sidias
629 4980 818 5044 struit,
859 4977 1063 5047 quibus
1110 4989 1289 5046 nuper
1343 4972 1632 5027 consulere
1683 4971 1992 5031 videbatur,

422 5089 531 5142 quo
557 5074 716 5143 peius
745 5071 1044 5140 quidquam
1073 5069 1131 5122 in
1159 5067 1276 5121 vita
1317 5081 1429 5119 non
1477 5063 1632 5118 facile
1689 5061 1997 5126 inveneris,

422 5164 582 5218 sicuti
607 5173 796 5217 contra
830 5161 1062 5214 honesto
1083 5165 1139 5212 et
1161 5154 1434 5210 constanti
1459 5151 1597 5206 nihil
1622 5161 1706 5208 est
1737 5161 1998 5221 praestan-

423 5256 552 5310 tius.
609 5253 734 5308 llaec
785 5252 970 5307 omnia
1021 5249 1126 5320 57
1173 5255 1358 5302 autem
1409 5246 1624 5300 arcanis
1673 5243 1996 5314 quibusdam

423 5348 788 5404 Providentia:
819 5343 1128 5398 rationibus
1158 5348 1443 5410 reguntur.
1475 5335 1678 5392 Rerum
1709 5335 1870 5390 nobis
1907 5349 1996 5396 ea,

422 5455 544 5510 qua:
583 5455 728 5492 nunc
762 5447 1050 5507 geruntur,
1075 5433 1309 5504 quodam
1334 5431 1496 5486 modo
1518 5431 1848 5484 documento
1879 5439 1998 5481 esse

423 5541 676 5602 possunt,
711 5528 933 5584 divitias
965 5527 1307 5597 gloriamque
1330 5539 1394 5580 ac
1415 5524 1642 5579 liberam
1672 5529 1998 5592 potestatem

422 5622 720 5676 dilucidius
763 5617 1004 5673 hominis
1048 5617 1281 5674 consilia
1315 5625 1484 5686 atque
1533 5613 1776 5669 indolem
1813 5612 2001 5668 decla-

424 5731 572 5774 rare,
629 5726 794 5782 quam
831 5718 1129 5780 egestatem
1178 5709 1457 5780 vitamque
1505 5707 1630 5762 aliis
1679 5707 1997 5762 obnoxiam.

422 5807 747 5866 (insciti-itas
777 5805 924 5860 enim
949 5805 1180 5874 ingloria
1205 5803 1391 5858 invitis
1423 5802 1669 5870 iniuncta
1699 5802 1895 5854 similis
1917 5807 2002 5854 est

423 5896 646 5952 vinculo
681 5896 826 5969 quod
858 5912 956 5969 pro
989 5897 1256 5969 cujusque
1286 5894 1516 5952 arbitrio
1541 5893 1715 5950 laxari
1738 5902 1997 5964 nequeat.

2097 4703 2143 4756 δ’
2171 4701 2456 4767 ἐπίϐουλος
2487 4698 2568 4766 οἷς
2609 4704 2838 4775 ἔναγχος
2883 4705 3058 4758 ἐδόκει
3095 4704 3418 4776 σύμϐουλος.
3453 4708 3528 4760 Οὗ
3561 4711 3676 4779 χεῖ·

2099 4815 2193 4868 ρον
2235 4797 2334 4866 μὲν
2370 4797 2526 4850 οὐδὲν
2561 4797 2618 4850 ὲν
2652 4797 2968 4868 βίῳ,ῥᾴδεον
3003 4794 3159 4869 οἶμαι
3189 4800 3392 4869 εὑρεῖν,
3422 4801 3675 4871 καθάπερ

2099 4885 2164 4942 αὖ
2198 4891 2260 4942 ἐκ
2282 4889 2577 4958 διαμέτρου
2611 4889 2704 4944 τοῦ
2755 4891 2924 4944 καλοῦ
2964 4909 3024 4944 τε
3057 4892 3152 4946 καὶ
3187 4895 3420 4963 μονίμου
3464 4894 3674 4965 βέλτιον

2097 4979 2272 5032 οὐδέν.
2307 4979 2530 5041 Τούτοις
2563 4978 2608 5032 δ’
2648 4979 2856 5034 ἅπασιν
2892 4983 3249 5036 ἐπιστατοῦσι
3279 4985 3380 5048 μὲν
3419 4988 3676 5055 μυστικοί

2064 5087 2246 5142 ,τινες
2276 5071 2426 5139 λόγοι
2464 5073 2748 5142 Προνοίας,
2782 5075 3172 5145 τεκμαίρεσοαι
3207 5077 3251 5129 δ’
3281 5074 3372 5130 οὖν
3405 5079 3499 5132 καὶ
3544 5082 3608 5148 ἡε.
3625 5082 3675 5132 ἰν

2097 5165 2244 5226 ὅπως
2277 5164 2408 5217 ποτὲ
2437 5167 2504 5218 τὰ
2528 5166 2790 5234 γινόμενα
2821 5166 3034 5222 δίδωσιν
3063 5169 3137 5234 ὡς
3169 5172 3392 5236 πλοῦτος
3425 5173 3521 5225 καὶ
3551 5172 3676 5237 δὶξα

2099 5255 2194 5308 καὶ
2239 5253 2534 5324 αὐτόνομος
2592 5254 2812 5319 ἐξουσία
2862 5259 3194 5330 σαφέστερΝ
3230 5261 3526 5332 ἀνθρώπου
3575 5265 3672 5334 δτι-

2099 5343 2252 5398 λοίσι
2303 5347 2527 5417 γνώμην
2563 5348 2657 5400 καλ⁵
2701 5349 2864 5416 φύσιν
2906 5351 2937 5422 ἢ
2989 5353 3150 5404 πενία
3201 5354 3298 5405 καὶ
3353 5355 3677 5421 ύπεξούσιος

2100 5439 2296 5492 δίαιτα.
2338 5439 2533 5509 Δεσμῷ
2587 5442 2696 5512 γὰρ
2740 5444 2957 5508 ἀδοξίαν
3008 5447 3264 5499 ἀκούσιον
3313 5450 3567 5512 ἐοικέναι,

2102 5533 2241 5585 κατά
2266 5533 2491 5602 γνώμην
2523 5537 2680 5588 ἐῶντι
2710 5537 2992 5590 κινεῖσθαι.
3025 5539 3116 5591 Διὸ
3155 5545 3248 5594 καὶ
3279 5540 3562 5596 λανθάνειν
3603 5546 3676 5606 ὡς

2100 5625 2166 5678 τὰ
2203 5625 2372 5678 ιο).λά
2401 5628 2475 5694 μὴ
2503 5627 2626 5690 τοὺς
2657 5630 2846 5701 π’ἰῤῥω
2882 5631 3094 5698 πέφυκε
3137 5633 3322 5700 μόνον,
3348 5636 3427 5684 ὅτι
3475 5635 3549 5705 μὴ
3583 5637 3680 5686 καὶ

2102 5707 2180 5772 οἷς
2217 5712 2382 5766 πολύν
2417 5733 2534 5768 τινι
2571 5721 2808 5770 συνεῖναι
2857 5721 3042 5788 γέγονε
3079 5723 3293 5789 χρόην,
3327 5725 3393 5774 τὰ
3424 5725 3528 5792 ﬁeri
3569 5729 3678 5778 um

2105 5804 2372 5858 πλείσ.ων
2397 5807 2586 5880 ὥσπερ
2617 5813 2870 5881 χρώμασι
2899 5817 3008 5877 τοῖς
3033 5815 3233 5878 ἔξωθε-ν
3280 5816 3680 5887 ἐπιτρβίιύμασι

2102 5899 2300 5994 τδ⁸τῇς
2349 5902 2571 5974 γνώμης
2624 5907 2894 5974 [Sita-wn
2939 5907 3248 5978 πρόσωπιν.
3295 5908 3381 5971 Ὠς
3431 5906 3682 5959 ἐντεῦθεν
