4050 6626
325 379 397 445 Π
1525 379 1891 442 NICEPllOIl

1993 381 2364 442 JREGOILE
3505 379 3576 442 48

322 495 814 553 sacrosanctorum
860 495 1120 552 Ecclesia!
1195 495 1512 567 dogmatum
1573 497 1891 554 defensores

1996 502 2183 564 ἀκοήν.
2227 499 2344 568 Ἀφ’
2376 499 2434 552 οὗ
2471 500 2577 569 γὰρ
2606 499 2702 562 τὰς
2731 499 3003 570 ἡμετέρας
3039 499 3204 552 πᾶσιν
3233 495 3568 551 ἀπέκλεισαν

321 589 566 660 perpessi
601 589 772 644 simus
800 629 816 652 ,
844 588 1123 658 quomodo
1154 589 1394 659 denique
1425 589 1562 644 varii
1610 591 1894 645 hominum

319 683 490 737 animi
519 682 634 738 sive
667 679 929 736 nobilium
958 681 1072 736 sive
1096 681 1201 736 alia
1232 679 1470 746 fortuna,
1506 696 1725 752 genere,
1763 697 1894 752 pru-

321 772 506 828 dentia
539 774 806 828 utentium
835 781 1020 830 nostra
1061 789 1224 828 causa
1267 773 1447 828 aﬂ'ecti
1483 774 1592 828 siut
1617 815 1629 839 ,
1663 784 1772 827 tum
1821 790 1891 830 ne

319 882 422 937 ego
443 865 664 938 quidem
689 869 1041 933 cessaverim,
1064 883 1184 938 quin
1215 878 1338 936 apta
1361 877 1508 933 sunt,
1545 867 1638 924 tibi
1666 885 1890 937 respon-

320 957 451 1015 dere
481 967 536 1013 et
556 959 638 1014 vel
664 960 993 1015 valetudinis
1027 960 1396 1016 imbecillitate
1429 961 1706 1030 animique
1735 961 1890 1029 aegri-

321 1054 511 1110 tudine
546 1055 858 1124 posthabita
913 1064 1058 1110 tuam
1089 1055 1280 1110 audire
1327 1054 1722 1108 narrationem.
1767 1055 1886 1120 Quo

319 1147 466 1202 enim
489 1163 556 1204 ex
585 1158 832 1218 tempore
865 1157 1084 1202 nostras
1118 1147 1264 1202 fores
1288 1147 1544 1202 omnibus
1575 1148 1891 1201 clauserunt

319 1237 490 1292 nostri
523 1247 578 1292 et
617 1238 874 1294 Ecclesia:
912 1239 1216 1302 carnilices,
1245 1239 1382 1292 nihil
1413 1240 1637 1294 omnino
1667 1238 1734 1292 de
1769 1240 1890 1293 tati,

321 1327 424 1382 bus
458 1328 620 1384 rebus
654 1345 825 1400 usque
851 1329 918 1384 ad
945 1329 1093 1384 hunc
1127 1327 1271 1382 diem
1305 1329 1645 1384 accurratius
1677 1329 1890 1385 discere

323 1420 497 1488 potui,
526 1437 840 1491 quanquam
884 1437 1072 1478 earum
1127 1421 1365 1490 cognitio
1399 1422 1636 1476 maxime
1667 1422 1800 1476 mihi
1835 1422 1891 1478 in

319 1513 521 1582 optatis
567 1523 673 1570 est.
711 1516 792 1582 Ad
824 1514 1164 1585 prapositum
1200 1513 1366 1584 igitur
1397 1529 1678 1583 regressus
1705 1516 1888 1570 omnia

2005 589 2174 658 θύρας
2212 592 2260 642 οἱ
2293 591 2392 659 τῆς
2421 588 2704 650 εὐσεϐείας
2753 587 2846 641 καὶ
2879 587 3035 657 ἡμῶν
3083 586 3292 658 δήμιοι,
3327 586 3390 639 οὒ
3421 585 3570 640 δεδύ-

2001 681 2172 750 νημαι
2221 699 2272 734 τι
2333 682 2500 750 σαφὲς
2547 681 2672 750 περὶ
2716 679 2823 732 τῶν
2864 679 3124 732 τοιούτων
3183 677 3377 746 μαθεῖν
3417 676 3572 730 οὺδιν

1999 775 2213 846 οὐδαμῆ
2255 793 2341 828 πω
2379 776 2542 844 μέχρι
2577 776 2672 827 καὶ
2715 775 2976 843 τήμερον,
3013 771 3077 844 [Γ.
3109 773 3210 828 109
3241 789 3274 826 a
3305 769 3325 842 ]
3358 772 3451 822 καὶ
3485 772 3572 838 γὲ-

1998 868 2147 920 νεταῑ
2187 885 2276 937 μοι
2325 867 2414 919 διὰ
2449 867 2707 936 πλείστης
2749 867 2990 934 ἐφέσεως
3025 866 3056 934 ἡ
3087 863 3294 917 τούτων
3328 864 3471 933 μάλα
3504 862 3567 930 γέ.

1996 977 2048 1013 τι
2077 961 2298 1028 γνῶσις.
2344 959 2655 1016 Ἀναλειϐὼν
2713 954 2808 1012 οὖν
2867 974 2958 1029 μοι
3000 957 3126 1025 λέγε
3173 956 3348 1010 ταῦτα
3389 955 3570 1010 πάντα

1993 1051 2118 1106 καθ’
2149 1053 2402 1116 ἕκαστον,
2435 1051 2748 1124 προστιθεὶς
2783 1052 2880 1105 καὶ
2911 1052 3002 1104 τὸν
3045 1050 3238 1120 καιρὸν
3271 1047 3408 1118 ὁμοῦ
3438 1046 3564 1100 καθ’

1993 1147 2052 1201 ὄν
2091 1163 2150 1200 τε
2199 1147 2360 1210 αὐτὸς
2421 1148 2478 1209 ἐς
2523 1146 2814 1211 Βυζάντιον
2843 1141 2998 1216 ἧκες,
3029 1144 3124 1198 καὶ
3181 1145 3315 1214 πρός
3365 1159 3430 1212 γε
3485 1142 3569 1195 ἔτι

1991 1239 2116 1294 καθ’
2149 1239 2208 1294 ὃν
2236 1241 2444 1292 ἕκαστα
2484 1241 2692 1292 τούτων
2727 1239 3086 1307 ἀκήκοας,ὡς
3118 1239 3184 1292 ἂν
3219 1235 3344 1291 καθ’
3375 1235 3567 1304 εἱρμὶν

1994 1333 2205 1387 ἐκεῖθεν
2231 1332 2526 1402 κατιούσης
2561 1333 2658 1402 τῆς
2679 1333 2984 1403 διηγήσεως
3018 1329 3566 1401 εὐπαρακολούθητος

1992 1426 2086 1478 καὶ
2120 1425 2316 1494 ἡμῖνὴ
2361 1424 2470 1477 τῶν
2501 1422 2762 1476 τοιούτων
2807 1422 3114 1491 ἐγγίγνοιτο
3159 1420 3397 1493 μάθησις
3441 1419 3573 1471 ἐκα-

1990 1517 2232 1588 τέρωθεν
2260 1519 2570 1588 ἑκατέροις.

325 1607 458 1664 mihi
484 1608 798 1677 singulatim
821 1609 1280 1680 exponas,addito
1305 1610 1470 1665 etiam
1495 1621 1759 1681 tempore,
1781 1629 1891 1682 quo
1929 1613 2252 1688 Byzantium
2315 1616 2552 1671 redieris
2585 1625 2641 1672 et
2669 1631 2778 1686 quo
2810 1613 3052 1686 quidque
3115 1611 3414 1676 audiveris,
3463 1611 3575 1683 60

322 1711 383 1757 ut
418 1701 734 1758 narratione
781 1701 906 1758 inde
947 1720 1012 1759 ex
1053 1707 1246 1760 ordine
1291 1707 1624 1776 procedente
1675 1708 1892 1778 utrique
1927 1721 2180 1768 nostrum
2225 1711 2467 1782 cognitio
2539 1727 2722 1766 rerum
2791 1709 2861 1766 ab
2909 1719 3138 1778 utraque
3173 1717 3325 1778 parte
3358 1706 3575 1777 perspi-

321 1813 426 1853 cua
457 1797 674 1852 evadat.

387 1933 557 1990 XXII.
595 1954 612 1986 ι
643 1934 800 2000 Quod
829 1937 892 1991 ad
928 1945 1144 2006 tempus
1189 1939 1408 2003 attinet,
1444 1938 1650 2007 inquit,
1687 1937 1897 2008 Byzan-
1934 1944 1974 2000 Β

321 2033 455 2086 tium
485 2040 607 2100 post
630 2029 894 2084 canicula
919 2037 1102 2084 ortum
1153 2037 1343 2085 aestate
1387 2032 1501 2102 jam
1535 2039 1770 2085 exeunte
1804 2045 1894 2084 re-

317 2136 512 2177 versus
575 2137 719 2176 sutn.
773 2121 907 2176 Navi
971 2136 1228 2192 egressus
1272 2121 1498 2176 domum
1549 2123 1674 2177 veni
1707 2121 1894 2190 ibique

316 2214 632 2286 quindecim
681 2213 976 2268 continuos
1015 2215 1132 2269 dies
1178 2224 1430 2270 versatus
1477 2229 1565 2268 me
1619 2213 1785 2268 refeci
1839 2223 1896 2270 et

317 2305 610 2378 navigandi
645 2306 927 2361 molestias
969 2305 1172 2361 sensim
1222 2307 1600 2377 paulatimque
1635 2306 1889 2361 abstersi.

319 2401 480 2454 Hisce
509 2397 706 2454 diebus
734 2389 857 2454 aliis
901 2398 1037 2454 alias
1073 2399 1262 2455 amicis
1295 2414 1381 2453 me
1432 2399 1894 2454 convenientibus

314 2501 370 2548 et
400 2507 614 2547 meeum
639 2491 1099 2547 conversantibus
1146 2502 1404 2548 accurate
1437 2491 1619 2546 omnia
1647 2490 1892 2560 comperi

313 2589 384 2644 de
425 2587 630 2660 synodo
685 2577 811 2650 ista,
853 2599 1018 2657 quam
1076 2583 1355 2647 dicebant,
1405 2599 1512 2654 qua
1565 2583 1779 2638 ratione
1825 2597 1896 2637 ex

259 2671 271 2682 ’
317 2682 780 2750 tempore'coacta
804 2684 974 2741 esset,
999 2691 1124 2746 quas
1153 2675 1227 2730 ibi
1255 2691 1284 2729 a
1311 2674 1638 2746 praesidibus
1659 2674 1894 2730 Palama:

318 2768 753 2839 suﬂragantibus
803 2774 862 2821 et
927 2765 1106 2837 palam
1163 2764 1541 2838 dejerantibus
1608 2765 1894 2836 illegitime

312 2871 486 2934 gesta,
539 2875 650 2932 quo
711 2867 870 2932 pacto
904 2859 1100 2930 dogma
1150 2859 1218 2914 de
1269 2859 1456 2913 multis
1505 2857 1894 2914 divinitatibus

312 2967 496 3012 ratum
527 2953 758 3021 factum,
789 2953 1113 3024 mysterium
1142 2966 1278 3006 vero
1309 2951 1706 3006 incarnationis
1729 2966 1892 3006 ever-

315 3062 436 3102 sum
467 3055 637 3102 esset.
681 3045 884 3101 Praeter
917 3044 1026 3098 alia
1056 3057 1210 3109 vero,
1242 3057 1364 3112 qua:
1409 3057 1478 3095 ne
1511 3041 1740 3096 auribus
1767 3039 1893 3112 qui-

313 3139 442 3195 dem
497 3137 810 3202 hominum,
861 3135 956 3206 qui
1006 3136 1094 3206 pie
1142 3145 1308 3206 atque
1367 3133 1648 3189 moderate
1709 3133 1894 3188 vivere

319 3231 511 3298 velint,
541 3227 840 3300 ingerenda
869 3235 1017 3290 sunt,
1059 3227 1152 3282 illa
1185 3241 1405 3297 quoque
1455 3226 1738 3287 nimirum,
1771 3239 1894 3295 quas

313 3327 554 3382 barbare
587 3333 644 3380 et
673 3323 900 3380 eﬂ‘erate
951 3321 1061 3386 isti,
1106 3313 1308 3390 quibus
1357 3327 1636 3389 pastorum
1685 3332 1886 3371 munus

309 3417 532 3489 obtigit,
563 3424 872 3490 gesserunt,
924 3414 992 3470 de
1018 3415 1220 3484 quibus
1261 3411 1576 3483 pastoribus
1618 3411 1884 3466 Dominus

313 3512 453 3568 dixit
485 3528 500 3567 :
541 3531 561 3564 ι
592 3511 849 3568 Pastores
898 3507 1271 3568 insaniebant,
1313 3513 1562 3576 pastores
1597 3505 1886 3558 vastabant

311 3603 524 3663 vineam
553 3616 728 3658 meam
749 3602 792 3656 '.
823 3618 842 3654 ι
870 3599 1122 3670 Comperi
1145 3599 1332 3662 etiam,
1357 3607 1418 3652 ut
1447 3597 1882 3666 persecutionem

313 3696 795 3754 herribilissimam
867 3693 1070 3763 ubique
1129 3691 1495 3747 instituissent
1560 3709 1574 3744 :
1635 3697 1696 3744 ιιι
1758 3689 1886 3744 dein

312 3790 562 3847 nonnulli
591 3788 838 3860 episcopi
868 3801 992 3842 cum
1017 3785 1298 3840 nonnullis
1327 3791 1380 3840 et
1405 3796 1596 3837 omnes
1617 3781 1729 3836 fere
1762 3797 1886 3836 cum

312 3883 567 3940 omnibus
593 3879 972 3942 dissedissent,
1019 3888 1276 3946 tanquam
1319 3873 1642 3945 poenitentia
1675 3874 1802 3928 tacti
1833 3882 1888 3928 et

311 3972 694 4046 magnitudine
738 3970 1009 4026 scelerum
1041 3982 1267 4022 suorum
1299 3966 1407 4036 ει
1441 3965 1546 4034 ipsi
1607 3964 1886 4033 perterriti

311 4065 680 4124 contumelias
711 4073 766 4121 ct
794 4062 1114 4119 inimicitias
1153 4060 1400 4115 omnium
1435 4060 1802 4129 undecunque
1830 4060 1885 4115 in

307 4173 406 4214 eos
427 4157 690 4213 conﬂatos
715 4157 939 4210 omnino
965 4152 1108 4206 terre
1137 4167 1242 4206 non
1271 4161 1494 4220 possent
1521 4169 1534 4202 :
1562 4157 1618 4202 ut
1649 4149 1888 4219 denique

311 4249 612 4320 imperator
660 4248 716 4302 in
763 4245 974 4300 medios
1024 4244 1245 4298 irruens
1301 4244 1441 4296 alios
1495 4242 1780 4296 blanditiis
1833 4249 1889 4295 et

315 4338 726 4413 largitionibus,
767 4337 905 4391 alios
937 4335 1099 4389 minis
1129 4335 1233 4390 sibi
1280 4333 1537 4388 subactos
1569 4333 1620 4385 in
1656 4333 1887 4386 Palanue

315 4441 497 4502 partes
529 4431 791 4486 traxisset
821 4439 874 4484 et
908 4427 1200 4491 eﬂecisset,
1231 4435 1286 4478 ιιι
1321 4440 1494 4479 novos
1535 4433 1711 4478 tomos
1735 4439 1888 4478 com-

315 4531 584 4595 ponerent
653 4521 854 4592 quibus
904 4519 1240 4590 impietatem
1291 4517 1410 4586 ejus
1471 4516 1884 4569 conﬁrmarent.

2088 1939 2146 1994 '0
2184 1942 2281 2008 μὲν
2306 1939 2370 2011 δὴ
2411 1939 2600 2010 χρόνος
2639 1938 2766 1993 καθ’
2819 1938 2878 1991 δν
2923 1937 3165 1992 ἐπανιὼν
3201 1935 3566 2000 κατέπλευπα,

1999 2036 2184 2105 φιστν,
2211 2036 2265 2095 ἐς
2293 2033 2612 2100 Βυζάντιον,
2647 2033 2784 2102 μετά
2819 2031 2978 2092 κυνὸς
3008 2033 3254 2102 ὑπῆρχεν
3285 2030 3568 2094 ἐπιτολὰς,

1996 2127 2256 2196 λήγοντος
2293 2125 2394 2196 ήδη
2433 2123 2529 2180 τοῦ
2583 2123 2798 2196 θέρους.
2854 2123 3032 2178 Εὐθὺς
3079 2119 3173 2178 οὖν
3225 2124 3438 2178 ἀποϐὰς
3469 2124 3570 2186 τὶς

1996 2219 2130 2282 νεὼς
2160 2218 2341 2272 οἶκαδε
2369 2217 2776 2288 ἀφικόμην,καὶ
2807 2216 3074 2288 οἰκουρῶν
3101 2215 3486 2272 διετετελέκειν
3505 2217 3570 2287 ἠ-

1996 2310 2144 2372 λίους
2183 2309 2308 2378 ἑξῆς
2339 2308 2758 2372 πεντεκαίδεκα,
2791 2307 3192 2376 ἀναλαμϐάνων
3215 2324 3274 2360 τε
3303 2308 3566 2376 ἐμαυτὸν,

1996 2402 2092 2455 καὶ
2119 2400 2215 2470 τὴν
2257 2401 2324 2453 ἐκ
2373 2399 2647 2468 θαλάττης
2685 2399 2868 2470 ἠρέμα
2901 2399 3164 2452 καὶκατὰ
3209 2399 3406 2470 μικρὶν
3433 2398 3570 2452 ἀπο-

1995 2492 2317 2562 τριϐόμενος
2349 2490 2565 2562 ἀηδίαν.
2603 2491 2716 2546 Καὶ
2743 2491 2926 2560 μὲνδὴ
2964 2491 3073 2544 τῶν
3101 2491 3326 2562 ἡμερῶν
3359 2490 3566 2562 μεταξὺ

1995 2584 2228 2637 τουτωνὶ
2279 2583 2618 2655 προσιόντων
2659 2583 2838 2638 ἄλλοτ’
2887 2583 3064 2638 ἀλλων
3101 2582 3272 2652 φίλων
3303 2582 3398 2636 καὶ
3445 2582 3570 2650 ὁμι-

1995 2674 2233 2728 λούντων
2285 2677 2419 2743 ἡμῖν
2467 2674 2712 2746 ἀκριϐῶς
2769 2676 3060 2744 ἀκηκοέναι
3109 2693 3201 2746 μοι
3248 2673 3476 2742 γέγονεν
3505 2673 3573 2727 ἆ-

2000 2785 2198 2829 παντα,
2241 2767 2342 2836 τήν
2386 2765 2434 2820 τ’
2485 2767 2894 2837 ὀνομαζομένην
2921 2768 3121 2821 οὑτωσί
3175 2785 3294 2832 πως
3331 2767 3567 2826 σύνοδον.

1996 2861 2145 2924 ὅπως
2195 2878 2254 2913 τε
2289 2861 2652 2930 ἐσχεδίασται.
2697 2861 2792 2914 καὶ
2831 2863 2928 2914 ὅσα
2976 2862 3292 2931 πέπρακται
3341 2860 3574 2928 παρανό-

1999 2969 2114 3022 μως
2155 2953 2271 3005 ἐκεῖ
2299 2953 2434 3022 πρὸς
2464 2954 2574 3006 τῶν
2608 2955 2888 3026 προέδρων
2917 2955 3025 3008 τῶν
3077 2954 3316 3024 Παλαμᾷ
3347 2969 3574 3022 συμμα-

1995 3043 2236 3115 χούντων
2261 3045 2356 3096 καὶ
2387 3045 2927 3113 ἀνακεκαλυμμένως
2951 3044 3378 3114 ἐπιορκούντων,
3405 3041 3486 3096 ἔτι
3509 3059 3569 3094 τε

1995 3137 2144 3199 ὅπως
2172 3137 2232 3188 τὸ
2266 3136 2366 3206 μὲν
2405 3138 2506 3208 τῆς
2543 3137 2834 3201 πολυθετις
2872 3137 3154 3209 ηκύριυται
3191 3138 3388 3207 δόγμα,
3424 3135 3484 3188 τὸ
3513 3135 3592 3189 δὲ’

1997 3227 2094 3296 τῆς
2131 3230 2400 3299 ὲνσάρκου
2437 3231 2741 3300 μυστήριον
2770 3232 3086 3300 οἰκονομίας
3131 3230 3437 3302 ἀνῄρηται·
3475 3229 3570 3282 καὶ

1994 3323 2130 3390 πρός
2157 3339 2218 3390 γε
2253 3327 2362 3388 τοῖς
2402 3323 2604 3390 ἄλλοις,
2645 3325 2682 3378 ἃ
2713 3325 2836 3394 μηδ’
2869 3325 3006 3394 ἀκοῇ
3045 3325 3350 3396 σωφρονεῖν
3380 3323 3450 3376 δι’
3481 3324 3573 3376 εὐ-

1993 3413 2205 3468 σέϐειαν
2259 3416 2673 3490 προαιρουμένῃ
2707 3417 2907 3472 διδόναι
2947 3415 3147 3488 χρεὼν,
3201 3421 3428 3472 κάκεῖνα
3470 3418 3568 3478 δη-

1987 3507 2118 3578 λαδὴ
2147 3509 2248 3564 ὅσα
2299 3509 2654 3580 βαρϐαρικῶς
2707 3527 2765 3561 τε
2802 3512 2894 3562 καί
2940 3509 3222 3578 θηριωδῶς
3275 3510 3569 3580 εἴργασται

1989 3597 2126 3664 πρὸς
2151 3597 2258 3650 τῶν
2289 3601 2601 3668 ποιμαίνειν
2627 3598 2900 3670 λαχόντων
2923 3602 3022 3669 τὴν
3057 3599 3406 3671 Ἐκκλησίαν,
3435 3603 3568 3672 περὶ

1988 3681 2062 3742 ὧν
2089 3691 2115 3742 ὁ
2146 3689 2350 3758 Κύριος
2384 3689 2512 3758 ἔφη,
2547 3709 2566 3742 ι
2611 3691 2875 3760 Ποιμένες
2905 3693 3336 3762 ὴφρονεύσαντο,
3370 3693 3568 3760 ποιμέ-

1990 3797 2077 3842 νες
2105 3781 2428 3851 διέφθειραν
2463 3782 2556 3835 τὸν
2607 3783 2906 3853 ἀμπελῶνα
2939 3803 3062 3853 μου.
3109 3807 3127 3838 ι
3191 3788 3299 3839 Καὶ
3329 3789 3446 3856 ἅμα
3474 3787 3568 3842 τὸν

1990 3873 2084 3925 ἐπὶ
2107 3873 2316 3936 τούτοις
2348 3875 2788 3944 φρικωδέστατον
2819 3880 2910 3930 καὶ
2940 3878 3280 3932 παντοδαπὸν
3302 3879 3565 3948 διωγμὸν,

1990 3964 2230 4018 κᾶπειτα
2264 3966 2412 4028 ὅπως
2443 3983 2502 4018 τε
2537 3967 2902 4038 διηνέχθησαν
2939 3969 3073 4020 ἔνιοι
3116 3970 3236 4022 κατ’
3263 3973 3420 4034 ἐνίων
3447 3973 3570 4024 ἐπί-

1991 4073 2208 4120 σκοποι,
2241 4058 2338 4112 καὶ
2369 4057 2560 4127 σχεδον
2610 4057 2853 4122 ἅπαντες
2909 4061 3029 4113 καθ’
3062 4061 3342 4128 ἀπάντων,
3375 4063 3565 4134 ὥσπερ

1990 4147 2055 4199 ὲκ
2097 4147 2409 4215 μεταμέλοι)
2453 4146 2512 4198 τὸ
2547 4146 2780 4217 μέγεθος
2809 4147 2918 4200 τῶν
2967 4153 3247 4220 σφετέρων
3275 4154 3566 4220 ἀτοπημά-

1989 4256 2098 4292 των
2151 4239 2600 4311 ἐκπεπληγμένοι
2652 4259 2735 4308 τε,
2772 4245 2866 4296 καὶ
2919 4243 3040 4296 οὐδὲ
3075 4246 3263 4312 φέρειν
3311 4245 3570 4310 καθάπαξ

1990 4333 2307 4402 ἀνεχόμενοι
2335 4335 2426 4396 τὰς
2459 4335 2678 4387 πάντων
2701 4335 2788 4388 διὰ
2821 4337 2992 4388 ταῦτα
3023 4338 3361 4408 πανταχόθεν
3383 4339 3566 4408 ὕϐρεις

1993 4426 2090 4477 καὶ
2121 4425 2420 4494 ἀπεχθείας
2444 4442 2457 4456 ·
2493 4429 2585 4478 καὶ
2609 4429 2755 4490 ὅπως
2792 4431 2818 4479 ὁ
2844 4427 3098 4498 βασιλεὺς
3125 4429 3329 4499 μεταξὺ
3358 4447 3571 4502 παρεμ-

1994 4515 2178 4570 πεσὼν
2214 4519 2340 4581 τοὺς
2375 4518 2473 4586 μὲν
2515 4519 2780 4580 θωπείαις
2813 4525 2902 4574 καὶ
2933 4524 3234 4592 χρημάτων
3258 4526 3564 4595 διανομαῖς.

310 4615 448 4672 Cum
497 4629 631 4669 vero
683 4613 750 4666 de
779 4612 992 4666 eteteris
1041 4609 1300 4664 omnibus
1343 4607 1508 4661 rebus
1559 4610 1601 4660 si
1641 4621 1888 4676 quaerere

1994 4611 2118 4672 τοῦς
2146 4608 2190 4662 δ’
2223 4611 2475 4674 ἀπειλαῖς
2501 4611 2819 4681 ὑπηγάγετό
2850 4633 2906 4666 τε
2940 4617 3034 4668 καὶ
3057 4618 3133 4684 τῷ
3167 4619 3403 4692 [Ιαλαμᾷ
3435 4637 3571 4688 συμ-

311 4715 480 4778 atque
511 4704 860 4776 percunctari
902 4702 1134 4761 vellem;
1176 4701 1381 4770 majore
1430 4699 1563 4752 mihi
1606 4697 1718 4752 otio
1751 4713 1890 4768 npus

310 4809 478 4866 esset,
515 4801 569 4854 in
600 4798 706 4854 alia
739 4807 986 4866 tempora
1027 4795 1078 4848 id
1125 4793 1487 4848 dilicrcndum
1513 4808 1633 4846 esse
1669 4791 1882 4862 putavi,

312 4903 477 4964 atque
503 4891 718 4947 duabus
738 4899 951 4944 tantum
985 4887 1135 4943 bisce
1169 4887 1334 4940 rebus
1360 4885 1670 4940 accuratius
1701 4883 1888 4949 explo-

315 4981 505 5040 randis
562 4997 726 5038 omne
777 4981 1024 5038 studium
1089 4991 1144 5033 et
1195 4992 1416 5047 Operam
1480 4974 1758 5044 impendi,
1830 4983 1888 5026 ut

313 5077 548 5146 primum
595 5074 818 5146 quidem
852 5085 1266 5141 cognoscerem,
1322 5083 1422 5121 cur
1473 5066 1526 5119 in
1580 5065 1882 5119 custodiam
1913 5093 1932 5108 -κ

310 5169 641 5222 atrociorem
699 5175 748 5220 te
803 5181 967 5234 quam
1020 5163 1262 5230 reliquos
1318 5158 1708 5214 includendum
1761 5171 1884 5212 esse

309 5267 650 5334 imperantes
693 5259 1067 5316 decrevissent
1102 5275 1118 5312 :
1156 5255 1357 5310 deinde
1411 5254 1672 5322 quidnam
1721 5253 1884 5306 novis

309 5355 429 5410 i=tis
460 5353 623 5410 tomis
650 5353 718 5406 ab
747 5348 1022 5421 episcopis
1067 5359 1124 5403 et
1171 5346 1600 5417 imperatoribus
1645 5343 1886 5414 perscri-

309 5460 462 5520 ptum
498 5455 645 5502 esset
677 5455 732 5501 et
763 5459 932 5514 quare
967 5456 1064 5496 eos
1092 5457 1122 5494 a
1155 5455 1213 5494 se
1242 5440 1375 5509 ipsis
1406 5437 1685 5492 confectos
1716 5437 1879 5492 etiam

309 5541 453 5612 apud
486 5553 546 5594 se
591 5537 922 5600 retinerent,
959 5533 1299 5604 argumentis
1353 5547 1570 5597 eorum,
1619 5546 1686 5584 ne
1730 5534 1883 5600 quis-

309 5646 474 5702 quam
503 5645 566 5684 ea
599 5627 884 5696 explorare
929 5635 1131 5696 posset,
1185 5623 1453 5695 profunda
1505 5624 1882 5678 taciturnitate

379 5835 399 5864 '
433 5832 635 5890 Jerem.
679 5846 778 5896 xu,
807 5831 894 5886 10.

1996 4701 2204 4772 μάχους
2261 4698 2403 4755 εἶναι
2463 4705 2726 4758 πέπεικεν
2786 4709 2892 4766 ἀεὶ,
2928 4711 3024 4762 καὶ
3064 4711 3260 4776 τόμους
3320 4712 3568 4764 τίθεσθαι

1993 4793 2240 4855 καινοὺς,
2275 4794 2371 4862 τῆς
2397 4793 2563 4846 αὑτοῦ
2596 4795 2901 4863 βεϐαιωτὰς
2935 4797 3275 4862 δυσσεϐείας.
3315 4801 3436 4852 Τῶν
3469 4802 3566 4869 μὲν

1989 4880 2082 4936 οὖν
2129 4885 2306 4937 ἄλλων
2354 4886 2610 4938 ἁπάντων
2644 4886 2772 4955 πέρι
2821 4887 3006 4957 ζητεῖν
3043 4890 3137 4942 καὶ
3185 4891 3568 4960 διερευνᾶσθαι

1992 4975 2299 5046 βούλεσθαι,
2332 4977 2428 5030 ita
2461 4977 2658 5048 σχολῆς
2685 4978 2914 5048 δεόμενα
2943 4983 3222 5046 πλείονος,
3257 4985 3467 5053 ἑτέροις
3511 4987 3564 5038 ἑ-

1994 5083 2178 5137 γνωκα
2233 5071 2341 5122 δεῖν
2377 5073 2736 5141 ταμιεύεσθαι
2767 5079 3008 5144 χρόνοις’
3060 5078 3220 5140 αὐτὸς
3262 5080 3319 5132 δὲ
3379 5081 3567 5147 μόνοις

1989 5161 2108 5214 δυσὶ
2145 5163 2384 5216 τουτοισὶ
2413 5165 2518 5236 τὴν
2539 5167 2719 5219 πᾶσαν
2763 5167 2855 5221 τοῦ
2892 5171 3058 5224 πόθου
3111 5173 3347 5241 σπουδὴν
3376 5177 3566 5239 περιέ.

1987 5255 2204 5322 κλεισα,
2229 5259 2328 5328 τήν
2358 5275 2418 5310 τε
2445 5259 2724 5332 κάθειρξιν
2743 5265 2843 5331 τὴν
2864 5263 2962 5332 σὴν
2992 5264 3203 5334 μαθεῖν,
3226 5265 3428 5337 δηλαδὴ
3449 5270 3534 5318 πῶ
3555 5289 3564 5322 ,-

1987 5349 2042 5411 ἐς
2064 5348 2120 5401 τὸ
2149 5348 2456 5419 βιαιότερον
2486 5351 2518 5421 ἢ
2551 5353 2692 5405 κατά
2723 5355 2847 5416 τοὺς
2867 5353 3056 5418 ἄλλους
3089 5343 3565 5426 ἑξένηνέχθαιτοίς

1983 5439 2251 5509 ἄρχουσιν
2304 5443 2389 5509 εἴη
2421 5441 2814 5512 ἐψηφισμένον,
2851 5447 2945 5498 καὶ
2997 5447 3113 5513 ἆμα
3169 5448 3222 5499 τί
3271 5448 3338 5500 ἂν
3381 5449 3466 5519 εἴη
3497 5451 3564 5504 τά

1986 5532 2097 5592 τοῖς
2131 5533 2340 5594 καινοῖς
2379 5533 2516 5600 πρὸς
2565 5534 2672 5586 τῶν
2707 5535 3026 5589 ἐπισκόπων
3055 5539 3150 5590 καὶ
3181 5535 3448 5607 βασιλέων
3474 5542 3565 5607 ὲγ-

1988 5622 2352 5694 γεγραμμένα
2382 5627 2589 5695 τόμοις,
2634 5629 2730 5680 καὶ
2769 5629 2890 5681 ὅτου
2923 5630 3081 5699 χάριν
3121 5631 3278 5684 αὐτοὶ
3311 5633 3432 5688 καθ’
3463 5634 3566 5690 αὑ-
