4050 6566
396 459 472 527 49
1348 468 1661 535 BYZANTI
1676 471 1796 534 ΝᾹΞ
1833 472 2227 536 HlSTORl/E
2246 475 2409 549 LIB.
2452 479 2622 542 XXV.
3139 540 3150 550 .
3593 483 3667 548 50

395 582 525 645 τοὺς
553 580 963 648 συντεθεικότες
986 580 1187 648 αὐτοὺς
1210 586 1369 641 αὐτοὶ
1396 589 1491 643 καὶ
1523 591 1818 660 κατέχουσι
1841 587 1977 661 παρ’

2106 591 2366 659 nvolutis,
2410 610 2589 666 neque
2620 594 2687 650 ad
2720 603 2961 652 vestram
3012 596 3264 653 notitiam
3308 613 3372 675 ea
3417 598 3664 668 proferre
3732 645 3742 654 .

396 676 641 742 ἑαυτοῖς,
664 675 979 731 ἀνέκπυστα
1006 679 1641 753 τάνδον’σιωπῆς’μυχοῐς
1667 682 1983 740 καλύπτον-

398 787 492 831 τες
519 770 616 823 καὶ⁵
643 769 773 840 ύμῖν
798 771 1120 841 ἐμφανίζειν
1140 774 1206 828 ού
1231 773 1376 842 μάλα
1403 775 1739 845 τολμῶντες.

473 860 602 914 Kl".
639 862 779 932 Περὶ
840 862 944 932 μὲν
976 860 1072 917 σοῦ
1102 864 1291 918 πολλοὶ
1343 864 1608 930 πολλάκις
1657 868 1721 921 ἐκ
1767 865 1981 921 πολλῶν
2084 878 2093 906 ε

399 955 705 1025 ἐλέχθησαν
748 956 922 1025 λόγοι,
953 957 1205 1028 διάφοροι
1237 958 1338 1030 μὲν
1389 955 1533 1015 εἶναι
1574 960 1880 1024 δοκοῦντες,
1916 959 1979 1032 [ι.

404 1048 510 1102 109
538 1047 595 1119 ιο]
627 1048 765 1121 πρὸς
800 1048 847 1103 δ’
876 1050 976 1104 ἕνα
1003 1050 1206 1114 πάντες
1250 1051 1542 1123 βλέποντες
1575 1053 1780 1108 σκοπόν
1805 1067 1820 1081 ·
1850 1053 1984 1120 τάγ-

400 1140 592 1210 κώμια
620 1142 690 1194 τὰ
715 1143 784 1197 σὰ
817 1140 1042 1214 δηλαδὴ,
1070 1141 1146 1206 ὡς
1174 1142 1400 1199 ἐκείνων
1433 1144 1650 1216 ἑκάστῳ
1683 1144 1983 1206 διαθέσεως

400 1235 548 1302 ἔχειν
575 1234 715 1303 πρὸς
744 1233 805 1290 σὲ
834 1235 1142 1301 συνέϐαινε,
1168 1236 1266 1291 καὶ
1304 1236 1422 1308 ἅμα
1453 1239 1816 1309 σχολαστικῆς
1846 1240 1984 1311 πρός

400 1343 468 1391 γε
496 1328 564 1379 τὰ
593 1325 853 1396 δρώμενα
882 1327 1144 1385 διανοίας.
1180 1324 1276 1395 οἷς
1306 1347 1370 1398 γε
1405 1331 1513 1402 μὴν
1546 1333 1602 1394 ἐς
1640 1332 1708 1386 τὰ
1744 1333 1986 1401 μάλιστα

401 1419 631 1486 φοιτῶσι
678 1420 914 1493 Παλαμᾷ
937 1438 998 1477 τε
1046 1421 1139 1476 καὶ
1171 1424 1426 1495 Κοκκίνῳ
1451 1425 1530 1494 τῷ
1570 1425 1899 1496 Ἡρακλείας
1934 1428 1987 1479 ὄ-

402 1513 662 1580 πισκόπῳ
687 1513 842 1584 παρὰ
870 1514 1079 1569 τούτων
1108 1516 1302 1586 μαθεῐν
1317 1517 1717 1590 ἐναργέστερον
1740 1517 1987 1588 ἐξεγένε-

398 1623 486 1671 το,
518 1607 607 1676 εἴη
631 1607 697 1662 ἂν
723 1606 867 1671 ταδὶ,
901 1607 960 1661 ἓν
991 1610 1091 1680 μὲν
1112 1611 1198 1664 ὅτι
1241 1609 1560 1683 Ῥωμαῖκὴν
1604 1610 1849 1683 ἱστορίαν
1876 1613 1985 1667 τῶν

400 1701 709 1771 γινομένων
734 1700 993 1756 ἁπάντων
1024 1703 1399 1773 συγγράφοντι
1423 1721 1508 1759 σοι
1539 1706 1746 1775 σφόδρα
1766 1705 1986 1775 ,φιλότι-

407 1812 510 1863 μον
533 1793 594 1847 τό
623 1809 688 1861 γε
735 1794 817 1857 είς
853 1793 913 1847 σὲ
954 1789 1114 1866 ἧκον,
1164 1796 1335 1861 είκὸς,
1377 1794 1579 1866 μᾶλλον
1611 1798 1657 1852 δ’
1703 1797 1807 1853 οὐκ
1837 1797 1988 1862 εἰκὸς

402 1885 523 1941 ἀλλ’
547 1887 788 1957 ἀνάγκη,
813 1887 909 1941 καὶ
934 1888 1064 1960 περὶ
1089 1887 1202 1941 τῶν
1224 1888 1706 1960 ἔκκλησιαστικῶν
1734 1891 1985 1963 συγγρά-

403 1997 531 2048 φειν
556 1979 829 2050 πολέμων.
875 1981 973 2042 Τίς
1003 1981 1114 2051 γάρ
1144 1980 1255 2035 τῶν
1281 1981 1454 2053 μηδὲν
1504 1982 1732 2054 μηδαμῆ
1778 2000 1989 2056 προση-

404 2077 616 2129 κόντων
661 2092 744 2129 σοι
784 2074 1064 2148 δημοσίων
1108 2075 1475 2148 πραγμάτων,
1527 2076 1693 2150 φαίην
1715 2077 1761 2132 δ’
1800 2079 1869 2133 ἂν
1891 2079 1987 2134 καὶ

406 2163 843 2238 οίκουμενικῶν,
892 2168 1256 2241 αὐθαιρὲτους
1305 2168 1543 2241 μόχθους
1590 2170 1987 2244 ἀναδεχόμενον

411 2262 631 2331 βλέπων
663 2278 724 2315 σε
747 2262 908 2331 δόξης
947 2262 1116 2317 ἕνεκα
1154 2263 1245 2317 δια
1272 2264 1376 2334 γῆς
1405 2263 1776 2335 πλανωμένης
1804 2265 1899 2320 καὶ
1929 2267 1990 2323 τὸ

406 2358 557 2426 ἴχνος
582 2358 674 2410 ἐπὶ
698 2354 902 2424 σαθροῦ
934 2372 1077 2421 τινος
1119 2357 1215 2412 καὶ
1236 2356 1392 2410 νόθου
1424 2357 1591 2427 φάναι
1631 2357 1822 2422 κλέους
1842 2360 1993 2429 ἐρει-

410 2450 635 2519 ὗούσης.
666 2450 754 2504 ἱνα
785 2449 992 2520 δηλαδὴ
1020 2454 1222 2519 μεστὸν
1268 2447 1499 2503 σεαυτοῦ
1534 2449 1627 2504 τὸν
1658 2449 1856 2522 ἑφεξῆς
1886 2468 1989 2505 κα·

407 2535 646 2608 ταλίπῃς
675 2535 874 2603 αἰῶνα,
907 2536 1145 2610 ὑποψίας
1173 2536 1354 2593 ἀθῶον
1410 2540 1632 2609 ἀφεῖναι
1675 2541 1990 2611 ἀνάσχοιτο,

410 2632 509 2685 καὶ
541 2632 678 2702 μηδὲ
712 2632 897 2686 πᾶσαν
939 2633 1174 2688 ἐνταῦθα
1222 2633 1425 2701 μᾶλλον
1468 2633 1623 2705 ἰσχὺν
1670 2635 1991 2691 καταθεῖναι

413 2738 474 2775 σε
502 2722 802 2778 σπουδάσαι
829 2722 1110 2790 λογίσαιτο
1135 2723 1312 2793 λόγων
1338 2724 1448 2779 τῶν
1476 2725 1608 2817 γῶν,
1634 2726 1722 2780 ἵνα
1743 2729 1837 2788 καὶ
1867 2728 1993 2793 τοῦς

412 2816 692 2879 κλύδωνας
720 2814 832 2869 τῶν
870 2817 1118 2888 πατρίων
1148 2816 1461 2888 δογμάτων,
1482 2814 1613 2872 ’ὅσον
1643 2820 1886 2888 ἐφικτὸν,
1905 2820 1995 2875 διὰ

416 2911 601 2981 πάσης
650 2910 988 2982 δημοσιεύσῃ
1031 2911 1133 2980 τῆς
1184 2911 1534 2984 οἰκουμένης,
1585 2914 1685 2968 καὶ
1715 2914 1835 2983 ἅμα
1867 2914 1995 2979 τοὺς

418 3006 547 3068 σοὺς
575 3004 720 3075 ὑπὲρ
759 3004 969 3058 τούτων
999 3003 1213 3073 ἀγῶνας
1242 3005 1477 3078 ἐνδείξῃ,
1508 3006 1605 3061 καὶ
1626 3004 1721 3071 οὓς
1747 3006 1833 3062 ἀεὶ
1858 3008 1998 3080 πρὸς

414 3099 527 3154 τῶν
575 3098 884 3164 κακοδόξων
929 3099 1211 3163 κινδύνους
1251 3098 1545 3168 ὲφίστασαι
1564 3137 1585 3160 ,
1631 3101 1996 3156 παντοδαπῶν

412 3189 719 3256 ἁπόζοντας
743 3189 993 3245 θανάτων
1013 3207 1030 3258 ;
1053 3190 1150 3244 'Ev
1183 3190 1281 3262 μὲν
1300 3191 1367 3263 δὴ
1394 3190 1490 3246 οὖν
1527 3191 1687 3247 τοῦτο
1717 3195 1886 3264 φασὶν
1912 3194 1999 3249 αῐ-

2081 684 2371 742 auderent.

2159 869 2350 925 XXIII.
2400 872 2476 926 De
2535 879 2587 927 te
2622 870 2788 943 igitur
2833 871 2990 927 multi
3034 886 3180 941 stupe
3209 886 3241 925 a
3277 870 3464 927 multis
3517 868 3664 928 fere-

2087 963 2293 1017 bantur
2331 978 2635 1023 sermones,
2667 962 2759 1033 qui
2813 978 3125 1034 quanquam
3180 963 3325 1018 inter
3370 979 3431 1018 se
3462 962 3664 1019 diversi

2087 1056 2439 1118 videbantur,
2473 1055 2538 1109 ad
2570 1071 2739 1109 unum
2792 1065 2975 1110 tamen
3016 1072 3210 1112 omnes
3250 1054 3414 1112 finem
3447 1063 3665 1125 specta-

2086 1147 2242 1211 bant,
2297 1147 2362 1202 ad
2403 1160 2524 1203 tuas
2572 1148 2786 1204 scilicet
2837 1148 3048 1213 Iaudes,
3088 1159 3252 1218 prout
3298 1149 3536 1219 quisque
3582 1146 3671 1204 vel

2086 1239 2272 1295 animo
2305 1240 2358 1293 in
2398 1248 2449 1294 te
2479 1240 2711 1295 allectus
2740 1240 2823 1294 vel
2851 1239 3063 1311 judicio
3096 1239 3165 1294 de
3210 1240 3397 1307 rebus,
3423 1256 3546 1310 quae
3570 1254 3670 1310 ge-
3782 1256 3799 1269 *

2087 1341 2308 1394 runtur,
2338 1332 2600 1401 praeditus
2632 1340 2769 1386 erat.
2807 1332 2909 1399 Qui
2940 1348 3073 1387 vero
3104 1333 3340 1388 maxime
3389 1332 3669 1388 Palamam

2087 1432 2145 1479 et
2171 1425 2492 1503 Coccinum,
2534 1425 2807 1480 Heracleae
2852 1426 3197 1495 episcopum,
3254 1423 3672 1496 frequentantes

2086 1517 2196 1589 62
2227 1516 2522 1572 dilucidius
2569 1517 2637 1571 ab
2687 1518 2820 1586 ipsis
2876 1534 2966 1573 res
3007 1532 3339 1589 cognoscere
3388 1527 3667 1589 poterant,

2088 1609 2254 1665 hasce
2287 1608 2402 1664 fere
2434 1625 2628 1666 causas
2654 1610 2891 1666 alfcrnut
2923 1630 2936 1666 :
2975 1613 3210 1681 primum
3246 1610 3490 1681 quidem,
3520 1611 3669 1682 quod

2091 1701 2191 1759 tibi
2227 1702 2515 1758 historiam
2549 1703 2852 1758 Romanam
2892 1704 3143 1759 omnium
3179 1718 3388 1770 rerum,
3419 1719 3543 1774 qua:
3579 1719 3674 1776 ge-

2089 1802 2311 1860 runtur,
2368 1804 2635 1864 quantum
2689 1795 2744 1850 in
2783 1805 2833 1851 te
2861 1805 2965 1859 est,
3000 1794 3296 1851 ambitioso
3318 1794 3500 1851 studio
3543 1811 3675 1852 con-

2089 1886 2356 1943 scribenti
2383 1895 2818 1943 consentaneum
2843 1887 2925 1942 vel
2960 1886 3146 1957 potius
3172 1887 3550 1943 necessarium
3575 1887 3670 1952 sit,

2089 1981 2257 2037 etiam
2317 1981 2387 2036 de
2454 1980 2856 2037 certaminibus
2907 1978 3300 2036 ecclesiasticis
3371 1994 3672 2051 exponere.

2089 2074 2225 2142 Quis
2248 2073 2422 2139 enim,
2454 2074 2552 2145 qui
2593 2073 2884 2129 molestum
2939 2089 3029 2128 res
3078 2072 3347 2144 public-as,
3399 2089 3522 2144 qua:
3567 2074 3673 2128 mi-

2089 2169 2239 2224 nime
2274 2168 2343 2223 ad
2378 2178 2428 2223 te
2457 2167 2755 2237 pertinent,
2787 2177 2845 2222 et
2876 2182 3055 2237 prope
3087 2166 3320 2222 dixerim
3376 2175 3492 2222 toto
3534 2164 3672 2222 orbe

2091 2272 2362 2317 terrarum
2413 2269 2596 2332 gestas
2663 2260 3053 2316 conscribendi
3100 2259 3347 2314 laborem
3413 2268 3466 2313 te
3526 2257 3671 2312 ultro

2092 2351 2490 2423 suscipientem
2540 2350 2726 2406 videat
2780 2350 2966 2420 gloriae
3014 2364 3181 2405 causa
3230 2359 3437 2404 terram
3476 2361 3673 2420 perva-

2093 2443 2276 2517 gantis
2305 2452 2361 2500 et
2387 2442 2681 2513 vestigium
2707 2441 2899 2513 putida
2920 2442 3159 2513 quadam
3181 2452 3257 2507 et,
3288 2450 3348 2497 ut
3368 2442 3445 2497 ita
3468 2441 3673 2506 dicam,

2094 2537 2405 2594 adulterata
2458 2535 2605 2592 fama
2664 2534 2977 2599 inniteutis,
3040 2534 3301 2590 nimirum
3366 2544 3427 2590 ut
3490 2533 3675 2590 futura

2094 2629 2293 2686 saecula
2351 2641 2441 2684 tua
2491 2628 2665 2700 gloria
2714 2626 2874 2698 plena
2924 2625 3233 2697 relinquas,
3259 2633 3310 2681 te
3356 2625 3676 2696 suspicione

2095 2723 2332 2779 liberum
2365 2723 2551 2778 sinere
2571 2720 2892 2787 suStinebit,
2916 2734 3094 2790 neque
3117 2722 3300 2789 potius
3325 2734 3544 2776 omnem
3565 2717 3676 2776 vim
3748 2772 3767 2781 _

2098 2824 2322 2873 tuorum
2355 2817 2645 2872 verborum
2687 2814 2744 2868 in
2775 2827 2844 2869 eo
2881 2821 2934 2868 te
2963 2826 3171 2883 ponere
3204 2811 3586 2877 arbitrabitur,
3618 2820 3680 2867 ut

2095 2910 2264 2966 etiam
2295 2917 2653 2979 tempestates
2681 2905 2986 2979 patriorum
3030 2904 3374 2976 dogmatum,
3405 2913 3677 2977 quantum

2098 3003 2222 3060 fleri
2253 3003 2449 3074 possit.
2484 3018 2585 3074 per
2611 3010 2786 3057 totum
2812 3000 3006 3056 orbem
3033 2999 3260 3071 evulges
3283 2999 3561 3069 simulque
3584 3008 3677 3056 tua

2097 3098 2403 3155 certamina
2438 3111 2539 3167 pro
2567 3095 2636 3154 iis
2675 3103 2930 3165 suscepta
2979 3107 3145 3164 atque
3192 3092 3455 3163 pericula,
3487 3107 3682 3153 omnes

2102 3202 2309 3247 mortes
2351 3188 2683 3252 redolentia,
2709 3188 2780 3242 ab
2813 3185 3081 3255 improbis
3108 3185 3207 3269 tibi
3241 3170 3464 3256 semper
3497 3184 3682 3242 inten-

415 3298 533 3335 τιον
579 3280 676 3336 τοῦ
712 3298 776 3351 γε
818 3279 885 3352 δὴ
931 3280 1042 3335 τῶν
1072 3281 1250 3336 ἄλλων
1289 3283 1492 3354 μᾶλλον
1516 3284 1659 3339 κατά
1693 3284 1788 3339 σοῦ
1825 3290 1997 3342 κινεί-

2103 3292 2215 3339 tata
2253 3280 2553 3338 osremlas?
2615 3279 2767 3336 Ilanc
2828 3293 2993 3333 unam
3026 3291 3148 3333 esse
3199 3290 3424 3332 causam
3465 3275 3681 3340 dicunt,

420 3375 547 3429 σθαι
591 3374 718 3438 τοὺς
774 3374 1109 3443 ἀντιθέτους,
1159 3376 1256 3430 καὶ
1306 3374 1568 3431 τοιούτων
1615 3395 1701 3432 σοι
1731 3378 1997 3449 διηνεκῶς

2104 3385 2333 3447 propter
2371 3390 2536 3445 quam
2566 3371 2869 3429 adversarii
2904 3369 2958 3426 in
2992 3379 3045 3423 te
3077 3368 3483 3436 vehementius,
3513 3382 3683 3439 quam

418 3466 782 3532 συσκευάζειν
812 3465 1059 3520 θανάτων
1079 3466 1365 3539 κρατῆρας
1390 3483 1406 3501 ο
1438 3469 1692 3541 δεύτερον
1713 3471 1760 3526 δ’
1778 3473 1867 3526 ὅτι
1888 3473 1999 3529 τῶν

417 3562 600 3617 ἄλλων
627 3561 926 3634 άφρόντιδα
955 3561 1071 3632 βίον
1118 3564 1213 3616 καὶ
1243 3564 1485 3634 άμοχθον
1531 3566 1673 3619 οἶκοι
1697 3567 2000 3638 διατριϐόν-

416 3671 552 3716 των,
583 3656 685 3707 οὐκ
710 3652 936 3724 ἠμέλεις
970 3651 1136 3723 ζήλου
1172 3652 1237 3707 σὺ
1278 3655 1374 3708 καὶ
1405 3654 1634 3724 θορύϐου
1663 3659 1864 3721 παντὸς
1895 3661 2001 3729 ἑμ-

419 3749 641 3803 πιπλῶν
697 3747 769 3800 τὰ
829 3747 1098 3817 βασίλεια,
1153 3747 1249 3801 νῦν
1300 3748 1424 3816 μὲν,
1457 3748 1865 3819 οὒςοεύγένειαι
1903 3756 2001 3807 καὶ⁸

419 3840 615 3910 χΜνου
680 3836 844 3907 τύχαι
908 3835 1217 3908 περιοδικαὶ
1268 3837 1587 3907 κοσμοῦσιν,
1626 3837 1847 3910 ἔχεσθαι
1900 3841 2001 3913 μὲν

420 3931 693 4002 λαμπρῶς
730 3931 818 3984 ἀεὶ
842 3929 961 3983 τῶν
1000 3930 1247 4001 πατρίων
1277 3930 1546 3986 διδάσκων
1591 3931 1732 3986 ἐθῶν
1770 3935 1867 3988 καὶ
1910 3934 2001 3988 νόε-

423 4038 567 4089 μων,
596 4017 906 4091 ἀπέχεσθαι
952 4018 1009 4072 δὲ
1042 4020 1152 4072 τῶν
1189 4019 1446 4091 ἀθέσμων
1474 4020 1567 4075 τοῦ
1608 4022 1848 4111 [ξαλαμᾶ
1873 4040 2001 4081 και·

420 4110 726 4181 νοφωνιῶν,
776 4110 871 4165 νῦν
897 4111 943 4165 δ’
982 4110 1146 4165 αὑτὸν
1184 4111 1422 4184 ἐλέγχων
1475 4114 1580 4186 ibi;
1608 4131 1667 4168 τε
1712 4118 1808 4170 καὶ
1836 4117 2003 4189 δημο-

421 4207 519 4277 σίᾳ
541 4205 635 4258 τὸν
666 4203 918 4277 βασιλέα,
950 4205 1047 4259 καὶ
1080 4204 1176 4260 νῦν
1210 4205 1310 4275 μιν
1343 4205 1480 4276 ὁμοῦ
1520 4206 1598 4276 τῷ
1632 4209 2003 4279 πατριαρχεύ-

423 4315 582 4353 σαντι
614 4299 745 4370 πρὶν
778 4297 1059 4370 Ἰσιδώρῳ,
1088 4298 1183 4352 νῦν
1225 4298 1272 4353 δ’
1302 4297 1440 4369 όμοῦ
1489 4298 1568 4370 τῷ
1595 4300 1848 4354 δυσσεϐεῖ
1890 4303 2003 4357 Πα-

424 4391 599 4465 λιμᾷ,
618 4397 714 4447 καὶ
736 4394 834 4448 νῦν
873 4394 971 4463 μὲν
1006 4386 1284 4464 Ίουλιανῷ
1314 4394 1685 4464 παραϐάλλων
1708 4397 1804 4449 καὶ
1828 4396 2007 4462 Maii-

429 4486 631 4558 μιανῷ,
667 4485 765 4539 νῦν
806 4485 853 4539 δ’
886 4486 1281 4558 Εἰκονομάχοις
1311 4488 1408 4542 xal
1445 4488 1559 4549 τοῖς
1584 4488 1850 4552 τοιούτοις
1878 4489 2005 4544 διῶ-

427 4566 608 4645 κταις.
637 4578 869 4662 Κάπειτ*
895 4579 994 4647 οὐχ
1018 4579 1166 4642 ὅπως
1192 4580 1253 4633 ού
1274 4583 1385 4643 τοῖς
1415 4580 1678 4644 τοιούτοις
1702 4581 2002 4653 ἠρκέσθης,

2104 3467 2160 3523 in
2195 3467 2465 3537 reliquos,
2499 3464 2712 3520 incitati
2748 3463 2859 3521 sint
2912 3461 3124 3533 tibique
3171 3473 3442 3533 perpetuo
3491 3459 3684 3523 morti-

2105 3560 2220 3617 fera
2250 3559 2447 3631 pncula
2496 3564 2842 3628 comparent.
2895 3556 3081 3611 Altera
3143 3569 3310 3610 causa
3360 3563 3468 3620 est,
3511 3553 3682 3624 quod,

2101 3654 2226 3710 aliis
2265 3652 2415 3708 domi
2448 3653 2618 3706 vitam
2650 3666 2903 3706 securam
2938 3658 2995 3705 et.
3028 3647 3320 3704 socordem
3370 3646 3699 3719 agentibus,"

2103 3758 2161 3804 tu
2198 3762 2306 3803 non
2357 3746 2615 3803 cessabas
2663 3746 2781 3801 zelu
2810 3754 2868 3801 et
2924 3730 3100 3801 turbis
3140 3731 3405 3800 omnibus
3456 3742 3689 3814 implere

2103 3843 2395 3916 palatium,
2424 3856 2550 3899 cum
2583 3842 2800 3909 generis
2835 3839 3122 3895 nobilitate
3153 3828 3212 3895 et
3259 3838 3497 3894 fortunae
3530 3834 3688 3892 vicis-

2103 3937 2445 3995 situdinibus
2468 3945 2699 3992 ornatos
2719 3933 3007 4006 splendide
3034 3932 3240 4004 patrios
3266 3931 3378 4004 63
3425 3945 3609 3988 mores
3627 3940 3687 3988 et

2103 4033 2255 4104 leges
2291 4044 2512 4100 semper
2536 4029 2816 4098 amplecti,
2844 4026 3152 4099 illegitimis
3175 4035 3359 4081 autem
3386 4024 3687 4080 verborum

2098 4122 2449 4179 novitatibus
2499 4121 2733 4176 Palamae
2779 4119 3065 4174 abstinere
3105 4118 3359 4183 doceres,
3393 4116 3453 4172 in
3504 4115 3687 4185 ipsum

2105 4223 2290 4271 autem
2324 4214 2713 4283 imperatorem
2740 4210 2992 4283 privatim
3022 4221 3189 4281 atque
3218 4208 3442 4289 publice
3478 4221 3686 4278 oppro-

2106 4307 2224 4363 bria
2257 4306 2536 4378 iujiceres,
2565 4305 2728 4361 modo
2756 4320 2883 4361 eum
2920 4319 3027 4359 una
3078 4317 3206 4359 cum
3251 4300 3496 4369 lsidoro,
3523 4311 3689 4356 antea

2105 4398 2533 4472 patriarchicam
2586 4398 2773 4454 sedem
2829 4396 3138 4462 obtinente,
3198 4392 3367 4449 modo
3395 4408 3504 4449 una
3558 4408 3689 4449 cum

2106 4491 2276 4562 impio
2310 4492 2528 4547 Palama
2555 4531 2571 4556 ,
2609 4500 2725 4546 tum
2779 4504 2905 4545 cum
2956 4488 3177 4545 Iuliano
3227 4494 3284 4542 et
3329 4483 3688 4548 Maximiano,

2107 4594 2223 4639 tum
2262 4600 2386 4639 eum
2418 4582 2802 4641 Iconomacbis
2839 4594 2895 4637 et
2928 4579 3200 4653 ejusmodi
3238 4578 3692 4649 persecutoribus

427 4674 569 4728 άλλά
596 4673 787 4745 καὺτῷ
822 4671 1020 4744 μακρῷ
1063 4673 1328 4743 συνεδρίῳ
1355 4673 1452 4741 τῆς
1482 4674 1687 4727 ἀτόπου
1721 4674 1999 4743 φάλαγγος

2107 4677 2501 4747 comparando.
2558 4675 2765 4730 Deinde
2822 4673 2972 4744 quod
3024 4673 3180 4727 hisce
3228 4687 3345 4727 non
3394 4678 3691 4726 contentus

428 4769 540 4821 τῶν
585 4768 864 4836 ποιμένων
908 4763 1138 4819 ἐκείνων
1184 4765 1717 4838 πεπαρρησιασμὲνῃ
1740 4766 1837 4820 καὶ
1863 4767 2006 4819 ἀπα-

432 4860 765 4933 ρακαλύπτῳ
802 4863 872 4932 τῇ
908 4859 1126 4931 γλώττῃ
1156 4859 1575 4930 παρεισκιικλῶν
1599 4862 1700 4914 οὐκ
1724 4859 1895 4924 ἁνίεις
1916 4862 2010 4915 καὶ⁸

433 4952 900 5023 ὲπαναλαμϐάνων
928 4954 1068 5008 αὐτά
1089 4970 1148 5006 τε
1175 4953 1369 5015 ταῦτα,
1400 4953 1606 5022 καὶιόσα
1638 4953 1845 5007 τούτων
1864 4970 2011 5027 παρ-

434 5049 662 5119 ενείρων
700 5047 896 5118 μείζω,
938 5049 1030 5101 καὶ
1055 5047 1476 5118 προσονειδίςων
1504 5047 1649 5118 μάλα
1684 5064 1747 5117 γε
1772 5047 2011 5119 πικρῶς,

434 5142 527 5196 καὶ
573 5141 716 5196 κατά
770 5141 972 5196 σαυτοῦ
1027 5139 1200 5213 συχνὰ
1249 5142 1422 5194 ποιῶν
1476 5140 1869 5213 μανικώτερον,
1914 5143 2013 5195 xxi.

436 5233 610 5299 ταῦτ’,
646 5233 808 5304 ειπερ
839 5250 926 5295 τις
972 5232 1181 5303 ἕτερος.
1209 5231 1368 5295 εἰδὼς
1412 5233 1596 5297 αὑτὸν,
1629 5232 1705 5296 ῶς
1734 5232 1898 5303 εἴπερ
1918 5232 2011 5286 καὶ

438 5327 692 5397 αὖτῆμαρ
735 5325 1064 5394 καταπὲψει,
1114 5324 1254 5380 ἀλλά
1282 5338 1347 5395 γε
1391 5325 1487 5378 καὶ
1520 5323 1848 5393 μετόπισθεν
1896 5324 2012 5395 ἔχει

438 5419 615 5483 κότον,
649 5418 795 5487 ὄφρα
824 5418 1074 5489 τελέσσῃ.

514 5513 637 5565 ΚΔ¹.
666 5510 864 5581 Τρίτον
912 5511 995 5564 ὅτι
1038 5509 1320 5581 χλευάζων
1365 5508 1561 5573 αὐτοὺς
1597 5508 1735 5580 πρὸς
1782 5509 2015 5578 ἀπειλῆς

441 5603 741 5675 ἀνήνεγκας
791 5601 998 5674 σχῆμα,
1030 5602 1214 5671 λόγοις
1260 5602 1669 5672 ἀντιρρητικοῐς
1723 5601 2018 5658 καταλύειν

438 5695 528 5748 τὸν
559 5696 751 5767 τόμον,
780 5695 840 5750 δν
867 5695 1028 5750 αὐτοὶ
1055 5696 1255 5751 νεωστὶ
1284 5697 1380 5750 καὶ
1416 5696 1592 5765 λάθρα
1620 5697 1895 5750 συνθεῖναι
1924 5712 2017 5749 τε·

440 5790 787 5860 τολμήκεσαν
845 5789 985 5844 κατά
1045 5790 1145 5861 τῆς
1178 5788 1487 5855 εὐσεϐείας,
1524 5791 2016 5859 ἐπαγγειλάμενος.

442 5885 547 5937 Καὶ
582 5884 844 5957 τέταρτον
875 5887 961 5940 ὃτι
1014 5885 1227 5955 μακρὸν
1274 5885 1378 5957 ἤδη
1407 5886 1599 5956 χρόνον
1640 5888 1742 5957 τὴν
1781 5883 2018 5956 θύραθεν

445 5979 627 6033 πᾶσαν
658 5979 852 6050 σοφίαν
873 5977 1181 6038 διδάσκοντι
1214 5970 1501 6044 πλείστους
1525 5978 1618 6033 καὶ
1644 5976 2018 6043 παντοδαποὺς

2107 4770 2208 4838 ipsi
2240 4784 2438 4839 magno
2485 4768 2723 4824 concilio
2756 4767 2962 4821 insanae
3005 4764 3227 4820 illorum
3282 4773 3564 4835 pastorum
3595 4778 3694 4820 ea-

2110 4870 2277 4917 ιοτνω
2303 4860 2478 4916 libera
2528 4867 2587 4916 et
2631 4858 2885 4915 intimida
2920 4858 3106 4929 lingua
3153 4855 3378 4913 easdem
3428 4855 3695 4911 calumias

2111 4956 2413 5014 identidem
2460 4957 2711 5029 ingerere
2742 4965 2800 5012 et
2847 4955 2929 5010 vel
2959 4954 3027 5010 iis
3058 4952 3297 5024 majores
3361 4952 3694 5007 interserere

2038 5106 2043 5111 .
2112 5049 2598 5121 acerbissimisque
2642 5047 2954 5105 maledictis
3003 5046 3388 5117 perstringere
3431 5053 3598 5114 atque
3620 5043 3697 5114 ,in

2113 5150 2287 5197 temet
2338 5142 2518 5211 ipsum
2574 5140 2767 5207 saavire
2828 5153 2935 5194 non
2999 5137 3328 5201 desistebas,
3380 5149 3695 5206 quanquam

2117 5233 2266 5289 baud
2315 5248 2448 5289 sane
2493 5234 2774 5304 ignorans,
2823 5246 2977 5298 eum,
3021 5231 3154 5286 licet
3207 5227 3277 5283 ad
3333 5239 3551 5298 tempus
3583 5227 3697 5282 ira-

2117 5328 2376 5386 cundiam
2405 5327 2739 5399 supprimat,
2785 5334 3029 5381 attamen
3078 5324 3148 5380 ad
3201 5322 3450 5377 futurum
3482 5329 3699 5389 tempus

2120 5422 2364 5483 differre.
2405 5420 2584 5477 donec
2619 5419 2687 5474 ad
2722 5418 2885 5474 linem
2910 5417 3172 5472 adducat.

2192 5512 2385 5569 XXIV.
2420 5512 2662 5569 Tertiam
2692 5526 2918 5567 causam
2964 5508 3221 5572 atlerunt,
3255 5504 3402 5577 quod
3446 5520 3544 5561 eos
3569 5504 3699 5561 irri-

2122 5607 2260 5664 dens
2296 5606 2438 5663 adeo
2485 5605 2855 5662 cmnminatus
2902 5617 2983 5666 es,
3033 5612 3085 5658 te
3131 5600 3480 5655 orationibus
3527 5598 3701 5653 antir-

2120 5701 2348 5757 rlteticis
2378 5709 2587 5755 tomum
2605 5698 2756 5753 illum
2786 5695 3152 5752 refutaturum
3174 5708 3319 5758 esse,
3343 5708 3504 5764 quem
3525 5709 3701 5764 nuper

2120 5804 2178 5850 et
2204 5792 2516 5848 clanculum
2545 5798 2735 5846 contra
2769 5803 2954 5845 veram
2992 5786 3155 5842 [idem
3212 5800 3548 5857 componere
3575 5787 3699 5840 ausi

2122 5887 2381 5944 fuissent.
2403 5885 2690 5953 Quartum,
2714 5882 2862 5953 quod
2895 5882 2988 5937 diu
3015 5881 3127 5951 jam
3159 5879 3448 5951 profanam
3477 5893 3707 5934 omnem

2123 5978 2454 6051 sapientiam
2514 5974 2770 6035 docendo
2827 5974 2937 6059 tibi,
3009 5972 3283 6045 plurimos
3334 5972 3706 6042 undecunque
