4050 6640
249 464 310 523 65
1206 454 1647 518 ΒῩΖΛΝΤΙΝᾸΞ
1685 455 1830 516 HIS'

1931 453 2073 515 [ΠΕ
2105 454 2249 515 LIB.
2276 455 2483 518 XXVI.

3397 453 3473 520 θθ

248 581 346 643 Rat;
374 576 619 645 ἁπάσας,
644 577 774 649 ἄχρι
823 578 917 631 καὶ
954 578 1011 641 ἐς
1069 572 1173 649 τὴν
1220 573 1507 646 ἰῐείρινθον
1557 573 1659 643 τὴν
1707 575 1830 631 καὶ.⁴

1931 573 2090 629 ισοοιί
2131 571 2453 629 dimcultate
2483 571 2990 637 commorabantur,
3024 587 3092 629 ex
3138 571 3340 629 Galatae
3380 589 3477 629 ca-

259 670 580 741 Ἥρὰκλειαν
609 671 980 740 καλουμένην.
1026 667 1312 721 Ἐνταυοοἰ
1340 665 1387 720 δ’
1414 668 1516 719 οὐκ
1541 663 1805 736 εὐμενοῦς

247 765 360 817 οὐδὲ
392 762 781 835 φιλανθρώπου
812 766 913 829 τῆς
962 762 1171 831 ἀγορᾶς
1200 760 1310 813 τῶν
1360 758 1686 826 ἐπιτηδείων
1712 774 1805 809 τυ-

249 858 447 927 χόντες,
496 855 736 924 ἔστησαν
780 854 1035 917 ἀλύοντες
1065 870 1126 906 τε
1179 852 1274 905 καὶ
1327 852 1520 920 μαθεῖν
1574 848 1807 918 περιμέ-

249 967 420 1013 νοντες
448 950 512 1001 ὲκ
539 947 634 1001 τοῦ
663 947 1069 1015 Γαλατωνύμου
1108 943 1395 1015 φρουρίου,
1442 942 1492 994 εί
1525 942 1625 1009 τὴν
1675 940 1808 992 ὐπο-

250 1040 403 1111 δοχῆν
432 1040 591 1106 ἀξίαν
613 1039 709 1093 τοῦ
754 1038 944 1093 στόλου
993 1036 1483 1104 παρεσκευάσαντο
1509 1050 1523 1065 ο
1560 1032 1809 1103 φθάσαν-

249 1148 332 1195 τες
353 1133 463 1202 γὰρ
500 1134 619 1185 ἐκεῖ
646 1135 897 1202 τριίρεις
954 1126 1326 1199 προῦπεμψαν
1376 1125 1531 1178 δέκα.
1587 1120 1809 1188 Μεταξὺ

248 1222 302 1277 δὲ
328 1223 537 1292 λάχανα
568 1222 926 1293 παρεξιόντες
953 1219 1239 1289 ξυνέλεγον
1285 1219 1373 1271 καὶ
1409 1216 1643 1286 βοτάνην
1676 1215 1810 1268 ἔνιοι

248 1314 340 1382 τῆς
373 1314 640 1382 ναυτικῆς
683 1313 969 1381 δυνάμεως
1031 1313 1096 1364 ἐκ
1126 1311 1224 1381 τῆς
1269 1308 1473 1378 χώρας,
1506 1308 1811 1377 ἡμερήσιον

251 1406 493 1462 ἐντεῦθεν
524 1410 591 1478 τῇ
630 1408 835 1476 γαστρὶ
886 1403 1286 1474 μνηστεύοντες
1329 1400 1648 1474 τράπεζανο
1706 1416 1812 1469 μαο

254 1499 363 1569 κρῷ
393 1501 502 1569 γάρ
527 1515 635 1551 τινι
666 1498 764 1552 καὶ
814 1487 1151 1566 πολυημέρῳ
1204 1493 1586 1564 δαπαιώμενοι
1640 1491 1812 1545 διετέ-

251 1592 374 1645 λουν
397 1589 564 1660 λιμῷ.
592 1590 666 1644 Οἱ
691 1605 757 1658 γε
793 1589 900 1659 μὴν
951 1587 1354 1654 Ἡρακλεῶται,
1391 1583 1643 1655 καθάπερ
1687 1582 1816 1649 θεηο

250 1684 391 1753 λάτῳ
421 1682 722 1752 πληγέντες
749 1682 946 1753 ἀγνοίᾳ
974 1682 1066 1735 τὸν
1102 1679 1254 1739 νοῦν.
1286 1676 1402 1732 ἀντ’
1429 1677 1598 1747 ἄλλης
1634 1674 1815 1740 ξενίας

255 1776 471 1846 ἐνέδραν
495 1777 614 1829 ἐκεῖ
643 1772 1034 1844 προλοχίζουσι
1067 1771 1176 1842 πρὸ
1227 1771 1325 1826 τοῦ
1370 1770 1559 1824 στόλου
1595 1767 1814 1835 νυκτὸς,

255 1868 365 1937 ἃμα
391 1868 437 1919 δ’
460 1866 537 1936 ἕῳ
567 1865 798 1936 συχνοὺς
828 1865 1029 1918 οὑτωσὶ
1064 1864 1174 1917 τῶν
1208 1863 1454 1917 Λατίνων
1494 1860 1817 1930 συνειληφό-

252 1978 337 2025 τες
374 1962 732 2015 ἀπέκτειναν.
759 1957 803 2013 Τ
807 1957 933 2011 οὖτο
974 1956 1113 2026 πρὸς
1160 1956 1342 2021 ὀξεῖαν
1375 1954 1517 2024 σφᾶς
1560 1952 1819 2026 ἠρέθισεν

254 2053 442 2125 ὀργὴν,
479 2053 658 2106 καίτοι
712 2049 808 2104 καὶ
861 2049 1222 2120 βουλομένους
1282 2044 1464 2118 μάχης
1512 2044 1819 2117 ἀπέχεσθαι

259 2146 458 2215 πάσης,
488 2144 651 2215 ἄχρις
687 2141 1057 2212 ἀφικομένους
1112 2142 1171 2203 ἐς
1208 2139 1508 2204 Βυζάντιον
1564 2136 1694 2208 περὶ
1740 2136 1820 2190 εί-

259 2238 424 2308 ρήνης
468 2233 932 2306 πρεσσεύσασθαι,
987 2234 1083 2286 καὶ
1132 2233 1267 2286 πᾶσι
1299 2230 1524 2302 τρόποις
1579 2231 1822 2301 ἐπαγγε-

256 2328 383 2380 λιῶν
414 2328 509 2380 καὶ
549 2326 755 2389 πάσαις
783 2325 966 2380 δόσεσι
1014 2325 1315 2394 χρημάτων
1368 2323 1821 2393 περιεληλυθέναι

258 2421 345 2474 τδν
374 2419 630 2491 βασιλέα.
686 2421 783 2473 καὶ
830 2420 1018 2471 πεῖσαι
1058 2420 1156 2481 τὰς
1186 2418 1292 2470 τῶν
1333 2416 1634 2469 Βενετικῶν
1663 2404 1825 2469 σπον-

258 2515 350 2576 δὰς
380 2512 766 2581 ἀπειπάμενον
796 2510 1117 2564 ἀνθελέσθαι
1140 2511 1239 2573 τὰς
1290 2511 1461 2578 σφῶν.
1513 2509 1678 2564 Ὅθεν
1729 2510 1825 2562 ἐπὶ

262 2602 464 2667 πολλὰς
491 2602 592 2657 τὰς
620 2602 772 2673 ὥρας
802 2602 1262 2673 γνωσιμαχήσασι
1311 2599 1436 2655 καθ’
1466 2601 1697 2665 ἑαυτοὺς
1730 2601 1826 2655 καὶ

262 2694 407 2766 μάλα
429 2694 493 2762 τί
524 2710 580 2746 τι
615 2692 821 2746 ἀνεκτὰ
842 2692 1015 2746 ιδόκει
1066 2689 1454 2759 σιωπήσαντας
1502 2688 1562 2741 τὸ
1607 2687 1826 2757 συμϐὰν

264 2787 704 2861 παρεληλυθέναι
733 2786 1017 2856 ἀτόπημα,
1066 2784 1165 2839 καὶ
1226 2784 1464 2854 μάλιστα
1496 2781 1599 2850 τῆς
1636 2798 1827 2835 ναυτι-

260 2883 360 2950 κῆς
419 2881 519 2935 καὶ
571 2880 909 2950 πολυμιγοῦς
964 2877 1233 2948 ἀναρχίας
1294 2874 1693 2945 ὲκριπιζούσης
1731 2875 1828 2929 καὶ

260 2972 676 3041 ἁναφλετοὺσης
710 2971 800 3023 τὸν
863 2968 1122 3038 πόλεμον.
1165 2967 1365 3037 Διόπερ
1399 2968 1455 3027 ἐς
1505 2965 1606 3036 τὴν
1668 2967 1831 3019 ὑστε-

267 3064 427 3138 ραίαν
463 3062 644 3138 ⁸ἕωθεν
665 3062 716 3117 oi
744 3061 1009 3132 ναύαρχοι
1035 3060 1119 3135 τὰ.
1139 3060 1417 3129 πολεμικὰ
1446 3058 1555 3112 τῶν
1588 3057 1830 3129 σημείων

1905 663 2090 726 stello,
2141 678 2255 733 quo
2310 672 2472 719 antea
2520 663 2713 719 decem
2773 664 3027 719 triremes
3074 664 3473 734 praemiserat,

1906 755 2161 811 nuntium
2191 766 2593 827 exspectantes,
2640 771 2772 811 num
2832 757 3090 813 idoneum
3136 757 3329 815 classis
3385 774 3480 812 re-

1908 849 2247 918 eeptaculum
2277 856 2582 918 parassent.
2620 849 2829 906 Interea
2861 862 3041 905 autem
3093 850 3339 906 nonnulli
3370 851 3482 905 mi-

1909 941 2066 994 litum
2105 941 2520 997 classicorume
2553 943 2786 997 navibus
2843 942 3049 1013 egressi
3108 943 3257 998 olera
3313 952 3481 1014 atque

1911 1033 2194 1102 pabularia
2225 1049 2294 1089 ex
2323 1048 2456 1104 agro
2486 1034 2872 1102 quotidianum
2930 1034 3239 1090 ventriculo
3289 1036 3478 1091 cibum

1911 1134 2161 1195 petentes
2189 1126 2542 1194 colligebant,
2575 1132 2767 1198 magna
2792 1129 2995 1197 quippe
3025 1143 3125 1197 per
3170 1131 3483 1199 complures

1912 1219 2031 1273 dies
2051 1219 2190 1272 fame
2261 1219 2534 1276 exhausti.
2589 1218 2925 1274 Heracleotze
2976 1227 3159 1274 autem
3221 1229 3480 1291 tanquam

1912 1308 2188 1364 dementia
2221 1311 2332 1381 79
2358 1309 2621 1365 divinitus
2649 1311 2891 1365 immissa
2920 1311 3116 1380 perciti
3151 1327 3252 1381 pro
3292 1311 3483 1382 hospi-

1913 1399 2122 1454 talitate
2156 1401 2373 1455 insidiis
2404 1411 2571 1454 noctu
2628 1410 2755 1461 ante
2796 1403 3024 1457 cla~sem
3080 1402 3310 1457 structis
3364 1406 3480 1459 sole

1914 1492 2125 1546 oriente
2152 1493 2354 1547 multos
2376 1509 2442 1547 ex
2475 1493 2681 1549 Latinis
2703 1506 2896 1563 captos
2933 1495 3294 1551 interficiunt.
3349 1496 3483 1563 Qua:

1913 1584 2136 1654 quidem
2170 1600 2256 1639 res
2285 1601 2463 1639 acrem
2483 1585 2632 1641 hisce
2660 1574 3008 1648 iram'itnovit,
3027 1603 3151 1641 eum
3180 1588 3483 1656 pmsertint

1916 1676 2067 1729 omni
2122 1677 2422 1732 certamine
2488 1677 2764 1733 abstinere
2816 1680 3254 1744 constituissent,
3310 1679 3487 1735 donec

1919 1766 2235 1838 Byzantium
2262 1769 2540 1833 venirent,
2591 1779 2653 1823 ut
2681 1770 2748 1825 de
2775 1786 2907 1839 pace
2950 1781 3172 1843 agerent
3229 1783 3283 1827 et
3332 1772 3483 1827 omni

1918 1874 2123 1929 genere
2178 1860 2639 1930 pollicitationum
2686 1871 2743 1916 et
2792 1864 3037 1932 pecunia:
3102 1864 3488 1934 largitionibus

1921 1952 2308 2020 imperatorem
2364 1951 2801 2010 circumventum
2885 1971 2952 2011 eo
3012 1957 3379 2025 adducerent,
3424 1969 3488 2015 ut

1920 2041 2132 2099 foedere
2161 2057 2286 2097 cum
2316 2042 2541 2100 Venetis
2563 2054 2747 2112 spreto
2776 2062 2968 2102 secum
2999 2050 3317 2104 societatem
3376 2051 3450 2104 ini
3468 2076 3488 2089 ο

1921 2143 2027 2191 ret.
2054 2134 2235 2205 Quare
2255 2137 2457 2191 multas
2485 2140 2710 2208 quidem
2742 2140 2905 2195 horas
2925 2141 3449 2211 pemlebantanimis
3469 2159 3487 2196 :

1922 2238 2165 2288 attamen
2207 2242 2316 2283 non
2352 2230 2637 2286 ferendum
2672 2233 2984 2296 videbatur,
3041 2235 3085 2287 si
3115 2234 3378 2304 flagitium
3432 2235 3488 2289 in

1923 2339 1982 2379 se
2013 2322 2370 2378 commissum
2419 2322 2750 2391 impunitum
2809 2325 3066 2378 omittere
3101 2326 3321 2389 vellent,
3350 2327 3493 2380 clas-

1924 2418 2058 2473 sicis
2088 2414 2394 2486 prazsertim
2425 2417 2576 2474 varie
2599 2418 3058 2473 tumultuantibus
3096 2418 3336 2487 bellique
3370 2435 3495 2474 cer-

1925 2519 2108 2566 tamen
2164 2512 2517 2567 moventibus
2569 2520 2627 2567 et
2676 2510 3127 2567 accendentibus.
3179 2511 3492 2579 Insequenti

1927 2604 2095 2675 igitur
2118 2605 2242 2668 .die
2267 2606 2398 2661 solis
2442 2614 2566 2660 ortu
2624 2618 2749 2659 cum
2806 2602 3048 2674 praefecti
3117 2603 3310 2658 classis
3364 2603 3493 2657 belli

1928 2694 2081 2765 signa
2119 2695 2271 2751 tubis
2295 2695 2385 2751 edi
2416 2696 2732 2765 iussissent,
2775 2708 2971 2749 omnes
2992 2693 3187 2748 armati
3234 2694 3299 2746 ad
3332 2693 3498 2747 ultio-

1928 2802 2060 2843 nem
2094 2789 2417 2843 sumendam
2452 2788 2658 2858 egressi
2692 2787 2882 2841 urbem
2907 2788 3131 2856 eingnnt
3156 2795 3215 2840 et
3240 2785 3499 2840 omnibus

1930 2876 2107 2948 portis
2160 2877 2404 2933 effractis
2446 2878 2682 2931 duarum
2740 2876 2999 2930 horarum
3047 2874 3225 2945 spatio
3275 2875 3498 2943 capiunt

1932 2971 2145 3031 urbem,
2171 2970 2427 3025 refertam
2458 2984 2565 3023 non
2594 2969 2773 3022 solum
2829 2969 3106 3023 veteribus
3138 2967 3353 3031 incolis,
3399 2965 3497 3021 sed

1930 3061 2096 3117 etiam
2127 3060 2199 3115 iis
2226 3059 2320 3129 qui
2367 3061 2570 3115 exteris
2632 3059 2880 3115 Thraciae
2935 3059 3072 3114 vicis
3128 3068 3354 3128 propter
3375 3073 3497 3113 ere-

263 3135 646 3213 ὲνεκιλέύοντο
706 3156 771 3226 δὴ
829 3157 943 3217 τοῖς
1000 3153 1361 3220 σαλπιγκταῖς
1402 3149 1830 3221 ἀνακρούεσθαι,

1932 3154 2064 3210 bras
2093 3153 2375 3224 gentilium
2409 3153 2752 3209 incursiones
2783 3152 2989 3208 relictis
3040 3167 3107 3207 eo
3157 3152 3316 3207 sedes
3372 3166 3499 3206 eum

269 3255 367 3309 xui.
402 3252 578 3315 οὕτως
600 3252 685 3313 είς
713 3251 925 3320 ἄμυναν
972 3245 1187 3300 ἔνοπλοι
1238 3246 1443 3308 πάντες
1491 3243 1830 3315 ἐκπηδήσαν-

1936 3248 2149 3319 magnis
2171 3247 2381 3302 divitiis
2411 3248 2827 3302 transtulerant.
2872 3245 3097 3300 lrruunt
3141 3244 3210 3298 ab
3242 3243 3500 3298 omnibus

268 3365 361 3409 τες
380 3341 1021 3417 περιεστρατοπέδευσαν
1066 3338 1165 3410 τὴν
1211 3338 1388 3391 πόλιν.
1435 3336 1546 3389 Καὶ
1580 3335 1698 3406 ἅμα
1734 3334 1830 3399 τὰς

1934 3340 2186 3412 partibus
2232 3339 2412 3394 Latini
2467 3349 2523 3393 et
2589 3352 2781 3393 omnes
2836 3336 3017 3392 omnis
3066 3336 3244 3391 aetatis
3300 3335 3500 3391 misera

268 3439 449 3501 πύλας
509 3433 1017 3505 ἀναμοχλεύσαντες
1091 3431 1294 3493 πάσας,
1347 3430 1406 3480 ιν
1452 3427 1625 3497 ὥραις
1690 3421 1836 3480 εἷλον

267 3531 393 3584 δυσὶ
429 3528 636 3599 μεστὴν
663 3524 827 3580 οὖσαν
850 3524 913 3578 οὐ
954 3523 1118 3593 μόνον
1164 3521 1277 3574 τῶν
1305 3519 1477 3573 πάλαι
1530 3518 1835 3588 οἰκητόρων

268 3623 467 3690 αὐτῆς,
499 3619 639 3672 ἀλλὰ
667 3618 760 3672 καὶ
783 3617 900 3670 ὅσοι
929 3618 1030 3680 τὰς
1061 3614 1168 3681 ἔξω
1227 3614 1422 3683 κώμας
1457 3610 1558 3681 τῆς
1611 3610 1836 3682 Θρᾴκης

266 3714 355 3766 διὰ
404 3713 607 3779 συχνὰς
645 3709 756 3763 τῶν
808 3707 980 3761 ἐθνῶν
1036 3706 1262 3772 ἐφόδους
1318 3701 1570 3766 λιπόντες
1630 3703 1689 3755 ὲν
1724 3703 1838 3764 τοῖς

263 3803 440 3871 αὐτῆς
497 3799 939 3870 μετῳκίσθησαν,
1006 3796 1240 3850 πλοῦτον
1310 3791 1655 3848 παντοδαπὸν
1719 3792 1841 3846 ἔκεί

267 3894 749 3963 συμφορήσαντες.
821 3891 930 3944 Καὶ
974 3887 1073 3954 μὲν
1107 3889 1171 3958 δὴ
1235 3889 1331 3940 καὶ
1369 3885 1670 3956 ιίσεχέοντο
1704 3883 1840 3938 πάν-

261 4002 358 4047 τες
413 3981 796 4051 ἁπαντνχδθεν
842 3981 1081 4045 Λατῖνοι,
1133 3980 1229 4032 καὶ
1276 3978 1457 4031 πᾶσαν
1511 3976 1838 4047 ἠνδραποδί-

266 4076 428 4139 ζοντο
455 4074 678 4144 ἠλικίαν
707 4071 980 4137 ἐλεεινῶς,
1018 4071 1117 4139 ὅση
1145 4069 1220 4140 μὴ
1257 4068 1491 4139 δρασμῷ
1535 4070 1636 4138 τὴν
1664 4085 1841 4141 σωτη-

268 4162 399 4230 ρίαν
434 4160 575 4229 seen
608 4159 959 4229 πορίσασθαι.
988 4157 1304 4229 ἰἠνικαῦτα
1355 4157 1402 4211 δ’
1459 4158 1610 4229 ἀπῆν
1657 4161 1686 4212 δ
1737 4159 1840 4227 τῆς

267 4252 483 4312 πόλεως
527 4250 900 4311 ὲπισκοπικῶς
930 4248 1297 4319 προΐστασθαι
1331 4248 1514 4319 λαχὼν
1547 4249 1836 4313 Κόκκινος·

265 4344 415 4396 οὕτω
442 4343 551 4411 γὰρ
582 4342 824 4394 ἐκαλεῖτο
852 4342 940 4395 διὰ
964 4342 1021 4393 τὸ
1070 4340 1316 4408 πυρῶδες
1361 4344 1459 4395 καὶ
1495 4341 1693 4411 ἄγριον
1733 4343 1836 4412 τῆς

266 4434 447 4501 ὅμως
479 4435 510 4485 ὁ
542 4435 855 4502 ποιμενικὸς
904 4433 1109 4501 πατὴρ.
1152 4432 1349 4501 Ἔτυχε
1381 4432 1489 4502 γὰρ
1536 4433 1596 4484 ὲν
1629 4432 1841 4497 Βυζαν-

265 4527 393 4593 τίῳ,
430 4526 549 4588 ταῖς
578 4524 678 4589 μὲν
710 4524 804 4577 τοῦ
838 4524 1066 4591 Παλαμᾶ
1108 4514 1484 4589 καινοφωνίαις
1512 4524 1663 4594 πάσῃ
1700 4524 1843 4592 γνώ-

1936 3432 2203 3489 servitute
2225 3429 2490 3497 alliciunt,
2522 3432 2624 3501 qui
2649 3445 2756 3484 non
2788 3429 2911 3496 fuga
2944 3428 3176 3483 salutem
3222 3427 3327 3482 sibi
3352 3443 3503 3497 qna--

1934 3524 2197 3581 siverant.
2235 3523 2347 3593 80
2373 3524 2527 3577 Tnnc
2556 3523 2748 3577 aberat
2772 3521 3065 3587 Coccinns,
3094 3520 3188 3591 qui
3215 3520 3503 3587 episcopa-

1939 3624 2051 3670 tum
2089 3615 2242 3672 urbis
2274 3616 2504 3671 sortitus
2535 3624 2675 3670 erat.
2716 3613 2989 3670 COecinus
3022 3614 3172 3670 enim
3228 3611 3506 3682 pastorius

1938 3718 2092 3779 pater
2119 3708 2189 3763 ab
2220 3707 2380 3779 igneo
2407 3714 2459 3763 et
2497 3708 2725 3763 etferato
2750 3706 2904 3761 vultu
2941 3704 3344 3774 appellabatur.
3368 3703 3507 3759 Ver-

1939 3798 2161 3853 sabatur
2198 3807 2312 3851 tum
2345 3796 2607 3867 temporis
2637 3796 2907 3867 Byzantii,
2947 3795 3040 3849 ubi
3080 3794 3236 3849 novis
3276 3791 3509 3848 Palamat

1939 3895 2262 3949 commentis
2301 3892 2446 3947 omni
2480 3893 2667 3946 animo
2698 3903 2860 3962 atque
2895 3891 3076 3946 studio
3110 3890 3354 3953 deditus,
3385 3905 3510 3958 gre-

1939 3984 2022 4055 gis
2057 3985 2142 4040 sui
2180 3999 2372 4053 parum
2401 3984 2587 4039 habita
2623 3984 2855 4048 ratione,
2896 3999 3041 4037 verre
3072 3982 3195 4037 fidei
3249 3996 3512 4053 persecu-

1941 4078 2144 4132 tionem
2176 4075 2528 4136 aecendebat,
2586 4075 2901 4144 imperatori
2961 4088 3094 4128 vero
3156 4089 3223 4128 ex
3275 4072 3510 4128 somniis

1938 4178 1995 4224 et
2024 4167 2238 4237 tripode
2263 4164 2457 4221 nescio
2478 4179 2589 4234 quo
2626 4162 2888 4219 vaticinio
2927 4178 3150 4233 magnas
3183 4176 3313 4217 sane
3337 4170 3509 4231 atqne

1942 4256 2243 4314 ineffabiles
2272 4272 2361 4311 res
2392 4255 2774 4325 pollicebatur,
2807 4254 3023 4325 imperii
3081 4254 3341 4308 nimirum
3393 4268 3510 4308 am-

1940 4350 2350 4421 pliﬁcationem,
2413 4345 2661 4402 Orientis
2737 4355 2794 4401 et
2837 4345 3170 4409 ‘Ocridentis
3219 4345 3509 4410 ditionem,

1941 4458 2062 4511 quae
2095 4441 2246 4495 nullo
2277 4440 2495 4510 negotio
2547 4440 2981 4509 persecutionem
3014 4454 3044 4493 e
3075 4438 3301 4506 vestigio
3365 4437 3515 4494 inse-

1943 4541 2136 4587 cutura
2167 4541 2332 4587 esset.
2362 4532 2433 4586 Δὶ
2460 4532 2747 4587 enimvero
2775 4547 2899 4587 cum
2929 4531 3152 4586 Coccini
3178 4533 3507 4601 pnesagium

270 4632 353 4686 μη
379 4618 473 4668 καὶ
508 4615 713 4684 σπουδῇ
756 4614 1081 4682 συμμαχῶν,
1135 4612 1226 4667 τοῦ
1284 4612 1340 4666 δὲ
1379 4616 1635 4683 ποιμνίου
1670 4617 1830 4687 μικρὰ

1946 4641 2173 4697 prorsus
2223 4640 2382 4681 secus
2433 4624 2675 4688 caderet,
2746 4624 2800 4679 in
2858 4639 3079 4694 magnas
3136 4625 3365 4695 injectus
3426 4633 3512 4679 est

266 4706 604 4777 φροντίζων,
627 4708 719 4758 καὶ
740 4707 833 4757 τὸν
861 4705 959 4772 μὲν
990 4705 1132 4757 κατὰ
1159 4707 1256 4774 τῆς
1275 4707 1555 4770 εὑσ.6είας
1580 4706 1642 4779 [f.
1668 4709 1767 4763 1H
1784 4707 1841 4781 α]

266 4797 654 4868 ἀναρριπίζων
690 4796 943 4848 ἐνταυθοῖ
971 4795 1229 4864 διωγμὸν,
1258 4796 1336 4866 τῷ
1371 4796 1426 4849 δὲ
1473 4797 1682 4867 βασιλεῖ
1708 4816 1844 4857 ποο-

267 4890 677 4957 φοιδαζὸμενος
709 4888 765 4953 ἐξ
798 4887 1042 4956 ὀνείρων,
1078 4885 1185 4939 κάκ
1220 4887 1313 4939 τοῦ
1353 4889 1596 4941 τοιούτου
1652 4906 1844 4955 μαντι·

268 4981 374 5032 κοῦ
429 4978 687 5050 τρίποδος
751 4978 1184 5048 ὑπισχνούμενος
1234 4984 1301 5031 τὰ
1377 4980 1594 5047 μεγάλα
1643 4996 1703 5032 τε
1754 4980 1847 5032 καὶ

270 5071 599 5141 ἀπόρρητα,
632 5068 861 5139 κλήρους
891 5071 1065 5140 ἀρχῆς
1095 5068 1293 5139 δηλαδὴ
1321 5071 1692 5139 καινοτέρους,
1752 5074 1849 5125 καὶ

267 5164 461 5232 πάσης
490 5161 634 5232 ἑῴας
657 5166 748 5214 καὶ
785 5162 1040 5231 ἑσπερίου
1066 5161 1274 5231 λήξεως
1317 5165 1673 5232 ἐπικράτειαν
1715 5165 1850 5234 ἄμο-

268 5258 412 5327 χ’)ον
451 5258 652 5308 αὑτικα
701 5257 844 5325 μάλα
895 5271 948 5308 τι
1000 5258 1271 5328 ἑψομένην
1297 5256 1373 5321 τῷ
1414 5255 1658 5325 διωγμῷ.
1692 5257 1848 5312 Ἀλλὰ

267 5367 389 5417 γαρ
455 5350 648 5419 ἐπειδὴ
685 5353 821 5419 πρὸς
866 5350 973 5402 πᾶν
1024 5351 1337 5401 τούναντίον
1405 5348 1602 5420 ἐχώρει
1651 5350 1710 5402 τὸ
1754 5350 1849 5403 τοῦ

270 5444 559 5496 Κοκκίνου
589 5443 896 5510 μάντευμα,
929 5441 1133 5513 πολλὴν
1191 5446 1416 5512 παρεῖχε
1457 5447 1555 5513 τὴν
1612 5443 1850 5514 ἀπορίαν

268 5534 358 5602 τῷ
407 5532 646 5603 βασιλεῖ,
689 5532 837 5586 καὶᾶ
866 5533 989 5601 χθὲς
1036 5536 1130 5585 καὶ
1157 5534 1427 5604 προτριτα
1481 5534 1739 5602 προσίετό
1790 5551 1850 5587 τε

268 5626 376 5677 καὶ
406 5626 619 5693 σφόδρα
642 5625 891 5694 ἁσμένως
939 5628 1214 5687 ἐπίστευε,
1252 5623 1348 5677 νῦν
1397 5627 1452 5688 ὲς
1514 5626 1851 5695 ἁμφιῦόλους

268 5718 548 5788 ἔρριπτεν
584 5716 811 5779 ἐννοίας,
840 5722 929 5769 καί
959 5719 1256 5787 τρικυμὶαν
1278 5713 1390 5787 εἶχε
1432 5717 1728 5785 λογισμῶν,
1759 5722 1854 5774 καὶ

264 5809 573 5863 ἅπεσείετο
595 5811 723 5872 τοὺς
756 5810 956 5879 λήρους
997 5811 1265 5873 ἐκείνους,
1296 5811 1390 5863 καὶ
1437 5810 1661 5874 πολλαῖς
1704 5812 1854 5864 ἐπει-

268 5901 421 5973 ρᾶτο
450 5900 697 5971 μέμψεσι
730 5899 1013 5971 βαπτίζειν
1045 5902 1165 5966 τοὺς
1209 5901 1382 5968 οὕτως
1414 5899 1503 5957 ἐπ’
1542 5889 1854 5976 αὐτοφώρῳ

1950 4716 2298 4773 difﬁcultates
2352 4717 2665 4785 imperator,
2716 4716 2946 4785 utquod
3010 4716 3127 4770 beri
3183 4716 3265 4771 vel
3311 4714 3514 4769 nudius
3559 4726 3564 4733 '

1953 4810 2147 4862 tertius
2172 4808 2394 4862 admisit
2444 4818 2499 4862 et
2546 4806 2923 4861 lubentissime
2971 4806 3233 4869 credidit,
3299 4804 3354 4860 id
3400 4806 3512 4876 jam

1951 4901 2223 4969 ambiguis
2278 4907 2523 4953 versaret
2580 4898 3001 4969 cogitationibus
3042 4904 3101 4952 et
3146 4896 3518 4952 vehementis-

1951 4992 2087 5046 sima
2118 4992 2476 5046 consiliorum
2506 4991 2861 5046 ﬂuctuatione
2894 4992 3131 5057 agitatus
3167 5006 3342 5060 nugas
3381 4991 3519 5046 istas

1950 5084 2212 5153 abjiccret
2244 5094 2430 5153 atque,
2479 5098 2619 5153 quos
2654 5098 2765 5137 non
2793 5083 3026 5153 puderet
3059 5084 3115 5139 in
3172 5093 3281 5139 tam
3342 5084 3518 5137 mani—

1952 5175 2105 5231 festis
2178 5176 2482 5232 mendaciis
2531 5176 2895 5244 deprehendi,
2964 5176 3151 5231 multis
3204 5175 3518 5246 opprobriis

1952 5267 2188 5321 obruere
2214 5277 2528 5321 conaretur.
2582 5266 2690 5321 Sed
2738 5282 2932 5321 rursus
2985 5267 3078 5321 ille
3126 5268 3515 5336 praesagiorum

1952 5366 2144 5412 auctor
2194 5359 2261 5414 ad
2315 5374 2443 5413 eum
2486 5357 2744 5423 accedit;
2794 5359 3080 5413 veritatem
3142 5359 3277 5413 falso
3348 5359 3517 5413 inter-

1954 5454 2222 5522 pretando
2246 5462 2304 5507 et
2331 5462 2537 5506 certam
2592 5452 3001 5521 simplicitatem
3084 5451 3515 5505 transcurrendo

1953 5559 2078 5599 eum
2127 5545 2230 5599 sibi
2281 5544 2641 5611 reconciliet;
2695 5544 2835 5599 bane
2886 5542 3183 5597 adversarii
3231 5540 3539 5607 cujusdam
3630 5594 3639 5607 ,

1953 5635 2180 5703 spiritus
2213 5649 2334 5689 esse
2371 5636 2480 5688 vim
2521 5635 2678 5696 dicit,
2708 5634 2800 5704 qui
2859 5632 3110 5686 ardorem
3140 5631 3360 5701 pietatis
3429 5645 3521 5686 re-

1956 5725 2233 5793 stinguere
2279 5735 2335 5779 et
2395 5725 2800 5795 persecutionis
2869 5738 3089 5777 cursum
3146 5721 3523 5776 fraudulenter

1956 5816 2206 5873 inbibere
2260 5819 2411 5873 velit.
2498 5816 2622 5872 Haec
2678 5817 2841 5869 etiam
2898 5814 3203 5884 exploratio
3267 5814 3517 5883 qun-dam

1953 5907 2301 5978 est,inquit,
2332 5924 2361 5962 a
2394 5909 2507 5965 Deo
2569 5906 2816 5962 instituta
2859 5916 2915 5961 et
2971 5904 3227 5977 praelusio
3285 5906 3521 5967 tortas-te
