3984 6588
457 417 525 478 75
1119 412 1131 426 ’
1665 415 1714 476 Ν
1727 415 2042 478 [CEPIIOB

2147 418 2438 480 EREGOR
2459 418 2506 475 Ε
3649 418 3714 476 ’ἵιῖ

458 544 607 600 runt,
637 531 1042 604 ubi,qnantum
1079 530 1194 588 ﬁeri
1239 531 1450 602 potuit,
1484 531 1660 592 hetam
1699 532 2040 604 curationem

2147 536 2372 604 σάμενοι
2407 533 2504 603 τῆς
2535 534 2677 598 ίδῦ,
2727 533 2794 586 δι’
2823 533 2948 602 ὅλης
2980 533 3192 602 ἡμέρας
3254 531 3404 596 ἐντος
3464 532 3716 598 ἑγὲνοντο

460 631 605 685 nacti
647 639 797 684 sunt.
831 627 1016 682 Turba
1066 636 1246 682 autem
1290 627 1402 690 illa,
1438 626 1505 681 de
1545 643 1651 696 qua
1687 627 1944 687 diximus,
1971 641 2039 698 ex

461 723 764 778 continenti
789 722 855 776 ad
888 737 1040 775 oram
1070 720 1202 775 sclis
1234 719 1564 786 ortu_delata
1597 734 1798 788 paucos
1827 729 2038 773 tantum

465 831 650 869 secum
684 814 923 869 habebat
978 813 1088 884 90
1145 812 1387 873 milites;
1434 811 1666 865 maxima
1697 823 1879 866 autem
1919 825 2042 879 pars

463 925 529 962 ex
564 906 711 960 omni
746 920 946 976 genere
983 903 1269 958 hominum
1309 913 1365 957 et
1385 902 1600 970 artibus
1638 901 1874 956 sordidis
1907 917 2040 971 ope-

468 1017 580 1053 ram
617 999 934 1053 navautium
964 1007 1021 1054 et
1063 997 1226 1051 rebus
1256 995 1478 1050 rusticis
1510 994 1854 1049 addictorum
1889 1009 2039 1048 com-

469 1093 627 1146 mista
662 1101 804 1145 erat.
842 1091 1041 1143 Eorum
1067 1089 1311 1142 onmium
1335 1083 1499 1142 nemo
1521 1097 1638 1142 erat
1665 1087 1798 1157 quin
1828 1085 2053 1142 lucrum‘

470 1182 744 1251 quoddam
783 1193 838 1236 et
868 1181 1104 1252 prmdam
1137 1171 1321 1236 secum
1358 1179 1581 1234 domum
1614 1180 1915 1245 retulisset,
1940 1177 2044 1232 llu-

472 1275 654 1329 ctibus
691 1275 901 1329 scilicet
949 1290 1098 1328 arma
1131 1282 1187 1327 et
1238 1272 1343 1326 tela
1373 1272 1554 1325 omnis
1599 1271 1817 1341 generis
1839 1311 1854 1334 ,
1886 1279 2042 1325 scuta

464 1370 755 1440 galeasque
809 1385 870 1424 ac
913 1368 1166 1422 triremes
1201 1367 1489 1435 utriusque
1530 1366 1807 1420 exercitus
1843 1365 2046 1436 promi-

466 1480 596 1519 scue
624 1480 721 1535 per
753 1477 899 1517 mare
928 1462 1162 1532 jac-tatas
1203 1459 1255 1514 in
1291 1469 1492 1514 terram
1529 1459 1915 1529 ejicieutibus,
1949 1476 2045 1514 va-

465 1575 595 1612 cuas
631 1558 752 1611 illas
799 1556 1020 1626 quidem
1059 1554 1330 1609 militibus
1373 1554 1634 1623 omnique
1669 1554 2044 1623 gubernaculo

465 1651 764 1718 remisque,
796 1658 1041 1702 attamen
1078 1646 1312 1702 refertas
1367 1646 1534 1699 rebus
1582 1646 1841 1715 pretiosis
1880 1655 2042 1716 atque

463 1739 698 1793 mortuis
721 1737 894 1792 multo
927 1736 1197 1808 sanguine
1225 1737 1508 1806 reSpersis.

533 2025 673 2078 Cum
705 2031 888 2077 autem
923 2029 1048 2091 post
1082 2019 1327 2090 praelium
1361 2017 1558 2075 narale
1583 2021 1773 2074 morbo
1796 2035 1884 2090 per
1929 2035 2042 2074 rna-

465 2118 667 2172 ximam
702 2124 917 2185 partem
951 2113 1237 2183 utriusque
1280 2113 1562 2168 exercitus
1603 2121 1888 2182 grassante
1937 2127 2042 2166 nu-

464 2223 652 2264 merus
691 2206 979 2261 hominum
1041 2204 1182 2260 haud
1235 2205 1470 2273 exiguus
1507 2203 1914 2267 absumeretur,
1946 2218 2044 2258 ne-

463 2299 714 2355 cessitate
750 2299 970 2359 coacti,
1005 2297 1138 2366 quid
1175 2295 1309 2351 utile
1368 2294 1510 2350 iaetu
1574 2294 1872 2360 videretur,
1914 2295 2046 2348 utri-

464 2409 571 2462 que
620 2392 675 2446 in
734 2390 1191 2445 deliberationem
1231 2387 1524 2459 voeabaut.
1581 2386 1801 2442 Venetis
1854 2387 2042 2456 igitur,

462 2498 773 2554 quanquam
804 2479 879 2535 ibi
912 2479 1149 2536 hostium
1185 2492 1354 2540 naves
1392 2477 1672 2532 onerarias
1731 2491 1855 2530 cum
1889 2491 2042 2532 com-

467 2584 650 2629 meatu
676 2589 742 2627 ex
776 2571 996 2644 Scythis
1032 2580 1088 2626 et
1136 2570 1205 2625 ab
1233 2569 1475 2624 Tanaide
1508 2570 1678 2639 petito
1706 2568 2047 2623 descenden-

466 2677 547 2718 tes
575 2680 638 2718 cx
683 2663 861 2716 Ponto
915 2660 1245 2730 intercipere
1287 2657 1607 2728 cupiebant,
1658 2657 1831 2712 satius
1863 2666 2042 2711 tamen

467 2759 643 2812 visum
703 2763 789 2808 est
817 2796 829 2818 ,
868 2753 1102 2808 classem
1159 2750 1269 2804 alio
1303 2750 1425 2805 loco
1472 2749 1744 2804 collocare
1773 2789 1788 2812 ,
1841 2747 2044 2818 quippe

468 2862 594 2900 cum
639 2861 748 2900 non
795 2843 972 2898 solum
1016 2841 1333 2896 laborantes
1357 2855 1424 2894 ex
1458 2838 1651 2894 morbo
1704 2839 1772 2894 iis
1811 2837 2040 2894 curandi

465 2946 673 3000 essent,
707 2935 803 2991 sed
833 2935 998 2988 etiam
1028 2947 1211 2988 rerum
1257 2931 1324 2985 ad
1365 2929 1568 2985 vietum
1611 2930 2044 2985 necessariarum

467 3031 699 3100 penuria
765 3039 1119 3099 urgerentur,
1155 3041 1389 3096 quarum
1435 3040 1628 3094 magna
1664 3034 1828 3092 atque
1859 3022 2045 3078 multi-

467 3121 592 3192 plici
629 3121 788 3191 copia
835 3118 1084 3190 quotidie
1136 3131 1276 3187 opus
1322 3125 1458 3170 erat.
1491 3114 1670 3181 Quare
1700 3114 1812 3168 oris
1849 3112 2045 3170 solutis

467 3212 595 3267 inde
644 3211 712 3265 ad
768 3211 1054 3266 introitum
1103 3218 1297 3280 portus
1332 3206 1615 3278 Byzantini
1660 3209 1724 3263 ad
1770 3205 2041 3260 orientem

465 3305 770 3375 spectantis
803 3304 966 3359 delati
993 3312 1142 3368 sunt,
1180 3301 1424 3356 hostium
1453 3315 1640 3364 naves,
1677 3314 1797 3368 quae
1819 3299 2042 3353 sinistra

466 3397 531 3453 ad
552 3415 703 3455 oram
719 3397 1270 3454 Chalcedoniaeterrm
1286 3395 1390 3466 91
1423 3409 1454 3448 a
1485 3394 1733 3450 barbaris
1765 3403 2043 3464 occupatae

466 3493 703 3555 stabant,
739 3488 1103 3562 praetervecti.
1130 3490 1265 3544 Nam
1312 3489 1350 3542 ii
1399 3503 1619 3556 quoque
1651 3487 1859 3558 pariter
1895 3502 2046 3541 com-

467 3593 686 3638 meatus
723 3583 908 3653 inOpia
948 3581 1262 3636 laborantes
1291 3588 1347 3634 et
1388 3579 1535 3634 viros
1568 3579 1923 3644 fortissimos,
1949 3577 2041 3648 qui

467 3675 647 3746 gladio
681 3673 925 3728 hostium
951 3687 1057 3727 non
1085 3671 1356 3739 absumpti
1386 3679 1570 3735 erant,
1604 3669 1796 3724 morbo
1819 3668 2044 3724 allectos

468 3768 741 3832 videntes,
767 3763 834 3818 ad
871 3773 1064 3836 portus
1095 3762 1451 3816 barbarorum
1496 3760 1598 3815 sibi
1640 3757 2043 3814 confiederato-

467 3878 630 3926 rum,
669 3869 729 3914 ut
788 3873 956 3928 snpra
1011 3853 1537 3918 demonstravimus,
1577 3853 1929 3923 appulerant,
1985 3861 2044 3907 ut

466 3951 727 4004 alimenta
757 3946 859 4000 sibi
894 3945 1247 4015 acquirerent
1280 3945 1497 4014 aliaque.
1537 3944 1705 3998 multa
1760 3952 1816 3998 et
1849 3958 2042 4014 magna

461 4036 754 4099 commoda
790 4041 1151 4110 impetrarent
1191 4047 1358 4108 atque
1390 4048 1636 4094 mortuos
1670 4037 1860 4109 procul
1889 4053 1918 4092 a
1947 4052 2043 4108 pa-

396 4192 406 4204 ,
468 4139 569 4192 tria
603 4137 658 4191 in
689 4135 866 4190 aliena
900 4144 1045 4189 terra
1083 4132 1399 4202 sepelirent,
1433 4147 1610 4201 neque
1648 4131 1909 4191 uxoribus
1942 4144 2043 4185 nec

467 4231 658 4285 liberis
689 4228 739 4283 id
773 4225 1166 4283 sentientibus.
1199 4223 1383 4294 Usque
1431 4225 1569 4278 adeo
1615 4224 1762 4278 enim
1802 4224 2040 4281 hosﬁum

468 4322 698 4376 audacia
746 4319 1032 4376 conterriti
1071 4327 1249 4383 erant,
1289 4327 1346 4370 ut
1378 4334 1485 4370 non
1521 4315 1770 4371 sulliccre
1806 4314 2043 4370 arbitra-

471 4423 679 4480 rentur,
721 4413 765 4468 si
799 4412 1017 4468 barhari
1049 4429 1115 4466 ex
1150 4411 1459 4482 propinquo
1485 4409 1588 4487 sibi
1615 4424 1776 4478 quam
1805 4408 2041 4463 maxime

471 4507 889 4570 auxiliarentur,
931 4505 1023 4559 sed
1068 4504 1234 4558 etiam
1291 4501 1660 4556 necessarium
1711 4515 1831 4555 esse
1877 4501 2043 4554 duce—

2147 625 2463 691 Βυζαντίου.
2524 627 2630 679 Καὶ
2675 625 3036 696 ψυχαγωγίας
3092 627 3306 694 ἔτυχον,
3349 620 3548 678 όέόσον
3600 625 3720 690 ἐφι-

2146 720 2290 772 κτόν.
2327 721 2398 770 Τό
2450 736 2512 785 γε
2575 719 2684 789 μὴν
2742 719 2894 789 παρὰ
2941 719 3030 774 τὸν
3089 718 3337 786 αἰγιαλὸν
3378 719 3722 790 ἐπιρῤεῦσαν

2145 809 2208 882 [ί.
2245 812 2348 866 H6
2463 811 2634 864 ἕωθεν
2671 812 3061 879 ἠπειρωτικδν,
3099 811 3174 872 ώς
3220 811 3458 880 εἴρηται,
3516 809 3721 878 πλῆθος

2143 905 2356 971 ὀλίγους
2387 904 2486 974 μὲν
2536 899 2651 973 εἶχε
2679 905 2805 966 τοὺς
2843 902 3210 974 στρατιώτας,
3260 903 3320 955 τὸ
3369 903 3425 956 δὲ
3465 903 3721 956 πλεῖστον

2144 998 2201 1062 ἐξ
2236 997 2454 1060 ἀπάσης
2497 999 2696 1067 τέχνης
2750 992 2818 1066 ἦν
2857 994 3152 1067 ξυμμιγὲς,
3196 997 3297 1064 ὅση
3329 1012 3387 1047 τε
3433 994 3722 1064 βαναυσὼ-

2143 1089 2240 1158 δης
2295 1089 2390 1141 καὶ
2435 1089 2533 1158 ὅση
2592 1091 2660 1157 τῇ
2725 1088 2971 1158 γεωργίᾳ
3035 1088 3453 1157 προσετετήκει·
3506 1088 3599 1139 καὶ

2147 1179 2404 1232 ἁπάντων
2447 1179 2670 1232 ἐκείνων
2720 1179 2896 1242 οὐδεὶς
2931 1173 2976 1246 ᾧ
3013 1179 3089 1247 μὴ
3149 1177 3548 1249 προσεγεγόνει
3593 1179 3728 1247 κέρ-

2144 1273 2232 1333 δος
2264 1271 2435 1325 οἴκαδ’
2468 1273 2768 1336 ἐπανιόντι,
2829 1271 2936 1324 τῶν
2992 1271 3298 1325 θαλαττίων
3361 1272 3628 1339 κυμάτων
3667 1272 3726 1332 ἐς

2144 1366 2247 1433 γῆν
2291 1363 2432 1418 ὅπλα
2493 1366 2588 1418 καὶ
2639 1363 2766 1434 βέλη
2822 1365 3144 1419 παντοδαπά
3201 1364 3297 1416 καὶ
3342 1363 3579 1425 ἀσπίδας
3630 1369 3727 1415 καὶ

2148 1459 2346 1530 κράνη,
2381 1458 2476 1512 καὶ
2497 1458 2594 1520 τὰς
2628 1457 3083 1525 κενεμϐατούσας
3115 1459 3170 1510 ὲν
3195 1457 3272 1526 τῷ
3307 1457 3540 1524 πελάγει
3566 1459 3725 1526 τριή·

2150 1568 2266 1621 ρεις
2294 1549 2496 1619 ἀναμὶξ
2531 1549 2814 1621 ἑκατέρων
2861 1551 2974 1603 τῶν
2999 1550 3453 1620 στρατευμάτων,
3482 1550 3725 1619 ἐρήμου,

2150 1641 2249 1709 μὲν
2279 1640 2625 1693 παντάπασιν
2667 1638 2832 1703 οὔσας
2883 1640 3183 1708 ναυμάχων
3216 1640 3428 1711 ἀνδρῶν
3480 1641 3576 1692 καὶ
3617 1639 3729 1691 κώ·

2149 1749 2258 1802 πης
2293 1733 2472 1801 πάσης
2506 1733 2601 1784 καὶ
2640 1732 2881 1801 ταρσῶν,
2937 1734 3144 1802 μεστὰς
3174 1733 3231 1785 δὲ
3292 1734 3596 1804 χρημάτων
3627 1751 3726 1786 πο-

2150 1825 2389 1878 λυτελῶν
2412 1827 2508 1878 καὶ
2546 1826 2762 1896 νεκρῶν
2800 1827 3078 1889 πλουσίοις
3116 1828 3608 1898 συμπεφυρμένων
3634 1829 3722 1880 αἴ.

2075 1902 2116 1957 Β
2149 1934 2307 1986 μασι.

2221 2010 2277 2065 l'.
2311 2012 2470 2065 Μετὰ
2529 2013 2713 2082 μέντοι
2771 2014 2872 2085 τὴν
2927 2015 3239 2086 ναυμαχίαν
3301 2018 3519 2086 ἐκείνην
3565 2016 3724 2068 νόσου

2147 2106 2338 2174 κοινῆς
2387 2106 2814 2178 διανεμηθείσης
2873 2109 2935 2163 τι
2982 2111 3237 2165 πλεῖστον
3300 2112 3400 2180 τῆς
3457 2111 3727 2177 ναυτικῆς

2145 2199 2419 2269 ἑκατέρας
2464 2200 2768 2269 δυνάμεως,
2809 2203 3177 2273 ἀποθνήσκειν
3213 2204 3372 2276 ἐπῄει
3428 2203 3576 2272 μάλα
3626 2221 3727 2256 συ-

2148 2293 2308 2360 χνοῦς
2348 2292 2712 2363 ἑκατέρωθεν,
2738 2295 2812 2358 ὼς
2853 2296 2933 2358 εἰς
2966 2296 3214 2366 ἀνάγκην
3257 2297 3394 2351 ἰέναι
3426 2295 3725 2366 βουλεύσα-

2148 2382 2270 2435 σθαι
2296 2384 2593 2454 ἑκατέρους
2624 2385 2658 2438 ἃ
2688 2385 2867 2439 ἐδόκει
2923 2385 3244 2442 λυσιτελεῖν.
3289 2387 3495 2441 Ἐδόκει
3539 2388 3594 2441 δὲ
3625 2388 3727 2439 Βε-

2147 2480 2381 2540 νετικοῖς
2410 2477 2509 2546 μὶν
2539 2477 2631 2532 τὸν
2682 2479 2814 2533 [διον
2875 2481 3217 2550 μεταστῆσαι
3277 2480 3484 2545 στόλον,
3539 2483 3758 2534 καίτοι’

2149 2567 2510 2638 βουλομένους
2543 2572 2660 2624 ἐκεῖ
2691 2571 2788 2634 τὰς
2821 2574 2884 2625 ἐκ
2914 2573 3118 2626 Πόντου
3174 2561 3473 2636 κατιούσές
3525 2589 3726 2642 στρογ-

2145 2661 2316 2730 γύλας
2354 2663 2464 2715 τῶν
2501 2663 2778 2732 πολεμίων
2799 2665 3033 2728 ὁλκάδας
3059 2665 3260 2737 αἱρεῖν,
3315 2666 3374 2719 αἶ
3410 2667 3726 2737 παρεκόμι-

2145 2756 2237 2819 ζον
2276 2755 2340 2808 ἐκ
2365 2773 2424 2809 τε
2477 2756 2701 2810 Σκυθῶν
2736 2757 2831 2811 καὶ
2881 2757 3144 2821 Τανάϊδος
3181 2759 3524 2829 τάπιτήδεια.
3575 2759 3724 2811 Ἀλλ’

2146 2848 2395 2903 ἀνθεῖλκε
2443 2851 2585 2919 σφᾶς
2612 2850 2673 2904 οὐ
2723 2850 2885 2919 μόνον
2915 2850 2975 2904 τὸ
3023 2853 3152 2912 τοὺς
3183 2850 3477 2915 νοσοῦντας
3537 2851 3723 2904 αὐτῶν

2146 2941 2485 2998 ἀνακτᾶσθαι
2523 2941 2837 3012 βούλεσθαι,
2865 2943 3003 2996 ἀλλά
3033 2946 3129 2998 καὶ
3160 2943 3269 3000 τῶν
3323 2942 3650 3012 ἐπιτηδείων
3685 2945 3721 3014 ἡ

2150 3037 2350 3097 σπάνις
2393 3021 2563 3106 πολλὴ
2613 3037 2708 3090 καὶ
2754 3035 2976 3105 ποικίλη
3032 3036 3157 3091 καθ’
3211 3035 3431 3107 ἡμέραν
3478 3037 3724 3106 ἑκάστην

2135 3125 2550 3194 ἀπαιτουμένη.
2612 3125 2703 3178 Διὸ
2735 3124 2998 3188 λύσαντες
3032 3127 3101 3179 τὰ
3156 3128 3476 3199 πρυμνήσια
3508 3127 3723 3181 ἐκεῖθεν

2148 3217 2300 3286 παρά
2327 3216 2418 3270 τὸν
2447 3215 2704 3270 εἴσπλουν
2740 3217 2834 3270 τοῦ
2875 3217 2985 3270 τῶν
3024 3219 3339 3284 Βυζαντίων
3387 3221 3605 3290 λιμένος
3665 3221 3720 3272 E-

2149 3319 2355 3372 στησαν
2393 3303 2779 3375 καταχθέντες,
2832 3305 2926 3359 τοῦ
2958 3307 3096 3376 πρὸς
3138 3309 3213 3361 ἕω
3249 3308 3563 3378 βλέποντος,
3619 3310 3724 3372 τὰς

2147 3393 2414 3464 πολεμίας
2443 3395 2689 3459 ἑστώσας
2735 3397 2990 3466 εὐώνυμα
3041 3399 3176 3463 ναῦς
3225 3401 3725 3470 παραπλεύσαντες

2146 3486 2296 3555 παρὰ
2345 3487 2472 3550 τοὺς
2535 3488 2820 3556 αἰγιαλοὺς
2858 3490 2960 3559 τῆς
3017 3491 3393 3561 Καλχηδονίας
3452 3495 3557 3563 γῆς
3609 3495 3725 3547 τῶν

2146 3578 2468 3649 βαρϐάρων.
2501 3581 3008 3652 Στενοχωρούμενοι
3067 3583 3178 3655 γὰρ
3219 3587 3464 3640 κάκεῖνοι
3511 3590 3578 3657 τῇ
3609 3586 3725 3640 τῶν

2145 3672 2467 3741 ἐπιτηδείων
2525 3674 2730 3744 ὁμοίως
2800 3677 3021 3744 σπάνει,
3083 3679 3178 3736 καὶ
3235 3677 3352 3748 ἃμα
3422 3680 3726 3746 νοσοῦντας

2144 3764 2380 3834 δρῶντες
2405 3765 2624 3831 ὁπόσοις
2656 3766 2764 3822 τῶν
2787 3768 3027 3838 ἀρίστων
3070 3769 3281 3840 ἀνδρῶν
3335 3773 3409 3841 μὴ
3453 3772 3724 3842 πολεμίου

2145 3857 2334 3927 ξίφους
2359 3857 2662 3930 τετύχηκεν
2711 3859 2874 3934 ἔργον
2907 3863 3187 3930 γενέσθαι,
3217 3866 3327 3926 τοῖς
3365 3866 3475 3920 τῶν
3513 3866 3727 3938 βαρσάι

2147 3963 2260 4019 ρων
2301 3948 2752 4020 προσωρμίζοντο
2798 3950 3013 4022 λιμέσιν
3058 3953 3376 4018 ἐνσπόνδοις
3419 3955 3594 4021 οὖσιν,
3643 3959 3727 4022 ὡς

2144 4041 2388 4113 εἴρηται.
2417 4044 2636 4114 τροφῶν
2665 4060 2725 4096 τε
2759 4045 2949 4100 εἵνεκα
2990 4048 3087 4102 καὶ
3114 4047 3387 4102 πλείστων
3416 4049 3594 4104 ἄλλων
3621 4053 3725 4104 καὶ

2147 4135 2400 4206 μεγάλων
2445 4137 2540 4190 καὶ
2599 4137 2968 4192 παντοδαπῶν
3021 4139 3280 4207 ἐλπίδων,
3341 4141 3438 4195 καὶ
3475 4143 3617 4210 πρός
3654 4160 3725 4212 γε

2145 4228 2225 4283 ἔτι
2259 4227 2489 4282 θάπτειν
2540 4231 2598 4282 ὲν
2651 4229 2912 4302 ἀλλοτρία
2963 4231 3154 4304 πόρρω
3193 4249 3297 4286 που
3356 4237 3456 4306 τῆς
3508 4236 3742 4298 οἰκείας,

2144 4319 2247 4391 γῆς
2280 4319 2404 4382 τοὺς
2454 4320 2690 4383 οἰκείους
2729 4322 2983 4392 νεκροὺς,
3022 4323 3100 4393 μὴ
3159 4325 3270 4379 τῶν
3322 4324 3580 4395 γαμετῶν
3626 4331 3724 4380 καὶ

2142 4413 2352 4467 τέκνων
2387 4413 2822 4484 αίσθανομένων.
2859 4417 3131 4472 Τοσοῦτον
3156 4420 3267 4489 γὰρ
3293 4418 3394 4488 τὴν
3425 4420 3534 4473 τῶν
3556 4421 3723 4473 πολε-

2149 4507 2290 4575 μίων
2323 4507 2756 4578 κατεπλάγησαν
2787 4509 2994 4579 τόλμαν
3031 4509 3163 4564 ὥστ’
3225 4511 3325 4563 οὐκ
3379 4513 3572 4584 ἀρκεῖν
3601 4515 3722 4566 ὲνό-
3778 4490 3784 4497 ⁸

472 4612 581 4652 rent
608 4641 620 4661 ,
680 4598 942 4652 maximas
995 4595 1210 4649 navium
1242 4593 1618 4646 onerariarum
1661 4607 1757 4661 per
1803 4591 2042 4662 singulos

2153 4616 2318 4669 μισαν
2351 4599 2662 4670 βαρϐάρους
2713 4602 2777 4654 ὲκ
2829 4602 2923 4658 τοῦ
2983 4597 3169 4672 σχεδὸν
3208 4605 3274 4656 τὰ
3317 4606 3551 4674 μέγιστα
3591 4605 3724 4675 βοη-

470 4692 690 4746 ordines
717 4690 948 4744 turrium
973 4699 1021 4741 et
1060 4686 1320 4741 ntmnium
1349 4686 1521 4739 instar
1564 4685 1615 4738 in
1650 4682 1829 4736 fronte
1871 4682 2041 4737 collo-

471 4795 618 4836 catas
662 4796 858 4852 magno
887 4779 1121 4833 militum
1175 4791 1408 4830 numero
1439 4774 1714 4844 complere
1737 4817 1751 4841 ,
1787 4774 1879 4843 qui
1918 4791 2043 4830 saxa

473 4880 521 4929 in
579 4874 876 4930 constratis
929 4882 983 4925 et
1031 4871 1096 4926 ad
1143 4886 1388 4924 summos
1441 4869 1611 4924 malos
1659 4870 1934 4922 cumulata
1989 4869 2042 4923 in

474 4971 657 5024 hostes
687 4968 1001 5037 injicerent,
1045 4974 1104 5018 ut
1135 4979 1325 5019 eorum
1359 4961 1621 5031 impetum
1661 4962 2041 5031 prohiberent.

470 5061 697 5117 Navium
734 5076 862 5114 vt-ro
900 5074 1022 5112 cum
1080 5057 1347 5110 minorem
1403 5070 1692 5110 numerum
1726 5070 1886 5124 quam
1942 5055 2042 5108 ho-

471 5167 580 5209 stes
615 5168 852 5222 euinque
892 5151 1095 5220 majore
1145 5165 1206 5201 ex
1253 5159 1406 5218 parte
1446 5163 1678 5204 vacuum
1742 5147 2040 5213 haberent,

473 5231 739 5299 militibus
767 5255 822 5298 et
855 5243 1042 5313 praelio
1075 5243 1250 5296 navali
1304 5249 1358 5295 et
1396 5240 1590 5296 morbo
1622 5251 1804 5309 postea
1855 5244 2041 5311 ingru-

469 5347 594 5388 ente
649 5333 986 5404 absumptis,
1025 5329 1395 5385 mercenarios
1432 5330 1740 5386 conducere
1786 5344 1852 5384 ex
1883 5345 2040 5400 pere-

470 5429 623 5496 grina
661 5437 803 5480 terra
829 5422 1000 5478 coacti
1032 5421 1236 5476 milites
1262 5433 1318 5476 et.
1353 5420 1604 5492 Bithynis
1626 5422 1880 5476 barbaris
1909 5439 2042 5476 con-

467 5521 780 5589 scripsere,
828 5517 967 5571 duce
1017 5530 1208 5570 eorum
1265 5513 1517 5585 Hyrcano
1566 5514 1797 5584 pecunia
1851 5515 2038 5584 grandi

468 5610 841 5679 permiitente.
885 5605 1186 5661 Conductis
1224 5607 1388 5677 igitur
1422 5606 1544 5674 plus
1577 5607 1722 5661 mille
1769 5608 1905 5661 levis
1950 5625 2039 5661 ar-

469 5719 693 5756 matura:
725 5701 990 5755 militibus
1014 5700 1260 5753 bifariam
1283 5715 1376 5753 eos
1408 5699 1670 5765 divisere;
1691 5701 2040 5770 alterani92

467 5803 699 5862 partam,
733 5810 892 5863 quam
924 5808 1146 5846 necesse
1173 5803 1291 5847 erat
1335 5793 1438 5845 sibi
1471 5793 1746 5848 auxiliari.
1786 5793 1849 5845 ad
1886 5810 2038 5847 Orum

464 5883 521 5940 i'n
556 5886 820 5940 orientem
855 5894 1192 5957 spectantem
1230 5884 1525 5952 collocant,
1560 5885 1784 5940 alteram
1824 5896 2034 5954 partem

2149 4692 2374 4755 θοῦντας
2404 4692 2638 4761 ἔχοντες,
2684 4693 2819 4746 ἀλλά
2853 4696 2949 4747 καὶ
3002 4701 3099 4756 τὰς
3151 4697 3262 4750 τῶν
3301 4699 3522 4751 οἰκείων
3563 4700 3724 4767 μεγίο

2148 4798 2278 4845 στας
2311 4780 2540 4848 ὁλκάδας
2573 4782 2878 4850 ἀναγκαῖον
2917 4783 3099 4848 ἔδοξεν
3157 4785 3476 4854 ἀγαγόντας
3529 4805 3722 4858 στιχη-

2143 4873 2398 4928 δὸνκατὰ
2451 4875 2705 4942 μέτωπον
2759 4876 3224 4946 παραστήσασθαι
3288 4877 3446 4947 δίκην
3490 4881 3720 4948 πύργων

2147 4967 2240 5018 καὶ
2272 4967 2491 5035 τειχῶν,
2521 4967 2865 5036 στρατιώτας
2919 4969 3277 5038 παμπόλλους
3321 4971 3576 5039 ἐχούσας,
3626 4972 3721 5022 ἐπί

2146 5077 2203 5110 τε
2281 5059 2392 5111 τῶν
2446 5062 2932 5129 καταστρωμάτων
2997 5062 3089 5115 καὶ
3141 5062 3255 5116 ἄνω
3291 5063 3441 5134 παρὰ
3487 5063 3556 5115 τὰ
3608 5062 3720 5114 τῶν

2147 5148 2308 5201 ἱστῶν
2337 5150 2657 5220 ἀκρωτήρια
2703 5149 2867 5204 λίθων
2913 5155 3464 5222 παρεσκευασμένους
3497 5154 3722 5224 ἔχοντας

2148 5241 2358 5312 σωροὺς
2391 5244 2449 5305 ἐς
2480 5242 2540 5293 τὸ
2580 5243 2933 5312 ὲπιῤῥίπτειν
2973 5247 3085 5306 τοῖς
3143 5245 3430 5313 πολεμίοις
3492 5249 3586 5298 καὶ
3627 5250 3719 5298 τὸν

2144 5336 2410 5390 ἐπίπλουν
2455 5335 2733 5406 ἀνείργειν
2789 5337 2993 5393 αὐτῶν.
3050 5337 3202 5408 Νῆας
3253 5338 3300 5392 δ’
3357 5339 3573 5409 ἔχοντες
3624 5341 3717 5391 τὸν

2145 5429 2380 5500 ἀριθμὸν
2410 5429 2664 5490 ἐλάττους
2692 5428 2724 5497 ἢ
2754 5430 2897 5482 κατά
2926 5433 3023 5494 τὰς
3049 5431 3337 5500 πολεμίας,
3373 5433 3467 5488 καὶ
3509 5433 3718 5484 τούτων

2144 5521 2240 5583 τὰς
2269 5520 2333 5591 [ί.
2388 5522 2488 5575 117
2518 5521 2574 5593 a]
2611 5523 2830 5586 πλείους
2879 5525 3118 5594 ἐρήμους
3158 5525 3527 5594 στρατιωτῶν,
3560 5527 3626 5596 τῇ
3657 5542 3716 5578 τε

2147 5615 2424 5685 ναυμαχίᾳ
2453 5617 2546 5668 καὶ
2567 5619 2630 5685 τῇ
2657 5619 2888 5672 κατόπιν
2927 5619 3025 5687 τῆς
3063 5619 3377 5689 ναυμαχίας
3401 5619 3543 5688 νότῳ
3578 5620 3716 5687 φθα-

2148 5707 2372 5776 ρέιτων,
2427 5713 2507 5772 εὶς
2543 5711 2790 5778 ἀνάγκας
2837 5712 3009 5782 ᾔεσαν
3047 5716 3142 5764 καί
3200 5714 3355 5764 αὐτοὶ
3393 5713 3719 5783 μισθοφορι-

2144 5797 2238 5848 κὸν
2278 5797 2552 5866 ἁθροίζειν
2585 5800 2643 5865 ἐξ
2667 5800 2972 5872 ἀλλοδαπῆς
2998 5805 3095 5855 καὶ
3130 5803 3476 5874 στρατιώτας
3509 5807 3570 5856 ἐκ
3603 5805 3712 5858 τῶν

2145 5889 2386 5946 Βιθυνῶν
2446 5894 2822 5963 καταγράφειν
2885 5893 3196 5964 βαρϐάρων,
3266 5894 3561 5958 ἐνδιδόντος
3613 5893 3708 5948 τοῦ
