3984 6566
425 430 504 501 ’19

1615 442 2028 504 NICEfIlOItI
2071 444 2455 506 GREGORE

3599 445 3670 508 80

423 563 550 623 qua:
569 564 767 608 manus
796 553 948 611 omni
978 563 1158 612 morte
1200 555 1392 628 plenas
1421 557 1758 627 protendunt
1784 576 1801 625 ;
1831 575 1964 629 qnar

2067 577 2254 631 ιστην,
2297 562 2393 616 καὶ
2438 561 2517 633 μὴ
2549 563 2722 634 ῥᾷστα
2763 561 3071 633 δυναμένην
3118 563 3451 634 ἀναίμακτον
3481 564 3673 633 προῖε-

423 639 748 714 priusquam
796 646 922 716 quis
971 646 1163 703 Isthmi
1217 649 1391 704 instar
1445 648 1672 705 ﬂuctum
1727 650 1988 721 utrinque

420 731 726 792 irruentem
772 739 1037 808 reprimat
1075 751 1131 796 et
1176 741 1231 795 in
1281 741 1447 796 alium
1486 741 1667 796 locum
1711 752 1988 812 transgre-

420 820 626 890 tliatur,
683 838 810 878 eum
877 827 1170 896 utriusque
1230 841 1459 882 necesse
1511 839 1601 882 εει
1648 827 1988 882 constituere

419 913 586 985 leges.

2095 653 2220 708 σθαι
2251 654 2352 724 τὴν
2400 655 2726 726 μεταϐολὴν,
2778 655 2887 710 οὐδ’
2928 656 3058 712 ἄνευ
3099 656 3160 710 τὸ
3203 655 3458 710 πλεῖστον
3490 657 3670 710 simtu

2092 745 2188 800 τοῦ
2220 744 2419 816 βιαίου.
2455 747 2696 800 Δεδιέναι
2721 745 2852 814 γοῦν
2885 747 2977 800 καὶ
3011 747 3109 809 τάς
3136 745 3529 816 ἐφεδρευούσας
3553 746 3670 808 τοῖς

2091 833 2355 898 τοιούτοις
2413 835 2612 906 κῆρας,
2658 836 2784 890 δσαι
2836 835 3083 891 θανάτων
3135 835 3405 890 παντοίων
3457 835 3669 905 μεστὰς

2095 921 2437 975 ύποτείνουσι
2487 923 2713 994 χεῖρας*
2757 925 2850 977 καὶ
2904 923 3101 995 χρῆναι
3148 923 3236 978 διὰ
3272 925 3483 988 ταῦτα,
3533 921 3669 992 πρὶν

421 1011 758 1084 μεταστῆναι
791 1013 884 1068 τὸν
913 1015 1066 1088 δίκην
1105 1015 1300 1086 ἰσθμοῦ
1328 1017 1453 1080 τοὺς
1486 1013 1828 1086 ἑκατέρωθεν
1879 1014 2302 1084 ἀναχαιτίζοντα
2351 1017 2651 1086 κλύδωνας,
2694 1020 2823 1084 τοὺς
2888 1019 3169 1090 ἑκατέρων
3229 1020 3512 1090 ὁρισθῆναι
3580 1020 3668 1071 θε-

419 1123 613 1178 σμονς.

491 1201 614 1257 XII.
658 1201 964 1270 Imperator
1023 1200 1194 1271 igitur
1253 1215 1378 1255 cum
1444 1209 1648 1256 tantam
1701 1203 1757 1256 ln
1817 1201 2012 1271 tantis,

417 1293 681 1363 temporis
731 1293 1008 1363 angustiis
1048 1293 1102 1346 in
1153 1306 1212 1346 se
1256 1291 1557 1347 irruentem
1595 1301 2006 1362 tempestatum.

413 1385 522 1440 vim
571 1383 806 1449 rideret,
856 1385 1053 1440 acerbe
1111 1384 1163 1438 id
1217 1383 1446 1447 ferebat,
1496 1383 1815 1454 indignatus
1844 1392 1983 1452 erat,

413 1476 624 1547 magnis
651 1474 930 1545 variisque
977 1473 1262 1529 doloribus
1291 1475 1536 1529 animum
1573 1475 1826 1545 angebat.
1859 1474 1981 1530 Non

411 1565 562 1620 enim
606 1564 864 1628 habebat,
902 1564 1046 1620 unde
1095 1563 1322 1618 verbum
1375 1564 1802 1619 consolatorium
1833 1565 1976 1620 acci-

410 1664 610 1728 peret;
648 1671 818 1728 quare
867 1671 989 1712 sese
1021 1655 1199 1728 ipsum
1242 1655 1354 1710 fere
1388 1655 1710 1726 deplorabat
1733 1665 1789 1711 et
1817 1656 1976 1724 quasi

410 1749 761 1820 desperatam
801 1749 973 1804 vitam
1023 1749 1221 1820 degere
1252 1748 1566 1804 videbatur.
1600 1747 1830 1819 Semper
1857 1757 1980 1804 erat

415 1841 726 1898 taciturnus
769 1856 949 1912 neque
992 1856 1118 1896 cum
1167 1856 1443 1911 quoquam
1485 1841 1702 1896 occulta
1734 1840 1976 1912 pectoris

2163 1200 2261 1257 IB’.
2293 1203 2579 1276 Τοσαύτην
2621 1204 2802 1259 τοίνυν
2836 1203 2960 1260 κατ’
2983 1203 3151 1259 αὐτοῦ
3189 1207 3452 1277 ραγεῖσαν
3483 1209 3666 1278 κυμά-

2087 1310 2198 1349 των
2225 1294 2520 1367 ἐπαγωγὴν
2550 1297 2608 1349 ἐν
2637 1296 2821 1366 ταυτῷ
2871 1297 3113 1368 συνορῶν
3158 1299 3188 1351 ὁ
3234 1296 3485 1368 βασιλεὺς
3514 1299 3664 1354 οὕτω

2089 1386 2262 1456 στενῷ
2290 1390 2485 1458 κομιδῆ
2515 1387 2596 1458 τῷ
2625 1389 2826 1461 καιρῷ,
2873 1391 3107 1460 ἦσχαλλέ
3136 1407 3196 1444 τε
3225 1392 3318 1444 καὶ
3343 1391 3658 1462 ἐδυσφόρει,

2086 1477 2180 1529 καὶ
2212 1462 2732 1557 μακραῖςπέϐάλλετο
2786 1483 2882 1535 καὶ
2925 1482 3289 1553 πολυτρόποις
3335 1485 3432 1555 τὴν
3477 1485 3662 1557 ψυχὴν

2085 1566 2320 1632 ὀδύναις.
2352 1553 2608 1640 Μὴᾚχων
2635 1570 2681 1624 δ’
2716 1571 2823 1643 ὅπη
2857 1571 3056 1643 βλέψας
3089 1553 3406 1645 παρήγοροι)
3439 1553 3504 1631 ἄν

2083 1655 2300 1721 δέξαιτο
2332 1651 2513 1726 λόγον,
2544 1659 2724 1714 ἔστενέ
2759 1677 2876 1726 πως
2905 1663 3004 1717 καὶ
3038 1665 3223 1728 αὐτὸν,
3258 1667 3349 1719 καὶ
3385 1663 3496 1720 οἷον
3519 1669 3661 1721 ἀπα·

2083 1747 2362 1821 λεγομένῳ
2393 1749 2557 1822 ἐῴκει
2584 1751 2646 1806 τὸ
2680 1751 2800 1824 ζῇν.
2845 1753 3158 1825 Ἐχεμυθῶν
3184 1757 3291 1828 γὰρ
3324 1752 3394 1830 ἦν
3417 1759 3525 1823 ἀεὶ,
3560 1761 3658 1814 καὶ

2082 1841 2260 1896 οὐδενί
2292 1860 2419 1896 ποτε
2455 1844 2564 1896 τῶν
2613 1845 2869 1900 ἁπάντων
2899 1846 3154 1903 ἐϐούλετο
3199 1850 3516 1907 κοινοῦσθαι
3543 1854 3658 1907 τῶν

409 1933 820 1990 communicare
859 1932 1101 1988 volebat.
1137 1930 1310 1989 Omne
1341 1931 1488 1986 enim
1520 1931 1810 1990 consilium
1847 1929 1964 2000 reji-

2075 1933 2178 2003 τῆς
2209 1933 2387 2006 ψυχῆς
2417 1936 2747 2009 ἀπορρήτων
2788 1938 2942 1993 οὐδὲν
2985 1939 3233 2013 οὐδαμῆ·
3284 1945 3505 1999 πάντων
3543 1947 3656 2017 γάρ

408 2045 534 2085 cere
562 2028 775 2083 solebat
804 2027 968 2082 etiam
998 2035 1294 2095 antequam
1328 2023 1570 2111 amy'ret.
1596 2023 1775 2078 Tanta
1809 2022 1977 2092 igitur

406 2133 654 2173 aerumna
709 2131 832 2172 cum
869 2114 1155 2185 coniugem
1195 2113 1406 2168 videret
1449 2114 1708 2169 amictum
1738 2112 1977 2182 impera-

409 2210 536 2276 trix,
574 2209 700 2264 talia
747 2207 810 2262 ad
850 2223 976 2262 eum
1026 2206 1211 2261 dicere
1257 2221 1453 2261 exorsa
1481 2203 1604 2260 est':
1639 2223 1657 2257 ι
1704 2204 1821 2259 Non
1855 2204 1974 2258 sine

409 2303 499 2357 Dei
549 2302 771 2356 numine
804 2300 1123 2355 hominibus
1153 2309 1247 2353 aut
1277 2298 1576 2353 infortunia
1604 2297 1847 2352 accidere
1881 2303 1975 2350 aut

293 2405 302 2412 “
405 2409 494 2450 res
521 2409 812 2465 prosperas
842 2397 1089 2457 evenire,
1125 2391 1399 2447 neminem
1430 2391 1683 2462 ignorare
1710 2387 1972 2452 arbitror,

402 2484 496 2554 qni
530 2484 729 2539 mentis
765 2483 874 2554 95
910 2495 1076 2552 atque
1106 2481 1323 2536 consilii
1372 2481 1645 2550 particeps
1686 2492 1794 2544 res,
1837 2491 1974 2547 quo-

404 2574 566 2628 modo
613 2588 845 2645 quaeque
895 2582 1144 2643 agantur,
1194 2579 1340 2626 recte
1390 2570 1707 2639 perspiciat.
1754 2566 1970 2622 Justum

401 2681 531 2722 vere
579 2681 702 2721 esse
748 2665 916 2720 Deum
960 2673 1017 2718 et
1055 2663 1234 2732 justos
1283 2662 1532 2716 homines
1573 2659 1642 2714 ab
1674 2674 1740 2713 eo
1774 2656 1968 2723 amari,

399 2760 566 2815 etiam
616 2758 724 2812 hoc
756 2763 889 2828 pulo
918 2755 1176 2810 omnibus
1217 2768 1534 2824 persuasum
1583 2766 1702 2806 csse
1729 2765 1968 2821 quorum
1999 2811 2012 2822 φ

401 2851 573 2906 animi
622 2848 997 2920 gubernaculo
1045 2845 1351 2918 prudentiae
1393 2845 1720 2914 dirigantur.
1755 2842 1813 2898 Si
1844 2841 1971 2913 quis

398 2944 550 3000 enim
592 2955 752 2996 mane
779 2940 963 2996 studio
992 2954 1150 2994 suum
1191 2939 1316 3002 iter,
1348 2946 1408 2991 ut
1440 2935 1514 2990 ita
1541 2935 1742 2998 dicam,
1775 2949 1968 3003 perse-

397 3039 492 3110 qui
547 3037 653 3093 sibi
705 3033 1082 3109 proposuerit,
1112 3047 1346 3104 vespera
1383 3041 1566 3086 autem
1607 3043 1784 3099 usque
1827 3027 1965 3082 adeo

398 3130 676 3202 posterius
708 3127 910 3183 sedens
940 3125 1330 3194 conspiciatur,
1367 3139 1530 3193 quam
1570 3121 1805 3176 debebat
1837 3135 1966 3189 pro-

395 3236 620 3295 gressus
645 3232 787 3284 esse,
821 3217 908 3273 vel
937 3215 1130 3288 pusilla
1172 3223 1354 3269 mente
1400 3213 1646 3268 imbutus
1687 3213 1964 3267 intellexe-

396 3317 490 3380 rit,
520 3314 626 3369 hoc
658 3311 751 3368 Dei
776 3325 898 3366 esse
929 3309 1162 3372 facinus,
1190 3306 1282 3376 qui
1317 3305 1553 3361 hominis
1582 3304 1741 3361 istius
1777 3320 1956 3360 mores

394 3401 1024 3476 improbans'omnibus,
1051 3414 1172 3469 qua:
1198 3397 1288 3452 ille
1314 3397 1444 3468 agit,
1475 3395 1764 3452 manifesto
1799 3412 1960 3467 repu-

393 3507 522 3570 gnat
559 3497 788 3568 ejusque
830 3491 1073 3548 studium
1103 3490 1169 3543 ad
1203 3487 1562 3553 contrarium,
1587 3501 1752 3558 quam
1798 3487 1956 3541 initia

391 3590 790 3659 promiserunt,
820 3580 1205 3640 circumﬂectit
1233 3578 1463 3634 exitum.
1512 3579 1731 3633 Memini
1771 3587 1954 3633 autem

392 3681 690 3748 Gregoram
734 3691 840 3730 non
872 3673 1040 3730 semel
1064 3687 1167 3728 nec
1201 3671 1288 3726 bis
1317 3680 1492 3737 terve,
1529 3669 1624 3726 sed
1657 3668 1956 3739 saepissime

391 3773 448 3828 in
478 3770 664 3841 longis
693 3778 858 3838 atque
889 3765 1056 3820 variis
1096 3763 1391 3833 colloquiis
1439 3761 1636 3817 crebro
1664 3761 1954 3816 nobiscum

389 3865 483 3920 hic
529 3861 816 3926 institutis,
869 3859 923 3914 id
967 3856 1110 3926 quod
1151 3857 1270 3927 ipse
1320 3854 1463 3910 baud
1521 3854 1766 3924 ignoras,
1792 3853 1953 3908 nobis

389 3955 600 4015 dicere,
648 3952 824 4007 libros
873 3948 1103 4004 Palamaa
1155 3961 1347 4016 magna
1397 3954 1614 4000 scatere
1654 3942 1949 4013 impietate.

388 4049 536 4115 Quos
575 4046 617 4100 si
651 4061 749 4099 nos
779 4043 1150 4110 reciperetmts
1179 4055 1242 4092 ae
1275 4054 1472 4108 magno
1504 4037 1690 4091 favore
1723 4046 1776 4092 et
1806 4037 1950 4090 omni

391 4136 770 4195 benevolentia
806 4145 1290 4206 prosequeremur,
1330 4131 1464 4185 nulli
1514 4131 1590 4184 rei
1644 4131 1878 4200 publica:
1921 4143 1951 4183 a

386 4233 548 4289 nobis
574 4225 844 4299 susceptae
875 4228 1046 4281 Deum
1087 4225 1296 4295 justum
1342 4237 1636 4293 prosperos
1665 4236 1954 4278 successus

387 4326 646 4379 daturum
689 4335 834 4385 esse,
877 4316 1017 4372 dixit
1061 4324 1229 4384 atque
1260 4313 1512 4384 promisit
1545 4313 1655 4378 ille,
1679 4313 1772 4369 sed
1814 4314 1951 4379 fore,

391 4427 448 4472 ut
477 4414 661 4471 omnia
706 4412 1164 4468 subverterentur
1199 4420 1262 4460 ac
1311 4404 1602 4459 manifesto
1631 4418 1953 4473 corrumpe-

390 4517 578 4563 rentur
617 4502 781 4560 VCIIIII
831 4509 1046 4571 segetes
1074 4496 1384 4568 fulguribus
1425 4495 1702 4551 atthercis.
1735 4494 1828 4550 Sin
1857 4511 1952 4549 au-

2079 2026 2336 2093 καθάπαξ
2365 2029 2795 2102 ἀποδοκιμάζειν
2827 2032 3016 2088 εἴωθεν
3049 2035 3137 2090 ἀεὶ
3180 2035 3249 2089 τὰ
3281 2037 3654 2108 βουλεύματα,

2075 2117 2170 2171 καὶ
2199 2120 2332 2190 πρὶν
2358 2123 2610 2178 ἀκοῦσαι.
2645 2126 2802 2181 Οὕτω
2829 2125 3010 2182 τοίνυν
3033 2127 3251 2200 ὁρῶσαν
3276 2133 3376 2200 τὴν
3404 2131 3654 2202 βασιλίδα

2075 2209 2166 2263 τὸν
2219 2204 2452 2281 σύζυγον
2491 2213 2681 2286 ἔχοντα
2729 2217 2928 2290 λύπης,
2981 2220 3212 2290 φάσκειν
3267 2222 3426 2295 ἐπῄει
3480 2225 3653 2278 τοιαδὶ

2076 2303 2213 2373 πρὸς
2279 2306 2472 2358 αὐτόν’
2536 2308 2659 2362 Ὀτι
2717 2311 2815 2380 μὲν
2865 2312 2966 2366 οὐκ
3017 2313 3168 2367 ἀθεεὶ
3212 2314 3312 2376 τὰς
3360 2317 3651 2388 συμφορὰς

2073 2390 2286 2446 ἐπιέναι
2313 2395 2427 2456 τοῖς
2454 2395 2760 2468 ἀνθρώποις
2784 2399 2918 2466 ἔστι,
2946 2400 3199 2472 καθάπερ
3225 2402 3498 2472 δήπουθεν
3525 2406 3649 2460 οὐδὲ

2072 2477 2172 2542 τάς
2203 2481 2532 2553 εὐπραγίας,
2574 2486 2790 2555 ἀγνοεῖν
2817 2483 2976 2560 οἶμαι
3017 2492 3128 2545 τῶν
3173 2494 3393 2549 πάντων
3428 2497 3645 2566 οὐδένα,

2071 2567 2153 2635 οἷς
2184 2571 2276 2624 νοῦ
2325 2573 2544 2642 μέτεστι
2577 2578 2672 2632 καὶ
2714 2578 2974 2647 διανοίας,
3026 2583 3138 2638 τῶν
3181 2587 3268 2639 ἀεὶ
3304 2592 3647 2658 γιγνομένων

2073 2664 2487 2733 στοχαζομένοις
2514 2666 2712 2738 ὀρθῶς.
2759 2671 2978 2726 Δίκαιον
3009 2674 3058 2727 δ’
3093 2671 3236 2729 εἶναι
3271 2677 3362 2732 τὸν
3389 2681 3522 2734 Θεὸν
3549 2685 3646 2738 καὶ

2069 2753 2250 2809 δίκαια
2275 2757 2518 2827 δρῶντας
2542 2761 2862 2832 ἀνθρώπους
2890 2765 3085 2834 φιλεῖν,
3114 2767 3208 2822 καὶ
3233 2769 3388 2824 τοῦτο
3413 2772 3460 2824 δ’
3486 2769 3644 2844 οἶμαι

2067 2847 2179 2936 τοῖς
2215 2848 2384 2902 ἅπασι
2415 2852 2692 2923 γνώριμον
2725 2851 2866 2909 εῖναι
2912 2851 2992 2920 οἷς
3023 2857 3114 2912 τὸν
3166 2859 3291 2916 νοῦν
3335 2863 3436 2933 τῆς
3460 2864 3642 2936 ψυχῆς

2066 2935 2206 3001 οἴαξι
2261 2938 2738 3010 πηδαλιουχεῖσθαι
2801 2942 3161 3018 ξυνερρυήκει
3219 2951 3509 3014 συνέσεως.
3540 2935 3641 3009 ῨΤὸ

2066 3021 2198 3090 γοῦν
2226 3024 2396 3080 ἕωθέν
2423 3044 2547 3083 τινα
2573 3029 2671 3101 τὴν
2704 3033 2894 3096 πρόσω
2923 3036 3091 3105 φάναι
3122 3039 3349 3110 πορείαν
3400 3039 3639 3110 βαδίζειν

2066 3115 2254 3205 ἀπάσῃ
2286 3118 2490 3191 σπουδῇ
2514 3123 2850 3193 προθέμενον
2869 3125 3125 3182 τοσοῦτον
3144 3128 3366 3184 ὄπισθεν
3392 3134 3638 3205 έσπέρας

2063 3203 2296 3276 ὁρᾶσθαι
2327 3206 2636 3279 καθήμενον
2671 3211 2798 3266 ὅσον
2835 3211 3146 3284 ἔμπροσθεν
3175 3219 3364 3289 ἐχρῆν,
3391 3203 3550 3275 τοῦτο
3577 3222 3638 3276 δὲ

2063 3297 2158 3350 καὶ
2186 3291 2268 3361 οἷς
2292 3298 2472 3367 ὀλίγος
2497 3301 2781 3371 ἐμπέφυκε
2810 3304 2952 3368 νοῦς.
2981 3308 3136 3378 γνοίη
3163 3308 3231 3363 ἂν
3253 3311 3390 3364 Θεοῦ
3415 3310 3635 3378 πάντως

2059 3379 2220 3450 εῖναι,
2254 3385 2393 3455 μήτε
2430 3386 2535 3458 μὴν
2556 3390 2670 3452 τοῖς
2701 3389 2794 3444 τοῦ
2820 3389 3127 3461 βαδίζοντος
3153 3396 3377 3467 τρόποις
3401 3402 3635 3469 ἀρεσκο-

2061 3476 2249 3548 μένου,
2281 3477 2375 3530 καὶ
2407 3477 2523 3548 ἅμα
2546 3482 2658 3544 τοῖς
2682 3482 2858 3554 τούτῳ
2884 3485 3190 3556 δρωμένοις
3220 3487 3426 3544 ἅπασιν
3451 3493 3634 3561 ἐμφα-

2056 3566 2164 3630 νῶς
2209 3569 2546 3638 μαχομένου,
2597 3570 2694 3627 καὶ
2745 3576 2802 3639 ἐς
2855 3578 2927 3631 τά
2986 3578 3130 3633 πάνυ
3185 3580 3296 3634 τῶν
3330 3583 3632 3653 προοιμίων

2060 3658 2432 3715 ἐναντιώτατα
2463 3662 2676 3733 πέρατα
2703 3664 2809 3736 σὴν
2849 3669 3086 3741 σπουδὴν
3127 3673 3628 3745 ἀντιπεριάγοντος.

2055 3750 2355 3822 Μέμνημαι
2384 3754 2568 3810 τοίνυν
2609 3757 2707 3828 οὐχ
2739 3758 2904 3827 ἅπαξ,
2933 3762 3054 3815 οὐδέ
3102 3763 3182 3826 δίς
3215 3781 3318 3818 που
3364 3767 3459 3820 καὶ
3507 3770 3630 3837 τρὶς

2058 3844 2241 3914 μόνον.
2290 3844 2426 3899 ἀλλὰ
2474 3849 2569 3902 καὶ
2602 3849 2745 3918 μάλα
2789 3850 2963 3921 δήπου
3014 3853 3086 3921 γε
3111 3855 3373 3918 πολλάκις
3421 3859 3629 3929 ἀμφοῖν

2055 3935 2187 4016 ⁴ίγμῖν
2220 3937 2466 4001 εἰπόντος
2493 3938 2588 3992 τοῦ
2630 3939 2887 4013 Γρηγορᾶ
2918 3947 3058 3998 κατὰ
3086 3947 3182 4010 τὰς
3224 3947 3480 4003 ἐνταυθοῖ
3501 3952 3630 4005 πολ-

2052 4023 2209 4087 λάκις
2240 4024 2546 4090 ἰδιαζούσας
2588 4025 2651 4101 [ί.
2685 4029 2788 4084 “8
2836 4029 2894 4104 α]
2939 4034 3156 4103 μακρὰς
3187 4036 3278 4090 καὶ
3325 4018 3626 4102 πολυειδεῖς

2053 4117 2211 4188 ⁴ἡμῶν
2245 4119 2463 4188 ὁμιλίας
2487 4115 2665 4191 (οῐσθα
2695 4123 2753 4176 δὲ
2779 4126 2870 4178 καὶ
2897 4125 3084 4198 αὐτὸς)
3111 4127 3208 4190 τὰς
3232 4128 3448 4198 βίϐλους
3478 4125 3622 4187 εἶναι

2051 4209 2147 4263 τοῦ
2180 4209 2418 4280 Παλαμᾶ
2445 4211 2766 4276 δυσσεϐείας
2817 4217 3048 4287 πλήρεις
3090 4222 3305 4289 μακρᾶς
3325 4236 3340 4251 ο
3378 4220 3441 4284 ἃς
3470 4222 3623 4293 δεχο-

2057 4303 2240 4374 μένοις
2271 4307 2423 4376 ἡμῖν,
2452 4307 2549 4361 καὶ
2587 4308 2792 4377 πολλὴν
2822 4313 2917 4364 καὶ
2951 4314 3301 4386 παντοδαπὴν
3331 4317 3430 4389 τὴν
3460 4317 3624 4387 εὐμέ-

2052 4412 2201 4450 νειαν
2233 4400 2386 4466 σφίσι
2416 4400 2832 4470 παρεχομένοις,
2869 4401 3074 4472 ἔφασκέ
3094 4423 3154 4460 τε
3188 4409 3280 4461 καὶ
3311 4409 3623 4480 ὑπισχνεῖτο

2057 4489 2246 4561 μηδενὶ
2282 4490 2392 4544 τῶν
2417 4493 2550 4562 ἡμῖν
2589 4509 2653 4562 γε
2682 4494 2978 4565 δρωμένων
3021 4498 3296 4570 δημοσίων
3324 4501 3621 4574 εύδρομίαν

389 4612 495 4654 tem
548 4598 666 4653 hac
713 4595 801 4649 vel
850 4592 942 4647 illa
1009 4605 1096 4646 res
1141 4589 1326 4658 aliquo
1374 4587 1536 4642 modo
1581 4587 1740 4642 initio
1789 4587 1950 4642 nobis

2067 4580 2441 4651 ἱκολουθὴσειν
2469 4583 2604 4654 πρὸς
2638 4585 2729 4640 τοῦ
2771 4585 2981 4642 δικαίου
3033 4588 3190 4657 Θεοῦ,
3230 4591 3349 4647 ἀλλ’
3390 4594 3621 4666 ἀνατρέ-

385 4689 681 4747 succedere
709 4687 890 4740 visura
917 4692 1085 4748 esset,
1116 4691 1351 4736 attamen
1377 4695 1487 4734 non
1515 4680 1677 4749 longo
1705 4689 1950 4750 tempore

384 4779 712 4852 interposito
740 4777 850 4848 96
874 4777 1017 4834 fore,
1037 4783 1095 4828 ut
1124 4772 1480 4828 acerbissima
1516 4771 1655 4826 mala
1677 4771 1952 4826 uberrime

383 4873 449 4928 ad
486 4879 791 4926 extremum
831 4871 1263 4920 snt-crescerent.
1305 4863 1450 4918 Idem
1493 4863 1629 4934 ipsis
1657 4864 1952 4917 vehemen-

383 4964 491 5021 tius
547 4959 994 5034 pronuntiantem
1041 4954 1389 5020 audivimus,
1436 4963 1496 5009 ut
1547 4954 1685 5008 nihil
1735 4953 1951 5009 dubita-

307 5094 314 5102 ς
383 5055 546 5110 tionis
605 5054 722 5108 suis
767 5053 1013 5108 moribus
1053 5049 1408 5112 admisceret,
1455 5062 1576 5116 qua:
1623 5047 1946 5116 plerumque

379 5144 826 5199 incertitudinem
855 5141 1024 5196 futuri
1064 5138 1330 5208 temporis
1361 5137 1735 5192 metuentibus
1765 5138 1947 5192 inesse

377 5237 534 5292 solet.
573 5235 761 5305 Neque
810 5234 1010 5288 nescis.
1044 5241 1250 5303 quanto
1297 5229 1424 5284 odio
1472 5229 1576 5283 viri
1612 5245 1720 5284 non
1758 5244 1788 5283 a
1830 5229 1945 5285 suis

376 5327 562 5382 verbis
593 5327 907 5381 recedentis
934 5326 1248 5379 libertatem
1282 5321 1557 5393 persecuti
1587 5322 1779 5376 simus.
1803 5320 1944 5377 Con—

376 5418 731 5474 siderandum
785 5418 950 5486 igitur
1007 5424 1113 5482 est,
1165 5429 1296 5469 num
1348 5414 1489 5469 forte
1545 5413 1659 5469 Deo
1707 5412 1826 5484 ipso
1871 5413 1942 5470 ob

374 5508 568 5579 dogma
603 5518 943 5578 repugnante
977 5508 1130 5562 irrita
1169 5507 1458 5562 faciamus.
1496 5524 1514 5557 ι

440 5775 578 5830 XIII.
623 5775 747 5831 Haec
775 5785 936 5847 atque
970 5776 1238 5846 ejusmodi
1297 5789 1420 5830 cum
1479 5774 1568 5829 illa
1600 5774 1936 5844 protulisset,

370 5869 698 5940 imperator:
744 5888 760 5920 ι
803 5870 1013 5934 Mulier,
1048 5869 1248 5939 inquit,
1284 5883 1389 5921 non
1438 5867 1621 5921 omnia
1675 5866 1938 5921 debemus

2051 4668 2249 4723 πεσθαί
2272 4686 2332 4723 τε
2356 4671 2534 4724 πάντα
2555 4671 2652 4726 καὶ
2677 4673 2999 4744 φθείρεσθαι
3025 4679 3337 4748 προφανῶς,
3365 4681 3577 4737 καθά-πε
3585 4700 3620 4754 ρ

2051 4763 2336 4830 κεραυνοῖς
2365 4762 2628 4832 αῖθερὲοις
2659 4765 2727 4819 τὰ
2754 4766 2901 4835 λήῖα.
2952 4769 3013 4822 El
3054 4769 3110 4822 δέ
3143 4787 3249 4825 που
3298 4771 3392 4825 καὶ
3441 4773 3618 4838 δόξειε

2048 4852 2158 4907 τῶν
2182 4854 2471 4926 ἡμετέρων
2506 4854 2685 4926 ἔργων
2713 4855 2771 4910 ἐν
2799 4859 3086 4913 ὁποιονοῦν
3125 4861 3331 4933 ὁπηοῦν
3368 4864 3618 4936 εὐτυχεῖν

2048 4945 2112 4995 ἐκ
2152 4946 2475 5016 προοιμίων,
2512 4947 2628 4999 ἀλλ’
2653 4943 2748 5002 οὖν
2772 4952 2873 5002 οὐκ
2905 4953 2989 5015 είς
3019 4953 3237 5023 μακρὰν
3265 4955 3384 5008 ἐκεῖ
3418 4956 3616 5028 πικρὸν

2047 5037 2376 5108 ἐπιφύεσθαι
2415 5041 2510 5093 καὶ
2552 5041 2697 5110 μάλα
2745 5041 3013 5113 πολύχουν
3061 5046 3118 5098 ἐν
3161 5048 3274 5107 τοῖς
3323 5047 3525 5119 πέρασι
3555 5051 3616 5103 τδ

2045 5130 2334 5200 γεώργιον.
2364 5130 2534 5185 Τοῦτο
2563 5132 2620 5185 δε
2651 5134 2881 5198 καύταῖς
2907 5134 3211 5206 πανδήμοις
3256 5137 3615 5210 σφοδρότερον

2044 5223 2381 5290 ἡκηκὸειμεν
2416 5223 2674 5294 φάμενον,
2707 5226 2767 5278 οὐ
2797 5226 3099 5298 δισταγμοῦ
3129 5246 3274 5293 τινος
3308 5231 3477 5300 μέρος
3506 5249 3615 5285 παι

2049 5315 2388 5383 ραμιγνύντα
2413 5315 2492 5387 τῷ
2519 5317 2662 5386 ἤθει,
2690 5319 2871 5382 ὁποῖος
2904 5321 3014 5383 τοῖς
3041 5320 3267 5375 δεδιόσιν
3295 5323 3484 5377 ἕπεται
3511 5325 3613 5396 τὴν

2044 5407 2138 5461 τοῦ
2177 5409 2466 5479 μέλλοντος
2495 5409 2717 5478 ἀδηλίαν
2750 5409 2826 5472 ὡς
2855 5411 2924 5464 τὰ
2969 5410 3158 5467 πολλά.
3208 5414 3318 5467 Καὶ
3360 5411 3518 5468 οἶσθά
3547 5433 3613 5484 γε

2041 5498 2117 5562 ὼς
2157 5497 2439 5568 ἠχθόμεθά
2466 5500 2564 5570 τῆς
2597 5500 2908 5572 παρρησίας
2935 5501 3121 5573 τάνδρί
3145 5519 3160 5536 ο
3190 5505 3219 5556 ὁ
3240 5503 3286 5558 δ’
3316 5506 3416 5558 οὐκ
3439 5507 3610 5559 ἐνεδί-

2041 5589 2134 5643 δου
2161 5591 2355 5659 λέγων.
2389 5591 2659 5646 Σκεπτέον
2688 5593 2780 5651 ob»
2807 5594 2884 5666 μὴ
2913 5593 3050 5649 Θεοῦ
3087 5595 3394 5666 μαχομένου
3419 5597 3511 5652 διὰ
3552 5599 3612 5652 τὸ

2041 5682 2219 5751 δόγμα
2253 5683 2506 5755 πονῶμεν
2531 5687 2791 5756 ἀνήνυτα.
2831 5705 2850 5739 ι

2112 5775 2212 5843 ΙΓῨ.
2244 5774 2427 5829 Ταῦτα
2453 5779 2632 5830 τοίνυν
2665 5778 2759 5832 καὶ
2787 5778 2854 5832 τὰ
2882 5779 3107 5834 τοιαῦτα
3138 5780 3437 5852 διεξιούσης
3467 5782 3610 5834 ἐκεί-

2042 5884 2162 5938 νης,
2200 5887 2218 5920 ι
2245 5864 2315 5920 Ὦ
2344 5868 2524 5936 γύναι,
2556 5872 2719 5939 φησὶν
2753 5872 2780 5923 ὁ
2810 5868 3086 5941 βασιλεὺς,
3127 5872 3188 5924 οὐ
3220 5873 3398 5928 πάντα
3433 5873 3607 5926 καθά-
