4050 6566
349 465 421 534 81
1381 467 1829 531 ΒῩΖΑΝΤΙΝΕ
1850 467 1927 530 111

2027 467 2233 528 ΟΒΙᾸΞ
2262 465 2410 527 LIB.
2432 460 2640 525 XXVI.
3523 449 3596 513 82
3626 490 3648 517 ρ-

350 583 464 647 παξ
510 577 691 652 χρεὼν
731 579 1046 638 ἀνατιθέναι
1100 579 1244 654 Θεῷ.
1298 577 1456 639 Εἶναι
1505 583 1615 654 γάρ
1660 601 1784 637 τινα
1826 582 1921 635 καὶ

2029 580 2095 633 ad
2130 578 2301 634 Deum
2332 577 2560 634 referre.
2591 573 2727 629 Nam
2760 568 2924 627 etiam
2950 567 3170 624 fortuna
3200 562 3421 621 domlna
3450 576 3595 654 qna!-

346 674 517 742 τὺχην
566 672 852 744 τύραννον.
886 673 1028 727 κατὰ
1066 673 1129 726 τδ
1177 673 1488 745 αὐτόματον
1525 673 1784 729 ἐπιοῦσαν
1809 677 1922 738 τοῖς

345 764 458 815 τῶν
488 763 794 830 ἀνθμὶνιτων
834 763 1142 834 πράγμασι,
1165 765 1273 819 κάκ
1296 763 1391 820 τοῦ
1424 764 1728 838 προσεχοῦς
1754 765 1924 837 αὐτὴν

350 855 555 923 μᾶλλον
582 854 928 924 τάνθρώπεια
947 855 1312 929 διοικοῦσανῆ
1341 857 1433 911 τὸν
1457 857 1614 926 Θεδν,
1640 858 1925 932 ἐνέργειαν

349 946 452 1012 μὲν
483 946 827 1018 καλουμένην
852 947 1131 1013 ἄκτιστον,
1165 947 1524 1025 δεσποτικοὺς
1553 949 1611 1003 δὲ
1639 948 1922 1021 χαρακτῆ-

347 1054 453 1105 ρας
506 1038 782 1107 φέρουσαν
828 1055 889 1092 τε
923 1041 1019 1093 καὶ
1065 1039 1402 1104 δεσποτικῶς
1442 1043 1556 1105 τοῖς
1598 1043 1924 1113 πράγμασιν

342 1130 854 1197 ἑπιστρατεὺουσαν
880 1129 1025 1184 κατὰ
1055 1132 1155 1202 τὴν
1185 1129 1278 1185 τοῦ
1311 1130 1621 1200 αὐτομάτου
1662 1131 1837 1202 φοράν
1863 1148 1923 1185 τε

343 1220 443 1272 καὶ
462 1220 702 1288 κίνησιν.
731 1223 791 1277 Εί
820 1222 867 1275 δ’
893 1218 1010 1290 οὖν,
1030 1221 1187 1293 λόγον
1217 1222 1326 1292 ἐγώ
1355 1242 1437 1278 σοι
1464 1224 1557 1279 καὶ
1582 1224 1726 1293 μάλα
1748 1223 1925 1297 είδυίᾳ

344 1313 484 1380 ἐρῶ.
514 1313 617 1379 τῆς
644 1314 783 1382 ἐμῆς
807 1315 1067 1388 ἀληθείας
1096 1317 1353 1390 μάρτυρα
1384 1333 1442 1370 τε
1473 1320 1567 1372 καὶ
1596 1316 1923 1388 βεδαιωτὴν.

344 1401 521 1458 Οἶσθα
553 1409 663 1477 γὰρ
682 1406 900 1471 ὁποίαις
924 1409 1018 1461 καὶ
1044 1409 1198 1473 ὅσαις
1222 1411 1534 1479 ἠπειγόμην
1557 1409 1925 1480 ὲξευμενίζειν

342 1495 438 1547 τὸν
477 1495 614 1549 Θεὸν
657 1498 961 1567 χρημάτων
987 1497 1218 1563 δόσεσιν,
1261 1498 1327 1563 ἃς
1361 1498 1615 1568 ἀφθόνοις
1645 1501 1925 1570 παλάμαις

344 1589 640 1659 ὲξὴντλουν
687 1590 894 1663 ἱερεῦσι
938 1593 1034 1647 καὶ
1084 1593 1460 1665 μονοτρόποις,
1496 1594 1590 1648 καὶ
1635 1594 1750 1647 ὅσοι
1783 1610 1927 1663 σπη-

345 1682 523 1746 λαίοις
550 1683 921 1738 ἐνδιαιτῶνται
964 1684 1061 1738 καὶ
1093 1686 1265 1755 ὄρεσι.
1302 1686 1418 1752 καὶ,
1443 1685 1560 1738 ὅσοι
1607 1685 1716 1739 τῶν
1748 1684 1924 1748 ἄλλως

258 1830 261 1831 ,
346 1775 514 1843 πενίᾳ
542 1774 639 1827 καὶ
666 1774 807 1843 νόσῳ
835 1772 1127 1838 συζώντων
1156 1775 1425 1845 ὑπῆρχον,
1457 1776 1554 1829 καὶ
1597 1778 1670 1847 πῆ
1711 1777 1807 1844 μὲν
1832 1776 1925 1846 δη-

350 1862 537 1934 μοσία,
576 1865 649 1934 πῆ
684 1862 743 1916 δὲ
776 1863 1068 1934 βλέποντος
1112 1865 1368 1919 ἁπάντων
1412 1864 1645 1929 οὐδενός.
1681 1867 1923 1936 Ὠνησαν

2023 670 2146 727 dam
2178 678 2284 733 est,
2312 685 2436 740 qua:
2473 681 2574 723 suo
2604 663 2837 719 arbitrio
2861 660 3151 716 hominum
3190 671 3280 714 res
3308 652 3592 726 aggredia-

2023 773 2133 830 tur,
2171 775 2335 832 atque
2364 759 2713 817 continenter
2761 754 2927 810 vitam
2958 751 3255 806 humanam
3286 746 3461 817 magis
3508 759 3594 797 rc-

2022 862 2136 924 εει,
2167 867 2329 921 quam
2379 848 2563 906 Deus:
2596 845 2848 917 operatio
2884 841 3109 914 quidem
3170 839 3489 893 nominatur
3517 834 3596 887 in-

2023 953 2241 1009 creata,
2277 942 2468 998 induta
2507 949 2689 996 autem
2717 944 2801 992 est
2831 935 3046 1010 tyranni
3082 931 3350 1000 moribus,
3401 942 3596 998 super-

2022 1039 2258 1108 bamque
2305 1036 2360 1091 in
2391 1050 2585 1090 omnes
2629 1048 2718 1087 res
2764 1029 3197 1086 dominationem
3243 1032 3465 1083 exercet
3495 1038 3596 1092 pro

2022 1129 2272 1185 libidinis
2304 1129 2513 1198 impetu
2546 1136 2715 1196 atque
2763 1133 2941 1179 motu.
2972 1120 3246 1192 Agedum!
3286 1118 3594 1176 oratiom-m

2026 1218 2122 1274 tibi
2157 1217 2357 1283 dicam,
2387 1231 2550 1286 quam
2586 1215 2702 1286 ipsa
2731 1213 2878 1269 haud
2918 1228 3047 1268 sane
3082 1209 3327 1283 ignoras,
3357 1223 3477 1278 qua:
3510 1222 3598 1262 me

2022 1324 2152 1365 vere
2181 1309 2426 1364 locutum
2447 1320 2568 1363 esse
2600 1305 2928 1363 testiﬁcetur
2955 1312 3117 1374 atque
3143 1303 3452 1358 contirmet.
3476 1299 3596 1357 Scis

2023 1398 2193 1463 enim,
2223 1397 2445 1468 quantis
2471 1407 2527 1453 et
2552 1396 2811 1468 qualibus
2840 1412 2940 1468 ego
2970 1395 3275 1452 studuerim
3311 1393 3479 1449 donis
3497 1392 3592 1447 Dei

2027 1489 2269 1544 favorem
2317 1489 2449 1544 mihi
2501 1489 2822 1552 conciliare,
2853 1503 2976 1560 quas
3001 1487 3180 1559 plenis
3225 1487 3482 1541 manibus
3510 1501 3597 1541 sa-

2024 1578 2359 1644 cerdotibus,
2387 1579 2707 1635 hominibus
2733 1571 3013 1648 solitariis,
3040 1578 3357 1649 quicunque
3387 1580 3438 1633 in
3467 1593 3593 1649 spe-

2023 1671 2210 1727 luncis
2261 1672 2516 1728 habitant
2563 1681 2620 1728 et
2683 1670 2967 1727 montibus
3015 1678 3112 1725 aut
3163 1678 3487 1739 paupertate
3538 1678 3596 1725 et

2026 1762 2236 1818 morbis
2269 1764 2516 1834 oppressi
2544 1763 2712 1818 vitam
2740 1764 2967 1834 degunt,
2996 1772 3050 1817 et
3078 1763 3256 1833 palam
3290 1770 3347 1817 et
3375 1760 3596 1816 occulto

2024 1854 2318 1924 largiebar.
2356 1855 2557 1910 Verum
2603 1856 2736 1911 nihil
2793 1854 3047 1910 utilitatis
3111 1854 3272 1910 nobis
3322 1853 3432 1925 97
3482 1853 3597 1909 illa:

344 1927 395 2002 δ’
424 1927 559 2020 ἡμῖν
613 1927 789 2017 οὐδὲν,
832 1952 948 2008 ἀλλ’
994 1952 1212 2025 αὔραις,
1260 1954 1336 2018 ὥς
1386 1971 1448 2023 γε
1493 1927 1693 2020 ἔοικεν,
1744 1927 1927 2013 ἐκεῖνα

2029 1943 2347 2014 largitiOnes
2391 1947 2721 2010 attulerunt,
2770 1945 2867 2001 sed
2904 1944 3089 2001 ventis
3119 1945 3374 2000 videmur
3406 1945 3595 2001 omnia

346 2039 510 2093 πάντ’
566 2042 1048 2115 ἑκπεπονὴκαμεν,
1100 2044 1196 2098 καὶ
1246 2045 1515 2117 περιέστη
1570 2048 1702 2118 ἡμῖν
1746 2051 1930 2103 ἐκεῖνα

348 2130 545 2185 παθεῖν
589 2131 627 2185 ἃ.
668 2133 802 2203 μηδὲ
852 2137 965 2196 τοῖς
1018 2135 1226 2207 σφόδρα
1275 2138 1621 2208 ἀνδροφόνοις
1680 2140 1769 2194 διὰ
1809 2141 1926 2211 βίου

348 2224 683 2278 πεποντὶὲναι
722 2225 1146 2297 ξυμπέπτωκεν.
1190 2230 1308 2301 Ἀφ’
1354 2224 1415 2286 οῦ
1457 2232 1502 2287 δ’
1546 2233 1802 2305 ὁμόφρων
1831 2252 1925 2305 γε.

348 2318 597 2388 γένημαι
625 2316 876 2391 Παλαμᾷ,
902 2318 993 2373 καὶ
1026 2320 1279 2391 βασιλεὺς
1323 2322 1481 2389 εὑοὺς
1527 2327 1861 2395 κεκράτηκα.
1901 2345 1919 2378 ι

427 2495 523 2550 ΙΔ’.
542 2495 607 2550 Ἦ
628 2496 675 2551 δ⁹
690 2497 1034 2555 ὑπολαϐοῦσα
1049 2500 1217 2555 τοιάδ’
1232 2501 1533 2571 ἀντέφησεν
1549 2501 1722 2569 αὖθις·
1747 2523 1766 2558 ι
1786 2503 1927 2574 Ἐγὼ

350 2588 436 2651 δὲ,
479 2590 737 2659 φησὶν,ικ
763 2592 873 2647 τῶν
899 2593 1189 2664 ἡμετέρων
1228 2596 1320 2650 καὶ
1344 2597 1700 2669 ἀνθρωπίνων
1724 2597 1930 2671 βραχέα

351 2696 438 2733 σοι
465 2680 785 2758 φθέγξομαι.
820 2684 954 2738 Εἰπὲ
978 2685 1085 2757 γάρ
1135 2703 1254 2756 μοι’
1291 2687 1359 2742 Εἰ
1404 2706 1487 2753 τις
1512 2690 1927 2763 τῶνὴμετέρων

346 2772 557 2826 δούλων
579 2775 903 2845 ἀμπελῶνος
931 2779 1106 2832 εἰπεῖν
1141 2778 1175 2851 ἡ
1210 2780 1318 2833 τῶν
1340 2779 1518 2835 ἄλλων
1540 2770 1773 2852 ἑκόντων
1794 2785 1927 2854 ἡμῖν

347 2865 651 2936 κτημάτων
699 2868 819 2931 ἐνὸς
877 2870 1186 2926 οὑτινοσοῦν
1239 2872 1574 2946 ἐπιμελητὴς
1636 2875 1727 2943 ὑφ’
1767 2876 1926 2946 ἡμῶν

349 2959 645 3024 καταστὰς,
671 2957 859 3014 ἔπειτα
886 2960 983 3032 τὴν
1009 2963 1108 3034 μὲν
1132 2964 1449 3019 δεσποτείαν
1479 2964 1636 3036 ἡμῶν
1666 2967 1926 3038 ἀφῃρεῖτο

352 3050 694 3120 περιφανῶς,
740 3052 1202 3127 πολλοστημόριον
1244 3057 1298 3110 δὲ
1332 3058 1440 3112 τῶν
1478 3059 1691 3113 ἐκεῖθεν
1734 3061 1926 3132 παρεί·

349 3158 481 3211 χετο
509 3144 691 3214 φέρων
719 3145 850 3216 ἡμῖν
878 3148 1126 3217 καρπῶν,
1156 3149 1218 3202 οὑ
1257 3150 1458 3218 μᾶλλόν
1487 3150 1541 3218 γ’
1564 3149 1629 3205 ἂν
1658 3153 1927 3224 ἐμεμισῆ-

351 3249 553 3303 κειμεν
584 3234 795 3288 ἐκεῖνον
820 3234 852 3305 ἡ
884 3236 1268 3309 ἡγαπὴκειμεν
1294 3256 1308 3307 ;
1343 3239 1499 3294 Τοῦτ’
1523 3241 1652 3295 αὑτὸ
1678 3244 1923 3313 νομίζειν
1950 3271 1996 3331 c

348 3325 530 3379 ἔπεισί
557 3343 649 3394 μοι
674 3328 765 3381 καὶ
792 3327 855 3402 [ΐ.
892 3329 993 3385 118
1024 3330 1076 3404 ὁ]
1107 3333 1237 3405 περί
1264 3350 1325 3403 γε
1351 3333 1444 3388 τοῦ
1475 3336 1637 3407 μόνου
1667 3335 1823 3392 Θεοῦ.
1860 3338 1920 3391 El

348 3419 462 3489 γὰρ
493 3418 731 3475 πλούτου
754 3423 846 3476 καὶ
879 3421 1034 3495 δόξης
1063 3425 1331 3496 τοσαύτης
1372 3427 1532 3498 ἡμεῖς
1559 3428 1921 3494 ἀπολαύοντες

350 3511 493 3581 πρὸς
529 3510 688 3579 Θεοῦ,
711 3513 904 3568 ἔπειτα
938 3517 1036 3587 τὴν
1077 3516 1241 3570 αὑτοῦ
1275 3517 1592 3572 δεσποτείαν
1631 3519 1920 3575 πολυθεῖαν

350 3598 575 3662 ἑκόντες
603 3600 638 3672 ἡ
661 3618 770 3656 τινι
796 3601 908 3655 τῶν
936 3603 1191 3658 ἁπάντων
1230 3604 1393 3676 ἑτέρᾳ
1429 3605 1557 3677 παρ’
1583 3607 1747 3661 αὑτὸν
1771 3610 1922 3680 ἐνερ-

348 3692 499 3765 γείᾳ,
541 3680 913 3764 ἑξευμενίζειν
941 3694 1149 3749 ἐκεῖνον
1193 3696 1508 3768 νομίζοιμεν
1548 3698 1922 3770 πολλοστημό-

353 3800 471 3854 ριον
496 3784 798 3861 χρημάτων
820 3785 930 3839 τῶν
949 3785 1111 3841 αὑτοῦ
1144 3789 1512 3858 προσάγοντες
1535 3789 1705 3861 αὑτῷ,
1728 3790 1923 3847 θᾶττον

355 3871 511 3941 μέντ’
543 3871 610 3926 ἂν
642 3872 926 3944 μισήσειεν
958 3873 991 3944 ἢ
1020 3874 1355 3947 ἀγαπήσειεν
1387 3877 1554 3948 ἡμᾶς,
1589 3879 1672 3932 ὅτι
1702 3878 1764 3932 τὸ
1798 3883 1922 3949 μεῖο

354 3960 448 4027 ζον
481 3960 848 4033 ἀφαιροῦντες
888 3961 1177 4018 τοῦλαττον
1204 3964 1594 4039 παρέχομεν,ἡ
1632 3968 1832 4035 μᾶλλον
1861 3967 1923 4024 τὸ

355 4051 469 4104 πᾶν
497 4049 858 4121 ἀφαιροῦντες
880 4050 941 4105 τὸ
971 4051 1136 4124 μηδὲν
1162 4054 1492 4125 παρέχομεν.
1529 4055 1631 4127 Εῖη
1661 4056 1707 4109 δ’
1729 4056 1796 4113 ἂν
1813 4059 1923 4114 κάκ

352 4145 466 4198 τῶν
486 4146 519 4216 ἡ
528 4144 777 4216 μετιρων
802 4143 884 4199 ἔτι
912 4146 1253 4217 πραγμάτων
1286 4148 1652 4220 ἐναργέστερα
1677 4150 1745 4205 τὰ
1772 4150 1927 4222 λεγό-

359 4254 516 4309 μενα.
542 4232 717 4294 Οἶσθα
743 4237 853 4309 γὰρ
891 4236 967 4302 ὥς
992 4239 1123 4311 πρὶν
1150 4238 1184 4302 ἢ
1217 4241 1336 4303 ταῖς
1365 4239 1462 4294 τοῦ
1494 4240 1724 4310 Παλαμᾶ
1750 4260 1925 4315 προσ-

353 4331 579 4401 τεθῆναι
622 4328 1008 4399 καινοφωνίαις
1044 4331 1219 4401 ἡμᾶς,
1268 4332 1472 4404 σφόδρα
1527 4350 1592 4403 γε
1620 4333 1691 4401 ἐξ
1737 4336 1925 4409 οὐρίας

355 4422 493 4491 ἡμῖν
521 4419 593 4476 τὰ
617 4422 718 4494 τῆς
763 4418 1106 4492 εὐδαιμονίας
1145 4420 1317 4490 ἔπλει,
1355 4424 1448 4477 καὶ
1480 4423 1637 4479 οὐδὲν
1670 4426 1926 4483 ἀντέπνει

268 4510 289 4513 ⁷
354 4511 467 4566 τῶν
493 4510 686 4566 δεινῶν
733 4510 1103 4583 ἅντίπρωρον,
1131 4512 1270 4568 ἀλλὰ
1319 4516 1412 4570 καὶ
1453 4515 1546 4570 ὑπ’
1585 4515 1760 4572 ἄλλων
1787 4518 1927 4585 τέως

2025 2036 2317 2103 eﬂ‘eciSse;
2362 2037 2708 2092 calamitates
2768 2035 2917 2091 enim
2970 2035 3025 2089 in
3077 2050 3180 2090 nos
3242 2035 3594 2103 ingruerunt,

2027 2128 2218 2197 quales
2266 2143 2335 2184 ne
2383 2103 2735 2183 audacissimi
2785 2127 3009 2198 quidem
3052 2127 3344 2183 homicida:
3393 2125 3593 2181 invita

2027 2222 2275 2291 perpessi
2301 2232 2450 2277 sunt.
2487 2220 2562 2276 Ex
2591 2238 2702 2291 quo
2732 2231 2914 2278 autem
2946 2231 3189 2292 tempore
3218 2237 3342 2278 eum
3376 2222 3592 2276 Palama

2026 2315 2153 2380 feci,
2193 2330 2259 2370 es
2310 2330 2377 2371 co
2426 2314 2609 2370 statim
2654 2315 3002 2384 imperatoris
3044 2314 3343 2386 potentiam
3395 2324 3594 2372 nactus

2028 2420 2172 2461 sum.
2222 2423 2240 2455 ι

2038 2570 2047 2577 ‘
2096 2495 2236 2554 XIV.
2280 2495 2376 2553 llla
2427 2506 2611 2554 autem
2655 2500 2961 2557 orationem
3005 2499 3287 2572 excipiens
3320 2499 3438 2556 haec
3479 2498 3595 2555 fere

2027 2589 2311 2658 respondit
2332 2608 2347 2620 ·
2385 2608 2403 2642 ι
2441 2590 2555 2663 Ego
2583 2608 2757 2662 pauca
2787 2592 3036 2663 quaedam
3069 2609 3134 2650 ex
3168 2592 3375 2649 nostris
3398 2592 3596 2647 huma.

2026 2678 2225 2750 nisque
2278 2680 2446 2737 rebus
2489 2699 2835 2755 proponam;
2868 2685 2959 2742 dic
2994 2686 3140 2742 enim
3190 2684 3348 2747 mihi,
3387 2685 3430 2739 si
3473 2685 3597 2755 quis

2027 2778 2340 2826 nostrorum
2396 2788 2682 2830 servorum
2735 2776 2887 2832 verbi
2933 2791 3098 2831 causa
3149 2772 3324 2831 vin‘em
3374 2774 3457 2829 vel
3501 2774 3594 2829 alii

2025 2859 2241 2915 cuidam
2266 2873 2581 2920 nostrarum
2605 2866 3014 2937 possessionum
3041 2883 3072 2922 a
3101 2866 3259 2923 nobis
3278 2866 3595 2938 prmiectus,

2026 2946 2402 3008 do:ninatione
2454 2953 2616 3010 nobis
2668 2955 2960 3011 manifesto
3021 2967 3250 3027 erepta.
3309 2956 3593 3028 parvulam

2026 3043 2322 3110 quamdam
2350 3055 2562 3115 partem
2588 3045 2805 3116 frugum
2837 3047 2964 3103 inde
2988 3035 3243 3103 nataru'm
3278 3047 3437 3103 nobis
3460 3064 3598 3116 pia--

2027 3135 2206 3202 beret,
2237 3153 2421 3195 nonne
2454 3140 2631 3212 majus
2678 3140 2732 3194 in
2764 3155 2889 3194 eum
2918 3140 3103 3197 odium
3149 3140 3593 3212 conciperemus,

2026 3245 2191 3300 quam
2233 3240 2393 3288 antea
2422 3248 2548 3289 eum
2581 3249 2920 3289 amassemus
2949 3233 2972 3288 i
3001 3233 3115 3289 Hoc
3150 3233 3295 3289 idem
3325 3235 3492 3290 etiam
3526 3233 3594 3289 de

2028 3322 2194 3377 unico
2219 3323 2330 3377 Deo
2362 3332 2608 3380 statuere
2639 3324 2781 3379 mihi
2804 3327 2856 3380 in
2891 3337 3127 3381 mentem
3152 3325 3340 3392 venit;
3373 3327 3418 3380 si
3444 3326 3591 3381 enim

2027 3427 2129 3468 nos
2170 3428 2199 3467 a
2244 3412 2355 3468 Deo
2397 3416 2569 3471 tantis
2621 3414 2831 3471 divitiis
2865 3425 3123 3488 tantaque
3164 3419 3339 3489 gloria
3388 3418 3592 3484 ornati,

2027 3502 2558 3578 dominationoejus
2599 3506 2787 3562 multis
2810 3506 3189 3564 divinitatibus
3227 3517 3321 3563 aut
3359 3507 3447 3563 alii
3479 3508 3597 3563 cui-

2027 3594 2152 3651 dam
2204 3597 2508 3667 operationi
2575 3598 2644 3654 ab
2690 3616 2758 3656 eo
2818 3600 3053 3657 diversae
3105 3601 3250 3656 ultro
3304 3601 3590 3672 permissa,

2029 3689 2254 3757 parvula
2286 3689 2523 3767 quadam
2557 3698 2714 3761 parte
2745 3707 2908 3762 opum
2946 3692 3235 3763 praebenda
3272 3695 3436 3750 nobis
3464 3711 3592 3749 enm
3662 3732 3667 3736 ›

2030 3778 2328 3835 conciliare
2361 3780 2701 3850 putabimus,
2727 3783 2963 3840 celerius
2988 3799 3118 3840 sane
3147 3800 3249 3841 nos
3275 3786 3404 3841 odio
3427 3802 3592 3854 quam

2029 3884 2217 3927 amore
2271 3881 2640 3943 persequetur
2681 3878 2975 3944 propterea
3015 3876 3160 3946 quod
3202 3877 3324 3947 plus
3354 3878 3415 3953 ei
3436 3879 3598 3934 dere-

2028 3978 2241 4035 gamus,
2272 3979 2437 4035 quam
2468 3965 2812 4035 exhibemus,
2839 3976 2933 4022 aut
2960 3969 3142 4037 potius
3163 3970 3308 4040 quod
3340 3971 3599 4028 omnibus

2030 4056 2199 4112 rebus
2223 4057 2275 4112 ei
2306 4056 2627 4114 defraudato
2673 4058 2812 4114 nihil
2846 4060 3175 4131 prazbemus.
3204 4060 3382 4118 Facile
3408 4074 3593 4120 autem

2029 4164 2097 4205 ex
2138 4157 2457 4205 nostrarum
2495 4167 2679 4207 rerum
2714 4153 3055 4220 conditione,
3084 4155 3229 4225 quod
3260 4156 3423 4210 modo
3457 4159 3594 4226 dixi,

2029 4240 2231 4297 clarius
2285 4243 2411 4297 erit.
2459 4241 2578 4299 Seis
2615 4243 2786 4307 enim,
2832 4253 3124 4315 antequam
3167 4246 3400 4305 Palatina:
3457 4266 3597 4306 nova

2033 4342 2346 4390 commenta
2394 4334 2852 4407 amplexarentur,
2907 4353 3122 4394 summa
3166 4355 3291 4395 cum
3336 4341 3597 4398 lelicitate

2028 4425 2142 4498 98
2170 4426 2328 4498 quasi
2357 4426 2604 4485 secundo
2637 4440 2806 4486 vento
2845 4430 3066 4503 adiutas
3096 4442 3312 4489 nostras
3350 4449 3436 4490 res
3466 4450 3599 4505 pro-

2029 4517 2266 4575 cessisse
2312 4519 2562 4590 nihilque
2608 4521 2890 4577 contrario
2918 4524 3156 4593 quodam
3190 4523 3320 4578 ﬂatu
3363 4523 3601 4596 impedi-

356 4605 770 4678 βασιλευόμενοι
812 4604 988 4661 πλείω
1025 4604 1137 4661 τῶν
1170 4604 1564 4681 βασιλευόντων
1613 4609 1778 4682 ἡμεῖς
1825 4611 1927 4685 τὴν

2033 4618 2149 4665 tum
2191 4608 2383 4676 fuisse,
2427 4610 2524 4666 sed
2555 4611 2687 4667 licet
2721 4611 3041 4683 aliquandiu
3087 4612 3322 4670 aliorum
3364 4614 3598 4686 imperio

358 4698 514 4768 ίσχὺν
563 4697 969 4769 ικαρποὺμεθα,
1020 4698 1113 4753 καὶ
1146 4698 1208 4752 τδ
1237 4700 1337 4770 τῆς
1379 4699 1664 4773 βασιλικῆς
1713 4701 1929 4774 ἐκείνης

351 4788 515 4861 δόξης
543 4789 700 4852 κλέος
735 4787 921 4844 πλεῖον
945 4791 1078 4862 ἡμῖν
1102 4790 1134 4862 ἡ
1157 4793 1274 4855 τοῖς
1314 4791 1499 4863 ἔχουσι
1527 4794 1724 4865 περιῆν
1742 4810 1756 4825 ·
1783 4792 1928 4848 εκεί-

352 4898 464 4934 νων
492 4881 605 4952 γὰρ
639 4880 921 4952 ενομίζετο
953 4883 1043 4936 καὶ
1085 4883 1246 4954 ἡμῶν
1291 4878 1383 4955 ἡν.
1444 4882 1569 4954 Ἀφ’
1605 4883 1667 4939 οῦ
1715 4883 1777 4939 δε
1815 4885 1928 4951 τοῖς

352 4967 502 5037 ἁμαὶ
529 4967 623 5023 τὸν
648 4968 908 5040 ΠαΜμᾶν
934 4971 1195 5043 φέροντες
1225 4972 1536 5043 συμμαχεῖν
1559 4972 1709 5045 ἡμᾶς
1734 4972 1930 5039 αὑτοὺς

352 5059 738 5132 ἐδεδώκειμεν,
772 5061 917 5117 κατὰ
942 5063 1112 5130 πόδας
1136 5065 1170 5135 ἡ
1207 5064 1351 5129 τίσις
1393 5065 1559 5131 εὑθὺς
1598 5064 1883 5136 ἡκολοὺθει
1907 5083 1925 5100 ο

355 5153 539 5209 πᾶσαν
565 5154 667 5225 μὲν
696 5154 808 5226 γὰρ
851 5153 1014 5219 εὐθυς
1063 5155 1480 5226 κακοδαιμονίαν
1525 5155 1827 5228 συλλήϐδην
1852 5159 1932 5212 εί-

356 5249 481 5302 πεῖν
501 5246 929 5319 διηντλὴκαμεν“,
960 5249 1141 5303 πᾶσαν
1165 5249 1212 5303 δ’
1240 5249 1458 5321 ἐκείνην
1481 5250 1580 5322 τὴν
1600 5250 1758 5318 δόξαν
1789 5250 1930 5322 μετὰ

352 5337 451 5393 τοῦ
498 5339 734 5394 πλοὺτου
789 5340 992 5404 παντὸς
1038 5342 1169 5413 ἡμῖν
1226 5341 1662 5414 ἀποϐεϐληκέναι
1724 5339 1933 5414 ξυμπὲ-

357 5446 570 5498 πτωκε,
620 5431 873 5506 καθάπερ
920 5434 1034 5498 τοῖς
1081 5433 1553 5507 διαγρηγορήσασι
1597 5434 1667 5490 τὰ
1707 5436 1769 5490 ιν
1815 5437 1930 5501 τοῖς

359 5522 555 5587 ὑπνοις
580 5520 853 5595 ὀνείρατα.
881 5523 987 5578 Καὶ
1016 5523 1079 5577 τὸ
1107 5524 1205 5596 τῆς
1237 5524 1513 5597 βασιλείας
1545 5525 1594 5581 δ’
1635 5525 1735 5596 ὀψὲ
1768 5542 1931 5598 περι-

359 5611 701 5682 ζωσαμένοις
736 5613 936 5684 κράτος
964 5613 1153 5670 ἕπεται
1198 5614 1484 5688 δυστυχεῖν
1526 5618 1659 5690 ἡμῖν
1696 5617 1933 5691 ἀνακρά-

357 5719 476 5767 το·,
527 5698 711 5773 οἶμαι,
763 5704 852 5759 διὰ
906 5705 969 5759 τὸ
1022 5706 1099 5777 μὴ
1149 5706 1251 5780 τὴν
1315 5707 1598 5781 βασιλικὴν
1650 5711 1803 5780 ῖσχὺν
1849 5710 1932 5775 εις

356 5794 669 5864 διόρθωσιν,
701 5795 819 5850 ἀλλ’
852 5799 929 5860 si;
961 5798 1200 5870 διωγμὸν
1230 5800 1486 5855 ἐκκενοῦν
1522 5801 1633 5856 τῶν
1661 5801 1803 5873 ὑπὲρ
1831 5804 1932 5875 τῆς

364 5885 602 5958 πατρίου
628 5886 897 5956 λεγόντων
926 5891 1180 5956 πίστεως.
1202 5891 1384 5946 Ταῦτα
1419 5893 1466 5948 δ’
1498 5894 1559 5948 οὑ
1592 5894 1676 5950 σοὶ
1695 5895 1931 5968 λέγουσα

2030 4699 2268 4773 subjecti
2310 4715 2580 4765 essemus,
2627 4704 2832 4772 majore
2877 4713 3060 4761 tamen
3112 4705 3379 4777 potentia,
3431 4723 3596 4776 quam

2025 4787 2132 4861 ipsi
2175 4790 2510 4861 imperantes
2545 4792 2886 4861 iruebamur,
2917 4794 3187 4867 nobisque
3220 4798 3394 4870 gloria
3427 4798 3599 4868 impe-

2027 4883 2249 4939 ratoria:
2276 4883 2563 4955 dignitatis
2590 4886 2763 4957 major
2785 4888 3222 4959 contigit,quam
3253 4890 3454 4961 iis,qui
3477 4906 3595 4947 eam

2026 4973 2404 5047 possidebant.
2421 4975 2641 5032 Illorum
2663 4977 2811 5033 enim
2827 4980 3125 5048 putabatur
3139 4995 3260 5038 esse
3278 4981 3595 5054 imperiunm,

2027 5074 2090 5122 et
2139 5077 2392 5123 nostrum
2443 5076 2596 5125 θεαί..
2630 5067 2707 5124 Ex
2740 5085 2852 5140 quo
2894 5086 3031 5127 vero
3087 5079 3334 5143 tempore
3378 5084 3480 5131 nos
3529 5074 3601 5131 ad

2031 5160 2265 5219 Palatina:
2308 5170 2492 5232 partes
2519 5150 2907 5234 applicuimus,
2939 5181 3101 5237 paena
3129 5182 3160 5222 e
3188 5166 3417 5241 vestigio
3459 5167 3601 5224 insc-

2029 5263 2157 5310 cuta
2202 5262 2309 5310 est.
2335 5253 2532 5310 Omnia
2569 5255 2745 5323 enim,
2777 5257 3111 5314 ut’breviter
3136 5258 3338 5325 dicam,
3365 5258 3601 5315 infortu-

2031 5346 2124 5401 nia
2173 5344 2358 5402 statim
2399 5345 2808 5403 exantlavimus
2835 5388 2851 5412 ,
2905 5350 3090 5405 omnis
3130 5349 3227 5405 illa
3279 5349 3449 5421 gloria
3494 5366 3600 5405 una

2031 5454 2158 5496 cum
2190 5439 2400 5495 divitiis
2423 5440 2585 5496 nobis
2606 5438 2811 5497 excidit
2836 5424 3030 5498 eodem
3058 5443 3241 5509 modo,
3271 5458 3382 5514 quo
3406 5458 3603 5514 exper-

2032 5531 2201 5605 rectis
2227 5530 2461 5587 somnia.
2488 5530 2907 5601 lmperatoriam
2955 5533 3279 5605 dignitatem
3319 5548 3445 5589 sero
3474 5534 3601 5604 qui-

2024 5596 2156 5674 dem
2206 5619 2353 5675 nacti
2405 5619 2555 5676 omni
2593 5619 2646 5675 vi
2698 5620 3081 5676 conﬂictamur
3121 5623 3288 5678 rebus
3326 5620 3598 5686 adversis,

2033 5712 2184 5771 nulla
2211 5711 2315 5767 alia
2348 5727 2417 5767 ex
2456 5726 2642 5777 causa,
2676 5713 2896 5783 Opinor,
2928 5727 3094 5782 quam
3124 5713 3273 5784 quod
3308 5713 3603 5784 imperato-

2032 5788 2167 5859 riam
2198 5811 2522 5871 potestatem
2565 5816 2675 5856 non
2717 5802 2782 5857 ad
2823 5803 3138 5871 dogmatum
3169 5803 3599 5867 correctionem,

2033 5894 2129 5952 sed
2164 5894 2229 5949 ad
2263 5894 2700 5965 persecutionem
2737 5908 2931 5950 eorum
2958 5896 3319 5964 conferimus,
3352 5894 3449 5967 qui
3497 5908 3598 5965 pae-
