4050 6568
333 425 406 480 εἴ
1293 429 1735 492 Brzaurtm
1775 429 2161 489 HISTORle
2201 430 2340 492 LIB.
2388 431 2572 490 XXVI
3518 391 3584 482 με

337 545 489 603 παῖς,
523 539 595 593 τὰ
622 543 723 610 μὲν
755 541 903 614 δῶρα
953 543 1132 598 ἐκεῖνα
1169 547 1606 617 λῃστρικώτερον
1651 547 1918 616 διήρπασε

2055 545 2152 599 Izrc
2189 561 2274 599 res
2309 559 2503 598 rursus
2537 542 2910 597 calamitosam
2949 537 3320 591 accessionem
3362 511 3604 586 misero?

334 636 568 702 τρόπον,
603 635 710 689 τῶν
758 636 815 688 δὲ
861 637 1145 706 πρέσϐεων
1190 636 1284 700 οὓς
1337 640 1435 709 μὲν
1489 641 1811 692 ἀπέκτεινεν
1859 639 1917 706 ἐξ

337 729 558 795 ἐφόδου,
602 728 695 790 οὓς
729 729 776 782 δ’
805 729 1111 800 ἐζώγρησε.
1145 733 1254 785 Καὶ
1305 729 1371 806 ἦν
1416 732 1572 795 αὖθις
1622 734 1717 786 καὶ
1748 735 1934 787 ,τοῦτο’

341 822 635 892 προσθήκη
658 822 805 891 δεινὴ
826 825 891 892 τῇ
916 823 1024 875 τῶν
1053 824 1415 895 ταλαιπώρων
1439 825 1574 896 τύχη
1609 827 1918 894 Ῥωμαίων,

353 913 445 972 Ὠς
481 912 592 980 γὰρ
641 911 914 981 χειμῶνος
947 913 1291 986 ἐνξθαλάσσῃ
1341 915 1608 983 κυμάτων
1659 915 1926 968 ἀλλεπαλ-

340 1001 530 1072 λήλων
561 1003 786 1074 πλῆθος,
823 1003 998 1069 οὕτως
1041 1006 1169 1060 ἄλλο
1206 1005 1294 1060 ἐπ’
1325 1007 1506 1070 ἄλλοις
1534 1008 1619 1059 ἀεὶ
1647 1007 1926 1062 κάνταῦθα

344 1096 659 1163 συμπίπτει
687 1096 1011 1169 δυστύχημα
1035 1116 1049 1129 ·
1097 1100 1192 1153 καὶ
1217 1100 1349 1170 πρὶν
1380 1100 1446 1153 τὰ
1473 1100 1665 1170 πρῶτα
1692 1099 1925 1170 δυνηθῆ-

344 1205 438 1240 ναι
472 1188 802 1271 θεραπεύειν
847 1190 1119 1255 ὁπωσοῦν,
1169 1194 1196 1245 ὁ
1237 1191 1339 1262 τῆς
1392 1193 1667 1262 ἁμαρτίας
1713 1192 1926 1262 δαίμων

346 1278 611 1330 ἐπαντλεί
643 1281 710 1332 τὰ
736 1280 993 1349 δεύτερα,
1024 1281 1165 1336 κάπὶ
1195 1282 1409 1346 τούτοις
1440 1281 1508 1336 αὖ
1543 1283 1628 1336 ἀεὶ
1660 1282 1730 1334 τὰ
1756 1282 1928 1352 μείζω

349 1373 448 1445 καὶ
495 1372 718 1441 μηδαμῆ
767 1374 1211 1444 προσδοκώμενα.
1259 1376 1369 1430 Ναὶ
1421 1376 1527 1446 μὴν
1566 1377 1658 1428 καὶ
1692 1376 1790 1428 ὅσα
1819 1375 1929 1427 τῶν

350 1483 426 1515 πα
440 1469 897 1535 ρεσκευασμένων
927 1469 1142 1538 βέϐαιόν
1163 1487 1221 1522 τε
1243 1472 1338 1523 καὶ
1363 1470 1765 1540 ἀναμφίλεκτον
1785 1470 1932 1538 ἔχειν

346 1558 506 1610 δοκεῖ
527 1577 644 1621 πως
677 1558 739 1612 τὸ
779 1558 1058 1630 εῦδαιμον,
1108 1563 1204 1614 καὶ
1237 1557 1318 1625 οἷς
1349 1562 1524 1624 οὐδεὶς
1573 1561 1682 1613 οὐδ’
1709 1561 1932 1614 ὁθενοῦν

349 1651 466 1702 οὐδ’
499 1653 680 1707 ὁτιοῦν
704 1653 816 1721 ἔχει
852 1654 1184 1723 μέμφεσθαι,
1228 1653 1396 1708 ἕωθεν
1433 1656 1490 1717 ἐς
1525 1655 1764 1724 ἑσπέραν
1798 1655 1930 1707 ἁνα-

347 1744 676 1826 τξεπόμενα
703 1745 883 1798 πάντα
915 1748 1113 1810 κεῖται,
1141 1748 1234 1799 καὶ
1268 1748 1324 1810 ἐς
1353 1748 1666 1801 τούναντίον
1700 1765 1934 1817 περιχω-

353 1835 463 1900 ρεῖ,
487 1833 585 1885 καὶ
617 1835 792 1904 ῥᾷστα
817 1835 896 1906 τῷ
921 1835 1022 1905 τῆς
1050 1835 1328 1907 ἁμαρτίας
1352 1836 1672 1906 περιτρέπει
1693 1838 1928 1906 δαίμονι,

352 1926 416 1988 ἐξ
459 1897 1321 1997 αὐτῶνὰπηρτισμεναπελέως
1359 1897 1534 1982 εἰπεῖν
1573 1897 1931 2000 ἁρπαζόμενοι
1966 1897 2004 1948 Β

350 2019 466 2069 τῶν
501 2020 725 2088 χειρῶν.
771 2023 882 2074 Καὶ
911 2022 999 2075 ἀεὶ
1034 2020 1257 2082 πλείους
1291 2022 1388 2074 καὶ
1421 2023 1702 2092 κρείττους
1734 2035 1940 2091 κεκτη-

359 2111 519 2177 μένοι
548 2113 882 2184 πολλαχόθεν
912 2115 1013 2178 τὰς
1045 2115 1301 2185 ἀφορμὰς
1338 2114 1450 2168 τῶν
1482 2114 1734 2184 μαχίμων
1765 2132 1942 2184 ταρα-

358 2203 600 2270 σκευῶν,
645 2205 846 2275 ἥττους
891 2207 949 2260 ἐν
988 2209 1103 2270 τοῖς
1150 2206 1388 2278 καιρίοις
1431 2207 1690 2260 ἑκάστοτε
1746 2208 1942 2283 μακρῷ

356 2294 473 2344 τῶν
497 2294 776 2365 πολεμίων
803 2296 1063 2367 ἐξαίφνης
1091 2297 1397 2368 φαινόμεθα
1414 2311 1429 2328 ⁸
1451 2297 1546 2349 καὶ
1565 2299 1652 2351 ἀεὶ
1680 2298 1943 2367 γέμοντες

356 2385 599 2437 ἐλπίδων
632 2387 908 2458 χρηστῶν,
942 2390 1027 2442 ἀεὶ
1061 2391 1291 2461 μακρῶν
1321 2391 1422 2444 οὐκ
1447 2393 1528 2454 είς
1558 2392 1776 2462 μακρὰν
1808 2394 1944 2444 ἀπο-

357 2476 628 2540 γνώσεων
647 2481 776 2542 τοὺς
812 2483 870 2534 ὲν
913 2483 1058 2535 τέλει
1102 2482 1393 2553 τρυγῶμεν
1429 2485 1695 2550 καρπούς.
1740 2487 1804 2538 Ὃ
1851 2489 1944 2538 καὶ

364 2571 595 2640 μακρὰς
643 2573 960 2642 περιίστησί
1010 2593 1099 2646 μοι
1143 2577 1244 2639 τὰς
1295 2577 1551 2645 ἀπορίας,
1603 2579 1697 2630 καὶ
1731 2577 1945 2642 πολλοῖς

362 2665 462 2715 καὶ
497 2665 646 2733 μάλα
674 2667 894 2731 ἀτόποις
919 2670 1237 2740 περικλύζει
1269 2674 1381 2735 τοῖς
1406 2671 1655 2725 ἐντεῦθεν
1681 2672 1942 2740 κύμασιν,

361 2756 443 2819 ὡς
481 2758 618 2826 μηδὲ
649 2761 751 2830 τὴν
786 2761 1034 2830 γλῶτταν
1083 2762 1164 2818 ἔτι
1204 2766 1392 2836 πρόσω
1441 2765 1706 2820 δύνασθαι
1751 2769 1946 2831 κινεῖν,

363 2848 614 2917 χείροσιν
644 2850 734 2904 ἀεὶ
763 2851 1098 2924 διηγήμασιν
1124 2855 1589 2924 ἐντυγχάνουσαν.
1626 2858 1732 2910 Καὶ
1771 2859 1837 2924 ἦν
1873 2859 1946 2928 μὴ

370 2937 440 2990 σύ
477 2956 570 3008 μοι
610 2938 817 3007 λύσαις,
860 2943 1188 3016 Ἀσκληπιός
1233 2963 1317 3008 τις
1359 2947 1451 3000 καὶ
1481 2947 1542 3020 [il
1590 2949 1690 3003 H9
1743 2949 1794 3020 ὁ]
1841 2949 1949 3002 Ἱπο

301 3083 304 3085 .
368 3033 659 3135 πρκρατης
713 3035 916 3088 οὑτωσί
967 3053 1085 3099 πως
1137 3041 1424 3112 καμνούσῃ
1475 3043 1665 3110 φανεὶς
1715 3042 1946 3115 διανοίᾳ,

369 3124 478 3173 οὐκ
515 3125 582 3174 ἂν
626 3129 750 3193 ἐμοὶ
778 3128 890 3180 τῶν
922 3131 1121 3200 ἐφεξῆς
1151 3101 1298 3204 ἐνείη
1344 3101 1527 3202 λέγείν
1569 3101 1800 3206 οὐδαμῆ,
1835 3101 1950 3189 eo"

2029 655 2148 692 rum
2183 639 2558 692 Romanorum
2595 633 2829 689 fortunae
2864 631 3132 701 adjunxit.
3167 628 3236 684 Ut
3271 629 3415 682 enim
3455 636 3590 679 lem-

2025 739 2236 802 pestate
2259 729 2311 784 in
2337 728 2471 781 mari
2499 737 2684 781 coorta
2713 726 2975 778 [luctuum
2998 721 3227 774 aliorum
3257 732 3424 786 super
3455 718 3592 768 alios

2025 830 2475 880 coacervatorum
2525 819 2812 882 cumulus,
2848 818 2920 872 ita
2950 813 3116 870 etiam
3155 813 3241 866 hic
3276 813 3392 866 alite
3427 825 3594 878 super

2027 915 2164 969 alias
2197 913 2380 968 clades
2410 911 2691 966 accidunt.
2723 909 2920 976 Atque.
2952 907 3104 976 101
3140 905 3454 975 priusquam
3487 916 3594 953 una

2028 1001 2212 1076 aliqua
2258 1022 2323 1061 ex
2380 1015 2536 1074 parte
2582 1002 2772 1060 sarciri
2821 998 3027 1068 possit,
3073 999 3184 1069 jam
3236 1002 3592 1064 peccatorum

2027 1099 2223 1170 genius
2250 1099 2446 1151 vindex
2477 1097 2704 1150 alteram
2725 1091 2976 1158 cil‘undit,
3005 1099 3060 1144 et
3089 1089 3206 1144 alite
3238 1087 3401 1140 etiam
3425 1083 3596 1151 majo—

2031 1206 2122 1246 res
2171 1203 2398 1260 prorsus
2442 1187 2728 1257 inopinato
2777 1191 3109 1252 sequuntur.
3161 1181 3337 1248 Atque
3383 1174 3600 1230 meher-

2031 1283 2152 1337 cole
2207 1283 2370 1337 etiam
2425 1295 2490 1335 ea
2541 1280 2824 1337 instituta,
2875 1291 2995 1345 qum
3041 1281 3248 1328 certam
3299 1267 3595 1339 quamdam

2034 1384 2200 1444 atque
2257 1371 2626 1426 indubitatam
2683 1369 2998 1423 felicitatem
3052 1365 3258 1418 habere
3309 1359 3601 1415 vidcantur

2034 1481 2267 1536 qumque
2304 1479 2468 1518 nemo
2501 1462 2607 1516 ulla
2638 1477 2703 1515 ex
2743 1474 2911 1515 causa
2948 1457 3034 1512 vel
3071 1455 3181 1511 ulla
3229 1454 3283 1507 in
3327 1460 3483 1522 parte
3518 1447 3602 1500 vi—

2035 1569 2291 1625 tuperare
2341 1564 2544 1624 queat,
2591 1567 2654 1607 ea
2701 1571 2729 1606 a
2775 1565 2933 1604 mane
2982 1563 3157 1618 usque
3200 1545 3266 1599 ad
3314 1553 3604 1609 vesperam

2035 1649 2197 1719 plane
2253 1657 2677 1708 convertuntur,
2734 1645 2788 1697 in
2843 1639 3173 1698 contrariam
3226 1633 3602 1689 conditionem

2036 1741 2521 1809 circumaguntur,
2555 1736 2812 1792 facillime
2841 1751 2868 1788 a
2900 1732 3062 1802 genio
3097 1736 3452 1800 peccatorum
3483 1723 3605 1775 vin-

2038 1829 2160 1885 dice
2197 1829 2590 1885 convellnntur
2622 1836 2672 1882 et
2699 1871 2713 1892 ,
2752 1824 3004 1896 quamvis
3037 1822 3171 1891 ipsis
3206 1817 3494 1878 manibus,
3547 1823 3606 1866 ut

2037 1925 2113 1978 ita
2158 1923 2375 1985 dicam,
2419 1919 2820 1989 comprehensa
2870 1923 3185 1978 teneantur,
3233 1921 3414 1964 tamen
3460 1907 3608 1961 abri-

2040 2015 2287 2085 piuntur.
2321 2013 2475 2068 Licet
2507 2021 2688 2066 autem
2723 2011 2778 2064 in
2812 2010 2930 2063 dies
2963 2007 3199 2078 majores
3232 2012 3396 2072 atque
3421 1999 3610 2054 melio-

2041 2121 2128 2161 res
2194 2105 2319 2160 belli
2379 2114 2675 2174 apparatus
2752 2099 2988 2156 faciendi
3049 2094 3516 2168 opportunitatem
3579 2107 3609 2143 a

2045 2199 2232 2255 multis
2285 2199 2536 2269 partibus
2585 2189 2995 2255 nanciscamur,
3047 2205 3264 2260 semper
3320 2197 3503 2242 tamen
3556 2186 3610 2238 in

2045 2293 2409 2347 maximarum
2441 2304 2627 2344 rerum
2660 2285 2955 2340 momentis
2981 2281 3235 2336 hostibus
3264 2278 3438 2332 multo
3470 2274 3611 2329 inle~

2047 2387 2224 2440 riores
2250 2400 2314 2438 ex
2352 2381 2650 2451 improviso
2675 2389 3026 2448 apparetnus,
3057 2383 3383 2440 semperque
3408 2366 3614 2438 optima

2047 2478 2238 2546 repleti
2275 2490 2371 2545 spe
2402 2487 2681 2542 nunquam
2717 2486 2825 2525 non
2859 2467 3011 2523 brevi
3045 2467 3229 2534 elapso
3267 2474 3513 2530 tempore
3545 2458 3613 2512 ad

2047 2582 2352 2626 extremum
2389 2579 2613 2636 magnas
2649 2559 3073 2631 desperationes
3108 2555 3261 2626 quasi
3300 2551 3614 2607 nostrarum

2049 2664 2329 2718 actionum
2375 2659 2589 2714 fructus
2633 2653 2988 2726 percipimus.
3035 2651 3150 2705 lloc
3185 2661 3437 2717 magnam
3481 2644 3616 2698 mihi

2053 2757 2232 2824 injicit
2263 2752 2481 2810 consilii
2514 2750 2755 2819 inopiam
2789 2746 3083 2814 multisque
3116 2759 3200 2797 me
3234 2757 3299 2796 ac
3333 2739 3488 2794 miris
3516 2737 3621 2791 llu-

2051 2850 2234 2905 ctibus
2263 2842 2694 2906 circumfundit,
2726 2849 2786 2894 ut
2830 2853 2898 2892 nc
2947 2837 3186 2906 linguam
3234 2833 3458 2903 quidem
3504 2844 3622 2883 am-

2053 2941 2198 3012 plius
2232 2937 2436 3006 possim
2475 2947 2695 2988 movere
2717 2972 2731 2996 ,
2768 2929 2972 3000 qua-in
3006 2927 3221 2996 pejores
3251 2924 3306 2976 in
3344 2921 3463 2975 dies
3497 2935 3623 2972 nar-

2056 3037 2300 3091 rationes
2325 3029 2553 3085 incidat.
2585 3027 2759 3092 Quam
2791 3025 2894 3078 nisi
2921 3030 2977 3075 tu
3009 3021 3186 3075 sochs
3210 3026 3265 3072 et
3291 3014 3459 3069 veluti
3487 3013 3626 3066 alter

2055 3131 2342 3198 Asclepios
2390 3134 2444 3180 et
2487 3121 2850 3192 Hippocrates
2896 3115 2964 3170 ad
3015 3117 3258 3168 animum
3310 3123 3491 3162 meum
3545 3106 3626 3159 sic

371 3214 612 3270 ἐνταῦθα
646 3218 709 3288 δή
745 3237 810 3287 με
840 3223 948 3274 τῶν
989 3225 1234 3296 ἀποριῶν
1262 3227 1317 3280 at
1354 3229 1636 3299 φάραγγές
1666 3203 1722 3282 τε
1759 3203 1853 3282 καὶ
1888 3233 1951 3286 τὰ

2060 3227 2422 3290 a-grotantem
2460 3213 2725 3272 accedes.
2764 3226 2871 3263 non
2908 3207 3023 3261 fieri
3077 3203 3304 3275 poterit,
3357 3210 3453 3264 ut,
3503 3212 3627 3266 qua:

370 3305 569 3376 ἐνέδρα
604 3312 773 3377 φάναι
799 3312 891 3366 τὸν
923 3314 1065 3368 οὕτω
1091 3317 1442 3389 ταλαίπωρον
1479 3321 1692 3391 κάμψαι
1732 3321 1952 3388 βιάσον-

371 3413 468 3449 ται
502 3397 704 3469 δρόμον
735 3404 846 3458 τῶν
889 3405 1088 3471 λόγων,
1124 3412 1248 3478 πρὶν
1299 3411 1410 3465 τῶν
1452 3413 1642 3466 δεινῶν
1684 3415 1954 3467 ἐπιθεῖναι

370 3491 444 3596 E’z
479 3491 678 3596 μείζω.
709 3496 877 3596 ιᾋγε-
895 3497 960 3568 δὴ
1009 3499 1122 3563 οῦν,
1165 3501 1287 3570 ἄγε,
1336 3503 1463 3573 φίλη
1504 3521 1593 3573 μοι
1632 3504 1863 3572 κεφαλὴ,
1895 3506 1956 3559 τὸ

371 3583 573 3689 δρὶκοῦν
601 3588 729 3689 περὶ
753 3581 828 3642 ὧν
849 3588 918 3642 ἂν
947 3592 1198 3663 ἐροίμην,
1222 3595 1511 3664 ἀπόκριναι
1541 3599 1603 3649 σὺ
1631 3597 1766 3667 πρὸς
1795 3597 1953 3655 θεοῦ.

376 3675 520 3780 Firth
552 3678 671 3743 πῶς
705 3682 919 3780 πολλῶν
950 3687 1043 3738 κάι
1085 3688 1446 3742 παντοδαπῶν
1487 3690 1614 3744 κατ’
1651 3691 1830 3745 ἄλλοτ’
1861 3693 1957 3747 ἄλ-

380 3773 509 3881 λρυς
545 3773 776 3876 tut-poi);
802 3775 1162 3846 ἁμαρτόντων
1201 3781 1484 3851 ἀρχόντων
1517 3784 1610 3836 καὶ
1647 3783 1958 3853 ἡγεμόνων,

379 3865 443 3914 ού
493 3865 728 3920 τοσαῦτα
783 3869 880 3922 καὶ
931 3871 992 3923 τὸ
1045 3873 1284 3943 ὑπήκοον
1340 3876 1438 3929 ὅσα
1493 3875 1588 3930 νῦν
1629 3877 1958 3932 πεπονθέναι

385 3958 785 4025 συμπέπτωκε,
842 3965 1013 4034 μικρὰ
1043 3965 1088 4018 δ’
1135 3963 1229 4020 οὖν
1278 3967 1309 4038 ἢ
1370 3969 1544 4024 οὐδέν.
1578 3970 1811 4024 Ἔπειτα
1845 3969 1960 4033 πῶς

381 4052 497 4102 τῶν
527 4055 806 4123 ἀρχόντων
839 4057 1059 4130 ἐξουσία
1093 4059 1162 4113 τὰ
1194 4061 1445 4130 χείριστα
1476 4062 1747 4132 δρώντων,
1780 4061 1960 4117 αὐτῶν

388 4140 493 4209 μὲν
519 4143 634 4206 τοῖς
672 4145 915 4199 πλείοσιν
958 4149 1159 4219 ⁴ἥκιστα
1208 4151 1440 4222 πάσχειν
1489 4153 1797 4221 συμϐαίνει,
1832 4155 1963 4222 6,96-

385 4233 495 4301 δρα
529 4233 575 4288 δ’
615 4234 710 4288 οὖν
753 4240 867 4301 τοῖς
908 4239 1189 4311 ὑπηκόοις,
1225 4244 1318 4295 καὶ
1366 4243 1522 4297 ταῦθ’
1560 4245 1634 4306 ὡς
1685 4248 1747 4298 τὰ
1793 4244 1962 4298 πολλὰ

387 4327 503 4388 τοῖς
530 4327 738 4380 πλείοσι
762 4327 861 4398 τὴν
899 4329 1006 4382 τῶν
1043 4332 1322 4401 ἀρχόντων
1357 4333 1578 4385 ἐκείνων
1609 4333 1967 4404 βδελυττομέ-

389 4435 504 4480 νοις
528 4419 632 4485 μὲν
659 4421 880 4489 κακίαν,
911 4423 1000 4477 διὰ
1021 4424 1078 4478 δὲ
1103 4425 1265 4493 εξόὸον
1290 4425 1572 4496 φρίττουσί
1599 4441 1654 4478 τε
1686 4426 1778 4479 καὶ
1799 4442 1967 4480 κατα-

387 4514 695 4585 δυομένοις.

389 4626 592 4665 eorum
645 4612 822 4684 major
902 4626 1030 4680 pars

391 4704 600 4761 Cedat?

1121 4612 1531 4683 improbitatem
1617 4610 1929 4680 principum

2057 3323 2392 3383 sequuntur,
2439 3307 2539 3364 tibi
2583 3319 2840 3361 enarrem
2865 3341 2878 3363 .
2916 3299 3010 3354 sed
3049 3296 3431 3351 u‘iolcstiarum
3468 3307 3627 3344 vora-

2064 3408 2220 3478 gines
2254 3414 2310 3458 et
2342 3401 2556 3457 insidize
2582 3439 2595 3462 ,
2631 3407 2691 3452 ut
2722 3398 2796 3450 ita
2830 3395 3007 3449 dicam
3032 3435 3045 3456 ,
3078 3392 3369 3444 verborum
3403 3399 3627 3440 cursum

2062 3507 2170 3555 tam
2208 3500 2468 3551 miserum
2506 3494 2664 3547 linire
2703 3505 2787 3544 me
2816 3496 3048 3558 cogent,
3081 3485 3399 3554 priusqaum
3441 3491 3626 3532 rerum

2063 3589 2412 3646 horribilium
2464 3585 2746 3641 cumulum
2797 3578 3126 3636 addiderim.
3171 3573 3415 3644 Agedum
3441 3610 3454 3633 ,
3492 3584 3588 3639 :igc
3614 3608 3628 3631 ,
3669 3638 3671 3640 η

2063 3682 2482 3740 dilectissimum
2519 3677 2652 3732 mihi
2688 3683 2853 3744 caput
2877 3714 2891 3737 ,
2932 3682 3076 3726 tuam
3113 3668 3270 3738 102
3298 3663 3630 3719 sententiain

2064 3780 2131 3834 de
2165 3793 2252 3840 eo,
2285 3774 2431 3846 quod
2468 3779 2763 3840 rogaturus
2792 3768 2918 3831 sim,
2951 3781 3042 3835 per
3075 3763 3245 3816 Deum
3275 3757 3407 3813 mihi
3438 3770 3636 3824 expro-

2069 3885 2186 3924 mas
2222 3879 2430 3938 quaeso.
2473 3862 2566 3916 Dic
2599 3860 2758 3923 mihi,
2795 3857 2887 3928 qui
2920 3856 3044 3917 iiat,
3079 3860 3160 3917 ut,
3206 3842 3330 3904 cum
3359 3847 3636 3918 principes

2068 3973 2233 4030 atque
2283 3958 2453 4014 duces
2501 3951 2663 4008 multi
2705 3961 2758 4004 et
2792 3948 2928 4002 varii
2959 3988 2973 4013 ,
3009 3945 3102 3999 alii
3134 3943 3254 3996 aliis
3290 3938 3636 4009 temporibus

2072 4055 2282 4111 scelera
2329 4048 2745 4110 commiserint,
2795 4055 2987 4096 eorum
3032 4036 3267 4107 subjecti
3311 4049 3418 4088 non
3469 4029 3638 4087 tantis

2072 4150 2227 4203 malis
2261 4159 2502 4215 unquam
2548 4140 2727 4196 allecti
2775 4137 2918 4198 sint,
2950 4130 3169 4202 quantis
3211 4142 3359 4182 nunc
3391 4125 3640 4180 alliciun-

2074 4250 2184 4303 tur,
2219 4237 2313 4293 sed
2343 4235 2529 4306 parvis
2559 4233 2643 4286 vel
2689 4229 2894 4292 nullis;
2940 4223 3142 4278 deinde
3185 4221 3274 4275 dic
3321 4218 3494 4281 milii,
3542 4215 3636 4284 qui

2075 4333 2202 4398 ﬁat,
2253 4339 2314 4384 ut
2371 4326 2690 4397 principes,
2741 4332 3056 4390 quanquam
3107 4313 3343 4384 pessima
3393 4310 3640 4364 facinora

2077 4428 2423 4496 perpetrant,
2463 4419 2564 4489 ipsi
2608 4416 2932 4487 plerumque
2976 4403 3230 4464 minimas
3277 4405 3461 4459 clades
3505 4401 3639 4454 sub-

2076 4524 2235 4580 eant,
2305 4513 2570 4566 maxiiuas
2619 4517 2802 4560 autem
2865 4516 3055 4558 eorum
3102 4497 3350 4558 subditi,
3391 4489 3645 4564 quamvis

2022 4607 2394 4668 abominetur,
2461 4604 2656 4654 timore
2717 4605 2899 4650 autem
2952 4592 3248 4646 cohorreat
3306 4596 3474 4655 atque
3536 4583 3645 4636 illis

471 4806 588 4872 IG".
623 4808 732 4860 Καὶ
763 4806 850 4868 τίς
897 4804 1030 4859 Θεοῦ
1079 4805 1321 4876 κρίματα
1369 4803 1574 4857 δύναιτ’
1613 4804 1678 4856 διν
1724 4803 1946 4874 ἐρευνᾷν

2146 4797 2286 4852 XVI.
2331 4795 2504 4861 Quis,
2568 4787 2925 4844 dilectissime
2990 4780 3397 4852 Agatliangele,
3438 4776 3646 4846 judicia

404 4897 782 4966 Ἀγαθάγγελε
817 4899 1075 4966 (pilantes;
1125 4899 1184 4952 El
1220 4897 1318 4968 μὲν
1349 4900 1456 4968 γὰρ
1486 4895 1734 4966 ἀλληλοις
1769 4893 1836 4964 ἦν
1881 4896 1974 4948 ἁλ-

391 4993 578 5062 λή)ων
606 4991 878 5062 γνώριμα,
913 4994 1004 5045 καὶ
1039 4993 1175 5045 πᾶσι
1227 4992 1442 5044 πάντων
1486 4993 1637 5052 ἴσως,
1663 4989 1837 5042 ὁπόσα
1867 4985 1972 5056 duo

393 5088 526 5154 χαῖς
567 5084 865 5154 ἀπόρρητα
904 5083 1297 5154 Θαλαμεύεται,
1339 5080 1484 5153 εἶχεν
1535 5084 1600 5136 ἂν
1652 5081 1799 5143 ὅπως
1845 5079 1974 5132 ποτέ

393 5193 488 5238 τις
530 5176 651 5246 μεθ’
682 5175 1148 5248 όποιασδηποτοῦν
1206 5176 1306 5245 τῆς
1365 5174 1590 5243 γνώμης
1643 5174 1710 5226 τὰ
1760 5173 1976 5244 ἑκάστῳ

393 5271 660 5338 γινόμενα
707 5267 862 5331 εἰδὼς
904 5268 1279 5335 ἀκαπήλευτον
1321 5267 1575 5334 ἐκφέρειν
1605 5265 1828 5336 κρίσιν.
1862 5265 1974 5319 Νῐν

391 5359 444 5411 δ’
469 5359 688 5428 ὁρῶμεν
711 5360 784 5438 ᾡς
815 5360 924 5413 οὐδ’
947 5357 1105 5420 αὑτός
1125 5377 1206 5420 τις
1239 5358 1467 5419 ἕκαστος
1491 5357 1691 5410 δύναιτ’
1712 5354 1775 5408 ἂν
1799 5353 1974 5425 ἑαυτῷ

399 5453 640 5522 συνορᾷν
671 5453 1055 5521 ἁμαρτάνοντι,
1106 5452 1188 5504 ὅτι
1229 5468 1287 5504 τε
1327 5450 1560 5522 μάλιστα
1595 5449 1812 5501 πάντων
1843 5449 1974 5515 περὶ

400 5543 600 5596 ἑαυτὸν
635 5544 1036 5612 ἐκτετύφλωται
1072 5545 1305 5615 μάλιστα
1341 5543 1556 5595 πάντων
1587 5539 1764 5611 ἑαυτῷ
1796 5539 1978 5608 φιλού-

401 5649 591 5701 μενον,
625 5635 718 5685 καὶ
748 5633 823 5686 ὅθ’
855 5633 1054 5701 ἥκιστα
1093 5627 1234 5685 οἶδεν
1267 5634 1313 5684 εξ
1353 5631 1444 5682 τοῦ
1481 5631 1670 5700 χρόνου
1702 5630 1912 5700 ῥέοντος
1943 5629 1975 5700 ἡ

402 5729 576 5780 κακία
607 5726 1007 5796 ποσὶνὰδηὶοις
1038 5725 1416 5796 ἐπιδραμοῦσα
1444 5725 1766 5792 δαπανήσει,
1798 5723 1980 5776 κύϐων

403 5821 562 5890 δίκην
590 5819 886 5888 μεταθείσα
913 5817 1126 5870 σύνεσιν
1154 5817 1322 5886 αὐτῷ,
1352 5819 1445 5869 καὶ
1485 5816 1796 5869 τούναντίον
1825 5811 1981 5878 αὖθις

403 5917 438 5985 ἦ
475 5931 534 5980 γε
566 5915 630 5984 τῇ
667 5914 833 5983 κ;.κῖα
864 5912 1148 5981 μαχομένη
1183 5912 1338 5979 φύσις
1373 5907 1635 5976 sig/allati.
1679 5908 1736 5961 Εἰ
1761 5907 1815 5961 δὲ
1838 5905 1984 5961 τοῦθ’

2075 4891 2168 4946 Dei
2205 4890 2376 4960 possit
2401 4882 2711 4954 indagare?
2741 4880 2799 4934 Si
2831 4879 2976 4934 enim
3009 4877 3149 4931 alter
3178 4873 3404 4929 alterius
3447 4879 3503 4924 et
3533 4884 3647 4923 on;-

2076 5001 2173 5039 ncs
2211 4983 2420 5053 pariter
2449 4979 2697 5034 omnium
2727 4989 2926 5028 arcana
2959 4971 3187 5026 consilia
3210 5011 3224 5034 ,
3257 4981 3379 5038 qua:
3431 4965 3485 5016 in
3530 4963 3649 5014 aui-

2079 5076 2181 5130 mis
2222 5081 2594 5135 reservantur,
2631 5067 2848 5137 cognita
2901 5065 3204 5126 haberent,
3255 5073 3381 5114 cum
3435 5056 3650 5110 ratione.

2077 5169 2313 5239 quadam
2371 5164 2572 5234 aliquis
2620 5160 3057 5229 uniuscujusque
3101 5149 3384 5209 actionum
3435 5151 3649 5220 peritus

2083 5263 2461 5328 ineorruptum
2502 5254 2773 5324 judicium
2823 5251 3000 5306 facere
3030 5257 3231 5320 posset.
3271 5244 3426 5299 Nunc
3467 5249 3649 5294 autem

2083 5339 2511 5419 \idemus,_non
2545 5363 2644 5403 sua
2684 5357 2961 5416 quemque
3007 5341 3182 5412 ipsius
3225 5346 3447 5407 peccata
3491 5348 3651 5404 posse

2078 5456 2418 5515 Cognoscere
2462 5451 2754 5511 pr0pterca
2795 5437 2942 5507 quod
2977 5433 3045 5488 de
3091 5446 3151 5486 se
3202 5429 3440 5499 quisque
3472 5427 3540 5479 ob
3572 5425 3653 5478 ni—

2083 5538 2253 5593 mium
2291 5533 2378 5591 sui
2410 5541 2652 5588 amorem
2699 5531 2934 5584 maxime
2983 5525 3293 5579 obcrccatus
3339 5527 3424 5574 est
3471 5532 3653 5587 neque

2083 5631 2189 5686 scit
2211 5671 2225 5696 ,
2257 5643 2388 5682 num
2424 5625 2567 5680 forte
2598 5623 2820 5678 labente
2855 5631 3102 5687 tempore
3151 5612 3481 5684 improbitas
3512 5611 3654 5680 pede

2085 5722 2326 5775 obscuro
2359 5727 2613 5786 aggressa
2641 5712 2797 5784 quasi
2830 5721 3068 5763 tesseras
3097 5705 3266 5760 animi
3301 5703 3653 5772 prudentiam

2088 5820 2367 5868 nmtatura
2399 5815 2456 5863 et
2485 5807 2844 5873 absumptura
2894 5801 3000 5866 sit,
3034 5799 3253 5856 bonitas
3285 5811 3421 5862 vero
3452 5794 3658 5863 impro-

2089 5904 2242 5961 bitati
2275 5915 2587 5974 repugnans
2614 5914 2680 5952 ex
2713 5895 2994 5952 contrario
3025 5907 3218 5949 rursus
3246 5891 3530 5948 iuccssura
3563 5887 3656 5944 sit.
