  <div class='ocr_page' id='page_1' title='image "/cluster/home/n/w/nwhite01/storage/ocr_20150623/149/hvd.32044019208370/051.png"; bbox 0 0 4050 6622; ppageno 0'>
   <div class='ocr_carea' id='block_1_1' title="bbox 452 370 3714 478">
    <p class='ocr_par' dir='ltr' id='par_1_1' title="bbox 452 370 3714 478">
     <span class='ocr_line' id='line_1_1' title="bbox 452 370 3714 478; baseline 0.004 -7"><span class='ocrx_word' id='word_1_1' title='bbox 452 402 528 471; x_wconf 81' lang='grc'><strong>87</strong></span> <span class='ocrx_word' id='word_1_2' title='bbox 1660 408 2083 474; x_wconf 77' lang='lat' dir='ltr'><strong>NICEPHORI</strong></span> <span class='ocrx_word' id='word_1_3' title='bbox 2120 413 2507 478; x_wconf 58' lang='lat' dir='ltr'><strong>enseonzs</strong></span> <span class='ocrx_word' id='word_1_4' title='bbox 3214 370 3215 373; x_wconf 4' lang='grc' dir='ltr'>γ</span> <span class='ocrx_word' id='word_1_5' title='bbox 3638 406 3714 470; x_wconf 83' lang='lat'><strong>88</strong></span> 
     </span>
    </p>
   </div>
   <div class='ocr_carea' id='block_1_2' title="bbox 453 506 2028 602">
    <p class='ocr_par' dir='ltr' id='par_1_2' title="bbox 453 506 2028 589">
     <span class='ocr_line' id='line_1_2' title="bbox 453 506 2028 589; baseline 0.007 -17"><span class='ocrx_word' id='word_1_6' title='bbox 453 516 513 573; x_wconf 86' lang='lat' dir='ltr'><strong>Si</strong></span> <span class='ocrx_word' id='word_1_7' title='bbox 570 518 678 589; x_wconf 82' lang='lat' dir='ltr'><strong>hoc</strong></span> <span class='ocrx_word' id='word_1_8' title='bbox 731 519 804 579; x_wconf 86' lang='lat' dir='ltr'><strong>ita</strong></span> <span class='ocrx_word' id='word_1_9' title='bbox 835 528 958 587; x_wconf 86' lang='lat' dir='ltr'><strong>est,</strong></span> <span class='ocrx_word' id='word_1_10' title='bbox 995 506 1229 578; x_wconf 83' lang='lat' dir='ltr'><strong>multum</strong></span> <span class='ocrx_word' id='word_1_11' title='bbox 1259 520 1436 586; x_wconf 75' lang='lat' dir='ltr'><strong>aberit</strong></span> <span class='ocrx_word' id='word_1_12' title='bbox 1462 563 1478 587; x_wconf 90' lang='lat'><strong>,</strong></span> <span class='ocrx_word' id='word_1_13' title='bbox 1511 533 1571 580; x_wconf 92' lang='lat' dir='ltr'><strong>ut</strong></span> <span class='ocrx_word' id='word_1_14' title='bbox 1599 524 1836 581; x_wconf 88' lang='lat' dir='ltr'><strong>alterum</strong></span> <span class='ocrx_word' id='word_1_15' title='bbox 1890 526 2028 583; x_wconf 85' lang='lat' dir='ltr'><strong>alter</strong></span> 
     </span>
    </p>
   </div>
   <div class='ocr_carea' id='block_1_3' title="bbox 2131 506 3716 602">
    <p class='ocr_par' dir='ltr' id='par_1_3' title="bbox 2132 524 3716 602">
     <span class='ocr_line' id='line_1_3' title="bbox 2132 524 3716 602; baseline -0.004 -19"><span class='ocrx_word' id='word_1_16' title='bbox 2132 530 2298 599; x_wconf 81' lang='grc' dir='ltr'>οὕτω,</span> <span class='ocrx_word' id='word_1_17' title='bbox 2344 529 2543 585; x_wconf 86' lang='grc' dir='ltr'>πολλοῦ</span> <span class='ocrx_word' id='word_1_18' title='bbox 2594 530 2745 602; x_wconf 81' lang='grc' dir='ltr'>μέντ’</span> <span class='ocrx_word' id='word_1_19' title='bbox 2772 528 2839 585; x_wconf 74' lang='grc' dir='ltr'><strong>ἃν</strong></span> <span class='ocrx_word' id='word_1_20' title='bbox 2880 529 3091 599; x_wconf 63' lang='grc' dir='ltr'>δεήσειε</span> <span class='ocrx_word' id='word_1_21' title='bbox 3134 528 3202 583; x_wconf 68' lang='grc' dir='ltr'><strong>τὰ</strong></span> <span class='ocrx_word' id='word_1_22' title='bbox 3242 527 3442 598; x_wconf 72' lang='grc' dir='ltr'>ἑτέρων</span> <span class='ocrx_word' id='word_1_23' title='bbox 3483 524 3716 595; x_wconf 72' lang='grc' dir='ltr'>ἑτέρους</span> 
     </span>
    </p>
   </div>
   <div class='ocr_carea' id='block_1_4' title="bbox 454 609 2028 679">
    <p class='ocr_par' dir='ltr' id='par_1_4' title="bbox 454 609 2028 679">
     <span class='ocr_line' id='line_1_4' title="bbox 454 609 2028 679; baseline 0.008 -18"><span class='ocrx_word' id='word_1_24' title='bbox 454 609 774 679; x_wconf 81' lang='lat' dir='ltr'><strong>perspiciat.</strong></span> <span class='ocrx_word' id='word_1_25' title='bbox 812 612 922 669; x_wconf 89' lang='lat' dir='ltr'><strong>Deo</strong></span> <span class='ocrx_word' id='word_1_26' title='bbox 949 615 1096 669; x_wconf 91' lang='lat' dir='ltr'><strong>enim</strong></span> <span class='ocrx_word' id='word_1_27' title='bbox 1130 614 1235 670; x_wconf 87' lang='lat' dir='ltr'><strong>soli</strong></span> <span class='ocrx_word' id='word_1_28' title='bbox 1270 614 1375 671; x_wconf 88' lang='lat' dir='ltr'><strong>hoc</strong></span> <span class='ocrx_word' id='word_1_29' title='bbox 1397 616 1740 674; x_wconf 89' lang='lat' dir='ltr'><strong>inaccessum</strong></span> <span class='ocrx_word' id='word_1_30' title='bbox 1774 627 2028 674; x_wconf 75' lang='lat' dir='ltr'><strong>servatur</strong></span> 
     </span>
    </p>
   </div>
   <div class='ocr_carea' id='block_1_5' title="bbox 455 703 2028 782">
    <p class='ocr_par' dir='ltr' id='par_1_5' title="bbox 455 703 2028 782">
     <span class='ocr_line' id='line_1_5' title="bbox 455 703 2028 782; baseline 0.008 -29"><span class='ocrx_word' id='word_1_31' title='bbox 455 710 623 768; x_wconf 82' lang='lat' dir='ltr'><strong>atque</strong></span> <span class='ocrx_word' id='word_1_32' title='bbox 656 703 888 773; x_wconf 75' lang='lat' dir='ltr'><strong>regitur.</strong></span> <span class='ocrx_word' id='word_1_33' title='bbox 923 707 1015 775; x_wconf 91' lang='lat' dir='ltr'><strong>qui</strong></span> <span class='ocrx_word' id='word_1_34' title='bbox 1048 706 1329 762; x_wconf 80' lang='lat' dir='ltr'><strong>hominem</strong></span> <span class='ocrx_word' id='word_1_35' title='bbox 1360 707 1503 782; x_wconf 80' lang='lat' dir='ltr'><strong>bene</strong></span> <span class='ocrx_word' id='word_1_36' title='bbox 1536 707 1828 766; x_wconf 76' lang='lat' dir='ltr'><strong>facientem</strong></span> <span class='ocrx_word' id='word_1_37' title='bbox 1859 710 2028 765; x_wconf 83' lang='lat' dir='ltr'><strong>vitam</strong></span> 
     </span>
    </p>
   </div>
   <div class='ocr_carea' id='block_1_6' title="bbox 455 796 2027 877">
    <p class='ocr_par' dir='ltr' id='par_1_6' title="bbox 455 796 2027 877">
     <span class='ocr_line' id='line_1_6' title="bbox 455 796 2027 877; baseline 0.011 -34"><span class='ocrx_word' id='word_1_38' title='bbox 455 801 713 848; x_wconf 75' lang='lat' dir='ltr'><strong>acturum</strong></span> <span class='ocrx_word' id='word_1_39' title='bbox 777 796 1209 866; x_wconf 79' lang='lat' dir='ltr'><strong>placidissimam</strong></span> <span class='ocrx_word' id='word_1_40' title='bbox 1264 816 1455 871; x_wconf 88' lang='lat' dir='ltr'><strong>pacem</strong></span> <span class='ocrx_word' id='word_1_41' title='bbox 1505 802 1808 871; x_wconf 70' lang='lat' dir='ltr'><strong>spirantem</strong></span> <span class='ocrx_word' id='word_1_42' title='bbox 1870 802 2027 877; x_wconf 75' lang='lat'><strong>103</strong></span> 
     </span>
    </p>
   </div>
   <div class='ocr_carea' id='block_1_7' title="bbox 458 884 2027 962">
    <p class='ocr_par' dir='ltr' id='par_1_7' title="bbox 458 884 2027 962">
     <span class='ocr_line' id='line_1_7' title="bbox 458 884 2027 962; baseline 0.01 -29"><span class='ocrx_word' id='word_1_43' title='bbox 458 884 749 951; x_wconf 80' lang='lat' dir='ltr'><strong>promisit,</strong></span> <span class='ocrx_word' id='word_1_44' title='bbox 787 901 949 944; x_wconf 87' lang='lat' dir='ltr'><strong>secus</strong></span> <span class='ocrx_word' id='word_1_45' title='bbox 982 901 1166 945; x_wconf 87' lang='lat' dir='ltr'><strong>autem</strong></span> <span class='ocrx_word' id='word_1_46' title='bbox 1205 902 1456 962; x_wconf 78' lang='lat' dir='ltr'><strong>agentem</strong></span> <span class='ocrx_word' id='word_1_47' title='bbox 1494 894 1659 948; x_wconf 86' lang='lat' dir='ltr'><strong>etiam</strong></span> <span class='ocrx_word' id='word_1_48' title='bbox 1696 897 2027 950; x_wconf 82' lang='lat' dir='ltr'><strong>contrariam</strong></span> 
     </span>
    </p>
   </div>
   <div class='ocr_carea' id='block_1_8' title="bbox 458 975 2031 1056">
    <p class='ocr_par' dir='ltr' id='par_1_8' title="bbox 458 975 2031 1056">
     <span class='ocr_line' id='line_1_8' title="bbox 458 975 2031 1056; baseline 0.009 -29"><span class='ocrx_word' id='word_1_49' title='bbox 458 975 586 1030; x_wconf 69' lang='lat' dir='ltr'><strong>vitae</strong></span> <span class='ocrx_word' id='word_1_50' title='bbox 631 989 838 1034; x_wconf 81' lang='lat' dir='ltr'><strong>sortem</strong></span> <span class='ocrx_word' id='word_1_51' title='bbox 880 981 1219 1038; x_wconf 89' lang='lat' dir='ltr'><strong>habiturum.</strong></span> <span class='ocrx_word' id='word_1_52' title='bbox 1263 984 1455 1056; x_wconf 82' lang='lat' dir='ltr'><strong>Neque</strong></span> <span class='ocrx_word' id='word_1_53' title='bbox 1499 1003 1630 1043; x_wconf 89' lang='lat' dir='ltr'><strong>vero</strong></span> <span class='ocrx_word' id='word_1_54' title='bbox 1680 987 1906 1043; x_wconf 86' lang='lat' dir='ltr'><strong>minima</strong></span> <span class='ocrx_word' id='word_1_55' title='bbox 1945 996 2031 1043; x_wconf 84' lang='lat' dir='ltr'><strong>est</strong></span> 
     </span>
    </p>
   </div>
   <div class='ocr_carea' id='block_1_9' title="bbox 457 1068 2030 1147">
    <p class='ocr_par' dir='ltr' id='par_1_9' title="bbox 457 1068 2030 1147">
     <span class='ocr_line' id='line_1_9' title="bbox 457 1068 2030 1147; baseline 0.01 -27"><span class='ocrx_word' id='word_1_56' title='bbox 457 1068 543 1121; x_wconf 91' lang='lat' dir='ltr'><strong>vel</strong></span> <span class='ocrx_word' id='word_1_57' title='bbox 578 1068 841 1140; x_wconf 76' lang='lat' dir='ltr'><strong>ignobilis</strong></span> <span class='ocrx_word' id='word_1_58' title='bbox 895 1073 1251 1142; x_wconf 67' lang='lat' dir='ltr'><strong>diderentia,</strong></span> <span class='ocrx_word' id='word_1_59' title='bbox 1287 1093 1409 1147; x_wconf 69' lang='lat' dir='ltr'><strong>quae</strong></span> <span class='ocrx_word' id='word_1_60' title='bbox 1460 1079 1693 1135; x_wconf 86' lang='lat' dir='ltr'><strong>interest</strong></span> <span class='ocrx_word' id='word_1_61' title='bbox 1736 1079 1882 1136; x_wconf 87' lang='lat' dir='ltr'><strong>inter</strong></span> <span class='ocrx_word' id='word_1_62' title='bbox 1927 1080 2030 1135; x_wconf 83' lang='lat' dir='ltr'><strong>bo-</strong></span> 
     </span>
    </p>
   </div>
   <div class='ocr_carea' id='block_1_10' title="bbox 457 1163 2031 1238">
    <p class='ocr_par' dir='ltr' id='par_1_10' title="bbox 457 1163 2031 1238">
     <span class='ocr_line' id='line_1_10' title="bbox 457 1163 2031 1238; baseline 0.008 -24"><span class='ocrx_word' id='word_1_63' title='bbox 457 1176 590 1216; x_wconf 90' lang='lat' dir='ltr'><strong>num</strong></span> <span class='ocrx_word' id='word_1_64' title='bbox 621 1172 678 1217; x_wconf 92' lang='lat' dir='ltr'><strong>et</strong></span> <span class='ocrx_word' id='word_1_65' title='bbox 710 1163 916 1220; x_wconf 88' lang='lat' dir='ltr'><strong>bonum</strong></span> <span class='ocrx_word' id='word_1_66' title='bbox 948 1176 1115 1238; x_wconf 89' lang='lat' dir='ltr'><strong>atque</strong></span> <span class='ocrx_word' id='word_1_67' title='bbox 1149 1171 1292 1225; x_wconf 89' lang='lat' dir='ltr'><strong>inter</strong></span> <span class='ocrx_word' id='word_1_68' title='bbox 1328 1170 1531 1227; x_wconf 90' lang='lat' dir='ltr'><strong>malum</strong></span> <span class='ocrx_word' id='word_1_69' title='bbox 1563 1179 1619 1227; x_wconf 91' lang='lat' dir='ltr'><strong>et</strong></span> <span class='ocrx_word' id='word_1_70' title='bbox 1648 1172 1872 1227; x_wconf 89' lang='lat' dir='ltr'><strong>malum.</strong></span> <span class='ocrx_word' id='word_1_71' title='bbox 1901 1170 2031 1228; x_wconf 84' lang='lat' dir='ltr'><strong>Om-</strong></span> 
     </span>
    </p>
   </div>
   <div class='ocr_carea' id='block_1_11' title="bbox 460 1248 2029 1331">
    <p class='ocr_par' dir='ltr' id='par_1_11' title="bbox 460 1248 2029 1331">
     <span class='ocr_line' id='line_1_11' title="bbox 460 1248 2029 1331; baseline 0.008 -28"><span class='ocrx_word' id='word_1_72' title='bbox 460 1252 615 1305; x_wconf 88' lang='lat' dir='ltr'><strong>nium</strong></span> <span class='ocrx_word' id='word_1_73' title='bbox 648 1252 798 1308; x_wconf 91' lang='lat' dir='ltr'><strong>enim</strong></span> <span class='ocrx_word' id='word_1_74' title='bbox 831 1253 1105 1311; x_wconf 88' lang='lat' dir='ltr'><strong>bonorum</strong></span> <span class='ocrx_word' id='word_1_75' title='bbox 1132 1257 1401 1328; x_wconf 84' lang='lat' dir='ltr'><strong>Optimum</strong></span> <span class='ocrx_word' id='word_1_76' title='bbox 1433 1269 1598 1330; x_wconf 90' lang='lat' dir='ltr'><strong>atque</strong></span> <span class='ocrx_word' id='word_1_77' title='bbox 1633 1248 1871 1331; x_wconf 87' lang='lat' dir='ltr'><strong>primum</strong></span> <span class='ocrx_word' id='word_1_78' title='bbox 1906 1274 2029 1316; x_wconf 83' lang='lat' dir='ltr'><strong>esse</strong></span> 
     </span>
    </p>
   </div>
   <div class='ocr_carea' id='block_1_12' title="bbox 457 1345 2026 1424">
    <p class='ocr_par' dir='ltr' id='par_1_12' title="bbox 457 1345 2026 1424">
     <span class='ocr_line' id='line_1_12' title="bbox 457 1345 2026 1424; baseline 0.006 -26"><span class='ocrx_word' id='word_1_79' title='bbox 457 1345 822 1414; x_wconf 78' lang='lat' dir='ltr'><strong>cognovimus</strong></span> <span class='ocrx_word' id='word_1_80' title='bbox 870 1348 1130 1419; x_wconf 90' lang='lat' dir='ltr'><strong>pietatem</strong></span> <span class='ocrx_word' id='word_1_81' title='bbox 1179 1368 1310 1423; x_wconf 80' lang='lat' dir='ltr'><strong>erga</strong></span> <span class='ocrx_word' id='word_1_82' title='bbox 1360 1352 1529 1407; x_wconf 87' lang='lat' dir='ltr'><strong>Deum</strong></span> <span class='ocrx_word' id='word_1_83' title='bbox 1561 1362 1618 1408; x_wconf 84' lang='lat' dir='ltr'><strong>et</strong></span> <span class='ocrx_word' id='word_1_84' title='bbox 1648 1353 2026 1424; x_wconf 80' lang='lat' dir='ltr'><strong>incorruptam</strong></span> 
     </span>
    </p>
   </div>
   <div class='ocr_carea' id='block_1_13' title="bbox 463 1437 2027 1517">
    <p class='ocr_par' dir='ltr' id='par_1_13' title="bbox 463 1437 2027 1517">
     <span class='ocr_line' id='line_1_13' title="bbox 463 1437 2027 1517; baseline 0.008 -26"><span class='ocrx_word' id='word_1_85' title='bbox 463 1437 647 1494; x_wconf 75' lang='lat' dir='ltr'><strong>ﬁdem.</strong></span> <span class='ocrx_word' id='word_1_86' title='bbox 670 1440 765 1495; x_wconf 85' lang='lat' dir='ltr'><strong>ille</strong></span> <span class='ocrx_word' id='word_1_87' title='bbox 796 1443 968 1509; x_wconf 89' lang='lat' dir='ltr'><strong>enim,</strong></span> <span class='ocrx_word' id='word_1_88' title='bbox 1010 1446 1255 1510; x_wconf 68' lang='lat' dir='ltr'><strong>«Amato,</strong></span> <span class='ocrx_word' id='word_1_89' title='bbox 1284 1445 1483 1517; x_wconf 86' lang='lat' dir='ltr'><strong>inquit,</strong></span> <span class='ocrx_word' id='word_1_90' title='bbox 1513 1446 1828 1515; x_wconf 84' lang='lat' dir='ltr'><strong>Dominum,</strong></span> <span class='ocrx_word' id='word_1_91' title='bbox 1856 1449 2027 1503; x_wconf 87' lang='lat' dir='ltr'><strong>Deum</strong></span> 
     </span>
    </p>
   </div>
   <div class='ocr_carea' id='block_1_14' title="bbox 463 1534 2026 1606">
    <p class='ocr_par' dir='ltr' id='par_1_14' title="bbox 463 1534 2026 1606">
     <span class='ocr_line' id='line_1_14' title="bbox 463 1534 2026 1606; baseline 0.008 -26"><span class='ocrx_word' id='word_1_92' title='bbox 463 1538 618 1585; x_wconf 91' lang='lat' dir='ltr'><strong>tuum</strong></span> <span class='ocrx_word' id='word_1_93' title='bbox 655 1547 723 1588; x_wconf 75' lang='lat' dir='ltr'><strong>ex</strong></span> <span class='ocrx_word' id='word_1_94' title='bbox 767 1534 963 1589; x_wconf 90' lang='lat' dir='ltr'><strong>intimo</strong></span> <span class='ocrx_word' id='word_1_95' title='bbox 1006 1534 1175 1591; x_wconf 87' lang='lat' dir='ltr'><strong>corde</strong></span> <span class='ocrx_word' id='word_1_96' title='bbox 1215 1545 1380 1606; x_wconf 87' lang='lat' dir='ltr'><strong>atque</strong></span> <span class='ocrx_word' id='word_1_97' title='bbox 1415 1538 1661 1601; x_wconf 67' lang='lat' dir='ltr'><strong>animo,»</strong></span> <span class='ocrx_word' id='word_1_98' title='bbox 1702 1548 1757 1593; x_wconf 92' lang='lat' dir='ltr'><strong>et</strong></span> <span class='ocrx_word' id='word_1_99' title='bbox 1795 1553 2026 1593; x_wconf 86' lang='lat' dir='ltr'><strong>rursus:</strong></span> 
     </span>
    </p>
   </div>
   <div class='ocr_carea' id='block_1_15' title="bbox 463 1621 2028 1698">
    <p class='ocr_par' dir='ltr' id='par_1_15' title="bbox 463 1621 2028 1698">
     <span class='ocr_line' id='line_1_15' title="bbox 463 1621 2028 1698; baseline 0.004 -21"><span class='ocrx_word' id='word_1_100' title='bbox 463 1641 479 1670; x_wconf 74' lang='grc' dir='ltr'><strong>ι</strong></span> <span class='ocrx_word' id='word_1_101' title='bbox 510 1621 752 1679; x_wconf 79' lang='lat' dir='ltr'><strong>Adorato</strong></span> <span class='ocrx_word' id='word_1_102' title='bbox 788 1626 1100 1693; x_wconf 87' lang='lat' dir='ltr'><strong>Dominum,</strong></span> <span class='ocrx_word' id='word_1_103' title='bbox 1136 1627 1304 1682; x_wconf 87' lang='lat' dir='ltr'><strong>Deum</strong></span> <span class='ocrx_word' id='word_1_104' title='bbox 1349 1638 1500 1683; x_wconf 90' lang='lat' dir='ltr'><strong>tuum</strong></span> <span class='ocrx_word' id='word_1_105' title='bbox 1566 1644 1803 1698; x_wconf 89' lang='lat' dir='ltr'><strong>cumque</strong></span> <span class='ocrx_word' id='word_1_106' title='bbox 1851 1629 2028 1684; x_wconf 89' lang='lat' dir='ltr'><strong>solum</strong></span> 
     </span>
    </p>
   </div>
   <div class='ocr_carea' id='block_1_16' title="bbox 456 1714 2031 1782">
    <p class='ocr_par' dir='ltr' id='par_1_16' title="bbox 456 1714 2031 1782">
     <span class='ocr_line' id='line_1_16' title="bbox 456 1714 2031 1782; baseline 0.004 -14"><span class='ocrx_word' id='word_1_107' title='bbox 456 1714 669 1782; x_wconf 80' lang='lat' dir='ltr'><strong>colito;</strong></span> <span class='ocrx_word' id='word_1_108' title='bbox 702 1715 919 1771; x_wconf 68' lang='lat' dir='ltr'><strong>ralium</strong></span> <span class='ocrx_word' id='word_1_109' title='bbox 958 1719 1105 1772; x_wconf 86' lang='lat' dir='ltr'><strong>enim</strong></span> <span class='ocrx_word' id='word_1_110' title='bbox 1142 1720 1322 1774; x_wconf 85' lang='lat' dir='ltr'><strong>colere</strong></span> <span class='ocrx_word' id='word_1_111' title='bbox 1354 1730 1440 1775; x_wconf 90' lang='lat' dir='ltr'><strong>est</strong></span> <span class='ocrx_word' id='word_1_112' title='bbox 1475 1736 1563 1776; x_wconf 88' lang='lat' dir='ltr'><strong>res</strong></span> <span class='ocrx_word' id='word_1_113' title='bbox 1600 1731 1812 1777; x_wconf 87' lang='lat' dir='ltr'><strong>creatas</strong></span> <span class='ocrx_word' id='word_1_114' title='bbox 1848 1721 2031 1777; x_wconf 88' lang='lat' dir='ltr'><strong>colere</strong></span> 
     </span>
    </p>
   </div>
   <div class='ocr_carea' id='block_1_17' title="bbox 459 1808 2029 1881">
    <p class='ocr_par' dir='ltr' id='par_1_17' title="bbox 459 1808 2029 1881">
     <span class='ocr_line' id='line_1_17' title="bbox 459 1808 2029 1881; baseline 0.006 -25"><span class='ocrx_word' id='word_1_115' title='bbox 459 1808 645 1874; x_wconf 56' lang='lat' dir='ltr'><strong>potius</strong></span> <span class='ocrx_word' id='word_1_116' title='bbox 679 1824 842 1878; x_wconf 88' lang='lat' dir='ltr'><strong>quam</strong></span> <span class='ocrx_word' id='word_1_117' title='bbox 884 1821 1214 1868; x_wconf 81' lang='lat' dir='ltr'><strong>creatorem.</strong></span> <span class='ocrx_word' id='word_1_118' title='bbox 1260 1812 1557 1881; x_wconf 80' lang='lat' dir='ltr'><strong>PerSpecta</strong></span> <span class='ocrx_word' id='word_1_119' title='bbox 1595 1812 1693 1867; x_wconf 86' lang='lat' dir='ltr'><strong>tibi</strong></span> <span class='ocrx_word' id='word_1_120' title='bbox 1729 1812 1841 1868; x_wconf 90' lang='lat' dir='ltr'><strong>erit</strong></span> <span class='ocrx_word' id='word_1_121' title='bbox 1876 1812 2029 1867; x_wconf 89' lang='lat' dir='ltr'><strong>omni</strong></span> 
     </span>
    </p>
   </div>
   <div class='ocr_carea' id='block_1_18' title="bbox 2132 618 3714 696">
    <p class='ocr_par' dir='ltr' id='par_1_18' title="bbox 2132 618 3714 696">
     <span class='ocr_line' id='line_1_18' title="bbox 2132 618 3714 696; baseline -0.006 -17"><span class='ocrx_word' id='word_1_122' title='bbox 2132 625 2335 681; x_wconf 71' lang='grc' dir='ltr'>εἰδέναι</span> <span class='ocrx_word' id='word_1_123' title='bbox 2361 626 2514 681; x_wconf 76' lang='grc' dir='ltr'>ποτέ.</span> <span class='ocrx_word' id='word_1_124' title='bbox 2544 624 2666 696; x_wconf 86' lang='grc' dir='ltr'>Θεῷ</span> <span class='ocrx_word' id='word_1_125' title='bbox 2693 625 2802 696; x_wconf 75' lang='grc' dir='ltr'><strong>γὰρ</strong></span> <span class='ocrx_word' id='word_1_126' title='bbox 2837 626 2983 696; x_wconf 85' lang='grc' dir='ltr'>μόνῳ</span> <span class='ocrx_word' id='word_1_127' title='bbox 3012 622 3155 676; x_wconf 83' lang='grc' dir='ltr'>τοῦτ’</span> <span class='ocrx_word' id='word_1_128' title='bbox 3185 621 3444 691; x_wconf 82' lang='grc' dir='ltr'>ἀπρόῖτον</span> <span class='ocrx_word' id='word_1_129' title='bbox 3468 618 3714 687; x_wconf 75' lang='grc' dir='ltr'>τετήρη-</span> 
     </span>
    </p>
   </div>
   <div class='ocr_carea' id='block_1_19' title="bbox 2129 708 3713 789">
    <p class='ocr_par' dir='ltr' id='par_1_19' title="bbox 2129 708 3713 789">
     <span class='ocr_line' id='line_1_19' title="bbox 2129 708 3713 789; baseline -0.004 -16"><span class='ocrx_word' id='word_1_130' title='bbox 2129 720 2314 788; x_wconf 81' lang='grc' dir='ltr'>ταίγε</span> <span class='ocrx_word' id='word_1_131' title='bbox 2354 719 2451 774; x_wconf 84' lang='grc' dir='ltr'>καὶ</span> <span class='ocrx_word' id='word_1_132' title='bbox 2482 718 2853 789; x_wconf 83' lang='grc' dir='ltr'>τεταμίευται.</span> <span class='ocrx_word' id='word_1_133' title='bbox 2894 716 3226 787; x_wconf 79' lang='grc' dir='ltr'>Ἀνθρώπων</span> <span class='ocrx_word' id='word_1_134' title='bbox 3271 714 3318 769; x_wconf 78' lang='grc' dir='ltr'>δ’</span> <span class='ocrx_word' id='word_1_135' title='bbox 3359 713 3419 777; x_wconf 71' lang='grc' dir='ltr'>ὃς</span> <span class='ocrx_word' id='word_1_136' title='bbox 3456 712 3521 766; x_wconf 76' lang='grc' dir='ltr'><strong>ἂν</strong></span> <span class='ocrx_word' id='word_1_137' title='bbox 3555 708 3713 780; x_wconf 80' lang='grc' dir='ltr'>δρῴη</span> 
     </span>
    </p>
   </div>
   <div class='ocr_carea' id='block_1_20' title="bbox 2130 802 3711 881">
    <p class='ocr_par' dir='ltr' id='par_1_20' title="bbox 2130 802 3711 881">
     <span class='ocr_line' id='line_1_20' title="bbox 2130 802 3711 881; baseline -0.008 -16"><span class='ocrx_word' id='word_1_138' title='bbox 2130 812 2369 880; x_wconf 82' lang='grc' dir='ltr'>τάγαθὰ,</span> <span class='ocrx_word' id='word_1_139' title='bbox 2400 812 2634 865; x_wconf 80' lang='grc' dir='ltr'><strong>πνέοντα</strong></span> <span class='ocrx_word' id='word_1_140' title='bbox 2674 811 2791 881; x_wconf 89' lang='grc' dir='ltr'>βίον</span> <span class='ocrx_word' id='word_1_141' title='bbox 2819 810 3047 881; x_wconf 85' lang='grc' dir='ltr'>είρήνης</span> <span class='ocrx_word' id='word_1_142' title='bbox 3073 805 3217 861; x_wconf 76' lang='grc' dir='ltr'>εἷναί</span> <span class='ocrx_word' id='word_1_143' title='bbox 3241 807 3290 859; x_wconf 76' lang='lat' dir='ltr'><strong>oi</strong></span> <span class='ocrx_word' id='word_1_144' title='bbox 3322 802 3711 873; x_wconf 78' lang='grc' dir='ltr'><strong>ὑπεσχημένον</strong></span> 
     </span>
    </p>
   </div>
   <div class='ocr_carea' id='block_1_21' title="bbox 2129 891 3711 972">
    <p class='ocr_par' dir='ltr' id='par_1_21' title="bbox 2129 891 3711 972">
     <span class='ocr_line' id='line_1_21' title="bbox 2129 891 3711 972; baseline -0.008 -15"><span class='ocrx_word' id='word_1_145' title='bbox 2129 904 2337 957; x_wconf 67' lang='grc' dir='ltr'>ἐκεῖθεν</span> <span class='ocrx_word' id='word_1_146' title='bbox 2391 904 2537 972; x_wconf 82' lang='grc' dir='ltr'>βιοῦν</span> <span class='ocrx_word' id='word_1_147' title='bbox 2562 920 2577 936; x_wconf 88' lang='grc'><strong>·</strong></span> <span class='ocrx_word' id='word_1_148' title='bbox 2606 904 2665 969; x_wconf 78' lang='grc' dir='ltr'>ὃς</span> <span class='ocrx_word' id='word_1_149' title='bbox 2692 904 2739 958; x_wconf 80' lang='grc' dir='ltr'>δ’</span> <span class='ocrx_word' id='word_1_150' title='bbox 2766 902 2860 957; x_wconf 82' lang='grc' dir='ltr'>οὖν</span> <span class='ocrx_word' id='word_1_151' title='bbox 2891 901 3169 965; x_wconf 86' lang='grc' dir='ltr'>τάναντία,</span> <span class='ocrx_word' id='word_1_152' title='bbox 3188 897 3445 969; x_wconf 71' lang='grc' dir='ltr'>τούτῳ-δ’</span> <span class='ocrx_word' id='word_1_153' title='bbox 3480 891 3548 951; x_wconf 81' lang='grc' dir='ltr'>αὖ</span> <span class='ocrx_word' id='word_1_154' title='bbox 3575 896 3711 949; x_wconf 66' lang='grc' dir='ltr'><strong>τάνι</strong></span> 
     </span>
    </p>
   </div>
   <div class='ocr_carea' id='block_1_22' title="bbox 2130 987 3710 1063">
    <p class='ocr_par' dir='ltr' id='par_1_22' title="bbox 2130 987 3710 1063">
     <span class='ocr_line' id='line_1_22' title="bbox 2130 987 3710 1063; baseline -0.007 -14"><span class='ocrx_word' id='word_1_155' title='bbox 2130 996 2313 1052; x_wconf 87' lang='grc' dir='ltr'>αντία.</span> <span class='ocrx_word' id='word_1_156' title='bbox 2361 993 2514 1051; x_wconf 80' lang='grc' dir='ltr'>Εῐναι</span> <span class='ocrx_word' id='word_1_157' title='bbox 2553 996 2597 1050; x_wconf 86' lang='grc' dir='ltr'>δ’</span> <span class='ocrx_word' id='word_1_158' title='bbox 2643 996 2706 1049; x_wconf 86' lang='grc' dir='ltr'><strong>ού</strong></span> <span class='ocrx_word' id='word_1_159' title='bbox 2738 997 2880 1050; x_wconf 78' lang='grc' dir='ltr'>πάνυ</span> <span class='ocrx_word' id='word_1_160' title='bbox 2926 1012 2981 1049; x_wconf 88' lang='grc' dir='ltr'><strong>τι</strong></span> <span class='ocrx_word' id='word_1_161' title='bbox 3029 993 3321 1063; x_wconf 77' lang='grc' dir='ltr'><strong>ἐλαχίστην</strong></span> <span class='ocrx_word' id='word_1_162' title='bbox 3357 990 3463 1044; x_wconf 76' lang='grc' dir='ltr'>οὐδ’</span> <span class='ocrx_word' id='word_1_163' title='bbox 3504 987 3710 1056; x_wconf 83' lang='grc' dir='ltr'>ἀγεννῆ</span> 
     </span>
    </p>
   </div>
   <div class='ocr_carea' id='block_1_23' title="bbox 2128 1078 3712 1161">
    <p class='ocr_par' dir='ltr' id='par_1_23' title="bbox 2128 1078 3712 1161">
     <span class='ocr_line' id='line_1_23' title="bbox 2128 1078 3712 1161; baseline -0.006 -20"><span class='ocrx_word' id='word_1_164' title='bbox 2128 1104 2252 1142; x_wconf 89' lang='grc' dir='ltr'>τινα</span> <span class='ocrx_word' id='word_1_165' title='bbox 2281 1088 2382 1161; x_wconf 77' lang='grc' dir='ltr'><strong>τὴν</strong></span> <span class='ocrx_word' id='word_1_166' title='bbox 2425 1088 2627 1159; x_wconf 74' lang='grc' dir='ltr'>μεταξὺ</span> <span class='ocrx_word' id='word_1_167' title='bbox 2668 1089 2953 1158; x_wconf 66' lang='grc' dir='ltr'>διαφορὰν,</span> <span class='ocrx_word' id='word_1_168' title='bbox 2990 1087 3058 1156; x_wconf 74' lang='grc' dir='ltr'><strong>ἢν</strong></span> <span class='ocrx_word' id='word_1_169' title='bbox 3102 1083 3283 1153; x_wconf 86' lang='grc' dir='ltr'>ἀγαθά</span> <span class='ocrx_word' id='word_1_170' title='bbox 3326 1099 3383 1136; x_wconf 82' lang='grc' dir='ltr'><strong>τε</strong></span> <span class='ocrx_word' id='word_1_171' title='bbox 3420 1080 3535 1150; x_wconf 73' lang='grc' dir='ltr'>ἔχει</span> <span class='ocrx_word' id='word_1_172' title='bbox 3568 1078 3712 1147; x_wconf 56' lang='grc' dir='ltr'>προς</span> 
     </span>
    </p>
   </div>
   <div class='ocr_carea' id='block_1_24' title="bbox 2130 1172 3713 1255">
    <p class='ocr_par' dir='ltr' id='par_1_24' title="bbox 2130 1172 3713 1255">
     <span class='ocr_line' id='line_1_24' title="bbox 2130 1172 3713 1255; baseline -0.009 -18"><span class='ocrx_word' id='word_1_173' title='bbox 2130 1182 2314 1251; x_wconf 83' lang='grc' dir='ltr'>ἀγαθά</span> <span class='ocrx_word' id='word_1_174' title='bbox 2346 1184 2437 1237; x_wconf 79' lang='grc' dir='ltr'>καὶ</span> <span class='ocrx_word' id='word_1_175' title='bbox 2480 1183 2547 1255; x_wconf 82' lang='grc' dir='ltr'><strong>ἣν</strong></span> <span class='ocrx_word' id='word_1_176' title='bbox 2577 1177 2645 1237; x_wconf 83' lang='grc' dir='ltr'>αὖ</span> <span class='ocrx_word' id='word_1_177' title='bbox 2676 1181 2843 1236; x_wconf 89' lang='grc' dir='ltr'>κακία</span> <span class='ocrx_word' id='word_1_178' title='bbox 2887 1180 3021 1250; x_wconf 72' lang='grc' dir='ltr'>πρὸς</span> <span class='ocrx_word' id='word_1_179' title='bbox 3060 1178 3279 1233; x_wconf 88' lang='grc' dir='ltr'>κακίαν.</span> <span class='ocrx_word' id='word_1_180' title='bbox 3328 1174 3574 1241; x_wconf 75' lang='grc' dir='ltr'>’Λγαθῶν</span> <span class='ocrx_word' id='word_1_181' title='bbox 3605 1172 3713 1241; x_wconf 71' lang='grc' dir='ltr'>μὲν</span> 
     </span>
    </p>
   </div>
   <div class='ocr_carea' id='block_1_25' title="bbox 2130 1266 3711 1346">
    <p class='ocr_par' dir='ltr' id='par_1_25' title="bbox 2130 1266 3711 1346">
     <span class='ocr_line' id='line_1_25' title="bbox 2130 1266 3711 1346; baseline -0.009 -17"><span class='ocrx_word' id='word_1_182' title='bbox 2130 1276 2242 1346; x_wconf 83' lang='grc' dir='ltr'>γὰρ</span> <span class='ocrx_word' id='word_1_183' title='bbox 2270 1276 2526 1331; x_wconf 85' lang='grc' dir='ltr'>ἁπάντων</span> <span class='ocrx_word' id='word_1_184' title='bbox 2555 1276 2848 1346; x_wconf 80' lang='grc' dir='ltr'>κράτιστόν</span> <span class='ocrx_word' id='word_1_185' title='bbox 2878 1290 2937 1328; x_wconf 82' lang='grc' dir='ltr'><strong>τε</strong></span> <span class='ocrx_word' id='word_1_186' title='bbox 2975 1274 3069 1326; x_wconf 82' lang='grc' dir='ltr'>καὶ</span> <span class='ocrx_word' id='word_1_187' title='bbox 3113 1271 3423 1341; x_wconf 76' lang='grc' dir='ltr'><strong>πρώτιστον</strong></span> <span class='ocrx_word' id='word_1_188' title='bbox 3453 1266 3636 1332; x_wconf 65' lang='grc' dir='ltr'>ἑγνωι]</span> <span class='ocrx_word' id='word_1_189' title='bbox 3649 1281 3711 1315; x_wconf 84' lang='grc' dir='ltr'>εν</span> 
     </span>
    </p>
   </div>
   <div class='ocr_carea' id='block_1_26' title="bbox 2132 1352 3713 1435">
    <p class='ocr_par' dir='ltr' id='par_1_26' title="bbox 2132 1352 3713 1435">
     <span class='ocr_line' id='line_1_26' title="bbox 2132 1352 3713 1435; baseline -0.011 -17"><span class='ocrx_word' id='word_1_190' title='bbox 2132 1361 2273 1419; x_wconf 83' lang='grc' dir='ltr'>εἶναι</span> <span class='ocrx_word' id='word_1_191' title='bbox 2312 1364 2410 1434; x_wconf 84' lang='grc' dir='ltr'><strong>τὴν</strong></span> <span class='ocrx_word' id='word_1_192' title='bbox 2438 1364 2575 1435; x_wconf 79' lang='grc' dir='ltr'>πρὸς</span> <span class='ocrx_word' id='word_1_193' title='bbox 2602 1363 2735 1418; x_wconf 79' lang='grc' dir='ltr'>Θεὸν</span> <span class='ocrx_word' id='word_1_194' title='bbox 2774 1361 3057 1417; x_wconf 78' lang='grc' dir='ltr'>εὐσέϐειάν</span> <span class='ocrx_word' id='word_1_195' title='bbox 3089 1376 3149 1412; x_wconf 90' lang='grc' dir='ltr'><strong>τε</strong></span> <span class='ocrx_word' id='word_1_196' title='bbox 3188 1356 3283 1410; x_wconf 69' lang='grc' dir='ltr'>καὶ</span> <span class='ocrx_word' id='word_1_197' title='bbox 3324 1352 3713 1420; x_wconf 76' lang='grc' dir='ltr'>ἀκαπήλευτον</span> 
     </span>
    </p>
   </div>
   <div class='ocr_carea' id='block_1_27' title="bbox 2133 1439 3712 1525">
    <p class='ocr_par' dir='ltr' id='par_1_27' title="bbox 2133 1439 3712 1525">
     <span class='ocr_line' id='line_1_27' title="bbox 2133 1439 3712 1525; baseline -0.013 -14"><span class='ocrx_word' id='word_1_198' title='bbox 2133 1457 2337 1513; x_wconf 87' lang='grc' dir='ltr'>πίστιν.</span> <span class='ocrx_word' id='word_1_199' title='bbox 2393 1472 2413 1508; x_wconf 78' lang='grc' dir='ltr'><strong>ι</strong></span> <span class='ocrx_word' id='word_1_200' title='bbox 2444 1455 2782 1525; x_wconf 78' lang='grc' dir='ltr'>’Δγαπήσεις</span> <span class='ocrx_word' id='word_1_201' title='bbox 2820 1454 2950 1523; x_wconf 76' lang='grc' dir='ltr'>γὰρ,</span> <span class='ocrx_word' id='word_1_202' title='bbox 2990 1452 3149 1523; x_wconf 80' lang='grc' dir='ltr'>φησὶ,</span> <span class='ocrx_word' id='word_1_203' title='bbox 3203 1443 3532 1517; x_wconf 71' lang='grc' dir='ltr'>Κύριονπδν</span> <span class='ocrx_word' id='word_1_204' title='bbox 3568 1439 3712 1495; x_wconf 73' lang='grc' dir='ltr'>Θεό)</span> 
     </span>
    </p>
   </div>
   <div class='ocr_carea' id='block_1_28' title="bbox 2132 1539 3704 1619">
    <p class='ocr_par' dir='ltr' id='par_1_28' title="bbox 2132 1539 3704 1619">
     <span class='ocr_line' id='line_1_28' title="bbox 2132 1539 3704 1619; baseline -0.013 -16"><span class='ocrx_word' id='word_1_205' title='bbox 2132 1566 2228 1603; x_wconf 87' lang='grc' dir='ltr'><strong>σου</strong></span> <span class='ocrx_word' id='word_1_206' title='bbox 2259 1548 2319 1614; x_wconf 72' lang='grc' dir='ltr'><strong>ἐξ</strong></span> <span class='ocrx_word' id='word_1_207' title='bbox 2349 1547 2480 1619; x_wconf 81' lang='grc' dir='ltr'>ὅλης</span> <span class='ocrx_word' id='word_1_208' title='bbox 2500 1546 2677 1617; x_wconf 79' lang='grc' dir='ltr'>ψυχῆς</span> <span class='ocrx_word' id='word_1_209' title='bbox 2728 1546 2825 1601; x_wconf 77' lang='grc' dir='ltr'>καὶ</span> <span class='ocrx_word' id='word_1_210' title='bbox 2866 1544 2924 1609; x_wconf 77' lang='grc' dir='ltr'><strong>ἑξ</strong></span> <span class='ocrx_word' id='word_1_211' title='bbox 2956 1544 3085 1612; x_wconf 84' lang='grc' dir='ltr'>ὅλης</span> <span class='ocrx_word' id='word_1_212' title='bbox 3112 1544 3213 1611; x_wconf 83' lang='grc' dir='ltr'>τῆς</span> <span class='ocrx_word' id='word_1_213' title='bbox 3258 1539 3495 1598; x_wconf 86' lang='grc' dir='ltr'>διανοίας</span> <span class='ocrx_word' id='word_1_214' title='bbox 3524 1551 3646 1596; x_wconf 83' lang='grc' dir='ltr'>σου,</span> <span class='ocrx_word' id='word_1_215' title='bbox 3683 1550 3704 1583; x_wconf 70' lang='grc' dir='ltr'>υ</span> 
     </span>
    </p>
   </div>
   <div class='ocr_carea' id='block_1_29' title="bbox 2132 1628 3711 1707">
    <p class='ocr_par' dir='ltr' id='par_1_29' title="bbox 2132 1628 3711 1707">
     <span class='ocr_line' id='line_1_29' title="bbox 2132 1628 3711 1707; baseline -0.011 -13"><span class='ocrx_word' id='word_1_216' title='bbox 2132 1639 2229 1694; x_wconf 71' lang='grc' dir='ltr'>καὶ</span> <span class='ocrx_word' id='word_1_217' title='bbox 2266 1638 2453 1704; x_wconf 80' lang='grc' dir='ltr'>πάλιν,</span> <span class='ocrx_word' id='word_1_218' title='bbox 2500 1655 2519 1689; x_wconf 79' lang='grc' dir='ltr'><strong>ι</strong></span> <span class='ocrx_word' id='word_1_219' title='bbox 2560 1636 2766 1707; x_wconf 75' lang='grc' dir='ltr'>Κύριον</span> <span class='ocrx_word' id='word_1_220' title='bbox 2801 1636 2894 1690; x_wconf 70' lang='grc' dir='ltr'>τὸν</span> <span class='ocrx_word' id='word_1_221' title='bbox 2934 1635 3068 1689; x_wconf 88' lang='grc' dir='ltr'>Θεόν</span> <span class='ocrx_word' id='word_1_222' title='bbox 3128 1650 3225 1686; x_wconf 88' lang='grc' dir='ltr'><strong>σου</strong></span> <span class='ocrx_word' id='word_1_223' title='bbox 3281 1628 3711 1700; x_wconf 74' lang='grc' dir='ltr'>προσκυνήσεις.</span> 
     </span>
    </p>
   </div>
   <div class='ocr_carea' id='block_1_30' title="bbox 2132 1721 3714 1804">
    <p class='ocr_par' dir='ltr' id='par_1_30' title="bbox 2132 1721 3714 1804">
     <span class='ocr_line' id='line_1_30' title="bbox 2132 1721 3714 1804; baseline -0.011 -16"><span class='ocrx_word' id='word_1_224' title='bbox 2132 1735 2230 1789; x_wconf 77' lang='grc' dir='ltr'>καὶ</span> <span class='ocrx_word' id='word_1_225' title='bbox 2265 1733 2416 1804; x_wconf 82' lang='grc' dir='ltr'>αὐτῷ</span> <span class='ocrx_word' id='word_1_226' title='bbox 2461 1736 2608 1803; x_wconf 81' lang='grc' dir='ltr'>μόνῳ</span> <span class='ocrx_word' id='word_1_227' title='bbox 2641 1731 2982 1801; x_wconf 78' lang='grc' dir='ltr'><strong>λατρεύσεις.</strong></span> <span class='ocrx_word' id='word_1_228' title='bbox 3021 1746 3041 1782; x_wconf 75' lang='grc' dir='ltr'><strong>ι</strong></span> <span class='ocrx_word' id='word_1_229' title='bbox 3085 1727 3159 1782; x_wconf 82' lang='grc' dir='ltr'><strong>Τὸ</strong></span> <span class='ocrx_word' id='word_1_230' title='bbox 3186 1726 3295 1795; x_wconf 79' lang='grc' dir='ltr'><strong>γὰρ</strong></span> <span class='ocrx_word' id='word_1_231' title='bbox 3326 1725 3470 1793; x_wconf 78' lang='grc' dir='ltr'>ἄλλῳ</span> <span class='ocrx_word' id='word_1_232' title='bbox 3502 1740 3578 1790; x_wconf 86' lang='grc' dir='ltr'>τῳ</span> <span class='ocrx_word' id='word_1_233' title='bbox 3608 1721 3714 1771; x_wconf 78' lang='grc' dir='ltr'>λαο</span> 
     </span>
    </p>
   </div>
   <div class='ocr_carea' id='block_1_31' title="bbox 2132 1812 3713 1898">
    <p class='ocr_par' dir='ltr' id='par_1_31' title="bbox 2132 1812 3713 1898">
     <span class='ocr_line' id='line_1_31' title="bbox 2132 1812 3713 1898; baseline -0.009 -18"><span class='ocrx_word' id='word_1_234' title='bbox 2132 1826 2349 1898; x_wconf 87' lang='grc' dir='ltr'>τρεύειν</span> <span class='ocrx_word' id='word_1_235' title='bbox 2403 1828 2472 1897; x_wconf 72' lang='grc' dir='ltr'>τῇ</span> <span class='ocrx_word' id='word_1_236' title='bbox 2526 1825 2704 1879; x_wconf 87' lang='grc' dir='ltr'>κτίσει</span> <span class='ocrx_word' id='word_1_237' title='bbox 2758 1822 2911 1892; x_wconf 83' lang='grc' dir='ltr'><strong>παρά</strong></span> <span class='ocrx_word' id='word_1_238' title='bbox 2967 1821 3060 1875; x_wconf 74' lang='grc' dir='ltr'>τὸν</span> <span class='ocrx_word' id='word_1_239' title='bbox 3110 1820 3375 1874; x_wconf 74' lang='grc' dir='ltr'>κτίσαντα</span> <span class='ocrx_word' id='word_1_240' title='bbox 3420 1812 3713 1883; x_wconf 73' lang='grc' dir='ltr'>λατρεύειν</span> 
     </span>
    </p>
   </div>
   <div class='ocr_carea' id='block_1_32' title="bbox 454 1898 2028 1987">
    <p class='ocr_par' dir='ltr' id='par_1_32' title="bbox 454 1901 2026 1970">
     <span class='ocr_line' id='line_1_32' title="bbox 454 1901 2026 1970; baseline 0.002 -16"><span class='ocrx_word' id='word_1_241' title='bbox 454 1915 521 1954; x_wconf 67' lang='grc' dir='ltr'><strong>οι</strong></span> <span class='ocrx_word' id='word_1_242' title='bbox 578 1912 730 1969; x_wconf 89' lang='lat' dir='ltr'><strong>parte</strong></span> <span class='ocrx_word' id='word_1_243' title='bbox 777 1901 1047 1957; x_wconf 86' lang='lat' dir='ltr'><strong>bonorum</strong></span> <span class='ocrx_word' id='word_1_244' title='bbox 1095 1903 1441 1970; x_wconf 73' lang='lat' dir='ltr'><strong>dilTerentia,</strong></span> <span class='ocrx_word' id='word_1_245' title='bbox 1488 1906 1533 1959; x_wconf 90' lang='lat' dir='ltr'><strong>si</strong></span> <span class='ocrx_word' id='word_1_246' title='bbox 1577 1919 1641 1960; x_wconf 86' lang='lat' dir='ltr'><strong>ca</strong></span> <span class='ocrx_word' id='word_1_247' title='bbox 1671 1903 2026 1958; x_wconf 88' lang='lat' dir='ltr'><strong>enumerahis</strong></span> 
     </span>
    </p>
   </div>
   <div class='ocr_carea' id='block_1_33' title="bbox 2131 1898 3713 1987">
    <p class='ocr_par' dir='ltr' id='par_1_33' title="bbox 2131 1903 3713 1987">
     <span class='ocr_line' id='line_1_33' title="bbox 2131 1903 3713 1987; baseline -0.013 -15"><span class='ocrx_word' id='word_1_248' title='bbox 2131 1919 2265 1973; x_wconf 69' lang='grc' dir='ltr'>ἐστί.</span> <span class='ocrx_word' id='word_1_249' title='bbox 2297 1915 2583 1987; x_wconf 84' lang='grc' dir='ltr'>Γνώριμον</span> <span class='ocrx_word' id='word_1_250' title='bbox 2605 1916 2652 1970; x_wconf 73' lang='grc' dir='ltr'>δ’</span> <span class='ocrx_word' id='word_1_251' title='bbox 2673 1915 2740 1971; x_wconf 77' lang='grc' dir='ltr'><strong>ἂν</strong></span> <span class='ocrx_word' id='word_1_252' title='bbox 2770 1914 2858 1984; x_wconf 78' lang='grc' dir='ltr'><strong>εἴη</strong></span> <span class='ocrx_word' id='word_1_253' title='bbox 2886 1930 2969 1967; x_wconf 84' lang='grc' dir='ltr'><strong>σοι</strong></span> <span class='ocrx_word' id='word_1_254' title='bbox 2997 1914 3217 1974; x_wconf 78' lang='grc' dir='ltr'>πάντως</span> <span class='ocrx_word' id='word_1_255' title='bbox 3254 1911 3286 1979; x_wconf 79' lang='grc' dir='ltr'>ἡ</span> <span class='ocrx_word' id='word_1_256' title='bbox 3310 1907 3420 1961; x_wconf 87' lang='grc' dir='ltr'><strong>τῶν</strong></span> <span class='ocrx_word' id='word_1_257' title='bbox 3446 1903 3713 1958; x_wconf 72' lang='grc' dir='ltr'>τοιούτοιν</span> 
     </span>
    </p>
   </div>
   <div class='ocr_carea' id='block_1_34' title="bbox 455 1993 2029 2066">
    <p class='ocr_par' dir='ltr' id='par_1_34' title="bbox 455 1993 2029 2066">
     <span class='ocr_line' id='line_1_34' title="bbox 455 1993 2029 2066; baseline 0.001 -18"><span class='ocrx_word' id='word_1_258' title='bbox 455 1995 720 2064; x_wconf 75' lang='lat' dir='ltr'><strong>deinceps</strong></span> <span class='ocrx_word' id='word_1_259' title='bbox 750 2010 817 2049; x_wconf 80' lang='lat' dir='ltr'><strong>ex</strong></span> <span class='ocrx_word' id='word_1_260' title='bbox 847 1993 1037 2050; x_wconf 78' lang='lat' dir='ltr'><strong>infimo</strong></span> <span class='ocrx_word' id='word_1_261' title='bbox 1065 1996 1235 2064; x_wconf 72' lang='lat' dir='ltr'><strong>gradu</strong></span> <span class='ocrx_word' id='word_1_262' title='bbox 1268 2007 1433 2066; x_wconf 88' lang='lat' dir='ltr'><strong>atque</strong></span> <span class='ocrx_word' id='word_1_263' title='bbox 1468 1996 1851 2052; x_wconf 81' lang='lat' dir='ltr'><strong>futidatnettto.</strong></span> <span class='ocrx_word' id='word_1_264' title='bbox 1881 1995 2029 2051; x_wconf 89' lang='lat' dir='ltr'><strong>Con-</strong></span> 
     </span>
    </p>
   </div>
   <div class='ocr_carea' id='block_1_35' title="bbox 457 2086 2027 2157">
    <p class='ocr_par' dir='ltr' id='par_1_35' title="bbox 457 2086 2027 2157">
     <span class='ocr_line' id='line_1_35' title="bbox 457 2086 2027 2157; baseline 0.003 -20"><span class='ocrx_word' id='word_1_265' title='bbox 457 2094 538 2137; x_wconf 83' lang='lat' dir='ltr'><strong>tra</strong></span> <span class='ocrx_word' id='word_1_266' title='bbox 572 2101 704 2141; x_wconf 86' lang='lat' dir='ltr'><strong>vero</strong></span> <span class='ocrx_word' id='word_1_267' title='bbox 731 2086 975 2139; x_wconf 90' lang='lat' dir='ltr'><strong>omnium</strong></span> <span class='ocrx_word' id='word_1_268' title='bbox 1009 2087 1273 2141; x_wconf 89' lang='lat' dir='ltr'><strong>malorum</strong></span> <span class='ocrx_word' id='word_1_269' title='bbox 1322 2086 1618 2157; x_wconf 82' lang='lat' dir='ltr'><strong>pessimum</strong></span> <span class='ocrx_word' id='word_1_270' title='bbox 1668 2098 1751 2141; x_wconf 73' lang='lat' dir='ltr'><strong>est</strong></span> <span class='ocrx_word' id='word_1_271' title='bbox 1790 2086 2027 2145; x_wconf 80' lang='lat' dir='ltr'><strong>secessio</strong></span> 
     </span>
    </p>
   </div>
   <div class='ocr_carea' id='block_1_36' title="bbox 456 2178 2027 2249">
    <p class='ocr_par' dir='ltr' id='par_1_36' title="bbox 456 2178 2027 2249">
     <span class='ocr_line' id='line_1_36' title="bbox 456 2178 2027 2249; baseline 0.003 -19"><span class='ocrx_word' id='word_1_272' title='bbox 456 2196 486 2230; x_wconf 90' lang='lat' dir='ltr'><strong>a</strong></span> <span class='ocrx_word' id='word_1_273' title='bbox 529 2179 637 2233; x_wconf 87' lang='lat' dir='ltr'><strong>Deo</strong></span> <span class='ocrx_word' id='word_1_274' title='bbox 662 2220 676 2243; x_wconf 90' lang='lat'><strong>,</strong></span> <span class='ocrx_word' id='word_1_275' title='bbox 710 2180 867 2249; x_wconf 71' lang='lat' dir='ltr'><strong>cujus</strong></span> <span class='ocrx_word' id='word_1_276' title='bbox 915 2179 1132 2249; x_wconf 78' lang='lat' dir='ltr'><strong>signum</strong></span> <span class='ocrx_word' id='word_1_277' title='bbox 1165 2189 1331 2249; x_wconf 86' lang='lat' dir='ltr'><strong>atque</strong></span> <span class='ocrx_word' id='word_1_278' title='bbox 1367 2180 1630 2234; x_wconf 85' lang='lat' dir='ltr'><strong>iudicium</strong></span> <span class='ocrx_word' id='word_1_279' title='bbox 1672 2178 2027 2235; x_wconf 77' lang='lat' dir='ltr'><strong>manifestum</strong></span> 
     </span>
    </p>
   </div>
   <div class='ocr_carea' id='block_1_37' title="bbox 454 2271 2025 2342">
    <p class='ocr_par' dir='ltr' id='par_1_37' title="bbox 454 2271 2025 2342">
     <span class='ocr_line' id='line_1_37' title="bbox 454 2271 2025 2342; baseline -0.001 -15"><span class='ocrx_word' id='word_1_280' title='bbox 454 2280 543 2327; x_wconf 66' lang='lat' dir='ltr'><strong>est</strong></span> <span class='ocrx_word' id='word_1_281' title='bbox 578 2271 881 2340; x_wconf 90' lang='lat' dir='ltr'><strong>patriorum</strong></span> <span class='ocrx_word' id='word_1_282' title='bbox 918 2281 1321 2341; x_wconf 75' lang='lat' dir='ltr'><strong>praeceptorum</strong></span> <span class='ocrx_word' id='word_1_283' title='bbox 1358 2283 1524 2340; x_wconf 87' lang='lat' dir='ltr'><strong>atque</strong></span> <span class='ocrx_word' id='word_1_284' title='bbox 1562 2273 1742 2342; x_wconf 78' lang='lat' dir='ltr'><strong>legum</strong></span> <span class='ocrx_word' id='word_1_285' title='bbox 1778 2273 2025 2339; x_wconf 84' lang='lat' dir='ltr'><strong>abolitio,</strong></span> 
     </span>
    </p>
   </div>
   <div class='ocr_carea' id='block_1_38' title="bbox 455 2360 2025 2432">
    <p class='ocr_par' dir='ltr' id='par_1_38' title="bbox 455 2360 2025 2432">
     <span class='ocr_line' id='line_1_38' title="bbox 455 2360 2025 2432; baseline 0.004 -21"><span class='ocrx_word' id='word_1_286' title='bbox 455 2374 578 2428; x_wconf 64' lang='lat' dir='ltr'><strong>qua:</strong></span> <span class='ocrx_word' id='word_1_287' title='bbox 627 2360 683 2414; x_wconf 80' lang='lat' dir='ltr'><strong>iit</strong></span> <span class='ocrx_word' id='word_1_288' title='bbox 732 2361 1123 2417; x_wconf 75' lang='lat' dir='ltr'><strong>additamentis</strong></span> <span class='ocrx_word' id='word_1_289' title='bbox 1172 2373 1222 2417; x_wconf 89' lang='lat' dir='ltr'><strong>et</strong></span> <span class='ocrx_word' id='word_1_290' title='bbox 1271 2362 1717 2432; x_wconf 86' lang='lat' dir='ltr'><strong>ademptionibus</strong></span> <span class='ocrx_word' id='word_1_291' title='bbox 1766 2381 1867 2420; x_wconf 90' lang='lat' dir='ltr'><strong>nec</strong></span> <span class='ocrx_word' id='word_1_292' title='bbox 1916 2380 2025 2419; x_wconf 91' lang='lat' dir='ltr'><strong>non</strong></span> 
     </span>
    </p>
   </div>
   <div class='ocr_carea' id='block_1_39' title="bbox 459 2453 2027 2527">
    <p class='ocr_par' dir='ltr' id='par_1_39' title="bbox 459 2453 2027 2527">
     <span class='ocr_line' id='line_1_39' title="bbox 459 2453 2027 2527; baseline 0.004 -21"><span class='ocrx_word' id='word_1_293' title='bbox 459 2453 877 2521; x_wconf 87' lang='lat' dir='ltr'><strong>impudentibus</strong></span> <span class='ocrx_word' id='word_1_294' title='bbox 908 2454 1171 2526; x_wconf 69' lang='lat' dir='ltr'><strong>periuriis</strong></span> <span class='ocrx_word' id='word_1_295' title='bbox 1204 2470 1399 2510; x_wconf 86' lang='lat' dir='ltr'><strong>eorum</strong></span> <span class='ocrx_word' id='word_1_296' title='bbox 1428 2498 1442 2521; x_wconf 96' lang='lat'><strong>,</strong></span> <span class='ocrx_word' id='word_1_297' title='bbox 1472 2456 1564 2525; x_wconf 85' lang='lat' dir='ltr'><strong>qui</strong></span> <span class='ocrx_word' id='word_1_298' title='bbox 1602 2474 1729 2527; x_wconf 78' lang='lat' dir='ltr'><strong>eum</strong></span> <span class='ocrx_word' id='word_1_299' title='bbox 1765 2458 1877 2512; x_wconf 88' lang='lat' dir='ltr'><strong>Deo</strong></span> <span class='ocrx_word' id='word_1_300' title='bbox 1912 2458 2027 2512; x_wconf 86' lang='lat' dir='ltr'><strong>bel-</strong></span> 
     </span>
    </p>
   </div>
   <div class='ocr_carea' id='block_1_40' title="bbox 458 2545 2027 2621">
    <p class='ocr_par' dir='ltr' id='par_1_40' title="bbox 458 2545 2027 2621">
     <span class='ocr_line' id='line_1_40' title="bbox 458 2545 2027 2621; baseline 0.004 -22"><span class='ocrx_word' id='word_1_301' title='bbox 458 2545 595 2601; x_wconf 76' lang='lat' dir='ltr'><strong>lant.</strong></span> <span class='ocrx_word' id='word_1_302' title='bbox 645 2545 837 2617; x_wconf 74' lang='lat' dir='ltr'><strong>Neque</strong></span> <span class='ocrx_word' id='word_1_303' title='bbox 889 2552 1036 2601; x_wconf 88' lang='lat' dir='ltr'><strong>enitn</strong></span> <span class='ocrx_word' id='word_1_304' title='bbox 1084 2550 1376 2619; x_wconf 79' lang='lat' dir='ltr'><strong>quisquam</strong></span> <span class='ocrx_word' id='word_1_305' title='bbox 1423 2549 1596 2605; x_wconf 90' lang='lat' dir='ltr'><strong>Deum</strong></span> <span class='ocrx_word' id='word_1_306' title='bbox 1630 2550 1936 2621; x_wconf 71' lang='lat' dir='ltr'><strong>peierabit,</strong></span> <span class='ocrx_word' id='word_1_307' title='bbox 1969 2551 2027 2606; x_wconf 90' lang='lat' dir='ltr'><strong>in</strong></span> 
     </span>
    </p>
   </div>
   <div class='ocr_carea' id='block_1_41' title="bbox 455 2641 2027 2712">
    <p class='ocr_par' dir='ltr' id='par_1_41' title="bbox 455 2641 2027 2712">
     <span class='ocr_line' id='line_1_41' title="bbox 455 2641 2027 2712; baseline 0.003 -17"><span class='ocrx_word' id='word_1_308' title='bbox 455 2643 615 2707; x_wconf 77' lang='lat' dir='ltr'><strong>cujus</strong></span> <span class='ocrx_word' id='word_1_309' title='bbox 657 2642 843 2697; x_wconf 84' lang='lat' dir='ltr'><strong>animo</strong></span> <span class='ocrx_word' id='word_1_310' title='bbox 874 2641 946 2712; x_wconf 88' lang='lat' dir='ltr'><strong>pii</strong></span> <span class='ocrx_word' id='word_1_311' title='bbox 981 2642 1034 2696; x_wconf 91' lang='lat' dir='ltr'><strong>in</strong></span> <span class='ocrx_word' id='word_1_312' title='bbox 1074 2641 1242 2697; x_wconf 85' lang='lat' dir='ltr'><strong>Deum</strong></span> <span class='ocrx_word' id='word_1_313' title='bbox 1279 2657 1474 2697; x_wconf 88' lang='lat' dir='ltr'><strong>sensus</strong></span> <span class='ocrx_word' id='word_1_314' title='bbox 1503 2644 1718 2699; x_wconf 82' lang='lat' dir='ltr'><strong>ardent.</strong></span> <span class='ocrx_word' id='word_1_315' title='bbox 1758 2645 2027 2699; x_wconf 83' lang='lat' dir='ltr'><strong>Aecurate</strong></span> 
     </span>
    </p>
   </div>
   <div class='ocr_carea' id='block_1_42' title="bbox 460 2730 2026 2789">
    <p class='ocr_par' dir='ltr' id='par_1_42' title="bbox 460 2730 2026 2789">
     <span class='ocr_line' id='line_1_42' title="bbox 460 2730 2026 2789; baseline 0.001 -4"><span class='ocrx_word' id='word_1_316' title='bbox 460 2732 513 2785; x_wconf 83' lang='lat' dir='ltr'><strong>id</strong></span> <span class='ocrx_word' id='word_1_317' title='bbox 558 2730 716 2786; x_wconf 76' lang='lat' dir='ltr'><strong>facile</strong></span> <span class='ocrx_word' id='word_1_318' title='bbox 763 2732 1105 2787; x_wconf 79' lang='lat' dir='ltr'><strong>intellexeris</strong></span> <span class='ocrx_word' id='word_1_319' title='bbox 1133 2732 1178 2786; x_wconf 86' lang='lat' dir='ltr'><strong>si</strong></span> <span class='ocrx_word' id='word_1_320' title='bbox 1216 2742 1430 2787; x_wconf 86' lang='lat' dir='ltr'><strong>veteres</strong></span> <span class='ocrx_word' id='word_1_321' title='bbox 1460 2733 1676 2789; x_wconf 66' lang='grc' dir='ltr'>Ιυιίευοε</span> <span class='ocrx_word' id='word_1_322' title='bbox 1709 2733 1762 2787; x_wconf 92' lang='lat' dir='ltr'><strong>in</strong></span> <span class='ocrx_word' id='word_1_323' title='bbox 1795 2748 2026 2788; x_wconf 78' lang='lat' dir='ltr'><strong>examen</strong></span> 
     </span>
    </p>
   </div>
   <div class='ocr_carea' id='block_1_43' title="bbox 458 2824 2029 2895">
    <p class='ocr_par' dir='ltr' id='par_1_43' title="bbox 458 2824 2029 2895">
     <span class='ocr_line' id='line_1_43' title="bbox 458 2824 2029 2895; baseline 0.005 -20"><span class='ocrx_word' id='word_1_324' title='bbox 458 2825 710 2888; x_wconf 71' lang='lat' dir='ltr'><strong>vocaris,</strong></span> <span class='ocrx_word' id='word_1_325' title='bbox 743 2824 837 2893; x_wconf 86' lang='lat' dir='ltr'><strong>qui</strong></span> <span class='ocrx_word' id='word_1_326' title='bbox 870 2839 994 2878; x_wconf 88' lang='lat' dir='ltr'><strong>cum</strong></span> <span class='ocrx_word' id='word_1_327' title='bbox 1029 2824 1123 2879; x_wconf 88' lang='lat' dir='ltr'><strong>Dei</strong></span> <span class='ocrx_word' id='word_1_328' title='bbox 1172 2826 1549 2879; x_wconf 80' lang='lat' dir='ltr'><strong>reverentiam</strong></span> <span class='ocrx_word' id='word_1_329' title='bbox 1593 2827 1659 2878; x_wconf 72' lang='lat' dir='ltr'><strong>ad</strong></span> <span class='ocrx_word' id='word_1_330' title='bbox 1704 2825 2029 2895; x_wconf 65' lang='lat' dir='ltr'><strong>peregrinos</strong></span> 
     </span>
    </p>
   </div>
   <div class='ocr_carea' id='block_1_44' title="bbox 460 2918 2029 2991">
    <p class='ocr_par' dir='ltr' id='par_1_44' title="bbox 460 2918 2029 2991">
     <span class='ocr_line' id='line_1_44' title="bbox 460 2918 2029 2991; baseline 0.004 -22"><span class='ocrx_word' id='word_1_331' title='bbox 460 2918 594 2972; x_wconf 82' lang='lat' dir='ltr'><strong>deos</strong></span> <span class='ocrx_word' id='word_1_332' title='bbox 639 2919 1074 2987; x_wconf 83' lang='lat' dir='ltr'><strong>transtulerunt,</strong></span> <span class='ocrx_word' id='word_1_333' title='bbox 1107 2919 1291 2976; x_wconf 83' lang='lat' dir='ltr'><strong>statim</strong></span> <span class='ocrx_word' id='word_1_334' title='bbox 1349 2922 1402 2974; x_wconf 91' lang='lat' dir='ltr'><strong>in</strong></span> <span class='ocrx_word' id='word_1_335' title='bbox 1448 2919 1771 2975; x_wconf 72' lang='lat' dir='ltr'><strong>servitutem</strong></span> <span class='ocrx_word' id='word_1_336' title='bbox 1820 2921 2029 2991; x_wconf 60' lang='lat' dir='ltr'><strong>redigo.</strong></span> 
     </span>
    </p>
   </div>
   <div class='ocr_carea' id='block_1_45' title="bbox 459 3010 2026 3085">
    <p class='ocr_par' dir='ltr' id='par_1_45' title="bbox 459 3010 2026 3085">
     <span class='ocr_line' id='line_1_45' title="bbox 459 3010 2026 3085; baseline 0.004 -22"><span class='ocrx_word' id='word_1_337' title='bbox 459 3010 661 3066; x_wconf 68' lang='lat' dir='ltr'><strong>liantur</strong></span> <span class='ocrx_word' id='word_1_338' title='bbox 684 3029 712 3066; x_wconf 89' lang='lat' dir='ltr'><strong>a</strong></span> <span class='ocrx_word' id='word_1_339' title='bbox 746 3012 998 3069; x_wconf 82' lang='lat' dir='ltr'><strong>ﬁnitimis</strong></span> <span class='ocrx_word' id='word_1_340' title='bbox 1028 3014 1309 3084; x_wconf 80' lang='lat' dir='ltr'><strong>gentibus,</strong></span> <span class='ocrx_word' id='word_1_341' title='bbox 1339 3030 1572 3085; x_wconf 85' lang='lat' dir='ltr'><strong>quarum</strong></span> <span class='ocrx_word' id='word_1_342' title='bbox 1603 3014 1814 3070; x_wconf 80' lang='lat' dir='ltr'><strong>domini</strong></span> <span class='ocrx_word' id='word_1_343' title='bbox 1844 3022 2026 3079; x_wconf 89' lang='lat' dir='ltr'><strong>erant,</strong></span> 
     </span>
    </p>
   </div>
   <div class='ocr_carea' id='block_1_46' title="bbox 458 3104 2029 3177">
    <p class='ocr_par' dir='ltr' id='par_1_46' title="bbox 458 3104 2029 3177">
     <span class='ocr_line' id='line_1_46' title="bbox 458 3104 2029 3177; baseline 0.004 -21"><span class='ocrx_word' id='word_1_344' title='bbox 458 3104 704 3172; x_wconf 71' lang='lat' dir='ltr'><strong>quandin</strong></span> <span class='ocrx_word' id='word_1_345' title='bbox 737 3105 824 3175; x_wconf 91' lang='lat' dir='ltr'><strong>pie</strong></span> <span class='ocrx_word' id='word_1_346' title='bbox 857 3106 929 3161; x_wconf 90' lang='lat' dir='ltr'><strong>de</strong></span> <span class='ocrx_word' id='word_1_347' title='bbox 957 3105 1072 3161; x_wconf 84' lang='lat' dir='ltr'><strong>Deo</strong></span> <span class='ocrx_word' id='word_1_348' title='bbox 1102 3117 1437 3173; x_wconf 86' lang='lat' dir='ltr'><strong>senserunt;</strong></span> <span class='ocrx_word' id='word_1_349' title='bbox 1472 3108 1561 3161; x_wconf 90' lang='lat' dir='ltr'><strong>ubi</strong></span> <span class='ocrx_word' id='word_1_350' title='bbox 1599 3119 1779 3163; x_wconf 89' lang='lat' dir='ltr'><strong>autem</strong></span> <span class='ocrx_word' id='word_1_351' title='bbox 1809 3108 1932 3177; x_wconf 88' lang='lat' dir='ltr'><strong>pius</strong></span> <span class='ocrx_word' id='word_1_352' title='bbox 1960 3107 2029 3162; x_wconf 90' lang='lat' dir='ltr'><strong>iis</strong></span> 
     </span>
    </p>
   </div>
   <div class='ocr_carea' id='block_1_47' title="bbox 457 3198 2030 3274">
    <p class='ocr_par' dir='ltr' id='par_1_47' title="bbox 457 3198 2030 3274">
     <span class='ocr_line' id='line_1_47' title="bbox 457 3198 2030 3274; baseline 0.004 -24"><span class='ocrx_word' id='word_1_353' title='bbox 457 3206 581 3257; x_wconf 86' lang='lat' dir='ltr'><strong>erat</strong></span> <span class='ocrx_word' id='word_1_354' title='bbox 627 3198 925 3270; x_wconf 85' lang='lat' dir='ltr'><strong>princeps,</strong></span> <span class='ocrx_word' id='word_1_355' title='bbox 973 3216 1171 3255; x_wconf 87' lang='lat' dir='ltr'><strong>rursus</strong></span> <span class='ocrx_word' id='word_1_356' title='bbox 1219 3203 1538 3271; x_wconf 82' lang='lat' dir='ltr'><strong>superiores</strong></span> <span class='ocrx_word' id='word_1_357' title='bbox 1584 3201 1834 3258; x_wconf 81' lang='lat' dir='ltr'><strong>hostibus</strong></span> <span class='ocrx_word' id='word_1_358' title='bbox 1867 3201 2030 3274; x_wconf 67' lang='grc'><strong>104</strong></span> 
     </span>
    </p>
   </div>
   <div class='ocr_carea' id='block_1_48' title="bbox 458 3292 2023 3364">
    <p class='ocr_par' dir='ltr' id='par_1_48' title="bbox 458 3292 2023 3364">
     <span class='ocr_line' id='line_1_48' title="bbox 458 3292 2023 3364; baseline 0.002 -18"><span class='ocrx_word' id='word_1_359' title='bbox 458 3306 641 3347; x_wconf 85' lang='lat' dir='ltr'><strong>erant.</strong></span> <span class='ocrx_word' id='word_1_360' title='bbox 687 3292 869 3364; x_wconf 85' lang='lat' dir='ltr'><strong>Atque</strong></span> <span class='ocrx_word' id='word_1_361' title='bbox 918 3308 974 3349; x_wconf 89' lang='lat' dir='ltr'><strong>ut</strong></span> <span class='ocrx_word' id='word_1_362' title='bbox 1007 3305 1194 3351; x_wconf 79' lang='lat' dir='ltr'><strong>vetera</strong></span> <span class='ocrx_word' id='word_1_363' title='bbox 1226 3295 1569 3359; x_wconf 85' lang='lat' dir='ltr'><strong>omittamus,</strong></span> <span class='ocrx_word' id='word_1_364' title='bbox 1599 3296 2023 3352; x_wconf 87' lang='lat' dir='ltr'><strong>Constantinum</strong></span> 
     </span>
    </p>
   </div>
   <div class='ocr_carea' id='block_1_49' title="bbox 458 3386 2026 3461">
    <p class='ocr_par' dir='ltr' id='par_1_49' title="bbox 458 3386 2026 3461">
     <span class='ocr_line' id='line_1_49' title="bbox 458 3386 2026 3461; baseline 0.001 -18"><span class='ocrx_word' id='word_1_365' title='bbox 458 3386 713 3457; x_wconf 76' lang='lat' dir='ltr'><strong>Magnum</strong></span> <span class='ocrx_word' id='word_1_366' title='bbox 743 3388 888 3445; x_wconf 85' lang='lat' dir='ltr'><strong>inter</strong></span> <span class='ocrx_word' id='word_1_367' title='bbox 917 3390 1279 3461; x_wconf 87' lang='lat' dir='ltr'><strong>imperatores</strong></span> <span class='ocrx_word' id='word_1_368' title='bbox 1309 3388 1644 3456; x_wconf 82' lang='lat' dir='ltr'><strong>consideres,</strong></span> <span class='ocrx_word' id='word_1_369' title='bbox 1676 3404 1883 3460; x_wconf 76' lang='lat' dir='ltr'><strong>qureso,</strong></span> <span class='ocrx_word' id='word_1_370' title='bbox 1915 3389 2026 3453; x_wconf 83' lang='lat' dir='ltr'><strong>cui.</strong></span> 
     </span>
    </p>
   </div>
   <div class='ocr_carea' id='block_1_50' title="bbox 458 3481 2033 3557">
    <p class='ocr_par' dir='ltr' id='par_1_50' title="bbox 458 3481 2033 3557">
     <span class='ocr_line' id='line_1_50' title="bbox 458 3481 2033 3557; baseline -0.001 -20"><span class='ocrx_word' id='word_1_371' title='bbox 458 3495 583 3537; x_wconf 85' lang='lat' dir='ltr'><strong>cum</strong></span> <span class='ocrx_word' id='word_1_372' title='bbox 617 3481 826 3535; x_wconf 90' lang='lat' dir='ltr'><strong>cultum</strong></span> <span class='ocrx_word' id='word_1_373' title='bbox 866 3481 1096 3557; x_wconf 67' lang='lat' dir='ltr'><strong>deorum</strong></span> <span class='ocrx_word' id='word_1_374' title='bbox 1119 3521 1134 3545; x_wconf 92' lang='lat'><strong>,</strong></span> <span class='ocrx_word' id='word_1_375' title='bbox 1175 3498 1284 3552; x_wconf 89' lang='lat' dir='ltr'><strong>quo</strong></span> <span class='ocrx_word' id='word_1_376' title='bbox 1319 3482 1543 3551; x_wconf 86' lang='lat' dir='ltr'><strong>quidem</strong></span> <span class='ocrx_word' id='word_1_377' title='bbox 1582 3483 1805 3538; x_wconf 79' lang='lat' dir='ltr'><strong>nomine</strong></span> <span class='ocrx_word' id='word_1_378' title='bbox 1837 3496 2033 3552; x_wconf 81' lang='lat' dir='ltr'><strong>perpe-</strong></span> 
     </span>
    </p>
   </div>
   <div class='ocr_carea' id='block_1_51' title="bbox 461 3573 2026 3643">
    <p class='ocr_par' dir='ltr' id='par_1_51' title="bbox 461 3573 2026 3643">
     <span class='ocr_line' id='line_1_51' title="bbox 461 3573 2026 3643; baseline 0.001 -16"><span class='ocrx_word' id='word_1_379' title='bbox 461 3589 575 3627; x_wconf 83' lang='lat' dir='ltr'><strong>ram</strong></span> <span class='ocrx_word' id='word_1_380' title='bbox 607 3575 1088 3643; x_wconf 82' lang='lat' dir='ltr'><strong>miucupahanlur,</strong></span> <span class='ocrx_word' id='word_1_381' title='bbox 1117 3575 1184 3627; x_wconf 90' lang='lat' dir='ltr'><strong>ad</strong></span> <span class='ocrx_word' id='word_1_382' title='bbox 1213 3591 1405 3628; x_wconf 87' lang='lat' dir='ltr'><strong>verum</strong></span> <span class='ocrx_word' id='word_1_383' title='bbox 1436 3574 1604 3628; x_wconf 89' lang='lat' dir='ltr'><strong>Deum</strong></span> <span class='ocrx_word' id='word_1_384' title='bbox 1633 3573 2026 3637; x_wconf 85' lang='lat' dir='ltr'><strong>transtulisset,</strong></span> 
     </span>
    </p>
   </div>
   <div class='ocr_carea' id='block_1_52' title="bbox 457 3662 2031 3737">
    <p class='ocr_par' dir='ltr' id='par_1_52' title="bbox 457 3662 2031 3737">
     <span class='ocr_line' id='line_1_52' title="bbox 457 3662 2031 3737; baseline 0.001 -20"><span class='ocrx_word' id='word_1_385' title='bbox 457 3666 727 3737; x_wconf 71' lang='lat' dir='ltr'><strong>contigit,</strong></span> <span class='ocrx_word' id='word_1_386' title='bbox 771 3676 831 3719; x_wconf 89' lang='lat' dir='ltr'><strong>ut</strong></span> <span class='ocrx_word' id='word_1_387' title='bbox 868 3666 1162 3736; x_wconf 85' lang='lat' dir='ltr'><strong>ampliores</strong></span> <span class='ocrx_word' id='word_1_388' title='bbox 1203 3664 1417 3735; x_wconf 89' lang='lat' dir='ltr'><strong>imperii</strong></span> <span class='ocrx_word' id='word_1_389' title='bbox 1463 3662 1602 3719; x_wconf 78' lang='lat' dir='ltr'><strong>ﬁnes</strong></span> <span class='ocrx_word' id='word_1_390' title='bbox 1634 3680 1798 3734; x_wconf 90' lang='lat' dir='ltr'><strong>quam</strong></span> <span class='ocrx_word' id='word_1_391' title='bbox 1838 3678 2031 3718; x_wconf 84' lang='lat' dir='ltr'><strong>omnes</strong></span> 
     </span>
    </p>
   </div>
   <div class='ocr_carea' id='block_1_53' title="bbox 461 3756 2031 3828">
    <p class='ocr_par' dir='ltr' id='par_1_53' title="bbox 461 3756 2031 3828">
     <span class='ocr_line' id='line_1_53' title="bbox 461 3756 2031 3828; baseline -0.001 -16"><span class='ocrx_word' id='word_1_392' title='bbox 461 3768 588 3813; x_wconf 85' lang='lat' dir='ltr'><strong>ante</strong></span> <span class='ocrx_word' id='word_1_393' title='bbox 622 3774 749 3813; x_wconf 89' lang='lat' dir='ltr'><strong>eum</strong></span> <span class='ocrx_word' id='word_1_394' title='bbox 782 3759 1148 3828; x_wconf 85' lang='lat' dir='ltr'><strong>imperatores</strong></span> <span class='ocrx_word' id='word_1_395' title='bbox 1182 3759 1289 3812; x_wconf 90' lang='lat' dir='ltr'><strong>sibi</strong></span> <span class='ocrx_word' id='word_1_396' title='bbox 1318 3758 1645 3813; x_wconf 80' lang='lat' dir='ltr'><strong>vindicaret.</strong></span> <span class='ocrx_word' id='word_1_397' title='bbox 1685 3756 2031 3828; x_wconf 84' lang='lat' dir='ltr'><strong>Imperatori-</strong></span> 
     </span>
    </p>
   </div>
   <div class='ocr_carea' id='block_1_54' title="bbox 460 3848 2030 3921">
    <p class='ocr_par' dir='ltr' id='par_1_54' title="bbox 460 3848 2030 3921">
     <span class='ocr_line' id='line_1_54' title="bbox 460 3848 2030 3921; baseline -0.001 -17"><span class='ocrx_word' id='word_1_398' title='bbox 460 3850 565 3904; x_wconf 89' lang='lat' dir='ltr'><strong>bns</strong></span> <span class='ocrx_word' id='word_1_399' title='bbox 601 3861 783 3904; x_wconf 85' lang='lat' dir='ltr'><strong>autem</strong></span> <span class='ocrx_word' id='word_1_400' title='bbox 820 3859 942 3921; x_wconf 88' lang='lat' dir='ltr'><strong>post</strong></span> <span class='ocrx_word' id='word_1_401' title='bbox 973 3853 1100 3904; x_wconf 82' lang='lat' dir='ltr'><strong>eum</strong></span> <span class='ocrx_word' id='word_1_402' title='bbox 1127 3893 1139 3912; x_wconf 90' lang='lat'><strong>,</strong></span> <span class='ocrx_word' id='word_1_403' title='bbox 1176 3849 1270 3919; x_wconf 90' lang='lat' dir='ltr'><strong>qui</strong></span> <span class='ocrx_word' id='word_1_404' title='bbox 1312 3848 1698 3904; x_wconf 67' lang='lat' dir='ltr'><strong>haereticorum</strong></span> <span class='ocrx_word' id='word_1_405' title='bbox 1739 3848 2030 3916; x_wconf 76' lang='lat' dir='ltr'><strong>Opinionrs</strong></span> 
     </span>
    </p>
   </div>
   <div class='ocr_carea' id='block_1_55' title="bbox 463 3941 2028 4011">
    <p class='ocr_par' dir='ltr' id='par_1_55' title="bbox 463 3941 2028 4011">
     <span class='ocr_line' id='line_1_55' title="bbox 463 3941 2028 4011; baseline -0.004 -13"><span class='ocrx_word' id='word_1_406' title='bbox 463 3944 519 3999; x_wconf 90' lang='lat' dir='ltr'><strong>in</strong></span> <span class='ocrx_word' id='word_1_407' title='bbox 557 3944 741 3996; x_wconf 76' lang='lat' dir='ltr'><strong>divina</strong></span> <span class='ocrx_word' id='word_1_408' title='bbox 782 3943 909 3996; x_wconf 80' lang='lat' dir='ltr'><strong>ﬁdei</strong></span> <span class='ocrx_word' id='word_1_409' title='bbox 945 3941 1200 4011; x_wconf 76' lang='lat' dir='ltr'><strong>degmata</strong></span> <span class='ocrx_word' id='word_1_410' title='bbox 1239 3942 1500 3998; x_wconf 86' lang='lat' dir='ltr'><strong>inducere</strong></span> <span class='ocrx_word' id='word_1_411' title='bbox 1530 3943 1832 4010; x_wconf 87' lang='lat' dir='ltr'><strong>Deumque,</strong></span> <span class='ocrx_word' id='word_1_412' title='bbox 1864 3954 2028 4009; x_wconf 85' lang='lat' dir='ltr'><strong>quem</strong></span> 
     </span>
    </p>
   </div>
   <div class='ocr_carea' id='block_1_56' title="bbox 460 4029 2031 4102">
    <p class='ocr_par' dir='ltr' id='par_1_56' title="bbox 460 4029 2031 4102">
     <span class='ocr_line' id='line_1_56' title="bbox 460 4029 2031 4102; baseline -0.004 -10"><span class='ocrx_word' id='word_1_413' title='bbox 460 4048 521 4092; x_wconf 74' lang='lat' dir='ltr'><strong>se</strong></span> <span class='ocrx_word' id='word_1_414' title='bbox 548 4033 813 4089; x_wconf 76' lang='lat' dir='ltr'><strong>extremis</strong></span> <span class='ocrx_word' id='word_1_415' title='bbox 845 4033 1017 4088; x_wconf 87' lang='lat' dir='ltr'><strong>labris</strong></span> <span class='ocrx_word' id='word_1_416' title='bbox 1056 4033 1239 4087; x_wconf 90' lang='lat' dir='ltr'><strong>colere</strong></span> <span class='ocrx_word' id='word_1_417' title='bbox 1276 4032 1576 4095; x_wconf 88' lang='lat' dir='ltr'><strong>dicebant,</strong></span> <span class='ocrx_word' id='word_1_418' title='bbox 1610 4033 1853 4102; x_wconf 87' lang='lat' dir='ltr'><strong>pejerare</strong></span> <span class='ocrx_word' id='word_1_419' title='bbox 1894 4029 2031 4085; x_wconf 87' lang='lat' dir='ltr'><strong>inci-</strong></span> 
     </span>
    </p>
   </div>
   <div class='ocr_carea' id='block_1_57' title="bbox 464 4121 2031 4196">
    <p class='ocr_par' dir='ltr' id='par_1_57' title="bbox 464 4121 2031 4196">
     <span class='ocr_line' id='line_1_57' title="bbox 464 4121 2031 4196; baseline 0 -19"><span class='ocrx_word' id='word_1_420' title='bbox 464 4126 723 4195; x_wconf 86' lang='lat' dir='ltr'><strong>piebant,</strong></span> <span class='ocrx_word' id='word_1_421' title='bbox 753 4126 938 4181; x_wconf 87' lang='lat' dir='ltr'><strong>statim</strong></span> <span class='ocrx_word' id='word_1_422' title='bbox 968 4125 1289 4196; x_wconf 79' lang='lat' dir='ltr'><strong>magnitudo</strong></span> <span class='ocrx_word' id='word_1_423' title='bbox 1320 4125 1412 4180; x_wconf 90' lang='lat' dir='ltr'><strong>illa</strong></span> <span class='ocrx_word' id='word_1_424' title='bbox 1440 4125 1655 4195; x_wconf 85' lang='lat' dir='ltr'><strong>imperii</strong></span> <span class='ocrx_word' id='word_1_425' title='bbox 1683 4123 1751 4178; x_wconf 88' lang='lat' dir='ltr'><strong>ab</strong></span> <span class='ocrx_word' id='word_1_426' title='bbox 1780 4121 2031 4179; x_wconf 81' lang='lat' dir='ltr'><strong>hostibus</strong></span> 
     </span>
    </p>
   </div>
   <div class='ocr_carea' id='block_1_58' title="bbox 460 4217 1527 4290">
    <p class='ocr_par' dir='ltr' id='par_1_58' title="bbox 460 4217 1527 4290">
     <span class='ocr_line' id='line_1_58' title="bbox 460 4217 1527 4290; baseline -0.002 -16"><span class='ocrx_word' id='word_1_427' title='bbox 460 4219 666 4275; x_wconf 86' lang='lat' dir='ltr'><strong>sensim</strong></span> <span class='ocrx_word' id='word_1_428' title='bbox 706 4219 1079 4290; x_wconf 86' lang='lat' dir='ltr'><strong>paulatimque</strong></span> <span class='ocrx_word' id='word_1_429' title='bbox 1115 4217 1527 4274; x_wconf 80' lang='lat' dir='ltr'><strong>diminuebatur</strong></span> 
     </span>
    </p>
   </div>
   <div class='ocr_carea' id='block_1_59' title="bbox 534 4400 2035 4473">
    <p class='ocr_par' dir='ltr' id='par_1_59' title="bbox 534 4400 2035 4473">
     <span class='ocr_line' id='line_1_59' title="bbox 534 4400 2035 4473; baseline -0.001 -15"><span class='ocrx_word' id='word_1_430' title='bbox 534 4403 697 4458; x_wconf 75' lang='lat' dir='ltr'><strong>XVII.</strong></span> <span class='ocrx_word' id='word_1_431' title='bbox 753 4402 858 4456; x_wconf 85' lang='lat' dir='ltr'><strong>Sed</strong></span> <span class='ocrx_word' id='word_1_432' title='bbox 896 4403 1120 4473; x_wconf 81' lang='lat' dir='ltr'><strong>longum</strong></span> <span class='ocrx_word' id='word_1_433' title='bbox 1161 4412 1377 4471; x_wconf 88' lang='lat' dir='ltr'><strong>tempus</strong></span> <span class='ocrx_word' id='word_1_434' title='bbox 1415 4416 1502 4456; x_wconf 90' lang='lat' dir='ltr'><strong>me</strong></span> <span class='ocrx_word' id='word_1_435' title='bbox 1534 4400 1824 4466; x_wconf 81' lang='lat' dir='ltr'><strong>deﬁceret,</strong></span> <span class='ocrx_word' id='word_1_436' title='bbox 1856 4402 1901 4457; x_wconf 90' lang='lat' dir='ltr'><strong>si</strong></span> <span class='ocrx_word' id='word_1_437' title='bbox 1940 4416 2035 4457; x_wconf 83' lang='lat' dir='ltr'><strong>ve—</strong></span> 
     </span>
    </p>
   </div>
   <div class='ocr_carea' id='block_1_60' title="bbox 465 4492 2030 4562">
    <p class='ocr_par' dir='ltr' id='par_1_60' title="bbox 465 4492 2030 4562">
     <span class='ocr_line' id='line_1_60' title="bbox 465 4492 2030 4562; baseline -0.001 -13"><span class='ocrx_word' id='word_1_438' title='bbox 465 4503 582 4549; x_wconf 85' lang='lat' dir='ltr'><strong>tera</strong></span> <span class='ocrx_word' id='word_1_439' title='bbox 617 4507 671 4548; x_wconf 89' lang='lat' dir='ltr'><strong>et</strong></span> <span class='ocrx_word' id='word_1_440' title='bbox 708 4494 950 4547; x_wconf 79' lang='lat' dir='ltr'><strong>recentia</strong></span> <span class='ocrx_word' id='word_1_441' title='bbox 1002 4495 1255 4562; x_wconf 76' lang='lat' dir='ltr'><strong>exempla</strong></span> <span class='ocrx_word' id='word_1_442' title='bbox 1304 4493 1371 4548; x_wconf 88' lang='lat' dir='ltr'><strong>ad</strong></span> <span class='ocrx_word' id='word_1_443' title='bbox 1422 4493 1712 4548; x_wconf 84' lang='lat' dir='ltr'><strong>veritatem</strong></span> <span class='ocrx_word' id='word_1_444' title='bbox 1755 4492 2030 4550; x_wconf 85' lang='lat' dir='ltr'><strong>dictorum</strong></span> 
     </span>
    </p>
   </div>
   <div class='ocr_carea' id='block_1_61' title="bbox 2052 3251 2100 3315">
    <p class='ocr_par' dir='ltr' id='par_1_61' title="bbox 2052 3251 2100 3315">
     <span class='ocr_line' id='line_1_61' title="bbox 2052 3251 2100 3315; baseline 0 0"><span class='ocrx_word' id='word_1_445' title='bbox 2052 3251 2100 3315; x_wconf 73' lang='grc' dir='ltr'><strong>(Σ</strong></span> 
     </span>
    </p>
   </div>
   <div class='ocr_carea' id='block_1_62' title="bbox 2128 1996 3713 2079">
    <p class='ocr_par' dir='ltr' id='par_1_62' title="bbox 2128 1996 3713 2079">
     <span class='ocr_line' id='line_1_62' title="bbox 2128 1996 3713 2079; baseline -0.01 -14"><span class='ocrx_word' id='word_1_446' title='bbox 2128 2011 2352 2076; x_wconf 77' lang='grc' dir='ltr'>ἀγαθῶν</span> <span class='ocrx_word' id='word_1_447' title='bbox 2390 2013 2454 2065; x_wconf 80' lang='grc' dir='ltr'>ἑκ</span> <span class='ocrx_word' id='word_1_448' title='bbox 2496 2011 2605 2065; x_wconf 90' lang='grc' dir='ltr'><strong>τῶν</strong></span> <span class='ocrx_word' id='word_1_449' title='bbox 2659 2007 2886 2079; x_wconf 81' lang='grc' dir='ltr'>βαθμῶν</span> <span class='ocrx_word' id='word_1_450' title='bbox 2936 2005 3061 2076; x_wconf 75' lang='grc' dir='ltr'><strong>ἑξῆς</strong></span> <span class='ocrx_word' id='word_1_451' title='bbox 3105 2005 3201 2058; x_wconf 78' lang='grc' dir='ltr'>καὶ</span> <span class='ocrx_word' id='word_1_452' title='bbox 3249 2000 3573 2056; x_wconf 84' lang='grc' dir='ltr'>ύποϐἀσεων</span> <span class='ocrx_word' id='word_1_453' title='bbox 3608 1996 3713 2064; x_wconf 82' lang='grc' dir='ltr'>τῆς</span> 
     </span>
    </p>
   </div>
   <div class='ocr_carea' id='block_1_63' title="bbox 2128 2087 3709 2176">
    <p class='ocr_par' dir='ltr' id='par_1_63' title="bbox 2128 2087 3709 2176">
     <span class='ocr_line' id='line_1_63' title="bbox 2128 2087 3709 2176; baseline -0.013 -16"><span class='ocrx_word' id='word_1_454' title='bbox 2128 2103 2563 2176; x_wconf 82' lang='grc' dir='ltr'>ἀπαριθμήσεως</span> <span class='ocrx_word' id='word_1_455' title='bbox 2596 2102 2853 2174; x_wconf 80' lang='grc' dir='ltr'>διαφορά.</span> <span class='ocrx_word' id='word_1_456' title='bbox 2886 2099 3087 2155; x_wconf 60' lang='lat' dir='ltr'><strong>Kastth</strong></span> <span class='ocrx_word' id='word_1_457' title='bbox 3125 2097 3170 2152; x_wconf 86' lang='grc' dir='ltr'>δ’</span> <span class='ocrx_word' id='word_1_458' title='bbox 3215 2092 3284 2150; x_wconf 80' lang='grc' dir='ltr'>αὖ</span> <span class='ocrx_word' id='word_1_459' title='bbox 3336 2092 3593 2148; x_wconf 82' lang='grc' dir='ltr'>ἁπάντων</span> <span class='ocrx_word' id='word_1_460' title='bbox 3636 2087 3709 2140; x_wconf 81' lang='grc' dir='ltr'><strong>ἂν</strong></span> 
     </span>
    </p>
   </div>
   <div class='ocr_carea' id='block_1_64' title="bbox 2128 2180 3707 2268">
    <p class='ocr_par' dir='ltr' id='par_1_64' title="bbox 2128 2180 3707 2268">
     <span class='ocr_line' id='line_1_64' title="bbox 2128 2180 3707 2268; baseline -0.005 -18"><span class='ocrx_word' id='word_1_461' title='bbox 2128 2198 2213 2268; x_wconf 73' lang='grc' dir='ltr'><strong>εἴη</strong></span> <span class='ocrx_word' id='word_1_462' title='bbox 2242 2197 2502 2252; x_wconf 78' lang='grc' dir='ltr'>κάκιστον</span> <span class='ocrx_word' id='word_1_463' title='bbox 2537 2199 2600 2251; x_wconf 81' lang='grc' dir='ltr'>ἐκ</span> <span class='ocrx_word' id='word_1_464' title='bbox 2628 2194 2916 2264; x_wconf 73' lang='grc' dir='ltr'>διαμέτρου</span> <span class='ocrx_word' id='word_1_465' title='bbox 2937 2192 3155 2255; x_wconf 81' lang='grc' dir='ltr'>πάντως</span> <span class='ocrx_word' id='word_1_466' title='bbox 3183 2191 3211 2244; x_wconf 86' lang='grc' dir='ltr'><strong>ό</strong></span> <span class='ocrx_word' id='word_1_467' title='bbox 3235 2186 3374 2243; x_wconf 86' lang='grc' dir='ltr'>Θεοῦ</span> <span class='ocrx_word' id='word_1_468' title='bbox 3400 2180 3707 2257; x_wconf 74' lang='grc' dir='ltr'>χωρισμὸς.</span> 
     </span>
    </p>
   </div>
   <div class='ocr_carea' id='block_1_65' title="bbox 2126 2271 3706 2356">
    <p class='ocr_par' dir='ltr' id='par_1_65' title="bbox 2126 2271 3706 2356">
     <span class='ocr_line' id='line_1_65' title="bbox 2126 2271 3706 2356; baseline -0.011 -16"><span class='ocrx_word' id='word_1_469' title='bbox 2126 2285 2187 2340; x_wconf 85' lang='grc' dir='ltr'><strong>οῦ</strong></span> <span class='ocrx_word' id='word_1_470' title='bbox 2219 2289 2444 2356; x_wconf 78' lang='grc' dir='ltr'>σημεῖον</span> <span class='ocrx_word' id='word_1_471' title='bbox 2478 2286 2567 2338; x_wconf 81' lang='grc' dir='ltr'>καὶ</span> <span class='ocrx_word' id='word_1_472' title='bbox 2609 2282 2899 2353; x_wconf 85' lang='grc' dir='ltr'>γνώρισμα</span> <span class='ocrx_word' id='word_1_473' title='bbox 2929 2281 3203 2353; x_wconf 73' lang='grc' dir='ltr'>προφανὲς</span> <span class='ocrx_word' id='word_1_474' title='bbox 3239 2280 3272 2349; x_wconf 79' lang='grc' dir='ltr'>ἡ</span> <span class='ocrx_word' id='word_1_475' title='bbox 3306 2275 3414 2330; x_wconf 86' lang='grc' dir='ltr'><strong>τῶν</strong></span> <span class='ocrx_word' id='word_1_476' title='bbox 3454 2271 3706 2343; x_wconf 87' lang='grc' dir='ltr'>πατρίων</span> 
     </span>
    </p>
   </div>
   <div class='ocr_carea' id='block_1_66' title="bbox 2128 2363 3712 2448">
    <p class='ocr_par' dir='ltr' id='par_1_66' title="bbox 2128 2363 3712 2448">
     <span class='ocr_line' id='line_1_66' title="bbox 2128 2363 3712 2448; baseline -0.009 -17"><span class='ocrx_word' id='word_1_477' title='bbox 2128 2381 2369 2433; x_wconf 82' lang='grc' dir='ltr'>κανόνων</span> <span class='ocrx_word' id='word_1_478' title='bbox 2394 2381 2487 2432; x_wconf 71' lang='grc' dir='ltr'>καὶ</span> <span class='ocrx_word' id='word_1_479' title='bbox 2527 2378 2707 2448; x_wconf 90' lang='grc' dir='ltr'>νόμων</span> <span class='ocrx_word' id='word_1_480' title='bbox 2740 2376 3018 2446; x_wconf 85' lang='grc' dir='ltr'>ἀθέτησις,</span> <span class='ocrx_word' id='word_1_481' title='bbox 3057 2372 3128 2443; x_wconf 71' lang='grc' dir='ltr'><strong>ἢν</strong></span> <span class='ocrx_word' id='word_1_482' title='bbox 3156 2365 3482 2442; x_wconf 86' lang='grc' dir='ltr'>προσθέσεσί</span> <span class='ocrx_word' id='word_1_483' title='bbox 3517 2380 3578 2418; x_wconf 82' lang='grc' dir='ltr'><strong>τε</strong></span> <span class='ocrx_word' id='word_1_484' title='bbox 3617 2363 3712 2430; x_wconf 84' lang='grc' dir='ltr'>γί-</span> 
     </span>
    </p>
   </div>
   <div class='ocr_carea' id='block_1_67' title="bbox 2129 2460 3708 2541">
    <p class='ocr_par' dir='ltr' id='par_1_67' title="bbox 2129 2460 3708 2541">
     <span class='ocr_line' id='line_1_67' title="bbox 2129 2460 3708 2541; baseline -0.004 -16"><span class='ocrx_word' id='word_1_485' title='bbox 2129 2471 2314 2525; x_wconf 87' lang='grc' dir='ltr'>νεσθαι</span> <span class='ocrx_word' id='word_1_486' title='bbox 2365 2473 2455 2525; x_wconf 74' lang='grc' dir='ltr'>καὶ</span> <span class='ocrx_word' id='word_1_487' title='bbox 2496 2470 2822 2541; x_wconf 72' lang='grc' dir='ltr'>ύφαιρέσεσι</span> <span class='ocrx_word' id='word_1_488' title='bbox 2873 2468 2985 2531; x_wconf 79' lang='grc' dir='ltr'>τοῖς</span> <span class='ocrx_word' id='word_1_489' title='bbox 3032 2464 3325 2534; x_wconf 82' lang='grc' dir='ltr'>θεομάχοις</span> <span class='ocrx_word' id='word_1_490' title='bbox 3376 2460 3708 2526; x_wconf 77' lang='grc' dir='ltr'>συμπίπτει.</span> 
     </span>
    </p>
   </div>
   <div class='ocr_carea' id='block_1_68' title="bbox 2129 2549 3712 2633">
    <p class='ocr_par' dir='ltr' id='par_1_68' title="bbox 2129 2549 3712 2633">
     <span class='ocr_line' id='line_1_68' title="bbox 2129 2549 3712 2633; baseline -0.008 -18"><span class='ocrx_word' id='word_1_491' title='bbox 2129 2564 2223 2616; x_wconf 60' lang='grc' dir='ltr'><strong>καί⁸</strong></span> <span class='ocrx_word' id='word_1_492' title='bbox 2274 2562 2392 2633; x_wconf 69' lang='grc' dir='ltr'>ἅμα</span> <span class='ocrx_word' id='word_1_493' title='bbox 2442 2564 2560 2625; x_wconf 85' lang='grc' dir='ltr'>ταῖς</span> <span class='ocrx_word' id='word_1_494' title='bbox 2618 2561 2889 2614; x_wconf 76' lang='grc' dir='ltr'>ἀναιδέσιν</span> <span class='ocrx_word' id='word_1_495' title='bbox 2927 2556 3256 2627; x_wconf 74' lang='grc' dir='ltr'>ὲπιορκίαις.</span> <span class='ocrx_word' id='word_1_496' title='bbox 3308 2552 3446 2610; x_wconf 60' lang='lat' dir='ltr'><strong>oss:</strong></span> <span class='ocrx_word' id='word_1_497' title='bbox 3485 2550 3594 2621; x_wconf 65' lang='grc' dir='ltr'>γᾶρ</span> <span class='ocrx_word' id='word_1_498' title='bbox 3642 2549 3712 2603; x_wconf 84' lang='grc' dir='ltr'><strong>ἂν</strong></span> 
     </span>
    </p>
   </div>
   <div class='ocr_carea' id='block_1_69' title="bbox 2128 2643 3712 2725">
    <p class='ocr_par' dir='ltr' id='par_1_69' title="bbox 2128 2643 3712 2725">
     <span class='ocr_line' id='line_1_69' title="bbox 2128 2643 3712 2725; baseline -0.011 -15"><span class='ocrx_word' id='word_1_499' title='bbox 2128 2656 2452 2725; x_wconf 69' lang='grc' dir='ltr'>ἔπιορκῆσαί</span> <span class='ocrx_word' id='word_1_500' title='bbox 2486 2671 2615 2707; x_wconf 84' lang='grc' dir='ltr'>ποτε</span> <span class='ocrx_word' id='word_1_501' title='bbox 2645 2654 2855 2723; x_wconf 83' lang='grc' dir='ltr'>γένοιτο</span> <span class='ocrx_word' id='word_1_502' title='bbox 2883 2649 3039 2716; x_wconf 78' lang='grc' dir='ltr'>Θεὸν,</span> <span class='ocrx_word' id='word_1_503' title='bbox 3062 2648 3171 2719; x_wconf 83' lang='grc' dir='ltr'><strong>ὅτῳ</strong></span> <span class='ocrx_word' id='word_1_504' title='bbox 3201 2647 3269 2702; x_wconf 82' lang='grc' dir='ltr'><strong>ἂν</strong></span> <span class='ocrx_word' id='word_1_505' title='bbox 3294 2644 3536 2707; x_wconf 80' lang='grc' dir='ltr'>εὐσεϐεῖς</span> <span class='ocrx_word' id='word_1_506' title='bbox 3580 2643 3712 2712; x_wconf 83' lang='grc' dir='ltr'>περὶ</span> 
     </span>
    </p>
   </div>
   <div class='ocr_carea' id='block_1_70' title="bbox 2129 2731 3709 2819">
    <p class='ocr_par' dir='ltr' id='par_1_70' title="bbox 2129 2731 3709 2819">
     <span class='ocr_line' id='line_1_70' title="bbox 2129 2731 3709 2819; baseline -0.011 -14"><span class='ocrx_word' id='word_1_507' title='bbox 2129 2752 2268 2805; x_wconf 81' lang='grc' dir='ltr'>Θεοῦ</span> <span class='ocrx_word' id='word_1_508' title='bbox 2292 2752 2387 2814; x_wconf 82' lang='grc' dir='ltr'>τὰς</span> <span class='ocrx_word' id='word_1_509' title='bbox 2403 2748 2710 2819; x_wconf 44' lang='grc' dir='ltr'>,ὑπολήψεις</span> <span class='ocrx_word' id='word_1_510' title='bbox 2732 2750 2791 2801; x_wconf 78' lang='grc' dir='ltr'><strong>ὲν</strong></span> <span class='ocrx_word' id='word_1_511' title='bbox 2814 2744 3016 2817; x_wconf 76' lang='grc' dir='ltr'>καρδίᾳ</span> <span class='ocrx_word' id='word_1_512' title='bbox 3043 2741 3401 2813; x_wconf 81' lang='grc' dir='ltr'>περιθάλπειν</span> <span class='ocrx_word' id='word_1_513' title='bbox 3432 2737 3491 2809; x_wconf 83' lang='grc' dir='ltr'><strong>[ί.</strong></span> <span class='ocrx_word' id='word_1_514' title='bbox 3515 2735 3620 2791; x_wconf 74' lang='grc'><strong>120</strong></span> <span class='ocrx_word' id='word_1_515' title='bbox 3649 2731 3709 2804; x_wconf 75' lang='lat' dir='ltr'><strong>a}</strong></span> 
     </span>
    </p>
   </div>
   <div class='ocr_carea' id='block_1_71' title="bbox 2129 2808 3710 2916">
    <p class='ocr_par' dir='ltr' id='par_1_71' title="bbox 2129 2808 3710 2916">
     <span class='ocr_line' id='line_1_71' title="bbox 2129 2808 3710 2916; baseline -0.013 -16"><span class='ocrx_word' id='word_1_516' title='bbox 2129 2845 2295 2916; x_wconf 72' lang='grc' dir='ltr'>ἐνείη.</span> <span class='ocrx_word' id='word_1_517' title='bbox 2336 2808 2543 2907; x_wconf 37' lang='lat' dir='ltr'><strong>Rideat;</strong></span> <span class='ocrx_word' id='word_1_518' title='bbox 2574 2808 2631 2895; x_wconf 51' lang='grc' dir='ltr'><strong>’ϐ’</strong></span> <span class='ocrx_word' id='word_1_519' title='bbox 2677 2808 2745 2895; x_wconf 67' lang='grc' dir='ltr'><strong>ἀν</strong></span> <span class='ocrx_word' id='word_1_520' title='bbox 2790 2808 3074 2910; x_wconf 70' lang='grc' dir='ltr'>ἀκριϐῶς,</span> <span class='ocrx_word' id='word_1_521' title='bbox 3118 2808 3388 2889; x_wconf 57' lang='grc' dir='ltr'><strong>ἱιοιιδαίων</strong></span> <span class='ocrx_word' id='word_1_522' title='bbox 3433 2808 3710 2895; x_wconf 56' lang='grc' dir='ltr'>ἐξετάζων</span> 
     </span>
    </p>
   </div>
   <div class='ocr_carea' id='block_1_72' title="bbox 2128 2918 3710 2999">
    <p class='ocr_par' dir='ltr' id='par_1_72' title="bbox 2128 2918 3710 2999">
     <span class='ocr_line' id='line_1_72' title="bbox 2128 2918 3710 2999; baseline -0.014 -10"><span class='ocrx_word' id='word_1_523' title='bbox 2128 2934 2255 2999; x_wconf 80' lang='grc' dir='ltr'>τοὺς</span> <span class='ocrx_word' id='word_1_524' title='bbox 2292 2933 2479 2995; x_wconf 81' lang='grc' dir='ltr'>πάλαι,</span> <span class='ocrx_word' id='word_1_525' title='bbox 2521 2926 2604 2995; x_wconf 72' lang='grc' dir='ltr'>οἷς</span> <span class='ocrx_word' id='word_1_526' title='bbox 2645 2931 2706 2983; x_wconf 83' lang='grc' dir='ltr'>τὸ</span> <span class='ocrx_word' id='word_1_527' title='bbox 2752 2927 2846 2982; x_wconf 87' lang='grc' dir='ltr'><strong>τοῦ</strong></span> <span class='ocrx_word' id='word_1_528' title='bbox 2887 2925 3025 2979; x_wconf 83' lang='grc' dir='ltr'>Θεοῦ</span> <span class='ocrx_word' id='word_1_529' title='bbox 3068 2924 3229 2988; x_wconf 78' lang='grc' dir='ltr'>σέϐας</span> <span class='ocrx_word' id='word_1_530' title='bbox 3269 2924 3349 2986; x_wconf 88' lang='grc' dir='ltr'><strong>είς</strong></span> <span class='ocrx_word' id='word_1_531' title='bbox 3388 2918 3710 2988; x_wconf 72' lang='grc' dir='ltr'>ἀλλοτρίους</span> 
     </span>
    </p>
   </div>
   <div class='ocr_carea' id='block_1_73' title="bbox 2131 3009 3709 3099">
    <p class='ocr_par' dir='ltr' id='par_1_73' title="bbox 2131 3009 3709 3099">
     <span class='ocr_line' id='line_1_73' title="bbox 2131 3009 3709 3099; baseline -0.012 -19"><span class='ocrx_word' id='word_1_532' title='bbox 2131 3024 2575 3099; x_wconf 83' lang='grc' dir='ltr'>μετατιθεμένοις</span> <span class='ocrx_word' id='word_1_533' title='bbox 2608 3020 2761 3082; x_wconf 67' lang='grc' dir='ltr'>θεοὺς</span> <span class='ocrx_word' id='word_1_534' title='bbox 2788 3017 2998 3080; x_wconf 85' lang='grc' dir='ltr'>δούλοις</span> <span class='ocrx_word' id='word_1_535' title='bbox 3024 3016 3186 3079; x_wconf 79' lang='grc' dir='ltr'>εὐθὺς</span> <span class='ocrx_word' id='word_1_536' title='bbox 3213 3009 3709 3099; x_wconf 50' lang='grc' dir='ltr'>καθίστασθαιπῶν</span> 
     </span>
    </p>
   </div>
   <div class='ocr_carea' id='block_1_74' title="bbox 2129 3097 3708 3190">
    <p class='ocr_par' dir='ltr' id='par_1_74' title="bbox 2129 3097 3708 3190">
     <span class='ocr_line' id='line_1_74' title="bbox 2129 3097 3708 3190; baseline -0.013 -19"><span class='ocrx_word' id='word_1_537' title='bbox 2129 3097 2429 3190; x_wconf 79' lang='grc' dir='ltr'>περιοίκων</span> <span class='ocrx_word' id='word_1_538' title='bbox 2467 3114 2795 3169; x_wconf 78' lang='grc' dir='ltr'>συνέπιπτεν</span> <span class='ocrx_word' id='word_1_539' title='bbox 2830 3110 3019 3171; x_wconf 75' lang='grc' dir='ltr'>ίθνῶν,</span> <span class='ocrx_word' id='word_1_540' title='bbox 3061 3103 3135 3161; x_wconf 79' lang='grc' dir='ltr'><strong>ὧν</strong></span> <span class='ocrx_word' id='word_1_541' title='bbox 3184 3103 3535 3163; x_wconf 80' lang='grc' dir='ltr'>εὐσεϐοῦντες</span> <span class='ocrx_word' id='word_1_542' title='bbox 3564 3097 3708 3173; x_wconf 80' lang='grc' dir='ltr'>ἦσαν</span> 
     </span>
    </p>
   </div>
   <div class='ocr_carea' id='block_1_75' title="bbox 2129 3194 3704 3278">
    <p class='ocr_par' dir='ltr' id='par_1_75' title="bbox 2129 3194 3704 3278">
     <span class='ocr_line' id='line_1_75' title="bbox 2129 3194 3704 3278; baseline -0.014 -12"><span class='ocrx_word' id='word_1_543' title='bbox 2129 3210 2407 3275; x_wconf 78' lang='grc' dir='ltr'>δεσπόται,</span> <span class='ocrx_word' id='word_1_544' title='bbox 2442 3205 2708 3278; x_wconf 75' lang='grc' dir='ltr'><strong>ἡγεμόνος</strong></span> <span class='ocrx_word' id='word_1_545' title='bbox 2737 3203 2780 3256; x_wconf 81' lang='grc' dir='ltr'>δ’</span> <span class='ocrx_word' id='word_1_546' title='bbox 2808 3198 2964 3263; x_wconf 77' lang='grc' dir='ltr'>αὖθις</span> <span class='ocrx_word' id='word_1_547' title='bbox 3001 3197 3257 3261; x_wconf 74' lang='grc' dir='ltr'>εὐσεϐοῦς</span> <span class='ocrx_word' id='word_1_548' title='bbox 3281 3194 3704 3267; x_wconf 78' lang='grc' dir='ltr'>καθισταμένου,</span> 
     </span>
    </p>
   </div>
   <div class='ocr_carea' id='block_1_76' title="bbox 2132 3285 3705 3365">
    <p class='ocr_par' dir='ltr' id='par_1_76' title="bbox 2132 3285 3705 3365">
     <span class='ocr_line' id='line_1_76' title="bbox 2132 3285 3705 3365; baseline -0.012 -8"><span class='ocrx_word' id='word_1_549' title='bbox 2132 3302 2363 3357; x_wconf 75' lang='grc' dir='ltr'>καὶτῶν</span> <span class='ocrx_word' id='word_1_550' title='bbox 2396 3299 2650 3353; x_wconf 76' lang='grc' dir='ltr'>ἐναντίων</span> <span class='ocrx_word' id='word_1_551' title='bbox 2697 3292 2852 3356; x_wconf 82' lang='grc' dir='ltr'>αὖθις</span> <span class='ocrx_word' id='word_1_552' title='bbox 2893 3293 3218 3365; x_wconf 80' lang='grc' dir='ltr'>ύπερτέροις</span> <span class='ocrx_word' id='word_1_553' title='bbox 3257 3288 3505 3359; x_wconf 85' lang='grc' dir='ltr'>γίνεσθαι</span> <span class='ocrx_word' id='word_1_554' title='bbox 3540 3285 3705 3341; x_wconf 82' lang='grc' dir='ltr'>καθι-</span> 
     </span>
    </p>
   </div>
   <div class='ocr_carea' id='block_1_77' title="bbox 2131 3384 3707 3455">
    <p class='ocr_par' dir='ltr' id='par_1_77' title="bbox 2131 3384 3707 3455">
     <span class='ocr_line' id='line_1_77' title="bbox 2131 3384 3707 3455; baseline -0.01 -7"><span class='ocrx_word' id='word_1_555' title='bbox 2131 3411 2315 3450; x_wconf 89' lang='grc' dir='ltr'>στατο.</span> <span class='ocrx_word' id='word_1_556' title='bbox 2362 3393 2467 3447; x_wconf 50' lang='grc' dir='ltr'><strong>Καὶ</strong></span> <span class='ocrx_word' id='word_1_557' title='bbox 2496 3393 2584 3446; x_wconf 86' lang='grc' dir='ltr'><strong>ἴνα</strong></span> <span class='ocrx_word' id='word_1_558' title='bbox 2628 3390 2755 3452; x_wconf 78' lang='grc' dir='ltr'>τοὺς</span> <span class='ocrx_word' id='word_1_559' title='bbox 2799 3388 2965 3442; x_wconf 81' lang='grc' dir='ltr'>πάλαι</span> <span class='ocrx_word' id='word_1_560' title='bbox 3028 3384 3435 3455; x_wconf 83' lang='grc' dir='ltr'>καταλίπωμεν,</span> <span class='ocrx_word' id='word_1_561' title='bbox 3463 3384 3564 3454; x_wconf 82' lang='grc' dir='ltr'>ὅρα</span> <span class='ocrx_word' id='word_1_562' title='bbox 3611 3398 3707 3451; x_wconf 85' lang='grc' dir='ltr'><strong>μοι</strong></span> 
     </span>
    </p>
   </div>
   <div class='ocr_carea' id='block_1_78' title="bbox 2131 3470 3709 3552">
    <p class='ocr_par' dir='ltr' id='par_1_78' title="bbox 2131 3470 3709 3552">
     <span class='ocr_line' id='line_1_78' title="bbox 2131 3470 3709 3552; baseline -0.012 -8"><span class='ocrx_word' id='word_1_563' title='bbox 2131 3489 2536 3544; x_wconf 82' lang='grc' dir='ltr'>Κωνσταντῐνον</span> <span class='ocrx_word' id='word_1_564' title='bbox 2574 3485 2666 3537; x_wconf 73' lang='grc' dir='ltr'>τὸν</span> <span class='ocrx_word' id='word_1_565' title='bbox 2717 3484 2889 3552; x_wconf 81' lang='grc' dir='ltr'>μέγαν</span> <span class='ocrx_word' id='word_1_566' title='bbox 2943 3482 3003 3533; x_wconf 69' lang='grc' dir='ltr'><strong>ἐν</strong></span> <span class='ocrx_word' id='word_1_567' title='bbox 3051 3476 3385 3550; x_wconf 85' lang='grc' dir='ltr'>βασιλεῦσιν,</span> <span class='ocrx_word' id='word_1_568' title='bbox 3422 3470 3467 3543; x_wconf 80' lang='grc' dir='ltr'>ᾧ</span> <span class='ocrx_word' id='word_1_569' title='bbox 3503 3474 3564 3528; x_wconf 84' lang='grc' dir='ltr'>τὸ</span> <span class='ocrx_word' id='word_1_570' title='bbox 3599 3478 3709 3527; x_wconf 58' lang='grc' dir='ltr'>τὸν</span> 
     </span>
    </p>
   </div>
   <div class='ocr_carea' id='block_1_79' title="bbox 2129 3566 3708 3654">
    <p class='ocr_par' dir='ltr' id='par_1_79' title="bbox 2129 3566 3708 3654">
     <span class='ocr_line' id='line_1_79' title="bbox 2129 3566 3708 3654; baseline -0.009 -20"><span class='ocrx_word' id='word_1_571' title='bbox 2129 3579 2498 3654; x_wconf 62' lang='grc' dir='ltr'>ιζευδωνύμων</span> <span class='ocrx_word' id='word_1_572' title='bbox 2532 3575 2694 3639; x_wconf 84' lang='grc' dir='ltr'>σέϐας</span> <span class='ocrx_word' id='word_1_573' title='bbox 2732 3576 2810 3639; x_wconf 87' lang='grc' dir='ltr'><strong>είς</strong></span> <span class='ocrx_word' id='word_1_574' title='bbox 2840 3573 2931 3627; x_wconf 75' lang='grc' dir='ltr'>τὸν</span> <span class='ocrx_word' id='word_1_575' title='bbox 2964 3571 3137 3643; x_wconf 80' lang='grc' dir='ltr'>ἀληθῆ</span> <span class='ocrx_word' id='word_1_576' title='bbox 3161 3570 3539 3640; x_wconf 80' lang='grc' dir='ltr'>μετενεγκόντι</span> <span class='ocrx_word' id='word_1_577' title='bbox 3569 3566 3708 3620; x_wconf 82' lang='grc' dir='ltr'><strong>Θεὸν</strong></span> 
     </span>
    </p>
   </div>
   <div class='ocr_carea' id='block_1_80' title="bbox 2129 3660 3706 3742">
    <p class='ocr_par' dir='ltr' id='par_1_80' title="bbox 2129 3660 3706 3742">
     <span class='ocr_line' id='line_1_80' title="bbox 2129 3660 3706 3742; baseline -0.011 -14"><span class='ocrx_word' id='word_1_578' title='bbox 2129 3673 2377 3737; x_wconf 83' lang='grc' dir='ltr'>πλείονος</span> <span class='ocrx_word' id='word_1_579' title='bbox 2412 3670 2616 3742; x_wconf 82' lang='grc' dir='ltr'>ἦκατά</span> <span class='ocrx_word' id='word_1_580' title='bbox 2649 3667 2860 3729; x_wconf 80' lang='grc' dir='ltr'>πάντας</span> <span class='ocrx_word' id='word_1_581' title='bbox 2906 3665 3033 3722; x_wconf 75' lang='grc' dir='ltr'>τοὺς</span> <span class='ocrx_word' id='word_1_582' title='bbox 3086 3663 3194 3735; x_wconf 75' lang='grc' dir='ltr'>πρὸ</span> <span class='ocrx_word' id='word_1_583' title='bbox 3243 3660 3407 3715; x_wconf 77' lang='grc' dir='ltr'>αὐτοῦ</span> <span class='ocrx_word' id='word_1_584' title='bbox 3447 3660 3706 3731; x_wconf 79' lang='grc' dir='ltr'>βασιλέας</span> 
     </span>
    </p>
   </div>
   <div class='ocr_carea' id='block_1_81' title="bbox 2130 3747 3704 3832">
    <p class='ocr_par' dir='ltr' id='par_1_81' title="bbox 2130 3747 3704 3832">
     <span class='ocr_line' id='line_1_81' title="bbox 2130 3747 3704 3832; baseline -0.01 -14"><span class='ocrx_word' id='word_1_585' title='bbox 2130 3762 2297 3832; x_wconf 74' lang='grc' dir='ltr'>ἄρξαι</span> <span class='ocrx_word' id='word_1_586' title='bbox 2345 3762 2536 3831; x_wconf 76' lang='grc' dir='ltr'>γέγονε</span> <span class='ocrx_word' id='word_1_587' title='bbox 2578 3757 2702 3827; x_wconf 76' lang='grc' dir='ltr'>γῆς.</span> <span class='ocrx_word' id='word_1_588' title='bbox 2756 3754 2915 3810; x_wconf 78' lang='grc' dir='ltr'>Ἀλλά</span> <span class='ocrx_word' id='word_1_589' title='bbox 2951 3754 3063 3817; x_wconf 86' lang='grc' dir='ltr'>τοῐς</span> <span class='ocrx_word' id='word_1_590' title='bbox 3125 3750 3244 3823; x_wconf 84' lang='grc' dir='ltr'>μετ’</span> <span class='ocrx_word' id='word_1_591' title='bbox 3288 3752 3495 3806; x_wconf 67' lang='grc' dir='ltr'>ἐκεῖνον</span> <span class='ocrx_word' id='word_1_592' title='bbox 3535 3747 3704 3811; x_wconf 69' lang='grc' dir='ltr'>εὐθὺς</span> 
     </span>
    </p>
   </div>
   <div class='ocr_carea' id='block_1_82' title="bbox 2131 3840 3705 3927">
    <p class='ocr_par' dir='ltr' id='par_1_82' title="bbox 2131 3840 3705 3927">
     <span class='ocr_line' id='line_1_82' title="bbox 2131 3840 3705 3927; baseline -0.011 -17"><span class='ocrx_word' id='word_1_593' title='bbox 2131 3853 2329 3927; x_wconf 79' lang='grc' dir='ltr'>ἄρξασί</span> <span class='ocrx_word' id='word_1_594' title='bbox 2380 3868 2440 3905; x_wconf 83' lang='grc' dir='ltr'><strong>τε</strong></span> <span class='ocrx_word' id='word_1_595' title='bbox 2488 3850 2580 3904; x_wconf 72' lang='grc' dir='ltr'>καὶ</span> <span class='ocrx_word' id='word_1_596' title='bbox 2632 3848 2958 3921; x_wconf 73' lang='grc' dir='ltr'>ἀρξαμένοις</span> <span class='ocrx_word' id='word_1_597' title='bbox 2995 3846 3095 3907; x_wconf 72' lang='grc' dir='ltr'>τὰς</span> <span class='ocrx_word' id='word_1_598' title='bbox 3144 3844 3387 3915; x_wconf 76' lang='grc' dir='ltr'>αἱρέσεις</span> <span class='ocrx_word' id='word_1_599' title='bbox 3425 3840 3563 3895; x_wconf 86' lang='grc' dir='ltr'><strong>κατά</strong></span> <span class='ocrx_word' id='word_1_600' title='bbox 3591 3841 3705 3894; x_wconf 85' lang='grc' dir='ltr'><strong>τῶν</strong></span> 
     </span>
    </p>
   </div>
   <div class='ocr_carea' id='block_1_83' title="bbox 2134 3933 3706 4014">
    <p class='ocr_par' dir='ltr' id='par_1_83' title="bbox 2134 3933 3706 4014">
     <span class='ocr_line' id='line_1_83' title="bbox 2134 3933 3706 4014; baseline -0.011 -12"><span class='ocrx_word' id='word_1_601' title='bbox 2134 3948 2293 4002; x_wconf 81' lang='grc' dir='ltr'>θείων</span> <span class='ocrx_word' id='word_1_602' title='bbox 2348 3943 2634 4014; x_wconf 77' lang='grc' dir='ltr'>δογμάτων</span> <span class='ocrx_word' id='word_1_603' title='bbox 2684 3941 2929 4008; x_wconf 83' lang='grc' dir='ltr'>είσάγειν</span> <span class='ocrx_word' id='word_1_604' title='bbox 2982 3940 3081 4009; x_wconf 75' lang='grc' dir='ltr'>τῆς</span> <span class='ocrx_word' id='word_1_605' title='bbox 3128 3938 3383 4000; x_wconf 86' lang='grc' dir='ltr'>πίστεως,</span> <span class='ocrx_word' id='word_1_606' title='bbox 3436 3935 3527 3988; x_wconf 81' lang='grc' dir='ltr'>καὶ</span> <span class='ocrx_word' id='word_1_607' title='bbox 3568 3933 3706 3987; x_wconf 69' lang='grc' dir='ltr'>Θεὸν</span> 
     </span>
    </p>
   </div>
   <div class='ocr_carea' id='block_1_84' title="bbox 2132 4026 3703 4109">
    <p class='ocr_par' dir='ltr' id='par_1_84' title="bbox 2132 4026 3703 4109">
     <span class='ocr_line' id='line_1_84' title="bbox 2132 4026 3703 4109; baseline -0.008 -16"><span class='ocrx_word' id='word_1_608' title='bbox 2132 4040 2412 4109; x_wconf 75' lang='grc' dir='ltr'>ἐπιορκεῖν</span> <span class='ocrx_word' id='word_1_609' title='bbox 2454 4036 2514 4091; x_wconf 82' lang='grc' dir='ltr'><strong>ὃν</strong></span> <span class='ocrx_word' id='word_1_610' title='bbox 2563 4035 2751 4104; x_wconf 80' lang='grc' dir='ltr'>ἄκροις</span> <span class='ocrx_word' id='word_1_611' title='bbox 2796 4031 3033 4101; x_wconf 71' lang='grc' dir='ltr'>ἔφασκον</span> <span class='ocrx_word' id='word_1_612' title='bbox 3074 4029 3258 4082; x_wconf 84' lang='grc' dir='ltr'>σέϐειν</span> <span class='ocrx_word' id='word_1_613' title='bbox 3297 4029 3410 4091; x_wconf 80' lang='grc' dir='ltr'>τοῖς</span> <span class='ocrx_word' id='word_1_614' title='bbox 3443 4026 3703 4097; x_wconf 80' lang='grc' dir='ltr'>χείλεσιν,</span> 
     </span>
    </p>
   </div>
   <div class='ocr_carea' id='block_1_85' title="bbox 2132 4118 3704 4197">
    <p class='ocr_par' dir='ltr' id='par_1_85' title="bbox 2132 4118 3704 4197">
     <span class='ocr_line' id='line_1_85' title="bbox 2132 4118 3704 4197; baseline -0.011 -10"><span class='ocrx_word' id='word_1_615' title='bbox 2132 4132 2295 4195; x_wconf 82' lang='grc' dir='ltr'>εὐθὺς</span> <span class='ocrx_word' id='word_1_616' title='bbox 2349 4130 2443 4183; x_wconf 75' lang='grc' dir='ltr'>καὶ</span> <span class='ocrx_word' id='word_1_617' title='bbox 2489 4128 2551 4181; x_wconf 78' lang='grc' dir='ltr'>τὸ</span> <span class='ocrx_word' id='word_1_618' title='bbox 2591 4126 2692 4197; x_wconf 83' lang='grc' dir='ltr'>τῆς</span> <span class='ocrx_word' id='word_1_619' title='bbox 2744 4125 2920 4194; x_wconf 81' lang='grc' dir='ltr'>ἀρχῆς</span> <span class='ocrx_word' id='word_1_620' title='bbox 2956 4121 3169 4190; x_wconf 74' lang='grc' dir='ltr'>ἐκείνης</span> <span class='ocrx_word' id='word_1_621' title='bbox 3210 4120 3315 4174; x_wconf 83' lang='grc' dir='ltr'><strong>ὑπὸ</strong></span> <span class='ocrx_word' id='word_1_622' title='bbox 3343 4121 3449 4174; x_wconf 87' lang='grc' dir='ltr'><strong>τῶν</strong></span> <span class='ocrx_word' id='word_1_623' title='bbox 3487 4118 3704 4189; x_wconf 70' lang='grc' dir='ltr'>ιχθρῶν</span> 
     </span>
    </p>
   </div>
   <div class='ocr_carea' id='block_1_86' title="bbox 2130 4211 3705 4297">
    <p class='ocr_par' dir='ltr' id='par_1_86' title="bbox 2130 4211 3705 4297">
     <span class='ocr_line' id='line_1_86' title="bbox 2130 4211 3705 4297; baseline -0.009 -19"><span class='ocrx_word' id='word_1_624' title='bbox 2130 4223 2317 4297; x_wconf 69' lang='grc' dir='ltr'>ἠρέμα</span> <span class='ocrx_word' id='word_1_625' title='bbox 2360 4222 2452 4275; x_wconf 76' lang='grc' dir='ltr'>καὶ</span> <span class='ocrx_word' id='word_1_626' title='bbox 2497 4218 2642 4274; x_wconf 81' lang='grc' dir='ltr'><strong>κατά</strong></span> <span class='ocrx_word' id='word_1_627' title='bbox 2692 4217 2886 4289; x_wconf 76' lang='grc' dir='ltr'>μικρὸν</span> <span class='ocrx_word' id='word_1_628' title='bbox 2918 4213 3245 4287; x_wconf 75' lang='grc' dir='ltr'>ζημιοῦσθαι</span> <span class='ocrx_word' id='word_1_629' title='bbox 3288 4212 3570 4269; x_wconf 82' lang='grc' dir='ltr'>συνέϐαινε</span> <span class='ocrx_word' id='word_1_630' title='bbox 3600 4211 3705 4282; x_wconf 80' lang='grc' dir='ltr'>μέ-</span> 
     </span>
    </p>
   </div>
   <div class='ocr_carea' id='block_1_87' title="bbox 2132 4318 2317 4388">
    <p class='ocr_par' dir='ltr' id='par_1_87' title="bbox 2132 4318 2317 4388">
     <span class='ocr_line' id='line_1_87' title="bbox 2132 4318 2317 4388; baseline 0.011 -18"><span class='ocrx_word' id='word_1_631' title='bbox 2132 4318 2317 4388; x_wconf 86' lang='grc' dir='ltr'>γεθος.</span> 
     </span>
    </p>
   </div>
   <div class='ocr_carea' id='block_1_88' title="bbox 2205 4397 3706 4477">
    <p class='ocr_par' dir='ltr' id='par_1_88' title="bbox 2205 4397 3706 4477">
     <span class='ocr_line' id='line_1_88' title="bbox 2205 4397 3706 4477; baseline -0.009 -13"><span class='ocrx_word' id='word_1_632' title='bbox 2205 4406 2307 4465; x_wconf 87' lang='lat' dir='ltr'><strong>lZ&#39;.</strong></span> <span class='ocrx_word' id='word_1_633' title='bbox 2348 4407 2491 4462; x_wconf 81' lang='grc' dir='ltr'>Ἀλλ’</span> <span class='ocrx_word' id='word_1_634' title='bbox 2526 4406 2555 4461; x_wconf 87' lang='grc' dir='ltr'><strong>ό</strong></span> <span class='ocrx_word' id='word_1_635' title='bbox 2588 4405 2797 4477; x_wconf 55' lang='grc' dir='ltr'>μακρός</span> <span class='ocrx_word' id='word_1_636' title='bbox 2835 4402 3101 4473; x_wconf 74' lang='grc' dir='ltr'>ἐπιλείψει</span> <span class='ocrx_word' id='word_1_637' title='bbox 3126 4419 3196 4472; x_wconf 86' lang='grc' dir='ltr'><strong>με</strong></span> <span class='ocrx_word' id='word_1_638' title='bbox 3232 4399 3422 4472; x_wconf 81' lang='grc' dir='ltr'>χρόνος</span> <span class='ocrx_word' id='word_1_639' title='bbox 3453 4397 3706 4452; x_wconf 82' lang='grc' dir='ltr'>παλαιῶν</span> 
     </span>
    </p>
   </div>
   <div class='ocr_carea' id='block_1_89' title="bbox 2134 4490 3706 4568">
    <p class='ocr_par' dir='ltr' id='par_1_89' title="bbox 2134 4490 3706 4568">
     <span class='ocr_line' id='line_1_89' title="bbox 2134 4490 3706 4568; baseline -0.008 -12"><span class='ocrx_word' id='word_1_640' title='bbox 2134 4519 2194 4556; x_wconf 86' lang='grc' dir='ltr'><strong>τε</strong></span> <span class='ocrx_word' id='word_1_641' title='bbox 2221 4502 2317 4556; x_wconf 75' lang='grc' dir='ltr'>καὶ</span> <span class='ocrx_word' id='word_1_642' title='bbox 2346 4500 2483 4555; x_wconf 75' lang='grc' dir='ltr'>νέων</span> <span class='ocrx_word' id='word_1_643' title='bbox 2523 4499 2937 4568; x_wconf 79' lang='grc' dir='ltr'>ὑποδειγμάτων</span> <span class='ocrx_word' id='word_1_644' title='bbox 2964 4493 3274 4566; x_wconf 80' lang='grc' dir='ltr'>μεμνῆσθαι</span> <span class='ocrx_word' id='word_1_645' title='bbox 3304 4492 3437 4562; x_wconf 82' lang='grc' dir='ltr'>πρὸς</span> <span class='ocrx_word' id='word_1_646' title='bbox 3466 4490 3565 4561; x_wconf 66' lang='grc' dir='ltr'>τὴν</span> <span class='ocrx_word' id='word_1_647' title='bbox 3593 4491 3706 4544; x_wconf 88' lang='grc' dir='ltr'><strong>τῶν</strong></span> 
     </span>
    </p>
   </div>
   <div class='ocr_carea' id='block_1_90' title="bbox 464 4584 2028 4666">
    <p class='ocr_par' dir='ltr' id='par_1_90' title="bbox 464 4585 2028 4657">
     <span class='ocr_line' id='line_1_90' title="bbox 464 4585 2028 4657; baseline -0.002 -16"><span class='ocrx_word' id='word_1_648' title='bbox 464 4586 899 4641; x_wconf 82' lang='lat' dir='ltr'><strong>conﬁrmandam</strong></span> <span class='ocrx_word' id='word_1_649' title='bbox 960 4586 1206 4657; x_wconf 79' lang='lat' dir='ltr'><strong>proferre</strong></span> <span class='ocrx_word' id='word_1_650' title='bbox 1259 4587 1498 4652; x_wconf 74' lang='lat' dir='ltr'><strong>vellem,</strong></span> <span class='ocrx_word' id='word_1_651' title='bbox 1555 4585 1608 4640; x_wconf 90' lang='lat' dir='ltr'><strong>id</strong></span> <span class='ocrx_word' id='word_1_652' title='bbox 1662 4586 1808 4657; x_wconf 88' lang='lat' dir='ltr'><strong>quod</strong></span> <span class='ocrx_word' id='word_1_653' title='bbox 1864 4586 2028 4640; x_wconf 89' lang='lat' dir='ltr'><strong>etiam</strong></span> 
     </span>
    </p>
   </div>
   <div class='ocr_carea' id='block_1_91' title="bbox 2131 4584 3706 4666">
    <p class='ocr_par' dir='ltr' id='par_1_91' title="bbox 2136 4584 3706 4666">
     <span class='ocr_line' id='line_1_91' title="bbox 2136 4584 3706 4666; baseline -0.008 -17"><span class='ocrx_word' id='word_1_654' title='bbox 2136 4595 2443 4666; x_wconf 70' lang='grc' dir='ltr'>εἰρημένων</span> <span class='ocrx_word' id='word_1_655' title='bbox 2487 4592 2743 4663; x_wconf 77' lang='grc' dir='ltr'>ἀληθειαν</span> <span class='ocrx_word' id='word_1_656' title='bbox 2798 4590 3043 4643; x_wconf 84' lang='grc' dir='ltr'>θέλοντα.</span> <span class='ocrx_word' id='word_1_657' title='bbox 3074 4586 3246 4641; x_wconf 84' lang='grc' dir='ltr'>Τοῦτο</span> <span class='ocrx_word' id='word_1_658' title='bbox 3275 4584 3321 4640; x_wconf 77' lang='grc' dir='ltr'>δ’</span> <span class='ocrx_word' id='word_1_659' title='bbox 3356 4585 3417 4639; x_wconf 87' lang='grc' dir='ltr'><strong>ού</strong></span> <span class='ocrx_word' id='word_1_660' title='bbox 3467 4587 3610 4638; x_wconf 79' lang='grc' dir='ltr'>πάνυ</span> <span class='ocrx_word' id='word_1_661' title='bbox 3652 4600 3706 4637; x_wconf 82' lang='grc' dir='ltr'><strong>τι</strong></span> 
     </span>
    </p>
   </div>
   <div class='ocr_carea' id='block_1_92' title="bbox 465 4677 2030 4750">
    <p class='ocr_par' dir='ltr' id='par_1_92' title="bbox 465 4677 2030 4750">
     <span class='ocr_line' id='line_1_92' title="bbox 465 4677 2030 4750; baseline 0.003 -21"><span class='ocrx_word' id='word_1_662' title='bbox 465 4681 625 4750; x_wconf 77' lang='lat' dir='ltr'><strong>plane</strong></span> <span class='ocrx_word' id='word_1_663' title='bbox 651 4678 719 4733; x_wconf 86' lang='lat' dir='ltr'><strong>ab</strong></span> <span class='ocrx_word' id='word_1_664' title='bbox 748 4678 993 4733; x_wconf 67' lang='lat' dir='ltr'><strong>historiae</strong></span> <span class='ocrx_word' id='word_1_665' title='bbox 1018 4678 1370 4748; x_wconf 84' lang='lat' dir='ltr'><strong>simplicitate</strong></span> <span class='ocrx_word' id='word_1_666' title='bbox 1393 4679 1631 4732; x_wconf 86' lang='lat' dir='ltr'><strong>alienum</strong></span> <span class='ocrx_word' id='word_1_667' title='bbox 1655 4688 1822 4733; x_wconf 88' lang='lat' dir='ltr'><strong>esset.</strong></span> <span class='ocrx_word' id='word_1_668' title='bbox 1852 4677 2030 4744; x_wconf 83' lang='lat' dir='ltr'><strong>Quare</strong></span> 
     </span>
    </p>
   </div>
   <div class='ocr_carea' id='block_1_93' title="bbox 464 4769 2028 4840">
    <p class='ocr_par' dir='ltr' id='par_1_93' title="bbox 464 4769 2028 4840">
     <span class='ocr_line' id='line_1_93' title="bbox 464 4769 2028 4840; baseline -0.001 -15"><span class='ocrx_word' id='word_1_669' title='bbox 464 4771 570 4826; x_wconf 88' lang='lat' dir='ltr'><strong>hoc</strong></span> <span class='ocrx_word' id='word_1_670' title='bbox 597 4780 815 4825; x_wconf 89' lang='lat' dir='ltr'><strong>tantum</strong></span> <span class='ocrx_word' id='word_1_671' title='bbox 843 4769 1007 4825; x_wconf 90' lang='lat' dir='ltr'><strong>dictis</strong></span> <span class='ocrx_word' id='word_1_672' title='bbox 1029 4769 1226 4824; x_wconf 88' lang='lat' dir='ltr'><strong>addam</strong></span> <span class='ocrx_word' id='word_1_673' title='bbox 1258 4769 1589 4840; x_wconf 90' lang='lat' dir='ltr'><strong>dicendique</strong></span> <span class='ocrx_word' id='word_1_674' title='bbox 1620 4770 1779 4825; x_wconf 87' lang='lat' dir='ltr'><strong>tinem</strong></span> <span class='ocrx_word' id='word_1_675' title='bbox 1813 4770 2028 4824; x_wconf 82' lang='lat' dir='ltr'><strong>faciam.</strong></span> 
     </span>
    </p>
   </div>
   <div class='ocr_carea' id='block_1_94' title="bbox 463 4862 2029 4947">
    <p class='ocr_par' dir='ltr' id='par_1_94' title="bbox 463 4862 2029 4947">
     <span class='ocr_line' id='line_1_94' title="bbox 463 4862 2029 4947; baseline -0.001 -29"><span class='ocrx_word' id='word_1_676' title='bbox 463 4863 815 4933; x_wconf 78' lang='lat' dir='ltr'><strong>Cognoscere</strong></span> <span class='ocrx_word' id='word_1_677' title='bbox 845 4863 993 4917; x_wconf 73' lang='lat' dir='ltr'><strong>eiiim</strong></span> <span class='ocrx_word' id='word_1_678' title='bbox 1047 4866 1273 4928; x_wconf 87' lang='lat' dir='ltr'><strong>studes,</strong></span> <span class='ocrx_word' id='word_1_679' title='bbox 1307 4862 1584 4934; x_wconf 91' lang='lat' dir='ltr'><strong>quomodo</strong></span> <span class='ocrx_word' id='word_1_680' title='bbox 1613 4862 1740 4927; x_wconf 82' lang='lat' dir='ltr'><strong>ﬁat,</strong></span> <span class='ocrx_word' id='word_1_681' title='bbox 1776 4872 2029 4947; x_wconf 66' lang='lat' dir='ltr'><strong>ut.,eum</strong></span> 
     </span>
    </p>
   </div>
   <div class='ocr_carea' id='block_1_95' title="bbox 466 4955 2030 5028">
    <p class='ocr_par' dir='ltr' id='par_1_95' title="bbox 466 4955 2030 5028">
     <span class='ocr_line' id='line_1_95' title="bbox 466 4955 2030 5028; baseline -0.002 -17"><span class='ocrx_word' id='word_1_682' title='bbox 466 4958 873 5028; x_wconf 86' lang='lat' dir='ltr'><strong>imperatores,</strong></span> <span class='ocrx_word' id='word_1_683' title='bbox 908 4957 1164 5027; x_wconf 87' lang='lat' dir='ltr'><strong>quamvis</strong></span> <span class='ocrx_word' id='word_1_684' title='bbox 1208 4958 1477 5011; x_wconf 87' lang='lat' dir='ltr'><strong>continuo</strong></span> <span class='ocrx_word' id='word_1_685' title='bbox 1520 4955 1887 5026; x_wconf 80' lang='lat' dir='ltr'><strong>improbitatis</strong></span> <span class='ocrx_word' id='word_1_686' title='bbox 1928 4970 2030 5009; x_wconf 88' lang='lat' dir='ltr'><strong>au-</strong></span> 
     </span>
    </p>
   </div>
   <div class='ocr_carea' id='block_1_96' title="bbox 461 5047 2029 5116">
    <p class='ocr_par' dir='ltr' id='par_1_96' title="bbox 461 5047 2029 5116">
     <span class='ocr_line' id='line_1_96' title="bbox 461 5047 2029 5116; baseline -0.003 -12"><span class='ocrx_word' id='word_1_687' title='bbox 461 5058 645 5104; x_wconf 85' lang='lat' dir='ltr'><strong>ctores</strong></span> <span class='ocrx_word' id='word_1_688' title='bbox 673 5047 842 5113; x_wconf 43' lang='lat' dir='ltr'><strong>sint!»</strong></span> <span class='ocrx_word' id='word_1_689' title='bbox 856 5048 1084 5103; x_wconf 85' lang='lat' dir='ltr'><strong>minima</strong></span> <span class='ocrx_word' id='word_1_690' title='bbox 1120 5056 1301 5102; x_wconf 87' lang='lat' dir='ltr'><strong>tamen</strong></span> <span class='ocrx_word' id='word_1_691' title='bbox 1334 5049 1474 5101; x_wconf 90' lang='lat' dir='ltr'><strong>mala</strong></span> <span class='ocrx_word' id='word_1_692' title='bbox 1507 5047 1779 5101; x_wconf 87' lang='lat' dir='ltr'><strong>interdum</strong></span> <span class='ocrx_word' id='word_1_693' title='bbox 1816 5047 2029 5116; x_wconf 83' lang='lat' dir='ltr'><strong>patian-</strong></span> 
     </span>
    </p>
   </div>
   <div class='ocr_carea' id='block_1_97' title="bbox 464 5138 2034 5210">
    <p class='ocr_par' dir='ltr' id='par_1_97' title="bbox 464 5138 2034 5210">
     <span class='ocr_line' id='line_1_97' title="bbox 464 5138 2034 5210; baseline -0.003 -14"><span class='ocrx_word' id='word_1_694' title='bbox 464 5150 577 5205; x_wconf 84' lang='lat' dir='ltr'><strong>tur,</strong></span> <span class='ocrx_word' id='word_1_695' title='bbox 609 5139 845 5210; x_wconf 84' lang='lat' dir='ltr'><strong>subjecti</strong></span> <span class='ocrx_word' id='word_1_696' title='bbox 879 5139 949 5196; x_wconf 86' lang='lat' dir='ltr'><strong>iis</strong></span> <span class='ocrx_word' id='word_1_697' title='bbox 980 5139 1234 5195; x_wconf 86' lang='lat' dir='ltr'><strong>homines</strong></span> <span class='ocrx_word' id='word_1_698' title='bbox 1265 5138 1669 5208; x_wconf 89' lang='lat' dir='ltr'><strong>multiplicibus</strong></span> <span class='ocrx_word' id='word_1_699' title='bbox 1710 5138 2034 5193; x_wconf 83' lang='lat' dir='ltr'><strong>calamitati-</strong></span> 
     </span>
    </p>
   </div>
   <div class='ocr_carea' id='block_1_98' title="bbox 466 5230 2031 5301">
    <p class='ocr_par' dir='ltr' id='par_1_98' title="bbox 466 5230 2031 5301">
     <span class='ocr_line' id='line_1_98' title="bbox 466 5230 2031 5301; baseline -0.003 -14"><span class='ocrx_word' id='word_1_700' title='bbox 466 5234 575 5288; x_wconf 88' lang='lat' dir='ltr'><strong>hus</strong></span> <span class='ocrx_word' id='word_1_701' title='bbox 603 5230 1014 5298; x_wconf 79' lang='lat' dir='ltr'><strong>conﬂictentur,</strong></span> <span class='ocrx_word' id='word_1_702' title='bbox 1034 5230 1166 5286; x_wconf 89' lang='lat' dir='ltr'><strong>licet</strong></span> <span class='ocrx_word' id='word_1_703' title='bbox 1197 5245 1416 5301; x_wconf 87' lang='lat' dir='ltr'><strong>parvam</strong></span> <span class='ocrx_word' id='word_1_704' title='bbox 1440 5230 1672 5285; x_wconf 78' lang='lat' dir='ltr'><strong>fortasse</strong></span> <span class='ocrx_word' id='word_1_705' title='bbox 1704 5241 1795 5287; x_wconf 86' lang='lat' dir='ltr'><strong>aut</strong></span> <span class='ocrx_word' id='word_1_706' title='bbox 1825 5230 2031 5285; x_wconf 90' lang='lat' dir='ltr'><strong>nullam</strong></span> 
     </span>
    </p>
   </div>
   <div class='ocr_carea' id='block_1_99' title="bbox 462 5323 2034 5396">
    <p class='ocr_par' dir='ltr' id='par_1_99' title="bbox 462 5323 2034 5396">
     <span class='ocr_line' id='line_1_99' title="bbox 462 5323 2034 5396; baseline -0.003 -15"><span class='ocrx_word' id='word_1_707' title='bbox 462 5327 629 5382; x_wconf 82' lang='lat' dir='ltr'><strong>aliam</strong></span> <span class='ocrx_word' id='word_1_708' title='bbox 675 5326 895 5396; x_wconf 79' lang='lat' dir='ltr'><strong>culpam</strong></span> <span class='ocrx_word' id='word_1_709' title='bbox 944 5324 1273 5390; x_wconf 87' lang='lat' dir='ltr'><strong>attulerint,</strong></span> <span class='ocrx_word' id='word_1_710' title='bbox 1309 5324 1413 5380; x_wconf 88' lang='lat' dir='ltr'><strong>nisi</strong></span> <span class='ocrx_word' id='word_1_711' title='bbox 1450 5323 1596 5396; x_wconf 91' lang='lat' dir='ltr'><strong>quod</strong></span> <span class='ocrx_word' id='word_1_712' title='bbox 1632 5326 1838 5380; x_wconf 90' lang='lat' dir='ltr'><strong>conscii</strong></span> <span class='ocrx_word' id='word_1_713' title='bbox 1875 5332 2034 5379; x_wconf 89' lang='lat' dir='ltr'><strong>erant</strong></span> 
     </span>
    </p>
   </div>
   <div class='ocr_carea' id='block_1_100' title="bbox 463 5415 2031 5487">
    <p class='ocr_par' dir='ltr' id='par_1_100' title="bbox 463 5415 2031 5487">
     <span class='ocr_line' id='line_1_100' title="bbox 463 5415 2031 5487; baseline -0.001 -13"><span class='ocrx_word' id='word_1_714' title='bbox 463 5430 521 5474; x_wconf 86' lang='lat' dir='ltr'><strong>et</strong></span> <span class='ocrx_word' id='word_1_715' title='bbox 550 5426 701 5474; x_wconf 86' lang='lat' dir='ltr'><strong>metu</strong></span> <span class='ocrx_word' id='word_1_716' title='bbox 737 5418 915 5473; x_wconf 86' lang='lat' dir='ltr'><strong>coacti</strong></span> <span class='ocrx_word' id='word_1_717' title='bbox 947 5415 1088 5473; x_wconf 86' lang='lat' dir='ltr'><strong>socii</strong></span> <span class='ocrx_word' id='word_1_718' title='bbox 1120 5416 1518 5487; x_wconf 84' lang='lat' dir='ltr'><strong>improbitatis.</strong></span> <span class='ocrx_word' id='word_1_719' title='bbox 1570 5416 1641 5475; x_wconf 88' lang='lat' dir='ltr'><strong>Ut</strong></span> <span class='ocrx_word' id='word_1_720' title='bbox 1673 5417 1840 5487; x_wconf 80' lang='lat' dir='ltr'><strong>igitur</strong></span> <span class='ocrx_word' id='word_1_721' title='bbox 1873 5417 2031 5473; x_wconf 80' lang='lat' dir='ltr'><strong>multi</strong></span> 
     </span>
    </p>
   </div>
   <div class='ocr_carea' id='block_1_101' title="bbox 463 5509 2034 5584">
    <p class='ocr_par' dir='ltr' id='par_1_101' title="bbox 463 5509 2034 5584">
     <span class='ocr_line' id='line_1_101' title="bbox 463 5509 2034 5584; baseline 0.001 -19"><span class='ocrx_word' id='word_1_722' title='bbox 463 5523 717 5568; x_wconf 87' lang='lat' dir='ltr'><strong>veterum</strong></span> <span class='ocrx_word' id='word_1_723' title='bbox 755 5509 1024 5565; x_wconf 88' lang='lat' dir='ltr'><strong>librorum</strong></span> <span class='ocrx_word' id='word_1_724' title='bbox 1076 5510 1394 5581; x_wconf 76' lang='lat' dir='ltr'><strong>adiumenta</strong></span> <span class='ocrx_word' id='word_1_725' title='bbox 1427 5526 1533 5565; x_wconf 90' lang='lat' dir='ltr'><strong>non</strong></span> <span class='ocrx_word' id='word_1_726' title='bbox 1563 5510 1759 5581; x_wconf 75' lang='lat' dir='ltr'><strong>exigua</strong></span> <span class='ocrx_word' id='word_1_727' title='bbox 1804 5511 1871 5566; x_wconf 83' lang='lat' dir='ltr'><strong>ad</strong></span> <span class='ocrx_word' id='word_1_728' title='bbox 1916 5513 2034 5584; x_wconf 72' lang='lat' dir='ltr'><strong>eius</strong></span> 
     </span>
    </p>
   </div>
   <div class='ocr_carea' id='block_1_102' title="bbox 464 5602 2007 5673">
    <p class='ocr_par' dir='ltr' id='par_1_102' title="bbox 464 5602 2007 5673">
     <span class='ocr_line' id='line_1_102' title="bbox 464 5602 2007 5673; baseline -0.001 -13"><span class='ocrx_word' id='word_1_729' title='bbox 464 5603 549 5660; x_wconf 85' lang='lat' dir='ltr'><strong>rei</strong></span> <span class='ocrx_word' id='word_1_730' title='bbox 605 5602 978 5673; x_wconf 74' lang='lat' dir='ltr'><strong>cognitionem</strong></span> <span class='ocrx_word' id='word_1_731' title='bbox 1045 5602 1208 5659; x_wconf 85' lang='lat' dir='ltr'><strong>nobis</strong></span> <span class='ocrx_word' id='word_1_732' title='bbox 1266 5603 1571 5657; x_wconf 88' lang='lat' dir='ltr'><strong>attulerunt</strong></span> <span class='ocrx_word' id='word_1_733' title='bbox 1628 5612 1679 5659; x_wconf 92' lang='lat' dir='ltr'><strong>et</strong></span> <span class='ocrx_word' id='word_1_734' title='bbox 1742 5604 2007 5659; x_wconf 89' lang='lat' dir='ltr'><strong>diuturna</strong></span> 
     </span>
    </p>
   </div>
   <div class='ocr_carea' id='block_1_103' title="bbox 467 5694 2033 5769">
    <p class='ocr_par' dir='ltr' id='par_1_103' title="bbox 467 5694 2033 5769">
     <span class='ocr_line' id='line_1_103' title="bbox 467 5694 2033 5769; baseline 0.001 -16"><span class='ocrx_word' id='word_1_735' title='bbox 467 5706 659 5753; x_wconf 83' lang='lat' dir='ltr'><strong>nostra</strong></span> <span class='ocrx_word' id='word_1_736' title='bbox 703 5694 862 5766; x_wconf 77' lang='lat'><strong>105</strong></span> <span class='ocrx_word' id='word_1_737' title='bbox 902 5696 1241 5767; x_wconf 77' lang='lat' dir='ltr'><strong>experientia</strong></span> <span class='ocrx_word' id='word_1_738' title='bbox 1295 5708 1578 5769; x_wconf 82' lang='lat' dir='ltr'><strong>utcunque</strong></span> <span class='ocrx_word' id='word_1_739' title='bbox 1632 5713 1731 5753; x_wconf 89' lang='lat' dir='ltr'><strong>nos</strong></span> <span class='ocrx_word' id='word_1_740' title='bbox 1773 5699 2033 5762; x_wconf 88' lang='lat' dir='ltr'><strong>edocuit,</strong></span> 
     </span>
    </p>
   </div>
   <div class='ocr_carea' id='block_1_104' title="bbox 2136 4677 3707 4758">
    <p class='ocr_par' dir='ltr' id='par_1_104' title="bbox 2136 4677 3707 4758">
     <span class='ocr_line' id='line_1_104' title="bbox 2136 4677 3707 4758; baseline -0.01 -17"><span class='ocrx_word' id='word_1_741' title='bbox 2136 4688 2441 4758; x_wconf 79' lang='grc' dir='ltr'>συγχωρεῖν</span> <span class='ocrx_word' id='word_1_742' title='bbox 2480 4686 2578 4756; x_wconf 80' lang='grc' dir='ltr'><strong>τὴν</strong></span> <span class='ocrx_word' id='word_1_743' title='bbox 2609 4683 2710 4752; x_wconf 75' lang='grc' dir='ltr'>τῆς</span> <span class='ocrx_word' id='word_1_744' title='bbox 2746 4682 2990 4752; x_wconf 84' lang='grc' dir='ltr'>ίστορίας</span> <span class='ocrx_word' id='word_1_745' title='bbox 3014 4680 3314 4747; x_wconf 82' lang='grc' dir='ltr'>ἁπλότητα.</span> <span class='ocrx_word' id='word_1_746' title='bbox 3348 4677 3441 4730; x_wconf 85' lang='grc' dir='ltr'>Διδ</span> <span class='ocrx_word' id='word_1_747' title='bbox 3463 4680 3575 4740; x_wconf 78' lang='grc' dir='ltr'>τοῖς</span> <span class='ocrx_word' id='word_1_748' title='bbox 3606 4678 3707 4746; x_wconf 81' lang='grc' dir='ltr'>ρη-</span> 
     </span>
    </p>
   </div>
   <div class='ocr_carea' id='block_1_105' title="bbox 2135 4768 3725 4849">
    <p class='ocr_par' dir='ltr' id='par_1_105' title="bbox 2135 4768 3725 4849">
     <span class='ocr_line' id='line_1_105' title="bbox 2135 4768 3725 4849; baseline -0.011 -14"><span class='ocrx_word' id='word_1_749' title='bbox 2135 4782 2307 4836; x_wconf 86' lang='grc' dir='ltr'>θείσιν</span> <span class='ocrx_word' id='word_1_750' title='bbox 2353 4782 2529 4834; x_wconf 74' lang='grc' dir='ltr'>ἐκεῖνο</span> <span class='ocrx_word' id='word_1_751' title='bbox 2563 4778 2724 4849; x_wconf 83' lang='grc' dir='ltr'>μόνον</span> <span class='ocrx_word' id='word_1_752' title='bbox 2754 4775 3012 4847; x_wconf 83' lang='grc' dir='ltr'>προσθεὶς</span> <span class='ocrx_word' id='word_1_753' title='bbox 3054 4771 3460 4840; x_wconf 78' lang='grc' dir='ltr'>ἀπαλλάξομαι.</span> <span class='ocrx_word' id='word_1_754' title='bbox 3495 4768 3725 4823; x_wconf 75' lang='grc' dir='ltr'>Μαθεῖν.</span> 
     </span>
    </p>
   </div>
   <div class='ocr_carea' id='block_1_106' title="bbox 2133 4860 3705 4945">
    <p class='ocr_par' dir='ltr' id='par_1_106' title="bbox 2133 4860 3705 4945">
     <span class='ocr_line' id='line_1_106' title="bbox 2133 4860 3705 4945; baseline -0.011 -17"><span class='ocrx_word' id='word_1_755' title='bbox 2133 4874 2242 4945; x_wconf 81' lang='grc' dir='ltr'>γὰρ</span> <span class='ocrx_word' id='word_1_756' title='bbox 2272 4873 2559 4943; x_wconf 75' lang='grc' dir='ltr'>ἑζητήκεις</span> <span class='ocrx_word' id='word_1_757' title='bbox 2588 4872 2681 4924; x_wconf 77' lang='grc' dir='ltr'>καὶ</span> <span class='ocrx_word' id='word_1_758' title='bbox 2719 4869 2869 4931; x_wconf 82' lang='grc' dir='ltr'>ὅπως</span> <span class='ocrx_word' id='word_1_759' title='bbox 2908 4867 3017 4921; x_wconf 90' lang='grc' dir='ltr'><strong>τῶν</strong></span> <span class='ocrx_word' id='word_1_760' title='bbox 3048 4864 3330 4936; x_wconf 83' lang='grc' dir='ltr'>προσεχῶς</span> <span class='ocrx_word' id='word_1_761' title='bbox 3360 4862 3457 4930; x_wconf 83' lang='grc' dir='ltr'>τῆς</span> <span class='ocrx_word' id='word_1_762' title='bbox 3505 4860 3705 4921; x_wconf 84' lang='grc' dir='ltr'>κακίας</span> 
     </span>
    </p>
   </div>
   <div class='ocr_carea' id='block_1_107' title="bbox 2134 4949 3704 5033">
    <p class='ocr_par' dir='ltr' id='par_1_107' title="bbox 2134 4949 3704 5033">
     <span class='ocr_line' id='line_1_107' title="bbox 2134 4949 3704 5033; baseline -0.013 -14"><span class='ocrx_word' id='word_1_763' title='bbox 2134 4965 2324 5019; x_wconf 89' lang='grc' dir='ltr'>αίτίων</span> <span class='ocrx_word' id='word_1_764' title='bbox 2370 4963 2647 5033; x_wconf 83' lang='grc' dir='ltr'>ἀρχόντων</span> <span class='ocrx_word' id='word_1_765' title='bbox 2690 4962 2892 5031; x_wconf 72' lang='grc' dir='ltr'>ἥκιστα</span> <span class='ocrx_word' id='word_1_766' title='bbox 2929 4958 3251 5027; x_wconf 80' lang='grc' dir='ltr'>πασχόντων</span> <span class='ocrx_word' id='word_1_767' title='bbox 3301 4953 3496 5014; x_wconf 71' lang='grc' dir='ltr'>ἐνίοτε,</span> <span class='ocrx_word' id='word_1_768' title='bbox 3543 4949 3704 5021; x_wconf 68' lang='grc' dir='ltr'>μόνον</span> 
     </span>
    </p>
   </div>
   <div class='ocr_carea' id='block_1_108' title="bbox 2134 5041 3703 5127">
    <p class='ocr_par' dir='ltr' id='par_1_108' title="bbox 2134 5041 3703 5127">
     <span class='ocr_line' id='line_1_108' title="bbox 2134 5041 3703 5127; baseline -0.011 -17"><span class='ocrx_word' id='word_1_769' title='bbox 2134 5056 2493 5127; x_wconf 73' lang='grc' dir='ltr'>πολυτρόποις</span> <span class='ocrx_word' id='word_1_770' title='bbox 2540 5054 2850 5108; x_wconf 80' lang='grc' dir='ltr'>δαπανᾶται</span> <span class='ocrx_word' id='word_1_771' title='bbox 2889 5051 3087 5107; x_wconf 79' lang='grc' dir='ltr'>πάθεσι</span> <span class='ocrx_word' id='word_1_772' title='bbox 3114 5050 3176 5103; x_wconf 79' lang='grc' dir='ltr'><strong>τδ</strong></span> <span class='ocrx_word' id='word_1_773' title='bbox 3202 5046 3466 5118; x_wconf 81' lang='grc' dir='ltr'>ὑπήκοον,</span> <span class='ocrx_word' id='word_1_774' title='bbox 3501 5041 3703 5113; x_wconf 76' lang='grc' dir='ltr'>μικρὰν</span> 
     </span>
    </p>
   </div>
   <div class='ocr_carea' id='block_1_109' title="bbox 2137 5129 3705 5216">
    <p class='ocr_par' dir='ltr' id='par_1_109' title="bbox 2137 5129 3705 5216">
     <span class='ocr_line' id='line_1_109' title="bbox 2137 5129 3705 5216; baseline -0.011 -19"><span class='ocrx_word' id='word_1_775' title='bbox 2137 5144 2322 5216; x_wconf 76' lang='grc' dir='ltr'>ίσωςῆ</span> <span class='ocrx_word' id='word_1_776' title='bbox 2360 5143 2629 5215; x_wconf 81' lang='grc' dir='ltr'>μηδεμίαν</span> <span class='ocrx_word' id='word_1_777' title='bbox 2655 5142 2846 5215; x_wconf 76' lang='grc' dir='ltr'>ἑτέραν</span> <span class='ocrx_word' id='word_1_778' title='bbox 2870 5138 3419 5206; x_wconf 79' lang='grc' dir='ltr'>συνεισενεγκάμενον</span> <span class='ocrx_word' id='word_1_779' title='bbox 3446 5131 3506 5185; x_wconf 72' lang='grc' dir='ltr'>τὸ</span> <span class='ocrx_word' id='word_1_780' title='bbox 3527 5129 3705 5199; x_wconf 84' lang='grc' dir='ltr'>παρά-</span> 
     </span>
    </p>
   </div>
   <div class='ocr_carea' id='block_1_110' title="bbox 2135 5216 3704 5307">
    <p class='ocr_par' dir='ltr' id='par_1_110' title="bbox 2135 5216 3704 5307">
     <span class='ocr_line' id='line_1_110' title="bbox 2135 5216 3704 5307; baseline -0.013 -16"><span class='ocrx_word' id='word_1_781' title='bbox 2135 5254 2242 5292; x_wconf 81' lang='grc' dir='ltr'><strong>παν</strong></span> <span class='ocrx_word' id='word_1_782' title='bbox 2294 5235 2436 5307; x_wconf 84' lang='grc' dir='ltr'>πλὴν</span> <span class='ocrx_word' id='word_1_783' title='bbox 2487 5234 2582 5290; x_wconf 85' lang='grc' dir='ltr'><strong>τοῦ</strong></span> <span class='ocrx_word' id='word_1_784' title='bbox 2635 5232 2934 5288; x_wconf 75' lang='grc' dir='ltr'>συνειδέναι</span> <span class='ocrx_word' id='word_1_785' title='bbox 2982 5230 3074 5283; x_wconf 80' lang='grc' dir='ltr'>καὶ</span> <span class='ocrx_word' id='word_1_786' title='bbox 3131 5224 3581 5298; x_wconf 84' lang='grc' dir='ltr'>συμπαρανομεῖν</span> <span class='ocrx_word' id='word_1_787' title='bbox 3616 5216 3704 5271; x_wconf 75' lang='grc' dir='ltr'>διὰ</span> 
     </span>
    </p>
   </div>
   <div class='ocr_carea' id='block_1_111' title="bbox 2136 5310 3702 5400">
    <p class='ocr_par' dir='ltr' id='par_1_111' title="bbox 2136 5310 3702 5400">
     <span class='ocr_line' id='line_1_111' title="bbox 2136 5310 3702 5400; baseline -0.011 -17"><span class='ocrx_word' id='word_1_788' title='bbox 2136 5329 2323 5400; x_wconf 76' lang='grc' dir='ltr'>φόϐον.</span> <span class='ocrx_word' id='word_1_789' title='bbox 2350 5328 2611 5383; x_wconf 73' lang='grc' dir='ltr'>Φαίνεται</span> <span class='ocrx_word' id='word_1_790' title='bbox 2649 5326 2830 5378; x_wconf 87' lang='grc' dir='ltr'>τοίνυν</span> <span class='ocrx_word' id='word_1_791' title='bbox 2860 5322 2934 5387; x_wconf 89' lang='grc' dir='ltr'>ὦς</span> <span class='ocrx_word' id='word_1_792' title='bbox 2968 5338 3033 5391; x_wconf 87' lang='grc' dir='ltr'><strong>γε</strong></span> <span class='ocrx_word' id='word_1_793' title='bbox 3062 5321 3173 5375; x_wconf 87' lang='grc' dir='ltr'><strong>τῶν</strong></span> <span class='ocrx_word' id='word_1_794' title='bbox 3214 5317 3382 5373; x_wconf 71' lang='grc' dir='ltr'>πάλαι</span> <span class='ocrx_word' id='word_1_795' title='bbox 3409 5314 3607 5387; x_wconf 86' lang='grc' dir='ltr'>βίϐλων</span> <span class='ocrx_word' id='word_1_796' title='bbox 3647 5310 3702 5365; x_wconf 70' lang='lat' dir='ltr'><strong>ai</strong></span> 
     </span>
    </p>
   </div>
   <div class='ocr_carea' id='block_1_112' title="bbox 2137 5402 3701 5490">
    <p class='ocr_par' dir='ltr' id='par_1_112' title="bbox 2137 5402 3701 5490">
     <span class='ocr_line' id='line_1_112' title="bbox 2137 5402 3701 5490; baseline -0.009 -14"><span class='ocrx_word' id='word_1_797' title='bbox 2137 5421 2355 5481; x_wconf 84' lang='grc' dir='ltr'>πλείους</span> <span class='ocrx_word' id='word_1_798' title='bbox 2393 5418 2456 5472; x_wconf 82' lang='grc' dir='ltr'><strong>ού</strong></span> <span class='ocrx_word' id='word_1_799' title='bbox 2490 5416 2693 5490; x_wconf 64' lang='grc' dir='ltr'>μικρὰς</span> <span class='ocrx_word' id='word_1_800' title='bbox 2725 5415 2965 5469; x_wconf 76' lang='grc' dir='ltr'>συνιέναι</span> <span class='ocrx_word' id='word_1_801' title='bbox 2995 5413 3265 5482; x_wconf 78' lang='grc' dir='ltr'>παρέσχον</span> <span class='ocrx_word' id='word_1_802' title='bbox 3295 5407 3394 5471; x_wconf 68' lang='grc' dir='ltr'><strong>τὰς</strong></span> <span class='ocrx_word' id='word_1_803' title='bbox 3426 5402 3701 5476; x_wconf 68' lang='grc' dir='ltr'>ἀφορμὰς.</span> 
     </span>
    </p>
   </div>
   <div class='ocr_carea' id='block_1_113' title="bbox 2136 5498 3705 5581">
    <p class='ocr_par' dir='ltr' id='par_1_113' title="bbox 2136 5498 3705 5581">
     <span class='ocr_line' id='line_1_113' title="bbox 2136 5498 3705 5581; baseline -0.014 -14"><span class='ocrx_word' id='word_1_804' title='bbox 2136 5514 2233 5568; x_wconf 73' lang='grc' dir='ltr'>καὶ</span> <span class='ocrx_word' id='word_1_805' title='bbox 2265 5510 2381 5581; x_wconf 75' lang='grc' dir='ltr'>ἅμα</span> <span class='ocrx_word' id='word_1_806' title='bbox 2410 5512 2444 5581; x_wconf 80' lang='grc' dir='ltr'>ὴ</span> <span class='ocrx_word' id='word_1_807' title='bbox 2499 5510 2714 5580; x_wconf 84' lang='grc' dir='ltr'>χρόνιος</span> <span class='ocrx_word' id='word_1_808' title='bbox 2762 5507 2923 5578; x_wconf 78' lang='grc' dir='ltr'>ἡμῶν</span> <span class='ocrx_word' id='word_1_809' title='bbox 2967 5504 3117 5566; x_wconf 81' lang='grc' dir='ltr'>ὅπως</span> <span class='ocrx_word' id='word_1_810' title='bbox 3152 5500 3283 5555; x_wconf 67' lang='grc' dir='ltr'>ποτε</span> <span class='ocrx_word' id='word_1_811' title='bbox 3318 5498 3576 5553; x_wconf 77' lang='grc' dir='ltr'>πέπεικεν</span> <span class='ocrx_word' id='word_1_812' title='bbox 3607 5500 3705 5563; x_wconf 63' lang='lat' dir='ltr'><strong>ip-</strong></span> 
     </span>
    </p>
   </div>
   <div class='ocr_carea' id='block_1_114' title="bbox 2139 5587 3703 5674">
    <p class='ocr_par' dir='ltr' id='par_1_114' title="bbox 2139 5587 3703 5674">
     <span class='ocr_line' id='line_1_114' title="bbox 2139 5587 3703 5674; baseline -0.013 -16"><span class='ocrx_word' id='word_1_813' title='bbox 2139 5603 2347 5674; x_wconf 82' lang='grc' dir='ltr'>πειρία,</span> <span class='ocrx_word' id='word_1_814' title='bbox 2369 5602 2443 5665; x_wconf 81' lang='grc' dir='ltr'>ὡς</span> <span class='ocrx_word' id='word_1_815' title='bbox 2464 5595 2545 5665; x_wconf 74' lang='grc' dir='ltr'>οἷς</span> <span class='ocrx_word' id='word_1_816' title='bbox 2572 5596 2678 5653; x_wconf 80' lang='grc' dir='ltr'><strong>τῶν</strong></span> <span class='ocrx_word' id='word_1_817' title='bbox 2708 5597 2989 5669; x_wconf 75' lang='grc' dir='ltr'>ἡγεμόνων</span> <span class='ocrx_word' id='word_1_818' title='bbox 3018 5596 3158 5665; x_wconf 75' lang='grc' dir='ltr'>μήτε</span> <span class='ocrx_word' id='word_1_819' title='bbox 3188 5594 3294 5646; x_wconf 80' lang='grc' dir='ltr'><strong>πᾶν</strong></span> <span class='ocrx_word' id='word_1_820' title='bbox 3317 5590 3379 5645; x_wconf 85' lang='grc' dir='ltr'><strong>τδ</strong></span> <span class='ocrx_word' id='word_1_821' title='bbox 3400 5590 3497 5659; x_wconf 80' lang='grc' dir='ltr'>τῆς</span> <span class='ocrx_word' id='word_1_822' title='bbox 3526 5587 3703 5646; x_wconf 77' lang='grc' dir='ltr'>αἰτίας</span> 
     </span>
    </p>
   </div>
   <div class='ocr_carea' id='block_1_115' title="bbox 2135 5683 3703 5765">
    <p class='ocr_par' dir='ltr' id='par_1_115' title="bbox 2135 5683 3703 5765">
     <span class='ocr_line' id='line_1_115' title="bbox 2135 5683 3703 5765; baseline -0.015 -13"><span class='ocrx_word' id='word_1_823' title='bbox 2135 5697 2397 5765; x_wconf 76' lang='grc' dir='ltr'>ἄντικρυς</span> <span class='ocrx_word' id='word_1_824' title='bbox 2427 5694 2636 5747; x_wconf 84' lang='grc' dir='ltr'>ἀνεῖται</span> <span class='ocrx_word' id='word_1_825' title='bbox 2667 5695 2724 5754; x_wconf 79' lang='grc' dir='ltr'>ἐς</span> <span class='ocrx_word' id='word_1_826' title='bbox 2764 5690 2964 5743; x_wconf 76' lang='grc' dir='ltr'>κακίαν</span> <span class='ocrx_word' id='word_1_827' title='bbox 2986 5686 3287 5752; x_wconf 75' lang='grc' dir='ltr'>ἐνδόσιμον,</span> <span class='ocrx_word' id='word_1_828' title='bbox 3322 5683 3444 5745; x_wconf 79' lang='grc' dir='ltr'>ταῖς</span> <span class='ocrx_word' id='word_1_829' title='bbox 3469 5696 3529 5733; x_wconf 85' lang='grc' dir='ltr'><strong>τε</strong></span> <span class='ocrx_word' id='word_1_830' title='bbox 3564 5694 3703 5746; x_wconf 79' lang='grc' dir='ltr'>συμ-</span> 
     </span>
    </p>
   </div>
   <div class='ocr_carea' id='block_1_116' title="bbox 467 5770 2028 5862">
    <p class='ocr_par' dir='ltr' id='par_1_116' title="bbox 467 5787 2028 5862">
     <span class='ocr_line' id='line_1_116' title="bbox 467 5787 2028 5862; baseline 0.003 -20"><span class='ocrx_word' id='word_1_831' title='bbox 467 5788 733 5848; x_wconf 82' lang='lat' dir='ltr'><strong>Dominus</strong></span> <span class='ocrx_word' id='word_1_832' title='bbox 782 5787 850 5841; x_wconf 82' lang='lat' dir='ltr'><strong>iis</strong></span> <span class='ocrx_word' id='word_1_833' title='bbox 894 5788 1271 5859; x_wconf 84' lang='lat' dir='ltr'><strong>principibus,</strong></span> <span class='ocrx_word' id='word_1_834' title='bbox 1304 5790 1398 5860; x_wconf 89' lang='lat' dir='ltr'><strong>qui</strong></span> <span class='ocrx_word' id='word_1_835' title='bbox 1449 5807 1560 5847; x_wconf 88' lang='lat' dir='ltr'><strong>non</strong></span> <span class='ocrx_word' id='word_1_836' title='bbox 1606 5792 1755 5847; x_wconf 90' lang='lat' dir='ltr'><strong>omni</strong></span> <span class='ocrx_word' id='word_1_837' title='bbox 1788 5809 1852 5847; x_wconf 79' lang='lat' dir='ltr'><strong>ex</strong></span> <span class='ocrx_word' id='word_1_838' title='bbox 1884 5801 2028 5862; x_wconf 81' lang='lat' dir='ltr'><strong>parte</strong></span> 
     </span>
    </p>
   </div>
   <div class='ocr_carea' id='block_1_117' title="bbox 2131 5770 3704 5862">
    <p class='ocr_par' dir='ltr' id='par_1_117' title="bbox 2138 5770 3704 5861">
     <span class='ocr_line' id='line_1_117' title="bbox 2138 5770 3704 5861; baseline -0.016 -17"><span class='ocrx_word' id='word_1_839' title='bbox 2138 5792 2335 5861; x_wconf 76' lang='grc' dir='ltr'>φοραῖς</span> <span class='ocrx_word' id='word_1_840' title='bbox 2373 5788 2483 5842; x_wconf 91' lang='grc' dir='ltr'><strong>τῶν</strong></span> <span class='ocrx_word' id='word_1_841' title='bbox 2515 5785 2772 5856; x_wconf 73' lang='grc' dir='ltr'>ὑπηκόων</span> <span class='ocrx_word' id='word_1_842' title='bbox 2802 5780 3173 5854; x_wconf 79' lang='grc' dir='ltr'>κηδεμονικῶς</span> <span class='ocrx_word' id='word_1_843' title='bbox 3210 5774 3618 5846; x_wconf 82' lang='grc' dir='ltr'>καμπτομένοις</span> <span class='ocrx_word' id='word_1_844' title='bbox 3648 5770 3704 5819; x_wconf 79' lang='grc' dir='ltr'><strong>ἐν</strong></span> 
     </span>
    </p>
   </div>
   <div class='ocr_carea' id='block_1_118' title="bbox 470 5877 2034 5957">
    <p class='ocr_par' dir='ltr' id='par_1_118' title="bbox 470 5877 2034 5957">
     <span class='ocr_line' id='line_1_118' title="bbox 470 5877 2034 5957; baseline 0.001 -21"><span class='ocrx_word' id='word_1_845' title='bbox 470 5893 692 5937; x_wconf 80' lang='lat' dir='ltr'><strong>causam</strong></span> <span class='ocrx_word' id='word_1_846' title='bbox 741 5886 905 5952; x_wconf 83' lang='lat' dir='ltr'><strong>atque</strong></span> <span class='ocrx_word' id='word_1_847' title='bbox 954 5877 1234 5937; x_wconf 86' lang='lat' dir='ltr'><strong>licentiam</strong></span> <span class='ocrx_word' id='word_1_848' title='bbox 1290 5883 1666 5957; x_wconf 85' lang='lat' dir='ltr'><strong>improbitatis</strong></span> <span class='ocrx_word' id='word_1_849' title='bbox 1720 5884 2034 5950; x_wconf 87' lang='lat' dir='ltr'><strong>dederunt,</strong></span> 
     </span>
    </p>
   </div>
   <div class='ocr_carea' id='block_1_119' title="bbox 2139 5862 3703 5951">
    <p class='ocr_par' dir='ltr' id='par_1_119' title="bbox 2139 5862 3703 5951">
     <span class='ocr_line' id='line_1_119' title="bbox 2139 5862 3703 5951; baseline -0.015 -13"><span class='ocrx_word' id='word_1_850' title='bbox 2139 5881 2468 5938; x_wconf 81' lang='grc' dir='ltr'>ταπεινώσει</span> <span class='ocrx_word' id='word_1_851' title='bbox 2515 5879 2729 5951; x_wconf 81' lang='grc' dir='ltr'>γίνεται</span> <span class='ocrx_word' id='word_1_852' title='bbox 2786 5876 3012 5947; x_wconf 76' lang='grc' dir='ltr'>καρδίας</span> <span class='ocrx_word' id='word_1_853' title='bbox 3059 5873 3271 5934; x_wconf 81' lang='grc' dir='ltr'>τούτοις</span> <span class='ocrx_word' id='word_1_854' title='bbox 3328 5862 3703 5923; x_wconf 75' lang='grc' dir='ltr'>ἐπικαλεῖσθαι</span> 
     </span>
    </p>
   </div>
  </div>
