4050 6562
314 408 411 474 -89
1302 413 1756 477 ΒΥΖΑΝἸῚΝΙΕ
1784 416 1931 478 .HIS

2039 416 2192 478 BHE
2229 416 2376 479 LIB.
2421 419 2631 483 XXVI.
3519 420 3594 484 90

335 526 431 579 τὸν
475 523 709 595 Κύριον,
745 523 970 589 τούτους
1019 524 1288 596 δήπουθεν
1342 529 1632 601 οἰκτείρων
1675 529 1930 584 ἐνταυθοῖ

2034 531 2442 588 calamitatibus
2472 542 2654 588 autem
2697 531 3073 605 subjectnrum
3108 530 3346 589 sollicito
3377 530 3498 586 ﬂexi
3533 529 3591 583 in

335 616 486 671 κατὰ
522 616 584 670 τὸ
613 615 713 686 τῆς
749 616 932 681 αίτίας
963 616 1148 672 δίδωσι
1180 618 1412 690 πάσχειν
1438 620 1724 689 ἀνάλογον,
1761 620 1829 674 ἶν’
1862 622 1921 685 ες

332 707 400 761 τὸ
429 708 626 780 μέλλον
661 710 767 780 σχῇ
796 708 1134 782 κουφοτέραν
1164 711 1264 781 τὴν
1293 711 1539 767 κόλασιν.
1576 712 1636 765 Ei
1664 712 1710 766 δ’
1744 713 1920 775 αἴτιος

339 800 449 868 μὲν
479 802 579 870 τῆς
608 801 738 871 ὅλης
775 801 861 873 είη
900 804 1098 866 κακίας
1147 804 1403 869 καθάπαξ
1445 805 1630 868 αὐτὸς.
1662 804 1733 858 δι’
1766 805 1833 874 ην
1862 805 1921 865 ἐς

340 892 555 961 φθορὰν
600 891 863 963 ὁλοσχερῆ
912 893 974 947 τὸ
1023 894 1263 965 ὑπήκοον
1316 896 1707 965 καταφέρεται,
1750 889 1920 947 ἔπειτ’

338 984 506 1047 αὐτὸς
530 983 837 1055 ἀνάλγητός
860 1002 919 1039 τε
951 988 1130 1056 μένων
1158 990 1250 1040 καὶ
1272 988 1475 1058 ἥκιστα
1496 990 1615 1049 ταῖς
1640 985 1921 1049 τοιαύταις

342 1077 659 1146 συμφοραῖς
697 1077 837 1146 μήτε
875 1078 1286 1148 καμπτόμενος,
1334 1081 1471 1151 μήτε
1514 1080 1621 1151 μὴν
1659 1080 1767 1133 οὐδ’
1792 1081 1922 1150 ἀχρι

336 1165 437 1218 τοῦ
498 1167 828 1236 φαινομένου
887 1169 1242 1239 συμπάσχειν
1291 1171 1569 1240 ὁρώμενος
1622 1170 1918 1241 σχήματος,

338 1257 537 1310 ἔπειτα
566 1258 779 1330 μακρὸν
812 1259 872 1326 εξ
902 1259 1155 1323 ἀπονοίας
1191 1261 1285 1314 καὶ
1309 1260 1478 1331 τῦφον
1506 1264 1564 1315 ὲν
1594 1263 1739 1333 ψυχῇ
1769 1279 1925 1331 περι-

344 1350 564 1419 Οάλπει,
595 1350 876 1419 δικαίωμα
908 1353 1005 1407 τοῦ
1038 1355 1113 1422 μὴ
1141 1352 1303 1424 δῆθεν
1345 1354 1510 1408 αὑτὸν
1553 1353 1820 1424 ἁμαρτεῖν
1860 1352 1923 1406 τδ

342 1444 425 1513 μὴ
464 1444 700 1513 πάσχειν
729 1445 999 1515 οἰόμενος,
1049 1446 1225 1516 τούτῳ
1264 1444 1468 1510 πάντας
1500 1449 1617 1499 ἐκεῖ
1659 1447 1779 1507 τοὺ;
1823 1447 1921 1515 τῆς

336 1536 499 1604 δίκης
519 1535 793 1606 λαμπρῶς
812 1536 1064 1607 ταμιεύει
1094 1539 1434 1608 πρηστῆρας.
1468 1538 1619 1609 Μηδὲ
1642 1539 1749 1609 γὰρ
1783 1533 1922 1591 εἶναι

337 1629 443 1698 τὴν
472 1624 709 1683 ἐνταῦθα
753 1628 976 1683 κόλασιν
1012 1630 1343 1701 ἀποχρῶσαν
1371 1630 1513 1684 οὕτω
1547 1631 1803 1700 μεγάλοις
1827 1631 1925 1684 καὶ

341 1721 839 1790 παρανομωτάτοις
870 1721 1207 1791 πταίσμασιν
1237 1720 1512 1786 ἀσεϐείας,
1542 1715 1609 1794 ἧς
1646 1722 1743 1783 τὰς
1767 1721 1924 1783 δίκας

340 1813 507 1874 αὑτός
539 1811 592 1865 θ’
620 1813 763 1883 ὑπὲρ
790 1812 988 1866 ἑαυτοῦ
1016 1812 1354 1882 ὀφλισκάνει,
1389 1814 1484 1866 καὶ
1515 1813 1632 1883 ἅμα
1664 1813 1802 1884 ὑπὲρ
1826 1808 1922 1866 τοῦ

339 1905 455 1957 τῶν
491 1905 751 1974 ὑπηκόων
791 1904 860 1959 δι’
902 1905 1065 1979 αύτρν
1110 1905 1451 1969 ἀπολωλότος
1485 1906 1724 1977 πλήθους
1752 1921 1764 1934 ·
1801 1921 1922 1960 ποιο

345 1998 512 2066 μένος
556 1999 667 2069 γὰρ
700 1998 1100 2069 ἀνειλημμένος
1148 2001 1336 2066 τόπον,
1392 1999 1468 2071 μὴ
1526 1999 1688 2069 μόνον
1727 1997 1788 2052 ού
1827 2014 1922 2051 πε-

342 2108 387 2142 π
402 2091 572 2160 ιίηται
593 2091 693 2159 τὴν
715 2092 1099 2162 ἁρμόττουσαν
1127 2091 1204 2161 τῷ
1226 2092 1463 2162 ποιμνίῳ
1494 2090 1772 2161 πρόνοιαν,
1790 2088 1924 2144 ἀλλά

343 2183 447 2235 καὶ
484 2182 692 2252 φθορᾶς
724 2180 873 2251 αύτῷ
908 2180 1514 2253 προσεπεδαψιλεύσατο
1543 2181 1799 2252 τρόπους,
1828 2178 1925 2232 λύ-

264 2294 269 2299 ·
342 2292 444 2339 κος
478 2274 603 2329 ἀντὶ
639 2275 948 2346 προστάτου
987 2275 1081 2329 καὶ
1112 2274 1372 2343 ποιμένος
1426 2274 1637 2344 φανείς.
1694 2274 1928 2328 Ἔπειτα

345 2365 457 2419 οὐδ’
484 2367 618 2438 ἡμῖν
649 2365 957 2437 ἀνθρώποις
977 2361 1129 2420 οὖσιν
1149 2365 1357 2418 ἀνεῖται
1385 2368 1485 2434 τὴν
1515 2365 1572 2417 έν
1597 2364 1927 2432 ὁτουδηποτ-

345 2459 448 2513 οὖν
500 2460 687 2529 ἑτέρου
740 2460 1130 2530 κρυπτομένην
1172 2456 1233 2531 [ί.
1268 2456 1366 2511 120
1396 2454 1447 2529 ὁ]
1484 2455 1687 2533 καρδίᾳ
1729 2454 1927 2510 κακίαν

348 2556 383 2623 ἦ
416 2552 620 2625 ἀρετὴν
654 2552 794 2623 πλὴν
821 2553 945 2606 ὅσον
989 2554 1052 2605 ὲκ
1080 2550 1191 2604 τῶν
1238 2549 1439 2615 ἔξωθεν
1491 2548 1789 2618 σχημάτων
1833 2547 1928 2599 καὶ

345 2648 664 2720 χρωμάτων
706 2645 802 2700 τοῦ
853 2663 914 2700 τε
965 2646 1132 2716 ἦθους
1182 2646 1279 2697 καὶ
1324 2644 1433 2697 τῶν
1472 2642 1649 2710 λόγων
1682 2640 1928 2704 είκασίας

347 2734 625 2808 θηρᾶσθαι
668 2755 821 2801 τινας
863 2734 1144 2807 ἀμυδρῶς.
1187 2733 1377 2803 Γνοίης
1405 2731 1451 2785 δ’
1485 2726 1578 2784 οὖν
1617 2730 1767 2799 ὁμῶς
1796 2728 1928 2789 κάν-

347 2830 565 2894 τεῦθεν,
617 2830 667 2882 εί
716 2829 781 2883 τὰ
844 2829 1016 2883 πλείω
1067 2827 1157 2881 διά
1208 2824 1503 2893 συντομίαν
1554 2824 1649 2876 καὶ
1703 2819 1932 2874 τουτωνὶ

351 2923 623 2993 τ.αρέντες
643 2920 739 2975 τοῦ
764 2921 1023 2993 ἄρχοντος
1049 2917 1414 2986 διεξέλθωμεν
1435 2915 1573 2969 ἔνια.
1603 2914 1798 2968 Ἔσται
1822 2912 1931 2982 γὰρ

351 3019 418 3069 ἐκ
445 3016 555 3068 τῶν
590 3013 791 3078 ἔξωθεν
822 3011 1068 3084 σημείων
1093 3013 1370 3080 γνώριμος
1398 3008 1511 3069 τοῖς
1551 3004 1933 3072 συνετωτέροις

350 3109 452 3160 καὶ
490 3104 706 3159 τουτουῖ
744 3108 841 3175 τῆς
872 3103 1050 3174 ψυχῆς
1079 3103 1112 3172 ἡ
1145 3102 1407 3165 διάθεσις,
1437 3099 1529 3151 καὶ
1556 3098 1632 3159 ὡς
1667 3094 1933 3175 σφαλεραὶ

2027 626 2411 683 bumiliatione
2456 627 2641 683 cordis
2688 643 2816 683 eum
2877 628 3170 691 invocant,
3224 640 3325 695 pro
3378 623 3591 678 ratione

2024 734 2206 776 causze
2234 720 2615 776 misericordia
2652 735 2846 776 eorum
2880 726 3165 789 permotus
3193 715 3468 786 supplicia
3503 714 3594 768 hic

2026 812 2275 884 inﬂigere
2326 814 2571 881 videtur,
2623 829 2733 883 quo
2778 810 3180 881 expeditiorem
3234 808 3289 863 in
3342 806 3591 861 futurum

2024 908 2226 962 habeat
2253 906 2694 976 castigationem.
2731 904 2826 958 Sin
2865 911 3047 957 autem
3086 902 3374 969 princeps,
3412 913 3592 968 quant

2022 1015 2192 1071 quam
2235 1002 2419 1054 omnis
2461 997 2861 1068 improbitatis,
2896 1012 3003 1066 qua
3039 994 3104 1049 ad
3150 993 3364 1063 planam
3407 991 3593 1061 perui-

2025 1091 2166 1147 ciem
2200 1091 2432 1161 subjecti
2468 1091 2871 1151 detruduntur,
2905 1092 3058 1145 solus
3097 1099 3289 1143 auctor
3326 1099 3447 1150 est,
3482 1100 3592 1139 nou

2020 1183 2190 1239 modo
2229 1184 2442 1238 miserae
2473 1192 2529 1237 ct
2563 1183 2777 1239 amicta:
2810 1200 3003 1238 eorum
3043 1185 3278 1237 fortuna:
3311 1181 3591 1236 duriorem

2023 1290 2082 1331 se
2128 1275 2334 1344 praebet
2376 1291 2556 1344 neque
2604 1276 2844 1345 speciem
2892 1274 3115 1345 quidem
3160 1289 3254 1328 eos
3298 1270 3597 1327 commise-

2025 1368 2196 1422 rantis
2246 1383 2359 1437 pra:
2390 1382 2448 1421 se
2483 1367 2626 1431 fert,
2675 1382 2868 1421 Verum
2918 1366 3083 1421 etiam
3134 1364 3332 1419 fastum
3385 1377 3451 1415 ex
3497 1360 3597 1413 de-

2023 1461 2227 1515 mentia
2259 1461 2362 1516 sibi
2388 1462 2558 1516 sumit
2582 1460 2904 1521 arbitratus,
2940 1459 2990 1512 id
3017 1454 3335 1511 testimonio
3359 1469 3506 1515 esse,
3534 1464 3595 1504 se

2028 1570 2138 1610 non
2176 1570 2432 1624 peccasse
2452 1595 2467 1619 ,
2500 1554 2646 1623 quod
2683 1556 2798 1624 ipse
2828 1554 2881 1606 in
2912 1551 3172 1605 adversas
3206 1563 3294 1602 res
3320 1561 3430 1600 non
3461 1543 3599 1599 inci-

2023 1647 2153 1711 dat,
2187 1648 2315 1701 huic
2352 1662 2543 1700 omnes
2583 1646 2694 1699 illic
2745 1645 2993 1699 turbines
3031 1644 3222 1712 igneos
3274 1639 3341 1695 ad
3377 1651 3595 1708 poenam

2024 1748 2288 1795 reservat.
2310 1739 2430 1794 Non
2457 1739 2601 1793 enim
2633 1737 2833 1793 suilicit
2852 1736 3205 1808 supplicium,
3230 1730 3376 1803 quod
3399 1730 3490 1784 hic
3511 1728 3597 1781 iu-

2025 1832 2134 1901 ﬂigi
2162 1831 2353 1900 possit,
2387 1841 2495 1885 tam
2527 1831 2736 1902 magnis
2759 1840 2921 1899 atque
2938 1826 3239 1881 audacibus
3265 1820 3597 1885 sceleribus,

2025 1938 2264 1993 quorum
2292 1937 2482 1993 pinnas
2506 1930 2731 1991 propter
2758 1936 2818 1975 se
2835 1920 2995 1974 debet
3019 1927 3075 1973 et
3092 1925 3317 1988 propter
3350 1912 3601 1969 multitu-

2026 2015 2211 2072 dinem
2238 2016 2609 2087 subjectorum
2633 2030 2732 2068 sua
2762 2014 2919 2082 culpa
2948 2012 3443 2087 pessumdatorum.
3466 2004 3598 2062 Ofil-

2023 2107 2169 2162 cium
2197 2106 2342 2160 enim
2376 2105 2613 2173 pastoris
2646 2104 2874 2158 sortitus
2906 2117 3015 2156 non
3048 2101 3224 2156 solum
3259 2079 3370 2152 non
3403 2094 3597 2150 habuit

2023 2215 2212 2256 curam
2234 2199 2382 2270 gregi
2405 2197 2852 2262 convenientem,
2880 2210 3068 2249 verum
3100 2193 3265 2248 etiam
3290 2191 3593 2262 perniciem

2024 2292 2074 2347 ei
2128 2291 2353 2363 profuse
2402 2290 2623 2354 attulit,
2678 2298 2879 2344 utnon
2920 2286 3214 2356 praefectus
3264 2286 3385 2355 ejus
3429 2291 3598 2352 atque

2027 2395 2240 2455 pastor,
2272 2384 2365 2439 sed
2400 2384 2563 2454 lupus
2595 2384 2895 2439 videretur.
2936 2381 3133 2436 Verum
3168 2377 3331 2433 nobis
3358 2376 3599 2431 homini-

2028 2477 2134 2532 bus
2164 2476 2594 2546 improbitatem
2625 2485 2718 2530 aut
2769 2474 3028 2528 virtutem
3062 2471 3117 2525 in
3148 2468 3379 2523 alterius
3410 2468 3598 2535 cujus-

2029 2584 2244 2638 cunque
2278 2569 2444 2624 corde
2489 2567 2827 2624 reconditam
2874 2565 3143 2619 duntaxat
3183 2562 3455 2616 hactenus
3505 2573 3601 2612 co-

2029 2678 2294 2733 gnoscere
2342 2662 2508 2728 licet,
2540 2668 2602 2715 ut
2629 2677 2695 2715 ex
2724 2668 2957 2715 externo
2998 2657 3191 2711 habitu
3235 2670 3299 2709 ac
3349 2650 3601 2708 moribus

2030 2756 2324 2825 verbisque
2343 2754 2577 2810 obscura
2602 2755 2848 2824 quedam
2874 2752 3076 2807 iudicia
3098 2747 3598 2819 deprehendamus.

2031 2849 2285 2902 Attamen
2330 2846 2416 2900 vel
2457 2861 2521 2900 ex
2555 2845 2834 2919 ltis‘los
2861 2856 3164 2912 cognosces
3184 2880 3201 2903 ,
3232 2839 3280 2894 si
3302 2879 3316 2902 ,
3349 2836 3603 2907 complu-

2034 2938 2192 2993 ribus
2233 2937 2520 2993 brevitatis
2556 2952 2718 2991 causa
2751 2933 3171 3005 praetermissis,
3200 2932 3370 2986 etiam
3403 2929 3599 2982 harum

2035 3043 2219 3085 rerum
2252 3028 2549 3084 nonnullas
2579 3026 2846 3097 quasdam
2874 3027 2943 3081 de
2988 3024 3320 3091 imperatore
3362 3033 3604 3074 comme-

2035 3121 2400 3175 morabimus.
2451 3118 2756 3189 Perspiciet
2802 3116 2949 3172 enim
2997 3113 3324 3185 prudentior
3367 3109 3603 3180 quisque

352 3199 459 3269 μὲν
495 3198 627 3266 περὶ
662 3198 799 3252 Θεοῦ
842 3198 907 3267 τῇ
946 3195 1141 3249 τούτου
1175 3192 1373 3264 καρδίᾳ
1416 3188 1816 3259 θαλαμεύονται
1845 3186 1932 3239 ἐν·

2034 3227 2101 3266 ex
2133 3211 2379 3266 externis
2408 3186 2737 3281 quibusdam
2771 3208 2977 3279 signis,
3010 3208 3106 3277 qui
3135 3206 3208 3260 sit
3237 3203 3407 3259 animi
3443 3202 3604 3256 istius

349 3309 521 3359 εςοιαι,
559 3292 653 3345 καὶ
679 3290 911 3361 κηλίδων
933 3289 993 3343 οὐ
1023 3288 1149 3360 μάλ’
1178 3287 1344 3351 ἀξίων
1380 3287 1492 3348 τοῖς
1522 3284 1619 3353 τῆς
1650 3280 1933 3339 εὐσεὸείας

349 3386 585 3454 δὸγμασι
614 3383 676 3438 τὸ
702 3382 1055 3453 λογιζόμενον
1092 3379 1434 3451 ἐμπίπλαται
1464 3378 1563 3444 τῆς
1592 3375 1793 3445 ψυχῆς.
1824 3373 1933 3427 Καὶ

346 3477 499 3531 τοῦτ’
543 3477 610 3531 ἂν
663 3476 751 3547 εἴη
800 3473 895 3529 τοῦ
956 3472 1122 3545 μηδὲν
1170 3471 1281 3525 τῶν
1331 3469 1480 3541 αὐτῷ
1542 3467 1934 3541 πραττομένων

349 3572 677 3627 εὖοδούσθαι
719 3572 781 3625 τὸ
822 3570 1018 3641 αἴτιον,
1072 3568 1256 3640 ἥκιστ’
1299 3566 1629 3636 ἀνεχομένου
1674 3561 1811 3617 Θεοῦ
1858 3559 1935 3632 μὴ

353 3666 670 3736 θεατρίζειν
702 3664 803 3737 τὴν
847 3665 907 3718 ὲν
949 3664 1063 3725 τοῖς
1108 3661 1207 3732 τῆς
1253 3658 1483 3730 καρδίας
1529 3655 1796 3725 θαλάμοις
1842 3669 1938 3706 κε-

355 3759 682 3831 κρυμμένην
706 3757 906 3813 κακίαν
925 3755 1014 3812 διά
1035 3755 1145 3810 τῶν
1170 3752 1370 3817 ἔξωθεν
1394 3750 1757 3824 πραγμάτων.
1781 3747 1937 3819 Ἔχει

353 3854 413 3907 δὲ
441 3852 637 3917 οὕτως.

428 4035 535 4091 lli'.
553 4036 613 4092 '0
651 4034 915 4097 Πισσαῖος
936 4031 1226 4097 Νικόλαος,
1255 4030 1283 4084 ὀ
1301 4027 1411 4083 τῶν
1433 4022 1938 4095 τεσσαρεσκαίδεκα

356 4128 670 4183 Βενετικῶν
704 4127 845 4181 νεῶν
871 4126 1144 4197 ναύαρχος
1167 4123 1413 4188 ἐκείνων,
1450 4120 1517 4183 ἀς
1556 4117 1940 4172 καταπεπλευ-

361 4221 514 4273 κέναι
542 4220 775 4288 πέρυσιν
816 4217 1027 4287 ἔφαμεν
1059 4213 1205 4269 κατά
1228 4214 1323 4268 τοῦ
1350 4209 1746 4279 Γαλατωνύμου
1773 4222 1941 4277 φρου-

362 4314 505 4384 ρίου,
534 4311 726 4382 έπειδὴ
763 4310 853 4363 καὶ
884 4309 1115 4380 βασιλέα
1165 4306 1457 4378 σύμμαχον
1495 4304 1650 4357 λάϐοι
1684 4300 1780 4355 καὶ
1805 4299 1938 4368 ὁμό-

361 4421 536 4473 φρονα
561 4403 676 4463 τοῖς
710 4401 1013 4463 Βενετικοῖς
1047 4399 1193 4453 κατά
1218 4394 1711 4458 τῶνΓεννουῖτῶν,
1741 4394 1939 4463 ὅρκους

360 4498 658 4569 φρικώδεις
699 4496 827 4559 δοὺς
880 4496 977 4549 καὶ
1032 4492 1237 4559 λαὸὼν,
1270 4491 1443 4545 ἔπειτ’
1473 4490 1636 4553 αὐτὸς
1673 4487 1775 4560 μὶν
1818 4487 1940 4550 ὅλος

356 4594 470 4646 τῶν
492 4590 814 4645 ἐνεστώτων
844 4587 1151 4659 τηνικαῦτα
1188 4587 1474 4656 γινόμενος
1516 4583 1693 4654 ἔργων
1722 4581 1815 4634 τδν
1841 4580 1939 4648 βα·
1968 4580 2015 4639 D

359 4684 515 4739 σιλέα
541 4684 681 4753 πρὸς
715 4683 815 4754 μὶν
841 4681 940 4753 τὴν
973 4682 1159 4753 μάχην
1197 4680 1416 4749 ἐκείνην
1442 4677 1627 4750 ἀργῶς
1657 4673 1939 4744 διακείμεο

358 4796 453 4831 νον
481 4776 704 4841 minus,
757 4775 897 4846 πρὸς
940 4773 987 4828 δ’
1017 4774 1184 4843 ἕτερα
1217 4772 1319 4840 τὴν
1347 4771 1477 4841 ὅλην
1509 4768 1750 4839 σπουδὴν
1780 4782 1938 4836 περι-

360 4867 678 4938 σπώμενον,
716 4867 784 4921 τά
832 4865 957 4919 καθ’
992 4864 1149 4935 ἡμῶν
1192 4865 1375 4917 ὲκείνι
1418 4860 1620 4930 δηλαδὴ
1666 4855 1939 4929 λῃστρικά

359 4963 644 5032 συνέδρια.
681 4958 989 5033 βιαιότερόν
1047 4976 1168 5022 πως
1225 4958 1467 5011 ἐνέκειτο
1521 4955 1806 5025 διεγείρων
1855 4955 1936 5015 είς

358 5058 619 5127 τοῦργον.
652 5058 880 5112 Πάντων
912 5056 1024 5127 γὰρ
1059 5055 1249 5123 ελεγεν
1270 5053 1478 5125 ἥκιστα
1504 5052 1617 5105 δείν
1647 5049 1939 5120 καρτερεῖν

360 5150 621 5205 ἐνταυθοῖ
647 5190 663 5216 ,
716 5149 826 5203 τῶν
865 5146 1183 5220 πολεμικῶν
1240 5147 1342 5201 οὐκ
1401 5144 1747 5216 ἀνεχομένων
1800 5142 1940 5205 ὅλως

362 5244 713 5315 πραγμάτων
734 5244 846 5298 οὐδ’
872 5244 930 5307 ἐς
957 5242 1156 5315 μικρὸν
1186 5239 1608 5311 ὑπερτίθεσθαι,
1630 5235 1747 5292 ἀλλ’
1773 5242 1835 5291 εν
1861 5233 1941 5307 τῷ

363 5336 715 5408 παραχρῆμα
744 5338 843 5408 τὴν
876 5336 1199 5408 ἔμπρακτον
1254 5335 1631 5390 ἀπαιτούντων
1677 5331 1938 5402 ὀξύτητα.

362 5432 460 5493 Δὶς
484 5428 531 5482 δ’
556 5424 652 5483 οὖν
679 5431 774 5483 καὶ
820 5430 940 5500 τρὶς
969 5432 1064 5483 καὶ
1094 5428 1357 5492 πολλάκις
1396 5428 1589 5495 ὁμοίας
1618 5424 1769 5495 αὐτῷ
1798 5440 1944 5494 παρ-

364 5526 484 5592 εῖχε
507 5523 606 5588 τάς
632 5523 957 5595 ἀποκρίσεις
977 5523 1005 5575 δ
1043 5523 1322 5596 βισιλεὺς,
1355 5522 1495 5592 μετά
1525 5519 1683 5591 μάλα
1710 5534 1761 5571 τι
1804 5516 1943 5587 γαύ-

371 5634 471 5689 ρου
515 5618 615 5671 καὶ
664 5616 1225 5689 ἀναμφισϐητησίμου
1286 5616 1381 5670 τοῦ
1442 5614 1627 5686 ἡθους.
1665 5629 1687 5666 ε
1715 5613 1939 5677 Μείνον,

364 5708 567 5778 λέγων,
627 5710 823 5781 μικρόν
886 5727 954 5781 με
1009 5708 1338 5763 καταδαλεϊν
1387 5708 1513 5771 τοὺς
1576 5705 1944 5777 δογματικοὺς

368 5802 603 5873 ἐχθροὺς
648 5803 747 5872 τῆς
793 5804 929 5873 ξμῆς
972 5802 1346 5873 προαιρέσεως
1391 5800 1770 5869 ἐπειγόμενον.
1826 5798 1943 5852 Κά-

374 5895 519 5953 πειτ⁹
554 5896 796 5964 ἀναστάς
820 5896 895 5962 ὡς
925 5896 1147 5950 νοτσιάν
1175 5898 1233 5950 τὺ
1261 5894 1521 5966 πολέμιον
1562 5894 1743 5949 τουτυῖ
1772 5912 1940 5950 κατα-

2036 3305 2297 3370 habitus,
2342 3320 2508 3374 quam
2548 3302 2776 3358 fallaces
2818 3301 2887 3356 de
2930 3300 3043 3354 Deo
3090 3298 3383 3369 opiniones
3423 3295 3475 3348 iu
3508 3308 3602 3363 pe-

2035 3406 2188 3453 ctore
2236 3398 2524 3452 occultatas
2572 3396 2718 3457 sint,
2769 3392 2994 3464 quantis
3043 3389 3302 3447 sordibus
3333 3384 3609 3453 dogmatis

2035 3505 2182 3546 verae
2210 3488 2502 3560 religionis
2527 3486 2675 3543 haud
2699 3502 2833 3542 sane
2863 3484 3045 3556 dignis
3076 3496 3229 3537 mens
3258 3478 3477 3549 oppleta
3510 3475 3605 3531 sit.

2036 3583 2154 3638 Hoc
2190 3581 2359 3637 etiam
2407 3581 2462 3634 in
2504 3594 2671 3634 causa
2718 3586 2843 3644 est,
2875 3592 2976 3632 cur
3020 3572 3159 3630 nihil
3202 3584 3434 3635 eorum,
3485 3580 3606 3637 qua:

2039 3674 2312 3745 suscipit,
2344 3686 2610 3743 prospere
2640 3671 2690 3726 ei
2722 3666 3029 3731 succedat;
3074 3664 3222 3718 Deus
3264 3659 3413 3717 enim
3464 3673 3494 3711 a
3546 3671 3607 3711 se

2037 3771 2335 3839 impetrare
2364 3780 2474 3819 non
2504 3769 2716 3834 potest,
2744 3759 2878 3831 quin
2905 3754 3317 3827 improbitatem
3345 3752 3401 3805 in
3430 3746 3607 3805 animi

2037 3860 2271 3918 latebris
2313 3858 2588 3914 oeeultam
2632 3856 2797 3911 etiam
2838 3853 3007 3908 rebus
3049 3847 3296 3904 externis
3325 3842 3608 3917 propalam

2038 3960 2097 4008 et
2126 3950 2182 4006 in
2213 3958 2470 4021 promptu
2501 3955 2688 4017 ponat.
2722 3946 2831 4001 Res
2863 3960 2995 3999 vero
3022 3943 3094 3996 ita
3128 3942 3316 3997 habet.

2106 4042 2369 4099 Nicolaus
2410 4042 2665 4107 Pisanus,
2706 4038 3001 4109 praefectus
3059 4034 3288 4089 navium
3342 4036 3609 4099 quatuor-

2037 4135 2219 4191 decim
2248 4133 2605 4197 Venetarum,
2642 4146 2781 4201 quas
2807 4144 2953 4184 anno
2995 4126 3281 4198 superiore
3314 4124 3367 4178 in
3414 4119 3614 4176 castel-

2040 4226 2154 4282 lum
2186 4223 2392 4280 Galata:
2447 4222 2738 4294 navigasse
2784 4219 3047 4297 diximus,
3097 4231 3223 4272 cum
3280 4215 3616 4284 imperatore

2040 4334 2264 4391 quoque
2293 4318 2447 4375 socio
2474 4325 2667 4373 contra
2689 4315 3016 4373 Genuenses
3051 4313 3370 4380 adsumpto,
3425 4306 3616 4362 horri-

2041 4414 2138 4470 bili
2171 4411 2533 4485 jurejurando
2594 4409 2725 4466 dato
2780 4418 2947 4479 atque
2986 4414 3234 4477 accepto,
3289 4413 3436 4458 totus
3468 4407 3617 4456 esset

2040 4508 2098 4563 in
2130 4506 2298 4562 rebus
2322 4503 2657 4563 instantibus
2682 4502 2960 4573 gerendis.
2994 4501 3389 4571 imperatorem
3429 4503 3614 4565 autem

2044 4600 2113 4657 ad
2143 4608 2420 4657 certamen
2444 4611 2692 4669 segnem,
2715 4596 2782 4653 ad
2811 4596 2947 4651 alias
2971 4609 3084 4658 res,
3114 4592 3375 4649 nimirum
3399 4588 3463 4643 ad
3482 4602 3619 4642 con-

2045 4693 2170 4749 cilia
2197 4692 2289 4748 illa
2321 4690 2627 4747 latrociniis
2655 4686 2860 4745 similia
2890 4687 2944 4742 in
2978 4701 3082 4743 nos
3109 4682 3421 4749 conﬂanda,
3465 4679 3619 4735 omni

2045 4786 2230 4841 studio
2256 4784 2668 4842 incumbentem
2708 4782 2943 4846 videret,
2976 4778 3360 4836 vehementius
3384 4791 3511 4832 eum
3550 4771 3621 4829 ad

2046 4894 2159 4936 rem
2189 4888 2414 4935 strenue
2445 4876 2715 4947 agendam
2744 4872 3034 4931 excitavit.
3080 4872 3225 4928 Dixit
3248 4871 3425 4934 enim,
3478 4868 3622 4923 nihil

2048 4972 2232 5027 minus
2263 4986 2403 5041 opus
2429 4986 2554 5027 esse
2581 4982 2745 5041 quam
2783 4965 3168 5027 cunctatione,
3204 4963 3376 5018 rebus
3404 4962 3623 5018 bellicis

2047 5064 2238 5136 utique
2264 5079 2335 5119 ne
2365 5063 2422 5118 in
2454 5063 2624 5118 breve
2650 5060 2878 5131 quidem
2913 5056 3240 5113 dilationem
3300 5051 3624 5121 recipienti-

2045 5158 2188 5228 bus,
2219 5156 2315 5213 sed
2342 5157 2528 5213 statim
2560 5154 2902 5211 alacritatem
2937 5150 3216 5206 enicacem
3267 5145 3624 5218 etllagitanti—

2047 5251 2175 5308 bus.
2204 5248 2296 5306 Bis
2327 5256 2442 5303 tum
2462 5256 2516 5304 et
2543 5254 2632 5303 ter
2656 5254 2712 5302 et
2735 5245 2937 5316 saepius
2958 5242 3151 5299 eadem
3180 5239 3337 5311 107
3357 5251 3621 5308 responsa

2049 5345 2352 5415 imperator
2378 5340 2564 5398 animo
2592 5354 2857 5411 perquam
2889 5337 3037 5394 elato
3069 5334 3393 5403 ﬁduciaque
3419 5329 3624 5402 plenis-

2050 5437 2193 5494 simo
2227 5435 2279 5492 ei
2308 5433 2574 5491 reddidit.
2614 5433 2801 5488 «Mane
2848 5431 3148 5502 paulisper,
3188 5427 3391 5498 inquit,
3444 5424 3624 5480 donec

2051 5527 2308 5584 inimicos
2333 5540 2364 5581 a
2398 5524 2538 5581 meis
2559 5522 2887 5595 dogmaticis
2914 5519 3225 5576 rationibus
3260 5518 3627 5574 abhorrentes

2052 5617 2374 5674 deleverim.
2403 5617 2541 5672 Dein
2570 5631 2858 5686 assurgam
2914 5622 2970 5669 et
3002 5621 3259 5683 tanquam
3294 5610 3486 5666 nidum
3520 5607 3624 5662 ho-

2053 5710 2221 5766 stium
2257 5709 2537 5765 castellum
2564 5708 2809 5762 omnium
2843 5716 3086 5761 vestrum
3118 5704 3379 5775 opinione
3409 5700 3629 5757 facilius

2054 5802 2325 5875 capiam.’
2369 5800 2514 5855 Tum
2579 5800 2729 5854 illius
2775 5815 2936 5852 causa
2994 5813 3118 5852 cum
3153 5805 3413 5853 Cuniculo
3439 5792 3627 5849 studio

2055 5904 2303 5954 nostram
2339 5893 2785 5950 amandatioucm
2830 5893 2925 5947 cel:
2950 5892 3083 5948 riter
3119 5890 3384 5959 expedire
3434 5886 3622 5952 vellet,
