4050 6604
491 446 567 512 95
1688 444 2115 509 NICEPHORI
2156 444 2545 507 GREGORE
3671 445 3740 508 96

491 557 648 628 quasi
675 556 785 611 dux
823 555 1178 621 constitutus,
1210 558 1280 611 ἰιι
1328 557 1420 626 qui
1470 566 1640 613 totum
1677 556 1808 611 illud
1860 556 2057 611 sodali-

2176 553 2360 623 μίταις
2414 556 2510 609 καὶ
2566 554 2741 623 στόμα
2791 554 2886 612 καὶ
2926 555 3138 625 γλῶττα
3185 557 3283 615 καὶ
3332 558 3497 629 νόμος
3525 553 3615 628 ἦν,
3649 558 3741 613 καὶ

489 653 628 703 tium
656 648 948 715 prudentia
982 658 1287 717 superaret.
1331 648 1428 702 llic
1469 663 1593 702 cum
1624 648 1871 715 alioquin
1921 656 2069 703 esset

485 740 882 808 egentissimus
940 749 994 794 et
1050 738 1192 795 fame
1244 741 1696 804 conﬂictaretur,
1750 739 2066 793 adulatione

488 832 638 885 varie
672 832 954 886 circumiit
978 832 1157 886 claros
1189 832 1358 892 viros.
1402 817 1461 885 ut
1493 831 1620 886 vitze
1653 830 1948 885 toleranda:
1971 819 2068 900 op-

488 925 881 992 purtunitatem
916 934 1163 993 Captaret
1210 924 1527 994 victumque
1580 935 1851 995 quaereret
1909 926 2011 980 sibi
2043 962 2059 986 .

484 1016 692 1079 liberis,
737 1016 928 1076 uxori,
971 1015 1067 1070 t0Ii
1100 1014 1339 1085 denique
1388 1015 1630 1071 familiar.
1671 1006 1931 1084 Quamvis
1968 1017 2066 1086 igi-

488 1121 574 1158 ltlr
616 1109 804 1165 sciret.
854 1106 1104 1177 inquam
1146 1107 1455 1175 perniciosa
1496 1116 1659 1178 atque
1708 1109 2063 1164 abominabili

482 1197 799 1251 conditione
850 1206 1206 1251 versarentur
1259 1198 1490 1254 Palama:
1549 1200 1820 1269 dogmata,
1882 1213 2061 1257 tamen

484 1292 674 1356 gloria:
709 1301 873 1359 atque
897 1292 1053 1360 112
1077 1291 1389 1345 divitiarum
1416 1295 1873 1361 tetnporariarum
1899 1311 2061 1351 causa

482 1382 736 1449 dogmata
768 1382 1037 1436 Palamica
1070 1384 1374 1452 amplexus.
1425 1392 1484 1437 ut
1531 1390 1645 1454 Ipse
1677 1387 1872 1442 melius
1929 1389 2060 1453 scis,

482 1474 683 1542 oppido
723 1474 1003 1543 subjectos
1035 1482 1203 1544 atque
1230 1478 1456 1532 serviles
1488 1493 1597 1548 pra:
1624 1494 1683 1534 se
1710 1479 1830 1534 tulit
1858 1496 2059 1539 mores.

482 1566 660 1627 Quare
689 1580 878 1619 earum
918 1582 1125 1631 rerum,
1166 1583 1303 1637 quas
1341 1570 1575 1624 maxime
1599 1573 1911 1640 appetebat,
1950 1589 2062 1627 ma-

485 1659 625 1711 xima
679 1660 835 1726 copia
911 1658 1261 1714 continenter
1319 1662 1543 1730 quidem
1589 1664 1916 1730 fruebatur,
1966 1666 2060 1721 sed

484 1756 759 1817 nuntiuam
794 1758 974 1804 tamen
1002 1751 1328 1808 satiebatur.
1369 1754 1565 1808 Verum
1602 1757 1749 1810 enim
1776 1773 1905 1811 vero
1935 1774 2061 1812 cum

483 1855 663 1908 nuper
692 1851 993 1896 extremam
1025 1852 1214 1913 ageret
1240 1846 1364 1919 vita:
1395 1848 1655 1909 animam,
1684 1849 1877 1903 morbo
1897 1859 2060 1919 atque

482 1932 908 2001 cogitationibus
938 1937 1214 1992 cruciatus
1250 1953 1344 2007 per
1389 1955 1584 1995 novem
1634 1942 1896 2011 deinceps
1941 1943 2061 1999 dies

482 2026 623 2079 lecto
649 2037 767 2083 erat
795 2027 1006 2094 alllxus,
1040 2030 1242 2100 quibus
1274 2046 1415 2099 saepe
1442 2032 1598 2100 quasi
1633 2034 1897 2089 divinitus
1925 2050 2061 2090 con-

480 2117 685 2171 citatus
710 2119 939 2189 singulis
963 2121 1078 2175 fere
1102 2122 1442 2187 interpositis
1463 2122 1612 2179 horis
1630 2126 1695 2179 ad
1726 2142 1906 2181 aerem
1933 2128 2063 2181 sub-

482 2225 830 2266 u.urmurare
847 2213 1052 2283 aliquid
1076 2215 1563 2286 ridebatur,neque
1579 2218 1742 2274 aliter
1760 2234 1819 2274 se
1839 2222 2060 2289 gerebat

482 2316 544 2354 ac
568 2301 613 2355 si
647 2317 821 2369 pmna:
853 2303 950 2359 abs
984 2321 1050 2360 eo
1080 2318 1463 2372 repeterentur
1483 2324 1670 2364 earum
1702 2326 2060 2378 rerum,quas

478 2393 739 2447 audacter
770 2407 1160 2465 perpetrassct.
1199 2399 1377 2470 Atque
1406 2417 1531 2456 cum
1587 2403 1692 2457 alia
1737 2403 1876 2459 dixit
1943 2414 2057 2461 tum

481 2482 712 2537 invitum
744 2501 866 2541 sese
895 2488 961 2542 ad
1010 2488 1151 2544 banc
1179 2491 1413 2548 bmresin
1444 2494 1794 2563 applicuisse.
1839 2496 1919 2552 Ad
1962 2514 2057 2552 ex-

482 2584 717 2627 tremum
761 2586 945 2631 autem
984 2594 1105 2634 sese
1146 2582 1415 2651 recipiens
1462 2594 1519 2638 et
1559 2587 1714 2653 quasi
1748 2586 1923 2641 libere
1974 2603 2059 2643 re-

482 2666 700 2727 spirans
740 2665 1009 2723 Palamica
1045 2669 1297 2740 dogmata
1331 2681 1494 2741 atque
1527 2673 1698 2728 libros
1720 2715 1735 2737 ,
1782 2692 2058 2745 quoscun-

478 2772 588 2824 que
618 2756 764 2812 domi
812 2759 1025 2823 habuit,
1059 2763 1208 2816 oumi
1256 2763 1425 2818 animi
1457 2764 1654 2821 all‘ectu
1672 2768 2014 2838 conquisivit
2036 2809 2051 2833 ,

479 2850 793 2917 conquisita
834 2850 889 2905 in
932 2851 1207 2908 ﬂauunam
1267 2855 1409 2926 ignis
1447 2857 1593 2913 allati
1636 2859 1752 2914 suis
1802 2861 2053 2918 manibus

480 2941 703 3009 injecit,
758 2942 883 2997 talia
941 2944 1058 2999 fere
1100 2945 1278 3002 libero
1312 2964 1409 3003 ore
1456 2948 1690 3006 eﬂ’atus:
1734 2970 1752 3003 ι
1792 2950 2052 3019 Quamvis

483 3034 624 3086 haud
658 3033 988 3102 ignorarem,
1045 3049 1247 3108 quanta
1280 3049 1445 3111 atque
1488 3043 1635 3112 quali
1679 3043 1957 3114 impietate
1994 3046 2047 3101 hi

479 3123 606 3178 l.bri
657 3136 954 3193 scaterent,
1012 3140 1189 3185 tamen
1246 3135 1443 3202 partim
1482 3135 1709 3205 gloriam
1744 3138 2043 3203 allectans,

2171 648 2479 717 στρατηγὸς
2508 649 2574 715 τῇ
2612 648 2913 719 παρανόμῳ
2946 650 3113 717 φάναι
3143 652 3445 706 καθίστατο
3474 652 3735 720 φάλαγγι,

2166 735 2264 790 ἅτε
2300 737 2504 807 μᾶλλον
2538 738 2820 806 ἐλλόγιμος
2867 737 2899 808 ἢ
2945 740 3068 792 κατ’
3103 741 3313 794 ἐκείνου
3348 740 3614 809 ὑπάρχων
3643 739 3737 792 τὸν

2166 832 2372 886 θίασον.
2400 834 2575 897 Πένης
2604 830 2650 885 δ’
2679 831 2853 892 ἄλλως
2883 830 2959 883 ὢν
2986 832 3081 885 καὶ
3110 831 3256 903 λιμῷ
3292 833 3384 887 τδν
3412 832 3530 902 βίον
3568 847 3741 902 στρα-

2165 924 2525 995 τηγούμενος,
2569 924 2833 993 κολακείᾳ
2866 924 2993 987 τοὺς
3048 926 3106 977 ὲν
3141 924 3269 996 δόξῃ
3323 922 3514 995 μετῄει
3542 941 3743 977 παντο-

2164 1018 2332 1086 δαπῇ,
2390 1017 2505 1087 βίον
2552 1016 2826 1086 πρόφασιν
2882 1016 3218 1087 ἐπιτηδεύων
3262 1017 3359 1071 καί⁵
3390 1016 3539 1085 ζωῆς
3576 1034 3740 1083 ποριο

2166 1112 2302 1180 σμδν
2336 1110 2511 1180 ἑαυτῷ
2546 1111 2638 1163 καὶ
2675 1109 2835 1162 παισὶ
2872 1109 2969 1163 καὶ
3016 1108 3233 1179 συζύγῳ
3278 1109 3374 1163 καὶ
3423 1109 3521 1179 ὅλῃ
3570 1107 3739 1176 φάναι

2169 1202 2477 1272 συλλήϐδην
2511 1201 2680 1272 οἰκία.
2715 1200 2933 1269 Καίπερ
2966 1199 3061 1254 οὖν
3092 1200 3245 1263 είδὼς
3278 1200 3356 1264 ὡς
3393 1200 3639 1268 ὀλέθριόν
3679 1217 3742 1253 τε

2165 1296 2259 1349 καὶ
2295 1297 2548 1365 μυσαρὰν
2584 1296 2648 1349 τὰ
2681 1294 2774 1353 τοῦ
2810 1294 3047 1364 Παλαμᾶ
3100 1293 3449 1364 κεκλήρωται
3488 1294 3739 1361 δόγματα

2168 1390 2382 1458 μοῖραν,
2428 1388 2582 1457 ὅμως
2638 1387 2796 1454 δόξης
2838 1387 3005 1440 ’ἑνεκα
3054 1385 3150 1440 καὶ
3203 1386 3434 1438 πλούτου
3478 1384 3540 1453 δή
3593 1402 3741 1447 τινος

2167 1479 2508 1548 προσκαίρου
2547 1480 2661 1539 τοῖς
2706 1478 3050 1546 Παλαμικοῖς
3086 1475 3422 1530 συνευδοκῶν
3449 1471 3516 1547 ἦν
3539 1475 3745 1543 δόγμα-

2165 1586 2272 1633 σιν,
2315 1569 2391 1631 ώς
2430 1565 2585 1623 οἶσθα
2648 1570 2849 1637 μᾶλλον
2905 1567 3106 1632 αὐτὸς,
3158 1568 3252 1619 καὶ
3309 1566 3453 1635 μάλα
3502 1584 3554 1619 τι
3618 1566 3742 1619 λίαν

2163 1660 2457 1733 ἡττώμενά
2490 1680 2551 1716 τε
2594 1664 2689 1716 καὶ
2744 1662 3085 1731 ὑποκείμενα
3134 1662 3463 1732 παρεδείκνυ
3508 1660 3577 1713 τὰ
3602 1661 3736 1731 ἤθη.

2162 1754 2226 1829 [Γ.
2266 1756 2369 1810 122
2409 1732 2586 1828 armis
2626 1756 2722 1809 καὶ
2769 1751 2842 1809 ὧν
2894 1755 3004 1825 ἦρα
3038 1754 3295 1823 μάλιστα.
3338 1754 3570 1823 μάλιστα
3603 1756 3743 1807 πάν-

2161 1868 2271 1904 των
2305 1851 2467 1914 αὐτὸς
2513 1850 2797 1904 ἀπέλαυσε
2850 1849 2951 1919 μὲν
2988 1847 3247 1918 συνεχῶς,
3293 1847 3666 1916 ἐνεπίμπλατο
3694 1846 3741 1899 δ’

2163 1941 2442 2010 οὐδαμῶς.
2488 1939 2632 1995 Ἀλλ’
2668 1940 2793 1995 ἐπεὶ
2827 1939 2934 2010 πρὸ
2982 1938 3212 2010 βραχέος
3244 1942 3302 1992 ὲν
3331 1938 3586 2007 ἐσχάταις
3617 1938 3741 2005 ἐγε-

2162 2034 2311 2103 γόνει
2341 2033 2434 2086 τοῦ
2470 2032 2588 2102 βίου
2629 2032 2841 2095 πνοαῖς,
2889 2032 3049 2085 ἒννέα
3094 2029 3285 2084 λοιπὸν
3315 2030 3554 2100 ἡμέραις
3579 2030 3648 2098 τῇ
3678 2044 3739 2081 τε

2165 2127 2304 2195 νόσῳ
2358 2127 2451 2180 καὶ
2482 2128 2593 2189 τοῖς
2622 2124 2902 2193 λογισμοῖς
2937 2121 3375 2193 τυραννούμενος
3411 2122 3608 2183 ἔκειτο,
3643 2120 3738 2172 ὅτε

2160 2220 2225 2287 δὴ
2270 2219 2364 2273 καὶ
2409 2216 2611 2289 μεταξῦ
2665 2217 2929 2279 πολλάκις
2983 2213 3095 2269 οἷον
3145 2214 3332 2278 ἔνθους
3385 2215 3443 2267 ὲν
3481 2212 3739 2281 ὡριαίοις

2158 2312 2273 2366 τισὶ
2327 2311 2732 2381 καθιστάμενος
2786 2310 3176 2380 διαστήμασιν,
3210 2305 3621 2375 ὕποψιθυρίζων
3672 2321 3733 2357 τε

2158 2403 2416 2474 ἐφαίνετο
2467 2403 2605 2475 πρὸς
2656 2402 2818 2473 ἀέρα,
2865 2400 2961 2457 καὶ
3007 2398 3215 2471 σφόδρα
3265 2398 3439 2468 δήπου
3469 2395 3623 2457 δίκας
3657 2388 3736 2448 ὧν

2158 2498 2465 2566 ἐπεπράχει
2499 2495 2686 2567 βιαίως
2715 2494 3103 2563 άπαιτουμένῳ
3135 2491 3322 2562 ἐῴκει.
3372 2489 3482 2543 Καὶ
3523 2488 3619 2557 μὶν
3666 2487 3734 2557 δὴ

2157 2590 2228 2645 τά
2270 2588 2320 2643 τ’
2352 2588 2487 2644 ἄλλα
2518 2586 2695 2655 λέγων
2720 2581 2812 2657 ἦν.
2865 2585 2964 2641 καὶ
3008 2584 3084 2649 ὡς
3137 2583 3288 2639 ἄκων
3316 2582 3418 2651 τῆς
3465 2581 3737 2650 αἱρέσεως

2155 2682 2392 2753 ἥττηται
2438 2677 2693 2750 ταυτησί.
2726 2677 2891 2741 Τέλος
2953 2676 2999 2732 δ’
3052 2676 3247 2730 ἑαυτὸν
3300 2674 3607 2741 ἀνειληφὼς
3637 2674 3737 2726 καὶ

2154 2770 2265 2829 οἷον
2310 2768 2745 2833 άναπεπνευκὼς
2790 2769 3121 2839 ἐλευθέριον,
3171 2768 3273 2821 ὅσα
3328 2767 3439 2819 τῶν
3480 2765 3736 2834 ῐΙαλαμι-

2154 2868 2271 2922 κῶν
2301 2866 2591 2936 δογμάτων
2622 2880 2683 2916 τε
2728 2861 2823 2916 καὶ
2858 2860 3079 2932 βιϐλίων
3114 2860 3265 2928 παρά
3314 2858 3405 2911 τὸν
3435 2850 3585 2909 οἷκον
3615 2856 3738 2908 Etu-

2153 2976 2249 3030 χεν
2291 2959 2475 3027 ἔχων,
2528 2956 2680 3019 ὅλαις
2735 2953 2996 3023 ἐζητήκει
3054 2950 3347 3020 προθέσεσι
3382 2949 3481 3015 τῆς
3529 2947 3732 3015 ψυχῆς.

2155 3054 2251 3107 καὶ
2284 3049 2523 3120 είληφὼς
2553 3049 2633 3112 είς
2682 3047 2856 3115 φλόγα
2891 3042 3235 3116 παραχρῆμα
3273 3042 3461 3112 χερσὶν
3506 3039 3735 3103 οἰκείαις

2154 3142 2367 3212 καθῆκε
2404 3138 2859 3211 προσενεχθέντος
2894 3137 3088 3206 πυρὸς,
3142 3135 3236 3186 καὶ
3287 3132 3461 3212 τοιαδὶ
3515 3132 3737 3202 πεπαρ-

481 3220 677 3287 partim
712 3221 1015 3291 principum
1046 3226 1501 3281 comminationes
1535 3239 1807 3295 metuens,
1845 3230 2041 3299 partim

2159 3206 2494 3308 posteapév'n
2538 3232 2604 3301 τῇ
2641 3206 2868 3300 γλώττῃ
2914 3206 3327 3295 φθεγγόμενοςί
3356 3243 3374 3275 ι
3427 3221 3588 3290 Ἐγὼ,
3624 3239 3732 3289 φη-

477 3321 777 3377 egestatem
819 3329 1029 3369 mecum
1064 3315 1401 3371 habitantem
1438 3319 1615 3375 lenire
1643 3320 1892 3384 studens.
1924 3339 2057 3378 con-

2159 3326 2265 3393 alv,
2297 3327 2354 3387 ἐς
2392 3323 2654 3393 τάκριϐὲς
2685 3319 2841 3382 εἰδὼς
2873 3320 3074 3389 ὁπόσης
3101 3319 3193 3372 καὶ
3221 3318 3336 3380 οἵας
3377 3317 3537 3386 γέμει
3566 3313 3734 3368 ταυτὶ

410 3417 413 3421 ‘
481 3416 562 3457 tra
595 3421 813 3460 omnem
850 3421 1027 3461 meam
1061 3409 1454 3465 conscientiam
1484 3411 1709 3482 agebam
1740 3424 1796 3466 et
1824 3423 1931 3467 tam
1955 3415 2056 3469 im-

478 3499 666 3568 probis
689 3500 959 3570 dogmatis
989 3517 1075 3555 me
1105 3503 1487 3573 subiiciebant.
1520 3505 1626 3561 Per
1670 3507 1840 3562 Deum
1890 3508 2055 3579 igitur

392 3624 393 3627 η
480 3609 598 3656 vos,
629 3593 722 3663 qui
755 3593 957 3649 adestis
988 3594 1146 3665 113
1194 3612 1484 3667 meamque
1529 3599 1929 3653 confessionem
1961 3615 2059 3655 au-

478 3685 630 3751 dtis,
665 3687 861 3741 animm
892 3702 1025 3742 mea:
1058 3688 1391 3743 calamitosae
1423 3691 1653 3745 salutem
1688 3692 1902 3761 precari
1959 3707 2055 3746 ve-

480 3778 629 3841 litis,
682 3796 813 3850 rogo
871 3791 1033 3851 atque
1074 3780 1324 3836 obsecro.
1385 3800 1405 3834 ι
1452 3782 1576 3837 llaec
1625 3783 1844 3839 locutus
1894 3784 2057 3837 homo

478 3866 716 3919 animam
765 3866 983 3922 elﬂavit.
1018 3867 1146 3923 Inde
1194 3870 1395 3924 multos
1449 3869 1569 3925 dies
1602 3887 1688 3926 res
1721 3887 1820 3941 per
1864 3873 2053 3927 urbem

481 3959 727 4024 dis-pensa
763 3962 1004 4012 omnium
1036 3962 1350 4016 rumoribus
1373 3960 1755 4027 diﬁcrebatur,
1788 3964 1963 4018 donec
1987 3963 2055 4017 ad

480 4065 645 4103 aures
673 4048 1023 4117 imperatoris
1056 4053 1397 4122 perveniret,
1426 4054 1521 4123 qui
1553 4070 1674 4109 eam
1716 4055 1938 4109 silentio
1961 4072 2059 4125 op-

482 4141 639 4209 primi
669 4141 855 4212 jussit.
893 4144 1071 4212 Atque
1120 4144 1254 4198 mihi
1303 4143 1435 4199 illud
1481 4161 1744 4217 perquam
1789 4148 2053 4203 idoneum

483 4236 772 4288 vult-batur
830 4236 897 4290 ad
956 4236 1193 4292 Palama:
1247 4237 1581 4308 impietatem
1633 4240 2054 4308 corrigendam,

482 4328 583 4380 nisi
638 4329 984 4396 imperatoris
1026 4329 1190 4385 minas
1226 4330 1619 4401 impedimento
1658 4331 1913 4396 fuissent,
1961 4340 2058 4385 aut

483 4428 687 4483 potius,
720 4417 764 4471 si
796 4418 1042 4489 episc0pi
1073 4419 1229 4475 vivos
1251 4420 1488 4485 animos,
1516 4436 1622 4474 non
1661 4420 1855 4474 timore
1890 4420 2057 4474 rusti-

480 4508 666 4562 citatis
695 4518 977 4564 emortuos
1001 4510 1266 4565 baberent
1291 4526 1469 4581 neque
1494 4510 1599 4566 ulla
1637 4527 1704 4566 ex
1736 4519 1889 4581 parte
1928 4527 2056 4581 pro-

2153 3420 2221 3472 τά
2254 3417 2435 3485 βιϐλία
2469 3418 2566 3485 τῆς
2601 3412 2875 3477 ἀσεϐείας,
2917 3413 3065 3481 ὅμως
3116 3409 3236 3473 πῶς
3279 3409 3379 3477 μὲν
3416 3405 3733 3477 θηρώμενος

2153 3510 2331 3575 δόξαν,
2366 3508 2489 3572 πῶς
2517 3507 2573 3561 δὲ
2605 3507 2701 3559 καὶ
2736 3502 2922 3567 δεδιὼς
2968 3503 3067 3567 τὰς
3113 3500 3436 3563 αὑθεντικὰς
3478 3497 3733 3559 ἀπειλὰς,

2155 3601 2252 3653 καὶ
2287 3599 2405 3670 ἅμα
2436 3598 2536 3666 τὴν
2560 3595 2809 3649 σύνοικον
2839 3591 3285 3663 παραμυθεῖσθαι
3321 3589 3513 3643 πενίαν
3538 3590 3733 3656 ἐπιτη-

2154 3693 2345 3756 δεύων,
2401 3689 2591 3743 ἔλαθον
2641 3687 2792 3759 παρὰ
2853 3687 3036 3740 πᾶσαν
3087 3685 3261 3755 δήπου
3306 3679 3604 3752 πεπραχὼς
3630 3680 3732 3747 τὴν

2156 3782 2397 3854 ἐμαυτοῦ
2433 3782 2756 3853 συνείδησιν.
2782 3780 2878 3832 κα)⁸
2902 3779 3014 3840 τοῖς
3037 3775 3181 3830 οὕτω
3211 3772 3514 3845 μοχθηρίας
3543 3771 3732 3841 ἔχουσι

2156 3871 2424 3940 δόγμασιν
2451 3866 2837 3936 ὑποκεκυφώς.
2870 3865 3015 3937 Πρὸς
3042 3864 3173 3933 γοῦν
3198 3862 3357 3926 Θεοῦ,
3385 3862 3483 3932 τὴν
3520 3859 3731 3930 παρού-

2158 3979 2258 4017 σαν
2284 3960 2423 4031 ἐμὴν
2460 3960 2817 4029 ὲξαγόρευσιν
2841 3958 2891 4011 oi
2920 3957 3188 4029 παρόντες
3235 3953 3548 4019 ἀκούοντες,
3585 3954 3729 4023 ὑπὲρ

2154 4057 2254 4127 τῆς
2297 4055 2439 4126 ἐμῆς
2467 4055 2544 4126 τῷ
2573 4054 2695 4125 Θεῷ
2741 4052 3096 4123 ταλαιπώρου
3138 4051 3320 4123 ψυχῆς
3358 4048 3727 4115 συνεύξασθαι

2155 4144 2571 4217 προθυμήθητε,
2624 4145 2837 4213 δέομαι.
2878 4160 2900 4197 ι
2963 4143 3071 4196 Καὶ
3118 4141 3262 4195 οὕτω
3308 4143 3422 4205 τοῖς
3465 4140 3729 4201 τοιούτοις

2153 4239 2292 4308 ἀνὴρ
2326 4241 2530 4299 ἐκεῖνος
2566 4234 2911 4305 συναπὲψυξε
2943 4234 3218 4305 ῥήμασιν.
3247 4233 3414 4287 Ὅθεν
3460 4234 3553 4285 ἐπὶ
3595 4231 3729 4283 πολι

2154 4329 2275 4392 λαῖς
2311 4330 2552 4399 ἡμέραις
2600 4326 2703 4382 ἀνὰ
2752 4326 2933 4378 πᾶσαν
2983 4322 3334 4392 διεσκεδάσθη
3378 4321 3441 4375 τδ
3491 4320 3728 4391 πρᾶγμα

2154 4418 2254 4490 τὴν
2284 4418 2457 4485 πόλιν,
2492 4418 2588 4473 καὶ
2617 4418 2824 4489 σφόδρα
2863 4416 3338 4487 διατεθρύλληται,
3379 4415 3488 4476 ἓως
3523 4413 3619 4466 καὶ
3649 4412 3730 4472 είς

2158 4508 2441 4577 βασιλικὰς
2476 4509 2552 4561 ίὸν
2594 4508 2765 4570 ἀκοὰς
2799 4506 3108 4561 σιωπᾶσθαι
3150 4506 3569 4576 προστέτακται.
3619 4498 3727 4555 Καί

482 4612 604 4667 pter
629 4598 854 4668 gloriam
900 4609 955 4655 et
984 4601 1259 4656 luxurient
1288 4601 1632 4673 principibus
1663 4602 1826 4673 huius
1875 4602 2057 4658 saeculi

2168 4617 2258 4670 μοι
2298 4600 2558 4663 επιεικῶς
2604 4594 2786 4666 ἔδοξεν
2838 4597 3025 4652 ίκανδν
3056 4599 3139 4660 είς
3167 4595 3455 4669 διόρθωσιν
3498 4592 3598 4661 τῆς
3628 4587 3725 4644 τοῦ

481 4689 737 4742 assentiri
766 4690 990 4746 vellent.

2161 4691 2396 4760 Παλαμᾶ
2432 4690 2751 4752 δυσσεϐείας
2793 4685 2934 4743 εἶναι
2962 4689 3138 4753 τουτὶ,
3185 4690 3235 4741 εί
3265 4687 3342 4759 μὴ
3382 4686 3637 4757 ιμποδὼν
3668 4685 3727 4737 αί

486 4787 572 4839 τοῦ
604 4786 867 4853 βασιλέως
918 4789 1262 4860 κατέστησαν
1315 4787 1576 4854 ἀπειλαὶ,
1633 4789 1665 4860 ἢ
1730 4788 1931 4859 μᾶλλον
1984 4789 2033 4841 εί
2074 4787 2254 4853 ζώσας
2308 4781 2456 4858 εἶχον
2479 4784 2771 4839 ἐπίσκοποι
2795 4786 2897 4848 τάς
2957 4784 3140 4855 ψυχάς
3168 4784 3262 4837 καὶ
3296 4784 3370 4853 μὴ
3400 4783 3727 4851 τεθνηκυίας

488 4883 557 4951 τῷ
604 4884 714 4936 δέει
780 4884 879 4952 τῆς
913 4883 1237 4955 ἀγροικίας,
1286 4885 1381 4939 καὶ
1415 4884 1620 4955 ἣκιστα
1672 4884 1764 4938 διὰ
1805 4883 1966 4949 δόξαν
2000 4886 2094 4938 καὶ
2132 4882 2343 4954 τρυφὴν
2390 4882 2728 4936 συνευδοκεῖν
2755 4882 2877 4944 ταῖς
2923 4881 3122 4951 άρχαῐς
3150 4878 3434 4933 ἐϐούλοντο
3458 4878 3556 4931 τοῦ
3585 4894 3728 4949 παρ-

482 4980 635 5042 όντος
675 4979 897 5043 αἰῶνος.

555 5073 720 5129 XXII.
780 5073 895 5131 lloc
950 5092 1119 5131 unum
1155 5091 1335 5147 nuper
1383 5074 1631 5141 factum,
1670 5076 1818 5148 quod
1864 5093 1895 5131 a
1944 5077 2052 5132 tuis

483 5167 666 5224 verbis
683 5183 792 5223 non
818 5166 1105 5234 abhorret,
1123 5182 1227 5236 ego
1243 5167 1504 5240 adiunxi;
1536 5166 1838 5222 secundum
1864 5177 2049 5223 autem

483 5262 585 5314 huc
612 5268 732 5315 est:
763 5258 873 5314 scis
900 5269 1117 5329 gentem
1163 5260 1464 5315 Russorum
1496 5259 1817 5315 hominibus
1858 5260 2051 5329 copio-

484 5353 752 5406 sissimam
778 5366 900 5406 esse
936 5352 1195 5420 locosque
1225 5352 1573 5410 felicissimos
1613 5352 1876 5414 incolere.
1903 5353 2051 5408 unde

485 5444 662 5495 varias
718 5440 932 5496 divitias
991 5438 1158 5495 habet
1198 5457 1373 5513 neque
1406 5442 1704 5512 quidquam
1758 5442 1934 5507 deest,
1990 5451 2050 5497 ut

484 5534 667 5586 omnia
710 5547 818 5586 una
863 5532 1353 5601 comprehensione
1400 5535 1748 5601 complectar,
1784 5533 1929 5604 quod
1980 5532 2046 5587 ad

486 5629 689 5695 largam
747 5638 931 5678 rerum
966 5626 1180 5702 copiam
1228 5626 1483 5694 pertinet.
1519 5626 1789 5681 Prmtcrea
1842 5625 2055 5696 legibus

485 5733 627 5770 vera:
662 5716 785 5772 lidei
826 5734 1102 5787 nunquam
1134 5718 1392 5774 ﬂuctibus
1417 5720 1634 5788 iactatis
1680 5721 1891 5774 ratione
1921 5720 2056 5774 sitn-

490 5811 714 5878 pliciore
749 5821 806 5865 et
858 5810 1133 5865 incuriosa
1163 5810 1487 5879 obsequitur
1509 5855 1523 5876 ,
1557 5828 1619 5865 ex
1668 5829 1779 5881 quo
1811 5819 2057 5877 tempore

491 5904 649 5958 lldctll
683 5902 935 5960 precibus
963 5902 1077 5958 suis
1114 5914 1405 5960 consecuta
1438 5912 1540 5959 cst.
1577 5904 1672 5957 llis
1716 5901 2057 5962 temporibus

2236 5075 2364 5130 KB'.
2399 5071 2497 5126 Ἐν
2530 5069 2629 5140 μὲν
2662 5068 2726 5139 δὴ
2768 5067 2927 5122 τοῦτο
2953 5069 3063 5131 τοῖς
3096 5067 3208 5129 σοῖς
3241 5062 3470 5128 ἐκείνοις
3494 5063 3724 5118 ἀκόλου-

2158 5168 2251 5221 θον
2287 5165 2469 5234 λόγοις
2508 5161 2886 5233 συνεϐαλόμην
2919 5159 3096 5229 ἔγωγε
3148 5158 3413 5228 πρότριτα
3464 5157 3722 5225 γεγονός⁶

2155 5260 2409 5330 δεύτερον
2450 5256 2529 5321 δὲ,
2565 5256 2624 5308 τὸ
2654 5255 2807 5318 ἔθνος
2841 5254 2953 5308 τῶν
2990 5250 3128 5316 Ῥὼς
3170 5246 3326 5303 οἶσθα
3376 5249 3452 5312 ὡς
3492 5249 3726 5303 πολυαν⁶

2158 5346 2514 5420 θρωπότατόν
2565 5343 2624 5397 τέ
2674 5345 2793 5397 ἑστι
2843 5339 2939 5396 καὶ
2975 5339 3143 5393 τόπον
3172 5336 3472 5404 εὐδαίμονα
3494 5334 3616 5387 λίαν
3644 5335 3724 5386 oi-

2157 5438 2312 5494 κοῦν.
2347 5435 2588 5490 Πλοῦτον
2636 5432 2744 5502 γάρ
2786 5430 2998 5485 ἐκεῖθεν
3039 5429 3182 5498 ῐσχει
3236 5425 3598 5490 παντοδαπὸν,
3631 5424 3728 5477 καὶ

2157 5530 2459 5601 συλλήϐδην
2495 5527 2694 5589 είπεϊν,
2726 5524 2939 5587 οὐδενὸς
2965 5519 3311 5592 άχορήγητόν
3340 5521 3459 5571 ἐστι
3498 5515 3607 5569 τῶν
3624 5516 3725 5568 ὅσα

2158 5622 2295 5692 πρὸς
2326 5621 2559 5688 ἆξθονον
2599 5619 2761 5687 χάριν
2793 5618 2896 5687 δρᾷ
2929 5615 3039 5667 τῶν
3065 5612 3411 5683 ἐπιτηδείων.
3457 5608 3565 5663 Καὶ
3591 5607 3725 5677 πρός

2155 5731 2220 5782 γε
2262 5713 2448 5779 νόμοις
2501 5709 2813 5780 όρθοδοξίας
2850 5707 3067 5777 οὐδαμῆ
3113 5704 3501 5772 σαλευομένοις
3533 5700 3723 5753 ἕπεται

2160 5805 2304 5859 κατά
2333 5822 2396 5872 γε
2443 5802 2534 5854 τὸν
2566 5799 2937 5870 ἁπλούστερον
2981 5800 3076 5850 και)⁸
3129 5797 3464 5867 ἀπράγμονα
3498 5794 3719 5863 τρόπον,

2161 5897 2220 5957 ἐξ
2274 5898 2507 5957 ὅτουπερ
2545 5892 2713 5954 αὖτὴν
2757 5891 2852 5954 τὰς
2908 5889 3071 5951 εὐχὰς
3109 5887 3415 5950 ἀνειλήφει.
3448 5886 3645 5948 Ἔτυχε
3673 5876 3718 5933 δ’
