  <div class='ocr_page' id='page_1' title='image "/cluster/home/n/w/nwhite01/storage/ocr_20150623/149/hvd.32044019208370/056.png"; bbox 0 0 4050 6560; ppageno 0'>
   <div class='ocr_carea' id='block_1_1' title="bbox 309 461 1867 538">
    <p class='ocr_par' dir='ltr' id='par_1_1' title="bbox 309 461 1866 529">
     <span class='ocr_line' id='line_1_1' title="bbox 309 461 1866 529; baseline 0.001 -6"><span class='ocrx_word' id='word_1_1' title='bbox 309 461 381 523; x_wconf 81' lang='grc'><strong>97</strong></span> <span class='ocrx_word' id='word_1_2' title='bbox 1302 462 1749 529; x_wconf 67' lang='grc' dir='ltr'>ΒΥΖΑΝῙΙΝΒ</span> <span class='ocrx_word' id='word_1_3' title='bbox 1781 464 1866 526; x_wconf 83' lang='lat' dir='ltr'><strong>HI</strong></span> 
     </span>
    </p>
   </div>
   <div class='ocr_carea' id='block_1_2' title="bbox 1971 461 3551 538">
    <p class='ocr_par' dir='ltr' id='par_1_2' title="bbox 1971 463 3551 538">
     <span class='ocr_line' id='line_1_2' title="bbox 1971 463 3551 538; baseline 0.006 -13"><span class='ocrx_word' id='word_1_4' title='bbox 1971 463 2169 525; x_wconf 72' lang='lat' dir='ltr'><strong>DllI/E</strong></span> <span class='ocrx_word' id='word_1_5' title='bbox 2207 465 2354 528; x_wconf 84' lang='lat' dir='ltr'><strong>LIB.</strong></span> <span class='ocrx_word' id='word_1_6' title='bbox 2396 465 2613 527; x_wconf 70' lang='lat' dir='ltr'><strong>XXVI.</strong></span> <span class='ocrx_word' id='word_1_7' title='bbox 3479 474 3551 538; x_wconf 71' lang='lat'><strong>98</strong></span> 
     </span>
    </p>
   </div>
   <div class='ocr_carea' id='block_1_3' title="bbox 309 573 1867 650">
    <p class='ocr_par' dir='ltr' id='par_1_3' title="bbox 309 573 1867 649">
     <span class='ocr_line' id='line_1_3' title="bbox 309 573 1867 649; baseline 0.002 -21"><span class='ocrx_word' id='word_1_8' title='bbox 309 575 410 629; x_wconf 77' lang='grc' dir='ltr'>οὖν</span> <span class='ocrx_word' id='word_1_9' title='bbox 437 573 542 628; x_wconf 89' lang='grc' dir='ltr'><strong>κάν</strong></span> <span class='ocrx_word' id='word_1_10' title='bbox 580 573 793 638; x_wconf 76' lang='grc' dir='ltr'><strong>τούτοις</strong></span> <span class='ocrx_word' id='word_1_11' title='bbox 822 575 936 640; x_wconf 89' lang='grc' dir='ltr'>τοῖς</span> <span class='ocrx_word' id='word_1_12' title='bbox 972 575 1183 649; x_wconf 77' lang='grc' dir='ltr'>χρόνοις</span> <span class='ocrx_word' id='word_1_13' title='bbox 1212 581 1304 635; x_wconf 76' lang='grc' dir='ltr'>τὸν</span> <span class='ocrx_word' id='word_1_14' title='bbox 1336 580 1691 636; x_wconf 70' lang='grc' dir='ltr'>ἒπισκοπικδν</span> <span class='ocrx_word' id='word_1_15' title='bbox 1733 577 1867 632; x_wconf 72' lang='grc' dir='ltr'>εκεί-</span> 
     </span>
    </p>
   </div>
   <div class='ocr_carea' id='block_1_4' title="bbox 1971 573 3546 650">
    <p class='ocr_par' dir='ltr' id='par_1_4' title="bbox 1979 575 3546 650">
     <span class='ocr_line' id='line_1_4' title="bbox 1979 575 3546 650; baseline 0 -19"><span class='ocrx_word' id='word_1_16' title='bbox 1979 576 2145 648; x_wconf 88' lang='lat' dir='ltr'><strong>igitur</strong></span> <span class='ocrx_word' id='word_1_17' title='bbox 2170 579 2538 650; x_wconf 80' lang='lat' dir='ltr'><strong>episcopalem</strong></span> <span class='ocrx_word' id='word_1_18' title='bbox 2561 576 2746 633; x_wconf 89' lang='lat' dir='ltr'><strong>sedem</strong></span> <span class='ocrx_word' id='word_1_19' title='bbox 2770 575 2986 633; x_wconf 77' lang='lat' dir='ltr'><strong>ornavit</strong></span> <span class='ocrx_word' id='word_1_20' title='bbox 3012 585 3176 647; x_wconf 90' lang='lat' dir='ltr'><strong>atque</strong></span> <span class='ocrx_word' id='word_1_21' title='bbox 3204 577 3417 634; x_wconf 84' lang='lat' dir='ltr'><strong>animos</strong></span> <span class='ocrx_word' id='word_1_22' title='bbox 3443 579 3546 633; x_wconf 84' lang='lat' dir='ltr'><strong>ho-</strong></span> 
     </span>
    </p>
   </div>
   <div class='ocr_carea' id='block_1_5' title="bbox 315 666 1882 745">
    <p class='ocr_par' dir='ltr' id='par_1_5' title="bbox 315 666 1882 745">
     <span class='ocr_line' id='line_1_5' title="bbox 315 666 1882 745; baseline 0.003 -26"><span class='ocrx_word' id='word_1_23' title='bbox 315 684 430 721; x_wconf 76' lang='grc' dir='ltr'>νοις</span> <span class='ocrx_word' id='word_1_24' title='bbox 462 666 654 738; x_wconf 82' lang='grc' dir='ltr'>θρόνον</span> <span class='ocrx_word' id='word_1_25' title='bbox 704 669 925 739; x_wconf 84' lang='grc' dir='ltr'>κοσμῶν</span> <span class='ocrx_word' id='word_1_26' title='bbox 974 674 1070 723; x_wconf 79' lang='grc' dir='ltr'>καὶ</span> <span class='ocrx_word' id='word_1_27' title='bbox 1110 672 1212 743; x_wconf 75' lang='grc' dir='ltr'>τὴν</span> <span class='ocrx_word' id='word_1_28' title='bbox 1260 672 1495 745; x_wconf 74' lang='grc' dir='ltr'>ψυχικὴν</span> <span class='ocrx_word' id='word_1_29' title='bbox 1548 671 1644 727; x_wconf 84' lang='grc' dir='ltr'><strong>τοῦ</strong></span> <span class='ocrx_word' id='word_1_30' title='bbox 1690 672 1882 735; x_wconf 76' lang='grc' dir='ltr'>ῑθνους</span> 
     </span>
    </p>
   </div>
   <div class='ocr_carea' id='block_1_6' title="bbox 312 758 1877 835">
    <p class='ocr_par' dir='ltr' id='par_1_6' title="bbox 312 758 1877 835">
     <span class='ocr_line' id='line_1_6' title="bbox 312 758 1877 835; baseline 0.004 -24"><span class='ocrx_word' id='word_1_31' title='bbox 312 758 648 812; x_wconf 63' lang='grc' dir='ltr'>ἐπιστασίαν</span> <span class='ocrx_word' id='word_1_32' title='bbox 702 759 1100 831; x_wconf 69' lang='grc' dir='ltr'><strong>ἀνειλημμένος</strong></span> <span class='ocrx_word' id='word_1_33' title='bbox 1142 764 1282 835; x_wconf 78' lang='grc' dir='ltr'>ἀνὴρ</span> <span class='ocrx_word' id='word_1_34' title='bbox 1322 766 1565 829; x_wconf 79' lang='grc' dir='ltr'>συνετὸς,</span> <span class='ocrx_word' id='word_1_35' title='bbox 1598 762 1661 834; x_wconf 73' lang='grc' dir='ltr'><strong>[Γ.</strong></span> <span class='ocrx_word' id='word_1_36' title='bbox 1692 763 1794 818; x_wconf 69' lang='grc'><strong>122</strong></span> <span class='ocrx_word' id='word_1_37' title='bbox 1823 761 1877 835; x_wconf 77' lang='lat' dir='ltr'><strong>b]</strong></span> 
     </span>
    </p>
   </div>
   <div class='ocr_carea' id='block_1_7' title="bbox 306 846 1878 927">
    <p class='ocr_par' dir='ltr' id='par_1_7' title="bbox 306 846 1878 927">
     <span class='ocr_line' id='line_1_7' title="bbox 306 846 1878 927; baseline 0.005 -24"><span class='ocrx_word' id='word_1_38' title='bbox 306 852 386 915; x_wconf 81' lang='grc' dir='ltr'>ὡς</span> <span class='ocrx_word' id='word_1_39' title='bbox 418 846 598 915; x_wconf 82' lang='grc' dir='ltr'>οῐσθα,</span> <span class='ocrx_word' id='word_1_40' title='bbox 625 852 719 905; x_wconf 80' lang='grc' dir='ltr'>καὶ</span> <span class='ocrx_word' id='word_1_41' title='bbox 744 852 854 906; x_wconf 87' lang='grc' dir='ltr'><strong>τῶν</strong></span> <span class='ocrx_word' id='word_1_42' title='bbox 882 854 1045 908; x_wconf 82' lang='grc' dir='ltr'>θείων</span> <span class='ocrx_word' id='word_1_43' title='bbox 1075 857 1317 911; x_wconf 76' lang='grc' dir='ltr'><strong>κανόνων</strong></span> <span class='ocrx_word' id='word_1_44' title='bbox 1360 858 1455 912; x_wconf 72' lang='grc' dir='ltr'>καὶ</span> <span class='ocrx_word' id='word_1_45' title='bbox 1503 857 1683 927; x_wconf 90' lang='grc' dir='ltr'>νόμων</span> <span class='ocrx_word' id='word_1_46' title='bbox 1708 856 1766 922; x_wconf 70' lang='grc' dir='ltr'><strong>ἐξ</strong></span> <span class='ocrx_word' id='word_1_47' title='bbox 1797 855 1878 911; x_wconf 66' lang='grc' dir='ltr'>ἔτι</span> 
     </span>
    </p>
   </div>
   <div class='ocr_carea' id='block_1_8' title="bbox 305 943 1879 1019">
    <p class='ocr_par' dir='ltr' id='par_1_8' title="bbox 305 943 1879 1019">
     <span class='ocr_line' id='line_1_8' title="bbox 305 943 1879 1019; baseline 0.004 -24"><span class='ocrx_word' id='word_1_48' title='bbox 305 943 435 996; x_wconf 80' lang='grc' dir='ltr'>νέου</span> <span class='ocrx_word' id='word_1_49' title='bbox 462 946 665 1012; x_wconf 79' lang='grc' dir='ltr'>πεῖραν</span> <span class='ocrx_word' id='word_1_50' title='bbox 718 945 783 998; x_wconf 73' lang='grc' dir='ltr'>ἐκ</span> <span class='ocrx_word' id='word_1_51' title='bbox 835 945 996 1015; x_wconf 84' lang='grc' dir='ltr'>τῆσδε</span> <span class='ocrx_word' id='word_1_52' title='bbox 1046 947 1146 1018; x_wconf 79' lang='grc' dir='ltr'><strong>τῆς</strong></span> <span class='ocrx_word' id='word_1_53' title='bbox 1200 949 1467 1019; x_wconf 73' lang='grc' dir='ltr'><strong>μεγίστης</strong></span> <span class='ocrx_word' id='word_1_54' title='bbox 1515 949 1626 1003; x_wconf 88' lang='grc' dir='ltr'><strong>τῶν</strong></span> <span class='ocrx_word' id='word_1_55' title='bbox 1669 949 1879 1002; x_wconf 83' lang='grc' dir='ltr'>πόλεων</span> 
     </span>
    </p>
   </div>
   <div class='ocr_carea' id='block_1_9' title="bbox 304 1030 1880 1103">
    <p class='ocr_par' dir='ltr' id='par_1_9' title="bbox 304 1030 1880 1103">
     <span class='ocr_line' id='line_1_9' title="bbox 304 1030 1880 1103; baseline 0.006 -21"><span class='ocrx_word' id='word_1_56' title='bbox 304 1030 583 1101; x_wconf 74' lang='grc' dir='ltr'>ἠθροικὼς</span> <span class='ocrx_word' id='word_1_57' title='bbox 628 1033 857 1103; x_wconf 79' lang='grc' dir='ltr'>ἀκριϐῆ.</span> <span class='ocrx_word' id='word_1_58' title='bbox 927 1038 1034 1089; x_wconf 77' lang='grc' dir='ltr'><strong>Καὶ</strong></span> <span class='ocrx_word' id='word_1_59' title='bbox 1095 1037 1182 1091; x_wconf 82' lang='grc' dir='ltr'>ῐνα</span> <span class='ocrx_word' id='word_1_60' title='bbox 1261 1038 1496 1093; x_wconf 82' lang='grc' dir='ltr'>συνελὼν</span> <span class='ocrx_word' id='word_1_61' title='bbox 1539 1039 1678 1093; x_wconf 78' lang='grc' dir='ltr'>ιῐπω</span> <span class='ocrx_word' id='word_1_62' title='bbox 1707 1078 1722 1103; x_wconf 93' lang='grc'><strong>,</strong></span> <span class='ocrx_word' id='word_1_63' title='bbox 1752 1040 1880 1101; x_wconf 68' lang='grc' dir='ltr'>τοὺς</span> 
     </span>
    </p>
   </div>
   <div class='ocr_carea' id='block_1_10' title="bbox 302 1123 1879 1200">
    <p class='ocr_par' dir='ltr' id='par_1_10' title="bbox 302 1123 1879 1200">
     <span class='ocr_line' id='line_1_10' title="bbox 302 1123 1879 1200; baseline 0.005 -26"><span class='ocrx_word' id='word_1_64' title='bbox 302 1124 466 1185; x_wconf 86' lang='grc' dir='ltr'>νέους</span> <span class='ocrx_word' id='word_1_65' title='bbox 530 1123 773 1196; x_wconf 81' lang='grc' dir='ltr'>κάκείνῳ</span> <span class='ocrx_word' id='word_1_66' title='bbox 822 1128 1147 1198; x_wconf 77' lang='grc' dir='ltr'>πεπόμφασι</span> <span class='ocrx_word' id='word_1_67' title='bbox 1184 1130 1387 1200; x_wconf 84' lang='grc' dir='ltr'>τόμους</span> <span class='ocrx_word' id='word_1_68' title='bbox 1423 1132 1473 1184; x_wconf 82' lang='grc' dir='ltr'><strong>οῖ</strong></span> <span class='ocrx_word' id='word_1_69' title='bbox 1506 1132 1604 1199; x_wconf 85' lang='grc' dir='ltr'><strong>τῆς</strong></span> <span class='ocrx_word' id='word_1_70' title='bbox 1632 1130 1879 1198; x_wconf 64' lang='grc' dir='ltr'>Παλαμιη</span> 
     </span>
    </p>
   </div>
   <div class='ocr_carea' id='block_1_11' title="bbox 302 1214 1878 1292">
    <p class='ocr_par' dir='ltr' id='par_1_11' title="bbox 302 1214 1878 1292">
     <span class='ocr_line' id='line_1_11' title="bbox 302 1214 1878 1292; baseline 0.006 -25"><span class='ocrx_word' id='word_1_71' title='bbox 302 1214 412 1281; x_wconf 83' lang='grc' dir='ltr'><strong>κῆς</strong></span> <span class='ocrx_word' id='word_1_72' title='bbox 443 1215 710 1270; x_wconf 81' lang='grc' dir='ltr'>θιασῶται</span> <span class='ocrx_word' id='word_1_73' title='bbox 744 1220 1001 1287; x_wconf 80' lang='grc' dir='ltr'><strong>φατρίας,</strong></span> <span class='ocrx_word' id='word_1_74' title='bbox 1052 1221 1132 1283; x_wconf 82' lang='grc' dir='ltr'><strong>είς</strong></span> <span class='ocrx_word' id='word_1_75' title='bbox 1169 1222 1261 1274; x_wconf 79' lang='grc' dir='ltr'><strong>τὸν</strong></span> <span class='ocrx_word' id='word_1_76' title='bbox 1305 1225 1507 1276; x_wconf 86' lang='grc' dir='ltr'>οἰκεῖον</span> <span class='ocrx_word' id='word_1_77' title='bbox 1538 1224 1636 1292; x_wconf 86' lang='grc' dir='ltr'><strong>τῆς</strong></span> <span class='ocrx_word' id='word_1_78' title='bbox 1669 1223 1878 1276; x_wconf 69' lang='grc' dir='ltr'>ἑαυτῶν</span> 
     </span>
    </p>
   </div>
   <div class='ocr_carea' id='block_1_12' title="bbox 300 1308 1875 1383">
    <p class='ocr_par' dir='ltr' id='par_1_12' title="bbox 300 1308 1875 1383">
     <span class='ocr_line' id='line_1_12' title="bbox 300 1308 1875 1383; baseline 0.005 -24"><span class='ocrx_word' id='word_1_79' title='bbox 300 1308 581 1371; x_wconf 78' lang='grc' dir='ltr'>ἀπωλείας</span> <span class='ocrx_word' id='word_1_80' title='bbox 613 1311 859 1380; x_wconf 81' lang='grc' dir='ltr'>κρημνὸν</span> <span class='ocrx_word' id='word_1_81' title='bbox 894 1312 1287 1383; x_wconf 76' lang='grc' dir='ltr'><strong>ἐκκαλούμενοι</strong></span> <span class='ocrx_word' id='word_1_82' title='bbox 1347 1315 1443 1368; x_wconf 76' lang='grc' dir='ltr'>καὶ</span> <span class='ocrx_word' id='word_1_83' title='bbox 1501 1316 1685 1381; x_wconf 76' lang='grc' dir='ltr'>αὐτὸν,</span> <span class='ocrx_word' id='word_1_84' title='bbox 1721 1315 1875 1383; x_wconf 81' lang='grc' dir='ltr'>σφίσι</span> 
     </span>
    </p>
   </div>
   <div class='ocr_carea' id='block_1_13' title="bbox 300 1399 1875 1477">
    <p class='ocr_par' dir='ltr' id='par_1_13' title="bbox 300 1399 1875 1477">
     <span class='ocr_line' id='line_1_13' title="bbox 300 1399 1875 1477; baseline 0.006 -28"><span class='ocrx_word' id='word_1_85' title='bbox 300 1399 481 1450; x_wconf 86' lang='grc' dir='ltr'>ποιεῖν</span> <span class='ocrx_word' id='word_1_86' title='bbox 508 1401 699 1463; x_wconf 81' lang='grc' dir='ltr'>είωθὺς</span> <span class='ocrx_word' id='word_1_87' title='bbox 727 1401 907 1455; x_wconf 82' lang='grc' dir='ltr'>τουτοῖ</span> <span class='ocrx_word' id='word_1_88' title='bbox 964 1404 1100 1474; x_wconf 77' lang='grc' dir='ltr'>πρὸς</span> <span class='ocrx_word' id='word_1_89' title='bbox 1156 1406 1375 1470; x_wconf 81' lang='grc' dir='ltr'><strong>ἁπάσας</strong></span> <span class='ocrx_word' id='word_1_90' title='bbox 1410 1406 1592 1470; x_wconf 86' lang='grc' dir='ltr'>πόλεις</span> <span class='ocrx_word' id='word_1_91' title='bbox 1637 1408 1732 1461; x_wconf 75' lang='grc' dir='ltr'>καὶ</span> <span class='ocrx_word' id='word_1_92' title='bbox 1769 1408 1875 1477; x_wconf 85' lang='grc' dir='ltr'><strong>χώ-</strong></span> 
     </span>
    </p>
   </div>
   <div class='ocr_carea' id='block_1_14' title="bbox 303 1494 1876 1570">
    <p class='ocr_par' dir='ltr' id='par_1_14' title="bbox 303 1494 1876 1570">
     <span class='ocr_line' id='line_1_14' title="bbox 303 1494 1876 1570; baseline 0.006 -27"><span class='ocrx_word' id='word_1_93' title='bbox 303 1507 431 1561; x_wconf 88' lang='grc' dir='ltr'>ρας.</span> <span class='ocrx_word' id='word_1_94' title='bbox 478 1495 534 1546; x_wconf 87' lang='grc'><strong>’0</strong></span> <span class='ocrx_word' id='word_1_95' title='bbox 588 1494 633 1546; x_wconf 78' lang='grc' dir='ltr'>δ’</span> <span class='ocrx_word' id='word_1_96' title='bbox 665 1497 966 1562; x_wconf 79' lang='grc' dir='ltr'>ἀναγνοὺς,</span> <span class='ocrx_word' id='word_1_97' title='bbox 1030 1500 1124 1550; x_wconf 78' lang='grc' dir='ltr'>καὶ</span> <span class='ocrx_word' id='word_1_98' title='bbox 1187 1498 1310 1555; x_wconf 78' lang='grc' dir='ltr'>ἰδὼν</span> <span class='ocrx_word' id='word_1_99' title='bbox 1368 1499 1475 1551; x_wconf 85' lang='grc' dir='ltr'><strong>τῶν</strong></span> <span class='ocrx_word' id='word_1_100' title='bbox 1510 1501 1876 1570; x_wconf 79' lang='grc' dir='ltr'>βλασφημιῶν</span> 
     </span>
    </p>
   </div>
   <div class='ocr_carea' id='block_1_15' title="bbox 299 1584 1874 1662">
    <p class='ocr_par' dir='ltr' id='par_1_15' title="bbox 299 1584 1874 1662">
     <span class='ocr_line' id='line_1_15' title="bbox 299 1584 1874 1662; baseline 0.006 -27"><span class='ocrx_word' id='word_1_101' title='bbox 299 1584 534 1638; x_wconf 60' lang='grc' dir='ltr'>έκιίπιων</span> <span class='ocrx_word' id='word_1_102' title='bbox 586 1587 647 1640; x_wconf 85' lang='grc' dir='ltr'>τὸ</span> <span class='ocrx_word' id='word_1_103' title='bbox 704 1589 910 1657; x_wconf 79' lang='grc' dir='ltr'>σμῆνος</span> <span class='ocrx_word' id='word_1_104' title='bbox 960 1590 1053 1643; x_wconf 73' lang='grc' dir='ltr'>καὶ</span> <span class='ocrx_word' id='word_1_105' title='bbox 1101 1591 1201 1660; x_wconf 77' lang='grc' dir='ltr'>τὴν</span> <span class='ocrx_word' id='word_1_106' title='bbox 1237 1591 1555 1662; x_wconf 79' lang='grc' dir='ltr'>Ἑλληνικὴν</span> <span class='ocrx_word' id='word_1_107' title='bbox 1587 1592 1874 1646; x_wconf 80' lang='grc' dir='ltr'>πολυθεῖαν</span> 
     </span>
    </p>
   </div>
   <div class='ocr_carea' id='block_1_16' title="bbox 300 1678 1875 1751">
    <p class='ocr_par' dir='ltr' id='par_1_16' title="bbox 300 1678 1875 1751">
     <span class='ocr_line' id='line_1_16' title="bbox 300 1678 1875 1751; baseline 0.004 -19"><span class='ocrx_word' id='word_1_108' title='bbox 300 1678 535 1733; x_wconf 85' lang='grc' dir='ltr'>ἀπασῶν</span> <span class='ocrx_word' id='word_1_109' title='bbox 566 1681 685 1732; x_wconf 77' lang='grc' dir='ltr'>ἐκεῖ</span> <span class='ocrx_word' id='word_1_110' title='bbox 712 1681 1149 1751; x_wconf 72' lang='grc' dir='ltr'>προεδρεύουσαν</span> <span class='ocrx_word' id='word_1_111' title='bbox 1176 1684 1317 1737; x_wconf 84' lang='grc' dir='ltr'>πάνυ</span> <span class='ocrx_word' id='word_1_112' title='bbox 1346 1685 1702 1749; x_wconf 76' lang='grc' dir='ltr'>δεσποτικῶς,</span> <span class='ocrx_word' id='word_1_113' title='bbox 1734 1686 1875 1739; x_wconf 85' lang='grc' dir='ltr'><strong>κατά</strong></span> 
     </span>
    </p>
   </div>
   <div class='ocr_carea' id='block_1_17' title="bbox 299 1769 1873 1846">
    <p class='ocr_par' dir='ltr' id='par_1_17' title="bbox 299 1769 1873 1846">
     <span class='ocr_line' id='line_1_17' title="bbox 299 1769 1873 1846; baseline -0.004 -7"><span class='ocrx_word' id='word_1_114' title='bbox 299 1774 408 1838; x_wconf 76' lang='grc' dir='ltr'><strong>γῆς</strong></span> <span class='ocrx_word' id='word_1_115' title='bbox 436 1789 498 1824; x_wconf 84' lang='grc' dir='ltr'><strong>τε</strong></span> <span class='ocrx_word' id='word_1_116' title='bbox 533 1772 760 1844; x_wconf 74' lang='grc' dir='ltr'>ἔρῤιψεν</span> <span class='ocrx_word' id='word_1_117' title='bbox 789 1774 973 1838; x_wconf 72' lang='grc' dir='ltr'>εὐθὺς,</span> <span class='ocrx_word' id='word_1_118' title='bbox 1013 1776 1107 1829; x_wconf 83' lang='grc' dir='ltr'>καὶ</span> <span class='ocrx_word' id='word_1_119' title='bbox 1140 1777 1209 1830; x_wconf 88' lang='grc' dir='ltr'><strong>τά</strong></span> <span class='ocrx_word' id='word_1_120' title='bbox 1238 1769 1352 1830; x_wconf 81' lang='grc' dir='ltr'>ὦτα</span> <span class='ocrx_word' id='word_1_121' title='bbox 1382 1778 1725 1846; x_wconf 75' lang='grc' dir='ltr'>φραξάμενος</span> <span class='ocrx_word' id='word_1_122' title='bbox 1765 1779 1873 1832; x_wconf 86' lang='grc' dir='ltr'>ἀπὸ</span> 
     </span>
    </p>
   </div>
   <div class='ocr_carea' id='block_1_18' title="bbox 296 1864 1869 1941">
    <p class='ocr_par' dir='ltr' id='par_1_18' title="bbox 296 1864 1869 1941">
     <span class='ocr_line' id='line_1_18' title="bbox 296 1864 1869 1941; baseline 0.006 -25"><span class='ocrx_word' id='word_1_123' title='bbox 296 1864 474 1933; x_wconf 84' lang='grc' dir='ltr'>ἀκοῆς</span> <span class='ocrx_word' id='word_1_124' title='bbox 510 1867 757 1936; x_wconf 80' lang='grc' dir='ltr'>πονηρᾶς</span> <span class='ocrx_word' id='word_1_125' title='bbox 800 1867 1124 1938; x_wconf 81' lang='grc' dir='ltr'><strong>ἀπεπήδησε</strong></span> <span class='ocrx_word' id='word_1_126' title='bbox 1168 1869 1421 1940; x_wconf 82' lang='grc' dir='ltr'>τάχιστα.</span> <span class='ocrx_word' id='word_1_127' title='bbox 1462 1872 1571 1924; x_wconf 74' lang='grc' dir='ltr'>Καὶ</span> <span class='ocrx_word' id='word_1_128' title='bbox 1602 1870 1869 1941; x_wconf 76' lang='grc' dir='ltr'>λοιδορίας</span> 
     </span>
    </p>
   </div>
   <div class='ocr_carea' id='block_1_19' title="bbox 303 1957 1869 2031">
    <p class='ocr_par' dir='ltr' id='par_1_19' title="bbox 303 1957 1869 2031">
     <span class='ocr_line' id='line_1_19' title="bbox 303 1957 1869 2031; baseline 0.004 -22"><span class='ocrx_word' id='word_1_129' title='bbox 303 1957 453 2023; x_wconf 79' lang='grc' dir='ltr'>μάλα</span> <span class='ocrx_word' id='word_1_130' title='bbox 496 1957 712 2025; x_wconf 73' lang='grc' dir='ltr'>μακρὰς</span> <span class='ocrx_word' id='word_1_131' title='bbox 758 1957 1052 2027; x_wconf 83' lang='grc' dir='ltr'>γεγραφὼς</span> <span class='ocrx_word' id='word_1_132' title='bbox 1085 1962 1222 2029; x_wconf 86' lang='grc' dir='ltr'><strong>μετά</strong></span> <span class='ocrx_word' id='word_1_133' title='bbox 1271 1962 1381 2014; x_wconf 85' lang='grc' dir='ltr'><strong>τῶν</strong></span> <span class='ocrx_word' id='word_1_134' title='bbox 1409 1963 1635 2015; x_wconf 82' lang='grc' dir='ltr'>εἰκότων</span> <span class='ocrx_word' id='word_1_135' title='bbox 1676 1964 1739 2017; x_wconf 81' lang='grc' dir='ltr'>ἐκ</span> <span class='ocrx_word' id='word_1_136' title='bbox 1773 1964 1869 2031; x_wconf 81' lang='grc' dir='ltr'><strong>τῆς</strong></span> 
     </span>
    </p>
   </div>
   <div class='ocr_carea' id='block_1_20' title="bbox 298 2045 1870 2120">
    <p class='ocr_par' dir='ltr' id='par_1_20' title="bbox 298 2045 1870 2120">
     <span class='ocr_line' id='line_1_20' title="bbox 298 2045 1870 2120; baseline 0.004 -23"><span class='ocrx_word' id='word_1_137' title='bbox 298 2045 454 2107; x_wconf 83' lang='grc' dir='ltr'>θείας</span> <span class='ocrx_word' id='word_1_138' title='bbox 494 2046 716 2117; x_wconf 82' lang='grc' dir='ltr'>Γραφῆς</span> <span class='ocrx_word' id='word_1_139' title='bbox 761 2049 1001 2119; x_wconf 73' lang='grc' dir='ltr'>ἐλέγχων</span> <span class='ocrx_word' id='word_1_140' title='bbox 1033 2051 1123 2103; x_wconf 77' lang='grc' dir='ltr'>καὶ</span> <span class='ocrx_word' id='word_1_141' title='bbox 1174 2048 1525 2117; x_wconf 74' lang='grc' dir='ltr'>ἀποδείξεων,</span> <span class='ocrx_word' id='word_1_142' title='bbox 1560 2052 1870 2120; x_wconf 73' lang='grc' dir='ltr'><strong>ἐπεπόμφει</strong></span> 
     </span>
    </p>
   </div>
   <div class='ocr_carea' id='block_1_21' title="bbox 300 2138 1872 2215">
    <p class='ocr_par' dir='ltr' id='par_1_21' title="bbox 300 2138 1872 2215">
     <span class='ocr_line' id='line_1_21' title="bbox 300 2138 1872 2215; baseline 0.003 -24"><span class='ocrx_word' id='word_1_143' title='bbox 300 2138 398 2205; x_wconf 77' lang='grc' dir='ltr'><strong>ξύν</strong></span> <span class='ocrx_word' id='word_1_144' title='bbox 449 2155 513 2206; x_wconf 90' lang='grc' dir='ltr'><strong>γε</strong></span> <span class='ocrx_word' id='word_1_145' title='bbox 545 2138 623 2210; x_wconf 81' lang='grc' dir='ltr'><strong>τῷ</strong></span> <span class='ocrx_word' id='word_1_146' title='bbox 655 2141 973 2215; x_wconf 77' lang='grc' dir='ltr'>πατριάρχῃ</span> <span class='ocrx_word' id='word_1_147' title='bbox 1027 2143 1140 2203; x_wconf 85' lang='grc' dir='ltr'>τοῖς</span> <span class='ocrx_word' id='word_1_148' title='bbox 1199 2143 1536 2207; x_wconf 76' lang='grc' dir='ltr'>ἐπισκόποις,</span> <span class='ocrx_word' id='word_1_149' title='bbox 1577 2142 1872 2208; x_wconf 84' lang='grc' dir='ltr'>πολυθέους</span> 
     </span>
    </p>
   </div>
   <div class='ocr_carea' id='block_1_22' title="bbox 295 2229 1871 2305">
    <p class='ocr_par' dir='ltr' id='par_1_22' title="bbox 295 2229 1871 2305">
     <span class='ocr_line' id='line_1_22' title="bbox 295 2229 1871 2305; baseline 0.005 -24"><span class='ocrx_word' id='word_1_150' title='bbox 295 2246 358 2281; x_wconf 76' lang='grc' dir='ltr'><strong>τε</strong></span> <span class='ocrx_word' id='word_1_151' title='bbox 388 2229 487 2282; x_wconf 77' lang='grc' dir='ltr'>καὶ</span> <span class='ocrx_word' id='word_1_152' title='bbox 524 2229 715 2293; x_wconf 89' lang='grc' dir='ltr'>ἀθέους</span> <span class='ocrx_word' id='word_1_153' title='bbox 756 2230 980 2294; x_wconf 81' lang='grc' dir='ltr'>τούτους</span> <span class='ocrx_word' id='word_1_154' title='bbox 1025 2233 1319 2286; x_wconf 73' lang='grc' dir='ltr'>ἀποκαλῶν</span> <span class='ocrx_word' id='word_1_155' title='bbox 1349 2237 1442 2287; x_wconf 67' lang='grc' dir='ltr'>καὶ</span> <span class='ocrx_word' id='word_1_156' title='bbox 1477 2235 1685 2305; x_wconf 81' lang='grc' dir='ltr'>σφόδρα</span> <span class='ocrx_word' id='word_1_157' title='bbox 1715 2236 1871 2289; x_wconf 76' lang='grc' dir='ltr'>ἀναιο</span> 
     </span>
    </p>
   </div>
   <div class='ocr_carea' id='block_1_23' title="bbox 296 2321 1868 2397">
    <p class='ocr_par' dir='ltr' id='par_1_23' title="bbox 296 2321 1868 2397">
     <span class='ocr_line' id='line_1_23' title="bbox 296 2321 1868 2397; baseline 0.004 -22"><span class='ocrx_word' id='word_1_158' title='bbox 296 2321 409 2382; x_wconf 80' lang='grc' dir='ltr'>δεῖς</span> <span class='ocrx_word' id='word_1_159' title='bbox 433 2322 543 2374; x_wconf 85' lang='grc' dir='ltr'><strong>τῶν</strong></span> <span class='ocrx_word' id='word_1_160' title='bbox 569 2323 816 2391; x_wconf 88' lang='grc' dir='ltr'>πατρίων</span> <span class='ocrx_word' id='word_1_161' title='bbox 860 2323 1134 2395; x_wconf 83' lang='grc' dir='ltr'>ἀθετητάς</span> <span class='ocrx_word' id='word_1_162' title='bbox 1176 2326 1273 2378; x_wconf 74' lang='grc' dir='ltr'>καὶ</span> <span class='ocrx_word' id='word_1_163' title='bbox 1302 2326 1537 2390; x_wconf 83' lang='grc' dir='ltr'>διώκτας</span> <span class='ocrx_word' id='word_1_164' title='bbox 1560 2327 1868 2397; x_wconf 83' lang='grc' dir='ltr'>δογμάτων,</span> 
     </span>
    </p>
   </div>
   <div class='ocr_carea' id='block_1_24' title="bbox 295 2413 1869 2488">
    <p class='ocr_par' dir='ltr' id='par_1_24' title="bbox 295 2413 1869 2488">
     <span class='ocr_line' id='line_1_24' title="bbox 295 2413 1869 2488; baseline 0.005 -21"><span class='ocrx_word' id='word_1_165' title='bbox 295 2413 395 2467; x_wconf 80' lang='grc' dir='ltr'>καὶ</span> <span class='ocrx_word' id='word_1_166' title='bbox 454 2414 575 2483; x_wconf 72' lang='grc' dir='ltr'>ἅμα</span> <span class='ocrx_word' id='word_1_167' title='bbox 629 2416 743 2478; x_wconf 82' lang='grc' dir='ltr'>τοῖς</span> <span class='ocrx_word' id='word_1_168' title='bbox 810 2417 1183 2488; x_wconf 76' lang='grc' dir='ltr'>προσήκουσιν</span> <span class='ocrx_word' id='word_1_169' title='bbox 1232 2418 1569 2488; x_wconf 79' lang='grc' dir='ltr'>ἀναθὲμασιν</span> <span class='ocrx_word' id='word_1_170' title='bbox 1629 2422 1869 2476; x_wconf 78' lang='grc' dir='ltr'>ὑποϐάλ-</span> 
     </span>
    </p>
   </div>
   <div class='ocr_carea' id='block_1_25' title="bbox 295 2506 427 2561">
    <p class='ocr_par' dir='ltr' id='par_1_25' title="bbox 295 2506 427 2561">
     <span class='ocr_line' id='line_1_25' title="bbox 295 2506 427 2561; baseline 0.023 -3"><span class='ocrx_word' id='word_1_171' title='bbox 295 2506 427 2561; x_wconf 86' lang='grc' dir='ltr'>λων.</span> 
     </span>
    </p>
   </div>
   <div class='ocr_carea' id='block_1_26' title="bbox 372 2594 1870 2671">
    <p class='ocr_par' dir='ltr' id='par_1_26' title="bbox 372 2594 1870 2671">
     <span class='ocr_line' id='line_1_26' title="bbox 372 2594 1870 2671; baseline 0.005 -23"><span class='ocrx_word' id='word_1_172' title='bbox 372 2594 501 2649; x_wconf 79' lang='lat' dir='ltr'><strong>Kl&quot;.</strong></span> <span class='ocrx_word' id='word_1_173' title='bbox 533 2596 643 2651; x_wconf 78' lang='lat' dir='ltr'><strong>Kal.</strong></span> <span class='ocrx_word' id='word_1_174' title='bbox 675 2596 746 2651; x_wconf 88' lang='grc' dir='ltr'><strong>τά</strong></span> <span class='ocrx_word' id='word_1_175' title='bbox 786 2598 884 2667; x_wconf 70' lang='grc' dir='ltr'>μὲν</span> <span class='ocrx_word' id='word_1_176' title='bbox 942 2599 1007 2652; x_wconf 66' lang='grc' dir='ltr'>ἐκ</span> <span class='ocrx_word' id='word_1_177' title='bbox 1055 2597 1293 2663; x_wconf 83' lang='grc' dir='ltr'>Ῥωσίας</span> <span class='ocrx_word' id='word_1_178' title='bbox 1326 2601 1631 2671; x_wconf 77' lang='grc' dir='ltr'>γράμματα</span> <span class='ocrx_word' id='word_1_179' title='bbox 1681 2602 1870 2656; x_wconf 78' lang='grc' dir='ltr'>τοῦτον</span> 
     </span>
    </p>
   </div>
   <div class='ocr_carea' id='block_1_27' title="bbox 309 2682 1871 2760">
    <p class='ocr_par' dir='ltr' id='par_1_27' title="bbox 309 2682 1871 2760">
     <span class='ocr_line' id='line_1_27' title="bbox 309 2682 1871 2760; baseline 0.006 -24"><span class='ocrx_word' id='word_1_180' title='bbox 309 2682 437 2753; x_wconf 73' lang='grc' dir='ltr'>ίσχε</span> <span class='ocrx_word' id='word_1_181' title='bbox 478 2685 570 2736; x_wconf 69' lang='grc' dir='ltr'><strong>τὸν</strong></span> <span class='ocrx_word' id='word_1_182' title='bbox 612 2686 834 2756; x_wconf 84' lang='grc' dir='ltr'>τρόπον,</span> <span class='ocrx_word' id='word_1_183' title='bbox 864 2689 957 2741; x_wconf 64' lang='grc' dir='ltr'>καὶ</span> <span class='ocrx_word' id='word_1_184' title='bbox 991 2687 1133 2743; x_wconf 79' lang='grc' dir='ltr'>οὕτω</span> <span class='ocrx_word' id='word_1_185' title='bbox 1171 2690 1301 2752; x_wconf 76' lang='grc' dir='ltr'>τοὺς</span> <span class='ocrx_word' id='word_1_186' title='bbox 1343 2690 1708 2760; x_wconf 71' lang='grc' dir='ltr'>κακοσχίλους</span> <span class='ocrx_word' id='word_1_187' title='bbox 1748 2691 1871 2745; x_wconf 62' lang='grc' dir='ltr'>τού-</span> 
     </span>
    </p>
   </div>
   <div class='ocr_carea' id='block_1_28' title="bbox 304 2776 1869 2853">
    <p class='ocr_par' dir='ltr' id='par_1_28' title="bbox 304 2776 1869 2853">
     <span class='ocr_line' id='line_1_28' title="bbox 304 2776 1869 2853; baseline 0.006 -25"><span class='ocrx_word' id='word_1_188' title='bbox 304 2793 428 2838; x_wconf 88' lang='grc' dir='ltr'>τους</span> <span class='ocrx_word' id='word_1_189' title='bbox 484 2776 738 2846; x_wconf 74' lang='grc' dir='ltr'><strong>ἐξήλεγξε</strong></span> <span class='ocrx_word' id='word_1_190' title='bbox 771 2778 891 2847; x_wconf 75' lang='grc' dir='ltr'>μὲν,</span> <span class='ocrx_word' id='word_1_191' title='bbox 927 2781 1028 2833; x_wconf 80' lang='grc' dir='ltr'>οὐκ</span> <span class='ocrx_word' id='word_1_192' title='bbox 1066 2780 1305 2851; x_wconf 66' lang='grc' dir='ltr'>ἐμάλαξε</span> <span class='ocrx_word' id='word_1_193' title='bbox 1343 2780 1424 2835; x_wconf 75' lang='grc' dir='ltr'>δέ.</span> <span class='ocrx_word' id='word_1_194' title='bbox 1452 2782 1785 2853; x_wconf 76' lang='grc' dir='ltr'>Τεθαύμακα</span> <span class='ocrx_word' id='word_1_195' title='bbox 1823 2784 1869 2838; x_wconf 82' lang='grc' dir='ltr'>δ’</span> 
     </span>
    </p>
   </div>
   <div class='ocr_carea' id='block_1_29' title="bbox 294 2867 1869 2944">
    <p class='ocr_par' dir='ltr' id='par_1_29' title="bbox 294 2867 1869 2944">
     <span class='ocr_line' id='line_1_29' title="bbox 294 2867 1869 2944; baseline 0.007 -26"><span class='ocrx_word' id='word_1_196' title='bbox 294 2868 479 2935; x_wconf 70' lang='grc' dir='ltr'>ἔγωγε</span> <span class='ocrx_word' id='word_1_197' title='bbox 523 2867 644 2930; x_wconf 87' lang='grc' dir='ltr'><strong>πῶς</strong></span> <span class='ocrx_word' id='word_1_198' title='bbox 700 2868 868 2923; x_wconf 76' lang='grc' dir='ltr'>τᾶλλα</span> <span class='ocrx_word' id='word_1_199' title='bbox 918 2887 983 2940; x_wconf 88' lang='grc' dir='ltr'><strong>γε</strong></span> <span class='ocrx_word' id='word_1_200' title='bbox 1047 2872 1283 2941; x_wconf 76' lang='grc' dir='ltr'>ἀμαθεῖς</span> <span class='ocrx_word' id='word_1_201' title='bbox 1343 2872 1679 2944; x_wconf 79' lang='grc' dir='ltr'>ὑπάρχοντες</span> <span class='ocrx_word' id='word_1_202' title='bbox 1722 2869 1869 2929; x_wconf 75' lang='grc' dir='ltr'>οὗτοι</span> 
     </span>
    </p>
   </div>
   <div class='ocr_carea' id='block_1_30' title="bbox 295 2959 1867 3037">
    <p class='ocr_par' dir='ltr' id='par_1_30' title="bbox 295 2959 1867 3037">
     <span class='ocr_line' id='line_1_30' title="bbox 295 2959 1867 3037; baseline 0.009 -28"><span class='ocrx_word' id='word_1_203' title='bbox 295 2959 457 3011; x_wconf 67' lang='grc' dir='ltr'>τοῦτο</span> <span class='ocrx_word' id='word_1_204' title='bbox 489 2962 767 3031; x_wconf 80' lang='grc' dir='ltr'>φρονίμως</span> <span class='ocrx_word' id='word_1_205' title='bbox 806 2965 1168 3035; x_wconf 80' lang='grc' dir='ltr'>οῖκονομοῦσι,</span> <span class='ocrx_word' id='word_1_206' title='bbox 1202 2968 1332 3036; x_wconf 67' lang='grc' dir='ltr'>πρὶν</span> <span class='ocrx_word' id='word_1_207' title='bbox 1367 2967 1638 3021; x_wconf 77' lang='grc' dir='ltr'>ἔκπυστον</span> <span class='ocrx_word' id='word_1_208' title='bbox 1665 2969 1867 3037; x_wconf 84' lang='grc' dir='ltr'>φθῆναι</span> 
     </span>
    </p>
   </div>
   <div class='ocr_carea' id='block_1_31' title="bbox 297 3050 1869 3125">
    <p class='ocr_par' dir='ltr' id='par_1_31' title="bbox 297 3050 1869 3125">
     <span class='ocr_line' id='line_1_31' title="bbox 297 3050 1869 3125; baseline 0.008 -23"><span class='ocrx_word' id='word_1_209' title='bbox 297 3050 581 3118; x_wconf 85' lang='grc' dir='ltr'>γενέσθαι,</span> <span class='ocrx_word' id='word_1_210' title='bbox 612 3056 811 3120; x_wconf 84' lang='grc' dir='ltr'>πάσαις</span> <span class='ocrx_word' id='word_1_211' title='bbox 840 3055 1088 3121; x_wconf 83' lang='grc' dir='ltr'>ἀπειλαῖς</span> <span class='ocrx_word' id='word_1_212' title='bbox 1113 3056 1460 3122; x_wconf 79' lang='grc' dir='ltr'>αὑθεντικαῖς</span> <span class='ocrx_word' id='word_1_213' title='bbox 1484 3060 1869 3125; x_wconf 70' lang='grc' dir='ltr'>συστέλλοντες</span> 
     </span>
    </p>
   </div>
   <div class='ocr_carea' id='block_1_32' title="bbox 296 3143 1859 3221">
    <p class='ocr_par' dir='ltr' id='par_1_32' title="bbox 296 3143 1859 3221">
     <span class='ocr_line' id='line_1_32' title="bbox 296 3143 1859 3221; baseline 0.008 -27"><span class='ocrx_word' id='word_1_214' title='bbox 296 3143 395 3195; x_wconf 71' lang='grc' dir='ltr'>καὶ</span> <span class='ocrx_word' id='word_1_215' title='bbox 427 3144 633 3210; x_wconf 70' lang='grc' dir='ltr'>φόϐοις,</span> <span class='ocrx_word' id='word_1_216' title='bbox 666 3148 759 3199; x_wconf 77' lang='grc' dir='ltr'>καὶ</span> <span class='ocrx_word' id='word_1_217' title='bbox 792 3146 948 3219; x_wconf 85' lang='grc' dir='ltr'>τάφῳ</span> <span class='ocrx_word' id='word_1_218' title='bbox 980 3148 1151 3217; x_wconf 83' lang='grc' dir='ltr'>φάναι</span> <span class='ocrx_word' id='word_1_219' title='bbox 1202 3150 1364 3219; x_wconf 85' lang='grc' dir='ltr'>σιγῆς</span> <span class='ocrx_word' id='word_1_220' title='bbox 1395 3151 1455 3203; x_wconf 74' lang='grc' dir='ltr'>ὲν</span> <span class='ocrx_word' id='word_1_221' title='bbox 1488 3149 1682 3221; x_wconf 83' lang='grc' dir='ltr'>βραχεῖ</span> <span class='ocrx_word' id='word_1_222' title='bbox 1722 3169 1859 3220; x_wconf 86' lang='grc' dir='ltr'>συγ-</span> 
     </span>
    </p>
   </div>
   <div class='ocr_carea' id='block_1_33' title="bbox 294 3231 1867 3311">
    <p class='ocr_par' dir='ltr' id='par_1_33' title="bbox 294 3231 1867 3311">
     <span class='ocr_line' id='line_1_33' title="bbox 294 3231 1867 3311; baseline 0.007 -26"><span class='ocrx_word' id='word_1_223' title='bbox 294 3233 624 3301; x_wconf 79' lang='grc' dir='ltr'>χωννύντες,</span> <span class='ocrx_word' id='word_1_224' title='bbox 655 3231 833 3306; x_wconf 77' lang='grc' dir='ltr'>οἶμαι,</span> <span class='ocrx_word' id='word_1_225' title='bbox 884 3237 980 3291; x_wconf 73' lang='grc' dir='ltr'><strong>τὸν</strong></span> <span class='ocrx_word' id='word_1_226' title='bbox 1030 3238 1271 3310; x_wconf 75' lang='grc' dir='ltr'>πονηρὸν</span> <span class='ocrx_word' id='word_1_227' title='bbox 1331 3240 1619 3311; x_wconf 72' lang='grc' dir='ltr'>οἰκονόμον</span> <span class='ocrx_word' id='word_1_228' title='bbox 1654 3244 1867 3296; x_wconf 71' lang='grc' dir='ltr'>ἐκεῖνον</span> 
     </span>
    </p>
   </div>
   <div class='ocr_carea' id='block_1_34' title="bbox 296 3327 1866 3406">
    <p class='ocr_par' dir='ltr' id='par_1_34' title="bbox 296 3327 1866 3406">
     <span class='ocr_line' id='line_1_34' title="bbox 296 3327 1866 3406; baseline 0.01 -31"><span class='ocrx_word' id='word_1_229' title='bbox 296 3327 670 3395; x_wconf 72' lang='grc' dir='ltr'>μιμούμενοι,</span> <span class='ocrx_word' id='word_1_230' title='bbox 710 3345 771 3382; x_wconf 85' lang='grc' dir='ltr'><strong>ου</strong></span> <span class='ocrx_word' id='word_1_231' title='bbox 825 3330 924 3399; x_wconf 80' lang='grc' dir='ltr'>τὴν</span> <span class='ocrx_word' id='word_1_232' title='bbox 988 3331 1044 3384; x_wconf 77' lang='grc' dir='ltr'>ὲν</span> <span class='ocrx_word' id='word_1_233' title='bbox 1106 3332 1350 3402; x_wconf 79' lang='grc' dir='ltr'>χρήμασι</span> <span class='ocrx_word' id='word_1_234' title='bbox 1399 3336 1866 3406; x_wconf 71' lang='grc' dir='ltr'>μεμηχανημένην</span> 
     </span>
    </p>
   </div>
   <div class='ocr_carea' id='block_1_35' title="bbox 293 3420 1871 3495">
    <p class='ocr_par' dir='ltr' id='par_1_35' title="bbox 293 3420 1871 3495">
     <span class='ocr_line' id='line_1_35' title="bbox 293 3420 1871 3495; baseline 0.009 -26"><span class='ocrx_word' id='word_1_235' title='bbox 293 3420 619 3488; x_wconf 69' lang='grc' dir='ltr'>οἰκονομίαν</span> <span class='ocrx_word' id='word_1_236' title='bbox 652 3422 710 3474; x_wconf 71' lang='grc' dir='ltr'><strong>έν</strong></span> <span class='ocrx_word' id='word_1_237' title='bbox 754 3423 1111 3491; x_wconf 80' lang='grc' dir='ltr'>Εὐαγγελίοις</span> <span class='ocrx_word' id='word_1_238' title='bbox 1156 3427 1185 3478; x_wconf 84' lang='grc' dir='ltr'>ὀ</span> <span class='ocrx_word' id='word_1_239' title='bbox 1223 3424 1428 3495; x_wconf 79' lang='grc' dir='ltr'>Κύριος</span> <span class='ocrx_word' id='word_1_240' title='bbox 1462 3427 1720 3484; x_wconf 68' lang='grc' dir='ltr'>ἐπαινῶν.</span> <span class='ocrx_word' id='word_1_241' title='bbox 1750 3422 1871 3483; x_wconf 72' lang='grc' dir='ltr'>εἶτα</span> 
     </span>
    </p>
   </div>
   <div class='ocr_carea' id='block_1_36' title="bbox 293 3511 1202 3589">
    <p class='ocr_par' dir='ltr' id='par_1_36' title="bbox 293 3511 1202 3589">
     <span class='ocr_line' id='line_1_36' title="bbox 293 3511 1202 3589; baseline 0.013 -29"><span class='ocrx_word' id='word_1_242' title='bbox 293 3511 373 3579; x_wconf 75' lang='grc' dir='ltr'>τῷ</span> <span class='ocrx_word' id='word_1_243' title='bbox 404 3513 535 3565; x_wconf 63' lang='grc' dir='ltr'>αἰωι</span> <span class='ocrx_word' id='word_1_244' title='bbox 549 3513 614 3583; x_wconf 89' lang='grc' dir='ltr'>ίῳ</span> <span class='ocrx_word' id='word_1_245' title='bbox 648 3514 1017 3585; x_wconf 79' lang='grc' dir='ltr'>παραπέμπει</span> <span class='ocrx_word' id='word_1_246' title='bbox 1044 3517 1202 3589; x_wconf 84' lang='grc' dir='ltr'>πυρί.</span> 
     </span>
    </p>
   </div>
   <div class='ocr_carea' id='block_1_37' title="bbox 368 3688 1867 3767">
    <p class='ocr_par' dir='ltr' id='par_1_37' title="bbox 368 3688 1867 3767">
     <span class='ocr_line' id='line_1_37' title="bbox 368 3688 1867 3767; baseline 0.007 -26"><span class='ocrx_word' id='word_1_247' title='bbox 368 3688 493 3743; x_wconf 71' lang='lat' dir='ltr'><strong>KA’.</strong></span> <span class='ocrx_word' id='word_1_248' title='bbox 536 3690 868 3761; x_wconf 80' lang='grc' dir='ltr'>Ἐϐουλόμην</span> <span class='ocrx_word' id='word_1_249' title='bbox 898 3694 992 3745; x_wconf 80' lang='grc' dir='ltr'>καὶ</span> <span class='ocrx_word' id='word_1_250' title='bbox 1026 3694 1207 3763; x_wconf 86' lang='grc' dir='ltr'>τρίτον</span> <span class='ocrx_word' id='word_1_251' title='bbox 1235 3695 1561 3765; x_wconf 83' lang='grc' dir='ltr'>προσθεῖναι</span> <span class='ocrx_word' id='word_1_252' title='bbox 1595 3695 1867 3767; x_wconf 86' lang='grc' dir='ltr'>διήγημα,</span> 
     </span>
    </p>
   </div>
   <div class='ocr_carea' id='block_1_38' title="bbox 292 3780 1868 3857">
    <p class='ocr_par' dir='ltr' id='par_1_38' title="bbox 292 3780 1868 3857">
     <span class='ocr_line' id='line_1_38' title="bbox 292 3780 1868 3857; baseline 0.006 -26"><span class='ocrx_word' id='word_1_253' title='bbox 292 3780 408 3833; x_wconf 80' lang='grc' dir='ltr'><strong>τῶν</strong></span> <span class='ocrx_word' id='word_1_254' title='bbox 446 3783 759 3852; x_wconf 75' lang='grc' dir='ltr'>εἰρημένων</span> <span class='ocrx_word' id='word_1_255' title='bbox 812 3785 909 3853; x_wconf 82' lang='grc' dir='ltr'>οὐχ</span> <span class='ocrx_word' id='word_1_256' title='bbox 958 3780 1121 3855; x_wconf 82' lang='grc' dir='ltr'>ἦττον</span> <span class='ocrx_word' id='word_1_257' title='bbox 1167 3786 1249 3849; x_wconf 80' lang='grc' dir='ltr'><strong>είς</strong></span> <span class='ocrx_word' id='word_1_258' title='bbox 1300 3786 1526 3856; x_wconf 74' lang='grc' dir='ltr'>ἔλεγχον</span> <span class='ocrx_word' id='word_1_259' title='bbox 1569 3788 1670 3857; x_wconf 85' lang='grc' dir='ltr'><strong>τῆς</strong></span> <span class='ocrx_word' id='word_1_260' title='bbox 1703 3787 1868 3841; x_wconf 73' lang='grc' dir='ltr'>τῶνδε</span> 
     </span>
    </p>
   </div>
   <div class='ocr_carea' id='block_1_39' title="bbox 291 3872 1869 3950">
    <p class='ocr_par' dir='ltr' id='par_1_39' title="bbox 291 3872 1869 3950">
     <span class='ocr_line' id='line_1_39' title="bbox 291 3872 1869 3950; baseline 0.006 -28"><span class='ocrx_word' id='word_1_261' title='bbox 291 3872 405 3923; x_wconf 79' lang='grc' dir='ltr'><strong>τῶν</strong></span> <span class='ocrx_word' id='word_1_262' title='bbox 440 3874 651 3943; x_wconf 76' lang='grc' dir='ltr'>ἀνδρῶν</span> <span class='ocrx_word' id='word_1_263' title='bbox 690 3876 966 3938; x_wconf 77' lang='grc' dir='ltr'>ἀσεϐείας.</span> <span class='ocrx_word' id='word_1_264' title='bbox 1013 3877 1172 3930; x_wconf 83' lang='grc' dir='ltr'>Ἀλλά</span> <span class='ocrx_word' id='word_1_265' title='bbox 1232 3877 1290 3930; x_wconf 80' lang='grc' dir='ltr'>σὲ</span> <span class='ocrx_word' id='word_1_266' title='bbox 1346 3879 1483 3947; x_wconf 80' lang='grc' dir='ltr'>πρὸς</span> <span class='ocrx_word' id='word_1_267' title='bbox 1545 3878 1644 3948; x_wconf 83' lang='grc' dir='ltr'>τὴν</span> <span class='ocrx_word' id='word_1_268' title='bbox 1700 3879 1869 3950; x_wconf 75' lang='grc' dir='ltr'>ἀκοὴν</span> 
     </span>
    </p>
   </div>
   <div class='ocr_carea' id='block_1_40' title="bbox 293 3964 1868 4039">
    <p class='ocr_par' dir='ltr' id='par_1_40' title="bbox 293 3964 1868 4039">
     <span class='ocr_line' id='line_1_40' title="bbox 293 3964 1868 4039; baseline 0.006 -24"><span class='ocrx_word' id='word_1_269' title='bbox 293 3964 481 4033; x_wconf 71' lang='grc' dir='ltr'>ἀηδῶς</span> <span class='ocrx_word' id='word_1_270' title='bbox 538 3965 813 4036; x_wconf 76' lang='grc' dir='ltr'>θεώμενος</span> <span class='ocrx_word' id='word_1_271' title='bbox 846 3968 1059 4037; x_wconf 81' lang='grc' dir='ltr'>ἔχοντα,</span> <span class='ocrx_word' id='word_1_272' title='bbox 1093 3969 1184 4022; x_wconf 74' lang='grc' dir='ltr'>τὸν</span> <span class='ocrx_word' id='word_1_273' title='bbox 1214 3968 1336 4022; x_wconf 78' lang='grc' dir='ltr'>νοῦν</span> <span class='ocrx_word' id='word_1_274' title='bbox 1383 3971 1448 4023; x_wconf 79' lang='grc' dir='ltr'>ἐκ</span> <span class='ocrx_word' id='word_1_275' title='bbox 1488 3987 1547 4023; x_wconf 83' lang='grc' dir='ltr'><strong>τε</strong></span> <span class='ocrx_word' id='word_1_276' title='bbox 1589 3970 1761 4039; x_wconf 80' lang='grc' dir='ltr'>ἀκοῆς</span> <span class='ocrx_word' id='word_1_277' title='bbox 1788 3974 1868 4035; x_wconf 83' lang='grc' dir='ltr'><strong>εἰς</strong></span> 
     </span>
    </p>
   </div>
   <div class='ocr_carea' id='block_1_41' title="bbox 291 4058 1869 4133">
    <p class='ocr_par' dir='ltr' id='par_1_41' title="bbox 291 4058 1869 4133">
     <span class='ocr_line' id='line_1_41' title="bbox 291 4058 1869 4133; baseline 0.006 -25"><span class='ocrx_word' id='word_1_278' title='bbox 291 4061 393 4117; x_wconf 70' lang='grc' dir='ltr'><strong>τας</strong></span> <span class='ocrx_word' id='word_1_279' title='bbox 426 4060 598 4120; x_wconf 71' lang='grc' dir='ltr'>ἀκοὰς</span> <span class='ocrx_word' id='word_1_280' title='bbox 626 4058 720 4111; x_wconf 81' lang='grc' dir='ltr'>τοῦ</span> <span class='ocrx_word' id='word_1_281' title='bbox 766 4060 952 4113; x_wconf 84' lang='grc' dir='ltr'>λοιποῦ</span> <span class='ocrx_word' id='word_1_282' title='bbox 997 4064 1329 4133; x_wconf 80' lang='grc' dir='ltr'>μεταφέρειν</span> <span class='ocrx_word' id='word_1_283' title='bbox 1357 4061 1576 4131; x_wconf 72' lang='grc' dir='ltr'>ἔγνωκα</span> <span class='ocrx_word' id='word_1_284' title='bbox 1607 4064 1739 4129; x_wconf 83' lang='grc' dir='ltr'>δεῖν,</span> <span class='ocrx_word' id='word_1_285' title='bbox 1782 4065 1869 4123; x_wconf 79' lang='grc' dir='ltr'>ἵνα</span> 
     </span>
    </p>
   </div>
   <div class='ocr_carea' id='block_1_42' title="bbox 293 4150 1854 4225">
    <p class='ocr_par' dir='ltr' id='par_1_42' title="bbox 293 4150 1854 4225">
     <span class='ocr_line' id='line_1_42' title="bbox 293 4150 1854 4225; baseline 0.005 -25"><span class='ocrx_word' id='word_1_286' title='bbox 293 4168 348 4201; x_wconf 79' lang='grc' dir='ltr'><strong>τι</strong></span> <span class='ocrx_word' id='word_1_287' title='bbox 376 4151 475 4219; x_wconf 85' lang='grc' dir='ltr'><strong>τῆς</strong></span> <span class='ocrx_word' id='word_1_288' title='bbox 512 4150 609 4217; x_wconf 76' lang='grc' dir='ltr'><strong>σῆς</strong></span> <span class='ocrx_word' id='word_1_289' title='bbox 635 4151 1008 4219; x_wconf 80' lang='grc' dir='ltr'>ἀπολαύσαιμι</span> <span class='ocrx_word' id='word_1_290' title='bbox 1046 4153 1315 4221; x_wconf 82' lang='grc' dir='ltr'>γλώττης,</span> <span class='ocrx_word' id='word_1_291' title='bbox 1348 4155 1479 4222; x_wconf 75' lang='grc' dir='ltr'>πρὶν</span> <span class='ocrx_word' id='word_1_292' title='bbox 1505 4154 1613 4208; x_wconf 84' lang='grc' dir='ltr'><strong>τῶν</strong></span> <span class='ocrx_word' id='word_1_293' title='bbox 1638 4155 1854 4225; x_wconf 79' lang='grc' dir='ltr'>δημίων</span> 
     </span>
    </p>
   </div>
   <div class='ocr_carea' id='block_1_43' title="bbox 295 4243 1862 4315">
    <p class='ocr_par' dir='ltr' id='par_1_43' title="bbox 295 4243 1862 4315">
     <span class='ocr_line' id='line_1_43' title="bbox 295 4243 1862 4315; baseline 0.004 -23"><span class='ocrx_word' id='word_1_294' title='bbox 295 4244 478 4303; x_wconf 76' lang='grc' dir='ltr'>ἐνίους</span> <span class='ocrx_word' id='word_1_295' title='bbox 513 4244 769 4309; x_wconf 70' lang='grc' dir='ltr'>φυλάκων</span> <span class='ocrx_word' id='word_1_296' title='bbox 814 4244 1142 4315; x_wconf 67' lang='grc' dir='ltr'>ἐληλυθότας</span> <span class='ocrx_word' id='word_1_297' title='bbox 1179 4243 1507 4313; x_wconf 78' lang='grc' dir='ltr'>ὲπιταράξαι</span> <span class='ocrx_word' id='word_1_298' title='bbox 1538 4246 1633 4298; x_wconf 76' lang='grc' dir='ltr'>καὶ</span> <span class='ocrx_word' id='word_1_299' title='bbox 1676 4246 1862 4300; x_wconf 65' lang='grc' dir='ltr'>διακόα</span> 
     </span>
    </p>
   </div>
   <div class='ocr_carea' id='block_1_44' title="bbox 292 4334 1870 4408">
    <p class='ocr_par' dir='ltr' id='par_1_44' title="bbox 292 4334 1870 4408">
     <span class='ocr_line' id='line_1_44' title="bbox 292 4334 1870 4408; baseline 0.004 -23"><span class='ocrx_word' id='word_1_300' title='bbox 292 4335 395 4403; x_wconf 58' lang='grc' dir='ltr'>«ιιι</span> <span class='ocrx_word' id='word_1_301' title='bbox 426 4334 525 4406; x_wconf 79' lang='grc' dir='ltr'>τὴν</span> <span class='ocrx_word' id='word_1_302' title='bbox 561 4335 784 4405; x_wconf 72' lang='grc' dir='ltr'>ἡσύχιον</span> <span class='ocrx_word' id='word_1_303' title='bbox 810 4338 1030 4407; x_wconf 72' lang='grc' dir='ltr'>ὁμιλίαν</span> <span class='ocrx_word' id='word_1_304' title='bbox 1050 4339 1212 4408; x_wconf 77' lang='grc' dir='ltr'>ἡμων</span> <span class='ocrx_word' id='word_1_305' title='bbox 1252 4337 1479 4406; x_wconf 79' lang='grc' dir='ltr'>ταυτηνὶ</span> <span class='ocrx_word' id='word_1_306' title='bbox 1510 4337 1608 4391; x_wconf 75' lang='grc' dir='ltr'>καὶ</span> <span class='ocrx_word' id='word_1_307' title='bbox 1650 4336 1757 4390; x_wconf 47' lang='grc' dir='ltr'>ἀπε</span> <span class='ocrx_word' id='word_1_308' title='bbox 1773 4338 1870 4391; x_wconf 87' lang='grc' dir='ltr'>ἀλ-</span> 
     </span>
    </p>
   </div>
   <div class='ocr_carea' id='block_1_45' title="bbox 292 4429 1011 4500">
    <p class='ocr_par' dir='ltr' id='par_1_45' title="bbox 292 4429 1011 4500">
     <span class='ocr_line' id='line_1_45' title="bbox 292 4429 1011 4500; baseline 0.007 -21"><span class='ocrx_word' id='word_1_309' title='bbox 292 4429 473 4497; x_wconf 75' lang='grc' dir='ltr'>λήλων</span> <span class='ocrx_word' id='word_1_310' title='bbox 512 4429 659 4498; x_wconf 69' lang='grc' dir='ltr'>ἡμᾶς</span> <span class='ocrx_word' id='word_1_311' title='bbox 701 4429 1011 4500; x_wconf 82' lang='grc' dir='ltr'>διαστῆσαι.</span> 
     </span>
    </p>
   </div>
   <div class='ocr_carea' id='block_1_46' title="bbox 1982 668 3552 742">
    <p class='ocr_par' dir='ltr' id='par_1_46' title="bbox 1982 668 3552 742">
     <span class='ocr_line' id='line_1_46' title="bbox 1982 668 3552 742; baseline 0.001 -18"><span class='ocrx_word' id='word_1_312' title='bbox 1982 672 2188 726; x_wconf 82' lang='lat' dir='ltr'><strong>mtuum</strong></span> <span class='ocrx_word' id='word_1_313' title='bbox 2218 686 2319 726; x_wconf 87' lang='lat' dir='ltr'><strong>suo</strong></span> <span class='ocrx_word' id='word_1_314' title='bbox 2368 670 2598 742; x_wconf 75' lang='lat' dir='ltr'><strong>imperio</strong></span> <span class='ocrx_word' id='word_1_315' title='bbox 2626 669 2826 725; x_wconf 76' lang='lat' dir='ltr'><strong>direxit</strong></span> <span class='ocrx_word' id='word_1_316' title='bbox 2857 668 2957 735; x_wconf 83' lang='lat' dir='ltr'><strong>vir,</strong></span> <span class='ocrx_word' id='word_1_317' title='bbox 2996 678 3055 723; x_wconf 90' lang='lat' dir='ltr'><strong>ut</strong></span> <span class='ocrx_word' id='word_1_318' title='bbox 3104 669 3219 740; x_wconf 87' lang='lat' dir='ltr'><strong>ipse</strong></span> <span class='ocrx_word' id='word_1_319' title='bbox 3256 671 3383 734; x_wconf 85' lang='lat' dir='ltr'><strong>seis,</strong></span> <span class='ocrx_word' id='word_1_320' title='bbox 3419 686 3552 740; x_wconf 86' lang='lat' dir='ltr'><strong>pru-</strong></span> 
     </span>
    </p>
   </div>
   <div class='ocr_carea' id='block_1_47' title="bbox 1979 761 3547 833">
    <p class='ocr_par' dir='ltr' id='par_1_47' title="bbox 1979 761 3547 833">
     <span class='ocr_line' id='line_1_47' title="bbox 1979 761 3547 833; baseline 0.001 -16"><span class='ocrx_word' id='word_1_321' title='bbox 1979 761 2336 821; x_wconf 84' lang='lat' dir='ltr'><strong>dentissimus</strong></span> <span class='ocrx_word' id='word_1_322' title='bbox 2365 763 2791 833; x_wconf 78' lang='lat' dir='ltr'><strong>divinarumque</strong></span> <span class='ocrx_word' id='word_1_323' title='bbox 2818 777 3135 818; x_wconf 82' lang='lat' dir='ltr'><strong>normarum</strong></span> <span class='ocrx_word' id='word_1_324' title='bbox 3177 773 3341 833; x_wconf 87' lang='lat' dir='ltr'><strong>atque</strong></span> <span class='ocrx_word' id='word_1_325' title='bbox 3366 764 3547 833; x_wconf 87' lang='lat' dir='ltr'><strong>legum</strong></span> 
     </span>
    </p>
   </div>
   <div class='ocr_carea' id='block_1_48' title="bbox 1978 854 3549 927">
    <p class='ocr_par' dir='ltr' id='par_1_48' title="bbox 1978 854 3549 927">
     <span class='ocr_line' id='line_1_48' title="bbox 1978 854 3549 927; baseline 0 -17"><span class='ocrx_word' id='word_1_326' title='bbox 1978 854 2106 911; x_wconf 87' lang='lat' dir='ltr'><strong>inde</strong></span> <span class='ocrx_word' id='word_1_327' title='bbox 2133 871 2162 910; x_wconf 89' lang='lat' dir='ltr'><strong>a</strong></span> <span class='ocrx_word' id='word_1_328' title='bbox 2207 856 2438 927; x_wconf 87' lang='lat' dir='ltr'><strong>pueritia</strong></span> <span class='ocrx_word' id='word_1_329' title='bbox 2472 857 2524 912; x_wconf 92' lang='lat' dir='ltr'><strong>in</strong></span> <span class='ocrx_word' id='word_1_330' title='bbox 2558 857 2660 912; x_wconf 74' lang='lat' dir='ltr'><strong>hac</strong></span> <span class='ocrx_word' id='word_1_331' title='bbox 2709 855 2942 912; x_wconf 75' lang='lat' dir='ltr'><strong>maxima</strong></span> <span class='ocrx_word' id='word_1_332' title='bbox 2976 854 3194 909; x_wconf 88' lang='lat' dir='ltr'><strong>urbium</strong></span> <span class='ocrx_word' id='word_1_333' title='bbox 3234 854 3549 925; x_wconf 74' lang='lat' dir='ltr'><strong>cognitione</strong></span> 
     </span>
    </p>
   </div>
   <div class='ocr_carea' id='block_1_49' title="bbox 1984 944 3550 1017">
    <p class='ocr_par' dir='ltr' id='par_1_49' title="bbox 1984 944 3550 1017">
     <span class='ocr_line' id='line_1_49' title="bbox 1984 944 3550 1017; baseline -0.012 -2"><span class='ocrx_word' id='word_1_334' title='bbox 1984 944 2143 1017; x_wconf 64' lang='grc'><strong>114</strong></span> <span class='ocrx_word' id='word_1_335' title='bbox 2197 957 2452 1001; x_wconf 85' lang='lat' dir='ltr'><strong>accurata</strong></span> <span class='ocrx_word' id='word_1_336' title='bbox 2509 947 2771 1002; x_wconf 90' lang='lat' dir='ltr'><strong>imbutus.</strong></span> <span class='ocrx_word' id='word_1_337' title='bbox 2812 946 2880 1003; x_wconf 86' lang='lat' dir='ltr'><strong>Ut</strong></span> <span class='ocrx_word' id='word_1_338' title='bbox 2910 945 3098 1015; x_wconf 82' lang='lat' dir='ltr'><strong>paucis</strong></span> <span class='ocrx_word' id='word_1_339' title='bbox 3148 960 3259 999; x_wconf 89' lang='lat' dir='ltr'><strong>rem</strong></span> <span class='ocrx_word' id='word_1_340' title='bbox 3294 960 3550 1015; x_wconf 84' lang='lat' dir='ltr'><strong>compre-</strong></span> 
     </span>
    </p>
   </div>
   <div class='ocr_carea' id='block_1_50' title="bbox 1979 1036 3548 1108">
    <p class='ocr_par' dir='ltr' id='par_1_50' title="bbox 1979 1036 3548 1108">
     <span class='ocr_line' id='line_1_50' title="bbox 1979 1036 3548 1108; baseline -0.001 -18"><span class='ocrx_word' id='word_1_341' title='bbox 1979 1037 2237 1100; x_wconf 85' lang='lat' dir='ltr'><strong>hendam,</strong></span> <span class='ocrx_word' id='word_1_342' title='bbox 2277 1039 2403 1093; x_wconf 83' lang='lat' dir='ltr'><strong>huic</strong></span> <span class='ocrx_word' id='word_1_343' title='bbox 2428 1054 2646 1108; x_wconf 87' lang='lat' dir='ltr'><strong>quoque</strong></span> <span class='ocrx_word' id='word_1_344' title='bbox 2673 1039 2792 1093; x_wconf 87' lang='lat' dir='ltr'><strong>viro</strong></span> <span class='ocrx_word' id='word_1_345' title='bbox 2828 1038 3113 1093; x_wconf 56' lang='lat' dir='ltr'><strong>Palamica‘</strong></span> <span class='ocrx_word' id='word_1_346' title='bbox 3139 1046 3303 1091; x_wconf 64' lang='lat' dir='ltr'><strong>secta</strong></span> <span class='ocrx_word' id='word_1_347' title='bbox 3331 1036 3548 1091; x_wconf 79' lang='lat' dir='ltr'><strong>sodales</strong></span> 
     </span>
    </p>
   </div>
   <div class='ocr_carea' id='block_1_51' title="bbox 1978 1128 3546 1198">
    <p class='ocr_par' dir='ltr' id='par_1_51' title="bbox 1978 1128 3546 1198">
     <span class='ocr_line' id='line_1_51' title="bbox 1978 1128 3546 1198; baseline -0.001 -17"><span class='ocrx_word' id='word_1_348' title='bbox 1978 1144 2147 1183; x_wconf 85' lang='lat' dir='ltr'><strong>novos</strong></span> <span class='ocrx_word' id='word_1_349' title='bbox 2173 1129 2372 1184; x_wconf 82' lang='lat' dir='ltr'><strong>Tomos</strong></span> <span class='ocrx_word' id='word_1_350' title='bbox 2402 1133 2687 1191; x_wconf 88' lang='lat' dir='ltr'><strong>miserunt,</strong></span> <span class='ocrx_word' id='word_1_351' title='bbox 2722 1129 2776 1184; x_wconf 91' lang='lat' dir='ltr'><strong>iu</strong></span> <span class='ocrx_word' id='word_1_352' title='bbox 2808 1144 3048 1198; x_wconf 74' lang='lat' dir='ltr'><strong>przeeeps</strong></span> <span class='ocrx_word' id='word_1_353' title='bbox 3096 1128 3335 1196; x_wconf 86' lang='lat' dir='ltr'><strong>ipsorum</strong></span> <span class='ocrx_word' id='word_1_354' title='bbox 3369 1129 3546 1181; x_wconf 84' lang='lat' dir='ltr'><strong>inter—</strong></span> 
     </span>
    </p>
   </div>
   <div class='ocr_carea' id='block_1_52' title="bbox 1978 1217 3549 1289">
    <p class='ocr_par' dir='ltr' id='par_1_52' title="bbox 1978 1217 3549 1289">
     <span class='ocr_line' id='line_1_52' title="bbox 1978 1217 3549 1289; baseline 0.003 -19"><span class='ocrx_word' id='word_1_355' title='bbox 1978 1217 2087 1271; x_wconf 89' lang='lat' dir='ltr'><strong>itus</strong></span> <span class='ocrx_word' id='word_1_356' title='bbox 2128 1219 2445 1272; x_wconf 80' lang='lat' dir='ltr'><strong>barathrum</strong></span> <span class='ocrx_word' id='word_1_357' title='bbox 2475 1236 2601 1273; x_wconf 87' lang='lat' dir='ltr'><strong>eum</strong></span> <span class='ocrx_word' id='word_1_358' title='bbox 2636 1220 2904 1283; x_wconf 79' lang='lat' dir='ltr'><strong>vocaturi,</strong></span> <span class='ocrx_word' id='word_1_359' title='bbox 2933 1236 3037 1289; x_wconf 83' lang='lat' dir='ltr'><strong>qua</strong></span> <span class='ocrx_word' id='word_1_360' title='bbox 3082 1219 3302 1289; x_wconf 89' lang='lat' dir='ltr'><strong>quidem</strong></span> <span class='ocrx_word' id='word_1_361' title='bbox 3336 1219 3549 1274; x_wconf 87' lang='lat' dir='ltr'><strong>ratione</strong></span> 
     </span>
    </p>
   </div>
   <div class='ocr_carea' id='block_1_53' title="bbox 1980 1310 3552 1381">
    <p class='ocr_par' dir='ltr' id='par_1_53' title="bbox 1980 1310 3552 1381">
     <span class='ocr_line' id='line_1_53' title="bbox 1980 1310 3552 1381; baseline 0.001 -17"><span class='ocrx_word' id='word_1_362' title='bbox 1980 1310 2033 1364; x_wconf 89' lang='lat' dir='ltr'><strong>in</strong></span> <span class='ocrx_word' id='word_1_363' title='bbox 2077 1326 2269 1365; x_wconf 88' lang='lat' dir='ltr'><strong>omnes</strong></span> <span class='ocrx_word' id='word_1_364' title='bbox 2300 1314 2461 1366; x_wconf 85' lang='lat' dir='ltr'><strong>urbes</strong></span> <span class='ocrx_word' id='word_1_365' title='bbox 2489 1312 2747 1381; x_wconf 85' lang='lat' dir='ltr'><strong>locosque</strong></span> <span class='ocrx_word' id='word_1_366' title='bbox 2781 1312 3014 1381; x_wconf 78' lang='lat' dir='ltr'><strong>grassari</strong></span> <span class='ocrx_word' id='word_1_367' title='bbox 3065 1314 3258 1366; x_wconf 79' lang='lat' dir='ltr'><strong>solent.</strong></span> <span class='ocrx_word' id='word_1_368' title='bbox 3296 1312 3391 1366; x_wconf 88' lang='lat' dir='ltr'><strong>llle</strong></span> <span class='ocrx_word' id='word_1_369' title='bbox 3422 1327 3552 1366; x_wconf 80' lang='lat' dir='ltr'><strong>vero</strong></span> 
     </span>
    </p>
   </div>
   <div class='ocr_carea' id='block_1_54' title="bbox 1976 1401 3551 1472">
    <p class='ocr_par' dir='ltr' id='par_1_54' title="bbox 1976 1401 3551 1472">
     <span class='ocr_line' id='line_1_54' title="bbox 1976 1401 3551 1472; baseline 0.002 -18"><span class='ocrx_word' id='word_1_370' title='bbox 1976 1401 2043 1456; x_wconf 89' lang='lat' dir='ltr'><strong>iis</strong></span> <span class='ocrx_word' id='word_1_371' title='bbox 2099 1403 2357 1471; x_wconf 84' lang='lat' dir='ltr'><strong>perlectis</strong></span> <span class='ocrx_word' id='word_1_372' title='bbox 2408 1419 2532 1457; x_wconf 91' lang='lat' dir='ltr'><strong>cum</strong></span> <span class='ocrx_word' id='word_1_373' title='bbox 2583 1405 3045 1472; x_wconf 83' lang='lat' dir='ltr'><strong>blasphemiarum</strong></span> <span class='ocrx_word' id='word_1_374' title='bbox 3098 1420 3327 1458; x_wconf 80' lang='lat' dir='ltr'><strong>examen</strong></span> <span class='ocrx_word' id='word_1_375' title='bbox 3383 1414 3551 1472; x_wconf 84' lang='lat' dir='ltr'><strong>atque</strong></span> 
     </span>
    </p>
   </div>
   <div class='ocr_carea' id='block_1_55' title="bbox 1973 1491 3550 1563">
    <p class='ocr_par' dir='ltr' id='par_1_55' title="bbox 1973 1491 3550 1563">
     <span class='ocr_line' id='line_1_55' title="bbox 1973 1491 3550 1563; baseline -0.002 -16"><span class='ocrx_word' id='word_1_376' title='bbox 1973 1491 2221 1548; x_wconf 70' lang='lat' dir='ltr'><strong>Grrecum</strong></span> <span class='ocrx_word' id='word_1_377' title='bbox 2279 1494 2706 1563; x_wconf 78' lang='lat' dir='ltr'><strong>polythcismum</strong></span> <span class='ocrx_word' id='word_1_378' title='bbox 2741 1492 3132 1562; x_wconf 84' lang='lat' dir='ltr'><strong>superbissime</strong></span> <span class='ocrx_word' id='word_1_379' title='bbox 3166 1495 3216 1547; x_wconf 86' lang='lat' dir='ltr'><strong>in</strong></span> <span class='ocrx_word' id='word_1_380' title='bbox 3254 1493 3321 1547; x_wconf 92' lang='lat' dir='ltr'><strong>iis</strong></span> <span class='ocrx_word' id='word_1_381' title='bbox 3368 1492 3550 1546; x_wconf 85' lang='lat' dir='ltr'><strong>domi-</strong></span> 
     </span>
    </p>
   </div>
   <div class='ocr_carea' id='block_1_56' title="bbox 1975 1585 3550 1656">
    <p class='ocr_par' dir='ltr' id='par_1_56' title="bbox 1975 1585 3550 1656">
     <span class='ocr_line' id='line_1_56' title="bbox 1975 1585 3550 1656; baseline 0 -19"><span class='ocrx_word' id='word_1_382' title='bbox 1975 1595 2196 1638; x_wconf 81' lang='lat' dir='ltr'><strong>nantem</strong></span> <span class='ocrx_word' id='word_1_383' title='bbox 2232 1587 2463 1651; x_wconf 76' lang='lat' dir='ltr'><strong>videret,</strong></span> <span class='ocrx_word' id='word_1_384' title='bbox 2496 1587 2546 1639; x_wconf 91' lang='lat' dir='ltr'><strong>in</strong></span> <span class='ocrx_word' id='word_1_385' title='bbox 2594 1596 2791 1640; x_wconf 86' lang='lat' dir='ltr'><strong>terram</strong></span> <span class='ocrx_word' id='word_1_386' title='bbox 2838 1587 3019 1641; x_wconf 63' lang='lat' dir='ltr'><strong>statim</strong></span> <span class='ocrx_word' id='word_1_387' title='bbox 3053 1601 3149 1640; x_wconf 88' lang='lat' dir='ltr'><strong>eos</strong></span> <span class='ocrx_word' id='word_1_388' title='bbox 3177 1586 3373 1656; x_wconf 85' lang='lat' dir='ltr'><strong>ahjecit</strong></span> <span class='ocrx_word' id='word_1_389' title='bbox 3403 1585 3550 1639; x_wconf 82' lang='lat' dir='ltr'><strong>attri-</strong></span> 
     </span>
    </p>
   </div>
   <div class='ocr_carea' id='block_1_57' title="bbox 1975 1676 3551 1747">
    <p class='ocr_par' dir='ltr' id='par_1_57' title="bbox 1975 1676 3551 1747">
     <span class='ocr_line' id='line_1_57' title="bbox 1975 1676 3551 1747; baseline -0.001 -18"><span class='ocrx_word' id='word_1_390' title='bbox 1975 1676 2183 1746; x_wconf 83' lang='lat' dir='ltr'><strong>busque</strong></span> <span class='ocrx_word' id='word_1_391' title='bbox 2208 1694 2235 1729; x_wconf 91' lang='lat' dir='ltr'><strong>a</strong></span> <span class='ocrx_word' id='word_1_392' title='bbox 2270 1677 2472 1731; x_wconf 69' lang='lat' dir='ltr'><strong>nefaria</strong></span> <span class='ocrx_word' id='word_1_393' title='bbox 2504 1678 2788 1733; x_wconf 71' lang='lat' dir='ltr'><strong>auditione</strong></span> <span class='ocrx_word' id='word_1_394' title='bbox 2826 1678 3050 1731; x_wconf 79' lang='lat' dir='ltr'><strong>runnilis</strong></span> <span class='ocrx_word' id='word_1_395' title='bbox 3087 1678 3213 1731; x_wconf 88' lang='lat' dir='ltr'><strong>inde</strong></span> <span class='ocrx_word' id='word_1_396' title='bbox 3248 1693 3411 1747; x_wconf 88' lang='lat' dir='ltr'><strong>quam</strong></span> <span class='ocrx_word' id='word_1_397' title='bbox 3459 1692 3551 1730; x_wconf 78' lang='lat' dir='ltr'><strong>ce-</strong></span> 
     </span>
    </p>
   </div>
   <div class='ocr_carea' id='block_1_58' title="bbox 1972 1767 3550 1839">
    <p class='ocr_par' dir='ltr' id='par_1_58' title="bbox 1972 1767 3550 1839">
     <span class='ocr_line' id='line_1_58' title="bbox 1972 1767 3550 1839; baseline 0.002 -19"><span class='ocrx_word' id='word_1_398' title='bbox 1972 1767 2193 1821; x_wconf 89' lang='lat' dir='ltr'><strong>lerrime</strong></span> <span class='ocrx_word' id='word_1_399' title='bbox 2250 1784 2306 1822; x_wconf 89' lang='lat' dir='ltr'><strong>se</strong></span> <span class='ocrx_word' id='word_1_400' title='bbox 2349 1771 2641 1838; x_wconf 77' lang='lat' dir='ltr'><strong>proripuit.</strong></span> <span class='ocrx_word' id='word_1_401' title='bbox 2698 1770 2919 1839; x_wconf 77' lang='lat' dir='ltr'><strong>Magnas</strong></span> <span class='ocrx_word' id='word_1_402' title='bbox 2962 1787 3089 1823; x_wconf 78' lang='lat' dir='ltr'><strong>vero</strong></span> <span class='ocrx_word' id='word_1_403' title='bbox 3135 1768 3550 1824; x_wconf 75' lang='lat' dir='ltr'><strong>criminationes</strong></span> 
     </span>
    </p>
   </div>
   <div class='ocr_carea' id='block_1_59' title="bbox 1974 1862 3549 1929">
    <p class='ocr_par' dir='ltr' id='par_1_59' title="bbox 1974 1862 3549 1929">
     <span class='ocr_line' id='line_1_59' title="bbox 1974 1862 3549 1929; baseline 0.001 -18"><span class='ocrx_word' id='word_1_404' title='bbox 1974 1874 2097 1912; x_wconf 88' lang='lat' dir='ltr'><strong>cum</strong></span> <span class='ocrx_word' id='word_1_405' title='bbox 2124 1863 2456 1928; x_wconf 60' lang='lat' dir='ltr'><strong>argumentis</strong></span> <span class='ocrx_word' id='word_1_406' title='bbox 2484 1872 2647 1929; x_wconf 86' lang='lat' dir='ltr'><strong>atque</strong></span> <span class='ocrx_word' id='word_1_407' title='bbox 2696 1862 3259 1915; x_wconf 62' lang='lat' dir='ltr'><strong>tielll0ttslrali&#39;3nibll5</strong></span> <span class='ocrx_word' id='word_1_408' title='bbox 3284 1877 3348 1915; x_wconf 75' lang='lat' dir='ltr'><strong>ex</strong></span> <span class='ocrx_word' id='word_1_409' title='bbox 3394 1876 3549 1914; x_wconf 80' lang='lat' dir='ltr'><strong>sacra</strong></span> 
     </span>
    </p>
   </div>
   <div class='ocr_carea' id='block_1_60' title="bbox 1977 1946 3549 2020">
    <p class='ocr_par' dir='ltr' id='par_1_60' title="bbox 1977 1946 3549 2020">
     <span class='ocr_line' id='line_1_60' title="bbox 1977 1946 3549 2020; baseline 0.002 -19"><span class='ocrx_word' id='word_1_410' title='bbox 1977 1946 2262 2016; x_wconf 66' lang='lat' dir='ltr'><strong>Scriptura</strong></span> <span class='ocrx_word' id='word_1_411' title='bbox 2301 1950 2488 2017; x_wconf 79' lang='lat' dir='ltr'><strong>petitis</strong></span> <span class='ocrx_word' id='word_1_412' title='bbox 2519 1952 2848 2017; x_wconf 79' lang='lat' dir='ltr'><strong>conscripsit</strong></span> <span class='ocrx_word' id='word_1_413' title='bbox 2889 1962 2941 2003; x_wconf 82' lang='lat' dir='ltr'><strong>et</strong></span> <span class='ocrx_word' id='word_1_414' title='bbox 2982 1952 3303 2020; x_wconf 61' lang='lat' dir='ltr'><strong>patriarchae</strong></span> <span class='ocrx_word' id='word_1_415' title='bbox 3332 1952 3549 2018; x_wconf 67' lang='lat' dir='ltr'><strong>episco-</strong></span> 
     </span>
    </p>
   </div>
   <div class='ocr_carea' id='block_1_61' title="bbox 1976 2040 3551 2113">
    <p class='ocr_par' dir='ltr' id='par_1_61' title="bbox 1976 2040 3551 2113">
     <span class='ocr_line' id='line_1_61' title="bbox 1976 2040 3551 2113; baseline 0.001 -20"><span class='ocrx_word' id='word_1_416' title='bbox 1976 2040 2169 2109; x_wconf 87' lang='lat' dir='ltr'><strong>pisque</strong></span> <span class='ocrx_word' id='word_1_417' title='bbox 2211 2041 2378 2107; x_wconf 90' lang='lat' dir='ltr'><strong>misit,</strong></span> <span class='ocrx_word' id='word_1_418' title='bbox 2402 2043 2696 2111; x_wconf 86' lang='lat' dir='ltr'><strong>appellav:t</strong></span> <span class='ocrx_word' id='word_1_419' title='bbox 2722 2060 2815 2097; x_wconf 75' lang='lat' dir='ltr'><strong>eus</strong></span> <span class='ocrx_word' id='word_1_420' title='bbox 2840 2044 3121 2113; x_wconf 73' lang='lat' dir='ltr'><strong>polytheos</strong></span> <span class='ocrx_word' id='word_1_421' title='bbox 3144 2052 3197 2095; x_wconf 88' lang='lat' dir='ltr'><strong>et</strong></span> <span class='ocrx_word' id='word_1_422' title='bbox 3226 2043 3417 2095; x_wconf 77' lang='lat' dir='ltr'><strong>atheos</strong></span> <span class='ocrx_word' id='word_1_423' title='bbox 3450 2043 3551 2094; x_wconf 88' lang='lat' dir='ltr'><strong>im-</strong></span> 
     </span>
    </p>
   </div>
   <div class='ocr_carea' id='block_1_62' title="bbox 1974 2130 3549 2201">
    <p class='ocr_par' dir='ltr' id='par_1_62' title="bbox 1974 2130 3549 2201">
     <span class='ocr_line' id='line_1_62' title="bbox 1974 2130 3549 2201; baseline 0.002 -18"><span class='ocrx_word' id='word_1_424' title='bbox 1974 2130 2516 2200; x_wconf 74' lang='lat' dir='ltr'><strong>pudentissitnosque</strong></span> <span class='ocrx_word' id='word_1_425' title='bbox 2563 2134 2860 2201; x_wconf 71' lang='lat' dir='ltr'><strong>patriorum</strong></span> <span class='ocrx_word' id='word_1_426' title='bbox 2905 2134 3214 2199; x_wconf 67' lang='lat' dir='ltr'><strong>dugntatum</strong></span> <span class='ocrx_word' id='word_1_427' title='bbox 3266 2148 3549 2186; x_wconf 73' lang='lat' dir='ltr'><strong>eversores</strong></span> 
     </span>
    </p>
   </div>
   <div class='ocr_carea' id='block_1_63' title="bbox 1974 2222 3545 2292">
    <p class='ocr_par' dir='ltr' id='par_1_63' title="bbox 1974 2222 3545 2292">
     <span class='ocr_line' id='line_1_63' title="bbox 1974 2222 3545 2292; baseline 0.001 -18"><span class='ocrx_word' id='word_1_428' title='bbox 1974 2230 2139 2290; x_wconf 85' lang='lat' dir='ltr'><strong>atque</strong></span> <span class='ocrx_word' id='word_1_429' title='bbox 2176 2234 2575 2290; x_wconf 75' lang='lat' dir='ltr'><strong>persecutores,</strong></span> <span class='ocrx_word' id='word_1_430' title='bbox 2625 2223 2915 2278; x_wconf 85' lang='lat' dir='ltr'><strong>anathema</strong></span> <span class='ocrx_word' id='word_1_431' title='bbox 2947 2222 3207 2292; x_wconf 80' lang='lat' dir='ltr'><strong>denique,</strong></span> <span class='ocrx_word' id='word_1_432' title='bbox 3251 2222 3395 2292; x_wconf 87' lang='lat' dir='ltr'><strong>quod</strong></span> <span class='ocrx_word' id='word_1_433' title='bbox 3448 2238 3545 2292; x_wconf 85' lang='lat' dir='ltr'><strong>par</strong></span> 
     </span>
    </p>
   </div>
   <div class='ocr_carea' id='block_1_64' title="bbox 1973 2314 2607 2385">
    <p class='ocr_par' dir='ltr' id='par_1_64' title="bbox 1973 2314 2607 2385">
     <span class='ocr_line' id='line_1_64' title="bbox 1973 2314 2607 2385; baseline 0.002 -17"><span class='ocrx_word' id='word_1_434' title='bbox 1973 2323 2114 2377; x_wconf 84' lang='lat' dir='ltr'><strong>erat,</strong></span> <span class='ocrx_word' id='word_1_435' title='bbox 2151 2314 2205 2368; x_wconf 90' lang='lat' dir='ltr'><strong>in</strong></span> <span class='ocrx_word' id='word_1_436' title='bbox 2229 2330 2325 2369; x_wconf 87' lang='lat' dir='ltr'><strong>eos</strong></span> <span class='ocrx_word' id='word_1_437' title='bbox 2353 2316 2607 2385; x_wconf 82' lang='lat' dir='ltr'><strong>c0njeeit.</strong></span> 
     </span>
    </p>
   </div>
   <div class='ocr_carea' id='block_1_65' title="bbox 2046 2576 3544 2649">
    <p class='ocr_par' dir='ltr' id='par_1_65' title="bbox 2046 2576 3544 2649">
     <span class='ocr_line' id='line_1_65' title="bbox 2046 2576 3544 2649; baseline 0.003 -18"><span class='ocrx_word' id='word_1_438' title='bbox 2046 2576 2235 2631; x_wconf 76' lang='lat' dir='ltr'><strong>XXIII.</strong></span> <span class='ocrx_word' id='word_1_439' title='bbox 2268 2580 2440 2648; x_wconf 79' lang='lat' dir='ltr'><strong>Atque</strong></span> <span class='ocrx_word' id='word_1_440' title='bbox 2469 2579 2734 2649; x_wconf 90' lang='lat' dir='ltr'><strong>scriptum</strong></span> <span class='ocrx_word' id='word_1_441' title='bbox 2765 2594 2830 2633; x_wconf 81' lang='lat' dir='ltr'><strong>ex</strong></span> <span class='ocrx_word' id='word_1_442' title='bbox 2874 2578 3069 2635; x_wconf 84' lang='lat' dir='ltr'><strong>Russia</strong></span> <span class='ocrx_word' id='word_1_443' title='bbox 3102 2596 3327 2635; x_wconf 77' lang='lat' dir='ltr'><strong>missum</strong></span> <span class='ocrx_word' id='word_1_444' title='bbox 3357 2582 3437 2636; x_wconf 83' lang='lat' dir='ltr'><strong>sic</strong></span> <span class='ocrx_word' id='word_1_445' title='bbox 3484 2597 3544 2636; x_wconf 89' lang='lat' dir='ltr'><strong>se</strong></span> 
     </span>
    </p>
   </div>
   <div class='ocr_carea' id='block_1_66' title="bbox 1973 2667 3546 2742">
    <p class='ocr_par' dir='ltr' id='par_1_66' title="bbox 1973 2667 3546 2742">
     <span class='ocr_line' id='line_1_66' title="bbox 1973 2667 3546 2742; baseline 0.002 -21"><span class='ocrx_word' id='word_1_446' title='bbox 1973 2667 2208 2723; x_wconf 76' lang='lat' dir='ltr'><strong>habebat</strong></span> <span class='ocrx_word' id='word_1_447' title='bbox 2235 2679 2290 2723; x_wconf 90' lang='lat' dir='ltr'><strong>et</strong></span> <span class='ocrx_word' id='word_1_448' title='bbox 2317 2671 2397 2724; x_wconf 79' lang='lat' dir='ltr'><strong>sic</strong></span> <span class='ocrx_word' id='word_1_449' title='bbox 2422 2671 2574 2735; x_wconf 89' lang='lat' dir='ltr'><strong>istos,</strong></span> <span class='ocrx_word' id='word_1_450' title='bbox 2607 2671 2703 2741; x_wconf 89' lang='lat' dir='ltr'><strong>qui</strong></span> <span class='ocrx_word' id='word_1_451' title='bbox 2735 2672 2787 2725; x_wconf 90' lang='lat' dir='ltr'><strong>in</strong></span> <span class='ocrx_word' id='word_1_452' title='bbox 2819 2672 2976 2726; x_wconf 87' lang='lat' dir='ltr'><strong>malis</strong></span> <span class='ocrx_word' id='word_1_453' title='bbox 3016 2672 3181 2727; x_wconf 91' lang='lat' dir='ltr'><strong>rebus</strong></span> <span class='ocrx_word' id='word_1_454' title='bbox 3222 2685 3435 2742; x_wconf 83' lang='lat' dir='ltr'><strong>tempus</strong></span> <span class='ocrx_word' id='word_1_455' title='bbox 3461 2688 3546 2726; x_wconf 77' lang='grc' dir='ltr'>ιι·-</span> 
     </span>
    </p>
   </div>
   <div class='ocr_carea' id='block_1_67' title="bbox 1973 2762 3544 2832">
    <p class='ocr_par' dir='ltr' id='par_1_67' title="bbox 1973 2762 3544 2832">
     <span class='ocr_line' id='line_1_67' title="bbox 1973 2762 3544 2832; baseline 0.003 -19"><span class='ocrx_word' id='word_1_456' title='bbox 1973 2770 2134 2825; x_wconf 88' lang='lat' dir='ltr'><strong>runt,</strong></span> <span class='ocrx_word' id='word_1_457' title='bbox 2183 2762 2427 2829; x_wconf 74' lang='lat' dir='ltr'><strong>coarguit</strong></span> <span class='ocrx_word' id='word_1_458' title='bbox 2485 2763 2745 2832; x_wconf 87' lang='lat' dir='ltr'><strong>quidem,</strong></span> <span class='ocrx_word' id='word_1_459' title='bbox 2780 2772 3018 2817; x_wconf 81' lang='lat' dir='ltr'><strong>attamen</strong></span> <span class='ocrx_word' id='word_1_460' title='bbox 3072 2780 3182 2818; x_wconf 90' lang='lat' dir='ltr'><strong>non</strong></span> <span class='ocrx_word' id='word_1_461' title='bbox 3227 2764 3544 2819; x_wconf 75' lang='lat' dir='ltr'><strong>inﬁrmarit.</strong></span> 
     </span>
    </p>
   </div>
   <div class='ocr_carea' id='block_1_68' title="bbox 1972 2850 3538 2926">
    <p class='ocr_par' dir='ltr' id='par_1_68' title="bbox 1972 2850 3538 2926">
     <span class='ocr_line' id='line_1_68' title="bbox 1972 2850 3538 2926; baseline 0.004 -22"><span class='ocrx_word' id='word_1_462' title='bbox 1972 2850 2139 2905; x_wconf 78' lang='lat' dir='ltr'><strong>Miror</strong></span> <span class='ocrx_word' id='word_1_463' title='bbox 2180 2860 2361 2905; x_wconf 87' lang='lat' dir='ltr'><strong>autem</strong></span> <span class='ocrx_word' id='word_1_464' title='bbox 2392 2893 2407 2919; x_wconf 90' lang='lat'><strong>,</strong></span> <span class='ocrx_word' id='word_1_465' title='bbox 2457 2853 2734 2923; x_wconf 88' lang='lat' dir='ltr'><strong>quomodo</strong></span> <span class='ocrx_word' id='word_1_466' title='bbox 2765 2854 2881 2919; x_wconf 81' lang='lat' dir='ltr'><strong>isti,</strong></span> <span class='ocrx_word' id='word_1_467' title='bbox 2924 2854 3053 2909; x_wconf 87' lang='lat' dir='ltr'><strong>licet</strong></span> <span class='ocrx_word' id='word_1_468' title='bbox 3100 2856 3342 2926; x_wconf 83' lang='lat' dir='ltr'><strong>alioquin</strong></span> <span class='ocrx_word' id='word_1_469' title='bbox 3384 2859 3538 2911; x_wconf 73' lang='lat' dir='ltr'><strong>stulti</strong></span> 
     </span>
    </p>
   </div>
   <div class='ocr_carea' id='block_1_69' title="bbox 1970 2940 3537 3018">
    <p class='ocr_par' dir='ltr' id='par_1_69' title="bbox 1970 2940 3537 3018">
     <span class='ocr_line' id='line_1_69' title="bbox 1970 2940 3537 3018; baseline 0.005 -24"><span class='ocrx_word' id='word_1_470' title='bbox 1970 2941 2101 3004; x_wconf 88' lang='lat' dir='ltr'><strong>sint.</strong></span> <span class='ocrx_word' id='word_1_471' title='bbox 2130 2940 2233 2997; x_wconf 91' lang='lat' dir='ltr'><strong>hoc</strong></span> <span class='ocrx_word' id='word_1_472' title='bbox 2261 2951 2440 2998; x_wconf 89' lang='lat' dir='ltr'><strong>tamen</strong></span> <span class='ocrx_word' id='word_1_473' title='bbox 2473 2944 2775 3014; x_wconf 88' lang='lat' dir='ltr'><strong>prudenter</strong></span> <span class='ocrx_word' id='word_1_474' title='bbox 2828 2945 3054 3011; x_wconf 82' lang='lat' dir='ltr'><strong>faciant,</strong></span> <span class='ocrx_word' id='word_1_475' title='bbox 3089 2957 3169 3012; x_wconf 89' lang='lat' dir='ltr'><strong>ut,</strong></span> <span class='ocrx_word' id='word_1_476' title='bbox 3218 2950 3537 3018; x_wconf 85' lang='lat' dir='ltr'><strong>priusquam</strong></span> 
     </span>
    </p>
   </div>
   <div class='ocr_carea' id='block_1_70' title="bbox 1974 3033 3545 3107">
    <p class='ocr_par' dir='ltr' id='par_1_70' title="bbox 1974 3033 3545 3107">
     <span class='ocr_line' id='line_1_70' title="bbox 1974 3033 3545 3107; baseline 0.006 -19"><span class='ocrx_word' id='word_1_477' title='bbox 1974 3033 2079 3088; x_wconf 89' lang='lat' dir='ltr'><strong>tale</strong></span> <span class='ocrx_word' id='word_1_478' title='bbox 2127 3034 2257 3105; x_wconf 88' lang='lat' dir='ltr'><strong>quid</strong></span> <span class='ocrx_word' id='word_1_479' title='bbox 2294 3035 2347 3089; x_wconf 91' lang='lat' dir='ltr'><strong>in</strong></span> <span class='ocrx_word' id='word_1_480' title='bbox 2403 3037 2595 3107; x_wconf 81' lang='lat' dir='ltr'><strong>vulgus</strong></span> <span class='ocrx_word' id='word_1_481' title='bbox 2643 3038 2987 3105; x_wconf 76' lang='lat' dir='ltr'><strong>innotescat,</strong></span> <span class='ocrx_word' id='word_1_482' title='bbox 3024 3041 3545 3097; x_wconf 83' lang='lat' dir='ltr'><strong>comminationibus</strong></span> 
     </span>
    </p>
   </div>
   <div class='ocr_carea' id='block_1_71' title="bbox 1970 3126 3544 3201">
    <p class='ocr_par' dir='ltr' id='par_1_71' title="bbox 1970 3126 3544 3201">
     <span class='ocr_line' id='line_1_71' title="bbox 1970 3126 3544 3201; baseline 0.003 -20"><span class='ocrx_word' id='word_1_483' title='bbox 1970 3126 2307 3196; x_wconf 82' lang='lat' dir='ltr'><strong>quibuslibet</strong></span> <span class='ocrx_word' id='word_1_484' title='bbox 2352 3130 2563 3184; x_wconf 80' lang='lat' dir='ltr'><strong>severis</strong></span> <span class='ocrx_word' id='word_1_485' title='bbox 2595 3140 2759 3200; x_wconf 87' lang='lat' dir='ltr'><strong>atque</strong></span> <span class='ocrx_word' id='word_1_486' title='bbox 2808 3131 3117 3186; x_wconf 83' lang='lat' dir='ltr'><strong>terroribus</strong></span> <span class='ocrx_word' id='word_1_487' title='bbox 3159 3134 3459 3201; x_wconf 84' lang='lat' dir='ltr'><strong>reprimant</strong></span> <span class='ocrx_word' id='word_1_488' title='bbox 3488 3143 3544 3187; x_wconf 78' lang='lat' dir='ltr'><strong>et</strong></span> 
     </span>
    </p>
   </div>
   <div class='ocr_carea' id='block_1_72' title="bbox 1970 3221 3540 3295">
    <p class='ocr_par' dir='ltr' id='par_1_72' title="bbox 1970 3221 3540 3295">
     <span class='ocr_line' id='line_1_72' title="bbox 1970 3221 3540 3295; baseline 0.003 -20"><span class='ocrx_word' id='word_1_489' title='bbox 1970 3222 2140 3276; x_wconf 79' lang='lat' dir='ltr'><strong>veluti</strong></span> <span class='ocrx_word' id='word_1_490' title='bbox 2187 3221 2392 3276; x_wconf 85' lang='lat' dir='ltr'><strong>silentii</strong></span> <span class='ocrx_word' id='word_1_491' title='bbox 2450 3224 2705 3292; x_wconf 85' lang='lat' dir='ltr'><strong>sepulcro</strong></span> <span class='ocrx_word' id='word_1_492' title='bbox 2761 3223 2915 3279; x_wconf 85' lang='lat' dir='ltr'><strong>brevi</strong></span> <span class='ocrx_word' id='word_1_493' title='bbox 2970 3234 3216 3295; x_wconf 87' lang='lat' dir='ltr'><strong>tempore</strong></span> <span class='ocrx_word' id='word_1_494' title='bbox 3272 3227 3540 3289; x_wconf 72' lang='lat' dir='ltr'><strong>condant;</strong></span> 
     </span>
    </p>
   </div>
   <div class='ocr_carea' id='block_1_73' title="bbox 1973 3314 3544 3387">
    <p class='ocr_par' dir='ltr' id='par_1_73' title="bbox 1973 3314 3544 3387">
     <span class='ocr_line' id='line_1_73' title="bbox 1973 3314 3544 3387; baseline 0.001 -18"><span class='ocrx_word' id='word_1_495' title='bbox 1973 3314 2293 3379; x_wconf 87' lang='lat' dir='ltr'><strong>imitantur,</strong></span> <span class='ocrx_word' id='word_1_496' title='bbox 2333 3315 2549 3384; x_wconf 85' lang='lat' dir='ltr'><strong>opinor,</strong></span> <span class='ocrx_word' id='word_1_497' title='bbox 2610 3317 2812 3371; x_wconf 89' lang='lat' dir='ltr'><strong>malum</strong></span> <span class='ocrx_word' id='word_1_498' title='bbox 2860 3317 3013 3372; x_wconf 89' lang='lat' dir='ltr'><strong>illum</strong></span> <span class='ocrx_word' id='word_1_499' title='bbox 3066 3318 3544 3387; x_wconf 88' lang='lat' dir='ltr'><strong>dispensatorem,</strong></span> 
     </span>
    </p>
   </div>
   <div class='ocr_carea' id='block_1_74' title="bbox 1972 3405 3545 3479">
    <p class='ocr_par' dir='ltr' id='par_1_74' title="bbox 1972 3405 3545 3479">
     <span class='ocr_line' id='line_1_74' title="bbox 1972 3405 3545 3479; baseline 0.003 -20"><span class='ocrx_word' id='word_1_500' title='bbox 1972 3405 2133 3477; x_wconf 81' lang='lat' dir='ltr'><strong>cujus</strong></span> <span class='ocrx_word' id='word_1_501' title='bbox 2167 3406 2421 3461; x_wconf 85' lang='lat' dir='ltr'><strong>callidam</strong></span> <span class='ocrx_word' id='word_1_502' title='bbox 2458 3408 2818 3477; x_wconf 87' lang='lat' dir='ltr'><strong>pecuniarum</strong></span> <span class='ocrx_word' id='word_1_503' title='bbox 2865 3409 3332 3479; x_wconf 77' lang='lat' dir='ltr'><strong>dispensationem</strong></span> <span class='ocrx_word' id='word_1_504' title='bbox 3365 3412 3545 3465; x_wconf 83' lang='lat' dir='ltr'><strong>domi-</strong></span> 
     </span>
    </p>
   </div>
   <div class='ocr_carea' id='block_1_75' title="bbox 1972 3499 3545 3572">
    <p class='ocr_par' dir='ltr' id='par_1_75' title="bbox 1972 3499 3545 3572">
     <span class='ocr_line' id='line_1_75' title="bbox 1972 3499 3545 3572; baseline 0.004 -19"><span class='ocrx_word' id='word_1_505' title='bbox 1972 3514 2077 3554; x_wconf 88' lang='lat' dir='ltr'><strong>nus</strong></span> <span class='ocrx_word' id='word_1_506' title='bbox 2128 3499 2183 3554; x_wconf 88' lang='lat' dir='ltr'><strong>itt</strong></span> <span class='ocrx_word' id='word_1_507' title='bbox 2237 3500 2545 3572; x_wconf 79' lang='lat' dir='ltr'><strong>Evangeliis</strong></span> <span class='ocrx_word' id='word_1_508' title='bbox 2580 3501 2873 3568; x_wconf 84' lang='lat' dir='ltr'><strong>collaudat,</strong></span> <span class='ocrx_word' id='word_1_509' title='bbox 2920 3503 3286 3559; x_wconf 85' lang='lat' dir='ltr'><strong>collaudatum</strong></span> <span class='ocrx_word' id='word_1_510' title='bbox 3338 3513 3545 3561; x_wconf 74' lang='lat' dir='ltr'><strong>aeterno</strong></span> 
     </span>
    </p>
   </div>
   <div class='ocr_carea' id='block_1_76' title="bbox 1970 3589 2353 3660">
    <p class='ocr_par' dir='ltr' id='par_1_76' title="bbox 1970 3589 2353 3660">
     <span class='ocr_line' id='line_1_76' title="bbox 1970 3589 2353 3660; baseline 0.003 -16"><span class='ocrx_word' id='word_1_511' title='bbox 1970 3589 2082 3660; x_wconf 82' lang='lat' dir='ltr'><strong>igni</strong></span> <span class='ocrx_word' id='word_1_512' title='bbox 2115 3594 2353 3647; x_wconf 80' lang='lat' dir='ltr'><strong>mandat.</strong></span> 
     </span>
    </p>
   </div>
   <div class='ocr_carea' id='block_1_77' title="bbox 2042 3680 3542 3761">
    <p class='ocr_par' dir='ltr' id='par_1_77' title="bbox 2042 3680 3542 3761">
     <span class='ocr_line' id='line_1_77' title="bbox 2042 3680 3542 3761; baseline 0.006 -25"><span class='ocrx_word' id='word_1_513' title='bbox 2042 3680 2231 3743; x_wconf 78' lang='lat' dir='ltr'><strong>XXIV.</strong></span> <span class='ocrx_word' id='word_1_514' title='bbox 2284 3684 2444 3756; x_wconf 74' lang='lat'><strong>115</strong></span> <span class='ocrx_word' id='word_1_515' title='bbox 2482 3685 2691 3742; x_wconf 79' lang='lat' dir='ltr'><strong>Vellem</strong></span> <span class='ocrx_word' id='word_1_516' title='bbox 2742 3687 3000 3758; x_wconf 89' lang='lat' dir='ltr'><strong>equidem</strong></span> <span class='ocrx_word' id='word_1_517' title='bbox 3050 3687 3266 3744; x_wconf 88' lang='lat' dir='ltr'><strong>tertiam</strong></span> <span class='ocrx_word' id='word_1_518' title='bbox 3322 3703 3542 3761; x_wconf 84' lang='lat' dir='ltr'><strong>quoque</strong></span> 
     </span>
    </p>
   </div>
   <div class='ocr_carea' id='block_1_78' title="bbox 1970 3773 3545 3851">
    <p class='ocr_par' dir='ltr' id='par_1_78' title="bbox 1970 3773 3545 3851">
     <span class='ocr_line' id='line_1_78' title="bbox 1970 3773 3545 3851; baseline 0.004 -24"><span class='ocrx_word' id='word_1_519' title='bbox 1970 3773 2270 3845; x_wconf 74' lang='lat' dir='ltr'><strong>adiungere</strong></span> <span class='ocrx_word' id='word_1_520' title='bbox 2296 3776 2691 3839; x_wconf 86' lang='lat' dir='ltr'><strong>narrationem.</strong></span> <span class='ocrx_word' id='word_1_521' title='bbox 2724 3794 2847 3849; x_wconf 72' lang='lat' dir='ltr'><strong>quae</strong></span> <span class='ocrx_word' id='word_1_522' title='bbox 2871 3793 2977 3836; x_wconf 89' lang='lat' dir='ltr'><strong>non</strong></span> <span class='ocrx_word' id='word_1_523' title='bbox 3003 3780 3185 3835; x_wconf 88' lang='lat' dir='ltr'><strong>minus</strong></span> <span class='ocrx_word' id='word_1_524' title='bbox 3208 3795 3368 3849; x_wconf 86' lang='lat' dir='ltr'><strong>quam</strong></span> <span class='ocrx_word' id='word_1_525' title='bbox 3396 3783 3545 3851; x_wconf 86' lang='lat' dir='ltr'><strong>prio-</strong></span> 
     </span>
    </p>
   </div>
   <div class='ocr_carea' id='block_1_79' title="bbox 1972 3865 3543 3940">
    <p class='ocr_par' dir='ltr' id='par_1_79' title="bbox 1972 3865 3543 3940">
     <span class='ocr_line' id='line_1_79' title="bbox 1972 3865 3543 3940; baseline 0.004 -23"><span class='ocrx_word' id='word_1_526' title='bbox 1972 3880 2060 3919; x_wconf 89' lang='lat' dir='ltr'><strong>res</strong></span> <span class='ocrx_word' id='word_1_527' title='bbox 2092 3865 2255 3920; x_wconf 76' lang='lat' dir='ltr'><strong>h0sce</strong></span> <span class='ocrx_word' id='word_1_528' title='bbox 2280 3867 2532 3923; x_wconf 87' lang='lat' dir='ltr'><strong>homines</strong></span> <span class='ocrx_word' id='word_1_529' title='bbox 2558 3869 2854 3937; x_wconf 84' lang='lat' dir='ltr'><strong>impietatis</strong></span> <span class='ocrx_word' id='word_1_530' title='bbox 2881 3869 3257 3940; x_wconf 72' lang='lat' dir='ltr'><strong>redargueret.</strong></span> <span class='ocrx_word' id='word_1_531' title='bbox 3286 3870 3543 3924; x_wconf 80' lang='lat' dir='ltr'><strong>Attamen</strong></span> 
     </span>
    </p>
   </div>
   <div class='ocr_carea' id='block_1_80' title="bbox 1971 3957 3545 4025">
    <p class='ocr_par' dir='ltr' id='par_1_80' title="bbox 1971 3957 3545 4025">
     <span class='ocr_line' id='line_1_80' title="bbox 1971 3957 3545 4025; baseline 0.003 -16"><span class='ocrx_word' id='word_1_532' title='bbox 1971 3972 2096 4009; x_wconf 90' lang='lat' dir='ltr'><strong>cum</strong></span> <span class='ocrx_word' id='word_1_533' title='bbox 2146 3957 2293 4012; x_wconf 89' lang='lat' dir='ltr'><strong>hunc</strong></span> <span class='ocrx_word' id='word_1_534' title='bbox 2354 3964 2664 4013; x_wconf 86' lang='lat' dir='ltr'><strong>sermonem</strong></span> <span class='ocrx_word' id='word_1_535' title='bbox 2720 3960 2947 4014; x_wconf 74' lang='lat' dir='ltr'><strong>moleSte</strong></span> <span class='ocrx_word' id='word_1_536' title='bbox 2996 3970 3047 4014; x_wconf 88' lang='lat' dir='ltr'><strong>te</strong></span> <span class='ocrx_word' id='word_1_537' title='bbox 3098 3960 3241 4015; x_wconf 76' lang='lat' dir='ltr'><strong>ferte</strong></span> <span class='ocrx_word' id='word_1_538' title='bbox 3294 3960 3545 4025; x_wconf 74' lang='lat' dir='ltr'><strong>videam,</strong></span> 
     </span>
    </p>
   </div>
   <div class='ocr_carea' id='block_1_81' title="bbox 1973 4050 3545 4121">
    <p class='ocr_par' dir='ltr' id='par_1_81' title="bbox 1973 4050 3545 4121">
     <span class='ocr_line' id='line_1_81' title="bbox 1973 4050 3545 4121; baseline 0.002 -19"><span class='ocrx_word' id='word_1_539' title='bbox 1973 4050 2222 4103; x_wconf 87' lang='lat' dir='ltr'><strong>animum</strong></span> <span class='ocrx_word' id='word_1_540' title='bbox 2258 4052 2367 4120; x_wconf 89' lang='lat' dir='ltr'><strong>jam</strong></span> <span class='ocrx_word' id='word_1_541' title='bbox 2402 4052 2470 4106; x_wconf 85' lang='lat' dir='ltr'><strong>ab</strong></span> <span class='ocrx_word' id='word_1_542' title='bbox 2514 4051 2797 4109; x_wconf 73' lang='lat' dir='ltr'><strong>auditione</strong></span> <span class='ocrx_word' id='word_1_543' title='bbox 2835 4052 3268 4106; x_wconf 80' lang='lat' dir='ltr'><strong>convertendum</strong></span> <span class='ocrx_word' id='word_1_544' title='bbox 3317 4052 3545 4121; x_wconf 73' lang='lat' dir='ltr'><strong>cognm&#39;i</strong></span> 
     </span>
    </p>
   </div>
   <div class='ocr_carea' id='block_1_82' title="bbox 1972 4140 3546 4214">
    <p class='ocr_par' dir='ltr' id='par_1_82' title="bbox 1972 4140 3546 4214">
     <span class='ocr_line' id='line_1_82' title="bbox 1972 4140 3546 4214; baseline 0.003 -21"><span class='ocrx_word' id='word_1_545' title='bbox 1972 4140 2039 4193; x_wconf 87' lang='lat' dir='ltr'><strong>ad</strong></span> <span class='ocrx_word' id='word_1_546' title='bbox 2071 4141 2401 4207; x_wconf 87' lang='lat' dir='ltr'><strong>auditiones,</strong></span> <span class='ocrx_word' id='word_1_547' title='bbox 2426 4152 2482 4195; x_wconf 89' lang='lat' dir='ltr'><strong>ut</strong></span> <span class='ocrx_word' id='word_1_548' title='bbox 2510 4143 2745 4198; x_wconf 80' lang='lat' dir='ltr'><strong>fructum</strong></span> <span class='ocrx_word' id='word_1_549' title='bbox 2776 4144 3017 4213; x_wconf 81' lang='lat' dir='ltr'><strong>aliquem</strong></span> <span class='ocrx_word' id='word_1_550' title='bbox 3050 4153 3154 4197; x_wconf 63' lang='lat' dir='ltr'><strong>ture</strong></span> <span class='ocrx_word' id='word_1_551' title='bbox 3179 4143 3378 4212; x_wconf 81' lang='lat' dir='ltr'><strong>lingua:</strong></span> <span class='ocrx_word' id='word_1_552' title='bbox 3424 4160 3546 4214; x_wconf 86' lang='lat' dir='ltr'><strong>per-</strong></span> 
     </span>
    </p>
   </div>
   <div class='ocr_carea' id='block_1_83' title="bbox 1971 4234 3547 4304">
    <p class='ocr_par' dir='ltr' id='par_1_83' title="bbox 1971 4234 3547 4304">
     <span class='ocr_line' id='line_1_83' title="bbox 1971 4234 3547 4304; baseline 0.001 -16"><span class='ocrx_word' id='word_1_553' title='bbox 1971 4234 2168 4303; x_wconf 86' lang='lat' dir='ltr'><strong>cipiam</strong></span> <span class='ocrx_word' id='word_1_554' title='bbox 2196 4276 2211 4301; x_wconf 93' lang='lat'><strong>,</strong></span> <span class='ocrx_word' id='word_1_555' title='bbox 2249 4236 2564 4304; x_wconf 83' lang='lat' dir='ltr'><strong>priusquam</strong></span> <span class='ocrx_word' id='word_1_556' title='bbox 2596 4252 2662 4291; x_wconf 80' lang='lat' dir='ltr'><strong>ex</strong></span> <span class='ocrx_word' id='word_1_557' title='bbox 2701 4237 3149 4293; x_wconf 89' lang='lat' dir='ltr'><strong>custodientibus</strong></span> <span class='ocrx_word' id='word_1_558' title='bbox 3200 4253 3299 4291; x_wconf 88' lang='lat' dir='ltr'><strong>nos</strong></span> <span class='ocrx_word' id='word_1_559' title='bbox 3329 4239 3547 4292; x_wconf 76' lang='lat' dir='ltr'><strong>carniu-</strong></span> 
     </span>
    </p>
   </div>
   <div class='ocr_carea' id='block_1_84' title="bbox 1970 4327 3540 4400">
    <p class='ocr_par' dir='ltr' id='par_1_84' title="bbox 1970 4327 3540 4400">
     <span class='ocr_line' id='line_1_84' title="bbox 1970 4327 3540 4400; baseline -0.001 -17"><span class='ocrx_word' id='word_1_560' title='bbox 1970 4327 2129 4383; x_wconf 88' lang='lat' dir='ltr'><strong>cibus</strong></span> <span class='ocrx_word' id='word_1_561' title='bbox 2170 4328 2393 4397; x_wconf 89' lang='lat' dir='ltr'><strong>quidam</strong></span> <span class='ocrx_word' id='word_1_562' title='bbox 2425 4331 2663 4399; x_wconf 74' lang='lat' dir='ltr'><strong>aggressi</strong></span> <span class='ocrx_word' id='word_1_563' title='bbox 2712 4330 3064 4400; x_wconf 87' lang='lat' dir='ltr'><strong>tranquillam</strong></span> <span class='ocrx_word' id='word_1_564' title='bbox 3110 4329 3540 4385; x_wconf 77' lang='lat' dir='ltr'><strong>familiaritatem</strong></span> 
     </span>
    </p>
   </div>
   <div class='ocr_carea' id='block_1_85' title="bbox 1976 4419 3543 4491">
    <p class='ocr_par' dir='ltr' id='par_1_85' title="bbox 1976 4419 3543 4491">
     <span class='ocr_line' id='line_1_85' title="bbox 1976 4419 3543 4491; baseline 0 -17"><span class='ocrx_word' id='word_1_565' title='bbox 1976 4419 2201 4491; x_wconf 80' lang='lat' dir='ltr'><strong>turbent</strong></span> <span class='ocrx_word' id='word_1_566' title='bbox 2242 4429 2406 4488; x_wconf 87' lang='lat' dir='ltr'><strong>atque</strong></span> <span class='ocrx_word' id='word_1_567' title='bbox 2452 4420 2719 4477; x_wconf 85' lang='lat' dir='ltr'><strong>dtriutant</strong></span> <span class='ocrx_word' id='word_1_568' title='bbox 2763 4429 2821 4477; x_wconf 84' lang='lat' dir='ltr'><strong>et</strong></span> <span class='ocrx_word' id='word_1_569' title='bbox 2862 4422 3094 4477; x_wconf 82' lang='lat' dir='ltr'><strong>alterum</strong></span> <span class='ocrx_word' id='word_1_570' title='bbox 3138 4424 3207 4477; x_wconf 88' lang='lat' dir='ltr'><strong>ab</strong></span> <span class='ocrx_word' id='word_1_571' title='bbox 3250 4423 3422 4476; x_wconf 87' lang='lat' dir='ltr'><strong>altero</strong></span> <span class='ocrx_word' id='word_1_572' title='bbox 3455 4438 3543 4475; x_wconf 80' lang='lat' dir='ltr'><strong>se—</strong></span> 
     </span>
    </p>
   </div>
   <div class='ocr_carea' id='block_1_86' title="bbox 1968 4514 2218 4584">
    <p class='ocr_par' dir='ltr' id='par_1_86' title="bbox 1968 4514 2218 4584">
     <span class='ocr_line' id='line_1_86' title="bbox 1968 4514 2218 4584; baseline 0.008 -17"><span class='ocrx_word' id='word_1_573' title='bbox 1968 4514 2218 4584; x_wconf 73' lang='lat' dir='ltr'><strong>iungant.</strong></span> 
     </span>
    </p>
   </div>
   <div class='ocr_carea' id='block_1_87' title="bbox 362 4605 1867 4690">
    <p class='ocr_par' dir='ltr' id='par_1_87' title="bbox 362 4607 1865 4685">
     <span class='ocr_line' id='line_1_87' title="bbox 362 4607 1865 4685; baseline 0.004 -21"><span class='ocrx_word' id='word_1_574' title='bbox 362 4610 495 4664; x_wconf 74' lang='grc' dir='ltr'><strong>κεν.</strong></span> <span class='ocrx_word' id='word_1_575' title='bbox 532 4607 681 4664; x_wconf 81' lang='grc' dir='ltr'>Πάνυ</span> <span class='ocrx_word' id='word_1_576' title='bbox 720 4610 901 4671; x_wconf 87' lang='grc' dir='ltr'>καλῶς</span> <span class='ocrx_word' id='word_1_577' title='bbox 925 4626 984 4664; x_wconf 86' lang='grc' dir='ltr'><strong>τε</strong></span> <span class='ocrx_word' id='word_1_578' title='bbox 1010 4611 1151 4681; x_wconf 74' lang='grc' dir='ltr'>ἐμῆς</span> <span class='ocrx_word' id='word_1_579' title='bbox 1190 4612 1476 4682; x_wconf 75' lang='grc' dir='ltr'>ἒστοχάσω</span> <span class='ocrx_word' id='word_1_580' title='bbox 1500 4614 1727 4685; x_wconf 85' lang='grc' dir='ltr'>γνώμης</span> <span class='ocrx_word' id='word_1_581' title='bbox 1769 4616 1865 4670; x_wconf 75' lang='grc' dir='ltr'>καὶ</span> 
     </span>
    </p>
   </div>
   <div class='ocr_carea' id='block_1_88' title="bbox 1971 4605 3543 4690">
    <p class='ocr_par' dir='ltr' id='par_1_88' title="bbox 2040 4605 3543 4676">
     <span class='ocr_line' id='line_1_88' title="bbox 2040 4605 3543 4676; baseline -0.002 -15"><span class='ocrx_word' id='word_1_582' title='bbox 2040 4606 2205 4664; x_wconf 72' lang='lat' dir='ltr'><strong>XXV.</strong></span> <span class='ocrx_word' id='word_1_583' title='bbox 2256 4605 2472 4675; x_wconf 92' lang='lat' dir='ltr'><strong>Optime</strong></span> <span class='ocrx_word' id='word_1_584' title='bbox 2522 4619 2696 4661; x_wconf 87' lang='lat' dir='ltr'><strong>meam</strong></span> <span class='ocrx_word' id='word_1_585' title='bbox 2751 4606 3079 4661; x_wconf 85' lang='lat' dir='ltr'><strong>sententiam</strong></span> <span class='ocrx_word' id='word_1_586' title='bbox 3144 4615 3308 4676; x_wconf 86' lang='lat' dir='ltr'><strong>atque</strong></span> <span class='ocrx_word' id='word_1_587' title='bbox 3362 4608 3543 4662; x_wconf 77' lang='lat' dir='ltr'><strong>consi-</strong></span> 
     </span>
    </p>
   </div>
   <div class='ocr_carea' id='block_1_89' title="bbox 287 4701 1861 4774">
    <p class='ocr_par' dir='ltr' id='par_1_89' title="bbox 287 4701 1861 4774">
     <span class='ocr_line' id='line_1_89' title="bbox 287 4701 1861 4774; baseline 0.005 -20"><span class='ocrx_word' id='word_1_588' title='bbox 287 4701 535 4765; x_wconf 83' lang='grc' dir='ltr'>διανοίας</span> <span class='ocrx_word' id='word_1_589' title='bbox 575 4702 663 4755; x_wconf 84' lang='grc' dir='ltr'><strong>διὰ</strong></span> <span class='ocrx_word' id='word_1_590' title='bbox 697 4702 807 4757; x_wconf 85' lang='grc' dir='ltr'><strong>τῶν</strong></span> <span class='ocrx_word' id='word_1_591' title='bbox 848 4703 1047 4769; x_wconf 68' lang='grc' dir='ltr'>ἔξωθεν</span> <span class='ocrx_word' id='word_1_592' title='bbox 1074 4703 1243 4774; x_wconf 70' lang='grc' dir='ltr'>ἠθῶν,</span> <span class='ocrx_word' id='word_1_593' title='bbox 1295 4705 1429 4759; x_wconf 73' lang='grc' dir='ltr'>καλὲ</span> <span class='ocrx_word' id='word_1_594' title='bbox 1468 4707 1861 4774; x_wconf 78' lang='grc' dir='ltr'>’Δγαθάγγελε.</span> 
     </span>
    </p>
   </div>
   <div class='ocr_carea' id='block_1_90' title="bbox 287 4794 1863 4870">
    <p class='ocr_par' dir='ltr' id='par_1_90' title="bbox 287 4794 1863 4870">
     <span class='ocr_line' id='line_1_90' title="bbox 287 4794 1863 4870; baseline 0.004 -24"><span class='ocrx_word' id='word_1_595' title='bbox 287 4795 385 4847; x_wconf 85' lang='grc' dir='ltr'>Διδ</span> <span class='ocrx_word' id='word_1_596' title='bbox 418 4794 489 4846; x_wconf 89' lang='grc' dir='ltr'><strong>τά</strong></span> <span class='ocrx_word' id='word_1_597' title='bbox 516 4794 624 4847; x_wconf 88' lang='grc' dir='ltr'><strong>τῶν</strong></span> <span class='ocrx_word' id='word_1_598' title='bbox 660 4795 838 4846; x_wconf 77' lang='grc' dir='ltr'>ἄλλων</span> <span class='ocrx_word' id='word_1_599' title='bbox 867 4795 1132 4866; x_wconf 75' lang='grc' dir='ltr'>εὐφήμως</span> <span class='ocrx_word' id='word_1_600' title='bbox 1181 4796 1489 4867; x_wconf 75' lang='grc' dir='ltr'>θεατρίζων</span> <span class='ocrx_word' id='word_1_601' title='bbox 1520 4800 1863 4870; x_wconf 79' lang='grc' dir='ltr'>ἐγκλήματα,</span> 
     </span>
    </p>
   </div>
   <div class='ocr_carea' id='block_1_91' title="bbox 290 4884 1865 4960">
    <p class='ocr_par' dir='ltr' id='par_1_91' title="bbox 290 4884 1865 4960">
     <span class='ocr_line' id='line_1_91' title="bbox 290 4884 1865 4960; baseline 0.002 -22"><span class='ocrx_word' id='word_1_602' title='bbox 290 4888 358 4938; x_wconf 70' lang='grc' dir='ltr'>τὰ</span> <span class='ocrx_word' id='word_1_603' title='bbox 396 4884 521 4938; x_wconf 84' lang='grc' dir='ltr'>καθ’</span> <span class='ocrx_word' id='word_1_604' title='bbox 550 4886 746 4938; x_wconf 71' lang='grc' dir='ltr'>ἑαυτὸν</span> <span class='ocrx_word' id='word_1_605' title='bbox 767 4886 870 4955; x_wconf 82' lang='grc' dir='ltr'>ὅρα</span> <span class='ocrx_word' id='word_1_606' title='bbox 895 4888 989 4937; x_wconf 81' lang='grc' dir='ltr'>καὶ</span> <span class='ocrx_word' id='word_1_607' title='bbox 1016 4886 1185 4953; x_wconf 80' lang='grc' dir='ltr'>γνῶθι</span> <span class='ocrx_word' id='word_1_608' title='bbox 1221 4889 1440 4941; x_wconf 77' lang='grc' dir='ltr'>σαυτόν.</span> <span class='ocrx_word' id='word_1_609' title='bbox 1473 4889 1596 4951; x_wconf 85' lang='grc' dir='ltr'>Τοῖς</span> <span class='ocrx_word' id='word_1_610' title='bbox 1632 4889 1737 4960; x_wconf 87' lang='grc' dir='ltr'><strong>γὰρ</strong></span> <span class='ocrx_word' id='word_1_611' title='bbox 1768 4906 1865 4941; x_wconf 87' lang='grc' dir='ltr'>κα-</span> 
     </span>
    </p>
   </div>
   <div class='ocr_carea' id='block_1_92' title="bbox 287 4972 1865 5049">
    <p class='ocr_par' dir='ltr' id='par_1_92' title="bbox 287 4972 1865 5049">
     <span class='ocr_line' id='line_1_92' title="bbox 287 4972 1865 5049; baseline 0.002 -21"><span class='ocrx_word' id='word_1_612' title='bbox 287 4979 411 5039; x_wconf 82' lang='grc' dir='ltr'>κοῖς</span> <span class='ocrx_word' id='word_1_613' title='bbox 439 4976 600 5044; x_wconf 83' lang='grc' dir='ltr'>ἀρκεῖ</span> <span class='ocrx_word' id='word_1_614' title='bbox 633 4977 692 5028; x_wconf 85' lang='grc' dir='ltr'>τὸ</span> <span class='ocrx_word' id='word_1_615' title='bbox 737 4980 929 5038; x_wconf 83' lang='grc' dir='ltr'>κακοῖς</span> <span class='ocrx_word' id='word_1_616' title='bbox 969 4972 1135 5043; x_wconf 77' lang='grc' dir='ltr'>εἶναι,</span> <span class='ocrx_word' id='word_1_617' title='bbox 1164 4980 1258 5031; x_wconf 80' lang='grc' dir='ltr'>καὶ</span> <span class='ocrx_word' id='word_1_618' title='bbox 1306 4980 1404 5047; x_wconf 75' lang='grc' dir='ltr'>τὴν</span> <span class='ocrx_word' id='word_1_619' title='bbox 1456 4980 1615 5049; x_wconf 89' lang='grc' dir='ltr'>δίκην</span> <span class='ocrx_word' id='word_1_620' title='bbox 1647 4980 1865 5049; x_wconf 77' lang='grc' dir='ltr'>ἔχουσιν</span> 
     </span>
    </p>
   </div>
   <div class='ocr_carea' id='block_1_93' title="bbox 290 5069 1864 5143">
    <p class='ocr_par' dir='ltr' id='par_1_93' title="bbox 290 5069 1864 5143">
     <span class='ocr_line' id='line_1_93' title="bbox 290 5069 1864 5143; baseline 0.004 -22"><span class='ocrx_word' id='word_1_621' title='bbox 290 5071 522 5122; x_wconf 70' lang='grc' dir='ltr'>αὐτόθεν</span> <span class='ocrx_word' id='word_1_622' title='bbox 570 5070 923 5140; x_wconf 82' lang='grc' dir='ltr'>ἀποχρῶσαν.</span> <span class='ocrx_word' id='word_1_623' title='bbox 960 5072 1169 5133; x_wconf 76' lang='grc' dir='ltr'>’Λλλως</span> <span class='ocrx_word' id='word_1_624' title='bbox 1219 5089 1279 5125; x_wconf 87' lang='grc' dir='ltr'><strong>τε</strong></span> <span class='ocrx_word' id='word_1_625' title='bbox 1337 5074 1431 5127; x_wconf 82' lang='grc' dir='ltr'>καὶ</span> <span class='ocrx_word' id='word_1_626' title='bbox 1480 5074 1702 5143; x_wconf 73' lang='grc' dir='ltr'>κηλῖδας</span> <span class='ocrx_word' id='word_1_627' title='bbox 1745 5069 1864 5128; x_wconf 78' lang='grc' dir='ltr'>οἶδά</span> 
     </span>
    </p>
   </div>
   <div class='ocr_carea' id='block_1_94' title="bbox 285 5162 1859 5235">
    <p class='ocr_par' dir='ltr' id='par_1_94' title="bbox 285 5162 1859 5235">
     <span class='ocr_line' id='line_1_94' title="bbox 285 5162 1859 5235; baseline 0.001 -20"><span class='ocrx_word' id='word_1_628' title='bbox 285 5179 447 5224; x_wconf 83' lang='grc' dir='ltr'>τινας</span> <span class='ocrx_word' id='word_1_629' title='bbox 486 5162 1009 5231; x_wconf 71' lang='grc' dir='ltr'>ἐναποματτομένην</span> <span class='ocrx_word' id='word_1_630' title='bbox 1044 5163 1292 5217; x_wconf 70' lang='grc' dir='ltr'>ἐντεῦθεν</span> <span class='ocrx_word' id='word_1_631' title='bbox 1321 5166 1421 5235; x_wconf 78' lang='grc' dir='ltr'>τὴν</span> <span class='ocrx_word' id='word_1_632' title='bbox 1454 5166 1647 5235; x_wconf 75' lang='grc' dir='ltr'>ἀκοὴν,</span> <span class='ocrx_word' id='word_1_633' title='bbox 1682 5166 1777 5218; x_wconf 88' lang='grc' dir='ltr'><strong>καί</strong></span> <span class='ocrx_word' id='word_1_634' title='bbox 1809 5183 1859 5219; x_wconf 90' lang='grc' dir='ltr'><strong>τι</strong></span> 
     </span>
    </p>
   </div>
   <div class='ocr_carea' id='block_1_95' title="bbox 286 5251 1863 5325">
    <p class='ocr_par' dir='ltr' id='par_1_95' title="bbox 286 5251 1863 5325">
     <span class='ocr_line' id='line_1_95' title="bbox 286 5251 1863 5325; baseline 0.004 -22"><span class='ocrx_word' id='word_1_635' title='bbox 286 5253 454 5319; x_wconf 76' lang='grc' dir='ltr'>νέφος</span> <span class='ocrx_word' id='word_1_636' title='bbox 482 5251 841 5324; x_wconf 78' lang='grc' dir='ltr'>ἀθροίζουσαν</span> <span class='ocrx_word' id='word_1_637' title='bbox 888 5256 954 5324; x_wconf 77' lang='grc' dir='ltr'><strong>τῇ</strong></span> <span class='ocrx_word' id='word_1_638' title='bbox 986 5253 1131 5324; x_wconf 81' lang='grc' dir='ltr'>ψυχῇ</span> <span class='ocrx_word' id='word_1_639' title='bbox 1181 5254 1479 5325; x_wconf 73' lang='grc' dir='ltr'>δυνάμενόν</span> <span class='ocrx_word' id='word_1_640' title='bbox 1513 5273 1629 5319; x_wconf 86' lang='grc' dir='ltr'><strong>πως</strong></span> <span class='ocrx_word' id='word_1_641' title='bbox 1679 5257 1863 5310; x_wconf 76' lang='grc' dir='ltr'>ἐπιθο-</span> 
     </span>
    </p>
   </div>
   <div class='ocr_carea' id='block_1_96' title="bbox 283 5342 1860 5416">
    <p class='ocr_par' dir='ltr' id='par_1_96' title="bbox 283 5342 1860 5416">
     <span class='ocr_line' id='line_1_96' title="bbox 283 5342 1860 5416; baseline 0.001 -21"><span class='ocrx_word' id='word_1_642' title='bbox 283 5342 419 5395; x_wconf 81' lang='grc' dir='ltr'>λοῦν</span> <span class='ocrx_word' id='word_1_643' title='bbox 468 5345 565 5396; x_wconf 78' lang='grc' dir='ltr'>καὶ</span> <span class='ocrx_word' id='word_1_644' title='bbox 614 5342 910 5411; x_wconf 77' lang='grc' dir='ltr'>ἀμϐλύνειν</span> <span class='ocrx_word' id='word_1_645' title='bbox 956 5347 1056 5414; x_wconf 78' lang='grc' dir='ltr'>μὲν</span> <span class='ocrx_word' id='word_1_646' title='bbox 1105 5346 1164 5398; x_wconf 82' lang='grc' dir='ltr'>τὸ</span> <span class='ocrx_word' id='word_1_647' title='bbox 1202 5346 1443 5416; x_wconf 79' lang='grc' dir='ltr'>καθαρὸν</span> <span class='ocrx_word' id='word_1_648' title='bbox 1489 5348 1584 5399; x_wconf 83' lang='grc' dir='ltr'>καὶ</span> <span class='ocrx_word' id='word_1_649' title='bbox 1623 5347 1860 5399; x_wconf 80' lang='grc' dir='ltr'>ἀνυπνον</span> 
     </span>
    </p>
   </div>
   <div class='ocr_carea' id='block_1_97' title="bbox 289 5434 1860 5508">
    <p class='ocr_par' dir='ltr' id='par_1_97' title="bbox 289 5434 1860 5508">
     <span class='ocr_line' id='line_1_97' title="bbox 289 5434 1860 5508; baseline 0.003 -22"><span class='ocrx_word' id='word_1_650' title='bbox 289 5439 472 5488; x_wconf 75' lang='grc' dir='ltr'>ἐκεῖνο</span> <span class='ocrx_word' id='word_1_651' title='bbox 504 5434 598 5487; x_wconf 78' lang='grc' dir='ltr'><strong>τοῦ</strong></span> <span class='ocrx_word' id='word_1_652' title='bbox 646 5436 760 5496; x_wconf 83' lang='grc' dir='ltr'>νοῦ,</span> <span class='ocrx_word' id='word_1_653' title='bbox 794 5436 1101 5502; x_wconf 73' lang='grc' dir='ltr'>ἑξυπνίζειν</span> <span class='ocrx_word' id='word_1_654' title='bbox 1134 5437 1189 5489; x_wconf 79' lang='grc' dir='ltr'>δὲ</span> <span class='ocrx_word' id='word_1_655' title='bbox 1234 5438 1294 5491; x_wconf 68' lang='grc' dir='ltr'>τὸ</span> <span class='ocrx_word' id='word_1_656' title='bbox 1336 5439 1434 5507; x_wconf 77' lang='grc' dir='ltr'><strong>τῆς</strong></span> <span class='ocrx_word' id='word_1_657' title='bbox 1467 5437 1647 5507; x_wconf 76' lang='grc' dir='ltr'>ψυχῆς</span> <span class='ocrx_word' id='word_1_658' title='bbox 1682 5441 1860 5508; x_wconf 72' lang='grc' dir='ltr'>ἐμπα-</span> 
     </span>
    </p>
   </div>
   <div class='ocr_carea' id='block_1_98' title="bbox 286 5526 1855 5601">
    <p class='ocr_par' dir='ltr' id='par_1_98' title="bbox 286 5526 1855 5601">
     <span class='ocr_line' id='line_1_98' title="bbox 286 5526 1855 5601; baseline 0.004 -24"><span class='ocrx_word' id='word_1_659' title='bbox 286 5526 407 5588; x_wconf 77' lang='grc' dir='ltr'>θές.</span> <span class='ocrx_word' id='word_1_660' title='bbox 449 5527 601 5597; x_wconf 87' lang='grc' dir='ltr'>Ὀσῳ</span> <span class='ocrx_word' id='word_1_661' title='bbox 642 5529 750 5598; x_wconf 85' lang='grc' dir='ltr'><strong>γάρ</strong></span> <span class='ocrx_word' id='word_1_662' title='bbox 779 5530 1041 5599; x_wconf 83' lang='grc' dir='ltr'>δύσεργόν</span> <span class='ocrx_word' id='word_1_663' title='bbox 1067 5548 1126 5582; x_wconf 89' lang='grc' dir='ltr'><strong>τε</strong></span> <span class='ocrx_word' id='word_1_664' title='bbox 1153 5533 1246 5582; x_wconf 63' lang='lat' dir='ltr'><strong>Ital</strong></span> <span class='ocrx_word' id='word_1_665' title='bbox 1271 5530 1720 5601; x_wconf 70' lang='grc' dir='ltr'>δυσκατόρθωτον</span> <span class='ocrx_word' id='word_1_666' title='bbox 1755 5532 1855 5584; x_wconf 78' lang='grc' dir='ltr'>τιέ-</span> 
     </span>
    </p>
   </div>
   <div class='ocr_carea' id='block_1_99' title="bbox 283 5619 1853 5691">
    <p class='ocr_par' dir='ltr' id='par_1_99' title="bbox 283 5619 1853 5691">
     <span class='ocr_line' id='line_1_99' title="bbox 283 5619 1853 5691; baseline 0.004 -23"><span class='ocrx_word' id='word_1_667' title='bbox 283 5634 431 5684; x_wconf 79' lang='grc' dir='ltr'>φυκε</span> <span class='ocrx_word' id='word_1_668' title='bbox 461 5619 723 5686; x_wconf 77' lang='grc' dir='ltr'>τάγαθὸν,</span> <span class='ocrx_word' id='word_1_669' title='bbox 751 5624 958 5673; x_wconf 75' lang='grc' dir='ltr'>ἀῦπνον</span> <span class='ocrx_word' id='word_1_670' title='bbox 993 5622 1082 5673; x_wconf 79' lang='grc' dir='ltr'>τὸν</span> <span class='ocrx_word' id='word_1_671' title='bbox 1126 5620 1371 5674; x_wconf 75' lang='grc' dir='ltr'>διάὸολον</span> <span class='ocrx_word' id='word_1_672' title='bbox 1404 5621 1527 5691; x_wconf 76' lang='grc' dir='ltr'>ἔχον</span> <span class='ocrx_word' id='word_1_673' title='bbox 1569 5621 1853 5691; x_wconf 83' lang='grc' dir='ltr'>πολέμιον,</span> 
     </span>
    </p>
   </div>
   <div class='ocr_carea' id='block_1_100' title="bbox 278 5710 1856 5783">
    <p class='ocr_par' dir='ltr' id='par_1_100' title="bbox 278 5710 1856 5783">
     <span class='ocr_line' id='line_1_100' title="bbox 278 5710 1856 5783; baseline 0.003 -22"><span class='ocrx_word' id='word_1_674' title='bbox 278 5710 505 5778; x_wconf 70' lang='grc' dir='ltr'>νύκτωρ</span> <span class='ocrx_word' id='word_1_675' title='bbox 543 5713 638 5765; x_wconf 65' lang='grc' dir='ltr'>καὶ</span> <span class='ocrx_word' id='word_1_676' title='bbox 673 5713 792 5781; x_wconf 75' lang='grc' dir='ltr'>μεθ’</span> <span class='ocrx_word' id='word_1_677' title='bbox 827 5716 1042 5783; x_wconf 70' lang='grc' dir='ltr'>ἡμέραν</span> <span class='ocrx_word' id='word_1_678' title='bbox 1104 5715 1205 5779; x_wconf 78' lang='grc' dir='ltr'>τὴν</span> <span class='ocrx_word' id='word_1_679' title='bbox 1257 5714 1364 5765; x_wconf 84' lang='grc' dir='ltr'><strong>τῶν</strong></span> <span class='ocrx_word' id='word_1_680' title='bbox 1420 5713 1700 5783; x_wconf 81' lang='grc' dir='ltr'>λογισμῶν</span> <span class='ocrx_word' id='word_1_681' title='bbox 1732 5715 1856 5765; x_wconf 77' lang='grc' dir='ltr'>ἐπι·-</span> 
     </span>
    </p>
   </div>
   <div class='ocr_carea' id='block_1_101' title="bbox 282 5799 1854 5876">
    <p class='ocr_par' dir='ltr' id='par_1_101' title="bbox 282 5799 1854 5876">
     <span class='ocr_line' id='line_1_101' title="bbox 282 5799 1854 5876; baseline 0.004 -26"><span class='ocrx_word' id='word_1_682' title='bbox 282 5799 619 5869; x_wconf 76' lang='grc' dir='ltr'>δοσκόμενον</span> <span class='ocrx_word' id='word_1_683' title='bbox 648 5804 832 5874; x_wconf 82' lang='grc' dir='ltr'>χώραν</span> <span class='ocrx_word' id='word_1_684' title='bbox 882 5810 977 5858; x_wconf 83' lang='grc' dir='ltr'>καὶ</span> <span class='ocrx_word' id='word_1_685' title='bbox 1013 5806 1434 5876; x_wconf 73' lang='grc' dir='ltr'>μεθαρμόζοντα</span> <span class='ocrx_word' id='word_1_686' title='bbox 1466 5805 1601 5873; x_wconf 81' lang='grc' dir='ltr'>πρὸς</span> <span class='ocrx_word' id='word_1_687' title='bbox 1640 5806 1699 5856; x_wconf 73' lang='grc' dir='ltr'>τὸ</span> <span class='ocrx_word' id='word_1_688' title='bbox 1738 5809 1854 5876; x_wconf 83' lang='grc' dir='ltr'>χεῖ-</span> 
     </span>
    </p>
   </div>
   <div class='ocr_carea' id='block_1_102' title="bbox 277 5893 1851 5969">
    <p class='ocr_par' dir='ltr' id='par_1_102' title="bbox 277 5893 1851 5969">
     <span class='ocr_line' id='line_1_102' title="bbox 277 5893 1851 5969; baseline 0.002 -26"><span class='ocrx_word' id='word_1_689' title='bbox 277 5908 379 5963; x_wconf 85' lang='grc' dir='ltr'><strong>ρον</strong></span> <span class='ocrx_word' id='word_1_690' title='bbox 410 5893 499 5945; x_wconf 81' lang='grc' dir='ltr'><strong>ἀεὶ</strong></span> <span class='ocrx_word' id='word_1_691' title='bbox 528 5893 628 5965; x_wconf 83' lang='grc' dir='ltr'>τὴν</span> <span class='ocrx_word' id='word_1_692' title='bbox 654 5896 760 5948; x_wconf 80' lang='grc' dir='ltr'><strong>τῶν</strong></span> <span class='ocrx_word' id='word_1_693' title='bbox 790 5898 1174 5967; x_wconf 75' lang='grc' dir='ltr'>χρηστοτέρων</span> <span class='ocrx_word' id='word_1_694' title='bbox 1208 5898 1376 5964; x_wconf 76' lang='grc' dir='ltr'>ἕξεων</span> <span class='ocrx_word' id='word_1_695' title='bbox 1406 5897 1575 5963; x_wconf 80' lang='grc' dir='ltr'>ἰδέαν,</span> <span class='ocrx_word' id='word_1_696' title='bbox 1612 5899 1851 5969; x_wconf 77' lang='grc' dir='ltr'>τοσούτῳ</span> 
     </span>
    </p>
   </div>
   <div class='ocr_carea' id='block_1_103' title="bbox 1968 4698 3543 4769">
    <p class='ocr_par' dir='ltr' id='par_1_103' title="bbox 1968 4698 3543 4769">
     <span class='ocr_line' id='line_1_103' title="bbox 1968 4698 3543 4769; baseline -0.001 -15"><span class='ocrx_word' id='word_1_697' title='bbox 1968 4700 2103 4755; x_wconf 92' lang='lat' dir='ltr'><strong>lium</strong></span> <span class='ocrx_word' id='word_1_698' title='bbox 2157 4714 2222 4754; x_wconf 85' lang='lat' dir='ltr'><strong>ex</strong></span> <span class='ocrx_word' id='word_1_699' title='bbox 2274 4698 2517 4753; x_wconf 76' lang='lat' dir='ltr'><strong>externis</strong></span> <span class='ocrx_word' id='word_1_700' title='bbox 2556 4699 2802 4753; x_wconf 88' lang='lat' dir='ltr'><strong>moribus</strong></span> <span class='ocrx_word' id='word_1_701' title='bbox 2846 4708 3132 4753; x_wconf 84' lang='lat' dir='ltr'><strong>assecutus</strong></span> <span class='ocrx_word' id='word_1_702' title='bbox 3177 4714 3274 4763; x_wconf 89' lang='lat' dir='ltr'><strong>es,</strong></span> <span class='ocrx_word' id='word_1_703' title='bbox 3337 4702 3543 4769; x_wconf 84' lang='lat' dir='ltr'><strong>Optime</strong></span> 
     </span>
    </p>
   </div>
   <div class='ocr_carea' id='block_1_104' title="bbox 1968 4790 3543 4863">
    <p class='ocr_par' dir='ltr' id='par_1_104' title="bbox 1968 4790 3543 4863">
     <span class='ocr_line' id='line_1_104' title="bbox 1968 4790 3543 4863; baseline -0.001 -16"><span class='ocrx_word' id='word_1_704' title='bbox 1968 4792 2359 4863; x_wconf 81' lang='lat' dir='ltr'><strong>Agathangt-le.</strong></span> <span class='ocrx_word' id='word_1_705' title='bbox 2401 4790 2582 4857; x_wconf 84' lang='lat' dir='ltr'><strong>Quare</strong></span> <span class='ocrx_word' id='word_1_706' title='bbox 2610 4791 2848 4845; x_wconf 89' lang='lat' dir='ltr'><strong>aliorum</strong></span> <span class='ocrx_word' id='word_1_707' title='bbox 2901 4792 3132 4845; x_wconf 86' lang='lat' dir='ltr'><strong>crimina</strong></span> <span class='ocrx_word' id='word_1_708' title='bbox 3176 4792 3332 4846; x_wconf 81' lang='lat' dir='ltr'><strong>bonis</strong></span> <span class='ocrx_word' id='word_1_709' title='bbox 3362 4794 3543 4846; x_wconf 81' lang='lat' dir='ltr'><strong>verbis</strong></span> 
     </span>
    </p>
   </div>
   <div class='ocr_carea' id='block_1_105' title="bbox 1969 4885 3541 4955">
    <p class='ocr_par' dir='ltr' id='par_1_105' title="bbox 1969 4885 3541 4955">
     <span class='ocr_line' id='line_1_105' title="bbox 1969 4885 3541 4955; baseline -0.002 -17"><span class='ocrx_word' id='word_1_710' title='bbox 1969 4885 2021 4938; x_wconf 91' lang='lat' dir='ltr'><strong>in</strong></span> <span class='ocrx_word' id='word_1_711' title='bbox 2053 4895 2309 4955; x_wconf 89' lang='lat' dir='ltr'><strong>promptu</strong></span> <span class='ocrx_word' id='word_1_712' title='bbox 2368 4898 2578 4952; x_wconf 90' lang='lat' dir='ltr'><strong>ponens</strong></span> <span class='ocrx_word' id='word_1_713' title='bbox 2623 4894 2673 4938; x_wconf 90' lang='lat' dir='ltr'><strong>te</strong></span> <span class='ocrx_word' id='word_1_714' title='bbox 2720 4886 2901 4953; x_wconf 77' lang='lat' dir='ltr'><strong>aSpice</strong></span> <span class='ocrx_word' id='word_1_715' title='bbox 2956 4893 3011 4937; x_wconf 92' lang='lat' dir='ltr'><strong>et</strong></span> <span class='ocrx_word' id='word_1_716' title='bbox 3068 4885 3410 4955; x_wconf 79' lang='lat' dir='ltr'><strong>temetipsum</strong></span> <span class='ocrx_word' id='word_1_717' title='bbox 3446 4902 3541 4939; x_wconf 81' lang='lat' dir='ltr'><strong>eo-</strong></span> 
     </span>
    </p>
   </div>
   <div class='ocr_carea' id='block_1_106' title="bbox 1966 4976 3540 5048">
    <p class='ocr_par' dir='ltr' id='par_1_106' title="bbox 1966 4976 3540 5048">
     <span class='ocr_line' id='line_1_106' title="bbox 1966 4976 3540 5048; baseline -0.001 -17"><span class='ocrx_word' id='word_1_718' title='bbox 1966 4992 2187 5048; x_wconf 89' lang='lat' dir='ltr'><strong>gnosce.</strong></span> <span class='ocrx_word' id='word_1_719' title='bbox 2220 4976 2487 5045; x_wconf 89' lang='lat' dir='ltr'><strong>lmprobis</strong></span> <span class='ocrx_word' id='word_1_720' title='bbox 2511 4977 2657 5031; x_wconf 91' lang='lat' dir='ltr'><strong>enim</strong></span> <span class='ocrx_word' id='word_1_721' title='bbox 2684 4976 3126 5047; x_wconf 86' lang='lat' dir='ltr'><strong>bomiuibusjam</strong></span> <span class='ocrx_word' id='word_1_722' title='bbox 3151 4978 3368 5035; x_wconf 75' lang='lat' dir='ltr'><strong>suﬁieit.</strong></span> <span class='ocrx_word' id='word_1_723' title='bbox 3396 4980 3540 5045; x_wconf 75' lang='lat' dir='ltr'><strong>qunti</strong></span> 
     </span>
    </p>
   </div>
   <div class='ocr_carea' id='block_1_107' title="bbox 1968 5068 3542 5139">
    <p class='ocr_par' dir='ltr' id='par_1_107' title="bbox 1968 5068 3542 5139">
     <span class='ocr_line' id='line_1_107' title="bbox 1968 5068 3542 5139; baseline -0.003 -15"><span class='ocrx_word' id='word_1_724' title='bbox 1968 5078 2099 5124; x_wconf 88' lang='lat' dir='ltr'><strong>sunt</strong></span> <span class='ocrx_word' id='word_1_725' title='bbox 2138 5068 2450 5139; x_wconf 87' lang='lat' dir='ltr'><strong>improbiet</strong></span> <span class='ocrx_word' id='word_1_726' title='bbox 2477 5069 2604 5123; x_wconf 83' lang='lat' dir='ltr'><strong>inde</strong></span> <span class='ocrx_word' id='word_1_727' title='bbox 2628 5069 2764 5123; x_wconf 89' lang='lat' dir='ltr'><strong>satis</strong></span> <span class='ocrx_word' id='word_1_728' title='bbox 2794 5083 2967 5137; x_wconf 61' lang='lat' dir='ltr'><strong>paena:</strong></span> <span class='ocrx_word' id='word_1_729' title='bbox 2998 5069 3199 5123; x_wconf 82' lang='lat' dir='ltr'><strong>ferunt.</strong></span> <span class='ocrx_word' id='word_1_730' title='bbox 3241 5069 3357 5123; x_wconf 90' lang='lat' dir='ltr'><strong>lluc</strong></span> <span class='ocrx_word' id='word_1_731' title='bbox 3386 5084 3542 5122; x_wconf 80' lang='lat' dir='ltr'><strong>accc-</strong></span> 
     </span>
    </p>
   </div>
   <div class='ocr_carea' id='block_1_108' title="bbox 1965 5158 3539 5231">
    <p class='ocr_par' dir='ltr' id='par_1_108' title="bbox 1965 5158 3539 5231">
     <span class='ocr_line' id='line_1_108' title="bbox 1965 5158 3539 5231; baseline -0.006 -14"><span class='ocrx_word' id='word_1_732' title='bbox 1965 5162 2067 5227; x_wconf 92' lang='lat' dir='ltr'><strong>dit,</strong></span> <span class='ocrx_word' id='word_1_733' title='bbox 2092 5170 2152 5216; x_wconf 92' lang='lat' dir='ltr'><strong>ut</strong></span> <span class='ocrx_word' id='word_1_734' title='bbox 2179 5161 2412 5216; x_wconf 87' lang='lat' dir='ltr'><strong>maculis</strong></span> <span class='ocrx_word' id='word_1_735' title='bbox 2436 5160 2768 5231; x_wconf 86' lang='lat' dir='ltr'><strong>quibusdam</strong></span> <span class='ocrx_word' id='word_1_736' title='bbox 2815 5158 2947 5215; x_wconf 89' lang='lat' dir='ltr'><strong>inde</strong></span> <span class='ocrx_word' id='word_1_737' title='bbox 2986 5175 3149 5215; x_wconf 87' lang='lat' dir='ltr'><strong>aures</strong></span> <span class='ocrx_word' id='word_1_738' title='bbox 3185 5170 3539 5229; x_wconf 78' lang='lat' dir='ltr'><strong>aspergantur</strong></span> 
     </span>
    </p>
   </div>
   <div class='ocr_carea' id='block_1_109' title="bbox 1963 5254 3533 5325">
    <p class='ocr_par' dir='ltr' id='par_1_109' title="bbox 1963 5254 3533 5325">
     <span class='ocr_line' id='line_1_109' title="bbox 1963 5254 3533 5325; baseline -0.003 -15"><span class='ocrx_word' id='word_1_739' title='bbox 1963 5265 2020 5311; x_wconf 85' lang='lat' dir='ltr'><strong>et</strong></span> <span class='ocrx_word' id='word_1_740' title='bbox 2053 5255 2254 5310; x_wconf 86' lang='lat' dir='ltr'><strong>nubem</strong></span> <span class='ocrx_word' id='word_1_741' title='bbox 2293 5257 2584 5325; x_wconf 72' lang='lat' dir='ltr'><strong>quamdam</strong></span> <span class='ocrx_word' id='word_1_742' title='bbox 2608 5254 2889 5325; x_wconf 80' lang='lat' dir='ltr'><strong>colligant,</strong></span> <span class='ocrx_word' id='word_1_743' title='bbox 2918 5268 3039 5319; x_wconf 67' lang='lat' dir='ltr'><strong>quze</strong></span> <span class='ocrx_word' id='word_1_744' title='bbox 3077 5255 3320 5307; x_wconf 87' lang='lat' dir='ltr'><strong>animum</strong></span> <span class='ocrx_word' id='word_1_745' title='bbox 3361 5254 3533 5306; x_wconf 86' lang='lat' dir='ltr'><strong>sordi-</strong></span> 
     </span>
    </p>
   </div>
   <div class='ocr_carea' id='block_1_110' title="bbox 1965 5344 3533 5417">
    <p class='ocr_par' dir='ltr' id='par_1_110' title="bbox 1965 5344 3533 5417">
     <span class='ocr_line' id='line_1_110' title="bbox 1965 5344 3533 5417; baseline -0.003 -16"><span class='ocrx_word' id='word_1_746' title='bbox 1965 5347 2069 5403; x_wconf 89' lang='lat' dir='ltr'><strong>bus</strong></span> <span class='ocrx_word' id='word_1_747' title='bbox 2129 5347 2376 5411; x_wconf 79' lang='lat' dir='ltr'><strong>ini‘tcere,</strong></span> <span class='ocrx_word' id='word_1_748' title='bbox 2434 5348 2725 5417; x_wconf 87' lang='lat' dir='ltr'><strong>puritatem</strong></span> <span class='ocrx_word' id='word_1_749' title='bbox 2780 5345 2925 5400; x_wconf 88' lang='lat' dir='ltr'><strong>illam</strong></span> <span class='ocrx_word' id='word_1_750' title='bbox 2978 5354 3142 5414; x_wconf 85' lang='lat' dir='ltr'><strong>atque</strong></span> <span class='ocrx_word' id='word_1_751' title='bbox 3198 5344 3533 5413; x_wconf 86' lang='lat' dir='ltr'><strong>vigilantiam</strong></span> 
     </span>
    </p>
   </div>
   <div class='ocr_carea' id='block_1_111' title="bbox 1962 5433 3535 5506">
    <p class='ocr_par' dir='ltr' id='par_1_111' title="bbox 1962 5433 3535 5506">
     <span class='ocr_line' id='line_1_111' title="bbox 1962 5433 3535 5506; baseline -0.004 -14"><span class='ocrx_word' id='word_1_752' title='bbox 1962 5438 2165 5493; x_wconf 88' lang='lat' dir='ltr'><strong>mentis</strong></span> <span class='ocrx_word' id='word_1_753' title='bbox 2213 5437 2510 5501; x_wconf 88' lang='lat' dir='ltr'><strong>hebetare,</strong></span> <span class='ocrx_word' id='word_1_754' title='bbox 2552 5434 2881 5506; x_wconf 87' lang='lat' dir='ltr'><strong>cupiditates</strong></span> <span class='ocrx_word' id='word_1_755' title='bbox 2936 5436 3174 5490; x_wconf 73' lang='lat' dir='ltr'><strong>excitare</strong></span> <span class='ocrx_word' id='word_1_756' title='bbox 3230 5433 3421 5503; x_wconf 85' lang='lat' dir='ltr'><strong>possit.</strong></span> <span class='ocrx_word' id='word_1_757' title='bbox 3467 5433 3535 5489; x_wconf 87' lang='lat' dir='ltr'><strong>Ut</strong></span> 
     </span>
    </p>
   </div>
   <div class='ocr_carea' id='block_1_112' title="bbox 1962 5527 3529 5599">
    <p class='ocr_par' dir='ltr' id='par_1_112' title="bbox 1962 5527 3529 5599">
     <span class='ocr_line' id='line_1_112' title="bbox 1962 5527 3529 5599; baseline -0.001 -16"><span class='ocrx_word' id='word_1_758' title='bbox 1962 5532 2108 5585; x_wconf 87' lang='lat' dir='ltr'><strong>enim</strong></span> <span class='ocrx_word' id='word_1_759' title='bbox 2143 5530 2345 5584; x_wconf 89' lang='lat' dir='ltr'><strong>bonum</strong></span> <span class='ocrx_word' id='word_1_760' title='bbox 2376 5544 2474 5584; x_wconf 87' lang='lat' dir='ltr'><strong>sua</strong></span> <span class='ocrx_word' id='word_1_761' title='bbox 2508 5540 2705 5584; x_wconf 85' lang='lat' dir='ltr'><strong>natura</strong></span> <span class='ocrx_word' id='word_1_762' title='bbox 2743 5543 3038 5599; x_wconf 90' lang='lat' dir='ltr'><strong>operosum</strong></span> <span class='ocrx_word' id='word_1_763' title='bbox 3070 5536 3155 5582; x_wconf 86' lang='lat' dir='ltr'><strong>est</strong></span> <span class='ocrx_word' id='word_1_764' title='bbox 3181 5541 3244 5581; x_wconf 89' lang='lat' dir='ltr'><strong>ac</strong></span> <span class='ocrx_word' id='word_1_765' title='bbox 3290 5527 3529 5588; x_wconf 83' lang='lat' dir='ltr'><strong>dillieile,</strong></span> 
     </span>
    </p>
   </div>
   <div class='ocr_carea' id='block_1_113' title="bbox 1961 5618 3533 5690">
    <p class='ocr_par' dir='ltr' id='par_1_113' title="bbox 1961 5618 3533 5690">
     <span class='ocr_line' id='line_1_113' title="bbox 1961 5618 3533 5690; baseline -0.001 -14"><span class='ocrx_word' id='word_1_766' title='bbox 1961 5637 2086 5676; x_wconf 89' lang='lat' dir='ltr'><strong>cum</strong></span> <span class='ocrx_word' id='word_1_767' title='bbox 2132 5621 2408 5675; x_wconf 85' lang='lat' dir='ltr'><strong>diabolum</strong></span> <span class='ocrx_word' id='word_1_768' title='bbox 2467 5621 2780 5690; x_wconf 80' lang='lat' dir='ltr'><strong>vigilantem</strong></span> <span class='ocrx_word' id='word_1_769' title='bbox 2827 5619 3114 5674; x_wconf 87' lang='lat' dir='ltr'><strong>inimicum</strong></span> <span class='ocrx_word' id='word_1_770' title='bbox 3159 5618 3392 5683; x_wconf 80' lang='lat' dir='ltr'><strong>habeat,</strong></span> <span class='ocrx_word' id='word_1_771' title='bbox 3437 5619 3533 5689; x_wconf 87' lang='lat' dir='ltr'><strong>qui</strong></span> 
     </span>
    </p>
   </div>
   <div class='ocr_carea' id='block_1_114' title="bbox 1961 5711 3534 5783">
    <p class='ocr_par' dir='ltr' id='par_1_114' title="bbox 1961 5711 3534 5783">
     <span class='ocr_line' id='line_1_114' title="bbox 1961 5711 3534 5783; baseline -0.001 -14"><span class='ocrx_word' id='word_1_772' title='bbox 1961 5715 2049 5769; x_wconf 90' lang='lat' dir='ltr'><strong>die</strong></span> <span class='ocrx_word' id='word_1_773' title='bbox 2071 5724 2346 5783; x_wconf 88' lang='lat' dir='ltr'><strong>noctuque</strong></span> <span class='ocrx_word' id='word_1_774' title='bbox 2369 5713 2610 5767; x_wconf 82' lang='lat' dir='ltr'><strong>animum</strong></span> <span class='ocrx_word' id='word_1_775' title='bbox 2658 5711 2905 5781; x_wconf 86' lang='lat' dir='ltr'><strong>depascit</strong></span> <span class='ocrx_word' id='word_1_776' title='bbox 2942 5721 2995 5765; x_wconf 87' lang='lat' dir='ltr'><strong>et</strong></span> <span class='ocrx_word' id='word_1_777' title='bbox 3024 5727 3244 5782; x_wconf 89' lang='lat' dir='ltr'><strong>semper</strong></span> <span class='ocrx_word' id='word_1_778' title='bbox 3279 5711 3534 5767; x_wconf 67' lang='lat' dir='ltr'><strong>meliores</strong></span> 
     </span>
    </p>
   </div>
   <div class='ocr_carea' id='block_1_115' title="bbox 1958 5804 3533 5876">
    <p class='ocr_par' dir='ltr' id='par_1_115' title="bbox 1958 5804 3533 5876">
     <span class='ocr_line' id='line_1_115' title="bbox 1958 5804 3533 5876; baseline 0 -16"><span class='ocrx_word' id='word_1_779' title='bbox 1958 5809 2186 5861; x_wconf 73' lang='lat' dir='ltr'><strong>allectus</strong></span> <span class='ocrx_word' id='word_1_780' title='bbox 2211 5806 2265 5859; x_wconf 91' lang='lat' dir='ltr'><strong>in</strong></span> <span class='ocrx_word' id='word_1_781' title='bbox 2290 5805 2446 5876; x_wconf 85' lang='lat' dir='ltr'><strong>pejus</strong></span> <span class='ocrx_word' id='word_1_782' title='bbox 2496 5805 2753 5869; x_wconf 90' lang='lat' dir='ltr'><strong>declinat,</strong></span> <span class='ocrx_word' id='word_1_783' title='bbox 2786 5805 2866 5859; x_wconf 90' lang='lat' dir='ltr'><strong>sic</strong></span> <span class='ocrx_word' id='word_1_784' title='bbox 2902 5804 3119 5860; x_wconf 78' lang='lat' dir='ltr'><strong>facilem</strong></span> <span class='ocrx_word' id='word_1_785' title='bbox 3151 5814 3208 5859; x_wconf 92' lang='lat' dir='ltr'><strong>et</strong></span> <span class='ocrx_word' id='word_1_786' title='bbox 3242 5805 3406 5859; x_wconf 78' lang='lat' dir='ltr'><strong>relati</strong></span> <span class='ocrx_word' id='word_1_787' title='bbox 3437 5822 3533 5874; x_wconf 82' lang='lat' dir='ltr'><strong>per</strong></span> 
     </span>
    </p>
   </div>
   <div class='ocr_carea' id='block_1_116' title="bbox 1958 5895 3529 5968">
    <p class='ocr_par' dir='ltr' id='par_1_116' title="bbox 1958 5895 3529 5968">
     <span class='ocr_line' id='line_1_116' title="bbox 1958 5895 3529 5968; baseline 0.002 -18"><span class='ocrx_word' id='word_1_788' title='bbox 1958 5912 2191 5967; x_wconf 88' lang='lat' dir='ltr'><strong>pronum</strong></span> <span class='ocrx_word' id='word_1_789' title='bbox 2224 5895 2659 5967; x_wconf 65' lang='lat' dir='ltr'><strong>praecipitantem</strong></span> <span class='ocrx_word' id='word_1_790' title='bbox 2695 5895 2902 5952; x_wconf 87' lang='lat' dir='ltr'><strong>aditum</strong></span> <span class='ocrx_word' id='word_1_791' title='bbox 2942 5897 3261 5967; x_wconf 86' lang='lat' dir='ltr'><strong>improbitas</strong></span> <span class='ocrx_word' id='word_1_792' title='bbox 3300 5897 3404 5951; x_wconf 86' lang='lat' dir='ltr'><strong>sibi</strong></span> <span class='ocrx_word' id='word_1_793' title='bbox 3431 5913 3529 5968; x_wconf 38' lang='lat' dir='ltr'><strong>pas</strong></span> 
     </span>
    </p>
   </div>
  </div>
