3984 6568
493 444 596 510 103

1667 441 2096 504 NICEPHORI
2133 442 2522 505 GllEGOR£

3617 436 3709 502 iOl

487 561 601 616 lum
662 556 886 612 omnino
934 554 1244 610 admitteret
1316 554 1597 621 solatium,
1654 557 1823 612 etlam
1874 555 2052 612 omnis

2160 556 2322 628 ρῶντι
2360 559 2449 612 διὰ
2501 573 2561 611 τε
2602 556 2662 610 τὸ
2694 557 2792 627 τῆς
2841 555 3173 626 καθείρξεως
3224 552 3484 618 επιεικῶς
3530 556 3713 623 ἰταμὸν

488 666 613 722 spes
644 648 916 704 libertatis
936 648 1021 700 vel
1056 648 1122 700 ad
1176 646 1431 716 exiguum
1493 646 1755 716 temporis
1816 647 2054 717 spatium

486 739 875 811 recuperanda
911 738 1244 802 evanuisset,
1312 737 1586 807 siquidem
1632 748 2053 809 persecutorum

487 835 642 890 furor
662 833 909 889 nondum
934 829 1309 893 deferbuerat,
1340 829 1435 885 sed
1468 827 1654 899 potius
1677 828 1861 899 plures
1884 839 2054 885 noctu

486 925 692 995 diuque
727 924 780 978 in
828 922 1046 977 vincula
1108 921 1262 991 121
1320 921 1692 989 rapiebantur.
1734 921 1953 987 accidit,
1994 930 2055 977 ut

486 1016 558 1070 ob
596 1031 681 1070 res
705 1014 1054 1086 gravissimas
1090 1022 1235 1067 metu
1265 1010 1531 1066 aﬂlcerer.
1595 1011 1652 1066 ld
1684 1012 1830 1067 enim
1870 1022 2053 1075 urente

486 1106 776 1177 agitabam,
799 1102 867 1160 ne
898 1120 1047 1160 mors
1087 1120 1249 1174 quam
1286 1103 1417 1157 mihi
1458 1102 1917 1158 machinabantur
1961 1120 2054 1160 su-

488 1200 602 1255 bito
636 1214 737 1254 nec
768 1199 989 1269 opinato
1036 1212 1124 1252 me
1154 1197 1549 1266 comprimeret
1600 1204 1860 1266 tanquam
1912 1197 2053 1250 latro

483 1308 548 1347 es
578 1289 1024 1360 insidiis.ltaque
1060 1289 1217 1342 tertia
1246 1288 1355 1358 jam
1407 1287 1592 1358 vigilia
1646 1302 1755 1356 quo
1805 1296 2053 1357 tempore

485 1383 726 1452 undique
750 1382 1009 1436 cellarum
1058 1379 1423 1434 tintinnabula
1477 1380 1723 1434 sonantia
1784 1389 1839 1434 et
1888 1396 2054 1450 super

480 1486 648 1544 caput
673 1488 797 1528 aera
819 1474 1080 1527 continuo
1127 1470 1429 1540 crepantia,
1471 1472 1771 1524 monachos
1803 1471 1868 1525 ad
1898 1471 2053 1542 hym-

482 1581 585 1621 nos
646 1563 986 1634 conjunctim
1048 1563 1421 1617 decantandos
1480 1573 1538 1617 et
1588 1574 1909 1618 consuetam
1960 1564 2051 1619 Dei

481 1656 913 1712 celebrationem
978 1664 1302 1718 convocant,
1367 1653 1801 1725 Agathangelum
1860 1672 2053 1711 rursus

484 1746 701 1801 silentio
736 1746 883 1800 fores
912 1746 1163 1799 emittere
1207 1755 1436 1799 conatus
1471 1760 1627 1810 sum;
1690 1746 2052 1814 quemadmo-

482 1838 612 1892 dum
636 1835 845 1891 Noham
876 1835 1068 1889 dicunt
1095 1849 1124 1888 e
1158 1835 1277 1887 navi
1314 1835 1561 1888 emisisse
1604 1835 1937 1899 columbam,
1971 1844 2049 1899 ut,

2157 651 2292 720 ὁμοῦ
2322 652 2412 704 καὶ
2443 652 2796 705 παντάπασιν
2820 650 3235 720 ἀπαράκλητον,
3266 649 3360 702 καὶ
3384 648 3501 715 ἃμα
3538 647 3598 698 τὸ
3625 644 3711 713 τῆς

2156 744 2473 811 ιλευθερίας
2524 743 2557 813 ἢ
2593 746 2797 814 μικρᾶς
2836 743 2968 811 γοῦν
3010 760 3151 805 τινος
3204 739 3445 803 ἁνισεως
3499 736 3714 792 δύσελπι

2158 836 2242 908 (τὸ
2274 838 2384 907 γὰρ
2420 834 2687 906 θηριῶδες
2719 834 2830 889 οὔτ’
2876 834 3038 907 ἔληγε
3079 833 3191 887 τῶν
3221 831 3471 886 διωκτῶν
3510 828 3712 897 οὐδαμῆ

2156 928 2253 981 καὶ
2288 928 2423 997 πρός
2454 945 2518 997 γε
2552 927 2722 981 πλείω
2754 928 2851 999 τὴν
2893 924 2987 982 τοῦ
3020 925 3209 993 αὔξειν
3240 923 3457 993 νύκτωρ
3490 924 3580 977 καὶ
3604 924 3716 992 μεθ’

2156 1018 2371 1090 ἡμέραν
2399 1018 2566 1090 ὁλκὴν
2606 1020 2905 1092 ἀνῃρεῖτο).
2940 1018 3054 1081 δέος
3091 1018 3216 1085 ἐμοὶ
3259 1016 3365 1069 τῶν
3395 1016 3535 1069 πάνυ
3570 1016 3713 1083 μεγὲ.

2160 1128 2301 1165 στων
2333 1112 2733 1183 περικεχύσθαι
2774 1112 3110 1177 ξυνέϐαινεν,
3146 1106 3510 1163 ἀναπολοῦντι
3560 1106 3634 1177 μὴ
3662 1108 3715 1158 ὃν

2156 1186 2310 1255 αὐτοὶ
2341 1200 2464 1255 καθ’
2498 1201 2657 1273 ἡμῶν
2691 1201 2778 1254 ἀεὶ
2811 1199 3163 1273 μηχανῶνται
3198 1197 3434 1253 θάνατον
3464 1197 3716 1265 επιγινη-

2156 1310 2267 1359 ται,
2297 1294 2430 1363 πρὶν
2474 1295 2624 1365 ἡμᾶς
2664 1294 2972 1359 αἰσθέσθαι,
3002 1290 3085 1364 ,[ι.
3124 1291 3226 1346 128
3270 1290 3327 1360 a]
3364 1289 3613 1357 καθάπερ
3658 1290 3716 1340 ἐκ

2156 1384 2313 1452 λόγου
2352 1385 2578 1455 λῃστής.
2611 1386 2751 1454 Ἤδη
2777 1384 3066 1454 τοιγαροῦν
3095 1382 3194 1449 τῆς
3228 1383 3345 1437 τότε
3378 1382 3568 1440 νυκτὸς
3595 1382 3717 1449 περὶ

2156 1474 2347 1543 τρίτην
2370 1476 2670 1545 γενομένης
2696 1475 2964 1545 φυλακὴν,
3000 1477 3056 1529 ὲν
3089 1468 3133 1540 ᾧ
3163 1474 3263 1542 τῆς
3292 1471 3439 1542 ὧρας
3492 1472 3717 1523 ἑκαστα-

2158 1568 2319 1638 χόθεν
2368 1567 2418 1619 οι
2452 1565 2562 1619 τῶν
2609 1567 3042 1637 φροντιστηρίων
3094 1565 3567 1633 ἀνθαμιλλώμενοι
3615 1562 3716 1613 κώ.

2155 1660 2354 1722 δωνες,
2400 1660 2492 1711 καὶ
2541 1660 2711 1729 συχνὰ
2752 1659 2844 1712 τὸν
2891 1658 3032 1729 ὑπὲρ
3077 1658 3317 1727 κεφαλῆς
3369 1652 3715 1727 θορυϐοῦντες

2155 1747 2313 1817 ἀέρα.
2352 1750 2477 1811 τοὺς
2532 1752 2624 1801 τδν
2654 1748 2862 1820 μονήρη
2903 1748 3016 1817 βίον
3067 1747 3450 1817 ἀνῃρημένους
3500 1746 3558 1808 ὲς
3599 1744 3717 1805 τοὺς

2156 1836 2367 1898 κοινούς
2390 1853 2450 1889 τε
2476 1821 2821 1907 ἀθροιξουσιν
2856 1834 3059 1906 ὕμνους
3082 1836 3180 1889 καὶ
3214 1836 3311 1898 τάς
3342 1851 3405 1902 γε
3435 1834 3571 1904 πρὸς
3596 1832 3717 1885 Θεὸν

485 1942 614 1981 num
645 1926 740 1981 Dei
790 1925 1050 1981 Ecclesia:
1107 1925 1288 1980 eluvie
1346 1926 1710 1981 intermittere
1772 1931 2049 1997 cmpisSet,

2157 1928 2297 1979 κατὰ
2342 1928 2403 1979 τὸ
2442 1926 2625 1995 σφίσιν
2677 1926 2867 1990 είωθὸς
2902 1926 2990 1979 ἀεὶ
3036 1924 3385 1993 δοξοὶογίας,
3421 1927 3516 1979 τὸν
3566 1927 3720 1993 Ἀγαο

479 2018 711 2073 videret.
748 2017 813 2071 Et
846 2018 963 2071 haec
984 2017 1092 2071 duo
1117 2016 1199 2069 vel
1221 2016 1454 2071 maxime
1479 2018 1788 2073 necessaria
1820 2020 1870 2073 ei
1902 2034 2053 2073 com-

482 2109 626 2163 misi.
682 2109 923 2163 Primum
958 2118 1017 2161 ut
1049 2107 1116 2161 ab
1159 2123 1268 2161 uno
1318 2123 1348 2162 e
1384 2108 1515 2163 viris
1565 2108 1769 2163 sanctis
1808 2110 2051 2180 mihique

483 2200 789 2270 conjunctis
849 2201 1168 2270 particulam
1244 2200 1416 2256 divini
1491 2204 1673 2257 carnis
1748 2204 2052 2260 Salvatoris

482 2291 687 2348 Christi
713 2300 767 2345 et
818 2290 914 2345 Dei
968 2291 1170 2355 nostri,
1219 2290 1490 2362 simulque
1539 2294 1695 2363 panis
1748 2294 2052 2350 consecrati

484 2385 639 2455 plura
665 2382 837 2438 frusta
877 2382 1012 2438 mihi
1048 2392 1355 2453 expeteret,
1390 2383 1520 2451 Qua:
1550 2386 1696 2441 enim
1759 2386 1905 2441 domi
1936 2389 2055 2441 'ha-

482 2477 701 2543 bebam,
730 2492 794 2532 ea
824 2476 1024 2547 saepius
1075 2478 1288 2531 edendo
1346 2488 1670 2547 consumpta
1724 2477 2052 2535 craut.i.lam

480 2586 614 2627 vero
660 2570 923 2639 quoniam
973 2571 1117 2624 sicut
1163 2585 1293 2639 apes
1352 2586 1559 2637 ceram,
1637 2571 2056 2629 insidiatoribus

484 2663 703 2717 tradere
738 2676 827 2715 me
858 2663 1144 2716 fortiorem
1197 2676 1423 2714 necesse
1478 2672 1615 2726 erat,
1679 2664 1924 2717 aniuntm
1984 2663 2051 2718 ad

484 2748 852 2815 constantiam
888 2751 1143 2822 colligere
1165 2751 1450 2806 studebam
1477 2769 1490 2817 ;
1521 2751 1686 2823 idque
1729 2763 1791 2807 ut
1818 2755 2057 2808 sanetiii-

482 2845 701 2901 catione
723 2853 1015 2913 sanctaque
1062 2844 1454 2898 communione
1505 2844 1625 2898 loco
1660 2846 1807 2901 arcis
1847 2862 2055 2916 propu-

484 2937 863 3007 gnaculorum,
898 2935 1081 3006 galeas,
1112 2932 1369 3004 pilorum,
1404 2934 1643 2990 thoracis
1677 2935 1890 2991 efﬁcere
1933 2952 2056 3007 pos-

482 3045 598 3085 sem
625 3028 934 3098 cupiebam.
998 3025 1122 3082 Haec
1151 3026 1318 3097 igitur
1392 3027 1629 3097 primum
1680 3029 2055 3101 Agathangclo

482 3121 755 3177 commisi.
789 3119 1016 3187 Deinde,
1036 3128 1094 3174 ut
1130 3120 1370 3189 singulos
1397 3136 1643 3191 quosque
1696 3122 1904 3178 amicos
1952 3125 2059 3192 pri-

480 3216 649 3269 vatim
681 3225 736 3271 et
762 3216 980 3269 silentio
1005 3214 1181 3269 adiret
1214 3222 1265 3265 et
1311 3213 1651 3281 hortaretur,
1715 3226 1939 3287 propter
1971 3232 2055 3271 mo

479 3292 737 3364 miserum
778 3310 934 3379 122
959 3308 1211 3379 precibus
1262 3306 1437 3363 Deum
1474 3290 1810 3363 invocarent.
1867 3308 2055 3378 Neque

477 3404 622 3459 enim
654 3402 841 3470 credo,
863 3403 1133 3468 dicebam,
1162 3421 1256 3459 eos
1282 3396 1392 3475 ja‘m
1420 3408 1601 3457 vivum
1628 3418 1713 3458 me
1738 3416 2056 3475 reperturus

475 3508 615 3549 esse.
655 3495 899 3563 Repente
930 3493 1165 3550 fortasse
1218 3511 1419 3565 corpus
1446 3509 1631 3550 meum
1664 3512 1693 3549 a
1733 3506 2055 3566 persecuto-

479 3588 636 3643 ribus
694 3586 1048 3643 dilaceratum
1111 3587 1340 3642 canibus
1389 3588 1692 3655 avibusque
1747 3585 1851 3640 sub
1903 3586 2056 3641 urbis

479 3679 701 3736 mmniis
732 3679 1004 3749 obiectum
1057 3676 1359 3734 oll'endent.
1396 3678 1533 3734 Nam
1564 3677 1678 3732 haec
1696 3676 1805 3748 jam
1834 3691 1901 3730 ex
1932 3677 2055 3730 lon-

479 3790 547 3845 go
568 3784 813 3843 tempore
840 3780 1221 3842 persecutores
1255 3771 1398 3842 apud
1450 3771 1691 3826 animum
1750 3767 2053 3823 constitue-

480 3876 629 3931 runt,
678 3867 785 3921 etsi
838 3881 948 3921 non
996 3864 1055 3919 in
1111 3864 1258 3919 hunc
1312 3864 1559 3926 modum,
1616 3871 1796 3917 tamen
1852 3867 1917 3915 ut
1977 3857 2053 3914 ita

482 3962 613 4012 liaut
643 3957 995 4012 vehementer
1032 3963 1312 4026 exoptant.
1377 3954 1443 4009 Et
1470 3954 1604 4007 mihi
1656 3952 1878 4023 quidem
1939 3948 2055 4004 haec

481 4062 740 4121 tanquam
767 4049 941 4120 prima
966 4048 1217 4104 laborum
1286 4047 1464 4117 palma
1521 4045 1802 4109 videntur,
1852 4043 2056 4112 quibus

475 4139 675 4207 dignus
708 4140 931 4203 habear,
965 4140 1059 4209 qui
1091 4138 1168 4193 rei
1194 4136 1522 4192 Christiana:
1549 4132 2054 4206 propugnatoribus

479 4232 845 4296 adnumerer;
873 4231 981 4285 illis
1006 4240 1189 4284 autem
1218 4228 1335 4284 haec
1360 4232 1523 4282 linem
1557 4221 1759 4281 facient
1791 4225 2055 4281 molesta-

479 4337 599 4375 rum
620 4319 1033 4376 contentionum
1057 4328 1112 4374 et
1141 4319 1413 4382 laborum,
1443 4332 1582 4389 quos
1605 4317 1872 4372 continuo
1899 4324 2053 4371 metu

478 4414 808 4483 scriptorum
840 4428 1085 4469 meorum
1122 4414 1299 4469 coacti
1326 4421 1457 4467 sunt
1490 4422 1549 4465 ut
1579 4409 1903 4478 suscipiant.

2154 2017 2419 2085 θὰγγελον
2442 2017 2605 2101 αὖθις
2633 2018 2875 2088 ἀψοφητὶ
2904 2019 2993 2071 διὰ
3032 2019 3132 2085 τῆς
3169 2016 3381 2087 θυρίδος
3408 2017 3581 2084 ἔγωγε
3608 2019 3719 2068 ἐνε-

2154 2107 2370 2176 χείρουν
2414 2104 2787 2177 προπέμπειν,
2841 2108 3097 2175 καθάπερ
3147 2106 3270 2159 Νῶε
3329 2107 3495 2159 πάλαι
3561 2110 3720 2172 φασὶν

2154 2205 2358 2258 ἐκεῖνον
2396 2206 2460 2258 εκ
2514 2200 2750 2258 κιϐωτοῦ
2808 2202 2907 2270 τὴν
2959 2200 3310 2272 περιστερὰν,
3341 2202 3534 2270 μλθειν
3586 2202 3633 2251 εἰ
3696 2200 3722 2250 ό

2152 2298 2252 2368 τῆς
2297 2297 2391 2350 τοῦ
2447 2296 2582 2350 Θεοῦ
2633 2294 2964 2363 Ἐκκλησίας
3020 2294 3208 2363 λωφᾷν
3252 2293 3529 2363 ἐπεχείρει
3564 2309 3725 2345 κατα-

2155 2389 2421 2458 κλυσμός.
2456 2390 2519 2442 Εί
2562 2387 2609 2442 δ’
2634 2386 2748 2452 οῦν,
2785 2386 2880 2439 δύο
2910 2388 3072 2440 ταυτὶ
3100 2384 3299 2455 τουτῳῖ
3336 2383 3719 2455 προτανατίθε-

2156 2479 2283 2531 σθαι
2317 2478 2428 2531 τῶν
2474 2478 2923 2547 ἀναγκαιοτάτων
2966 2476 3141 2529 ἐδόκει
3182 2493 3311 2547 μοι,
3360 2475 3581 2545 πρῶτον
3630 2476 3722 2544 μὲν

2158 2572 2458 2645 προσιόντα
2486 2572 2564 2642 τῷ
2608 2572 2740 2625 δεῖνι
2766 2571 2877 2625 τῶν
2914 2572 3075 2641 ίερῶν
3105 2570 3314 2641 ἀνδρῶν
3347 2571 3441 2623 καὶ
3482 2569 3725 2638 συνήθων

2157 2668 2280 2737 ἐμοὶ
2323 2666 2569 2735 κομίζειν
2620 2664 2829 2717 ἐκεῖθεν
2860 2663 3053 2734 μερίδα
3082 2664 3175 2734 τῆς
3208 2662 3357 2723 θείας
3393 2664 3594 2731 σαρκὸς
3631 2660 3723 2712 τοῦ

2158 2759 2413 2830 Σωτῆρος
2442 2758 2680 2829 Χριστοῦ
2704 2760 2797 2811 καὶ
2822 2755 2956 2809 Θεοῦ
2984 2758 3015 2825 ἡ
3024 2756 3144 2824 μῶν
3168 2756 3263 2808 καὶ
3288 2752 3403 2823 ἅμα
3429 2753 3723 2823 ἀντιδώρου

2155 2853 2396 2921 τεμάχια
2430 2851 2624 2904 πλείω.
2660 2852 2724 2903 Ἀ
2759 2851 2869 2921 γὰρ
2903 2848 3046 2917 ἔχειν
3081 2848 3206 2915 ἐμοὶ
3236 2846 3456 2917 περιῆν,
3496 2847 3563 2897 ὲκ
3604 2847 3727 2897 πολ·-

2156 2941 2251 2996 λοῦ
2285 2940 2693 3012 δεδαπανῆσθαι
2739 2940 3145 3011 συμπέπτωκε⁸
3197 2942 3289 2991 καὶ
3334 2937 3427 2990 νῦν
3461 2934 3584 2989 ἐπεί
3615 2953 3723 3004 μοι,

2158 3034 2411 3105 καθάπερ
2442 3033 2632 3104 κηρίον
2682 3033 2953 3103 μέλιτται,
2989 3033 3325 3103 πανταχόθεν
3377 3030 3489 3091 τοῖς
3524 3028 3723 3097 τούμοῦ

2160 3122 2391 3177 θανάτου
2434 3123 2790 3195 δημιουργοῖς
2830 3122 3224 3191 κραταιότερον
3272 3117 3616 3171 ἐπιτίθεσθαι
3650 3116 3727 3169 δέ·

2158 3215 2365 3283 δοκται,
2396 3215 2716 3281 ἀναγκαῖον,
2765 3213 2928 3283 εἴπερ
2964 3214 3116 3279 ποτε,
3156 3210 3250 3263 νῦν
3308 3211 3546 3279 μάλιστα
3589 3207 3726 3263 δέδο-

2161 3326 2288 3363 κται
2316 3308 2486 3379 κάμοὶ
2514 3307 2951 3379 προσεχέστερον
2979 3304 3401 3371 ἀνθοπλίζεσθαι
3439 3304 3726 3357 καὶταῦτα

2158 3401 2224 3473 δὴ
2258 3400 2396 3471 πρὸς
2437 3400 2711 3471 ἁγιασμδν
2752 3401 2848 3455 κα)⁸
2881 3398 3189 3471 μετάληψιν
3222 3399 3287 3452 ἐκ
3330 3396 3425 3451 τοῦ
3461 3396 3725 3466 σύνεγγυς

2158 3494 2325 3564 (xciv,
2358 3495 2474 3548 ἀντ’
2520 3494 2686 3565 ἄλλης
2737 3495 2914 3547 εἰπεῖν
2956 3492 3307 3562 ἀκροπόλεως
3353 3495 3449 3546 καὶ
3492 3492 3727 3563 κράνους

2158 3589 2255 3640 καὶ
2281 3588 2452 3655 τόξων
2485 3588 2581 3641 καὶ⁸
2617 3584 2885 3659 θώρακος.
2933 3584 3158 3656 Πρῶτον
3194 3585 3295 3654 μὲν
3338 3578 3432 3638 οῦν
3477 3584 3545 3655 δὴ
3574 3582 3727 3637 τοῦτο

2161 3680 2581 3750 προσανεθέμην
2608 3678 3019 3750 Ἀγαθαγγέλῳ,
3054 3678 3309 3749 δεύτερον
3340 3678 3398 3731 δὲ
3430 3677 3543 3730 τῶν
3563 3676 3729 3747 φίλων

2160 3771 2415 3834 ἑκάστοις
2450 3771 2556 3844 ἰδίᾳ
2582 3775 2677 3825 καὶ
2710 3772 2886 3843 ησυχῆ
2922 3770 3199 3841 προσιόντ’
3228 3770 3416 3835 ἀξιοῦν
3458 3770 3562 3840 τῆς
3593 3770 3729 3841 ἐμῆς

2162 3861 2563 3931 ῦπερεύχεσθαι
2589 3862 2941 3933 ταλαιπώρου
2970 3862 3143 3932 ψυχῆς
3172 3876 3186 3889 ·
3217 3862 3279 3917 οὐ
3306 3862 3434 3931 γὰρ,
3458 3857 3616 3930 οἶμαι
3645 3877 3729 3927 γε,

2162 3954 2401 4024 ἔφασκον
2429 3954 2509 4007 ἔτι
2544 3970 2611 4023 με
2668 3954 2845 4018 ζῶντα
2889 3954 3188 4008 θεάσασθαι
3236 3956 3411 4023 σφᾶς*
3442 3953 3731 4006 θεάσονται

2161 4044 2205 4097 δ’
2240 4044 2365 4107 ἴσως
2392 4043 2653 4113 ἐξαίφνης
2705 4044 3004 4115 συρόμενον
3035 4044 3125 4097 τὸν
3165 4044 3297 4115 ἐμὸν
3327 4046 3438 4109 τοῖς
3473 4044 3733 4108 διώκταις

2160 4135 2354 4203 νεκρὸν
2378 4135 2470 4186 καὶ
2506 4135 2702 4205 βρῶμα
2730 4136 2858 4187 κυσὶ
2907 4136 3002 4188 καὶ
3023 4134 3230 4202 ὀρνέοις
3258 4136 3356 4205 τῆς
3383 4136 3592 4199 πόλεως
3630 4135 3733 4200 ἔξω

2163 4226 2494 4296 ῥιπτόμενον
2514 4242 2531 4259 ·
2564 4227 2723 4281 τοῦτο
2754 4227 2864 4298 γὰρ
2908 4230 2973 4280 ὲκ
3005 4230 3144 4282 πάνυ
3192 4228 3389 4283 πολλοῦ
3425 4228 3733 4299 κεκύρωται

2158 4335 2219 4371 τε
2255 4320 2349 4370 καὶ
2386 4317 2618 4388 ὥρισται
2667 4318 2840 4388 σφίσι,
2872 4319 3128 4388 πρᾶγμα,
3160 4320 3209 4372 εί
3252 4320 3450 4391 καὶμὴ
3485 4321 3579 4375 τὸν
3622 4324 3734 4374 ἴσον

2159 4412 2382 4481 τρόπον,
2407 4411 2521 4465 ἀλλ’
2549 4411 2641 4463 οὖν
2666 4412 3050 4467 εὐκταιότατον
3076 4412 3224 4483 μάλα
3252 4429 3316 4481 γε
3344 4413 3627 4482 ἑκατέροις
3653 4414 3731 4479 ὃν,

477 4512 605 4579 ἐμοὶ
632 4511 729 4580 μὲν
758 4510 831 4573 ὼς
861 4509 1091 4563 ἐλπίδων
1140 4509 1283 4582 ἀρχὴ
1308 4506 1836 4578 στεφανηφορουσῶν
1860 4504 2037 4561 ταυτα
2074 4508 2187 4569 τοῖς
2212 4508 2351 4578 ὑπὲρ
2382 4507 2667 4567 εὗσεδείας
2708 4509 3104 4577 ἠγωνισμένοις
3158 4508 3327 4563 πάλαι
3367 4510 3597 4571 ἐκείνοις
3635 4511 3732 4578 ὑφ.

477 4607 773 4677 ισταμένῳ,
847 4606 1000 4676 σφίσι
1060 4605 1106 4660 δ’
1168 4605 1245 4669 ὡς
1307 4604 1480 4676 πέρας
1542 4602 1653 4657 τῶν
1694 4604 1782 4673 Lp‘
1817 4602 1968 4674 ἡμᾶς
2009 4602 2237 4658 ἐκείνων
2287 4605 2382 4659 καὶ
2438 4605 2654 4676 δρόμων
2720 4606 2812 4658 καὶ
2869 4605 3105 4677 μόχθων,
3147 4607 3248 4669 τὰς
3286 4605 3427 4676 ἐμὰς
3469 4604 3733 4677 διηνεκῶς

474 4703 674 4755 δεδιόσι
705 4703 947 4772 γραφαί.

551 4799 613 4852 ll.
657 4797 780 4853 Ηειεο
836 4815 960 4854 cum
1043 4796 1326 4863 dixissent,
1390 4795 1801 4868 Agathangelus
1868 4797 2052 4850 animo

2234 4799 2309 4854 B'.
2348 4798 2493 4869 Πρὸς
2525 4797 2695 4851 ταῦτα
2722 4799 3022 4869 περιαλγής
3052 4816 3109 4851 τε
3142 4800 3237 4852 καὶ
3268 4798 3535 4869 ἔνδακρυς
3575 4800 3737 4869 Ἀγα-

474 4891 618 4946 tristi
643 4901 698 4946 et
724 4892 900 4945 oculis
943 4891 1371 4961 lacrymantibus
1440 4892 1738 4959 aliquando
1794 4891 1962 4944 tacuit
1998 4902 2054 4945 et

474 4987 663 5038 oculos
698 4986 752 5037 in
800 4985 1023 5038 humum
1048 4983 1258 5037 deﬁxit.
1296 4984 1501 5037 Deinde
1534 4999 1592 5038 se
1648 4985 1819 5038 erexit
1870 4992 1924 5037 et
1988 4984 2053 5037 li-

475 5077 703 5132 bertatis
735 5094 866 5131 mea-
897 5092 1049 5148 spem
1091 5092 1287 5131 novam
1315 5078 1622 5146 amplexus,
1652 5094 1782 5131 num
1809 5077 2044 5132 absente

472 5173 780 5234 sacerdote,
832 5172 927 5243 qui
982 5187 1135 5226 sacra
1198 5173 1455 5243 mysteria
1525 5170 1755 5236 faceret,
1813 5170 2044 5225 cuilibet

472 5264 682 5319 licitum
714 5274 858 5318 esset
902 5264 1070 5332 ipsius
1133 5265 1388 5319 manibus
1446 5263 1791 5318 Dominicum
1851 5277 2054 5333 corpus

472 5364 528 5409 et
552 5354 871 5423 sanguinem
918 5354 1268 5423 participare,
1339 5369 1406 5408 cx
1458 5369 1542 5408 me
1606 5353 1885 5423 quaesivit.
1946 5353 2052 5407 Sed

472 5462 597 5501 cum
642 5445 694 5499 id
739 5444 985 5499 audisset
1019 5454 1210 5499 sancto
1230 5444 1429 5500 Basilio
1459 5446 1689 5515 aliisque
1711 5446 1899 5500 multis
1932 5461 2057 5499 san-

476 5543 582 5594 ctis
622 5540 756 5593 viris
822 5555 1140 5596 anticessum
1192 5542 1382 5606 fuisse,
1433 5541 1675 5612 itemque
1724 5544 1816 5612 qui
1876 5544 2045 5596 vitam

473 5630 779 5686 solitariam
806 5631 1049 5701 egissent
1087 5634 1165 5687 vel
1202 5635 1295 5702 qui
1333 5635 1781 5702 persecutionum
1836 5644 2046 5703 tempo-

473 5722 626 5778 ribus
656 5722 710 5777 in
741 5732 955 5779 montes
978 5733 1034 5781 et
1058 5726 1350 5795 speluncas
1364 5727 1841 5798 confugissent,.id
1863 5726 2047 5782 facere

470 5829 787 5883 consuesse,
842 5817 999 5873 facile
1057 5818 1162 5874 sibi
1211 5820 1510 5888 persuasit.
1579 5819 1788 5876 Deinde
1832 5836 1898 5875 ex
1960 5835 2048 5875 me

470 5908 740 5979 quaesivit,
779 5926 910 5967 num
942 5911 1150 5967 licitum
1183 5921 1331 5969 esset
1350 5913 1531 5985 palam
1562 5912 2047 5989 cum_inﬁdelibus

2163 4894 2427 4962 θάγγελος
2450 4890 2690 4961 γεγονὼς
2724 4889 2807 4958 ἐφ’
2833 4892 3017 4943 ἰκανὸν
3047 4890 3361 4959 σεσιώπηκέ
3396 4908 3453 4943 τε
3486 4893 3582 4943 καὶ
3613 4896 3736 4944 ὲκε-

2158 4989 2320 5055 κύφει
2345 5000 2361 5016 ο
2395 4981 2495 5037 εἶτ’
2536 4982 2845 5052 ἀνενεγκὼν
2879 4986 2972 5035 καὶ
3006 4984 3103 5055 τὴν
3135 4985 3406 5053 ἡμετέραν
3450 4985 3591 5049 τέως
3634 4988 3739 5039 ἀπο

2152 5078 2393 5149 αλλαγὴν
2458 5078 2851 5146 ὑπερθέμενος,
2922 5077 2970 5127 εί
3028 5078 3174 5147 ἐξείη
3230 5078 3304 5147 μὴ
3358 5077 3452 5131 τοῦ
3486 5078 3556 5131 τὰ
3616 5079 3736 5131 θεῖα

2154 5169 2573 5241 ίερουργοῦντος
2623 5170 2903 5238 μυστήρια
2934 5168 3205 5239 παρόντος
3236 5171 3423 5239 χερσὶν
3454 5170 3617 5233 ἰδίαις
3652 5174 3736 5223 ὀνο

2150 5264 2330 5319 τινοῦν
2366 5263 2806 5336 μεταλαμὸάνειν
2846 5264 3029 5332 ηρετο.
3076 5263 3352 5332 Ἀκηκοὼς
3380 5263 3425 5317 δ’
3464 5263 3536 5325 ὡς
3571 5265 3735 5316 Βασι-

2153 5356 2284 5425 λείῳ
2314 5356 2392 5425 τῷ
2427 5355 2558 5425 θείῳ
2582 5357 2676 5408 καὶ
2708 5356 2814 5408 τῶν
2844 5356 3020 5408 ἄλλων
3054 5356 3153 5409 οὐκ
3187 5355 3386 5424 ὀλίγοις
3412 5359 3568 5408 τουτὶ
3600 5374 3735 5424 συγ-

2156 5448 2475 5519 κεχώρηται
2496 5449 2605 5501 τῶν
2632 5450 2820 5516 ἁγίων,
2866 5450 2961 5503 ἅτε
2994 5450 3221 5513 καὶτοῖς
3252 5449 3309 5503 ἐν
3350 5466 3412 5519 γε
3456 5452 3579 5513 ταῖς
3606 5452 3738 5521 ἐρή-

2160 5559 2279 5611 μοις
2319 5540 2552 5611 ἄμικτον
2578 5541 2748 5594 πὰλαι
2777 5541 2890 5610 βίον
2917 5542 3149 5595 ἀσκοῦσι
3177 5546 3351 5597 ποιεῖν
3389 5542 3605 5603 εἰωθὸς,
3642 5543 3737 5595 καὶ

2157 5635 2275 5687 ὅσοι
2306 5634 2366 5683 ὲν
2395 5634 2508 5696 τοῖς
2538 5619 2648 5685 τῶν
2678 5634 2933 5703 διωγμῶν
2978 5639 3189 5706 καιροῖς
3234 5635 3457 5698 ἑαυτοὺς
3488 5635 3645 5704 ὄρεσι
3678 5650 3735 5685 τε

2159 5729 2253 5778 καὶ
2286 5724 2573 5796 σπηλαίοις
2604 5726 2755 5799 ἄλλοι
2789 5725 2971 5790 ἄλλοις
3025 5728 3415 5798 συνέκρυπτον,
3452 5728 3513 5799 μ’.
3549 5727 3657 5781 124
3680 5724 3729 5797 b]

2155 5820 2450 5874 πέπεισταί
2494 5837 2554 5873 τε
2608 5822 2784 5892 ῥᾷστα
2829 5822 2926 5875 καὶ
2951 5820 3206 5893 δεύτερον
3244 5822 3433 5891 ἠρώτα
3473 5821 3651 5880 τουτὶ,
3688 5824 3737 5870 εί

2156 5910 2307 5982 ἐξείη
2328 5910 2531 5982 δηλαδὴ
2563 5912 2672 5966 τῶν
2702 5913 3023 5983 ἑτεροδόξων
3045 5916 3221 5987 ⁹ἐνίοις
3249 5914 3608 5985 συνεύχεσθαι
3643 5913 3741 5964 καὶ
