4050 6572
332 450 437 516 105

1299 453 1745 515 ΒΥΖᾹΝΤῙΝΕ
1788 452 2174 514 ΙΙΙΞῚῸίὶΙίΕ
2212 454 2353 513 LIB.
2397 453 2635 518 XXVII.

3471 447 3582 523 106‘

330 565 452 634 βίας
481 563 817 636 statvo-Jan;
843 564 980 635 πρὸς
1009 562 1120 618 τών
1141 566 1398 619 τοιούτων
1430 564 1602 618 ἐνίοτε
1633 566 1726 618 καὶ
1761 566 1894 619 ἑνια-

2006 563 2336 632 quibusdam
2376 564 2665 623 instituere
2724 566 3070 637 precationes
3121 576 3178 623 et
3232 570 3281 623 vi
3343 584 3572 640 urgente

327 655 433 725 χοῦ
468 657 581 709 τῶν
633 656 796 710 θείων
843 657 1095 727 μετέχειν
1144 657 1477 727 μυστηρίων,
1528 657 1730 725 ὁμοίως
1779 657 1908 710 κάν·

327 746 512 802 ταῦθα
540 749 705 803 κάκεί
719 748 829 801 τῶν
852 747 1036 802 αὐτῶν
1073 747 1387 817 λεγομένων
1432 748 1631 818 εὐχῶν.
1681 747 1824 816 Ἐγὼ
1848 748 1904 802 δὲ

326 838 428 892 τὸν
457 840 604 892 θεῖον
629 819 796 903 εὐθῦς
841 839 1172 910 παρήγαγον
1197 839 1264 892 ἐκ
1311 838 1608 906 Δαμασκοῦ
1649 839 1907 908 Ἰωάννην

328 932 488 1003 αῦτῷ
505 932 606 1002 (1),
627 931 997 1002 φυλάττεσθαι
1039 933 1411 1003 παραινοῦντα
1442 935 1580 1003 μήτε
1606 932 1907 1000 λαμϐάνειν

324 1025 628 1096 αίρετικῶν
679 1025 989 1097 μετάληψιν
1018 1027 1156 1096 μήτε
1197 1025 1429 1080 διδόναι·
1462 1041 1484 1078 t
1515 1025 1609 1097 Μὴ
1648 1025 1768 1079 δότε
1797 1026 1907 1096 γὰρ

325 1116 405 1169 τὰ
447 1117 582 1184 ἅγια
614 1117 727 1180 τοῖς
762 1116 944 1180 κυσὶν,
986 1134 1006 1170 ι
1048 1116 1080 1169 ὁ
1127 1116 1333 1187 Κύριος
1369 1116 1560 1187 ἔφησε,
1595 1135 1615 1169 ι
1651 1115 1786 1187 μηδὲ
1822 1114 1907 1186 9i-

326 1224 503 1262 πτιτε
550 1208 680 1272 τοὺς
715 1209 1066 1286 μαργαρίτας
1100 1210 1255 1279 ὑμῶν
1289 1209 1600 1282 ἔμπροσθεν
1640 1210 1750 1266 τῶν
1792 1208 1908 1281 χοί-

328 1316 470 1369 ρων,
506 1317 528 1350 ι
562 1300 647 1354 ἵνα
683 1299 759 1371 μή
795 1302 1016 1372 μέτοχοι
1064 1302 1166 1373 τῆς
1211 1303 1536 1370 κακοδοξίας
1564 1304 1659 1357 καὶ
1686 1303 1787 1373 τῆς
1812 1302 1907 1357 αῦ-

323 1389 445 1443 τῶν
476 1389 768 1460 γενώμεθα
821 1392 1202 1464 κατακρίσεως
1225 1409 1242 1427 ο
1287 1394 1340 1447 εί
1382 1394 1491 1464 γὰρ
1545 1394 1738 1460 ἓνωσίς
1789 1394 1905 1449 ἑστι

328 1480 474 1549 πρὸς
501 1481 760 1551 Χριστὸν,
792 1466 897 1535 καί
919 1481 1059 1552 πρὸς
1093 1482 1355 1554 ἀλλήλους
1386 1483 1607 1548 πάντως
1626 1499 1638 1513 ·
1673 1485 1770 1538 καὶ
1799 1484 1906 1539 πᾶ-

325 1587 389 1624 σι
419 1575 533 1636 τοίς
553 1574 687 1644 ἡμῖν
741 1575 1343 1646 συμμιταλαμὸἀνουσι
1389 1576 1532 1631 κατὰ
1582 1577 1905 1649 προαίρεσιν

322 1663 625 1733 meme,
671 1668 768 1721 καὶ
810 1669 1011 1731 πάντες
1042 1668 1101 1723 ἓν
1147 1669 1311 1740 σῶμά
1354 1673 1544 1742 ἔσμεν,
1574 1671 1660 1727 δτι
1712 1673 1779 1727 ὲκ
1809 1672 1903 1728 τοῦ

322 1752 454 1817 ἑνὸς
479 1755 647 1826 ἄρτου
693 1758 1204 1831 μιταλαμῦἅνομεν,
1246 1761 1324 1825 ὡς
1350 1764 1381 1816 δ
1410 1763 1552 1826 θεῖος
1582 1760 1905 1828 ’Δπόστολος

321 1842 527 1914 ἔφησε.
577 1847 690 1916 Τῆς
730 1848 826 1901 οῦν
858 1850 1238 1920 προαιρέσεως
1284 1852 1536 1906 ἐνταυθοῖ
1584 1855 1905 1926 μαχομένης

2008 651 2285 720 interdum
2309 668 2434 708 cum
2463 655 2530 711 iis
2569 655 2828 726 mysteria
2849 671 3012 727 agere
3061 672 3279 727 unaque
3326 660 3574 716 celebra-
3646 682 3657 696 ε

2010 744 2211 801 tiones.
2267 745 2338 801 At
2370 761 2470 816 ego
2516 748 2703 803 statim
2761 749 2920 820 123
2965 749 3202 806 Joannis
3251 751 3574 812 Damasceni

2008 831 2329 904 memoriam
2381 836 2433 901 ei
2477 840 2751 903 revocavi.
2793 842 2889 911 qui
2924 851 3113 898 monet
3150 858 3165 895 :
3201 859 3271 901 ne
3312 860 3412 901 nos
3460 844 3576 909 ha:-

2006 926 2306 983 reticorum
2325 927 2605 987 doctrinas
2635 938 2914 989 sectemur
2938 948 3119 1003 neque
3158 934 3225 990 iis
3250 936 3327 990 ad
3356 945 3579 992 nostras

2005 1016 2224 1073 aditum
2257 1020 2673 1089 patefaciamus.
2703 1041 2723 1075 ι
2754 1022 2934 1080 Nolite
2975 1034 3225 1082 sanctum
3258 1027 3393 1084 dare
3423 1029 3572 1083 cani-

2008 1107 2133 1175 bus,
2158 1128 2179 1162 ι
2216 1110 2352 1173 dicit
2383 1112 2669 1181 Dominus,
2700 1132 2718 1166 ι
2763 1130 2945 1187 neque
2987 1116 3219 1173 mittatis
3252 1118 3577 1190 margaritas

2005 1212 2218 1259 vestras
2258 1214 2388 1261 ante
2423 1221 2625 1276 porcos
2650 1208 2691 1274 ⁸,
2718 1226 2739 1262 ι
2791 1218 2856 1265 ιιι
2896 1224 2966 1265 ne
3024 1209 3337 1269 imbuamttr
3387 1212 3575 1282 pravis

2006 1293 2237 1351 istorum
2261 1296 2615 1367 opinionibus
2648 1309 2815 1371 atque
2849 1316 2977 1358 cum
3013 1302 3081 1359 iis
3112 1303 3570 1361 condemnemur.

2005 1384 2109 1443 Ubi
2135 1387 2280 1442 enim
2307 1391 2624 1446 communio
2644 1399 2731 1448 est
2760 1392 2921 1449 nobis
2975 1408 3103 1449 cum
3162 1394 3293 1452 Jesu
3327 1395 3574 1463 Christo,

2006 1479 2173 1534 etiam
2203 1480 2345 1537 inter
2368 1496 2471 1537 nos
2500 1486 2818 1541 communio
2845 1496 3104 1555 constat;
3126 1496 3186 1545 et
3216 1504 3342 1545 cum
3393 1488 3574 1544 omni-

2006 1570 2109 1626 bus
2139 1572 2361 1642 quidem
2394 1574 2487 1644 qui
2517 1576 2810 1633 nobiscum
2831 1588 3079 1635 sanctam
3126 1595 3343 1637 coenam
3401 1584 3575 1652 parti-

2003 1660 2195 1732 cipant
2221 1663 2275 1716 in
2328 1661 2438 1718 ﬁde
2502 1666 2784 1737 conjuncti
2849 1683 3061 1736 sumus,
3119 1678 3178 1726 et
3232 1687 3334 1727 nos
3380 1688 3577 1728 omnes

2007 1768 2177 1808 unum
2204 1770 2404 1825 corpus
2441 1756 2742 1825 efﬁcimur,
2779 1764 2924 1830 quod
2953 1777 3065 1818 uno
3094 1763 3189 1818 illo
3220 1780 3358 1834 pane
3394 1767 3575 1820 vesci-

2004 1857 2151 1908 mur,
2175 1851 2235 1897 ut
2270 1848 2495 1902 sanctus
2523 1846 2823 1918 Apostolus
2853 1850 3010 1908 dicit.
3044 1870 3063 1904 ι
3102 1852 3246 1918 Quid
3285 1854 3472 1925 igitur,
3527 1856 3572 1911 si

322 1938 428 1990 καὶ
458 1937 703 2005 ἀλλήλων
738 1940 889 2010 ἡμᾶς
908 1941 1204 2014 διιστώσης
1241 1945 1343 2015 τῆς
1381 1943 1490 1998 τῶν
1518 1923 1807 2016 δογμάτων

2008 1934 2064 1988 in
2096 1935 2201 1990 liJc
2228 1937 2583 2005 dissidemus,
2650 1957 2864 2014 nosque
2918 1944 3236 2015 dogmatum
3280 1923 3578 2005 diversitas

321 2043 467 2081 νσκα
520 2031 892 2099 καινοτομίας,
930 2032 1047 2095 πῶς
1075 2034 1143 2087 ἂν
1175 2034 1304 2104 μίαν
1336 2035 1599 2106 σχοίημεν
1634 2036 1725 2091 τὸν
1763 2039 1902 2109 Χρι-

322 2118 458 2170 στὸν
489 2119 754 2189 κεφαλὴν,
788 2120 821 2191 ἢ
877 2121 993 2186 πῶς
1025 2123 1095 2177 ἂν
1145 2123 1400 2195 ἀλλήλοις
1458 2123 1898 2198 συνευξαίμεθας

324 2224 351 2258 ι
392 2206 491 2269 Τίς
519 2208 650 2278 γὰρ,
691 2228 709 2261 ι
754 2210 915 2278 φησι,
970 2229 992 2264 ι
1032 2212 1191 2283 μερὶς
1244 2212 1421 2291 πισῖῷ
1448 2214 1591 2285 μετά
1618 2216 1897 2285 ξάπίστους

316 2298 358 2369 ἢ
396 2300 484 2363 τίς
516 2301 775 2355 κοινωνία
813 2304 956 2371 φωτὶ
1005 2304 1145 2373 πρὸς
1193 2292 1420 2374 σκότος;
1478 2307 1511 2377 ἢ
1542 2308 1644 2370 τίς
1675 2308 1901 2377 συμφώ-

320 2406 487 2459 νησις
530 2393 752 2465 Χριστῷ
792 2395 933 2465 προς
976 2395 1209 2466 Βελίαρ;
1255 2416 1275 2450 ι
1323 2398 1570 2463 ’Δκούεις
1592 2400 1651 2455 δὲ
1681 2401 1777 2454 καὶ
1805 2399 1898 2454 τοῦ

315 2481 463 2536 Θεοῦ
495 2484 586 2539 διὰ
610 2485 709 2554 τῆς
739 2489 1089 2558 προφηπκῆς
1119 2489 1499 2560 φθεγγομένου
1532 2491 1798 2560 γλώττης,
1822 2492 1899 2557 ώς

322 2594 347 2627 ς
399 2576 528 2631 Ἐὰν
554 2578 871 2650 προφέρητέ
898 2596 989 2650 μοι
1017 2581 1321 2651 σεμίδαλιν,
1351 2582 1580 2653 μάταιον
1598 2599 1611 2616 ·
1643 2582 1897 2654 θυμίαμα

317 2665 610 2737 βδέλυγμα
655 2667 811 2722 ἔσται
847 2686 973 2740 μοι’
1028 2689 1051 2724 ι
1103 2670 1181 2741 τῷ
1208 2674 1317 2741 γὰρ
1346 2671 1659 2744 ἁμαρτωλῷ
1687 2669 1842 2728 εἶπεν
1867 2675 1896 2727 ὁ

313 2758 483 2824 θεὸς,
517 2777 537 2813 ι
572 2760 688 2813 Ἵνα
718 2762 773 2814 τί
820 2763 887 2816 σὺ
920 2763 1151 2834 ὲκδιηγῇ
1179 2764 1252 2819 τὰ
1283 2764 1633 2834 δικαιώματά
1664 2783 1766 2835 μου
1800 2766 1896 2820 καὶ

313 2851 731 2921 ἁναλαμὸἁνεις
754 2853 854 2924 τὴν
880 2854 1148 2926 διαθήκην
1178 2871 1280 2927 μου
1303 2856 1393 2910 διὰ
1416 2857 1687 2927 στόματός
1703 2876 1799 2912 σου
1819 2876 1836 2927 ;
1866 2878 1887 2912 ι

309 2942 399 2997 οὐ
438 2944 554 3013 γὰρ
586 2944 654 2998 τὰ
681 2939 1098 3019 γινόμενα’χρὴ
1129 2949 1354 3003 σκοπεῖν
1398 2948 1581 3019 μόνον,
1623 2949 1759 3004 ἀλλὰ
1800 2949 1893 3005 καὶ

307 3033 421 3105 τὴν
450 3035 634 3089 αἰτίαν
670 3037 782 3090 τῶν
822 3039 1126 3107 γινομένων
1169 3039 1471 3109 ἐπιζητεῖν,
1504 3041 1534 3095 ὁ
1580 3042 1893 3113 χρυσοῤῥή-

311 3143 442 3196 μων
470 3125 674 3196 ἔφησεν
706 3128 963 3200 Ἰωάννης
992 3130 1093 3202 (2).
1121 3133 1196 3186 Τὸ
1219 3133 1320 3201 μὲν
1340 3131 1451 3203 γὰρ
1491 3134 1633 3187 κατὰ
1664 3133 1891 3206 γνώμην

308 3217 611 3286 γινόμενον
644 3217 737 3272 τοῦ
764 3218 921 3283 Θεοῦ,
953 3222 1059 3275 κᾶν
1088 3221 1292 3291 φαῦλον
1313 3218 1454 3277 εἶναι
1481 3223 1634 3294 δοκῇ,
1664 3223 1888 3285 Δ’πάντων

311 3308 475 3363 ἐστὶν
514 3309 740 3381 ἄριστον
773 3325 790 3341 ο
818 3312 882 3365 τδ
918 3313 977 3367 δὲ
1008 3314 1165 3383 παρὰ
1205 3314 1435 3385 γνώμην
1472 3317 1568 3370 καὶ
1600 3314 1678 3388 μὴ
1699 3316 1891 3372 δοκοῦν

308 3400 532 3470 ἐκείνῳ,
562 3402 673 3456 κᾶν
723 3403 947 3472 ἄριστον
985 3400 1124 3461 εἶναι
1170 3407 1486 3478 νομίζηται,
1519 3407 1739 3463 πάντων
1771 3409 1890 3464 ἐστὶ

306 3493 655 3562 φαυλότατον
693 3497 790 3552 καὶ
836 3498 1322 3568 παρανομώτατον.
1372 3500 1490 3562 Κᾶν
1523 3501 1762 3574 φθνεύσῃ
1805 3520 1890 3569 τις

301 3587 457 3642 κατὰ
488 3588 715 3659 γνώμην
731 3588 825 3643 τοῦ
846 3589 1002 3656 Θεοῦ,
1022 3591 1433 3665 φιλανθρωπίας
1452 3593 1636 3666 πάσης
1665 3596 1889 3667 βελτίων

300 3679 337 3731 ὁ
358 3679 520 3747 φόνος
539 3694 554 3708 ·
577 3677 681 3732 κᾶν
695 3679 949 3749 φείσηταί
966 3697 1050 3745 τις
1071 3684 1223 3752 παρὰ
1248 3683 1310 3736 τὸ
1332 3684 1523 3738 δοκοῦν
1543 3684 1761 3757 ἐκείνῳ,
1788 3687 1888 3756 φό-

304 3786 404 3821 νου
434 3771 637 3833 παντὸς
667 3771 1003 3843 ἀνοσιωτέρα
1026 3772 1226 3841 γένοιτ’
1257 3776 1323 3828 ἂν
1350 3777 1382 3845 ὴ
1407 3776 1597 3844 φειδώ.
1616 3778 1691 3831 Οὐ
1708 3778 1816 3850 γὰρ
1852 3781 1886 3851 ή

302 3861 477 3930 φύσις
507 3862 615 3915 τῶν
646 3865 1017 3934 πραγμάτων,
1040 3864 1157 3921 ἀλλ’
1193 3865 1251 3922 ai
1272 3866 1365 3921 τοῦ
1392 3868 1528 3923 Θεοῦ
1548 3870 1718 3940 ψῆφοι
1746 3871 1887 3926 καλὰ

306 3954 410 4006 καὶ
429 3951 611 4023 φαῦλα
638 3954 790 4008 ταῦτ’
818 3952 967 4010 εἶναι
1016 3957 1291 4015 ποιοῦσιν.
1320 3959 1531 4031 Ὥσπερ
1552 3961 1599 4014 δ’
1628 3963 1882 4027 ἐκείνοις,

305 4044 520 4111 φησὶν,
566 4043 904 4112 ἐγκαλοῦμεν
954 4046 1037 4100 ὅτι
1094 4047 1529 4118 παρανομοῦσιν,
1586 4048 1732 4104 οὕτω
1789 4053 1883 4105 καὶ

300 4132 492 4201 πολλῷ
528 4133 730 4204 μᾶλλον
764 4136 894 4204 ὑμῖν
923 4136 1006 4191 ὅτι
1048 4139 1162 4201 τοῖς
1212 4140 1591 4209 παρανομοῦσι
1626 4143 1883 4214 συνέρχε-

298 4227 427 4280 σθε.
488 4227 601 4281 Καὶ
631 4226 757 4298 οὐχὶ⁵
797 4229 911 4291 τοῖς
968 4229 1331 4302 συντρέχουσι
1377 4232 1563 4302 μόνον,
1603 4234 1742 4288 ἀλλὰ
1787 4236 1880 4290 καὶ

296 4319 419 4380 τοῖς
440 4317 651 4390 κυρίοις
680 4320 783 4389 μὲν
817 4315 937 4374 οῦσι
983 4319 1247 4386 κωλῦσαι,
1297 4321 1373 4394 μὴ
1421 4324 1764 4396 βουλομένοις
1795 4328 1877 4382 δέ.

300 4409 374 4464 Εἰ
399 4410 506 4480 γὰρ
525 4411 608 4482 είς
633 4410 860 4481 θέατρον
880 4412 980 4467 οὐκ
996 4414 1369 4485 ἐπιτρέπομεν
1384 4415 1667 4484 ἀπελθεῖν,
1693 4419 1878 4491 πολλῷ

2005 2025 2287 2095 distrahit,
2312 2045 2423 2099 quo
2448 2041 2606 2102 pacto
2622 2035 2877 2091 eumdem
2912 2037 3194 2094 Christum
3210 2049 3375 2110 caput
3400 2041 3576 2099 habe-

2002 2133 2128 2175 mus
2143 2128 2240 2175 aut
2255 2123 2443 2178 eadem
2461 2139 2587 2179 cum
2619 2126 2687 2182 iis
2710 2129 2985 2185 sacriﬁcia
3000 2132 3251 2201 agimus?
3275 2134 3403 2200 Qua:
3421 2136 3571 2190 enim

2002 2218 2315 2270 communia
2351 2227 2480 2274 sunt
2518 2220 2665 2276 ﬁdeli
2690 2237 2813 2277 cum
2848 2225 3212 2293 iniideli,luci
3257 2243 3380 2284 cum
3419 2238 3572 2285 tene-

2000 2305 2137 2373 bris,
2161 2308 2382 2366 Christo
2404 2327 2535 2369 cum
2568 2314 2783 2371 Beliare
2815 2316 2873 2371 ’ί
2919 2318 3063 2374 Audi
3093 2335 3217 2389 qua:
3254 2321 3400 2377 Deus
3434 2322 3573 2378 dicit

1998 2413 2100 2468 per
2121 2414 2184 2455 os
2207 2402 2523 2472 prophetae:
2553 2425 2571 2458 ι
2597 2407 2821 2463 Frustra
2845 2408 2980 2464 mihi
3008 2411 3260 2468 oﬂ'eretis
3305 2415 3573 2488 similagi—

1997 2499 2157 2554 nem;
2189 2488 2528 2547 thuribuium
2564 2508 2592 2547 a
2618 2510 2708 2551 me
2737 2498 3120 2567 repudiabitur
3142 2501 3218 2555 ³.»
3266 2502 3359 2559 Sic
3382 2506 3573 2567 incre-

1994 2586 2088 2647 pat
2111 2578 2257 2644 Deus
2287 2583 2515 2654 impium
2551 2603 2566 2641 :
2599 2586 2740 2652 Quid
2758 2604 2934 2644 meam
2955 2592 3225 2662 justitiam
3247 2595 3572 2657 insectaris?

1994 2669 2128 2738 quid
2178 2672 2394 2729 divinos
2426 2676 2599 2732 libros
2634 2677 2691 2732 in
2739 2695 2836 2736 ore
2894 2692 2986 2738 tuo
3020 2684 3227 2741 habes?
3273 2686 3399 2743 Non
3422 2674 3568 2746 eniiu

1994 2761 2169 2817 solum
2204 2766 2364 2839 124
2391 2784 2512 2839 quae
2542 2771 2599 2827 in
2624 2772 2801 2829 oculis
2827 2785 2959 2831 sunt
2980 2778 3253 2849 respicere
3280 2796 3571 2852 nosopor-

1997 2859 2092 2919 tet,
2119 2856 2214 2919 sed
2234 2858 2399 2913 etiam
2433 2861 2677 2917 rationes
2710 2864 2990 2936 inquirere
3029 2885 3154 2939 quae
3191 2870 3279 2937 bis
3305 2872 3569 2942 subjectte

1992 2952 2121 2998 sunt
2148 2947 2283 3003 dicit
2302 2948 2542 3007 Joannes
2581 2952 3028 3025 Chrysosmmus.
3058 2960 3197 3017 Nam
3226 2978 3568 3036 quaecunque.

1990 3038 2293 3094 secundum
2322 3042 2420 3097 Dei
2447 3043 2586 3102 fiunt
2612 3048 3121 3115 voluntatem,licct
3175 3054 3340 3116 nobis
3392 3072 3564 3125 prava

1990 3128 2305 3210 videantur,
2359 3144 2537 3195 tamen
2586 3147 2714 3202 sunt
2746 3141 2974 3210 optima.
3019 3143 3151 3210 Quae
3197 3161 3328 3204 vero
3372 3160 3564 3203 contra

1989 3204 2087 3274 Dei
2118 3220 2257 3276 liunt
2283 3224 2617 3287 voluntatem
2636 3230 2850 3288 etiamsi
2876 3235 3081 3302 optima
3118 3236 3411 3300 habentur,
3444 3255 3563 3294 om—

1991 3311 2143 3366 nium
2178 3316 2412 3384 pessima
2433 3329 2571 3375 sunt
2594 3331 2650 3376 et
2690 3327 3034 3393 pravissiina.
3092 3328 3280 3400 itaque
3342 3332 3389 3387 si
3437 3335 3564 3403 quis

1991 3399 2104 3456 Deo
2121 3401 2347 3473 jubente
2372 3411 2681 3480 quempiam
2710 3414 2968 3482 trucidet,
2988 3417 3041 3473 id
3065 3399 3259 3475 melius
3280 3430 3368 3477 est
3399 3399 3561 3494 quam

1991 3490 2038 3547 si
2067 3507 2192 3548 eum
2223 3511 2406 3553 amore
2438 3512 2832 3575 prosequatur;
2856 3517 2918 3561 et
2944 3511 2995 3563 si
3038 3510 3163 3580 quis
3195 3522 3385 3582 path
3414 3490 3563 3571 chi-

1990 3584 2160 3654 piam,
2196 3587 2315 3661 Deo
2348 3600 2590 3658 vetante,
2631 3594 2687 3650 id
2728 3598 2882 3668 pejus
2920 3609 3006 3655 est
3052 3617 3217 3672 quam
3261 3604 3307 3659 si
3352 3606 3555 3664 caedem

1988 3686 2286 3748 pcrpetrct.
2314 3680 2502 3751 Neque
2525 3686 2671 3738 enim
2703 3689 2915 3757 species
2944 3690 3174 3750 bonane
3215 3695 3327 3751 sint
3375 3713 3463 3753 res
3487 3715 3556 3755 au

1986 3773 2313 3839 pravze,setl
2349 3790 2471 3844 qua:
2516 3776 2573 3832 in
2597 3776 2666 3834 iis
2700 3778 2794 3834 Dei
2833 3783 3090 3841 voluntas
3140 3801 3422 3858 appareat,
3467 3791 3557 3844 in-
3609 3772 3619 3780 ’

1988 3860 2157 3919 dicat.
2206 3863 2276 3921 Ut
2332 3882 2462 3922 vero
2524 3885 2626 3927 nos
2671 3873 2805 3935 istos
2855 3878 3001 3947 quod
3047 3881 3303 3937 mandata
3354 3883 3558 3939 ἰωίιυηι

1986 3956 2061 4011 ita
2116 3960 2292 4015 multo
2326 3965 2494 4034 magis
2544 3965 2899 4040 increpamus
2940 3988 3055 4040 vos,
3108 3975 3255 4045 quod
3306 3993 3429 4033 cum
3463 3978 3553 4032 in-

1984 4048 2243 4108 ﬁdelibus
2274 4057 2589 4113 societatem
2627 4061 2820 4119 facitis.
2858 4066 2975 4122 Non
3009 4074 3191 4124 tamen
3219 4086 3315 4125 eos
3338 4080 3551 4128 tantum

1985 4144 2079 4212 qui
2120 4146 2588 4215 conSpirationcm
2620 4153 2828 4211 faciunt
2850 4157 3224 4226 increpamus,
3252 4161 3361 4225 sed
3382 4165 3550 4218 etiam

1983 4251 2124 4305 quos
2154 4240 2459 4308 prohibere
2516 4259 2677 4313 posse
2718 4247 2941 4317 quidem
2987 4250 3223 4320 scimus,
3270 4269 3374 4315 nec
3420 4271 3552 4310 vero

1982 4327 2147 4385 velle.
2195 4327 2443 4387 Si'enim
2478 4333 2828 4405 frequentare
2872 4340 3148 4397 theatrum
3179 4352 3446 4411 velamus,
3496 4347 3551 4403 id

1982 4418 2156 4476 multo
2181 4422 2353 4494 magis
2395 4440 2497 4481 nos
2535 4437 2752 4498 oportet
2804 4440 3073 4500 vetemus,
3120 4435 3268 4505 quod
3300 4437 3366 4491 ad
3390 4454 3553 4513 syna-

288 4499 509 4573 μᾶλλον
546 4502 639 4556 ἐπὶ
686 4504 1012 4576 συναγωγῆς
1057 4505 1218 4560 τοῦτο
1269 4507 1376 4579 χρὴ
1413 4510 1623 4563 ποιεῖν·
1672 4511 1874 4580 μείζων

1995 4527 2174 4584 togam
2207 4517 2423 4572 attinet.
2460 4518 2590 4575 Nam
2614 4521 2732 4581 hac
2758 4522 3011 4595 impietas
3040 4499 3214 4600 niajer
3257 4499 3438 4602 quam.
3454 4506 3550 4587 illa

286 4593 417 4661 γὰρ
441 4595 757 4663 παρανομία
786 4595 1005 4666 ἐκείνης
1031 4595 1196 4667 αῦτη,
1227 4600 1311 4652 ὅτι
1353 4603 1469 4652 ἐκεῖ
1496 4600 1593 4670 μὲν
1626 4602 1873 4672 ἁμαρτία

1995 4616 2086 4661 :st.
2115 4608 2322 4678 Nempe
2360 4611 2473 4667 illic
2502 4628 2623 4682 quae
2665 4593 2902 4686 aguntur
2956 4593 3203 4692 improha
3248 4593 3401 4689 sunt,
3461 4625 3551 4680 hic

285 4686 360 4737 τὸ
408 4685 715 4754 γινόμενον,
751 4687 988 4741 ἐνταῦθα
1031 4688 1075 4740 δ’
1108 4688 1353 4744 ἀσέϐεια.
1388 4709 1409 4742 ι
1456 4692 1619 4763 Ὁρᾷς
1662 4694 1737 4756 ὡς
1783 4696 1878 4751 καὶ

1995 4710 2169 4756 tutem
2208 4719 2338 4760 vere
2367 4704 2555 4774 impia.
2594 4725 2615 4760 ι
2654 4709 2820 4766 Vides
2865 4711 3034 4782 igitur
3087 4718 3548 4785 quemadmodum

286 4775 365 4828 τὸ
404 4792 508 4844 χρη
526 4777 656 4830 στὸν
687 4779 856 4832 ἐνίοτε
896 4778 1056 4847 δόξαν
1098 4776 1238 4835 εἶναι
1273 4782 1442 4835 κακὸν
1469 4784 1572 4836 ὑπὸ
1598 4783 1692 4837 τοῦ
1733 4784 1878 4839 Θείου

1995 4806 2104 4860 lita:
2126 4793 2277 4865 justa
2307 4811 2698 4871 nonnunquam
2717 4801 3007 4859 videantur
3040 4800 3123 4861 vir
3156 4806 3245 4863 ille
3268 4813 3549 4867 sanctissi-

281 4866 454 4921 τοῦδε
486 4868 680 4936 ἀνδρὸς
713 4871 1036 4943 ἀπεδείχθη,
1074 4874 1170 4927 καὶ¹
1208 4874 1340 4944 ὅσην
1371 4874 1623 4930 ἐντεῦθεν
1660 4877 1870 4941 ἐκεῖνος

1995 4898 2102 4939 nus
2130 4900 2297 4955 prava
2327 4903 2447 4944 esse
2470 4888 2714 4957 dicat,et
2737 4906 3079 4967 quantopere
3106 4899 3200 4955 hic
3231 4916 3327 4957 eos
3360 4903 3544 4960 incre-
3598 4902 3602 4907 ⁴

282 4959 399 5029 τὴν
425 4960 748 5031 ἐπιτίμησιν
778 4966 842 5035 τῇ
868 4964 977 5017 τῶν
1008 4965 1337 5036 ἑτεροδόξων
1370 4967 1632 5038 κοινωνίᾳ
1658 4967 1873 5039 προσά-

1995 4984 2070 5029 iet
2121 4977 2216 5047 qui
2264 4994 2390 5035 cum
2444 4959 2773 5042 inﬁdelibus
2801 4959 3031 5045 faciunt.
3094 4991 3285 5063 itaque
3332 4995 3379 5050 si
3418 4998 3543 5065 quis

282 5069 459 5115 πτεις
493 5056 560 5107 ’Δ
591 5055 699 5125 γάρ
752 5073 837 5119 τις
864 5056 1130 5111 δεσπότου
1174 5060 1605 5129 προστάττοντος
1647 5061 1782 5132 δρᾷν
1807 5061 1873 5132 ῆι

1995 5068 2195 5125 Domiui
2239 5072 2572 5131 voluntatem
2611 5093 2720 5133 non
2745 5082 3010 5151 exegerit,
3043 5085 3182 5139 hanc
3222 5085 3294 5142 ob
3319 5102 3541 5143 causam

285 5157 460 5197 κιστα
488 5144 611 5215 δρᾷ,
635 5145 840 5202 τούτων
878 5150 1153 5220 τιμωρίαν
1198 5148 1259 5221 [ί.
1299 5148 1404 5204 125
1430 5148 1488 5222 a]
1526 5152 1767 5207 τίννυσιν
1793 5153 1874 5206 εί-

1995 5173 2175 5226 uenas
2203 5161 2357 5220 dabit
2378 5165 2506 5221 'sive
2542 5168 2681 5224 nihil
2704 5170 2853 5228 illinc
2881 5174 3009 5230 mali
3037 5176 3236 5232 exierit
3268 5178 3384 5235 sive
3409 5195 3541 5236 con-

285 5233 475 5293 κότως
497 5236 659 5300 αὐτὸς
689 5239 717 5291 ὁ
760 5239 836 5309 μὴ
882 5238 1047 5309 δρῶν,
1082 5241 1179 5294 καὶ
1206 5241 1256 5294 εί
1283 5240 1360 5311 μὴ
1388 5240 1558 5296 κακὸν
1606 5243 1870 5317 ἀπαντῴη

1999 5250 2201 5308 rarium
2229 5254 2514 5311 acciderit.
2558 5259 2695 5315 Nam
2758 5278 2866 5318 non
2908 5266 3088 5336 qualis
3108 5269 3295 5343 ,125
3353 5287 3536 5328 rerum

281 5322 356 5373 τὸ
390 5324 563 5393 πέρας
584 5342 601 5358 ο
640 5331 737 5379 καὶ
785 5328 1098 5385 τούναντίον
1141 5325 1297 5394 αὖθις
1322 5346 1335 5360 ⁸
1367 5331 1429 5385 οὐ
1476 5333 1585 5399 γὰρ
1622 5335 1736 5397 τοῖς
1765 5335 1876 5389 τῶν

1995 5354 2203 5399 :ventus
2227 5345 2297 5400 sit
2327 5345 2592 5403 Dominus
2613 5349 2845 5421 jndicat,
2880 5322 2974 5410 sed
3001 5322 3408 5416 numzo'luntas
3438 5378 3537 5417 sua

281 5415 592 5486 δρωμένων
634 5420 869 5491 πέρασιν
922 5424 1072 5487 είκὸς
1120 5424 1439 5477 ἀκολουθεῖν
1470 5426 1571 5496 τὴν
1623 5427 1719 5481 τοῦ
1759 5431 1878 5500 κρί..

298 5525 492 5575 νοντος
514 5513 812 5584 ἀπόφασιν,
840 5517 957 5572 ἀλλ’
988 5519 1037 5571 εί
1061 5520 1172 5582 τοῖς
1201 5518 1540 5583 δεσποτικοῐς
1571 5522 1600 5574 ὁ
1645 5522 1786 5592 δρῶν
1817 5526 1877 5591 ἡ-

368 5659 384 5689 ·
417 5656 609 5714 Matth.
641 5675 737 5726 vn,
764 5660 816 5716 6.
910 5664 929 5694 '
964 5662 1011 5718 ιι
1042 5662 1170 5718 Cor.
1204 5679 1276 5730 Vt,
1314 5662 1399 5719 15.
1477 5665 1496 5697 ³
1528 5666 1631 5721 lsa.
1668 5682 1704 5731 t,
1744 5665 1829 5722 l5.

365 5799 439 5869 (Ι)
479 5800 586 5852 Τοῦ
619 5803 978 5875 Δαμασκηνοῦ
1011 5803 1075 5856 ἐκ
1107 5803 1197 5855 τοῦ
1233 5806 1362 5873 περὶ
1405 5806 1511 5860 τῶν
1560 5808 1727 5875 ἁγίων
1760 5812 1855 5862 καὶ

289 5872 576 5942 ἀιραντων
606 5873 699 5923 τοῦ
714 5874 957 5939 'l-iupiau.

613 5968 881 6028 Partum.
929 5967 1042 6027 Gtt.
1083 5967 1346 6034 CXLIX.

1969 5448 2161 5491 exacta
2222 5439 2312 5491 sit.
2371 5438 2498 5495 lia-c
2525 5453 2706 5496 autem
2752 5443 2969 5501 Domini
3000 5449 3255 5505 voluntas
3292 5452 3440 5522 leges
3481 5464 3537 5508 et

1975 5529 2223 5585 instituta
2243 5538 2368 5585 sunt
2394 5532 2813 5603 imperatoribus
2837 5548 2891 5593 et
2921 5541 3261 5611 principibus
3280 5584 3296 5606 ,
3324 5543 3537 5601 civibus

2034 5809 2110 5877 (‘2)
2141 5810 2524 5879 Χρυσοστῦμοα
2563 5814 2625 5864 ἐκ
2663 5812 2753 5864 τοῦ
2800 5812 2939 5866 κατὰ
2985 5817 3253 5873 Ἰουδαίων
3285 5822 3530 5896 δευτέρου

1961 5881 2144 5948 λόγου.

3070 5980 3109 6042 ὁ
3155 5984 3159 5989 .
