4050 6592
509 450 611 516 101

1722 464 2138 528 NICEPIIORI
2155 461 2561 530 'GREGORE

3667 465 3770 532 108

506 571 565 615 et
588 560 729 630 plebi
757 561 1118 633 imperatores
1148 576 1200 622 et
1235 567 1537 639 principes,
1587 569 1659 624 ita
1693 581 1752 623 ut
1777 576 1871 640 qui
1899 572 2083 628 vocati

2193 577 2489 644 κολούθησε
2543 577 2799 646 δόγματι.
2838 578 3107 631 Δεσπὸται
3150 578 3194 631 δ’
3231 578 3297 632 ἂν
3339 569 3450 629 εἷεν
3482 579 3778 647 ἡγεμόνοιν

511 654 856 724 sintju'dices
903 657 1053 713 fonte
1091 669 1320 714 utamur
1370 662 1604 732 legibus.
1662 663 1730 717 Et
1760 663 1930 718 multa
1965 665 2091 733 qui-

508 746 634 800 dem
669 755 800 801 sunt
847 748 1094 804 facinora
1139 767 1284 820 qum,
1335 751 1464 806 dum
1507 769 1604 822 per
1637 768 1696 808 se
1749 763 2092 833 spectentur,

509 840 763 895 examina
802 842 1049 912 judicum
1099 843 1262 898 facile
1315 845 1615 915 decipiant,
1679 848 1788 900 imo
1835 847 2094 902 laudibus

508 931 563 985 .’n
587 934 784 988 cmlum
806 933 1108 990 eﬂ‘erantur
1130 936 1198 990 ab
1223 936 1517 1006 imperitis;
1541 939 1702 992 simul
1722 948 1884 1007 atque
1907 947 2091 992 autem

509 1039 632 1092 quze
693 1025 761 1080 iis
806 1027 1134 1094 przel'uerint
1195 1029 1440 1082 rationes
1493 1030 1726 1095 cegnitaz
1756 1039 1908 1092 sunt,
1944 1027 2092 1082 illico

506 1116 658 1170 nulle
697 1117 1174 1172 exsecrationibus
1212 1118 1546 1173 obruantur.
1579 1118 1688 1174 Sed
1745 1129 1992 1174 revertar
2022 1120 2091 1173 ad

507 1210 671 1262 verba
706 1207 807 1263 viri
851 1209 997 1265 illius
1044 1210 1405 1266 sanctissimi.
1445 1212 1688 1277 «,Homo,
1739 1211 1898 1276 dicit,
1956 1211 2089 1282 quid

504 1300 662 1370 agis?
709 1300 860 1370 leges
921 1301 1138 1357 violatae
1180 1310 1334 1368 sunt,
1389 1311 1454 1358 et
1515 1311 1575 1357 tu
1610 1303 1941 1358 violatorum
2002 1319 2092 1358 so-

490 1392 625 1446 Ieius
675 1408 838 1462 quam
896 1409 1122 1449 severus
1177 1396 1358 1466 legum
1405 1395 1718 1449 divinarum
1778 1395 1925 1450 ultor
1968 1410 2091 1450 esse

504 1484 718 1540 malis?
765 1485 872 1541 Sed
921 1503 1045 1558 quae
1096 1487 1197 1542 tibi
1242 1489 1349 1543 erit
1397 1487 1605 1542 venia?
1646 1487 1908 1542 nimirum
1946 1489 2092 1542 ulto-

511 1574 669 1630 ribus
726 1575 873 1631 Deus
917 1593 1026 1631 non
1061 1589 1185 1649 eget
1232 1594 1411 1649 neque
1461 1590 1654 1635 nostro
1694 1579 1949 1634 auxilio?
1983 1579 2088 1636 Sed

503 1682 670 1720 suum
728 1677 779 1723 te
835 1670 954 1723 vult
1006 1685 1128 1725 esse
1192 1671 1552 1736 ministrum,
1603 1671 1679 1726 ita
1745 1680 1806 1726 ut
1861 1671 2089 1742 gloriam

503 1760 788 1814 ostendas.
851 1781 868 1811 ι
936 1762 1112 1816 Etiam
1165 1778 1395 1833 magnus
1448 1763 1540 1818 ille
1592 1762 1922 1817 Athanasius
1979 1777 2090 1816 non

493 1865 600 1905 eos
654 1860 863 1906 tantum
918 1854 1008 1920 qui
1062 1855 1219 1908 thure
1260 1852 1462 1908 oﬂ‘erre
1508 1863 1764 1908 recusent
1824 1863 2089 1924 martyras

487 1959 626 1998 esse
701 1945 871 2008 dicit,
933 1947 1025 2000 sed
1087 1948 1255 2000 etiam
1304 1946 1395 2016 qui
1459 1945 1618 2002 ﬁdem
1675 1962 1829 2000 suam
1885 1961 2085 2017 negare

502 2038 707 2092 nolint.
743 2038 924 2108 Neque
982 2039 1019 2094 ii
1053 2047 1264 2092 tantum
1329 2038 1424 2108 qui
1495 2038 1635 2092 idola
1696 2039 2082 2103 adoraverunt,

490 2138 634 2184 sunt
667 2130 940 2196 inﬁdeles,
981 2131 1076 2187 sed
1105 2131 1270 2186 etiam
1297 2132 1388 2202 qui
1422 2131 1788 2201 prodiderunt
1822 2131 2086 2187 doctrinae

504 2221 820 2275 veritatem.
855 2221 990 2276 Nam
1020 2222 1335 2292 patriarcha
1363 2222 1641 2276 Abraham
1677 2238 1784 2276 non
1816 2233 1875 2276 ut
1909 2223 1957 2277 is
1986 2222 2085 2292 qui

504 2321 762 2366 mortuus
786 2312 960 2382 sitpro
992 2313 1128 2379 Deo,
1169 2313 1266 2368 sed
1298 2312 1391 2384 qui
1421 2313 1598 2368 ﬁdelis
1626 2313 1819 2380 fuerit,
1851 2316 2086 2384 palmam

492 2404 739 2477 accepit.
793 2405 968 2458 Etiam
1027 2405 1205 2460 sancti
1240 2406 1430 2461 Patres
1478 2414 1535 2461 et
1582 2406 1672 2459 alii
1708 2421 1848 2475 quos
1895 2422 2088 2461 omnes

498 2497 974 2551 commemorandi
1036 2506 1260 2552 sanctus
1287 2497 1488 2552 Paulus
1541 2496 1676 2552 dicit
1717 2507 1933 2566 tempus
1983 2497 2087 2552 sibi

489 2587 671 2658 7126
700 2604 810 2642 non
843 2586 1118 2649 suﬁieere,
1149 2602 1260 2642 non
1291 2587 1438 2657 quod
1486 2588 1810 2659 sanguinem
1848 2604 1946 2659 pro
1975 2589 2088 2661 Deo

502 2680 872 2749 profuderunt
901 2679 958 2733 in
982 2679 1183 2734 malum
1208 2680 1381 2734 evecti
1397 2688 1548 2750 sunt,
1570 2679 1664 2734 sed
1685 2680 1829 2748 quod
1855 2695 1956 2750 pro
1985 2679 2090 2735 ﬁdo

485 2781 840 2845 zagnarunt.
857 2770 1006 2837 Quos
1028 2770 1192 2825 etiam
1215 2770 1380 2826 hodie
1401 2773 1758 2837 admiramur,
1782 2771 1926 2841 quod
1947 2787 2092 2826 mor-

500 2873 617 2918 tem
646 2862 984 2918 occumbere
1012 2865 1186 2934 parati
1219 2870 1379 2917 erant
1405 2871 1630 2932 prepter
1653 2864 1911 2933 pietatem
1963 2879 2090 2933 erga

481 2955 700 3011 meum.
727 2976 744 3008 ι
765 2955 931 3011 Vides
961 2955 1128 3023 igitur
1158 2955 1213 3010 io
1238 2953 1306 3009 iis
1337 2953 1472 3025 ipsis
1486 2969 1608 3025 qua:
1644 2955 1793 3025 parvi
1819 2955 2088 3010 habentur

485 3048 731 3103 Virtutis
745 3047 1045 3118 plurimum
1070 3056 1282 3117 patere,
1311 3047 1478 3117 idque
1500 3046 1673 3101 multo
1701 3048 1875 3117 magis
1897 3047 1951 3102 in
1991 3048 2090 3100 mi-

475 3141 672 3195 mimis
693 3156 860 3210 quam
887 3141 941 3194 in
965 3140 1328 3209 gravissimis.
1359 3140 1494 3194 Nam
1525 3149 1584 3194 ut
1613 3139 1664 3194 is
1689 3144 1785 3211 qui
1812 3140 1874 3194 in
1907 3140 2091 3194 numis

475 3231 666 3302 vregiis
733 3232 1288 3301 quantulumcunque
1335 3239 1444 3294 est,
1489 3229 1848 3295 adulteravit,
1914 3236 2088 3284 totum

481 3326 827 3395 ipessundat,
860 3325 941 3381 sic
966 3323 1131 3378 etiam
1168 3324 1262 3394 qui
1291 3324 1346 3377 in
1371 3322 1544 3378 sacris
1569 3321 1783 3393 legibus
1805 3319 2087 3375 minimam

477 3417 794 3484 ‘1ransiliet,
816 3416 869 3472 in
894 3425 1009 3472 toto
1035 3415 1305 3486 peccabit.

2199 669 2297 734 μὲν
2349 670 2442 719 καὶ
2499 669 2784 736 ἀρχόντων
2844 670 3000 737 νόμοι
3049 670 3143 722 καὶ
3204 668 3441 736 σταθμαι
3504 668 3776 726 κανόνων,

2197 757 2453 826 ὑπηκόων
2502 759 2556 809 δὲ
2609 763 2700 812 καὶ
2758 760 3132 828 συρφετώδους
3205 759 3443 827 πλήθους
3500 758 3777 828 ἡγεμόνες

2196 850 2288 900 καὶ
2328 851 2608 918 ἄρχοντες,
2657 849 2732 911 ὡς
2789 854 2853 902 ἐκ
2919 852 3103 919 πηγῆς
3147 850 3257 903 τῶν
3300 855 3482 918 νῦμων
3523 848 3672 918 ἔχειν
3719 848 3781 898 τδ

3088 945 3266 996 Πίλλὰ
3343 945 3444 1011 μὲν
3513 937 3612 992 οὖν
3666 939 3780 991 τῶν

2194 1035 2490 1103 δρωμένων
2523 1035 2645 1088 καθ’
2687 1037 2856 1089 ἑαυτά
2896 1035 3247 1104 θεωρούμενα
3276 1035 3468 1104 λέληθε
3527 1033 3626 1102 τὴν
3675 1033 3779 1099 τῆς

2195 1129 2431 1196 κρίσεως
2489 1129 2788 1183 κλέπτοντα
2850 1131 3084 1200 βάσανον
3142 1128 3240 1181 καὶ
3303 1129 3442 1194 πρὸς
3497 1123 3780 1191 αἰθερίους

2196 1221 2455 1290 ἐξαίφνης
2501 1223 2560 1273 ἐν
2608 1224 2708 1275 οὐκ
2761 1223 2958 1276 εἰδόσιν
3012 1222 3319 1290 ἀνέδραμεν
3368 1219 3597 1286 ὕμνους.
3651 1233 3752 1278 πίνη

2195 1309 2488 1378 σειληφότα
2527 1309 2583 1361 δὲ
2629 1310 2726 1362 καὶ
2772 1312 2870 1378 τὴν
2925 1310 3043 1378 μεθ’
3100 1305 3164 1379 ἧς
3211 1307 3510 1375 γεγένηται
3561 1304 3780 1370 πρότα-

2195 1418 2280 1453 σιν
2340 1401 2547 1470 μυρίων
2598 1402 2748 1472 ἀρῶν
2807 1402 3086 1455 ὑπεύθυνα
3135 1400 3545 1466 ἀποπέφανται.
3610 1394 3781 1447 Ἀλλά

2199 1492 2530 1561 προσθετέον
2589 1511 2680 1561 μοι
2727 1493 2943 1548 τουτουῖ
2997 1494 3092 1546 τοῦ
3131 1493 3275 1544 θείου
3328 1491 3520 1559 ἀνδρὸς
3561 1487 3646 1557 (ί)
3679 1487 3780 1539 καὶ

2193 1586 2261 1637 τὰ
2315 1590 2523 1649 τούτοις
2561 1587 2835 1640 ἀκόλουθα
2864 1627 2882 1642 .
2920 1605 2938 1637 ι
2973 1587 3040 1642 Τί
3087 1589 3280 1650 ποιεῖς,
3319 1604 3338 1637 ι
3385 1585 3575 1652 φησὶν,
3621 1599 3640 1632 ⁸
3678 1579 3778 1633 ἀν’

2194 1675 2376 1740 θρωπε
2406 1695 2419 1742 ;
2454 1678 2750 1747 Παρεδὰθη
2807 1679 2994 1748 νόμος,
3028 1680 3122 1732 καὶ
3172 1679 3274 1730 ούκ
3328 1679 3618 1744 ἐπιτιμᾷς,
3651 1671 3776 1724 οὐδὲ

2193 1768 2318 1838 γίνῃ
2347 1768 2579 1836 χαλεπὸς
2631 1767 2872 1838 τιμωρὸς
2904 1769 3010 1821 τῶν
3060 1767 3152 1820 τοῦ
3200 1766 3337 1820 Θεοῦ
3372 1767 3580 1835 νόμων,
3633 1761 3778 1814 ἀλλά

2195 1859 2506 1921 uatum-ask;
2556 1857 2663 1907 Καὶ
2718 1858 2873 1908 ποίαν
2932 1858 3120 1925 σίοὶης
3165 1857 3231 1909 ἂν
3267 1852 3642 1922 συγγνώμην;
3678 1849 3776 1918 Μὴ

2196 940 2402 1010 κρίνειν
2451 942 2625 1012 ὀρθῶς
2683 944 3010 1012 ὀφείλοντες.

2119 1924 2300 2018 Βγὰρ
2351 1952 2376 2002 6
2421 1949 2554 2012 Θεὸς
2610 1948 2841 2002 ικδίκων
2892 1924 3114 2019 χρῄζειι
3150 1949 3228 2016 μὴ
3257 1947 3367 2013 γὰρ
3419 1942 3777 2014 βοηθούντων

2189 2043 2400 2105 δεῖταις
2448 2040 2590 2094 Ἀλλ’
2637 2041 2922 2111 ὑπηρέτην
2964 2039 3134 2092 αὑτοῦ
3176 2038 3434 2104 γενέσθαι
3472 2051 3531 2086 σε
3574 2032 3776 2102 βούλεο
3864 2084 3870 2089 _

2188 2151 2300 2198 ται,
2332 2135 2417 2186 ἴνα
2445 2133 2740 2186 κάντεῦθεν
2771 2139 2832 2185 τὸ
2859 2131 3133 2202 φιλόδοξον
3157 2130 3358 2202 δείξῃς.
3403 2145 3422 2180 ι
3457 2128 3570 2179 Καὶ
3599 2128 3628 2178 6
3673 2125 3780 2193 μέ-

2189 2245 2290 2294 γας
2315 2226 2358 2280 δ’
2391 2227 2589 2296 ὁμοίως
2615 2228 2780 2297 φησὶν
2794 2224 3108 2286 Ἀθανάσιος
3149 2222 3226 2292 (2)
3259 2223 3336 2285 ὡς
3377 2220 3483 2274 «ού
3515 2219 3684 2290 μόνον
3710 2217 3779 2269 τὸ

2192 2320 2268 2390 μὴ
2294 2320 2454 2373 θῦσαι
2494 2319 2714 2372 λίϐανον
2756 2319 2995 2372 δείκνυσι
3043 2317 3352 2387 μάρτυρας,
3397 2313 3536 2367 ἀλλά
3579 2310 3679 2364 καὶ
3709 2309 3779 2363 τὸ

2194 2414 2269 2484 μὴ
2302 2412 2403 2482 τὴν
2442 2412 2630 2464 πίστιν
2664 2409 3008 2480 ἀρνήσασθαι
3037 2424 3053 2440 ο
3101 2407 3196 2462 καὶ
3245 2408 3346 2476 ούχ
3396 2406 3448 2458 oi
3481 2405 3778 2465 κλίναντες

2191 2508 2271 2568 είς
2301 2504 2496 2558 εἴδωλα
2529 2505 2691 2574 μόνον
2735 2501 3146 2571 κατεκρίθησαν
3185 2499 3260 2562 ὡς
3295 2498 3596 2566 ἀλλότριοι,
3628 2494 3780 2551 ἀλλὰ

2192 2595 2290 2648 καὶ
2341 2596 2388 2646 οί
2433 2590 2836 2663 προδεδωκότες
2884 2592 2985 2660 τὴν
3029 2589 3311 2659 ἀλήθειαν.
3359 2586 3614 2656 Ἀϐραὰμ
3662 2586 3782 2651 γὰρ

2192 2689 2219 2741 6
2259 2690 2602 2756 πατριάρχης
2630 2685 2732 2736 οὐκ
2777 2681 3090 2753 ἀναιρεθεὶς
3129 2678 3509 2749 ἐστεφανώθη,
3540 2677 3660 2731 ἀλλ’
3691 2679 3782 2730 ὅτι

2196 2779 2388 2841 πιστὸς
2417 2778 2612 2845 γέγονε
2643 2775 2720 2848 τῷ
2753 2777 2907 2847 Θεῷ·
2953 2776 3004 2828 οῐ
3029 2792 3089 2828 τε
3130 2765 3283 2829 ἄλλοι
3327 2773 3477 2841 ἀγιοι
3524 2773 3783 2842 Πατξρες

2194 2869 2291 2919 καὶ
2312 2866 2362 2918 oi
2396 2867 2491 2918 σὺν
2525 2864 2729 2930 αὐτοῖς,
2755 2863 2882 2934 περὶ
2917 2857 2995 2916 ὢν
3021 2863 3279 2916 ἁπάντων
3307 2862 3335 2914 6
3358 2861 3575 2921 Παῦλος
3602 2863 3785 2928 φησιν

2195 2956 2496 3024 ἐπιλείψειν
2529 2956 2621 3008 τὸν
2647 2955 2841 3025 χρόνον
2868 2954 3030 3007 αὑτὸν
3057 2953 3441 3024 διηγούμενον,
3472 2953 3575 3022 οὐχ
3603 2951 3784 3020 αἷμα,

2191 3067 2282 3102 τος
2309 3049 2639 3118 ἐκχυθέντος
2667 3047 3088 3117 ἐτελειώθησαν,
3110 3047 3242 3101 ἀλλά
3269 3046 3358 3099 διὰ
3387 3045 3652 3108 πίστεως,
3678 3045 3785 3096 καὶ

2196 3144 2360 3212 μέχρι
2388 3141 2482 3193 νῦν
2524 3141 2914 3209 θαυμάζονται,
2956 3140 3039 3193 ὅτι
3083 3141 3178 3193 καὶ
3210 3140 3443 3193 θάνατον
3471 3139 3782 3204 ὕπομένειν

2191 3230 2336 3304 ἦσαν
2365 3232 2576 3302 ἐτοιμοι
2595 3232 2684 3285 διὰ
2715 3231 2813 3302 τὴν
2839 3233 2897 3293 ἐς
2926 3230 3058 3283 Θεὸν
3096 3229 3403 3282 εὐσέϐειαν.
3444 3247 3464 3281 ι
3499 3227 3668 3297 ὐρᾷς
3699 3226 3782 3288 ὡς

2191 3329 2250 3378 ἐν
2276 3327 2390 3388 τοῖς
2430 3326 2646 3394 μικροῖς
2697 3322 2898 3391 μᾶλλον
2945 3325 3013 3374 τά
3059 3321 3297 3392 μέγιστα
3333 3319 3616 3374 δείκνυται
3666 3317 3784 3370 τῶν

2190 3417 2393 3478 καλῶν,
2435 3417 2530 3468 καὶ
2555 3414 2699 3480 μάλα
2738 3415 2942 3484 μᾶλλον
2983 3417 3040 3465 ὲν
3067 3417 3178 3475 τοῖς
3212 3410 3430 3483 μάλιστ’
3459 3411 3784 3480 ἐλαχίστοις

480 3511 670 3564 -ὲνίοτε
694 3509 730 3580 ἢ
765 3511 878 3572 τοῖς
916 3508 1232 3579 μεγίστοιςς
1283 3508 1368 3569 Ὠς
1403 3507 1511 3577 γὰρ
1541 3507 1598 3559 ἐν
1631 3509 1744 3570 τοῖς
1775 3507 2077 3578 βασιλικοῖς
2121 3511 2424 3580 νομίσμασι
2451 3493 2563 3565 Qui.
2610 3512 2640 3562 δ
2691 3508 2888 3579 μικρόν
2945 3527 2998 3562 τι
3065 3509 3519 3578 παραχαράττων
3553 3507 3682 3560 ὅλον
3711 3505 3782 3561 ἀν’

483 3604 685 3674 ιχρεῖον
709 3604 874 3668 ποιεῖ,
901 3601 1044 3655 οὕτω
1111 3599 1210 3652 καὶ
1269 3601 1297 3653 6
1332 3598 1442 3651 τῶν
1515 3599 1676 3651 θείων
1722 3600 1965 3654 κανόνων
2029 3601 2381 3671 τούλάχιστον
2427 3601 2872 3672 ἀνατρεπόμενον
2918 3603 3196 3673 περιορῶν
3355 3602 3523 3655 παντὶ
3574 3598 3784 3669 λυμαί-

423 3739 430 3746 .
493 3714 670 3751 νεται.

570 3790 657 3844 lll.
689 3788 810 3843 Jam
841 3802 972 3842 vero
1000 3787 1146 3858 quod
1176 3801 1274 3842 eos
1295 3786 1494 3842 attinet
1516 3787 1612 3857 qui
1648 3786 1826 3843 sacris
1868 3785 2082 3844 :edibus

477 3882 714 3956 -ωιριιιεὶ
737 3889 888 3946 sunt,
920 3881 1221 3936 nonnullos
1268 3882 1475 3936 scimus
1520 3881 1642 3951 pios
1670 3882 1816 3935 viros
1849 3881 1902 3934 in
1955 3880 2083 3950 fuga

497 3981 644 4051 apud
672 3975 948 4041 inﬁdeles,
985 3975 1081 4044 qui
1131 3973 1388 4029 ﬁdelibus
1445 3975 1834 4028 clementiores
1898 3981 2080 4038 erant,

477 4069 811 4142 'perfugium
841 4067 1141 4132 invenisse,
1169 4065 1352 4134 ibique
1387 4064 1578 4118 solitas
1602 4065 1658 4118 in
1689 4063 1861 4117 Deum
1891 4077 2086 4132 preca-

477 4163 680 4218 tiones
715 4161 894 4216 iacere
923 4158 1254 4230 perrexisse.
1285 4155 1473 4226 Neque
1501 4155 1659 4225 pauci
1672 4160 1801 4208 sunt
1826 4169 1858 4208 e
1885 4160 2090 4207 sanctae

485 4255 762 4312 ‘Eeclesize
796 4251 957 4314 viris,
989 4230 1185 4320 quiin
1221 4247 1497 4320 ejusmodi
1529 4247 1700 4301 duras
1739 4246 2088 4299 conditiones

486 4361 645 4417 saepe
669 4344 1017 4407 inciderunt,
1046 4351 1109 4396 ut
1129 4351 1393 4411 tanquam
1418 4353 1612 4392 aurum
1631 4338 1854 4392 fornace
1869 4337 2086 4406 probati

498 4439 814 4510 exemplum
855 4446 1044 4492 essent
1071 4431 1716 4506 posterisﬁrmissimum
1740 4430 2081 4492 constantiae,

499 4545 555 4590 et
600 4543 661 4588 ut
683 4532 886 4603 majora
913 4545 942 4584 a
967 4532 1077 4584 Deo
1104 4529 1424 4598 acciperent
1460 4524 1705 4595 praamia.
1733 4522 1877 4576 Deus
1903 4531 2083 4574 autem

2249 3787 2334 3842 .I".
2378 3788 2439 3839 Ei
2467 3786 2523 3839 δὲ
2549 3786 2643 3838 καὶ
2668 3787 2778 3839 τῶν
2812 3785 2974 3856 ἱερῶν
2997 3785 3104 3848 ἔξω
3135 3783 3442 3853 περιϐόλων
3467 3781 3784 3850 ὠθούμενοι

2189 3883 2282 3933 καὶ
2315 3880 2451 3947 πρὸς
2497 3879 2705 3947 ἔκφυλα
2755 3880 2853 3948 μὲν
2881 3877 3157 3941 ἐντεῦθεν,
3189 3876 3697 3946 φιλανθρωπότερα
3731 3876 3782 3928 δ’

2189 3970 2280 4023 οῦν
2307 3970 2415 4021 τῶν
2432 3969 2716 4038 ὁμοφύλων
2744 3971 2877 4038 γένη
2906 3969 3144 4036 φυγάδες
3177 3968 3308 4019 ἐνιοι
3335 3967 3444 4019 τῶν
3474 3967 3783 4019 εύσεὸούνσ

2190 4074 2300 4110 των
2345 4059 2622 4126 γινόμενοι
2648 4056 2858 4109 ἐκεῖθεν
2891 4056 2986 4119 τὰς
3012 4058 3222 4118 οἰκείας
3242 4053 3409 4123 εὐχὰς
3431 4055 3786 4122 ἀναφέρουσι

2193 4149 2270 4218 τῷ
2301 4147 2440 4216 Θεῷ,
2489 4147 2672 4200 καινὸν
2700 4147 2852 4200 οὐδέν
2873 4163 2888 4178 ο
2927 4146 3114 4198 πολλοὶ
3142 4145 3252 4215 γὰρ
3280 4145 3390 4196 τῶν
3426 4142 3602 4195 πάλαι
3649 4144 3788 4196 θαυ-

2199 4241 2526 4310 μαξομένων
2552 4239 2650 4308 τῆς
2674 4239 2766 4291 τοῦ
2803 4238 2941 4291 Θεοῦ
2985 4237 3317 4307 Ἐκκλησίας
3345 4236 3559 4306 ἀνδρῶν
3605 4237 3788 4289 τοιού-

2194 4351 2305 4396 τοις
2359 4333 2618 4393 πολλάκις
2665 4333 3098 4399 συντετιιχήκασι
3143 4334 3255 4393 τοῖς
3311 4331 3535 4390 δεινοῖς,
3591 4327 3663 4379 ἶν’
3705 4329 3785 4391 ὡς

2193 4423 2394 4494 χρυσὸς
2426 4423 2481 4475 ἐν
2505 4422 2860 4492 χωνευτηρίῳ
2889 4423 3317 4492 δοκιμασθέντες
3347 4425 3462 4483 τοῖς
3493 4423 3542 4472 τ’
3577 4421 3786 4489 ἐφεξῆς

2194 4516 2782 4583 ὑπόδειγμαγένωνται
2809 4516 3100 4584 κράτιστον
3135 4515 3361 4583 ἀρετῆς,
3387 4515 3484 4566 καὶ
3515 4512 3636 4581 ἅμα.
3669 4530 3790 4580 μει-

500 4633 620 4696 ipse
643 4622 1006 4680 corumviam
1053 4621 1312 4692 patefacit
1370 4627 1426 4672 et
1477 4613 1708 4684 vestigia
1769 4611 2087 4666 moderatur

2198 4607 2363 4671 ζόνων
2401 4608 2558 4660 αὐτοὶ
2611 4607 2908 4677 πρὸςθεοῦ
2940 4609 3033 4660 καὶ
3080 4607 3189 4659 τῶν
3213 4607 3550 4660 ἀντιδόσεων
3596 4606 3790 4676 τύχω-

490 4733 692 4774 eorum
720 4717 813 4787 qui
838 4723 1066 4786 propter
1088 4713 1269 4782 ipsum
1289 4717 1560 4764 vexantur
1581 4703 2088 4776 persecutionibus,

499 4819 558 4865 et
591 4809 677 4863 his
717 4808 769 4861 in
824 4803 1170 4875 temporibus
1215 4798 1466 4854 inﬁdeles
1513 4796 1646 4851 facit
1700 4794 2092 4850 clementiores

500 4901 777 4956 ﬁdelibus.
808 4899 980 4969 Cujus
1022 4897 1101 4952 rei
1145 4909 1266 4966 pra;
1297 4892 1421 4946 aliis
1464 4889 1777 4958 exemplum
1801 4894 1889 4941 est
1939 4885 2088 4954 quod

498 4997 569 5049 de
600 4994 731 5048 feris
761 5001 817 5046 et
847 4989 1137 5044 indomitis
1190 4985 1384 5040 bestiis
1441 4982 1586 5036 circa
1615 4980 1896 5035 Danielem
1927 4977 2085 5046 127

495 5088 705 5140 factum
731 5098 852 5138 esse
882 5079 1221 5150 accepimus.
1254 5073 1437 5129 Facile
1489 5072 1636 5127 enim
1683 5070 1968 5125 feritatem
2027 5069 2081 5121 in

493 5175 989 5236 mansuetudinem
1020 5167 1296 5226 convertit
1327 5167 1490 5229 Deus,
1513 5179 1677 5234 quem
1732 5178 1856 5218 cum
1883 5161 2086 5230 ubique

504 5269 669 5326 nobis
717 5267 912 5321 adesse
945 5264 1189 5317 sciamus
1241 5267 1408 5325 atque
1445 5255 1768 5318 credamus,
1827 5252 1946 5322 ipse
1978 5252 2088 5305 Da-

488 5362 598 5418 vid
630 5373 758 5415 eum
787 5354 1049 5412 omnibus
1074 5350 1226 5422 regni
1252 5351 1338 5404 sui
1383 5348 1523 5402 locis
1579 5345 1684 5400 coli
1717 5344 1892 5397 voluit
1939 5342 2086 5396 cele~

505 5450 881 5514 brationibus,
923 5459 1056 5501 sane
1110 5442 1308 5497 melius
1330 5449 1416 5495 est
1447 5439 1550 5493 sub
1613 5436 1764 5500 divo,
1804 5436 1859 5488 in
1887 5435 2084 5487 solitu-

499 5548 662 5610 dine,
709 5544 763 5596 in
789 5538 1070 5594 montibus
1107 5551 1272 5605 puras
1305 5534 1414 5588 Deo
1449 5531 1710 5585 exhibere
1737 5526 2089 5597 precationes

497 5652 674 5707 quam
698 5649 823 5688 eum
853 5625 1167 5684 inﬁdelibus
1210 5627 1264 5680 in
1308 5622 1524 5692 templis
1577 5635 1713 5675 auro
1748 5628 1803 5673 et
1834 5616 2090 5688 splendi-

500 5731 597 5782 dis
629 5726 828 5780 tabulis
877 5722 1119 5788 ornatis.
1162 5717 1305 5773 Audi
1353 5730 1476 5786 quae
1533 5721 1759 5768 sanctus
1792 5707 2090 5777 Gregorius

586 5840 661 5899 ιιι)
697 5833 1083 5906 Χρυσοστόμου
1128 5833 1190 5907 ἐκ
1223 5829 1320 5907 τῆς
1370 5826 1662 5907 ἑρμηνείας
1705 5822 1796 5877 τοῦ
1848 5819 1899 5891 μ’
1939 5818 2180 5888 ψαλμοῦ.

572 5911 660 5974 ΑΞ)
714 5902 805 5960 Ἐκ
835 5908 930 5977 τῆς
965 5902 1252 5972 ἐγκυκλίου
1286 5902 1594 5966 ἐπιστολῆς.

2195 4716 2304 4762 σιν,
2358 4697 2524 4751 αὐτοῦ
2557 4695 2653 4750 τοῦ
2706 4697 2842 4750 Θεοῦ
2897 4696 3385 4764 προοδοποιοῦντος
3439 4698 3535 4749 καὶ
3568 4697 3642 4749 τὰ
3673 4696 3788 4748 τῶν

2190 4786 2539 4856 διωκομένων
2584 4787 2724 4852 ὑπὲρ
2772 4785 2938 4838 αὐτοῦ
2971 4784 3396 4844 κατευθύνοντος
3427 4783 3786 4852 διαδήματα,

2193 4880 2288 4931 καὶ
2318 4879 2426 4930 τῶν
2448 4877 2738 4948 ὁμοφύλων
2767 4879 2894 4942 τοὺς
2952 4876 3291 4944 ἀλλοφύλους
3339 4876 3695 4943 πραοτέρους
3729 4877 3790 4926 ἐν

2190 4970 2302 5030 τοῖς
2331 4966 2594 5027 τοιούτοις
2639 4965 2876 5036 δρῶντος
2912 4963 2975 5035 [Γ.
3015 4964 3120 5017 125
3155 4961 3207 5033 b]
3239 4967 3479 5032 καιροῖς,
3517 4962 3789 5031 καθάπερ

2190 5061 2339 5114 ἐστιν
2370 5059 2406 5112 ἆ
2433 5057 2540 5109 τῶν
2595 5057 2801 5126 σφόδρα
2841 5056 3051 5125 ἀγρίων
3098 5060 3194 5107 καὶ
3238 5056 3540 5123 ἀνημέρων
3568 5055 3789 5125 θηρίων

2190 5153 2284 5204 ἐπὶ
2307 5149 2504 5219 Δανιὴλ
2527 5148 2623 5202 καὶ
2653 5148 2759 5200 τῶν
2791 5147 2990 5211 ἄλλων,
3016 5147 3109 5199 τοῦ
3132 5145 3439 5216 θηριώδους
3464 5149 3791 5217 τηνικαῦτα

2189 5244 2252 5294 τὸ
2299 5240 2568 5312 προσηνὲς
2606 5237 2967 5290 ἀλλάττεσθαι
3011 5239 3187 5307 ῥᾷστα
3225 5239 3788 5306 παρασκευάζοντος.

2203 5335 2357 5387 Ἐπεὶ
2387 5335 2496 5402 γὰρ
2526 5329 2803 5400 πανταχοῦ
2831 5331 3086 5398 παρεῖναι
3132 5329 3224 5382 τὸν
3253 5329 3389 5384 Θεὸν
3443 5333 3789 5401 μεμαθήκα-

2196 5427 2297 5494 μέν
2322 5441 2382 5476 τε
2418 5425 2514 5476 καὶ
2545 5419 3013 5488 πεπιστεύκαμεν,
3045 5421 3151 5473 κάν
3183 5421 3347 5472 παντὶ
3371 5421 3530 5489 τόπῳ
3555 5424 3659 5490 τῆς
3689 5422 3789 5474 αύ-

2191 5519 2286 5571 τοῦ
2317 5515 2636 5578 δεσποτείας
2680 5516 2708 5565 ό
2756 5514 2920 5566 Δαϐὶδ
2960 5513 3125 5565 αὐτὸν
3160 5513 3412 5580 εὐλογεῖν
3457 5514 3782 5583 ἐπιτρέπει,

2195 5611 2404 5680 βέλτιον
2435 5609 2491 5660 ἐν
2521 5607 2807 5674 ὑπαίθροις
2847 5608 2942 5660 καὶ
2977 5605 3238 5675 ἐρημίαις
3280 5606 3378 5658 καὶ
3413 5604 3612 5676 θρεσιν
3659 5608 3782 5658 ἀκί-

2197 5700 2528 5772 asumma?)
2555 5701 2850 5770 προσάγειν
2883 5697 3184 5768 τδνιῦμνον,
3220 5697 3250 5769 ἢ
3283 5697 3568 5751 δυσσεόῶν
3590 5717 3783 5751 κοικω-
