4050 6582
217 463 346 527 ’109

1226 457 1669 519 ΒῩΖΛΝΤΙΝῈ
1700 454 2082 516 HISTORle
2110 457 2257 516 LlB.
2298 455 2536 518 XXVII.

3386 451 3485 518 1ἰο

239 574 328 646 νεα
369 574 690 644 χρωμένους
723 573 911 644 χρυσῷ
961 572 1401 641 κεκοσμημένοις
1455 552 1547 623 καὶ
1593 555 1818 622 πλακῶν

1928 566 2140 622 locutus
2167 577 2252 623 est
2277 568 2392 622 suis
2417 565 2861 637 persecutoribus
2899 584 2912 621 :
2952 583 2970 617 ι
3004 563 3230 620 llabitas
3263 566 3489 635 quidem
3544 633 3556 646 ι

240 669 600 735 στιλπνότητι
640 665 930 735 προσέχειν
960 664 1249 734 τεμένεσιν
1276 678 1289 694 °
1327 664 1549 726 ἀκούεις
1580 663 1688 733 γὰρ
1725 661 1820 714 καὶ

238 761 336 813 τοῦ
377 759 528 812 θείου
561 761 859 827 φάσκοντος
893 757 1198 828 Γρηγορίου
1247 759 1361 818 τοῖς
1393 756 1517 809 τότε
1559 752 1821 817 διώκταις

239 853 413 906 αὐτοῦ
443 851 545 922 (l)°
571 849 672 902 (Σὺ
697 849 755 902 δέ
791 866 881 918 μοι
918 849 1195 918 περιείχου
1222 849 1328 902 τῶν
1363 846 1559 916 τοίχων
1590 846 1685 898 καὶ
1711 843 1821 897 τῶν

247 941 484 998 πλακῶν
532 942 628 995 καὶ
681 941 780 1010 τῆς
824 941 1250 1011 κεκοσμημένης
1291 939 1525 1010 ψηφῖδας
1571 937 1666 990 καὶ
1712 936 1822 989 τῶν

245 1036 479 1105 μακρῶν
527 1035 747 1106 δρόμων
795 1035 885 1088 καὶ
932 1035 1300 1104 περιδρόμων,
1350 1033 1446 1086 καὶ
1495 1031 1685 1102 χρυσῷ
1726 1047 1824 1084 κα-

242 1130 528 1197 τελάμπου
587 1129 684 1182 καὶ
752 1127 1167 1197 περιελάμπου,
1229 1126 1440 1194 ἀγνοῶν
1492 1129 1576 1182 ὅτι
1630 1127 1821 1198 κρείσ-

243 1239 356 1274 σων
418 1221 686 1291 ὕπαιθρος
750 1222 934 1284 πίστις
985 1220 1312 1284 πολυτελοῦς
1371 1221 1669 1286 ἀσεϐείας,
1727 1219 1822 1272 καὶ

244 1314 472 1378 πλείους
521 1315 641 1382 Θεῷ
707 1317 856 1385 τρεῖς
920 1314 1254 1383 συνημμένοι
1326 1315 1385 1367 ἐν
1433 1312 1658 1382 ὀνόματι
1707 1313 1821 1364 Κυ-

247 1407 368 1475 ρίου
403 1407 612 1460 πολλῶν
635 1405 986 1477 ἀρνουμένων
1009 1405 1240 1474 θεότητα
1386 1423 1405 1456 ι
1427 1406 1535 1458 Καὶ
1569 1405 1750 1467 Ἠλίας
1777 1403 1821 1458 δ’

242 1499 449 1567 ἔφευγε
477 1501 575 1561 τὰς
603 1503 701 1568 τῆς
751 1498 990 1563 Ἰεζάὂελ
1013 1497 1262 1561 ἀπειλὰς,
1297 1499 1389 1550 καὶ⁹
1414 1496 1511 1560 τὰς
1534 1497 1626 1549 τοῦ
1652 1497 1823 1548 Σαοὺλ

243 1593 274 1643 6
308 1592 499 1656 Δαὸὶδ,
533 1591 628 1644 καὶ⁸
660 1591 770 1658 ὅπη
821 1590 1039 1660 τύχοιεν
1068 1588 1436 1643 ἐπεκαλοῦντο
1464 1588 1554 1642 τὸν
1593 1587 1821 1665 Κύριον.

248 1687 360 1740 Καὶ
417 1686 468 1738 οῖ
500 1685 777 1753 μάρτυρες
809 1685 910 1752 τῆς
957 1683 1216 1752 ἀληθείας
1245 1683 1448 1735 ὲκείνοι
1498 1683 1822 1753 διωκόμενοι

249 1779 352 1846 μὲν
382 1779 618 1847 ἔφευγον
647 1779 739 1829 καὶ
774 1773 1131 1836 λανθάνοντες
1175 1773 1529 1844 ἐκαρτέρουν,
1571 1774 1823 1842 εὑρισκό-

249 1889 409 1942 μενοι
435 1871 492 1923 δὲ
540 1868 915 1939 ἐμαρτύρουν.
949 1887 968 1921 ι
1004 1868 1246 1922 Ἥκιστα
1271 1869 1364 1922 οῦν
1405 1886 1462 1920 σε
1494 1871 1673 1939 χρεὼν
1711 1871 1823 1932 τοῖς

246 1965 640 2036 σμικρολόγοις
669 1963 897 2024 ἐκείνοις
929 1961 1308 2032 συμφέρεσθαι
1338 1961 1439 2032 τὴν
1471 1963 1736 2027 διάνοιαν,
1773 1963 1824 2016 οἳ

242 2057 426 2127 δειλία
452 2057 560 2108 τινὶ
597 2054 799 2125 μεταξὺ
832 2054 940 2107 τῶν
969 2053 1160 2107 δεινῶν
1187 2055 1288 2124 τὴν
1318 2053 1498 2125 ψυχὴν
1539 2054 1827 2108 συνθολού-

250 2166 412 2219 μενοι
459 2149 831 2217 θαυμάζοσσιν
876 2147 1025 2208 ὅπως
1073 2147 1193 2209 ὁδὸς
1237 2147 1336 2217 μὶν
1368 2147 1580 2230 ἀσεϐῶς
1616 2149 1675 2203 ἐν
1711 2149 1826 2212 τοῖς

247 2246 520 2306 τοιούτοις
569 2244 779 2310 καιροῖς
828 2241 1129 2302 εὐοδοῦται,
1159 2235 1240 2304 οἷς
1284 2240 1343 2294 δὲ
1377 2241 1468 2294 τὸν
1500 2241 1640 2310 ὑπὲρ
1673 2242 1832 2295 εὐσε-

246 2338 409 2401 ϐείας
460 2336 872 2406 σταδιοδρομεῖν
913 2334 1194 2402 ἐξεγένετο
1241 2333 1483 2398 δίαυλον,
1529 2333 1741 2398 τούτοις
1784 2333 1831 2387 δ’

248 2424 601 2496 ὑϐρίζεσθαι,
625 2422 1093 2494 περιφρονείσθαι,
1125 2422 1600 2491 συκοφαντεῖσθαι,
1636 2423 1835 2492 χλευά-

248 2519 472 2584 ζεσθαι,
521 2517 617 2570 καὶ
652 2515 907 2580 καθάπαξ
937 2517 1135 2579 είπεῖν,
1169 2514 1280 2568 πᾶν
1328 2514 1568 2586 πονηρὸν
1600 2516 1826 2570 ἀκούειν

245 2611 410 2682 ῥῆμα
473 2609 685 2680 μακρόν
729 2624 852 2661 τινα
906 2607 1004 2660 καὶ⁷
1061 2606 1409 2676 ἀτέκμαρτον
1457 2607 1828 2676 συγχωρεῖται

243 2702 456 2771 δρόμον
509 2700 604 2754 τοῦ
638 2700 856 2770 χρόνου,
889 2698 984 2752 τοῦ
1020 2697 1157 2752 Θεοῦ
1207 2698 1284 2770 μὴ
1334 2702 1556 2770 ταχεῖαν
1600 2699 1828 2768 ἐπάγειν

249 2795 537 2857 ἐθέλοντος
585 2794 684 2863 τὴν
711 2794 1015 2864 ἐκδίκησιν,
1045 2792 1165 2864 ἀλλ’
1202 2791 1402 2854 ἐῶντος
1439 2793 1604 2845 παντὶ
1654 2793 1716 2845 τὸ
1742 2794 1830 2847 νό-

251 2907 439 2960 μισμα
478 2885 974 2949 διακωδωνίζεσθαι
1023 2885 1230 2955 τρόπῳ,
1269 2883 1385 2939 ἀλλ’
1431 2883 1830 2954 ἀναλογιζόμε-

246 2997 344 3034 νον
381 2982 476 3033 ἐπὶ
513 2977 710 3033 σαυτοῦ
743 2979 812 3030 τὰ
862 2978 1030 3032 πάλαι
1075 2976 1366 3046 γενόμενα,
1415 2977 1511 3030 καὶ
1562 2975 1828 3046 θεοφιλῶς

251 3089 615 3161 ἀνιχνεύοντά
645 3106 704 3142 τε
732 3088 827 3142 καὶ
859 3087 1261 3157 ἀναλεγόμενον
1293 3086 1524 3154 ἕκαστα,
1560 3085 1741 3156 σαυτῷ
1765 3102 1826 3138 τε

252 3187 351 3238 καὶ
411 3183 629 3246 πολλοῖς
678 3183 886 3252 ἑτέροις
937 3179 1190 3233 ἐντεῦθεν
1245 3179 1510 3249 μεγίστην
1563 3179 1830 3251 παρέχειν

245 3276 548 3343 ὠφέλειαν.
596 3274 843 3332 Ἀκούεις
872 3273 980 3342 γὰρ
1015 3273 1108 3325 τοῦ
1160 3271 1398 3342 μεγάλου
1435 3271 1544 3324 τῶν
1569 3270 1830 3324 τοιούτων

255 3371 430 3424 ίατῶν
459 3368 910 3438 χρυσορῤήμονος
938 3367 1185 3434 λέγοντος
1213 3365 1288 3435 (5)
1321 3365 1397 3428 ὡς
1425 3365 1485 3418 ἐν
1517 3364 1829 3434 προοιμίοις

248 3459 352 3512 τοῦ
406 3458 762 3532 κηρύγματος
793 3457 1064 3525 Στέφανος
1119 3457 1147 3508 ό
1195 3456 1336 3526 ὑπὲρ
1383 3454 1511 3516 τοὺς
1546 3456 1830 3523 ποταμοὺς

253 3552 402 3621 ῥέων
439 3550 535 3604 καὶ
569 3551 780 3610 πάντας
818 3547 1214 3618 ἐπιστομίζων,
1244 3547 1366 3600 οὐδὲ
1401 3547 1571 3601 πολὺν
1595 3548 1829 3617 ποιήσας

251 3644 312 3694 ἐν
363 3640 444 3710 τῷ
471 3639 792 3710 κηρύγματι
843 3639 1059 3709 χρόνον,
1093 3637 1292 3709 ἀθρόον
1333 3638 1560 3709 ἡρπάγη
1618 3641 1714 3693 καὶ
1753 3638 1829 3700 ὡς

253 3732 581 3802 βλάσφημος
611 3729 1002 3791 κατεδικάζετό
1035 3745 1092 3781 τε
1127 3730 1222 3782 καὶ
1252 3729 1546 3782 κατελύετο
1569 3745 1584 3760 ο
1619 3729 1830 3782 καὶΊά-

252 3825 437 3887 κωῦος
465 3823 510 3876 δ’
551 3825 609 3876 ὲν
636 3825 776 3892 ἀρχῇ
811 3822 906 3874 καὶ
939 3821 1102 3882 αὐτὸς
1128 3819 1188 3884 ἐξ
1218 3819 1389 3888 αὐτῆς
1415 3820 1493 3882 ὠς
1533 3821 1707 3872 εἰπεῖν
1728 3820 1830 3888 τῆς

251 3919 509 3987 βαλϐῖδος
548 3915 868 3985 ἀνεσπάσθη
904 3916 1000 3968 καὶ
1046 3914 1387 3986 ἀποτμηθεὶς
1417 3914 1496 3976 είς
1529 3913 1686 3982 χάριν
1719 3911 1828 3965 τῶν

265 4008 544 4063 Ἰουδαίων
598 4006 689 4075 ὑφ’
732 4005 973 4074 Ἡρώδου
1015 4005 1108 4056 τὸν
1158 4002 1274 4073 βίον
1314 4003 1582 4056 κατέλυσε
1639 4001 1830 4065 στῦλος

251 4103 353 4155 καὶ
416 4099 702 4166 ἑδραίωμα
740 4097 1058 4165 τηλικοῦτον
1102 4096 1201 4165 τῆς
1256 4093 1538 4164 ἀληθείας.
1591 4095 1682 4162 Μὴ
1736 4093 1828 4146 οῦν

251 4193 553 4264 θαυμάσῃς
592 4192 640 4242 εί
681 4189 754 4259 μὴ
783 4190 846 4241 ὲκ
870 4189 1172 4258 προοιμίων
1202 4185 1328 4256 μηδ’
1356 4186 1558 4248 εὐθέως
1591 4186 1828 4238 ἐκδικεῖ-

253 4299 347 4333 ται
383 4280 535 4344 παρά
577 4275 716 4328 Θεοῦ
759 4274 826 4327 τά
870 4273 1146 4326 λυποῦντα
1168 4286 1183 4302 ο
1216 4273 1338 4335 έθος
1367 4271 1473 4343 γὰρ
1495 4273 1642 4341 αὐτῷ
1675 4272 1748 4342 μὴ
1771 4274 1828 4326 ἐν

253 4378 404 4445 ἀρχῇ
439 4373 508 4426 τά
531 4370 681 4424 δεινά
699 4370 846 4421 λύειν
879 4367 980 4435 (4),
1007 4367 1120 4420 ἀλλ’
1154 4367 1284 4418 ὅταν
1306 4365 1512 4434 αὐξηθῇ
1544 4367 1642 4418 καὶ
1677 4365 1828 4434 παρὰ

253 4465 367 4516 τῶν
409 4462 675 4513 πλειονων
709 4457 1059 4526 ἀπογνωσθῇ.
1103 4453 1354 4518 ’Δκούεις
1398 4454 1443 4506 δ’
1487 4455 1638 4516 ὅπως
1671 4455 1765 4508 καὶ
1801 4457 1828 4507 6

255 4556 362 4622 μὲν
399 4551 569 4606 Ἀϐελ
595 4551 799 4612 δίκαιος
833 4547 906 4600 ὢν
941 4545 1204 4615 ὲφονεύθη
1232 4547 1392 4614 ταχὺ.
1429 4547 1456 4598 ὁ
1484 4543 1540 4596 δὲ
1574 4545 1710 4599 Κάῖν
1731 4544 1824 4612 ἔζη

1927 660 2071 715 intra
2119 676 2325 726 muros,
2355 661 2562 725 palatia
2597 662 2799 730 ampla,
2836 661 3103 730 porticus,
3141 669 3194 713 et
3216 674 3354 712 auro
3388 659 3464 713 ful

1925 767 2053 823 ges;
2080 751 2175 807 sed
2215 753 2384 806 Deum
2437 753 2541 807 sub
2572 752 2698 806 divo
2728 752 2912 806 colere
2943 751 3138 806 melius
3180 765 3303 806 esse
3328 765 3496 820 quam

1927 861 2080 900 saera
2123 844 2408 914 splendida
2450 844 2633 900 facere
2687 860 2810 899 cum
2860 843 3029 914 impio
3079 845 3286 908 animo,
3330 844 3496 898 etiam

1930 946 2041 993 tres
2075 938 2326 992 homines
2364 938 2419 992 in
2465 939 2689 992 nomine
2745 937 2960 991 Domini
3003 936 3328 1006 coniunctos
3384 935 3497 988 Deo

1929 1030 2190 1100 gratiores
2213 1045 2333 1086 esse
2359 1045 2522 1100 quam
2549 1029 2721 1084 multo
2739 1029 3042 1098 plures-qui
3075 1029 3242 1082 Deum
3275 1039 3496 1096 negent.

1929 1122 2126 1179 nesds.
2186 1121 2330 1178 Elias
2375 1130 2556 1176 autem
2611 1121 2704 1191 qui
2732 1121 3022 1183 Jezabelae
3069 1131 3126 1176 et
3185 1121 3350 1176 David
3401 1120 3498 1190 qui

1929 1214 2078 1270 Sauli
2122 1215 2296 1270 minas
2338 1215 2492 1284 fugit,
2527 1229 2858 1284 quocunque
2902 1225 3173 1268 venerunt
3205 1214 3502 1268 laudarunt

1931 1308 2121 1360 Deum.
2153 1307 2330 1362 Etiam
2385 1317 2648 1377 martyres
2693 1307 2772 1362 illi
2815 1307 3064 1362 veritatis
3107 1307 3340 1377 primoa
3374 1321 3501 1374 pcr-

1927 1399 2277 1466 secuforibus
2306 1401 2480 1454 vexati
2537 1399 2590 1454 in
2625 1400 2802 1469 fugam
2841 1415 2899 1454 se
2932 1400 3205 1456 dederunt
3243 1415 3258 1455 z
3297 1398 3391 1453 sed
3444 1399 3500 1452 in

1929 1493 2147 1547 occulto
2203 1494 2445 1547 animum
2507 1493 2911 1548 confirmarunt
2954 1502 3013 1548 et
3066 1491 3330 1560 protracti
3400 1505 3502 1559 pro

1930 1585 2041 1640 Deo
2071 1587 2270 1640 mortui
2302 1594 2451 1640 sunt.
2497 1605 2514 1638 ι
2559 1586 2912 1656 Nequaquam
2944 1586 3113 1656 igitur
3147 1596 3206 1639 ut
3228 1586 3366 1640 levia
3398 1587 3502 1642 ista

1930 1678 2101 1733 debes
2148 1678 2440 1747 reapicere.
2491 1678 2592 1743 Qui
2670 1679 2725 1732 in
2781 1677 2948 1733 rebus
3005 1677 3254 1745 angustis
3315 1679 3502 1747 pusilli

1929 1781 2058 1827 sunt
2085 1781 2142 1828 et
2170 1772 2358 1827 fractis
2383 1771 2581 1826 animis
2605 1772 2872 1827 mirantur
2911 1772 3054 1841 quod
3089 1773 3380 1841 impiorum
3406 1771 3506 1827 viae

1930 1865 2240 1920 istiusmodi
2287 1865 2340 1918 in
2377 1864 2542 1920 rebus
2582 1866 2757 1934 planae
2807 1876 2863 1922 et
2893 1866 3081 1922 felices
3130 1877 3281 1931 sunt,
3313 1877 3504 1922 contra

1931 1958 2073 2029 quod
2105 1959 2143 2012 ii
2185 1959 2278 2028 qui
2309 1967 2533 2029 propter
2583 1960 2840 2029 pietatem
2880 1960 3218 2030 periculosas
3262 1961 3374 2015 vias
3421 1963 3506 2016 in-

1931 2051 2102 2122 gressi
2131 2063 2282 2118 sunt,
2316 2068 2414 2123 per
2448 2053 2670 2122 longum
2706 2063 2760 2107 et
2797 2053 3071 2107 infinitum
3108 2063 3322 2124 tempus
3357 2055 3508 2109 inso-

1932 2145 2111 2199 lenter
2150 2153 2476 2211 tractantur,
2510 2153 2964 2211 contemnuntur,
2989 2148 3148 2216 128
3172 2149 3502 2216 produntur,

1933 2237 2264 2303 irridentur,
2314 2238 2440 2292 aliis
2470 2239 2659 2294 multis
2707 2241 2976 2294 molestiis
3031 2253 3312 2310 urgentur.
3362 2244 3507 2299 Deus

1933 2330 2083 2385 enim
2106 2345 2218 2384 non
2238 2330 2468 2386 festinat
2491 2331 2780 2401 judicium,
2807 2331 2902 2386 sed
2951 2348 3228 2402 quemque
3263 2335 3502 2390 stadium

1931 2439 2094 2479 suum
2119 2424 2648 2480 vultdecurrcre.Tu
2677 2441 2812 2479 vero
2836 2441 2959 2494 quze
2991 2446 3021 2480 a
3041 2427 3321 2496 majorbus
3344 2430 3506 2487 nobis

1929 2517 2130 2572 tradita
2158 2527 2286 2572 sunt
2325 2517 2486 2572 velim
2516 2519 2860 2575 consideres.
2895 2520 3050 2576 Unde
3099 2522 3145 2576 si
3194 2523 3286 2592 pio
3317 2525 3505 2577 animo

1929 2611 2349 2682 investigaveris
2370 2611 2582 2683 singula
2605 2628 2836 2684 quaeque
2853 2622 2910 2668 et
2933 2624 3112 2668 tecum
3139 2617 3506 2686 reputaveris,

1927 2713 1986 2757 et
2018 2703 2117 2758 tibi
2143 2713 2201 2760 et
2238 2705 2362 2760 aliis
2391 2706 2577 2760 multis
2609 2708 2802 2776 optimi
2834 2708 3048 2763 fructus
3089 2710 3504 2767 redundabnnt.

1931 2796 2104 2852 Audis
2130 2797 2276 2850 enim
2305 2813 2371 2853 ex
2411 2813 2606 2869 magno
2639 2799 2736 2853 illo
2775 2799 3190 2872 Chrysostomo,
3223 2803 3292 2857 ab
3334 2803 3508 2858 initiis

1933 2887 2216 2959 Evangelii
2247 2889 2614 2961 Stephanum,
2644 2893 2822 2949 amnis
2850 2895 3025 2963 rapidi
3059 2910 3214 2950 more
3243 2895 3504 2951 fluentem

1935 2986 1992 3036 et
2027 2995 2218 3036 omnes
2253 2982 2416 3038 silere
2471 2995 2780 3054 cogentem,
2811 2995 2934 3057 post
2962 2988 3126 3044 breve
3176 2998 3394 3060 tempus
3447 2990 3505 3045 in

1933 3074 2282 3144 praedicando
2332 3076 2629 3148 Evangelio
2682 3093 3093 3149 consumptum,
3141 3084 3326 3140 subito
3383 3100 3506 3141 esse

1928 3176 2246 3236 correptum
2299 3177 2464 3238 atque
2513 3178 2576 3223 ut
2626 3169 3009 3240 blasphemum
3073 3178 3500 3238 condemnatum

1931 3269 1986 3316 et
2016 3261 2387 3320 interfectum.
2418 3265 2825 3320 Jacobusinitio
2853 3277 2906 3321 et
2929 3268 3045 3336 ipse
3076 3270 3144 3324 ab
3176 3273 3309 3341 ipsis
3340 3285 3396 3329 et
3429 3276 3503 3332 ita

1857 3326 1901 3384 ο
1931 3353 2111 3409 dicam
2135 3356 2449 3411 carceribus
2480 3365 2789 3425 protractus
2807 3368 2863 3412 et
2883 3326 3274 3419 abii-lerodeuut

1931 3446 2276 3502 satisfaceret
2321 3448 2644 3504 interfectus
2675 3459 2780 3505 est.
2817 3450 3064 3519 Quocum
3127 3457 3379 3515 veritatis
3415 3461 3506 3515 fir-

1930 3540 2238 3594 missimum
2267 3540 2514 3596 concidit
2561 3542 2814 3597 columen
2873 3553 2929 3600 et
2984 3548 3323 3616 praesidium.
3380 3552 3504 3608 Noli

1930 3632 2098 3703 igitur
2138 3633 2350 3699 mirari,
2389 3635 2535 3703 quod
2595 3652 2703 3690 non
2739 3639 3006 3694 continuo
3057 3641 3272 3713 injuria:
3315 3660 3344 3699 a
3393 3647 3505 3702 Deo

1930 3725 2306 3779 vindicantur.
2356 3727 2502 3782 Deus
2551 3730 2698 3782 enim
2750 3730 3122 3799 improborum
3163 3737 3344 3792 studia
3392 3755 3503 3795 non

1928 3815 2070 3870 solet
2094 3817 2204 3886 jam
2239 3832 2269 3871 a
2300 3831 2331 3870 a
2353 3818 2627 3887 principio
2676 3821 2974 3886 retardare,
3006 3824 3099 3879 sed
3141 3836 3252 3880 tum
3282 3828 3505 3886 demum

1929 3920 2055 3962 cum
2103 3923 2428 3978 progressus
2479 3911 2753 3977 fecerunt,
2792 3922 2847 3967 et
2913 3915 3166 3985 plurimis
3217 3933 3504 3992 perspecta

1930 4009 2080 4054 sunt.
2122 4001 2209 4057 Uti
2239 4003 2367 4063 scis,
2399 4004 2532 4058 Abel
2570 4005 2662 4073 qui
2697 4005 3068 4077 homojustus
3099 4020 3218 4064 erat
3289 4023 3506 4071 mature

1930 4102 2158 4147 necatus
2188 4103 2308 4158 est;
2357 4093 2492 4148 Cain
2547 4111 2677 4150 vero
2719 4108 2976 4165 provecta
3067 4101 3287 4156 demum
3344 4114 3502 4160 a-tate

1929 4182 2184 4240 decessit.
2230 4184 2384 4250 Quod
2417 4187 2556 4241 Deus
2587 4197 2876 4258 propterea
2912 4189 3032 4244 fieri
3075 4208 3272 4262 passus
3317 4208 3401 4252 est
3423 4199 3503 4267 (ut

1931 4275 2022 4330 hic
2055 4277 2228 4347 culpa:
2253 4293 2368 4332 sure
2407 4281 2664 4334 conscius
2695 4292 2842 4335 esset
2880 4298 2978 4352 per
3009 4283 3219 4356 longam
3257 4297 3509 4356 mtatem.

1931 4365 2108 4420 Etiam
2142 4382 2450 4436 prmcursor
2486 4370 2727 4426 Joannes
2761 4371 3086 4430 interfectus
3118 4385 3221 4431 est.
3258 4378 3503 4435 llerodes

1930 4467 2112 4511 autem
2148 4461 2240 4527 qui
2294 4459 2569 4514 interfecit
2623 4460 2716 4514 diu
2756 4463 3064 4532 impunitus
3119 4468 3256 4522 vixit
3323 4486 3502 4541 usque

1931 4549 1997 4604 ad
2029 4550 2414 4621 diemjudicii,
2471 4554 2542 4606 ita
2595 4554 2817 4622 quidem
2859 4567 2918 4610 ut
2957 4559 3050 4626 qui
3103 4559 3214 4629 jam
3276 4561 3377 4617 hac
3447 4566 3500 4619 in

255 4643 495 4711 μακρὸν,
539 4641 606 4694 ἶν’
658 4639 960 4707 ἐλέγχηται.
994 4637 1154 4688 πλέον
1185 4639 1219 4704 ἡ
1263 4637 1454 4687 τούτου
1487 4634 1656 4688 κακία
1678 4651 1693 4666 ο
1729 4638 1823 4686 καὶ

1935 4641 2095 4712 129
2126 4652 2267 4697 terra
2299 4647 2648 4699 verminosus
2679 4646 2856 4701 factus
2885 4658 2970 4703 est
3011 4660 3066 4704 et
3096 4653 3332 4706 animam
3359 4656 3503 4711 inter

253 4735 321 4792 αὖ
349 4738 414 4804 [ι’.
453 4735 552 4789 126
581 4732 638 4804 a]
661 4734 690 4785 6
715 4732 814 4801 μὲν
841 4729 1144 4801 πρόδρομος
1181 4729 1434 4797 Ἰωάννης
1453 4726 1553 4796 τὴν
1581 4726 1824 4795 κεφαλὴν

251 4805 546 4900 ἀφηρείτο,
591 4828 618 4878 ὁ
662 4823 707 4876 6’
755 4822 960 4876 ἀνελὼν
1007 4818 1254 4890 Ἡρώδης
1301 4817 1395 4888 ἔζη
1435 4819 1826 4886 ταμιευόμενος

253 4928 336 4986 είς
376 4919 570 4990 καιρὸν
601 4916 953 4984 ἐκδικήσεως,
997 4914 1082 4965 ἵνα
1117 4911 1318 4981 δηλαδὴ
1360 4909 1827 4979 σκωληκόϐρωτος

255 5014 498 5071 ἐνταῦθα
540 5013 834 5080 γενόμενος
861 5009 956 5060 καὶ
984 5005 1270 5075 ἀποψύξας
1309 5005 1526 5074 πικρῶς
1554 5003 1688 5074 πρὸς
1733 5003 1826 5055 τὸν

253 5107 566 5175 ἀκοίμητον
619 5103 824 5154 ἐκεῖνον
857 5099 1056 5150 οὑτωσὶ
1097 5095 1532 5166 παραπεμφθείη
1577 5095 1606 5146 6
1633 5093 1825 5146 ταλαί-

256 5216 441 5269 πωρος
498 5195 774 5262 σκώληκα.
818 5192 895 5242 Δι’
945 5207 1021 5243 ων
1050 5189 1178 5256 γὰρ,
1236 5188 1402 5256 φησὶν
1453 5187 1553 5255 (5),
1600 5186 1823 5238 ἐπιϐου-

251 5292 528 5351 λεύουσιν,
553 5287 766 5346 ἑαυτοῖς
801 5284 999 5353 μᾶλλον
1089 5280 1293 5348 ἑτέροις
1318 5279 1386 5330 τὰ
1415 5279 1666 5350 βάραθρα
1704 5280 1828 5331 ἀνο.

262 5386 552 5452 ρύττουσιν
578 5394 592 5407 ο
634 5378 682 5429 οί
727 5377 824 5444 μὲν
860 5376 969 5443 γὰρ
1009 5373 1484 5441 ἐπιϐουλευόμενοι
1516 5371 1614 5442 τὴν
1642 5371 1822 5424 οίκου·

255 5479 428 5546 μένην
461 5472 694 5540 ἐραστάς
725 5470 943 5538 ἔχουσιν
987 5468 1283 5528 ἐπαινέτας
1318 5464 1818 5534 ἀνακηρύττοντας,

253 5563 677 5634 στεφανοῦντας,
708 5563 832 5622 τοὺς
871 5560 1081 5620 εἰδότας
1129 5561 1256 5618 τοὺς
1299 5555 1400 5608 οὐκ
1437 5557 1668 5621 εἰδότας,
1697 5559 1823 5619 τοὺς

253 5661 359 5713 ἀπὸ
392 5660 500 5712 τῶν
546 5654 911 5728 πραγμάτων,
949 5653 1071 5714 τοὺς
1113 5651 1178 5702 ὲκ
1217 5649 1314 5717 τῆς
1349 5649 1533 5718 φήμης
1571 5652 1636 5702 τὶι
1681 5650 1823 5701 ἐκεί-

325 5827 402 5894 (l)
569 5821 664 5874 τοῦ
686 5819 1120 5898 Δξυνῂτακτηρ-ίουἶ
1369 5885 1393 5896 θ

328 5889 401 5966 (2)
435 5893 757 5966 ’ᾼθαναῌσὶου
789 5889 1419 5966 sxhtoﬁm'tfto‘lquemog,

430 5965 527 6019 Ἐκ
558 5963 651 6017 τοῦ
685 5962 824 6017 κατά
855 5961 1123 6014 Ἰουδαίων
1153 5961 1194 6012 θ’
1226 5959 1406 6025 λόγου.

1930 4735 2144 4787 dolores
2167 4733 2486 4803 exspiravit,
2525 4735 2666 4790 idem
2694 4737 2892 4793 deinde
2927 4741 3098 4794 vermi
3155 4742 3230 4797 illi
3286 4746 3503 4802 assidue

1931 4827 2243 4882 absumenti
2264 4830 2318 4883 in
2332 4828 2514 4883 cibum
2535 4831 2890 4900 praeberetur.
2914 4834 2993 4900 Qu
3005 4850 3094 4889 are
3116 4851 3245 4892 vcrc
3263 4853 3322 4893 se
3337 4839 3504 4896 habet

1930 4922 2079 4992 quod
2106 4922 2314 4988 dicunt,
2344 4924 2567 4993 eos-qui
2597 4925 2720 4980 aliis
2761 4926 2986 4982 insidias
3035 4937 3333 4995 struerem,
3393 4935 3497 4990 sibi

1931 5014 2116 5082 potius
2145 5029 2307 5084 quam
2342 5016 2466 5070 aliis
2495 5024 2732 5072 struere.
2778 5017 2996 5073 Etenim
3023 5021 3059 5074 ii
3111 5022 3317 5091 quibus
3362 5025 3499 5082 insi-

1931 5107 2052 5160 dias
2098 5115 2290 5177 parant
2328 5123 2356 5161 a
2390 5107 2637 5177 plurimis
2668 5119 2943 5177 amantur,
2992 5113 3307 5179 laudantur,
3361 5134 3501 5187 pne-

1933 5198 2208 5266 dicantur,
2239 5211 2596 5268 coronantur,
2628 5218 2824 5273 nempe
2852 5205 2921 5258 ab
2946 5205 3014 5258 iis
3042 5206 3134 5275 qui
3167 5224 3252 5262 res
3312 5213 3500 5281 cogni-

1936 5300 2037 5357 tas,
2065 5303 2121 5348 et
2149 5295 2242 5363 qui
2268 5310 2373 5348 non
2411 5296 2660 5364 cognitas
2715 5297 2938 5362 habent,
2985 5300 3079 5366 qui
3141 5316 3232 5355 res
3292 5304 3394 5372 ipsi
3445 5316 3500 5357 ct

1928 5387 2022 5454 qui
2045 5386 2185 5440 fama
2220 5396 2426 5441 tantum
2456 5399 2766 5455 compertas
2785 5390 3007 5457 habent,
3039 5395 3128 5464 qui
3154 5410 3274 5448 cum
3311 5396 3378 5450 iis
3400 5395 3498 5450 do-

1929 5479 2073 5533 lores
2108 5480 2409 5549 patiuntur,
2438 5482 2532 5549 qui
2566 5481 2814 5535 laborum
2839 5483 2975 5538 socii
3028 5495 3178 5552 sunt,
3247 5486 3492 5556 denique

1930 5570 1998 5624 ah
2018 5572 2277 5625 omnibus
2308 5572 2402 5641 qui
2455 5589 2580 5627 cum
2635 5573 2700 5627 iis
2735 5575 2950 5629 veritati
2989 5577 3231 5632 student.
3291 5578 3499 5639 Contra

1932 5663 2280 5720 insidiatores
2329 5680 2358 5717 ει
2390 5664 2643 5731 plurimis
2697 5663 2827 5718 odio
2881 5665 3172 5732 habentur,
3233 5685 3502 5727 accusan-

2001 5825 2072 5887 (4)
2107 5825 2200 5877 Ἐκ
2229 5826 2331 5876 τῶν
2361 5827 2492 5894 πρὸς
2522 5824 2862 5892 Ὀλυμπιάδα
2893 5824 3212 5884 ἐπιστολῶν,

1997 5896 2072 5965 (ὅ)
2102 5896 2194 5947 Ἐκ
2226 5895 2318 5948 τοῦ
2360 5895 2404 5950 0'
2430 5897 2586 5965 λόγου
2621 5897 2763 5950 κατὰ
2792 5895 3084 5950 Ἰουδαίων.
