  <div class='ocr_page' id='page_1' title='image "/cluster/home/n/w/nwhite01/storage/ocr_20150623/149/hvd.32044019208370/064.png"; bbox 0 0 4050 6592; ppageno 0'>
   <div class='ocr_carea' id='block_1_1' title="bbox 300 456 405 523">
    <p class='ocr_par' dir='ltr' id='par_1_1' title="bbox 300 456 405 523">
     <span class='ocr_line' id='line_1_1' title="bbox 300 456 405 523; baseline 0.038 -4"><span class='ocrx_word' id='word_1_1' title='bbox 300 456 405 523; x_wconf 74' lang='grc'><strong>113</strong></span> 
     </span>
    </p>
   </div>
   <div class='ocr_carea' id='block_1_2' title="bbox 1243 461 2567 533">
    <p class='ocr_par' dir='ltr' id='par_1_2' title="bbox 1243 461 2567 533">
     <span class='ocr_line' id='line_1_2' title="bbox 1243 461 2567 533; baseline 0.006 -11"><span class='ocrx_word' id='word_1_2' title='bbox 1243 461 1686 526; x_wconf 59' lang='grc' dir='ltr'><strong>ΒΥΖΑΝΤΙΝΖΕ</strong></span> <span class='ocrx_word' id='word_1_3' title='bbox 1721 461 2106 533; x_wconf 66' lang='lat' dir='ltr'><strong>HISTORIA!</strong></span> <span class='ocrx_word' id='word_1_4' title='bbox 2139 468 2284 528; x_wconf 87' lang='lat' dir='ltr'><strong>LIB.</strong></span> <span class='ocrx_word' id='word_1_5' title='bbox 2327 470 2567 533; x_wconf 81' lang='lat' dir='ltr'><strong>XXVII.</strong></span> 
     </span>
    </p>
   </div>
   <div class='ocr_carea' id='block_1_3' title="bbox 3337 421 3546 540">
    <p class='ocr_par' dir='ltr' id='par_1_3' title="bbox 3337 421 3546 540">
     <span class='ocr_line' id='line_1_3' title="bbox 3337 421 3546 540; baseline 0.01 -2"><span class='ocrx_word' id='word_1_6' title='bbox 3337 421 3345 428; x_wconf 47' lang='grc'><em>’</em></span> <span class='ocrx_word' id='word_1_7' title='bbox 3443 474 3546 540; x_wconf 76' lang='grc' dir='ltr'><strong>ιιι</strong></span> 
     </span>
    </p>
   </div>
   <div class='ocr_carea' id='block_1_4' title="bbox 297 576 1890 658">
    <p class='ocr_par' dir='ltr' id='par_1_4' title="bbox 297 576 1874 654">
     <span class='ocr_line' id='line_1_4' title="bbox 297 576 1874 654; baseline 0.006 -26"><span class='ocrx_word' id='word_1_8' title='bbox 297 578 495 641; x_wconf 75' lang='grc' dir='ltr'>κυόνος</span> <span class='ocrx_word' id='word_1_9' title='bbox 554 576 822 650; x_wconf 73' lang='grc' dir='ltr'>ἀφίκηται</span> <span class='ocrx_word' id='word_1_10' title='bbox 872 578 1075 648; x_wconf 81' lang='grc' dir='ltr'><strong>πτῆσιν</strong></span> <span class='ocrx_word' id='word_1_11' title='bbox 1124 579 1368 635; x_wconf 79' lang='grc' dir='ltr'>ἐκτόκια.</span> <span class='ocrx_word' id='word_1_12' title='bbox 1402 581 1524 636; x_wconf 66' lang='grc' dir='ltr'>Τῶν</span> <span class='ocrx_word' id='word_1_13' title='bbox 1580 583 1874 654; x_wconf 86' lang='grc' dir='ltr'>παραπλη-</span> 
     </span>
    </p>
   </div>
   <div class='ocr_carea' id='block_1_5' title="bbox 1993 576 3548 658">
    <p class='ocr_par' dir='ltr' id='par_1_5' title="bbox 1993 585 3548 658">
     <span class='ocr_line' id='line_1_5' title="bbox 1993 585 3548 658; baseline 0.003 -19"><span class='ocrx_word' id='word_1_14' title='bbox 1993 599 2081 655; x_wconf 69' lang='lat' dir='ltr'><strong>[ue</strong></span> <span class='ocrx_word' id='word_1_15' title='bbox 2112 594 2275 642; x_wconf 91' lang='lat' dir='ltr'><strong>noctu</strong></span> <span class='ocrx_word' id='word_1_16' title='bbox 2324 585 2530 658; x_wconf 85' lang='lat' dir='ltr'><strong>diuque</strong></span> <span class='ocrx_word' id='word_1_17' title='bbox 2577 587 2985 645; x_wconf 84' lang='lat' dir='ltr'><strong>circumsedent</strong></span> <span class='ocrx_word' id='word_1_18' title='bbox 3025 586 3191 643; x_wconf 84' lang='lat' dir='ltr'><strong>etiam</strong></span> <span class='ocrx_word' id='word_1_19' title='bbox 3237 602 3456 642; x_wconf 88' lang='lat' dir='ltr'><strong>omnem</strong></span> <span class='ocrx_word' id='word_1_20' title='bbox 3489 590 3548 643; x_wconf 88' lang='lat' dir='ltr'><strong>in</strong></span> 
     </span>
    </p>
   </div>
   <div class='ocr_carea' id='block_1_6' title="bbox 301 669 1879 746">
    <p class='ocr_par' dir='ltr' id='par_1_6' title="bbox 301 669 1879 746">
     <span class='ocr_line' id='line_1_6' title="bbox 301 669 1879 746; baseline 0.007 -27"><span class='ocrx_word' id='word_1_21' title='bbox 301 670 437 722; x_wconf 81' lang='grc' dir='ltr'>σίων</span> <span class='ocrx_word' id='word_1_22' title='bbox 481 669 668 724; x_wconf 78' lang='grc' dir='ltr'>τοίνυν</span> <span class='ocrx_word' id='word_1_23' title='bbox 704 670 853 740; x_wconf 68' lang='grc' dir='ltr'><strong>κάμὲ</strong></span> <span class='ocrx_word' id='word_1_24' title='bbox 904 670 1040 741; x_wconf 75' lang='grc' dir='ltr'>πρὸς</span> <span class='ocrx_word' id='word_1_25' title='bbox 1068 671 1170 743; x_wconf 85' lang='grc' dir='ltr'><strong>τῆς</strong></span> <span class='ocrx_word' id='word_1_26' title='bbox 1198 671 1293 727; x_wconf 84' lang='grc' dir='ltr'><strong>τοῦ</strong></span> <span class='ocrx_word' id='word_1_27' title='bbox 1338 673 1473 728; x_wconf 87' lang='grc' dir='ltr'>Θεοῦ</span> <span class='ocrx_word' id='word_1_28' title='bbox 1511 673 1694 740; x_wconf 75' lang='grc' dir='ltr'>δεξιᾶς</span> <span class='ocrx_word' id='word_1_29' title='bbox 1730 693 1879 746; x_wconf 87' lang='grc' dir='ltr'>τηνι-</span> 
     </span>
    </p>
   </div>
   <div class='ocr_carea' id='block_1_7' title="bbox 305 756 1876 834">
    <p class='ocr_par' dir='ltr' id='par_1_7' title="bbox 305 756 1876 834">
     <span class='ocr_line' id='line_1_7' title="bbox 305 756 1876 834; baseline 0.005 -25"><span class='ocrx_word' id='word_1_30' title='bbox 305 756 485 812; x_wconf 83' lang='grc' dir='ltr'>καῦτα</span> <span class='ocrx_word' id='word_1_31' title='bbox 525 759 727 831; x_wconf 73' lang='grc' dir='ltr'>συνέϐη</span> <span class='ocrx_word' id='word_1_32' title='bbox 760 760 1060 830; x_wconf 82' lang='grc' dir='ltr'>πειρᾶσθαι</span> <span class='ocrx_word' id='word_1_33' title='bbox 1082 778 1099 795; x_wconf 90' lang='grc'><strong>·</strong></span> <span class='ocrx_word' id='word_1_34' title='bbox 1136 761 1247 816; x_wconf 92' lang='grc' dir='ltr'><strong>τῶν</strong></span> <span class='ocrx_word' id='word_1_35' title='bbox 1279 763 1389 834; x_wconf 90' lang='grc' dir='ltr'><strong>γάρ</strong></span> <span class='ocrx_word' id='word_1_36' title='bbox 1421 781 1504 818; x_wconf 89' lang='grc' dir='ltr'><strong>τοι</strong></span> <span class='ocrx_word' id='word_1_37' title='bbox 1550 765 1876 832; x_wconf 79' lang='grc' dir='ltr'><strong>διωκόντων,</strong></span> 
     </span>
    </p>
   </div>
   <div class='ocr_carea' id='block_1_8' title="bbox 302 851 1879 930">
    <p class='ocr_par' dir='ltr' id='par_1_8' title="bbox 302 851 1879 930">
     <span class='ocr_line' id='line_1_8' title="bbox 302 851 1879 930; baseline 0.004 -25"><span class='ocrx_word' id='word_1_38' title='bbox 302 851 495 924; x_wconf 82' lang='grc' dir='ltr'>κύκλῳ</span> <span class='ocrx_word' id='word_1_39' title='bbox 540 851 667 925; x_wconf 74' lang='grc' dir='ltr'>περὶ</span> <span class='ocrx_word' id='word_1_40' title='bbox 715 856 809 909; x_wconf 85' lang='grc' dir='ltr'>τὸν</span> <span class='ocrx_word' id='word_1_41' title='bbox 855 856 1077 925; x_wconf 80' lang='grc' dir='ltr'>δέσμιον</span> <span class='ocrx_word' id='word_1_42' title='bbox 1119 857 1178 912; x_wconf 83' lang='grc' dir='ltr'>ὲν</span> <span class='ocrx_word' id='word_1_43' title='bbox 1212 856 1432 927; x_wconf 83' lang='grc' dir='ltr'><strong>Χριστῷ</strong></span> <span class='ocrx_word' id='word_1_44' title='bbox 1481 859 1677 930; x_wconf 84' lang='grc' dir='ltr'>κομιδῆ</span> <span class='ocrx_word' id='word_1_45' title='bbox 1709 860 1879 929; x_wconf 86' lang='grc' dir='ltr'>συχνὰ</span> 
     </span>
    </p>
   </div>
   <div class='ocr_carea' id='block_1_9' title="bbox 304 947 1880 1025">
    <p class='ocr_par' dir='ltr' id='par_1_9' title="bbox 304 947 1880 1025">
     <span class='ocr_line' id='line_1_9' title="bbox 304 947 1880 1025; baseline 0.006 -28"><span class='ocrx_word' id='word_1_46' title='bbox 304 947 750 1017; x_wconf 76' lang='grc' dir='ltr'>περιτρεχόντων</span> <span class='ocrx_word' id='word_1_47' title='bbox 784 948 885 1018; x_wconf 69' lang='grc' dir='ltr'><strong>ἐμὲ</strong></span> <span class='ocrx_word' id='word_1_48' title='bbox 910 950 1001 1002; x_wconf 71' lang='grc' dir='ltr'>καὶ</span> <span class='ocrx_word' id='word_1_49' title='bbox 1027 948 1245 1022; x_wconf 82' lang='grc' dir='ltr'><strong>νύκτωρ</strong></span> <span class='ocrx_word' id='word_1_50' title='bbox 1276 969 1335 1005; x_wconf 90' lang='grc' dir='ltr'><strong>τε</strong></span> <span class='ocrx_word' id='word_1_51' title='bbox 1368 953 1461 1025; x_wconf 57' lang='grc' dir='ltr'><strong>καί</strong></span> <span class='ocrx_word' id='word_1_52' title='bbox 1496 951 1616 1021; x_wconf 89' lang='grc' dir='ltr'>μεθ’</span> <span class='ocrx_word' id='word_1_53' title='bbox 1665 951 1880 1022; x_wconf 78' lang='grc' dir='ltr'><strong>ἡμέραν</strong></span> 
     </span>
    </p>
   </div>
   <div class='ocr_carea' id='block_1_10' title="bbox 304 1037 1881 1115">
    <p class='ocr_par' dir='ltr' id='par_1_10' title="bbox 304 1037 1881 1115">
     <span class='ocr_line' id='line_1_10' title="bbox 304 1037 1881 1115; baseline 0.005 -27"><span class='ocrx_word' id='word_1_54' title='bbox 304 1037 721 1108; x_wconf 66' lang='grc' dir='ltr'>ἑνεδρευῦντων,</span> <span class='ocrx_word' id='word_1_55' title='bbox 747 1040 841 1094; x_wconf 76' lang='grc' dir='ltr'>καὶ</span> <span class='ocrx_word' id='word_1_56' title='bbox 880 1041 1062 1094; x_wconf 77' lang='grc' dir='ltr'>πᾶσαν</span> <span class='ocrx_word' id='word_1_57' title='bbox 1089 1040 1179 1097; x_wconf 76' lang='grc' dir='ltr'><strong>ἐπ’</strong></span> <span class='ocrx_word' id='word_1_58' title='bbox 1208 1042 1309 1112; x_wconf 71' lang='grc' dir='ltr'><strong>ἐμὲ</strong></span> <span class='ocrx_word' id='word_1_59' title='bbox 1335 1043 1629 1098; x_wconf 82' lang='grc' dir='ltr'>κινούντων</span> <span class='ocrx_word' id='word_1_60' title='bbox 1655 1043 1881 1115; x_wconf 90' lang='grc' dir='ltr'>γνώμης</span> 
     </span>
    </p>
   </div>
   <div class='ocr_carea' id='block_1_11' title="bbox 302 1136 1882 1215">
    <p class='ocr_par' dir='ltr' id='par_1_11' title="bbox 302 1136 1882 1215">
     <span class='ocr_line' id='line_1_11' title="bbox 302 1136 1882 1215; baseline 0.009 -31"><span class='ocrx_word' id='word_1_61' title='bbox 302 1151 366 1185; x_wconf 87' lang='grc' dir='ltr'><strong>τε</strong></span> <span class='ocrx_word' id='word_1_62' title='bbox 425 1137 522 1188; x_wconf 81' lang='grc' dir='ltr'>καὶ</span> <span class='ocrx_word' id='word_1_63' title='bbox 580 1136 830 1210; x_wconf 83' lang='grc' dir='ltr'><strong>γλώττης</strong></span> <span class='ocrx_word' id='word_1_64' title='bbox 886 1139 1119 1209; x_wconf 83' lang='grc' dir='ltr'>μανίαν,</span> <span class='ocrx_word' id='word_1_65' title='bbox 1176 1140 1506 1214; x_wconf 79' lang='grc' dir='ltr'>ὠρυομένων</span> <span class='ocrx_word' id='word_1_66' title='bbox 1565 1140 1724 1215; x_wconf 87' lang='grc' dir='ltr'>δίκην</span> <span class='ocrx_word' id='word_1_67' title='bbox 1784 1144 1882 1198; x_wconf 80' lang='grc' dir='ltr'>καὶ</span> 
     </span>
    </p>
   </div>
   <div class='ocr_carea' id='block_1_12' title="bbox 304 1226 1882 1310">
    <p class='ocr_par' dir='ltr' id='par_1_12' title="bbox 304 1226 1882 1310">
     <span class='ocr_line' id='line_1_12' title="bbox 304 1226 1882 1310; baseline 0.008 -32"><span class='ocrx_word' id='word_1_68' title='bbox 304 1226 692 1283; x_wconf 75' lang='grc' dir='ltr'><strong>ὑλακτούντων</strong></span> <span class='ocrx_word' id='word_1_69' title='bbox 727 1230 932 1303; x_wconf 83' lang='grc' dir='ltr'>θηρῶν,</span> <span class='ocrx_word' id='word_1_70' title='bbox 962 1233 1057 1288; x_wconf 73' lang='grc' dir='ltr'><strong>καὶ</strong></span> <span class='ocrx_word' id='word_1_71' title='bbox 1097 1236 1237 1305; x_wconf 85' lang='grc' dir='ltr'>μήτε</span> <span class='ocrx_word' id='word_1_72' title='bbox 1268 1236 1476 1305; x_wconf 80' lang='grc' dir='ltr'>μηδένα</span> <span class='ocrx_word' id='word_1_73' title='bbox 1512 1238 1740 1310; x_wconf 87' lang='grc' dir='ltr'>μηδαμῆ</span> <span class='ocrx_word' id='word_1_74' title='bbox 1772 1238 1882 1291; x_wconf 90' lang='grc' dir='ltr'><strong>τῶν</strong></span> 
     </span>
    </p>
   </div>
   <div class='ocr_carea' id='block_1_13' title="bbox 302 1318 1883 1401">
    <p class='ocr_par' dir='ltr' id='par_1_13' title="bbox 302 1318 1883 1401">
     <span class='ocr_line' id='line_1_13' title="bbox 302 1318 1883 1401; baseline 0.008 -30"><span class='ocrx_word' id='word_1_75' title='bbox 302 1318 616 1389; x_wconf 74' lang='grc' dir='ltr'>ἀνθρώπων</span> <span class='ocrx_word' id='word_1_76' title='bbox 646 1321 817 1392; x_wconf 73' lang='grc' dir='ltr'>μηδὲν</span> <span class='ocrx_word' id='word_1_77' title='bbox 847 1325 1075 1398; x_wconf 86' lang='grc' dir='ltr'>μηδαμῆ</span> <span class='ocrx_word' id='word_1_78' title='bbox 1109 1327 1221 1383; x_wconf 86' lang='grc' dir='ltr'><strong>τῶν</strong></span> <span class='ocrx_word' id='word_1_79' title='bbox 1264 1328 1590 1401; x_wconf 74' lang='grc' dir='ltr'>ἐπιτηδείων</span> <span class='ocrx_word' id='word_1_80' title='bbox 1614 1364 1619 1371; x_wconf 70' lang='grc' dir='ltr'><strong><em>ο</em></strong></span> <span class='ocrx_word' id='word_1_81' title='bbox 1639 1329 1883 1401; x_wconf 77' lang='grc' dir='ltr'>εἰσκομί-</span> 
     </span>
    </p>
   </div>
   <div class='ocr_carea' id='block_1_14' title="bbox 304 1411 1882 1493">
    <p class='ocr_par' dir='ltr' id='par_1_14' title="bbox 304 1411 1882 1493">
     <span class='ocr_line' id='line_1_14' title="bbox 304 1411 1882 1493; baseline 0.01 -32"><span class='ocrx_word' id='word_1_82' title='bbox 304 1411 424 1473; x_wconf 76' lang='grc' dir='ltr'>ζειν</span> <span class='ocrx_word' id='word_1_83' title='bbox 473 1411 806 1483; x_wconf 80' lang='grc' dir='ltr'>ὀθενδήποτε</span> <span class='ocrx_word' id='word_1_84' title='bbox 858 1418 1313 1489; x_wconf 80' lang='grc' dir='ltr'>συγχωρούντων,</span> <span class='ocrx_word' id='word_1_85' title='bbox 1358 1421 1497 1492; x_wconf 79' lang='grc' dir='ltr'>μήτε</span> <span class='ocrx_word' id='word_1_86' title='bbox 1555 1423 1722 1493; x_wconf 66' lang='grc' dir='ltr'>μηδὲν</span> <span class='ocrx_word' id='word_1_87' title='bbox 1773 1422 1882 1478; x_wconf 88' lang='grc' dir='ltr'><strong>τῶν</strong></span> 
     </span>
    </p>
   </div>
   <div class='ocr_carea' id='block_1_15' title="bbox 302 1503 1884 1589">
    <p class='ocr_par' dir='ltr' id='par_1_15' title="bbox 302 1503 1884 1589">
     <span class='ocr_line' id='line_1_15' title="bbox 302 1503 1884 1589; baseline 0.011 -36"><span class='ocrx_word' id='word_1_88' title='bbox 302 1503 405 1554; x_wconf 82' lang='grc' dir='ltr'>ὅσα</span> <span class='ocrx_word' id='word_1_89' title='bbox 426 1503 528 1574; x_wconf 80' lang='grc' dir='ltr'>τὴν</span> <span class='ocrx_word' id='word_1_90' title='bbox 551 1504 646 1559; x_wconf 89' lang='grc' dir='ltr'><strong>τοῦ</strong></span> <span class='ocrx_word' id='word_1_91' title='bbox 673 1506 909 1577; x_wconf 71' lang='grc' dir='ltr'>γράφειν</span> <span class='ocrx_word' id='word_1_92' title='bbox 935 1511 1239 1581; x_wconf 83' lang='grc' dir='ltr'>παρέχεται</span> <span class='ocrx_word' id='word_1_93' title='bbox 1282 1513 1472 1585; x_wconf 90' lang='grc' dir='ltr'>χρείαν</span> <span class='ocrx_word' id='word_1_94' title='bbox 1504 1512 1721 1570; x_wconf 81' lang='grc' dir='ltr'>ἐώντων</span> <span class='ocrx_word' id='word_1_95' title='bbox 1752 1516 1884 1589; x_wconf 78' lang='grc' dir='ltr'>μήτ’</span> 
     </span>
    </p>
   </div>
   <div class='ocr_carea' id='block_1_16' title="bbox 306 1594 1887 1691">
    <p class='ocr_par' dir='ltr' id='par_1_16' title="bbox 306 1594 1887 1691">
     <span class='ocr_line' id='line_1_16' title="bbox 306 1594 1887 1691; baseline 0.012 -46"><span class='ocrx_word' id='word_1_96' title='bbox 306 1594 499 1691; x_wconf 46' lang='lat' dir='ltr'><strong>suam~</strong></span> <span class='ocrx_word' id='word_1_97' title='bbox 519 1597 986 1691; x_wconf 21' lang='lat' dir='ltr'><strong>huivﬂcuvomsi&#39;v</strong></span> <span class='ocrx_word' id='word_1_98' title='bbox 1042 1603 1173 1675; x_wconf 80' lang='grc' dir='ltr'>μήτ’</span> <span class='ocrx_word' id='word_1_99' title='bbox 1222 1604 1423 1673; x_wconf 80' lang='grc' dir='ltr'>ἔξωθεν</span> <span class='ocrx_word' id='word_1_100' title='bbox 1456 1607 1696 1691; x_wconf 73' lang='grc' dir='ltr'>είσιέναι</span> <span class='ocrx_word' id='word_1_101' title='bbox 1752 1608 1887 1681; x_wconf 77' lang='grc' dir='ltr'>παρ’</span> 
     </span>
    </p>
   </div>
   <div class='ocr_carea' id='block_1_17' title="bbox 303 1684 1883 1772">
    <p class='ocr_par' dir='ltr' id='par_1_17' title="bbox 303 1684 1883 1772">
     <span class='ocr_line' id='line_1_17' title="bbox 303 1684 1883 1772; baseline 0.011 -37"><span class='ocrx_word' id='word_1_102' title='bbox 303 1684 555 1753; x_wconf 76' lang='grc' dir='ltr'>ὁτουοῦν,</span> <span class='ocrx_word' id='word_1_103' title='bbox 583 1686 852 1758; x_wconf 71' lang='grc' dir='ltr'>ἐλάθομεν</span> <span class='ocrx_word' id='word_1_104' title='bbox 894 1693 1196 1766; x_wconf 71' lang='grc' dir='ltr'>ἀπορρήτῳ</span> <span class='ocrx_word' id='word_1_105' title='bbox 1238 1697 1378 1751; x_wconf 84' lang='grc' dir='ltr'>Θεοῦ</span> <span class='ocrx_word' id='word_1_106' title='bbox 1416 1686 1646 1770; x_wconf 80' lang='grc' dir='ltr'>προνοίᾳ</span> <span class='ocrx_word' id='word_1_107' title='bbox 1678 1698 1883 1772; x_wconf 83' lang='grc' dir='ltr'>μικροῦ</span> 
     </span>
    </p>
   </div>
   <div class='ocr_carea' id='block_1_18' title="bbox 306 1775 1885 1861">
    <p class='ocr_par' dir='ltr' id='par_1_18' title="bbox 306 1775 1885 1861">
     <span class='ocr_line' id='line_1_18' title="bbox 306 1775 1885 1861; baseline 0.018 -34"><span class='ocrx_word' id='word_1_108' title='bbox 306 1775 411 1845; x_wconf 77' lang='grc' dir='ltr'>τὴν</span> <span class='ocrx_word' id='word_1_109' title='bbox 459 1778 591 1849; x_wconf 85' lang='grc' dir='ltr'>ὅλην</span> <span class='ocrx_word' id='word_1_110' title='bbox 655 1780 766 1834; x_wconf 89' lang='grc' dir='ltr'><strong>τῶν</strong></span> <span class='ocrx_word' id='word_1_111' title='bbox 818 1786 1130 1853; x_wconf 80' lang='grc' dir='ltr'>γενομένων</span> <span class='ocrx_word' id='word_1_112' title='bbox 1171 1790 1358 1860; x_wconf 71' lang='grc' dir='ltr'>γραφῇ</span> <span class='ocrx_word' id='word_1_113' title='bbox 1411 1791 1885 1861; x_wconf 77' lang='grc' dir='ltr'>παραπέμψαντες</span> 
     </span>
    </p>
   </div>
   <div class='ocr_carea' id='block_1_19' title="bbox 312 1866 1885 1954">
    <p class='ocr_par' dir='ltr' id='par_1_19' title="bbox 312 1866 1885 1954">
     <span class='ocr_line' id='line_1_19' title="bbox 312 1866 1885 1954; baseline 0.012 -37"><span class='ocrx_word' id='word_1_114' title='bbox 312 1866 567 1938; x_wconf 71' lang='grc' dir='ltr'>ἱστορίαν</span> <span class='ocrx_word' id='word_1_115' title='bbox 596 1869 656 1922; x_wconf 71' lang='grc' dir='ltr'>ἐν</span> <span class='ocrx_word' id='word_1_116' title='bbox 685 1872 869 1943; x_wconf 80' lang='grc' dir='ltr'>μικρῷ</span> <span class='ocrx_word' id='word_1_117' title='bbox 901 1875 1099 1945; x_wconf 85' lang='grc' dir='ltr'>καιροῦ</span> <span class='ocrx_word' id='word_1_118' title='bbox 1140 1876 1496 1950; x_wconf 81' lang='grc' dir='ltr'>διαστήματι,</span> <span class='ocrx_word' id='word_1_119' title='bbox 1526 1883 1663 1953; x_wconf 82' lang='grc' dir='ltr'>μήτε</span> <span class='ocrx_word' id='word_1_120' title='bbox 1698 1882 1885 1954; x_wconf 69' lang='grc' dir='ltr'>μακρὰ</span> 
     </span>
    </p>
   </div>
   <div class='ocr_carea' id='block_1_20' title="bbox 305 1956 1885 2041">
    <p class='ocr_par' dir='ltr' id='par_1_20' title="bbox 305 1956 1885 2041">
     <span class='ocr_line' id='line_1_20' title="bbox 305 1956 1885 2041; baseline 0.013 -36"><span class='ocrx_word' id='word_1_121' title='bbox 305 1956 419 2008; x_wconf 80' lang='grc' dir='ltr'><strong>τῶν</strong></span> <span class='ocrx_word' id='word_1_122' title='bbox 466 1957 788 2026; x_wconf 77' lang='grc' dir='ltr'>ἀναγκαίων</span> <span class='ocrx_word' id='word_1_123' title='bbox 839 1965 1268 2032; x_wconf 86' lang='grc' dir='ltr'>παραλιπόντες,</span> <span class='ocrx_word' id='word_1_124' title='bbox 1322 1969 1462 2038; x_wconf 83' lang='grc' dir='ltr'>μήτε</span> <span class='ocrx_word' id='word_1_125' title='bbox 1524 1970 1710 2041; x_wconf 79' lang='grc' dir='ltr'>μακρᾶ</span> <span class='ocrx_word' id='word_1_126' title='bbox 1777 1974 1885 2025; x_wconf 89' lang='grc' dir='ltr'><strong>τῶν</strong></span> 
     </span>
    </p>
   </div>
   <div class='ocr_carea' id='block_1_21' title="bbox 306 2046 1886 2134">
    <p class='ocr_par' dir='ltr' id='par_1_21' title="bbox 306 2046 1886 2134">
     <span class='ocr_line' id='line_1_21' title="bbox 306 2046 1886 2134; baseline 0.013 -38"><span class='ocrx_word' id='word_1_127' title='bbox 306 2046 515 2116; x_wconf 85' lang='grc' dir='ltr'>οίοισδή</span> <span class='ocrx_word' id='word_1_128' title='bbox 547 2065 694 2103; x_wconf 86' lang='grc' dir='ltr'>τισιν</span> <span class='ocrx_word' id='word_1_129' title='bbox 736 2050 877 2106; x_wconf 72' lang='grc' dir='ltr'>εἶναι</span> <span class='ocrx_word' id='word_1_130' title='bbox 903 2055 1207 2110; x_wconf 85' lang='grc' dir='ltr'>δοκούντων</span> <span class='ocrx_word' id='word_1_131' title='bbox 1253 2061 1666 2130; x_wconf 71' lang='grc' dir='ltr'>παραμίξαντες</span> <span class='ocrx_word' id='word_1_132' title='bbox 1696 2080 1886 2134; x_wconf 82' lang='grc' dir='ltr'>περιτ-</span> 
     </span>
    </p>
   </div>
   <div class='ocr_carea' id='block_1_22' title="bbox 305 2137 1888 2227">
    <p class='ocr_par' dir='ltr' id='par_1_22' title="bbox 305 2137 1888 2227">
     <span class='ocr_line' id='line_1_22' title="bbox 305 2137 1888 2227; baseline 0.016 -40"><span class='ocrx_word' id='word_1_133' title='bbox 305 2137 442 2199; x_wconf 90' lang='grc' dir='ltr'>τῶν,</span> <span class='ocrx_word' id='word_1_134' title='bbox 481 2138 601 2192; x_wconf 81' lang='grc' dir='ltr'>ἀλλ’</span> <span class='ocrx_word' id='word_1_135' title='bbox 648 2142 1018 2215; x_wconf 75' lang='grc' dir='ltr'>ἁπλούστερον</span> <span class='ocrx_word' id='word_1_136' title='bbox 1064 2150 1384 2205; x_wconf 88' lang='grc' dir='ltr'>παντάπασι</span> <span class='ocrx_word' id='word_1_137' title='bbox 1432 2151 1510 2223; x_wconf 82' lang='grc' dir='ltr'>τῷ</span> <span class='ocrx_word' id='word_1_138' title='bbox 1547 2153 1648 2222; x_wconf 83' lang='grc' dir='ltr'><strong>τῆς</strong></span> <span class='ocrx_word' id='word_1_139' title='bbox 1672 2156 1888 2227; x_wconf 81' lang='grc' dir='ltr'>ἀφηγή-</span> 
     </span>
    </p>
   </div>
   <div class='ocr_carea' id='block_1_23' title="bbox 312 2233 1887 2320">
    <p class='ocr_par' dir='ltr' id='par_1_23' title="bbox 312 2233 1887 2320">
     <span class='ocr_line' id='line_1_23' title="bbox 312 2233 1887 2320; baseline 0.007 -30"><span class='ocrx_word' id='word_1_140' title='bbox 312 2242 457 2291; x_wconf 74' lang='grc' dir='ltr'><strong>σεως</strong></span> <span class='ocrx_word' id='word_1_141' title='bbox 508 2233 711 2300; x_wconf 82' lang='grc' dir='ltr'>τρόπον</span> <span class='ocrx_word' id='word_1_142' title='bbox 748 2239 1087 2307; x_wconf 77' lang='grc' dir='ltr'>χρησάμενοι</span> <span class='ocrx_word' id='word_1_143' title='bbox 1144 2243 1405 2313; x_wconf 73' lang='grc' dir='ltr'>σχῆματι.</span> <span class='ocrx_word' id='word_1_144' title='bbox 1462 2246 1656 2301; x_wconf 82' lang='grc' dir='ltr'>Καίτοι</span> <span class='ocrx_word' id='word_1_145' title='bbox 1718 2249 1887 2320; x_wconf 77' lang='grc' dir='ltr'>ἐχρῆν</span> 
     </span>
    </p>
   </div>
   <div class='ocr_carea' id='block_1_24' title="bbox 312 2322 1887 2410">
    <p class='ocr_par' dir='ltr' id='par_1_24' title="bbox 312 2322 1887 2410">
     <span class='ocr_line' id='line_1_24' title="bbox 312 2322 1887 2410; baseline 0.015 -38"><span class='ocrx_word' id='word_1_146' title='bbox 312 2322 469 2388; x_wconf 66' lang='grc' dir='ltr'>ἡμᾶς</span> <span class='ocrx_word' id='word_1_147' title='bbox 496 2325 995 2402; x_wconf 76' lang='grc' dir='ltr'>ὲπιστατικώτερον</span> <span class='ocrx_word' id='word_1_148' title='bbox 1008 2333 1307 2404; x_wconf 75' lang='grc' dir='ltr'>δήπουθεν,</span> <span class='ocrx_word' id='word_1_149' title='bbox 1328 2337 1402 2402; x_wconf 82' lang='grc' dir='ltr'>ὡς</span> <span class='ocrx_word' id='word_1_150' title='bbox 1435 2336 1532 2409; x_wconf 79' lang='grc' dir='ltr'>ἐμέ</span> <span class='ocrx_word' id='word_1_151' title='bbox 1558 2358 1620 2407; x_wconf 86' lang='grc' dir='ltr'><strong>γε</strong></span> <span class='ocrx_word' id='word_1_152' title='bbox 1656 2342 1887 2410; x_wconf 83' lang='grc' dir='ltr'>οἴεσθαι,</span> 
     </span>
    </p>
   </div>
   <div class='ocr_carea' id='block_1_25' title="bbox 307 2415 1885 2505">
    <p class='ocr_par' dir='ltr' id='par_1_25' title="bbox 307 2415 1885 2505">
     <span class='ocr_line' id='line_1_25' title="bbox 307 2415 1885 2505; baseline 0.015 -40"><span class='ocrx_word' id='word_1_153' title='bbox 307 2415 380 2466; x_wconf 72' lang='grc' dir='ltr'><strong>τὰ</strong></span> <span class='ocrx_word' id='word_1_154' title='bbox 414 2416 516 2483; x_wconf 89' lang='grc' dir='ltr'><strong>τῆς</strong></span> <span class='ocrx_word' id='word_1_155' title='bbox 556 2418 895 2493; x_wconf 84' lang='grc' dir='ltr'>δογματικῆς</span> <span class='ocrx_word' id='word_1_156' title='bbox 932 2423 1249 2489; x_wconf 77' lang='grc' dir='ltr'>ὑποθέσεως</span> <span class='ocrx_word' id='word_1_157' title='bbox 1290 2429 1382 2482; x_wconf 79' lang='grc' dir='ltr'><strong>καὶ</strong></span> <span class='ocrx_word' id='word_1_158' title='bbox 1410 2431 1510 2484; x_wconf 81' lang='grc' dir='ltr'>ὅσα</span> <span class='ocrx_word' id='word_1_159' title='bbox 1552 2433 1669 2496; x_wconf 75' lang='grc' dir='ltr'>τοϊς</span> <span class='ocrx_word' id='word_1_160' title='bbox 1695 2434 1885 2505; x_wconf 84' lang='grc' dir='ltr'>λῃστι-</span> 
     </span>
    </p>
   </div>
   <div class='ocr_carea' id='block_1_26' title="bbox 314 2506 1889 2589">
    <p class='ocr_par' dir='ltr' id='par_1_26' title="bbox 314 2506 1889 2589">
     <span class='ocr_line' id='line_1_26' title="bbox 314 2506 1889 2589; baseline 0.015 -35"><span class='ocrx_word' id='word_1_161' title='bbox 314 2506 435 2568; x_wconf 85' lang='grc' dir='ltr'><strong>κοίς</strong></span> <span class='ocrx_word' id='word_1_162' title='bbox 467 2509 841 2576; x_wconf 79' lang='grc' dir='ltr'>συμπέπτωκε</span> <span class='ocrx_word' id='word_1_163' title='bbox 869 2516 1168 2583; x_wconf 86' lang='grc' dir='ltr'>συνεδρίοις</span> <span class='ocrx_word' id='word_1_164' title='bbox 1202 2518 1675 2589; x_wconf 76' lang='grc' dir='ltr'>ἒπεξεργάζεσθαί</span> <span class='ocrx_word' id='word_1_165' title='bbox 1704 2542 1763 2577; x_wconf 85' lang='grc' dir='ltr'><strong>τε</strong></span> <span class='ocrx_word' id='word_1_166' title='bbox 1792 2526 1889 2577; x_wconf 74' lang='grc' dir='ltr'>καὶ</span> 
     </span>
    </p>
   </div>
   <div class='ocr_carea' id='block_1_27' title="bbox 314 2596 1887 2687">
    <p class='ocr_par' dir='ltr' id='par_1_27' title="bbox 314 2596 1887 2687">
     <span class='ocr_line' id='line_1_27' title="bbox 314 2596 1887 2687; baseline 0.015 -40"><span class='ocrx_word' id='word_1_167' title='bbox 314 2596 819 2668; x_wconf 68' lang='grc' dir='ltr'>πολλαπλασιάζειν</span> <span class='ocrx_word' id='word_1_168' title='bbox 856 2607 1207 2677; x_wconf 78' lang='grc' dir='ltr'>ἀμωσγέπως</span> <span class='ocrx_word' id='word_1_169' title='bbox 1237 2610 1336 2674; x_wconf 77' lang='grc' dir='ltr'><strong>τὰς</strong></span> <span class='ocrx_word' id='word_1_170' title='bbox 1377 2612 1486 2666; x_wconf 87' lang='grc' dir='ltr'><strong>τῶν</strong></span> <span class='ocrx_word' id='word_1_171' title='bbox 1528 2613 1747 2669; x_wconf 75' lang='grc' dir='ltr'>ἐννοιῶν</span> <span class='ocrx_word' id='word_1_172' title='bbox 1783 2618 1887 2687; x_wconf 76' lang='grc' dir='ltr'><strong>ἀγ-</strong></span> 
     </span>
    </p>
   </div>
   <div class='ocr_carea' id='block_1_28' title="bbox 313 2687 1889 2771">
    <p class='ocr_par' dir='ltr' id='par_1_28' title="bbox 313 2687 1889 2771">
     <span class='ocr_line' id='line_1_28' title="bbox 313 2687 1889 2771; baseline -0.001 -25"><span class='ocrx_word' id='word_1_173' title='bbox 313 2687 652 2756; x_wconf 69' lang='grc' dir='ltr'>χιπρόφους</span> <span class='ocrx_word' id='word_1_174' title='bbox 695 2693 980 2760; x_wconf 74' lang='grc' dir='ltr'>μεθόδους,</span> <span class='ocrx_word' id='word_1_175' title='bbox 1020 2696 1468 2763; x_wconf 84' lang='grc' dir='ltr'>ἀνακυκλοῦντας</span> <span class='ocrx_word' id='word_1_176' title='bbox 1515 2700 1631 2771; x_wconf 74' lang='grc' dir='ltr'>ἅμα</span> <span class='ocrx_word' id='word_1_177' title='bbox 1661 2702 1756 2756; x_wconf 69' lang='grc' dir='ltr'><strong>καὶ</strong></span> <span class='ocrx_word' id='word_1_178' title='bbox 1786 2721 1889 2757; x_wconf 78' lang='grc' dir='ltr'><strong>πα-</strong></span> 
     </span>
    </p>
   </div>
   <div class='ocr_carea' id='block_1_29' title="bbox 314 2781 1889 2859">
    <p class='ocr_par' dir='ltr' id='par_1_29' title="bbox 314 2781 1889 2859">
     <span class='ocr_line' id='line_1_29' title="bbox 314 2781 1889 2859; baseline 0.012 -29"><span class='ocrx_word' id='word_1_179' title='bbox 314 2781 777 2849; x_wconf 83' lang='grc' dir='ltr'>ρεισκυκλοῦντας</span> <span class='ocrx_word' id='word_1_180' title='bbox 821 2786 1012 2856; x_wconf 73' lang='grc' dir='ltr'>συχνά,</span> <span class='ocrx_word' id='word_1_181' title='bbox 1066 2788 1158 2841; x_wconf 80' lang='grc' dir='ltr'>καὶ</span> <span class='ocrx_word' id='word_1_182' title='bbox 1204 2790 1279 2859; x_wconf 86' lang='grc' dir='ltr'><strong>πῆ</strong></span> <span class='ocrx_word' id='word_1_183' title='bbox 1332 2790 1431 2859; x_wconf 76' lang='grc' dir='ltr'>μὲν</span> <span class='ocrx_word' id='word_1_184' title='bbox 1474 2791 1586 2846; x_wconf 83' lang='grc' dir='ltr'><strong>τῶν</strong></span> <span class='ocrx_word' id='word_1_185' title='bbox 1629 2794 1889 2850; x_wconf 73' lang='grc' dir='ltr'>ἐναντίων</span> 
     </span>
    </p>
   </div>
   <div class='ocr_carea' id='block_1_30' title="bbox 314 2874 1890 2954">
    <p class='ocr_par' dir='ltr' id='par_1_30' title="bbox 314 2874 1890 2954">
     <span class='ocr_line' id='line_1_30' title="bbox 314 2874 1890 2954; baseline 0.012 -30"><span class='ocrx_word' id='word_1_186' title='bbox 314 2874 615 2940; x_wconf 78' lang='grc' dir='ltr'>εὐρώστως</span> <span class='ocrx_word' id='word_1_187' title='bbox 660 2877 1070 2949; x_wconf 79' lang='grc' dir='ltr'>ἀποκρούεσθαι</span> <span class='ocrx_word' id='word_1_188' title='bbox 1116 2884 1211 2937; x_wconf 77' lang='grc' dir='ltr'>καὶ</span> <span class='ocrx_word' id='word_1_189' title='bbox 1263 2884 1552 2939; x_wconf 74' lang='grc' dir='ltr'>ἀνασοϐεῖν</span> <span class='ocrx_word' id='word_1_190' title='bbox 1602 2889 1669 2941; x_wconf 81' lang='grc' dir='ltr'>τὰ</span> <span class='ocrx_word' id='word_1_191' title='bbox 1697 2889 1890 2954; x_wconf 79' lang='grc' dir='ltr'>τοξεύ-</span> 
     </span>
    </p>
   </div>
   <div class='ocr_carea' id='block_1_31' title="bbox 316 2969 1889 3051">
    <p class='ocr_par' dir='ltr' id='par_1_31' title="bbox 316 2969 1889 3051">
     <span class='ocr_line' id='line_1_31' title="bbox 316 2969 1889 3051; baseline 0.01 -32"><span class='ocrx_word' id='word_1_192' title='bbox 316 2983 492 3035; x_wconf 80' lang='grc' dir='ltr'>ματα,</span> <span class='ocrx_word' id='word_1_193' title='bbox 527 2969 605 3039; x_wconf 81' lang='grc' dir='ltr'><strong>πῆ</strong></span> <span class='ocrx_word' id='word_1_194' title='bbox 643 2969 701 3023; x_wconf 74' lang='grc' dir='ltr'>δὲ</span> <span class='ocrx_word' id='word_1_195' title='bbox 730 2975 1099 3043; x_wconf 85' lang='grc' dir='ltr'>καιριωτέραν</span> <span class='ocrx_word' id='word_1_196' title='bbox 1128 2977 1479 3048; x_wconf 85' lang='grc' dir='ltr'>ὲγγοητεύειν</span> <span class='ocrx_word' id='word_1_197' title='bbox 1519 2980 1612 3033; x_wconf 76' lang='grc' dir='ltr'>καὶ</span> <span class='ocrx_word' id='word_1_198' title='bbox 1645 2980 1791 3048; x_wconf 81' lang='grc' dir='ltr'>μάλα</span> <span class='ocrx_word' id='word_1_199' title='bbox 1824 2984 1889 3051; x_wconf 77' lang='grc' dir='ltr'><strong>γέ</strong></span> 
     </span>
    </p>
   </div>
   <div class='ocr_carea' id='block_1_32' title="bbox 313 3059 1890 3143">
    <p class='ocr_par' dir='ltr' id='par_1_32' title="bbox 313 3059 1890 3143">
     <span class='ocr_line' id='line_1_32' title="bbox 313 3059 1890 3143; baseline 0.011 -33"><span class='ocrx_word' id='word_1_200' title='bbox 313 3074 403 3111; x_wconf 75' lang='grc' dir='ltr'><strong>ται</strong></span> <span class='ocrx_word' id='word_1_201' title='bbox 435 3059 654 3131; x_wconf 72' lang='grc' dir='ltr'>ἀσφαλῆ</span> <span class='ocrx_word' id='word_1_202' title='bbox 691 3066 813 3127; x_wconf 81' lang='grc' dir='ltr'>ταῖς</span> <span class='ocrx_word' id='word_1_203' title='bbox 842 3066 1141 3135; x_wconf 73' lang='grc' dir='ltr'>ἡμετέραις</span> <span class='ocrx_word' id='word_1_204' title='bbox 1176 3066 1297 3123; x_wconf 82' lang='grc' dir='ltr'>κατ’</span> <span class='ocrx_word' id='word_1_205' title='bbox 1325 3069 1549 3125; x_wconf 80' lang='grc' dir='ltr'>ἐκείνων</span> <span class='ocrx_word' id='word_1_206' title='bbox 1582 3070 1767 3140; x_wconf 74' lang='grc' dir='ltr'>βολαῖς</span> <span class='ocrx_word' id='word_1_207' title='bbox 1788 3074 1890 3143; x_wconf 67' lang='grc' dir='ltr'>τὴν</span> 
     </span>
    </p>
   </div>
   <div class='ocr_carea' id='block_1_33' title="bbox 316 3152 1892 3233">
    <p class='ocr_par' dir='ltr' id='par_1_33' title="bbox 316 3152 1892 3233">
     <span class='ocr_line' id='line_1_33' title="bbox 316 3152 1892 3233; baseline 0.01 -30"><span class='ocrx_word' id='word_1_208' title='bbox 316 3152 644 3221; x_wconf 78' lang='grc' dir='ltr'>περίνοιανο</span> <span class='ocrx_word' id='word_1_209' title='bbox 685 3155 797 3210; x_wconf 80' lang='grc' dir='ltr'>δεῖν</span> <span class='ocrx_word' id='word_1_210' title='bbox 835 3158 944 3229; x_wconf 74' lang='grc' dir='ltr'>γὰρ</span> <span class='ocrx_word' id='word_1_211' title='bbox 984 3160 1126 3214; x_wconf 80' lang='grc' dir='ltr'>κατὰ</span> <span class='ocrx_word' id='word_1_212' title='bbox 1169 3161 1297 3223; x_wconf 76' lang='grc' dir='ltr'>τοὺς</span> <span class='ocrx_word' id='word_1_213' title='bbox 1330 3163 1674 3233; x_wconf 79' lang='grc' dir='ltr'>στρατηγοὺς</span> <span class='ocrx_word' id='word_1_214' title='bbox 1703 3166 1892 3218; x_wconf 77' lang='grc' dir='ltr'>ἐνταυ-</span> 
     </span>
    </p>
   </div>
   <div class='ocr_carea' id='block_1_34' title="bbox 1980 677 3613 749">
    <p class='ocr_par' dir='ltr' id='par_1_34' title="bbox 1980 677 3613 749">
     <span class='ocr_line' id='line_1_34' title="bbox 1980 677 3613 749; baseline 0.002 -17"><span class='ocrx_word' id='word_1_215' title='bbox 1980 692 2068 732; x_wconf 86' lang='lat' dir='ltr'><strong>me</strong></span> <span class='ocrx_word' id='word_1_216' title='bbox 2100 678 2456 735; x_wconf 83' lang='lat' dir='ltr'><strong>consiliorum</strong></span> <span class='ocrx_word' id='word_1_217' title='bbox 2501 680 2761 749; x_wconf 75' lang='lat' dir='ltr'><strong>vocisque</strong></span> <span class='ocrx_word' id='word_1_218' title='bbox 2804 679 3047 734; x_wconf 73' lang='lat' dir='ltr'><strong>furorem</strong></span> <span class='ocrx_word' id='word_1_219' title='bbox 3080 677 3324 733; x_wconf 73' lang='lat' dir='ltr'><strong>fumium</strong></span> <span class='ocrx_word' id='word_1_220' title='bbox 3372 677 3547 731; x_wconf 85' lang='lat' dir='ltr'><strong>instar</strong></span> <span class='ocrx_word' id='word_1_221' title='bbox 3611 706 3613 735; x_wconf 70' lang='grc' dir='ltr'>ς</span> 
     </span>
    </p>
   </div>
   <div class='ocr_carea' id='block_1_35' title="bbox 1981 748 3619 840">
    <p class='ocr_par' dir='ltr' id='par_1_35' title="bbox 1981 748 3619 840">
     <span class='ocr_line' id='line_1_35' title="bbox 1981 748 3619 840; baseline -0.001 -17"><span class='ocrx_word' id='word_1_222' title='bbox 1981 768 2276 824; x_wconf 75' lang='lat' dir='ltr'><strong>bestiarum</strong></span> <span class='ocrx_word' id='word_1_223' title='bbox 2306 770 2638 840; x_wconf 78' lang='lat' dir='ltr'><strong>rugientium</strong></span> <span class='ocrx_word' id='word_1_224' title='bbox 2667 779 2722 826; x_wconf 87' lang='lat' dir='ltr'><strong>et</strong></span> <span class='ocrx_word' id='word_1_225' title='bbox 2753 769 3168 835; x_wconf 82' lang='lat' dir='ltr'><strong>allatrantium;</strong></span> <span class='ocrx_word' id='word_1_226' title='bbox 3200 767 3332 822; x_wconf 87' lang='lat' dir='ltr'><strong>dum</strong></span> <span class='ocrx_word' id='word_1_227' title='bbox 3366 783 3545 837; x_wconf 87' lang='lat' dir='ltr'><strong>neque</strong></span> <span class='ocrx_word' id='word_1_228' title='bbox 3612 748 3619 772; x_wconf 60' lang='grc'><strong><em>³</em></strong></span> 
     </span>
    </p>
   </div>
   <div class='ocr_carea' id='block_1_36' title="bbox 1979 858 3539 930">
    <p class='ocr_par' dir='ltr' id='par_1_36' title="bbox 1979 858 3539 930">
     <span class='ocr_line' id='line_1_36' title="bbox 1979 858 3539 930; baseline -0.003 -16"><span class='ocrx_word' id='word_1_229' title='bbox 1979 859 2235 929; x_wconf 89' lang='lat' dir='ltr'><strong>cuiquam</strong></span> <span class='ocrx_word' id='word_1_230' title='bbox 2255 860 2561 915; x_wconf 86' lang='lat' dir='ltr'><strong>necessaria</strong></span> <span class='ocrx_word' id='word_1_231' title='bbox 2586 858 2720 916; x_wconf 84' lang='lat' dir='ltr'><strong>mihi</strong></span> <span class='ocrx_word' id='word_1_232' title='bbox 2751 871 2845 916; x_wconf 83' lang='lat' dir='ltr'><strong>aut</strong></span> <span class='ocrx_word' id='word_1_233' title='bbox 2879 861 3081 930; x_wconf 79' lang='lat' dir='ltr'><strong>quibus</strong></span> <span class='ocrx_word' id='word_1_234' title='bbox 3113 862 3179 917; x_wconf 86' lang='lat' dir='ltr'><strong>ad</strong></span> <span class='ocrx_word' id='word_1_235' title='bbox 3212 860 3539 930; x_wconf 87' lang='lat' dir='ltr'><strong>scripturam</strong></span> 
     </span>
    </p>
   </div>
   <div class='ocr_carea' id='block_1_37' title="bbox 1980 956 3548 1024">
    <p class='ocr_par' dir='ltr' id='par_1_37' title="bbox 1980 956 3548 1024">
     <span class='ocr_line' id='line_1_37' title="bbox 1980 956 3548 1024; baseline -0.003 -18"><span class='ocrx_word' id='word_1_236' title='bbox 1980 965 2118 1020; x_wconf 88' lang='lat' dir='ltr'><strong>opus</strong></span> <span class='ocrx_word' id='word_1_237' title='bbox 2158 960 2243 1006; x_wconf 84' lang='lat' dir='ltr'><strong>est</strong></span> <span class='ocrx_word' id='word_1_238' title='bbox 2287 961 2600 1023; x_wconf 83' lang='lat' dir='ltr'><strong>apportare,</strong></span> <span class='ocrx_word' id='word_1_239' title='bbox 2642 968 2819 1022; x_wconf 85' lang='lat' dir='ltr'><strong>neque</strong></span> <span class='ocrx_word' id='word_1_240' title='bbox 2869 956 3131 1024; x_wconf 81' lang='lat' dir='ltr'><strong>quiquam</strong></span> <span class='ocrx_word' id='word_1_241' title='bbox 3179 969 3287 1008; x_wconf 88' lang='lat' dir='ltr'><strong>una</strong></span> <span class='ocrx_word' id='word_1_242' title='bbox 3332 966 3548 1008; x_wconf 88' lang='lat' dir='ltr'><strong>mecum</strong></span> 
     </span>
    </p>
   </div>
   <div class='ocr_carea' id='block_1_38' title="bbox 1984 1044 3552 1118">
    <p class='ocr_par' dir='ltr' id='par_1_38' title="bbox 1984 1044 3552 1118">
     <span class='ocr_line' id='line_1_38' title="bbox 1984 1044 3552 1118; baseline 0.001 -20"><span class='ocrx_word' id='word_1_243' title='bbox 1984 1044 2130 1099; x_wconf 91' lang='lat' dir='ltr'><strong>intus</strong></span> <span class='ocrx_word' id='word_1_244' title='bbox 2163 1045 2408 1101; x_wconf 89' lang='lat' dir='ltr'><strong>habitare</strong></span> <span class='ocrx_word' id='word_1_245' title='bbox 2447 1061 2533 1101; x_wconf 90' lang='lat' dir='ltr'><strong>me</strong></span> <span class='ocrx_word' id='word_1_246' title='bbox 2571 1061 2745 1117; x_wconf 88' lang='lat' dir='ltr'><strong>neque</strong></span> <span class='ocrx_word' id='word_1_247' title='bbox 2777 1049 3071 1104; x_wconf 84' lang='lat' dir='ltr'><strong>convenire</strong></span> <span class='ocrx_word' id='word_1_248' title='bbox 3089 1047 3433 1118; x_wconf 84' lang='lat' dir='ltr'><strong>permittunt,</strong></span> <span class='ocrx_word' id='word_1_249' title='bbox 3468 1054 3552 1099; x_wconf 88' lang='lat' dir='ltr'><strong>ta-</strong></span> 
     </span>
    </p>
   </div>
   <div class='ocr_carea' id='block_1_39' title="bbox 1981 1139 3550 1197">
    <p class='ocr_par' dir='ltr' id='par_1_39' title="bbox 1981 1139 3550 1197">
     <span class='ocr_line' id='line_1_39' title="bbox 1981 1139 3550 1197; baseline 0.001 -5"><span class='ocrx_word' id='word_1_250' title='bbox 1981 1152 2106 1192; x_wconf 87' lang='lat' dir='ltr'><strong>men</strong></span> <span class='ocrx_word' id='word_1_251' title='bbox 2138 1139 2230 1194; x_wconf 85' lang='lat' dir='ltr'><strong>Dei</strong></span> <span class='ocrx_word' id='word_1_252' title='bbox 2264 1139 2471 1195; x_wconf 79' lang='lat' dir='ltr'><strong>auxilio</strong></span> <span class='ocrx_word' id='word_1_253' title='bbox 2512 1139 2565 1194; x_wconf 91' lang='lat' dir='ltr'><strong>id</strong></span> <span class='ocrx_word' id='word_1_254' title='bbox 2617 1150 2901 1197; x_wconf 88' lang='lat' dir='ltr'><strong>assecutus</strong></span> <span class='ocrx_word' id='word_1_255' title='bbox 2942 1157 3063 1197; x_wconf 92' lang='lat' dir='ltr'><strong>sum</strong></span> <span class='ocrx_word' id='word_1_256' title='bbox 3122 1150 3181 1196; x_wconf 91' lang='lat' dir='ltr'><strong>ut</strong></span> <span class='ocrx_word' id='word_1_257' title='bbox 3234 1142 3550 1196; x_wconf 75' lang='lat' dir='ltr'><strong>universam</strong></span> 
     </span>
    </p>
   </div>
   <div class='ocr_carea' id='block_1_40' title="bbox 1983 1231 3555 1304">
    <p class='ocr_par' dir='ltr' id='par_1_40' title="bbox 1983 1231 3555 1304">
     <span class='ocr_line' id='line_1_40' title="bbox 1983 1231 3555 1304; baseline 0 -19"><span class='ocrx_word' id='word_1_258' title='bbox 1983 1245 2162 1285; x_wconf 71' lang='lat' dir='ltr'><strong>rerum</strong></span> <span class='ocrx_word' id='word_1_259' title='bbox 2191 1231 2472 1287; x_wconf 83' lang='lat' dir='ltr'><strong>historiam</strong></span> <span class='ocrx_word' id='word_1_260' title='bbox 2494 1232 2644 1289; x_wconf 83' lang='lat' dir='ltr'><strong>brevi</strong></span> <span class='ocrx_word' id='word_1_261' title='bbox 2664 1243 2908 1304; x_wconf 82' lang='lat' dir='ltr'><strong>tempore</strong></span> <span class='ocrx_word' id='word_1_262' title='bbox 2927 1232 3555 1300; x_wconf 82' lang='lat' dir='ltr'><strong>conscriberetn.Neque</strong></span> 
     </span>
    </p>
   </div>
   <div class='ocr_carea' id='block_1_41' title="bbox 1984 1322 3551 1395">
    <p class='ocr_par' dir='ltr' id='par_1_41' title="bbox 1984 1322 3551 1395">
     <span class='ocr_line' id='line_1_41' title="bbox 1984 1322 3551 1395; baseline -0.001 -21"><span class='ocrx_word' id='word_1_263' title='bbox 1984 1327 2162 1377; x_wconf 87' lang='lat' dir='ltr'><strong>tamen</strong></span> <span class='ocrx_word' id='word_1_264' title='bbox 2194 1322 2351 1394; x_wconf 74' lang='lat'><strong>132</strong></span> <span class='ocrx_word' id='word_1_265' title='bbox 2377 1324 2433 1378; x_wconf 87' lang='lat' dir='ltr'><strong>in</strong></span> <span class='ocrx_word' id='word_1_266' title='bbox 2461 1324 2548 1382; x_wconf 83' lang='lat' dir='ltr'><strong>bis</strong></span> <span class='ocrx_word' id='word_1_267' title='bbox 2575 1325 2898 1395; x_wconf 69' lang='lat' dir='ltr'><strong>praetermisi</strong></span> <span class='ocrx_word' id='word_1_268' title='bbox 2925 1325 3079 1395; x_wconf 90' lang='lat' dir='ltr'><strong>plura</strong></span> <span class='ocrx_word' id='word_1_269' title='bbox 3110 1323 3551 1379; x_wconf 85' lang='lat' dir='ltr'><strong>memorabilium</strong></span> 
     </span>
    </p>
   </div>
   <div class='ocr_carea' id='block_1_42' title="bbox 1984 1412 3552 1486">
    <p class='ocr_par' dir='ltr' id='par_1_42' title="bbox 1984 1412 3552 1486">
     <span class='ocr_line' id='line_1_42' title="bbox 1984 1412 3552 1486; baseline 0.001 -20"><span class='ocrx_word' id='word_1_270' title='bbox 1984 1426 2160 1483; x_wconf 82' lang='lat' dir='ltr'><strong>neque</strong></span> <span class='ocrx_word' id='word_1_271' title='bbox 2203 1412 2474 1471; x_wconf 89' lang='lat' dir='ltr'><strong>immiscui</strong></span> <span class='ocrx_word' id='word_1_272' title='bbox 2528 1416 2684 1486; x_wconf 89' lang='lat' dir='ltr'><strong>plura</strong></span> <span class='ocrx_word' id='word_1_273' title='bbox 2738 1431 2930 1472; x_wconf 88' lang='lat' dir='ltr'><strong>eorum</strong></span> <span class='ocrx_word' id='word_1_274' title='bbox 2976 1431 3099 1486; x_wconf 65' lang='lat' dir='ltr'><strong>qua:</strong></span> <span class='ocrx_word' id='word_1_275' title='bbox 3145 1430 3552 1484; x_wconf 77' lang='lat' dir='ltr'><strong>supervacanea</strong></span> 
     </span>
    </p>
   </div>
   <div class='ocr_carea' id='block_1_43' title="bbox 1983 1505 3567 1579">
    <p class='ocr_par' dir='ltr' id='par_1_43' title="bbox 1983 1505 3567 1579">
     <span class='ocr_line' id='line_1_43' title="bbox 1983 1505 3567 1579; baseline -0.001 -18"><span class='ocrx_word' id='word_1_276' title='bbox 1983 1505 2275 1573; x_wconf 84' lang='lat' dir='ltr'><strong>videntur;</strong></span> <span class='ocrx_word' id='word_1_277' title='bbox 2302 1507 2397 1563; x_wconf 88' lang='lat' dir='ltr'><strong>sed</strong></span> <span class='ocrx_word' id='word_1_278' title='bbox 2425 1509 2747 1579; x_wconf 87' lang='lat' dir='ltr'><strong>simpliciori</strong></span> <span class='ocrx_word' id='word_1_279' title='bbox 2774 1511 3000 1566; x_wconf 88' lang='lat' dir='ltr'><strong>omnino</strong></span> <span class='ocrx_word' id='word_1_280' title='bbox 3021 1508 3319 1565; x_wconf 85' lang='lat' dir='ltr'><strong>enarrandi</strong></span> <span class='ocrx_word' id='word_1_281' title='bbox 3342 1507 3567 1562; x_wconf 79' lang='lat' dir='ltr'><strong>ratione</strong></span> 
     </span>
    </p>
   </div>
   <div class='ocr_carea' id='block_1_44' title="bbox 1985 1597 3554 1674">
    <p class='ocr_par' dir='ltr' id='par_1_44' title="bbox 1985 1597 3554 1674">
     <span class='ocr_line' id='line_1_44' title="bbox 1985 1597 3554 1674; baseline 0 -22"><span class='ocrx_word' id='word_1_282' title='bbox 1985 1612 2119 1654; x_wconf 83' lang='lat' dir='ltr'><strong>usus</strong></span> <span class='ocrx_word' id='word_1_283' title='bbox 2161 1613 2301 1653; x_wconf 88' lang='lat' dir='ltr'><strong>sum.</strong></span> <span class='ocrx_word' id='word_1_284' title='bbox 2338 1597 2542 1654; x_wconf 85' lang='lat' dir='ltr'><strong>Tamen</strong></span> <span class='ocrx_word' id='word_1_285' title='bbox 2582 1600 2901 1671; x_wconf 84' lang='lat' dir='ltr'><strong>diligentius</strong></span> <span class='ocrx_word' id='word_1_286' title='bbox 2945 1617 3067 1674; x_wconf 60' lang='lat' dir='ltr'><strong>quae</strong></span> <span class='ocrx_word' id='word_1_287' title='bbox 3117 1601 3185 1656; x_wconf 89' lang='lat' dir='ltr'><strong>ad</strong></span> <span class='ocrx_word' id='word_1_288' title='bbox 3237 1601 3554 1672; x_wconf 81' lang='lat' dir='ltr'><strong>dogmatum</strong></span> 
     </span>
    </p>
   </div>
   <div class='ocr_carea' id='block_1_45' title="bbox 1987 1688 3572 1762">
    <p class='ocr_par' dir='ltr' id='par_1_45' title="bbox 1987 1688 3572 1762">
     <span class='ocr_line' id='line_1_45' title="bbox 1987 1688 3572 1762; baseline 0.002 -23"><span class='ocrx_word' id='word_1_289' title='bbox 1987 1688 2228 1743; x_wconf 79' lang='lat' dir='ltr'><strong>rationes</strong></span> <span class='ocrx_word' id='word_1_290' title='bbox 2256 1688 2581 1758; x_wconf 86' lang='lat' dir='ltr'><strong>spectabant</strong></span> <span class='ocrx_word' id='word_1_291' title='bbox 2609 1702 2840 1762; x_wconf 79' lang='lat' dir='ltr'><strong>quaeque</strong></span> <span class='ocrx_word' id='word_1_292' title='bbox 2869 1690 2924 1745; x_wconf 93' lang='lat' dir='ltr'><strong>in</strong></span> <span class='ocrx_word' id='word_1_293' title='bbox 2963 1690 3254 1761; x_wconf 85' lang='lat' dir='ltr'><strong>rapacibus</strong></span> <span class='ocrx_word' id='word_1_294' title='bbox 3285 1688 3572 1761; x_wconf 58' lang='lat' dir='ltr'><strong>.«yuedriis.</strong></span> 
     </span>
    </p>
   </div>
   <div class='ocr_carea' id='block_1_46' title="bbox 1986 1781 3568 1856">
    <p class='ocr_par' dir='ltr' id='par_1_46' title="bbox 1986 1781 3568 1856">
     <span class='ocr_line' id='line_1_46' title="bbox 1986 1781 3568 1856; baseline 0 -19"><span class='ocrx_word' id='word_1_295' title='bbox 1986 1781 2301 1838; x_wconf 87' lang='lat' dir='ltr'><strong>acciderant</strong></span> <span class='ocrx_word' id='word_1_296' title='bbox 2362 1792 2595 1839; x_wconf 86' lang='lat' dir='ltr'><strong>tractare</strong></span> <span class='ocrx_word' id='word_1_297' title='bbox 2644 1795 2811 1856; x_wconf 88' lang='lat' dir='ltr'><strong>atque</strong></span> <span class='ocrx_word' id='word_1_298' title='bbox 2865 1784 3234 1854; x_wconf 85' lang='lat' dir='ltr'><strong>multiplicare</strong></span> <span class='ocrx_word' id='word_1_299' title='bbox 3296 1783 3568 1855; x_wconf 81' lang='lat' dir='ltr'><strong>quodam-</strong></span> 
     </span>
    </p>
   </div>
   <div class='ocr_carea' id='block_1_47' title="bbox 1990 1876 3661 1948">
    <p class='ocr_par' dir='ltr' id='par_1_47' title="bbox 1990 1876 3661 1948">
     <span class='ocr_line' id='line_1_47' title="bbox 1990 1876 3661 1948; baseline 0.001 -19"><span class='ocrx_word' id='word_1_300' title='bbox 1990 1876 2152 1929; x_wconf 91' lang='lat' dir='ltr'><strong>modo</strong></span> <span class='ocrx_word' id='word_1_301' title='bbox 2185 1876 2505 1946; x_wconf 75' lang='lat' dir='ltr'><strong>repetundis</strong></span> <span class='ocrx_word' id='word_1_302' title='bbox 2539 1877 2846 1948; x_wconf 84' lang='lat' dir='ltr'><strong>crebroque</strong></span> <span class='ocrx_word' id='word_1_303' title='bbox 2895 1877 3208 1934; x_wconf 87' lang='lat' dir='ltr'><strong>intexendis</strong></span> <span class='ocrx_word' id='word_1_304' title='bbox 3246 1876 3411 1931; x_wconf 78' lang='lat' dir='ltr'><strong>variis</strong></span> <span class='ocrx_word' id='word_1_305' title='bbox 3446 1890 3562 1931; x_wconf 78' lang='lat' dir='ltr'><strong>nio-</strong></span> <span class='ocrx_word' id='word_1_306' title='bbox 3660 1904 3661 1907; x_wconf 55' lang='grc' dir='ltr'><strong>η</strong></span> 
     </span>
    </p>
   </div>
   <div class='ocr_carea' id='block_1_48' title="bbox 1991 1965 3562 2036">
    <p class='ocr_par' dir='ltr' id='par_1_48' title="bbox 1991 1965 3562 2036">
     <span class='ocr_line' id='line_1_48' title="bbox 1991 1965 3562 2036; baseline -0.002 -16"><span class='ocrx_word' id='word_1_307' title='bbox 1991 1966 2301 2036; x_wconf 85' lang='lat' dir='ltr'><strong>bilibusque</strong></span> <span class='ocrx_word' id='word_1_308' title='bbox 2323 1967 2681 2023; x_wconf 83' lang='lat' dir='ltr'><strong>consiliorum</strong></span> <span class='ocrx_word' id='word_1_309' title='bbox 2701 1968 3008 2024; x_wconf 87' lang='lat' dir='ltr'><strong>rationibus</strong></span> <span class='ocrx_word' id='word_1_310' title='bbox 3026 1982 3249 2023; x_wconf 86' lang='lat' dir='ltr'><strong>necesse</strong></span> <span class='ocrx_word' id='word_1_311' title='bbox 3274 1965 3526 2036; x_wconf 80' lang='lat' dir='ltr'><strong>putabant</strong></span> <span class='ocrx_word' id='word_1_312' title='bbox 3548 1981 3562 2027; x_wconf 84' lang='lat'><strong>;</strong></span> 
     </span>
    </p>
   </div>
   <div class='ocr_carea' id='block_1_49' title="bbox 1987 2058 3560 2131">
    <p class='ocr_par' dir='ltr' id='par_1_49' title="bbox 1987 2058 3560 2131">
     <span class='ocr_line' id='line_1_49' title="bbox 1987 2058 3560 2131; baseline -0.002 -16"><span class='ocrx_word' id='word_1_313' title='bbox 1987 2061 2153 2115; x_wconf 72' lang='lat' dir='ltr'><strong>etiam</strong></span> <span class='ocrx_word' id='word_1_314' title='bbox 2192 2060 2488 2116; x_wconf 82' lang='lat' dir='ltr'><strong>observare</strong></span> <span class='ocrx_word' id='word_1_315' title='bbox 2515 2070 2627 2115; x_wconf 89' lang='lat' dir='ltr'><strong>tum</strong></span> <span class='ocrx_word' id='word_1_316' title='bbox 2672 2060 2951 2131; x_wconf 89' lang='lat' dir='ltr'><strong>quomodo</strong></span> <span class='ocrx_word' id='word_1_317' title='bbox 2979 2060 3429 2119; x_wconf 83' lang='lat' dir='ltr'><strong>adversariorum</strong></span> <span class='ocrx_word' id='word_1_318' title='bbox 3455 2058 3560 2115; x_wconf 83' lang='lat' dir='ltr'><strong>tela</strong></span> 
     </span>
    </p>
   </div>
   <div class='ocr_carea' id='block_1_50' title="bbox 1987 2150 3567 2222">
    <p class='ocr_par' dir='ltr' id='par_1_50' title="bbox 1987 2150 3567 2222">
     <span class='ocr_line' id='line_1_50' title="bbox 1987 2150 3567 2222; baseline -0.002 -16"><span class='ocrx_word' id='word_1_319' title='bbox 1987 2150 2147 2213; x_wconf 74' lang='lat' dir='ltr'><strong>facile</strong></span> <span class='ocrx_word' id='word_1_320' title='bbox 2194 2160 2417 2222; x_wconf 81' lang='lat' dir='ltr'><strong>possent</strong></span> <span class='ocrx_word' id='word_1_321' title='bbox 2462 2152 2734 2207; x_wconf 82' lang='lat' dir='ltr'><strong>retardari</strong></span> <span class='ocrx_word' id='word_1_322' title='bbox 2783 2161 2947 2222; x_wconf 83' lang='lat' dir='ltr'><strong>atque</strong></span> <span class='ocrx_word' id='word_1_323' title='bbox 2997 2152 3211 2221; x_wconf 89' lang='lat' dir='ltr'><strong>repelli,</strong></span> <span class='ocrx_word' id='word_1_324' title='bbox 3261 2161 3376 2205; x_wconf 91' lang='lat' dir='ltr'><strong>tum</strong></span> <span class='ocrx_word' id='word_1_325' title='bbox 3425 2164 3567 2205; x_wconf 83' lang='lat' dir='ltr'><strong>vero</strong></span> 
     </span>
    </p>
   </div>
   <div class='ocr_carea' id='block_1_51' title="bbox 1991 2241 3563 2313">
    <p class='ocr_par' dir='ltr' id='par_1_51' title="bbox 1991 2241 3563 2313">
     <span class='ocr_line' id='line_1_51' title="bbox 1991 2241 3563 2313; baseline -0.002 -16"><span class='ocrx_word' id='word_1_326' title='bbox 1991 2243 2268 2313; x_wconf 85' lang='lat' dir='ltr'><strong>quomodo</strong></span> <span class='ocrx_word' id='word_1_327' title='bbox 2297 2258 2395 2297; x_wconf 88' lang='lat' dir='ltr'><strong>nos</strong></span> <span class='ocrx_word' id='word_1_328' title='bbox 2424 2242 2629 2299; x_wconf 88' lang='lat' dir='ltr'><strong>nostris</strong></span> <span class='ocrx_word' id='word_1_329' title='bbox 2660 2243 2713 2297; x_wconf 90' lang='lat' dir='ltr'><strong>in</strong></span> <span class='ocrx_word' id='word_1_330' title='bbox 2740 2244 2885 2313; x_wconf 87' lang='lat' dir='ltr'><strong>ipsos</strong></span> <span class='ocrx_word' id='word_1_331' title='bbox 2918 2243 3042 2298; x_wconf 85' lang='lat' dir='ltr'><strong>telis</strong></span> <span class='ocrx_word' id='word_1_332' title='bbox 3075 2241 3462 2313; x_wconf 74' lang='lat' dir='ltr'><strong>percommode</strong></span> <span class='ocrx_word' id='word_1_333' title='bbox 3505 2251 3563 2297; x_wconf 88' lang='lat' dir='ltr'><strong>et</strong></span> 
     </span>
    </p>
   </div>
   <div class='ocr_carea' id='block_1_52' title="bbox 1993 2330 3564 2390">
    <p class='ocr_par' dir='ltr' id='par_1_52' title="bbox 1993 2330 3564 2390">
     <span class='ocr_line' id='line_1_52' title="bbox 1993 2330 3564 2390; baseline -0.003 -2"><span class='ocrx_word' id='word_1_334' title='bbox 1993 2342 2106 2389; x_wconf 92' lang='lat' dir='ltr'><strong>tute</strong></span> <span class='ocrx_word' id='word_1_335' title='bbox 2134 2344 2438 2390; x_wconf 81' lang='lat' dir='ltr'><strong>uteremur.</strong></span> <span class='ocrx_word' id='word_1_336' title='bbox 2468 2334 2602 2388; x_wconf 84' lang='lat' dir='ltr'><strong>Nam</strong></span> <span class='ocrx_word' id='word_1_337' title='bbox 2650 2345 2709 2388; x_wconf 92' lang='lat' dir='ltr'><strong>ut</strong></span> <span class='ocrx_word' id='word_1_338' title='bbox 2742 2333 2976 2387; x_wconf 88' lang='lat' dir='ltr'><strong>militum</strong></span> <span class='ocrx_word' id='word_1_339' title='bbox 3022 2333 3190 2388; x_wconf 87' lang='lat' dir='ltr'><strong>duces</strong></span> <span class='ocrx_word' id='word_1_340' title='bbox 3232 2330 3424 2389; x_wconf 89' lang='lat' dir='ltr'><strong>oculos</strong></span> <span class='ocrx_word' id='word_1_341' title='bbox 3452 2344 3564 2384; x_wconf 90' lang='lat' dir='ltr'><strong>non</strong></span> 
     </span>
    </p>
   </div>
   <div class='ocr_carea' id='block_1_53' title="bbox 1990 2421 3563 2488">
    <p class='ocr_par' dir='ltr' id='par_1_53' title="bbox 1990 2421 3563 2488">
     <span class='ocr_line' id='line_1_53' title="bbox 1990 2421 3563 2488; baseline -0.005 -8"><span class='ocrx_word' id='word_1_342' title='bbox 1990 2424 2165 2480; x_wconf 89' lang='lat' dir='ltr'><strong>solum</strong></span> <span class='ocrx_word' id='word_1_343' title='bbox 2199 2424 2253 2479; x_wconf 92' lang='lat' dir='ltr'><strong>in</strong></span> <span class='ocrx_word' id='word_1_344' title='bbox 2288 2425 2578 2481; x_wconf 81' lang='lat' dir='ltr'><strong>adversum</strong></span> <span class='ocrx_word' id='word_1_345' title='bbox 2610 2433 2826 2479; x_wconf 85' lang='lat' dir='ltr'><strong>vertere</strong></span> <span class='ocrx_word' id='word_1_346' title='bbox 2869 2439 3090 2479; x_wconf 81' lang='lat' dir='ltr'><strong>necesse</strong></span> <span class='ocrx_word' id='word_1_347' title='bbox 3111 2429 3214 2488; x_wconf 88' lang='lat' dir='ltr'><strong>est,</strong></span> <span class='ocrx_word' id='word_1_348' title='bbox 3252 2421 3348 2478; x_wconf 89' lang='lat' dir='ltr'><strong>sed</strong></span> <span class='ocrx_word' id='word_1_349' title='bbox 3394 2421 3563 2475; x_wconf 88' lang='lat' dir='ltr'><strong>etiam</strong></span> 
     </span>
    </p>
   </div>
   <div class='ocr_carea' id='block_1_54' title="bbox 1991 2511 3567 2587">
    <p class='ocr_par' dir='ltr' id='par_1_54' title="bbox 1991 2511 3567 2587">
     <span class='ocr_line' id='line_1_54' title="bbox 1991 2511 3567 2587; baseline -0.004 -16"><span class='ocrx_word' id='word_1_350' title='bbox 1991 2533 2019 2570; x_wconf 79' lang='grc' dir='ltr'><strong>ιι</strong></span> <span class='ocrx_word' id='word_1_351' title='bbox 2054 2511 2205 2586; x_wconf 64' lang='lat' dir='ltr'><strong>tergo</strong></span> <span class='ocrx_word' id='word_1_352' title='bbox 2233 2517 2436 2587; x_wconf 86' lang='lat' dir='ltr'><strong>quippe</strong></span> <span class='ocrx_word' id='word_1_353' title='bbox 2465 2532 2576 2586; x_wconf 89' lang='lat' dir='ltr'><strong>quo</strong></span> <span class='ocrx_word' id='word_1_354' title='bbox 2608 2516 2710 2570; x_wconf 86' lang='lat' dir='ltr'><strong>tela</strong></span> <span class='ocrx_word' id='word_1_355' title='bbox 2738 2514 3013 2585; x_wconf 86' lang='lat' dir='ltr'><strong>conjicere</strong></span> <span class='ocrx_word' id='word_1_356' title='bbox 3044 2522 3099 2569; x_wconf 88' lang='lat' dir='ltr'><strong>et</strong></span> <span class='ocrx_word' id='word_1_357' title='bbox 3125 2528 3343 2568; x_wconf 90' lang='lat' dir='ltr'><strong>omnem</strong></span> <span class='ocrx_word' id='word_1_358' title='bbox 3373 2512 3428 2567; x_wconf 92' lang='lat' dir='ltr'><strong>in</strong></span> <span class='ocrx_word' id='word_1_359' title='bbox 3463 2527 3567 2565; x_wconf 89' lang='lat' dir='ltr'><strong>nos</strong></span> 
     </span>
    </p>
   </div>
   <div class='ocr_carea' id='block_1_55' title="bbox 1993 2602 3561 2665">
    <p class='ocr_par' dir='ltr' id='par_1_55' title="bbox 1993 2602 3561 2665">
     <span class='ocr_line' id='line_1_55' title="bbox 1993 2602 3561 2665; baseline -0.003 -2"><span class='ocrx_word' id='word_1_360' title='bbox 1993 2608 2178 2663; x_wconf 88' lang='lat' dir='ltr'><strong>dolum</strong></span> <span class='ocrx_word' id='word_1_361' title='bbox 2211 2608 2498 2665; x_wconf 85' lang='lat' dir='ltr'><strong>intendere</strong></span> <span class='ocrx_word' id='word_1_362' title='bbox 2531 2607 2866 2663; x_wconf 87' lang='lat' dir='ltr'><strong>adversariis</strong></span> <span class='ocrx_word' id='word_1_363' title='bbox 2900 2604 3218 2662; x_wconf 82' lang='lat' dir='ltr'><strong>facillimum</strong></span> <span class='ocrx_word' id='word_1_364' title='bbox 3249 2613 3419 2660; x_wconf 88' lang='lat' dir='ltr'><strong>esset.</strong></span> <span class='ocrx_word' id='word_1_365' title='bbox 3450 2602 3561 2658; x_wconf 63' lang='lat' dir='ltr'><strong>Sed</strong></span> 
     </span>
    </p>
   </div>
   <div class='ocr_carea' id='block_1_56' title="bbox 1993 2693 3557 2770">
    <p class='ocr_par' dir='ltr' id='par_1_56' title="bbox 1993 2693 3557 2770">
     <span class='ocr_line' id='line_1_56' title="bbox 1993 2693 3557 2770; baseline -0.005 -16"><span class='ocrx_word' id='word_1_366' title='bbox 1993 2715 2172 2770; x_wconf 86' lang='lat' dir='ltr'><strong>neque</strong></span> <span class='ocrx_word' id='word_1_367' title='bbox 2209 2712 2401 2754; x_wconf 86' lang='lat' dir='ltr'><strong>eorum</strong></span> <span class='ocrx_word' id='word_1_368' title='bbox 2454 2700 2549 2770; x_wconf 89' lang='lat' dir='ltr'><strong>qui</strong></span> <span class='ocrx_word' id='word_1_369' title='bbox 2603 2704 2892 2755; x_wconf 71' lang='lat' dir='ltr'><strong>sacrorum</strong></span> <span class='ocrx_word' id='word_1_370' title='bbox 2939 2696 3272 2765; x_wconf 84' lang='lat' dir='ltr'><strong>scriptorum</strong></span> <span class='ocrx_word' id='word_1_371' title='bbox 3308 2693 3557 2751; x_wconf 84' lang='lat' dir='ltr'><strong>consiliis</strong></span> 
     </span>
    </p>
   </div>
   <div class='ocr_carea' id='block_1_57' title="bbox 1988 2784 3554 2864">
    <p class='ocr_par' dir='ltr' id='par_1_57' title="bbox 1988 2784 3554 2864">
     <span class='ocr_line' id='line_1_57' title="bbox 1988 2784 3554 2864; baseline -0.003 -18"><span class='ocrx_word' id='word_1_372' title='bbox 1988 2793 2179 2864; x_wconf 75' lang='lat' dir='ltr'><strong>iuvare</strong></span> <span class='ocrx_word' id='word_1_373' title='bbox 2232 2807 2317 2847; x_wconf 85' lang='lat' dir='ltr'><strong>me</strong></span> <span class='ocrx_word' id='word_1_374' title='bbox 2372 2793 2604 2847; x_wconf 87' lang='lat' dir='ltr'><strong>antehac</strong></span> <span class='ocrx_word' id='word_1_375' title='bbox 2640 2790 2907 2857; x_wconf 88' lang='lat' dir='ltr'><strong>solebant,</strong></span> <span class='ocrx_word' id='word_1_376' title='bbox 2943 2790 3086 2845; x_wconf 89' lang='lat' dir='ltr'><strong>ullus</strong></span> <span class='ocrx_word' id='word_1_377' title='bbox 3146 2784 3280 2843; x_wconf 83' lang='lat' dir='ltr'><strong>mihi</strong></span> <span class='ocrx_word' id='word_1_378' title='bbox 3333 2788 3554 2853; x_wconf 85' lang='lat' dir='ltr'><strong>aderat,</strong></span> 
     </span>
    </p>
   </div>
   <div class='ocr_carea' id='block_1_58' title="bbox 1991 2876 3564 2955">
    <p class='ocr_par' dir='ltr' id='par_1_58' title="bbox 1991 2876 3564 2955">
     <span class='ocr_line' id='line_1_58' title="bbox 1991 2876 3564 2955; baseline -0.007 -16"><span class='ocrx_word' id='word_1_379' title='bbox 1991 2899 2170 2955; x_wconf 88' lang='lat' dir='ltr'><strong>neque</strong></span> <span class='ocrx_word' id='word_1_380' title='bbox 2239 2898 2455 2948; x_wconf 85' lang='lat' dir='ltr'><strong>eorum,</strong></span> <span class='ocrx_word' id='word_1_381' title='bbox 2494 2897 2633 2954; x_wconf 83' lang='lat' dir='ltr'><strong>quos</strong></span> <span class='ocrx_word' id='word_1_382' title='bbox 2682 2897 2789 2937; x_wconf 87' lang='lat' dir='ltr'><strong>una</strong></span> <span class='ocrx_word' id='word_1_383' title='bbox 2859 2894 3073 2936; x_wconf 86' lang='lat' dir='ltr'><strong>mecum</strong></span> <span class='ocrx_word' id='word_1_384' title='bbox 3121 2876 3423 2950; x_wconf 80' lang='lat' dir='ltr'><strong>dogmatica</strong></span> <span class='ocrx_word' id='word_1_385' title='bbox 3472 2876 3564 2929; x_wconf 85' lang='lat' dir='ltr'><strong>illa</strong></span> 
     </span>
    </p>
   </div>
   <div class='ocr_carea' id='block_1_59' title="bbox 1993 2967 3565 3045">
    <p class='ocr_par' dir='ltr' id='par_1_59' title="bbox 1993 2967 3565 3045">
     <span class='ocr_line' id='line_1_59' title="bbox 1993 2967 3565 3045; baseline -0.008 -11"><span class='ocrx_word' id='word_1_386' title='bbox 1993 2977 2290 3034; x_wconf 86' lang='lat' dir='ltr'><strong>certamina</strong></span> <span class='ocrx_word' id='word_1_387' title='bbox 2319 2985 2376 3031; x_wconf 87' lang='lat' dir='ltr'><strong>ct</strong></span> <span class='ocrx_word' id='word_1_388' title='bbox 2402 2977 2630 3032; x_wconf 89' lang='lat' dir='ltr'><strong>consilia</strong></span> <span class='ocrx_word' id='word_1_389' title='bbox 2662 2976 2948 3045; x_wconf 87' lang='lat' dir='ltr'><strong>suscipere</strong></span> <span class='ocrx_word' id='word_1_390' title='bbox 2981 2974 3249 3043; x_wconf 88' lang='lat' dir='ltr'><strong>oportuit.</strong></span> <span class='ocrx_word' id='word_1_391' title='bbox 3286 2970 3441 3038; x_wconf 86' lang='lat' dir='ltr'><strong>Quod</strong></span> <span class='ocrx_word' id='word_1_392' title='bbox 3477 2967 3565 3024; x_wconf 82' lang='lat' dir='ltr'><strong>vel</strong></span> 
     </span>
    </p>
   </div>
   <div class='ocr_carea' id='block_1_60' title="bbox 1991 3061 3568 3139">
    <p class='ocr_par' dir='ltr' id='par_1_60' title="bbox 1991 3061 3568 3139">
     <span class='ocr_line' id='line_1_60' title="bbox 1991 3061 3568 3139; baseline -0.01 -12"><span class='ocrx_word' id='word_1_393' title='bbox 1991 3072 2225 3127; x_wconf 77' lang='lat' dir='ltr'><strong>maxime</strong></span> <span class='ocrx_word' id='word_1_394' title='bbox 2256 3069 2362 3125; x_wconf 90' lang='lat' dir='ltr'><strong>hoc</strong></span> <span class='ocrx_word' id='word_1_395' title='bbox 2399 3076 2647 3139; x_wconf 86' lang='lat' dir='ltr'><strong>tempore</strong></span> <span class='ocrx_word' id='word_1_396' title='bbox 2684 3079 2915 3138; x_wconf 88' lang='lat' dir='ltr'><strong>questus</strong></span> <span class='ocrx_word' id='word_1_397' title='bbox 2948 3080 3068 3123; x_wconf 78' lang='lat' dir='ltr'><strong>sum</strong></span> <span class='ocrx_word' id='word_1_398' title='bbox 3115 3072 3341 3136; x_wconf 86' lang='lat' dir='ltr'><strong>propter</strong></span> <span class='ocrx_word' id='word_1_399' title='bbox 3377 3061 3568 3116; x_wconf 81' lang='lat' dir='ltr'><strong>oculo—</strong></span> 
     </span>
    </p>
   </div>
   <div class='ocr_carea' id='block_1_61' title="bbox 1993 3153 3560 3233">
    <p class='ocr_par' dir='ltr' id='par_1_61' title="bbox 1993 3153 3560 3233">
     <span class='ocr_line' id='line_1_61' title="bbox 1993 3153 3560 3233; baseline -0.008 -16"><span class='ocrx_word' id='word_1_400' title='bbox 1993 3178 2115 3217; x_wconf 90' lang='lat' dir='ltr'><strong>rum</strong></span> <span class='ocrx_word' id='word_1_401' title='bbox 2166 3160 2445 3233; x_wconf 86' lang='lat' dir='ltr'><strong>totiusque</strong></span> <span class='ocrx_word' id='word_1_402' title='bbox 2493 3160 2688 3231; x_wconf 85' lang='lat' dir='ltr'><strong>capitis</strong></span> <span class='ocrx_word' id='word_1_403' title='bbox 2743 3158 2999 3214; x_wconf 87' lang='lat' dir='ltr'><strong>morbum</strong></span> <span class='ocrx_word' id='word_1_404' title='bbox 3053 3167 3109 3213; x_wconf 89' lang='lat' dir='ltr'><strong>et</strong></span> <span class='ocrx_word' id='word_1_405' title='bbox 3152 3155 3332 3212; x_wconf 90' lang='lat' dir='ltr'><strong>intimi</strong></span> <span class='ocrx_word' id='word_1_406' title='bbox 3392 3153 3560 3208; x_wconf 89' lang='lat' dir='ltr'><strong>animi</strong></span> 
     </span>
    </p>
   </div>
   <div class='ocr_carea' id='block_1_62' title="bbox 311 3244 1890 3328">
    <p class='ocr_par' dir='ltr' id='par_1_62' title="bbox 311 3244 1889 3326">
     <span class='ocr_line' id='line_1_62' title="bbox 311 3244 1889 3326; baseline 0.009 -31"><span class='ocrx_word' id='word_1_407' title='bbox 311 3244 405 3296; x_wconf 82' lang='grc' dir='ltr'>θοῖ</span> <span class='ocrx_word' id='word_1_408' title='bbox 431 3246 529 3299; x_wconf 74' lang='grc' dir='ltr'><strong>καὶ</strong></span> <span class='ocrx_word' id='word_1_409' title='bbox 564 3249 713 3317; x_wconf 74' lang='grc' dir='ltr'>ἡμᾶς</span> <span class='ocrx_word' id='word_1_410' title='bbox 760 3250 860 3320; x_wconf 85' lang='grc' dir='ltr'>οὐχ</span> <span class='ocrx_word' id='word_1_411' title='bbox 912 3250 1062 3316; x_wconf 81' lang='grc' dir='ltr'>ὅπως</span> <span class='ocrx_word' id='word_1_412' title='bbox 1112 3253 1218 3323; x_wconf 74' lang='grc' dir='ltr'><strong>πρὸ</strong></span> <span class='ocrx_word' id='word_1_413' title='bbox 1257 3253 1557 3324; x_wconf 82' lang='grc' dir='ltr'>ὀφθαλμῶν</span> <span class='ocrx_word' id='word_1_414' title='bbox 1588 3255 1735 3326; x_wconf 69' lang='grc' dir='ltr'>ἔχειν</span> <span class='ocrx_word' id='word_1_415' title='bbox 1763 3256 1889 3320; x_wconf 76' lang='grc' dir='ltr'>τοὺς</span> 
     </span>
    </p>
   </div>
   <div class='ocr_carea' id='block_1_63' title="bbox 1993 3244 3562 3328">
    <p class='ocr_par' dir='ltr' id='par_1_63' title="bbox 1993 3245 3562 3324">
     <span class='ocr_line' id='line_1_63' title="bbox 1993 3245 3562 3324; baseline -0.008 -14"><span class='ocrx_word' id='word_1_416' title='bbox 1993 3255 2416 3311; x_wconf 85' lang='lat' dir='ltr'><strong>sollicitudines.</strong></span> <span class='ocrx_word' id='word_1_417' title='bbox 2443 3253 2599 3324; x_wconf 75' lang='lat'><strong>133</strong></span> <span class='ocrx_word' id='word_1_418' title='bbox 2622 3254 3038 3308; x_wconf 62' lang='lat' dir='ltr'><strong>Pradermittam</strong></span> <span class='ocrx_word' id='word_1_419' title='bbox 3070 3250 3218 3304; x_wconf 88' lang='lat' dir='ltr'><strong>enim</strong></span> <span class='ocrx_word' id='word_1_420' title='bbox 3250 3247 3396 3319; x_wconf 88' lang='lat' dir='ltr'><strong>quod</strong></span> <span class='ocrx_word' id='word_1_421' title='bbox 3427 3245 3562 3300; x_wconf 87' lang='lat' dir='ltr'><strong>mihi</strong></span> 
     </span>
    </p>
   </div>
   <div class='ocr_carea' id='block_1_64' title="bbox 311 3333 1889 3415">
    <p class='ocr_par' dir='ltr' id='par_1_64' title="bbox 311 3333 1889 3415">
     <span class='ocr_line' id='line_1_64' title="bbox 311 3333 1889 3415; baseline 0.007 -28"><span class='ocrx_word' id='word_1_422' title='bbox 311 3333 653 3403; x_wconf 79' lang='grc' dir='ltr'>ὀφθαλμοὺς,</span> <span class='ocrx_word' id='word_1_423' title='bbox 683 3338 820 3392; x_wconf 79' lang='grc' dir='ltr'>ἀλλὰ</span> <span class='ocrx_word' id='word_1_424' title='bbox 849 3340 987 3394; x_wconf 78' lang='grc' dir='ltr'><strong>κάπὶ</strong></span> <span class='ocrx_word' id='word_1_425' title='bbox 1012 3342 1123 3395; x_wconf 84' lang='grc' dir='ltr'><strong>τῶν</strong></span> <span class='ocrx_word' id='word_1_426' title='bbox 1158 3344 1512 3414; x_wconf 77' lang='grc' dir='ltr'>μεταφρένων</span> <span class='ocrx_word' id='word_1_427' title='bbox 1537 3343 1645 3415; x_wconf 72' lang='grc' dir='ltr'>ὅπη</span> <span class='ocrx_word' id='word_1_428' title='bbox 1672 3361 1739 3398; x_wconf 80' lang='grc' dir='ltr'><strong>τε</strong></span> <span class='ocrx_word' id='word_1_429' title='bbox 1764 3344 1889 3415; x_wconf 66' lang='grc' dir='ltr'>βάλε.</span> 
     </span>
    </p>
   </div>
   <div class='ocr_carea' id='block_1_65' title="bbox 313 3415 1888 3503">
    <p class='ocr_par' dir='ltr' id='par_1_65' title="bbox 313 3415 1888 3503">
     <span class='ocr_line' id='line_1_65' title="bbox 313 3415 1888 3503; baseline 0.009 -30"><span class='ocrx_word' id='word_1_430' title='bbox 313 3423 435 3476; x_wconf 86' lang='grc' dir='ltr'>λειν</span> <span class='ocrx_word' id='word_1_431' title='bbox 461 3415 998 3495; x_wconf 80' lang='grc' dir='ltr'>εὐχερέστερόν’πως</span> <span class='ocrx_word' id='word_1_432' title='bbox 1041 3430 1119 3500; x_wconf 86' lang='grc' dir='ltr'>τῷ</span> <span class='ocrx_word' id='word_1_433' title='bbox 1159 3430 1357 3502; x_wconf 71' lang='grc' dir='ltr'>ἐχθρῷ,</span> <span class='ocrx_word' id='word_1_434' title='bbox 1390 3432 1485 3484; x_wconf 79' lang='grc' dir='ltr'>καὶ</span> <span class='ocrx_word' id='word_1_435' title='bbox 1516 3431 1622 3501; x_wconf 73' lang='grc' dir='ltr'>ὅπη</span> <span class='ocrx_word' id='word_1_436' title='bbox 1652 3432 1888 3503; x_wconf 78' lang='grc' dir='ltr'>μάλιστα</span> 
     </span>
    </p>
   </div>
   <div class='ocr_carea' id='block_1_66' title="bbox 311 3516 1888 3597">
    <p class='ocr_par' dir='ltr' id='par_1_66' title="bbox 311 3516 1888 3597">
     <span class='ocr_line' id='line_1_66' title="bbox 311 3516 1888 3597; baseline 0.008 -31"><span class='ocrx_word' id='word_1_437' title='bbox 311 3516 419 3584; x_wconf 76' lang='grc' dir='ltr'><strong>τὴν</strong></span> <span class='ocrx_word' id='word_1_438' title='bbox 446 3516 578 3587; x_wconf 85' lang='grc' dir='ltr'>ὃλην</span> <span class='ocrx_word' id='word_1_439' title='bbox 633 3518 760 3572; x_wconf 81' lang='grc' dir='ltr'>καθ’</span> <span class='ocrx_word' id='word_1_440' title='bbox 795 3519 953 3589; x_wconf 69' lang='grc' dir='ltr'>ἡμῶν</span> <span class='ocrx_word' id='word_1_441' title='bbox 982 3521 1230 3576; x_wconf 69' lang='grc' dir='ltr'>ἐπίνοιαν</span> <span class='ocrx_word' id='word_1_442' title='bbox 1263 3522 1328 3596; x_wconf 80' lang='grc' dir='ltr'><strong>[ί.</strong></span> <span class='ocrx_word' id='word_1_443' title='bbox 1358 3524 1458 3577; x_wconf 72' lang='grc'><strong>127</strong></span> <span class='ocrx_word' id='word_1_444' title='bbox 1486 3523 1546 3597; x_wconf 78' lang='grc' dir='ltr'>α]</span> <span class='ocrx_word' id='word_1_445' title='bbox 1579 3528 1608 3583; x_wconf 77' lang='grc' dir='ltr'>ὁ</span> <span class='ocrx_word' id='word_1_446' title='bbox 1634 3525 1888 3595; x_wconf 83' lang='grc' dir='ltr'>πολέμιος</span> 
     </span>
    </p>
   </div>
   <div class='ocr_carea' id='block_1_67' title="bbox 314 3608 1889 3687">
    <p class='ocr_par' dir='ltr' id='par_1_67' title="bbox 314 3608 1889 3687">
     <span class='ocr_line' id='line_1_67' title="bbox 314 3608 1889 3687; baseline 0.008 -29"><span class='ocrx_word' id='word_1_447' title='bbox 314 3608 505 3678; x_wconf 83' lang='grc' dir='ltr'>ἐκχεῖν</span> <span class='ocrx_word' id='word_1_448' title='bbox 539 3609 845 3679; x_wconf 77' lang='grc' dir='ltr'>ἐπείγεται.</span> <span class='ocrx_word' id='word_1_449' title='bbox 885 3611 1027 3666; x_wconf 82' lang='grc' dir='ltr'>Ἀλλ’</span> <span class='ocrx_word' id='word_1_450' title='bbox 1074 3612 1188 3669; x_wconf 78' lang='grc' dir='ltr'>οὔτ’</span> <span class='ocrx_word' id='word_1_451' title='bbox 1216 3614 1390 3679; x_wconf 76' lang='grc' dir='ltr'>οὐδεὶς</span> <span class='ocrx_word' id='word_1_452' title='bbox 1422 3616 1547 3684; x_wconf 75' lang='grc' dir='ltr'>ἐμοὶ</span> <span class='ocrx_word' id='word_1_453' title='bbox 1585 3618 1889 3687; x_wconf 84' lang='grc' dir='ltr'>τηνικαῦτα</span> 
     </span>
    </p>
   </div>
   <div class='ocr_carea' id='block_1_68' title="bbox 316 3693 1890 3780">
    <p class='ocr_par' dir='ltr' id='par_1_68' title="bbox 316 3693 1890 3780">
     <span class='ocr_line' id='line_1_68' title="bbox 316 3693 1890 3780; baseline 0.009 -30"><span class='ocrx_word' id='word_1_454' title='bbox 316 3698 507 3767; x_wconf 81' lang='grc' dir='ltr'>παρῆν</span> <span class='ocrx_word' id='word_1_455' title='bbox 557 3693 639 3761; x_wconf 73' lang='grc' dir='ltr'>οἷς</span> <span class='ocrx_word' id='word_1_456' title='bbox 681 3701 839 3755; x_wconf 86' lang='grc' dir='ltr'>είωθε</span> <span class='ocrx_word' id='word_1_457' title='bbox 894 3704 1026 3772; x_wconf 71' lang='grc' dir='ltr'>πρὶν</span> <span class='ocrx_word' id='word_1_458' title='bbox 1067 3707 1187 3770; x_wconf 82' lang='grc' dir='ltr'>ταῖς</span> <span class='ocrx_word' id='word_1_459' title='bbox 1232 3707 1342 3760; x_wconf 88' lang='grc' dir='ltr'><strong>τῶν</strong></span> <span class='ocrx_word' id='word_1_460' title='bbox 1376 3710 1722 3780; x_wconf 74' lang='grc' dir='ltr'>γραμμάτων</span> <span class='ocrx_word' id='word_1_461' title='bbox 1753 3711 1890 3779; x_wconf 76' lang='grc' dir='ltr'>ἡμῖν</span> 
     </span>
    </p>
   </div>
   <div class='ocr_carea' id='block_1_69' title="bbox 316 3791 1891 3869">
    <p class='ocr_par' dir='ltr' id='par_1_69' title="bbox 316 3791 1891 3869">
     <span class='ocr_line' id='line_1_69' title="bbox 316 3791 1891 3869; baseline 0.009 -28"><span class='ocrx_word' id='word_1_462' title='bbox 316 3791 714 3861; x_wconf 80' lang='grc' dir='ltr'>ὑπηρετεῖσθαι</span> <span class='ocrx_word' id='word_1_463' title='bbox 757 3793 1214 3869; x_wconf 86' lang='grc' dir='ltr'>ύπαγορεύσεσιν,</span> <span class='ocrx_word' id='word_1_464' title='bbox 1262 3795 1387 3851; x_wconf 79' lang='grc' dir='ltr'>οὔτε</span> <span class='ocrx_word' id='word_1_465' title='bbox 1442 3803 1551 3869; x_wconf 73' lang='grc' dir='ltr'>μὴν</span> <span class='ocrx_word' id='word_1_466' title='bbox 1602 3799 1783 3864; x_wconf 78' lang='grc' dir='ltr'>οὐδεὶς</span> <span class='ocrx_word' id='word_1_467' title='bbox 1829 3802 1891 3855; x_wconf 70' lang='grc' dir='ltr'><strong>τὺ</strong></span> 
     </span>
    </p>
   </div>
   <div class='ocr_carea' id='block_1_70' title="bbox 316 3877 1891 3959">
    <p class='ocr_par' dir='ltr' id='par_1_70' title="bbox 316 3877 1891 3959">
     <span class='ocr_line' id='line_1_70' title="bbox 316 3877 1891 3959; baseline 0.007 -26"><span class='ocrx_word' id='word_1_468' title='bbox 316 3882 589 3951; x_wconf 82' lang='grc' dir='ltr'>παράπαν</span> <span class='ocrx_word' id='word_1_469' title='bbox 621 3877 702 3946; x_wconf 75' lang='grc' dir='ltr'><strong>οἷς</strong></span> <span class='ocrx_word' id='word_1_470' title='bbox 755 3884 923 3955; x_wconf 69' lang='grc' dir='ltr'>ἐχρῆν</span> <span class='ocrx_word' id='word_1_471' title='bbox 972 3886 1086 3940; x_wconf 86' lang='grc' dir='ltr'><strong>τῶν</strong></span> <span class='ocrx_word' id='word_1_472' title='bbox 1116 3887 1464 3955; x_wconf 75' lang='grc' dir='ltr'>δογματικῶν</span> <span class='ocrx_word' id='word_1_473' title='bbox 1508 3888 1715 3943; x_wconf 88' lang='grc' dir='ltr'>τούτων</span> <span class='ocrx_word' id='word_1_474' title='bbox 1742 3888 1891 3959; x_wconf 80' lang='grc' dir='ltr'>ἀγώ·</span> 
     </span>
    </p>
   </div>
   <div class='ocr_carea' id='block_1_71' title="bbox 316 3974 1892 4048">
    <p class='ocr_par' dir='ltr' id='par_1_71' title="bbox 316 3974 1892 4048">
     <span class='ocr_line' id='line_1_71' title="bbox 316 3974 1892 4048; baseline 0.006 -23"><span class='ocrx_word' id='word_1_475' title='bbox 316 3989 429 4025; x_wconf 80' lang='grc' dir='ltr'><strong>νων</strong></span> <span class='ocrx_word' id='word_1_476' title='bbox 484 3991 543 4028; x_wconf 85' lang='grc' dir='ltr'><strong>τε</strong></span> <span class='ocrx_word' id='word_1_477' title='bbox 594 3976 690 4029; x_wconf 75' lang='grc' dir='ltr'>καὶ</span> <span class='ocrx_word' id='word_1_478' title='bbox 737 3974 1126 4046; x_wconf 83' lang='grc' dir='ltr'>βουλευμάτων</span> <span class='ocrx_word' id='word_1_479' title='bbox 1171 3977 1298 4047; x_wconf 64' lang='grc' dir='ltr'>ἐμοὶ</span> <span class='ocrx_word' id='word_1_480' title='bbox 1358 3978 1740 4048; x_wconf 81' lang='grc' dir='ltr'>συναίρεσθαι,</span> <span class='ocrx_word' id='word_1_481' title='bbox 1798 3981 1892 4034; x_wconf 79' lang='grc' dir='ltr'>καὶ</span> 
     </span>
    </p>
   </div>
   <div class='ocr_carea' id='block_1_72' title="bbox 322 4066 1892 4144">
    <p class='ocr_par' dir='ltr' id='par_1_72' title="bbox 322 4066 1892 4144">
     <span class='ocr_line' id='line_1_72' title="bbox 322 4066 1892 4144; baseline 0.005 -26"><span class='ocrx_word' id='word_1_482' title='bbox 322 4066 567 4136; x_wconf 75' lang='grc' dir='ltr'>μάλιστα</span> <span class='ocrx_word' id='word_1_483' title='bbox 594 4068 688 4123; x_wconf 86' lang='grc' dir='ltr'><strong>νῦν</strong></span> <span class='ocrx_word' id='word_1_484' title='bbox 724 4070 1040 4139; x_wconf 77' lang='grc' dir='ltr'>ὀφθαλμοὺς</span> <span class='ocrx_word' id='word_1_485' title='bbox 1076 4070 1170 4125; x_wconf 79' lang='grc' dir='ltr'>καὶ</span> <span class='ocrx_word' id='word_1_486' title='bbox 1209 4071 1340 4141; x_wconf 87' lang='grc' dir='ltr'>ὃλην</span> <span class='ocrx_word' id='word_1_487' title='bbox 1368 4071 1596 4140; x_wconf 82' lang='grc' dir='ltr'>ἀλγοῦσι</span> <span class='ocrx_word' id='word_1_488' title='bbox 1649 4074 1892 4144; x_wconf 71' lang='grc' dir='ltr'>κεφαλὴν</span> 
     </span>
    </p>
   </div>
   <div class='ocr_carea' id='block_1_73' title="bbox 318 4161 1894 4235">
    <p class='ocr_par' dir='ltr' id='par_1_73' title="bbox 318 4161 1894 4235">
     <span class='ocr_line' id='line_1_73' title="bbox 318 4161 1894 4235; baseline 0.003 -20"><span class='ocrx_word' id='word_1_489' title='bbox 318 4161 425 4215; x_wconf 80' lang='grc' dir='ltr'>καὶ</span> <span class='ocrx_word' id='word_1_490' title='bbox 467 4163 599 4231; x_wconf 83' lang='grc' dir='ltr'>ὃλην</span> <span class='ocrx_word' id='word_1_491' title='bbox 637 4162 962 4233; x_wconf 80' lang='grc' dir='ltr'>ἀνιωμένοις</span> <span class='ocrx_word' id='word_1_492' title='bbox 1007 4162 1255 4233; x_wconf 86' lang='grc' dir='ltr'>καρδίαν.</span> <span class='ocrx_word' id='word_1_493' title='bbox 1291 4164 1401 4220; x_wconf 87' lang='grc' dir='ltr'>Ἐῶ</span> <span class='ocrx_word' id='word_1_494' title='bbox 1442 4164 1551 4235; x_wconf 76' lang='grc' dir='ltr'><strong>γὰρ</strong></span> <span class='ocrx_word' id='word_1_495' title='bbox 1597 4165 1779 4234; x_wconf 85' lang='grc' dir='ltr'>λέγειν</span> <span class='ocrx_word' id='word_1_496' title='bbox 1818 4164 1894 4229; x_wconf 86' lang='grc' dir='ltr'><strong>ώς</strong></span> 
     </span>
    </p>
   </div>
   <div class='ocr_carea' id='block_1_74' title="bbox 320 4254 1894 4332">
    <p class='ocr_par' dir='ltr' id='par_1_74' title="bbox 320 4254 1894 4332">
     <span class='ocr_line' id='line_1_74' title="bbox 320 4254 1894 4332; baseline 0.001 -23"><span class='ocrx_word' id='word_1_497' title='bbox 320 4256 413 4309; x_wconf 66' lang='grc' dir='ltr'>διὰ</span> <span class='ocrx_word' id='word_1_498' title='bbox 442 4255 504 4307; x_wconf 71' lang='grc' dir='ltr'>τὸ</span> <span class='ocrx_word' id='word_1_499' title='bbox 532 4254 798 4323; x_wconf 72' lang='grc' dir='ltr'>αἰφνίδιον</span> <span class='ocrx_word' id='word_1_500' title='bbox 823 4256 922 4327; x_wconf 84' lang='grc' dir='ltr'><strong>τῆς</strong></span> <span class='ocrx_word' id='word_1_501' title='bbox 945 4256 1169 4327; x_wconf 71' lang='grc' dir='ltr'>εἱρκτῆς</span> <span class='ocrx_word' id='word_1_502' title='bbox 1199 4256 1310 4310; x_wconf 77' lang='grc' dir='ltr'>οὐδ’</span> <span class='ocrx_word' id='word_1_503' title='bbox 1341 4258 1520 4326; x_wconf 75' lang='grc' dir='ltr'>εὐφυᾶ</span> <span class='ocrx_word' id='word_1_504' title='bbox 1540 4276 1662 4313; x_wconf 89' lang='grc' dir='ltr'>τινα</span> <span class='ocrx_word' id='word_1_505' title='bbox 1685 4260 1894 4332; x_wconf 79' lang='grc' dir='ltr'>χάρτην</span> 
     </span>
    </p>
   </div>
   <div class='ocr_carea' id='block_1_75' title="bbox 322 4348 1895 4422">
    <p class='ocr_par' dir='ltr' id='par_1_75' title="bbox 322 4348 1895 4422">
     <span class='ocr_line' id='line_1_75' title="bbox 322 4348 1895 4422; baseline 0.001 -21"><span class='ocrx_word' id='word_1_506' title='bbox 322 4351 473 4417; x_wconf 71' lang='grc' dir='ltr'>ἔχειν</span> <span class='ocrx_word' id='word_1_507' title='bbox 503 4348 629 4417; x_wconf 73' lang='grc' dir='ltr'>ἐμοὶ</span> <span class='ocrx_word' id='word_1_508' title='bbox 663 4348 963 4415; x_wconf 84' lang='grc' dir='ltr'>τηνικαῦτα</span> <span class='ocrx_word' id='word_1_509' title='bbox 1002 4348 1305 4420; x_wconf 82' lang='grc' dir='ltr'>τετύχηκεν</span> <span class='ocrx_word' id='word_1_510' title='bbox 1347 4351 1428 4413; x_wconf 81' lang='grc' dir='ltr'><strong>είς</strong></span> <span class='ocrx_word' id='word_1_511' title='bbox 1472 4368 1533 4404; x_wconf 83' lang='grc' dir='ltr'><strong>τε</strong></span> <span class='ocrx_word' id='word_1_512' title='bbox 1561 4352 1895 4422; x_wconf 85' lang='grc' dir='ltr'>ἀποχρῶσαν</span> 
     </span>
    </p>
   </div>
   <div class='ocr_carea' id='block_1_76' title="bbox 323 4441 1894 4512">
    <p class='ocr_par' dir='ltr' id='par_1_76' title="bbox 323 4441 1894 4512">
     <span class='ocr_line' id='line_1_76' title="bbox 323 4441 1894 4512; baseline -0.001 -16"><span class='ocrx_word' id='word_1_513' title='bbox 323 4442 599 4512; x_wconf 78' lang='grc' dir='ltr'>ὑποδοχὴν</span> <span class='ocrx_word' id='word_1_514' title='bbox 627 4441 909 4497; x_wconf 76' lang='grc' dir='ltr'>συλλαϐῶν</span> <span class='ocrx_word' id='word_1_515' title='bbox 945 4443 1039 4496; x_wconf 74' lang='grc' dir='ltr'>καὶ</span> <span class='ocrx_word' id='word_1_516' title='bbox 1066 4443 1293 4512; x_wconf 77' lang='grc' dir='ltr'>γραφῶν</span> <span class='ocrx_word' id='word_1_517' title='bbox 1327 4444 1686 4497; x_wconf 86' lang='grc' dir='ltr'>πολυπλόκων</span> <span class='ocrx_word' id='word_1_518' title='bbox 1712 4460 1773 4497; x_wconf 85' lang='grc' dir='ltr'><strong>τε</strong></span> <span class='ocrx_word' id='word_1_519' title='bbox 1799 4443 1894 4499; x_wconf 68' lang='grc' dir='ltr'>καὶ</span> 
     </span>
    </p>
   </div>
   <div class='ocr_carea' id='block_1_77' title="bbox 323 4535 1896 4607">
    <p class='ocr_par' dir='ltr' id='par_1_77' title="bbox 323 4535 1896 4607">
     <span class='ocr_line' id='line_1_77' title="bbox 323 4535 1896 4607; baseline -0.001 -16"><span class='ocrx_word' id='word_1_520' title='bbox 323 4535 711 4600; x_wconf 82' lang='grc' dir='ltr'>παντοδαπῶν,</span> <span class='ocrx_word' id='word_1_521' title='bbox 759 4536 852 4589; x_wconf 74' lang='grc' dir='ltr'>καὶ</span> <span class='ocrx_word' id='word_1_522' title='bbox 901 4536 1019 4605; x_wconf 68' lang='grc' dir='ltr'>ἅμα</span> <span class='ocrx_word' id='word_1_523' title='bbox 1066 4537 1333 4607; x_wconf 85' lang='grc' dir='ltr'>ἁρμονίαν</span> <span class='ocrx_word' id='word_1_524' title='bbox 1380 4537 1494 4600; x_wconf 84' lang='grc' dir='ltr'>τοῖς</span> <span class='ocrx_word' id='word_1_525' title='bbox 1547 4537 1896 4606; x_wconf 82' lang='grc' dir='ltr'>δογματικοίς</span> 
     </span>
    </p>
   </div>
   <div class='ocr_carea' id='block_1_78' title="bbox 1996 3337 3565 3418">
    <p class='ocr_par' dir='ltr' id='par_1_78' title="bbox 1996 3337 3565 3418">
     <span class='ocr_line' id='line_1_78' title="bbox 1996 3337 3565 3418; baseline -0.006 -16"><span class='ocrx_word' id='word_1_526' title='bbox 1996 3346 2090 3418; x_wconf 88' lang='lat' dir='ltr'><strong>qui</strong></span> <span class='ocrx_word' id='word_1_527' title='bbox 2126 3346 2425 3416; x_wconf 84' lang='lat' dir='ltr'><strong>improviso</strong></span> <span class='ocrx_word' id='word_1_528' title='bbox 2458 3344 2512 3400; x_wconf 91' lang='lat' dir='ltr'><strong>in</strong></span> <span class='ocrx_word' id='word_1_529' title='bbox 2548 3342 2851 3400; x_wconf 89' lang='lat' dir='ltr'><strong>custodiam</strong></span> <span class='ocrx_word' id='word_1_530' title='bbox 2880 3341 3078 3397; x_wconf 90' lang='lat' dir='ltr'><strong>ductus</strong></span> <span class='ocrx_word' id='word_1_531' title='bbox 3107 3354 3283 3397; x_wconf 89' lang='lat' dir='ltr'><strong>essem</strong></span> <span class='ocrx_word' id='word_1_532' title='bbox 3316 3337 3565 3393; x_wconf 64' lang='lat' dir='ltr'><strong>nancisci</strong></span> 
     </span>
    </p>
   </div>
   <div class='ocr_carea' id='block_1_79' title="bbox 1997 3429 3567 3502">
    <p class='ocr_par' dir='ltr' id='par_1_79' title="bbox 1997 3429 3567 3502">
     <span class='ocr_line' id='line_1_79' title="bbox 1997 3429 3567 3502; baseline -0.007 -6"><span class='ocrx_word' id='word_1_533' title='bbox 1997 3456 2103 3496; x_wconf 89' lang='lat' dir='ltr'><strong>non</strong></span> <span class='ocrx_word' id='word_1_534' title='bbox 2153 3439 2306 3495; x_wconf 89' lang='lat' dir='ltr'><strong>licuit</strong></span> <span class='ocrx_word' id='word_1_535' title='bbox 2351 3438 2550 3493; x_wconf 86' lang='lat' dir='ltr'><strong>bonam</strong></span> <span class='ocrx_word' id='word_1_536' title='bbox 2600 3434 2867 3499; x_wconf 86' lang='lat' dir='ltr'><strong>chartam,</strong></span> <span class='ocrx_word' id='word_1_537' title='bbox 2920 3434 3103 3502; x_wconf 89' lang='lat' dir='ltr'><strong>itaque</strong></span> <span class='ocrx_word' id='word_1_538' title='bbox 3137 3430 3252 3486; x_wconf 91' lang='lat' dir='ltr'><strong>istis</strong></span> <span class='ocrx_word' id='word_1_539' title='bbox 3297 3430 3352 3485; x_wconf 92' lang='lat' dir='ltr'><strong>in</strong></span> <span class='ocrx_word' id='word_1_540' title='bbox 3398 3429 3567 3485; x_wconf 83' lang='lat' dir='ltr'><strong>undis</strong></span> 
     </span>
    </p>
   </div>
   <div class='ocr_carea' id='block_1_80' title="bbox 1997 3520 3569 3595">
    <p class='ocr_par' dir='ltr' id='par_1_80' title="bbox 1997 3520 3569 3595">
     <span class='ocr_line' id='line_1_80' title="bbox 1997 3520 3569 3595; baseline -0.006 -10"><span class='ocrx_word' id='word_1_541' title='bbox 1997 3532 2350 3588; x_wconf 77' lang='lat' dir='ltr'><strong>vehementer</strong></span> <span class='ocrx_word' id='word_1_542' title='bbox 2392 3528 2788 3584; x_wconf 80' lang='lat' dir='ltr'><strong>ﬂuctuantibus</strong></span> <span class='ocrx_word' id='word_1_543' title='bbox 2836 3526 3081 3595; x_wconf 89' lang='lat' dir='ltr'><strong>mihique</strong></span> <span class='ocrx_word' id='word_1_544' title='bbox 3113 3520 3569 3593; x_wconf 84' lang='lat' dir='ltr'><strong>obstrepentibus</strong></span> 
     </span>
    </p>
   </div>
   <div class='ocr_carea' id='block_1_81' title="bbox 1998 3614 3563 3695">
    <p class='ocr_par' dir='ltr' id='par_1_81' title="bbox 1998 3614 3563 3695">
     <span class='ocr_line' id='line_1_81' title="bbox 1998 3614 3563 3695; baseline -0.008 -14"><span class='ocrx_word' id='word_1_545' title='bbox 1998 3640 2068 3681; x_wconf 89' lang='lat' dir='ltr'><strong>ne</strong></span> <span class='ocrx_word' id='word_1_546' title='bbox 2102 3638 2275 3695; x_wconf 86' lang='lat' dir='ltr'><strong>pauca</strong></span> <span class='ocrx_word' id='word_1_547' title='bbox 2318 3620 2542 3694; x_wconf 86' lang='lat' dir='ltr'><strong>quidem</strong></span> <span class='ocrx_word' id='word_1_548' title='bbox 2574 3636 2670 3677; x_wconf 89' lang='lat' dir='ltr'><strong>ore</strong></span> <span class='ocrx_word' id='word_1_549' title='bbox 2703 3619 3073 3692; x_wconf 34' lang='lat' dir='ltr'><strong>pronuntiare.</strong></span> <span class='ocrx_word' id='word_1_550' title='bbox 3091 3614 3224 3671; x_wconf 88' lang='lat' dir='ltr'><strong>mihi</strong></span> <span class='ocrx_word' id='word_1_551' title='bbox 3261 3614 3438 3682; x_wconf 85' lang='lat' dir='ltr'><strong>licuit,</strong></span> <span class='ocrx_word' id='word_1_552' title='bbox 3467 3615 3563 3669; x_wconf 89' lang='lat' dir='ltr'><strong>sed</strong></span> 
     </span>
    </p>
   </div>
   <div class='ocr_carea' id='block_1_82' title="bbox 1998 3706 3566 3787">
    <p class='ocr_par' dir='ltr' id='par_1_82' title="bbox 1998 3706 3566 3787">
     <span class='ocr_line' id='line_1_82' title="bbox 1998 3706 3566 3787; baseline -0.006 -14"><span class='ocrx_word' id='word_1_553' title='bbox 1998 3729 2060 3773; x_wconf 88' lang='lat' dir='ltr'><strong>ut</strong></span> <span class='ocrx_word' id='word_1_554' title='bbox 2106 3718 2344 3787; x_wconf 77' lang='lat' dir='ltr'><strong>linguam</strong></span> <span class='ocrx_word' id='word_1_555' title='bbox 2389 3727 2791 3785; x_wconf 84' lang='lat' dir='ltr'><strong>compescerem</strong></span> <span class='ocrx_word' id='word_1_556' title='bbox 2828 3720 2885 3767; x_wconf 90' lang='lat' dir='ltr'><strong>et</strong></span> <span class='ocrx_word' id='word_1_557' title='bbox 2933 3724 3154 3780; x_wconf 80' lang='lat' dir='ltr'><strong>exspem</strong></span> <span class='ocrx_word' id='word_1_558' title='bbox 3204 3706 3566 3779; x_wconf 87' lang='lat' dir='ltr'><strong>Endymionis</strong></span> 
     </span>
    </p>
   </div>
   <div class='ocr_carea' id='block_1_83' title="bbox 1998 3800 3564 3867">
    <p class='ocr_par' dir='ltr' id='par_1_83' title="bbox 1998 3800 3564 3867">
     <span class='ocr_line' id='line_1_83' title="bbox 1998 3800 3564 3867; baseline -0.008 -1"><span class='ocrx_word' id='word_1_559' title='bbox 1998 3824 2193 3866; x_wconf 90' lang='lat' dir='ltr'><strong>somno</strong></span> <span class='ocrx_word' id='word_1_560' title='bbox 2223 3824 2312 3864; x_wconf 90' lang='lat' dir='ltr'><strong>me</strong></span> <span class='ocrx_word' id='word_1_561' title='bbox 2349 3807 2536 3863; x_wconf 87' lang='lat' dir='ltr'><strong>darem</strong></span> <span class='ocrx_word' id='word_1_562' title='bbox 2585 3803 2911 3861; x_wconf 88' lang='lat' dir='ltr'><strong>necessitate</strong></span> <span class='ocrx_word' id='word_1_563' title='bbox 2938 3810 3165 3859; x_wconf 88' lang='lat' dir='ltr'><strong>coactus</strong></span> <span class='ocrx_word' id='word_1_564' title='bbox 3196 3816 3368 3855; x_wconf 88' lang='lat' dir='ltr'><strong>eram.</strong></span> <span class='ocrx_word' id='word_1_565' title='bbox 3408 3800 3564 3867; x_wconf 84' lang='lat' dir='ltr'><strong>Quod</strong></span> 
     </span>
    </p>
   </div>
   <div class='ocr_carea' id='block_1_84' title="bbox 2000 3895 3571 3973">
    <p class='ocr_par' dir='ltr' id='par_1_84' title="bbox 2000 3895 3571 3973">
     <span class='ocr_line' id='line_1_84' title="bbox 2000 3895 3571 3973; baseline -0.008 -14"><span class='ocrx_word' id='word_1_566' title='bbox 2000 3913 2181 3960; x_wconf 88' lang='lat' dir='ltr'><strong>tamen</strong></span> <span class='ocrx_word' id='word_1_567' title='bbox 2206 3915 2549 3973; x_wconf 87' lang='lat' dir='ltr'><strong>nequaquam</strong></span> <span class='ocrx_word' id='word_1_568' title='bbox 2571 3915 2714 3969; x_wconf 76' lang='lat' dir='ltr'><strong>:egre</strong></span> <span class='ocrx_word' id='word_1_569' title='bbox 2743 3897 2984 3953; x_wconf 54' lang='lat' dir='ltr'><strong>tulissem</strong></span> <span class='ocrx_word' id='word_1_570' title='bbox 3012 3895 3057 3951; x_wconf 90' lang='lat' dir='ltr'><strong>si</strong></span> <span class='ocrx_word' id='word_1_571' title='bbox 3084 3895 3213 3949; x_wconf 86' lang='lat' dir='ltr'><strong>mihi</strong></span> <span class='ocrx_word' id='word_1_572' title='bbox 3239 3909 3345 3949; x_wconf 89' lang='lat' dir='ltr'><strong>non</strong></span> <span class='ocrx_word' id='word_1_573' title='bbox 3378 3908 3571 3948; x_wconf 80' lang='lat' dir='ltr'><strong>veren-</strong></span> 
     </span>
    </p>
   </div>
   <div class='ocr_carea' id='block_1_85' title="bbox 1998 3984 3573 4064">
    <p class='ocr_par' dir='ltr' id='par_1_85' title="bbox 1998 3984 3573 4064">
     <span class='ocr_line' id='line_1_85' title="bbox 1998 3984 3573 4064; baseline -0.006 -14"><span class='ocrx_word' id='word_1_574' title='bbox 1998 3996 2129 4050; x_wconf 88' lang='lat' dir='ltr'><strong>dum</strong></span> <span class='ocrx_word' id='word_1_575' title='bbox 2159 3994 2353 4051; x_wconf 79' lang='lat' dir='ltr'><strong>fuisset</strong></span> <span class='ocrx_word' id='word_1_576' title='bbox 2385 4008 2454 4048; x_wconf 92' lang='lat' dir='ltr'><strong>ne</strong></span> <span class='ocrx_word' id='word_1_577' title='bbox 2494 3992 2668 4064; x_wconf 86' lang='lat' dir='ltr'><strong>pietas</strong></span> <span class='ocrx_word' id='word_1_578' title='bbox 2702 4005 2822 4045; x_wconf 84' lang='lat' dir='ltr'><strong>mea</strong></span> <span class='ocrx_word' id='word_1_579' title='bbox 2857 3988 3185 4044; x_wconf 84' lang='lat' dir='ltr'><strong>obrueretur</strong></span> <span class='ocrx_word' id='word_1_580' title='bbox 3227 3984 3573 4041; x_wconf 84' lang='lat' dir='ltr'><strong>criminatio-</strong></span> 
     </span>
    </p>
   </div>
   <div class='ocr_carea' id='block_1_86' title="bbox 1999 4078 3571 4153">
    <p class='ocr_par' dir='ltr' id='par_1_86' title="bbox 1999 4078 3571 4153">
     <span class='ocr_line' id='line_1_86' title="bbox 1999 4078 3571 4153; baseline -0.007 -12"><span class='ocrx_word' id='word_1_581' title='bbox 1999 4086 2166 4142; x_wconf 87' lang='lat' dir='ltr'><strong>nibus</strong></span> <span class='ocrx_word' id='word_1_582' title='bbox 2195 4084 2499 4139; x_wconf 83' lang='lat' dir='ltr'><strong>iuﬁdelium</strong></span> <span class='ocrx_word' id='word_1_583' title='bbox 2531 4081 2884 4153; x_wconf 87' lang='lat' dir='ltr'><strong>impudenter</strong></span> <span class='ocrx_word' id='word_1_584' title='bbox 2903 4080 3061 4135; x_wconf 85' lang='lat' dir='ltr'><strong>nobis</strong></span> <span class='ocrx_word' id='word_1_585' title='bbox 3095 4078 3338 4148; x_wconf 81' lang='lat' dir='ltr'><strong>ipsorum</strong></span> <span class='ocrx_word' id='word_1_586' title='bbox 3371 4079 3571 4147; x_wconf 86' lang='lat' dir='ltr'><strong>impro-</strong></span> 
     </span>
    </p>
   </div>
   <div class='ocr_carea' id='block_1_87' title="bbox 2000 4166 3573 4244">
    <p class='ocr_par' dir='ltr' id='par_1_87' title="bbox 2000 4166 3573 4244">
     <span class='ocr_line' id='line_1_87' title="bbox 2000 4166 3573 4244; baseline -0.007 -12"><span class='ocrx_word' id='word_1_587' title='bbox 2000 4177 2225 4232; x_wconf 88' lang='lat' dir='ltr'><strong>bitatem</strong></span> <span class='ocrx_word' id='word_1_588' title='bbox 2278 4174 2711 4244; x_wconf 83' lang='lat' dir='ltr'><strong>applicantium;</strong></span> <span class='ocrx_word' id='word_1_589' title='bbox 2746 4186 2914 4241; x_wconf 92' lang='lat' dir='ltr'><strong>porro</strong></span> <span class='ocrx_word' id='word_1_590' title='bbox 2967 4170 3012 4225; x_wconf 89' lang='lat' dir='ltr'><strong>si</strong></span> <span class='ocrx_word' id='word_1_591' title='bbox 3056 4184 3154 4239; x_wconf 89' lang='lat' dir='ltr'><strong>pro</strong></span> <span class='ocrx_word' id='word_1_592' title='bbox 3195 4166 3397 4223; x_wconf 86' lang='lat' dir='ltr'><strong>misero</strong></span> <span class='ocrx_word' id='word_1_593' title='bbox 3442 4184 3573 4222; x_wconf 83' lang='lat' dir='ltr'><strong>meo</strong></span> 
     </span>
    </p>
   </div>
   <div class='ocr_carea' id='block_1_88' title="bbox 2000 4263 3566 4339">
    <p class='ocr_par' dir='ltr' id='par_1_88' title="bbox 2000 4263 3566 4339">
     <span class='ocr_line' id='line_1_88' title="bbox 2000 4263 3566 4339; baseline -0.006 -13"><span class='ocrx_word' id='word_1_594' title='bbox 2000 4283 2231 4339; x_wconf 84' lang='lat' dir='ltr'><strong>corpore</strong></span> <span class='ocrx_word' id='word_1_595' title='bbox 2277 4267 2439 4322; x_wconf 86' lang='lat' dir='ltr'><strong>ﬁnem</strong></span> <span class='ocrx_word' id='word_1_596' title='bbox 2486 4266 2734 4321; x_wconf 85' lang='lat' dir='ltr'><strong>laborum</strong></span> <span class='ocrx_word' id='word_1_597' title='bbox 2763 4280 2862 4335; x_wconf 88' lang='lat' dir='ltr'><strong>pro</strong></span> <span class='ocrx_word' id='word_1_598' title='bbox 2898 4264 3079 4319; x_wconf 89' lang='lat' dir='ltr'><strong>anima</strong></span> <span class='ocrx_word' id='word_1_599' title='bbox 3108 4277 3228 4318; x_wconf 87' lang='lat' dir='ltr'><strong>mea</strong></span> <span class='ocrx_word' id='word_1_600' title='bbox 3271 4263 3566 4317; x_wconf 76' lang='lat' dir='ltr'><strong>immortaii</strong></span> 
     </span>
    </p>
   </div>
   <div class='ocr_carea' id='block_1_89' title="bbox 2001 4354 3567 4428">
    <p class='ocr_par' dir='ltr' id='par_1_89' title="bbox 2001 4354 3567 4428">
     <span class='ocr_line' id='line_1_89' title="bbox 2001 4354 3567 4428; baseline -0.005 -10"><span class='ocrx_word' id='word_1_601' title='bbox 2001 4370 2278 4417; x_wconf 86' lang='lat' dir='ltr'><strong>certamen</strong></span> <span class='ocrx_word' id='word_1_602' title='bbox 2328 4359 2584 4415; x_wconf 89' lang='lat' dir='ltr'><strong>ultimum</strong></span> <span class='ocrx_word' id='word_1_603' title='bbox 2633 4358 2949 4428; x_wconf 88' lang='lat' dir='ltr'><strong>prospicere</strong></span> <span class='ocrx_word' id='word_1_604' title='bbox 2988 4357 3311 4427; x_wconf 87' lang='lat' dir='ltr'><strong>potuissem.</strong></span> <span class='ocrx_word' id='word_1_605' title='bbox 3358 4354 3464 4408; x_wconf 83' lang='lat' dir='ltr'><strong>Sed</strong></span> <span class='ocrx_word' id='word_1_606' title='bbox 3518 4356 3567 4410; x_wconf 80' lang='lat' dir='ltr'><strong>si</strong></span> 
     </span>
    </p>
   </div>
   <div class='ocr_carea' id='block_1_90' title="bbox 2002 4446 3568 4525">
    <p class='ocr_par' dir='ltr' id='par_1_90' title="bbox 2002 4446 3568 4525">
     <span class='ocr_line' id='line_1_90' title="bbox 2002 4446 3568 4525; baseline -0.006 -16"><span class='ocrx_word' id='word_1_607' title='bbox 2002 4469 2152 4525; x_wconf 86' lang='lat' dir='ltr'><strong>spem</strong></span> <span class='ocrx_word' id='word_1_608' title='bbox 2183 4452 2378 4508; x_wconf 81' lang='lat' dir='ltr'><strong>fallunt</strong></span> <span class='ocrx_word' id='word_1_609' title='bbox 2407 4460 2636 4507; x_wconf 78' lang='lat' dir='ltr'><strong>eventus</strong></span> <span class='ocrx_word' id='word_1_610' title='bbox 2663 4457 2720 4505; x_wconf 89' lang='lat' dir='ltr'><strong>et</strong></span> <span class='ocrx_word' id='word_1_611' title='bbox 2762 4450 2887 4521; x_wconf 80' lang='lat' dir='ltr'><strong>fuga</strong></span> <span class='ocrx_word' id='word_1_612' title='bbox 2928 4448 3175 4503; x_wconf 85' lang='lat' dir='ltr'><strong>laborum</strong></span> <span class='ocrx_word' id='word_1_613' title='bbox 3210 4446 3451 4516; x_wconf 81' lang='lat' dir='ltr'><strong>iniquior</strong></span> <span class='ocrx_word' id='word_1_614' title='bbox 3482 4457 3568 4502; x_wconf 87' lang='lat' dir='ltr'><strong>est</strong></span> 
     </span>
    </p>
   </div>
   <div class='ocr_carea' id='block_1_91' title="bbox 2002 4540 3566 4618">
    <p class='ocr_par' dir='ltr' id='par_1_91' title="bbox 2002 4540 3566 4618">
     <span class='ocr_line' id='line_1_91' title="bbox 2002 4540 3566 4618; baseline -0.007 -16"><span class='ocrx_word' id='word_1_615' title='bbox 2002 4547 2137 4618; x_wconf 88' lang='lat' dir='ltr'><strong>ipsis</strong></span> <span class='ocrx_word' id='word_1_616' title='bbox 2160 4546 2461 4607; x_wconf 86' lang='lat' dir='ltr'><strong>laboribus,</strong></span> <span class='ocrx_word' id='word_1_617' title='bbox 2481 4544 2661 4599; x_wconf 82' lang='lat' dir='ltr'><strong>inanis</strong></span> <span class='ocrx_word' id='word_1_618' title='bbox 2679 4551 2764 4598; x_wconf 88' lang='lat' dir='ltr'><strong>est</strong></span> <span class='ocrx_word' id='word_1_619' title='bbox 2786 4540 3048 4613; x_wconf 89' lang='lat' dir='ltr'><strong>splendor</strong></span> <span class='ocrx_word' id='word_1_620' title='bbox 3067 4542 3566 4610; x_wconf 78' lang='lat' dir='ltr'><strong>exspectationum,</strong></span> 
     </span>
    </p>
   </div>
   <div class='ocr_carea' id='block_1_92' title="bbox 324 4627 1890 4700">
    <p class='ocr_par' dir='ltr' id='par_1_92' title="bbox 324 4627 1890 4699">
     <span class='ocr_line' id='line_1_92' title="bbox 324 4627 1890 4699; baseline -0.001 -15"><span class='ocrx_word' id='word_1_621' title='bbox 324 4631 718 4699; x_wconf 75' lang='grc' dir='ltr'>προσήκουσαν</span> <span class='ocrx_word' id='word_1_622' title='bbox 784 4628 1204 4699; x_wconf 75' lang='grc' dir='ltr'>ἀγωνίσμασινο</span> <span class='ocrx_word' id='word_1_623' title='bbox 1255 4628 1397 4683; x_wconf 83' lang='grc' dir='ltr'>ὥστε</span> <span class='ocrx_word' id='word_1_624' title='bbox 1467 4629 1564 4682; x_wconf 71' lang='grc' dir='ltr'>καὶ</span> <span class='ocrx_word' id='word_1_625' title='bbox 1621 4627 1890 4683; x_wconf 86' lang='grc' dir='ltr'>τοσούτων</span> 
     </span>
    </p>
   </div>
   <div class='ocr_carea' id='block_1_93' title="bbox 1993 4627 3580 4700">
    <p class='ocr_par' dir='ltr' id='par_1_93' title="bbox 1998 4631 3580 4700">
     <span class='ocr_line' id='line_1_93' title="bbox 1998 4631 3580 4700; baseline -0.005 -7"><span class='ocrx_word' id='word_1_626' title='bbox 1998 4639 2182 4693; x_wconf 87' lang='lat' dir='ltr'><strong>inanis</strong></span> <span class='ocrx_word' id='word_1_627' title='bbox 2214 4635 2410 4691; x_wconf 80' lang='lat' dir='ltr'><strong>ﬁducia</strong></span> <span class='ocrx_word' id='word_1_628' title='bbox 2443 4635 2498 4690; x_wconf 90' lang='lat' dir='ltr'><strong>in</strong></span> <span class='ocrx_word' id='word_1_629' title='bbox 2531 4633 2775 4690; x_wconf 79' lang='lat' dir='ltr'><strong>ferendis</strong></span> <span class='ocrx_word' id='word_1_630' title='bbox 2803 4633 3105 4690; x_wconf 87' lang='lat' dir='ltr'><strong>laboribus.</strong></span> <span class='ocrx_word' id='word_1_631' title='bbox 3143 4632 3323 4699; x_wconf 80' lang='lat' dir='ltr'><strong>Quare</strong></span> <span class='ocrx_word' id='word_1_632' title='bbox 3355 4631 3580 4700; x_wconf 63' lang='lat' dir='ltr'><strong>scapha:</strong></span> 
     </span>
    </p>
   </div>
   <div class='ocr_carea' id='block_1_94' title="bbox 322 4719 1893 4793">
    <p class='ocr_par' dir='ltr' id='par_1_94' title="bbox 322 4719 1893 4793">
     <span class='ocr_line' id='line_1_94' title="bbox 322 4719 1893 4793; baseline -0.002 -17"><span class='ocrx_word' id='word_1_633' title='bbox 322 4722 732 4793; x_wconf 70' lang='grc' dir='ltr'>περιρρεόντων</span> <span class='ocrx_word' id='word_1_634' title='bbox 760 4719 954 4792; x_wconf 77' lang='grc' dir='ltr'>ῥοθίων</span> <span class='ocrx_word' id='word_1_635' title='bbox 976 4722 1109 4790; x_wconf 84' lang='grc' dir='ltr'>ἡμῖν</span> <span class='ocrx_word' id='word_1_636' title='bbox 1134 4719 1366 4791; x_wconf 84' lang='grc' dir='ltr'>σφοδρόν</span> <span class='ocrx_word' id='word_1_637' title='bbox 1392 4737 1454 4773; x_wconf 86' lang='grc' dir='ltr'><strong>τε</strong></span> <span class='ocrx_word' id='word_1_638' title='bbox 1483 4719 1770 4773; x_wconf 80' lang='grc' dir='ltr'>οξδούντων</span> <span class='ocrx_word' id='word_1_639' title='bbox 1796 4719 1893 4774; x_wconf 74' lang='grc' dir='ltr'>καὶ</span> 
     </span>
    </p>
   </div>
   <div class='ocr_carea' id='block_1_95' title="bbox 324 4810 1896 4884">
    <p class='ocr_par' dir='ltr' id='par_1_95' title="bbox 324 4810 1896 4884">
     <span class='ocr_line' id='line_1_95' title="bbox 324 4810 1896 4884; baseline -0.003 -17"><span class='ocrx_word' id='word_1_640' title='bbox 324 4814 476 4884; x_wconf 78' lang='grc' dir='ltr'>μάλα</span> <span class='ocrx_word' id='word_1_641' title='bbox 505 4811 851 4883; x_wconf 83' lang='grc' dir='ltr'>άντίπρωρον</span> <span class='ocrx_word' id='word_1_642' title='bbox 881 4813 1018 4883; x_wconf 75' lang='grc' dir='ltr'>ἡμῖν</span> <span class='ocrx_word' id='word_1_643' title='bbox 1044 4811 1500 4883; x_wconf 70' lang='grc' dir='ltr'>ἐπενηνεγμένων</span> <span class='ocrx_word' id='word_1_644' title='bbox 1530 4810 1629 4881; x_wconf 83' lang='grc' dir='ltr'>τὴν</span> <span class='ocrx_word' id='word_1_645' title='bbox 1657 4811 1896 4878; x_wconf 84' lang='grc' dir='ltr'>κίνησιν,</span> 
     </span>
    </p>
   </div>
   <div class='ocr_carea' id='block_1_96' title="bbox 319 4900 1897 4977">
    <p class='ocr_par' dir='ltr' id='par_1_96' title="bbox 319 4900 1897 4977">
     <span class='ocr_line' id='line_1_96' title="bbox 319 4900 1897 4977; baseline -0.003 -18"><span class='ocrx_word' id='word_1_646' title='bbox 319 4908 380 4970; x_wconf 66' lang='grc' dir='ltr'>ἐς</span> <span class='ocrx_word' id='word_1_647' title='bbox 404 4905 652 4974; x_wconf 76' lang='grc' dir='ltr'>ἀνάγκας</span> <span class='ocrx_word' id='word_1_648' title='bbox 698 4904 1020 4960; x_wconf 67' lang='grc' dir='ltr'>ἐλαύνεσθαι</span> <span class='ocrx_word' id='word_1_649' title='bbox 1062 4900 1132 4977; x_wconf 80' lang='grc' dir='ltr'>ἦν</span> <span class='ocrx_word' id='word_1_650' title='bbox 1166 4904 1290 4959; x_wconf 82' lang='grc' dir='ltr'>οὐδὲ</span> <span class='ocrx_word' id='word_1_651' title='bbox 1329 4904 1504 4974; x_wconf 88' lang='grc' dir='ltr'>μικρά</span> <span class='ocrx_word' id='word_1_652' title='bbox 1558 4921 1682 4958; x_wconf 85' lang='grc' dir='ltr'>τινα</span> <span class='ocrx_word' id='word_1_653' title='bbox 1710 4903 1897 4967; x_wconf 83' lang='grc' dir='ltr'>ἁπλῶς</span> 
     </span>
    </p>
   </div>
   <div class='ocr_carea' id='block_1_97' title="bbox 326 4996 1895 5069">
    <p class='ocr_par' dir='ltr' id='par_1_97' title="bbox 326 4996 1895 5069">
     <span class='ocr_line' id='line_1_97' title="bbox 326 4996 1895 5069; baseline 0.003 -23"><span class='ocrx_word' id='word_1_654' title='bbox 326 4998 650 5069; x_wconf 75' lang='grc' dir='ltr'>φράσαντας</span> <span class='ocrx_word' id='word_1_655' title='bbox 683 4999 810 5069; x_wconf 76' lang='grc' dir='ltr'>σιγῇ</span> <span class='ocrx_word' id='word_1_656' title='bbox 856 5012 915 5051; x_wconf 76' lang='grc' dir='ltr'><strong>τε</strong></span> <span class='ocrx_word' id='word_1_657' title='bbox 942 4996 1039 5068; x_wconf 80' lang='grc' dir='ltr'>τὴν</span> <span class='ocrx_word' id='word_1_658' title='bbox 1072 4996 1319 5065; x_wconf 86' lang='grc' dir='ltr'>γλῶτταν</span> <span class='ocrx_word' id='word_1_659' title='bbox 1348 4996 1709 5058; x_wconf 77' lang='grc' dir='ltr'>κατακλεῖσαι</span> <span class='ocrx_word' id='word_1_660' title='bbox 1744 4996 1895 5066; x_wconf 76' lang='grc' dir='ltr'>ἑξῆς,</span> 
     </span>
    </p>
   </div>
   <div class='ocr_carea' id='block_1_98' title="bbox 326 5086 1903 5158">
    <p class='ocr_par' dir='ltr' id='par_1_98' title="bbox 326 5086 1903 5158">
     <span class='ocr_line' id='line_1_98' title="bbox 326 5086 1903 5158; baseline -0.004 -13"><span class='ocrx_word' id='word_1_661' title='bbox 326 5090 428 5146; x_wconf 69' lang='grc' dir='ltr'><strong>καὶ</strong></span> <span class='ocrx_word' id='word_1_662' title='bbox 456 5092 548 5144; x_wconf 80' lang='grc' dir='ltr'>τὸν</span> <span class='ocrx_word' id='word_1_663' title='bbox 596 5089 956 5158; x_wconf 82' lang='grc' dir='ltr'>Ἐνδυμίωνος</span> <span class='ocrx_word' id='word_1_664' title='bbox 984 5088 1045 5154; x_wconf 72' lang='grc' dir='ltr'><strong>ἐξ</strong></span> <span class='ocrx_word' id='word_1_665' title='bbox 1086 5088 1454 5157; x_wconf 79' lang='grc' dir='ltr'>ἀπογνώσεως</span> <span class='ocrx_word' id='word_1_666' title='bbox 1492 5086 1659 5145; x_wconf 81' lang='grc' dir='ltr'>ὕπνον</span> <span class='ocrx_word' id='word_1_667' title='bbox 1702 5086 1903 5141; x_wconf 81' lang='grc' dir='ltr'>καθεύ-</span> 
     </span>
    </p>
   </div>
   <div class='ocr_carea' id='block_1_99' title="bbox 322 5177 1902 5253">
    <p class='ocr_par' dir='ltr' id='par_1_99' title="bbox 322 5177 1902 5253">
     <span class='ocr_line' id='line_1_99' title="bbox 322 5177 1902 5253; baseline -0.004 -16"><span class='ocrx_word' id='word_1_668' title='bbox 322 5186 461 5241; x_wconf 86' lang='grc' dir='ltr'>δειν.</span> <span class='ocrx_word' id='word_1_669' title='bbox 506 5182 670 5236; x_wconf 82' lang='grc' dir='ltr'><strong>Ἀλλὰ</strong></span> <span class='ocrx_word' id='word_1_670' title='bbox 706 5181 853 5236; x_wconf 84' lang='grc' dir='ltr'>τοῦτ’</span> <span class='ocrx_word' id='word_1_671' title='bbox 889 5180 1018 5245; x_wconf 74' lang='grc' dir='ltr'>ἴσως</span> <span class='ocrx_word' id='word_1_672' title='bbox 1044 5177 1113 5252; x_wconf 78' lang='grc' dir='ltr'><strong>ἢν</strong></span> <span class='ocrx_word' id='word_1_673' title='bbox 1140 5181 1207 5235; x_wconf 75' lang='grc' dir='ltr'>ἄν</span> <span class='ocrx_word' id='word_1_674' title='bbox 1232 5197 1349 5245; x_wconf 83' lang='grc' dir='ltr'><strong>πως</strong></span> <span class='ocrx_word' id='word_1_675' title='bbox 1379 5180 1680 5253; x_wconf 83' lang='grc' dir='ltr'>εὐπρεπὲς.</span> <span class='ocrx_word' id='word_1_676' title='bbox 1715 5181 1764 5233; x_wconf 82' lang='grc' dir='ltr'><strong>εί</strong></span> <span class='ocrx_word' id='word_1_677' title='bbox 1797 5196 1902 5250; x_wconf 81' lang='grc' dir='ltr'>μη-</span> 
     </span>
    </p>
   </div>
   <div class='ocr_carea' id='block_1_100' title="bbox 322 5266 1902 5344">
    <p class='ocr_par' dir='ltr' id='par_1_100' title="bbox 322 5266 1902 5344">
     <span class='ocr_line' id='line_1_100' title="bbox 322 5266 1902 5344; baseline -0.003 -15"><span class='ocrx_word' id='word_1_678' title='bbox 322 5275 422 5329; x_wconf 75' lang='grc' dir='ltr'>δὲν</span> <span class='ocrx_word' id='word_1_679' title='bbox 458 5289 514 5326; x_wconf 85' lang='grc' dir='ltr'><strong>τι</strong></span> <span class='ocrx_word' id='word_1_680' title='bbox 563 5273 801 5343; x_wconf 81' lang='grc' dir='ltr'>πρᾶγμα</span> <span class='ocrx_word' id='word_1_681' title='bbox 840 5266 912 5344; x_wconf 74' lang='grc' dir='ltr'>ἧι</span> <span class='ocrx_word' id='word_1_682' title='bbox 957 5273 1132 5343; x_wconf 82' lang='grc' dir='ltr'>δήπου</span> <span class='ocrx_word' id='word_1_683' title='bbox 1179 5270 1563 5326; x_wconf 82' lang='grc' dir='ltr'>διαϐάλλεσθαι</span> <span class='ocrx_word' id='word_1_684' title='bbox 1608 5270 1743 5340; x_wconf 68' lang='grc' dir='ltr'>πρὸς</span> <span class='ocrx_word' id='word_1_685' title='bbox 1792 5269 1902 5324; x_wconf 87' lang='grc' dir='ltr'><strong>τῶν</strong></span> 
     </span>
    </p>
   </div>
   <div class='ocr_carea' id='block_1_101' title="bbox 325 5361 1899 5436">
    <p class='ocr_par' dir='ltr' id='par_1_101' title="bbox 325 5361 1899 5436">
     <span class='ocr_line' id='line_1_101' title="bbox 325 5361 1899 5436; baseline -0.002 -17"><span class='ocrx_word' id='word_1_686' title='bbox 325 5366 640 5432; x_wconf 75' lang='grc' dir='ltr'>κακοδόξων</span> <span class='ocrx_word' id='word_1_687' title='bbox 691 5366 793 5434; x_wconf 73' lang='grc' dir='ltr'>τὴν</span> <span class='ocrx_word' id='word_1_688' title='bbox 839 5364 1119 5436; x_wconf 76' lang='grc' dir='ltr'>ἡμετέραν</span> <span class='ocrx_word' id='word_1_689' title='bbox 1167 5363 1472 5428; x_wconf 75' lang='grc' dir='ltr'>εὐσέϐειαν,</span> <span class='ocrx_word' id='word_1_690' title='bbox 1519 5361 1756 5424; x_wconf 77' lang='grc' dir='ltr'>ἀναιδῶς</span> <span class='ocrx_word' id='word_1_691' title='bbox 1806 5363 1899 5416; x_wconf 76' lang='grc' dir='ltr'><strong>οὐ·</strong></span> 
     </span>
    </p>
   </div>
   <div class='ocr_carea' id='block_1_102' title="bbox 318 5452 1897 5529">
    <p class='ocr_par' dir='ltr' id='par_1_102' title="bbox 318 5452 1897 5529">
     <span class='ocr_line' id='line_1_102' title="bbox 318 5452 1897 5529; baseline -0.005 -16"><span class='ocrx_word' id='word_1_692' title='bbox 318 5461 468 5513; x_wconf 63' lang='grc' dir='ltr'>πίωσι</span> <span class='ocrx_word' id='word_1_693' title='bbox 519 5458 618 5529; x_wconf 73' lang='grc' dir='ltr'>τὴν</span> <span class='ocrx_word' id='word_1_694' title='bbox 664 5457 934 5529; x_wconf 71' lang='grc' dir='ltr'>σφετέραν</span> <span class='ocrx_word' id='word_1_695' title='bbox 991 5455 1438 5526; x_wconf 83' lang='grc' dir='ltr'>περιτρεπόντων</span> <span class='ocrx_word' id='word_1_696' title='bbox 1497 5452 1698 5508; x_wconf 84' lang='grc' dir='ltr'>κακίαν</span> <span class='ocrx_word' id='word_1_697' title='bbox 1742 5453 1897 5525; x_wconf 75' lang='grc' dir='ltr'>ἡμῖν,</span> 
     </span>
    </p>
   </div>
   <div class='ocr_carea' id='block_1_103' title="bbox 329 5540 1902 5619">
    <p class='ocr_par' dir='ltr' id='par_1_103' title="bbox 329 5540 1902 5619">
     <span class='ocr_line' id='line_1_103' title="bbox 329 5540 1902 5619; baseline -0.005 -14"><span class='ocrx_word' id='word_1_698' title='bbox 329 5554 429 5607; x_wconf 67' lang='grc' dir='ltr'>καὶ</span> <span class='ocrx_word' id='word_1_699' title='bbox 480 5551 658 5613; x_wconf 76' lang='grc' dir='ltr'>ἄλλως</span> <span class='ocrx_word' id='word_1_700' title='bbox 709 5550 758 5603; x_wconf 82' lang='grc' dir='ltr'><strong>εί</strong></span> <span class='ocrx_word' id='word_1_701' title='bbox 805 5549 936 5619; x_wconf 62' lang='grc' dir='ltr'><strong>περὶ⁵</strong></span> <span class='ocrx_word' id='word_1_702' title='bbox 985 5549 1144 5617; x_wconf 83' lang='grc' dir='ltr'>σῶμα</span> <span class='ocrx_word' id='word_1_703' title='bbox 1182 5549 1371 5617; x_wconf 80' lang='grc' dir='ltr'>γήινον</span> <span class='ocrx_word' id='word_1_704' title='bbox 1411 5540 1481 5617; x_wconf 81' lang='grc' dir='ltr'>ἦν</span> <span class='ocrx_word' id='word_1_705' title='bbox 1518 5543 1581 5599; x_wconf 80' lang='grc' dir='ltr'>τὸ</span> <span class='ocrx_word' id='word_1_706' title='bbox 1621 5544 1774 5609; x_wconf 78' lang='grc' dir='ltr'>τέλος</span> <span class='ocrx_word' id='word_1_707' title='bbox 1804 5545 1902 5616; x_wconf 83' lang='grc' dir='ltr'><strong>τῆς</strong></span> 
     </span>
    </p>
   </div>
   <div class='ocr_carea' id='block_1_104' title="bbox 336 5637 1901 5716">
    <p class='ocr_par' dir='ltr' id='par_1_104' title="bbox 336 5637 1901 5716">
     <span class='ocr_line' id='line_1_104' title="bbox 336 5637 1901 5716; baseline -0.006 -18"><span class='ocrx_word' id='word_1_708' title='bbox 336 5645 520 5716; x_wconf 83' lang='grc' dir='ltr'>μάχης</span> <span class='ocrx_word' id='word_1_709' title='bbox 568 5644 704 5714; x_wconf 78' lang='grc' dir='ltr'>δρᾷν</span> <span class='ocrx_word' id='word_1_710' title='bbox 752 5642 849 5698; x_wconf 84' lang='grc' dir='ltr'>καὶ</span> <span class='ocrx_word' id='word_1_711' title='bbox 889 5642 1093 5713; x_wconf 73' lang='grc' dir='ltr'>ἥκιστα</span> <span class='ocrx_word' id='word_1_712' title='bbox 1121 5642 1213 5695; x_wconf 82' lang='grc' dir='ltr'>τόν</span> <span class='ocrx_word' id='word_1_713' title='bbox 1241 5656 1305 5708; x_wconf 85' lang='grc' dir='ltr'><strong>γε</strong></span> <span class='ocrx_word' id='word_1_714' title='bbox 1333 5640 1463 5709; x_wconf 76' lang='grc' dir='ltr'>περὶ</span> <span class='ocrx_word' id='word_1_715' title='bbox 1493 5638 1594 5709; x_wconf 80' lang='grc' dir='ltr'><strong>τῆς</strong></span> <span class='ocrx_word' id='word_1_716' title='bbox 1628 5637 1901 5692; x_wconf 75' lang='grc' dir='ltr'>ἀθανάτου</span> 
     </span>
    </p>
   </div>
   <div class='ocr_carea' id='block_1_105' title="bbox 332 5728 1903 5808">
    <p class='ocr_par' dir='ltr' id='par_1_105' title="bbox 332 5728 1903 5808">
     <span class='ocr_line' id='line_1_105' title="bbox 332 5728 1903 5808; baseline -0.009 -16"><span class='ocrx_word' id='word_1_717' title='bbox 332 5736 515 5808; x_wconf 73' lang='grc' dir='ltr'>ψυχῆς</span> <span class='ocrx_word' id='word_1_718' title='bbox 545 5735 911 5805; x_wconf 78' lang='grc' dir='ltr'>ἀγωνίζεσθαι</span> <span class='ocrx_word' id='word_1_719' title='bbox 940 5735 1163 5805; x_wconf 79' lang='grc' dir='ltr'>δρόμον.</span> <span class='ocrx_word' id='word_1_720' title='bbox 1203 5734 1379 5785; x_wconf 86' lang='grc' dir='ltr'>Ὅπου</span> <span class='ocrx_word' id='word_1_721' title='bbox 1405 5730 1463 5783; x_wconf 75' lang='grc' dir='ltr'>δὲ</span> <span class='ocrx_word' id='word_1_722' title='bbox 1491 5728 1602 5784; x_wconf 87' lang='grc' dir='ltr'><strong>τῶν</strong></span> <span class='ocrx_word' id='word_1_723' title='bbox 1635 5746 1699 5782; x_wconf 86' lang='grc' dir='ltr'><strong>τε</strong></span> <span class='ocrx_word' id='word_1_724' title='bbox 1735 5729 1903 5782; x_wconf 74' lang='grc' dir='ltr'>ἐλπί-</span> 
     </span>
    </p>
   </div>
   <div class='ocr_carea' id='block_1_106' title="bbox 334 5819 1901 5898">
    <p class='ocr_par' dir='ltr' id='par_1_106' title="bbox 334 5819 1901 5898">
     <span class='ocr_line' id='line_1_106' title="bbox 334 5819 1901 5898; baseline -0.007 -15"><span class='ocrx_word' id='word_1_725' title='bbox 334 5831 443 5883; x_wconf 82' lang='grc' dir='ltr'><strong>δων</strong></span> <span class='ocrx_word' id='word_1_726' title='bbox 478 5830 543 5882; x_wconf 74' lang='grc' dir='ltr'><strong>τὸ</strong></span> <span class='ocrx_word' id='word_1_727' title='bbox 591 5828 768 5898; x_wconf 85' lang='grc' dir='ltr'>πέρας</span> <span class='ocrx_word' id='word_1_728' title='bbox 808 5826 952 5882; x_wconf 82' lang='grc' dir='ltr'>κατά</span> <span class='ocrx_word' id='word_1_729' title='bbox 979 5827 1078 5891; x_wconf 74' lang='grc' dir='ltr'><strong>τας</strong></span> <span class='ocrx_word' id='word_1_730' title='bbox 1119 5824 1345 5887; x_wconf 76' lang='grc' dir='ltr'>ἐλπίδας</span> <span class='ocrx_word' id='word_1_731' title='bbox 1377 5822 1478 5875; x_wconf 75' lang='grc' dir='ltr'>οὐκ</span> <span class='ocrx_word' id='word_1_732' title='bbox 1515 5821 1582 5875; x_wconf 81' lang='grc' dir='ltr'>ἂν</span> <span class='ocrx_word' id='word_1_733' title='bbox 1614 5819 1901 5892; x_wconf 74' lang='grc' dir='ltr'>ἀπαντῴη,</span> 
     </span>
    </p>
   </div>
   <div class='ocr_carea' id='block_1_107' title="bbox 336 5913 1902 5994">
    <p class='ocr_par' dir='ltr' id='par_1_107' title="bbox 336 5913 1902 5994">
     <span class='ocr_line' id='line_1_107' title="bbox 336 5913 1902 5994; baseline -0.007 -16"><span class='ocrx_word' id='word_1_734' title='bbox 336 5924 432 5978; x_wconf 75' lang='grc' dir='ltr'>καὶ</span> <span class='ocrx_word' id='word_1_735' title='bbox 468 5923 566 5994; x_wconf 77' lang='grc' dir='ltr'>τὴν</span> <span class='ocrx_word' id='word_1_736' title='bbox 600 5921 777 5992; x_wconf 65' lang='grc' dir='ltr'>φυγὴν</span> <span class='ocrx_word' id='word_1_737' title='bbox 820 5919 913 5976; x_wconf 86' lang='grc' dir='ltr'><strong>τοῦ</strong></span> <span class='ocrx_word' id='word_1_738' title='bbox 958 5918 1143 5983; x_wconf 77' lang='grc' dir='ltr'>κακῶς</span> <span class='ocrx_word' id='word_1_739' title='bbox 1190 5916 1383 5971; x_wconf 83' lang='grc' dir='ltr'>παθεῖν</span> <span class='ocrx_word' id='word_1_740' title='bbox 1432 5914 1645 5984; x_wconf 73' lang='grc' dir='ltr'>ἑφόδιον</span> <span class='ocrx_word' id='word_1_741' title='bbox 1676 5913 1771 5968; x_wconf 84' lang='grc' dir='ltr'><strong>τοῦ</strong></span> <span class='ocrx_word' id='word_1_742' title='bbox 1804 5930 1902 5968; x_wconf 80' lang='grc' dir='ltr'>κα-</span> 
     </span>
    </p>
   </div>
   <div class='ocr_carea' id='block_1_108' title="bbox 2000 4721 3569 4799">
    <p class='ocr_par' dir='ltr' id='par_1_108' title="bbox 2000 4721 3569 4799">
     <span class='ocr_line' id='line_1_108' title="bbox 2000 4721 3569 4799; baseline -0.008 -14"><span class='ocrx_word' id='word_1_743' title='bbox 2000 4728 2282 4799; x_wconf 65' lang='grc' dir='ltr'>ρτερίαι-ἴε</span> <span class='ocrx_word' id='word_1_744' title='bbox 2340 4724 2846 4794; x_wconf 81' lang='lat' dir='ltr'><strong>exspectationibus</strong></span> <span class='ocrx_word' id='word_1_745' title='bbox 2903 4733 3142 4779; x_wconf 80' lang='lat' dir='ltr'><strong>onerata:</strong></span> <span class='ocrx_word' id='word_1_746' title='bbox 3200 4723 3408 4778; x_wconf 86' lang='lat' dir='ltr'><strong>clarum</strong></span> <span class='ocrx_word' id='word_1_747' title='bbox 3456 4721 3569 4774; x_wconf 80' lang='lat' dir='ltr'><strong>Deo</strong></span> 
     </span>
    </p>
   </div>
   <div class='ocr_carea' id='block_1_109' title="bbox 2001 4814 3571 4891">
    <p class='ocr_par' dir='ltr' id='par_1_109' title="bbox 2001 4814 3571 4891">
     <span class='ocr_line' id='line_1_109' title="bbox 2001 4814 3571 4891; baseline -0.008 -13"><span class='ocrx_word' id='word_1_748' title='bbox 2001 4821 2199 4878; x_wconf 87' lang='lat' dir='ltr'><strong>tradidi</strong></span> <span class='ocrx_word' id='word_1_749' title='bbox 2229 4835 2329 4891; x_wconf 89' lang='lat' dir='ltr'><strong>pro</strong></span> <span class='ocrx_word' id='word_1_750' title='bbox 2371 4835 2482 4891; x_wconf 90' lang='lat' dir='ltr'><strong>quo</strong></span> <span class='ocrx_word' id='word_1_751' title='bbox 2520 4821 2701 4888; x_wconf 89' lang='lat' dir='ltr'><strong>ipsum</strong></span> <span class='ocrx_word' id='word_1_752' title='bbox 2733 4832 2956 4873; x_wconf 87' lang='lat' dir='ltr'><strong>cursum</strong></span> <span class='ocrx_word' id='word_1_753' title='bbox 3004 4814 3374 4875; x_wconf 84' lang='lat' dir='ltr'><strong>institueram,</strong></span> <span class='ocrx_word' id='word_1_754' title='bbox 3405 4815 3571 4882; x_wconf 84' lang='lat' dir='ltr'><strong>eique</strong></span> 
     </span>
    </p>
   </div>
   <div class='ocr_carea' id='block_1_110' title="bbox 2000 4904 3576 4983">
    <p class='ocr_par' dir='ltr' id='par_1_110' title="bbox 2000 4904 3576 4983">
     <span class='ocr_line' id='line_1_110' title="bbox 2000 4904 3576 4983; baseline -0.008 -16"><span class='ocrx_word' id='word_1_755' title='bbox 2000 4911 2225 4983; x_wconf 82' lang='lat' dir='ltr'><strong>permisi</strong></span> <span class='ocrx_word' id='word_1_756' title='bbox 2246 4909 2413 4965; x_wconf 88' lang='lat' dir='ltr'><strong>etiam</strong></span> <span class='ocrx_word' id='word_1_757' title='bbox 2448 4906 2774 4978; x_wconf 75' lang='lat' dir='ltr'><strong>graphium;</strong></span> <span class='ocrx_word' id='word_1_758' title='bbox 2802 4920 2912 4976; x_wconf 88' lang='lat' dir='ltr'><strong>quo</strong></span> <span class='ocrx_word' id='word_1_759' title='bbox 2937 4904 3143 4959; x_wconf 81' lang='lat' dir='ltr'><strong>factum</strong></span> <span class='ocrx_word' id='word_1_760' title='bbox 3174 4908 3255 4957; x_wconf 71' lang='lat' dir='ltr'><strong>e’st</strong></span> <span class='ocrx_word' id='word_1_761' title='bbox 3284 4911 3343 4956; x_wconf 89' lang='lat' dir='ltr'><strong>ut</strong></span> <span class='ocrx_word' id='word_1_762' title='bbox 3376 4911 3576 4970; x_wconf 66' lang='lat' dir='ltr'><strong>praeter</strong></span> 
     </span>
    </p>
   </div>
   <div class='ocr_carea' id='block_1_111' title="bbox 1948 4993 3572 5075">
    <p class='ocr_par' dir='ltr' id='par_1_111' title="bbox 1948 4993 3572 5075">
     <span class='ocr_line' id='line_1_111' title="bbox 1948 4993 3572 5075; baseline -0.008 -16"><span class='ocrx_word' id='word_1_763' title='bbox 1948 5071 1952 5075; x_wconf 13' lang='lat'><strong>{</strong></span> <span class='ocrx_word' id='word_1_764' title='bbox 2000 5016 2224 5059; x_wconf 88' lang='lat' dir='ltr'><strong>omnem</strong></span> <span class='ocrx_word' id='word_1_765' title='bbox 2251 5000 2569 5070; x_wconf 75' lang='lat' dir='ltr'><strong>Opinionem</strong></span> <span class='ocrx_word' id='word_1_766' title='bbox 2598 4997 2831 5068; x_wconf 86' lang='lat' dir='ltr'><strong>plurima</strong></span> <span class='ocrx_word' id='word_1_767' title='bbox 2854 4996 3010 5051; x_wconf 77' lang='lat' dir='ltr'><strong>brevi</strong></span> <span class='ocrx_word' id='word_1_768' title='bbox 3035 5005 3279 5064; x_wconf 85' lang='lat' dir='ltr'><strong>tempore</strong></span> <span class='ocrx_word' id='word_1_769' title='bbox 3311 4993 3572 5062; x_wconf 56' lang='lat' dir='ltr'><strong>praeclare</strong></span> 
     </span>
    </p>
   </div>
   <div class='ocr_carea' id='block_1_112' title="bbox 2003 5083 3575 5161">
    <p class='ocr_par' dir='ltr' id='par_1_112' title="bbox 2003 5083 3575 5161">
     <span class='ocr_line' id='line_1_112' title="bbox 2003 5083 3575 5161; baseline -0.01 -10"><span class='ocrx_word' id='word_1_770' title='bbox 2003 5094 2252 5150; x_wconf 78' lang='lat' dir='ltr'><strong>confecta</strong></span> <span class='ocrx_word' id='word_1_771' title='bbox 2286 5091 2541 5147; x_wconf 83' lang='lat' dir='ltr'><strong>viderim.</strong></span> <span class='ocrx_word' id='word_1_772' title='bbox 2575 5090 2766 5161; x_wconf 87' lang='lat' dir='ltr'><strong>Neque</strong></span> <span class='ocrx_word' id='word_1_773' title='bbox 2809 5088 3009 5143; x_wconf 84' lang='lat' dir='ltr'><strong>deinde</strong></span> <span class='ocrx_word' id='word_1_774' title='bbox 3041 5087 3156 5142; x_wconf 80' lang='lat' dir='ltr'><strong>haec</strong></span> <span class='ocrx_word' id='word_1_775' title='bbox 3194 5083 3428 5154; x_wconf 82' lang='lat' dir='ltr'><strong>amplius</strong></span> <span class='ocrx_word' id='word_1_776' title='bbox 3471 5098 3575 5137; x_wconf 80' lang='lat' dir='ltr'><strong>cu-</strong></span> 
     </span>
    </p>
   </div>
   <div class='ocr_carea' id='block_1_113' title="bbox 2004 5175 3577 5246">
    <p class='ocr_par' dir='ltr' id='par_1_113' title="bbox 2004 5175 3577 5246">
     <span class='ocr_line' id='line_1_113' title="bbox 2004 5175 3577 5246; baseline -0.007 -6"><span class='ocrx_word' id='word_1_777' title='bbox 2004 5185 2121 5240; x_wconf 84' lang='lat' dir='ltr'><strong>ravi</strong></span> <span class='ocrx_word' id='word_1_778' title='bbox 2153 5185 2248 5240; x_wconf 86' lang='lat' dir='ltr'><strong>sed</strong></span> <span class='ocrx_word' id='word_1_779' title='bbox 2282 5182 2361 5238; x_wconf 90' lang='lat' dir='ltr'><strong>uti</strong></span> <span class='ocrx_word' id='word_1_780' title='bbox 2394 5181 2641 5239; x_wconf 79' lang='lat' dir='ltr'><strong>confecta</strong></span> <span class='ocrx_word' id='word_1_781' title='bbox 2671 5189 2801 5236; x_wconf 83' lang='lat' dir='ltr'><strong>sunt</strong></span> <span class='ocrx_word' id='word_1_782' title='bbox 2833 5179 2889 5234; x_wconf 89' lang='lat' dir='ltr'><strong>in</strong></span> <span class='ocrx_word' id='word_1_783' title='bbox 2935 5179 3115 5233; x_wconf 87' lang='lat' dir='ltr'><strong>medio</strong></span> <span class='ocrx_word' id='word_1_784' title='bbox 3146 5177 3366 5246; x_wconf 87' lang='lat' dir='ltr'><strong>reliqui.</strong></span> <span class='ocrx_word' id='word_1_785' title='bbox 3402 5175 3577 5230; x_wconf 77' lang='lat' dir='ltr'><strong>Nimi-</strong></span> 
     </span>
    </p>
   </div>
   <div class='ocr_carea' id='block_1_114' title="bbox 2004 5268 3588 5344">
    <p class='ocr_par' dir='ltr' id='par_1_114' title="bbox 2004 5268 3588 5344">
     <span class='ocr_line' id='line_1_114' title="bbox 2004 5268 3588 5344; baseline -0.008 -15"><span class='ocrx_word' id='word_1_786' title='bbox 2004 5288 2127 5329; x_wconf 89' lang='lat' dir='ltr'><strong>rum</strong></span> <span class='ocrx_word' id='word_1_787' title='bbox 2173 5272 2319 5344; x_wconf 86' lang='lat' dir='ltr'><strong>quod</strong></span> <span class='ocrx_word' id='word_1_788' title='bbox 2376 5273 2521 5327; x_wconf 85' lang='lat' dir='ltr'><strong>inter</strong></span> <span class='ocrx_word' id='word_1_789' title='bbox 2566 5271 2718 5326; x_wconf 83' lang='lat' dir='ltr'><strong>viros</strong></span> <span class='ocrx_word' id='word_1_790' title='bbox 2760 5268 3197 5339; x_wconf 82' lang='lat' dir='ltr'><strong>sapientissimos</strong></span> <span class='ocrx_word' id='word_1_791' title='bbox 3243 5274 3481 5330; x_wconf 84' lang='lat' dir='ltr'><strong>constat,</strong></span> <span class='ocrx_word' id='word_1_792' title='bbox 3519 5274 3588 5318; x_wconf 85' lang='lat' dir='ltr'><strong>ut.</strong></span> 
     </span>
    </p>
   </div>
   <div class='ocr_carea' id='block_1_115' title="bbox 2004 5355 3661 5435">
    <p class='ocr_par' dir='ltr' id='par_1_115' title="bbox 2004 5355 3661 5435">
     <span class='ocr_line' id='line_1_115' title="bbox 2004 5355 3661 5435; baseline -0.007 -14"><span class='ocrx_word' id='word_1_793' title='bbox 2004 5372 2216 5429; x_wconf 80' lang='lat' dir='ltr'><strong>statuas</strong></span> <span class='ocrx_word' id='word_1_794' title='bbox 2232 5362 2512 5433; x_wconf 84' lang='lat' dir='ltr'><strong>pulchras,</strong></span> <span class='ocrx_word' id='word_1_795' title='bbox 2539 5362 2611 5415; x_wconf 89' lang='lat' dir='ltr'><strong>ita</strong></span> <span class='ocrx_word' id='word_1_796' title='bbox 2630 5374 2851 5431; x_wconf 86' lang='lat' dir='ltr'><strong>quoque</strong></span> <span class='ocrx_word' id='word_1_797' title='bbox 2874 5376 2995 5429; x_wconf 67' lang='lat' dir='ltr'><strong>qua:</strong></span> <span class='ocrx_word' id='word_1_798' title='bbox 3018 5368 3273 5413; x_wconf 76' lang='lat' dir='ltr'><strong>accurate</strong></span> <span class='ocrx_word' id='word_1_799' title='bbox 3294 5355 3593 5411; x_wconf 69' lang='lat' dir='ltr'><strong>adicienda</strong></span> <span class='ocrx_word' id='word_1_800' title='bbox 3651 5411 3661 5435; x_wconf 46' lang='grc' dir='ltr'>ν</span> 
     </span>
    </p>
   </div>
   <div class='ocr_carea' id='block_1_116' title="bbox 2005 5448 3590 5524">
    <p class='ocr_par' dir='ltr' id='par_1_116' title="bbox 2005 5448 3590 5524">
     <span class='ocr_line' id='line_1_116' title="bbox 2005 5448 3590 5524; baseline -0.004 -13"><span class='ocrx_word' id='word_1_801' title='bbox 2005 5456 2116 5511; x_wconf 85' lang='lat' dir='ltr'><strong>siut</strong></span> <span class='ocrx_word' id='word_1_802' title='bbox 2159 5455 2362 5524; x_wconf 80' lang='lat' dir='ltr'><strong>scripta</strong></span> <span class='ocrx_word' id='word_1_803' title='bbox 2410 5453 2650 5509; x_wconf 85' lang='lat' dir='ltr'><strong>secunda</strong></span> <span class='ocrx_word' id='word_1_804' title='bbox 2693 5466 2758 5508; x_wconf 86' lang='lat' dir='ltr'><strong>ac</strong></span> <span class='ocrx_word' id='word_1_805' title='bbox 2804 5453 2965 5508; x_wconf 79' lang='lat' dir='ltr'><strong>tertia</strong></span> <span class='ocrx_word' id='word_1_806' title='bbox 3016 5463 3179 5507; x_wconf 77' lang='lat' dir='ltr'><strong>manu</strong></span> <span class='ocrx_word' id='word_1_807' title='bbox 3232 5448 3590 5505; x_wconf 60' lang='lat' dir='ltr'><strong>retractanda</strong></span> 
     </span>
    </p>
   </div>
   <div class='ocr_carea' id='block_1_117' title="bbox 2006 5543 3582 5617">
    <p class='ocr_par' dir='ltr' id='par_1_117' title="bbox 2006 5543 3582 5617">
     <span class='ocr_line' id='line_1_117' title="bbox 2006 5543 3582 5617; baseline -0.004 -14"><span class='ocrx_word' id='word_1_808' title='bbox 2006 5563 2129 5603; x_wconf 78' lang='lat' dir='ltr'><strong>esse</strong></span> <span class='ocrx_word' id='word_1_809' title='bbox 2181 5561 2291 5601; x_wconf 89' lang='lat' dir='ltr'><strong>non</strong></span> <span class='ocrx_word' id='word_1_810' title='bbox 2333 5544 2588 5601; x_wconf 84' lang='lat' dir='ltr'><strong>dill‘tteor.</strong></span> <span class='ocrx_word' id='word_1_811' title='bbox 2652 5544 2812 5617; x_wconf 61' lang='grc'><strong>134</strong></span> <span class='ocrx_word' id='word_1_812' title='bbox 2871 5545 2978 5601; x_wconf 88' lang='lat' dir='ltr'><strong>Sed</strong></span> <span class='ocrx_word' id='word_1_813' title='bbox 3033 5559 3159 5599; x_wconf 89' lang='lat' dir='ltr'><strong>cum</strong></span> <span class='ocrx_word' id='word_1_814' title='bbox 3212 5543 3351 5598; x_wconf 89' lang='lat' dir='ltr'><strong>mihi</strong></span> <span class='ocrx_word' id='word_1_815' title='bbox 3402 5556 3582 5611; x_wconf 85' lang='lat' dir='ltr'><strong>neque</strong></span> 
     </span>
    </p>
   </div>
   <div class='ocr_carea' id='block_1_118' title="bbox 2010 5636 3593 5708">
    <p class='ocr_par' dir='ltr' id='par_1_118' title="bbox 2010 5636 3593 5708">
     <span class='ocr_line' id='line_1_118' title="bbox 2010 5636 3593 5708; baseline -0.003 -12"><span class='ocrx_word' id='word_1_816' title='bbox 2010 5640 2144 5696; x_wconf 82' lang='lat' dir='ltr'><strong>satis</strong></span> <span class='ocrx_word' id='word_1_817' title='bbox 2178 5647 2326 5695; x_wconf 89' lang='lat' dir='ltr'><strong>esset</strong></span> <span class='ocrx_word' id='word_1_818' title='bbox 2371 5637 2655 5707; x_wconf 85' lang='lat' dir='ltr'><strong>temporis,</strong></span> <span class='ocrx_word' id='word_1_819' title='bbox 2705 5653 2887 5708; x_wconf 84' lang='lat' dir='ltr'><strong>neque</strong></span> <span class='ocrx_word' id='word_1_820' title='bbox 2918 5638 3087 5692; x_wconf 88' lang='lat' dir='ltr'><strong>ullum</strong></span> <span class='ocrx_word' id='word_1_821' title='bbox 3137 5637 3385 5707; x_wconf 86' lang='lat' dir='ltr'><strong>quietum</strong></span> <span class='ocrx_word' id='word_1_822' title='bbox 3433 5636 3593 5691; x_wconf 55' lang='lat' dir='ltr'><strong>horae</strong></span> 
     </span>
    </p>
   </div>
   <div class='ocr_carea' id='block_1_119' title="bbox 2009 5729 3593 5801">
    <p class='ocr_par' dir='ltr' id='par_1_119' title="bbox 2009 5729 3593 5801">
     <span class='ocr_line' id='line_1_119' title="bbox 2009 5729 3593 5801; baseline -0.004 -14"><span class='ocrx_word' id='word_1_823' title='bbox 2009 5740 2371 5796; x_wconf 88' lang='lat' dir='ltr'><strong>momentum,</strong></span> <span class='ocrx_word' id='word_1_824' title='bbox 2397 5744 2507 5801; x_wconf 91' lang='lat' dir='ltr'><strong>quo</strong></span> <span class='ocrx_word' id='word_1_825' title='bbox 2533 5731 2752 5798; x_wconf 88' lang='lat' dir='ltr'><strong>quidem</strong></span> <span class='ocrx_word' id='word_1_826' title='bbox 2774 5730 2947 5799; x_wconf 78' lang='lat' dir='ltr'><strong>prima</strong></span> <span class='ocrx_word' id='word_1_827' title='bbox 2974 5745 3134 5784; x_wconf 85' lang='lat' dir='ltr'><strong>manu</strong></span> <span class='ocrx_word' id='word_1_828' title='bbox 3160 5731 3223 5784; x_wconf 89' lang='lat' dir='ltr'><strong>ad</strong></span> <span class='ocrx_word' id='word_1_829' title='bbox 3253 5729 3593 5784; x_wconf 74' lang='lat' dir='ltr'><strong>sententiam</strong></span> 
     </span>
    </p>
   </div>
   <div class='ocr_carea' id='block_1_120' title="bbox 2012 5821 3587 5893">
    <p class='ocr_par' dir='ltr' id='par_1_120' title="bbox 2012 5821 3587 5893">
     <span class='ocr_line' id='line_1_120' title="bbox 2012 5821 3587 5893; baseline -0.002 -14"><span class='ocrx_word' id='word_1_830' title='bbox 2012 5838 2187 5880; x_wconf 87' lang='lat' dir='ltr'><strong>meam</strong></span> <span class='ocrx_word' id='word_1_831' title='bbox 2219 5833 2423 5887; x_wconf 86' lang='lat' dir='ltr'><strong>uterer,</strong></span> <span class='ocrx_word' id='word_1_832' title='bbox 2456 5822 2733 5893; x_wconf 83' lang='lat' dir='ltr'><strong>quomodo</strong></span> <span class='ocrx_word' id='word_1_833' title='bbox 2765 5823 2860 5891; x_wconf 88' lang='lat' dir='ltr'><strong>qui</strong></span> <span class='ocrx_word' id='word_1_834' title='bbox 2898 5823 2951 5877; x_wconf 90' lang='lat' dir='ltr'><strong>iu</strong></span> <span class='ocrx_word' id='word_1_835' title='bbox 2985 5824 3150 5878; x_wconf 86' lang='lat' dir='ltr'><strong>tantis</strong></span> <span class='ocrx_word' id='word_1_836' title='bbox 3190 5839 3372 5878; x_wconf 79' lang='lat' dir='ltr'><strong>rerum</strong></span> <span class='ocrx_word' id='word_1_837' title='bbox 3404 5821 3587 5877; x_wconf 81' lang='lat' dir='ltr'><strong>turbis</strong></span> 
     </span>
    </p>
   </div>
   <div class='ocr_carea' id='block_1_121' title="bbox 2012 5912 3592 5986">
    <p class='ocr_par' dir='ltr' id='par_1_121' title="bbox 2012 5912 3592 5986">
     <span class='ocr_line' id='line_1_121' title="bbox 2012 5912 3592 5986; baseline -0.004 -14"><span class='ocrx_word' id='word_1_838' title='bbox 2012 5932 2075 5972; x_wconf 89' lang='lat' dir='ltr'><strong>ac</strong></span> <span class='ocrx_word' id='word_1_839' title='bbox 2104 5914 2348 5973; x_wconf 81' lang='lat' dir='ltr'><strong>motibus</strong></span> <span class='ocrx_word' id='word_1_840' title='bbox 2379 5913 2668 5970; x_wconf 83' lang='lat' dir='ltr'><strong>demersus</strong></span> <span class='ocrx_word' id='word_1_841' title='bbox 2688 5926 2870 5969; x_wconf 80' lang='lat' dir='ltr'><strong>essem</strong></span> <span class='ocrx_word' id='word_1_842' title='bbox 2904 5926 2958 5970; x_wconf 89' lang='lat' dir='ltr'><strong>et</strong></span> <span class='ocrx_word' id='word_1_843' title='bbox 2987 5914 3080 5984; x_wconf 87' lang='lat' dir='ltr'><strong>qui</strong></span> <span class='ocrx_word' id='word_1_844' title='bbox 3113 5912 3592 5986; x_wconf 31' lang='lat' dir='ltr'><strong>coutinuolmagis</strong></span> 
     </span>
    </p>
   </div>
  </div>
