3984 6578
526 425 660 522 ηδ’

521 585 686 638 quam
711 570 922 629 Tantali
947 575 1186 646 lapidem
1209 590 1600 650 persecutores
1623 582 1692 637 ad
1717 583 1862 640 fores
1884 584 2102 640 assidue

517 663 822 720 assidentes
859 676 916 722 et
953 669 1171 740 singula
1215 687 1450 744 quasque
1505 675 1984 746 impudentissime
2017 679 2103 732 in-

521 752 788 823 dagantes
811 758 1086 824 timerem,
1105 765 1272 819 etiam
1295 768 1456 821 tertia
1483 782 1642 821 manu
1667 767 1734 822 ad
1755 769 2102 824 retractanda

1708 468 2135 530 NICEPHORI
2173 469 2560 534 GREGOR£
3671 474 3756 543 116

2215 583 2327 652 κῶς
2377 590 2575 643 παθεῖν
2627 590 2990 662 περιγίνεται,
3034 590 3264 661 μάταιος
3305 589 3403 658 μὲν
3435 589 3466 658 ἡ
3497 589 3600 641 τῶν
3626 592 3759 648 ἐλπῑ-

2206 679 2313 734 δων
2369 682 2666 751 πρόφασις,
2705 681 2938 753 μάταιος
2965 684 3012 737 δ’
3045 686 3077 754 ἡ
3126 683 3262 754 προς
3308 682 3370 735 τὸ
3403 683 3581 734 πονεῖν
3613 687 3758 753 ρᾳθυ-

2211 771 2331 840 μῖα.
2366 773 2456 824 Διὸ
2501 771 2581 842 τῷ
2624 773 2772 843 μόνῳ
2821 773 2942 846 Θεῷ
2973 775 3070 827 τοῦ
3124 773 3232 825 τῶν
3267 770 3505 838 εὖγενῶν
3551 770 3757 827 ἐλπίδων

522 848 726 917 scripta
787 851 961 908 libere
1015 855 1095 910 uti
1159 859 1471 927 potuerim?
1527 861 1707 926 Quare
1764 860 1817 914 in
1881 861 2104 930 scriptis

2223 863 2470 932 γέμοντος
2517 862 2759 932 σκάφους
2807 865 2936 928 τοὺς
2982 864 3177 926 οἴακας
3211 863 3605 933 θαρρήσαντες,
3635 862 3758 928 ὑπὲρ

523 949 808 1012 utcunque
829 961 860 999 e
885 948 1060 1016 prima
1090 965 1253 1004 manu
1283 953 1608 1021 prolierunt
1647 953 1897 1024 acquievi
1931 953 2104 1008 fretus

524 1034 622 1089 Dei
655 1051 818 1092 manu
850 1042 1138 1110 adjutriee.

2209 953 2268 1006 οὗ
2303 954 2400 1007 καὶ
2453 953 2546 1006 τδν
2574 955 2744 1008 πλοῦν
2778 956 3017 1022 ἀνύομεν
3069 955 3242 1018 τόνδε,
3282 959 3378 1006 κσὶ
3423 953 3588 1022 μόνην
3629 954 3759 1024 αὐτῷ

2207 1045 2308 1114 τὴν
2341 1045 2496 1115 χεῖρα
2533 1047 2674 1116 μετὰ
2699 1047 2798 1114 τῆς
2831 1048 3090 1118 γραφίδος
3121 1047 3447 1118 χρήσαντες,
3469 1044 3762 1114 εὐχερέστε-

529 1132 683 1204 ρονῆ
725 1137 868 1190 κατὰ
903 1143 1088 1195 πᾶσαν
1120 1143 1454 1213 προσδοκίαν
1499 1144 1558 1198 τὸ
1625 1142 1814 1197 πλεῖον
1860 1145 1918 1196 ἐν
1989 1143 2182 1214 βραχεῖ
2219 1143 2318 1212 τῆς
2343 1143 2474 1212 ὅλης
2506 1145 2743 1213 σπουδῆς
2771 1145 3020 1198 τελεσθὲν
3057 1143 3386 1214 τεθεάμεθα,
3413 1139 3646 1195 κᾶπειτα
3673 1160 3762 1212 μη-

523 1225 616 1280 δὲν
665 1229 891 1304 μηδαμῆ
947 1234 1608 1309 πολυπραγμονήσαντες,
1639 1237 1786 1307 ἔχειν
1819 1236 1896 1300 ὡς
1949 1237 2108 1307 ἔσχεν
2145 1236 2466 1306 ἀφήκαμεν,
2496 1236 2593 1290 καὶ
2637 1238 2830 1304 ταῦτα,
2894 1239 3145 1308 καθάπερ
3205 1236 3312 1291 τῶν
3345 1233 3668 1316 ἀγαλμάτων
3705 1236 3761 1288 τὰ

521 1323 807 1394 κάλλιστα,
875 1329 1018 1386 οὕτω
1061 1333 1124 1404 δὴ
1164 1337 1257 1388 καὶ
1326 1337 1454 1399 τοὺς
1508 1335 1580 1390 δι’
1639 1335 1925 1406 ἀκριϐεέας
1973 1335 2165 1402 λόγους
2217 1334 2447 1404 δευτέρα
2497 1336 2593 1388 καὶ
2647 1335 2807 1408 τρίτη
2839 1337 2981 1407 χειρὶ
3029 1335 3230 1408 χρῆναι
3280 1330 3639 1388 καθίστασθαι
3669 1333 3764 1384 τῶν

526 1417 814 1486 βελτιόνων
863 1426 1046 1494 σοφῶν
1085 1429 1518 1497 παραινούντων.
1578 1430 1722 1483 Ἀλλ’
1763 1431 1898 1500 ἡμῖν
1927 1445 1993 1497 γε
2033 1427 2098 1498 δὴ
2142 1425 2270 1497 μήθ’
2301 1427 2436 1490 ὅλως
2461 1427 2579 1482 ὅλον
2621 1425 2805 1500 ἔχουσι
2858 1429 3046 1496 καιρὸν
3089 1431 3145 1491 ἐς
3187 1429 3328 1492 δέον,
3350 1425 3425 1489 ῶς
3455 1442 3518 1492 γε
3555 1423 3764 1494 ἔφαμεν,

525 1512 665 1582 μήτε
724 1515 832 1588 μὴν
884 1519 1005 1572 οὐδὲ
1061 1519 1236 1592 βραχύ
1293 1541 1346 1577 τι
1397 1525 1562 1594 μέρος
1632 1522 1784 1592 ὥρας
1834 1519 2131 1590 ἀκλόνητον
2173 1519 2308 1590 μηδὲ
2353 1523 2422 1591 τῇ
2483 1521 2677 1592 πρώτῃ
2726 1521 2855 1590 γοῦν
2931 1523 3079 1594 χειρὶ
3131 1521 3270 1574 κατὰ
3313 1521 3372 1574 τὸ
3424 1519 3522 1587 τῆς
3565 1515 3766 1588 γνώμης

523 1604 848 1679 βουλόμενον
875 1613 1184 1684 χρήσασθαι
1215 1615 1364 1690 (πῶς
1407 1618 1516 1688 γάρ
1550 1613 1632 1680 οἷς
1667 1615 1940 1678 τοσούτοις
1978 1612 2364 1667 κεκυκλῶσθαι
2395 1613 2688 1684 Κύκλωψιν
2728 1615 2877 1686 ἐνῆν,
2917 1615 3010 1668 καὶ
3048 1609 3128 1678 οἷς
3165 1615 3310 1684 μάλα
3345 1610 3606 1684 μᾶλλονῆ
3643 1611 3765 1662 Ταν-

520 1699 738 1756 τάλειον
787 1707 953 1772 φάναι
1004 1709 1149 1762 λίθον
1209 1711 1340 1780 ἐξῆν
1407 1711 1496 1765 ἀεὶ
1559 1709 1875 1782 περιφανῶς
1940 1708 2171 1761 δεδιέναι
2211 1708 2338 1770 τοὶς
2369 1709 2456 1760 ἀεὶ
2483 1709 2587 1778 πρὸ
2617 1709 2799 1778 θυρῶν
2833 1709 3224 1780 ἐφεδρεύοντάς
3262 1725 3322 1760 τε
3349 1707 3445 1760 καὶ
3477 1703 3665 1758 ἅπαντ’
3695 1705 3768 1757 ἀεὶ

523 1797 675 1868 τάμά
705 1801 894 1866 δεινῶς
941 1823 1001 1858 τε
1037 1807 1132 1862 καὶ
1181 1807 1392 1880 ἰταμῶς
1437 1805 1902 1880 άνιχνεύοντας;)
1939 1804 2102 1876 σχολῇ
2145 1803 2200 1870 γ’
2233 1803 2298 1857 ἂν
2331 1805 2460 1875 ἄχρι
2509 1805 2604 1860 καὶ
2671 1807 2730 1870 ἐς
2799 1807 2992 1878 τρίτην
3045 1807 3183 1859 ἰέναι
3237 1803 3424 1874 χειρὸς
3464 1801 3772 1869 αὐτονομου-

527 1897 700 1968 μένην
746 1900 980 1970 ζήτησιν
1016 1904 1126 1976 εἴη.

522 1993 619 2049 τοῦ
646 1997 714 2050 τὰ
745 2001 996 2073 ἡμέτερα
1038 2005 1532 2075 πηδαλιουχοῦντος
1562 2005 1724 2060 Θεοῦ.

1209 1905 1302 1959 Διὸ
1346 1906 1442 1960 καὶ
1492 1907 1747 1976 στέργειν
1805 1905 1955 1966 ὅπως
2012 1899 2144 1954 ποτέ
2183 1899 2583 1972 ἠναγκάσμεθα
2647 1905 2716 1976 τῇ
2749 1904 2944 1976 πρώτῃ
2965 1906 3056 1956 καὶ
3099 1902 3176 1966 ὡς
3199 1903 3390 1971 ἔτυχεν
3417 1895 3617 1970 ἐχούσῃ
3645 1896 3774 1967 χειρὶ

595 2089 686 2146 Ἦ.
726 2091 1096 2166 Quadraginta
1137 2099 1336 2154 diebus
1361 2099 1866 2170 pOStAgathangeli
1895 2098 2106 2152 disces-

2281 2091 2374 2158 ς’.
2409 2091 3014 2164 Τεσσαρακονθημέρου
3057 2091 3102 2144 δ’
3133 2091 3236 2160 ήδη
3295 2087 3392 2142 τὸν
3428 2083 3635 2157 μεταξῦ
3686 2087 3774 2156 τῆς

525 2199 646 2238 sum
677 2187 1071 2258 praeterlapsis.
1109 2206 1233 2246 sera
1275 2203 1437 2248 nocte
1463 2209 1561 2264 per
1588 2196 1811 2248 domum
1842 2191 2110 2261 posticam

525 2275 820 2344 strepitum
859 2278 1154 2346 quemdam
1203 2283 1476 2352 percipio.
1517 2281 1584 2336 Et
1637 2281 1864 2351 quidem
1913 2277 2112 2333 accidit

527 2375 591 2420 ut
617 2381 726 2422 nox
757 2367 918 2424 initio
941 2371 1178 2426 obscura
1206 2381 1376 2428 esset.
1399 2373 1533 2428 Nam
1564 2382 1687 2444 post
1717 2370 2110 2443 plenilunium,

529 2472 654 2512 cum
693 2459 822 2512 luna
861 2460 929 2514 ad
965 2461 1124 2517 orbis
1157 2463 1541 2518 lustrationem
1587 2479 1618 2519 e
1671 2471 1862 2518 centro
1905 2461 2109 2516 iterum

525 2549 768 2616 excedit,
789 2553 966 2624 prima
999 2564 1158 2610 nocte
1190 2556 1368 2611 lucem
1401 2556 1452 2610 in
1485 2567 1682 2611 terram
1711 2569 1820 2608 non
1849 2552 2112 2608 demittit.

527 2641 645 2697 Jam
681 2659 782 2715 ego
810 2647 1082 2703 accedens
1133 2659 1320 2704 notam
1373 2649 1520 2702 illam
1571 2631 1790 2718 portam
1836 2647 2024 2716 aperio
2057 2651 2114 2699 et

529 2747 658 2789 cum
693 2737 916 2791 silentio
951 2739 1384 2810 Agatbangelum
1407 2739 1633 2808 recipio,
1653 2739 1746 2810 qui
1775 2751 2116 2807 quteeunque

528 2825 789 2882 mandata
827 2842 986 2884 erant
1021 2829 1158 2886 bene
1183 2839 1240 2886 et
1275 2845 1342 2884 ex
1374 2839 1562 2900 Optato
1593 2829 1925 2900 perfecerat,
1949 2842 2120 2896 expo-

532 2931 740 2984 suerat,
759 2932 1165 2991 apportaverat.
1185 2922 1450 2993 Equidem
1475 2923 1604 2978 dum
1631 2922 1780 2976 hunc
1801 2921 1990 2976 labore
2019 2920 2119 2974 de-

527 3009 734 3066 fessum
749 3013 972 3084 jamque
989 3014 1264 3070 interdum
1285 3024 1432 3070 metu
1459 3017 1840 3086 perturbatum
1857 3016 1922 3069 ad
1945 3014 2120 3084 reSpi-

530 3104 763 3158 randum
784 3104 962 3159 locum
981 3122 1044 3162 ac
1063 3116 1274 3178 tempus
1297 3107 1400 3162 sibi
1415 3123 1634 3163 sumere
1651 3108 1772 3162 volo
1788 3123 1910 3176 ego,
1923 3127 1938 3156 ε
1955 3106 2120 3160 lsme-

531 3193 640 3250 nia:
665 3195 778 3263 isti,
795 3197 1528 3270 cbarissimeAgatliangele,
1549 3198 1890 3270 resipiscenti
1904 3213 2043 3267 saepe
2061 3198 2122 3252 in

530 3295 774 3342 mentem
805 3289 960 3343 venit
997 3290 1180 3344 dicere
1209 3290 1398 3346 :Nune
1421 3289 1596 3346 musis
1615 3307 1678 3345 ac
1701 3289 1834 3344 mihi
1863 3290 1964 3360 ipsi
1990 3305 2114 3344 car-

530 3393 660 3434 men
683 3381 947 3448 cantabo;
985 3391 1184 3439 etvere
1200 3391 1355 3454 grato
1381 3382 1650 3439 exanimo
1681 3381 1936 3444 canebat,
1979 3387 2108 3450 post

532 3476 842 3532 discessum
877 3487 1030 3532 tuum
1064 3495 1188 3535 cum
1249 3479 1494 3534 animum
1526 3493 1866 3534 recreassem
1898 3492 2021 3548 quae
2057 3477 2112 3530 in

531 3567 778 3623 Ecclesia
795 3579 853 3624 et
873 3569 928 3624 in
952 3570 1064 3626 vita
1082 3572 1296 3642 publica
1319 3571 1663 3634 acciderunt,
1688 3569 1906 3640 135m
1929 3571 2118 3626 decem

535 3657 697 3716 libris
714 3662 1258 3732 conseripsi,bisque
1295 3664 1498 3718 librum
1521 3679 1699 3718 meum
1723 3665 1994 3717 universae
2035 3678 2122 3716 re-

539 3769 662 3808 rum
682 3753 1054 3809 Romanarum
1077 3755 1318 3812 historiae
1333 3772 1416 3810 am
1425 3755 1685 3826 plilicavi.
1703 3755 1892 3811 electis
1917 3755 1983 3810 iis
1999 3769 2122 3825 quae

539 3855 846 3900 memoratu
866 3845 1182 3909 dignissima
1201 3861 1330 3902 sunt
1345 3857 1402 3902 et
1417 3863 1540 3918 qua:
1565 3847 1726 3919 paulo
1743 3856 2036 3916 antequam
2065 3846 2120 3900 in

540 3943 849 3998 custodiam
880 3943 1002 3998 veni
1029 3959 1126 4014 pro
1143 3955 1329 4000 sancta
1348 3944 1598 4000 doctrina
1616 3954 1803 3999 nostra
1824 3956 2121 4014 perpessus

543 4049 688 4090 sum.
720 4035 860 4101 Quid
891 4047 1078 4092 autem
1111 4035 1258 4090 aliud
1299 4035 1434 4092 viris
1465 4037 1809 4106 sapientibus
1847 4038 1942 4107 qui
1973 4038 2121 4107 ejus-

541 4127 690 4182 modi
710 4129 762 4182 in
784 4127 1102 4183 conditione
1118 4139 1411 4186 versantur
1430 4130 1602 4200 magis
1621 4129 1934 4192 conveniat,
1955 4143 2120 4198 quam

541 4218 610 4272 ad
633 4219 1010 4290 hujuscemodi
1035 4237 1120 4275 res
1139 4221 1341 4276 mentis
1359 4221 1692 4290 applicatio?
1713 4219 1815 4286 Qui
1836 4221 1890 4274 in
1913 4221 2022 4276 vita
2042 4220 2122 4274 la-

543 4312 712 4366 bores
751 4312 992 4366 subeunt
1019 4312 1090 4368 ad
1123 4314 1394 4368 incertum
1437 4314 1652 4367 lucrum
1679 4311 2012 4381 divitiasque
2038 4311 2122 4366 in-

543 4404 1166 4475 tenti,fquotiescunque
1191 4406 1247 4460 in
1279 4409 1562 4476 angustias
1587 4405 1862 4466 incidunt,
1885 4405 2124 4458 libenter

545 4497 784 4552 tolerant
815 4513 914 4568 spe
965 4499 1234 4553 bonorum
1273 4497 1590 4554 sustentati.
1625 4495 1738 4552 Hoc
1771 4495 1934 4552 modo
1981 4495 2112 4552 olim

545 4587 800 4644 homines
820 4589 1080 4659 deceptos
1099 4589 1356 4644 audimus
1381 4589 1672 4644 cantilenis
1697 4589 1976 4654 Sirenum,
2003 4602 2128 4657 quae

545 4682 867 4739 dulcissima
905 4699 1040 4738 voce
1084 4699 1250 4738 aures
1298 4683 1577 4752 implendo
1623 4689 1680 4738 et
1728 4680 2122 4750 permulcendo

2214 2183 2480 2254 ἐκδημίας
2529 2183 2938 2253 ’Λγαθαγγέλου
2967 2181 3373 2253 διαμετρούοης
3407 2179 3625 2251 χρόνον,
3653 2180 3764 2248 ἠνίκ

2213 2275 2312 2346 (ιφέ
2362 2277 2464 2345 τῆς
2487 2276 2814 2340 τελευταίας
2841 2276 2905 2347 [1⁵.
2939 2277 3042 2332 127
3073 2275 3126 2347 b]
3163 2275 3381 2346 ἡμέρας
3427 2273 3657 2340 γένοιτο.
3687 2272 3776 2342 ψά-

2215 2387 2318 2438 φου
2361 2369 2506 2434 τινὸς
2535 2371 2677 2426 κατὰ
2723 2372 2816 2426 τὸν
2843 2369 3206 2439 ὀπισθόδομον
3253 2365 3545 2422 αἰσθέσθαι
3582 2382 3666 2434 μοι
3697 2366 3774 2432 γί-

2215 2480 2392 2526 νεται,
2449 2463 2549 2532 τῆς
2605 2481 2671 2534 γε
2731 2463 3040 2533 τηνικαῦτα
3103 2461 3298 2523 νυκτὸς
3359 2462 3424 2511 ἐκ
3491 2457 3772 2529 προοιμίων

2215 2555 2496 2625 ἀφεγγοῦς
2520 2555 2878 2628 ὑπαρχούσης
2903 2573 2918 2588 ·
2957 2553 3096 2626 μετὰ
3148 2556 3258 2624 γάρ
3289 2551 3630 2620 πανσέληνον
3655 2551 3776 2612 τέως

2215 2649 2274 2714 ἐς
2313 2649 2374 2702 τὸ
2422 2650 2704 2718 περίγειον
2751 2650 2848 2702 τοῦ
2873 2649 3076 2716 ἑαυτῆς
3105 2648 3138 2716 ὴ
3175 2646 3378 2714 σελήνη
3405 2641 3694 2712 ἐληλυθυῖα
3725 2643 3780 2694 ἐκ

2216 2743 2447 2814 κέντρου
2471 2744 2533 2796 τ’)
2561 2741 2842 2810 δεύτερον,
2879 2739 2976 2794 καὶ
3000 2738 3144 2792 κατὰ
3183 2735 3536 2806 τετράγωνον
3559 2731 3636 2801 τῷ
3662 2731 3782 2802 ἡλίῳ

2219 2837 2478 2907 γινομένη
2509 2834 2926 2906 σχηματισμὸν,
2961 2832 3024 2886 οὐ
3059 2830 3204 2901 μάλα
3235 2829 3608 2897 ἀκρονύκτους
3635 2827 3695 2892 τῇ
3718 2825 3779 2892 τῇ

2219 2929 2481 3000 παρέχειν
2505 2927 2759 2982 ἐϐούλετο
2804 2925 2904 2988 τὰς
2937 2923 3138 2992 αὐγάς.
3169 2920 3280 2974 Καὶ
3303 2920 3422 2987 ἅμα
3453 2917 3656 2984 σπουδῇ
3689 2933 3780 2968 πα-

2219 3020 2354 3093 ριὼν
2401 3021 2536 3090 ἐγὼ,
2589 3019 2686 3073 καὶ
2741 3020 2842 3088 τὴν
2901 3015 3106 3086 συνήθη
3171 3011 3366 3068 πυλίδα
3422 3007 3782 3072 ἀναπετάσας,

2217 3114 2400 3186 ἠσυχῆ
2434 3113 2526 3166 τὸν
2571 3110 2974 3180 Ἀγαθάγγελον
3008 3106 3298 3177 ἐδεχόμην,
3335 3102 3372 3158 ἃ
3399 3103 3784 3170 ἐπιτέτραπται

2220 3207 2380 3264 πάντ’
2411 3209 2470 3270 ἐς
2497 3206 2615 3260 δέον
2645 3203 2742 3258 καὶ
2771 3204 2918 3258 κατὰ
2946 3201 3004 3254 τὸ
3033 3200 3302 3268 ἀνάλογον
3346 3195 3676 3266 πεπραχότα
3701 3192 3786 3246 καὶ

2218 3301 2480 3373 εἰρηκότα
2518 3299 2614 3352 καὶ
2659 3295 3020 3366 κεκομικότα.
3057 3294 3182 3346 Ἔτι
3224 3289 3410 3344 τοίνυν
3455 3289 3565 3342 ὑπό
3605 3303 3668 3356 γε
3703 3284 3784 3338 τοῦ

2225 3394 2428 3466 μόχθου
2479 3389 2576 3444 καὶ
2621 3389 2731 3442 τῶν
2776 3383 3216 3448 ἐπιπολαζόντων
3267 3381 3578 3452 τηνικαῦτα
3625 3379 3790 3449 φόϐων

2221 3483 2662 3556 τεθορυϐημένον
2717 3481 2930 3534 ἐκεῖνον
2971 3477 3032 3531 τὸ
3087 3475 3188 3546 τῆς
3229 3474 3409 3545 ψυχῆς
3451 3471 3790 3540 λογιζόμενον

2221 3579 2582 3638 διαναπαύειν
2617 3576 2826 3632 ἐθέλων
2871 3573 3005 3644 ἐγὼ,
3051 3571 3146 3626 καὶ
3189 3571 3389 3642 καιρὸν
3423 3572 3510 3634 εις
3543 3563 3790 3638 ἀνάψυξιν

2225 3674 2490 3744 παρέχειν
2555 3669 2870 3734 ὁντιναοῦν,
2923 3687 2942 3720 ι
2995 3667 3242 3737 Ἰσμηνίᾳ
3313 3668 3450 3734 μὲν,
3545 3681 3564 3714 ι
3635 3661 3792 3730 ἔφην,

2229 3785 2249 3822 ι
2289 3764 2502 3835 ἐκεινῳ,
2537 3764 2762 3832 φίλτατε
2804 3759 3204 3828 Ἀγαθάγγελε,
3241 3757 3363 3810 καθ’
3411 3755 3612 3809 ἑαυτὸν
3665 3768 3794 3821 γινο-

2229 3859 2378 3928 μένῳ
2445 3853 2710 3916 πολλάκις
2735 3853 2914 3922 λέγειν
2939 3851 3119 3922 ἐπῄει,
3154 3877 3224 3888 ——
3246 3866 3264 3899 ι
3287 3846 3405 3900 Νῦν
3431 3847 3559 3908 ταῖς
3587 3843 3795 3914 μούσαις

2224 3951 2341 4022 ᾷσω
2372 3951 2466 4002 καὶ
2499 3943 2724 4018 ἐμαυτῷ
2749 3961 2764 3976 ·
2803 3963 2824 3997 ι
2863 3945 2958 3996 καὶ
2989 3938 3057 4012 ἦν
3082 3943 3116 4011 ἡ
3150 3940 3260 4012 ᾠδὴ
3292 3936 3656 4010 χαριστήριός
3684 3949 3758 3996 τις
3779 3949 3792 3962 ·

2225 4042 2352 4113 ἐμοὶ
2375 4042 2433 4096 δὲ
2454 4041 2578 4094 καθ’
2601 4039 2766 4094 αὑτὸν
2792 4037 3071 4106 γενομένῳ
3101 4033 3239 4104 μετὰ
3262 4033 3364 4102 τὴν
3391 4031 3495 4102 σὴν
3517 4029 3797 4098 ἐκδημεαν,

2225 4135 2402 4190 ὁπόσα
2451 4133 2563 4186 τῶν
2609 4133 2657 4186 τ’
2691 4127 3169 4199 ἐκκλησιαστικῶν
3210 4123 3348 4196 ἐομοῦ
3397 4124 3499 4178 καὶ
3537 4119 3797 4192 δημοσίων

2227 4229 2575 4301 πραγμάτων
2635 4223 2714 4295 τῷ
2767 4224 2948 4294 χρόνῳ
3007 4221 3246 4289 γένοιτο,
3311 4219 3439 4271 ὅσον
3501 4215 3669 4278 εἰκὸς,
3718 4211 3800 4264 καὶ

2226 4326 2375 4392 ἡμᾶς
2399 4325 2456 4374 ἐν
2487 4323 2619 4374 δέκα
2645 4318 2824 4386 λόγοις
2869 4313 3194 4382 ἀναγράψαι
3225 4311 3418 4378 γέγονε
3459 4309 3560 4362 κα)⁵
3597 4309 3661 4376 τῇ
3690 4320 3802 4358 συν-

2227 4417 2348 4486 ήθει
2377 4414 2562 4466 δοῦναι
2609 4412 2708 4481 τῆς
2752 4409 2884 4478 ὅλης
2933 4405 3256 4473 Ῥωμαῖκῆς
3317 4403 3568 4472 ἱστορίας
3624 4400 3802 4468 βισλῳ,

2228 4506 2626 4576 ἐκλεξαμένους
2655 4503 2725 4554 τὰ
2765 4498 3106 4568 καιριώτερα
3153 4489 3230 4548 ὧν
3259 4513 3318 4547 τε
3355 4496 3497 4564 μετὰ
3530 4495 3636 4560 τὴν
3674 4487 3802 4558 ἐμὴν

2229 4595 2314 4658 δὶς
2345 4595 2510 4656 αὐτὸς
2557 4589 2978 4659 ἐπιδεδημηκὼς
3023 4587 3300 4656 αφηγήσω
3351 4581 3665 4652 κάθειρξιν,
3709 4579 3794 4632 καὶ

2227 4683 2305 4744 ὧν
2334 4687 2508 4758 βραχύ
2539 4704 2592 4739 τι
2620 4685 2910 4756 πρότερον,
2943 4681 3075 4751 πρὶν
3103 4681 3135 4749 ἣ
3165 4678 3588 4748 καθειρχθῆναι,
3620 4675 3801 4728 παθεῖν

543 4791 820 4846 quemque
852 4776 1113 4832 audiendi
1163 4775 1466 4845 cupiditate
1519 4775 1806 4828 incensum
1855 4779 2117 4841 caperent

2227 4783 2380 4852 ἡμᾶς
2422 4779 2564 4848 ὑπὲρ
2607 4777 2718 4830 τῶν
2757 4775 2918 4827 θείων
2969 4772 3275 4842 συνηνέχθη
3311 4771 3612 4838 δογμάτων
3637 4787 3651 4798 -
3683 4767 3802 4818 ποία

542 4875 600 4923 et
628 4866 835 4922 ultimae
867 4867 1132 4938 perniciei
1167 4867 1472 4928 traderent,
1510 4864 1582 4918 ita
1616 4873 1674 4919 ut
1711 4863 1934 4918 brevem
1967 4861 2120 4916 dele-

544 4953 844 5015 ctationem
891 4959 1012 5014 dira
1031 4962 1214 5029 spuma
1250 4958 1546 5026 exciperet.
1581 4956 1780 5011 Contra
1813 4957 2122 5011 litterarum

545 5054 726 5110 studia
753 5052 968 5108 fructus
995 5066 1184 5106 secum
1213 5049 1396 5105 ferunt
1419 5052 1658 5118 optimos
1681 5049 1774 5119 qui
1801 5063 1909 5102 non
1945 5047 2122 5102 solum

542 5145 702 5200 vivos
717 5153 1012 5210 exornant,
1037 5141 1134 5196 sed
1161 5141 1326 5196 etiam
1357 5151 1608 5194 mortuos
1637 5139 1760 5194 illos
1784 5139 1984 5209 quibus
2009 5138 2123 5192 otio

543 5254 648 5296 suo
697 5238 908 5308 optimo
955 5237 1036 5290 uti
1079 5237 1320 5290 licuerit.
1359 5233 1496 5289 Nam
1544 5249 1652 5288 una
1695 5233 1998 5302 eademque
2039 5239 2126 5286 est

542 5330 858 5386 litterarum
893 5337 950 5384 et
987 5326 1187 5382 mentis
1243 5326 1404 5397 136
1449 5335 1654 5379 nostra:
1701 5333 1922 5387 natura,
1953 5323 2119 5377 etiam

543 5422 736 5478 eadem
769 5419 1176 5484 immontalitas,
1219 5435 1342 5490 quae
1377 5429 1670 5486 utrumque
1703 5417 1756 5470 in
1793 5432 1960 5470 unum
1992 5429 2124 5470 con-

541 5513 800 5584 junctum
837 5523 1009 5580 tenet,
1030 5511 1334 5567 dummodo
1359 5526 1430 5566 ne
1461 5509 1786 5565 alterutrum
1811 5507 2123 5564 concordiae

543 5605 896 5662 conditiones
929 5605 1115 5668 laedat,
1145 5614 1241 5660 aut
1281 5602 1534 5657 amicitia:
1575 5615 1904 5670 generosum
1937 5600 2122 5653 lauto-

547 5714 668 5756 rem
701 5709 760 5754 et
801 5699 1069 5767 aurigam,
1106 5707 1166 5750 ut
1189 5697 1260 5750 ita
1307 5694 1510 5760 dicam,
1543 5693 1804 5764 depellat,
1839 5701 1899 5748 ut
1943 5691 2128 5762 Lydus

547 5791 642 5846 ilie
689 5789 842 5846 ferox
889 5789 1089 5859 Pelops
1135 5787 1458 5844 bellicosum
1513 5785 1788 5857 Myrtilum
1833 5786 1900 5839 de
1958 5799 2126 5840 curru

519 5885 830 5955 depulisse
883 5893 1048 5955 atque
1083 5882 1434 5954 impudenter
1467 5879 1818 5936 moderamen
1847 5893 2066 5947 mquam
2098 5894 2126 5930 a

549 5993 609 6033 se
647 5977 902 6049 reiecisse
951 5976 1176 6034 dicitur.
1234 5976 1423 6048 itaque
1475 5989 1576 6045 ego
1637 5981 1758 6043 post
1821 5969 2123 6025 discessum

2230 4875 2342 4944 γὰρ
2367 4873 2432 4927 ἂν
2453 4872 2587 4939 άλλη
2615 4887 2698 4931 τις
2721 4870 2807 4937 εἴη
2845 4865 3200 4936 σχολάζουσιν
3229 4865 3297 4932 ἀρ
3308 4863 3588 4932 μόττουσα
3620 4860 3804 4926 μᾶλλον

2232 4963 2404 5032 αὐτῆς
2445 4960 2671 5030 ἀσχολία
2723 4959 2947 5027 σοφοῖς;
2981 4957 3141 5023 Λέγω
3185 4955 3240 5007 δὲ
3283 4954 3383 5018 τὴν
3430 4955 3490 5013 ἐς
3539 4949 3805 5006 τοιούτους

2229 5051 2422 5118 λόγους
2470 5048 2684 5116 κίνησιν
2727 5045 2822 5098 τοῦ
2872 5045 2988 5099 νοῦ.
3029 5045 3154 5105 Τοῖς
3207 5042 3308 5111 μὲν
3357 5043 3474 5112 γὰρ
3511 5042 3660 5095 κατὰ
3705 5039 3805 5108 βίον

2235 5139 2532 5214 μοχθοῦσιν
2581 5136 3074 5208 ἀμφισϐητησίμου
3131 5134 3358 5200 κέρδους
3405 5135 3506 5184 καὶ
3557 5129 3806 5197 συλλογῆς

2233 5235 2538 5307 χρημάτων
2591 5229 2871 5300 φροντίδες
2922 5225 3333 5296 ἀπασχολοῦσαι
3383 5225 3443 5278 τὸ
3486 5224 3676 5292 νοερὸν
3721 5221 3807 5287 τῆς

2231 5323 2413 5395 ψυχῆς
2456 5317 2808 5375 ὑποσαινουσί
2857 5334 2918 5370 τε
2973 5318 3068 5370 καὶ
3103 5317 3310 5384 κοῦφον
3343 5315 3404 5368 τὸ
3447 5316 3566 5368 τῶν
3599 5313 3688 5366 ἀεὶ
3719 5327 3810 5364 πα-

2237 5419 2436 5488 ρόντων
2467 5413 2778 5484 ἀλγηδόνων
2801 5411 3058 5464 ἐπίπονον
3097 5411 3184 5462 διὰ
3209 5411 3318 5462 τῶν
3347 5413 3404 5461 ἐν
3433 5409 3654 5474 τούτοις
3677 5409 3813 5466 ὅπως

2237 5509 2372 5564 ποτὲ
2401 5507 2600 5578 δρῶσιν
2643 5507 3040 5575 αἰωρουμένων
3071 5504 3326 5564 ὲλπίδων,
3357 5503 3624 5570 καθάπερ
3651 5501 3810 5568 δήπου

2239 5603 2334 5655 καὶ
2366 5600 2465 5662 τὰς
2499 5598 2606 5652 τῶν
2653 5598 2952 5665 Σειρήνων,
2985 5596 3190 5656 αἵτινές
3237 5593 3360 5645 ποτ’
3409 5593 3502 5662 ἄρ’
3541 5591 3658 5646 εἷεν
3685 5594 3810 5644 ἐκεῖ·

2237 5713 2350 5760 ναι,
2391 5693 2713 5764 προτάττειν
2758 5690 2902 5759 ᾠδάς
2942 5689 3216 5758 άκούομεν
3253 5687 3448 5750 πάλαι,
3487 5688 3550 5740 αἳ
3605 5689 3672 5756 τῇ
3725 5682 3813 5752 τῆς

2233 5786 2513 5858 ἐμμελοῦς
2553 5785 2748 5855 ἡδονῆς
2779 5783 3072 5854 ἑμϐριθείᾳ
3113 5783 3216 5844 τὰς
3247 5781 3418 5842 ἀκοὰς
3450 5773 3814 5852 γοητεύουσαέ

2232 5898 2293 5933 τε
2321 5881 2416 5934 καὶ
2447 5878 2756 5945 θέλγουσαι,
2785 5875 3008 5948 δέσμιον
3046 5874 3158 5928 οἷον
3193 5878 3394 5942 εἰπεῖν,
3423 5875 3586 5938 ὅστις
3618 5867 3734 5924 ποτ’
3755 5860 3813 5934 ἧν

2230 5975 2258 6027 ὁ
2303 5973 2394 6028 τοῦ
2446 5970 2642 6040 μέλους
2691 5969 2900 6026 ἐκείνου
2950 5969 3339 6039 κατατρυφῶν,
3383 5968 3524 6040 πρὸς
3567 5966 3670 6029 τὰς
3725 5957 3808 6014 τοῦ
