4050 6570
546 413 647 478 1&3

543 549 663 587 ΙἪΙΙὶ
686 549 882 590 sonum
914 551 1137 592 carmen
1170 546 1389 590 cantare
1413 551 1732 602 ροιιειιυεερ,
1753 553 1865 606 (ιιιο
1885 539 2127 592 animum

539 639 572 678 a
615 619 790 680 'variis
840 644 903 682 ac
935 627 1170 683 turbidis
1203 628 1490 682 nocturnis
1542 629 1773 682 somniis
1819 640 2123 696 revocaret,

542 717 782 788 cu'mque
819 720 973 774 bona:
1009 719 1162 790 1&3
1201 718 1584 787 tranquillitati
1635 718 1792 774 facile
1847 720 2122 774 redderet.

538 808 676 865 Nam
743 811 956 864 somnia
1025 825 1422 880 nonnunquam
1497 813 1696 864 mirum
1771 809 1826 864 in
1897 811 2122 864 modum

541 914 800 973 tanquam
857 901 970 956 acri
1013 902 1270 956 violentia
1333 911 1573 956 mentem
1639 902 1956 968 sollicitant,
1991 903 2124 972 quin

541 993 592 1048 si
643 995 828 1064 gravia
872 1003 1002 1050 sunt
1049 993 1517 1064 vehementerque
1577 1009 1772 1049 sensus
1834 1002 2122 1062 occupant.

541 1099 764 1140 omnem
795 1086 910 1142 fere
947 1102 1007 1142 se
1063 1086 1358 1156 colligendi
1415 1093 1734 1155 potestatem
1774 1086 1824 1141 ei
1859 1087 2124 1156 eripiunt.

539 1177 729 1247 Itaque
761 1177 896 1231 mihi
929 1192 1150 1246 quoque
1201 1176 1570 1246 gratissimum
1625 1175 1766 1230 foret
1817 1178 2066 1246 accipere
2096 1193 2124 1230 a

545 1277 600 1324 te
639 1283 809 1324 novas
839 1269 1210 1334 narrationes,
1238 1279 1292 1322 et
1323 1268 1583 1337 quoniam
1627 1269 1730 1324 hoc
1765 1269 1882 1336 ipso
1913 1277 2126 1338 tempo—

541 1375 602 1416 re
631 1361 776 1416 Deus
805 1369 1028 1430 propter
1049 1375 1186 1415 verae
1215 1361 1476 1415 doctrina:
1506 1360 1914 1431 perversionem
1949 1361 2124 1415 iratus

543 1461 624 1508 tot
678 1468 742 1507 ac
800 1461 979 1508 tantas
1009 1453 1175 1506 mittit
1227 1452 1500 1518 miserias,
1563 1453 1758 1506 horum
1801 1452 2125 1506 alterutrum

543 1557 758 1598 mecum
785 1544 1220 1598 communicahis
1243 1563 1255 1598 ς
1281 1552 1376 1598 aut
1403 1559 1490 1597 me
1516 1545 1820 1599 amicorum
1851 1543 2128 1598 conditio-

543 1637 632 1689 nis
655 1637 951 1690 certiorem
1009 1636 1198 1691 facies.
1231 1635 1342 1706 Ego
1389 1650 1573 1692 autem
1618 1638 1972 1707 complorabo
2030 1653 2126 1694 eos

541 1727 820 1796 etiamque
843 1737 904 1782 ut
935 1728 1188 1784 laborum
1245 1729 1588 1799 fortunaeque
1650 1731 1826 1786 socios
1865 1732 2124 1788 salutabo

541 1825 598 1872 et
643 1819 809 1872 mutis
857 1819 996 1874 meis
1024 1818 1209 1875 verbis
1247 1835 1568 1890 prosequar,
1617 1829 1671 1876 et
1715 1836 1822 1876 una
1878 1838 2004 1877 cum
2055 1823 2124 1878 iis

543 1923 842 1964 maerorem
927 1910 1140 1979 capiam
1193 1921 1250 1967 et
1303 1910 1572 1979 laetitiam,
1643 1928 1824 1983 neque
1877 1929 2120 1982 unquam
2153 1899 2196 1955 Β

541 2009 748 2054 tantam
776 2016 967 2056 eorum
1003 2003 1368 2056 constantiam
1401 2003 1661 2058 admirari
1717 2005 1964 2060 cessabo.
2014 2006 2124 2060 Ant

539 2091 608 2148 de
643 2103 1058 2162 perseeutorum
1091 2095 1406 2150 conditione
1447 2097 1582 2150 mihi
1633 2098 1912 2162 narrabis.’
1941 2107 1996 2152 et
2027 2099 2123 2154 la:-

538 2185 668 2238 tiori
690 2185 922 2242 fortasse
951 2202 1048 2256 spe
1102 2186 1423 2242 alliciemur.
1449 2187 1588 2242 Nam
1634 2187 1784 2259 ipsos
1829 2191 2122 2260 aliquando

541 2279 814 2334 insaniam
841 2294 994 2336 suam
1028 2281 1316 2350 agnituros
1347 2295 1467 2335 esse
1493 2281 1672 2351 spero,
1707 2282 1979 2351 siquidem
2015 2285 2130 2354 jam

540 2375 686 2428 inter
712 2373 858 2442 ipsos
889 2373 1222 2445 ﬂagitiorum
1265 2374 1560 2444 approbria
1588 2376 1851 2440 suboriri,
1879 2386 2070 2431 contra
2099 2392 2130 2432 e

539 2465 850 2521 recessibus
877 2481 1068 2521 eorum
1111 2481 1250 2535 quos
1292 2476 1702 2536 persequuntur
1729 2476 1786 2522 et
1835 2483 1866 2521 c
1894 2469 2126 2524 summis

539 2556 785 2612 uertebris
805 2557 1020 2627 plenam
1049 2558 1256 2613 sensim
1286 2557 1577 2613 veritatem
1605 2559 1660 2612 in
1686 2557 1867 2614 lucem
1899 2559 2126 2629 prodire

539 2650 810 2704 sentiunt.

1759 421 2173 482 NlCEl‘IlOllI
2215 423 2598 484 GBEGOH/E

3701 435 3796 502 124

2167 547 2205 596 Α
2235 540 2316 592 δεῖ
2342 541 2702 612 ψυχαγωγίας
2733 543 2932 608 ἔξωθεν
2966 543 3155 612 ἱκανῆς
3184 543 3242 608 ἐξ
3281 544 3587 600 ἀντιπάλων
3623 550 3796 618 ῥαγεί.

2233 648 2331 696 σης
2371 633 2752 704 δηγημάτων.
2811 630 2984 689 Οἶσθα
3039 637 3149 706 γάρ
3204 635 3280 700 ὡς
3333 637 3432 692 καὶ
3483 637 3794 712 Πυθαγόρας

2227 726 2436 786 ἐκεῖνος
2489 727 2515 778 ό
2563 725 2768 794 Σάμιος
2811 727 2980 798 λύρας
3014 727 3186 780 ἕωθεν
3217 727 3313 782 καὶ
3339 727 3494 798 ᾠδῶν
3531 735 3792 798 μουσικῶν

2229 817 2620 887 νενουθέτηκεν
2655 817 2948 886 ἅπτεσθαι,
3009 819 3206 873 ὁπόσαι
3264 837 3328 888 γε
3377 822 3559 874 ίκαναὶ
3605 824 3666 874 τδ
3695 825 3793 876 τῶν

2228 908 2510 979 λογισμῶν
2539 909 2841 980 τηνικαῦτα
2872 911 3142 981 κοιμίζειν
3186 915 3454 982 κυμαῖνον
3483 915 3546 968 ὲκ
3573 915 3680 968 τῶν
3707 917 3794 972 τοῦ

2231 1003 2401 1057 ὕπνου
2434 1005 2770 1075 νυκτερινῶν
2801 1005 3136 1075 ἀθυρμάτων
3166 1007 3570 1078 καθιστάμενον
3603 1009 3794 1076 ῥόθιον,

2229 1099 2328 1152 καὶ
2371 1097 2780 1168 μεθαρμόττειν
2825 1096 3026 1167 ῥᾳδίως
3073 1098 3168 1150 ἐπὶ
3197 1096 3256 1150 τὸ
3289 1097 3530 1168 εὔθυμον
3567 1100 3796 1172 όπόσαή

2230 1188 2340 1242 τῶν
2391 1187 2618 1258 ὀνείρων
2689 1187 2988 1258 αὑτονομία
3043 1187 3312 1252 παίζουσα
3369 1189 3794 1260 δραστικώτερον

2229 1279 2403 1334 ἐνίοτε
2459 1280 2605 1334 κατὰ
2645 1279 2746 1351 τῆς
2805 1281 3046 1350 γαλήνης
3089 1279 3200 1333 τῶν
3250 1279 3530 1350 λογισμῶν
3577 1281 3794 1350 ἀφίησιν

2232 1373 2544 1442 ἀπαρκτίου
2579 1371 2735 1442 δίκην
2785 1369 3002 1442 μακροῦ
3049 1389 3230 1435 τινος,
3262 1371 3351 1424 ὅτε
3401 1371 3465 1443 δὴ
3513 1373 3606 1426 καὶ
3659 1374 3792 1442 μά)α

2230 1464 2564 1534 ἀταμίευτος
2619 1465 2734 1526 τοῖς
2785 1463 3166 1534 αἰσθητηρίοις
3215 1465 3246 1516 ό
3299 1463 3466 1526 ὕπνος
3531 1455 3792 1534 ὲντρέχων

2229 1557 2429 1628 ἥκιστα
2456 1558 2516 1608 τὸ
2543 1555 2679 1626 πρὸς
2703 1557 2919 1625 ἄμυναν
2945 1556 3083 1617 τέως
3111 1555 3256 1626 ἔχειν
3283 1555 3588 1624 δυνάμενον
3617 1555 3791 1623 σφίσιν

2229 1646 2338 1718 ἐῴη
2369 1648 2454 1702 ἀν.
2505 1647 2596 1700 Διὸ
2628 1647 2721 1700 καὶ
2753 1648 2884 1716 ἡμῖν
2921 1646 3141 1717 ἥδιστον
3193 1646 3258 1700 ἂν
3305 1646 3515 1715 γένοιτο
3549 1644 3792 1716 ἄκουσμα

2226 1740 2338 1794 τῶν
2373 1741 2478 1806 ἔξω
2509 1738 2857 1810 πραγμάτων
2903 1739 3024 1794 ἔνια
3058 1739 3366 1810 διηγήσεως
3411 1738 3675 1791 ὑπόθεσιν
3705 1739 3792 1792 νῦν

2230 1833 2546 1904 κομίζοντος
2577 1833 2792 1900 σοῦ-γε.
2823 1832 2980 1886 Ἐπεὶ
3033 1831 3142 1902 γὰρ
3192 1831 3404 1899 κακῶν,
3453 1831 3616 1900 εἰπερ
3649 1831 3791 1898 ποτὲ,

2227 1924 2324 1979 νῦν
2362 1926 2390 1978 ό
2419 1926 2532 1996 βίος
2573 1925 2960 1995 ἐμπέπλησται
2985 1923 3354 1995 ὀργιζομένου
3393 1922 3534 1976 Θεοῦ
3573 1923 3664 1976 διὰ
3701 1925 3794 1990 τὴν

2227 2018 2337 2070 τῶν
2365 2017 2525 2071 θείων
2555 2017 2846 2086 δογμάτων
2883 2015 3171 2086 ἀθέτησιν,
3213 2017 3359 2070 δυοῖν
3389 2015 3540 2069 ἔσται
3577 2013 3794 2084 θάτερον

2229 2109 2476 2172 πάντως”
2525 2107 2560 2178 ἢ
2606 2108 2716 2180 γὰρ
2745 2109 2916 2176 φίλων
2943 2111 3074 2178 ἡμῖν
3105 2107 3442 2176 ἀπαγγελεῖς
3483 2107 3790 2175 συμφορὰς,

2228 2201 2324 2255 καὶ
2355 2199 2616 2270 δακρύσω
2663 2201 2766 2271 μὲν
2816 2199 2892 2263 ῶς
2927 2201 3076 2262 είκδς
3109 2201 3298 2271 ἕτερον
3329 2199 3530 2270 τρόπον
3563 2199 3696 2267 ἐγὼ,
3730 2201 3790 2266 τῇ

2228 2287 2287 2340 δὲ
2315 2286 2572 2359 κοινωνίᾳ.
2597 2288 2693 2342 τοῦ
2733 2287 2946 2350 πάθους
2977 2290 3222 2351 ἐκείνους
3253 2287 3684 2360 προσαγορεύσω
3710 2289 3795 2342 καὶ

2227 2378 2852 2449 πόρῤωθεν,ἀφθόγγοις
2868 2397 2926 2432 τε
2948 2379 3162 2444 λαλιαϊς
3183 2379 3257 2443 ὡς
3281 2382 3459 2434 εἰπεῖν
3485 2381 3794 2450 προσφθεγ-

2227 2471 2483 2538 γόμενος,
2521 2469 2618 2522 καὶ
2644 2470 2812 2542 οῐκτῳ
2849 2471 2940 2526 τὸν
2969 2469 3152 2526 οἶκτον
3178 2471 3480 2534 ἀντιδιδοὺς
3512 2475 3612 2526 καὶ
3639 2487 3792 2540 συνηρ

2225 2561 2453 2632 δόμενος
2491 2561 2672 2632 σφίσι,
2725 2564 2822 2617 καὶ
2855 2563 3156 2634 θαυμάζων
3197 2564 3300 2635 τῆς
3345 2563 3650 2636 καρτερίας
3679 2563 3795 2624 τοὺς

2225 2652 2454 2722 ἀνδρας,
2483 2653 2518 2724 ἢ
2543 2655 2837 2726 συμφορὰς
2877 2656 3127 2710 διωκτῶν
3155 2656 3526 2729 ἀκουσόμεθα,
3557 2659 3658 2711 καὶ
3687 2657 3792 2727 βελ-

537 2741 690 2806 τίους
711 2741 900 2796 λοιπὸν
921 2745 1018 2798 καὶ
1047 2742 1189 2813 ὑπὲρ
1225 2743 1408 2798 αὐτῶν
1452 2744 1556 2810 τὰς
1607 2747 1835 2811 ἐλπίδας
1871 2745 2177 2817 ληψόμεθα.
2217 2747 2442 2802 Σύνεσιν
2487 2749 2600 2819 γὰρ
2656 2747 2812 2822 οἶμαι
2865 2753 2963 2806 καὶ
3013 2753 3158 2820 σφᾶς
3213 2752 3312 2819 ὀψὲ
3357 2754 3490 2822 γοῦν
3519 2752 3794 2823 εἰληφότας

539 2837 923 2910 διορθωθῆναι,
985 2835 1170 2908 ἔργοις
1229 2837 1332 2910 ήδη
1363 2838 1664 2909 βλέποντας
1707 2840 2005 2911 προφανεῖς
2045 2839 2351 2910 φυομένους
2376 2841 2506 2907 τοὺς
2535 2843 2646 2897 τῶν
2707 2844 2931 2898 οίκείων
2961 2845 3350 2916 ἀτοπημάτων
3413 2849 3690 2919 ἐλέγχους,
3711 2853 3796 2908 καὶ

541 2931 654 2994 τῶν
689 2936 748 2984 ἐν
783 2931 974 3001 μυχοῖς
1004 2929 1266 3000 διωγμῶν
1299 2933 1398 2984 καὶ
1450 2932 1626 3002 σκότῳ
1665 2931 1819 3002 βαθεῖ
1857 2931 2222 3003 κοιμωμένων
2253 2934 2578 3006 προτάσεων
2611 2935 2828 3008 ἀληθῶν
2865 2941 2928 2992 τὸ
2967 2941 3346 3011 συμπέρασμα
3375 2941 3691 2996 ἀνατέλλον.

609 3021 704 3080 XI.
744 3024 1012 3094 Equidem
1039 3025 1116 3082 mi
1145 3025 1465 3082 charissima
1487 3025 1600 3096 jam
1637 3034 1863 3094 paratus
1899 3041 2046 3093 sum,
2075 3032 2131 3080 et

539 3129 924 3186 quamcunque
959 3116 1044 3171 vis
1080 3115 1458 3172 narrationem
1489 3115 1716 3171 faciam.

2315 3027 2420 3083 IA'.
2450 3029 2562 3083 Kal.
2587 3029 2697 3100 μὴν
2729 3029 2946 3100 ἕτοιμος
2977 3033 3178 3102 ἔγωγε,
3211 3033 3476 3104 βέλτιστε,
3505 3033 3688 3104 λέγειν
3707 3037 3797 3092 ὅσα

2239 3119 2302 3191 δὴ
2331 3122 2428 3177 καὶ
2453 3116 2542 3174 οἷα
2575 3121 2786 3190 βούλοιο
2815 3122 2882 3176 ἀν
2911 3124 3222 3178 ἐπιτάττειν
3245 3125 3428 3188 αὑτός.

615 3203 776 3278 ιη.
791 3205 906 3262 Xll.
925 3206 1007 3262 Tu
1033 3222 1190 3274 vero,
1209 3207 1530 3264 charissima
1547 3206 1938 3279 Agathangelo,
1953 3223 2129 3264 nonne

2308 3210 2412 3266 lB'.
2449 3212 2660 3270 Οὐκοῦν
2697 3213 3082 3285 ἁρμόττουσαν
3120 3216 3300 3286 ἀρχὴν
3322 3215 3606 3272 ἀναθεῖναι
3632 3217 3711 3272 δεῖ
3729 3217 3798 3287 τῷ

540 3297 700 3367 prius
757 3298 1066 3354 narrationi
1117 3307 1308 3370 aptum
1362 3299 1653 3356 exordium
1705 3300 1932 3366 addere,
1975 3301 2126 3372 quod

540 3389 802 3460 deinceps
818 3390 1064 3446 invenire
1087 3406 1220 3448 sane
1249 3389 1467 3448 difﬁcile
1497 3401 1601 3459 est,
1637 3401 1734 3448 aut
1765 3393 1966 3462 prioris
1996 3410 2128 3449 nar-

541 3475 772 3540 rationis
797 3485 1116 3540 memoriam
1149 3499 1412 3542 revocare
1440 3485 1602 3540 nobis
1621 3485 1676 3540 in
1701 3488 1885 3540 animo
1919 3486 2130 3543 habes?

544 3573 622 3630 ita
657 3583 718 3629 ut
747 3575 1076 3630 narrationis
1119 3575 1420 3630 momentis
1449 3583 1656 3632 catena:
1703 3577 1878 3632 instar
1929 3577 2134 3634 adnec-

541 3664 726 3720 tendis
749 3675 961 3721 certum
993 3665 1288 3737 quemdam
1317 3667 1384 3722 ad
1404 3683 1588 3724 rerum
1613 3669 1984 3724 narrationem
2011 3683 2132 3740 quae

547 3765 738 3828 postea
767 3768 902 3813 acta:
926 3767 1059 3814 sunt
1091 3759 1382 3814 transitum
1413 3759 1510 3814 tibi
1533 3759 1867 3829 patefacias?
1887 3761 2132 3816 Primum

545 3850 698 3906 enim
725 3851 915 3906 auditu
937 3850 1163 3921 dignum
1185 3859 1270 3908 est
1307 3851 1440 3922 quid
1471 3860 1594 3921 post
1621 3867 1857 3922 pugnam
1877 3854 2131 3908 navalem

544 3941 696 3998 illam
727 3942 1044 3998 Latinorum
1092 3943 1296 3998 classes
1338 3944 1572 4000 invicem
1619 3958 1678 3999 se
1728 3945 2028 4014 premendo
2075 3955 2132 4002 et

543 4035 852 4092 obsidendo
899 4035 1218 4102 effecerint;
1285 4035 1486 4092 deinde
1555 4036 1684 4106 quid
1733 4037 1892 4092 lrene
1945 4041 2133 4108 regina

545 4137 834 4197 postquam
869 4127 1212 4184 Orestiadem
1255 4138 1312 4182 et
1371 4129 1812 4200 Didymotichum
1877 4129 2136 4198 pervenit

541 4217 808 4282 etlecerit,
868 4219 1106 4274 ﬁliorum
1178 4219 1332 4288 regni
1401 4218 1754 4288 cupiditatem
1815 4221 2132 4290 priusquam

543 4313 727 4368 furore
761 4312 968 4367 incitati
1001 4312 1204 4367 caedem
1243 4311 1472 4366 ederent
1498 4325 1854 4381 repressura;
1907 4311 2134 4366 tertium

543 4419 666 4474 qtae
701 4403 922 4460 fanatici
994 4413 1378 4474 persecutores
1427 4403 1485 4458 in
1541 4419 1644 4458 nos
1705 4401 2020 4470 concipiant
2080 4409 2138 4456 et

543 4507 888 4568 concoquant
925 4497 1174 4552 consilia.

2227 3303 2370 3374 λόγῳ
2395 3303 2686 3376 πρότερον,
2713 3305 2939 3372 φίλτατε
2985 3307 3382 3376 Ἀγαθάγγελεο
3410 3307 3479 3380 ἣν
3505 3309 3608 3362 οὐκ
3635 3310 3797 3370 ἄλλως

2230 3395 2508 3466 ἁλώσιμον
2537 3395 2760 3450 ἔσεσθαι
2797 3391 2951 3466 οἴμαι
2985 3397 3020 3469 ἢ
3051 3399 3107 3462 ἐς
3140 3399 3204 3452 τὸ
3235 3399 3500 3469 πρότερον
3529 3399 3678 3469 ίχνος
3700 3399 3798 3453 τῶν

2229 3487 2406 3556 λόγων
2439 3489 2668 3542 ἐκείνων
2703 3490 3102 3560 ἀναπόμπιμον
3141 3491 3498 3562 πεπραχότας
3527 3491 3630 3562 τὴν
3669 3491 3795 3561 μνή-

2231 3595 2364 3649 μην,
2393 3581 2490 3633 καὶ
2513 3579 2673 3651 δίκην
2703 3581 2896 3652 σειρᾶς
2921 3581 3019 3646 τὰς
3041 3583 3142 3653 τῆς
3159 3583 3410 3654 γλώττης
3434 3583 3652 3637 ἐκεῖθεν
3675 3599 3796 3652 κρηη

2231 3671 2390 3735 πῖδας
2449 3672 2792 3744 ἀνάψαντας,
2823 3674 3042 3746 ἀσφαλῆ
3073 3676 3146 3730 τά
3177 3675 3278 3744 τῆς
3323 3675 3650 3746 ἀναλήψεως
3704 3675 3796 3745 ήδη

2233 3764 2424 3834 ἐφόδια
2453 3765 2510 3830 ἐς
2536 3766 2638 3834 τὴν
2669 3765 2778 3820 τῶν
2811 3767 2942 3836 ἑξῆς
2968 3767 3272 3838 κεκτῆσθαι
3306 3766 3563 3838 διήγησιν
3593 3769 3649 3822 ἑν
3675 3767 3796 3838 βρα·

2233 3855 2341 3923 χεῐ.
2373 3849 2526 3908 Εἶναι
2559 3854 2606 3907 δ’
2641 3856 2946 3923 ἀναγκαῖον
2989 3855 3259 3910 πυθέσθαι
3290 3855 3508 3928 πρῶτον
3553 3857 3698 3927 ἡμᾶς
3723 3856 3795 3908 ὅτι

2236 3945 2367 3999 ποτὲ
2428 3945 2572 4014 μετά
2621 3947 2720 4014 τὴν
2753 3949 3071 4018 ναυμαχίαν
3109 3947 3328 4018 ἐκείνην
3381 3947 3798 4018 ἀντικαθήμενοι

2236 4039 2331 4091 καὶ
2353 4037 2854 4108 ἀντεφεδρεύοντες
2882 4038 3166 4108 ἑκατέροις
3193 4038 3448 4108 ἑκάτεροι
3487 4037 3598 4091 τῶν
3645 4036 3797 4092 Λατί-

2237 4146 2345 4184 νων
2371 4129 2421 4182 oi
2463 4129 2644 4182 στόλοι
2667 4129 2789 4182 τότε
2827 4131 3168 4200 πεπράκασι·
3195 4130 3450 4198 δεύτερον
3481 4129 3526 4182 δ’
3567 4131 3650 4183 ὅτι
3680 4129 3797 4181 ποτὲ

2237 4223 2334 4277 καὶ
2369 4224 2401 4292 ἡ
2447 4221 2662 4290 βασιλὶς
2685 4221 2890 4292 Εἰρήνη
2917 4221 2979 4293 [ί.
3017 4221 3115 4276 I30
3154 4219 3213 4294 a]
3241 4221 3526 4275 τετέλεκεν
3573 4219 3798 4274 ἀπιοῦσα

2237 4333 2296 4369 τε
2329 4316 2387 4378 ἐς
2428 4313 2754 4385 Ὀρεστιάδα
2785 4315 2884 4368 καὶ
2911 4313 3321 4384 Διδυμότειχον,
3357 4313 3452 4365 καὶ
3479 4312 3578 4375 τὰς
3605 4310 3794 4382 μεταξῦ

2239 4407 2337 4474 τῆς
2365 4405 2658 4476 φιλαρχίας
2685 4405 2796 4459 τῶν
2819 4405 3026 4460 παίδων
3055 4405 3236 4475 ἔριδας
3267 4407 3598 4474 ἐπειγομένη
3631 4403 3797 4472 κοιμί-

2244 4513 2357 4560 σαι,
2392 4499 2522 4568 πρὶν
2553 4498 2633 4560 είς
2665 4497 2918 4566 αἱμάτων
2948 4496 3131 4567 χύσεις
3178 4500 3238 4554 τὸ
3284 4499 3406 4550 κατ’
3433 4498 3680 4569 ἀλλήλων
3712 4499 3795 4549 ὲκ-

544 4587 707 4658 6ἧναι
737 4587 1086 4659 μαινόμενον·
1119 4588 1214 4642 καὶ
1244 4588 1432 4658 τρίτον
1461 4588 1655 4650 ὁποίας
1683 4587 1780 4640 καὶ
1803 4586 1928 4639 καθ’
1961 4587 2118 4656 ἡμῶν
2155 4588 2256 4654 τὰς
2287 4591 2517 4661 μελέτας
2539 4593 2568 4646 ὁ
2593 4590 2702 4646 τῶν
2763 4591 3012 4646 διωκτῶν
3077 4592 3360 4662 ἱστουργεῖ
3385 4593 3479 4646 καὶ
3505 4591 3797 4662 συρῤἀπτει

499 4699 508 4702 ·
546 4684 758 4744 θίασος.

614 4739 898 4832 Xlll.ll.ec
953 4791 1078 4838 cum
1119 4739 1325 4844 optime
1369 4787 1430 4828 se
1458 4772 1698 4828 habeant
1731 4775 1954 4845 obloqui
2006 4775 2126 4840 tibi,

2315 4775 2418 4832 ll".
2463 4777 2592 4846 Ἐμὲ
2631 4775 2678 4831 δ’
2712 4772 2772 4830 εὖ
2803 4793 2884 4830 σοι
2909 4775 3146 4844 λέγοντι,
3177 4775 3296 4830 θεία
3341 4794 3432 4846 μοι
3465 4776 3694 4846 κεφαλὴ,
3719 4777 3801 4828 ἀνι

542 4868 627 4924 vir
681 4869 887 4933 divine,
949 4867 1102 4934 nolo,
1151 4867 1265 4921 imo
1307 4879 1533 4936 prorsus
1595 4865 1696 4920 tibi
1743 4866 2016 4936 obsequar
2069 4877 2126 4922 et

541 4959 702 5016 initio
731 4960 954 5030 quidem
991 4961 1038 5014 si
1075 4974 1186 5013 non
1239 4957 1454 5028 singula
1493 4957 1677 5013 omnia
1727 4973 1854 5029 quas
1904 4959 2124 5016 interim

539 5064 662 5110 acta
713 5063 859 5118 sunt,
918 5061 1100 5108 tamen
1153 5064 1276 5120 quae
1323 5059 1752 5106 commemorato
1807 5051 2126 5122 dignissima

545 5157 676 5200 sunt
707 5145 803 5198 tibi
837 5159 1133 5213 exponam.

621 5236 756 5292 ιιιν.
795 5237 1128 5292 Venetorum
1161 5233 1352 5291 classis
1380 5233 1695 5306 praefectus,
1729 5233 1971 5292 incertus
1994 5236 2130 5307 quid

547 5328 758 5382 taceret
789 5343 914 5382 cum
965 5337 1164 5398 praeter
1199 5342 1420 5384 omnem
1455 5327 1774 5397 opinionem
1819 5330 1932 5400 jam
1985 5329 2129 5386 facta

533 5435 734 5490 -pugna
765 5420 940 5474 navali
971 5421 1294 5476 Genuenses
1322 5419 1646 5476 oﬂ‘endisset
1673 5421 1730 5476 in
1756 5423 2018 5480 societate
2043 5424 2133 5478 Bi-

555 5513 850 5585 lltyltOrum
879 5513 1036 5570 ducis
1066 5513 1322 5586 Hyrcani,
1355 5515 1446 5570 cui
1474 5529 1597 5568 cum
1629 5529 1900 5569 summam
1938 5516 2005 5572 ad
2034 5515 2135 5570 de-

562 5606 926 5674 sperationem
963 5607 1118 5680 145
1154 5607 1372 5663 adducti
1409 5616 1613 5675 essent,
1669 5607 1750 5662 illi
1807 5623 1866 5664 se
1895 5609 2135 5664 tradide-

555 5707 713 5760 rant;
757 5715 990 5768 cumque
1023 5702 1121 5757 hos
1147 5715 1338 5770 magna
1377 5715 1502 5756 cum
1545 5700 1838 5755 securitate
1888 5716 1955 5756 ex
2005 5702 2132 5756 Asia

559 5792 817 5860 "334056
877 5794 1104 5850 vidisset
1165 5793 1350 5864 copias
1407 5792 1777 5848 mercenarius
1823 5809 1944 5862 quae
2000 5792 2133 5848 satis

563 5883 766 5940 idunea-
791 5900 972 5944 essent
993 5889 1058 5944 ad
1095 5891 1282 5945 hostes
1314 5885 1736 5958 impugnandos,
1763 5887 2128 5955 repellendos,

2232 4871 2470 4939 τιλέγειν
2499 4870 2599 4939 μὲν
2629 4869 2834 4940 ἥκιστα
2870 4869 3113 4932 πάντων,
3151 4869 3438 4922 πείθεσθαι
3481 4869 3540 4921 δὲ
3575 4868 3800 4936 μάλιστα

2235 4961 2457 5014 πάντων
2489 4961 2688 5031 χρεών.
2735 4961 2844 5014 Καί
2884 4977 2968 5014 σοι
3011 4963 3151 5029 ἐρῶν
3183 4961 3416 5031 ἔρχομαι
3447 4963 3496 5013 εί
3527 4961 3599 5031 μὴ
3634 4961 3800 5014 πάντα

2233 5054 2398 5124 δὴτά
2457 5053 2664 5125 μεταξὺ
2713 5055 2835 5108 καθ’
2873 5053 3104 5120 ἕκαστοι,
3149 5055 3267 5110 ἀλλ’
3313 5051 3407 5109 οὖν
3447 5054 3712 5120 ἀπολέξας
3739 5051 3800 5103 τὰ

2237 5145 2600 5214 καιριώτερα.

2309 5236 2408 5292 lA'.
2451 5237 2512 5290 ’0
2538 5235 2650 5308 γάρ
2699 5254 2782 5290 τοι
2836 5235 2930 5290 τοῦ
2963 5237 3252 5290 Βενετικοῦ
3303 5235 3492 5290 στόλου
3537 5233 3799 5304 ναύαρχος
3829 5283 3842 5292 .

2236 5329 2418 5400 ἥκιστ’
2452 5328 2592 5399 ἔχων
2620 5329 2648 5382 ὅ
2677 5347 2731 5382 τι
2768 5327 3028 5398 πράξειεν
3055 5330 3150 5399 ἀφ’
3181 5321 3244 5382 οὗ
3287 5327 3440 5398 παρά
3472 5330 3652 5382 πᾶσαν
3691 5325 3797 5378 ἐνέ-

2241 5439 2370 5492 τυχε
2403 5421 2734 5494 προσδοκίαν
2767 5421 2870 5491 ’ήδη
2907 5422 3045 5490 μετᾶ
3071 5423 3169 5492 τὴν
3200 5419 3514 5490 ναυμαχίαν
3547 5423 3659 5482 τοῖς
3681 5418 3800 5469 Γεν-

2237 5515 2482 5576 νουῒταις
2530 5512 2610 5584 τῷ
2669 5513 2780 5566 τῶν
2831 5511 3074 5566 Βιθυνῶν
3129 5512 3518 5582 σπεισαμένοις
3579 5507 3796 5581 ἡγεμόνι

2239 5602 2470 5674 Περσῶν
2510 5601 2786 5672 Ὑρκανῷ,
2840 5601 2976 5670 πρὸς
3010 5601 3178 5672 μόνην
3223 5601 3454 5670 ταυτηνὶ
3492 5595 3796 5652 τελευταίαν

2236 5695 2296 5758 ἐξ
2325 5691 2692 5761 ἀπογνώσεως
2713 5693 2996 5764 ἐληλυθόσι
3021 5692 3345 5762 καταφυγὴν
3367 5691 3644 5761 πολεμίοις
3665 5689 3793 5741 πάνυ

2239 5807 2289 5840 τι
2317 5786 2771 5840 δυσαντίῦλεπτον
2799 5787 2892 5839 καὶ
2921 5781 3042 5840 οἷον.
3078 5784 3573 5853 ἀνανταγώνιστον,
3615 5783 3794 5837 κάκεῖ-

2241 5883 2330 5936 θεν
2362 5881 2460 5952 ἤδη
2503 5879 2640 5950 μετά
2676 5882 2896 5950 μακρᾶς
2952 5879 3050 5950 τῆς
3103 5879 3284 5943 ἀδείας
3328 5879 3719 5950 μισθοφορικὴν
3749 5867 3800 5935 ἕξ
