4050 6602
387 463 495 528 125

1356 469 1809 533 ΒῩΖΑΝΤΙΝΕ
1828 440 2214 536 HISTORIA:
2241 475 2387 542 LIB.
2410 477 2653 543 XXVII.

3541 483 3565 548 Ῑ
3575 480 3645 544 ⁸2ὶῖ

395 583 584 646 Ἀσίας
612 582 1274 656 διοϐιὸἀζουσιδύναμιν,
1308 588 1486 659 ὁπόση
1520 588 1589 644 ἂν
1620 589 1704 661 εῖη
1742 590 1964 663 μάλισθ’

2081 592 2138 649 iis
2171 595 2550 653 omnesaditus
2592 596 3074 667 intercludendos;
3106 598 3240 655 velis
3268 600 3443 670 passis
3472 600 3653 657 Vene-

383 678 552 747 ἱκανὴ
599 681 917 748 συμμαχεῖν
949 696 1009 732 τε
1065 680 1159 731 καὶ
1229 680 1510 752 πόρρωθεν
1554 682 1965 752 ἀποκρούεσθαι

381 771 486 823 καὶ
510 769 801 825 ἀνασοϐεῖν
832 771 1108 840 πολεμίων
1146 772 1409 826 ἁπάντων
1451 772 1664 842 ἔφοδον,
1700 775 1967 845 πλήρεσιν

383 863 704 917 ἀπέπλευσε
747 866 858 928 τοῖς
893 865 1089 929 ίστίοις
1127 866 1186 929 ἐς
1237 866 1515 930 Βενετίαν,
1560 866 1969 936 ἐπαγγειλάμε-

384 969 483 1018 νος
540 953 684 1025 μετά
737 954 985 1018 πλείονος
1036 954 1330 1026 ἐπανήξειν
1369 955 1467 1025 ὀψὲ
1516 955 1618 1023 τῆς
1660 955 1964 1025 δυνάμεως.

382 1046 699 1100 Κατέλειπε
744 1045 791 1100 δ’
821 1047 971 1116 ὅμως
1019 1046 1297 1118 συνθήκας
1350 1049 1464 1111 τοῖς
1504 1047 1844 1110 Γεννουῖταις
1873 1048 1966 1102 τὸν

385 1139 622 1209 βασιλέα
671 1141 851 1193 ποιεῖν
908 1139 1202 1212 καιρικὰς,
1254 1140 1359 1204 ἕως
1413 1142 1482 1195 ἀν
1534 1140 1821 1211 ἑκατέροις
1850 1143 1964 1205 τοῖς

388 1235 590 1304 μέρεσι
640 1232 1081 1288 διαναπαύσασιν
1132 1234 1396 1299 ἑαυτοὺς,
1439 1234 1548 1288 ’καὶ
1600 1234 1963 1306 διαρκέστερα

384 1323 716 1395 τάπιτήδεια
744 1324 1254 1397 είσκομισαμένοις,
1289 1325 1692 1396 ἀνδρικώτερον
1722 1325 1860 1397 πρὸς
1880 1326 1972 1379 τὸν

383 1417 593 1488 ἑφεξῆς
627 1418 879 1489 ἀπαντᾷν
941 1419 1316 1488 προσγένηται
1375 1419 1634 1487 πόλεμον.
1691 1418 1974 1472 Ἐνταυθοῖ

382 1513 447 1566 δέ
478 1530 569 1583 μοι
597 1511 883 1582 γενομένῳ
912 1511 1007 1565 τοῦ
1036 1512 1197 1579 λόγου
1224 1511 1405 1582 ἥκιστ’
1429 1510 1588 1565 εὔοδα
1627 1511 1693 1563 τὰ
1726 1509 1855 1580 ἑξῆς
1881 1510 1968 1581 εῖη

383 1603 479 1666 ἂν,
516 1604 827 1676 βουλομένῳ
857 1604 999 1659 κατά
1039 1621 1103 1672 γε
1149 1605 1248 1676 τὴν
1281 1605 1381 1676 σὴν
1418 1604 1511 1657 τὸν
1539 1604 1699 1671 λόγον
1745 1603 1970 1657 συστέλ-

383 1695 508 1750 λειν
534 1698 590 1761 ἐς
614 1699 675 1751 τὸ
712 1697 1052 1769 βραχύτερον
1079 1696 1356 1767 βούλησιν.
1399 1696 1466 1751 Εἰ
1501 1695 1576 1767 μὴ
1612 1696 1721 1765 γὰρ
1754 1694 1966 1750 ἀνωθεν

2075 685 2206 740 tiam
2233 688 2576 758 renavigavit
2622 704 2747 743 cum
2779 688 3032 758 pluribus
3073 691 3275 761 opibus
3316 706 3437 746 mox
3470 708 3527 747 se
3560 707 3654 746 re-

2028 812 2031 815 .
2073 792 2366 833 versurum
2398 794 2519 835 esse
2550 780 2849 850 pollicitus.
2890 782 3147 838 Permisit
3195 798 3416 853 quoque
3450 783 3562 852 regi
3595 789 3658 837 ut

2077 870 2132 923 in
2192 878 2441 940 tempore
2490 885 2614 927 cum
2660 869 3043 927 Genuensibns
3095 872 3246 943 pacis
3312 874 3657 930 conditiones

2072 961 2263 1027 iniret,
2309 963 2485 1019 donec
2516 974 2761 1034 ulra‘que
2791 975 2977 1034 partes
3009 980 3069 1019 se
3118 966 3440 1021 refecissem
3468 976 3524 1021 et
3553 982 3654 1021 ne-

2069 1054 2326 1110 cessariis
2373 1054 2710 1111 sufficienter
2769 1055 3053 1111 instructae
3092 1058 3395 1114 animosius
3445 1058 3653 1112 bellum

2052 1146 2445 1217 “redintegrare
2474 1156 2716 1217 possent.
2749 1147 2843 1203 llis
2883 1148 2955 1203 ita
2979 1149 3243 1217 expositis
3275 1158 3335 1202 ut
3374 1149 3651 1205 voluntati

2068 1246 2176 1293 tuae
2208 1240 2481 1310 reliquam
2514 1242 2884 1296 narrationem
2918 1242 3109 1309 paucis
3144 1241 3467 1296 absolvendi
3493 1242 3656 1297 obse-

2073 1331 2169 1399 qui
2203 1330 2335 1384 mihi
2385 1330 2549 1386 liceat
2584 1346 2796 1397 vereor,
2832 1345 2959 1385 cum
3026 1330 3132 1385 nisi
3184 1344 3349 1399 supra
3400 1329 3661 1386 indicatis

2071 1421 2316 1476 rationes
2365 1422 2760 1493 subsequentis
2850 1423 3192 1478 narrationis
3246 1422 3448 1476 additae
3505 1432 3656 1488 sunt,

2070 1511 2210 1566 nihil
2242 1511 2472 1567 fortasse
2499 1513 2758 1582 cuiquam
2790 1522 3042 1583 apertum
3066 1532 3069 1537 ⁴
3091 1513 3205 1574 ﬁat,
3241 1511 3347 1566 nisi
3380 1512 3525 1581 quod
3554 1527 3660 1582 ego

2068 1603 2337 1673 suppetiis
2367 1619 2604 1674 egerem,
2624 1605 2827 1676 quippe
2856 1604 2949 1675 qui
2975 1603 3356 1675 imperfectam
3391 1604 3662 1659 narratio~

2067 1709 2195 1748 nem
2230 1693 2546 1752 redderem.

382 1792 693 1863 ἡργμένοις
723 1795 823 1857 τὰς
852 1793 964 1846 τῶν
992 1791 1411 1865 λεχθησομένων
1463 1790 1645 1854 αίτίας
1715 1788 2064 1860 προστιθέναι
2090 1786 2295 1857 γένοιθ’
2359 1790 2516 1859 ἡμῖν,
2581 1790 2683 1845 οὐκ
2722 1788 2789 1844 ἄν
2857 1806 2985 1844 ποτε
3016 1791 3231 1860 γένοιτο
3256 1792 3539 1863 γνώριμον
3564 1790 3660 1844 οὐ-

381 1887 513 1940 δέσι
544 1886 652 1939 τῶν
684 1884 992 1939 ἀκουόντων
1020 1884 1194 1951 οὐδὲν,
1230 1884 1369 1956 πλὴν
1419 1884 1503 1937 ὃτι
1552 1884 1853 1955 ἀμεινόνων
1906 1898 1973 1951 γε
2008 1881 2119 1934 τῶν
2181 1883 2449 1969 ἀποριῶν,
2493 1883 2734 1956 ἐσόμεθα
2782 1883 3057 1956 πρόξενοι,
3092 1885 3362 1957 ήμίεργόν
3408 1901 3529 1939 τινα
3561 1870 3660 1938 και

382 1979 631 2051 ἡμιτελῆ
660 1982 727 2050 τῇ
767 1979 1024 2050 διηγήσει
1055 1979 1152 2049 τὴν
1177 1978 1281 2048 τῆς
1314 1977 1565 2047 γλώττης
1597 1976 1970 2046 παρεχόμενοι
2009 1975 2226 2046 χρείαν.
3054 1984 3061 1990 ’

461 2073 569 2130 ιε’.
604 2074 939 2144 Ἐϐουλόμην
1001 2091 1060 2127 σε
1105 2074 1307 2144 ἔγωγε,
1359 2073 1491 2129 καλὲ
1549 2073 1924 2143 Ἀγαθάγγελε
1957 2115 1972 2139 ,

2150 2071 2264 2130 XV.
2299 2072 2589 2144 Equidem,
2640 2073 2966 2132 cltarissime
3013 2075 3089 2130 mi
3142 2073 3548 2146 Agathangele.
3603 2082 3659 2130 te

382 2167 540 2222 πάνυ
574 2184 627 2220 τι
662 2166 917 2221 πλεῖστον
940 2167 1066 2238 ιμολ
1108 2169 1349 2221 συνεῖναι
1396 2167 1487 2220 τὸν
1517 2167 1709 2238 χρόνον
1736 2155 1834 2221 καῖ’
1855 2168 1980 2236 ὁμι-

379 2261 507 2315 λεῖν
533 2261 806 2324 ἐνταυθοῖ,
831 2259 928 2313 καὶ
954 2258 1171 2331 μακρὰν
1201 2260 1332 2327 παρ’
1366 2260 1645 2335 ἑκατέρων
1680 2257 1980 2329 ἑκατέρους

382 2349 646 2405 ἐντεῦθεν
674 2350 821 2419 ἡμᾶς
869 2353 971 2415 τὴν
1005 2346 1354 2418 παραμυθίαν
1389 2345 1528 2417 μετᾶ
1577 2345 1671 2398 τοῦ
1701 2344 1978 2416 ὠφελίμου

384 2438 765 2512 καρποῦσθαι,
829 2438 1022 2510 χρείας
1055 2438 1250 2509 χρείαν
1311 2436 1678 2499 ἀντιδιδόντας
1711 2436 1980 2506 ἀλλήλους

383 2532 648 2602 ἀλλήλοις
693 2535 791 2588 καὶ
836 2531 906 2585 αὖ
944 2533 1075 2604 παρ’
1118 2530 1364 2602 ἀλλήλων
1406 2529 1676 2598 ἀλλήλους
1711 2529 1978 2597 ἀντιλαμ-

386 2622 665 2686 ϐάνοντας
717 2624 793 2686 ὡς
852 2624 1023 2689 είκδς,
1083 2612 1280 2693 μέχρις
1333 2623 1497 2685 ἂν,εί
1527 2621 1622 2675 καὶ
1654 2622 1788 2691 ήμῖν
1827 2619 1978 2688 ἐξείη

387 2717 497 2789 ζῇν
522 2758 538 2784 ,
586 2717 616 2770 δ
644 2718 745 2788 τῆς
776 2717 994 2790 αἰθρίας
1034 2715 1320 2787 ἐπιλάμψῃ
1356 2715 1570 2786 καιρὸς,
1612 2716 1702 2767 καὶ
1730 2714 1805 2785 δῷ
1837 2714 1981 2785 παῤ-

394 2806 600 2879 ρησίαν
632 2809 699 2880 τῇ
721 2806 939 2879 γλώττῃ
973 2806 1069 2874 ξύν
1105 2823 1169 2875 γε
1195 2805 1338 2875 Θεῷ,
1367 2808 1461 2858 καὶ
1508 2805 1636 2877 δοθῇ
1693 2823 1785 2876 μοι
1821 2804 1980 2873 λόγος

388 2901 541 2955 κατά
571 2900 664 2955 τὸν
696 2901 840 2955 θεῖον
896 2901 1200 2954 ἀπόστολον
1232 2900 1292 2952 ὲν
1324 2899 1525 2964 ἀνοίξει
1575 2898 1670 2953 τοῦ
1707 2899 1978 2968 στόματός

396 3005 504 3058 μου
538 2989 824 3060 παρρησίᾳ
857 2987 1119 3058 γνωρίσαι
1165 2988 1227 3041 τὸ
1275 2988 1577 3059 μυστήριον
1609 2987 1705 3040 τοῦ
1733 2989 1979 3056 E6377:-

389 3080 516 3136 ὶίου
575 3082 717 3151 ὑπὲρ
771 3080 831 3135 οὗ
864 3081 1153 3152 πρεσϐεύω
1210 3082 1269 3134 ἐν
1306 3081 1551 3151 δεσμοῖς,
1606 3080 1692 3133 ῖνα
1725 3081 1783 3133 ὲν
1824 3082 1975 3151 αύτῷ

390 3173 764 3246 παῤῥησιάσω
794 3174 868 3238 ώς
897 3174 979 3228 δεῖ
1005 3191 1075 3245 με
1105 3173 1360 3243 λαλῆσαι.
1399 3175 1555 3228 Ἐπεὶ
1576 3173 1622 3228 δ’
1644 3173 1976 3229 ἀλλοτ⁹ᾰλλα

388 3268 498 3331 ’τὰς
536 3267 679 3339 ὲμάς
705 3266 923 3338 νύκτωρ
958 3268 1055 3322 καὶ
1090 3265 1214 3337 μεθ’
1252 3267 1473 3337 ἡμέραν
1518 3268 1699 3338 σμήνη
1728 3267 1974 3321 διωκτῶν

393 3357 863 3430 περιστοιχίζουσι
914 3355 1107 3428 θύρας,
1138 3357 1326 3427 θηρῶν
1351 3356 1726 3428 χαλεπώτεροι
1752 3360 1972 3411 πάντων

2089 2165 2358 2236 temporis
2403 2167 2706 2237 plurimum
2762 2167 2955 2224 adesse
3009 2167 3145 2223 mihi
3197 2167 3392 2223 vellem
3456 2168 3660 2237 hicque

2080 2273 2294 2314 mecum
2328 2258 2692 2324 confabulari,
2750 2259 2823 2313 ita
2872 2268 2933 2314 ιιι
2967 2268 3200 2329 uterque
3232 2270 3480 2315 nostrum
3513 2259 3662 2315 sola-

2086 2351 2219 2405 tium
2254 2366 2472 2421 unaque
2512 2351 2801 2407 utilitatem
2837 2359 3059 2420 caperet
3087 2350 3322 2405 invicem
3349 2364 3450 2405 nos
3481 2358 3539 2403 ut
3562 2365 3661 2420 par

2082 2453 2168 2500 est
2218 2443 2567 2498 sermonibus
2612 2441 2935 2498 delectando
2973 2449 3026 2495 et
3079 2440 3430 2511 adiuvando,
3479 2441 3659 2497 donec

2081 2534 2386 2605 quietiores
2437 2532 2557 2587 dies
2615 2547 2812 2602 capere
2865 2541 2941 2598 et,
2974 2532 3085 2587 Deo
3111 2532 3428 2602 adiuvante,
3460 2531 3661 2600 lingua:

2082 2625 2340 2679 fiduciam
2399 2623 2649 2694 recipere
2709 2621 2868 2677 nobis
2917 2621 3123 2687 liceat,
3183 2621 3431 2690 mihique
3474 2633 3663 2674 sermo

2079 2717 2240 2772 datus
2260 2714 2422 2789 146
2445 2717 2535 2782 sit,
2565 2726 2625 2771 ut
2654 2723 2877 2771 sanctus
2892 2714 3189 2785 Apostolus
3206 2713 3341 2769 dicit
3364 2713 3405 2777 ⁸,
3428 2712 3662 2783 ἱιιζοιιοι-

2081 2812 2231 2867 tione
2263 2810 2379 2865 oris
2417 2809 2524 2865 mei
2555 2824 2678 2864 cum
2735 2807 2954 2873 fiducia,
3017 2817 3209 2861 notum
3237 2805 3420 2862 facere
3456 2811 3658 2874 myste-

2080 2906 2220 2958 rium
2262 2901 2564 2974 Evangelii,
2594 2915 2695 2969 pro
2725 2914 2837 2971 quo
2881 2898 3156 2970 legatione
3211 2897 3408 2968 fungor
3462 2896 3516 2949 in
3563 2908 3658 2948 ca-

2082 3005 2226 3059 tena,
2264 2994 2337 3049 ita
2384 3002 2445 3048 ut
2479 2994 2534 3048 in
2588 2993 2708 3062 ipso
2741 2992 2971 3046 audeam
3011 2997 3175 3062 prout
3221 2997 3439 3057 oportet
3467 2986 3663 3041 melo-

2080 3087 2198 3157 qui.
2277 3086 2383 3142 Sed
2433 3087 2697 3157 quoniam
2742 3085 3006 3141 continuo
3036 3090 3455 3155 persecuturum
3488 3079 3664 3134 turba:

2081 3183 2229 3239 fares
2256 3183 2698 3247 circumsistunt,
2736 3183 2811 3237 ita
2841 3190 2901 3236 ut
2937 3195 3121 3250 neque
3151 3179 3325 3233 libere
3358 3176 3545 3248 lingua
3575 3179 3660 3230 uti

2080 3287 2258 3345 neque
2288 3273 2589 3344 quidquam
2632 3284 2834 3342 prteter
2862 3271 3155 3341 strepitum
3204 3267 3494 3338 percipere
3535 3279 3664 3335 pos-

2079 3366 2277 3430 simus,
2312 3365 2456 3420 hanc
2502 3372 2750 3418 nostram
2799 3361 3098 3417 solitudine
3124 3379 3153 3412 ιι
3203 3358 3460 3429 quamvis
3503 3356 3656 3410 omni

394 3454 599 3517 είπείν,
657 3450 736 3513 ὡς
785 3449 1023 3512 δεδιότας
1091 3447 1215 3519 μηδ’
1251 3449 1402 3518 ἔχειν
1441 3448 1588 3517 ἡμᾶς
1621 3449 1757 3518 μήτε
1790 3449 1975 3519 φωνὴν

2081 3457 2305 3512 omnino
2334 3454 2529 3511 solatio
2560 3455 2733 3509 instar
2767 3451 3160 3507 defunctorum
3183 3450 3236 3504 in
3268 3447 3507 3502 Tartaro:
3529 3444 3650 3515 pri—

393 3543 532 3613 γοῦν
560 3542 856 3610 ἐλευθέραν
882 3538 1217 3613 χαρίσασθαι
1250 3542 1390 3612 μήτε
1417 3541 1476 3592 σέ
1516 3542 1567 3609 γ’
1596 3541 1721 3610 ἐμοὶ
1749 3541 1875 3613 μήτ’
1900 3540 1969 3594 αὖ

392 3636 708 3688 τοῦναντέον
739 3633 822 3687 σοί
855 3650 916 3701 γε
945 3631 1068 3703 ἐμὲ,
1100 3633 1243 3704 πλὴν
1279 3633 1311 3704 ἦ
1351 3632 1498 3700 μάλα
1530 3632 1685 3702 μόλις
1713 3633 1973 3704 τονθορύ-

396 3729 595 3793 ζοντας
627 3728 890 3795 ἑκάτερον
924 3726 1191 3796 ἐκατέρου
1218 3724 1463 3788 ἀκούειν,
1517 3727 1771 3795 στέργειν
1801 3725 1846 3778 δ’
1878 3725 1971 3779 οὖν

393 3821 544 3884 τέως
571 3818 785 3890 ἀνάγκη
817 3820 884 3888 τῇ
917 3817 1399 3889 καταψηφισθείσῃ
1445 3817 1676 3886 μονώσει
1716 3817 1973 3886 καθάπαξ

398 3910 632 3968 ἀπασῶν
662 3913 720 3964 ὲν
750 3908 1009 3979 στερήσει
1042 3908 1392 3979 καθημένους
1420 3908 1781 3979 ἀνθρωπίνων
1806 3927 1976 3978 προσ.

399 4006 639 4077 ρήσεων,
670 4002 1072 4073 παραπλησίως
1127 4001 1304 4053 εἰπεῖν
1343 4001 1456 4057 τοῖς
1496 4000 1729 4064 αἰωνίως
1764 4002 1821 4053 ὲν
1843 4000 1973 4072 ᾅδου

401 4098 470 4170 [ί.
508 4098 607 4152 150
657 4096 709 4168 b]
757 4094 1145 4150 καθεύδουσινο
1207 4094 1357 4163 ὅμως
1414 4092 1562 4163 αὐτῷ
1598 4092 1977 4165 θαρρήσαντες

401 4190 505 4261 ήδη
532 4188 613 4257 τῷ
659 4189 807 4258 μόνῳ
851 4187 994 4257 Θεῷ,
1036 4187 1179 4258 ὑπὲρ
1213 4186 1272 4239 οὗ
1306 4186 1402 4240 καὶ
1426 4188 1670 4239 τουτοισὶ⁵
1703 4187 1975 4256 ἐγκαρτε-

404 4283 608 4352 ροῧμεν
635 4283 749 4341 τοῖς
778 4281 985 4345 ἄθλοις,
1012 4281 1144 4350 φέρε
1189 4280 1304 4342 δέος
1338 4278 1484 4333 ana»
1514 4278 1801 4350 κονιορτοῦ
1823 4278 1978 4346 δίκην

404 4372 879 4449 ἀτοτριψιῖρμεθα·
914 4374 1010 4427 καὶ
1058 4375 1208 4442 τρεῖς
1238 4372 1427 4425 λοιπὸν
1452 4371 1561 4425 τῶν
1607 4371 1835 4443 ἡμερῶν
1884 4373 1982 4424 καὶ

402 4464 695 4532 τέτταρας,
724 4465 771 4514 εί
792 4463 926 4528 ξέοι,
959 4461 1024 4514 σύ
1057 4478 1120 4529 γε
1146 4462 1323 4533 δήπου
1348 4458 1672 4530 περιμείνας
1702 4460 1978 4526 ἐνταυθοῖ,

405 4552 757 4624 μακροτέραν
788 4567 848 4604 τε
906 4552 1003 4604 καὶ
1039 4550 1164 4603 ὅσον
1221 4551 1443 4618 ἐφικτὸν
1497 4548 1722 4602 ἀνενδεᾶ
1751 4549 1851 4620 τὴν
1881 4550 1980 4619 τῆς

404 4645 741 4715 ἀφηγήσεως
768 4640 1047 4713 τράπεζαν
1075 4642 1213 4712 ἡμῖν
1261 4640 1492 4710 ταυτηνὶ
1530 4639 1837 4710 παρατίθει.
1869 4640 1981 4693 Καὶ

403 4738 518 4791 τῶν
549 4734 750 4806 ὀρνέων
769 4737 877 4804 γὰρ
902 4734 1027 4796 τοὺς
1057 4733 1286 4796 κύκνους
1316 4733 1447 4802 φασὶ
1486 4733 1586 4803 τῆς
1626 4731 1776 4800 σφῶν
1804 4731 1981 4783 αὐτῶν

376 4812 764 4898 ⁴αἰσθομένους
786 4826 886 4898 ήδη
916 4826 1197 4895 τελευτῆς,
1232 4825 1574 4895 μακρότερόν
1618 4841 1671 4878 τι
1703 4825 1799 4878 καὶ
1828 4823 1982 4891 λιγυ-

410 4921 652 4993 ρώτερον
682 4919 985 4990 τηνικαῦτα
1017 4918 1223 4988 μᾶλλον
1249 4918 1281 4985 ἧ
1330 4917 1471 4971 κατὰ
1503 4917 1680 4971 πάντα
1703 4915 1850 4988 ᾅδειν
1885 4917 1983 4970 τὸν

409 5011 547 5080 βίον.
599 5009 751 5063 Ἐπεὶ
797 5007 889 5063 οὖν
936 5010 1031 5064 καὶ
1072 5009 1208 5078 ἡμῖν
1246 5010 1373 5078 περὶ
1401 4996 1842 5081 τοὺςξὲσχάτους
1877 5008 1981 5079 ήδη

408 5098 685 5162 κινδύνους
718 5097 1068 5167 σκηνοὸατείν
1097 5098 1479 5167 περιέστηκεν,
1511 5098 1588 5159 ώς
1630 5097 1981 5167 εἰρήκειμεν,

408 5191 512 5244 οὐκ
534 5191 598 5246 ἄν
620 5210 721 5247 που
756 5193 867 5245 τῶν
896 5191 1203 5246 ἀπεικότων
1259 5191 1342 5260 εἴη
1401 5191 1761 5260 μακροτέροις
1793 5191 1984 5261 διηγή-

413 5299 551 5349 μασι
610 5284 957 5353 μακροτέραν
1010 5282 1361 5345 ὲκτείναντας
1420 5281 1592 5351 ἀκοὴν
1637 5282 1983 5347 τελευταίοις

409 5372 823 5442 ἀφοσιώσασθαι
884 5374 1218 5443 ἀσπασμοῖς.
1288 5372 1490 5442 "Apro;
1534 5371 1578 5424 δ’
1612 5364 1749 5443 ἡμῖν
1795 5373 1824 5426 ὁ
1854 5390 1987 5426 κατ-

411 5463 696 5535 εσκληκώς
718 5467 931 5519 οὑτοσὶν
960 5469 1038 5531 εἰς
1091 5466 1300 5537 τροφὴν
1327 5465 1657 5536 ἀποχρήσει,
1693 5467 1789 5520 καὶ
1821 5467 1851 5520 δ
1890 5465 1987 5520 νῦν

410 5555 821 5623 εἰσκεκομίκεις
858 5555 1021 5616 αὐτὸς
1070 5555 1129 5621 ἐξ
1161 5553 1378 5607 ἐκείνου
1434 5553 1528 5607 τοῦ
1557 5556 1796 5626 φρέατος
1821 5553 1986 5625 tam?

407 5644 496 5707 εἰς
524 5646 703 5700 πόσιν.
738 5646 956 5717 Τροφῆς
983 5645 1084 5716 μὲν
1117 5645 1182 5717 δὴ
1214 5645 1307 5698 καὶ
1334 5646 1570 5711 πόσεως,
1608 5645 1728 5699 θεία
1763 5663 1855 5715 μοι
1889 5663 1986 5699 κε-

410 5738 584 5811 φαλὴ,
617 5741 761 5792 πάνυ
796 5756 847 5792 τι
900 5738 1184 5808 ἐλαχίστου
1214 5738 1246 5810 ἢ
1278 5739 1486 5809 μᾶλλον
1510 5737 1605 5793 τοῦ
1638 5738 1869 5810 μηδενὸς
1916 5738 1983 5793 ἀν

414 5849 507 5901 μοι
529 5831 748 5902 δεήσειν
769 5826 920 5900 οἶμαι
942 5832 1011 5885 τὰ
1035 5831 1153 5895 νῦν,
1173 5832 1270 5904 τῆς
1304 5831 1405 5902 σῆς
1430 5830 1648 5903 ὁμιλίας
1675 5830 1750 5894 ώς
1773 5832 1981 5884 ἐπίπαν

410 5927 587 5978 εἰπεῖν
636 5923 968 5995 ἀποχρώσης
1027 5928 1171 5998 ἐμοὶ,

523 6020 539 6051 ¹
575 6020 988 6091 Ephesi/1,19.

2085 3550 2195 3605 vati
2229 3549 2426 3612 simus,
2466 3562 2625 3617 aequo
2656 3545 2842 3601 animo
2875 3543 3116 3599 feramus
3150 3555 3249 3596 nos
3280 3546 3667 3608 oportet,una-

2082 3657 2191 3713 que
2224 3640 2562 3697 confidentes
2583 3639 2746 3695 unico
2780 3637 2892 3692 Deo
2927 3646 3149 3707 propter
3172 3649 3333 3705 quem
3363 3630 3667 3687 certamina

2081 3734 2299 3789 fortiter
2330 3732 2696 3801 suscepimus,
2734 3745 2833 3800 age
2882 3742 2985 3783 nos
3030 3726 3178 3782 omni
3212 3735 3362 3780 metu
3407 3733 3666 3793 tanquam
3756 3747 3771 3761 ο

2086 3825 2206 3881 luto
2236 3840 2553 3896 purgemus.
2607 3822 2690 3877 Tu
2726 3836 2858 3877 vero
2900 3828 3013 3875 tres
3037 3819 3122 3874 vel
3161 3817 3206 3874 si
3236 3832 3378 3886 opus
3409 3826 3497 3871 est
3530 3830 3671 3885 qua-

2083 3917 2207 3972 luor
2257 3916 2377 3971 dies
2428 3915 2518 3968 hic
2566 3913 2709 3984 apud
2749 3927 2834 3968 me
2881 3925 3129 3974 remane,
3168 3918 3225 3965 et
3272 3907 3578 3979 pleniorem
3612 3914 3671 3960 et

2086 4022 2353 4079 quan'um
2384 4006 2495 4061 fieri
2535 4017 2712 4076 potest
2743 4015 2829 4060 sat
2863 4004 3131 4074 integram
3163 3999 3297 4055 mihi
3345 3999 3431 4054 fac
3471 4013 3666 4053 narra-

2088 4107 2315 4156 t‘onem.
2359 4098 2480 4154 Scis
2510 4099 2657 4152 cnim
2687 4114 2718 4151 e
2746 4095 3032 4150 volucrum
3080 4106 3279 4162 genere
3308 4104 3509 4163 cycnos
3532 4089 3666 4143 dum

2084 4193 2209 4246 vitae
2244 4192 2405 4245 linem
2445 4189 2634 4242 adesse
2687 4186 2949 4250 sentiant,
3006 4192 3233 4237 cantum
3274 4182 3574 4251 pleniorem
3608 4186 3668 4234 et

2090 4281 2392 4336 acutiorem
2420 4277 2585 4333 edere
2622 4290 2787 4345 quam
2821 4274 2979 4329 alias.
3035 4271 3201 4342 Atqui
3234 4286 3357 4325 cunt
3392 4284 3494 4324 nos
3527 4282 3668 4338 quo—

2094 4388 2201 4443 que
2237 4380 2297 4426 ut
2328 4370 2570 4424 diximus
2602 4366 2812 4422 ultimis
2832 4367 2943 4438 jam
2977 4366 3031 4421 in
3074 4365 3205 4419 vitm
3252 4362 3510 4433 periculis
3544 4376 3671 4415 ver-

2093 4478 2303 4527 semur,
2364 4460 2590 4515 minime
2639 4473 2770 4512 sane
2821 4459 3069 4527 ineptum
3128 4455 3271 4510 foret
3329 4453 3671 4522 longioribus

2096 4554 2253 4625 147
2286 4552 2635 4606 sermonibus
2664 4565 2829 4604 aures
2862 4549 3081 4619 longius
3135 4557 3351 4617 tempus
3401 4544 3666 4615 erigendo

2083 4646 2362 4717 supremis
2421 4643 2725 4705 honoribus
2792 4656 2893 4696 nos
2943 4639 3196 4710 obsequi.
3254 4638 3409 4704 Quod
3470 4637 3538 4691 ad
3584 4635 3670 4690 vi-

2089 4748 2237 4794 ctum
2269 4736 2485 4804 attinet,
2526 4736 2681 4805 panis
2721 4734 2810 4789 hic
2850 4737 2958 4804 iam
2993 4732 3189 4787 adesus
3219 4740 3275 4785 et
3300 4746 3461 4800 aqua,
3504 4744 3668 4799 quam

2087 4830 2249 4887 modo
2304 4808 2417 4899 ipse
2447 4843 2477 4882 e
2512 4838 2678 4898 puteo
2728 4824 2983 4887 hausisti,
3030 4822 3189 4877 nobis
3214 4820 3668 4891 suppeditabunt.

2090 4921 2203 4991 Ego
2263 4934 2427 4985 vero,
2460 4921 2545 4973 vir
2602 4916 2808 4981 divine,
2838 4928 3031 4983 panem
3066 4923 3123 4967 et
3160 4913 3439 4982 potionem
3510 4910 3673 4963 mini—

2090 5015 2187 5077 mi,
2219 5014 2327 5066 imo
2361 5010 2519 5064 nihili
2556 5010 2788 5074 aestimo,
2822 5007 2917 5062 sed
2947 5020 3080 5060 usus
3124 5015 3250 5059 tuus
3282 5018 3508 5074 prorsus
3536 5001 3671 5056 mihi

2093 5104 2360 5160 satisfacit
2408 5117 2603 5172 meque
2664 5111 2724 5155 ut
2754 5100 2927 5153 officia
2979 5098 3076 5152 tibi
3130 5107 3380 5166 praastetn
3416 5095 3671 5149 facillime

2086 5205 2421 5251 commovet.
2449 5194 2517 5249 Et
2554 5192 2672 5247 haec
2692 5192 2912 5263 quidem
2945 5191 3015 5244 oh
3051 5192 3189 5244 duas
3215 5187 3443 5244 furtasse
3477 5202 3671 5241 causas

2088 5287 2377 5358 quisquam
2439 5284 2595 5347 velit,
2630 5293 2725 5337 aut
2768 5284 2914 5352 quod
2973 5281 3097 5335 viva
3155 5281 3536 5347 oratio-quam
3576 5294 3643 5346 pa

2090 5377 2164 5431 rit
2189 5391 2346 5431 mens
2385 5372 2709 5429 immortaLs
2749 5370 3020 5426 firmiores
3071 5382 3127 5426 et
3166 5371 3452 5425 suaviores
3480 5383 3674 5421 aman-

2092 5468 2238 5524 tibus
2312 5466 2496 5522 reddit
2567 5473 2874 5521 amatorum
2930 5464 3304 5524 narrationes,
3344 5473 3438 5515 aut
3521 5462 3670 5530 quod

2090 5572 2318 5631 propter
2393 5559 2728 5615 desiderium
2800 5567 2955 5612 tuum
3020 5556 3376 5627 pluris,imo
3446 5555 3670 5624 plurimi

2092 5651 2267 5706 habeo
2326 5658 2504 5706 tecum
2572 5650 2835 5719 colloqui.
2887 5648 2992 5704 Sed
3047 5650 3114 5702 de
3172 5647 3300 5712 hoc,
3341 5648 3671 5702 charissime

2088 5742 2475 5812 Agathangele,
2507 5742 2617 5812 iam
2650 5740 2815 5807 satis;
2850 5754 3000 5794 nunc
3050 5739 3421 5795 narrationem
3491 5737 3671 5794 conti-

2089 5848 2221 5886 nua.

1231 5928 1323 5981 καὶ
1356 5927 1533 5997 ῥᾷστὰ
1576 5943 1642 5996 με
1712 5924 2011 5996 πειθούσης
2050 5924 2259 5997 ἔρωτας
2321 5925 2539 5996 ἐρώτων
2609 5923 2990 5991 ἀλλάττεσθαι,
3033 5924 3179 5979 δυοῖν
3223 5925 3488 5996 ὁποτέρου
3535 5921 3665 5993 βού·
