4050 6566
516 420 615 486 127

1713 426 2130 488 NICEPHORI
2165 429 2548 495 GREGORA!

3651 437 3754 504 528

511 533 658 590 λοιτό
685 551 768 601 τις
795 535 981 602 ἕνεκα,
1015 535 1116 591 εἴθ’
1149 537 1234 592 ὅτι
1265 537 1516 610 γέννημα
1582 537 1658 592 ὣν
1717 539 1746 592 ό
1803 538 1962 608 λόγος
1991 539 2262 596 ἀθάνατον
2305 543 2578 600 ἀθανάτου
2639 543 2731 600 νοῦ
2789 543 3174 616 μονιμωτέρας
3229 549 3295 619 τῇ
3361 549 3470 604 τῶν
3517 555 3762 624 ἐραστων

505 630 648 699 ἀκοῇ
707 631 1006 702 παρέχεται
1083 633 1180 688 καὶ
1237 633 1420 704 ἡδίους
1471 635 1571 698 τὰς
1621 633 1732 690 τῶν
1783 635 2081 706 ἐρωμένων
2119 638 2484 707 ἐπαγγελίας,
2541 641 2644 696 εἴθ’
2687 641 2770 696 ὅτι
2819 643 2912 697 καὶ
2961 642 3048 696 διὰ
3105 643 3197 694 τὸν
3247 645 3338 697 σδιν
3401 647 3562 700 πόθον
3633 661 3762 718 περι

508 723 755 788 πλείονος
785 727 881 778 καὶ
904 725 998 780 τοῦ
1035 727 1238 790 παντὸς
1265 725 1365 796 τὴν
1429 727 1530 798 σὴν
1581 727 1804 796 ἐφίεμαι
1845 727 2120 782 ποιεῖσθαι
2157 730 2398 802 ὁμιλίαν.
2444 735 2604 788 Ἀλλά
2631 733 2838 788 τούτων
2875 735 2972 802 μὲν
3001 736 3142 802 ἃλις,
3175 729 3222 790 ὦ
3253 733 3500 804 βέλτιστε
3549 741 3757 808 ’Δγαθ-

509 819 712 887 άγγελε
761 833 778 850 ο
816 817 880 870 σὺ
909 817 970 870 δέ
1007 819 1112 888 τῆς
1133 818 1508 890 προκειμένης
1539 819 1666 889 ἔχου
1697 818 2037 888 προθέσεως.

581 907 719 964 XVI.
773 907 1036 978 Equidem
1069 909 1216 964 unde
1249 909 1444 964 deﬂexi
1469 911 1580 978 jam
1625 919 1896 965 revertar.
1934 908 2067 964 Satis

2257 910 2374 978 ις’.
2405 914 2513 968 Καὶ
2545 913 2610 985 δὴ
2669 914 2857 968 λοιπὸν
2893 915 3186 970 ἐπανιτέον
3239 919 3438 972 ἐκεῖσε.
3481 915 3676 988 Οἶσθα,
3715 916 3758 976 ὧ

511 998 610 1052 tibi
639 1007 828 1052 notum
863 1007 966 1062 est,
999 999 1083 1053 vir
1105 1001 1334 1068 optime,
1376 1001 1570 1056 eodem
1606 999 1696 1054 die
1725 1015 1836 1070 quo
1863 999 2084 1054 turbida

507 1089 598 1142 illa
621 1090 751 1144 etin
793 1087 1032 1144 vestram
1045 1091 1252 1146 cladem
1269 1107 1300 1146 a
1317 1091 1766 1162 persecutoribus
1787 1093 2086 1147 constituta

506 1181 746 1251 synodus
778 1181 1004 1237 dimissa
1031 1196 1064 1238 e
1097 1192 1138 1250 t,
1161 1199 1192 1240 e
1225 1184 1614 1240 Thessalonica
1640 1185 2084 1242 Cantacuzcnum

506 1285 691 1340 regem
741 1273 967 1328 nuntios
1023 1273 1390 1340 tristissimos,
1445 1275 1650 1346 quique
1707 1290 1803 1345 per
1835 1275 1974 1330 dura
2027 1281 2084 1328 ut

507 1363 700 1418 dicunt
747 1381 870 1420 ossa
927 1375 1154 1422 currant
1203 1367 1502 1438 accepisse,
1561 1376 1818 1436 tanquam
1859 1367 2084 1436 primum

503 1457 803 1512 certamine
839 1457 932 1512 illo
961 1458 1124 1525 digna
1157 1474 1188 1512 a
1245 1458 1357 1513 Deo
1395 1458 1580 1530 judice
1627 1458 1754 1512 data
1785 1457 2084 1528 cpprohrio

505 1549 760 1615 nequitia:
781 1549 1226 1617 etimpudentias.
1259 1551 1406 1606 Deus
1419 1551 1568 1605 enim
1597 1550 1712 1605 haec
1729 1559 1938 1606 tantum
1969 1565 2080 1604 non

505 1635 653 1689 ciare
680 1636 840 1714 148
866 1637 1198 1701 declaravit,
1228 1647 1284 1694 et
1310 1649 1496 1708 aptum
1521 1640 1908 1696 documentum
1931 1639 2084 1694 dedit

506 1741 616 1792 quo
645 1725 814 1780 anﬁhi
861 1737 1326 1784 converterentur
1383 1729 1452 1784 ad
1503 1739 1720 1786 sanctas
1761 1731 1908 1799 leges
1959 1729 2082 1784 illas
2121 1775 2124 1780 .

505 1820 752 1882 violatas,
803 1831 864 1875 et
887 1821 964 1875 sic
997 1821 1230 1876 fortasse
1255 1822 1596 1892 poenitentiae
1621 1831 1811 1892 portas
1841 1821 2076 1890 aperuit.

487 1897 708 1966 ‘llicunt
737 1914 884 1966 enim
925 1913 1289 1984 Palzeologum
1343 1929 1466 1967 cum
1531 1913 1720 1968 uxoris
1759 1914 1988 1967 fratrum
2019 1923 2078 1969 et

501 2003 680 2056 soceri
733 2005 964 2060 insidias
997 2018 1302 2075 eorumque
1333 2006 1644 2060 animorum
1691 2004 2077 2060 commutatio-

501 2109 626 2146 nem
659 2105 994 2165 versutaque
1047 2097 1278 2152 consilia
1325 2095 1638 2168 suspicatus
1667 2104 1832 2160 esset,
1871 2111 2077 2152 memo-

501 2188 638 2240 riam
668 2187 772 2241 sibi
803 2189 1064 2242 similium
1099 2188 1418 2242 insidiarum
1453 2187 1670 2253 fecisse,
1693 2205 1814 2258 quae
1847 2188 2070 2258 quidem

2189 1001 2448 1074 βελτίστη
2503 1023 2596 1072 μοι
2651 1008 2888 1077 κεφαλὴ,
2943 1009 3090 1071 ὅπως
3147 1011 3286 1078 μετά
3337 1011 3436 1078 τὴν
3477 1014 3758 1084 μοχθηρὰν

2183 1091 2402 1163 ἐκείνην
2423 1095 2516 1148 καὶ
2544 1099 2730 1160 κακῶς
2761 1098 2872 1160 τοῖς
2903 1096 3168 1160 διώκταις
3194 1099 3608 1169 σχεδιασθεῖσαν
3635 1104 3756 1158 καθ’

2185 1186 2340 1256 ὑμῶν
2369 1190 2638 1262 λῃστικὴν
2669 1191 2892 1262 ἐκείνην
2927 1190 3148 1246 σύνοδον
3181 1185 3316 1263 ἧκον
3345 1193 3666 1264 αὐθημερὸν
3695 1198 3760 1250 ἐκ

2183 1278 2593 1348 Θεσσαλονίκης
2647 1284 2906 1352 ἀγγελίαι
2942 1283 3020 1354 τῷ
3073 1283 3286 1356 βασιλεῖ
3313 1277 3756 1358 Καντακουζηνῷ

2187 1373 2328 1426 πάνυ
2381 1391 2435 1428 τι
2482 1375 2690 1447 σφόδρα
2741 1376 2936 1442 δειναὶ,
2987 1378 3085 1432 καὶ
3117 1378 3304 1434 αὐτῶν
3333 1379 3410 1442 ὡς
3443 1380 3620 1432 εἰπεῖν
3649 1381 3755 1434 τῶν

2183 1465 2284 1533 τῆς
2311 1465 2488 1536 ψυχῆς
2519 1467 2822 1536 ἁπτόμεναι
2855 1470 3093 1538 μυελῶν,
3139 1469 3396 1539 καθάπερ
3423 1469 3638 1524 ἔπαθλα
3661 1471 3752 1524 τοῦ

2181 1552 2394 1622 ἀγῶνος
2419 1555 2630 1608 ἐκείνου
2667 1557 2980 1629 κατάλληλα
3003 1557 3098 1610 τοῦ
3125 1557 3417 1611 ἀθλοθέτου
3435 1557 3572 1612 Θεοῦ
3591 1575 3756 1630 προσ-

2180 1641 2490 1705 δεικνύντος
2539 1643 2678 1714 πρὸς
2727 1643 2953 1716 ἔλεγχον
2984 1645 3084 1715 τῆς
3111 1644 3309 1708 κακίας
3355 1647 3448 1700 καὶ
3477 1645 3752 1712 ἀναιδείας

2181 1730 2418 1802 ἐκείνης,
2434 1733 2778 1799 διδάσκοντος
2805 1737 2965 1806 μόνον
2989 1737 3050 1790 οὐ
3075 1737 3377 1809 διαρρήδην
3404 1739 3498 1794 καὶ
3523 1740 3751 1810 μετρίαν

2179 1826 2384 1895 ταύτην
2413 1828 2554 1880 κατὰ
2583 1828 2745 1890 πόδας
2767 1828 3008 1883 ἐνταῦθα
3049 1831 3302 1884 παιδείαν
3347 1831 3645 1901 ἐπάγοντος
3673 1835 3751 1896 είς

2179 1913 2517 1984 ἐπιστροφὴν
2552 1915 2663 1968 τῶν
2715 1917 2832 1969 ἐκεῖ
2864 1917 3390 1987 παρανομηθέντων,
3429 1919 3524 1971 καὶ
3578 1919 3749 1982 πύλας

2177 2006 2376 2060 οὑτωσί
2407 2025 2520 2069 πως
2557 2006 2863 2074 ἀνοίγοντος
2887 2011 3196 2078 μετανοίας.
3225 2011 3363 2064 Φασὶ
3393 2012 3501 2081 γὰρ
3522 2012 3615 2066 τὸν
3641 2013 3748 2065 Πα-

2175 2099 2472 2166 λαιολόγον,
2506 2099 2580 2161 ὡς
2621 2100 3012 2154 ὑποπτεύσειεν
3066 2103 3362 2174 ἐπιϐουλὴν
3401 2104 3527 2158 καθ’
3553 2104 3748 2158 ἐαυτοῦ

2177 2191 2312 2258 np)»;
2341 2190 2449 2244 τῶν
2483 2192 2930 2260 γυναικαδέλφων
2959 2193 3053 2244 καὶ
3077 2192 3171 2246 τοῦ
3199 2194 3463 2264 πενθεροῦ
3489 2198 3584 2248 καὶ
3607 2195 3746 2264 γνώ-

499 2291 560 2332 ιιι
601 2281 706 2334 alia
749 2280 918 2334 multa
952 2280 1232 2350 principes
1261 2289 1486 2352 repente
1515 2296 1578 2334 ac
1609 2281 1850 2351 graviter
1881 2282 2067 2350 Oppri-

2177 2257 2284 2352 μης
2315 2257 2540 2336 ἐκείνων
2577 2257 2866 2336 ἀλλοίωσιν
2905 2287 2996 2336 καὶ
3034 2285 3241 2354 τροπὴν
3295 2257 3632 2354 πολλαχόθεν
3651 2303 3748 2338 πο-

499 2383 653 2426 urant
705 2386 923 2442 unaque
971 2372 1112 2426 alios
1161 2371 1363 2426 multos
1413 2373 1508 2441 qui
1540 2375 1605 2426 ad
1653 2389 1833 2426 rerum
1869 2381 2068 2426 statqu

497 2477 746 2532 novaque
777 2465 1006 2518 consilia
1042 2479 1148 2518 non
1177 2465 1470 2534 perattenti
1519 2463 1746 2528 fuerint,
1779 2464 1846 2518 ad
1875 2465 2054 2520 labem

499 2557 840 2624 Inultamque
870 2555 1072 2610 credent
1107 2556 1402 2612 adducant.
1453 2557 1644 2626 Itaque
1691 2559 1936 2610 animum
1977 2558 2071 2613 ille

495 2649 674 2701 erexit
707 2656 762 2702 et
793 2647 860 2702 ad
891 2649 1045 2717 regni
1083 2655 1292 2717 partem
1345 2662 1466 2717 qua:
1511 2650 1601 2702 sui
1655 2648 1876 2718 propria
1925 2659 2070 2726 esset

499 2739 761 2800 advertit,
789 2739 955 2792 etiam
989 2739 1265 2810 quomodo
1289 2740 1454 2794 vitam
1481 2754 1730 2794 securam
1768 2748 1822 2794 et
1849 2739 1915 2794 ab
1946 2755 2070 2794 om—

499 2831 662 2884 nibus
718 2830 932 2885 insidiis
973 2841 1144 2886 tutam
1198 2832 1395 2901 degere
1433 2841 1622 2902 posset
1651 2834 1838 2887 animo
1879 2848 2066 2888 secum

498 2921 793 2990 reputavit.
825 2921 962 2976 Nam
1001 2922 1200 2976 melius
1237 2937 1358 2980 esse
1389 2923 1530 2978 dixit
1571 2923 1624 2977 in
1673 2931 1920 2992 tempore
1955 2938 2071 2978 mu-

497 3015 579 3069 ris
613 3023 780 3068 mstus
809 3013 1052 3083 effugere
1075 3030 1238 3084 quam
1281 3014 1450 3069 nimia
1497 3030 1622 3069 cum
1665 3014 1836 3070 animi
1867 3013 2066 3068 ﬁducia

497 3103 762 3157 [luctuum
799 3103 1008 3172 impetu
1032 3104 1232 3174 abripi.
1295 3104 1454 3159 Brevi
1491 3113 1741 3174 tempore
1777 3105 2102 3176 iuterjecto.

495 3211 619 3249 cum
655 3195 858 3250 Servis:
885 3194 1072 3250 Crates
1104 3195 1154 3250 ei
1191 3212 1406 3254 summa
1439 3197 1684 3267 pericula
1713 3197 2068 3252 minitaretur

495 3285 602 3340 nisi
637 3286 778 3340 facta
802 3285 1067 3341 afﬁnitate
1095 3287 1396 3342 amicitiam
1425 3302 1582 3342 suam
1615 3287 1783 3342 iniret
1835 3304 1940 3358 qua
1979 3287 2066 3342 iu-

490 3379 648 3434 sidize
689 3393 881 3433 omnes
933 3378 1094 3434 facile
1143 3379 1370 3448 reprimi
1423 3389 1684 3450 possent,
1731 3379 2068 3452 Palaeologus

493 3471 622 3524 huic
651 3469 810 3524 fidem
841 3469 1012 3532 dedit,
1048 3483 1172 3523 sero
1204 3477 1386 3522 tamen
1425 3468 1498 3522 ita
1545 3479 1604 3524 ut
1653 3467 1798 3523 haud
1831 3469 2065 3523 multum

489 3562 707 3618 abesset
735 3561 868 3630 quin
891 3561 1074 3630 pactio
1105 3559 1496 3614 conﬁceretur.
1543 3557 1622 3612 Ex
1649 3575 1756 3628 qua
1789 3561 2062 3615 constitu-

490 3663 608 3708 tum
635 3659 774 3718 erat,
803 3660 864 3706 ut
891 3647 1226 3720 Palreologus
1253 3647 1297 3702 si
1315 3647 1477 3702 facile
1509 3647 1624 3702 ﬁeri
1649 3657 1832 3718 posset
1857 3647 2062 3702 Ilelena

489 3760 586 3799 sua
643 3757 814 3796 uxore
859 3733 982 3811 quae
1034 3755 1100 3794 ex
1163 3739 1518 3792 inimicorum
1579 3753 1784 3807 genere
1829 3739 2063 3795 oriunda

493 3835 652 3907 149
677 3842 824 3889 esset
853 3833 976 3887 data
1009 3831 1202 3888 obside
1229 3870 1244 3896 ,
1283 3829 1458 3886 Cralis
1495 3833 1684 3886 uxoris
1725 3847 1975 3887 sororem
2007 3831 2064 3888 in

487 3926 896 3982 matrimonium
919 3925 1163 3988 duceret,
1181 3922 1446 3992 virginem
1469 3930 1624 3976 aetate
1647 3922 1888 3977 nondum
1907 3923 2063 3977 adul-

487 4032 594 4076 tam
621 4029 676 4074 et
705 4019 978 4089 Mysorum
1011 4016 1166 4072 ducis
1191 4015 1486 4070 Alexandri
1527 4014 1716 4069 filiam.
1781 4017 1906 4071 Haec
1938 4031 2064 4072 cum

483 4114 784 4182 accepisset
817 4125 914 4165 rex
944 4107 1379 4172 Cantacuzenus,
1414 4116 1608 4172 morte,
1637 4117 1697 4164 ut
1729 4107 1803 4162 ita
1859 4108 2060 4174 dicam,

483 4204 794 4258 acerbiores
825 4217 972 4254 cura:
1008 4199 1252 4254 animum
1289 4199 1410 4270 ejus
1461 4198 1808 4252 invaserunt.
1861 4199 2066 4254 Pal-.eo-

482 4297 584 4363 logi
619 4305 848 4350 matrem
883 4293 1100 4347 Annam
1147 4290 1241 4344 illo
1295 4299 1545 4358 tempore
1583 4289 1831 4360 Byzantii
1873 4304 2062 4346 custo-

479 4388 649 4442 ditam
684 4385 912 4440 accersit
961 4391 1018 4438 et
1059 4396 1186 4438 cum
1229 4381 1330 4436 hac
1373 4380 1730 4452 llodegorum
1787 4392 2066 4440 monaste-

479 4478 618 4532 rium
646 4476 781 4532 adit.
815 4475 914 4530 llic
943 4481 1070 4528 ante
1101 4480 1308 4526 sanctae
1347 4469 1536 4526 Matris
1566 4471 1924 4528 simulacrum
1955 4473 2065 4528 illi-

477 4583 544 4624 co
591 4584 649 4623 se
695 4567 846 4622 illius
901 4564 1010 4618 lilio
1049 4578 1262 4632 suoque
1299 4578 1504 4632 genere
1562 4573 1817 4618 cunctam
1871 4579 2058 4619 rerum

477 4655 1010 4714 administrationem
1063 4653 1396 4708 traditurum
1451 4668 1574 4710 esse
1641 4655 1968 4724 pollicetur,
2012 4654 2061 4711 si

475 4751 649 4808 Graiis
683 4759 899 4818 pactum
933 4747 1024 4800 ille
1057 4745 1295 4800 solveret
1345 4753 1402 4798 et
1437 4745 1768 4815 Byzantium
1820 4755 2065 4802 reverte-

477 4851 628 4898 retur
659 4840 728 4895 ad
762 4853 983 4894 uxorem
1026 4837 1346 4908 legitimam.
1399 4834 1635 4890 Sibimet
1673 4837 1774 4906 ipsi
1801 4854 1930 4892 vero
1965 4837 2066 4893 ho-

2171 2375 2466 2444 λύτροπον,
2503 2375 2816 2442 ἀνενεγκεῖν
2841 2392 2900 2428 τε
2931 2376 3094 2437 εὐθὺς
3130 2377 3264 2446 πρὸς
3291 2377 3510 2446 ὁμοίους
3549 2378 3742 2445 φόϐους

2169 2468 2268 2535 τὴν
2301 2467 2526 2536 μνήμην
2549 2466 2754 2536 ὁμοίων
2774 2465 3104 2530 ἐπιϐουλῶν,
3123 2466 3180 2519 αἶ
3211 2469 3332 2528 ταῖς
3353 2469 3552 2537 ἀρχαῖς
3577 2469 3744 2538 ἀπρο-

2171 2555 2349 2614 όπτως
2375 2554 2450 2612 ὡς
2480 2553 2548 2606 τὰ
2582 2553 2755 2607 πολλὰ
2787 2556 2882 2608 καὶ
2927 2555 3280 2624 πολυτρόπως
3342 2557 3742 2626 ἐνσκήπτουσαι

2171 2643 2265 2712 κη)
2279 2643 2394 2702 ἴδας
2443 2643 2536 2695 καὶ
2567 2643 2738 2712 κῆραξ
2764 2642 3010 2711 αἱμάτων
3053 2643 3146 2695 καὶ
3180 2643 3356 2710 φόνων
3389 2641 3595 2712 μεστὰς
3627 2643 3741 2694 ἐπι-

2171 2737 2397 2804 φέρουσι
2449 2738 2562 2798 τοῖς
2588 2735 2666 2805 μὴ
2697 2734 2839 2787 πάνυ
2878 2735 3169 2804 προσέχειν
3207 2735 3452 2789 ἐθέλουσι
3487 2738 3612 2798 ταῖς
3645 2753 3740 2788 πο-

2170 2828 2460 2897 λυτρόποις
2518 2829 2709 2898 τύχαις
2780 2830 2880 2881 καὶ
2935 2827 3183 2898 γνώμαις
3239 2827 3350 2880 τῶν
3416 2825 3736 2900 ἀνθρώπων.

2172 2920 2335 2974 Ὅθεν
2365 2920 2618 2988 διανέστη
2643 2938 2702 2972 τε
2733 2922 2828 2974 καὶ
2859 2921 2958 2990 τὴν
2990 2919 3216 2990 γνώμην
3245 2919 3406 2982 εὐθὺς
3455 2919 3552 2974 ἐπὶ
3577 2920 3736 2992 ζήτη-

2169 3026 2256 3061 σιν
2287 3009 2524 3078 ἠκόντισε
2589 3007 2681 3060 τοῦ
2739 3011 3113 3078 προσήκοντος
3165 3008 3369 3062 ἄνωθεν
3409 3007 3613 3079 κλήρου
3643 3009 3735 3081 τῆς

2169 3099 2450 3168 βασιλείας
2511 3099 2604 3152 καὶ
2636 3101 2726 3154 τοῦ
2757 3118 2820 3167 γε
2859 3100 3007 3171 βιοῦν
3063 3101 3379 3172 ἀδεέστερον
3411 3099 3670 3156 δύνασθαι
3703 3103 3734 3174 ἢ

2169 3187 2294 3241 καθ’
2341 3187 2404 3250 ἃς
2477 3191 2822 3258 μηχανᾶσθαι
2883 3190 3119 3244 δύναιντ’
3173 3191 3237 3244 ἄν
3305 3208 3453 3254 τινες
3521 3189 3737 3244 ἐπιεου-

2168 3280 2299 3344 λάς·
2335 3281 2542 3350 βέλτιον
2589 3283 2696 3350 γὰρ
2739 3283 2950 3352 ἔφημεν
2975 3277 3112 3334 εἶναι
3161 3281 3434 3354 θαλάσσης
3480 3283 3737 3350 ἐπιούσης

2169 3371 2232 3443 [ί.
2261 3374 2350 3428 151
2381 3373 2438 3445 a]
2474 3375 2530 3426 ἐν
2570 3373 2646 3443 τῷ
2683 3374 2912 3442 παρόντι
2945 3373 3116 3442 φορὰν
3145 3374 3445 3444 ἐκκλῖναιῆ
3492 3374 3738 3445 ῥᾳθυμή-

2171 3482 2339 3518 σαντα
2381 3465 2800 3536 συναπαχθῆναι
2847 3469 2910 3536 τῇ
2953 3465 3042 3536 βία
3079 3465 3171 3518 τοῦ
3217 3467 3508 3536 ῥεύματος.
3533 3469 3736 3537 Χρόνον

2168 3553 2259 3612 οὖν
2291 3576 2412 3610 τινα
2437 3557 2513 3628 τῷ
2553 3559 2742 3628 Κρὰλῃ
2780 3557 3012 3626 Σερϐίας
3048 3557 3413 3628 ἐπιτιθεμένη)
3451 3560 3547 3612 καὶ
3583 3561 3734 3613 ἀπει-

2165 3649 2342 3704 λοῦντι
2372 3649 2667 3721 μεγίστους
2696 3649 2844 3720 αὐτῷ
2877 3650 3226 3720 περιστήσειν
3251 3650 3554 3715 κινδύνους,
3589 3653 3636 3705 εί
3661 3653 3734 3723 μὴ

2167 3741 2364 3812 κήδους
2400 3741 2561 3796 ἕνεκα
2585 3742 2720 3811 πρὸς
2757 3743 2996 3812 συγγενῆ
3030 3741 3212 3811 φιλίαν
3249 3742 3399 3810 αὺτῷ
3433 3745 3730 3814 συναςρθείη

2167 3836 2442 3904 κρατίστῳ
2473 3835 2564 3888 καὶ
2599 3835 2731 3905 πρὸς
2764 3837 2862 3898 τὰς
2889 3835 3317 3905 περιεστηκυίας
3347 3835 3495 3906 αὺτῷ
3529 3853 3736 3906 συμφο-

2171 3923 2268 3994 ρᾶς
2301 3921 2542 3992 ἐσομένῳ
2568 3923 2866 3992 συμμάχῳ,
2893 3917 3102 3990 πέμπει
3125 3921 3305 3986 δεξιὰν
3333 3923 3429 3992 ὀψὲ
3461 3925 3554 3976 καὶ
3581 3925 3730 3994 μόλις

2167 4009 2265 4082 ἤδη
2296 4011 2383 4063 διὰ
2416 4011 2594 4072 ταυτὶ,
2657 4009 2752 4061 καὶ
2807 4008 3073 4078 κυροῦται
3103 4011 3236 4081 πρδς
3262 4013 3465 4079 ἀμφοῖν
3493 4011 3650 4065 δόντα
3683 4015 3732 4066 oi

2165 4103 2255 4155 τὸν
2291 4101 2678 4169 Παλαιολόγον,
2709 4103 2755 4153 εί
2785 4100 2978 4172 ’ῥᾴδιον
3024 4101 3130 4170 εἴη,
3172 4103 3357 4173 ὅμηρα
3389 4103 3487 4174 τὴν
3535 4103 3728 4157 ἐαυτοῦ

2167 4197 2400 4264 γυναῖκα
2450 4194 2668 4263 Ἑλένην
2728 4193 2814 4246 διὰ
2841 4193 2936 4256 τὰς
2969 4195 3030 4246 ἐκ
3063 4195 3250 4260 γένους
3285 4195 3486 4266 ταύτης
3514 4197 3730 4250 ἐπιϐου-

2166 4287 2284 4352 λὰς,
2317 4285 2619 4356 ἀγαγέσθαι
2650 4284 2746 4358 τὴν
2783 4285 2876 4338 τοῦ
2899 4287 3090 4356 Κράλη
3122 4288 3577 4359 γυναικαδέλφην,
3607 4289 3729 4342 νέαν

2167 4395 2226 4431 τε
2259 4373 2427 4431 οὖσαν
2473 4377 2552 4430 ἐτι
2584 4379 2847 4446 κάκείνην
2903 4379 3000 4430 καὶ
3040 4376 3156 4447 ἅμα
3209 4378 3446 4449 ἀδελφὴν
3496 4379 3594 4432 τοῦ
3624 4377 3728 4432 τῶν

2167 4469 2370 4525 Μυσῶν
2403 4471 2690 4540 ,ἡγεμόνος
2741 4469 3116 4540 Ἀλεξάνδρου.
3163 4470 3345 4522 Ταῦτα
3383 4471 3462 4540 τῷ
3517 4473 3728 4526 Καντα-

2170 4561 2418 4632 κουζηνῷ
2459 4563 2686 4632 μαθόντι
2717 4559 2794 4632 τῷ
2825 4559 3038 4630 βασιλεῖ
3091 4561 3323 4614 θανάτου
3355 4562 3521 4631 φάναι
3553 4563 3728 4632 πολλῷ

2169 4655 2528 4724 πικροτέρους
2552 4653 2762 4722 καθῆκε
2798 4649 3000 4720 φόϐους
3020 4654 3130 4714 τοῖς
3153 4651 3438 4722 λογισμοῖς
3463 4671 3476 4683 ·
3501 4655 3601 4706 καὶ
3629 4671 3730 4705 πα-

2172 4745 2423 4818 ραλαϐὼν
2481 4745 2680 4800 ’Ἄνναν
2732 4745 2830 4815 τὴν
2861 4745 3073 4798 ἐκείνου
3103 4745 3338 4816 μητέρα,
3387 4747 3728 4818 τηρουμένην

2169 4839 2306 4902 τέως
2334 4840 2390 4890 ἐν
2419 4837 2716 4906 Βυζαντίῳ,
2750 4837 2828 4901 εἰς
2857 4837 2954 4908 τὴν
2982 4837 3089 4890 τῶν
3115 4838 3323 4908 ὁδηγῶν
3344 4840 3508 4910 ἀπῄει
3543 4842 3724 4910 μονὴν,

477 4949 598 4987 rum
624 4929 948 4987 alterutrum
979 4928 1218 4998 expetit:
1247 4933 1343 4980 aut
1371 4935 1431 4980 ut
1464 4925 1710 4996 Byzantii
1747 4943 1872 4982 cum
1909 4929 2052 4984 victu

2170 4931 2322 4983 κάκεῖ
2351 4931 2446 5000 τῆς
2475 4929 2622 4990 θείας
2655 4929 2861 4992 εἰκόνος
2890 4928 3203 4998 ἔμπροσθεν
3235 4930 3434 4982 αὐτίκα
3467 4931 3610 4996 μάλα
3634 4931 3729 4981 δὼ-

474 5036 530 5080 ct
569 5025 720 5080 cultu
771 5023 920 5092 regio
947 5030 1161 5076 mtatem
1192 5033 1356 5090 agere
1397 5028 1453 5074 et
1499 5035 1674 5088 usque
1722 5023 1790 5074 ad
1839 5018 2056 5093 Selym-

475 5120 646 5174 briam
681 5134 748 5172 ex
793 5115 982 5187 generi
1020 5127 1292 5168 consensu
1346 5126 1435 5167 res
1490 5112 1906 5179 administrare,
1957 5122 2056 5168 aut

473 5211 618 5281 qqu
652 5209 925 5278 reliquum
957 5206 1032 5262 sit
1056 5206 1178 5260 vita:
1200 5202 1348 5257 domi
1381 5203 1438 5258 in
1469 5205 1580 5258 otio
1612 5220 1675 5260 ac
1691 5205 1875 5274 quiete
1895 5221 2056 5276 agere

476 5305 580 5358 sibi
604 5301 966 5357 concedatur.
1027 5298 1291 5368 Hancque
1337 5313 1490 5352 suam
1541 5299 1874 5354 sententiam
1903 5298 2056 5366 jure-

468 5395 703 5464 jurando
732 5393 1047 5448 firmissimo
1081 5401 1136 5448 et
1185 5403 1325 5449 teste
1371 5389 1662 5447 verissimo
1695 5390 2051 5444 sanctissima

473 5487 569 5542 Dei
611 5496 784 5542 matre
813 5487 1080 5542 sancitam
1133 5485 1340 5542 litteris
1391 5483 1610 5538 mandat
1654 5489 1710 5536 et
1740 5483 1908 5536 Anna:
1945 5489 2056 5536 tra-

473 5578 578 5634 dit.
647 5579 774 5632 Haec
802 5589 986 5632 autem
1040 5578 1188 5633 omni
1235 5576 1552 5646 suSpicione
1592 5573 1806 5645 abjecta
1840 5573 2053 5628 litteras

477 5685 598 5724 cuni
645 5669 1010 5741 jurejurando
1063 5671 1156 5726 illo
1210 5667 1425 5738 accepit
1474 5677 1532 5722 et
1587 5681 1751 5736 quam
1798 5665 2055 5720 ocissime

480 5761 757 5829 navigavit
791 5761 1262 5818 Thessalonicam.
1320 5761 1422 5818 Ubi
1458 5775 1582 5814 cum
1622 5757 1732 5811 lilio
1762 5770 1883 5824 qua:
1916 5755 2051 5810 satis

475 5863 634 5910 crant
689 5856 1051 5926 exposuisset,
1077 5865 1132 5910 ct
1174 5855 1204 5908 f1
1243 5853 1549 5907 uilissimum
1599 5848 1730 5904 illud
1761 5847 2040 5918 jusjuran-

2164 5039 2276 5075 σειν
2308 5023 2651 5091 ὑπισχνεῖται
2715 5021 2792 5091 τῷ
2845 5021 3051 5090 ταύτης
3107 5021 3206 5090 μὲν
3243 5020 3363 5092 υτῷ,
3407 5021 3642 5091 γαμϐρῷ
3675 5021 3728 5070 δὲ

2163 5109 2350 5176 αὑτοῦ,
2381 5113 2468 5164 τὸν
2497 5111 2712 5166 ἅπαντα
2763 5111 2967 5182 κλῆρον
2999 5111 3094 5182 τῆς
3143 5111 3442 5181 βασιλείας,
3477 5113 3728 5182 ἀφεμὲνῳ

2165 5205 2264 5276 μὲν
2285 5206 2384 5269 τὰς
2408 5205 2502 5258 τοῦ
2535 5203 2727 5276 Κράλη
2783 5205 3054 5276 συνθήκας
3091 5205 3326 5268 ἐκείνας,
3379 5205 3658 5276 ἐληλυθότι
3683 5204 3726 5256 δ’

2163 5296 2218 5359 ἐς
2253 5293 2545 5359 Βυζάντιον
2575 5293 2734 5358 εὐθὺς
2773 5296 2922 5364 παρὰ
2952 5295 3048 5365 τὴν
3080 5297 3313 5366 νόμιμον
3348 5297 3602 5364 σύζυγον,
3637 5295 3726 5346 αύ-

2161 5388 2250 5450 τὸς
2284 5387 2339 5439 δὲ
2369 5388 2517 5440 δυοῖν
2563 5387 2815 5458 θάτερον.
2847 5387 2877 5455 ἢ
2920 5387 2996 5458 τῷ
3033 5387 3313 5456 Βυζαντίῳ
3363 5388 3450 5440 διὰ
3501 5387 3612 5456 βίου
3640 5388 3724 5437 ἐν·

2161 5479 2456 5548 διατρίϐων
2479 5479 2776 5549 βασιλικως
2805 5479 2898 5533 καὶ
2925 5480 3086 5544 αὐτὸς
3105 5483 3166 5534 τὰ
3195 5482 3356 5552 μέχρι
3385 5481 3725 5554 Σηλυμϐρίας

2162 5569 2414 5625 ἐντεῦθεν
2443 5570 2665 5623 διοικεῖν
2697 5570 2998 5640 πράγματα
3031 5573 3172 5626 κατά
3203 5574 3430 5644 γνώμην
3461 5575 3554 5628 τοῦ
3581 5591 3722 5642 γαμ-

2161 5661 2320 5732 ϐροῦ.
2379 5661 2413 5732 ἢ
2468 5662 2558 5715 τὸν
2592 5661 2816 5732 ἡσύχιον
2849 5663 3104 5732 ἐλόμενος
3131 5667 3229 5720 καὶ
3257 5667 3586 5738 ἀπράγμονα
3618 5665 3726 5736 βίον

2159 5758 2296 5810 οῐκοι
2327 5755 2620 5824 καθῆσθαι.
2673 5755 2786 5808 Καὶ
2818 5755 2934 5824 ἅμα
2961 5756 3242 5828 ἔγγραφον
3280 5759 3402 5812 ταῖν
3431 5764 3607 5832 χεροῖν
3636 5758 3726 5813 αὐ-

2154 5849 2253 5918 τῆς
2308 5847 2537 5902 ἐνετίθει
2591 5846 2688 5916 τὴν
2741 5847 2966 5919 γνίῦμην
3021 5851 3480 5921 φρικωδεστάτοις
3544 5855 3722 5926 ὅρκοις
