4050 6570
342 465 449 530 1‘29

1336 457 1778 521 ΒΥΖΛΝΤΙΝᾹΞ
1809 457 2189 520 HISTORI/E
2215 457 2358 520 LIB.
2386 457 2626 518 XXVII.

3503 457 3610 528 130

335 575 763 648 ἠσφαλισμένην
792 593 852 631 τε
883 578 978 631 καὶ
1007 575 1456 648 ἀπαραλόγιστον
1479 574 1578 646 τὴν
1615 574 1919 644 ὑπέραγνον

2028 572 2158 627 dum
2223 570 2568 632 tradidisset.
2622 569 2782 625 facile
2841 569 2891 626 ei
2936 579 2997 626 ut
3029 568 3205 627 Cralis
3236 582 3393 645 pacto
3433 575 3609 634 absti-

334 670 665 742 Θεομήτορα
710 668 1177 741 προϐαλλομένοις
1235 667 1533 738 ἐγγυητήν.
1579 666 1643 720 Ἥ
1677 665 1724 720 δ’
1751 665 1917 730 εὐθὺς

2025 675 2206 731 neret,
2238 664 2534 735 persuasit.

337 763 597 817 ἀπιστεῖν
645 764 858 833 οὖδαμῆ
891 763 1092 832 ἔχουσα
1147 763 1216 817 τά
1245 781 1306 816 τε
1341 762 1449 814 τῶν
1509 759 1682 824 οὕτως
1749 761 1984 830 ἐχόντων
2021 761 2317 832 ἐγγράφων
2338 762 2518 832 ὅρκων
2541 760 2720 832 βιϐλία
2749 759 3100 832 είλήφει.καὶ
3121 761 3237 832 ἅμα
3270 763 3370 837 ὅλῃ
3395 765 3605 838 σπουδῇ

336 856 718 909 κατέπλευσεν
779 856 836 918 ἐς
889 854 1317 925 Θεσσαλονίκην,
1377 855 1540 908 κάκεῖ
1575 853 1654 923 τῷ
1707 853 1807 924 υἱῷ
1847 851 1918 905 τὰ
1954 853 2140 907 εἰκότα
2163 852 2477 924 ὡμιληκυῖα
2541 854 2639 906 καὶ
2699 853 2826 916 τοὺς
2851 851 3145 922 φρικώδεις
3167 852 3409 919 ἐκείνους
3431 854 3611 926 ἐμφα-

337 950 544 1003 νίσασα
597 949 816 1018 ὅρκους,
872 948 982 1002 τῶν
1022 948 1116 1002 τοῦ
1172 948 1362 1020 Κράλη
1412 946 1699 1018 συνθηκῶν
1759 944 1960 1008 τελέως
2001 944 2338 1015 ἀποσχέσθαι
2371 945 2634 999 πέπεικεν
2660 945 2842 1008 εὐθύς.

415 1046 517 1100 1Ζ’.
544 1043 764 1097 Τούτων
787 1043 832 1098 δ’
859 1043 1003 1096 οὕτω
1052 1044 1372 1113 γενομένων
1396 1038 1534 1114 ἦκεν
1563 1045 1591 1096 6
1626 1039 1920 1096 Παλαιολό-

335 1155 440 1206 γος
473 1139 602 1208 ἄχρι
637 1138 732 1190 καὶ
768 1137 825 1200 ἐς
864 1137 1277 1208 Διδυμότειχονο
1328 1136 1589 1190 κάκεῖθεν
1642 1135 1779 1205 πρὸς
1825 1133 1920 1188 τὸν

333 1230 608 1302 πενθερὸν
655 1229 1236 1300 διαπρεσϐευσάμενος
1293 1229 1769 1298 Καντακουζηνδν,
1825 1228 1918 1281 καὶ

333 1324 419 1386 ὡς
451 1323 683 1392 ἐμμένοι
717 1321 907 1392 μαθὼν
944 1325 1056 1385 τοῖς
1078 1323 1520 1394 ὀμωμοσμένοις,
1577 1323 1703 1393 ἥκει
1731 1322 1919 1376 λοιπέν

338 1415 442 1465 καὶ
481 1414 646 1475 αὐτὸς
699 1415 758 1476 ἐς
804 1413 1121 1477 Βυζάντιον,
1165 1413 1376 1477 πάντας
1433 1413 1922 1482 ἀπεσκευασμένος

339 1506 550 1572 φόϐους
579 1505 674 1558 καί
707 1505 948 1575 ὑποψίας
974 1506 1213 1569 ἁπάσας.
1249 1505 1359 1560 Καὶ
1407 1505 1570 1558 πλέον
1600 1505 1632 1574 ἢ
1666 1521 1922 1575 τριακον-

338 1595 590 1666 θήμερον
633 1596 699 1664 τῇ
749 1595 847 1647 τοῦ
905 1593 1174 1664 πενθεροῦ
1225 1593 1689 1664 συνδιατετριφὼς
1731 1593 1919 1665 ὁμιλίᾳ

335 1687 466 1756 μετ’
492 1688 716 1756 εἰρήνης
766 1686 1042 1755 κατηφείᾳ
1075 1685 1181 1738 τινὶ
1216 1687 1569 1756 κεκραμένης
1596 1685 1776 1738 διὰτὸ
1807 1685 1916 1740 τῶν

330 1779 694 1849 ὴλπισμένων
721 1779 822 1830 οὐκ
849 1775 1043 1830 εὔελπι
1085 1777 1188 1847 τὴν
1242 1776 1300 1840 ἐς
1348 1777 1729 1848 Διδυμότειχον
1758 1774 1917 1841 αὖθις

2025 1094 2030 1099 ,
2098 1038 2265 1094 XVII.
2313 1038 2409 1093 llis
2449 1039 2522 1092 ita
2549 1039 2706 1093 factis
2735 1037 3073 1109 Palaeologus
3098 1038 3324 1109 propius
3349 1038 3610 1107 Didymo~

2021 1130 2232 1186 ticltutn
2274 1131 2558 1200 profectus
2607 1139 2712 1198 est,
2751 1131 2910 1200 150
2941 1141 2994 1185 et
3029 1131 3158 1186 hinc
3193 1147 3318 1186 cum
3376 1131 3610 1201 legatio-

2022 1241 2150 1280 nem
2176 1225 2416 1279 misisset
2453 1225 2520 1278 ad
2555 1240 2806 1280 socerum
2837 1225 3311 1290 Cantacuzcnum,
3341 1233 3398 1279 et
3437 1224 3491 1278 in
3523 1224 3612 1295 ju-

2021 1317 2318 1388 rejurando
2373 1333 2730 1386 perseverare
2778 1334 2901 1373 eum
2975 1318 3133 1372 enixe
3173 1327 3458 1388 rogasset.
3497 1317 3604 1387 By-

2021 1409 2264 1463 zantium
2294 1424 2352 1464 se
2381 1409 2638 1474 contulit,
2682 1411 2834 1464 omni
2864 1419 3011 1464 metu
3035 1410 3438 1478 acisusmcione
3457 1407 3610 1479 deje-

2023 1510 2132 1554 cta.
2202 1499 2308 1556 Sed
2337 1517 2462 1557 cum
2493 1503 2731 1573 amplius
2787 1504 3012 1574 triginta
3061 1502 3262 1558 diebus
3310 1503 3367 1555 in
3429 1501 3608 1556 soceri

2019 1593 2283 1649 societate
2314 1605 2566 1650 versatus
2592 1605 2759 1663 esset,
2793 1612 2974 1666 neque
3009 1605 3188 1650 tamen
3231 1595 3300 1649 de
3327 1593 3610 1663 promissis

2018 1681 2220 1737 bonam
2254 1699 2406 1754 spem
2439 1700 2638 1755 capere
2689 1687 2990 1756 potuisset,
3025 1685 3470 1756 Didymoticbum
3524 1699 3609 1738 re-

2016 1789 2213 1832 versus
2271 1785 2354 1831 est
2407 1793 2516 1832 una
2569 1794 2694 1832 cum
2752 1779 2956 1833 lleleua
2998 1794 3188 1842 uxore,
3221 1793 3342 1846 qua:
3381 1791 3505 1832 cum
3537 1791 3608 1831 eo

331 1869 531 1940 ἀπῄει,
563 1869 658 1921 καὶ
688 1867 790 1938 τὴν
816 1866 1050 1936 σύζυγον
1088 1867 1309 1936 Ἑλένην
1362 1865 1481 1936 ἅμα
1537 1867 1686 1937 αύτῷ
1714 1868 1918 1936 ἐπαγό-

2023 1866 2160 1920 mori
2211 1866 2454 1921 malebat
2506 1884 2669 1937 quam
2719 1883 2844 1922 cum
2896 1869 3223 1937 parentibus
3279 1862 3602 1921 convivere.

337 1977 530 2031 μενος,
563 1961 662 2014 σὺν
713 1960 912 2034 ἐκείνῳ
969 1959 1174 2028 μᾶλλον
1229 1959 1566 2029 αἱρουμένην
1599 1959 1908 2034 θνήσκεινῇ

331 2055 457 2115 τοῖς
477 2028 924 2123 γονεῦσδσυζῇν.
958 2052 1134 2105 Ταυτὶ
1173 2050 1272 2119 μὲν
1299 2046 1394 2104 οὖν
1430 2046 1575 2121 εῖχεν
1616 2050 1781 2115 οὕτω,
1817 2051 1912 2102 καὶ

330 2141 404 2195 τὸ
432 2141 775 2209 φθινόπωρον
798 2140 898 2199 τὰς
929 2139 1026 2202 τοῦ
1067 2137 1376 2209 ἀρκτούρου
1425 2138 1759 2208 προῦφαινεν
1788 2139 1913 2208 ἄρτι

330 2233 619 2296 ἐπιτολάς.
654 2231 872 2304 Βραχῦς
899 2234 926 2285 6
945 2231 1157 2301 χρόνος,
1186 2233 1283 2284 καὶ
1306 2230 1462 2294 αὖθις
1487 2231 1618 2301 παρ’
1636 2232 1914 2302 ἑκατέρων

331 2324 631 2393 ἑκατέροις
663 2323 905 2392 λαθραῖα
944 2323 1196 2393 ὲξηχεῖτο
1228 2323 1573 2393 βουλεύματα
1626 2322 1770 2376 πάνυ
1805 2323 1915 2374 τῶν

331 2415 684 2484 δεδογμένων
713 2415 1070 2486 ἀντίστροφα.
1121 2416 1234 2468 Καὶ
1269 2415 1458 2467 ἄπεισι
1513 2414 1614 2483 τὴν
1652 2415 1916 2484 ταχίστην

337 2509 592 2575 καθέξων
619 2507 890 2570 Ματθαῖος
911 2507 1019 2560 τῶν
1041 2505 1503 2576 Καντακουζηνοῦ
1529 2505 1693 2558 υίέων
1720 2506 1748 2558 6
1772 2506 1918 2575 πρῶ-

335 2617 441 2663 τος
500 2599 842 2670 Ὀρεστιάδα,
899 2597 1152 2661 σταδίους
1181 2599 1244 2650 οὑ
1288 2600 1438 2666 μεῖον
1488 2597 1626 2667 πρὸς
1680 2597 1917 2666 ἄρκτους

335 2691 632 2762 διέχουσαν
663 2690 1037 2760 ἑϐδομήκοντα
1084 2691 1180 2742 καὶ
1218 2688 1551 2750 διακοσίους.
1612 2687 1918 2741 Κάντεῦθεν

333 2784 418 2837 τὰ
444 2783 716 2836 σκάνδαλα
749 2781 912 2852 ηὖξεν
965 2781 1325 2852 ἐρεθιζόμενα
1379 2782 1598 2850 νύκτωρ
1652 2783 1740 2834 (αἱ
1797 2779 1918 2848 μεθ’

335 2875 557 2945 ἡμέραν
579 2874 690 2936 ἀεὶ,
712 2876 810 2928 καὶ
837 2873 972 2945 πρὸς
1004 2874 1229 2943 ἐμφανῆ
1273 2873 1344 2925 τὰ
1376 2873 1680 2942 πράγματα
1709 2869 1920 2941 προύϐη

337 2967 414 3040 υ.
445 2967 537 3021 BI
566 2967 620 3038 ὁ]
650 2967 850 3020 κακίαν
871 2968 964 3019 καὶ
995 2966 1261 3019 ἄσπονδον
1296 2965 1394 3035 ἤδη
1433 2966 1636 3035 μάχην.
1668 2964 1776 3016 Καὶ
1801 2962 1920 3033 ἅμα

334 3058 392 3112 0‘.
422 3058 532 3112 τῶν
561 3059 854 3129 Θρᾳκικῶν
880 3059 1167 3128 οἰκήτορες
1199 3057 1411 3110 πόλεων
1455 3056 1810 3125 [Ιαλαιολόγιρ
1840 3055 1918 3126 τῷ

337 3145 555 3216 βασιλεῖ
578 3148 964 3216 προσεχώρουν
984 3145 1284 3208 ἐθελονταὶ,
1309 3145 1701 3215 κραταιότερόν
1721 3162 1780 3198 τε
1808 3145 1919 3198 τῶν

2017 1952 2144 2008 Ηὶῐο
2179 1953 2348 2022 igitur
2381 1955 2456 2009 ita
2482 1971 2539 2010 se
2568 1956 2847 2010 habebant
2873 1974 2887 2012 :
2919 1959 3141 2028 jamque
3171 1967 3388 2026 tempus
3419 1957 3608 2011 aderat

2015 2045 2283 2113 brumale,
2325 2063 2436 2116 quo
2487 2051 2689 2104 Arctus
2713 2052 2912 2105 oritur.
2947 2049 3097 2105 llaud
3153 2052 3328 2105 multo
3378 2061 3499 2120 post
3553 2058 3609 2104 et

2017 2154 2208 2194 rursus
2239 2157 2430 2195 rumor
2456 2143 2709 2197 diﬂ‘ertur
2741 2144 3102 2199 consiliorum
3133 2143 3417 2213 prioribus
3450 2156 3606 2211 pror-

2017 2246 2112 2285 sus
2159 2235 2594 2289 contrariorum.
2652 2235 2940 2289 Matthaeus
2974 2250 3005 2290 e
3050 2235 3421 2291 Cantacuzeni
3475 2233 3606 2287 ﬁliis

2018 2332 2150 2377 natu
2211 2326 2482 2379 maximus
2550 2341 2715 2394 quam
2785 2326 3073 2381 celerrime
3139 2325 3486 2381 Orestiadcm
3545 2335 3606 2379 ut

2018 2426 2250 2486 occupet
2287 2418 2681 2486 proficiscitur.
2744 2419 2876 2486 Quae
2929 2419 3061 2473 urbs
3109 2418 3476 2473 ducentorum
3521 2429 3608 2471 se-

2018 2506 2301 2576 ptuaginta
2333 2507 2638 2561 stadiorum
2667 2509 2849 2577 spatio
2879 2508 3050 2563 distat
3082 2515 3135 2562 et
3165 2507 3230 2560 ad
3264 2505 3606 2575 septentrio-

2021 2599 2201 2654 nalem
2270 2609 2504 2668 spectat.
2632 2600 2730 2654 Hic
2795 2610 2962 2654 noctu
3014 2601 3220 2669 diuque
3275 2597 3608 2653 discordiam

2020 2699 2201 2760 auget.
2245 2689 2363 2744 Jam
2395 2691 2460 2744 ad
2503 2691 2734 2761 injurias
2765 2691 2876 2745 itur
2906 2701 2984 2756 et,
3027 2700 3090 2744 ut
3121 2692 3357 2760 primum
3387 2690 3608 2744 occasio

2022 2782 2146 2836 data
2172 2791 2276 2845 est,
2310 2782 2378 2835 ad
2412 2797 2669 2852 pugnam.
2732 2781 3036 2852 Palaeologo
3091 2792 3272 2838 autem
3325 2782 3606 2837 Thracum

2024 2874 2247 2929 urbium
2282 2875 2479 2930 incolae
2504 2875 2801 2930 voluntarii
2827 2887 3166 2930 succurrunt
3195 2891 3438 2946 eumque
3469 2875 3609 2928 inci-

2027 2973 2144 3020 tant
2181 2975 2244 3020 ut
2293 2967 2444 3020 omni
2501 2967 2691 3020 studio
2724 2981 2813 3020 res
2860 2968 3169 3036 susciperet
3218 2977 3275 3021 et
3313 2972 3611 3036 occuparet

2024 3067 2316 3129 paternum
2353 3072 2577 3127 regnum
2601 3073 2614 3122 ;
2653 3057 2768 3112 otio
2797 3071 2862 3111 ac
2889 3057 3118 3112 desidiae
3142 3057 3429 3129 indulgere
3453 3055 3608 3113 nullo

2027 3149 2193 3204 modo
2226 3148 2334 3203 sibi
2366 3148 2554 3203 licere.

334 3247 690 3309 πραγμάτων
727 3239 1067 3310 ἐρεθίζοντες
1093 3239 1361 3293 ἅπτεσθαι
1395 3241 1489 3292 καὶ
1524 3239 1618 3292 τού
1650 3239 1906 3312 πατρῴου
1944 3243 2149 3314 κλήρου
2190 3242 2288 3311 τῆς
2322 3239 2602 3311 βασιλείας
2657 3239 3077 3306 ἀντιποιεῖσθαι,
3112 3239 3382 3311 ῥᾳθυμεῖν
3405 3241 3598 3294 ὁπωσ-

333 3335 458 3399 οὖν,
481 3329 639 3403 εἴπερ
670 3334 826 3399 ποτὲ,
857 3333 954 3387 νῦν
980 3333 1178 3404 μᾶλλον
1201 3335 1261 3387 οὐ
1292 3336 1438 3405 μάλα
1464 3335 1842 3405 προσήκοντος

418 3427 524 3478 lﬂ'.
558 3425 658 3478 Διὰ
690 3426 754 3496 δὴ
777 3426 952 3480 ταῦτα
977 3427 1161 3489 δείσας
1187 3429 1316 3496 περὶ
1355 3429 1454 3496 τῆς
1489 3429 1663 3497 ἀρχῆς
1687 3429 1829 3483 Κανι
1858 3447 1919 3482 α-

2098 3427 2288 3494 Itaque
2316 3424 2516 3479 factum
2547 3430 2634 3478 est
2677 3431 2732 3476 ut
2760 3421 3182 3476 Cautacuzenus
3209 3438 3303 3477 rex
3333 3424 3401 3478 de
3433 3440 3608 3496 regno

335 3516 603 3586 κουζηνδς
630 3520 659 3570 ὁ
684 3517 936 3587 βασιλεὺς
964 3518 1138 3588 λόγων
1163 3519 1212 3572 τ’
1251 3519 1477 3571 ἐκείνων
1501 3521 1597 3570 καὶ
1630 3519 1918 3588 συνθηκῶν

335 3609 646 3676 ἐξελάθετο,
677 3611 772 3662 καὶ
813 3605 925 3662 οἷον
965 3611 1268 3680 αὐλητικῆς
1300 3627 1445 3673 τινος
1471 3609 1765 3680 ἀθύρματα
1794 3630 1919 3666 παι-

336 3699 547 3770 ζούσης
573 3701 672 3764 τὴν
706 3701 876 3770 ἀκοὴν
909 3701 1154 3764 ἃπαντας
1178 3702 1529 3771 ἡγησάμενος
1563 3703 1784 3773 ὅρκους,
1810 3701 1918 3755 τῶν

337 3795 660 3848 ἀντιπάλων
687 3797 862 3864 ἔργων
892 3794 1151 3859 καθάπαξ
1174 3795 1306 3864 ὅλην
1337 3795 1619 3865 ἀντίληψιν
1655 3798 1915 3850 ἐποιεῖτο.

335 3890 571 3958 Πρῶτον
605 3891 702 3959 μὲν
731 3883 825 3943 οὖν
859 3889 1080 3958 πέμψας
1117 3890 1172 3952 ἐς
1222 3888 1490 3956 Ὑρκανὸν
1541 3888 1634 3942 τὸν
1666 3889 1920 3959 γαμϐρόν

338 3981 443 4035 καὶ
465 3980 751 4049 σατράπην
783 3980 888 4034 τῶν
928 3983 984 4032 ἐν
1013 3980 1237 4050 Βιθυνίᾳ
1300 3980 1615 4051 βαρϐάρων,
1670 3983 1766 4034 καὶ
1803 3979 1920 4049 ἅμα

337 4079 405 4138 ἐς
447 4077 573 4138 τοὺς
603 4073 850 4142 γείτονας
908 4073 946 4125 Γ
949 4074 1250 4140 εννουῖτας,
1307 4075 1506 4144 ὅρκους
1564 4075 1916 4143 καινοτέρους

337 4160 509 4226 αὖθις
534 4163 776 4233 παρέσχε
807 4162 918 4215 τῶν
964 4165 1094 4234 πρὶν
1138 4161 1543 4233 ἰσχυροτέρους,
1589 4163 1785 4214 ταυτὸν
1808 4165 1917 4231 άμ-

340 4258 471 4327 φοίν
503 4255 588 4309 διὰ
619 4255 738 4324 βίου
764 4256 916 4306 πνεῖν
963 4252 1472 4322 ἐπαγγελλομένους
1507 4251 1626 4304 καθ’
1658 4247 1733 4305 ὧν
1765 4253 1918 4305 αὐτοὶ

343 4347 624 4420 βούλοιντο
673 4351 767 4400 καὶ
816 4344 897 4408 οἷς
926 4345 1201 4417 ἄχθοιντο,
1253 4349 1300 4399 ει
1337 4344 1588 4416 βοηθοῖεν
1623 4348 1715 4399 καὶ
1762 4346 1918 4399 αὐτοὶ

341 4441 494 4514 κατά
539 4439 633 4494 τοῦ
693 4439 947 4511 γαμϐροῦ
997 4437 1409 4506 Παλαιολόγουο
1469 4438 1768 4508 ἀκρόπολιν
1809 4438 1919 4507 γὰρ

339 4536 549 4606 ἥγηται
590 4532 990 4603 κραταιοτέραν
1040 4533 1143 4603 τὴν
1208 4531 1264 4594 ἐς
1300 4529 1542 4593 ἐκείνους
1596 4530 1920 4600 καταφυγὴν

341 4625 703 4696 ἀμυντηρίων
745 4625 1006 4679 ἁπάντων
1061 4623 1224 4676 θείων
1261 4623 1356 4676 καὶ
1385 4621 1769 4692 ἀνθρωπίνων,
1826 4623 1922 4674 καὶ

346 4717 655 4786 μηχάνημα
683 4717 749 4768 ἐκ
799 4715 998 4768 πολλοῦ
1025 4714 1338 4784 εἰθισμένον
1361 4713 1510 4784 αύτῷ
1544 4715 1688 4768 κατά
1715 4731 1775 4768 τε
1808 4713 1920 4766 τῶν

2020 3517 2218 3572 anxius
2259 3531 2326 3571 ac
2359 3515 2632 3570 sollicitus
2665 3514 2819 3584 151
2856 3528 3143 3569 sermones
3191 3515 3314 3570 illos
3363 3525 3420 3572 et
3467 3533 3607 3588 pro.

2021 3611 2188 3665 missa
2213 3609 2497 3663 omitteret
2525 3616 2582 3660 et
2616 3608 2742 3661 data
2764 3607 3127 3677 jurajuranda
3161 3617 3422 3677 tanquam
3457 3609 3607 3664 tibia:

2021 3701 2416 3756 delectationes
2448 3698 2697 3754 haberet.
2757 3697 2880 3752 Jam
2932 3699 3000 3752 ad
3047 3715 3116 3754 ea
3164 3700 3371 3768 quibus
3424 3699 3603 3756 obniti

2022 3801 2210 3863 posset
2241 3791 2534 3861 Palaeologi
2569 3790 2822 3846 consiliis
2865 3798 3042 3844 totum
3074 3792 3318 3846 animum
3349 3793 3630 3848 advertit.‘

2022 3885 2264 3940 Primum
2310 3885 2638 3953 legationem
2692 3883 2844 3937 misit
2888 3884 2955 3938 ad
2998 3883 3316 3954 Hyrcanum
3343 3900 3607 3954 generum

2021 3979 2388 4034 barbarorum
2451 3979 2508 4031 in
2573 3977 2828 4048 Bithynia
2879 3986 3157 4045 satrapam
3209 3978 3484 4046 simulque
3537 3978 3605 4032 ad

2021 4072 2266 4128 contines
2292 4071 2618 4125 Gcnuenses
2647 4081 2703 4126 et
2744 4085 2870 4124 cum
2896 4069 2984 4124 his
3017 4070 3226 4124 lmdcra
3257 4071 3378 4125 iniit
3410 4072 3612 4140 priori-

2023 4164 2127 4219 bus
2158 4162 2427 4216 ﬁrmiora.
2491 4163 2702 4226 Quibus
2757 4163 3118 4215 constitutum
3169 4169 3290 4215 erat
3341 4171 3610 4232 utrosque

2022 4254 2278 4309 eumdem
2323 4253 2465 4308 velle
2496 4253 2742 4307 animum
2776 4252 2982 4308 habere
3014 4253 3070 4306 in
3103 4268 3296 4307 omnes
3326 4268 3465 4322 quos
3507 4255 3610 4309 de-

2020 4344 2278 4400 bellaturi
2328 4353 2542 4409 essent,
2596 4344 2771 4397 etiam
2824 4341 2871 4396 si
2919 4343 3124 4398 auxilio
3173 4355 3514 4398 vocarentur
3553 4343 3610 4399 in

2021 4449 2286 4506 generum
2318 4435 2716 4504 Palaeologum.
2770 4433 3186 4489 Cantacuzenus
3227 4443 3410 4488 autem
3450 4435 3613 4505 regia:

2022 4544 2203 4583 arcem
2229 4529 2636 4596 receptaculum
2668 4527 2902 4582 habebat
2929 4527 3188 4582 omnibus
3214 4527 3416 4583 divinis
3444 4538 3612 4598 atque

2024 4619 2282 4676 humanis
2319 4620 2638 4675 tutamcntis
2692 4619 2923 4673 ﬁrmius.
2998 4618 3130 4686 Quae
3177 4630 3233 4675 et
3281 4621 3390 4691 jam
3439 4622 3614 4675 multo

2023 4729 2088 4768 ex
2113 4722 2361 4782 tempore
2386 4711 2701 4782 praesidium
2731 4721 2851 4766 erat
2881 4722 3074 4766 contra
3101 4712 3318 4767 feroces
3348 4712 3613 4779 Thraces,

342 4807 714 4876 ταλαιπώρων
738 4805 973 4876 Θρακῶν
1002 4806 1096 4859 καὶ
1139 4798 1182 4872 ᾧ
1213 4804 1640 4876 προσερῤύησαν
1681 4806 1916 4876 βασιλεῖ,

2029 4815 2084 4862 et
2121 4820 2231 4875 quo
2257 4804 2662 4858 conveniebant
2711 4807 2906 4873 copiae.
2977 4805 3159 4870 Quare
3207 4821 3302 4858 rex
3350 4807 3614 4860 continuo

343 4896 458 4948 ἀνὰ
486 4897 660 4963 στόμα
716 4896 888 4964 συχνά
947 4895 1008 4947 τὸ
1045 4895 1322 4965 γραφικὸν
1378 4894 1656 4966 περιᾴδων
1719 4897 1944 4962 ἐκεῖνον

350 5003 375 5039 ι
414 4988 614 5041 Λοιπὸν
640 4987 856 5040 καλέσω
894 4987 961 5040 τά
992 4985 1146 5056 ἔθνη,
1179 4987 1406 5040 κάκεῖνά
1451 5003 1520 5056 με
1545 4986 1850 5050 δοξάσουσι.
1898 5003 1917 5037 ι

346 5079 465 5133 Καὶ
500 5079 616 5146 ἅμα
645 5077 695 5128 oi
734 5075 794 5140 ἐξ
837 5075 1025 5138 Ἀσίας
1076 5074 1416 5144 Ῥωμαϊκαῖς
1448 5076 1544 5129 ἐπὶ
1570 5076 1792 5146 Θρᾴκης
1813 5076 1926 5129 δια-

344 5168 670 5231 ϐιϐάζοντες
691 5171 816 5230 τοὺς
855 5167 1163 5237 βαρϐάρους
1183 5170 1373 5220 ναυσὶν
1397 5166 1717 5236 έμπρακτόν
1743 5183 1801 5219 τε
1831 5170 1927 5221 καὶ

349 5264 500 5315 πάνυ
521 5277 572 5311 τι
610 5258 1155 5330 κατεσπουδασμένον
1178 5259 1238 5312 τὸ
1275 5257 1370 5311 τοῦ
1400 5257 1683 5328 βασιλικοῦ
1711 5258 1915 5328 δόγμα-

343 5366 443 5412 τος
494 5347 830 5418 προύφαινον
887 5347 1082 5417 βίαιον.
1140 5348 1470 5403 Κατελάνων
1494 5349 1538 5400 δ’
1590 5345 1746 5411 αὖθις
1778 5351 1925 5419 ἀμφὶ

347 5441 765 5506 πεντακοσίους,
798 5441 944 5503 ὅσοις
997 5439 1091 5493 τὸν
1121 5441 1186 5493 εκ
1213 5439 1311 5509 τῆς
1365 5439 1677 5510 ναυμαχίας
1712 5441 1928 5511 ἐκείνης

350 5537 547 5604 φυγεῖν
581 5535 857 5604 ἐξεγένετο
889 5533 1159 5594 κίνδυνον,
1193 5533 1434 5603 γυμνοὺς
1467 5535 1563 5586 καὶ
1624 5533 1928 5604 προσαίτας

353 5628 669 5696 περιιόντας
692 5627 786 5680 τοῦ
810 5626 1003 5690 ἄστεος
1027 5628 1296 5696 πανταχῆ,
1333 5625 1471 5696 πρὸς
1511 5625 1758 5695 φυλακὴν
1785 5627 1812 5677 6
1838 5625 1932 5695 βα-

353 5721 538 5782 σιλεὺς
566 5721 1021 5792 Καντακουζηκὸς
1039 5720 1298 5790 ἀθροίσας
1324 5721 1417 5772 τού
1445 5717 1696 5787 σώματος
1723 5717 1930 5782 ὥπλιζέ

2033 4897 2169 4952 illud
2200 4895 2348 4967 quod
2379 4897 2648 4965 scriptum
2681 4905 2764 4950 est
2808 4896 2862 4949 in
2905 4911 3000 4951 ore
3034 4897 3308 4950 habebat:
3363 4895 3615 4951 «Convo-

2033 4987 2169 5042 cabo
2198 4996 2407 5057 gentes,
2432 4996 2486 5042 ct
2511 4988 2786 5056 parebunt
2808 4987 2999 5042 mihi.»
3040 4988 3220 5041 Etiam
3252 4989 3345 5057 qui
3381 5003 3448 5042 ex
3487 4987 3615 5041 Asia

2033 5080 2294 5135 Romanis
2329 5081 2562 5135 navibus
2612 5081 2669 5134 in
2708 5081 2996 5135 Thraciam
3046 5080 3318 5134 Barbaros
3374 5080 3616 5150 trajicie-

2034 5171 2189 5240 baut,
2219 5173 2365 5243 regis
2411 5173 2488 5226 illi
2540 5171 2692 5227 dicto
2730 5173 2840 5226 vim
2872 5187 2935 5226 ac
2963 5173 3254 5226 veritatem
3287 5172 3614 5226 reddebant.

2033 5261 2423 5318 Catalanorum
2485 5274 2668 5318 autem
2713 5263 2934 5318 circiter
2964 5265 3296 5333 quingentos
3320 5263 3439 5332 qui,
3471 5272 3619 5332 posto

2034 5372 2196 5426 quam
2230 5373 2425 5427 pugna:
2469 5357 2677 5410 navalis
2712 5359 2952 5427 pericula
2986 5358 3226 5412 feliciter
3281 5357 3615 5426 effugerunt,

2036 5451 2228 5504 urbem
2263 5450 2503 5506 inermes
2534 5460 2590 5505 ct
2621 5452 2858 5505 mendici
2893 5451 3356 5514 circumivcrunt,
3416 5465 3510 5502 rex
3549 5449 3616 5502 ad

2037 5541 2286 5610 corporis
2319 5542 2622 5595 custodiam
2672 5545 2882 5611 recepit
2941 5543 3116 5611 iisque
3163 5543 3336 5596 armis
3378 5552 3433 5595 et
3463 5543 3613 5595 victu

2033 5635 2174 5690 bene
2203 5635 2500 5689 consuluit.
2563 5626 2837 5689 Romanos
2889 5635 3059 5699 enim,
3100 5650 3239 5704 quos
3291 5635 3498 5689 circum
3557 5649 3617 5688 so

2036 5725 2294 5791 habebat,
2334 5733 2394 5778 ut
2427 5724 2666 5794 perﬁdos
2693 5736 2746 5778 et
2781 5724 3035 5779 inimicos
3068 5728 3342 5780 tractavit.

349 5832 411 5868 τε
438 5816 535 5867 καὶ
564 5814 767 5878 ἐσίτιζε
799 5815 942 5884 μάλα
967 5831 1020 5868 τι
1050 5814 1250 5883 σφόδρα
1276 5811 1923 5886 πεφροντισμένωςητῶν
1962 5816 2256 5888 ὁμοφύλων
2295 5818 2394 5888 ἤδη
2449 5818 2738 5888 Ῥωμαίων
2775 5818 3190 5889 ἀπιστουμένων
3213 5822 3304 5875 καὶ
3322 5821 3379 5872 ἐν
3400 5817 3613 5892 ἐχθρῶν

351 5908 706 5979 ταττομένων
736 5909 944 5979 χορείᾳ.
