4050 6566
506 406 598 469 131

1695 407 2110 470 NICEPIIURI
2149 411 2532 474 GREGORE

3653 424 3750 486 132

571 521 729 592 152
767 520 908 577 XIX.
942 521 1074 588 ρυλε
1103 535 1226 577 cum
1283 521 1358 576 ita
1388 535 1449 576 se
1483 519 1750 576 haberent
1811 521 1970 578 lrene
2011 537 2057 577 rt

2162 569 2170 587 ,
2269 527 2371 582 ΙΘ’.
2400 528 2619 582 Τούτων
2644 527 2688 581 δ’
2727 527 2900 592 οὕτως
2950 530 3184 601 ἐχόντων
3224 531 3406 599 ἔδοξεν
3455 536 3660 608 Εἰρήνῃ
3692 543 3752 610 τῇ

496 614 622 682 gina
654 613 997 670 Orestiadem
1029 624 1085 669 et
1117 612 1558 683 Didymotichum
1592 615 1835 683 profecta
1881 623 1986 680 est,
2020 625 2081 668 ut

496 705 787 761 distineret
812 705 998 761 affines
1029 708 1122 776 qui
1170 705 1449 761 affinitatis
1479 705 1711 760 vinculis
1745 706 2082 775 contemptis

499 799 644 852 inter
683 814 740 853 se
778 798 1112 854 discordiam
1161 799 1512 863 exercebant,
1562 798 1876 853 Matthmum
1909 799 2079 853 lilium

497 898 554 942 et
581 906 846 960 generum
888 889 1251 961 l’alaaolognm
1281 905 1487 960 regem.
1552 890 1611 944 In
1641 890 1904 946 comitatu
1938 889 2080 943 inter

495 979 634 1034 alios
656 997 841 1035 secum
877 981 1038 1035 duxit
1067 983 1203 1036 duos
1228 987 1538 1037 sacerdotes
1562 982 1656 1051 qui
1687 990 1853 1036 testes
1887 991 2078 1037 essent

493 1084 550 1127 et
582 1073 849 1143 Angelnm
886 1074 978 1143 qui
1017 1074 1110 1128 illo
1144 1083 1390 1144 tempore
1425 1074 1680 1130 catholici
1710 1074 1917 1145 judicis
1952 1089 2078 1128 mu-

494 1178 626 1216 nere
661 1164 1012 1235 fungebatur.
1073 1164 1174 1220 IIie
1208 1181 1317 1235 quo
1354 1174 1604 1234 tempore
1633 1167 1866 1238 patriam
1899 1182 2075 1222 meam

497 1256 692 1325 reliqui
729 1258 1022 1312 admodum
1047 1258 1266 1328 juvenis
1297 1258 1564 1323 necdum,
1611 1260 1666 1314 ni
1699 1260 1876 1325 fallor,
1907 1261 2078 1329 pubes

493 1362 634 1406 erat.
688 1349 914 1418 ,Tamen
952 1350 1062 1421 jam
1105 1351 1365 1422 prmclara
1421 1351 1594 1406 valuit
1653 1351 1721 1406 ad
1774 1352 2074 1407 dicendum

495 1453 716 1508 natura,
755 1445 828 1498 ita
881 1454 938 1499 ut
987 1460 1086 1509 nos
1127 1459 1276 1512 Spem
1327 1444 1592 1514 optimam
1620 1445 1686 1500 de
1717 1445 1837 1516 ejus
1869 1445 2074 1516 ingenii

498 1536 856 1590 lacultatibus
913 1551 1258 1604 caperemus.
1333 1536 1539 1592 Omnes
1604 1537 1751 1592 enim
1819 1539 1912 1608 qui
1967 1554 2074 1594 una

491 1643 617 1680 cum
634 1643 699 1681 eo
714 1627 995 1696 sapientia:
1012 1638 1116 1682 tuae
1139 1629 1369 1683 studiosi
1385 1639 1542 1683 erant
1568 1638 1768 1700 tuaque
1785 1631 2075 1702 disciplina

492 1719 840 1784 fruebantur,
889 1721 1051 1791 longe
1108 1722 1403 1791 superabat
1451 1722 1648 1792 lingua:
1700 1723 1960 1780 facilitate
2018 1735 2074 1780 et

491 1812 691 1866 mentis
721 1812 994 1867 acuinine.
1055 1812 1213 1867 Nunc
1236 1829 1368 1867 vero
1393 1814 1438 1867 si
1472 1825 1685 1886 tempus
1705 1830 1814 1885 quo
1839 1831 1868 1868 a
1899 1816 2071 1885 patria

489 1903 681 1958 absum
707 1905 969 1974 respicio.
1020 1904 1221 1960 indolis
1242 1906 1362 1976 ejus
1388 1905 1690 1962 bonitatem
1715 1907 1781 1962 ad
1808 1908 2069 1963 meliores

490 1997 676 2066 fruges
708 1998 1031 2066 pervenisse
1057 1998 1334 2067 suspicor,
1361 2000 1434 2052 ita
1489 2008 1547 2052 ut
1585 2014 1614 2052 a
1637 1999 1921 2069 procemiis
1959 2000 2069 2056 illis

485 2088 597 2154 jam
618 2088 685 2141 ad
707 2091 905 2142 bonam
937 2090 1302 2145 maturitatem
1335 2091 1686 2161 processerit.
1738 2092 1914 2158 Quare
1939 2091 2068 2146 dum

486 2180 663 2233 virum
687 2182 828 2250 regis
843 2197 941 2235 usu
956 2193 1011 2236 et
1027 2183 1260 2237 amicitia
1282 2200 1389 2237 non
1409 2183 1592 2240 minus
1609 2184 1713 2238 frui
1734 2183 1894 2238 video
1907 2199 2067 2252 quam

485 2272 856 2327 nobilissimos
891 2276 1068 2339 viros,
1104 2275 1336 2346 gaudeo.
1402 2277 1520 2332 Jam
1575 2287 1800 2347 propter
1848 2278 2069 2332 virtutis

486 2365 855 2432 praestantiam
889 2365 1060 2435 ipsius
1092 2367 1254 2437 regite
1287 2367 1708 2439 domusjudicia
1757 2368 1930 2424 libera
1960 2370 2068 2424 lin-

484 2474 588 2524 gua
605 2460 923 2526 exsequitur
938 2459 1180 2529 itemque
1197 2459 1526 2530 indiciorum
1555 2462 1623 2517 de
1643 2462 1810 2518 rebus
1827 2463 2067 2533 publicis

491 2550 648 2620 153
679 2551 911 2607 consilia
945 2567 1010 2607 ac
1033 2553 1256 2608 decreta
1283 2554 1650 2610 administrat.
1689 2555 1944 2624 Cumque
1969 2572 2067 2626 per

485 2661 706 2699 onmem
734 2655 950 2701 aztatem
998 2660 1217 2715 semper
1248 2647 1475 2716 iustitia:
1500 2663 1666 2717 quam
1709 2648 1903 2704 dieunt
1950 2657 2066 2703 tru-

487 2736 600 2791 tina
651 2753 738 2792 res
774 2748 921 2793 recte
953 2747 1007 2792 et
1059 2739 1180 2792 sine
1233 2737 1429 2793 fraude
1462 2740 1766 2802 examinet,
1793 2741 2062 2810 majorem

486 2825 770 2880 hominum
815 2827 1239 2882 admirationem
1300 2830 1471 2884 movit
1520 2845 1684 2900 quam
1735 2832 1918 2901 justus
1971 2833 2062 2888 ille

487 2918 780 2984 Aristides,
809 2933 865 2973 et
896 2921 949 2973 in
981 2935 1077 2974 ore
1103 2920 1353 2974 omnium
1385 2931 1469 2976 est
1500 2937 1609 2977 non
1659 2924 1837 2978 solum
1871 2927 2060 2982 conci-

483 3011 660 3076 vium,
697 3011 793 3066 sed
847 3012 1014 3066 etiam
1049 3012 1194 3080 apud
1229 3011 1476 3069 conﬁnes
1519 3023 1713 3085 gentes
1760 3016 1904 3072 fama
1939 3019 2060 3089 ejus

482 3103 820 3172 percrebuit,
877 3113 932 3158 et
985 3119 1179 3159 omnes
1211 3106 1418 3174 pariter
1447 3107 1554 3162 viri
1599 3108 1760 3179 hujus
1786 3123 2059 3165 verecun-

2101 1877 2142 1934 B

2188 615 2420 686 βασιλίδι
2448 618 2504 680 ἐς
2531 637 2592 672 τε
2631 619 2957 688 Ὀρεστιάδα
2993 622 3088 675 καὶ
3116 624 3502 695 Διδυμότειχον
3531 629 3753 703 διαϐάσῃ

2182 710 2462 775 διαλλάξαι
2487 713 2613 778 τοὺς
2639 715 2794 778 νέους
2821 715 3095 786 ἀλλήλοις,
3131 719 3181 770 εἰ
3211 719 3490 788 δυνηθείη,
3517 722 3753 792 βαθείαις

2181 807 2324 861 τισὶν
2351 807 2611 878 ὑποψίαις
2637 810 2729 864 ἐπ’
2768 812 3034 882 ἀλλήλους
3061 816 3402 885 χρωμένους,
3450 818 3660 887 οὐδαμῆ
3699 822 3752 873 τδ

2185 897 2476 955 ἔνσπονδον
2517 902 2766 957 σύνοικον
2806 904 3199 976 κεκτημέναις.
3251 910 3528 964 Ματθαῖον
3561 911 3753 983 δηλαδὴ

2180 993 2272 1046 τὸν
2309 995 2423 1047 υἱὸν
2450 998 2545 1049 καὶ
2577 998 2667 1050 τόν
2689 1000 2867 1065 γε’ὲπὶ
2900 1000 3133 1070 Θυγατρί
3178 1004 3428 1072 γαμϐρὸν
3463 1005 3752 1058 Παλαιολό-

2181 1103 2277 1152 γον
2295 1087 2387 1140 τὸν
2408 1087 2653 1154 βασιλέα,
2682 1108 2746 1144 συ
2755 1094 3173 1163 μπαρειληφυῖα
3201 1097 3334 1163 πρός
3361 1113 3425 1162 γε
3449 1099 3558 1159 τοῖς
3581 1097 3752 1162 ἄλλοις

2179 1177 2274 1230 καὶ
2333 1178 2441 1233 τῶν
2498 1180 2806 1253 ἀρχιερέων
2863 1184 2956 1237 δύο
3011 1186 3392 1256 συνεκδήμους
3449 1189 3751 1257 μαρτυρίας

2179 1269 2362 1335 ἕνεκα,
2419 1274 2517 1326 καὶ
2562 1273 2680 1342 ἅμα
2724 1276 3014 1344 Ἄγγελον,
3067 1271 3111 1346 ᾧ
3143 1279 3421 1350 καθολικῷ
3451 1282 3752 1352 τηνικαῦτα

2182 1366 2588 1433 συμπέπτωκεν
2611 1365 2752 1423 εἶναι
2783 1375 2982 1441 κριτῇ·
3013 1371 3072 1435 ὃς
3102 1373 3202 1442 τῆς
3226 1374 3481 1444 πατρίδος
3510 1374 3752 1429 ἐντεῦθεν

2177 1455 2382 1522 ἐξιέναι
2419 1458 2705 1526 μέλλοντος
2740 1462 2874 1529 ἐμοῦ
2929 1463 3074 1516 πάνυ
3129 1482 3184 1517 τι
3220 1465 3340 1527 νέος
3365 1464 3430 1536 ἦν
3459 1468 3554 1520 καὶ
3603 1466 3750 1520 οὐπω

2177 1544 2330 1616 οἶμαι
2362 1548 2584 1618 ἔφηϐος,
2616 1551 2678 1624 [ί.
2713 1553 2813 1608 152
2839 1553 2895 1625 a]
2923 1557 3120 1628 εὐγενῆ
3173 1559 3219 1612 δ’
3251 1561 3400 1628 ὅμως
3429 1562 3750 1633 ὐπεζωγρά-

2179 1654 2269 1707 φει
2289 1641 2390 1708 τὴν
2417 1644 2471 1704 ἐς
2500 1642 2692 1710 λόγους
2717 1647 2932 1700 ἐκεῖθεν
2960 1648 3148 1717 φύσιν,
3180 1653 3276 1705 καὶ
3305 1653 3451 1722 μάλα
3481 1655 3750 1722 ἐπαγγελ-

2177 1730 2415 1802 λομένην
2452 1735 2589 1805 πρὸς
2625 1739 2807 1794 πᾶσαν
2839 1740 3042 1811 ἀρετῆς
3075 1742 3220 1796 ἰδέαν
3249 1745 3430 1814 εὐφυᾶ
3463 1746 3558 1800 τὸν
3585 1747 3748 1818 ἄνδρα

2177 1823 2245 1876 τὰ
2276 1826 2669 1896 συντομώτατα
2694 1835 3084 1902 καταστήσειν.
3117 1835 3335 1900 Πάντας
3367 1839 3476 1908 γὰρ
3507 1841 3623 1894 ὅσοι
3647 1843 3749 1894 τῶν

2179 1913 2296 1982 ἃμα
2333 1917 2482 1988 αὐτῷ
2504 1919 2605 1988 τῆς
2636 1923 2735 1990 σῆς
2764 1925 2954 1990 σιφίας
2980 1921 3124 1995 ἦσαν
3163 1926 3301 1991 τέως
3339 1931 3630 1999 ἀκροαταὶ,
3659 1933 3750 1986 καὶ

2175 2006 2285 2060 τῶν
2315 2009 2415 2078 τῆς
2450 2011 2548 2081 σῆς
2575 2013 2927 2078 διδασκαλίας
2958 2017 3177 2087 ἐκείνης
3209 2023 3502 2091 κρατήρων
3526 2025 3748 2091 φοιτῶν-

2174 2112 2265 2158 τες
2313 2097 2621 2166 ἁπήλαυον,
2694 2106 2926 2174 μακροῖς
2973 2109 3294 2176 παρήλαυνε
3349 2114 3461 2173 τοῖς
3531 2113 3749 2183 μέτροις

2173 2186 2361 2259 δρόμῳ
2385 2207 2440 2242 τε
2467 2190 2717 2261 γλώττης
2754 2197 2849 2250 καὶ
2869 2196 3111 2261 διανοίας
3142 2199 3384 2272 ὀξύτητι.
3431 2203 3548 2257 Νῦν
3573 2205 3630 2258 δὲ
3653 2205 3748 2276 τῆς

2175 2281 2395 2348 μακρᾶς
2426 2281 2642 2351 ἐκείνης
2672 2286 2988 2354 ἀππδημίας
3015 2289 3328 2359 ἀνειληφὼς
3364 2293 3623 2362 ἐμαυτὸν,
3651 2296 3748 2364 τῆς

2172 2372 2404 2442 φυσικῆς
2446 2375 2662 2444 ἐκείνης
2691 2379 3023 2447 ἐπαγγελίας
3055 2383 3264 2452 ἀμείνω
3293 2387 3422 2456 περὶ
3461 2387 3556 2440 τὸν
3580 2388 3746 2459 ἄνδρα

2172 2461 2355 2530 βλέπω
2379 2465 2477 2536 τὴν
2508 2467 2746 2540 βλάστην
2799 2471 2896 2525 καὶ
2927 2475 3235 2544 προοιμίων
3285 2478 3518 2532 ἐκείνων
3566 2482 3743 2552 πολλῷ

2168 2555 2241 2644 τά
2269 2557 2365 2611 νῦν
2394 2563 2836 2632 συμπεράσματα
2865 2567 3255 2639 κραταιότερα.
3284 2571 3375 2623 Διὸ
3407 2574 3503 2625 καὶ
3528 2573 3742 2644 βασιλι-

2168 2641 2274 2711 κῆς
2299 2644 2600 2716 ὲγγύτητός
2658 2665 2716 2702 τε
2744 2654 2839 2703 καὶ
2871 2653 3164 2722 εὐμενείας
3213 2656 3425 2721 οὐδενὸς
3457 2641 3569 2714 των
3595 2680 3744 2734 περι-

2166 2730 2438 2803 λάμπρων
2461 2735 2674 2806 ἀνδρῶν
2698 2739 3046 2812 ἐνδεέστερον
3081 2743 3382 2815 μετέχοντα
3410 2747 3625 2817 βλέπων
3652 2730 3740 2805 τὸν

2166 2825 2335 2898 ἄνδρα
2355 2828 2605 2900 γέγηοαο
2659 2832 2758 2903 ήδη
2792 2835 2902 2905 γὰρ
2939 2835 3010 2888 δι’
3041 2838 3246 2909 ἀρετῆς
3281 2842 3611 2910 περιουσίαν
3644 2846 3741 2900 κᾶν

2167 2920 2356 3008 μέσοις
2384 2924 2498 2986 τοῖς
2522 2922 2821 2992 βαςιλείοις
2849 2929 3386 3004 πεπαρῤησιασμένῃ
3423 2936 3491 3005 τῇ
3523 2935 3740 3008 γλώττῃ

2161 3007 2373 3061 διέπειν
2423 3012 2551 3076 τοὺς
2609 3013 2707 3082 τῆς
2757 3015 3068 3082 εὐθυδικίας
3103 3018 3364 3076 τέτακται
3413 3023 3616 3094 νόμους
3647 3007 3738 3079 καί

2163 3098 2271 3151 τῶν
2293 3099 2571 3170 δημοσίων
2599 3105 2942 3174 πραγμάτων
2978 3109 3286 3179 οἰκονομεῖν
3320 3114 3375 3164 ἐν
3397 3113 3582 3184 κρίσει
3615 3117 3736 3180 τοὺς

481 3196 568 3250 dia
601 3197 815 3252 imbuit.
871 3198 1215 3268 Quapropter
1261 3198 1426 3254 etiam
1474 3201 1663 3270 regina
1711 3216 1836 3256 cum
1883 3201 2054 3274 Didy-

2162 3189 2356 3259 λόγους
2390 3196 2481 3247 καὶ
2519 3197 2588 3250 τὰ
2617 3199 2945 3268 ψηφίσματα
2969 3215 2984 3230 ·
3007 3195 3088 3266 οἷς
3113 3203 3375 3275 ἀῤῥεπείς
3403 3207 3498 3258 τὸν
3523 3207 3737 3264 ἅπαντα

482 3291 781 3345 motichum
815 3291 1256 3361 proficisceretur
1293 3309 1418 3348 eum
1463 3295 1565 3350 sibi
1629 3302 1886 3352 comitem
1937 3314 2058 3354 esse

483 3383 654 3437 voluit
702 3393 760 3437 ut
793 3385 1026 3440 auribus
1067 3395 1123 3440 et
1156 3387 1330 3442 oculis
1361 3402 1484 3456 qua;
1534 3387 1608 3442 ibi
1652 3388 1972 3444 dicerentur
2001 3400 2059 3446 et

478 3489 771 3541 agerentur
803 3477 1123 3532 observaret
1144 3487 1198 3532 et
1218 3492 1436 3532 omnem
1461 3478 1649 3533 arbitri
1674 3480 2056 3535 auctoritatem

480 3564 728 3618 haberet.
789 3565 995 3636 Regina
1050 3575 1234 3621 autem
1281 3582 1408 3622 cum
1461 3582 1529 3622 eo
1581 3569 1824 3625 venisset
1868 3572 2054 3626 omnia

477 3671 819 3725 quascunque
869 3656 936 3711 ad
988 3656 1433 3726 persuadendum
1483 3648 1771 3728 aptissima
1827 3659 2058 3730 putabat

479 3748 705 3815 protulit
755 3758 810 3802 ct
862 3744 955 3802 ulii
1007 3748 1248 3816 graviter
1298 3749 1594 3820 objurgare
1643 3751 1696 3805 ei
1746 3766 1854 3806 non
1895 3751 2056 3807 licuit

479 3852 662 3908 regem
707 3839 963 3909 juvenem
997 3844 1175 3895 amice
1209 3855 1274 3895 ae
1322 3835 1535 3910 placide
1589 3844 1840 3898 tractavit
1893 3845 1965 3899 ita
1993 3852 2055 3900 ut

479 3930 670 3984 matris
696 3945 849 3986 more
877 3931 1282 4000 quodammodo
1320 3948 1446 3988 eum
1485 3934 1888 4005 objurgaverit.
1947 3936 2054 3991 Vo-

477 4021 578 4076 luit
611 4032 815 4086 autem,
851 4033 911 4076 ut
950 4039 1164 4078 summa
1216 4023 1472 4088 referam,
1507 4025 1685 4082 haece
1713 4046 1726 4082 :
1759 4038 1820 4082 ut
1851 4027 2053 4083 Pal-.eo—

476 4113 631 4183 lngus
649 4129 820 4184 gener
845 4125 902 4169 et
926 4130 1017 4168 rex
1050 4130 1146 4168 sua
1175 4125 1370 4184 sponte
1400 4118 1584 4172 uxoris
1616 4119 1767 4172 fratri
1799 4119 2051 4175 Matthzeo

476 4206 718 4275 regionis
748 4207 816 4261 ab
857 4207 1142 4262 Orestiade
1181 4223 1354 4278 usque
1389 4209 1455 4264 ad
1483 4209 1682 4280 Bizyen
1717 4213 2050 4282 pertinentis

478 4311 582 4349 una
621 4313 747 4352 cum
791 4299 923 4353 locis
952 4309 1006 4352 et
1053 4299 1288 4354 urbibus
1321 4299 1390 4354 ab
1437 4290 1670 4370 utraque
1705 4311 1860 4370 parte
1899 4301 2046 4366 sitis,

475 4402 743 4440 summam
779 4397 1103 4455 potestatem
1128 4390 1482 4453 concederet.
1517 4393 1631 4460 ipse
1655 4401 1837 4447 autem
1874 4394 2049 4462 regio-

472 4496 596 4534 nem
631 4496 658 4534 a
704 4479 1083 4550 Didymoticho
1115 4497 1289 4550 usque
1339 4482 1405 4536 ad
1439 4481 1894 4538 Thessalonicam
1945 4486 2045 4538 ad-

2162 3286 2353 3354 χρίνον
2390 3289 2485 3341 καὶ
2512 3287 2690 3358 πάντη
2715 3291 3132 3363 ἀκαπηλεύτους
3164 3296 3263 3361 τὰς
3290 3298 3392 3368 τῆς
3417 3299 3574 3370 δίκης
3607 3303 3738 3354 ἑπά-

2159 3394 2272 3445 γων
2325 3380 2664 3450 πλάστιγγας
2725 3384 2909 3455 θαῦμα
2943 3387 3021 3457 τῷ
3069 3387 3171 3459 βίῳ
3219 3388 3428 3460 γίνεται
3485 3393 3730 3465 μεῖζονῆ

2158 3471 2302 3525 κατὰ
2331 3474 2511 3529 πάντα
2554 3477 2764 3532 δίκαιον
2802 3480 3164 3553 ’Δριστείδην,
3211 3485 3306 3539 καὶ
3344 3487 3514 3541 πᾶσιν
3539 3487 3730 3552 ἁπλῶς

2159 3564 2516 3638 περιλάλημα
2566 3570 2888 3626 καθίσταται
2940 3576 3258 3644 κράτιστον,
3299 3578 3410 3650 ὀὐχ
3437 3581 3732 3650 ὁμοφύλοις

2161 3658 2342 3724 μόνον,
2399 3661 2519 3714 ἀλλ’
2562 3662 2664 3734 ἤδη
2704 3665 2796 3718 καὶ
2833 3666 2888 3729 ὲς
2918 3669 2988 3720 τὰ
3041 3669 3300 3738 περίοικα
3351 3670 3460 3725 τῶν
3487 3671 3662 3728 έονῶν
3697 3675 3729 3743 ἡ

2158 3749 2319 3818 φήμη
2367 3748 2686 3820 διέδραμεν,
2713 3753 2992 3823 ἀκήρατον
3034 3755 3280 3826 φέρουσα
3311 3758 3372 3812 τὸ
3404 3762 3606 3827 σεμνὸν
3635 3765 3729 3832 τῆς

2156 3839 2362 3901 αἰδοῦς.
2400 3842 2506 3894 Καὶ
2525 3843 2588 3914 δὴ
2618 3843 2792 3898 ταῦτα
2823 3847 2916 3898 καὶ
2947 3849 3284 3920 συνέκδημον
3329 3852 3362 3922 ὴ
3411 3852 3629 3922 βασιλὶς
3674 3857 3730 3919 ἐς

2155 3931 2536 4005 Διδυμότειχον
2564 3935 2732 4008 ἑαυτῇ
2762 3939 3020 4003 γενέσθαι
3057 3941 3166 3996 τῶν
3193 3943 3319 3998 καθ’
3339 3945 3504 3999 αὐτὸν
3531 3966 3728 4020 προτεο

2155 4026 2414 4098 τίμηκεν,
2445 4029 2519 4093 ὡς
2543 4031 2809 4103 αὐτήκοος
2841 4036 2940 4088 καὶ
2970 4036 3252 4108 αὐτόπτης
3297 4041 3415 4092 ἐκεῖ
3436 4042 3727 4111 γενόμενος

2153 4123 2248 4175 καὶ
2275 4122 2436 4186 αὐτὸς
2462 4123 2573 4177 τῶν
2605 4141 2665 4178 τε
2713 4127 2777 4198 δὴ
2829 4128 3249 4200 λεχθησομένων
3283 4133 3377 4186 καὶ
3411 4137 3725 4206 πραχθησο-

2158 4214 2337 4285 μένων
2360 4217 2574 4281 γένοιτο
2597 4219 2691 4272 καὶ
2736 4220 2946 4289 μάρτυς
2998 4224 3461 4296 ἀπαράγραπτος.
3514 4229 3724 4282 Ἐκεῖσε

2151 4306 2329 4360 τοίνυν
2353 4308 2383 4380 ἡ
2409 4308 2619 4378 βασιλὶς
2643 4313 2914 4384 γενομένη
2943 4316 3099 4369 πάντ’
3124 4317 3312 4386 ἔλεγεν
3340 4315 3419 4382 οἷς
3449 4338 3506 4373 τε
3533 4323 3725 4390 ἐμφω-

2151 4392 2330 4446 λεύειν
2385 4397 2600 4452 ὑπενόει
2653 4398 2752 4467 τὴν
2781 4402 2873 4454 τοῦ
2927 4403 3137 4458 πείθειν
3172 4408 3347 4477 ἰσχὺν,
3382 4411 3476 4462 καὶ
3513 4406 3595 4476 οἷς
3625 4414 3723 4466 οὐκ

2153 4485 2465 4556 ἐφεδρεύειν
2493 4486 2603 4560 εἶχε
2637 4493 2960 4561 σκυθρωπδν
3003 4497 3181 4563 οὐδὲν,
3205 4501 3314 4553 τῶν
3348 4505 3722 4575 ἐπιτιμήσεων

473 4571 890 4626 ministrandam
919 4572 1251 4643 susciperet,
1308 4575 1546 4642 reliquas
1574 4590 1764 4631 omnes
1797 4578 2046 4645 regiones

2162 4577 2358 4648 ἧμερόν
2387 4597 2508 4633 τινα
2537 4583 2740 4653 τρόπον
2775 4586 3162 4659 ὲνδεικνυμένη
3213 4591 3291 4662 τῷ
3316 4594 3419 4664 νέῳ
3473 4599 3570 4665 τὴν
3601 4601 3718 4668 ἡλι-

473 4679 580 4717 una
611 4678 736 4718 cum
775 4665 921 4734 regia
964 4675 1231 4734 potestate
1276 4667 1562 4736 utriusque
1591 4676 1746 4736 pater
1772 4669 2044 4722 (iantacu-

472 4772 641 4810 zenus
669 4756 973 4826 possideret
999 4773 1171 4826 usque
1199 4759 1264 4812 ad
1300 4758 1534 4823 obitum,
1597 4760 1797 4814 deinde
1841 4761 2040 4814 l’alzeo-

473 4847 626 4916 logns
679 4849 842 4917 hujus
899 4848 1112 4918 imperii
1171 4865 1459 4904 successor
1488 4850 1667 4906 fieret.
1747 4851 1822 4906 Te
1853 4852 2036 4914 igitur.

469 4940 631 5002 dixit,
668 4949 886 5009 oportet
907 4939 1291 4995 Cantacuzeno
1323 4953 1582 5010 tanquam
1619 4942 1776 5014 154
1811 4947 1950 5012 patri
1981 4953 2038 4998 et

467 5031 779 5098 reipublicae
797 5047 898 5086 usu
927 5030 1123 5085 edocto
1145 5041 1341 5084 cuncta
1361 5031 1669 5086 committas
1690 5043 1745 5086 et
1769 5034 1820 5086 in
1849 5035 2038 5102 primis

467 5124 670 5190 regiam
735 5131 1060 5192 potestatem
1112 5133 1172 5175 ut
1221 5123 1436 5177 labores
1507 5123 1600 5177 tibi
1653 5123 2036 5191 minucrit,si

466 5213 688 5281 quando
743 5215 857 5282 ipse
881 5213 946 5266 ad
1000 5228 1182 5266 rerum
1214 5213 1643 5280 gubernaculum
1686 5217 1946 5281 accedas,
1980 5228 2037 5272 et

466 5309 789 5378 priusquam
821 5308 938 5376 ipse
966 5320 1150 5360 rerum
1190 5307 1380 5360 turbas
1430 5307 1687 5376 degustes
1733 5326 1827 5364 eas
1861 5326 2037 5378 quan-

465 5409 581 5454 tum
617 5399 733 5453 fieri
769 5398 945 5465 petuit
973 5397 1068 5451 tibi
1101 5398 1399 5460 ordinarit.‘
1435 5398 1556 5453 Noli
1593 5399 1759 5468 igitur
1795 5416 2032 5470 unquam

465 5499 558 5544 tua
591 5491 833 5560 pericula
874 5498 1089 5544 vertere
1122 5490 1176 5544 in
1219 5490 1315 5544 lilii
1348 5505 1576 5560 regnum
1608 5491 1758 5560 quod
1812 5502 2032 5562 promer

465 5581 776 5635 afﬁnitatem
801 5581 1187 5636 eiconcessnm
1215 5591 1320 5637 est.
1365 5582 1505 5648 Quid
1530 5583 1700 5648 enim,
1729 5593 1782 5636 tu
1810 5585 1902 5652 qui
1926 5601 2030 5638 una

464 5689 588 5727 cum
621 5681 792 5726 matre
817 5674 870 5727 in
895 5689 1020 5727 eum
1056 5675 1328 5729 hostiliter
1354 5675 1534 5744 egisti,
1555 5675 1914 5731 nihilominus
1948 5688 2027 5732 ta-

465 5781 587 5824 men
624 5779 909 5834 postquam
940 5768 1242 5821 secundum
1274 5767 1404 5820 belli
1450 5767 1599 5836 leges
1631 5769 1683 5820 in
1725 5769 2030 5824 custodiam

462 5857 1015 5929 ductus,_deindcque
1050 5858 1327 5930 inopinato
1379 5859 1648 5917 liberatus
1703 5875 1793 5930 es,
1845 5861 1912 5918 ab
1964 5878 2029 5920 eo

2153 4672 2278 4723 κίαν
2309 4671 2538 4740 βασιλεῖ,
2592 4678 2868 4748 μητρικὴν
2913 4682 3214 4750 εἰσάγουσά
3275 4706 3392 4750 πως
3438 4692 3587 4762 αὐτῷ
3627 4692 3720 4765 τὴν

2152 4768 2492 4836 παραίνεσιν.
2525 4768 2608 4823 Τὰ
2633 4768 2802 4843 δὲῆν,
2830 4773 2904 4838 ὡς
2930 4777 2987 4826 ἐν
3020 4779 3303 4850 κεφαλαίῳ
3329 4782 3512 4849 φάναι,
3546 4803 3720 4858 πνρα-

2150 4860 2346 4925 χωρείν
2370 4859 2461 4911 τὸν
2479 4877 2547 4927 γα
2557 4861 2726 4934 μὸρὸν
2750 4866 2844 4917 καὶ
2871 4869 3098 4934 βασιλέα
3127 4870 3494 4941 Παλαιολόγον
3527 4878 3716 4931 ἑκόντι

2148 4945 2414 5017 Ματοαίῳ
2441 4947 2521 5018 τῷ
2553 4954 2965 5025 γυναικαδέλφῳ
2997 4957 3095 5026 τὴν
3128 4960 3186 5024 ἐξ
3221 4963 3565 5034 ὐρεστιάδος
3589 4968 3713 5036 ἄχρι

2149 5037 2346 5108 Βιζύης
2379 5041 2517 5109 μετά
2541 5059 2604 5110 γε
2633 5045 2741 5097 τῶν
2766 5046 3110 5119 ἑκατέρωθεν
3134 5054 3354 5121 χωρίων
3375 5055 3469 5107 καὶ
3507 5060 3714 5112 πόλεων

2147 5128 2252 5198 γῆν
2283 5131 2566 5202 αὐτονόμῳ
2594 5133 2858 5204 νέμεσθαι
2912 5137 3226 5210 δεσποτεία,
3264 5143 3429 5196 αὐτ-ἰν
3486 5145 3532 5198 δ’
3569 5145 3713 5216 ἔχειν

2145 5222 2242 5291 τὴν
2289 5224 2354 5276 ὲκ
2415 5224 2798 5295 Διδυμοτείχου
2851 5229 3016 5299 μέχρι.
3059 5231 3482 5304 Θεσσαλονίκης,
3537 5239 3628 5290 τὸν
3655 5238 3709 5291 δὲ

2146 5314 2321 5366 κοινὸν
2364 5317 2569 5384 ἀμφοῖν
2624 5320 2835 5389 πατέρα
2868 5322 3321 5394 Καντακουζηνδν
3349 5327 3438 5379 τὸν
3480 5328 3708 5398 βασιλέα

2143 5401 2212 5452 τὰ
2233 5401 2532 5471 λειπόμενα
2554 5407 2689 5473 μετὰ
2725 5406 2787 5477 [Γ.
2823 5409 2923 5462 15⁸2
2957 5409 3008 5481 ὁ]
3050 5412 3148 5481 τῆς
3181 5413 3571 5488 βασιλευούσης
3599 5421 3708 5472 τῶν

2143 5492 2351 5545 πόλεων
2383 5499 2546 5566 μέχρι
2580 5499 2854 5570 τελευτῆς,
2890 5503 2978 5554 ὅτε
3005 5505 3101 5556 καὶ
3155 5507 3336 5560 αὐτῶν
3371 5511 3706 5582 κληρονόμον

2142 5587 2325 5657 ἐντελῆ
2359 5589 2452 5640 καὶ
2483 5589 2726 5660 διάδοχον
2760 5594 2945 5659 μέλλει
3000 5613 3059 5648 σε
3110 5599 3482 5666 καταλείψειν.
3517 5605 3705 5672 Χρεὼν

2139 5679 2183 5731 δ’
2217 5676 2352 5733 εἷναί
2403 5699 2462 5734 σε
2513 5686 2752 5767 πάντως,
2791 5686 2998 5756 ἔλεγενι,
3032 5692 3128 5743 ὅσα
3173 5697 3268 5747 καὶ
3321 5697 3489 5764 πατρὶ
3521 5695 3612 5749 καὶ
3637 5700 3702 5765 τῇ

2139 5772 2245 5823 τῶν
2300 5778 2643 5844 πραγμάτων
2701 5781 3102 5852 ἐγγεγηρακότι
3161 5789 3366 5858 πείρᾳ,
3429 5789 3705 5843 πιστεύειν

2139 5863 2288 5935 αὑτῴ
2314 5866 2378 5922 τά
2410 5884 2462 5920 τε
2500 5869 2633 5923 ἄλλα
2663 5871 2754 5924 καὶ
2778 5873 2877 5944 τὴν
2904 5873 2997 5930 τοῦ
3021 5874 3310 5948 βασιλικοῦ
3355 5880 3469 5953 βίον
3503 5881 3702 5950 κυϐερ-
