4050 6600
295 473 399 540 137

1282 466 1416 532 BYZ
1434 470 1723 532 \NTINE
1765 464 2143 528 HISTORle
2189 462 2332 524 LIB.
2364 458 2605 525 XXVII.

3449 452 3544 521 illi

292 594 526 665 θόμσνος
565 593 674 663 γὰρ
732 591 894 655 εὐθὺς
943 588 1043 653 τὰς
1070 589 1164 642 τοῦ
1192 588 1315 659 ’μοῦ
1361 589 1565 657 πατρὸς
1598 578 1873 656 συνθήκας

1983 589 2033 635 et
2062 595 2181 650 quae
2217 579 2533 634 referuntur
2586 576 2721 633 milli
2758 578 2809 631 in
2843 577 2962 632 dies
2991 576 3236 648 planiora
3269 574 3422 639 flant,
3457 570 3545 629 illa

222 704 235 714 '
291 688 540 751 ὲκείνας,
568 687 634 758 ἢν
661 686 725 738 ὲκ
748 682 943 738 πολλοῦ
974 680 1252 754 βασιλείαν
1275 672 1649 750 ὠνειροπόλει.
1671 680 1876 753 ταύτης

293 778 583 849 ἀμέμνητο
614 777 808 847 μόνης,
831 774 890 829 δν
922 775 988 826 ὲκ
1025 771 1223 831 πολλοῦ
1270 772 1471 842 ζητῶν,
1530 772 1631 843 ἤδη
1678 771 1873 841 καιροῦ

291 872 622 941 λαόὗμενος.
661 870 772 922 Καὶ.
804 866 963 921 ταυτὶ
1018 865 1119 936 μὲν
1151 865 1326 932 ἔγωγε
1356 863 1469 917 τότ’
1492 863 1706 916 ἁκούων
1738 862 1876 931 πρὸς

292 965 413 1018 τῶν
444 963 828 1031 συνετωτέρων
856 950 1137 1013 πιστεύειν
1160 958 1263 1012 οὐκ
1292 953 1439 1026 εῐχον
1463 973 1474 987 ·
1499 955 1595 1008 νῦν
1618 953 1661 1008 δ’
1688 952 1723 1010 δ.
1756 955 1875 1008 τότε

296 1056 510 1127 ῥοθίοις
566 1054 905 1123 ἀνεκέκρατο
957 1052 1284 1121 στοχασμῶν
1312 1053 1391 1115 είς
1428 1051 1544 1119 ιρῶς
1592 1048 1874 1119 χωροῦντα

297 1149 498 1217 σαφῶς
523 1145 752 1217 ἐνορῶν,
782 1145 857 1209 ῶς
889 1145 1169 1217 είρήσεται
1209 1143 1455 1212 προῖόντι
1493 1160 1583 1212 μοι
1621 1141 1877 1214 καθαρώ-

293 1257 487 1309 τερον,
522 1238 785 1307 πείθομαι
836 1237 1069 1290 κάκεῖνα
1117 1234 1219 1303 τῆς
1250 1232 1506 1303 ἀληθείας
1530 1232 1750 1304 ἔχεσθαι
1779 1233 1875 1299 τῆς

291 1329 622 1398 adﬁgunt
645 1325 901 1397 γινώσκω
921 1323 1016 1379 τοῦ
1056 1324 1227 1378 πάλαι
1252 1323 1419 1392 φυτοῦ
1442 1323 1542 1393 τὴν
1578 1322 1758 1392 ῥίζαν,
1778 1320 1875 1389 ὀψὲ

292 1425 641 1494 γευσάμενος
664 1421 761 1475 τοῦ
786 1419 1022 1491 καρποῦ.
1047 1419 1120 1472 Οὐ
1142 1419 1259 1488 ¹γᾶιρ
1289 1416 1396 1487 ἔχω
1418 1418 1560 1469 νοεῖν
1582 1414 1689 1468 τῶν
1708 1415 1878 1469 ἁπάν-

292 1534 413 1572 των
458 1517 649 1586 ἕτερον
696 1514 909 1585 οὐδαμῆ
970 1513 1053 1565 ὅτι
1107 1510 1228 1563 ποτ’
1256 1511 1322 1565 ἂν
1355 1512 1439 1579 εἴη
1471 1508 1533 1561 τδ
1563 1507 1876 1578 μεταθεῖναι

294 1613 499 1664 πεῖσαν
520 1608 662 1663 κατὰ
689 1608 792 1675 τῆς
818 1605 956 1676 ἐμῆς
985 1605 1084 1665 τὴν
1120 1602 1311 1656 τούτου
1348 1600 1578 1670 γνώμην
1610 1597 1874 1668 κεφαλῆς.

293 1704 369 1758 Εἰ
395 1702 493 1773 μὲν
518 1702 627 1771 γὰρ
647 1700 759 1755 τότ’
784 1698 1010 1752 ἐδύνατο
1060 1695 1182 1765 μὲν,
1221 1695 1323 1748 οὐκ
1356 1692 1609 1746 ἐϐούλετο
1646 1691 1725 1757 δὲ,
1759 1691 1877 1752 πὼς

295 1797 402 1850 νῦν
435 1795 512 1865 μὴ
539 1793 839 1862 δυνάμενος
876 1790 1165 1861 βούλεται;
1202 1788 1266 1841 Ei
1298 1786 1358 1840 δὲ
1388 1786 1480 1839 καὶ
1509 1784 1631 1838 τότε
1661 1783 1757 1837 καὶ
1782 1781 1877 1836 νῦν

293 1884 405 1953 τῆς
430 1882 599 1950 αὐτῆς
653 1882 772 1934 ἐστι
802 1879 1049 1948 γνώμης,
1085 1874 1173 1929 διὰ
1195 1874 1245 1928 τί
1294 1872 1644 1942 πρεσϐύτερα
1679 1871 1776 1942 μὲν
1806 1872 1876 1924 τά

293 1973 403 2041 τῆς
431 1971 629 2032 κακίας
662 1969 978 2039 σπέρματα,
1004 1962 1266 2035 νεήλυδας
1299 1962 1343 2015 δ’
1367 1960 1691 2029 ἀποφαίνειν
1718 1958 1873 2013 ἐπεί-

292 2080 462 2134 γεται
502 2063 601 2127 τὰς
650 2061 761 2115 τῶν
799 2058 1065 2130 ἀφορμῶν
1121 2057 1573 2126 τερατομόρςρους
1603 2053 1871 2125 εὑρέσεις,

293 2154 401 2207 καὶ
438 2151 601 2221 φύρει
629 2153 730 2219 τὴν
760 2147 995 2217 φυσικὴν
1032 2146 1142 2200 τῶν
1201 2143 1551 2215 πραγμάτων
1581 2141 1753 2205 θέσιν,
1785 2140 1878 2193 ἐπὶ

293 2245 364 2300 τὸ
388 2244 743 2300 ἀνακόλουθον
776 2242 994 2314 τρέπων
1018 2238 1113 2310 τὴν
1149 2237 1419 2309 ἁρμονίαν
1441 2235 1536 2290 καὶ
1568 2233 1684 2288 ἄνω
1710 2250 1879 2285 ποτα.

300 2340 428 2410 μῶν
458 2338 657 2408 χωρεῖν
690 2336 789 2397 τὰς
819 2332 999 2403 πηγὰς
1037 2330 1381 2401 βιαζόμενος.
1446 2327 1507 2380 Ei
1538 2325 1647 2397 γὰρ
1674 2325 1749 2405 μὴ
1780 2324 1877 2377 λά-

295 2430 402 2483 λον
423 2429 525 2509 τὴν
574 2427 825 2495 γλῶτταν
857 2422 1008 2493 αὐτῷ
1057 2421 1160 2491 τῆς
1199 2418 1418 2488 φύσεως
1460 2416 1876 2489 παρασχούσης,

296 2521 677 2591 ἁνικλάλητον
692 2519 758 2571 ἐκ
778 2515 873 2570 τοῦ
901 2532 965 2584 γε
994 2514 1193 2585 ῥᾴστου
1224 2512 1326 2581 τὴν
1351 2509 1584 2580 μελέτην
1608 2509 1878 2577 ἔκρυπτεν

297 2618 366 2669 δν
401 2613 733 2683 ἀπορρήτοις
766 2610 956 2679 μυχοῖς
986 2607 1087 2677 τῆς
1117 2603 1366 2674 καρδίας,
1397 2601 1512 2656 ἀλλ’
1540 2601 1632 2654 οὖν
1658 2600 1787 2653 ὲσόα
1812 2601 1878 2653 τὰ

300 2687 616 2774 πράγματα
644 2701 737 2753 καὶ
771 2699 950 2750 πᾶσαν
977 2693 1148 2765 ἀκοὴν
1185 2691 1443 2763 περιήχει
1476 2689 1703 2761 βροντῆς
1735 2689 1879 2742 ἀπά-

302 2813 415 2867 σης
454 2794 783 2865 τρανότερον
807 2807 821 2822 ’
854 2790 889 2844 "1
920 2787 1123 2859 μᾶλλον
1157 2786 1455 2840 ἀδέκαστον
1496 2784 1611 2854 ἔχει
1647 2783 1745 2854 τὴν
1772 2781 1878 2851 ψῆ-

300 2908 415 2960 φον
436 2890 536 2960 τῆς
568 2885 870 2959 μαρτυρίας
923 2884 1020 2937 καὶ
1068 2880 1418 2934 παντάπασιν
1471 2876 1873 2948 ἀκαπήλευτον.

302 2985 383 3037 ἰι
407 2981 670 3054 φρασάτω
699 2976 787 3050 μοί
819 2992 905 3059 τις
922 2973 1232 3045 παρελθὼν,
1257 2972 1311 3026 τί
1348 2969 1458 3025 τῶν
1489 2971 1751 3024 ἁπάντων
1783 2968 1876 3059 atti-

302 3080 407 3131 τὸν
435 3074 690 3145 ἠρέθισεν
728 3057 917 3142 ἓτερον
945 3069 1004 3131 ἒς
1028 3066 1205 3136 λήθην
1246 3064 1346 3135 μὲν
1378 3060 1694 3126 ἐληλυθέναι
1719 3057 1877 3131 Θεού,

302 3168 495 3239 φιλίας
521 3167 567 3220 δ’
584 3165 816 3234 ἐνέχυρα
849 3163 985 3216 τόσα
1013 3160 1109 3215 καὶ
1136 3157 1271 3212 τόσα
1305 3153 1611 3223 παρασχεῖν
1644 3152 1707 3202 ἐκ
1736 3148 1876 3202 πάνυ

303 3259 510 3313 πολλοῦ
546 3257 625 3327 τῷ
661 3254 923 3327 βαρϐάρῳ
960 3252 1058 3305 καὶ
1092 3248 1283 3304 ἀσεδεί
1313 3247 1413 3316 τῆς
1440 3243 1640 3305 Λυδίας
1671 3241 1877 3312 σατρά-

303 3372 414 3427 πῃ,
454 3353 549 3406 καὶ
596 3348 837 3419 ὁρκῶσαι
888 3346 986 3416 μὲν
1053 3343 1262 3397 ἐκεῖνον
1316 3338 1473 3408 ’ὑπὲρ
1500 3336 1667 3389 αὐτοῦ
1705 3335 1881 3427 κινδυξ

303 3425 493 3501 νεύειν
544 3443 673 3514 ἄχρι
729 3441 990 3502 θανάτου,
1035 3434 1267 3507 ὀμνύναι
1297 3432 1343 3485 δ’
1382 3429 1553 3485 αὑτὸν.
1585 3429 1784 3497 ἐκείνῳ
1810 3425 1881 3478 τὰ

306 3541 443 3600 ἴσας
483 3535 518 3605 ἢ
538 3535 752 3595 πάντως
775 3531 803 3584 δ
828 3530 1009 3599 ἔργοις
1037 3523 1460 3596 ὰναντιρῤήτοις
1483 3518 1684 3584 ἔδειξεν
1720 3518 1749 3570 ὓ
1765 3531 1880 3568 ιτε-

198 3688 216 3697 -
307 3648 411 3701 ρον
441 3627 537 3682 τοῦ
572 3625 697 3696 ’μοῦ
731 3622 938 3694 πατρὸς
965 3620 1061 3674 καὶ
1091 3616 1356 3688 βασιλέως
1397 3613 1653 3674 θανόντος
1694 3608 1877 3673 εὐθύς.

305 3723 439 3777 Τῶν
465 3719 574 3789 γὰρ
603 3716 865 3786 ὑπηκόων
922 3714 1023 3782 τὴν
1070 3709 1388 3778 ἐγχείρησιν
1413 3706 1475 3757 οὐ
1506 3702 1883 3775 προσιεμένων

305 3813 505 3879 αὐτοῦ,
533 3809 746 3882 προϐὰς
773 3806 840 3879 [1³.
882 3804 982 3860 154
1007 3800 1059 3875 b]
1088 3799 1298 3855 ἐκεῖθεν
1348 3797 1681 3867 τυραννικὴν
1704 3794 1883 3847 ποιεῖ-

303 3924 405 3964 ται
425 3905 523 3976 τὴν
550 3901 914 3970 ἀναγόρευσιν
932 3893 1129 3950 ἑαυτοῦ
1153 3908 1166 3922 ’
1193 3890 1409 3945 κᾶπειτ’
1434 3887 1883 3958 ἀποτυγχάνοντα

303 4001 413 4053 καὶ
430 3997 602 4060 οὓτως
625 3994 717 4047 τὸν
757 3990 971 4056 Ἰξίονος
995 3987 1196 4041 ἄτοπον
1226 3982 1406 4053 ἔρωτα
1428 3980 1641 4052 βλέπων
1670 3980 1881 4050 (ᾶπαν-

305 4108 408 4154 τες
426 4094 535 4160 γὰρ
560 4087 861 4158 ἀφίσταντο
881 4081 984 4150 τῆς
1010 4075 1178 4134 αὑτοῦ
1216 4074 1573 4147 τυραννίδος)
1608 4088 1884 4144 προσεκα-

304 4186 459 4237 λεῖτο
494 4178 683 4234 λοιπὸν
709 4177 770 4231 οὐ
804 4178 897 4230 τδν
917 4173 1019 4242 τῆς
1049 4170 1206 4241 δίκης
1227 4168 1544 4237 προστάτην
1570 4164 1722 4230 Θεὸν,
1744 4163 1885 4217 ἀλλὰ

303 4281 409 4333 τὸν
458 4275 557 4345 τῆς
607 4272 793 4326 ἀδίκου
854 4267 1050 4336 μανίας
1110 4261 1388 4334 βάρσαρον
1444 4258 1758 4326 σύμμαχον,
1783 4252 1883 4315 τὰς

305 4371 588 4439 ἐκδήμους
608 4363 824 4425 ὲκείνας
843 4356 1202 4430 ἀγωνιεῖσθαι
1228 4354 1441 4425 μέλλων
1464 4348 1719 4420 λῃστεῖαι
1743 4346 1883 4400 κατὰ

306 4457 685 4532 Χριστιανῶν,
711 4457 795 4508 ὅτι
819 4453 928 4506 τῶν
949 4449 1159 4503 πολλῶν
1187 4445 1457 4516 βασιλέων
1485 4445 1509 4495 ὲ
1518 4440 1587 4513 μὲ
1612 4456 1884 4511 προσεκα-

304 4554 503 4609 λοῦντο
521 4549 785 4618 διάδοχον.
810 4544 922 4598 Καὶ
944 4541 1136 4612 θέρους
1158 4540 1259 4609 μὲν
1281 4535 1716 4605 ὲγκαθεζόμενον
1741 4533 1882 4602 ἔχων

1978 687 2197 744 quoque
2257 687 2316 727 re
2362 688 2484 727 vera
2531 671 2668 725 facta
2706 686 2826 727 esse
2877 669 3011 724 mihi
3072 667 3397 737 persuadeo.
3429 666 3546 721 .lam

1981 764 2225 839 intelligo
2258 766 2537 838 quomodo
2569 766 2752 836 planta
2777 765 2933 836 cujus
2962 762 3145 832 fruges
3175 777 3297 816 sero
3323 761 3570 844 demunt

1978 859 2220 929 percipio
2254 859 2466 913 radices
2507 856 2742 928 ceperit,
2776 871 2955 928 neque
2994 854 3124 926 quid
3151 855 3299 910 aliud
3334 870 3399 909 ex
3434 870 3549 908 om-

1980 951 2141 1006 nibus
2176 950 2295 1006 istis
2333 951 2468 1005 mihi
2499 944 2908 1020 redundat'quo
2948 947 3000 1002 id
3040 949 3185 1019 quod
3224 931 3548 1019 persuasum

1980 1044 2154 1099 habeo
2188 1039 2524 1099 diluatur.Si
2559 1041 2704 1097 enim
2739 1041 2829 1098 illo
2861 1052 3108 1112 tempore
3140 1040 3287 1110 quod
3317 1039 3552 1094 valuerit

1979 1134 2177 1198 noluit,
2209 1134 2343 1206 quid
2377 1135 2449 1205 sit
2487 1150 2588 1191 cur
2621 1133 2787 1192 hodie
2822 1132 2967 1205 quod
2998 1128 3130 1188 velit
3168 1148 3279 1187 non
3312 1129 3550 1202 amplius

1978 1227 2283 1283 valeat?Si
2322 1243 2451 1283 vero
2478 1226 2670 1283 eodem
2706 1241 2815 1297 quo
2844 1233 3004 1282 antea
3038 1226 3142 1281 fuit
3178 1225 3341 1280 hodie
3366 1225 3550 1279 animo

1979 1328 2083 1383 est,
2102 1319 2234 1389 quid
2272 1320 2339 1374 de
2368 1319 2646 1389 prioribus
2674 1317 2801 1383 istis
2838 1318 3173 1388 ﬂagitiorum
3201 1316 3553 1374 Seminibus?

1979 1414 2248 1471 Nimirum
2278 1416 2459 1487 cupidi
2497 1415 2665 1471 animi
2697 1416 2782 1471 sui
2812 1416 2950 1471 mira
2981 1416 3200 1471 inventa
3223 1431 3288 1470 ac
3323 1408 3553 1469 consilia

1979 1508 2138 1579 quasi
2170 1511 2414 1565 recentia
2444 1509 2601 1564 nobis
2629 1517 2756 1563 ante
2802 1508 2995 1565 oculos
3031 1522 3237 1578 ponere
3267 1516 3321 1561 et
3366 1521 3550 1562 rerum

1975 1602 2183 1672 justum
2222 1602 2472 1658 ordinem
2505 1600 2828 1672 perturbare
2859 1601 3049 1654 stndet
3081 1601 3155 1654 ita
3187 1610 3245 1654 ut
3270 1599 3416 1670 quod
3451 1616 3555 1655 [ιρι

1981 1694 2237 1748 cessitate
2278 1692 2337 1747 fit
2380 1702 2639 1761 tanquam
2669 1706 2814 1748 caeco
2850 1706 2983 1746 casu
3010 1690 3215 1746 factum
3249 1690 3462 1754 reddat,
3496 1694 3553 1745 et

1980 1784 2269 1839 ﬂuminum
2311 1799 2483 1854 aquas
2518 1793 2578 1839 ut
2604 1792 2750 1840 retro
2782 1784 2952 1839 fluant
2985 1794 3164 1856 cogat.
3201 1778 3410 1850 Quodsi
3449 1794 3551 1836 na-

1983 1863 2104 1932 tura
2123 1873 2175 1932 ei
2196 1878 2436 1948 linguam
2455 1878 2576 1933 sine
2595 1892 2731 1933 voce
2756 1876 3022 1943 dedisset,
3049 1876 3305 1932 facillime
3329 1875 3548 1946 quidem

1978 1966 2205 2024 consilia
2251 1968 2306 2023 in
2363 1969 2555 2024 intimo
2606 1978 2825 2040 pectore
2876 1966 3179 2023 recondere
3235 1970 3547 2040 potuisset;

1978 2060 2075 2116 sed
2115 2060 2355 2117 facinora
2389 2061 2504 2132 ipsa
2550 2062 2863 2118 clamabant
2911 2075 3215 2132 eorumque
3262 2076 3367 2117 vox
3400 2063 3549 2117 circa

1978 2168 2138 2210 aures
2168 2156 2401 2210 sonabat
2450 2156 2657 2211 tonitru
2699 2156 2941 2227 gravior.
2986 2156 3143 2211 Unde
3175 2153 3552 2225 incorruptius

1977 2255 2030 2299 et
2053 2244 2262 2300 certius
2290 2246 2665 2303 testimonium
2708 2246 2909 2301 factum
2939 2254 3042 2301 est.
3074 2248 3182 2300 Aut
3229 2244 3377 2300 dicat
3414 2241 3549 2299 mihi

1978 2337 2120 2392 alius
2152 2338 2423 2409 quispiam
2455 2339 2588 2409 quid
2625 2339 2698 2394 sit
2741 2339 2886 2408 quod
2921 2338 3284 2394 commoverit
3333 2353 3458 2392 eum
3492 2345 3553 2392 ut

1981 2429 2076 2483 Dei
2110 2430 2282 2485 nostri
2316 2431 2520 2485 oblitus
2555 2440 2637 2486 tot
2688 2441 2839 2486 arcta
2870 2430 3128 2486 amicitiae.
3155 2425 3375 2486 vincula
3425 2445 3548 2486 cum

1979 2522 2213 2576 barbaro
2238 2532 2294 2577 et
2324 2521 2493 2592 impio
2528 2521 2710 2594 Lydia:
2739 2531 2960 2593 satrapa
2991 2522 3176 2577 inierit
3200 2530 3257 2576 et
3286 2537 3410 2577 cum
3448 2522 3554 2577 hoc

1974 2614 2336 2684 iuraiuranda
2373 2616 2567 2671 fecerit
2596 2632 2663 2671 ex
2692 2615 2895 2686 quibus
2946 2627 3198 2669 mutuum
3237 2614 3341 2670 sibi
3376 2630 3554 2685 usque

1977 2705 2043 2760 ad
2074 2714 2303 2762 mortem
2335 2707 2597 2763 auxilium
2629 2702 2857 2777 polliciti
2900 2718 3049 2763 sunt.
3099 2710 3294 2765 Annon
3326 2723 3554 2780 prorsus
3656 2762 3665 2775 ,

1980 2797 2218 2853 nefanda
2256 2798 2500 2854 facinora
2547 2794 2719 2855 edidit
2790 2814 2914 2854 cum
2952 2815 3046 2855 rex
3083 2808 3139 2854 et
3188 2810 3342 2871 pater
3394 2812 3554 2854 meus

1981 2901 2231 2946 mortuus
2252 2892 2410 2963 160
2437 2891 2625 2948 esset?
2644 2891 2780 2948 Cum
2811 2891 2955 2948 enim
2979 2894 3126 2949 cives
3158 2893 3402 2963 regimen
3431 2896 3552 2963 ejus

1982 2997 2090 3037 non
2142 2977 2323 3039 facile
2346 2992 2690 3054 paterentur.
2730 2999 2798 3039 eo
2836 3000 3161 3057 progressus
3207 2995 3290 3041 est
3326 2992 3409 3047 up
3433 2999 3555 3040 sese

1983 3085 2280 3147 tyrannum
2311 3077 2657 3142 declararet;
2693 3076 2787 3133 sed
2835 3076 3036 3131 deinde
3077 3091 3201 3131 cum
3251 3074 3389 3130 nihil
3447 3075 3551 3129 sibi

1982 3179 2241 3236 prospere
2259 3166 2454 3222 cedere
2478 3175 2534 3222 et
2557 3165 2760 3221 Ixionis
2781 3167 3032 3221 ins-mum
3050 3181 3291 3221 amorem
3318 3181 3376 3220 se
3398 3178 3554 3220 exer~

1982 3268 2107 3308 cere
2135 3254 2364 3309 vidisset
2409 3284 2480 3295 -—-
2522 3269 2713 3309 omnes
2765 3255 2912 3310 enim
2968 3258 3037 3310 ab
3090 3257 3211 3326 ejus
3260 3253 3553 3327 tyrannide

1985 3342 2363 3399 abhorrebant
2387 3375 2451 3385 -—
2479 3345 2620 3400 alius
2650 3360 2871 3415 operam
2903 3355 2957 3401 ct
2988 3346 3252 3403 auxilium
3280 3344 3383 3401 sibi
3416 3342 3555 3400 ascia-

1984 3435 2082 3498 vit,
2121 3450 2228 3490 non
2278 3436 2372 3490 Dei
2406 3436 2631 3506 quidem
2681 3438 2839 3508 cujus
2884 3439 3150 3493 auxilium
3186 3435 3552 3511 justissimum

1983 3539 2085 3590 est,
2121 3529 2215 3585 sed
2243 3529 2556 3601 impiissimi
2594 3530 2813 3586 barbari
2845 3532 2994 3587 illius
3025 3541 3084 3588 ut
3132 3532 3552 3603 peregrinorum

1985 3620 2195 3689 rapinis
2245 3620 2589 3678 Christianos
2640 3632 2886 3687 vexaret,
2946 3626 3037 3696 qui
3087 3623 3311 3696 regibus
3365 3627 3555 3680 multis

1984 3710 2092 3766 illis
2127 3721 2186 3767 ut
2211 3724 2313 3783 ego
2349 3714 2703 3769 succederem
2754 3716 3034 3771 volebant.
3075 3716 3262 3787 Itaque
3301 3727 3551 3789 tempore

1982 3803 2174 3859 aestivo
2212 3820 2335 3860 cum
2374 3803 2739 3879 Barbarorum
2772 3818 2827 3864 et
2857 3803 3096 3865 hostium
3141 3794 3359 3866 illorum
3390 3826 3552 3866 exer-

1986 3896 2097 3951 citu
2120 3894 2395 3952 Thracum
2418 3896 2636 3954 urbium
2657 3898 2909 3969 regiones
2930 3897 3218 3972 populatus
3244 3915 3349 3970 est,
3374 3904 3554 3960 hieme

1986 3996 2169 4043 autem
2208 3989 2357 4058 ipsas
2389 3991 2553 4047 urbes
2585 3994 2822 4048 vastavit
2850 4001 2907 4049 et
2959 3995 3320 4052 circumcirca
3373 4011 3555 4069 neque

1985 4081 2050 4132 ad
2086 4091 2273 4148 portas
2298 4093 2494 4138 cuncta
2521 4083 2755 4154 diripuit
2782 4096 2837 4141 et
2868 4084 3120 4159 homines
3145 4088 3200 4143 in
3227 4090 3553 4145 servitutem

1986 4170 2208 4225 abduxit
2252 4188 2564 4244 quanquam
2629 4176 2824 4232 borum
2888 4193 2987 4249 per
3041 4179 3212 4237 solem
3252 4190 3309 4236 et
3354 4190 3552 4236 terrain

1986 4264 2141 4330 culpa
2174 4265 2322 4320 nulla
2357 4266 2550 4322 fuerat.
2594 4266 2701 4324 Sed
2734 4269 2789 4325 in
2816 4267 2922 4327 hac
2964 4286 3129 4328 scena
3177 4272 3265 4328 vel
3317 4274 3555 4329 maxime

1988 4358 2322 4414 horrendum
2374 4370 2514 4427 erat,
2542 4361 2689 4432 quod
2724 4360 2951 4417 Barbari
2991 4363 3224 4434 captivis
3263 4376 3553 4436 postquam

1987 4450 2372 4507 miserabiliter
2399 4467 2496 4508 eos
2523 4468 2709 4509 secum
2745 4464 3051 4521 traxerunt,
3076 4466 3323 4512 ventrem
3352 4458 3559 4513 incide-

1989 4544 2120 4598 bant
2143 4554 2200 4599 et
2237 4560 2433 4620 manus
2463 4560 2592 4601 suas
2620 4547 2899 4618 pedesque
2930 4546 3232 4617 infigebant
3267 4560 3329 4604 ut
3355 4550 3553 4605 calefa-

303 4651 409 4701 τὸν
436 4641 709 4715 βάρὸαρον
735 4639 832 4699 καὶ
860 4633 1123 4702 πολέμιον
1154 4633 1363 4684 ἐκεῖνον
1419 4628 1653 4697 στρατὸν
1698 4622 1880 4691 ἔκειρε

1985 4645 2199 4691 cerent.
2234 4635 2325 4692 Sic
2350 4638 2858 4706 praestantissimam
2887 4639 2983 4694 Dei
3016 4649 3336 4696 creaturam
3374 4640 3555 4698 homi-

302 4739 416 4808 τὴν
438 4737 545 4789 τῶν
573 4730 864 4802 Θρᾳκικῶν
889 4727 1100 4779 πόλεων
1135 4724 1265 4791 γῆν,
1291 4719 1559 4791 χειμῶνος
1579 4718 1639 4771 δὲ
1660 4717 1755 4771 καὶ
1778 4717 1881 4808 αὐ-

301 4807 414 4889 τάς
448 4825 668 4896 ἠρήμου
694 4821 793 4883 τὰς
825 4818 1034 4882 πόλεις,
1065 4815 1135 4868 τά
1168 4812 1336 4884 πέριξ
1363 4811 1583 4864 ἅπαντα
1637 4807 1884 4896 ληῖςόμε·

307 4921 405 4981 νός
436 4891 503 4969 τέ
639 4908 1169 4983 ἀνδραποδιζόμενος
1198 4905 1329 4974 ἄχρι
1355 4902 1564 4967 πυλῶν,
1595 4901 1687 4969 ὑφ’
1718 4893 1816 4966 ὧν,
1838 4891 1884 4950 ὦ

302 5013 383 5081 γῆ
421 5007 513 5062 καὶ
550 5006 692 5077 ἥλιε,
722 5003 874 5056 οὐδὲν
915 4999 1275 5072 προηδίκητο.
1311 4994 1507 5049 Καὶίτὸ
1529 4994 1631 5062 τῆς
1660 5007 1884 5062 τραγῳ-

300 5107 431 5164 δίας
464 5099 792 5172 βαρύτατον,
820 5092 1034 5147 ὅτιτῶν
1063 5088 1425 5160 αἰχμαλώτων
1454 5084 1704 5147 ἐλεεινῶς
1751 5085 1883 5151 άγο⁶

305 5196 496 5267 μένων
526 5191 801 5261 σχίζοντες
849 5185 948 5248 τὰς
992 5183 1265 5252 γαστέρας
1313 5180 1364 5233 οἱ
1395 5177 1664 5249 βάρϐαροι
1694 5174 1793 5238 τάς
1821 5190 1883 5227 τε

301 5289 505 5357 χεῖρας
557 5281 771 5334 ἑαυτῶν
800 5278 896 5330 καὶ
931 5276 1061 5338 τοὺς
1105 5273 1277 5336 πόδας
1316 5271 1540 5357 εἰσῆγον
1580 5268 1748 5329 ἀλέας
1784 5282 1885 5335 με-

299 5355 474 5452 τρίας
505 5374 710 5437 είνεκα,
740 5371 801 5425 τὸ
826 5366 1156 5439 τιμιώτατον
1182 5365 1371 5432 κτῆμα
1392 5355 1527 5414 Θεοῦ
1553 5362 1645 5413 τὶν
1677 5357 1887 5427 ἄνθρω-

303 5451 417 5527 τιρν
450 5470 762 5538 φθείροντες
792 5463 981 5533 ὥσπερ
1042 5460 1100 5511 έν
1151 5457 1371 5518 παιδιᾶς
1430 5455 1693 5524 σχήματι.
1752 5452 1811 5502 'U
1840 5451 1883 5503 δ’

300 5568 439 5619 οὒτε
475 5562 790 5628 ἐκάμπτετο
814 5554 1031 5625 βλέπων
1060 5553 1159 5620 τὴν
1181 5549 1292 5603 τῶν
1319 5549 1612 5616 ὁμοφύλων
1643 5545 1886 5613 ἐλεεινὴν

302 5651 624 5725 τραγῳδίαν
662 5646 902 5714 ἰκείνην,
937 5639 1049 5695 οὔτ’
1079 5642 1270 5693 είκόνα
1300 5635 1433 5705 γοῦν
1455 5653 1598 5697 τινος
1626 5633 1887 5705 βραχείας

304 5744 530 5816 quasi);
560 5735 904 5792 ὲνετύπωσεν
923 5736 1060 5797 ὅλως
1113 5732 1194 5803 τῷ
1240 5731 1342 5802 τῆς
1371 5729 1549 5800 ψυχῆς
1602 5728 1887 5793 συνειδότι,
1933 5807 1937 5811 _

307 5836 432 5893 αλλ’
489 5833 797 5905 ἡμιθνῆτας
832 5830 913 5883 ἔτι
965 5829 1059 5881 καὶ
1104 5826 1477 5895 ἀσπαίροντας
1525 5824 1762 5891 ἔφιππος
1793 5826 1889 5873 καὶ

308 5932 478 5993 αὐτὸς
502 5926 676 5981 ἐπιὼν
708 5927 807 5977 καὶ
836 5921 1157 5992 συμπατῶν,
1179 5919 1277 5989 τὴν
1307 5918 1416 5970 τῶν
1460 5917 1624 5970 λίθων
1647 5915 1889 5984 ἀναλγη-

642 6022 914 6080 Paeon.
948 6017 1062 6078 GR.
1104 6013 1374 6075 CXLIX.

1988 4742 2114 4783 nem
2151 4729 2503 4784 trucidabant
2529 4728 2689 4800 quasi
2724 4731 2830 4786 sibi
2874 4731 3039 4787 ludus
3072 4744 3242 4788 esset.
3292 4731 3560 4790 Cantacu-

1984 4831 2156 4870 zenus
2205 4816 2425 4872 interim
2484 4834 2610 4873 cum
2674 4835 2902 4874 suorum
2964 4821 3332 4877 miserabilem
3411 4824 3556 4878 illam

1988 4908 2425 4973 internecionem
2460 4910 2694 4975 videret,
2722 4913 2909 4967 animo
2954 4928 3063 4967 non
3117 4921 3430 4969 commotus
3474 4927 3560 4969 cst

1986 5009 2041 5055 et
2070 5000 2298 5071 pudoris
2337 5018 2405 5058 ne
2432 5003 2721 5058 minimum
2757 5004 2987 5074 quidem
3014 5004 3180 5059 animi
3207 5006 3562 5062 conscientia:

1989 5093 2304 5163 impressit;
2345 5094 2437 5149 sed
2485 5095 2553 5150 ad
2598 5096 2904 5151 semineces
2954 5098 3180 5169 jamque
3222 5098 3562 5170 palpitantes

1987 5197 2157 5253 eques
2191 5183 2481 5249 accedens,
2529 5184 2695 5241 etiam
2756 5185 2908 5257 161
2957 5201 3054 5242 eos
3098 5187 3557 5259 supergrediens,

1989 5290 2215 5346 omnem
2237 5277 2635 5333 humanitatem
2666 5295 2870 5334 exuere
2895 5291 2952 5335 et
2983 5281 3035 5335 in
3068 5281 3268 5335 durum
3319 5281 3557 5351 lapidem

1988 5382 2046 5421 se
2089 5380 2299 5425 mutare
2331 5369 2467 5425 velle
2503 5369 2655 5424 visus
2681 5379 2789 5433 est,
2834 5386 2903 5425 eo
2950 5372 3180 5427 consilio
3208 5380 3267 5427 ut
3305 5382 3556 5427 naturam

1990 5472 2147 5511 suam
2174 5460 2471 5513 immanem
2504 5459 2571 5514 ad
2602 5469 2883 5528 posterum
2928 5470 3143 5531 tempus
3181 5463 3450 5532 integram
3481 5479 3562 5517 rc-

1990 5560 2257 5604 scrvaret.
2296 5549 2450 5617 Quod
2489 5551 2534 5604 si
2574 5549 2738 5605 liccat
2779 5567 2905 5607 cum
2944 5563 3176 5623 tyranno
3205 5552 3301 5608 illo
3332 5553 3559 5608 Pheneo

1991 5641 2299 5710 comparari
2347 5651 2552 5711 potest,
2590 5644 2684 5712 qui
2732 5659 2855 5697 cum
2910 5641 3114 5699 actoris
3164 5644 3318 5699 suavi
3373 5661 3558 5699 rerum

1992 5732 2354 5807 Troianarum
2396 5734 2715 5788 narratione
2739 5731 2984 5787 animum
3015 5750 3174 5789 suum
3200 5736 3401 5789 molliri
3438 5751 3561 5790 seu-

1994 5824 2141 5886 tiret,
2179 5822 2639 5892 quemadmodum
2686 5824 2897 5878 ferrum
2929 5825 3071 5891 oleo,
3102 5837 3328 5897 repente
3358 5843 3385 5880 a
3428 5823 3558 5881 sede

1992 5929 2089 5969 sua
2126 5916 2380 5983 prosiluit
2411 5925 2467 5970 et
2494 5927 2747 5987 actorem
2804 5918 2896 5988 qui
2951 5919 3121 5974 animi
3174 5922 3258 5975 sui
3305 5929 3558 5975 naturam

3172 6014 3212 6074 ὃ
