3984 6580
579 491 682 562 139

1787 482 2204 562 N‘tCEpnont
2239 497 2622 566 GREGORA:
3703 509 3782 582 uo

577 613 882 682 mitigando
955 619 1191 668 mutaret
1277 612 1764 670 teltementissime
1848 612 2134 682 increpuit.

2259 615 2378 664 σῖαν
2425 611 2664 666 ἐνταῦθα
2723 628 2839 676 πως
2888 613 3216 682 ἐφιλονείκει
3273 609 3580 685 μιμεῖσθαι,
3627 625 3782 699 ehi};

575 705 710 762 Nam
743 716 900 774 turpe
929 719 1050 758 esse
1075 703 1212 758 dixit
1237 705 1282 760 si
1326 705 1442 773 ipse
1476 705 1570 774 qui
1603 707 1869 760 continuo
1899 715 1979 762 tot
2010 705 2150 760 civi-

487 831 492 836 -
573 799 676 852 bus
703 797 904 853 caedem
939 806 1160 864 pararet
1201 793 1437 850 Hecubae
1481 805 1535 850 et
1570 795 1854 864 Polyxena:
1881 797 2150 868 lacrymas

573 889 858 944 effundere
893 889 1190 943 videretur.
1223 887 1378 954 Quod
1405 899 1712 944 monstrum
1743 889 1929 943 infelix
1967 904 2150 960 mega-

571 981 771 1051 lopolis
803 980 934 1034 urbs
971 979 1075 1033 sibi
1104 978 1385 1042 educavit,
1419 993 1596 1047 neque
1641 979 1902 1048 ignorans
1933 977 2146 1046 pridem

571 1083 872 1136 cantatum,
905 1072 1148 1125 ultimam
1181 1070 1394 1124 ruinam
1417 1078 1472 1124 et
1503 1070 1672 1139 ipsius
1701 1078 1754 1124 et
1783 1070 1998 1139 pietatis
2027 1085 2149 1126 esse

573 1169 694 1235 ejus
723 1181 757 1216 κ
785 1161 1026 1217 litteram
1057 1163 1412 1232 dupli'catam.
1451 1161 1633 1228 Quare
1674 1163 1719 1216 si
1746 1163 1872 1231 quis
1911 1171 2146 1218 matrem

573 1273 750 1311 meam
800 1271 921 1326 qum
953 1255 1059 1308 hoc
1095 1263 1337 1324 tempore
1371 1251 1572 1308 similia
1607 1265 1950 1324 perpetraret
1987 1271 2149 1310 accu-

573 1365 698 1403 sare
731 1347 883 1412 velit,
905 1361 1012 1400 non
1041 1345 1302 1409 huic,sed
1337 1339 1412 1398 illi
1446 1345 1664 1414 culpam
1695 1345 1958 1400 attribuat
1987 1361 2150 1416 Opor-

573 1441 734 1493 tebit.
765 1441 865 1494 Hic
891 1438 1039 1492 enim
1075 1439 1402 1509 iujuriarum
1440 1438 1676 1506 cupidus
1699 1437 2144 1518 legesviolavit;

573 1533 663 1588 illa
689 1548 820 1586 vero
847 1541 1038 1587 contra
1067 1547 1192 1585 eum
1225 1546 1284 1585 se
1302 1529 1549 1586 defendit
1579 1540 1641 1584 ut
1675 1529 1966 1585 infantium
1994 1540 2148 1600 patre

571 1628 832 1682 orborum
860 1627 1022 1679 vitam
1051 1635 1386 1696 protegeret,
1409 1623 1875 1694 quemadmodum
1894 1623 2148 1678 columba

571 1721 752 1787 pullos
794 1719 1037 1773 custodit
1076 1729 1265 1782 noctu,
1302 1731 1411 1786 quo
1441 1726 1690 1784 tempore
1741 1731 1870 1770 aves
1921 1729 2147 1784 rapaces

573 1813 872 1878 praedatum
904 1811 1192 1864 evolitant.
1219 1808 1428 1875 Quodsi
1460 1807 1553 1876 qui
1589 1809 1654 1862 de
1686 1806 1954 1879 ejusmodi
1981 1807 2146 1860 rebus

572 1905 1021 1973 rectiusoqueunt
1040 1899 1312 1972 judicare,
1334 1899 1488 1968 sequi
1507 1913 1725 1968 aequum
1755 1908 1860 1962 est,
1886 1897 2142 1967 equidem

2255 703 2502 774 καρδίας,
2530 705 2606 767 ὡς
2641 705 2807 766 ἔοικε,
2853 705 3121 774 θηριῶδες
3153 707 3339 760 ἀσκῶν
3375 709 3470 760 καὶ
3507 716 3780 784 γυμνάζων⁹

2255 795 2329 864 μὴ
2362 796 2498 868 λάθῃ
2531 797 2629 866 τὴν
2651 794 2763 861 ἕξιν
2789 798 2884 866 ὀψὲ
2925 799 3246 869 διαφθεῖραν
3279 801 3375 868 τῆς
3407 803 3631 868 φύσεως.
3650 812 3780 868 Τοῦτ’

2251 889 2427 941 ἐκεῖνο
2464 891 2672 960 σχεδὸν,
2715 892 2854 944 ὀκνῶ
2884 893 2994 961 γὰρ
3052 893 3264 946 ἐκείνου
3324 893 3523 960 λέγειν,
3558 901 3726 955 ἐπέχει
3755 927 3780 958 τι

2250 981 2344 1034 τοῦ
2375 981 2483 1034 τῶν
2513 983 2758 1052 Φεραίων
2792 985 2958 1038 πάλαι
2982 988 3272 1056 τυράννου,
3293 985 3351 1050 ὃς
3372 991 3636 1058 τραγῳδοῦ
3661 1012 3780 1060 τινος

2251 1073 2504 1143 ἐμμελῶς
2543 1075 2630 1127 ἐπ’
2682 1075 2845 1128 αὑτοῦ
2911 1075 3163 1146 Τρωῖκὰς
3219 1077 3503 1148 συμψορὰς
3549 1084 3778 1148 ἐπιόντος.

2251 1159 2440 1238 ἐπειδὴ
2470 1169 2604 1238 πρὸς
2640 1167 2699 1220 τὸ
2734 1167 2904 1230 πάθος
2953 1168 3151 1238 ᾔσθετο
3185 1169 3548 1238 χαυνούμενος
3579 1173 3669 1242 τὴν
3693 1176 3778 1245 ψυ-

2251 1260 2352 1330 χὴν
2377 1260 2634 1330 καθάπερ
2655 1259 2820 1329 ἐλαίῳ
2845 1259 3085 1331 σίδηρος,
3121 1261 3432 1330 ἀνεπήδησε
3457 1278 3516 1314 τε
3542 1263 3685 1328 εὐθὺς
3706 1271 3780 1320 καὶ

2250 1351 2342 1404 τὸν
2399 1352 2672 1422 τραγῳδὸν
2731 1351 2939 1422 ἰταμῶς
2977 1353 3320 1423 ἐλοιδόρησεν
3372 1355 3454 1408 ὅτι
3485 1354 3550 1424 δὴ
3573 1357 3662 1429 τὴν
3689 1359 3780 1426 ἕξιν

2251 1443 2412 1496 αὑτοῦ
2441 1442 2538 1512 τῆς
2560 1441 2737 1511 ψυχῆς
2785 1440 3061 1510 ἐμάλαξεν
3107 1442 3359 1494 ὁπωσοῦν
3415 1443 3676 1510 μεταθεὶς,
3707 1451 3775 1500 αξ-

2251 1533 2414 1604 σχρδν
2445 1529 2586 1588 εῖναι
2613 1535 2792 1602 φήσας
2813 1535 2861 1586 εἰ
2889 1532 3178 1598 τοσούτους
3203 1534 3566 1602 ἀποσφάττων
3601 1538 3681 1590 ἀεὶ
3704 1557 3781 1591 πε-

2247 1623 2420 1688 λίτας,
2471 1627 2582 1685 τοῖς
2632 1623 2733 1692 τῆς
2780 1624 3018 1694 Ἑκάϐης
3078 1626 3172 1678 καὶ
3207 1623 3512 1696 Πολυξένης
3564 1628 3781 1700 δακρύων

2251 1717 2474 1787 θρήνοις
2515 1716 2732 1786 ὀφθείη.
2764 1717 3017 1774 Τοιοῦτον
3066 1721 3100 1789 ή
3131 1719 3403 1788 δυστυχὴς
3459 1721 3780 1788 μεγαλόπολις

2251 1801 2370 1860 καθ’
2403 1807 2602 1879 ἑαυτῆς
2657 1806 2948 1878 ἐξέθρεψεν
2979 1807 3290 1878 ἄνθρωπον,
3325 1808 3424 1862 καὶ
3466 1809 3612 1862 ταῦτ’
3639 1812 3782 1866 εἰδυῖα

2249 1899 2532 1970 πόρρωθεν
2567 1899 2827 1969 ᾀδόμενον
2853 1898 3091 1970 ἐσχάτην
3125 1899 3410 1955 ἀπώλειαν
3443 1899 3609 1970 αὐτῆς
3631 1901 3782 1972 θ’ἆμα

575 1994 692 2048 haec
729 1994 843 2064 ipsa
891 1983 1062 2048 Deum
1115 1999 1174 2044 ut
1223 1991 1475 2045 miserias
1521 1988 1573 2044 ei
1618 1989 1862 2043 mitteret
1906 1989 2134 2042 movisse

2249 1993 2342 2044 καί
2375 1991 2654 2054 εὐσεϐείας
2708 1993 2974 2068 ὑπάρχειν
3023 1995 3192 2064 αὐτῆς
3239 1993 3298 2046 τὸ
3347 2011 3382 2046 κ
3439 1997 3688 2064 στοιχεῖον
3723 1996 3784 2048 δι-

575 2087 735 2140 facile
777 2085 1123 2148 contendam,
1159 2098 1348 2152 pmnas
1373 2081 1498 2137 dico
1533 2088 1762 2151 propter
1795 2079 1938 2150 regis
1960 2079 2134 2135 libidi-

2251 2079 2554 2147 τελούμενον
2574 2097 2586 2112 ·
2622 2080 2762 2134 ὥστε
2788 2083 2884 2134 καὶ
2919 2081 2974 2134 εί
2997 2099 3078 2146 τις
3110 2083 3530 2152 παρασυρεῖσαν
3556 2088 3648 2156 τὴν
3669 2087 3782 2154 ἐμὴν

575 2191 724 2242 nem,
752 2191 874 2230 cum
923 2175 1070 2229 Deus
1093 2190 1162 2228 ne
1195 2173 1479 2227 minimam
1508 2171 1731 2242 quidem
1775 2171 2046 2228 maculam
2077 2169 2134 2227 iis

2246 2173 2500 2242 ἐγκαλεῖν
2523 2173 2634 2244 ἔχοι
2661 2175 2879 2246 μητέρα
2905 2175 3251 2246 παραπλήσι’
3279 2175 3417 2228 ἄττα
3474 2181 3781 2248 πεπραχυίαν

569 2283 708 2337 quos
743 2267 847 2322 sibi
877 2268 1042 2338 elegit
1087 2265 1238 2336 infigi
1277 2267 1540 2336 patiatur.

2243 2265 2324 2335 τῷ
2359 2266 2662 2336 τηνικαῦτα
2697 2266 2898 2336 καιρῷ,
2925 2267 3028 2320 οὑκ
3044 2247 3284 2344 ἐκείνην,
3311 2267 3428 2322 ἀλλ’
3459 2247 3616 2322 αὑτὸν
3636 2269 3784 2323 αἱτιᾶ-

570 2361 693 2416 σθαί
725 2360 933 2432 χρεών·
964 2361 992 2413 δ
1014 2347 1125 2432 Δμὲν
1152 2363 1261 2430 γὰρ
1324 2363 1393 2416 τὰ
1455 2361 1712 2432 ἀλλότρια
1781 2359 1962 2430 ζητῶν
2003 2359 2336 2432 παρηνόμει,
2369 2363 2402 2430 ἡ
2439 2359 2485 2416 δ’
2519 2361 2758 2432 ἠμύνετο
2797 2363 3044 2426 ἐπιόντα,
3077 2365 3266 2434 τηρεῖν
3311 2365 3644 2434 ἐπειγομένη
3687 2369 3780 2431 τοῖς

569 2449 823 2526 ὀρφανοῖς
879 2457 1094 2518 τέκνοις
1151 2456 1212 2508 τὸ
1271 2455 1389 2528 ζῇν,
1450 2455 1701 2526 καθάπερ
1736 2452 1957 2526 τρυγὼν
2007 2455 2138 2517 τοὺς
2179 2455 2384 2526 ἑαυτῆς
2447 2457 2937 2526 νυκτοφυλακοῦσα
2997 2458 3174 2512 διέπει
3201 2460 3458 2526 νεοττοὺς
3499 2459 3782 2529 ἀλλοφύλων

568 2549 831 2600 ἐπιόντων
861 2548 1063 2618 ὀρνέων
1127 2548 1340 2609 νυκτός.
1411 2547 1472 2599 Et
1535 2545 1592 2598 δέ
1622 2547 1718 2598 aut
1757 2539 1838 2608 οἷς
1883 2545 2114 2613 περὶτὰ
2139 2545 2360 2599 τοιαῦτα
2399 2546 2769 2618 συνετώτερον
2799 2546 2980 2600 ἔπεισι
3029 2549 3238 2619 κρίνειν
3272 2551 3561 2604 πείθεσθαι
3603 2551 3779 2608 δίκαιον

567 2641 632 2712 if.
659 2641 762 2696 155
787 2639 843 2712 α]
889 2643 1002 2712 εἴη,
1036 2641 1193 2694 ταῦτ’
1225 2639 1366 2694 εἶναι
1393 2641 1658 2694 διατειναί
1667 2657 1775 2710 μην
1836 2639 2000 2706 ἔγωγ’
2062 2638 2128 2692 ἂν
2169 2639 2204 2693 ἃ
2239 2639 2330 2693 τὸν
2355 2639 2486 2692 Θεὸν
2515 2641 2595 2704 είς
2620 2641 2869 2708 ἀνάγκας
2889 2642 3212 2710 ἐπενεγκεῖν
3237 2643 3360 2698 κατ’
3385 2641 3558 2715 αὐτῆς
3581 2647 3775 2718 ἠρέθισε

566 2733 626 2787 τὸ
660 2737 801 2804 μέγα
827 2735 996 2797 πάθος
1025 2736 1220 2799 ἐκεῖνο,
1274 2735 1372 2802 τὴν
1403 2733 1500 2804 τῆς
1537 2731 1828 2803 βασιλικῆς
1885 2729 2131 2795 ἐξουσίας
2167 2735 2312 2804 φημὶ
2347 2733 2575 2804 ζημίαν,
2647 2735 2750 2788 οὐκ
2813 2737 3144 2806 ἀνεχομένου
3169 2735 3388 2806 βλέπειν
3407 2739 3523 2792 οὐδ’
3555 2739 3779 2794 ἀκούσιον

571 2829 744 2899 μύσος
777 2833 890 2892 τοῖς
919 2829 1196 2892 ἐκλεκτοῖς
1225 2828 1714 2900 προστριϐόμενον.

641 2921 783 2977 XX].
805 2922 962 2993 162
989 2923 1094 2977 Sed
1129 2923 1377 2992 profecto
1407 2923 1509 2978 hoc
1535 2937 1701 2978 unum
1723 2923 1895 2992 patris
1919 2922 2024 2976 mei
2045 2923 2141 2975 im-

567 3016 703 3088 perii
731 3017 1086 3086 rapiditatem
1113 3015 1233 3086 ejus
1261 3031 1364 3084 qua
1389 3013 1500 3086 jam
1529 3015 1700 3068 multo
1732 3025 1858 3070 ante
1889 3014 2138 3087 ﬂagraret

566 3109 726 3166 nobis
749 3109 883 3164 satis
904 3107 1224 3172 declaravit,
1247 3119 1504 3178 tanquam
1528 3107 1820 3163 scintillam
1849 3107 1987 3178 ignis
2007 3123 2038 3162 e
2061 3107 2140 3162 ci-

564 3217 696 3257 nere
711 3201 1028 3268 elucescens
1045 3199 1452 3269 llatntt‘ta,vettto
1468 3201 1832 3271 undecunque
1843 3201 2137 3254 excitante.

2309 2918 2444 2973 ΚΝ.
2491 2918 2632 2972 Ἀλλ’
2661 2919 2722 2973 ἐν
2773 2919 2874 2988 μὲν
2926 2921 2992 2991 δὴ
3023 2919 3182 2975 τοῦτο
3225 2922 3436 2994 δέδειχε
3495 2929 3673 2995 σαφῶς
3695 2931 3778 2999 τὴν

2239 3011 2412 3066 πάλαι
2464 3010 2854 3082 κρυπτομένην
2910 3013 2968 3065 ἐν
2994 3016 3060 3082 τῇ
3089 3014 3282 3068 τούτου
3333 3015 3485 3088 ψυχῇ
3537 3021 3672 3074 κατὰ
3698 3026 3780 3093 τῆς

2239 3103 2472 3172 πατρέου
2507 3119 2598 3172 μοι
2635 3103 2915 3172 βασιλείας
2939 3105 3196 3176 μελέτην,
3235 3108 3493 3181 καθάπερ
3535 3115 3780 3182 σπινθῆρι

2241 3195 2410 3264 πυρὸς
2425 3197 2488 3246 ἐκ
2505 3194 2730 3258 σποδιᾶς
2746 3197 3118 3267 ἁναλάμψασα
3143 3199 3301 3268 φλὸξ,
3330 3203 3636 3274 πνεύματος
3658 3206 3781 3259 ὁθεν-

565 3293 774 3348 Deinde
805 3307 930 3348 cum
975 3292 1241 3363 Bithynia:
1271 3303 1549 3362 satrapam
1583 3291 1896 3364 Hyrcanum
1943 3292 2134 3348 barba-

2239 3285 2501 3368 δηποτοῦν
2555 3287 2933 3355 ἐρεθίσαντος·
2991 3289 3250 3361 δεύτερον
3307 3293 3388 3357 δὲ,
3455 3296 3638 3368 ἐπειδὴ
3701 3301 3780 3354 καὶ

563 3403 750 3441 rerum
793 3385 989 3440 ducem
1033 3393 1305 3454 quotquot
1333 3400 1504 3454 usque
1535 3383 1602 3438 ad
1641 3399 1790 3446 mare
1826 3385 2010 3438 Asiam
2041 3384 2136 3438 ha-

566 3479 768 3545 bitant,
793 3471 948 3532 haud
981 3477 1174 3547 procul
1207 3477 1338 3532 sede
1369 3478 1513 3548 regia
1559 3478 1630 3532 ita
1665 3485 1724 3532 ut
1765 3476 1939 3532 lenne
1973 3476 2134 3546 quin-

563 3571 740 3624 decim
795 3569 1098 3623 stadiorum
1163 3567 1454 3622 intcrvallo
1515 3567 1755 3632 abesset,
1801 3567 2133 3622 commorari

563 3658 887 3728 accepisset,
927 3658 1164 3712 barbaro
1205 3657 1336 3712 huic
1380 3657 1542 3711 filiam
1579 3659 1729 3712 misit
1762 3668 1816 3712 et
1856 3657 1914 3712 in
1945 3657 2134 3712 matri-

566 3751 811 3802 monium
851 3747 1034 3812 dedit,
1094 3755 1154 3801 ut
1189 3761 1287 3816 per
1339 3747 1486 3803 hunc
1519 3749 1757 3804 celerius
1805 3759 1860 3804 et
1915 3747 2133 3803 facilius

545 3831 940 3910 exstingueret
994 3837 1338 3894 Christianos
1389 3839 1577 3910 potius
1627 3856 1788 3910 quant
1843 3849 1901 3894 ut
1953 3839 2134 3910 Lydiae

565 3931 720 3985 illum
759 3939 1035 3998 satrapam
1073 3928 1405 3998 longinquas
1432 3937 1609 3983 terras
1636 3921 1692 3983 et
1723 3945 1849 3983 oras
1877 3929 2132 3985 habitan-

565 4033 674 4078 tem
727 4021 1046 4076 debellaret.
1080 4019 1222 4086 Quid
1274 4017 1509 4074 referam
1561 4036 1682 4090 quae
1723 4020 1932 4078 interea
1975 4021 2132 4077 factae

565 4115 676 4168 sint
707 4113 1044 4167 calamitates
1085 4121 1140 4166 et
1186 4119 1388 4180 quanta
1419 4111 1666 4179 pericula
1713 4113 1804 4168 ille
1859 4115 2132 4183 paraverit

562 4221 689 4261 cum
724 4205 1085 4259 Barbarorum
1119 4202 1306 4274 copias
1351 4203 1405 4257 in
1437 4203 1717 4258 Romanos
1747 4203 2131 4261 contraheret?

561 4297 678 4363 Qua
726 4311 784 4350 re
830 4293 1056 4350 consilia
1087 4303 1202 4349 “sua
1255 4289 1471 4364 tegebat
1505 4295 1766 4348 continuo
1801 4295 2131 4364 superbiens

559 4396 611 4438 et
641 4371 797 4438 brevi
835 4399 892 4436 se
915 4393 1152 4436 cunctas
1181 4381 1553 4436 Romanorum
1587 4395 1762 4456 terras
1786 4394 2129 4440 vastatttrum

563 4493 684 4531 esse
706 4479 942 4545 jact'a‘ns.
975 4473 1109 4530 Nam
1151 4491 1208 4529 re
1243 4489 1367 4529 vera
1405 4476 1540 4530 mihi
1571 4476 1800 4530 insidias
1829 4478 2043 4546 paravit
2075 4487 2129 4534 et

560 4571 767 4648 cladem
797 4572 1010 4624 cunctis
1043 4569 1395 4624 Christianis.
1435 4571 1625 4634 itaque
1675 4575 1798 4624 ‘cum
1839 4569 1932 4625 Dei
1968 4572 2127 4624 auxi-

2247 3378 2515 3448 ’Υρκανὸν
2539 3379 2629 3432 τὸν
2665 3381 2761 3449 τῆς
2783 3381 3039 3446 Βιθυνίας
3069 3384 3218 3452 ἐώρα
3281 3387 3574 3460 σατράπην
3603 3391 3784 3461 βαρϐά-

2237 3487 2348 3540 ρων
2373 3471 2652 3538 ἁπάντων,
2679 3472 2870 3524 ὁπόσοι
2901 3474 3001 3542 τὴν
3033 3474 3165 3544 ἄχρι
3193 3476 3474 3546 θαλάττης
3501 3481 3680 3536 Ἀσίαν
3703 3499 3780 3536 κε.

2235 3561 2566 3632 κλήρωνται,
2602 3562 2810 3618 πόλεων
2839 3566 2936 3634 τῆς
2969 3566 3236 3637 μεγίστης
3279 3569 3514 3639 ἔγγιστα
3547 3575 3781 3644 ποιούμε-

2235 3671 2324 3708 νον
2372 3653 2471 3718 τὰς
2527 3654 2834 3725 διατριϐὰς,
2881 3657 2958 3720 ὡς
2991 3660 3388 3718 πεντεκαίδεκᾶ
3443 3679 3548 3718 που
3579 3668 3782 3720 σταδίων

2235 3739 2378 3796 εἷναι
2401 3747 2462 3798 τὸ
2499 3745 2734 3814 μεταξὺ,
2776 3747 3001 3818 πέμψας
3035 3752 3135 3819 τὴν
3169 3751 3454 3822 θυγατέρα
3485 3759 3616 3820 τοὶς
3646 3756 3782 3808 diio-

2235 3836 2438 3903 φύλους
2467 3839 2707 3901 ἐκείνους
2745 3839 3042 3908 μνηστεύει
3067 3841 3282 3911 γάμους
3313 3845 3494 3917 αὐτῷ,
3523 3847 3590 3900 ἶν’
3615 3850 3674 3902 ἐκ
3703 3847 3782 3900 τοῦ

2235 3929 2423 4002 σχεδὸν
2465 3929 2798 4002 τελεώτερον
2841 3932 2904 3984 τὸ
2937 3933 3046 3986 τῶν
3079 3935 3430 4006 Χριστιανῶν
3455 3941 3684 4014 ἐκτρίψῃ
3705 3943 3784 4010 γέ-

2234 4039 2344 4088 νος,
2375 4023 2443 4078 δι’
2471 4025 2636 4078 αὐτοῦ
2665 4026 2864 4094 μᾶλλον
2892 4026 2926 4094 ἢ
2957 4028 3076 4082 κατ’
3105 4033 3311 4085 ἐκεῖνον
3337 4034 3431 4088 τὸν
3465 4036 3575 4089 τῶν
3607 4037 3776 4092 Λυδῶν

2237 4118 2525 4188 σατράπην
2584 4117 2772 4188 πόρρω
2801 4136 2906 4172 που
2939 4121 3045 4191 γῆς
3074 4125 3168 4176 καὶ
3221 4126 3500 4200 θαλάττης
3531 4131 3784 4186 οἰκοῦντα.

2235 4208 2345 4262 Καὶ
2373 4209 2425 4262 τί
2459 4209 2566 4280 χρὴ
2587 4215 2681 4272 τὰς
2719 4212 2777 4264 ἐν
2809 4214 2960 4284 μέσῳ
2996 4215 3268 4283 συνείρειν
3304 4217 3502 4291 τύχας,
3559 4229 3652 4277 καὶ.
3695 4227 3784 4276 ὅτι

2235 4299 2546 4372 βαρϐάρους
2616 4305 2758 4360 κατὰ
2831 4307 3116 4376 Ῥωμαίων
3175 4315 3562 4386 στρατολογῶν
3627 4320 3777 4371 ἐποίει

2233 4393 2401 4459 δεινὰ,
2457 4396 2543 4462 ἐφ’
2571 4391 2656 4458 οἷς
2679 4397 2846 4452 αὑτὸν
2893 4401 3335 4466 ἐγκαλύπτεσθαιι
3399 4408 3510 4462 ἔδει
3541 4409 3782 4482 διηνεκῶς

2233 4486 2691 4558 ἐγκαυχώμενοςξ,
2755 4491 2850 4543 καὶ
2911 4493 3344 4566 ὑπισχνούμενος
3401 4502 3656 4568 ἀοίκητον
3699 4508 3785 4572 τὴν

2246 4577 2532 4648 Ῥωμαίων
2553 4580 2776 4634 ἃπασαν
2806 4586 2908 4654 γῆν
2941 4587 2998 4638 ἐν
3051 4587 3247 4658 βραχεῖ
3281 4592 3604 4648 παντάπασι
3635 4613 3780 4648 κατα·

557 4663 692 4716 lium
733 4677 798 4716 ne
831 4661 1046 4715 minimi
1077 4655 1319 4731 quidem
1371 4661 1602 4716 haberet
1635 4677 1814 4732 neque
1857 4664 1910 4717 in
1954 4663 2124 4719 Deum

2239 4675 2486 4741 στήσει-η
2519 4675 2632 4726 Καὶ
2651 4670 2718 4745 ἦν
2749 4677 2850 4745 μὲν
2879 4681 2904 4730 ὁ
2929 4655 3129 4748 δρόμος
3157 4655 3305 4745 ἅπας
3325 4685 3480 4758 αὐτῷ
3505 4689 3783 4754 κατ’ἐμοῦ,

553 4753 798 4823 judieem
846 4753 1164 4820 respiceret,
1211 4755 1392 4808 totum
1454 4769 1511 4809 se
1560 4753 1711 4808 dedit
1757 4755 1960 4823 impiis.
2003 4756 2129 4811 lltec

556 4857 777 4916 quoque
807 4848 938 4900 satis
973 4827 1245 4914 tes-tantur
1265 4855 1605 4916 quantopere
1637 4847 1725 4902 ille
1771 4848 1922 4916 regni
1954 4849 2129 4918 patris

559 4943 663 4992 mei
711 4927 1010 5006 cupiditate
1057 4935 1318 5006 ﬂagrarit,
1354 4953 1514 5005 quam
1549 4949 1606 4992 ut
1655 4946 1815 4995 modo
1861 4943 1972 4996 dixi
2014 4943 2128 5011 jam

543 5031 728 5082 ‘multo
761 5041 888 5081 ante
933 5037 1174 5096 ceperat.
1224 5027 1379 5092 Quod
1427 5029 1572 5080 enim
1625 5046 1754 5084 vere
1798 5035 2000 5086 malum
2043 5041 2129 5086 est

555 5133 678 5190 post
725 5131 940 5188 tempus
983 5129 1230 5172 naturam
1265 5135 1418 5172 suam
1453 5117 1608 5190 163
1635 5137 1836 5176 exuere
1867 5139 1973 5178 non
2007 5137 2126 5193 pot-

553 5223 660 5277 est,
693 5213 788 5284 sed
811 5215 979 5266 etiam
1004 5227 1127 5266 cum
1151 5211 1312 5265 facile
1343 5214 1510 5273 rebus
1537 5227 1798 5282 arguatur
1821 5219 2124 5273 simulatio-

555 5319 680 5358 nem
710 5303 840 5357 boni
874 5302 1081 5371 abiicit.
1115 5301 1278 5356 Redit
1298 5303 1446 5357 enim
1475 5303 1646 5360 altera
1671 5317 1866 5363 natura
1897 5311 2122 5380 etquod

555 5399 833 5466 proprium
866 5395 1029 5449 habet
1059 5395 1313 5450 facillime
1344 5397 1557 5466 recipit.
1594 5399 1732 5453 Deus
1757 5410 1934 5457 autem
1957 5403 2001 5456 si
2036 5420 2124 5460 res

553 5501 773 5543 nostras
811 5489 861 5542 ei
909 5485 1298 5543 tradiderimus
1337 5489 1657 5546 felicitatem
1701 5493 1859 5548 nobis
1904 5499 2121 5552 occulto

555 5589 836 5649 comparat
886 5578 1050 5648 idque
1093 5590 1258 5652 prout
1307 5581 1424 5635 vult
1467 5582 1752 5640 facillime.
1791 5583 1887 5642 Ille
1942 5597 2121 5644 tamen

556 5672 740 5752 ἱειψίἱὸ
786 5671 880 5741 qui
921 5671 1184 5727 fortunati
1242 5689 1365 5729 esse
1419 5675 1748 5731 videbantur
1793 5679 1846 5732 in
1877 5694 2120 5750 prtesens

555 5773 730 5816 totum
751 5778 818 5818 se
855 5765 1200 5820 committere
1251 5768 1440 5822 maluit
1476 5778 1531 5822 et
1571 5771 1833 5825 continuo
1867 5772 2000 5826 mih-i
2031 5788 2122 5828 ca-

553 5857 852 5912 lamitatem
879 5875 1088 5928 parare.
1131 5859 1236 5913 Sed
1271 5863 1520 5929 profecto
1560 5861 1876 5917 felicitatem
1923 5875 1976 5918 et
2024 5881 2120 5919 ve-

554 5963 666 6001 ram
702 5951 1034 6019 voluptatem
1087 5953 1310 6022 nullam'
1339 5955 1533 6019 habet,
1593 5955 1696 6008 nisi
1731 5961 1874 6023 quod
1925 5957 2026 6011 hoc
2065 5959 2120 6012 in

2234 4765 2266 4830 ἠ
2301 4764 2358 4816 δὲ
2381 4764 2554 4834 βλάϐη
2588 4767 2730 4820 κατὰ
2779 4768 2997 4821 πάντων
3054 4769 3438 4839 Χριστιανῶν·
3475 4779 3650 4843 οὕτως
3679 4781 3784 4834 οὐδὲ

2237 4855 2430 4924 μικρὸν
2459 4857 2673 4922 ἐφόδιον
2713 4859 2812 4927 τὴν
2865 4861 2956 4914 τοῦ
3008 4863 3144 4916 Θεοῦ
3177 4869 3415 4936 νομίζων
3453 4874 3780 4940 ἐπικουρίαν,

2234 4949 2342 5001 οὐδ’
2373 4953 2428 5012 ἐς
2459 4952 2558 5020 τὴν
2585 4951 2694 5004 τῶν
2719 4955 3024 5022 μελλόντων
3053 4961 3276 5031 μνήμην
3307 4965 3684 5036 κολαστηρέων
3707 4971 3784 5018 ἰὼν

2229 5041 2499 5104 ὁπωσοῦν,
2541 5043 2660 5094 ὅλον
2689 5045 2880 5098 ἐαυτὸν
2910 5049 3020 5108 τοῖς
3051 5051 3276 5102 ἀσεϐέσι
3301 5055 3658 5127 προσένειμε.
3689 5059 3784 5108 Καὶ

2233 5132 2330 5198 μὲν
2359 5133 2425 5202 δη
2448 5134 2698 5202 δεύτερον
2727 5136 2928 5190 κείσθω
2953 5141 3048 5192 καὶ
3099 5141 3256 5194 τοῦτο
3279 5144 3480 5214 δεῖγμα
3508 5151 3608 5220 της
3637 5150 3783 5201 αὑτοὺ

2233 5223 2480 5294 μελέτης,
2517 5227 2606 5296 ἣν,
2647 5228 2722 5290 ὡς
2750 5231 3094 5301 είρὴκειμεν,
3131 5236 3302 5290 πάλαι
3331 5241 3500 5292 πολύν
3529 5257 3650 5295 τινα
3673 5223 3783 5312 χρό-

2228 5333 2316 5370 νον
2353 5319 2574 5373 ἐϐοσκεν
2603 5322 2660 5372 ἐν
2691 5325 2758 5392 τῇ
2791 5323 2936 5394 ψυχῇ
2970 5327 3114 5379 κατὰ
3133 5327 3234 5395 τῆς
3265 5333 3504 5401 πατρίου
3533 5351 3624 5402 μοι
3649 5334 3786 5402 βασι-

2227 5412 2410 5475 λείας’
2447 5413 2508 5466 τὸ
2559 5416 2666 5486 γὰρ
2708 5415 2866 5485 φύσει
2929 5420 3098 5474 κακὸν
3155 5424 3573 5492 ἀποτρίψασθαι
3622 5425 3781 5496 χρόνῳ

2224 5510 2322 5576 τὴν
2354 5507 2468 5569 ’ἐξιν
2503 5510 2602 5564 οὐκ
2633 5509 2697 5562 ἄν
2735 5527 2866 5564 ποτε
2895 5513 3134 5578 δύναιτο,
3171 5516 3306 5569 ἀλλὰ
3331 5523 3422 5570 καὶ
3456 5520 3558 5588 τὴν
3579 5521 3670 5572 τοῦ
3699 5537 3786 5570 κι-

2224 5598 2314 5650 λοῦ
2377 5604 2740 5672 προσποίησιν
2791 5606 3032 5676 εὐχερῶς
3097 5611 3208 5669 τοῖς
3270 5617 3597 5680 πράγμασιν
3649 5613 3784 5676 ἐλεγ-

2227 5692 2452 5760 χόμενον
2511 5696 2850 5764 ἀποσείεται,
2917 5699 3392 5772 παλινδρομούσης
3451 5707 3554 5774 τῆς
3585 5706 3788 5773 φύσεως.

2224 5785 2318 5836 καὶ
2379 5787 2870 5858 ἀναλαμϐανούσης
2919 5795 2982 5842 ἐκ
3045 5793 3138 5845 τοῦ
3187 5795 3386 5864 ῥᾴστου
3443 5796 3506 5846 τὸ
3557 5797 3782 5864 γνήσιον.

2238 5871 2384 5936 Ἰεζξὸν
2427 5879 2532 5944 γὰρ
2565 5877 2684 5946 Θεῴ
2711 5879 2778 5930 τὰ
2803 5880 2925 5932 καθ’
2960 5883 3120 5934 αὐτὸν
3155 5886 3538 5955 ἐπιτρέψαντα
3563 5887 3660 5958 τὴν
3687 5886 3786 5938 τῶν

2226 5967 2432 6020 παίδων
2465 5969 2815 6039 εὐδαιμονίαν
2860 5975 3040 6050 ῂσυχή
3097 5977 3656 6046 πραγματεύσασθαι,
3693 5977 3788 6052 ῥᾴ-
