3984 6566
519 457 622 525 H3

1727 460 2146 528 NICEPHORI
2187 461 2570 524 GREGORXE

3684 463 3778 555 ιιι

511 580 808 650 acciperet.
862 577 1034 632 Nobis
1067 593 1197 632 sane
1234 592 1446 657 summa
1477 579 1719 648 pericula
1762 578 2007 645 immisit,
2050 585 2106 633 et

2216 578 2326 649 γὰρ
2355 578 2668 644 τοῦλαττον,
2718 579 2802 633 ἴνα
2842 578 3005 642 αὐτὸς
3043 579 3143 651 μὲν
3188 579 3424 652 κερδάνῃ
3456 579 3516 633 τὸ
3569 576 3775 648 μεῖζον,

512 685 616 741 ego
641 669 875 725 antehac
904 677 1133 725 mortem
1166 670 1496 726 occubuisse
1537 670 1720 724 malim
1759 685 1921 738 quam
1957 685 2092 724 con-

518 761 673 816 tinuo
702 775 851 815 nunc
886 759 1011 815 aliis
1042 761 1278 831 turpiter
1308 764 1516 816 servire
1555 770 1609 816 et
1651 761 1799 815 varia
1832 776 1953 830 qua:
1993 776 2094 815 no-

518 850 606 910 bis
640 853 1004 908 admoventur
1050 854 1243 907 mortis
1302 861 1575 909 tormenta
1608 865 1733 907 ante
1762 852 1951 907 oculos
2001 851 2096 906 ba-

516 946 670 1002 bere.
702 946 930 1002 Constat
962 945 1108 1001 enim
1159 956 1335 1001 morte
1376 947 1541 1000 vitam
1583 946 1924 1000 acerbiorem
1973 960 2095 1001 esse

515 1054 642 1095 cum
705 1041 853 1094 mille
895 1043 1089 1094 mortis
1142 1040 1480 1095 cruciatibus
1514 1040 1718 1108 repleta
1761 1043 1851 1105 sit,
1902 1048 2095 1094 contra

517 1134 757 1188 subitam
788 1142 1021 1189 mortem
1067 1132 1172 1186 vita
1234 1132 1515 1186 meliorem
1547 1147 1669 1186 cum
1701 1134 1819 1202 ejus
1856 1134 2093 1201 turpitu-

515 1227 703 1282 dinem
736 1235 792 1281 et
828 1226 1105 1281 tristitiam
1156 1226 1310 1280 tollat
1341 1220 1397 1279 et
1450 1240 1638 1280 secum
1690 1226 1939 1296 sepeliat.
1999 1225 2094 1280 llle

517 1322 661 1380 enim
700 1320 869 1375 verbo
914 1318 1135 1396 quidem
1169 1334 1269 1372 nos
1306 1318 1561 1387 protexit.
1597 1317 1751 1384 Quod
1798 1330 1857 1371 ut
1888 1329 2094 1373 certam

516 1413 865 1469 liberalitatis
896 1427 1009 1466 suae
1041 1412 1279 1480 speciem
1312 1410 1541 1465 haberet
1576 1426 1673 1480 per
1722 1425 2006 1480 przecones
2040 1418 2096 1465 et

517 1509 730 1563 litteras
784 1520 949 1576 quam
997 1505 1284 1560 celerrime
1334 1512 1389 1560 et
1439 1519 1562 1559 cum
1598 1514 1822 1575 sumptu
1865 1504 2096 1574 singulis

518 1601 830 1672 quibusque
871 1598 1031 1669 166
1060 1597 1320 1668 gentibus
1368 1596 1715 1661 venditabat;
1752 1611 1945 1650 revera
1998 1611 2096 1649 au-

520 1703 629 1747 tem
653 1693 909 1770 princeps
939 1706 1040 1744 nos
1064 1690 1219 1758 quasi
1253 1703 1443 1742 servos
1468 1688 1743 1743 tractavit.
1782 1686 1937 1754 Quod
1967 1688 2096 1741 fecit.

524 1797 681 1841 ut'eo
709 1784 1103 1852 promissorum
1137 1790 1522 1851 argumentum
1560 1780 1788 1835 haberet
1815 1790 1867 1835 et
1892 1788 2094 1850 quanta

522 1893 619 1930 sua
638 1884 782 1930 esset
806 1874 1213 1944 vitaasapieutia
1232 1883 1286 1927 et
1309 1874 1387 1927 rei
1412 1872 1667 1927 militaris
1689 1872 1886 1941 peritia
1913 1883 2097 1926 osten-

2204 672 2338 741 ἡμῖν
2375 672 2430 725 δὲ
2474 673 2600 735 τοὺς
2651 673 3027 744 μακροτέρους
3083 672 3436 744 ἐπικρεμάσῃ
3474 669 3779 734 κινδύνους.

2203 763 2265 835 [ί.
2307 766 2408 820 156
2447 763 2503 837 α]
2540 765 2723 836 Πολλῷ
2756 767 2864 835 γὰρ
2902 767 3050 837 ἥδιον
3086 766 3236 833 ἅπαξ
3267 767 3391 837 ἐμοί
3424 783 3487 836 γε
3528 764 3654 818 τότε
3686 763 3784 816 θαι

2203 857 2391 932 νεὶνμῆ
2424 856 2601 921 ζῶντα
2631 857 2904 912 δουλεύειν
2944 861 3156 929 ἐτέροις
3204 861 3265 911 ἐν
3295 858 3483 930 ἀδοξίᾳ
3511 856 3783 932 διηνεκῶς

2202 947 2298 1000 καὶ
2322 928 2650 1011 ⁷τιτολνειδεῖς
2703 946 2829 1001 καθ’
2857 948 3012 1018 ἡμῶν
3044 928 3437 1019 γπλεκομένους
3458 928 3466 930 Ὺ
3487 948 3624 1018 ὁρᾷν
3656 928 3783 1008 τούξ

2205 1038 2298 1092 τοῦ
2332 1040 2565 1093 θανάτου
2596 1039 2849 1111 βρόχους·
2878 1037 3019 1094 εἶναι
3064 1041 3175 1111 γὰρ
3224 1041 3316 1093 καὶ
3357 1040 3593 1093 θανάτου
3630 1037 3782 1107 ζωήν

2202 1148 2369 1200 φασιν
2404 1134 2761 1203 πικροτέραν,
2796 1134 2960 1187 ὁπότε
2999 1136 3211 1204 μυρίων
3241 1132 3379 1203 αὕτη
3415 1133 3576 1200 γέμει
3610 1130 3779 1183 θανά-

2201 1240 2332 1287 των,
2368 1227 2463 1277 καὶ
2491 1225 2725 1278 θάνατον
2762 1225 2920 1289 αὖθις
2970 1226 3287 1296 αὑθήμερον
3333 1229 3572 1297 κρείττω
3608 1223 3779 1290 ζωῆς,

2203 1317 2423 1381 ἀδοξίαν
2469 1320 2563 1370 καὶ
2610 1318 2787 1381 λύπας
2835 1318 3007 1388 αὐτῆς
3046 1319 3456 1389 ἀφαιρούμενον
3505 1317 3602 1369 καὶ
3662 1332 3784 1367 συν-

2203 1396 2525 1465 θάπτονταξ
2551 1411 2711 1480 Λόγῳ
2745 1409 2844 1479 μὲν
2878 1408 2988 1480 γὰρ
3039 1409 3312 1480 τετήρηκε
3356 1400 3568 1472 ζῶντας
3609 1406 3780 1476 ἡμᾶς.

2203 1503 2271 1557 ἵν’
2297 1503 2448 1569 αύτῴ
2479 1502 2680 1573 πιθανὴ
2726 1504 2826 1573 τῆς
2871 1501 3291 1572 φιλανθρωπίας
3324 1501 3359 1570 ἡ
3412 1500 3694 1571 πρῦφασις
3724 1492 3779 1571 ᾖ.

2204 1597 2548 1667 καυχωμένῳ
2590 1598 2749 1650 ταυτὶ
2792 1596 2881 1650 διὰ
2920 1595 3181 1665 κηρύκων
3230 1611 3289 1647 τε
3332 1593 3427 1647 καὶ
3474 1591 3782 1645 ἐπιστολῶν

2205 1690 2341 1762 πρὸς
2363 1691 2507 1744 ἅπαν
2547 1688 2697 1753 ἔθνος
2720 1690 2846 1742 ὅσον
2877 1688 3100 1756 ἐφικτὸν
3141 1688 3238 1740 σὺν
3292 1685 3440 1757 μάλα
3475 1683 3672 1755 μακρᾷ
3715 1684 3779 1751 τῇ

2205 1784 2415 1855 σπουδῇ
2450 1783 2545 1836 καὶ⁷
2587 1783 2822 1853 δαπάνῃ.
2869 1781 3016 1852 ἔργῳ
3055 1780 3113 1834 δὲ
3164 1780 3293 1843 τοὺς
3332 1778 3599 1839 δεσπότας
3642 1776 3782 1843 ἔχων

2204 1879 2263 1932 ἐν
2297 1875 2649 1948 ἀνδραπόδων
2681 1875 2868 1947 μοίρᾳ,
2899 1873 3161 1928 ὑπόθεσιν
3188 1862 3286 1943 Exi.)
3313 1872 3409 1925 καὶ
3437 1868 3598 1922 τοῦτο
3645 1884 3783 1920 καυ-

521 1968 697 2023 deret.
728 1966 1196 2035 Quemadmodum
1217 1965 1271 2020 in
1299 1966 1577 2021 curriculo
1611 1966 1850 2020 victores
1893 1964 1964 2020 ob
1989 1966 2099 2018 vir—

2213 1972 2415 2041 χήσεως
2444 1969 2538 2022 καὶ
2571 1968 2717 2038 μάλα
2750 1968 2969 2037 μακρᾶς
3002 1967 3059 2018 ἐν
3096 1965 3177 2036 τῷ
3227 1963 3325 2035 βίῳ
3369 1961 3559 2028 σοφίας
3610 1958 3781 2012 αὑτοῦ

526 2070 724 2123 tutem,
759 2061 831 2112 ita
860 2060 950 2115 ille
976 2058 1069 2113 ubi
1102 2075 1202 2113 nos
1234 2059 1287 2111 iu
1323 2058 1690 2112 calamitatem
1742 2057 2100 2112 inciderimus

521 2155 595 2209 ob
620 2154 977 2208 domesticam
1022 2152 1338 2207 felicitatem
1375 2151 1669 2221 superbiit.
1696 2150 1940 2218 Quorum
1980 2164 2101 2204 om-

523 2247 676 2307 nium
724 2245 1032 2301 certissima
1082 2244 1219 2297 mihi
1259 2252 1387 2297 sunt
1441 2243 1773 2299 testimonia.
1826 2241 2100 2311 Sponsum

525 2342 674 2396 dedit
705 2340 829 2393 filiae
858 2338 1112 2403 invitum,
1148 2346 1204 2391 et
1247 2337 1416 2392 invita
1453 2346 1626 2391 matre
1664 2350 1785 2390 mea
1813 2335 1970 2402 cujus
2017 2350 2105 2389 ra-

522 2433 772 2489 tionibus
801 2446 938 2502 quas
972 2445 1119 2484 nunc
1151 2428 1350 2483 all'erre
1393 2443 1502 2483 non
1555 2428 1707 2493 licet,
1744 2430 1837 2483 ubi
1877 2428 2104 2483 minime

526 2516 742 2592 debuit,
770 2524 987 2579 omissis
1009 2523 1181 2592 ipsius
1198 2530 1437 2578 mentem
1455 2506 1970 2590 protenussecutus
1996 2531 2103 2576 est.

525 2620 694 2674 Nobis
747 2618 897 2672 enim
936 2615 1154 2685 publice
1200 2614 1530 2686 gravissimo
1560 2614 1922 2685 jurejurando
1961 2613 2107 2669 allir-

525 2720 773 2765 moverat
816 2708 954 2762 velle
989 2722 1048 2762 se
1085 2705 1219 2760 mihi
1248 2714 1456 2775 patrem
1485 2718 1608 2760 esse
1639 2714 1696 2759 et
1723 2707 1873 2776 regni
1904 2706 2107 2775 guber-

524 2802 782 2858 naculum
809 2812 996 2856 tenere
1027 2800 1203 2856 donec
1235 2798 1304 2853 ad
1356 2798 1680 2854 vicesimum
1731 2812 1935 2851 annum
1980 2814 2107 2868 per-

525 2896 802 2949 venissent
829 2909 844 2959 ;
882 2907 1061 2964 neque
1089 2892 1231 2948 ullus
1251 2908 1318 2948 ex
1349 2892 1527 2962 ipsius
1559 2890 1686 2947 filiis
1720 2893 1786 2946 ad
1816 2893 2104 2963 imperium

522 2987 839 3044 accederet.
893 2985 1002 3042 Sed
1047 3002 1155 3041 non
1198 2985 1372 3039 multo
1422 2992 1545 3055 post
1589 2984 1775 3040 effecit
1809 2985 2104 3040 contraria.

530 3078 667 3145 Qua:
706 3074 1066 3148 jurejurando
1097 3074 1422 3145 promiserat
1456 3083 1517 3128 ut
1562 3090 1734 3145 nugas
1774 3074 2106 3129 existimavit

524 3181 581 3225 et
604 3171 754 3225 Atrei
794 3169 970 3225 oculis
1008 3169 1190 3222 subito
1233 3168 1531 3236 assumptis
1577 3182 1664 3222 me
1708 3167 1955 3238 despexit
2004 3181 2105 3222 nec

528 3264 624 3335 pili
657 3261 881 3332 quidem
909 3260 1099 3314 habuit
1131 3268 1188 3313 et
1227 3268 1485 3329 tauquam
1517 3273 1712 3313 navem
1737 3257 1981 3312 remulco
2022 3273 2107 3312 me

526 3366 717 3409 secum
750 3351 936 3406 traxit.
986 3348 1113 3404 Suis
1157 3359 1340 3404 autem
1390 3347 1513 3402 ﬁliis
1553 3363 1621 3402 ex
1664 3358 1775 3402 tota
1824 3347 2105 3402 voluntate

530 3460 759 3516 regnum
794 3441 1069 3497 attribuit.
1113 3440 1267 3506 Quod
1300 3438 1454 3494 brevi
1487 3439 1808 3509 priusquam
1840 3452 1936 3507 per
1981 3437 2105 3491 Bar-

529 3537 694 3590 baros
722 3542 917 3587 nactus
946 3539 1032 3586 est
1061 3529 1429 3584 Barbarorum
1460 3528 1720 3582 manibus
1756 3526 1981 3583 tradidit
2011 3537 2107 3579 aut

529 3641 677 3684 certe
715 3625 933 3681 tradere
950 3642 961 3647 ν’
986 3624 1178 3678 voluit.
1221 3624 1411 3693 Neque
1466 3624 1604 3678 clam
1642 3623 1709 3676 iis
1756 3637 1981 3692 regnum
2021 3631 2106 3674 at.

535 3719 730 3774 tribuit
755 3718 829 3772 ita
855 3726 915 3770 ut
943 3717 1189 3771 omnium
1219 3716 1321 3770 sibi
1355 3715 1613 3771 invidiam
1642 3714 1914 3768 excitarit.
1940 3713 2108 3782 Cujus

532 3811 615 3866 rei
666 3810 900 3864 fortasse
932 3821 1059 3864 eum
1106 3806 1299 3876 puduit
1328 3822 1451 3861 cum
1500 3806 1664 3874 paulo
1706 3815 1831 3859 ante
1880 3804 2108 3874 singulis

538 3902 694 3974 167
725 3901 1034 3972 quibusque
1064 3899 1318 3969 gentibus
1370 3908 1478 3954 tam
1518 3899 1687 3953 multa
1720 3898 1994 3967 pollicitus
2019 3913 2108 3952 es-

534 4008 653 4064 set;
683 4004 865 4049 tamen
897 3992 1112 4048 occulto
1135 4002 1191 4047 et
1236 3994 1380 4062 quod
1407 3991 1629 4061 quidem
1661 3991 1958 4045 arbitratus
2002 3999 2105 4052 est,

536 4098 610 4162 ita
642 4096 699 4141 ut
732 4101 833 4157 ego
866 4085 1005 4139 nihil
1058 4084 1376 4155 percontari
1404 4098 1571 4139 ausus
1605 4084 1731 4140 sim.
1786 4082 1940 4139 Brevi
1975 4093 2110 4139 tein-

536 4196 671 4253 pore
706 4179 992 4249 interjecto
1043 4178 1356 4232 Matthmum
1409 4176 1636 4231 fratrem
1672 4175 1738 4230 ad
1798 4192 1886 4231 res
1941 4192 2110 4231 novas

537 4282 871 4341 consurgere
920 4270 1060 4324 fama
1102 4269 1275 4333 venit,
1322 4283 1429 4337 qua
1464 4267 1708 4322 omnium
1769 4282 1927 4322 aures
1966 4269 2110 4325 clare

543 4365 932 4436 personabant.
985 4361 1090 4417 Sed
1140 4360 1424 4421 Matthacus
1473 4359 1844 4430 spectaculum
1902 4369 2109 4413 tantum

539 4458 808 4528 praebuit;
842 4456 987 4523 ipsas
1013 4469 1100 4509 res
1140 4454 1420 4507 moderata
1448 4462 1532 4506 est
1578 4466 1733 4505 meus
1776 4452 1967 4520 patris.
2022 4449 2112 4504 Sic

538 4550 691 4604 enim
722 4547 924 4601 factum
974 4556 1060 4599 est
1116 4552 1175 4598 ut
1205 4552 1359 4613 pater
1388 4542 1538 4612 pacis
1586 4557 1748 4595 causa
1792 4541 1955 4607 modo
2007 4539 2111 4594 hoc

2204 2065 2300 2117 καὶ
2330 2059 2712 2132 στρατηγικῆς
2753 2059 3069 2129 ἐμπειρίας,
3106 2055 3298 2123 ὥσπερ
3332 2056 3381 2108 οἱ
3416 2056 3476 2105 ἐν
3520 2051 3785 2120 ἱπποδρο-
3827 2071 3836 2087 ~

2207 2132 2361 2224 μίέὶις
2393 2153 2493 2222 τὴν
2514 2150 2768 2219 ἱππικὴν,
2801 2147 2972 2210 οὕτως
2997 2146 3183 2209 αὐτὸς,
3208 2146 3330 2204 ταῖς
3350 2141 3506 2212 ἡμῶν
3529 2140 3783 2205 δυσπρα-

2203 2248 2353 2316 γίαις
2405 2246 2505 2316 τὴν
2557 2242 2769 2297 οἰκείαν
2824 2242 2998 2312 ὀφρῦν
3037 2236 3469 2304 ἐνδεικνύμενος.
3521 2231 3636 2287 Καί
3691 2247 3784 2301 μοι

2204 2340 2311 2394 τῶν
2334 2337 2642 2408 λεγομένων
2676 2336 2960 2405 μάρτυρας
2985 2332 3054 2385 τὰ
3084 2331 3212 2403 ἑξῆς
3240 2327 3516 2398 ἀψευδεῖς.
3562 2326 3783 2391 Ἤγαγε

2205 2432 2316 2503 γὰρ
2349 2434 2441 2485 ἐπὶ
2472 2429 2701 2499 θυγατρὶ
2731 2427 2980 2499 γαμϐρὸν
3012 2425 3217 2480 ἄκοντα
3250 2423 3345 2503 καὶ
3388 2421 3533 2491 μάλα
3576 2419 3786 2489 ἥκιστα

2205 2526 2307 2593 τῆς
2359 2525 2498 2595 ἐμῆς
2550 2522 2882 2593 βουλομένης
2927 2519 3134 2591 μητρὸς
3184 2516 3252 2570 δι’
3298 2516 3364 2579 ἃς
3416 2512 3676 2567 ἐκλαλεῖν
3724 2511 3785 2564 οὐ

2209 2617 2366 2685 θέμις
2403 2613 2604 2678 αἰτίας,
2653 2606 2727 2667 ὧν
2772 2612 2833 2665 τδ
2877 2613 3194 2683 ἀπόρρητον
3236 2608 3399 2669 αὐτὸς
3430 2604 3570 2660 ἐκὼν
3601 2621 3788 2672 παρα-

2207 2708 2416 2779 τρέχων
2446 2707 2574 2759 εὐθὶ)
2600 2707 2709 2759 τῶν
2738 2705 2888 2775 αὐτῷ
2923 2703 3317 2772 σκοπουμένων
3352 2699 3592 2762 ἐϐάδιξε.
3623 2697 3711 2750 Τὰ
3743 2696 3787 2750 δ’

2205 2797 2275 2872 ἦν
2304 2801 2386 2852 ὅτι
2432 2798 2726 2870 φρικώδεις
2766 2798 2901 2867 ἡμῖν
2950 2792 3319 2866 παρεσχηκὼς
3346 2790 3585 2862 δημοσίᾳ
3620 2789 3791 2841 πνεύο

2212 2911 2415 2957 σαντας
2449 2878 2662 2963 ὅρκουςχ
2694 2887 2836 2944 εἷναί
2881 2907 2940 2942 τε
2987 2890 3171 2959 πατὴρ
3206 2888 3329 2957 ἐμοὶ
3375 2886 3468 2939 καὶ
3504 2882 3787 2954 συμϐασι-

2209 2986 2389 3041 λεύειν
2424 2987 2584 3057 ἄχρις
2633 2987 2699 3039 ἂν
2733 2986 2789 3066 ἐκς
2840 2986 2931 3037 τὸν
2959 2983 3201 3037 εἰκοστὸν
3243 2981 3302 3047 ἐξ
3328 2977 3549 3050 ἐφήϐων
3581 2979 3670 3048 ἴδῃ
3721 2993 3788 3046 με

2211 3079 2663 3149 παραγγέλλοντα
2708 3077 2933 3148 χρόνον,
2983 3075 3212 3147 μηδενὸς
3260 3072 3369 3126 τῶν
3408 3074 3568 3125 υίέων
3618 3069 3790 3123 αὑτοῦ

2209 3174 2279 3243 τῇ
2312 3172 2563 3243 βασιλείᾳ
2591 3171 2967 3242 τολμήσαντος
2998 3168 3249 3223 ὁπωσοῦν
3280 3167 3651 3230 ἐπιτίθεσθαι,
3687 3165 3717 3216 ὁ
3746 3163 3790 3217 δ’

2210 3267 2311 3318 οὐκ
2347 3266 2431 3329 είς
2463 3262 2681 3335 μακρὰν
2727 3263 2985 3333 ἐπέραινε
3030 3260 3312 3326 τάναντία,
3336 3260 3501 3328 λῆρον
3538 3259 3793 3319 ἅπαντας

2214 3356 2566 3428 ἡγησάμενος
2587 3356 2782 3426 ὅρκους
2808 3354 3071 3418 ἐκείνους.
3097 3353 3211 3407 Καὶ
3235 3352 3332 3427 μὲν
3354 3352 3419 3423 δὴ
3442 3351 3535 3405 καλ⁵
3551 3350 3793 3418 ’Δτρέως

2213 3450 2417 3520 ὄμματ’
2451 3450 2613 3513 εὐθὺς
2634 3447 2895 3519 εἰληφὼς,
2931 3448 3031 3519 ἐμὲ
3071 3447 3170 3517 μὲν
3198 3448 3257 3500 ἐν
3294 3446 3464 3516 καρὸς
3488 3462 3545 3498 τε
3580 3444 3797 3497 ἐτίθετο

2218 3546 2406 3614 μοίρᾳ,
2449 3544 2544 3595 καὶ
2568 3541 2757 3614 ὥσπερ
2801 3541 2986 3594 ὁλκάδι
3015 3541 3270 3609 ἐφόλκιον
3313 3538 3545 3592 ἕπεσθαί
3577 3538 3626 3590 οἱ
3662 3552 3797 3607 προ-

2217 3638 2478 3700 σέταττε,
2529 3638 2639 3699 τοῖς
2695 3635 2739 3687 δ’
2782 3635 2960 3688 υίέσιν
3013 3634 3164 3696 ὅλαις
3215 3633 3416 3702 ψήφοις
3463 3629 3649 3701 ψυχῆς
3709 3629 3797 3681 τὸν

2217 3726 2488 3798 βασίλειον
2513 3726 2729 3798 διένεμε
2762 3728 2986 3797 κλῆρον,
3009 3726 3074 3781 δν
3104 3728 3160 3789 ἐς
3186 3726 3246 3778 τὸ
3276 3725 3415 3778 πάνυ
3446 3724 3621 3796 βραχὺ
3661 3723 3797 3792 πρὶν

2216 3816 2572 3895 ἢκατασχεῖν
2599 3817 2688 3870 διὰ
2723 3816 3018 3889 βαρσάρων
3039 3858 3054 3883 ,
3089 3820 3145 3879 ἐς
3179 3816 3473 3887 βαρϐάρων
3507 3801 3705 3885 ’ἤλασέ
3736 3829 3796 3865 τε

2218 3911 2410 3978 χεῖρας
2436 3909 2533 3962 καὶ
2566 3909 2814 3961 ἐλαύνειν
2850 3908 3066 3979 ἔμελλε.
3099 3910 3322 3978 Διένεμε
3356 3904 3407 3961 δ’
3434 3907 3533 3960 οὐκ
3564 3908 3801 3958 ἐκκεκα-

2216 3998 2533 4069 λυμμένως,
2569 3998 2709 4052 ὥστε
2732 4002 2827 4053 καὶ⁵
2859 4001 2913 4059 ἐς
2935 3999 3192 4071 δημόσιον
3215 3999 3407 4067 ῥυῆναι
3444 3998 3534 4050 τὸν
3568 3998 3800 4065 ἔλεγχον

2218 4091 2599 4162 περιφάνειαν,
2629 4092 3016 4164 αἰσχυνόμενος
3052 4091 3182 4152 ἴσως
3221 4092 3319 4161 τὴν
3361 4091 3584 4159 ἔναγχος
3616 4090 3799 4160 ὀφρὺν

2215 4185 2316 4255 τῆς
2350 4189 2407 4249 ἐς
2453 4186 2598 4239 ἅπαν
2635 4185 2784 4249 ἔθνος
2813 4187 3154 4256 καυχήσεως,
3185 4184 3320 4237 ἀλλὰ
3358 4183 3543 4253 κρύφα
3583 4183 3687 4235 καὶ
3725 4180 3802 4252 μὴ

2220 4260 2550 4346 τολμῶντος.
2575 4277 2649 4340 ὡς
2677 4275 2802 4347 ᾤετ’
2825 4278 3007 4340 αὐτὸς,
3038 4276 3171 4348 ἐμοῦ
3212 4276 3270 4327 τὸ
3300 4275 3565 4344 παράπαν
3601 4274 3803 4327 αἱσθὰο

2220 4369 2428 4424 νεσθαι.
2483 4367 2649 4422 Οῦπω
2707 4368 2912 4439 βραχύς
2954 4385 3037 4431 τις
3087 4365 3380 4439 προύϐαινε
3436 4366 3656 4436 χρόνω,
3706 4368 3803 4418 καὶ

2219 4444 2559 4522 ἄποστασίας
2596 4458 2864 4526 τάδελφοῦ
2899 4476 2989 4528 μοι
3020 4459 3300 4511 Ματθαίου
3341 4458 3536 4526 συχνὰς
3569 4458 3603 4525 ὴ
3636 4460 3803 4526 φήμη

2221 4554 2466 4621 φέρουσα
2508 4552 2694 4604 πᾶσαν
2744 4544 2912 4620 ἀκοὴν
2952 4552 3206 4621 περιήχει
3246 4550 3535 4621 λαμπρῶς.
3572 4552 3687 4603 Καὶ
3734 4546 3806 4619 ἦν

540 4641 704 4697 modo
735 4639 871 4695 illud
912 4637 1266 4693 concedendo
1315 4635 1425 4689 lilio
1460 4635 1662 4689 sensim
1708 4643 1976 4703 quotquot
2020 4648 2106 4687 re-

2222 4646 2503 4699 Ματθαίου
2560 4645 2660 4712 μὲν
2692 4645 2753 4697 τὸ
2791 4644 2997 4715 δρᾶμα.
3024 4645 3082 4696 τὸ
3115 4645 3159 4697 δ’
3207 4645 3326 4697 ὅλον
3356 4647 3679 4713 οἰκονομική
3721 4659 3807 4704 τις

458 4742 467 4747 ’
539 4735 639 4805 gia:
668 4730 956 4803 potestatis
994 4730 1229 4799 insignia
1260 4738 1390 4784 sunt
1424 4727 1696 4782 addixerit
1719 4726 1835 4805 solo
1868 4740 2113 4796 gemmeo

540 4801 737 4895 capitis
775 4830 973 4878 ornatu
1022 4831 1270 4889 excepto.
1326 4819 1401 4874 De
1434 4819 1538 4874 hoc
1574 4801 1843 4873 nihildum
1893 4819 2112 4888 quidem

543 4919 759 4984 statuit,
791 4917 884 4971 sed
937 4914 1083 4984 quod
1128 4928 1158 4969 e
1195 4912 1650 4983 promissionihus
1679 4912 1933 4981 apparuit
1975 4911 2114 4965 bene

542 5013 784 5083 Speravit
831 5022 886 5064 et
920 5020 977 5063 ut
1013 5007 1321 5062 efﬁceretur
1352 5007 1463 5076 jam
1519 5005 1865 5074 prcharavit.
1902 5004 2008 5058 Sed
2058 5014 2116 5057 ut

542 5121 733 5160 eorum
766 5120 887 5171 qua:
927 5101 1127 5156 deinde
1157 5100 1300 5155 facta
1340 5111 1467 5153 sunt
1500 5099 1667 5153 multa
1699 5099 2115 5166 pra-terminum

544 5208 600 5252 et
641 5196 709 5249 de
751 5194 851 5247 hac
883 5208 941 5247 re
968 5205 1139 5259 pauca
1192 5189 1484 5259 proferam,
1516 5205 1625 5259 quo
1674 5190 1894 5245 tandem
1934 5191 2117 5241 animo

546 5305 631 5343 me
684 5287 852 5342 fuisse
885 5284 1111 5355 putatis,
1145 5299 1270 5337 cum
1304 5299 1392 5338 me
1441 5284 1533 5354 qui
1568 5284 1731 5338 domo
1768 5298 1877 5337 non
1930 5283 2117 5352 prodi-

547 5397 662 5436 rem
718 5380 809 5433 ille
857 5378 1132 5433 concitato
1162 5390 1303 5446 equo
1358 5385 1415 5430 et
1461 5375 1648 5429 animo
1696 5375 1956 5430 advolans
1989 5384 2118 5429 ante

546 5466 694 5527 fores
725 5484 875 5549 meas
913 5483 944 5522 a
1002 5466 1224 5523 sublimi
1257 5468 1387 5523 sede
1436 5482 1535 5523 sua
1568 5482 1763 5538 magna
1795 5481 1920 5522 cum
1971 5467 2121 5521 inso-

548 5564 715 5619 lentia
750 5562 1062 5632 iucrcparet
1090 5576 1198 5631 qua
1239 5576 1346 5615 non
1397 5561 1554 5616 facile
1589 5562 1714 5631 quis
1763 5560 1819 5614 in
1850 5569 2124 5614 armenta-

550 5657 690 5708 rium
722 5652 1156 5718 insultet?Quod
1186 5662 1240 5707 tu
1264 5667 1481 5723 quoque
1499 5669 1623 5707 cum
1641 5654 1755 5707 ha:c
1781 5654 1957 5723 palam
1984 5655 2124 5706 facta

547 5750 659 5801 sint
692 5763 798 5801 non
847 5750 1091 5817 negabis.
1151 5746 1463 5802 Recordare
1507 5748 1767 5817 triumphi
1810 5763 1971 5817 quem
2031 5761 2122 5800 rex

553 5840 850 5908 quotannis
880 5840 1060 5894 facere
1118 5841 1275 5895 solet.
1306 5838 1442 5894 Cum
1495 5856 1589 5894 vos
1624 5841 1775 5894 ἰιιιιιιι
1831 5842 1976 5911 regio
2013 5842 2127 5895 diae

561 5933 773 5988 dentale
808 5943 1061 5988 ornatum
1095 5936 1439 6003 permovistis
1475 5944 1531 5987 ut
1579 5950 1794 5988 mecum
1828 5934 2043 6002 publice
2072 5934 2127 5988 in

2219 4740 2454 4806 πατρίου
2479 4738 2640 4806 δόξης
2670 4738 2909 4791 ἐπίνοια·
2945 4737 3033 4791 διὰ
3062 4738 3171 4810 γὰρ
3188 4737 3296 4790 τῶν
3321 4739 3577 4789 τοιούτων
3600 4736 3807 4805 ἐκείνῳ

2218 4830 2312 4883 νῦν
2348 4831 2449 4899 μὲν
2496 4830 2638 4896 τὸδε,
2696 4829 2791 4882 νῦν
2833 4829 2877 4882 δ’
2906 4830 3094 4899 ἓτερον
3130 4829 3358 4898 εἰρήνης
3409 4827 3569 4897 δῆθεν
3612 4827 3808 4878 εἵνεκα

2220 4926 2610 4993 συνεχωρεῖτο,
2663 4925 2758 4976 καὶ
2809 4923 2967 4976 πάνθ’
3011 4920 3142 4989 ἑξῆς
3174 4922 3347 4974 ὁπόσα
3387 4921 3484 4987 τῆς
3515 4919 3808 4989 βασιλείας

2219 5016 2482 5083 ἐπεφύκει
2521 5015 2768 5082 σύμϐολα
2807 5010 2947 5083 πλὴν
2975 5014 3073 5082 τῆς
3098 5013 3470 5084 λιθοκολλήτου
3502 5012 3678 5081 μόνης
3711 5028 3811 5063 και

2220 5109 2282 5161 λύ
2298 5126 2488 5175 πτρας.
2525 5108 2691 5161 Οὔπω
2722 5110 2829 5178 γὰρ
2864 5112 2942 5171 εἰς
2984 5107 3099 5177 φῶς
3129 5110 3219 5159 καὶ
3256 5114 3405 5160 τουτὶ
3436 5106 3810 5176 προεληλύθει

2225 5210 2283 5252 το
2315 5201 2559 5269 σκέμμα,
2592 5200 2649 5250 ὲν
2682 5199 3043 5267 ἐπαγγελίαις
3066 5200 3111 5252 δ’
3146 5196 3240 5252 οὖν
3273 5200 3811 5268 ἐγαλακτοτροφείτο

2226 5294 2318 5341 καὶ
2349 5290 2530 5354 τοῦτο,
2563 5290 2657 5341 καὶ
2693 5290 2794 5361 ἤδη
2830 5289 3194 5361 προῦπεμπεν
3241 5293 3298 5354 ἐς
3327 5291 3387 5344 τὸ
3419 5291 3813 5360 παρρησιαζὸ·

2229 5397 2407 5451 μενον.
2444 5385 2550 5435 Καὶ
2580 5383 2666 5435 ἴνα
2729 5385 2796 5436 τὰ
2832 5384 3000 5436 πλείω
3028 5384 3138 5437 τῶν
3198 5384 3380 5455 μέσων
3418 5383 3637 5453 ἀφελὼν
3674 5387 3814 5437 ὑπο-

2232 5474 2425 5542 μνήσω
2458 5473 2664 5544 βραχέα
2698 5477 2793 5527 καὶ
2821 5480 2950 5545 περί
2980 5474 3192 5540 τούτου,
3228 5474 3293 5546 [ἱ.
3334 5473 3439 5527 156
3471 5472 3526 5545 b]
3573 5476 3707 5527 τίνα
3742 5493 3811 5543 με

2226 5567 2405 5637 ψυχὴν
2438 5565 2581 5634 ἔχειν
2613 5566 2853 5636 ᾠήθητε,
2886 5566 3053 5618 ὁπότε
3089 5570 3254 5636 μήπω
3283 5584 3353 5637 με
3398 5566 3491 5619 τοῦ
3523 5567 3815 5633 δωματίου

2231 5658 2535 5728 προδάντα,
2574 5657 2777 5721 πάσαις
2808 5658 2984 5729 ἡνίαις
3027 5660 3235 5720 ἐκεῖνος
3272 5658 3441 5711 ἵππου
3486 5663 3580 5711 καὶ
3629 5659 3816 5728 θυμοῦ

2233 5749 2559 5819 φερόμενος,
2608 5749 2713 5819 πρὸ
2742 5752 2849 5800 των
2883 5751 3060 5819 θυρῶν
3105 5749 3214 5801 τῶν
3266 5750 3416 5817 ἐμῶν
3467 5748 3558 5814 ἀφ’
3596 5749 3817 5818 ὑιζιγέλου

2233 5843 2543 5911 καθήμενος
2576 5841 2799 5912 θερεσιν
2832 5842 3025 5894 ἕπλυνε
3055 5845 3199 5912 μάλα
3241 5846 3502 5912 μακραῖς,
3533 5861 3623 5893 και
3672 5849 3820 5903 uix;

2235 5938 2372 5988 κατὰ
2406 5938 2669 6006 βοηλάτου
2716 5938 3025 6007 χρήσασθαί
3080 5956 3158 6002 τις
3196 5937 3518 6007 αἰσχυνθείη
3561 5938 3651 5989 ἄν.
3710 5941 3821 5990 Καί
