4050 6578
134 448 145 455 ’
238 436 344 503 145

1224 435 1668 502 ΒῩΖᾹΝΤῙΝΕ
1708 438 2096 501 ΙΙΙ5ΤοΗ1.Έ
2139 441 2278 504 LIB.
2325 442 2572 504 XXVII.

3416 437 3514 501 1&6

2812 518 2843 544 ἱ

236 548 540 617 ἀρνηθείης
577 548 796 612 πάντως
850 546 951 603 οῦκ
1004 549 1070 604 ἀν
1101 550 1211 604 οὐδ’
1261 552 1420 622 αὕτη,
1456 553 1694 625 δημοσίᾳ
1725 552 1819 606 τοῦ

1945 555 2018 621 llo
2053 557 2366 625 spectaculo
2427 554 2774 625 procederet,
2828 569 2929 625 ego
2963 567 3095 608 vero
3141 566 3264 605 cum
3302 551 3515 621 imperii

236 640 577 711 πράγματος
623 641 936 710 γεγονότος.
981 636 1152 697 οἶσθα
1200 644 1310 715 γὰρ
1354 646 1448 697 τὸν
1480 646 1690 717 συνήθη
1726 645 1824 699 καλ⁸

236 732 465 803 ἐτήσιον
524 734 643 797 τοῖς
692 733 969 804 βασιλεῦσι
1018 734 1279 805 δαφναῖον
1328 736 1617 809 θρίαμϐον,
1661 738 1824 791 ὁπότε

239 822 551 893 βασιλικοῖς
596 824 697 895 μὲν
753 827 912 895 ὑμεῖς
940 828 1105 883 αὑτὸν
1139 831 1480 901 ἠτοιμόισατε
1523 830 1824 900 διαδήμασι

234 916 595 988 κοσμηθέντα
641 918 882 993 δημοσία
935 939 1027 992 μοι
1080 923 1598 995 συμπανηγυρίζειν
1647 925 1824 976 ἐκεῖνο

236 1009 300 1061 τὸ
331 1008 589 1082 θέατρον,
626 1011 752 1081 ἐμοὶ
776 1011 823 1066 δ’
849 1015 950 1067 οὐκ
978 1015 1294 1085 ἀνεχομένῳ
1321 1017 1420 1085 τῆς
1453 1018 1594 1085 ἐμῆς
1640 1016 1823 1069 ἑκοντὶ

238 1101 482 1174 προδότῃ
511 1104 758 1173 γίνεσθαι
792 1105 1072 1177 βασιλείας
1112 1109 1251 1179 ὁμοῦ
1306 1111 1401 1163 καὶ
1455 1109 1625 1182 ζωῆς.
1684 1111 1820 1179 μηδὲ

1930 656 1988 702 et
2039 649 2166 703 vita:
2199 664 2334 705 mea:
2370 648 2619 719 proditor
2650 647 2766 716 ipse
2797 661 2918 701 esse
2971 643 3198 707 nollem,
3231 656 3411 711 neque
3446 640 3517 693 ob

1933 739 2237 805 tristitiam,
2269 756 2338 795 ne
2366 741 2545 794 dicam
2571 739 2652 813 ὀὶ)
2685 738 2951 809 pudorem
2991 737 3153 809 168
3198 745 3253 790 et
3304 749 3519 804 pompm

1934 831 2252 899 ridiculum,
2282 832 2444 887 domo
2474 831 2695 902 prodire
2747 831 2798 884 in
2841 831 3027 884 animo
3083 829 3368 891 haberem.
3403 828 3519 883 haec

1932 939 2128 993 passus
2184 940 2325 979 suun
2380 923 2481 980 llic
2537 933 2719 979 autem
2771 924 2936 979 etiam
2990 933 3183 993 postea
3237 922 3516 976 occultum

1930 1016 2117 1072 odium
2155 1017 2289 1071 tulit—
2336 1026 2396 1071 ut
2426 1016 2673 1086 expleret
2726 1031 2854 1071 eum
2911 1017 2965 1070 in
3018 1029 3102 1068 me
3152 1030 3181 1068 a
3211 1030 3320 1083 quo
3371 1012 3523 1066 nulla

1930 1109 2131 1177 injuria
2171 1109 2403 1165 aﬂ‘ectus
2425 1118 2563 1164 erat.

236 1193 335 1247 τοῦ
405 1197 683 1268 δωματίου
735 1201 1057 1272 προϐαίνειν
1106 1202 1550 1276 προθυμουμένῳ
1624 1206 1713 1259 διὰ
1760 1204 1860 1277 τὴν
1899 1204 2082 1272 λύπην
2140 1204 2305 1275 (ὀκνῶ
2354 1205 2462 1275 γὰρ
2509 1203 2778 1276 αἰσχύνην
2858 1204 3036 1258 εἰπεῖν
3076 1182 3189 1258 ’καὶ
3228 1203 3525 1272 θεατρικὴν

239 1289 527 1361 ἀτοπίαν),
566 1294 636 1347 τά
667 1294 845 1349 τοιαδὶ
890 1296 1221 1351 πεπονθέναι
1254 1299 1651 1370 συμπέπτωκε.
1709 1300 1819 1352 Καὶ
1856 1299 1978 1352 δέον
2050 1300 2107 1360 ἐς
2172 1298 2456 1370 ἐκδίκησιν
2487 1299 2593 1369 τῆς
2630 1298 2846 1370 ’ύϐρεως
2879 1300 2971 1351 τὸν
3018 1297 3199 1351 κοινὸν
3228 1297 3524 1368 διαναστῆο

243 1399 335 1438 ναι
371 1384 610 1455 πατέρα,
645 1388 673 1442 δ
701 1387 759 1442 δὲ
787 1390 884 1446 καὶ
917 1390 1247 1462 μετόπισθεν
1302 1394 1431 1466 ἔσχε
1469 1395 1648 1461 κότον,
1678 1395 1825 1466 ὄφρα
1864 1395 2083 1466 τελέσῃ,
2117 1397 2262 1449 κατὰ
2296 1388 2393 1447 τοῦ
2424 1395 2592 1464 μηδὲν
2625 1394 2940 1458 ἀδικοῦντος
2971 1394 3132 1464 ἐμοῦ.

312 1475 449 1534 Kl".
464 1479 628 1534 Ἀλλὰ
645 1482 699 1535 τί
725 1499 793 1553 με
811 1483 976 1538 δεῖτά
991 1486 1129 1540 πᾶσι
1145 1486 1263 1557 δῆλ’
1280 1486 1629 1560 ἀναμετρεῖνς
1656 1490 1834 1543 Ἐκεῖ-

244 1572 340 1626 θεν
370 1573 482 1644 γὰρ
506 1574 755 1629 ἐκποδών
786 1593 857 1647 με
904 1580 1081 1634 ποιεῖν
1129 1568 1549 1653 βουλευσαμένῳ
1595 1581 1671 1653 τῷ
1703 1599 1834 1635 πεν-

241 1664 392 1735 θερῷ
424 1665 524 1736 τὴν
546 1668 810 1739 ταχίστην
864 1688 934 1742 με
982 1671 1391 1744 διαχρήσασθαι
1431 1674 1625 1728 τούτου
1654 1676 1836 1748 napi]-

242 1771 373 1810 νουν
400 1756 448 1807 οἱ
474 1755 577 1824 τῆς
608 1757 687 1828 (1)
722 1759 1052 1832 Παλαμικῆς
1094 1762 1255 1834 δόξης
1282 1765 1607 1835 αἰρεσιῶται
1634 1781 1649 1798 ’
1681 1768 1835 1820 τουτὶ

2007 1487 2200 1543 XXIII.
2262 1486 2368 1543 Sed
2410 1488 2543 1557 quid
2598 1504 2721 1560 quae
2769 1489 2905 1568 satis
2940 1488 3199 1544 omnibus
3249 1498 3380 1546 nota
3417 1488 3529 1546 sint

1930 1580 2297 1651 expromam?
2331 1580 2538 1636 Deinde
2585 1581 2732 1637 enim
2764 1570 3017 1638 socerum
3064 1598 3193 1638 cum
3248 1584 3530 1654 quomodo

1930 1688 1961 1727 e
1997 1672 2178 1727 medio
2230 1688 2315 1728 me
2349 1673 2565 1728 tolleret
2618 1689 2805 1729 secum
2860 1674 3257 1740 meditaretur,
3295 1676 3531 1731 Palama:

1932 1764 2155 1819 asseclre
2188 1772 2246 1818 ut
2301 1781 2465 1836 quam
2509 1765 2798 1821 celerrime
2848 1782 2937 1822 me
2991 1776 3217 1822 necaret
3248 1766 3530 1824 adhortati

244 1848 357 1917 γὰρ
391 1847 449 1945 ὲν
486 1847 684 1919 βραχεῖ
722 1849 823 1922 τὴν
856 1852 993 1921 ὃλην
1044 1852 1191 1925 ἔχειν
1232 1857 1471 1925 ἔφασκον
1504 1857 1834 1930 ἀπαλλαγὴν

1942 1864 2084 1912 sunt.
2121 1856 2259 1911 Nam
2288 1856 2361 1912 ita
2382 1874 2510 1912 cum
2544 1856 2699 1913 brevi
2723 1857 2792 1913 ab
2826 1859 2977 1913 omni
3014 1858 3188 1914 animi
3233 1866 3382 1913 metu
3418 1873 3531 1929 quo

245 1940 348 2008 τῆς
377 1939 478 2012 τὴν
516 1942 648 2014 ὃλην
679 1944 748 1997 δι’
775 1944 874 2015 ἐμὲ
901 1946 1079 2019 ψυχὴν
1109 1949 1447 2021 ἀσχολούσης
1478 1952 1627 2021 αύτῴ
1664 1970 1831 2024 φρον-

245 2033 414 2095 τίδος.
455 2034 563 2089 Καὶ
619 2035 945 2108 τοθγκλημα
992 2040 1140 2095 λύειν
1180 2042 1337 2097 αὐτοὶ
1388 2046 1523 2115 πρὸς
1552 2046 1686 2100 Θεὸν
1734 2048 1836 2102 ύπ-

250 2124 539 2194 ισχνοῦντο
573 2131 792 2197 μεσῖται
829 2132 1171 2204 γιγνόμενοι.
1203 2137 1363 2190 Τοῦτ’
1396 2138 1584 2208 ἔμοιγε
1623 2139 1834 2208 βέλτιον

246 2215 306 2270 ὃν
346 2217 450 2272 οὐκ
505 2213 604 2275 οἷδ’
631 2222 780 2289 ὅπως
812 2225 978 2289 αὐτὸς
1026 2229 1130 2281 οὐκ
1174 2230 1412 2299 ἠθέλησε
1467 2231 1621 2304 δρᾷν.
1679 2231 1837 2304 Ἐμοὶ

250 2313 353 2382 μὲν
401 2313 514 2384 γὰρ
570 2309 719 2386 εἶχεν
774 2317 839 2371 ἄν
893 2337 1009 2383 πως
1062 2322 1386 2395 ἀπαλλαγὴν
1436 2324 1545 2378 τῶν
1595 2326 1724 2395 ἑξῆς
1774 2326 1837 2379 τὸ

248 2406 492 2476 πρᾶγμα
523 2408 736 2475 δεινῶν,
769 2411 922 2481 αύτῷ
965 2411 1013 2467 δ’
1048 2413 1358 2484 ἀνθρώπων
1402 2416 1465 2470 ἄν
1502 2434 1619 2481 πως
1658 2419 1838 2473 ἁπὰνο

248 2512 361 2551 των
407 2499 638 2565 ὄνειδος.
688 2502 781 2557 Διὸ
814 2506 910 2561 καὶ
953 2506 1161 2577 τρόπον
1214 2506 1584 2580 ξυννενοηκὼς
1633 2512 1835 2583 εὐπρε-

250 2593 547 2662 πέστερον,
579 2594 873 2668 ὑπερόριον
902 2602 1165 2670 πατρίδος
1199 2604 1297 2656 καὶ
1328 2602 1625 2674 βασιλικῶν
1660 2607 1836 2660 ἐπαύ-

249 2685 394 2738 λεων
415 2687 742 2759 ἀπειληφὼς
762 2691 819 2754 ὲς
850 2690 1256 2762 Θεσσαλονίκην
1272 2696 1559 2767 ἀπήνεγκε
1580 2696 1834 2767 τάχιστα,

255 2776 471 2848 μητρὸς
504 2779 604 2849 μὲν
634 2783 731 2836 καὶ
762 2784 1024 2851 γυναικὸς
1064 2786 1296 2857 ἔρημον,
1332 2788 1437 2841 ὑπὸ
1478 2791 1733 2860 φρουροῖς
1779 2790 1839 2846 δὲ

250 2875 349 2925 καὶ
380 2873 615 2942 φύλαξιν
644 2876 720 2941 ὡς
752 2879 948 2951 νήπιον
981 2882 1099 2936 ἐκεῖ
1127 2883 1219 2936 τὸν
1254 2884 1546 2953 είκοσαετῆ
1589 2888 1682 2941 καὶ
1704 2886 1837 2939 παί-

250 2961 363 3017 δων
407 2963 513 3035 ἤδη
549 2967 766 3039 πατέρα
830 2987 897 3041 με
952 2974 1300 3028 καταστάντα
1346 2976 1836 3044 παιδαγωγεῖσθαι

253 3060 650 3130 προστεταχὼς
679 3063 737 3115 ὲν
763 3063 983 3135 ἀδέσμῳ
1014 3067 1151 3132 τέως
1183 3042 1527 3139 εἱρκτῇ-κκαὶ
1564 3042 1707 3125 οὕτω
1739 3073 1839 3142 τὴν

251 3147 405 3216 ἀμὴν
450 3150 728 3207 ἀπουσίαν
788 3155 1148 3227 εὐπρόσωπον
1216 3160 1503 3232 εὐκαιρίαν
1551 3157 1630 3225 οἷς
1680 3161 1837 3218 ὢδινε

1938 1959 2165 2020 prepter
2199 1966 2285 2006 me
2332 1960 2627 2006 vexaretur
2682 1949 2907 2006 liberari
2959 1951 3344 2017 aﬂirmabant;
3381 1951 3531 2021 ipsos

1934 2049 2120 2095 autem
2152 2040 2363 2095 crimen
2399 2040 2664 2111 precibus
2690 2038 2804 2097 suis
2836 2041 2977 2112 apud
3011 2043 3186 2098 Deum
3208 2045 3535 2112 expiaturus

1936 2147 2077 2187 esse.
2117 2132 2448 2199 Quodntibi
2492 2148 2623 2188 sane
2679 2134 2948 2204 optimum
3000 2134 3197 2190 fuisset
3254 2143 3310 2190 et
3340 2136 3572 2198 uesciw

1938 2240 2035 2279 cur
2069 2223 2252 2309 faceqe
2280 2224 2542 2281 noluerit.
2577 2225 2711 2280 Nam
2738 2226 3026 2281 liberasset
3055 2241 3141 2281 me
3176 2227 3245 2281 ab
3272 2227 3529 2283 omnibus

1937 2333 2057 2389 quae
2088 2328 2291 2373 secat-te
2319 2328 2451 2373 sunt
2483 2319 2741 2375 miseriis.
2786 2319 2893 2395 Ipsi
2927 2334 3060 2374 vero
3093 2321 3277 2375 nescio
3311 2336 3381 2375 an
3416 2336 3533 2375 om-
3606 2380 3617 2387 κ

1938 2411 2092 2465 nium
2128 2411 2488 2481 opprobrium
2524 2421 2707 2467 ortum
2763 2422 2927 2485 esset.
2958 2411 3136 2479 Quare
3184 2414 3535 2481 commodius

1937 2503 2143 2573 aliquid
2173 2504 2508 2574 excogitavit
2552 2514 2605 2560 et
2642 2520 2809 2574 quam
2842 2506 3133 2560 celerrime
3182 2521 3213 2561 e
3249 2506 3427 2576 patria
3472 2514 3530 2560 et

1937 2594 2104 2665 regiis
2151 2595 2379 2651 sedibus
2439 2596 2888 2652 Thessalonicam
2947 2612 3035 2652 me
3074 2596 3303 2652 abduxit
3353 2608 3531 2654 matre.

1937 2703 2056 2742 mea
2081 2697 2134 2743 et
2169 2702 2338 2742 uxore
2380 2688 2591 2743 relicta.
2639 2688 2831 2760 ibique
2870 2690 3186 2781 me\viginti
3231 2705 3405 2747 annos
3437 2707 3533 2745 ua-

1940 2788 2053 2835 tum
2077 2781 2301 2852 jamque
2336 2781 2572 2836 ﬁliorum
2608 2791 2819 2852 patrem
2855 2790 3113 2852 tanquam
3147 2782 3414 2839 infantem
3434 2799 3534 2838 cu-

1939 2872 2192 2929 stodibus
2228 2875 2573 2929 tractandum
2622 2873 2775 2929 dedit
2811 2874 2866 2928 in
2914 2874 3089 2930 libera
3124 2874 3396 2931 custodia.
3440 2875 3533 2931 Iu-

1941 2962 2100 3016 terim
2152 2963 2269 3033 ipse
2306 2972 2622 3034 opportuno
2661 2961 2923 3018 absentia:
2967 2979 3103 3020 meae
3137 2974 3384 3036 tempore
3426 2980 3531 3036 op-

1938 3055 2070 3111 time
2128 3071 2260 3111 usus
2308 3073 2432 3127 quae
2455 3056 2565 3127 jam
2599 3058 2774 3112 multo
2808 3066 2937 3112 ante
2985 3057 3170 3113 animo
3200 3072 3388 3115 secum
3434 3074 3531 3114 vo-

1939 3136 2214 3204 lutaverat
2251 3161 2547 3205 exsecutus
2575 3159 2682 3205 est.
2716 3148 2789 3206 Ut
2824 3150 2928 3204 hoc
2984 3158 3243 3218 quartum
3276 3152 3528 3207 testimo-

253 3240 429 3295 πάλαι
457 3243 743 3314 σκέμμασι
776 3246 872 3301 νῦν
902 3249 1207 3321 ἐχαρίζετο.
1241 3254 1360 3306 Ἵνα
1385 3254 1491 3326 γὰρ
1526 3259 1618 3310 καὶ
1645 3257 1837 3328 τέταρ-

1943 3242 2095 3295 nium
2136 3241 2352 3296 consilii
2414 3243 2535 3314 ejus
2573 3242 2800 3297 aﬂeram
2849 3242 2996 3313 quod
3036 3242 3400 3314 jurisjurandi
3432 3244 3532 3298 fal-

252 3352 346 3389 τον
374 3338 537 3392 τοῦτο
578 3341 803 3410 προσθῶ
847 3359 937 3413 μοι
985 3345 1065 3415 τῷ
1097 3346 1241 3417 λόγῳ
1276 3348 1474 3417 δεῖγμα
1512 3349 1610 3418 τῆς
1645 3349 1714 3403 δι’
1748 3351 1837 3421 6p-

250 3443 373 3481 κων
431 3428 728 3501 ἀπατηλῶν
786 3432 936 3503 αύτῷ
980 3437 1104 3489 κατ’
1140 3436 1293 3506 ,ἐμοῦ
1352 3438 1836 3509 συσκευαζομένης

256 3515 518 3605 μελέτης,
544 3519 597 3584 ις
630 3520 874 3576 τοιοῦτον
907 3523 1083 3594 πέρας
1122 3524 1387 3605 καὶρῦτω
1411 3527 1676 3598 δυστυχὲς
1711 3528 1837 3598 ἐμοὶ

252 3603 367 3658 τῶν
400 3608 650 3677 πατρίων
693 3612 921 3666 ἐκείνων
964 3603 1441 3685 περιεληλυθότων
1484 3616 1703 3688 ὅρκων,
1739 3618 1837 3670 καὶ

252 3695 405 3752 οὕτω
447 3717 518 3769 με
558 3704 844 3772 τραγικῶν
891 3706 1419 3777 περιστοιχισάντων
1469 3708 1708 3765 δικτύων
1740 3710 1839 3765 καὶ

251 3790 376 3844 ὅσαι
407 3790 639 3847 θανάτου
668 3797 909 3864 γείτονες
955 3796 1020 3852 ὲκ
1064 3798 1159 3852 τοῦ
1191 3801 1507 3872 προφανοῦς
1555 3803 1663 3855 είσι
1700 3819 1838 3872 συμ-

254 3885 428 3953 φοραὶ
470 3889 609 3955 πρὸς
652 3888 967 3957 ἀπόγνωσιν
1009 3891 1195 3945 πᾶσαν
1232 3892 1549 3947 ὲλαύνουσαι
1588 3894 1738 3966 βίου,
1783 3896 1840 3948 τί

252 3970 366 4024 εδει
400 3978 578 4027 ποιεῖν
602 3993 617 4039 ;
654 3976 956 4047 ’Πσχαλλον
984 3980 1210 4051 κομιδῇ,
1234 3980 1508 4055 ἠνιώμην,
1538 3983 1715 4054 μέσην
1737 3983 1838 4037 αὖ·

251 4066 361 4133 τὴν
417 4068 731 4142 ἑκοπτόμην
767 4070 967 4145 ψυχὴν,
1018 4074 1359 4144 ἐμακάριζον
1413 4077 1541 4142 τοὺς
1576 4076 1839 4143 θανόντας

255 4159 469 4229 μᾶλλον
502 4161 535 4234 ἢ
565 4164 692 4225 τοὺς
712 4166 839 4234 ἐμοὶ
877 4166 1263 4237 παραπλήσιον
1291 4167 1522 4235 ζῶντας,
1553 4169 1687 4224 Θεδν
1712 4172 1843 4223 ἐπε-

253 4253 488 4326 ϐοώμην
523 4255 778 4329 μάρτυρά
807 4274 868 4310 τε
914 4257 1014 4328 τῆς
1045 4259 1257 4324 ἀδικίας
1304 4261 1401 4314 καὶ
1446 4261 1564 4331 ἅμα
1593 4263 1841 4335 τιμωρὸν

253 4347 366 4401 τῶν
395 4348 610 4404 δεινῶν.
652 4350 816 4406 ’Δλλά
865 4353 961 4408 καὶ
999 4352 1174 4417 οὓτως
1222 4354 1400 4425 ἔχοντι
1447 4355 1576 4426 ἥκει
1608 4355 1840 4428 λαθρσῖά

256 4440 712 4513 μυι.γράμματα
740 4446 876 4516 πρὸς
927 4445 1024 4500 τοῦ
1075 4446 1266 4525 Κράλη
1322 4447 1575 4519 Σερϐίας·
1622 4449 1701 4502 ού
1731 4451 1841 4520 γὰρ

252 4526 454 4599 πόρῤω
479 4545 585 4584 που
617 4531 719 4602 γῆς
745 4532 846 4595 τὰς
869 4532 1151 4603 διατριϐὰς
1189 4533 1335 4605 αύτῷ
1374 4536 1649 4590 ποιεῖσθαι
1682 4536 1840 4604 ξυνέ-

1943 3331 2101 3387 laciis
2154 3332 2209 3386 in
2240 3348 2328 3387 me
2365 3332 2622 3398 intendit,
2678 3347 2802 3387 cum
2862 3333 3150 3402 promissis
3210 3349 3334 3404 qua:
3387 3335 3530 3403 patri

1945 3425 2178 3481 dederat
2217 3425 2355 3480 male
2394 3425 2474 3489 ad
2511 3426 2730 3480 irritum
2759 3424 2998 3481 redactis
3031 3433 3141 3480 tam
3168 3426 3305 3481 diris
3360 3426 3534 3497 plagis

1944 3526 2132 3586 septus
2162 3532 2341 3573 essem
2373 3528 2430 3573 et
2466 3516 2705 3573 miseriis
2756 3531 2879 3587 qua:
2926 3517 3119 3572 mortis
3163 3516 3412 3573 contines
3453 3516 3535 3572 vi-

1945 3609 2149 3665 dentur
2175 3609 2336 3682 169
2364 3622 2573 3680 nosque
2620 3607 2691 3663 ad
2724 3623 2998 3664 summam
3028 3609 3155 3664 vitae
3184 3608 3531 3679 desperatio-

1946 3715 2072 3754 nem
2106 3698 2411 3761 adducunt,
2442 3698 2576 3769 quid
2624 3697 2934 3752 faciendum
2962 3697 3120 3754 erat?
3170 3697 3424 3767 Erumpit
3451 3698 3536 3752 in-

1944 3786 2225 3857 dignatio;
2266 3787 2321 3840 in
2363 3802 2603 3843 maerore
2646 3786 2938 3857 jacebam;
3001 3788 3073 3842 ob
3130 3787 3311 3842 intimi
3361 3788 3532 3843 animi
3612 3852 3627 3867 χ

1956 3882 2240 3936 tristitiam
2274 3880 2608 3951 plangebar;
2644 3880 2832 3936 beatos
2874 3879 3251 3961 .praedicabam
3286 3889 3534 3937 mortuos

1948 3974 2133 4045 potius
2163 3990 2328 4044 quam
2366 3975 2459 4044 qui
2518 3974 2775 4030 vivebant
2823 3989 3077 4039 mecum;
3113 3975 3282 4030 Deum
3334 3985 3527 4031 testem

1949 4065 2271 4120 invocabam
2307 4065 2631 4137 injuriarum
2677 4074 2734 4119 et
2762 4066 2997 4122 ultorem
3025 4066 3377 4137 ﬂagitiorum.
3410 4067 3531 4146 _Sed

1948 4156 2067 4225 ipsa
2097 4155 2199 4211 hac
2234 4156 2289 4211 in
2349 4156 2668 4212 conditione
2721 4156 2861 4213 clam
2920 4157 3055 4211 mihi
3107 4158 3305 4213 littera:
3354 4157 3533 4214 allatas

1948 4257 2079 4305 sunt
2104 4247 2284 4304 Cralis
2322 4246 2552 4306 Serviat.
2582 4247 2682 4304 Cui
2719 4247 2946 4319 propius
2968 4249 3232 4306 accedere
3264 4265 3375 4305 non
3399 4264 3534 4304 con-

1950 4340 2109 4410 tigit;
2138 4356 2309 4412 quare
2335 4340 2671 4396 domesticas
2710 4349 2929 4396 nostras
2958 4339 3207 4397 fortunas
3236 4340 3534 4412 ignoravit.

1949 4433 2069 4489 1am
2098 4433 2190 4488 diu
2222 4444 2389 4489 totam
2423 4433 2702 4505 regionem
2737 4432 2983 4505 possedit
3010 4448 3184 4505 usque
3227 4432 3293 4488 ad
3330 4432 3536 4489 moenia

1952 4527 2362 4583 Thessalonicae
2422 4526 2575 4582 ur‘bis
2635 4534 2757 4592 qua:
2819 4543 2908 4583 me
2967 4528 3231 4582 miserum
3284 4527 3532 4582 inclusit.

254 4620 473 4687 ϐαινεν,
505 4622 574 4676 ἵν’
601 4623 752 4695 αὐτῷ
783 4625 878 4679 καὶ
907 4626 978 4680 τά
1000 4626 1246 4699 ἡμέτερα
1278 4625 1343 4699 [ί.
1380 4629 1481 4683 157
1500 4629 1552 4701 a|
1576 4631 1837 4701 ἀγνοῆται

1945 4618 2288 4675 Nantiabant
2318 4629 2501 4675 autem
2532 4620 2734 4676 litterae
2770 4635 2801 4674 e
2836 4620 3054 4675 duobus
3082 4620 3317 4676 alterum
3352 4630 3535 4696 utrum

254 4716 490 4784 ῑφέστια
518 4716 691 4789 πάθηο
722 4720 900 4772 πάντα
927 4721 1041 4791 γὰρ
1071 4714 1218 4791 εἶχεν
1250 4720 1386 4775 ἑλὼν
1428 4723 1493 4776 ἐκ
1540 4723 1737 4776 πολλοῦ
1773 4724 1841 4777 τά

259 4812 430 4882 μέχρι
470 4810 669 4881 τειχῶν
696 4810 798 4876 τῆς
831 4812 1064 4882 ἐχούσης
1102 4830 1172 4879 με
1206 4813 1298 4866 τὸν
1342 4814 1693 4884 ταλαίπωρον
1740 4815 1841 4867 πός

253 4902 398 4966 λεως
424 4901 548 4956 τότε
574 4903 997 4975 Θεσσαλονίκης.
1027 4906 1221 4974 Ἔλεγε
1243 4906 1300 4960 δέ
1322 4924 1412 4977 μοι
1444 4906 1513 4960 τὰ
1534 4907 1842 4977 γράμματα

252 4995 413 5048 δυοῖν
448 4994 709 5067 ὁπότερον
736 4996 804 5051 ἀν
847 4998 974 5068 ἐμοὶ
1014 4998 1331 5070 βουλομένῳ
1382 5016 1443 5066 γε
1487 5002 1573 5070 εἴη
1608 5001 1840 5071 ἀποκρί-

255 5088 547 5160 νασθαι,ἧ
600 5096 857 5159 γυναικὸς
905 5092 996 5146 διὰ
1041 5091 1142 5157 τὰς
1183 5093 1392 5165 μεταξύ
1430 5092 1603 5164 τύχας
1631 5092 1841 5163 ἔρημον

254 5181 363 5253 ήδη
400 5198 468 5251 με
499 5181 633 5235 ὅντα
668 5184 768 5253 τὴν
800 5185 1012 5238 ἐκείνου
1049 5184 1488 5255 γυναικαδέλξρην
1532 5185 1841 5253 ἀγαγέσθαι

255 5289 322 5325 τε
352 5275 595 5339 γυναῖκα
622 5261 724 5327 καῖ
754 5273 1027 5340 σώζεσθαι
1059 5276 1200 5344 μετά
1228 5276 1328 5347 τῆς
1381 5276 1613 5341 πόλεως,
1649 5276 1683 5343 ἢ
1718 5291 1845 5343 συν-

255 5366 584 5436 απαχθῆναι
601 5368 679 5437 τῷ
703 5369 806 5439 τῆς
835 5371 1047 5423 ἐκείνου
1075 5369 1345 5441 θαλάττης
1365 5368 1592 5437 κύματι,
1615 5368 1846 5439 βιαιότε-
1862 5398 1881 5404 ο

259 5468 359 5521 ρον
395 5454 738 5508 επιτίθεσθαι
766 5460 832 5528 τῇ
875 5457 1031 5510 πόλει
1077 5458 1389 5528 μέλλοντος.
1442 5456 1579 5510 Κατ’
1610 5457 1844 5526 ἐμαυτὸν

257 5539 359 5597 οὖν
387 5546 512 5614 ἐμοὶ
542 5547 820 5618 γενομένῳ
860 5552 955 5602 καὶ
990 5549 1371 5621 ξυννενοηκότι
1418 5550 1493 5621 μὴ
1524 5546 1661 5605 εἶναι
1707 5550 1844 5620 μήτε

264 5634 547 5707 βάρϐαρον
583 5640 709 5711 μήτ’
738 5642 912 5711 ἀσεϐἦ
964 5643 1054 5695 τὸν
1086 5643 1269 5708 δεξιὰν
1297 5645 1423 5714 ἐμοὶ
1465 5642 1846 5715 παρεχόμενον

264 5729 663 5800 κινδυνεύοντι,
699 5733 876 5787 ὁποῖοι
903 5735 983 5806 τῷ
1014 5734 1265 5808 πενθερῷ
1287 5738 1409 5789 κατ’
1454 5734 1590 5804 ἐμοῦ
1625 5752 1850 5805 συμμα-

265 5820 425 5890 χοῦσι
448 5837 507 5873 τε
545 5824 638 5874 καὶ
674 5823 931 5889 συζῶσιν,
964 5824 1080 5878 ἀλλ’
1116 5827 1313 5897 εὐσεϐῆ
1352 5843 1409 5879 τε
1445 5825 1539 5878 καὶ
1573 5825 1846 5895 ὁμόδοξον,

349 5945 425 6017 (ﬁ)
455 5944 559 6014 Τῆς
599 5945 808 5999 addidit
839 5946 1117 6001 Buivinus.

1943 4715 2079 4769 mibi
2105 4715 2422 4784 eligendum
2453 4728 2601 4776 esse,
2637 4721 2826 4767 utrum
2855 4712 2949 4782 qui
2979 4711 3034 4766 in
3076 4711 3217 4767 tristi
3249 4725 3369 4766 mea
3398 4725 3534 4765 cono

1943 4809 2153 4864 ditione
2188 4823 2358 4862 uxore
2387 4806 2685 4861 destitutus
2710 4820 2891 4862 essem
2934 4805 3107 4875 ipsius
3138 4804 3326 4860 uxoris
3366 4819 3535 4859 sore-

1944 4916 2059 4956 rcm
2095 4900 2151 4955 in
2199 4897 2616 4953 matrimonium
2654 4897 2857 4952 ducere
2907 4905 2964 4951 et
2997 4912 3124 4950 cum
3153 4897 3289 4951 urbe
3323 4899 3532 4953 servari

1946 4993 2166 5059 vellem,
2207 5006 2275 5046 an
2306 4989 2481 5060 abripi
2515 4988 2684 5044 maris
2706 4987 2967 5043 ﬂuctibus
3000 4988 3093 5056 qui
3129 4987 3252 5042 urbi
3302 4986 3371 5042 ab
3413 4987 3533 5058 ipso

1943 5084 2391 5140 admoverentur.
2446 5081 2639 5150 Itaque
2675 5096 2799 5135 cum
2853 5080 3098 5135 animum
3142 5094 3323 5134 meum
3360 5080 3530 5133 colle-

1944 5176 2143 5249 gissem
2171 5184 2223 5230 et
2256 5173 2648 5229 intellexisscm
2677 5171 2772 5241 qui
2827 5171 2882 5226 iu
2916 5187 3099 5226 rerum
3130 5171 3402 5241 angustiis
3438 5188 3535 5225 au—

1947 5249 2140 5324 xilium
2188 5267 2322 5322 mihi
2356 5267 2583 5322 offerret
2636 5281 2813 5336 neque
2845 5264 3142 5320 barbarum
3190 5279 3311 5318 esse
3355 5278 3535 5333 neque

1948 5360 2201 5431 impium,
2231 5360 2422 5429 quales
2457 5372 2708 5413 socerum
2758 5356 2814 5410 in
2855 5369 2941 5410 me
2987 5354 3253 5426 adjuvant
3304 5353 3533 5423 ejusque

1947 5454 2081 5509 socii
2116 5463 2266 5515 sunt,
2294 5450 2391 5506 sed
2426 5451 2573 5521 pium
2607 5458 2665 5506 et
2718 5448 3078 5514 conlidclem;
3110 5463 3140 5502 e
3174 5446 3389 5501 duobus
3426 5443 3535 5499 illis

1948 5545 2094 5616 quod
2123 5543 2468 5600 commodius
2498 5551 2621 5597 erat
2645 5541 2810 5615 elegi.
2844 5538 2958 5596 [Ioc
2988 5555 3111 5594 cum
3170 5537 3523 5600 innotuisset,

1950 5636 2211 5692 custodes
2244 5636 2350 5690 mei
2379 5650 2543 5705 quam
2570 5633 2857 5689 celerrime
2886 5646 2945 5687 se
2975 5632 3291 5702 Byzantium
3334 5641 3533 5684 coutu-

1932 5731 2134 5785 (lerunt
2164 5738 2220 5784 et
2258 5744 2347 5783 res
2393 5743 2565 5783 novas
2612 5726 2991 5782 enuntiarunt.
3039 5724 3209 5779 Socer
3237 5722 3397 5793 170
3431 5736 3532 5775 au-

1955 5836 2061 5879 tem
2096 5822 2238 5881 fama
2273 5830 2495 5890 accepta
2531 5821 2584 5874 in
2618 5821 2799 5892 quiete
2834 5834 2953 5876 esse
2989 5817 3249 5909 amplius~
3275 5831 3382 5870 non
3436 5829 3534 5881 po-
