4050 6600
471 368 572 431 159

1655 378 2082 444 ΝΙΕΕΡΗΟΒΙ
2123 387 2508 450 ΘΗΕΕΟΗἉΕ

3611 390 3716 458 ίθθ

463 500 584 554 qum
635 499 732 554 per
759 500 926 556 pagos
958 496 1125 556 atque
1155 489 1355 557 oppida
1387 489 1651 560 dispersae
1695 497 1798 550 sub
1845 499 2040 552 alieni-

2156 506 2416 574 λαιολόγῳ
2445 508 2522 578 τῷ
2585 507 2800 576 βασιλεῖ
2847 509 2924 573 ὼς
2957 509 3208 579 πανταχῆ
3263 510 3360 564 καὶ
3393 511 3573 582 νήσων
3617 504 3716 563 καὶ

459 579 616 646 genis
653 578 874 648 populis
907 579 1205 650 degerent.
1243 584 1416 651 ipsius
1465 601 1662 640 nomen
1708 597 1762 641 et
1813 591 2037 646 minime

457 667 826 723 Caritacuzetii
861 673 1199 726 carminibus
1231 676 1447 742 publice
1497 677 1760 732 canendis
1799 679 2038 734 cireum-

459 759 589 812 l'erri
624 761 688 812 ad
727 763 1005 815 memerita
1064 763 1406 820 celebrandae
1467 766 1628 838 184
1677 770 1836 822 ritum
1869 787 1992 826 cum
2017 813 2032 833 .

461 849 554 916 qui
583 849 634 902 in
665 851 1100 906 orthodoxorum
1123 856 1407 921 metropoli
1437 857 1736 926 regnabat,
1787 871 2033 925 potestas

459 953 581 996 erat
633 945 997 998 conveniendi
1057 946 1204 999 hunc
1239 949 1441 1012 virum,
1502 959 1558 1002 et
1613 966 1736 1002 cum
1805 953 2041 1020 primum

460 1033 672 1085 audivit
699 1036 881 1088 statim
925 1036 1302 1108 interrogandi
1337 1054 1458 1091 eum
1485 1047 1540 1094 et
1562 1055 1683 1109 quae
1713 1044 1877 1096 vellet
1899 1045 2046 1114 lega-

464 1128 540 1178 tio
576 1135 632 1179 ct
681 1143 802 1195 quae
863 1139 1126 1196 praeterea
1177 1141 1469 1199 quaereret.
1504 1133 1872 1196 Quamobrem
1910 1151 2044 1188 con-

463 1207 710 1272 stituisse
759 1236 885 1272 eum
945 1221 1128 1275 audivi
1174 1235 1358 1277 monte
1411 1225 1554 1278 Atho
1587 1228 2044 1298 praeternavigalo

382 1361 384 1366 ,
439 1309 534 1398 χιιιί
569 1311 746 1362 virum
784 1311 935 1364 illum
970 1329 1034 1368 ex
1057 1314 1256 1370 itinere
1280 1316 1576 1384 proﬁcisci.

2149 597 2400 668 ἠπείρων
2419 640 2432 663 ,
2463 601 2556 654 καὶ
2585 601 2692 671 ὅπη
2715 619 2821 672 περ
2850 601 2915 655 ἂν
2934 603 3148 673 τύχοιεν
3172 605 3388 658 ἄποικοι
3424 603 3718 672 Ῥωμαίων

2146 689 2562 760 διεσπαρμένως
2583 709 2642 746 τε
2695 695 2971 748 καὶκατὰ
3008 693 3198 765 κώμας
3253 695 3348 748 καὶ
3407 695 3594 758 πόλεις
3625 694 3719 748 ὑπ’

2143 783 2461 852 ἀλλοφύλοις
2489 787 2668 838 ἔθνεσι
2709 787 3075 858 διαιτώμενοι,
3114 789 3174 841 τὸ
3213 789 3404 842 τούτου
3437 791 3600 857 μόνου
3626 791 3720 843 καὶ

2143 872 2344 942 ἥκιστα
2386 874 2842 944 Καντακουξηνοῦ
2901 878 3022 938 ταῖς
3070 877 3305 946 δημοσίᾳ
3337 876 3488 944 σφίσι
3526 877 3718 928 τελου-

2147 963 2334 1032 μέναις
2365 965 2539 1034 ἱεραῖς
2589 967 2888 1036 ὑμνῳδίαις
2940 969 3376 1038 συμπεριάγοιεν
3415 967 3586 1038 ὄνομα
3648 969 3714 1020 δι’

2143 1051 2394 1121 εὐφήμου
2437 1055 2535 1122 τῆς
2567 1057 2788 1126 μνήμης
2813 1055 2957 1108 κατὰ
2991 1057 3052 1108 τὸ
3083 1055 3254 1109 πάλαι
3281 1057 3570 1125 κρατῆσαν
3593 1055 3716 1118 ἔθος

2143 1144 2206 1210 τῇ
2240 1143 2576 1212 μητροπόλει
2602 1144 2710 1196 τῶν
2742 1137 3058 1213 όρθοδόξων,
3089 1145 3158 1198 δι’
3192 1145 3436 1210 ἐφέσεως
3481 1141 3550 1216 ἦν
3589 1148 3716 1214 ὀμι-

2141 1231 2304 1298 λῆσαι
2341 1233 2432 1286 καὶ
2469 1235 2606 1303 τῷδε
2667 1237 2878 1305 τάνδρὶ,
2919 1237 3013 1289 καὶ
3077 1237 3223 1290 τοῦτ’
3287 1237 3422 1289 αὑτὴ
3490 1235 3718 1304 μαθόντι

2141 1326 2360 1394 πρῶτον
2393 1327 2564 1381 ἔπειτ’
2601 1329 2820 1398 ἐρέσθαι
2846 1331 2941 1382 καὶ
2977 1331 3004 1382 ὃ
3035 1349 3086 1382 τι
3135 1330 3375 1400 βούλοιτό
3415 1331 3464 1382 οί
3511 1329 3579 1383 τὰ
3618 1329 3718 1397 τῆς

469 1403 792 1470 πρεσϐείας,
837 1407 928 1458 καὶ
969 1409 1104 1476 πρός
1141 1425 1203 1475 γε
1241 1409 1338 1462 ὅσα
1399 1413 1514 1472 τοῖς
1554 1412 1818 1475 τοιούτοις
1869 1415 2044 1468 ἕποιτ¹
2084 1417 2168 1471 ἄν.
2205 1421 2304 1472 Διά
2333 1421 2398 1491 δὴ
2425 1423 2599 1476 ταῦτά
2627 1425 2796 1476 οἱκαὶ
2852 1421 2991 1478 εῖναι
3055 1425 3469 1494 συντεθειμὲνον
3503 1426 3720 1493 ἀκήκοα
3779 1475 3786 1480 .

463 1499 556 1550 τὸν
600 1497 750 1550 Ἀθω
783 1503 1156 1568 παραπλέοντι
1193 1504 1288 1556 καὶ
1323 1506 1474 1576 παρὰ
1503 1507 1594 1558 τὸν
1633 1508 1874 1562 τοιοῦτον
1914 1511 2033 1564 ὀδοῦ
2074 1515 2355 1586 πάρεργον
2391 1519 2561 1590 ἄνδρα
2595 1521 2846 1593 ἀφῖχθαι.

533 1591 644 1649 Vll.
692 1593 824 1659 Quae
891 1611 1016 1650 cum
1081 1599 1154 1652 ita
1209 1611 1429 1664 essent,
1491 1603 1638 1656 venit
1688 1605 1910 1674 quidam
1975 1623 2042 1661 ex

465 1681 756 1740 Thessalia
791 1693 846 1740 et
901 1687 1004 1742 alia
1043 1690 1290 1744 referens
1320 1701 1374 1744 ct
1412 1693 1569 1754 illud,
1598 1695 1806 1764 jamdiu
1855 1712 1922 1752 ne
1953 1714 2044 1751 ve-

2231 1611 2305 1666 Z'.
2335 1615 2554 1668 Τούτων
2585 1617 2631 1668 δ’
2655 1615 2798 1670 οὕτω
2827 1617 3144 1687 φερομένων
3161 1616 3286 1686 ἣκει
3306 1632 3386 1676 τις
3412 1615 3474 1664 ἐκ
3497 1613 3714 1664 Θεσσα·

2133 1705 2372 1776 ,λονίκης
2403 1707 2472 1761 τά
2501 1725 2558 1761 τε
2609 1709 2741 1762 ἄλλα
2795 1709 3097 1777 ἀγγέλλων,
3137 1709 3232 1762 καὶ
3287 1708 3369 1760 ὅτι
3411 1705 3604 1776 βιαίως
3654 1707 3716 1757 ἐκ

465 1775 750 1832 hementer
781 1789 838 1833 et
867 1780 1022 1835 valde
1063 1783 1260 1836 acriter
1291 1799 1320 1838 e
1347 1785 1454 1839 vita
1492 1786 1820 1855 eriperetur,
1851 1791 1906 1844 in
1945 1807 2042 1860 pe-

467 1868 637 1888 _.h_._
959 1871 998 1888 ,ς
1035 1873 1048 1888 .
1546 1877 1593 1888 ..
1755 1879 1768 1888 .
1937 1883 1948 1888 -

2156 1799 2347 1852 πολλοῦ
2390 1801 2483 1853 καὶ
2528 1801 2651 1854 λίαν
2697 1801 2908 1871 πικρῶς
2947 1799 3330 1871 ἀπορραγῆναι
3390 1799 3486 1868 μὲν
3535 1796 3720 1850 κινδυ-

467 1868 644 1921 riculo
691 1871 902 1924 versari
959 1871 1278 1940 Palamam;
1327 1891 1435 1930 non
1467 1877 1688 1945 quidem
1739 1879 2044 1938 decessisse

465 1975 614 2022 cum,
651 1961 742 2014 sed
773 1961 962 2017 fractis
1007 1965 1218 2020 viribus
1240 1967 1423 2036 jacere
1449 1979 1504 2022 et
1544 1969 1688 2024 ferre
1721 1973 1836 2042 ipsa
1870 1987 2043 2032 morte

371 2115 378 2127 ι
465 2055 771 2110 acerbiora.
802 2058 1059 2111 Ventrem
1082 2060 1227 2113 enim
1256 2061 1449 2116 dicunt
1473 2063 1540 2116 ad
1575 2064 1903 2120 immensum
1929 2067 2045 2124 fere

468 2149 798 2211 accrevisse,
831 2163 892 2203 ac
927 2151 1091 2204 simul
1127 2153 1382 2207 manibus
1433 2165 1487 2208 et
1525 2155 1758 2223 pedibus
1793 2159 2048 2213 debilita-

469 2244 584 2288 tum
614 2251 738 2290 eum
770 2238 839 2292 ita
877 2249 933 2292 ut
969 2243 1113 2309 quod
1150 2244 1214 2297 ad
1265 2245 1610 2312 torpedincm
1640 2249 1878 2316 pertinet
1909 2265 2046 2319 pau-

467 2327 580 2380 lum
638 2340 733 2383 aut
771 2331 883 2386 fere
933 2334 1072 2386 nihil
1107 2351 1134 2387 a
1172 2335 1448 2404 lapidibus
1479 2337 1582 2391 nisi
1619 2339 1765 2408 quod
1811 2341 2048 2408 spiraret

469 2419 760 2490 dillerret;
795 2423 1099 2479 visceribus
1149 2429 1382 2482 reclusis
1416 2442 1472 2484 ct
1505 2447 1602 2498 per
1641 2431 1920 2486 thoracem
1959 2449 2044 2486 re-

468 2513 644 2582 pulsis
687 2515 750 2569 ad
783 2518 954 2571 instar
989 2518 1178 2590 Euripi
1207 2533 1402 2575 aestum
1439 2525 1832 2592 reciprocantis
1859 2527 2044 2580 omnia

469 2605 680 2658 ventris
739 2608 1013 2675 superﬂua
1063 2610 1189 2664 inde
1233 2611 1300 2664 ad
1337 2629 1397 2664 os
1451 2608 1637 2668 reduci
1675 2623 1886 2668 natura:
1949 2631 2046 2668 ne-

469 2691 724 2746 cessitate
767 2703 822 2746 et
880 2695 1096 2763 podicis
1135 2698 1256 2752 loco
1302 2715 1330 2753 a
1363 2710 1557 2756 natura
1602 2717 1666 2757 os
1695 2703 1944 2757 adhiberi
1978 2705 2044 2757 ad

469 2784 794 2852 excipienda
821 2788 1028 2844 ventris
1053 2803 1426 2846 excrementa.

2151 1890 2418 1944 νεύειτοῦ
2487 1891 2587 1962 ζῇν
2655 1893 2947 1958 Παλαμᾶς,
3007 1893 3106 1944 οὐκ
3159 1891 3583 1960 ἀπορῤἡγνυται
3643 1887 3718 1950 δὲ,

2147 1979 2282 2032 ἀλλά
2317 1983 2496 2034 κεῖται
2523 1983 2856 2050 παρειμένος
2904 1983 2998 2034 καὶ
3039 1982 3207 2051 χείρω
3251 1981 3473 2047 πάσχων
3515 1979 3723 2046 μυρίων

2147 2066 2416 2121 θανάτων.
2485 2068 2876 2136 Ἐξωγκῶσθαι
2939 2069 3047 2138 γὰρ
3111 2069 3259 2137 αὐτῷ
3326 2069 3426 2138 τὴν
3475 2069 3720 2134 γαστέρα

2149 2159 2282 2226 φασὶ
2313 2160 2370 2224 ἐς
2391 2160 2450 2212 τὸ
2489 2163 2630 2216 πάνυ
2661 2179 2714 2214 τι
2743 2161 3106 2232 ὑπερϐάλλον.
3141 2162 3233 2214 καὶ
3265 2159 3380 2228 ἅμα
3411 2158 3718 2229 παρεῖσθαι

2149 2250 2334 2316 χεῖρας
2365 2251 2460 2300 καὶ
2493 2251 2682 2316 πόδας,
2734 2251 2810 2312 ὼς
2875 2250 3048 2320 μικρὰ
3097 2249 3130 2319 ἢ
3187 2249 3350 2318 μηδὲν
3416 2247 3558 2316 πλὴν
3623 2244 3716 2300 τοῦ

2152 2340 2412 2392 ἀναπνεῖν
2467 2340 2748 2410 διαφέρειν
2787 2341 2896 2394 τῶν
2963 2341 3129 2394 λίθων
3185 2341 3264 2403 είς
3318 2339 3377 2392 τὸ
3437 2341 3718 2408 ἀκίνητον.

2162 2431 2582 2502 Ἐκφραγέντων
2615 2433 2660 2486 δ’
2727 2435 2874 2504 αὐτῷ
2909 2437 3002 2488 καὶ
3032 2435 3142 2487 τῶν
3177 2435 3274 2504 τῆς
3309 2433 3518 2495 κοιλίας
3573 2433 3724 2485 ἐντέ-

2152 2541 2279 2591 ρων,
2315 2525 2406 2574 καὶ
2441 2525 2498 2586 ἐς
2535 2525 2594 2576 τὺ
2625 2525 2736 2578 ἄνω
2762 2527 3181 2595 ἐστραμμένων,
3212 2526 3300 2580 διὰ.
3348 2525 3442 2577 τοῦ
3469 2525 3721 2592 θώρακος

2149 2613 2310 2677 αὖθις
2339 2617 2481 2668 κατά
2505 2616 2834 2686 παλίρροιαν
2861 2617 3101 2688 Εὐρίπου
3146 2617 3302 2688 δίκην
3333 2617 3628 2684 ἀναφέρειν
3665 2618 3722 2678 ἐς

2150 2709 2210 2760 τὸ
2241 2709 2415 2776 στόμα
2467 2709 2558 2760 καὶ
2599 2710 2954 2779 ἀποπέμπειν
3007 2707 3218 2762 ἐκεῖθεν
3265 2709 3718 2776 ἀναγκαζομένην

2151 2799 2248 2865 τὴν
2300 2798 2462 2865 φύσιν
2495 2799 2554 2850 τὸ
2605 2802 2704 2868 τῆς
2753 2803 2992 2871 γαστρὸς
3059 2799 3337 2870 κοπρῶδες
3392 2800 3716 2870 περίττωμα

471 2877 602 2940 πᾶν,
639 2880 731 2929 καί
763 2879 1014 2948 γίνεσθαι
1037 2882 1175 2946 τέως
1205 2885 1326 2937 ἀντὶ
1359 2886 1458 2952 τῆς
1501 2887 1661 2958 ἕδρας
1695 2891 1762 2958 τῇ
1793 2888 1958 2958 φύσει
1976 2887 2036 2939 τό
2081 2888 2258 2958 στόμα
2285 2887 2708 2955 διακονούμενον
2745 2891 2800 2950 ἐς
2834 2890 2932 2950 τὰς
2987 2888 3085 2957 τῆς
3159 2888 3396 2957 γαστρὸς
3459 2887 3719 2947 δυσώδεις

470 2973 720 3032 κηλῖδας.
1516 3029 1520 3032 _

553 2987 720 3032 ιιοας.
1516 3029 1520 3032 .

511 2987 680 3119 ηἯΙΙ.
734 3065 919 3130 Vides,
963 3067 1286 3124 charissime
1325 3071 1715 3143 Agalhangele,
1771 3073 2050 3143 quomodo

472 3157 658 3212 divina
691 3160 780 3214 illa
823 3161 1034 3230 justitia
1063 3161 1192 3218 huic
1226 3180 1445 3234 quoque
1469 3166 1681 3221 homini
1715 3177 1916 3222 sortem
1955 3182 2044 3236 pe-

474 3253 752 3321 penderit,
785 3253 858 3306 ita
891 3257 1164 3310 utanituze
1187 3273 1308 3325 qua:
1333 3258 1502 3327 aspici
1540 3277 1644 3314 non
1677 3259 1834 3330 185
1869 3269 2052 3326 potest

2227 3069 2310 3128 Il'.
2353 3073 2537 3143 ⁹ορᾷς,
2575 3065 2621 3125 ὦ
2655 3071 2880 3140 φίλτατε
2943 3069 3335 3137 Ἀγαθάγγελε,
3377 3070 3494 3133 πῶς
3517 3071 3724 3127 ἀνωθεν

2155 3167 2188 3234 ἡ
2217 3166 2336 3218 θεία
2359 3166 2676 3218 ταλαντεύει
2711 3165 2828 3235 δίκη
2862 3166 2922 3216 τὸ
2958 3163 3136 3233 χρεὼν
3170 3164 3311 3216 κάπὶ
3343 3165 3476 3250 τῷδε
3507 3166 3722 3236 τάνδρὶ,

2159 3257 2245 3310 ἵνα
2271 3260 2328 3310 τὸ
2361 3257 2462 3325 τῆς
2505 3256 2748 3326 ἀφανοῦς
2775 3257 2952 3326 ψυχῆς
2977 3256 3234 3320 δυσῶδες,
3259 3255 3334 3317 ὡς
3364 3255 3528 3320 ἔοικε,
3567 3256 3723 3324 δῆλον

475 3345 699 3400 fmditas
727 3356 794 3398 ut
821 3347 981 3400 deret
1014 3349 1290 3418 propalam
1335 3351 1386 3404 in
1421 3363 1776 3418 conspectum
1801 3352 2046 3406 omnium

2157 3353 2265 3404 κάκ
2303 3353 2398 3420 τῆς
2445 3351 2754 3421 αἰσθήσεως
2805 3351 2978 3404 ἅπασι
3016 3351 3250 3418 γένοιτο,
3309 3351 3406 3403 καὶ
3453 3351 3613 3418 δίκην
3666 3350 3722 3402 τὸ

477 3438 694 3491 veniret
730 3447 784 3494 et
807 3450 1029 3509 propter
1063 3441 1460 3510 impudentiam
1510 3445 1624 3497 oris
1659 3457 1834 3512 pennae
1880 3457 2048 3496 onera

476 3543 574 3583 sua
607 3533 826 3586 cervice
861 3533 1160 3586 sustineret
1189 3533 1243 3586 in
1281 3544 1426 3588 terra
1453 3548 1744 3604 antequam
1798 3537 1852 3590 in
1886 3546 2052 3592 teter-

477 3635 602 3674 nam
647 3621 792 3675 illam
823 3639 1038 3691 pix-nam
1090 3627 1424 3690 traderetur,
1455 3635 1508 3680 et
1543 3627 1750 3681 utinde
1795 3637 2051 3696 tauquam

479 3729 510 3768 e
570 3715 858 3783 principiis
913 3731 976 3769 ea
1003 3733 1124 3784 qua:
1175 3719 1442 3785 patefacta
1493 3720 1734 3774 nondum
1793 3721 2054 3775 omnibus

480 3807 854 3860 ealautitatum
913 3811 1226 3876 spectacula
1267 3821 1394 3864 aute
1443 3811 1634 3865 oculos
1668 3821 1852 3866 essent
1923 3811 2054 3866 huic

459 3899 692 3952 .homini
746 3901 916 3968 magis
969 3902 1247 3970 proposita
1273 3941 1288 3965 ,
1323 3918 1486 3971 qttam
1520 3901 1636 3956 Arii
1687 3903 1835 3956 illius
1879 3902 1944 3956 ab
1973 3903 2055 3956 in-

483 3991 636 4044 sania
687 3991 950 4046 nominati
995 3993 1090 4061 qui
1140 3995 1322 4047 alvum
1369 4009 1466 4061 per
1511 4009 1678 4048 anum
1735 3994 1918 4062 ejecit.
1961 3993 2056 4048 Ille

485 4085 632 4136 enim
673 4085 766 4152 qui
799 4099 1027 4154 corpore
1053 4095 1394 4154 peccaverat,
1419 4085 1586 4140 etiam
1605 4087 1854 4156 corporis
1887 4103 2056 4141 mem-

485 4174 602 4228 bris
635 4191 852 4244 poenam
893 4177 1065 4230 dedit.
1126 4176 1224 4231 llic
1267 4193 1394 4232 vero
1446 4193 1569 4232 cum
1603 4195 1768 4248 supra
1805 4189 2054 4234 naturam

486 4277 542 4320 et
575 4269 842 4324 rationem
864 4271 1029 4338 impia
1064 4270 1116 4323 in
1147 4272 1314 4324 Deum
1345 4272 1548 4325 scelera
1575 4271 1864 4332 edidisset.
1897 4273 2059 4324 mira-

487 4357 652 4412 bilem
687 4370 745 4414 ut
773 4361 1000 4414 decebat
1035 4370 1088 4413 et
1119 4363 1410 4414 maximam
1442 4377 1660 4430 pcenam
1690 4362 1860 4416 dedit.
1901 4362 2060 4416 Dixe-

485 4461 572 4502 rat
597 4451 740 4502 coim
781 4451 876 4504 Dei
915 4451 1142 4515 Filium,
1171 4453 1304 4506 licet
1337 4453 1576 4507 Verbum
1616 4455 1687 4506 sit
1715 4463 1770 4508 et
1802 4455 2092 4524 iucorpo-u

489 4543 840 4618 rcts‘augelis
873 4545 1237 4612 praestantior,
1283 4535 1462 4598 tamen
1501 4547 1705 4614 percipi
1738 4546 1915 4601 oculis
1947 4563 2056 4600 non

487 4649 670 4702 posse.
727 4634 884 4688 lllum
922 4637 1066 4688 enim
1101 4637 1192 4704 qui
1245 4652 1412 4706 supra
1473 4639 1697 4707 angelos
1757 4638 2060 4693 collocatus

2154 3444 2454 3497 ἀκόλαστον
2499 3446 2676 3496 ἐκεῖνο
2707 3445 2804 3496 καὶ
2844 3443 3166 3514 βλάσφημον
3217 3442 3394 3512 στόμα
3427 3443 3568 3512 μετά
3623 3443 3718 3510 τῆς

2152 3535 2473 3604 γραφούσης
2511 3533 2790 3604 παράσχοι
2820 3533 3002 3604 χειρὸς
3025 3533 3298 3598 ἐνταυθοῖ,
3331 3534 3464 3603 πρὶν
3510 3535 3568 3594 ἐς
3618 3533 3716 3601 τὴν

2153 3625 2325 3678 ἀΐδιον
2356 3625 2570 3693 ἐκείνην
2601 3623 2976 3698 ἀπενεχθῆναι
3006 3624 3250 3685 κόλασιν,
3297 3625 3392 3676 καὶ
3442 3621 3580 3691 δῆλα
3617 3623 3720 3676 κάκ

2153 3719 2262 3773 τῶν
2295 3717 2508 3772 ἐνθένδε
2537 3717 2844 3788 προοιμίων
2874 3717 2944 3770 τὰ
2994 3716 3106 3769 τῶν
3143 3717 3308 3786 μήπω
3339 3715 3516 3787 δήλων
3553 3717 3724 3770 ἅπασι

2155 3812 2341 3866 κακῶν
2371 3811 2558 3882 ἐφόδια
2587 3809 2724 3881 πρὸς
2747 3809 3004 3880 δημόσιον
3037 3809 3153 3880 φῶς
3211 3811 3457 3878 καταστῇ
3513 3809 3596 3878 τῷ
3638 3809 3724 3878 βε-

2156 3901 2308 3973 ϐήλῳ
2333 3903 2508 3970 τούτῳ
2535 3901 2738 3972 μᾶλλον
2789 3901 2822 3970 ἢ
2852 3900 2973 3954 κατ’
2998 3902 3208 3954 ἐκεῖνον
3257 3901 3350 3953 τὸν
3385 3901 3482 3972 τῆς
3528 3902 3724 3970 μανίας

2156 3995 2448 4065 ἐπώνυμον
2481 3996 2724 4066 Ἀρειον,
2752 3993 2810 4058 ὃς
2843 3993 2952 4048 τῶν
2983 3994 3080 4062 τῆς
3119 3995 3359 4062 γαστρὸς
3401 3993 3743 4064 ἀπορρήτων

2154 4083 2252 4153 τὴν
2285 4083 2514 4136 κένωσιν
2554 4083 2706 4136 κάτω
2728 4081 2818 4134 διὰ
2847 4083 2944 4152 τῆς
2971 4080 3131 4150 ἔδρας
3165 4081 3728 4153 παρέπεμψεν-Ἐκεῖ-

2155 4191 2245 4237 νος
2267 4175 2376 4244 γὰρ
2405 4175 2545 4228 κατά
2569 4173 2733 4242 φύσιν
2770 4173 3113 4244 ἡμαρτηκὼς
3162 4175 3257 4228 καὶ⁸
3303 4173 3390 4226 διὰ
3441 4173 3552 4226 τῶν
3591 4173 3727 4227 κατά

2159 4269 2320 4334 φύσιν
2357 4267 2566 4337 μορίων
2599 4266 2836 4320 ἐνταῦθα
2888 4266 2986 4332 τὴν
3043 4266 3200 4336 δίκην
3239 4265 3437 4330 ἔτισεν,
3469 4263 3622 4328 οὗτος
3683 4264 3726 4316 δ’

2158 4359 2426 4428 ὑπερόρια
2454 4359 2636 4426 πάσης
2677 4357 2893 4427 φύσεώς
2925 4377 2983 4412 τε
3015 4359 3110 4410 καὶ
3143 4360 3466 4428 ἐπιστήμης
3501 4361 3580 4420 είς
3599 4359 3727 4410 Θεὸν

2163 4447 2649 4518 βεϐλασφημηκὼς
2692 4446 2974 4518 τερατώδη
3041 4447 3162 4500 τινὰ
3219 4449 3314 4500 καὶ
3363 4449 3516 4514 παρά
3569 4447 3726 4517 φύσιν

2159 4539 2233 4600 ὡς
2265 4539 2494 4604 τὸεξκδς
2533 4539 2596 4612 [Γ.
2633 4540 2736 4596 106
2766 4538 2848 4612 ν.]
2881 4539 2977 4592 καὶ
3016 4541 3362 4610 μακροτέραν
3393 4539 3576 4591 δίδωσι
3635 4540 3728 4606 τὴν

2161 4632 2336 4698 δίκην.
2377 4631 2705 4700 ’Υφειμένον
2747 4633 2848 4702 μὲν
2884 4632 2994 4702 γὰρ
3035 4633 3286 4692 κάκεῖνος
3337 4631 3429 4682 τὸν
3473 4631 3599 4683 Υίδν
3639 4630 3727 4682 καὶ

487 4737 638 4780 esset
671 4735 726 4780 et
755 4727 1070 4796 angelorum
1107 4730 1237 4790 dux,
1271 4729 1592 4798 particulam
1634 4729 1923 4797 quamdam
1960 4746 2053 4782 an-

2169 4727 2345 4792 Λόγον
2373 4725 2543 4778 είπὼν
2582 4725 2676 4778 τοῦ
2707 4725 2843 4778 Θεοῦ
2876 4727 2974 4779 καὶ
3005 4725 3116 4777 τῶν
3147 4724 3455 4794 ἀσωμάτων
3481 4723 3723 4790 ἀγγέλων

487 4819 734 4888 pel-orum
765 4821 1287 4875 animainfcrit'irum
1325 4823 1528 4876 habere
1557 4839 1667 4877 non
1703 4831 1916 4892 poterat
1967 4839 2057 4878 co-

489 4913 684 4980 gitare.
709 4914 968 4968 Naturam
994 4931 1118 4970 esse
1152 4917 1220 4969 iis
1250 4917 1510 4970 omnibus
1532 4933 1653 4986 quae
1682 4931 1915 4984 corpora
1945 4931 2054 4970 non

493 5005 760 5058 haberent
796 5005 1112 5068 sciebatyat
1151 5005 1376 5060 minime
1408 5009 1652 5060 omnium
1687 5007 1864 5061 oculis
1897 5022 2057 5076 posse

492 5098 904 5164 comprehendi,
935 5100 1036 5153 nisi
1069 5099 1470 5154 descendentia:
1503 5101 1696 5154 ordine
1721 5115 1853 5154 usus
1881 5101 2060 5155 varias

493 5187 696 5241 fortnas
723 5188 1060 5244 distimisset
1107 5193 1247 5245 Deus
1279 5192 1344 5245 ad
1389 5192 1666 5247 immensa:
1697 5191 2062 5260 providentia:

495 5281 709 5344 modos,
745 5293 803 5334 ut
829 5283 997 5336 divini
1033 5284 1291 5338 Ecclesiae
1325 5283 1517 5339 Patres
1547 5283 1636 5339 hic
1679 5284 1788 5338 illic
1813 5283 2066 5340 distincte

495 5372 732 5427 clamant
765 5383 820 5428 et
867 5389 968 5428 nos
1014 5389 1235 5444 quoque
1287 5376 1520 5429 multum
1551 5390 1615 5428 ac
1659 5375 1858 5444 saepius
1891 5375 2064 5428 secuti

496 5467 624 5520 illos
661 5467 829 5521 locuti
880 5483 1093 5522 sumus.
1129 5468 1228 5523 llic
1267 5483 1395 5521 vero
1425 5468 1560 5521 dixit
1593 5477 1791 5536 praeter
1818 5467 2072 5521 substra-

505 5570 617 5612 tum
645 5559 764 5613 sine
788 5575 1019 5628 corpore
1047 5570 1102 5614 et
1124 5560 1446 5615 exsistentia
1489 5577 1612 5636 esse.
1646 5561 1843 5622 lucem,
1875 5574 2072 5627 corpo-

501 5654 611 5707 reis
657 5653 817 5722 186
846 5669 973 5706 vero
1005 5653 1180 5708 oculis
1209 5667 1372 5722 posse
1411 5651 1639 5722 percipi.
1689 5651 1820 5716 Quae
1851 5649 2074 5718 quidem

500 5760 594 5800 res
630 5760 732 5799 nec
761 5755 967 5799 natura:
1019 5761 1196 5815 neque
1249 5731 1626 5812 intelligentiae
1659 5742 1962 5795 rationibus
1991 5757 2080 5795 ce-

501 5839 636 5898 dcrc
692 5837 888 5908 possit.
927 5837 1017 5893 Ille
1052 5839 1218 5894 ctiam
1253 5846 1560 5892 creaturam
1608 5833 1924 5904 appellavit,
1981 5831 2076 5886 sed

2163 4817 2464 4888 ρπέρτερὸν
2492 4834 2552 4870 τε
2602 4818 2699 4870 καὶ
2753 4817 3112 4888 δημιουργὸν,
3179 4818 3511 4885 σωματικοῖς
3587 4817 3728 4884 ὅμως

2163 4909 2361 4976 ὁρατὸν
2385 4909 2688 4978 ὀφθαλμοῖς
2719 4907 2780 4961 οὐ
2801 4907 3090 4975 δεδύνηται
3111 4909 3300 4977 φάναι.
3333 4908 3436 4958 Τὸν
3453 4909 3566 4976 γὰρ
3590 4905 3721 4974 ὑπὲρ

2165 5001 2292 5062 τοὺς
2337 4999 2607 5068 ἀγγέλους
2634 5000 2726 5052 καὶ
2759 5000 2872 5058 ,τῶν
2913 4998 3176 5066 ἀγγέλων.
3215 4999 3569 5068 προαγωγέα,
3627 4997 3728 5048 τῶν

2168 5093 2420 5162 ἀγγέλων
2448 5093 2542 5144 καὶ
2572 5093 2679 5144 τῶν
2703 5092 2895 5162 ψυχῶν
2923 5092 2985 5144 τὸ
3029 5091 3250 5144 ἔλαττον
3309 5089 3455 5159 ἔχειν
3487 5089 3587 5142 οὐκ
3623 5085 3727 5158 εἶχε

2170 5189 2310 5240 νοεῖν
2337 5201 2352 5218 ·
2387 5187 2549 5254 φύσιν
2575 5187 2684 5256 γὰρ
2708 5181 2850 5239 εἶναι
2873 5188 2986 5250 τοῖς
3013 5185 3328 5252 ἀσωμάτοις
3357 5183 3565 5237 ἅπασιν
3598 5180 3726 5236 οἶδεν

2171 5281 2374 5348 ἣκιστα
2405 5280 2620 5334 πάντων
2657 5283 2997 5348 σωματικοῖς
3021 5278 3324 5347 ὀφθαλμοῖς
3347 5279 3574 5347 ὀρατὴν,
3599 5276 3728 5343 πλὴν

2173 5373 2222 5423 εί
2257 5369 2332 5441 μὴ
2363 5371 2830 5436 συγκαταϐἀσεως
2869 5371 3156 5440 οίκονομίᾳ
3207 5369 3491 5440 χρώμενος
3551 5366 3727 5435 διαφό-

2176 5482 2303 5533 ρους
2343 5465 2668 5530 ἐπιφανείας
2699 5463 3032 5533 σχηματίζει
3059 5463 3192 5526 Θεὸς
3239 5463 3380 5516 κατά
3406 5479 3470 5530 γε
3503 5458 3727 5524 τοὺςτῆς

2175 5558 2488 5627 ἀπορρήτου
2539 5556 2799 5624 προνοίας
2833 5556 3094 5623 τρόπους,
3147 5555 3222 5619 ὡς
3258 5556 3400 5608 οἵτε
3449 5555 3580 5608 θεῖοι
3641 5553 3728 5619 τῆς

2188 5633 2516 5715 Ἐκκλησίας
2539 5631 2786 5717 Πατέρες
2814 5646 2926 5699 ἄνω
2957 5649 3054 5699 καὶ
3098 5647 3251 5699 κάτω
3279 5645 3580 5716 διαρρήδην
3607 5641 3729 5711 βοῶ·

2179 5739 2370 5802 σι,κα“ι
2417 5738 2579 5806 ἡμεῖς
2609 5738 2868 5807 ἀνωτέρω
2922 5739 3168 5808 πολλαχῆ
3225 5755 3284 5790 τε
3335 5743 3431 5791 καὶ
3485 5736 3730 5794 πολλάκις

2179 5830 2692 5900 ἐκείνοιςέῖεόμενοι
2740 5830 3118 5902 διεξήλθομεν.
3153 5820 3323 5892 Οὗτος
3375 5829 3432 5882 δέ
3480 5827 3614 5897 μετὰ
3643 5821 3727 5877 τοῦ
