4050 6560
267 412 356 480 261

1189 413 1636 476 ΒῩΖΑΝΤΙΝίΕ
1682 414 2070 476 HISTORIA;
2108 415 2262 475 LIB.
2304 416 2581 477 XXVIII.

2730 314 2763 329 .-

3412 416 3513 480 162

259 529 551 602 ὑφειμένου
583 528 670 582 καὶ
716 528 1015 596 ἀσώματον
1071 528 1204 582 αὐτὸ
1231 531 1326 582 καὶ
1360 529 1612 584 ἀνούσιον
1651 530 1827 598 λέγων

1947 525 2176 596 :onspici
2228 542 2388 596 posse
2422 544 2531 582 non
2576 542 2747 582 ausus
2793 536 2881 582 est
2922 525 3130 582 dicere.
3165 524 3274 581 Nec
3306 537 3511 582 natura:

260 626 394 696 φῶς,
444 623 778 692 σωματικοῖς
820 621 1122 692 ὀφθαλμοῖς
1192 619 1333 675 εἷναί
1393 639 1558 693 φησιν
1602 620 1849 692 ὁρατὸν,

260 718 492 788 πρᾶγμα
533 715 670 784 μήτε
704 716 772 784 τῇ
798 714 962 783 φύσει
1007 714 1148 785 μήτε
1179 717 1290 778 τοῖς
1321 714 1420 781 τῆς
1468 718 1827 783 ἐπιστημονι-

259 804 359 867 κῆς
389 801 644 877 γνώσεως
667 803 852 871 λόγοις
884 802 1184 873 χωρεῖσθαι
1201 803 1521 876 δυνάμενον.
1558 807 1825 868 Κάκεῖνος

262 896 355 967 μὲν
383 899 479 950 καὶ
514 895 726 964 κτίσμα
758 895 937 965 φήσας
968 895 1117 964 ὅμως
1150 895 1348 965 ὁρατὸν
1410 896 1510 949 οὐκ
1557 898 1825 967 ἐτόλμησε

259 987 439 1056 φάναι,
499 986 638 1057 μήτε
705 986 805 1056 τῆς
865 985 1082 1055 φύσεως
1145 988 1495 1057 μεμνημένος
1548 984 1686 1056 μήτε
1726 986 1826 1053 τῆς

238 1078 571 1148 ,ἐπιστήμης
608 1075 841 1148 μηδαμῆ
904 1077 1304 1149 συγχωρούσης
1363 1076 1656 1141 ἀσωμάτου
1714 1076 1832 1130 κτίο

261 1169 461 1237 σμάτος
497 1165 690 1220 οὐσίαν
743 1164 905 1220 εἶναί-
923 1184 1054 1220 ποτε
1120 1167 1455 1238 φαινομένην
1496 1168 1829 1237 σωματικοῖς

256 1260 580 1342 ὀφθαλμοῖς.
624 1254 802 1325 Οῦτος
841 1260 900 1314 δὲ
937 1264 1035 1317 καὶ
1049 1262 1307 1316 ἄκτιστον
1332 1263 1535 1330 λέγων,
1564 1261 1592 1315 ὅ
1625 1262 1829 1332 μᾶλλον

259 1354 458 1409 ἐκείνου
483 1354 680 1421 φεύγει
706 1355 807 1424 τὴν
836 1353 1057 1425 ὅρασιν,
1088 1355 1285 1426 ὁρατὸν
1324 1357 1351 1408 ὁ
1406 1356 1584 1410 πάντα
1628 1356 1829 1420 ἄτοπος

260 1449 346 1499 καὶ
385 1446 605 1517 ἀμαθὴς
647 1448 974 1519 ἀπεφήνατο
1000 1463 1014 1480 ’
1060 1448 1088 1501 ὂ
1122 1450 1232 1518 γὰρ
1264 1448 1547 1511 ἇκτιστον,
1570 1449 1828 1517 ἀόρατον,

260 1539 313 1593 οὐ
339 1541 444 1609 μὴν
472 1538 502 1592 ὃ
535 1539 829 1595 κτιστδν...
856 1541 1054 1611 ὁρατόν
1084 1557 1096 1571 ·
1130 1540 1340 1609 κτίσμα
1382 1540 1492 1610 γὰρ
1527 1539 1682 1604 ὄντες
1739 1541 1833 1593 καὶ

260 1631 470 1699 ἄγγελοι
504 1632 599 1686 καὶ
638 1632 812 1704 ψυχαὶ
850 1634 1043 1686 καὶτὰ
1097 1650 1162 1701 γε
1220 1631 1451 1688 τοιαῦτα
1486 1632 1669 1703 ἥκισθ’
1703 1634 1834 1703 όρᾶ-

263 1725 378 1778 σθαι
410 1726 477 1795 τῇ
505 1723 672 1793 φύσει
708 1725 988 1780 δύνανται.
1027 1726 1139 1780 Καὶ
1173 1726 1233 1779 τό
1268 1742 1330 1793 γε
1366 1726 1552 1803 μεῖζον
1594 1726 1679 1778 ὃτι
1732 1728 1829 1779 καὶ

260 1816 503 1870 άνούσιον
528 1819 559 1870 ό
592 1817 809 1880 ἀνόσιος
848 1819 1026 1871 ἐκεῖνο
1067 1818 1189 1873 καθ’
1222 1818 1361 1871 αὐτὸ
1397 1798 1718 1890 προσειπὼν
1774 1819 1834 1871 τὸ
1870 1798 1896 1890 ξ

216 1932 219 1935 λ
262 1908 369 1978 φῶς
419 1909 480 1961 ού
516 1908 757 1978 ξυνῆκεν
781 1878 865 1962 ότι
901 1910 1138 1979 μάλιστα
1178 1910 1397 1964 πάντων
1445 1878 1540 1963 καὶ
1577 1909 1647 1964 δι’
1700 1894 1833 1963 αὐτὸ
1869 1878 1911 1934 Β

263 2017 321 2067 γε
347 2002 498 2054 τουτὶ⁵
533 2001 677 2071 πρὸς
709 2003 773 2055 τὸ
803 2001 880 2072 μὴ
911 1997 1054 2056 εἶναι
1106 2001 1317 2073 χωροῦν
1354 2003 1587 2073 ἀόρατον
1610 2000 1691 2054 ἔτι
1735 2003 1838 2070 μά-

261 2091 410 2147 λιστα
453 2094 682 2148 πάντων
718 2096 857 2151 ἐστί.
898 2095 989 2148 Διὸ
1022 2098 1116 2150 καὶ
1154 2096 1225 2149 τὰ
1264 2097 1413 2167 παρὰ
1450 2094 1612 2165 φύσιν
1651 2097 1835 2149 ἐκεῖνα

264 2189 350 2241 καὶ
378 2187 661 2259 τερατώδη
696 2188 987 2253 πεπονθὼς
1017 2192 1112 2243 καί⁵
1145 2189 1307 2254 αὐτὸς
1334 2189 1608 2256 ἐνταυθοῖ,
1645 2189 1838 2259 βιαίως

264 2282 658 2355 ἀναπόμπιμον
688 2283 1000 2355 ἀπορρῆξαι
1037 2284 1284 2355 βιάζεται
1319 2280 1419 2354 μὲν
1448 2283 1549 2352 τὴν
1618 2283 1836 2354 δυσώδη

264 2377 432 2447 ψυχὴν
466 2379 549 2439 είς
586 2380 693 2447 τὴν
728 2378 903 2447 βίαιον
936 2379 1155 2447 ἐκείνην
1195 2378 1288 2430 καὶ
1335 2377 1645 2448 ἀπέραντον
1680 2376 1841 2429 κόλα-

266 2483 366 2533 σιν,
397 2467 496 2521 οὐκ
533 2467 925 2539 ἀπορρήγνυσι
951 2469 1008 2521 δὲ
1042 2468 1140 2522 τοῦ
1164 2467 1300 2522 Θεοῦ
1368 2467 1834 2538 προμηθουμένου

266 2562 353 2613 καὶ
392 2560 589 2629 καιρὸν
619 2560 749 2622 ἴσως
821 2556 974 2622 αύτῷ
1010 2562 1307 2630 μετανοίας
1355 2559 1615 2621 διδόντος,
1652 2557 1727 2620 ὡς
1773 2555 1840 2609 ἂν

267 2653 312 2705 εἰ
346 2651 419 2722 μὴ
462 2652 633 2723 μέχρι
668 2651 787 2714 νῦν,
825 2651 963 2705 ἀλλὰ
989 2651 1086 2706 νῦν
1117 2652 1250 2721 γοῦν
1282 2650 1528 2722 ἡμιθανῆ
1584 2652 1680 2704 καὶ
1711 2650 1842 2719 ἠμί-

266 2756 427 2809 τομον
461 2740 609 2809 ὀρῶν
645 2740 860 2807 ἑαυτὸν,
895 2739 1101 2810 μᾶλλον
1130 2740 1187 2793 δὲ
1235 2738 1316 2806 τῷ
1340 2739 1552 2792 πλείονι
1590 2738 1686 2793 τοῦ
1736 2739 1843 2793 σώ-

272 2849 434 2902 ματος
460 2833 626 2903 μέρει
666 2832 858 2904 βιαίως
890 2834 987 2887 καλ⁸
1012 2833 1102 2886 διὰ
1146 2834 1292 2901 μάλα
1327 2832 1559 2903 μακρῶν
1597 2832 1698 2903 ἤδη
1733 2833 1843 2886 τῶν

270 2924 469 2996 χρόνων
501 2912 878 2995 ῥηγνύμενον,
910 2925 1005 2979 καὶ
1029 2926 1057 2978 δ
1079 2925 1144 2995 ζῇ
1176 2925 1313 2995 πρὸς
1346 2926 1612 2996 αἰσχύνην
1638 2925 1842 2990 ζῶντα,

270 3018 467 3070 καὶτὸν
486 3019 591 3089 τῆς
616 3016 790 3071 αὐτοῦ
818 3020 1022 3082 κακίας
1076 3017 1298 3087 ἔλεγχον
1341 3019 1477 3071 πᾶσι
1538 3017 1844 3085 κατάδηλον

273 3111 667 3180 παρεχόμενον,
696 3113 724 3164 ό
749 3110 1099 3180 ταλαίπωρος
1126 3109 1367 3164 αἴσθοιτο
1414 3108 1585 3164 πόσου
1640 3111 1846 3179 χειμῶ-

1931 639 2141 678 memor
2174 639 2353 693 neque
2395 624 2774 694 intelligentia:
2799 638 2907 694 qua
2935 632 3203 678 creatura:
3239 638 3360 692 qua:
3393 625 3513 678 sine

1928 731 2158 786 corpore
2180 726 2265 770 est
2296 716 2622 771 exsislcntia
2654 732 2937 787 nunquam
2972 724 3200 786 apparet
3231 717 3516 785 corpoieis

1930 808 2127 864 oculis.
2164 809 2341 863 Etiam
2374 818 2620 863 creatum
2655 809 2799 879 quod
2825 809 2990 862 citius
3016 808 3111 863 illo
3146 807 3337 862 oculos
3371 807 3512 877 fugit

1931 899 2181 969 conspici
2232 915 2396 969 posse
2427 904 2649 968 ineptus
2685 900 2913 953 omnino
2952 907 3117 968 atque
3150 902 3373 970 ignarus
3423 901 3513 955 ille

1933 994 2164 1063 putavit.
2190 992 2405 1047 Etenim
2440 992 2588 1063 quod
2629 1008 2735 1046 non
2772 1001 3018 1047 creatum
3059 1000 3168 1055 est,
3198 1007 3306 1045 non
3334 1001 3517 1061 potest

1933 1086 1986 1141 id
2021 1086 2289 1152 conspici,
2330 1101 2434 1140 nec
2474 1094 2656 1140 tamen
2677 1084 2826 1155 quod
2862 1094 3109 1139 creatum
3144 1091 3323 1153 potest
3350 1085 3516 1140 etiam

1932 1177 2203 1248 conspici.
2258 1178 2452 1234 Creata
2506 1178 2654 1232 enim
2704 1192 2830 1234 cum
2866 1176 2977 1232 sint
3017 1176 3193 1247 angeli
3234 1186 3290 1231 et
3321 1178 3518 1231 anima:
3572 1226 3587 1237 ,

1932 1275 1987 1321 et
2015 1282 2138 1337 quae
2163 1268 2363 1323 similia
2396 1278 2547 1330 sunt,
2576 1268 2823 1338 conspici
2858 1278 3037 1323 tamen
3075 1268 3380 1322 secundum
3422 1285 3517 1322 ta-

1935 1360 2114 1408 turam
2155 1356 2308 1410 nullo
2343 1357 2510 1410 modo
2543 1366 2796 1427 possunt.
2854 1357 2923 1412 Et
2954 1356 3101 1428 quod
3170 1357 3392 1427 gravius
3432 1369 3519 1411 est

1935 1461 2034 1517 per
2064 1461 2123 1501 se
2155 1448 2333 1517 ipsum
2362 1463 2467 1501 non
2501 1464 2619 1502 esse
2648 1448 2835 1503 lumen
2879 1449 3013 1503 illud
3052 1449 3255 1518 impius
3289 1448 3376 1503 ille
3406 1465 3517 1502 non

1934 1540 2348 1604 animadvertit,
2383 1541 2515 1595 illud
2559 1543 2738 1611 ipsum
2772 1543 2918 1612 quod
2951 1542 3019 1596 ad
3068 1558 3178 1597 non
3233 1557 3357 1596 esse
3397 1557 3524 1612 5pc-

1937 1641 2111 1688 claret
2151 1633 2380 1689 minime
2436 1650 2533 1704 per
2590 1650 2647 1689 se
2694 1635 2845 1689 cerni
2906 1651 3089 1705 posse.
3149 1634 3520 1702 Quamobrem

1937 1726 2102 1781 etiam
2158 1742 2283 1780 cunt
2347 1740 2542 1795 praeter
2590 1737 2844 1781 naturam
2897 1728 3243 1783 admirabilia
3282 1728 3372 1782 illa
3417 1727 3523 1798 ipsi

1938 1818 2292 1880 accidissent.
2321 1820 2680 1873 vehementer
2709 1830 2934 1896 coactus
2967 1819 3165 1875 fmdam
3186 1820 3424 1874 animam
3458 1818 3523 1875 ad

1939 1926 2156 1982 gravem
2189 1912 2335 1966 illam
2360 1923 2524 1982 atque
2558 1913 2828 1967 inﬁnitam
2860 1928 3080 1983 poenam
3114 1913 3331 1977 emisit,
3347 1927 3526 1982 neque

1946 2003 2059 2058 ullo
2108 2004 2315 2058 auxilio
2350 2020 2378 2058 a
2413 2005 2525 2060 Deo
2571 2005 2700 2059 dato
2740 2014 2835 2059 aut
2880 2019 3127 2076 tempore
3184 2006 3527 2076 paenitentia:

1904 2098 1917 2105 “
1939 2097 2283 2158 exercendae.
2314 2106 2374 2150 ut
2408 2098 2487 2153 sic
2518 2114 2627 2152 non
2663 2098 2731 2153 ad
2769 2098 2872 2154 hoc
2905 2114 3080 2168 usque
3112 2107 3349 2168 tempus.
3378 2113 3529 2151 ntinc

1941 2194 2095 2241 certe
2141 2186 2564 2243 semimortuum
2598 2198 2654 2242 et
2713 2189 3068 2244 semiset-tum
3126 2203 3186 2243 se
3230 2187 3425 2244 videns
3472 2196 3529 2242 et

1906 2308 1909 2315 ι
1941 2280 2150 2349 majore
2202 2280 2451 2349 corporis
2484 2292 2637 2349 parte
2670 2280 3028 2334 vehementer
3063 2294 3117 2334 et
3170 2295 3269 2351 per
3302 2281 3527 2350 longum

1944 2381 2161 2441 tempus
2209 2371 2443 2427 l‘ractmn
2480 2383 2535 2426 et
2592 2373 2752 2443 137
2785 2372 3043 2427 dedecori
3075 2388 3219 2433 esse.
3253 2389 3373 2442 quae
3402 2373 3527 2427 viva

1943 2474 2123 2520 essent
2155 2472 2207 2518 et
2238 2465 2534 2534 impietatis
2567 2480 2683 2519 sua:
2715 2464 3073 2535 opprobrium
3109 2464 3367 2519 omnibus
3398 2479 3530 2535 pro-

1945 2556 2124 2624 palam
2156 2555 2367 2611 editum
2407 2557 2754 2611 miserrimus
2794 2556 2883 2610 ille
2909 2556 3268 2635 intelligeret,
3303 2556 3533 2626 quantis

1909 2646 2243 2725 .Eccle‘siam
2279 2650 2540 2703 :erumnis
2569 2648 2956 2719 implicaverit.
2998 2649 3135 2704 Nam
3166 2665 3231 2703 ex
3264 2649 3533 2719 proximis

1947 2738 2168 2795 indiciis
2195 2751 2249 2794 et
2281 2741 2451 2811 signis
2484 2749 2704 2810 poterat
2727 2740 2961 2810 quisque
3001 2739 3269 2810 consequi
3303 2739 3536 2794 immen-

1946 2846 2062 2887 sam
2116 2832 2409 2901 utriusque
2460 2832 2843 2902 impietatem,
2883 2842 3048 2901 atque
3110 2832 3254 2903 ignis
3312 2833 3535 2900 utrique

1946 2922 2151 2978 ibidem
2176 2923 2495 2977 cumulatus
2527 2924 2578 2978 in
2605 2923 2851 2977 futurum
2878 2939 3099 2994 quoque
3121 2925 3344 2994 utrique
3373 2923 3534 2979 attri-

1945 3016 2113 3071 butus
2134 3015 2258 3069 erit.
2291 3016 2408 3071 Arii
2450 3017 2600 3096 enim
2630 3031 2788 3086 ptnna
2827 3016 3103 3071 mundana
3137 3017 3259 3085 plus
3293 3016 3537 3070 lenitatis

1948 3108 2223 3175 habebat;
2261 3108 2495 3163 Palama:
2534 3116 2718 3163 autem
2768 3123 2931 3178 pmna
2976 3122 3005 3161 a
3034 3107 3262 3163 lenitate
3302 3107 3534 3162 multum

272 3216 350 3264 νος
379 3202 474 3271 τὴν
516 3202 860 3285 Ἐκκλησίαν
890 3203 1273 3272 ἐμπέπληκεν.
1314 3201 1404 3266 Ὦς
1429 3204 1492 3256 ἐκ
1523 3202 1632 3255 τῶν
1660 3204 1845 3255 τελευ-

1952 3199 2150 3255 abfuit.
2191 3197 2274 3252 Illi
2321 3198 2471 3253 enim
2506 3198 2901 3253 intestinorum
2940 3198 3178 3266 dejectio
3210 3205 3335 3253 ante
3393 3198 3536 3252 laeta

271 3293 430 3347 ταίων
454 3284 754 3363 ὲμῖφάσεων
783 3295 880 3348 καὶ
916 3294 1211 3365 συμϐόλων
1241 3293 1390 3365 ἔχειν
1453 3295 1672 3349 ᾶπαντά
1723 3312 1848 3348 τινα

271 3388 666 3457 τεκμαίρεσθαι
725 3389 825 3461 ήδη
885 3388 986 3457 τῆς
1052 3405 1112 3441 τε
1170 3387 1431 3453 ἀσεϐείας
1488 3388 1755 3459 ἐκατέρου
1792 3387 1852 3441 τὸ

275 3475 609 3546 ὑπερϐάλλον
644 3472 713 3548 ἧς
737 3479 839 3531 ἀνὰ
873 3477 1040 3547 μέρος
1094 3475 1365 3547 ἑκάτερος
1392 3476 1638 3547 ἐκατέρῳ
1666 3493 1852 3530 κεκοι-

273 3568 586 3637 νωνήκεσαν
634 3568 908 3631 ἐνταυθοῖ,
948 3569 1044 3622 καὶ
1107 3569 1225 3637 ἃμα
1271 3571 1372 3640 τῆς
1409 3570 1850 3640 τεταμίευμένης

274 3659 505 3733 ζκατέρῳ
546 3662 616 3736 [1⁸.
654 3663 758 3718 107
789 3662 859 3735 ι’.]
893 3664 1095 3732 φλογὸς
1144 3664 1202 3725 ις
1229 3663 1292 3716 τὸ
1344 3662 1561 3733 μέλλον,
1618 3663 1652 3734 ἡ
1707 3663 1848 3716 κατὰ

274 3753 331 3805 τὸ
350 3754 617 3823 ἀνάλογον
653 3755 940 3825 ἑκατέροις
988 3757 1109 3808 ὲκεί
1138 3754 1599 3826 τεθησαύρισται.
1648 3756 1850 3826 Ἀρείῳ

280 3848 503 3918 μὲνγὰρ
553 3850 589 3918 ἡ
624 3846 726 3915 τῆς
774 3846 1013 3900 ἐνταῦθα
1060 3848 1337 3911 κολάσεως
1406 3835 1635 3914 ἔνδειξις
1687 3846 1887 3902 πλέον

277 3932 379 4007 εἶχε
433 3940 528 3994 τοῦ
569 3938 902 4004 κολάζοντος
953 3938 1017 3992 τδ
1096 3939 1442 4011 φειδόμενον,
1498 3941 1739 4012 Παλαμᾷ
1793 3941 1849 3994 δὲ

1957 3309 2120 3364 quam
2161 3309 2276 3347 rem
2320 3292 2533 3357 sensit,
2591 3293 2742 3347 leves
2792 3302 2959 3363 atque
3005 3294 3255 3347 inﬁrmos
3297 3293 3540 3347 reddidit

1955 3388 2179 3443 dolores
2205 3387 2297 3458 qui
2330 3403 2494 3442 sensu
2521 3385 2739 3440 sublato
2758 3401 2957 3456 corpus
2980 3385 3184 3440 frustra
3204 3384 3536 3454 amigebant.

1956 3480 2100 3535 lluic
2132 3497 2265 3535 vero
2288 3479 2563 3534 acerbitas
2593 3477 2843 3533 laborum
2877 3494 3001 3532 cum
3038 3477 3378 3549 turpitudine
3404 3493 3541 3531 con-

1943 3571 2147 3643 .juncta
2208 3569 2275 3624 ad
2328 3569 2753 3623 similitudinem
2818 3568 3165 3623 miseriarum
3222 3567 3539 3622 Judreornm

1954 3673 2158 3718 aeterna
2222 3660 2315 3716 illa
2378 3661 2434 3715 in
2498 3661 2686 3715 futuro
2748 3659 3015 3731 supplicia
3076 3656 3346 3731 depinxit.
3384 3657 3543 3715 Unde

1955 3753 2215 3809 concludi
2255 3761 2457 3823 potest,
2508 3753 2617 3806 imo
2652 3752 2804 3817 sciri,
2845 3752 3019 3806 multo
3049 3755 3357 3829 graviorem
3391 3750 3545 3805 Pala-

1956 3864 2058 3902 ma:
2090 3862 2306 3917 ptenam
2332 3862 2455 3901 esse
2477 3846 2874 3918 prrescriptam,
2908 3861 3073 3916 quant
3095 3844 3230 3900 Airo
3256 3844 3335 3899 illi
3375 3846 3545 3913 impio

1955 3940 2025 3993 ab
2058 3938 2270 3993 insania
2300 3937 2371 3993 ita
2399 3937 2704 3993 nominato.

279 4028 430 4082 πλέον
455 4028 552 4083 τοῦ
579 4029 909 4101 φειδομένου
964 4030 1163 4101 μακρῷ
1191 4030 1253 4084 τὸ
1296 4030 1550 4097 κολάζον.
1606 4030 1698 4102 Τῷ
1750 4032 1849 4101 μὲν
1889 4032 1998 4103 γάρ
2040 4032 2073 4102 ἠ
2121 4030 2230 4084 τῶν
2302 4031 2635 4102 σπλάγχνων
2668 4031 2905 4094 κένωσις
2978 4028 3233 4098 φθάσασα
3291 4032 3388 4099 τὴν
3449 4028 3546 4083 τοῦ

276 4120 543 4193 δράματος
579 4123 844 4194 αἴσθησιν
874 4124 1136 4195 ἄπρακτα
1198 4125 1383 4194 μένειν
1444 4125 1511 4177 τὰ
1550 4124 1651 4189 τῆς
1719 4125 1913 4195 ὀδύνης
1954 4127 2266 4195 ἐπεπράχει
2306 4124 2459 4195 βέλη,
2492 4122 2629 4193 προς
2658 4121 2795 4186 τέως
2820 4122 3194 4192 ἀναισθητοῦν
3226 4124 3547 4193 ἐρειδόμενοι

283 4218 433 4289 σῶμα
452 4238 466 4254 ο
499 4219 581 4290 τῷ
620 4217 669 4271 δ’
700 4219 733 4289 ἡ
765 4219 887 4289 μετ’
906 4217 1174 4288 αἰσχύνης
1195 4216 1467 4287 δριμύτης
1493 4217 1721 4272 ἐκείνων
1742 4218 1851 4271 τῶν
1897 4218 2100 4285 πόνων,
2128 4221 2207 4282 εἰς
2228 4219 2488 4290 ὁμόνοιαν
2517 4220 2630 4280 τοῖς
2682 4217 2859 4271 ’ἰούδα
2916 4219 3167 4289 κιρνῶσα
3196 4220 3549 4289 παθήμασιν,

281 4313 360 4368 ἱπ⁹
388 4314 508 4385 ίσης
530 4313 735 4383 ἐκείνῳ
758 4311 849 4365 καὶ
879 4308 978 4382 τὴν
1007 4310 1118 4364 τῶν
1184 4309 1489 4381 μελλόντων
1523 4310 1760 4365 αἰωνίων
1819 4310 2011 4365 δεινῶν
2071 4312 2582 4384 προεξωγράφησεν
2617 4310 2835 4365 ἕνωσιν.
2883 4311 2969 4375 Ὠς
3024 4313 3268 4378 εἰκάζειν
3289 4308 3432 4368 εἶναι
3460 4316 3548 4369 ὲν-

282 4408 482 4474 τεῦθεν,
517 4406 726 4478 μᾶλλον
756 4406 800 4458 δ’
832 4406 931 4459 οὐκ
953 4404 1222 4470 εἰκάζειν,
1252 4403 1370 4458 ἀλλ’
1398 4405 1623 4472 εἰδέναι,
1653 4405 1853 4477 μακρῷ
1890 4424 1999 4461 τινι
2064 4406 2236 4477 μείζω
2278 4402 2679 4477 τεταμιεῦσθαι
2753 4406 2988 4480 Παλαμᾷ
3055 4407 3151 4479 τὴν
3204 4408 3549 4464 κολασουσαν

284 4502 482 4556 ἔκτισιν
512 4498 822 4574 ἢκατὰτδν
848 4497 1092 4567 δυσσεϐῆ
1108 4498 1211 4568 τῆς
1244 4498 1443 4567 μανίας
1469 4498 1681 4551 ἐκεῖνον
1705 4497 1997 4570 ἐπώνυμον
2027 4501 2267 4572 ΙἌρειον.

349 4597 424 4655 Θ’.
447 4592 521 4652 Εῦ
551 4598 760 4666 λέγεις.
790 4596 953 4666 ⁸’Δρτι
977 4594 1034 4647 δὲ
1058 4590 1156 4658 τὰς
1182 4594 1379 4665 ⁴ἠρινὰς
1419 4592 1513 4648 τοῦ
1548 4595 1702 4666 ἡλίου
1730 4612 1846 4666 τρο-

2042 4597 2136 4653 lX.
2165 4592 2311 4652 Bene
2345 4610 2567 4675 narras;
2602 4595 2843 4665 peractis
2886 4596 3037 4652 enim
3084 4594 3269 4652 vernis
3298 4597 3551 4656 solstitiis

285 4691 388 4757 πὰς
439 4689 918 4759 παραλλάττοντος
974 4690 1069 4741 καὶ
1128 4686 1224 4740 τοῦ
1274 4687 1739 4759 Καντακουζηνοῦ
1786 4691 1853 4761 τῇ

296 4783 594 4854 ὐρεστιάδι
627 4780 1061 4852 ἐνδιατρίϐοντος
1111 4778 1220 4846 ἔτι,
1268 4780 1534 4848 αἰφνίδιον
1561 4782 1589 4832 ὁ
1617 4781 1855 4834 Παλαιο-

288 4874 434 4943 λόγος
463 4871 1171 4946 ὲπιφαίνεται,περιπλέων
1210 4871 1301 4925 τὸν
1337 4872 1477 4943 περὶ
1524 4871 1585 4925 τδ
1651 4871 1859 4927 Βυζάν-

288 4984 394 5020 τιον
417 4967 666 5039 πορθμὸν
700 4964 926 5037 λέμϐοις
946 4963 1081 5035 ὁμοῦ
1110 4963 1207 5018 καὶ
1244 4966 1507 5035 μονήρεσι
1547 4967 1644 5019 καὶ
1675 4964 1858 5036 διήρε-

294 5076 371 5112 σιν
400 5058 775 5114 ὀκτωκαίδεκα
798 5056 897 5112 καὶ
916 5057 1136 5127 τριήρει
1168 5057 1292 5128 μιᾷ·
1330 5054 1359 5109 ὃ
1398 5057 1495 5109 καλ⁸
1526 5057 1748 5128 μακρὰν
1783 5055 1860 5124 τῷ

294 5150 761 5225 Καντακουζηνοῦ
785 5150 886 5223 τὴν
906 5149 1114 5205 δειλίαν
1148 5149 1435 5219 ἐνεποίησε
1493 5149 1676 5219 μέρει.
1710 5145 1859 5201 ἿΙκε

296 5250 398 5315 γάρ
435 5248 684 5310 ἐλπίσας,
712 5245 785 5309 ὡς
814 5244 971 5315 φασὶ,
1006 5243 1198 5315 ῥᾳδίαν
1230 5242 1382 5311 αὐτῷ
1414 5242 1515 5313 τὴν
1544 5244 1626 5305 εἰς
1655 5242 1862 5305 Βυζάν-

295 5358 399 5393 τιον
420 5341 619 5394 εἴσοδον
648 5338 895 5405 ἔσεσθαι,
923 5337 1058 5409 πρός
1089 5352 1252 5390 τινων
1291 5335 1479 5407 κρύφα
1523 5335 1863 5406 διαμηνυσα-

301 5435 469 5505 μένων
490 5434 637 5505 αὒτῷ
664 5435 772 5506 πρὸ
814 5432 1043 5503 βραχέος
1063 5431 1125 5485 τὸ
1147 5430 1242 5483 τοῦ
1273 5430 1626 5501 συνθήματος
1653 5430 1858 5499 δρᾶμα.

309 5527 456 5581 Ἐπεὶ
476 5527 522 5580 δ’
551 5525 814 5596 ἡβασιλὶς
844 5525 1054 5596 Εἰρήνη
1100 5524 1355 5592 διανέστη
1398 5539 1455 5575 τε
1514 5521 1864 5593 παραχρῆμα

301 5622 387 5672 καὶ
415 5620 848 5692 δραττικώτερον
875 5618 909 5690 ἢ
938 5617 1083 5672 κατὰ
1105 5617 1425 5686 γυναικείαν
1453 5615 1617 5684 φύσιν
1646 5616 1865 5686 διανοη-

305 5714 505 5782 σαμένη
562 5714 660 5776 τὰς
701 5710 1048 5787 πανταχόθεν
1104 5709 1562 5791 ύποπτευομένας
1620 5708 1865 5772 είσόδιυς

305 5804 518 5875 τάχιστα
552 5805 889 5875 ἡσφαλίσατό
922 5820 981 5855 τε
1009 5802 1104 5857 καὶ
1145 5803 1257 5855 τῶν
1285 5801 1753 5870 ὑποπτευομένων
1788 5801 1863 5853 ἔτι

307 5901 599 5964 προσώπων
647 5901 798 5964 ἐντὸς
853 5897 1150 5962 Βυζαντίου
1203 5897 1303 5960 τὰς
1357 5896 1533 5965 ὁρμάς
1588 5894 1866 5949 ἀνέστειλε

1964 4692 2095 4747 dum
2131 4692 2553 4749 Cantacuzenus
2580 4689 2870 4747 Orestiade
2922 4700 3324 4757 commoratur,
3366 4693 3551 4748 subito

1965 4786 2306 4858 Paltcologus
2361 4786 2512 4840 venit
2565 4785 2633 4838 ad
2667 4784 3025 4855 Byzantinnm
3068 4785 3269 4841 ostium
3319 4787 3554 4842 navibus

1969 4879 2217 4951 appulsis
2247 4878 2594 4935 uniremibus
2649 4887 2701 4932 et
2753 4876 3060 4931 diremibus
3091 4877 3466 4965 duodeviginti
3498 4892 3555 4935 et

1969 4970 2182 5025 triremi
2214 4986 2342 5023 uua.
2367 4969 2498 5035 Qua:
2534 4982 2619 5023 res
2662 4983 2920 5038 magnum
2951 4966 3322 5023 Cantacuzeni
3368 4970 3556 5024 militi-

1969 5064 2072 5119 bus
2089 5076 2355 5120 terrorem
2384 5063 2594 5131 injecit.
2619 5061 2676 5115 lo
2701 5075 2801 5132 spe
2831 5060 2981 5116 enim
3020 5062 3184 5133 188
3203 5073 3431 5118 venerat
3464 5065 3554 5118 ille

1969 5157 2141 5213 luisse
2177 5157 2294 5213 fore
2345 5165 2405 5211 ut
2435 5155 2599 5210 facile
2635 5153 2958 5225 Byzantium
2994 5154 3252 5209 introiret
3291 5154 3429 5209 clam
3461 5172 3555 5209 ac-

1971 5251 2149 5321 ceptis
2194 5250 2348 5305 brevi
2414 5248 2482 5302 dc
2533 5261 2719 5301 rerum
2769 5246 3084 5301 conditione
3120 5245 3353 5301 nuntiis.
3400 5246 3555 5301 Irene

1971 5351 2156 5397 autem
2204 5340 2395 5410 regina
2450 5354 2575 5393 cum
2641 5338 2825 5393 subito
2855 5353 2913 5393 se
2952 5339 3220 5394 erexisset
3272 5348 3327 5392 et
3372 5338 3558 5393 animi

1972 5436 2186 5491 acriore
2216 5448 2378 5503 quam
2402 5448 2512 5503 quo
2546 5433 2809 5487 mulieres
2836 5431 3038 5498 solent,
3068 5448 3252 5485 rerum
3284 5433 3556 5503 gerenda-

1974 5547 2095 5585 rum
2125 5530 2413 5584 consilium
2449 5526 2715 5597 cepisset,
2748 5524 2978 5580 lubricis
3017 5524 3223 5594 ubique
3256 5525 3360 5580 viis
3390 5541 3557 5597 quam

1974 5620 2269 5676 celerrime
2302 5618 2535 5673 munitis
2583 5625 2639 5672 et
2690 5617 2744 5671 in
2779 5617 3108 5687 periculosis
3143 5615 3391 5688 Byzantii
3436 5635 3561 5688 pro-

1976 5711 2299 5783 pugnaculis
2344 5711 2629 5780 copiarum
2661 5708 3015 5764 multitudine
3051 5709 3347 5776 collocata,
3383 5713 3559 5766 tribus

1977 5811 2099 5872 post
2130 5802 2325 5855 diebus
2350 5816 2475 5854 eum
2503 5799 2720 5854 infectis
2753 5800 2916 5853 rebus
2944 5799 3098 5854 abire
3129 5802 3329 5872 coegit.
3364 5802 3559 5856 Decem

1980 5894 2187 5948 interea
2240 5891 2612 5963 praiterlapsis
2672 5893 2869 5949 diebus
2926 5891 3347 5950 Cantacuzeuus
3400 5894 3562 5949 Ores-
