3856 6618
391 425 488 490 16⁸1

392 625 627 682 fortuna:
659 624 1030 680 conditionem
1073 623 1294 692 dejertte
1326 629 1505 676 essent
1531 663 1543 682 .
1575 637 1675 676 nec
1721 622 1954 689 amplius

391 717 540 772 cives
571 731 682 770 rem
710 714 1015 774 militarem
1048 728 1242 766 ornare
1277 721 1522 782 possent,
1557 713 1716 780 plane
1740 711 1956 764 omissis

392 807 506 861 fere
537 806 790 860 omnibus
821 805 1010 867 armis,
1049 803 1335 868 militibus,
1364 805 1530 868 victu,
1557 801 1956 856 metuebantne
2001 869 2004 871 Α

391 894 632 949 hostium
693 893 849 966 193
900 895 1059 948 facile
1117 892 1318 962 captivi
1359 893 1580 946 -redditi
1640 893 1695 944 in
1760 890 1956 944 nefan—

389 989 514 1041 dam
554 1001 617 1040 ac
653 994 870 1055 turpem
904 985 1204 1056 perniciem
1243 983 1568 1038 inciderent.
1621 985 1797 1052 Atque
1851 997 1957 1036 una

390 1092 514 1130 eum
539 1077 864 1130 mulieribus
894 1086 948 1129 et
981 1075 1170 1130 liberis
1214 1084 1269 1128 et
1319 1085 1432 1130 tota
1463 1074 1682 1130 civitate
1729 1073 1958 1127 seditio-

347 1183 519 1220 .nem
577 1167 854 1220 faciebant
911 1179 1097 1238 utpote
1155 1167 1360 1220 exortis
1407 1166 1632 1220 diversis
1686 1175 1740 1220 et
1797 1165 1960 1218 variis

390 1259 632 1312 consiliis
663 1268 717 1312 et
765 1259 910 1313 inter
945 1274 1002 1312 se
1041 1261 1197 1313 valde
1230 1245 1699 1328 discrepantibus,
1733 1269 1959 1311 enm-ta-

389 1365 496 1418 que
525 1349 844 1419 reipublica:
883 1351 1186 1418 antiquitus
1239 1351 1486 1403 instituta
1519 1349 1671 1402 brevi
1716 1357 1960 1416 tempore

391 1442 755 1496 sustulerunt.
794 1441 852 1495 In
899 1441 1260 1494 ﬁnitimorum
1297 1455 1431 1494 vero
1462 1456 1584 1495 sese
1634 1449 1959 1508 potestatem

393 1529 664 1584 tradendo
718 1547 747 1584 e
786 1530 943 1584 malis
982 1531 1268 1584 minimum
1317 1531 1623 1599 elegerunt.
1673 1529 1962 1582 Finititnos

390 1621 670 1689 enim-qui
731 1621 1026 1675 altissimos
1077 1619 1294 1691 Alpium
1352 1631 1567 1674 montes
1619 1621 1870 1674 incolunt
1906 1629 1962 1672 ct

393 1725 664 1767 terrenam
696 1729 914 1782 semper
937 1715 1102 1767 vitam
1151 1722 1358 1784 agunt,
1413 1713 1542 1766 olim
1594 1727 1691 1781 per
1740 1713 1960 1782 longum

395 1817 609 1874 tempus
642 1807 892 1859 hostilem
948 1807 1000 1858 in
1035 1805 1255 1858 modum
1310 1821 1407 1858 cos
1435 1806 1707 1858 vexabant
1741 1813 1794 1857 et
1827 1821 1961 1872 prte-

1613 417 2034 481 NICEPIIORI
2077 415 2459 478 GREGORE

462 533 596 590 XIV.
631 533 747 590 Jam
795 546 924 584 vero
966 529 1336 584 Genuensium
1393 543 1480 583 res
1524 544 1645 583 cum
1698 529 1762 584 ad
1815 529 1954 581 hanc
1983 535 2028 588 Α

3525 416 3618 478 15%

2130 529 2223 580 l.\'.
2263 530 2367 580 Καὶ
2419 530 2514 597 μὲν
2559 528 2621 598 δη
2647 543 2652 548 '
2679 529 2730 588 ἐς
2769 527 2925 580 τοῦτο
2973 527 3408 598 κατενεχθέντων
3454 529 3621 598 τύχης

2063 621 2172 672 τῶν
2201 625 2342 673 κατὰ
2377 622 2638 674 Γέννουαν
2671 622 3030 690 πραγμάτων,
3067 624 3162 676 καὶ
3193 623 3358 691 μηδὲν
3405 624 3486 676 ἔτι
3517 627 3624 674 τιῒον

2065 715 2269 782 ταύτην
2317 714 2611 766 οἰκούντων
2661 714 2882 766 ἔνοπλον
2914 715 3075 783 ἔργον
3122 713 3254 782 δρᾷν
3289 714 3624 782 δυναμένων,

2066 800 2232 870 ἄρδην
2262 802 2513 854 ἁπάντων
2547 801 2752 869 σχεδδν,
2774 801 2848 862 ὡς
2872 803 3108 870 είρηται,
3137 801 3500 870 ἐφθαρμένων
3524 803 3628 872 ἢδη

2065 894 2158 946 καὶ
2185 892 2366 947 ὃπλων
2399 894 2490 944 καὶ
2521 893 2730 962 ἀνδρῶν
2759 892 3088 962 ὁπλομάχων
3117 895 3210 944 καὶ
3227 893 3326 945 ὅσα
3361 893 3471 950 τῶν
3503 893 3629 946 ἐδω-

2065 985 2257 1055 δίμων,
2301 985 2395 1038 καὶ
2429 986 2704 1046 δείσαντες
2745 985 2818 1054 μὴ
2853 987 2962 1046 τοῖς
2993 983 3268 1054 πολεμίοις
3299 986 3362 1038 ὲκ
3401 984 3497 1038 τοῦ

2067 1091 2192 1126 στου
2235 1075 2604 1136 καταστάντες
2641 1073 2906 1142 ἁλώσιμοι
2957 1074 3048 1127 τὸν
3101 1074 3372 1143 ἐπάρατόν
3427 1092 3486 1128 τε
3537 1077 3634 1128 καὶ

2067 1166 2350 1235 αἴσχιστον
2391 1167 2438 1217 οἱ
2475 1165 2921 1236 περιλειφθέντες
2952 1165 3261 1234 όφλὴσωσιν
3287 1167 3507 1235 ὗλεθρον
3542 1168 3638 1219 αὖ-

2067 1259 2188 1320 ταῖς
2218 1257 2432 1324 γυναιξὶ
2468 1258 2562 1310 καὶ
2612 1259 2769 1310 παισὶ
2809 1259 2904 1310 καὶ
2953 1258 3104 1310 πόλει
3160 1261 3225 1344 τῇ
3276 1260 3446 1330 πάσῃ,
3513 1259 3636 1310 κατ’

2067 1349 2316 1419 ἀλλήλων
2351 1365 2406 1400 τε
2433 1349 2780 1412 ἐστασίασαν,
2811 1350 3086 1419 διαφόρων
3129 1352 3222 1402 καὶ
3253 1350 3514 1403 ποικίλων
3544 1352 3637 1402 αῦ-

2067 1443 2178 1502 τοῖς
2209 1440 2595 1510 βουλευμάτων
2631 1443 2984 1506 ἀναφυέντων
3012 1441 3107 1493 καὶ
3133 1440 3340 1510 σφόδρα
3369 1441 3640 1509 ἀσυμφώ-

2069 1551 2174 1586 νων
2207 1533 2479 1602 ἁλλήλοις,
2513 1533 2608 1585 καὶ
2641 1533 2759 1602 ἅμα
2793 1533 2972 1587 πάντα
3018 1531 3323 1602 ἀνέτρεψαν
3349 1533 3413 1584 ὲν
3445 1532 3641 1602 βραχεῖ

2069 1621 2135 1674 τὰ
2171 1621 2335 1675 πάλαι
2365 1622 2465 1690 τῆς
2513 1617 2790 1682 πολιτείας
2817 1620 3025 1672 ἑαυτῶν
3057 1621 3290 1689 νόμιμα,
3321 1621 3437 1683 τοῖς
3471 1623 3638 1672 ἀστυ-

2071 1713 2306 1778 γείτοσιν
2355 1712 2584 1773 ἑαυτοὺς
2645 1713 2828 1764 ἑκοντὶ
2879 1711 3216 1781 παραδόντες
3268 1712 3636 1780 ὑποχειρίους,

2069 1802 2161 1854 τοῦ
2198 1801 2442 1871 μείζονος
2481 1805 2655 1854 κακοῦ
2688 1804 2746 1856 τὸ
2784 1801 3115 1870 κουφότερον
3147 1801 3516 1871 ἁνθελόμενοι.
3557 1803 3640 1854 Ἀ-

393 1897 666 1951 dabantur
706 1913 1038 1966 quocunque
1086 1898 1338 1950 volebant
1385 1896 1512 1950 anni
1545 1875 1966 1966 tctiipore.\Me-

2086 1895 2418 1959 ῖτυγείτονας
2460 1893 2512 1945 δέ
2553 1909 2698 1963 φημι
2725 1891 2776 1945 οἳ
2821 1895 2922 1955 τὰς
2973 1891 3110 1962 ὑπὲρ
3162 1894 3410 1964 κεφαλῆς
3460 1895 3642 1946 αὑτῶν

393 1989 730 2044 diolanensis
759 1999 842 2044 est
871 1991 1015 2058 regis
1047 1991 1260 2044 colonia
1283 2031 1296 2052 ,
1346 1990 1476 2043 urbs
1511 2001 1688 2054 vetus,
1727 1989 1963 2042 diilicilis

396 2081 646 2135 hostibus
691 2081 758 2135 ad
790 2083 1241 2152 Oppuguaudum.
1291 2083 1378 2146 Et,
1411 2083 1554 2150 quod
1609 2083 1840 2136 maxime
1896 2082 1964 2136 ti-

399 2175 653 2226 mendam
679 2173 817 2227 hanc
845 2183 1061 2244 gentem
1095 2175 1312 2244 populis
1340 2175 1431 2243 qui
1453 2174 1602 2227 circa
1630 2175 1817 2228 colunt
1841 2173 1965 2228 red-

394 2265 498 2329 dit,
533 2253 712 2332 regem
747 2263 868 2333 ejus
917 2263 1252 2317 horrendum
1286 2273 1448 2332 atque
1479 2265 1766 2326 invictum,
1811 2263 1968 2318 locus

395 2357 678 2410 montibus
707 2355 824 2409 fere
855 2355 1098 2424 undique
1131 2357 1258 2410 altis
1299 2366 1463 2426 atque
1515 2357 1678 2411 inviis
1713 2373 1742 2410 a
1772 2356 1970 2412 natura

396 2449 642 2503 munitus
671 2449 1000 2517 plerumque
1025 2463 1144 2500 sese
1181 2448 1296 2516 ipse
1327 2450 1392 2502 ab
1421 2448 1673 2502 hostibus
1700 2449 1964 2504 defendit.

396 2541 530 2596 Nam
561 2541 686 2594 aliis
723 2541 981 2610 gentibus
1015 2543 1098 2594 vis
1145 2541 1391 2610 equitum
1437 2541 1854 2595 innumerabilis
1915 2547 1970 2594 et

397 2633 664 2686 maximus
708 2633 986 2686 exercitus
1031 2633 1122 2685 vix
1151 2632 1378 2686 abarcet
1425 2632 1690 2692 hostium,
1727 2632 1815 2687 his
1841 2647 1973 2686 vero

395 2739 565 2796 parva
597 2723 755 2778 facile
783 2723 939 2792 copia
964 2763 979 2787 ,
1024 2740 1148 2779 cum
1199 2733 1417 2778 montes
1449 2723 1594 2778 circa
1635 2724 1722 2777 siti
1753 2733 1988 2802 natura:

395 2815 500 2868 lem
529 2814 821 2881 quamdam
849 2813 917 2867 ad
963 2812 1370 2868 defendendum
1399 2812 1723 2870 societatem
1749 2811 1894 2865 inter
1914 2825 1973 2864 se

396 2904 660 2960 habeant.

2071 1981 2452 2044 κατοικοῦντες
2481 1981 2679 2051 ὕψιστα
2716 1983 2815 2052 ὅρη
2847 1983 2955 2036 τῶν
2996 1984 3248 2036 Ἀλπεων
3277 1985 3370 2036 καὶ
3401 1984 3642 2054 ἠπειρω-

2070 2064 2222 2126 τικδν
2269 2076 2356 2129 ἀεὶ
2377 2074 2652 2140 διάγοντες
2691 2074 2824 2144 βίον,
2869 2075 3037 2128 πάλαι
3069 2069 3236 2128 πολύν
3273 2093 3394 2128 τινα
3451 2077 3646 2144 χρόνον

2077 2165 2329 2234 μαχίμως
2380 2167 2529 2234 σφίσι
2578 2167 2842 2219 διέκειντο
2894 2167 2988 2220 καὶ
3022 2165 3326 2237 ἐπολέμουν
3370 2170 3464 2221 καὶ
3497 2167 3644 2236 ὲληῖ-

2074 2257 2228 2321 ζοντο
2282 2257 2402 2309 καθ’
2431 2259 2500 2320 ἃς
2533 2241 2834 2312 ⁹ἐϐούλοντο
2865 2259 3014 2329 ὥρας
3061 2261 3258 2320 αὐτοὺς
3307 2261 3483 2316 σὺτοί.
3534 2260 3646 2312 Με-

2075 2347 2296 2402 διόλανα
2328 2349 2372 2401 δ’
2407 2350 2594 2413 αὐτοῖς
2626 2352 2659 2422 ἡ
2691 2351 2785 2403 τοῦ
2822 2353 2990 2420 ρηγός
3019 2351 3136 2402 ἐστι
3183 2352 3462 2412 κατοικία,
3491 2350 3648 2413 πόλις

2079 2443 2281 2510 ἀρχαία
2309 2461 2365 2495 τε
2397 2445 2494 2494 καὶ
2537 2443 2846 2516 δυσάλωτος
2883 2443 3180 2512 πολεμίοις.
3218 2445 3283 2496 '0
3319 2443 3375 2497 δὲ
3407 2443 3650 2513 μάλιστα

2079 2537 2296 2588 πάντων
2323 2535 2553 2604 φοϐερὸν
2578 2539 2688 2597 τοῖς
2718 2537 2882 2605 πέριξ
2909 2537 2968 2588 τὸ
2999 2536 3150 2598 ἔθνος
3171 2535 3327 2588 τοῦτο
3351 2539 3518 2602 ποιεῖ,
3553 2537 3652 2590 καὶ

2075 2627 2166 2679 τὸν
2195 2627 2385 2679 τούτου
2421 2627 2565 2698 ῥῆγα
2599 2628 2744 2692 μάλα
2780 2645 2832 2680 τι
2867 2627 3325 2682 δυσαντίϐλεπτον
3369 2628 3464 2681 καὶ
3481 2631 3654 2682 ἀκατ-

2075 2719 2396 2786 αγώνιστον,
2453 2723 2534 2773 ὅτι
2583 2723 2610 2773 ό
2661 2721 2824 2782 τόπος
2871 2720 3023 2790 ὃρεσι
3069 2721 3256 2790 σχεδὸν
3309 2719 3657 2790 πανταχὺθεν

2076 2813 2308 2883 ὑψηλοῖς
2333 2815 2427 2868 καὶ
2447 2813 2731 2876 δυσϐάτοις
2760 2813 3166 2884 τετειχισμένος
3183 2814 3403 2884 ὑπὸτῆς
3435 2814 3656 2883 φύσεως

2079 2904 2284 2958 ἄϐατον
2315 2905 2391 2968 ὡς
2425 2905 2492 2958 τὰ
2527 2906 2698 2958 πολλὰ
2732 2899 3017 2974 πολεμίοις
3045 2907 3135 2960 τὸν
3167 2907 3418 2960 πλεῖστον
3459 2907 3658 2976 χρόνον

395 2997 702 3065 τετήρηκεν
761 2999 979 3064 ἑαυτὸν,
1047 2999 1256 3066 ὀλίγαις
1313 2975 1578 3066 δυνάμεσι
1659 2995 1964 3066 χρώμενος.
2010 2995 2074 3068 [Γ.
2120 2996 2324 3070 1091a]
2370 3000 2436 3051 Ὅ
2469 2999 2576 3067 γὰρ
2615 3001 2728 3064 τοῖς
2792 3001 2968 3064 ἄλλοις
3023 3001 3186 3064 ἵππος
3217 3017 3276 3052 τε
3329 2975 3498 3070 μυρία
3561 2979 3660 3052 καὶ

403 3095 630 3163 στρατὸς
690 3096 1028 3166 παμπληθὴς
1095 3098 1251 3166 μόλις
1291 3097 1453 3165 ἀρκεῖ
1503 3095 1639 3163 πρὸς
1695 3093 2008 3148 ἀντιπάλων
2043 3094 2424 3168 ἀνασοϐήσεις,
2474 3097 2682 3162 τούτοις
2729 3100 2926 3170 ῥᾳδίως
2971 3099 3130 3172 ὀλίγη
3197 3101 3428 3170 δύναμις
3495 3103 3662 3170 ἁρκ-ῐ

396 3185 486 3240 διὰ
527 3188 626 3258 τὴν
651 3189 760 3240 τῶν
790 3189 950 3259 πέριξ
984 3190 1126 3257 ὀρῶν
1159 3190 1398 3259 φυσικὴν
1427 3189 1767 3258 συμμαχίαν.

469 3335 582 3390 λγ.
619 3334 744 3388 llaec
797 3333 964 3394 igitur
998 3347 1130 3404 gens
1179 3332 1554 3412 Genuensium
1609 3335 1968 3390 ﬁnitimorum
2001 3351 2042 3406 ο

397 3445 524 3482 cum
569 3431 941 3496 suspicaretur
973 3427 1136 3498 195,
1169 3428 1484 3496 superbiam
1529 3445 1592 3482 ac
1637 3443 1874 3482 mentem
1911 3429 1978 3481 ad

400 3519 704 3588 perﬁdiam,
728 3533 888 3586 atque
911 3517 1135 3572 insidias
1155 3519 1304 3571 valde
1327 3521 1638 3573 inclinatam
1653 3531 1981 3590 magnopere

400 3629 594 3666 eorum
630 3613 848 3664 animos
879 3612 1212 3666 labefactare
1237 3611 1520 3665 studebat.
1551 3611 1662 3665 llac
1691 3611 1982 3664 occasione

399 3715 628 3772 ace-rma
669 3703 886 3758 dedi.os
911 3703 1068 3758 faciic
1099 3704 1151 3756 in
1181 3704 1500 3758 societatem
1535 3713 1853 3774 coegerunt.
1883 3704 1980 3756 At-

400 3811 508 3864 que
541 3795 786 3850 Genuam
827 3796 1022 3849 urbem
1057 3810 1180 3848 cum
1229 3796 1458 3865 ingrcssi
1507 3805 1692 3850 eSsent
1728 3805 1784 3849 ct
1833 3796 1982 3848 nullo

404 3889 694 3942 resistente
729 3903 911 3940 rerum
945 3888 1124 3955 potiti,
1157 3888 1352 3942 multas
1386 3903 1668 3942 murorum
1695 3896 1750 3942 ct
1779 3903 1984 3956 propu-

402 3981 756 4050 gnaculorum
787 3991 968 4048 partes
1002 3989 1292 4049 ceperunt,
1315 3996 1381 4034 ne
1412 3981 1641 4036 forsitan
1669 3990 1983 4050 Opportune

401 4073 456 4126 in
491 4067 772 4144 poStcrum
795 4083 1036 4140 tempore
1071 4083 1314 4140 arrepto,
1344 4085 1400 4134 ut
1425 4089 1642 4142 semper
1669 4089 1814 4128 nunc
1847 4089 1984 4144 quo-

403 4182 530 4234 que,
567 4165 736 4220 rebus
775 4165 934 4219 novis
959 4167 1267 4220 studerent.

475 4385 614 4441 XVI.
653 4384 745 4439 llis
771 4385 844 4438 ita
868 4385 1026 4438 factis
1056 4385 1426 4440 Gcnuensium
1455 4386 1798 4440 intolerabile
1835 4385 1980 4440 inso-

403 4480 587 4533 lentiae
624 4494 763 4533 onus
790 4479 952 4548 plane
986 4479 1259 4548 abiectum
1287 4488 1393 4532 est.
1449 4477 1510 4530 Et
1553 4479 1804 4546 proiecto
1837 4479 1985 4532 Deus

406 4572 516 4626 illis
549 4571 814 4642 irrogavit
861 4587 1054 4641 pinnas
1091 4573 1436 4642 iniuriarum,
1468 4572 1670 4640 quibus
1705 4572 1985 4626 Romanus

405 4665 712 4720 alllixerant
735 4679 967 4734 quaeque
995 4667 1062 4720 ab
1087 4667 1210 4718 aliis
1233 4667 1488 4719 suniliter
1519 4665 1776 4719 omnibus
1803 4668 1982 4735 genti-

407 4763 510 4814 bus
533 4760 950 4829 exspectabant.
994 4760 1268 4830 Neglectis
1301 4761 1447 4814 enim
1494 4760 1750 4813 omnibus
1781 4759 1985 4813 divinis

406 4854 643 4924 legibus,
673 4869 776 4908 nec
813 4853 1054 4908 divinam
1095 4854 1356 4907 ultionem
1403 4861 1653 4922 spectant
1700 4869 1801 4908 nec
1833 4867 1986 4906 verc-

407 4947 663 5000 cundiam
697 4946 752 4999 in
785 4946 1054 5001 homines.
1086 4945 1220 4999 Nam
1255 4961 1379 4999 cum
1419 4946 1586 4999 tetius
1619 4947 1786 4998 maris
1811 4945 1988 4998 domi-

408 5050 596 5096 natum
635 5041 764 5094 inde
798 5056 827 5094 a
856 5039 1096 5094 Tanaide
1133 5049 1189 5093 et
1230 5039 1477 5092 Maeotide
1517 5053 1688 5107 usque
1717 5041 1782 5092 ad
1815 5039 1993 5092 Gades

347 5115 356 5130 ’
408 5143 466 5188 et
503 5133 756 5187 Herculis
787 5131 1077 5186 columnas
1126 5143 1382 5202 tanquam
1425 5130 1478 5182 iu
1529 5131 1759 5184 somniis
1805 5132 1992 5186 videre

409 5227 513 5280 sibi
549 5227 892 5290 viderentur,
927 5241 994 5280 ex
1023 5227 1139 5294 ipsa
1180 5225 1354 5294 patria
1380 5223 1541 5293 (-jeeti
1573 5225 1724 5278 brevi
1759 5235 1908 5290 sunt,
1938 5235 1993 5279 et

409 5331 534 5369 cuin
567 5317 958 5384 rempublicam
1009 5315 1208 5385 injuria
1261 5331 1411 5369 suam
1465 5315 1728 5378 facerent,
1764 5331 1988 5383 rempu-

413 5409 610 5461 blicam
645 5424 746 5462 nec
775 5408 974 5477 injuria
1009 5408 1299 5462 celerrime
1323 5409 1646 5462 amiserunt.
1673 5407 1786 5463 lluc
1811 5420 1892 5464 est
1929 5411 1992 5464 il-

403 5501 518 5553 ‘lius
555 5502 828 5568 proverbii
865 5509 1290 5570 argumentum:
1333 5519 1350 5552 ι
1377 5500 1634 5556 Camclus
1663 5503 1756 5571 qui
1785 5517 1991 5556 cornua

411 5592 550 5654 vult,
583 5607 745 5646 aures
775 5607 994 5661 quoque
1023 5594 1284 5648 amittit.»
1327 5595 1636 5649 Misericors
1668 5597 1814 5649 enim
1853 5596 1996 5648 Deus

411 5681 618 5742 est.sed
647 5683 812 5735 etiam
841 5684 1023 5750 justus
1055 5699 1110 5738 et
1135 5693 1352 5755 tempus
1377 5681 1718 5752 puénitentite
1747 5687 1839 5738 dat
1873 5701 1998 5754 peo-

413 5774 692 5828 catoribus
721 5775 879 5845 195
913 5791 1029 5846 pro;
1055 5788 1136 5830 ter
1163 5779 1429 5846 justitiam
1456 5797 1470 5840 ;
1501 5779 1583 5832 sin
1619 5794 1750 5832 vero
1783 5791 2000 5850 tempus

419 5865 762 5933 patuitcnliac
801 5879 1063 5938 ιιιψιιιτιιι
1101 5869 1220 5924 dari
1255 5871 1472 5934 v.dcr;t,
1509 5872 1745 5924 cultrum
1784 5869 1999 5929 vulneri

2153 3337 2229 3388 IE'
2291 3337 2364 3389 Τὸ
2397 3336 2460 3405 δὴ
2502 3335 2741 3388 τοιοῦτον
2775 3337 2922 3398 ἔθνος
2959 3338 3058 3406 τὴν
3091 3337 3201 3390 τῶν
3234 3339 3492 3410 γειτόνων
3531 3341 3664 3396 Γεν-

2089 3429 2316 3482 νουῐτῶν
2347 3427 2698 3498 ὑφορώμενον
2728 3429 2900 3498 ὀφρὺν
2933 3432 3024 3482 καὶ
3057 3432 3397 3501 κακότροπον
3428 3435 3508 3496 είς
3543 3433 3666 3488 ἰτη-

2089 3519 2284 3580 ϐουλὰς
2325 3521 2606 3588 περίνοιαν
2641 3520 2732 3570 καὶ
2773 3521 2908 3590 πρὸς
2948 3523 3416 3592 παρασπονδήσεις
3455 3526 3664 3596 σφόδρα

2089 3610 2405 3680 ὲπιῤῥεπὲς,
2443 3612 2606 3679 ἔργον
2641 3611 2896 3681 ἐπιμελὲς
2931 3613 3164 3666 ἐποιεῖτο
3196 3615 3334 3682 σφᾶς
3369 3617 3666 3670 ταπεινοῦν

2087 3700 2180 3752 τὸν
2212 3701 2397 3754 ἐνόντα
2428 3704 2630 3770 τρόπον
2655 3703 2764 3756 ἀεί.
2791 3703 2904 3756 Νῦν
2929 3703 2984 3754 δὲ
3018 3705 3106 3756 καὶ
3139 3707 3334 3775 καιροῦ
3362 3706 3666 3777 λαϐόμενον

2093 3792 2412 3856 ἐνσπόνδους
2441 3795 2788 3864 ὑποχειρίους
2816 3797 3044 3848 ποιεῖται
3081 3798 3301 3866 ῥᾳδίως,
3333 3799 3441 3852 Καὶ
3475 3800 3575 3870 μὲν
3602 3803 3668 3868 δὴ

2091 3886 2184 3938 καὶ
2213 3885 2270 3947 ἐς
2301 3885 2398 3956 τὴν
2429 3887 2581 3938 πόλιν
2611 3887 2874 3940 Γέννουαν
2905 3887 3088 3940 εἰσιὼν
3116 3891 3211 3942 καὶ
3241 3893 3668 3964 ἀναμφισϐήτη-

2089 3993 2178 4038 τος
2213 3981 2396 4047 ἄρχων
2428 3980 2598 4048 αὐτῆς
2633 3979 3045 4047 ἀναγορευθεὶς,
3081 3981 3147 4034 τὰ
3183 3982 3354 4034 πλείω
3389 3983 3532 4055 μέρη
3565 4002 3667 4038 κα-

2091 4069 2234 4122 θεῖλε
2263 4071 2368 4122 τῶν
2397 4070 2581 4139 κύκλῳ
2604 4071 2800 4140 τειχῶν
2830 4073 2921 4122 καὶ
2951 4072 3198 4142 πύργων,
3231 4071 3304 4143 μὴ
3333 4074 3670 4143 καιροφυλαο·

2091 4165 2360 4230 κὴσαντες
2395 4165 2522 4224 ἴσως
2552 4163 2647 4231 ὀψὲ
2666 4201 2680 4226 ,
2711 4162 2803 4216 τὸν
2833 4161 3066 4217 εἰωθότα
3095 4163 3297 4232 τρόπον
3329 4167 3512 4232 σφίσιν
3545 4165 3634 4217 ἀεὶ
3653 4206 3668 4230 ,

2091 4255 2368 4308 κάνταῦθα
2399 4256 2797 4326 νεωτερίσωσιν
2825 4258 2872 4308 οί
2899 4258 3103 4328 ταύτης
3133 4258 3441 4327 οἰκήτορες.

2164 4389 2286 4456 tq'.
2329 4391 2439 4442 Καὶ
2465 4389 2636 4443 ταῦτα
2667 4391 2766 4459 μιν
2789 4393 2913 4462 τῇδέ
2940 4408 3015 4464 πῃ
3043 4393 3191 4463 ἔσχε,
3223 4395 3318 4446 καὶ
3346 4395 3402 4456 ἐς
3427 4395 3672 4447 τοιοῦτον

2094 4481 2248 4550 ἔληξε
2276 4484 2450 4552 πέρας
2470 4485 2498 4536 ό
2516 4483 2616 4551 τῆς
2639 4484 3013 4552 Γεννουϊτικῆς
3035 4486 3102 4555 ὀφ
3113 4487 3236 4555 ptio;
3259 4487 3458 4548 ἄτοπος
3485 4487 3670 4555 ὄγκος,

2095 4577 2189 4626 καὶ
2222 4578 2254 4644 ἡ
2285 4575 2468 4628 θεόθεν
2497 4573 2865 4646 ἠκολούθησεν
2891 4579 3094 4648 ἀμοιϐὴ
3122 4580 3231 4630 τῶν
3259 4578 3462 4632 ἀδίκων
3493 4580 3673 4649 ἔργων

2097 4671 2321 4720 ἐκείνων
2354 4663 2428 4720 ὧν
2463 4687 2520 4721 τε
2571 4669 2710 4722 κατὰ
2747 4668 3036 4738 Ῥωμαίων
3069 4667 3243 4740 ἧρξάν
3277 4688 3335 4724 τε
3373 4673 3470 4724 καὶ
3511 4689 3674 4724 κατε-

2092 4757 2368 4826 πράξαντο
2395 4761 2487 4812 καὶ
2511 4754 2589 4822 οἷς
2614 4761 2824 4830 ἑτέροις
2848 4762 3294 4834 προσεδέχθησαν
3314 4765 3513 4831 ὁμοίως
3537 4764 3676 4816 ᾶπα-

2096 4867 2180 4902 σιν
2202 4892 2215 4912 ,
2249 4854 2446 4921 ὅρκους
2483 4851 2730 4916 ἅπαντας
2765 4853 2943 4915 θείους
2979 4855 3213 4907 κατόπιν
3249 4855 3544 4924 ῥίψαντες,
3583 4861 3675 4910 καὶ

2099 4947 2235 5014 μήτε
2271 4945 2420 4996 θείαν
2454 4946 2673 5013 νέμεσιν
2705 4945 2928 5015 θέμενοι
2959 4949 3064 5015 πρὸ
3094 4946 3392 5018 ὀφθαλμῶν
3425 4949 3554 5020 μήτ’
3583 4953 3674 5002 ἀν-

2095 5042 2327 5110 θρώπων
2375 5043 2528 5094 αἰδῶ.
2569 5043 3118 5114 Ὀνειροπολήσαντες
3165 5045 3270 5115 γὰρ
3319 5046 3538 5116 ἁπάσης
3585 5048 3678 5100 θα-

2093 5132 2297 5200 λάσςης
2351 5131 2653 5200 συλλήϐδην
2705 5134 3002 5204 ἠγεμονίαν
3052 5136 3260 5188 ἄνωθεν
3307 5139 3370 5188 ἐκ
3420 5138 3674 5202 Τανάϊδος

2097 5225 2191 5275 καὶ
2225 5223 2534 5286 Μαιώτιδος
2571 5225 2700 5294 ἄχρι
2733 5226 3011 5295 Γαδείρων
3045 5227 3140 5278 καὶ
3175 5226 3514 5298 Ἡρακλείων
3551 5245 3674 5298 στηο

2099 5314 2228 5378 λῶν,
2255 5315 2349 5366 καὶ
2375 5315 2544 5384 αὐτῆς
2573 5315 3032 5379 ἐξεπεπτώκεσαν
3059 5319 3118 5372 ὲν
3145 5319 3340 5390 βραχεῖ
3363 5321 3459 5390 τῆς
3485 5321 3678 5389 πατρί-

2099 5409 2188 5472 δος
2214 5425 2228 5438 ⁸
2257 5412 2348 5462 καὶ
2373 5411 2434 5460 τὸ
2463 5411 2638 5462 κοινὸν
2665 5411 2860 5474 ἀδίκως
2893 5411 3338 5480 ἰδιοποιούμενοι,
3367 5413 3558 5467 ἔλαθον
3589 5415 3678 5466 καὶ

2101 5503 2157 5553 τὸ
2197 5501 2324 5554 ἴδιον
2361 5502 2587 5564 ἐνδίκως
2627 5503 2723 5572 τὴν
2759 5503 3025 5574 ταχίστην
3062 5503 3492 5569 ἀπολωλεκότες.
3527 5508 3677 5560 Τοῦτ’

2093 5597 2268 5646 ἐκεῖνο
2295 5595 2356 5646 τὸ
2382 5597 2479 5664 τῆς
2511 5596 2807 5666 παροιμίας
2837 5597 3202 5668 ἄντικρυς,’11
3223 5599 3468 5671 κάμηλος
3497 5599 3680 5651 ἐπιθυ-

2099 5687 2323 5758 μήσασαι
2359 5689 2608 5759 κεράτων
2644 5693 2738 5744 καὶ
2767 5689 2834 5744 τὰ
2863 5686 2979 5744 ὦτα
3011 5689 3431 5761 προσαπώλεσε.
3465 5694 3682 5763 Μακρό-

2100 5779 2269 5849 θυμος
2312 5785 2410 5850 μὲν
2440 5785 2546 5853 γὰρ
2578 5788 2604 5835 ὁ
2633 5785 2788 5848 Θεὸς,
2819 5785 2953 5838 ἀλλὰ
2988 5787 3079 5840 καὶ
3109 5785 3332 5847 δίκαιος.
3368 5787 3475 5838 Καὶ
3505 5785 3679 5838 δίδωσι

2105 5877 2201 5944 μὲν
2232 5877 2422 5944 καιρὸν
2453 5879 2744 5945 μετανοίας
2771 5882 2883 5942 τοῖς
2913 5881 3322 5951 ἁμαρτάνουσιν
3353 5883 3406 5943 ἐς
3435 5879 3561 5942 τοὺς
3589 5882 3680 5948 τῆς
