3856 6606
467 435 577 498 ⁴ΔΤΙ

1665 441 2071 504 NlCEPI-IORI

2176 442 2514 504 'REGOILE
2607 513 2612 518 ,
3616 453 3691 517 I72

481 551 780 606 scricordia
835 552 979 623 regis
1029 551 1086 606 in
1126 567 1222 607 eos
1269 568 1504 624 quorum
1559 563 1680 610 erat
1729 556 2061 626 gubernator

2176 555 2609 626 μαστιγοφόρους
2639 555 2887 625 σφοδρῶς
2915 555 3172 624 ἐφιστῶν,
3198 555 3274 619 ὡς
3303 555 3370 612 ἂν
3393 562 3497 626 τοῖς
3525 565 3695 624 ἑαυτῶν

481 644 819 700 constitutus
855 656 1116 714 tanquam
1147 647 1200 700 in
1233 647 1400 702 maris
1429 640 1784 702 altitudinem
1815 648 2064 702 demersa

469 740 644 808 .plane
673 748 996 794 evanuerat.
1029 739 1147 796 Tali
1183 740 1346 794 modo
1375 757 1500 794 cum
1540 740 1854 810 rripublicm
1889 739 2068 794 admi-

483 829 804 885 nistrationT
841 847 952 886 suae
1003 847 1178 886 meatu
1227 832 1389 885 etiam
1440 833 1748 886 animarum
1795 848 1980 886 curam
2017 835 2064 888 vi

483 933 650 992 atque
680 923 910 979 arbitrio
949 940 1052 978 suo
1079 923 1404 992 addidisset,
1435 926 1510 978 ita
1541 933 1600 979 ut
1641 925 1693 978 in
1740 925 1986 980 delemlis
2013 935 2066 979 et

479 1019 809 1088 corporibus
841 1027 896 1076 et
927 1018 1127 1072 animis
1159 1035 1322 1072 unam
1349 1018 1692 1074 crudelitatis
1721 1019 2064 1089 tyrannidem

483 1121 791 1176 exerceret,
821 1111 1052 1166 miratus
1073 1125 1194 1164 sum
1221 1127 1319 1166 cur
1347 1111 1760 1165 dissimulanter
1786 1112 1898 1164 haec
1929 1111 2064 1165 mihi

483 1203 668 1257 dicere
705 1217 813 1256 non
845 1201 1216 1265 erubesceret,
1271 1202 1366 1256 sed
1417 1201 1482 1256 ad
1539 1203 1856 1258 societatem
1911 1203 2066 1272 regni

473 1293 718 1348 Bomani
745 1301 800 1348 et
832 1293 896 1346 ad
922 1293 1261 1348 curationem
1285 1303 1342 1349 et
1363 1309 1656 1364 corporum
1674 1306 1730 1349 et
1759 1295 2067 1348 animarum

489 1401 574 1440 me
611 1394 846 1440 vocaret.
875 1385 1134 1442 Naturam
1159 1386 1406 1440 veritatis
1429 1387 1650 1442 miscuit
1673 1402 1688 1452 ;
1715 1387 2068 1457 etenimqua:

475 1477 642 1532 factis
669 1476 991 1544 susmlerat,
1033 1475 1401 1546 proﬁtebatur
1433 1493 1490 1532 se
1529 1478 1819 1532 restituere
1847 1489 1901 1532 et
1943 1493 2069 1532 ora-

475 1568 636 1624 tione
662 1567 924 1624 factorum
951 1568 1206 1624 dissimili
1245 1571 1528 1624 hominum
1559 1569 1774 1624 animos
1802 1569 1866 1624 ad
1898 1585 2066 1624 unum

487 1675 548 1714 se
583 1674 842 1713 revocare
893 1660 960 1714 ad
991 1658 1216 1730 justitim
1265 1659 1678 1714 similitudinem
1731 1657 2068 1728 gloriabatur

487 1751 646 1823 quasi
677 1752 860 1806 dicere
895 1751 1062 1806 vellet
1093 1750 1374 1818 :Agedum
1401 1751 1586 1806 venias
1617 1749 1780 1820 198
1809 1753 1860 1804 in
1894 1750 2069 1804 socie-

481 1855 656 1900 tatem
695 1844 978 1914 sanguinis
1007 1859 1118 1914 quo
1155 1858 1406 1921 rumores
1455 1843 1524 1898 ab
1567 1845 1735 1898 altera
1779 1851 1932 1912 parte
1963 1842 2065 1897 ob-

2175 649 2330 700 αὑτοὶ
2370 648 2465 701 καὶ
2505 647 2710 710 πλοίοις
2753 647 2870 716 ἅμα
2907 647 3000 700 καὶ
3039 647 3228 716 χερσὶν
3271 647 3334 700 ἐκ
3373 649 3468 716 τῆς
3503 661 3696 726 πατρίου

2175 740 2280 808 γῆς
2315 738 2447 810 πρὸς
2481 740 2578 806 τὴν
2611 738 2908 806 ἀλλόφυλά-ι
2939 757 2998 792 τε
3033 740 3130 792 καὶ
3167 739 3436 810 βάρϐαρον
3463 746 3700 816 αἰχμαλώ-

2174 851 2299 896 τους
2337 831 2796 902 διαπορθμεύοιεν
2830 833 2957 896 τοὺς
2993 832 3258 900 ἀδελφοὺς
3293 834 3388 886 καὶ
3425 835 3594 904 φίλους
3625 847 3700 896 καὶ

2172 924 2478 994 ὁμοφύλους
2503 928 2596 978 καὶ
2625 927 2928 993 συγγενεῖς,
2955 923 3278 996 θρηνοῦντες
3309 926 3458 980 αὐτοὶ
3483 927 3700 1000 θρηνοῦν-

2175 1035 2272 1081 τας
2307 1019 2537 1081 αὐτοὺς,
2569 1017 2772 1086 γύναιά
2799 1035 2858 1070 τε
2890 1019 2982 1071 καὶ
3015 1018 3282 1088 παιδάρια
3311 1020 3500 1090 οἰκτρὰ
3528 1025 3701 1088 πάντας

2175 1109 2439 1180 ἀριθμοὺς
2473 1110 2892 1182 ὑπερϐαίνοντα,
2924 1111 3020 1163 καὶ
3049 1113 3608 1180 περιηγκωνισιμένους
3631 1118 3703 1171 ᾱ-,.

2173 1201 2326 1272 δρας,
2355 1204 2451 1256 καὶ
2477 1203 2774 1274 ᾑμαγμένα
2801 1202 3042 1272 λάφυρα,
3069 1186 3308 1272 καῖἃμα
3337 1202 3462 1274 βοὴν
3488 1215 3700 1280 συμμιγῆ

2173 1295 2268 1346 καὶ
2293 1293 2602 1364 ὀλοφυρμὸν
2626 1294 2926 1364 ἀμύθητον.
2953 1294 3126 1348 Φειδὼ
3149 1295 3205 1347 δὲ
3233 1295 3384 1348 πᾶσα
3409 1298 3500 1350 καὶ
3526 1299 3703 1372 ἁνθρω·

2175 1386 2344 1440 πίνων
2377 1387 2672 1455 σπλάγχων
2700 1387 2980 1457 οἰκτἰρμο“ι
3009 1385 3102 1439 τοῦ
3135 1387 3446 1455 ποιμαίνειν
3479 1391 3606 1458 σφᾶς
3629 1395 3706 1446 καὶ

2173 1473 2394 1528 διοικεῖν
2426 1476 2680 1544 λαχόντος
2719 1475 2983 1546 βασιλέως
3019 1475 3424 1548 ἐξεῤῥυήκεσαν
3455 1481 3705 1534 παντάπα-

2175 1583 2290 1631 σιν,
2323 1567 2403 1627 είς
2441 1566 2784 1628 διαποντίους
2825 1565 3151 1629 καταδύντες
3195 1566 3492 1636 συλλήϐδην
3527 1571 3708 1642 πυθμέ-

2173 1676 2269 1720 νας
2304 1659 2498 1714 εἰπεῖν.
2533 1657 2692 1712 Οὑτω
2721 1658 2778 1712 δὲ
2813 1659 2952 1728 μετᾶ
2984 1659 3082 1726 τῆς
3119 1659 3316 1714 ἑαυτοῦ
3351 1661 3444 1714 καὶ
3473 1663 3564 1732 τὴν
3593 1667 3706 1735 ἐμὴν

2173 1747 2436 1817 ἁρπάζων
2469 1748 2563 1801 καὶ
2601 1747 2920 1802 ὑποτάττων
2953 1743 3218 1818 διοίκησιν
3247 1749 3358 1804 τῶν
3389 1750 3601 1820 ψυχῶν,
3633 1759 3707 1810 καὶ

2177 1842 2306 1911 μίαν
2352 1840 2521 1893 ποιῶν
2563 1839 2846 1910 ὠμότητος
2885 1841 3208 1911 τυραννίδα,
3249 1841 3439 1913 ψυχῶν
3475 1847 3598 1915 ὁμοῦ
3625 1848 3710 1902 ’χλ

491 1947 824 1993 innotescunt.
857 1937 990 2004 Quae
1023 1947 1286 2008 prieterea
1315 1936 1548 2001 addidit,
1585 1935 1730 2006 quod
1765 1935 1867 1990 sub
1895 1933 2066 2004 tequi—

2176 1934 2440 2003 σωμάτων
2466 1931 2766 1999 ἀπώλειαν,
2793 1933 3096 2004 θαυμάζειν
3125 1953 3214 2006 μοι
3241 1936 3420 1990 ἔπεισι
3447 1939 3560 2003 πῶς
3582 1941 3714 2012 εἰρω-

485 2031 620 2084 ιοιιίε
655 2029 838 2096 specie
881 2027 1226 2097 loquebatur,
1275 2027 1378 2082 etsi
1421 2027 1693 2092 volueris,
1727 2025 1873 2080 haud
1910 2025 2072 2080 facile

491 2129 671 2175 tamen
707 2121 1002 2190 intelliges.
1055 2119 1188 2174 Nam
1235 2119 1380 2188 quod
1433 2132 1778 2188 quascunque
1826 2117 2073 2188 loquitur

489 2213 767 2266 contraria
800 2212 951 2278 facit,
987 2212 1039 2267 in
1075 2227 1143 2268 eo
1175 2221 1386 2266 natura:
1411 2211 1668 2266 interitus
1696 2222 1782 2266 est
1810 2220 1864 2265 et
1901 2210 2073 2264 maxi-

489 2319 640 2358 mum
673 2305 922 2358 omnium
955 2307 1246 2360 malorum.
1273 2304 1414 2372 Quid
1454 2305 1667 2360 civibus
1699 2305 1872 2374 possit
1899 2304 2069 2373 majo-

493 2411 605 2450 rem
637 2395 835 2451 aﬂ'erre
867 2396 1234 2452 calamitatem
1265 2412 1424 2466 quam
1456 2411 1551 2450 rex
1572 2395 1796 2450 dolusus
1825 2395 1882 2449 et
1916 2395 2072 2450 belli-

489 2488 690 2542 cosus?
725 2487 824 2542 Sin
853 2504 982 2544 vero
1029 2487 1075 2542 is
1124 2487 1217 2558 qui
1255 2501 1446 2558 regnat
1479 2497 1858 2542 commovetur
1890 2497 1944 2542 ut
1978 2487 2075 2542 ad-

489 2595 684 2634 versus
717 2581 1110 2650 rempublicam
1133 2591 1278 2652 agat,
1303 2581 1462 2651 cujus
1489 2580 1864 2650 gubernacula
1889 2595 2077 2636 susce-

481 2674 634 2742 perit
681 2673 749 2726 ad
797 2673 1028 2728 salutem
1074 2659 1299 2740 civium,
1335 2672 1582 2742 profecto
1632 2687 1698 2728 ex
1750 2687 1816 2728 eo
1869 2674 2074 2744 majora

492 2777 657 2830 quam
695 2761 840 2816 bello
869 2763 1134 2818 intestino
1167 2763 1306 2816 mala
1341 2769 1666 2816 nascuntur.

2171 2025 2464 2095 νευόμενος
2493 2023 2627 2094 πρός
2657 2041 2723 2094 με
2747 2025 2900 2078 ταῦτ’
2926 2025 3026 2079 οὑκ
3049 2026 3306 2097 ἐρυθριᾷ,
3336 2027 3451 2082 ἀλλ’
3473 2031 3550 2093 είς
3571 2031 3714 2102 ἁρμο-

2172 2115 2291 2169 νίαν
2325 2113 2488 2182 δῆθεν
2522 2115 2835 2184 παρακαλεῖ
2875 2131 2945 2182 με
2979 2115 3292 2185 Ῥωμαῖκῆς
3339 2118 3603 2186 πολιτείας
3637 2126 3714 2178 καὶ

2173 2207 2289 2276 ἅμα
2327 2207 2652 2276 σωματικῆς
2687 2223 2748 2260 τε
2781 2207 2874 2262 καὶ
2908 2205 3150 2278 ψυχικῆς
3184 2212 3604 2280 καταστάσεως,
3633 2219 3713 2269 καὶ

2174 2300 2392 2370 συγχέει
2433 2300 2532 2367 τῆς
2577 2298 2837 2367 ἀληθείας
2882 2300 2980 2368 τὴν
3025 2301 3222 2369 φύσιν,
3267 2304 3367 2356 καὶ
3413 2303 3450 2358 ἃ.
3492 2309 3714 2388 καταλύει

2171 2394 2284 2456 τιῖς
2318 2392 2501 2463 ἔργοις
2533 2389 2702 2446 ταῦτα
2735 2391 2952 2463 γλώττῃ
2989 2395 3471 2466 μεγαλιρρημονεῖ
3501 2399 3715 2470 διορθοῡ-

2173 2483 2334 2548 σθαι,
2381 2483 2476 2537 καὶ
2519 2484 2836 2555 μαχομένην
2867 2484 3018 2555 ἔχων
3056 2487 3121 2556 τῇ
3151 2488 3316 2568 ᾕχειρὶ
3363 2491 3462 2560 τὴν
3505 2493 3718 2559 γλῶτταν

2172 2578 2332 2640 αὐτὸς
2362 2578 2582 2648 ἐτέρους
2613 2579 2909 2650 ἁρμόττειν
2937 2582 3029 2634 καὶ
3061 2581 3466 2652 μεθαρμόττειν
3495 2584 3720 2656 βρενθύε-

2173 2687 2262 2726 ται
2295 2672 2429 2740 πρδς
2461 2672 2806 2742 δικαιοσύνης
2835 2673 3112 2743 ὁμόνοιαν.
3139 2677 3248 2727 Καὶ
3277 2676 3464 2744 λέγειν
3493 2679 3722 2750 βουλόμε-

2103 2767 2112 2776 ‘
2175 2780 2286 2826 νος,
2327 2782 2345 2816 ι
2386 2763 2560 2830 Ἐλθέ,
2597 2763 2714 2834 μεθ’
2741 2765 2898 2836 ήμῶν
2932 2769 3264 2838 κοινώνησον
3297 2771 3551 2838 αἳματος,
3585 2791 3604 2824 ο
3637 2775 3722 2828 ὁδ’

493 2857 588 2906 ἐπὶ
619 2853 822 2924 θάτερα
861 2855 1334 2926 μετασχηματίζει
1403 2855 1529 2919 τοὺς
1595 2855 1888 2924 φθόγγους,
1963 2853 2262 2932 λεληθέναι
2293 2857 2988 2928 προσποιούμενος’ὠς’τδ
3033 2860 3250 2934 γλώττῃ
3301 2861 3402 2934 μὲν
3447 2863 3516 2918 τὰ
3565 2865 3722 2918 δέοντα

494 2946 834 3015 φθέγγεσθαι
867 2947 1006 3002 πάνυ
1039 2965 1090 3000 τι
1125 2948 1304 3018 ῥᾴδιον
1336 2947 1430 3000 καὶ
1459 2947 1552 3000 τοῦ
1587 2947 1912 3018 βουλομένου
1943 2947 2180 3011 παντὸς,
2243 2947 2305 3002 τὸ
2369 2949 2426 3002 δέ
2490 2951 2710 3006 πάντων
2737 2947 2810 3008 ῶν
2838 2954 2988 3022 λέγει
3016 2953 3150 3026 δρᾷν
3177 2958 3471 3022 τάναντία,
3515 2958 3660 3011 τοῦτο
3679 2960 3724 3012 δὲ

497 3039 713 3110 φύσεως
743 3040 956 3120 ὄλισθος
987 3042 1080 3094 καὶ
1111 3041 1296 3094 κακῶν
1323 3041 1576 3094 ἁπάντων
1603 3043 1661 3118 τὸ
1731 3042 2008 3111 μέγιστον.
2072 3041 2136 3094 Τί
2173 3041 2218 3094 δ’
2242 3041 2308 3094 ἂν
2339 3043 2602 3113 ὑπηκόοις
2635 3045 2724 3114 εἴη
2756 3045 3316 3119 κακοδαιμονέστερον
3351 3050 3603 3105 ἁπάντων
3631 3053 3728 3105 ἓτε-

498 3153 590 3206 ρον
619 3137 652 3206 ἢ
682 3135 1118 3210 δεσπότηνέχειν
1147 3135 1432 3188 ἐπίϐουλον
1457 3138 1551 3192 καὶ
1615 3135 1908 3204 πολέμιον;
1975 3137 2142 3189 Ὅταν
2179 3137 2237 3188 δὲ
2287 3138 2382 3190 καὶ
2431 3139 2691 3193 τάναντία
2739 3141 2996 3206 καθάπαξ
3040 3144 3066 3195 ὁ
3119 3141 3430 3212 βασιλεύων
3471 3145 3728 3213 ἐπείγηται

496 3234 631 3304 δρᾷν
656 3229 749 3282 τοῦ
775 3230 874 3300 τὴν
904 3232 1287 3298 πνευματικὴν
1327 3229 1750 3299 κὰνειλημμένου
1817 3231 2138 3284 συνδιοικεῖν
2178 3231 2486 3304 ἐπιτροπήν
2527 3231 2608 3296 είς
2647 3233 2707 3285 τὸ
2748 3235 2856 3286 τῶν
2897 3236 3151 3306 ὑπηκόων
3192 3207 3496 3302 λυσιτελὲς,
3537 3239 3647 3290 τότε
3682 3237 3729 3290 δέ

496 3331 590 3380 καὶ
621 3323 768 3398 μάλα
797 3341 850 3377 τι
882 3324 1089 3396 σφόδρα
1121 3325 1438 3395 περιφανῶς
1499 3323 1662 3388 αὐτὸς
1727 3323 1956 3380 αὐτόθεν
1989 3326 2314 3380 καθίσταται
2355 3327 2552 3398 χείρων
2589 3327 2790 3392 παντὸς
2826 3327 3089 3400 ἐμφυλίου
3129 3328 3375 3400 πολέμου
3431 3331 3542 3394 τοῖς
3583 3331 3731 3402 πραγ-

500 3437 657 3490 μασι.

571 3513 710 3568 XIX.
745 3513 886 3580 Quid
931 3529 1070 3582 opus
1093 3521 1174 3569 est
1205 3513 1360 3582 plura
1388 3515 1640 3584 persequi
1677 3531 1800 3586 quat
1825 3483 2078 3572 omnibus
2105 3523 2149 3584 C

499 3613 628 3660 nota
658 3605 830 3660 sunt?
867 3615 1084 3674 tempus
1131 3606 1276 3660 enim
1333 3622 1442 3662 non
1485 3608 1756 3663 suﬂiieret
1799 3608 1845 3662 si
1891 3609 2074 3663 omnia

505 3697 776 3770 ejusmodi
820 3697 962 3752 facta
999 3695 1190 3751 vellem
1229 3713 1474 3752 narrare.
1519 3698 1698 3756 Unum
1746 3707 1926 3754 tamen
1967 3715 2076 3754 non

504 3807 724 3864 possum
747 3792 880 3862 quin
909 3789 1205 3861 proferam.
1225 3792 1406 3862 Magni
1431 3792 1578 3846 illius
1599 3792 1838 3861 clarique
1862 3792 2078 3861 SOphia:

503 3884 688 3954 templi
711 3885 838 3938 hcsa
868 3898 994 3953 pars
1025 3898 1088 3937 ea
1120 3899 1241 3952 qum
1280 3883 1348 3938 ad
1379 3884 1646 3939 orientem
1703 3893 1916 3954 spectat
1951 3895 2077 3940 ante

499 3980 687 4036 decem
709 3994 880 4034 annos
907 3987 1208 4034 restaurata
1226 3989 1310 4034 est
1340 3977 1493 4034 brevi
1519 3987 1810 4048 postquam
1839 3977 2076 4046 collapsa

499 4081 602 4140 ost,
640 4079 700 4126 ut
722 4085 913 4126 omnes
940 4070 1114 4134 scitis,
1147 4071 1216 4124 ab
1247 4070 1406 4146 Anna
1443 4069 1630 4140 regina
1661 4085 1784 4122 cum
1815 4069 1924 4124 lilio
1960 4078 2074 4124 tum

499 4175 782 4236 regnante,
826 4165 1036 4219 scilicet
1075 4163 1340 4218 altissima
1381 4163 1468 4217 illa
1501 4163 1838 4232 contignatio
1877 4179 1972 4232 per
2003 4175 2079 4218 Ie-

497 4271 643 4314 ctum
679 4260 926 4330 porticus
959 4257 1180 4327 delapsa
1223 4271 1472 4327 magnam
1509 4255 1880 4310 difﬁcultatem
1935 4269 2075 4324 pra:-

501 4353 685 4416 hebat.
729 4353 900 4406 Breve
943 4351 1075 4406 illud
1129 4350 1502 4419 hemisphaerii
1537 4350 1662 4404 tecti
1699 4359 2073 4419 tegumentum

495 4441 642 4513 qttod
677 4451 905 4512 utraque
932 4451 1083 4512 parte
1117 4457 1280 4510 supra
1313 4441 1772 4511 contignationem
1801 4449 1918 4494 erat
1949 4439 2074 4492 reli-

495 4545 646 4590 ctum
697 4542 914 4603 poterat
957 4532 1122 4602 lignis
1149 4531 1413 4602 appositis
1446 4547 1542 4600 per
1590 4531 1870 4585 vinculum
1921 4529 2072 4584 brevi

497 4622 892 4694 coagmentari,
933 4621 1094 4690 199
1139 4619 1452 4674 intercessit
1475 4629 1658 4672 autem
1689 4617 1889 4686 reginae
1918 4627 2075 4686 pote-

491 4714 622 4772 stati
656 4714 736 4768 vir
771 4713 846 4768 illi
874 4713 1057 4768 animo
1089 4713 1287 4766 mirum
1320 4711 1374 4764 in
1406 4709 1628 4763 modum
1666 4717 1893 4765 mutato.
1920 4708 2074 4765 Unde

491 4785 700 4862 {factum
739 4815 822 4860 est
867 4815 928 4858 ut
958 4817 1174 4858 sacrum
1215 4801 1510 4856 aedilicium
1541 4801 1674 4854 illud
1702 4801 1860 4870 plane
1897 4800 2074 4882 negli-

2255 3517 2358 3572 ιθ».
2395 3515 2456 3590 [Γ.
2491 3515 2592 3571 ΗΟ
2617 3515 2694 3588 υ.]
2725 3517 2834 3571 Καὶ
2863 3517 2916 3572 τί
2941 3517 3020 3570 δεῖ
3041 3518 3110 3572 τὰ
3138 3517 3310 3573 πλείω
3337 3521 3438 3572 καὶ
3467 3523 3596 3575 πᾶσι
3621 3520 3760 3590 δῆλαι

2179 3611 2468 3676 διεξιέναι;
2511 3611 2780 3680 ἐπιλείψει
2816 3612 2926 3680 γὰρ
2959 3613 2987 3665 ὁ
3023 3613 3214 3681 χρόνος
3251 3629 3318 3682 με
3356 3614 3734 3686 διηγούμενον,

2180 3703 2228 3755 εί
2265 3702 2442 3756 πάντα
2473 3703 2535 3771 δή
2567 3702 2634 3754 τὰ
2667 3701 3025 3774 παραπλήσια
3055 3701 3236 3772 λέγειν
3269 3704 3546 3777 ἐθέλοιμι.
3570 3705 3735 3774 Ὅμως

2177 3791 2238 3844 ἓν
2264 3809 2317 3846 τι
2344 3793 2452 3846 τῶν
2483 3792 2837 3866 βραχυτέρων
2867 3791 3036 3847 εἰπὼν
3069 3793 3485 3866 ἀπαλλάξομαι.
3517 3796 3618 3850 Τοῦ
3645 3801 3734 3865 γὰρ

2182 3886 2440 3954 μεγίστου
2475 3890 2564 3938 καὶ
2604 3885 2747 3955 μάλα
2781 3887 3103 3958 περιϐοήτου
3132 3891 3232 3959 τῆς
3262 3890 3360 3943 τοῦ
3397 3889 3538 3943 Θεοῦ
3573 3888 3738 3958 σοφίας

2179 3976 2286 4028 νεὼ
2311 3980 2370 4029 τὸ
2401 3977 2638 4046 πρδςὲω
2668 3978 3038 4048 ζημιωθέντος
3073 3981 3239 4050 μέρος
3273 3983 3386 4052 προ
3417 3983 3554 4035 δέκα
3585 3983 3738 4036 ἐνιαυ-

2176 4070 2305 4135 τῶν,
2353 4069 2721 4140 ἀνεγήγερται
2773 4069 2946 4182 πάλιιί
2981 4069 3141 4134 εὐθὺς
3195 4075 3340 4140 μετὰ
3386 4072 3492 4144 τὴν
3535 4073 3739 4132 πτῶσιν,

2175 4161 2252 4223 ὡς
2292 4161 2533 4225 ἅπαντες
2573 4163 2723 4227 ἴστε,
2761 4160 2898 4232 πρὸς
2921 4160 3124 4232 ’Δννης
3156 4165 3257 4234 τῆς
3299 4163 3584 4235 βασιλίδος
3623 4164 3740 4234 μετὰ

2175 4252 2272 4306 τοῦ
2305 4254 2421 4307 υἱοῦ
2449 4254 2748 4327 τηνικαῦτα
2781 4254 3190 4328 βασιλεῦούσης,
3221 4259 3253 4329 ή
3286 4261 3482 4312 πᾶσαν
3512 4261 3742 4329 προϊσχο-

2180 4346 2672 4417 μένη.δυσχέρειαν
2709 4347 2850 4417 μετὰ
2884 4347 2985 4420 τῆς
3018 4347 3113 4402 τοῦ
3156 4351 3410 4421 βήματος
3446 4351 3684 4422 ὀροφῆς,
3713 4351 3739 4417 ἡ

2178 4437 2417 4491 πεσοῦσα
2463 4441 2690 4508 οὐρανία
2731 4441 2916 4512 ἐκείνη
2961 4445 3056 4498 καὶ
3103 4446 3341 4514 μεγίστη
3393 4444 3552 4513 ἁψίς.
3603 4443 3670 4496 Τὸ
3707 4440 3743 4492 δ’

2177 4529 2518 4599 ἑκατέρωθεν
2544 4531 2688 4602 ὑπὲρ
2707 4533 2804 4603 τὴν
2829 4532 2990 4602 ἁψῖδα
3016 4533 3343 4604 λειπόμενον
3369 4537 3472 4590 τοῦ
3503 4538 3742 4607 ἡμισφαι-

2179 4621 2296 4691 ρίου
2327 4622 2426 4692 τῆς
2454 4622 2660 4692 ὀροφῆς
2689 4624 3028 4696 βραχύτατον
3057 4627 3267 4697 λεῖμμα
3297 4628 3507 4697 ἔμελλε
3545 4629 3640 4702 μὲν
3669 4627 3746 4680 καὶ

2177 4715 2308 4769 αὐτὸ
2349 4715 2686 4786 βραχύτατον
2721 4717 2779 4772 ὃν
2815 4720 2959 4774 κατὰ
2999 4722 3217 4790 σειρὰν,
3251 4725 3356 4791 τῆς
3404 4721 3544 4790 ὕλης
3587 4725 3743 4791 ἐμπα-

2178 4809 2445 4878 ρασκεύου
2480 4809 2776 4880 κειμένης,
2813 4811 2870 4864 ἐν
2905 4811 3103 4883 βραχεῖ
3136 4813 3526 4867 συντελεῖσθαι
3547 4855 3562 4880 ,
3599 4813 3752 4865 κεκώ-

489 4909 716 4967 geretur
751 4905 804 4951 ct
831 4895 1091 4950 omnibus
1135 4893 1541 4962 spectatoribus
1585 4892 1858 4963 lacrymas
1885 4873 2065 4961 expri-

2177 4899 2304 4951 λυκε
2348 4899 2619 4965 δὀξιτοσὶ,
2665 4903 2726 4954 τὸ
2771 4901 3042 4972 βασίλειον
3090 4905 3291 4974 κράτος
3341 4907 3576 4973 ἐκείνης
3619 4908 3747 4964 ὅπως

489 4997 674 5044 .tueret
707 5005 814 5042 non
871 4987 1050 5042 solum
1081 4987 1476 5048 Romanorum,
1505 4984 1600 5039 sed
1632 4985 1794 5038 etiam
1827 4985 2072 5054 peregri-

2171 4991 2290 5044 ποτ⁹
2309 4993 2386 5055 είς
2411 4993 2601 5047 ἐαυτὸν
2629 4998 2976 5067 μεταστήσας
2999 4999 3254 5069 ἐξαίφνης
3284 5000 3542 5070 ἃμα-καὶ
3567 5003 3752 5068 ἀπροσ-

493 5095 698 5136 norum
751 5080 1060 5136 hominum.
1095 5078 1268 5148 Cujus
1298 5077 1544 5148 praeclari
1584 5076 1878 5145 spectaculi
1928 5076 2070 5130 fama

2176 5085 2371 5154 δόκητα
2396 5102 2411 5118 ’
2447 5087 2539 5139 καὶ
2583 5088 2890 5158 μεμένηκεν
2921 5089 2950 5141 ό
2987 5091 3127 5151 θεῖος
3159 5091 3318 5154 οὗτος
3357 5087 3521 5156 οἶκος
3557 5091 3747 5146 ἐκεῖθεν

495 5189 621 5228 cum
668 5183 813 5226 esset
863 5185 1036 5240 usque
1095 5171 1162 5226 ad
1221 5179 1491 5224 terrarum
1528 5163 1664 5222 lines
1710 5167 2068 5238 pervulgata,

483 5263 692 5318 factum
727 5272 812 5318 est
845 5271 904 5318 ut
939 5263 1018 5316 ira
1063 5261 1454 5316 incenderetur
1489 5261 1700 5314 Russiac
1746 5261 2068 5329 imperator.

485 5355 618 5411 11cc
655 5363 800 5409 terra
830 5370 1020 5424 magna
1046 5363 1127 5408 cst
1159 5363 1214 5408 et
1249 5353 1442 5408 incolis
1475 5354 1752 5422 frequens,
1787 5353 1932 5407 inter
1972 5354 2068 5423 hy-
2123 5423 2132 5431 _

489 5451 793 5518 pet-boreas
831 5447 938 5500 sita
992 5457 1208 5502 montes
1239 5448 1380 5509 illos,
1411 5447 1558 5501 unde
1605 5447 1807 5500 Tanais
1839 5461 2068 5516 magnus

491 5543 582 5611 iile
617 5542 816 5596 fluvius
845 5541 1024 5596 oritur
1051 5551 1108 5596 et
1158 5551 1430 5612 quotquot
1458 5540 1514 5595 in
1547 5542 1724 5596 lacum
1755 5541 2064 5595 Mzeotidem

485 5643 546 5684 et
589 5647 739 5686 mare
775 5631 1036 5702 Caspium
1078 5633 1316 5686 minores
1369 5633 1712 5701 majoresque
1743 5645 1934 5684 amnes
1965 5629 2064 5683 de-

487 5733 742 5778 currunt.
777 5723 1008 5780 Dextera
1041 5740 1070 5778 a
1099 5734 1254 5794 parte
1285 5725 1330 5778 si
1357 5727 1479 5794 quis
1507 5741 1534 5778 a
1573 5725 2064 5794 septemtrionibus

483 5815 554 5870 ad
586 5831 684 5870 nos
735 5819 883 5872 venit
925 5834 1030 5886 qua
1082 5818 1366 5889 Zephyrus
1417 5819 1563 5872 cadit
1597 5829 1650 5871 et
1703 5817 1768 5870 ad
1824 5821 2062 5875 vicinum

483 5911 760 5966 Oceanum
817 5927 915 5980 per
947 5911 1271 5982 Scytharum
1335 5911 1794 5981 hyperboreormu
1863 5921 2060 5970 terram

2171 5177 2540 5249 ἀμελούμενος
2577 5183 2637 5234 τὸ
2671 5183 2963 5254 παράπαν,
2999 5186 3109 5236 κάκ
3140 5185 3249 5238 τῶν
3282 5187 3556 5258 ἐρώντων
3591 5185 3752 5239 ἀτταν-
3811 5249 3818 5262 1

2170 5291 2278 5327 των
2314 5275 2481 5345 συχνὰ
2521 5276 2964 5346 προκαλούμενος
3004 5277 3254 5348 δάκρυα,
3297 5279 3384 5348 μὴ
3435 5281 3602 5350 μόνον
3635 5278 3753 5329 Ῥω·
3817 5267 3824 5284 ε

2178 5365 2353 5436 μαίωλ
2378 5410 2390 5430 ,
2426 5367 2561 5420 ἀλλὰ
2597 5369 2690 5422 καὶ
2729 5371 2947 5422 πάντων
2981 5371 3169 5440 σχεδὸν
3205 5371 3458 5424 ἐθνικῶν
3493 5371 3588 5424 καὶ
3617 5369 3756 5424 ἀλλο-

2177 5459 2360 5529 φύλων
2399 5461 2723 5530 ἀνθρώπων.
2767 5463 2878 5533 Τῆς
2921 5464 2975 5518 δὲ
3022 5465 3212 5536 φήμης
3251 5464 3356 5518 τοῦ
3411 5463 3752 5534 παγκοσμίου

2173 5551 2324 5604 τοῦδε
2359 5551 2628 5621 θεάματος
2662 5555 2738 5617 είς
2771 5555 2838 5608 τὰ
2870 5555 2967 5624 τῆς
2999 5557 3336 5626 οἰκουμένης
3373 5555 3757 5624 διαὸαινοὺσης

2174 5642 2408 5710 πέρατα,
2437 5643 2599 5712 ζήλου
2629 5633 2934 5716 πλησθῆναι
2967 5645 3256 5716 συμϐαίνει
3286 5647 3454 5701 θείου
3486 5649 3581 5702 τὸν
3607 5649 3758 5717 ἀρχη-

2174 5736 2268 5802 γὸν
2293 5735 2388 5805 τῆς
2419 5735 2699 5800 Ῥωσςὶα;.
2727 5737 2892 5808 Χὼρα
2920 5739 2967 5792 δ’
2987 5740 3124 5811 α’ύτη
3153 5741 3382 5814 μεγάλη
3413 5745 3518 5797 καὶ
3546 5743 3760 5796 πολυάν-

2173 5828 2418 5895 θρωπος.
2460 5829 2662 5895 μεταξὺ
2696 5830 2804 5883 τῶν
2843 5831 3216 5902 ὑπερϐορείων
3250 5835 3509 5889 ἐκείνων
3547 5833 3760 5900 κειμένη

2171 5919 2312 5989 ὀρῶν
2333 5959 2347 5982 ,
2383 5921 2476 5989 ἀφ’
2502 5916 2574 5974 ῶν
2607 5921 2805 5985 Τάναϊς
2838 5940 2895 5976 τε
2931 5925 3198 5996 ῥήγνυται
3231 5929 3524 6002 ποταμῶν
3559 5929 3588 5981 ὁ
3620 5924 3763 5998 μέγιέ
