3966 6558
187 449 283 516 173

1141 453 1579 516 ΒῩΖΛΝΤΙΝίΕ
1615 454 2002 516 HISTURUE
2037 457 2176 518 LIB.
2209 456 2484 521 XXVIII.

3313 441 3418 518 ’174

186 583 339 634 στος,
371 566 464 620 καὶ
494 566 608 620 ὅσοι
641 564 778 637 πρὸς
810 566 912 638 τὴν
949 546 1230 622 Μ’ἆὶὼτιδά
1261 585 1320 622 τε
1355 571 1450 624 καὶ
1486 570 1744 625 Κασπίαν

1855 573 2097 642 prosperi
2147 573 2294 627 venti
2329 583 2384 628 et
2414 572 2731 641 quicunque
2784 570 3064 625 sulsolani
3111 582 3235 625 sunt
3291 573 3425 625 (lar:

185 656 396 728 μείζους
423 673 482 710 τε
511 659 609 710 καὶ
636 657 832 728 1Ιιττους
868 658 1110 727 ποταμοὶ
1143 659 1424 722 κατιόντες
1458 658 1740 713 ποιοῦνται

180 749 274 814 τὰς
312 748 557 813 έκὸολὰς,
605 752 661 803 ἐν
699 749 851 821 δεξιᾷ
898 751 1028 820 μὲν,
1069 750 1125 804 εί
1160 767 1245 814 τις
1288 751 1382 806 ἀπ’
1406 751 1625 822 ἄρκτων
1662 751 1744 816 είς

183 841 323 912 ἡμᾶς
355 841 636 908 ἀφικνοῖτο
656 882 670 906 ,
705 842 940 914 ζέφυρον
974 845 1174 915 ἄνεμον
1207 846 1434 914 ἀφιεῖσα
1467 849 1561 898 καὶ
1593 863 1744 915 γειτ-

182 934 369 989 νιῶντα
404 935 494 987 τὸν
531 934 748 989 δυτικδν
779 937 1056 1004 Ὠκεανὸν,
1093 939 1244 1009 παρὰ
1283 939 1341 992 δὲ
1379 939 1449 992 τὰ
1485 937 1745 1009 εὐώνυμα

180 1024 299 1088 τούς
321 1040 380 1079 τε
409 1025 780 1096 ύπερὸορέους
808 1025 1022 1091 Σκύθας
1049 1029 1142 1083 καὶ
1171 1029 1344 1084 ὁπόσα
1369 1027 1476 1084 τῶν
1503 1029 1746 1099 ἁφηλιω-

181 1118 343 1173 τικῶν
372 1118 702 1189 πνευμάτων
732 1118 832 1191 τὴν
861 1120 969 1191 γῆν
1003 1121 1218 1193 εκείνην
1251 1121 1440 1176 είωθεν
1474 1123 1743 1177 ἐπιπνεῖν.

183 1214 267 1266 Δεῖ
297 1211 407 1283 γὰρ
445 1213 540 1267 καὶ
575 1212 751 1268 ταῦτα
785 1214 1042 1280 διεξιέναι
1083 1216 1581 1287 χωρογραφοῦντας
1603 1255 1618 1280 ,
1660 1215 1746 1268 ἵνα

183 1303 309 1394 πρῆς
349 1305 573 1378 ἔλεγχον
606 1300 641 1379 ᾖ
674 1305 745 1360 τὰ
780 1305 926 1360 πάνυ
959 1324 1013 1359 τι
1055 1307 1246 1378 πόρρω
1278 1306 1378 1375 τῆς
1418 1307 1746 1375 οἰκουμένης

182 1401 298 1469 ῑθνη
335 1399 443 1452 τῶν
481 1399 544 1452 ὲν
580 1399 802 1462 κόλποις
847 1399 945 1466 μὲν
984 1399 1219 1468 ἑχόντων
1259 1399 1416 1469 ἡμῶν
1455 1397 1746 1467 θεαμάτων

180 1495 242 1547 τὰ
279 1491 580 1554 κάλλιστα,
620 1490 1094 1559 ἀναισθητούντων
1132 1491 1177 1543 δ’
1206 1491 1467 1546 ἁπάντων
1509 1491 1744 1560 μάλιστα

180 1586 279 1638 τῶν
315 1585 405 1638 ἐπὶ
443 1586 552 1653 γῆς
586 1583 776 1638 ἐθνῶν.
815 1583 876 1637 '0
919 1584 1097 1635 τοίνυν
1135 1582 1237 1652 τῆς
1280 1582 1458 1654 χώρας
1503 1583 1748 1654 ἀρχηγὸς

181 1678 379 1746 ἐκείνης
429 1675 680 1747 χιλιάδας
727 1677 860 1747 ἡμῖν
908 1678 1210 1747 χρημάτων
1261 1677 1485 1748 πέμψας
1534 1675 1747 1731 ἐκεῖθεν

181 1773 300 1832 ὅσας
323 1770 459 1839 δῆτα
487 1771 588 1825 καὶ
618 1770 951 1839 ἐπεπόμφει.
977 1769 1045 1822 δι’
1067 1769 1248 1824 αὐτῶν
1275 1771 1432 1840 ⁴ίγξίου
1463 1770 1737 1825 τελεῖσθαι

179 1865 233 1916 τὸ
267 1863 446 1915 λεῖπον
485 1859 555 1934 [ί.
593 1861 687 1916 111
735 1859 812 1933 r.]
858 1863 1037 1916 ἐκεῖνο
1082 1863 1248 1932 μέρος
1287 1862 1404 1916 τού
1429 1863 1574 1916 θείου
1615 1862 1741 1926 νεὼ,

1853 662 2050 718 solent.
2093 662 2319 733 Oportet
2366 663 2480 718 haec
2531 663 2969 717 animadvertant
3015 663 3050 716 ii
3101 663 3196 732 qni
3249 673 3428 718 terras

1851 754 2174 809 describunt
2223 765 2282 808 ut
2312 755 2545 810 doceant
2585 755 3034 824 prtestantissima
3066 759 3234 809 totius
3272 756 3426 810 orbis

1850 848 2162 917 spectacula
2194 849 2338 917 apud
2364 863 2464 902 nos
2483 863 2622 914 esse,
2647 857 2872 903 czeteras
2897 837 3023 902 vero
3049 855 3236 916 gentes
3259 863 3425 903 sensu

1847 954 1970 995 esse
2005 939 2125 994 rudi
2159 949 2324 1009 atque
2356 939 2661 994 incondito.
2687 938 2856 1005 Hujus
2894 940 3058 1006 igitur
3095 948 3253 993 terra:
3277 939 3426 1008 priu-

1849 1047 1999 1104 ceps,
2047 1049 2240 1104 magna
2284 1034 2530 1103 pecunia:
2554 1033 2605 1087 vi
2633 1033 2783 1096 data,
2823 1043 3084 1102 quantam
3129 1032 3238 1100 jam
3265 1041 3426 1086 antea

1848 1127 2096 1192 miserat,
2125 1127 2394 1197 reliquam
2429 1125 2616 1195 templi
2668 1134 2876 1194 partem
2927 1124 3073 1178 illam
3127 1125 3427 1178 restaurari

1847 1219 2042 1282 voluit.
2076 1219 2229 1288 plura
2267 1234 2489 1290 quoque
2513 1218 2775 1288 deinceps
2804 1218 2966 1287 200
2999 1231 3095 1286 pro
3129 1216 3429 1271 necessita-

1829 1311 1920 1377 ,tis
1951 1311 2162 1365 ratione
2216 1327 2275 1365 se
2322 1312 2620 1392 niissqrtttn
2658 1309 2958 1379 pollicitus.
2998 1308 3112 1362 Rex
3169 1322 3297 1363 vero
3338 1306 3430 1360 hic

1847 1410 2060 1456 noster.
2087 1399 2313 1455 dimisso
2352 1417 2478 1469 erga
2509 1402 2676 1455 Deum
2727 1398 3089 1468 hominesque
3130 1399 3336 1468 pudore
3372 1405 3432 1452 et

1835 1479 2099 1564 ‘neglecta
2151 1494 2463 1548 veneranda
2511 1493 2695 1546 divina
2747 1493 2958 1560 justitia
3011 1495 3268 1562 pecunias
3312 1493 3432 1550 illas

1850 1585 2010 1640 nobis
2032 1584 2260 1639 abstulit
2279 1594 2334 1639 et
2359 1586 2506 1640 misit
2530 1583 2782 1658 Hyrcano
2807 1601 3011 1656 genero
3036 1602 3138 1640 suo
3165 1585 3431 1640 scelerato

1851 1675 2180 1730 manifestus
2218 1677 2544 1746 templorum
2587 1677 2678 1732 ille
2708 1677 2975 1746 spoliator
3023 1687 3078 1732 et
3128 1677 3234 1733 diis
3287 1676 3431 1732 dona

1853 1771 2115 1824 sacravit.
2146 1769 2399 1825 Altamen
2434 1771 2566 1841 quid
2595 1773 2714 1826 hac
2757 1773 2824 1826 ad
2870 1773 2958 1826 illa
2987 1789 3109 1842 qua:
3155 1788 3318 1842 supra
3351 1772 3436 1826 di-

1855 1861 2078 1916 ximus?
2108 1862 2278 1917 Multo
2307 1863 2452 1918 enim
2481 1864 2700 1934 gravius
2727 1875 2811 1920 est
2843 1865 2974 1935 ipsis
3003 1865 3249 1919 barbaris
3269 1863 3432 1920 Chri—

182 1942 640 2022 ἐπαγγελλόμενος
671 1951 750 2004 ἔτι
779 1952 872 2007 καὶ
902 1953 1074 2006 πλείω
1105 1953 1350 2022 πέμπειν
1377 1952 1586 2006 ἐκεῖθεν
1613 1951 1741 2021 ἑξῆς

1855 1953 2057 2008 Stianos
2109 1956 2373 2009 continuo
2425 1954 2643 2011 tradere
2697 1965 2754 2011 et
2802 1966 3058 2025 tanquam
3113 1971 3268 2011 sacra
3309 1971 3433 2025 qum

182 2047 307 2101 κατὰ
339 2045 398 2100 τδ
428 2049 529 2117 τῆς
569 2045 758 2115 χρείας
790 2045 1074 2114 ἀνάλογον.
1111 2045 1172 2098 '0
1205 2045 1260 2099 δὲ
1297 2044 1552 2116 βασιλεὺς
1586 2044 1744 2116 ὑμῶν

183 2140 345 2192 οὑτοσὶ
369 2139 462 2212 καὶ
485 2138 624 2191 Θεοῦ
652 2138 745 2190 καὶ
769 2137 1073 2208 ἀνθρώπων
1097 2136 1228 2190 αἰδὼ
1255 2137 1590 2207 καθυὸρίσας
1609 2176 1625 2201 ,
1648 2138 1744 2200 καὶ

183 2232 319 2298 δίκης
344 2229 494 2291 θείας
526 2227 752 2300 θρόνους
781 2229 1011 2298 σεμνοὺς
1039 2227 1306 2298 παριδὼν,
1333 2226 1612 2298 ἀφῄρηται
1642 2229 1742 2298 μὲν

185 2323 323 2394 ἡμῶν
357 2323 548 2377 ἐκεῖνα
577 2321 647 2376 τὰ
676 2322 933 2394 χρήματα
955 2362 970 2387 ,
1004 2323 1260 2392 πέπομφε
1297 2323 1342 2376 δ’
1380 2321 1633 2394 Ὑρκανῷ
1665 2321 1744 2391 τῷ

185 2415 515 2486 ἀσεσεστάτῳ
548 2414 818 2486 γαμϐρῷ,
853 2413 1134 2485 προφανὴς
1170 2415 1448 2486 ἰερόσυλος
1477 2414 1744 2468 καθιστάσ-

188 2525 364 2578 μενος,
397 2510 493 2562 καὶ
527 2507 746 2579 δαίμοσι
783 2506 926 2562 θύων
961 2506 1031 2561 τὰ
1059 2507 1239 2577 τίμια.
1269 2505 1466 2576 Ὅμως
1499 2506 1552 2559 τί
1585 2503 1760 2561 τοῦτο¹

189 2601 306 2671 πρός
336 2617 398 2668 γε
427 2603 496 2672 τὰ
532 2602 668 2670 ἡμῖν
698 2600 957 2669 ἀνωτέρω
989 2597 1282 2669 λεχθέντας
1315 2600 1377 2653 οὐ
1413 2599 1522 2668 γὰρ
1557 2600 1744 2669 μεῖζον

186 2693 312 2747 τοῦτ’
335 2693 545 2746 ἐκείνου
578 2709 641 2759 γε
667 2690 761 2745 τοῦ
789 2694 901 2756 τοῖς
929 2693 1113 2768 αὐτοῖς
1145 2691 1444 2762 βαρϐάροις
1475 2693 1518 2745 Χ
1530 2708 1739 2761 ριστια-

187 2787 294 2848 νοὺς
334 2785 648 2857 προδιδόναι
687 2784 970 2855 διηνεκῶς,
1009 2785 1105 2838 καὶ
1147 2782 1402 2855 καθάπερ
1445 2785 1618 2853 ίερεία
1655 2783 1743 2839 διὰ

188 2878 280 2933 τῶν
305 2879 651 2950 φαινομένων
677 2877 880 2933 τούτων
910 2877 1205 2949 προσάγειν
1233 2881 1343 2940 τοῖς
1375 2877 1452 2946 μὴ
1481 2876 1742 2947 φαινομέ-

1849 2045 2024 2101 oculis
2054 2061 2378 2111 cernuntur,
2407 2047 2514 2102 diis
2538 2048 2633 2117 qui
2666 2064 2775 2104 non
2803 2049 2955 2104 cerni
2980 2049 3156 2104 oculis
3181 2059 3431 2118 possunt,

1851 2138 2072 2193 illorum
2108 2139 2320 2194 animas
2351 2140 2685 2198 sacriﬁcare.
2729 2141 2920 2210 itaque
2953 2141 3198 2209 neglecta
3236 2141 3434 2194 domus

1852 2228 1940 2282 illa
1975 2228 2306 2283 miraculum
2335 2230 2608 2299 quoddam
2638 2241 2796 2287 terra:
2823 2240 2878 2286 et
2906 2231 3114 2301 angelis
3157 2241 3214 2287 et
3257 2231 3435 2286 homi-

1850 2320 2014 2377 nibus
2042 2321 2413 2375 miserrimum
2449 2323 2825 2392 spectaculum
2871 2324 3180 2393 praebebat;
3215 2338 3274 2381 et
3302 2341 3427 2380 cunt

1847 2427 1957 2467 non
1993 2421 2139 2469 esset
2185 2429 2297 2483 quo
2338 2423 2610 2469 terrarum
2665 2416 3021 2482 mitterentur
3055 2419 3148 2487 qui
3203 2418 3435 2485 injurias

1847 2507 1994 2576 regis
2024 2507 2316 2572 referrent,
2353 2522 2478 2561 cum
2509 2507 2694 2564 omnia
2721 2509 2885 2564 unius
2903 2509 3008 2564 viri
3040 2519 3193 2580 peste
3220 2512 3436 2566 labora-

1847 2607 2008 2662 rent,
2043 2598 2262 2654 tandem
2310 2599 2658 2654 miseriarum
2711 2600 3062 2670 iniquitatem
3112 2603 3436 2658 luculentis-

1843 2689 1981 2746 sime
2008 2701 2140 2747 ante
2177 2691 2371 2747 oculos
2399 2693 2603 2761 posuit.
2623 2692 2740 2748 Jam
2769 2709 2898 2748 vero
2927 2695 3052 2764 quis
3081 2704 3168 2750 cst
3196 2705 3302 2749 tam
3331 2696 3436 2749 du-

1845 2800 1938 2838 rus
1954 2792 2010 2838 et
2030 2783 2238 2839 terrens
2259 2791 2318 2837 ut
2333 2799 2458 2838 eum
2484 2783 2628 2854 regis
2651 2799 2760 2839 non
2794 2785 3052 2842 misereat
3073 2796 3218 2842 tanta
3239 2803 3407 2844 aerum
3425 2815 3440 2826 ο

1845 2893 2037 2932 narum
2073 2877 2214 2934 mole
2247 2879 2428 2933 obruti
2448 2878 2472 2932 ?
2914 2894 2922 2902 ί

188 2989 285 3037 νοις
311 2972 530 3045 δαίμοσι
566 2974 668 3038 τὰς
702 2973 922 3027 ἐκείνων
953 2971 1152 3042 ψυχάς.
1219 2971 1460 3042 Θέατρον
1525 2971 1704 3024 τοίνυν
1773 2970 2026 3039 ἀγγέλοις
2069 2970 2164 3023 καὶ
2205 2970 2516 3042 ἀνθρώποις
2557 2971 2875 3042 ἐλεούμενον
2911 2975 2939 3026 δ
2982 2974 3126 3039 θεῖος
3167 2970 3336 3039 οἶκος,
3375 2986 3438 3040 τδ

193 3064 316 3134 μέγα
337 3064 491 3118 τοῦτο
521 3063 714 3136 θαῦμα
739 3064 836 3135 τῆς
863 3063 1187 3134 οἰκουμένης
1220 3061 1730 3131 ἐγκαταλέλειπται,
1773 3063 1868 3115 καὶ
1899 3062 1973 3132 μὴ
2001 3060 2141 3132 έχων
2166 3062 2292 3115 ὅποι
2317 3063 2414 3132 τῆς
2475 3065 2806 3134 οἰκουμένης

2889 3067 3191 3136 πρεσὸείαν
3217 3069 3438 3137 πέμψας

191 3162 275 3232 τὴν
315 3162 527 3218 ἀδικίαν
579 3161 898 3231 ἀπαγγελεῖ,
943 3159 1203 3233 νοσούσης
1253 3159 1473 3231 ἁπάσης
1514 3158 1592 3214 δι’
1652 3157 1772 3220 ἐνὸς
1808 3156 1999 3228 ἀνδρὸς
2065 3156 2403 3228 μοχθηρίαν.
2431 3158 2646 3214 ἵσταται
2671 3160 2864 3215 λοιπδν
2897 3161 2990 3214 ἐπὶ
3019 3163 3185 3230 μέσου
3209 3160 3438 3229 θεάτρου

192 3252 276 3324 τῆς
307 3255 633 3327 οἰκουμένης
669 3259 872 3325 φωναῖς
908 3255 1206 3326 ἁφθόγγοις
1236 3253 1345 3307 τῶν
1381 3251 1574 3305 αίτίων
1607 3249 1819 3322 θρηνῶν
1848 3251 1946 3320 τὴν
2007 3248 2424 3320 ἀγνωμοσύνην.
2490 3251 2584 3314 Εἰς
2609 3251 2756 3306 τοιοῦ
2770 3268 2860 3306 τον
2928 3252 3111 3305 τοίνυν
3164 3257 3258 3304 καὶ
3284 3251 3438 3320 τηλι-

196 3347 366 3404 κοῦτον
405 3349 576 3419 βάθος
620 3350 808 3402 κακῶν
847 3349 1144 3420 ἐμπεσόντι
1186 3349 1339 3412 ποῖος
1380 3345 1745 3420 ἀδαμάντινος
1783 3344 2044 3415 λογισμὸς
2072 3343 2106 3415 ἢ
2137 3345 2267 3400 ποία
2290 3343 2468 3414 λιθίνη
2523 3343 2672 3417 ψυχὴ
2748 3349 3030 3438 κοινωνέίν
3059 3345 3168 3397 τῶν
3193 3347 3436 3418 αἰσχρῶν

197 3440 325 3512 αύτῷ
357 3439 651 3512 βουληθείη
684 3443 813 3496 ποτέ
835 3458 850 3509 ;

259 3538 334 3591 K'.
357 3537 546 3591 Ταῦτα
593 3535 660 3607 δὴ
697 3539 793 3591 καὶ
847 3536 1022 3591 πλείω
1069 3534 1276 3590 τούτων
1312 3535 1614 3612 προειπὼν,
1648 3535 1746 3590 καὶ

1865 3535 1897 3593 ε
1919 3534 2040 3590 XX.
2071 3534 2204 3601 Quae
2237 3549 2364 3590 cum
2395 3533 2626 3590 dixisset
2663 3535 2944 3606 multaque
2973 3537 3076 3592 alia
3111 3537 3438 3609 simpliciter

200 3629 415 3684 ἐπειπὼν
446 3629 720 3700 ἀνώμαλα
745 3647 802 3682 τε
829 3630 924 3683 καὶ
959 3629 1133 3700 ἀφελῆ
1157 3631 1253 3683 καὶ
1287 3629 1620 3714 ἀταμίευτον
1653 3627 1750 3698 μὲν

204 3725 371 3794 ἔχοντα
391 3724 489 3796 τὴν
519 3723 868 3796 τραχύτητα,
906 3722 1265 3794 μακροτέρων
1294 3721 1349 3774 δὲ
1376 3721 1619 3792 γέμοντα
1640 3719 1750 3774 τῶν

204 3818 476 3885 λοιδοριῶν,
502 3817 734 3871 ἀπιέναι
761 3815 888 3879 τοὺς
925 3803 1186 3886 πρέσόεῗς
1214 3813 1616 3868 διεκελεύσατο.
1644 3815 1756 3868 Καὶ
1797 3863 1800 3865 .

207 3910 293 3977 μὶν
318 3909 379 3980 δὴ
395 3909 462 3962 τὰ
494 3907 677 3962 πλείω
705 3906 793 3959 διὰ
827 3907 926 3974 τὴν
949 3907 1087 3972 ἄγαν
1109 3902 1424 3976 τραχύτητα
1463 3908 1588 3975 σιγῇ
1621 3905 1756 3973 κρύο

205 3998 296 4067 ψας
328 3998 500 4068 ἔγωγε
546 3998 688 4068 μόνα
717 3996 914 4064 ταῦτα,
946 3994 1066 4049 καθ’
1094 3996 1218 4048 ὅσον
1253 3994 1428 4066 ἔμοιγ’
1461 3995 1611 4062 ἐξῆν,
1642 3998 1756 4056 τοῖς

177 4091 328 4162 οπρός
356 4093 410 4144 σέ
440 4091 544 4164 μού
574 4106 639 4159 γε
671 4089 880 4151 τούτοις
912 4089 1334 4158 ὲταμιευσάμην
1376 4087 1756 4158 ὑπομνήμασι,

212 4183 422 4252 μετρίως
470 4184 569 4236 καὶ
619 4182 808 4252 ῶσπερ
851 4181 982 4250 ύλης
1026 4179 1302 4250 πρόφασιν
1342 4181 1465 4242 ταῖς
1496 4178 1603 4232 τῶν
1649 4178 1759 4231 σῶν

211 4275 438 4345 ἱστοριῶν
472 4275 684 4346 βίϐλοις
728 4273 1148 4342 ἀφοσιούμενος.
1187 4272 1258 4324 Σὺ
1288 4269 1333 4324 δ’
1360 4268 1666 4339 ἀνειληφὼς
1691 4271 1759 4341 τῇ

213 4369 269 4436 σῇ
299 4368 573 4441 Καλλιόπη
604 4368 913 4438 κοσμήσαις
939 4366 1003 4418 ἂν
1035 4367 1091 4425 ἐς
1117 4365 1177 4418 τὸ
1213 4363 1542 4434 εύφραδέστε
1556 4379 1644 4432 ρον
1675 4363 1762 4414 εύ-

212 4455 642 4527 θυρρημονήσας.
680 4453 900 4508 Τούτων
934 4453 980 4506 δ’
1029 4453 1178 4524 ὅμως
1212 4454 1304 4504 καὶ
1344 4452 1454 4503 τῶν
1500 4451 1760 4503 τοιούτων

211 4548 388 4600 οὑτωσί
425 4567 540 4611 πως
587 4549 900 4618 εἰρημένων
949 4546 1140 4618 ἐκείνῳ
1173 4544 1363 4615 τάνδρὶ
1394 4545 1698 4614 πυθόμενος
1733 4545 1760 4595 ὁ

215 4633 437 4701 βασιλεὺς
474 4637 685 4706 χείλεσι
737 4635 838 4704 μὲν
881 4635 981 4687 οὐκ
1032 4631 1323 4704 ἐξήνεγκεν
1359 4632 1576 4703 ὀργίλον
1609 4631 1762 4684 οὐδὲν

213 4724 304 4777 τῶν
342 4727 618 4790 ἁπάντων,
647 4725 765 4779 ἀλλ’
791 4724 884 4778 ἐπὶ
904 4723 998 4776 τοῦ
1032 4723 1298 4794 συνήθους
1329 4723 1545 4791 ἔμεινεν
1578 4720 1760 4788 ἤθους,

215 4817 259 4879 ἐς
300 4819 352 4871 δὲ
394 4820 614 4874 τούπιδν
651 4819 777 4879 τοὺς
824 4817 1158 4880 ἐπισκόπους
1209 4815 1473 4887 ἀθροίσας
1509 4813 1604 4866 τοῦ
1661 4830 1763 4864 πα-

1855 3627 2001 3682 dicta
2030 3627 2332 3683 addidisset
2363 3628 2663 3684 acerbitate
2687 3642 2741 3684 et
2770 3629 3066 3699 ignominia
3093 3631 3254 3700 plena
3285 3633 3437 3688 abire

1859 3719 2069 3791 legatos
2107 3720 2293 3791 jussit.
2339 3720 2517 3789 Atque
2549 3721 2733 3776 multis
2771 3731 3028 3789 praeterea
3055 3722 3211 3792 201
3255 3723 3326 3778 ob
3355 3725 3440 3777 ni-

1854 3811 2015 3867 tniam
2040 3811 2394 3868 acerbitatem
2419 3811 2638 3866 silentio
2664 3811 3069 3885 praetermissis,
3087 3813 3142 3869 in
3161 3815 3244 3868 his
3260 3831 3436 3883 quan-

1856 3915 1970 3960 tum
2015 3913 2257 3974 poteram
2292 3904 2506 3960 modica
2540 3907 2854 3965 narratione
2888 3922 3021 3962 usus
3060 3923 3202 3973 sum,
3229 3909 3434 3980 largam

1863 3998 2156 4052 materiam
2198 3996 2480 4052 historicis
2520 3997 2677 4050 libris
2713 3997 2821 4051 tuis
2852 3997 3176 4052 traditurus.
3211 3998 3340 4064 Quae
3379 4011 3434 4054 tu

1859 4085 2104 4156 quidem,
2127 4085 2204 4138 uti
2233 4085 2430 4139 melius
2463 4086 2686 4154 intelligi
2718 4087 2966 4155 possint,
2999 4087 3162 4141 velint
3206 4088 3436 4156 recipias

1858 4188 1913 4234 et
1938 4177 2152 4250 poetica
2179 4177 2440 4234 facultate
2475 4186 2565 4231 tua
2603 4187 2769 4246 atque
2819 4179 2988 4232 libera
3038 4179 3089 4232 in
3141 4179 3434 4234 scribendo

1861 4269 2088 4324 audacia
2135 4269 2403 4327 illustres.
2455 4267 2580 4323 Haec
2621 4268 2696 4323 ita
2725 4268 2844 4325 fere
2875 4269 3020 4323 dicta
3045 4285 3174 4324 cum
3210 4287 3303 4325 rex
3334 4288 3430 4326 au-

1860 4360 2046 4422 disset.
2065 4361 2140 4415 nil
2165 4361 2486 4416 iracundius
2507 4360 2635 4414 huic
2653 4360 2975 4431 objecit,sed
2996 4361 3241 4417 eamdem
3260 4365 3431 4418 animi

1859 4449 2204 4506 all‘ectionem
2228 4451 2470 4506 retinuit.
2505 4451 2701 4504 Postea
2725 4449 3042 4504 convocatis
3066 4453 3336 4522 episcopis
3366 4453 3434 4508 de

1862 4541 2222 4612 patriarchica
2265 4543 2393 4598 sede
2427 4542 2580 4597 illum
2608 4540 2836 4611 expulit.
2867 4540 3014 4596 Alias
3053 4542 3196 4596 enim
3231 4558 3294 4596 ac
3343 4546 3430 4596 di-

1863 4646 2050 4686 versas
2079 4633 2322 4704 episcopi
2366 4648 2560 4688 causas
2606 4632 2998 4702 proferebant:
3029 4630 3119 4685 alii
3156 4630 3438 4686 Massalio-

1865 4738 1986 4776 rnm
2025 4723 2256 4778 hmrcsin
2291 4733 2447 4776 antea
2475 4723 2543 4776 ab
2568 4739 2634 4778 eo
2660 4723 2711 4775 in
2735 4720 3005 4791 judicium
3040 4731 3313 4789 vocatum,
3344 4724 3436 4780 alii

1865 4816 2150 4869 continuas
2181 4825 2344 4885 atque
2372 4816 2690 4869 inhonestas
2716 4814 3022 4870 locutiones
3046 4823 3208 4884 atque
3240 4815 3436 4872 immo-
3485 4834 3497 4858 ι

190 4893 512 4990 ίτριαρχικοῦ
546 4909 800 4962 καθεῖλεν
825 4907 988 4960 αὑτὸν
1018 4905 1249 4977 βαθμοῦ.
1282 4905 1474 4968 Αἰτίας
1517 4903 1626 4973 γὰρ
1657 4903 1752 4955 είσ·

1871 4908 2112 4962 deratam
2152 4907 2457 4962 insolentia:
2492 4907 2780 4966 insaniam.
2816 4905 2904 4960 alii
2938 4906 3065 4960 alia.
3110 4906 3302 4962 Melius
3344 4926 3440 4964 an-

197 4989 520 5066 ἐνεγκόντων
555 5002 747 5070 ἐτέρας
781 5001 871 5053 καὶ
905 4999 1198 5069 διαφόρους
1240 4996 1352 5053 τῶν
1410 4995 1746 5056 ἐπισκόπων.

215 5090 308 5142 τῶν
338 5091 432 5159 μὲν
453 5093 551 5162 τὴν
579 5090 1159 5161 προκατηγορηθεῖσαν
1199 5087 1349 5156 αύτῷ
1397 5086 1610 5156 αἳρεσιν
1646 5085 1756 5139 τῶν

216 5181 611 5249 Μασσαλιανῶν,
647 5184 756 5236 τῶν
797 5183 854 5236 δὲ
909 5182 1009 5245 τὰς
1033 5182 1132 5252 τῆς
1191 5181 1437 5249 γὶώττης
1482 5181 1756 5249 ἀσέμνους

1867 5011 1975 5054 tem
2043 4998 2158 5069 regi
2232 4999 2493 5052 omnibus
2550 4995 2947 5051 controversiis
3010 5012 3075 5048 ae
3148 5000 3440 5054 sententiis

1864 5091 2044 5144 \isum
2130 5100 2238 5156 est,
2303 5091 2358 5144 in
2430 5089 2852 5160 patriarchicam
2916 5078 3098 5141 sedem
3157 5088 3310 5144 illum
3355 5106 3438 5144 re-

1865 5181 2040 5237 stitni.

219 5274 298 5320 xz".
319 5275 580 5344 διηνεκεῖς
611 5277 1164 5348 αἰσχρορῤημοσύνας
1194 5275 1290 5326 καὶ
1330 5275 1456 5336 τοὺς
1497 5273 1763 5342 ἀκαίρους
1801 5276 1896 5327 καὶ
1968 5274 2331 5345 μαινομένους
2376 5271 2606 5342 θυμοὺς,
2677 5271 2767 5322 καὶ
2811 5267 2986 5324 ἄλλων
3016 5270 3203 5333 ἄλλας,
3251 5285 3438 5335 προτι-

223 5370 403 5437 μοτὲρα
457 5371 642 5423 πασῶν
690 5373 864 5424 ἐδόκει
924 5370 1004 5440 τῷ
1058 5369 1273 5439 βασιλεί
1312 5369 1377 5444 [ll
1424 5369 1517 5422 111
1559 5372 1632 5440 υ.Ι
1685 5370 1796 5423 τῶν
1836 5369 2161 5440 ἀφορισμῶν
2208 5367 2603 5438 ήὲκφὼνησις,
2641 5367 2706 5438 ἢν
2751 5367 2892 5418 κατὰ
2920 5361 3022 5415 τοῦ
3095 5362 3430 5435 βουλησομέ-

220 5479 297 5514 νου
319 5463 508 5526 παντδς
533 5465 922 5535 ἐκπεφώνηκεν
954 5466 1010 5526 ἐς
1034 5465 1133 5534 τὴν
1161 5462 1570 5532 πατριαρχικὴν
1595 5462 1760 5515 αὐτὸν
1795 5463 2184 5516 ἀνακαλεῖσθαι
2211 5462 2371 5514 πάλιν
2400 5459 2577 5522 ἀξίαν.

283 5557 400 5611 KA'.
441 5559 548 5611 Kal.
603 5559 771 5611 ταῦτα
814 5558 912 5627 μὲν
967 5556 1156 5610 τοῦτον
1212 5556 1337 5627 ἔσχε
1373 5557 1464 5610 τὸν
1517 5558 1754 5626 τρόπον·

223 5646 380 5714 ὀλίγαι
405 5647 447 5700 δ’
477 5650 682 5740 ἐκεῖθξν
713 5648 990 5719 παρῆλθον
1021 5649 1224 5720 ἡμέραι
1270 5649 1362 5700 καὶ
1397 5648 1638 5718 διάδοχος
1673 5646 1757 5716 γί-
1803 5641 1810 5647 ’

224 5754 352 5791 νεται
385 5741 476 5792 τοῦ
511 5740 720 5811 βαθμοῦ
755 5740 1002 5802 Φιλόθεος
1023 5742 1049 5792 ό
1077 5740 1365 5806 Κόκκινος,
1401 5741 1464 5792 ὲκ
1496 5741 1591 5810 τῆς
1617 5741 1758 5793 κατὰ

226 5827 479 5898 Ηεὶρινθον
545 5829 866 5899 Ἡρακλείας
923 5829 1262 5897 μετατεθείς.
1341 5831 1482 5893 Τούς
1549 5847 1611 5899 γε
1649 5830 1756 5900 μὴν

227 5918 344 5988 ὑπὲρ
368 5918 456 5972 τοῦ
481 5917 587 5972 νεὼ
604 5921 698 5989 τῆς
733 5921 822 5973 τοῦ
856 5919 990 5972 θεοῦ
1022 5921 1208 5989 σοφίας
1233 5922 1486 5991 ἐλέγχους
1515 5922 1757 5984 ἐκείνους

1929 5556 2066 5611 XXI.
2115 5555 2208 5608 "IS
2263 5555 2337 5608 ita
2389 5569 2448 5609 se
2500 5551 2856 5616 habentibus,
2889 5549 3076 5620 paucis
3126 5548 3253 5605 inde
3312 5551 3427 5605 (lie-

1860 5648 1959 5701 lms
2014 5646 2404 5718 praeterlapsis,
2446 5645 2633 5700 sedem
2701 5651 2891 5696 nactus
2959 5651 3042 5696 est
3108 5637 3433 5696 Philotheus

1856 5740 2126 5795 Coccinus
2155 5755 2223 5795 ex
2257 5738 2515 5794 Heraclea
2545 5735 2794 5793 Perinthi
2818 5745 3131 5789 revocatus.
3163 5727 3433 5789 Canta‘cuo

1857 5847 2027 5886 zenns
2076 5831 2146 5884 ob
2181 5829 2493 5900 ignominia:
2543 5827 2811 5882 maculam
2862 5841 2926 5880 ex
2982 5825 3201 5895 Sophia:
3234 5825 3437 5895 templo

1856 5934 2202 5995 susceptam,
2259 5923 2422 5992 202
2494 5921 2762 5977 tributum
2815 5921 3090 5992 Byzantiis
3147 5920 3438 5989 imperavit
