3966 6574
431 422 551 492 ³1⁸19

1632 419 2052 489 NlCEPlIORI
2091 416 2469 477 GREGORA!

3579 397 3678 463 180

443 561 591 606 rum,
625 541 720 597 sed
761 539 1017 598 Nemesin
1055 540 1355 612 suspiciam
1403 548 1460 596 et
1491 529 1796 597 venerabor
1845 551 2014 595 teme-

2137 541 2210 592 ιαὶ
2256 537 2353 607 τὴν
2388 534 2543 608 ἡμῶν
2595 531 2656 600 ἐξ
2697 529 2940 602 ἀφανοῦς
2985 522 3286 584 ἐπιτίθεται
3335 517 3676 591 τυραννοῦσι

443 639 604 692 ritate
638 645 696 691 ut
725 651 824 706 par
853 643 937 691 est
966 635 1200 708 abiecta.
1231 635 1405 690 Velim
1432 642 1636 700 tamen,
1667 633 1753 688 vir
1779 633 2007 704 optime,

446 745 560 794 me.
593 729 752 799 plane
804 729 998 784 doceat
1051 727 1344 798 prudentia
1398 736 1528 791 tua;
1561 724 1766 780 etenim
1814 725 1857 778 si
1912 723 2011 778 bos

446 828 702 888 prtestare
730 818 865 873 mihi
896 819 1257 890 persuaseris.
1281 833 1365 872 me
1391 833 1500 872 non
1524 816 1849 888 przeveneris
1873 815 2014 870 hanc

448 911 578 966 milii
633 926 884 981 magnam
934 910 1269 979 voluptatem
1319 907 1634 978 praabendb,
1684 920 1810 962 cum
1861 905 2020 961 brevi

451 1015 695 1074 tempore
721 1019 946 1074 magnas
968 1001 1340 1057 dubitationes
1367 1017 1432 1056 ex
1467 1001 1649 1055 animo
1679 1013 1800 1054 meo
1831 1000 2016 1054 detur-

451 1097 600 1150 bari:
627 1106 684 1152 et
717 1095 1016 1165 depuleris.
1051 1094 1182 1162 Quae
1213 1092 1436 1164 quidem
1469 1092 1562 1147 diu
1594 1106 1682 1146 me
1720 1091 2014 1144 vehemen-

452 1200 644 1256 terque
671 1185 1074 1257 deprimebant,
1099 1187 1206 1256 jam
1238 1185 1629 1256 cogitationum
1658 1190 1712 1238 et
1741 1183 2014 1237 rationum

453 1280 861 1336 multitudinem
882 1279 933 1333 in
955 1280 1280 1335 immensum
1302 1284 1501 1348 augent
1518 1285 1574 1331 et
1593 1273 2017 1343 compositiones

453 1383 508 1427 et
533 1371 912 1441 Oppositiones
953 1379 1008 1426 et
1051 1369 1446 1440 dispositiones
1476 1382 1661 1423 earum
1696 1365 1829 1420 alias
1859 1365 2017 1419 aliter

393 1510 398 1526 .
455 1463 766 1530 intrudunt,
807 1462 919 1533 jam
965 1477 1096 1516 vero
1131 1462 1182 1515 in
1236 1461 1562 1514 immensum
1609 1457 1912 1512 dilacerant
1955 1469 2018 1508 ac

456 1557 779 1626 dirumpunt
829 1553 1065 1609 tristitia:
1116 1553 1276 1621 207
1339 1549 1802 1621 magnitudinem,
1853 1560 2018 1617 quam

461 1653 580 1720 ipse
613 1649 751 1705 mihi
784 1647 908 1704 dedi
945 1663 1011 1702 eo
1045 1647 1189 1718 quod
1222 1645 1526 1724 nesciebam
1555 1641 1829 1711 quomodo
1855 1649 2022 1695 etme

2116 630 2354 700 θέλησιν,
2410 628 2503 682 καὶ
2551 626 2776 686 ἄκοντες
2827 621 3044 692 δρῶμεν
3100 616 3194 670 καὶ
3250 613 3535 684 πάσχομεν
3584 609 3676 662 ὑπ’

2114 722 2356 788 ἀνάγκης
2387 717 2557 773 ὁπόσα
2576 716 2685 770 τῶν
2710 708 3143 782 ἐκείνης-ῥοθίων
3164 709 3192 760 δ
3225 703 3432 757 κλύδων
3456 702 3676 766 ὶπάγει,

2116 815 2199 866 σοὶ
2237 812 2336 882 μὲν
2375 811 2478 865 οὐκ
2534 807 2784 878 ἐγκαλεῖν
2837 803 2988 858 οὐδὲν
3015 803 3096 854 ἔτι
3148 797 3259 852 οὐδ’
3317 797 3478 866 ὅρους
3509 794 3683 846 κινεῖν

2116 881 2352 970 ύπεζευγ
2365 903 2554 972 μένους
2579 899 2845 966 ἀνάγκαις
2877 893 3212 966 βουλήσομαι
3243 888 3303 961 [ί.
3343 887 3444 940 H3
3477 883 3550 955 r.|
3584 881 3682 934 τοῦ

2115 996 2327 1058 λοιποῦ,
2376 993 2492 1048 ἀλλ’
2541 991 2818 1060 ύπόψομαι
2851 987 2945 1042 καὶ
2996 982 3302 1054 φυλάξομαι
3351 979 3451 1050 τὴν
3487 974 3684 1044 Ἀδράη

2119 1105 2322 1153 στειαν,
2346 1084 2664 1141 τούντεῦθεν
2689 1082 2763 1145 ὡς
2795 1079 2942 1140 είκδς
2976 1073 3368 1145 ἀφοσιούμενος
3401 1070 3681 1138 τόλμημα.

2119 1176 2394 1233 Πυθέσθαι
2419 1174 2463 1229 δ’
2486 1169 2579 1227 οὖν
2603 1173 2754 1239 ὅμως
2780 1169 3042 1242 βούλομαι
3061 1166 3194 1234 πρὸς
3222 1163 3318 1232 τῆς
3343 1161 3441 1230 σῆς
3470 1160 3681 1225 σοφίις,

2119 1263 2164 1323 ὦ
2197 1267 2458 1339 βέλτιστε,
2489 1261 2779 1333 τάκριϐές·
2815 1260 2862 1313 εί
2907 1261 3014 1328 γὰρ
3040 1255 3195 1319 τοῦτο
3228 1252 3447 1323 κρατεῖν
3475 1266 3544 1317 με
3566 1248 3688 1299 πεί-

2122 1378 2296 1424 σειας,
2329 1358 2429 1412 οὐκ
2479 1356 2544 1410 ἂν
2577 1354 2802 1424 φθάνοις
2848 1348 3071 1418 βαθείάν
3109 1363 3199 1416 μοι
3236 1343 3595 1415 χαριζόμενος
3627 1343 3692 1404 ἡ-

2120 1452 2297 1522 δονὴν,
2347 1448 2565 1520 μακρὰς
2615 1448 2673 1499 ὲν
2710 1444 2905 1514 βραχεῖ
2939 1441 3036 1510 τῆς
3089 1439 3228 1508 ἐμῆς
3271 1433 3690 1503 ἀποσφενδονῶν

2121 1545 2219 1598 καὶ
2253 1539 2647 1613 ἀπορραπίζων
2675 1537 2853 1607 ψυχῆς
2881 1521 3134 1602 ἀπορίας,
3166 1528 3223 1582 αἳ
3262 1525 3326 1598 δὴ
3353 1526 3440 1580 διὰ
3474 1523 3691 1594 μακροῦ

2121 1641 2221 1712 τὴν
2254 1642 2352 1712 τῆς
2387 1637 2530 1709 ὲμῆς
2565 1636 2804 1696 διανοίας
2839 1633 3026 1687 ἑστίαν
3081 1626 3331 1699 σφοδρῶς
3377 1621 3694 1691 κατασχοῦ-

458 1751 512 1796 el
547 1740 693 1794 hunc
734 1737 1050 1809 reipublica:
1078 1745 1276 1792 statum
1312 1721 1535 1798 ferrem,
1569 1744 1683 1787 tum
1720 1731 1895 1802 patris
1929 1746 2024 1785 vo-

2137 1751 2238 1798 rat,
2277 1731 2373 1786 νῦν
2423 1731 2522 1801 μὲν
2565 1727 2655 1782 ἐπ’
2705 1727 2933 1796 ἄπειρον
2973 1721 3197 1788 αὔξουσι
3237 1717 3364 1781 τοὺς
3393 1715 3503 1768 τῶν
3539 1713 3694 1782 ὲμῶν

457 1833 653 1888 luntati
685 1839 880 1902 sponte
909 1829 1227 1892 obsecutus,
1256 1836 1369 1882 tum
1407 1842 1515 1883 non
1549 1827 1731 1896 potius
1758 1825 1829 1878 ob
1866 1837 2024 1892 nego-

462 1927 660 1981 tiorum
696 1927 907 1986 turbas.
943 1938 1066 1994 quae
1102 1936 1186 1976 me
1234 1919 1680 1976 circumfundunt
1723 1918 2025 1972 circumve-

2059 1880 2098 1934 ll

2126 1824 2424 1897 φροντίδων
2454 1840 2510 1875 τε
2540 1821 2634 1876 καὶ
2656 1816 2934 1887 λογισμῶν
2962 1811 3367 1883 ἀναριθμήτους
3397 1806 3693 1878 ἀριθμοὺςν

2131 1919 2224 1974 καὶ
2252 1918 2351 1978 τάς
2387 1932 2448 1982 γε
2491 1913 2556 1984 δὴ
2614 1912 2892 1970 συνθέσεις
2939 1923 2998 1959 τε
3049 1906 3142 1960 xi.
3189 1901 3492 1963 ἀντιθέσεις
3539 1899 3696 1984 σφῶν

431 2019 805 2086 ρΙιιιιιιυιηιιο.
825 2015 1112 2070 Nonnullae
1131 2013 1301 2074 enim.
1324 2013 1432 2066 imo
1449 2025 1639 2066 omnes
1659 2008 2023 2063 Romanorum

2137 2011 2222 2064 καὶ
2249 2007 2513 2070 διαθέσεις
2543 1982 2722 2060 άλ).οτ’
2748 2001 2924 2063 ἄλλως
2954 1992 3479 2066 παρεισκυκλοῦσαι,
3505 1989 3606 2042 νῦν
3650 1982 3698 2037 δ’

463 2106 638 2162 tribus
673 2105 775 2173 ipsi
810 2107 952 2175 patri
1001 2118 1122 2158 meo
1155 2117 1314 2157 casus
1371 2099 1723 2156 calamitosos
1759 2099 2029 2153 Romano-

463 2215 582 2254 rum
616 2197 956 2263 attribuunt,
983 2206 1038 2251 et
1062 2212 1185 2265 qua:
1219 2194 1447 2265 patriam
1491 2191 1851 2247 vehementer
1882 2207 2030 2248 nunc

467 2292 754 2346 invadunt.
786 2291 902 2346 Jam
927 2289 1092 2344 etiam
1135 2289 1190 2342 in
1231 2287 1418 2358 populi
1450 2295 1800 2354 conspectum
1840 2283 2030 2353 opinio

468 2384 558 2437 illa
591 2382 952 2453 permanavit,
999 2391 1053 2436 ct
1097 2394 1288 2434 omnes
1331 2387 1522 2446 gentes
1568 2375 1930 2430 Barbarorum
1976 2386 2029 2432 et

467 2475 719 2529 nationes
767 2473 884 2528 vias
938 2480 994 2526 et
1040 2471 1156 2525 fora
1207 2480 1262 2524 et
1314 2470 1518 2539 plateas
1585 2468 1724 2522 tanta
1781 2467 2030 2536 implent,

466 2581 699 2636 eamque
747 2565 1022 2635 adaugent
1073 2562 1370 2633 ignominia
1420 2561 1612 2630 quavis
1663 2559 1868 2614 addita.
1913 2559 2030 2614 Non

468 2666 699 2726 possunt
730 2655 798 2710 de
825 2657 975 2727 justo
1003 2664 1097 2709 aut
1131 2655 1336 2726 injusto
1366 2653 1573 2723 aliquid
1614 2652 1887 2724 judicare,
1933 2665 2034 2705 nec

470 2750 653 2804 animo
685 2755 941 2818 reputant
990 2748 1155 2802 licere
1203 2745 1345 2815 patri
1385 2760 1508 2800 meo
1551 2744 1622 2799 ob
1659 2757 1852 2799 causas
1896 2758 2035 2813 quas

470 2842 652 2896 sciunt
678 2853 869 2895 omnes
899 2838 1088 2893 tollere
1114 2835 1472 2906 Palaologum
1501 2835 1663 2890 simul
1687 2850 1809 2890 cum
1841 2843 2032 2899 matre,

472 2933 570 3004 qui
623 2947 871 2989 socerum
921 2939 1121 3000 praeter
1169 2944 1413 2984 sororem
1463 2943 1638 2982 meam
1697 2926 1925 2982 abduxit
1979 2919 2035 2982 et

473 3023 635 3080 nobis
664 3022 973 3092 anteposuit
1015 3020 1164 3076 ﬁliis.
1199 3021 1318 3077 Jam
1351 3035 1483 3075 vero
1526 3019 1837 3088 intelligunt
1881 3019 2032 3074 illum

476 3118 708 3174 insidias
761 3126 927 3186 atque
979 3113 1209 3169 artificia
1253 3113 1414 3168 nobis
1462 3123 1680 3167 struere
1718 3123 1772 3166 ct
1803 3113 1856 3166 in
1905 3111 2033 3165 odio

473 3214 786 3282 :nquitatem
817 3208 1056 3273 habere;
1090 3218 1218 3263 sunt
1244 3215 1427 3260 autem
1460 3206 1536 3259 illi
1563 3204 1732 3259 dediti
1763 3220 1886 3260 cum
1923 3213 2036 3259 toto
2063 3225 2105 3284 ο

476 3303 661 3356 animo
690 3315 752 3353 ac
774 3300 1070 3353 voluntate.
1099 3297 1312 3350 Patrem
1339 3309 1520 3348 meum
1553 3303 1753 3348 temere
1779 3293 2034 3359 oderunt,

477 3392 621 3464 quod
655 3388 979 3444 necessitate
1017 3394 1236 3440 coactus
1267 3385 1333 3438 ad
1363 3384 1626 3439 auxilium
1657 3381 1873 3438 vocavit
1907 3381 2036 3435 Baro

479 3484 665 3548 baros,
710 3498 811 3553 per
839 3494 1102 3550 generum
1137 3475 1496 3548 alienigenam
1539 3485 1594 3532 et
1647 3477 1936 3530 honestum
1981 3489 2040 3529 se

480 3576 806 3630 defensurus
835 3573 903 3627 ab
938 3586 1138 3642 genero
1175 3569 1426 3638 indigena
1457 3579 1622 3638 atque
1651 3569 1962 3628 inhonesto.
1987 3574 2042 3620 et

482 3667 626 3734 quod
653 3665 724 3717 ob
754 3662 1052 3732 nequitiam
1097 3669 1152 3714 et
1182 3661 1378 3713 malam
1411 3659 1749 3714 voluntatem
1786 3659 1933 3712 cives
1963 3657 2044 3710 in-

482 3756 640 3810 vnsit.
685 3754 850 3825 208
886 3753 999 3808 Hoc
1031 3767 1158 3806 vero
1190 3751 1351 3804 modo
1379 3749 1617 3804 divinam
1653 3764 1712 3806 se
1751 3748 2043 3803 Providen-

483 3849 610 3902 tiam
644 3846 836 3900 tollere
875 3843 1144 3898 nesciunt.
1173 3840 1364 3896 Omnia
1393 3841 1538 3895 enim
1567 3855 1598 3894 a
1640 3839 1750 3894 Deo
1781 3838 2041 3908 pendent.

480 3938 570 3993 cui
601 3937 780 3993 omnis
810 3937 946 3992 ﬁdes
977 3933 1228 3990 habenda
1253 3942 1360 4000 est,
1378 3947 1554 4002 neque
1584 3932 1694 3986 ullo
1722 3935 1882 3985 modo
1907 3931 2046 3984 divi-

483 4046 551 4085 na
581 4027 925 4098 providentia
955 4034 1132 4097 potest
1155 4024 1288 4081 falli.
1317 4025 1639 4081 Necessario
1665 4024 2042 4092 consequitur,

481 4121 750 4194 quidquid
776 4121 966 4175 divina
991 4117 1346 4174 Providentia
1369 4114 1761 4187 praecognitum
1784 4123 1886 4169 est.
1911 4113 2046 4178 Qui-

482 4219 585 4272 bus
603 4231 709 4270 non
738 4222 884 4268 tanta
902 4211 1073 4282 gloria
1091 4210 1341 4280 contigit,
1360 4224 1454 4264 eos
1471 4208 1630 4263 facile
1652 4221 1843 4282 omnes
1869 4206 1922 4259 in
1949 4206 2047 4261 de-

484 4309 575 4362 bili
596 4317 653 4361 et
677 4321 810 4376 vaga
836 4274 1007 4374 gloria
1030 4274 1447 4374 poneredivina:
1469 4274 1834 4355 Providentia:
1854 4299 2050 4354 funda-

484 4407 667 4453 ma-nta
697 4412 806 4452 non
837 4405 967 4465 puto
999 4395 1052 4448 in
1091 4394 1157 4447 iis
1182 4393 1347 4447 rebus
1371 4407 1492 4461 quae
1523 4406 1619 4461 pcr
1647 4405 1807 4445 omne
1837 4401 2049 4458 tempus

486 4490 819 4560 proveniunt
881 4487 1315 4558 provenientque
1366 4483 1582 4538 sublato
1637 4482 1794 4535 lirmo
1849 4481 2043 4535 fulcro.

2133 2103 2224 2158 ἐπ’
2257 2103 2490 2171 ἄπειρον
2528 2095 2786 2167 τέμνουσι
2834 2111 2925 2164 μοι
2955 2093 3049 2145 καὶ
3072 2088 3347 2162 διαιροῦσι
3372 2084 3434 2137 τὸ
3461 2080 3696 2152 μέγεθος

2128 2197 2230 2268 τῆς
2245 2193 2568 2264 αὑθαιρὲτου
2585 2189 2788 2261 λύπης,
2806 2189 2871 2260 ἢν
2887 2187 3048 2250 αὐτὸς
3073 2181 3296 2255 ἐμαυτῷ
3308 2178 3697 2247 κατηγγύησα,

2129 2286 2305 2343 λαθὼν
2322 2287 2420 2338 οὐκ
2434 2279 2528 2338 οἶδ’
2553 2283 2700 2346 ὅπως
2718 2279 2951 2348 ἐμαυτὸν
2968 2278 3062 2330 καὶ
3076 2274 3225 2329 τουτὶ
3237 2273 3295 2326 τὸ
3310 2274 3403 2341 τῆς
3419 2268 3700 2340 βασιλείας

2133 2379 2531 2448 ὑποδεξάμενος
2557 2376 2763 2445 σχῆμα,
2801 2373 2919 2434 πῶς
2968 2373 3068 2439 μὲν
3113 2367 3254 2421 ἑκὼν
3289 2367 3400 2428 τοῖς
3442 2360 3703 2432 πατρίοις

2135 2474 2566 2543 ὑποταττόμενος
2599 2470 2810 2531 πόθοις,
2838 2465 2953 2528 πῶς
2994 2465 3038 2517 δ’
3075 2461 3135 2516 οὗ
3181 2461 3324 2531 μάλα
3353 2456 3494 2510 ἑκὼν
3515 2456 3603 2509 διά
3637 2470 3705 2520 γε

2132 2568 2260 2627 τοὺς
2309 2560 2706 2635 περιρῤέοντάς
2755 2574 2814 2611 τε
2867 2555 2962 2610 καὶ
3009 2550 3516 2623 περιστοιχίζοντας
3560 2545 3706 2605 τέως

2107 2659 2286 2729 ’ἡμᾶς
2338 2654 2540 2726 κομιδῆ
2592 2652 2871 2714 κυκεῶνας
2929 2645 3288 2717 πραγμάτων,
3345 2641 3420 2702 ὡς
3459 2640 3710 2729 εἴρηται.

2137 2727 2261 2806 εισι
2290 2749 2422 2819 γὰρ,
2470 2746 2609 2799 εισιν
2644 2743 2797 2804 ενιοι,
2839 2739 3039 2809 μᾶλλον
3089 2735 3133 2787 δ’
3174 2734 3276 2786 οὐκ
3304 2733 3462 2792 ἔνιοι,
3495 2731 3578 2783 ὃτι
3633 2727 3712 2796 μὴ

2137 2843 2276 2913 πλὴν
2307 2839 2465 2893 ὲνίων
2496 2837 2733 2897 ἀπαντες
2771 2831 3059 2900 Ῥωμαίων
3087 2827 3274 2895 δῆμοι,
3318 2822 3366 2874 οἳ
3404 2823 3493 2874 καὶ
3514 2819 3712 2887 τούμῷ

2135 2935 2234 2997 τὰς
2258 2929 2437 2992 αἰτίας
2461 2927 2568 2982 τῶν
2599 2922 2923 2994 Ῥωμαϊκῶν
2949 2919 3250 2990 συμφορῶν
3286 2914 3565 2985 ἀναρτῶσι
3602 2929 3714 2964 πα-

2135 3025 2246 3095 τρὶ,
2274 3024 2397 3077 ὅσαι
2433 3016 2684 3090 χαλεπῶς
2735 3013 3119 3085 ἀνερῤώγεσαν
3166 3011 3279 3064 νῦν.
3324 3008 3459 3076 Ἤδη
3503 3005 3560 3057 δὲ
3609 3006 3710 3054 καὶ

2137 3117 2218 3181 είς
2254 3113 2513 3184 δημόσιον
2535 3109 2708 3180 ὲρρύη
2738 3108 2966 3176 θέατρον
3008 3105 3041 3174 ἠ
3088 3101 3414 3172 κατηγορία,
3441 3099 3536 3150 καὶ
3577 3096 3709 3162 ἔθνη

2140 3210 2320 3262 πάντα
2367 3201 2662 3276 βαρϐάρων
2715 3200 2808 3252 καὶ
2867 3197 2996 3267 γένη
3049 3197 3283 3249 παντοῖα
3347 3189 3553 3261 μεστὰς
3607 3187 3710 3256 μὲν

2139 3299 2359 3370 ἀγυιὰς.
2405 3297 2610 3368 μεστὰς
2637 3293 2682 3346 δ’
2713 3291 2918 3361 ἀγοράς
2960 3291 3055 3342 καὶ
3088 3289 3348 3346 πλατείας
3375 3285 3472 3347 τῆς
3516 3283 3712 3353 φήμης

2140 3390 2409 3456 ποιοῦσιν,
2456 3384 2893 3460 ἑπιρῤωννύντες
2927 3381 3097 3454 αὐτὴν
3122 3382 3210 3436 ἀεὶ
3239 3381 3334 3434 καὶ
3358 3379 3537 3432 πᾶσαν
3569 3375 3714 3430 ἐπά-

2140 3505 2331 3559 γοντες
2384 3483 2675 3550 λοιδορίαν,
2721 3479 2931 3534 δικαίου
2982 3479 3109 3547 πέρι
3174 3479 3266 3528 καὶ
3303 3475 3488 3528 ἀδίκου
3546 3472 3720 3538 μηδὲν

2142 3572 2420 3640 ἐξετάζειν
2447 3571 2673 3636 εἰδότες,
2707 3567 2829 3639 μηδ’
2860 3569 2940 3630 είς
2978 3566 3104 3621 νὀῦν
3133 3565 3458 3635 βαλλόμενοι
3491 3563 3569 3624 ὡς
3595 3561 3719 3624 ἐξὸν

2143 3667 2223 3738 τῷ
2265 3664 2432 3735 πατρί
2483 3680 2608 3733 μου.
2641 3661 2709 3716 δι’
2756 3659 2820 3723 ἃς
2863 3658 3101 3720 ἅπαντες
3133 3658 3315 3709 ίσασιν
3357 3654 3560 3715 αἰτίας.
3609 3655 3720 3704 llat-

2143 3757 2422 3824 λαιολόγον
2466 3754 2629 3807 αὐτὸν
2667 3752 2879 3806 ἀνελεῖν
2921 3750 3061 3820 ὁμοῦ
3092 3753 3157 3820 τῇ
3207 3749 3402 3817 μητρὶ,
3453 3747 3480 3798 δ
3527 3746 3584 3798 δὲ
3622 3746 3720 3795 καὶ

2145 3849 2393 3920 γαμϐρὸν
2423 3846 2517 3900 ἐπὶ
2543 3849 2606 3916 τῇ
2639 3847 2744 3915 ἐμῇ
2777 3843 3146 3916 προσείληψεν
3177 3839 3380 3910 ἀδελφῇ
3419 3838 3515 3892 καὶ
3555 3837 3719 3906 ἡμῶν

2146 3941 2522 4012 προτετίμηκε
2542 3939 2654 3994 τῶν
2681 3938 2864 3992 υίέων.
2905 3936 3021 3990 Νῦν
3049 3937 3093 3988 δ’
3144 3931 3566 3987 ἐπιϐουλεύοντα.
3601 3930 3727 4000 βλέ-

2148 4052 2342 4099 ποντες
2380 4036 2588 4088 ἐκεῖνον
2635 4031 2730 4085 καὶ
2770 4031 2953 4085 πᾶσαν
2997 4029 3246 4098 μηχανὴν
3299 4025 3555 4080 κινοῦντα
3593 4022 3722 4076 καθ’

2149 4129 2329 4199 ἡμῶν,
2364 4126 2456 4180 καὶ
2495 4126 2612 4178 δέον
2654 4124 2851 4192 μισεῖν,
2885 4122 2933 4174 oi
2973 4120 3018 4174 δ’
3046 4121 3242 4188 ἐκείνῳ
3279 4120 3378 4188 μὲν
3405 4117 3726 4188 προστίθεν-

2147 4237 2240 4273 ται
2294 4219 2444 4290 πάσῃ
2480 4215 2704 4285 γλώσσῃ
2753 4230 2814 4265 τε
2845 4213 2940 4266 καὶ
2977 4211 3194 4282 γνώμῃ,
3223 4211 3311 4263 τὸν
3337 4210 3382 4262 δ’
3407 4209 3539 4278 ἐμὸν
3565 4209 3729 4275 ἀκρί-

2147 4327 2255 4374 τως
2275 4308 2490 4379 μισοῦσι
2509 4306 2741 4375 πατέρα.
2766 4305 2843 4357 ὅτ’
2874 4301 3316 4372 ἀναγκαζόμενος
3341 4303 3422 4364 εἰς
3453 4298 3718 4369 βοήθειαν
3825 4357 3832 4364 ,

2162 4397 2553 4468 προσκαλεῖται
2579 4393 3275 4465 βαρϐάρους,.ἀμυνόμενος
3329 4391 3418 4442 διὰ
3465 4388 3726 4457 γαμϐροῦ

2153 4489 2401 4560 γαμϐρὸν
2417 4487 2715 4556 ἀλλοφύλου
2731 4487 2827 4554 μὲν
2842 4483 3312 4554 ὁμόφυλον,εὑγνώ
3321 4498 3477 4551 μονος
3489 4481 3533 4534 δ’
3549 4479 3730 4546 ἀγνώ-

483 4584 671 4652 Neque
709 4579 855 4635 enim
889 4594 1010 4648 quae
1057 4592 1165 4631 non
1217 4585 1444 4646 possunt
1485 4573 1796 4629 necessario
1828 4575 2036 4628 evenire

2161 4601 2316 4653 μονα,
2351 4581 2444 4636 καὶ
2475 4581 2590 4649 ἅμα
2619 4577 2854 4643 δπεξιὼν
2881 4577 3170 4638 κακονοίας
3196 4579 3290 4629 καὶ
3321 4574 3586 4636 ἀϐουλίας
3613 4574 3731 4634 τοῖς

483 4675 644 4743 plane
687 4671 868 4741 qualia
902 4678 1088 4739 postea
1123 4677 1308 4732 erunt,
1353 4667 1472 4722 ha-c
1516 4680 1639 4720 cum
1685 4664 1899 4719 inlinita
1943 4665 2036 4718 sint

2156 4674 2445 4745 ὑπηκόοις.
2486 4671 2597 4726 Καὶ
2634 4670 2769 4738 τῷδε
2797 4669 2877 4740 τῷ
2907 4670 3093 4738 τρόπῳ
3116 4667 3218 4738 τὴν
3250 4668 3404 4720 θείαν
3439 4664 3738 4733 ἀναιροῦν-

481 4763 860 4818 verisimiliter
889 4761 1054 4816 etiam
1088 4768 1214 4814 ante
1249 4759 1502 4829 cognosci
1532 4773 1767 4827 unquam
1801 4766 2047 4827 possunt.

482 4857 563 4911 ita
590 4856 794 4910 ‘omnia
843 4867 1126 4909 sacrorum
1161 4850 1553 4921 pr0pltetarum
1581 4849 1724 4903 dicta
1755 4829 2052 4902 vana'sunt

479 4958 576 5003 aut
625 4948 673 5004 si
726 4947 817 5018 qui
871 4945 1111 5000 Dodonae
1162 4953 1260 4998 aut
1297 4943 1364 4996 ad
1415 4942 1735 5011 Delphicum
1781 4940 2049 5009 tripodem

479 5040 762 5110 erantqui
799 5036 1219 5092 consulentibus
1262 5034 1446 5108 futura
1488 5032 1882 5102 praedicebant,
1926 5047 2050 5085 cum

451 5131 730 5186 ‘inlinitas
761 5130 1007 5184 scicntia:
1042 5128 1245 5182 ﬁnibus
1291 5125 1667 5201 circumscribi
1711 5140 1821 5179 non
1856 5125 2048 5193 possit.

482 5227 668 5312 itaque
698 5223 752 5277 in
799 5222 917 5291 ipsa
969 5219 1325 5274 obtrectanda
1355 5218 1540 5272 divina
1577 5216 1920 5276 Providentia
1951 5215 2047 5268 de-

482 5306 924 5381 prehenduntur.
955 5313 1022 5390 Et
1064 5313 1314 5382 ineptum
1365 5319 1630 5380 quantum
1677 5317 1732 5363 et
1783 5307 1943 5376 quale
1981 5306 2052 5360 sit

483 5411 624 5464 hanl
681 5408 911 5462 multum
967 5406 1143 5472 abest,
1197 5404 1328 5474 quin
1384 5400 1669 5472 imperitus
1714 5399 1948 5470 quisque
1997 5405 2050 5449 et

483 5502 638 5555 rudis
681 5495 846 5569 atque
893 5496 1126 5568 agrestis
1154 5497 1317 5566 plane
1356 5494 1640 5564 intelligak
1679 5490 1783 5558 Qui
1819 5503 1942 5543 cum
1978 5488 2051 5540 ita

483 5593 546 5645 ad
578 5595 869 5646 inusitatos
897 5591 1033 5646 lines
1057 5603 1328 5660 rupesque
1351 5598 1498 5644 esset
1522 5584 1785 5655 depulsus
1811 5580 2050 5654 perfacili

481 5700 612 5750 sane
672 5683 854 5738 animo
909 5683 1101 5738 fuisset
1150 5682 1194 5737 si
1254 5695 1364 5735 non
1426 5677 1774 5749 infragilibus
1834 5682 2052 5743 putaret

482 5759 908 5833 necessitatibus
938 5777 1155 5833 vinctos
1179 5790 1361 5831 rerum
1399 5772 1802 5844 praeteritarum
1843 5766 2052 5821 futura-

484 5885 715 5940 rumque
743 5883 974 5928 cventus
1007 5870 1327 5939 procedere,
1361 5878 1416 5924 et
1447 5865 1649 5936 cuique
1686 5858 1895 5916 homini
1928 5857 2053 5913 inli-

2151 4780 2242 4826 τες
2263 4763 2364 4816 οὐκ
2390 4761 2540 4812 ίσασι
2568 4759 2851 4827 πρόνοιαν,
2882 4757 2975 4810 καὶ
2995 4755 3096 4826 τὴν
3119 4753 3593 4823 ὲπιπσρευομένην
3614 4755 3738 4816 τοῖς

2153 4853 2476 4922 πράγμασιν
2501 4846 2819 4908 ἀθετοῦντες
2853 4845 3103 4914 ἀνάγκην
3140 4844 3240 4912 τῆς
3270 4841 3463 4912 τύχης.
3496 4843 3741 4895 Πάντων

2155 4913 2263 5014 γάρ
2284 4913 2367 5007 ῶς
2397 4942 2542 5003 είκὸς
2573 4931 3220 5009 προεγνωσμένωνθεῷ,
3254 4936 3350 4988 καὶ
3390 4935 3528 4986 πᾶσι
3561 4949 3740 4985 πεπι-
3809 4913 3814 4918 ’

2157 5036 2454 5103 στευμένου
2509 5029 2696 5102 μήπω
2718 5028 2780 5100 μ’.
2823 5028 2922 5082 115
3059 5027 3246 5098 μηδενί
3279 5043 3357 5096 τῳ
3409 5024 3601 5094 τρόπῳ
3632 5025 3741 5092 τὴν

2155 5123 2307 5176 θείαν
2352 5121 2555 5186 ἐξεῖναι
2606 5116 3001 5186 διαψευσθῆναι
3055 5116 3334 5182 πρόνοιαν,
3386 5112 3446 5177 ἐξ
3478 5114 3741 5181 ἀνάγκης

2155 5213 2447 5285 ἀκολουθεζ
2478 5212 2571 5263 καὶ
2601 5211 2709 5263 πᾶν
2738 5209 2802 5262 τὸ
2834 5211 2899 5277 τῇ
2940 5208 3063 5278 θείᾳ
3109 5205 3561 5278 προεγνωσμένυν
3600 5222 3743 5272 προ-

2156 5307 2276 5376 νοία
2310 5303 2686 5374 πεπράξεσθαι
2721 5303 2860 5354 καθα
2882 5301 2977 5353 καὶ
3007 5302 3413 5370 προέγνωσται.
3446 5293 3541 5362 Οἷς
3563 5298 3607 5351 δ’
3630 5301 3742 5370 οὐχ

2155 5395 2296 5449 οῦτω
2329 5395 2486 5463 δόξης
2519 5393 2663 5462 ἔχειν
2701 5391 3012 5460 συμϐαίνει,
3043 5391 3142 5443 οὐκ
3171 5391 3237 5443 ἂν
3287 5389 3545 5460 φθάνοιεν
3580 5384 3740 5444 οὗτοι

2156 5489 2357 5550 πάντες
2382 5487 2469 5540 ἐπ’
2512 5484 2771 5539 ἀϐεϐαίου
2807 5485 2900 5536 καὶ
2932 5483 3296 5551 πλανωμένης
3331 5481 3614 5550 τιθέμενοι
3643 5481 3742 5534 δό-

2157 5581 2276 5650 ξης,
2303 5579 2377 5642 ὡς
2403 5579 2576 5647 ἔγωγε
2602 5573 2777 5648 οἴμαι,
2803 5579 2931 5639 τοὺς
2961 5577 3060 5645 τῆς
3089 5577 3239 5636 θείας
3273 5575 3560 5644 θεμελίους
3596 5590 3742 5642 προ-

2156 5673 2326 5738 νοίας,
2359 5671 2443 5740 ἐφ’
2489 5673 2588 5724 ὅσα
2617 5672 2709 5723 τὸν
2748 5670 2926 5722 πάντα
2978 5669 3168 5738 χρόνον
3214 5668 3497 5738 προϐαίνει
3539 5685 3600 5719 τε
3635 5667 3739 5720 καὶ

2157 5755 2496 5834 προϐήσεται
2523 5763 2620 5816 τυῦ
2647 5761 3036 5832 βεϐαιώσοντος
3063 5761 3163 5812 οὐκ
3188 5759 3341 5821 ὄντος
3372 5758 3733 5829 ἐρείσματος.

2157 5853 2254 5922 Οἷς
2279 5857 2386 5928 γὰρ
2437 5856 2538 5911 οὐκ
2575 5856 2724 5909 ἐστιν
2778 5852 2836 5919 ἐξ
2864 5852 3109 5924 ἀνάγκης
3157 5851 3384 5922 βεϐαίαν
3418 5850 3733 5921 κεκτῆσθαι
