3856 6562
389 357 562 420 ⁸183

1611 378 2026 444 NICEPHORI
2061 383 2451 448 GREGOR/E

3587 389 3684 454 194

449 471 612 568 nibus
640 471 1064 534 circumscribit.
1113 481 1346 537 Perinde
1393 498 1457 541 ac
1488 481 1534 540 si
1563 489 1690 556 quis
1739 488 2022 545 ambulare

2127 492 2432 563 ἁπλότητος
2477 495 2761 568 ίσταμὲνῳ
2804 496 2994 568 ’μένων
3021 499 3114 553 τὸν
3145 498 3323 551 πάντα
3371 495 3567 556 αἰῶνα,
3592 499 3684 549 κὰν

446 560 688 633 aliquem
701 565 891 623 videns
904 568 1322 647 referat,verum
1340 573 1523 629 dicere
1538 591 1662 631 eum
1678 592 1900 634 necesse
1915 589 2024 637 est.

451 651 560 708 Nec
586 663 791 724 tamen,
814 659 960 730 quod
983 676 1172 717 verum
1193 663 1284 720 ille
1314 675 1524 734 narrat,
1561 668 1632 721 ob
1655 683 1774 723 eam
1806 685 2028 726 causam

360 763 366 768 ν
449 745 537 800 hic
575 748 844 814 ambulat,
885 751 980 806 sed
1014 756 1162 823 quod
1199 755 1290 826 qui
1317 756 1581 822 ambulat,
1604 759 1884 816 ambulare
1909 761 2030 833 ipse

446 838 582 903 vult,
604 843 919 898 necessario
932 843 994 898 fit
1012 855 1071 901 ut
1091 863 1281 902 verum
1300 848 1391 905 ille
1411 860 1614 906 narret.
1638 851 1812 924 thni
1832 852 2030 907 ambu-

446 931 523 985 lat
540 947 761 987 causam
779 934 872 989 dat
889 952 992 991 cur
1022 938 1113 994 ille
1127 956 1317 995 verum
1337 941 1506 1008 dicat,
1525 942 1598 998 ita
1618 954 1676 998 ut
1694 953 1815 1014 post
1835 959 2025 1000 causa-

444 1031 558 1076 tnm
575 1029 814 1081 narratio
830 1027 1012 1084 Iocu'm
1030 1032 1382 1090 obtineat.0b
1399 1036 1718 1092 societatem
1732 1037 2028 1106 quamdam

444 1118 690 1172 narratio
707 1119 926 1175 videtur
957 1138 1079 1192 qua!
1109 1135 1366 1196 tanquam
1402 1126 1580 1196 imago
1610 1128 2025 1198 sequitnrveri-

447 1209 576 1262 ιιιίε
593 1211 823 1267 omnino
848 1216 1232 1271 necessitatem
1258 1218 1480 1273 habere.
1504 1219 1608 1274 Sed
1627 1235 1714 1275 res
1732 1235 1840 1274 non
1861 1221 1934 1274 ita
1965 1237 2027 1276 se

445 1294 629 1352 habet.
643 1299 854 1356 Etenim
869 1319 970 1360 nec
982 1308 1252 1361 narrantis
1263 1307 1506 1364 narratio
1521 1323 1620 1364 nec
1637 1309 1873 1365 videntis
1887 1310 2028 1365 visio

447 1391 615 1456 ullam
636 1396 1023 1451 necessitatem
1044 1397 1278 1468 imponit
1300 1399 1639 1457 ambulantis
1670 1401 1939 1457 voluntati
1967 1411 2026 1458 et

446 1483 718 1542 libertati.
747 1487 927 1559 Atque
945 1489 992 1544 si
1022 1490 1323 1558 videbitur,
1349 1493 1621 1548 rationem
1650 1495 1792 1550 hanc
1812 1510 1911 1565 per
1939 1497 2022 1551 aI-

449 1587 632 1633 terum
669 1581 984 1652 exemplum
1005 1582 1286 1652 quoddam
1315 1585 1752 1654 probabiliorem
1771 1587 2022 1646 reddam.

451 1669 724 1728 Ponamns
755 1674 922 1744 igitur
950 1675 1186 1744 aliquem
1217 1676 1426 1746 lignum
1457 1678 1640 1733 tribus
1667 1679 1875 1734 cubitis
1897 1679 2018 1735 Ion-

2127 589 2205 660 τῷ
2235 592 2461 662 μηδαμῆ
2505 610 2638 647 ποτε
2677 596 3112 666 παραλλάττοντι
3168 593 3423 648 ἐνεστῶτι
3468 593 3684 660 ἱστάμε-

2128 698 2239 745 νος.
2271 683 2384 737 Καὶ
2426 683 2572 756 ὁρῶν
2601 687 2664 740 οὐ
2691 686 2783 759 βίᾳ
2819 687 3255 760 μεταῤῥυθμίζει
3283 687 3389 739 τινί
3417 685 3447 738 δ
3473 683 3573 751 τὴν
3596 684 3683 747 ἀρα

2128 773 2232 844 χὴν
2259 777 2374 839 τοῖς
2418 777 2782 848 ἀνθρωπίνοις
2839 779 3146 849 θελήμασιν
3179 778 3379 831 ἔδωκεν
3436 774 3685 837 αὐτεξού-

2129 868 2519 939 σιον.⁹ομοιον
2547 871 2659 944 γὰρ
2685 871 2754 926 ἂν
2783 874 2869 943 εῐη
2896 871 3086 941 ὥσπερ
3116 871 3184 925 ἂν
3225 871 3281 924 εί
3299 887 3381 932 τις
3413 868 3686 939 βαδίζοντά

2126 975 2249 1011 τινα
2297 957 2512 1030 βλέπιυν
2546 961 2867 1032 ἐξαγγέλλω
2906 966 2974 1034 τῇ
3022 962 3260 1034 γλώττῃ.
3307 961 3410 1014 τὸν
3463 959 3566 1029 μὲν
3607 959 3686 1008 λέ-

2127 1066 2295 1117 γοντα
2361 1053 2650 1123 ἀληθεύειν
2688 1055 2924 1126 ἀνάγκη,
2977 1057 3039 1109 οὐ
3100 1055 3383 1124 μέντοιγε
3441 1052 3595 1123 παρὰ
3631 1053 3687 1103 τὸ

2127 1141 2415 1210 ἀληθεύειν
2464 1146 2558 1198 τὸν
2615 1146 2846 1214 λέγοντα
2903 1149 2932 1200 6
2975 1145 3210 1216 βαδίζων
3257 1146 3487 1213 βαδίζει.
3538 1145 3686 1198 Ἀλλὰ

2126 1229 2434 1301 τοῦμπαλιν
2461 1234 2596 1289 διότι
2620 1237 2648 1288 6
2679 1235 2915 1306 βαδίζων
2937 1237 3178 1306 βαδῖζειν
3203 1235 3550 1306 βεϐούληται,
3569 1236 3691 1305 ὀλη-

2128 1323 2306 1377 θεύειν
2334 1325 2394 1387 ἐξ
2416 1327 2663 1398 ἀνάγκης
2686 1327 2743 1400 [ί.
2779 1329 2882 1383 IN
2906 1327 2988 1401 υ.]
3011 1328 3298 1399 συμϐαίνει
3328 1327 3420 1380 τὸν
3446 1327 3689 1392 λέγοντα.

2128 1413 2243 1467 Kal
2269 1415 2454 1468 δίδωσι
2491 1415 2594 1484 μὲν
2616 1417 2716 1488 τὴν
2748 1420 2935 1472 αἰτίαν
2965 1419 2995 1471 6
3025 1417 3258 1488 βαδίζων
3274 1416 3370 1472 τοῦ
3397 1434 3462 1484 γε
3487 1416 3581 1468 τὸν
3610 1415 3688 1468 λέ-

2125 1522 2290 1574 γοντα
2319 1507 2635 1578 ἀληθεύειν,
2661 1509 2760 1582 τὴν
2803 1510 2860 1564 δέ
2886 1509 2986 1564 τοῦ
3013 1511 3258 1564 αἰτιατοῦ
3301 1509 3486 1579 χώραν
3515 1507 3714 1560 δεύτεο’

2127 1613 2222 1666 ρος
2251 1597 2423 1652 ἐπιὼν
2455 1603 2486 1654 6
2511 1599 2669 1669 λόγος
2708 1602 2997 1671 λαμϐάνει.
3060 1602 3170 1656 Kal
3215 1601 3365 1654 δοκεῖ
3424 1600 3525 1668 μὲν
3560 1598 3690 1651 κατὰ

2128 1692 2424 1758 μετουσίαν
2456 1692 2581 1746 τινὰ
2632 1694 2728 1748 καὶ
2779 1696 2808 1748 6
2839 1694 2998 1763 λόγος
3031 1693 3108 1757 ὡς
3159 1693 3431 1762 ἑπόμενον
3469 1690 3693 1759 ίνδαλμα

448 1776 575 1829 gum
608 1761 677 1816 ad
718 1763 895 1818 baculi
927 1781 1084 1821 usum
1119 1777 1317 1836 spente
1343 1768 1492 1824 domi
1525 1781 1832 1857 secantem,
1870 1772 2025 1827 nullo

2127 1783 2223 1850 τὴν
2248 1783 2344 1836 τοῦ
2395 1784 2686 1854 ἀληθεύειν
2742 1785 2892 1858 ἔχειν
2937 1787 3085 1850 ὅπως
3117 1785 3243 1839 ποτ’
3287 1786 3563 1854 ἀνάγκην,
3602 1786 3692 1837 οὐκ

449 1849 583 1902 roris
605 1849 832 1920 jubente
861 1867 928 1909 ex
956 1855 1211 1908 omnibus
1239 1855 1333 1925 qui
1365 1855 1593 1912 domum
1628 1845 2025 1928 praetereuntes

2127 1845 2243 1942 ἔχει
2273 1875 2319 1928 δ’
2353 1871 2448 1929 οὖν
2469 1845 2498 1905 α’
2517 1877 2636 1931 οὐδὲ
2672 1845 3081 1948 γάεῗοιδεμιαᾴ
3103 1877 3350 1946 ἀνάγκην
3381 1845 3502 1928 ate:
3533 1845 3563 1928 ὁ
3606 1875 3693 1928 τοῦ

447 1955 573 1994 eum
598 1950 853 1998 cernunt.
907 1945 1017 2000 Nec
1064 1959 1197 2001 vero
1230 1947 1368 2017 ipse,
1395 1958 1455 2002 ut
1489 1949 1708 2019 opinor,
1747 1950 2029 2006 dubitabis

447 2033 583 2094 quin
608 2035 678 2088 ob
709 2035 994 2092 hominum
1022 2036 1387 2108 frequentiam
1420 2050 1818 2111 praetereuntes
1840 2043 2025 2099 statim

448 2134 676 2181 cernant
702 2135 754 2181 et
788 2128 1100 2198 intelligant
1130 2145 1239 2200 qua
1277 2130 1348 2186 sit
1370 2131 1717 2203 longitudine
1749 2144 1804 2190 et
1832 2136 2024 2190 latitu-

447 2214 576 2270 dine
603 2215 896 2286 baculum;
925 2221 1128 2274 nullam
1163 2230 1348 2277 autem
1377 2223 1514 2278 visio
1546 2225 1700 2295 operi
1729 2227 2029 2281 necessita-

449 2320 563 2365 tem
593 2310 777 2366 infert.
826 2311 881 2368 Si
930 2313 1095 2384 igitur
1123 2314 1270 2370 Deus
1308 2316 1454 2371 sicut
1506 2318 1797 2386 prasentia
1847 2320 2026 2373 cernit

449 2411 505 2457 et
542 2417 662 2473 qua
690 2411 893 2459 suntet
927 2421 1048 2475 qua:
1081 2407 1246 2476 212
1272 2407 1454 2462 futura
1488 2422 1618 2464 sunt
1647 2410 1851 2472 omnia.
1890 2426 2025 2481 quo.

451 2495 617 2551 modo
645 2496 794 2552 dicat
825 2497 1118 2568 quisquam
1149 2501 1242 2554 Dei
1275 2501 1544 2556 visionem
1572 2510 1628 2557 et
1649 2503 2024 2572 cognitionem

449 2590 614 2644 ullam
639 2590 839 2645 afferre
866 2593 1254 2648 necessitatem
1281 2593 1352 2649 iis
1385 2610 1507 2664 quae
1555 2605 1682 2650 nata
1713 2597 1892 2652 libero
1922 2612 2026 2652 nec

447 2681 559 2736 ullo
597 2681 883 2737 dominatu
930 2684 1198 2739 obstricto
1249 2685 1444 2740 ordine
1515 2685 1907 2757 perficiuntur?
1954 2689 2025 2746 Ut

445 2776 593 2830 enim
642 2775 931 2831 hominum
960 2777 1205 2832 omnium
1232 2779 1377 2832 nulla
1403 2779 1544 2834 visio
1571 2779 1641 2836 iis
1660 2796 1780 2850 quae
1809 2781 1862 2836 in
1888 2797 2025 2852 prm-

449 2870 590 2925 senti
621 2869 737 2924 fieri
772 2881 1103 2936 cernuntur,
1130 2873 1206 2927 ita
1239 2887 1342 2927 nec
1374 2873 1466 2927 Dei
1492 2875 1856 2944 praeognitio
1903 2876 2022 2930 sive

449 2961 693 3034 cognitio
721 2961 788 3017 iis
814 2977 938 3030 quae
967 2961 1106 3018 fiunt
1131 2964 1299 3020 ullam
1330 2979 1571 3035 unquam
1603 2965 1711 3019 vim
1743 2966 1900 3020 affert
1920 2983 2023 3022 nec

447 3055 761 3110 necessitati
796 3056 1114 3112 libertatem
1142 3056 1313 3111 semel
1342 3056 1527 3111 datam
1560 3057 1806 3128 subiicit.
1847 3057 2017 3114 Simi-

445 3148 576 3203 liter
600 3149 749 3236 enim
783 3149 927 3203 Deus
959 3164 1025 3203 ea
1056 3163 1178 3219 quae
1205 3149 1343 3205 fiunt
1393 3160 1450 3204 et
1480 3165 1601 3218 qua:
1660 3150 1843 3204 futura
1891 3158 2022 3204 sunt
2047 3178 2093 3242 ρ

447 3242 649 3305 cernit,
686 3231 840 3318 nullo
872 3241 1197 3297 discrimine
1227 3243 1578 3313 interposito,
1601 3243 1805 3314 quippe
1834 3243 1926 3313 qui
1968 3245 2024 3298 in

446 3333 804 3404 simplicitate
854 3335 1162 3405 praesentia!
1215 3349 1328 3390 suae
1370 3337 1636 3391 continuo
1686 3346 2024 3407 permaneat.

449 3425 709 3480 haetiam
741 3426 1052 3482 libertatem
1089 3427 1292 3499 cuique
1335 3428 1522 3483 datam
1582 3444 1866 3497 nunquam
1913 3446 2026 3486 non

449 3519 725 3574 concedit.
753 3520 986 3583 Idcirco,
1019 3529 1076 3574 ut
1101 3521 1235 3587 dixi,
1264 3534 1366 3578 nec
1393 3521 1680 3590 providere
1713 3529 1770 3576 et
1798 3536 2028 3592 procog-

2127 1965 2380 2033 λέγοντος
2407 1968 2566 2035 λόγος
2595 1967 2712 2023 οὐθ’
2761 1972 2789 2023 6
2827 1969 2923 2022 τοῦ
2981 1969 3268 2039 βλέποντος
3316 1967 3600 2037 ὀφθαλμὸς
3632 1969 3692 2033 τῇ

2127 2053 2223 2107 τοῦ
2284 2055 2594 2124 βαδίζοντος
2620 2057 2932 2126 ἐπήνεγκεν
2976 2055 3263 2127 ἐλευθερίᾳ
3297 2057 3439 2108 κατὰ
3469 2054 3575 2124 τὴν
3607 2053 3694 2106 toi

2129 2144 2368 2216 βαδίζειν
2389 2147 2684 2202 ἀδέσποτον
2708 2148 2947 2218 θέλησιν.
2978 2149 3088 2202 Kal
3117 2148 3326 2201 είδοκεῖ
3353 2145 3695 2215 γυμναστέον

2126 2234 2285 2301 αὖθις
2319 2241 2411 2311 τὸν
2458 2241 2619 2308 λόγον
2652 2239 2960 2316 ἐφ’ξέτέρου
2985 2241 3132 2303 τινὸς
3177 2240 3582 2308 ὐποδείγματος
3614 2256 3695 2288 τε-

2125 2327 2414 2397 λεώτερονο
2451 2329 2654 2383 κείσθω
2681 2331 2794 2399 γάρ
2814 2347 2935 2384 τινα
2980 2332 3225 2401 τήμερον
3263 2334 3508 2400 τρίπηχυ
3546 2327 3695 2392 ξύλον

2127 2421 2257 2490 φέρε
2294 2422 2470 2475 είπείν
2493 2424 2574 2485 είς
2606 2422 2807 2492 ῥάϐδου
2833 2425 3028 2495 χρείαν
3058 2423 3117 2490 ἐξ
3161 2421 3512 2492 αὐτοσχεδίου
3543 2419 3693 2490 Θελή-

2128 2532 2263 2576 σεως
2310 2514 2526 2568 οἴκοθεν
2555 2516 2816 2580 άποξέειν
2851 2515 3274 2586 μεταποιοῦντα,
3309 2513 3536 2584 μηδενὸς
3594 2513 3696 2564 τῶν

2127 2607 2381 2662 ἁπάντων
2423 2607 2590 2676 μηδὲν
2619 2609 3001 2671 ἐπιτάττοντος
3027 2607 3232 2672 ἔξωθεν
3264 2609 3380 2661 ὅσοι
3407 2606 3695 2676 παριόντες

2126 2700 2346 2771 ὁρῶσιν.
2379 2701 2494 2753 Οὐκ
2526 2701 2595 2754 ἂν
2643 2697 2738 2754 οὖν
2771 2701 2886 2754 οὐδ’
2915 2701 3097 2764 αὐτὸς,
3127 2695 3308 2770 οἶμαι,
3344 2697 3695 2768 ἀμφισϐητή⁴

2128 2807 2282 2854 σειας
2311 2792 2386 2864 μὴ
2411 2794 2530 2845 κατ’
2565 2793 2770 2864 ἀθρόαν
2801 2793 2930 2856 τούς
2973 2794 3274 2862 παριόντας
3318 2789 3619 2859 περίληψιν
3645 2791 3699 2841 6-

2127 2883 2229 2953 ρᾷν
2265 2883 2364 2954 μὲν
2405 2883 2501 2938 καὶ
2530 2885 2826 2952 γινώσκειν
2857 2885 3021 2948 εὐθὺς
3066 2883 3241 2953 ὁπόση
3274 2883 3370 2936 καὶ
3398 2882 3490 2935 οἷα
3525 2881 3696 2950 μῆκος

2125 2970 2242 3040 ἅμα
2274 2972 2369 3025 καὶ
2400 2971 2605 3035 πλάτος
2649 2973 2680 3043 ἠ
2717 2973 2938 3042 ράὁδος,
2971 2972 3245 3041 μηδεμίαν
3274 2969 3320 3024 δ’
3369 2970 3602 3038 ἐπάγειν
3641 2969 3698 3020 ἁ-

2125 3062 2337 3132 νάγκην
2364 3064 2429 3132 τῇ
2462 3063 2662 3132 πράξει
2688 3064 2789 3134 τὴν
2815 3062 2968 3118 θέαν.
3003 3064 3067 3118 Εἰ
3096 3062 3188 3116 οὖν
3209 3064 3304 3116 καὶ
3330 3061 3461 3124 Θεὸς
3490 3061 3568 3123 ὡς
3589 3062 3698 3114 ἐνε-

2127 3155 2306 3208 στῶτα
2339 3155 2500 3210 πάντ’
2543 3155 2632 3209 ἐπ’
2666 3155 2788 3227 ῐσης
2840 3157 2942 3228 ὁρᾷ
2971 3157 3042 3209 τά
3085 3173 3145 3209 τε
3183 3156 3249 3226 δὴ
3298 3155 3566 3224 γινόμενα
3610 3155 3697 3206 καὶ

2126 3249 2489 3318 γενησόμενα,
2522 3249 2575 3300 τί
2609 3265 2693 3312 τις
2754 3249 2820 3301 ἄν
2850 3248 2964 3320 ἔχοι
3017 3247 3199 3316 λέγειν
3227 3247 3300 3311 ὡς
3347 3248 3382 3316 ἡ
3427 3246 3527 3301 τοῦ
3565 3245 3699 3299 Θεοῦ

2127 3339 2328 3410 θεωρία
2367 3342 2468 3394 καὶ
2498 3342 2702 3409 γνῶσις
2734 3341 2980 3410 ἀνάγκην
3011 3343 3209 3408 ἐπάγει
3250 3340 3372 3394 τινὰ
3404 3341 3516 3402 τοῖς
3554 3339 3699 3392 ἐλεύ-

2126 3431 2286 3502 θερον
2311 3433 2586 3488 τελεῖσθαι
2613 3435 2708 3488 καὶ
2730 3435 3026 3489 ἀδέσποτον
3046 3434 3318 3504 πεφυκόσι
3341 3435 3434 3486 τὸν
3456 3434 3661 3501 τρόπον
3680 3448 3696 3496 ;

2127 3526 2343 3598 ’Ὥσπερ
2393 3530 2504 3598 γὰρ
2549 3529 2672 3582 οὐδέ
2717 3529 2823 3581 τῶν
2859 3529 3162 3597 ἀνθρώπων
3208 3528 3435 3594 οὐδεμία
3474 3544 3563 3588 τις
3593 3526 3699 3576 τῶν

453 3625 682 3664 noscere
712 3610 904 3673 Deum,
937 3626 1100 3681 quam
1132 3610 1318 3666 videre
1338 3619 1394 3668 et
1410 3625 1741 3680 cognoscere
1768 3606 2025 3666 malueris

2130 3619 2410 3686 ἁπάντων,
2439 3619 2516 3684 ὡς
2571 3621 2807 3691 εἴρηται,
2841 3621 2964 3690 ὄψις
2993 3623 3266 3690 ἀνάγκην,
3299 3615 3378 3678 οἷς
3416 3621 3481 3674 ἂν
3511 3621 3579 3671 ἐκ
3609 3617 3700 3670 τοῦ

454 3704 657 3766 dicere,
686 3719 810 3760 cum
842 3703 1135 3774 praeteritis
1190 3705 1356 3760 simul
1391 3715 1447 3760 et
1486 3703 1687 3759 futuris
1728 3705 1820 3775 qui
1870 3705 2024 3760 locus

2136 3712 2480 3780 παρήκοντος
2511 3713 2820 3783 γινομένοις
2844 3715 2966 3786 δρᾷ,
3006 3712 3236 3784 μηδαμῆ
3279 3715 3472 3780 ἐπάγει
3517 3710 3701 3781 βιαίαν

450 3795 764 3852 vindicetur
787 3795 969 3852 nullus
993 3797 1325 3852 inveniatur.

2134 3803 2413 3870 οὐδεμίαν,
2448 3803 2624 3867 οὕτως
2673 3805 2781 3858 οὐδ’
2827 3807 2862 3876 ἡ
2918 3805 3010 3858 τοῦ
3076 3804 3211 3857 Θεοῦ
3259 3805 3368 3858 εἴτε
3396 3804 3703 3872 πρόγνωσιν

452 3892 633 3960 λέγειν
671 3891 850 3962 χρεὼν
900 3891 1008 3945 είτε
1065 3892 1291 3960 γνῶσιν,
1357 3885 1438 3955 οἷς
1477 3891 1579 3962 ἐρᾷ
1616 3891 1963 3962 γιγνομένοις
2029 3898 2092 3952 οὐ
2132 3895 2308 3968 βίαιον
2339 3899 2535 3967 ἐπάγει
2564 3899 2774 3953 οὐδέσιν
2804 3899 2980 3966 οὐδὲν,
3015 3898 3127 3952 οὐδ’
3153 3900 3366 3968 ἀνάγκη
3395 3896 3578 3950 δουλοῖ
3606 3896 3701 3964 τὴν

452 3986 600 4050 ἆπαξ
623 3985 716 4040 ὑπ’
748 3985 913 4040 αὐτοῦ
978 3985 1274 4055 δεδομένην
1339 3985 1656 4055 ἐλευθερίαν
1720 3989 1833 4050 τοῖς
1889 3991 2233 4060 πράγμασιν.
2271 3991 2392 4045 Ἐπ’
2429 3993 2551 4062 ίσης
2588 3994 2696 4064 γὰρ
2733 3998 2761 4048 6
2793 3996 2926 4059 Θεος
2962 3996 3069 4068 όρᾷ
3106 3997 3171 4049 τὰ
3215 3994 3479 4064 γινόμενά
3509 4011 3573 4046 τε
3611 3994 3703 4045 καὶ

452 4077 817 4148 γενησόμενα,
852 4077 946 4131 καὶ
977 4077 1127 4130 οὐδὲν
1189 4071 1391 4148 μᾶλλον
1457 4077 1603 4147 αὐτῷ
1653 4080 1802 4148 παρὰ
1865 4080 2092 4150 θάτερον
2133 4081 2385 4152 θάτερον,
2422 4087 2478 4136 ἐν
2509 4088 2578 4156 τῇ
2611 4086 2874 4153 ἁπλότητι
2921 4089 3098 4156 μένων
3140 4087 3226 4140 ἐπ’
3264 4088 3381 4158 ἴσης
3409 4087 3577 4149 αὐτὸς
3610 4086 3701 4138 τοῦ

451 4172 720 4242 σφετέρου
772 4171 1036 4240 διηνεκῶς
1081 4168 1418 4231 ἐνεστῶτος·
1452 4169 1548 4222 καὶ
1577 4169 1778 4238 ὁμοίως
1825 4171 1913 4224 ἀεὶ
1959 4173 2020 4226 τὸ
2092 4173 2376 4245 δεδομένον
2441 4177 2699 4242 ἑκάστοις
2743 4177 3024 4232 ἐνδίδωσιν
3068 4177 3438 4244 αὐτεξούσιον.
3481 4181 3574 4230 Διὸ
3610 4179 3701 4232 καὶ

450 4267 603 4323 οὐδὲν
636 4263 859 4332 μᾶλλον,
897 4263 970 4326 ὼς
1010 4263 1247 4334 εἴρηται,
1277 4261 1442 4332 φαίης
1480 4261 1546 4315 ἂν
1613 4263 1705 4316 τὸν
1749 4263 1882 4317 Θεὸν
1927 4269 2166 4338 προορᾷν
2220 4286 2278 4320 τε
2333 4269 2426 4322 καὶ
2498 4269 2894 4340 προγινώσκειν
2946 4272 2982 4343 ἢ
3050 4274 3182 4342 όρᾷν
3235 4274 3329 4326 καὶ⁸
3383 4271 3698 4339 γινώσκειν,

449 4341 544 4416 τόδ
608 4357 860 4432 χρονικοῦ
925 4357 1318 4428 παρῳχηκότος
1371 4357 1487 4426 ἅμα
1543 4359 1637 4410 καὶ
1673 4358 1961 4427 μέλλοντος
2011 4361 2094 4413 ἐνί
2133 4363 2343 4435 γεμτῴ
2371 4365 2559 4436 τρόπῳ
2604 4367 2804 4430 τελέως
2864 4366 3119 4420 ἐντεῦθεν
3179 4367 3557 4436 ἐξωθουμένου
3606 4370 3700 4420 καὶ

455 4457 641 4530 χώραν
705 4453 854 4524 αύτῷ
884 4443 1268 4524 προσήκουσαν
1298 4450 1555 4519 οὐδεμίαν
1591 4451 1804 4520 οὐδαμῆ
1839 4453 2281 4522 ἐφευρίσκοντος.

524 4551 762 4610 XXVIII.
793 4550 933 4618 Quid
958 4549 1126 4620 igitur
1146 4563 1174 4602 a
1204 4547 1685 4602 criminationibus
1724 4559 1930 4618 patrem
1954 4547 2020 4602 ad

2204 4553 2340 4608 κη’.
2383 4553 2449 4607 Τί
2481 4555 2662 4610 τοίνυν
2694 4557 2752 4620 ἐς
2773 4556 2834 4609 τὸ
2864 4556 3042 4610 ἀθῶον
3071 4556 3237 4620 αὐτὸς
3265 4557 3600 4626 παρεξάγεις
3634 4560 3701 4614 τὰ

455 4645 832 4707 innocentiam
864 4658 1092 4700 revocas
1149 4642 1360 4696 incerta
1389 4641 1660 4696 sententia
1716 4657 1843 4696 cum
1907 4653 2024 4698 arte

453 4740 687 4813 quadam
711 4740 764 4792 in
795 4747 942 4792 tuam
981 4751 1092 4790 rem
1128 4747 1280 4787 versa
1307 4741 1363 4786 et
1406 4733 1683 4786 rationum
1728 4731 1921 4787 fraude
1952 4732 2019 4785 ad

452 4835 790 4890 voluntatem
817 4827 1007 4885 studes
1057 4833 1274 4879 mutare
1319 4838 1406 4884 ea.
1433 4824 1637 4893 quibus
1669 4839 1884 4895 poenam
1933 4825 2024 4879 ille

455 4929 608 4986 dabit
641 4927 754 4981 Deo
793 4925 887 4994 qui
918 4921 1093 4976 cernit
1131 4928 1187 4972 et
1221 4917 1524 4990 dijudicat?
1574 4918 1786 4973 Etenim
1832 4926 2025 4986 sponte

455 5021 716 5092 profugus
738 5016 832 5071 Dei
863 5025 918 5069 et
954 5015 1186 5067 fortune
1212 5008 1402 5064 fausta:
1433 5009 1725 5079 gloriaeque
1751 5008 2027 5063 desiderio

454 5115 679 5175 ductus,
709 5109 777 5162 ab
802 5107 994 5160 divino
1022 5104 1114 5158 illo
1146 5103 1264 5155 viro
1296 5110 1600 5170 seiunctus,
1625 5115 1789 5170 quam
1823 5099 2026 5171 glorio-

454 5218 576 5259 sum
613 5216 812 5256 nomen
846 5212 939 5267 per
967 5205 1164 5249 terram
1198 5208 1382 5248 serere
1414 5193 1648 5254 studuit,
1711 5203 1815 5246 tam
1845 5192 2024 5261 inglo-

456 5296 657 5349 riosam
718 5303 950 5345 messem
1012 5294 1283 5356 perpetuo
1335 5283 1484 5339 facit.
1531 5282 1776 5340 Consilio
1809 5299 2029 5353 semper

456 5389 753 5443 destitutus
788 5399 816 5437 a
847 5379 1010 5451 213
1061 5361 1320 5432 felicitate
1372 5376 1643 5448 rejicitur,
1691 5387 1854 5446 atque
1904 5392 2027 5446 quae

457 5480 886 5553 persequebatur
911 5488 1171 5546 tanquam
1209 5473 1418 5542 optima
1476 5472 1808 5536 arbitratus,
1869 5471 2030 5525 exiis

459 5575 716 5628 erunibus
750 5571 908 5640 plane
940 5570 1186 5640 deiectus
1229 5575 1314 5620 est
1357 5580 1386 5618 a
1427 5561 1648 5616 fortuna
1685 5563 1772 5617 cui
1823 5563 2028 5617 servie-

461 5671 554 5722 bat
585 5674 831 5720 coaetus.
887 5660 989 5716 Ubi
1028 5661 1273 5715 omnium
1325 5671 1512 5727 regum
1563 5653 1945 5709 felicissimum
1973 5672 2030 5710 se

459 5777 578 5816 esse
617 5758 863 5826 putabat,
897 5754 1099 5810 ibidem
1135 5752 1353 5808 fortuna
1409 5750 1464 5803 in
1522 5748 1750 5802 alteram
1820 5757 2028 5817 partem

463 5855 723 5908 inclinata
755 5851 1010 5905 universo
1037 5847 1160 5903 vitae
1190 5842 1506 5916 spectaculo
1533 5851 1589 5899 et
1620 5852 1891 5899 terrarum
1910 5841 2030 5897 orbi

2128 4644 2221 4698 τοῦ
2253 4647 2458 4717 πατρὸς
2483 4648 2830 4718 ἐγκλήματα,
2893 4648 3170 4718 σφαλερᾶς
3236 4649 3478 4711 διανοεαῖ
3533 4650 3702 4719 εὔφη-

2131 4736 2232 4805 μόν
2262 4753 2384 4788 τινα
2440 4738 2540 4805 τὴν
2579 4739 2933 4808 ἀποστροφὴν
3000 4739 3548 4809 ἀντιμηχανώμενος,
3611 4741 3702 4792 καὶ

2128 4829 2305 4896 λόγοις
2345 4829 2644 4898 ἀπατηλοῖς
2684 4831 2820 4901 πρὸς
2849 4831 2908 4882 τὸ
2941 4829 3272 4900 βουλόμενον
3315 4833 3572 4895 σπεύδεις
3609 4849 3704 4902 με-

2127 4921 2405 4975 τατιθέναι
2440 4920 2516 4980 ὧν
2535 4921 2636 5000 τὴν
2665 4923 2892 4976 κόλασιν
2943 4924 3127 4994 ἔργοις
3163 4927 3370 4988 ἐκεῖνος
3402 4926 3593 4993 ύφέξιι
3627 4926 3705 4994 τῷ

2130 5009 2385 5078 βλέποντι
2415 5011 2478 5082 [ί.
2512 5012 2616 5066 115
2637 5010 2712 5085 ι’.]
2741 5013 2836 5065 καὶ
2861 5012 3143 5083 κρινοῦντι
3187 5013 3305 5084 Θεῷ
3329 5031 3347 5080 ;
3385 5015 3567 5084 eum
3592 5018 3702 5082 γὰρ

2129 5099 2412 5171 ἐθελοντὴς
2436 5098 2530 5153 τοῦ
2557 5099 2695 5153 Θεοῦ
2734 5098 3001 5169 γεγονὼς,
3031 5102 3127 5155 καὶ
3161 5103 3309 5171 πόθῳ
3353 5105 3701 5174 προσκαίρου

2128 5191 2300 5262 τύχης
2322 5192 2416 5244 καὶ
2450 5191 2608 5259 δόξης
2645 5191 2744 5244 τοῦ
2763 5193 2910 5245 θείου
2940 5193 3121 5262 φωτὸς
3169 5195 3382 5248 ἐκείνου
3445 5198 3704 5267 ἁπερῤω-

2119 5284 2261 5352 γὼς,
2296 5284 2426 5354 παρ’
2461 5268 2592 5338 -όσον
2625 5285 2870 5351 ἐπίδοξον
2911 5285 3080 5355 δνομα
3137 5286 3227 5340 διὰ
3257 5286 3361 5357 γῆς
3399 5289 3702 5342 ἐσπούδακε

2133 5378 2402 5446 σπείρειν,
2435 5380 2584 5447 παρὰ
2620 5377 2878 5432 τοσοῦτον
2904 5378 3091 5443 ἄδοξον
3128 5380 3330 5449 στάχυν
3360 5381 3448 5433 del
3474 5380 3704 5451 θερίζει,

2130 5467 2201 5521 δι’
2235 5467 2493 5520 ἀδουλίαν
2557 5467 2644 5520 ἀεὶ
2681 5466 2778 5520 τοῦ
2832 5467 3104 5536 βελτίονος
3156 5469 3703 5540 άπορραπιζόμενος·

2131 5561 2228 5612 καὶ
2257 5559 2292 5612 ἃ.
2331 5559 2552 5612 διώκειν
2581 5560 2758 5612 είλετο
2779 5558 3009 5628 νομίσας
3049 5557 3189 5612 εἶναι
3210 5563 3447 5630 χρηστὰ,
3487 5563 3707 5614 πάντων

2133 5655 2492 5708 ἐκπέπτωκεν
2543 5654 2736 5724 ἄρδην,
2787 5654 2877 5724 ὑφ’
2939 5650 3007 5727 ἦς
3063 5656 3323 5724 ἐλάτρευε
3372 5657 3714 5734 διωκόμενος,

2133 5747 2324 5817 τύχης.
2391 5749 2500 5800 Kal
2559 5747 2681 5801 ἱθεν
2744 5750 3227 5816 εὐδαιμονέστατος
3289 5754 3504 5802 πάντων
3541 5748 3704 5818 ᾠήθη

2135 5841 2386 5910 γίνεσθαι
2428 5840 2715 5912 βασιλέων,
2752 5841 2966 5897 ἐκεῖθεν
2994 5844 3030 5913 ἡ
3083 5842 3381 5906 ἀντίπαλος
3410 5839 3708 5913 παραδύσα
