3966 6568
454 355 552 418 18”

1634 364 2049 426 NICEPHORI
2088 367 2470 430 GRE‘JORE

3591 366 3691 433 138
3755 385 3786 408 θ

452 471 690 524 stiarnm
723 469 1030 525 visceribus
1056 472 1452 544 pra-sagicliant
1483 473 1748 538 Chaldaei,
1776 478 2034 546 quoniam

2147 481 2279 550 πρὸς
2318 482 2458 534 πάνυ
2512 480 2947 548 δυσδιεξόδευτον
2992 482 3342 536 ἐκπονεῖσθαι
3393 481 3710 552 λαϐύρινθον

449 565 518 618 de
552 564 636 618 his
661 579 881 634 quoque
907 565 1122 620 locutus
1146 582 1222 628 es.
1249 577 1305 621 et
1338 568 1542 639 siquod
1574 587 1602 624 a
1631 570 1823 642 Pythia
1845 571 2031 625 datum

449 656 737 710 oraculum
757 656 824 711 ad
849 657 1224 726 cognoscenda
1247 659 1428 714 futura
1451 663 1736 730 spectavit.
1756 663 2039 730 conjectu-

454 750 593 802 rales
611 749 692 802 lim
713 757 840 802 sunt
862 751 1243 818 prardictiones
1263 753 1567 807 daemonum
1594 756 1683 823 qui
1710 755 1950 809 futurum
1969 770 2032 809 ex

451 841 856 894 consulentium
887 841 1206 915 eonditipne
1263 853 1319 898 et
1350 844 1473 900 vita:
1507 847 1715 900 ratione
1751 847 2033 915 colligunt,

453 861 856 894 t'nnsutcnuum
887 861 1092 896 ευηιιιιι
1138 861 1206 896 ne
1263 861 1319 898 ει
1350 861 1473 900 νιιπ)
1507 861 1715 900 l’ﬂllOlle
1751 861 2033 915 cotugunt,

453 948 555 985 nec
588 933 749 986 ullam
788 933 955 989 rebus
1000 861 1382 990 necgssitatem
1440 939 1570 1005 ipsa:
1622 941 2036 1007 prmsagitioiies

455 1019 467 1072 i
496 1021 558 1072 lae
590 1022 995 1090 conjecturales
1023 1024 1284 1085 aﬂ‘erunt,
1317 1042 1416 1080 nec
1461 1029 1736 1081 dwmones
1759 1029 2034 1084 illecebris

455 1111 666 1164 Iraudis
701 1123 929 1178 possunt
961 1115 1024 1166 ad
1061 1126 1412 1182 peccatorum
1457 1118 1758 1186 perniciem
1814 1120 2032 1174 trahere

455 1199 695 1252 animam
737 1216 878 1261 eam.
909 1219 1030 1272 quae
1065 1206 1114 1257 in
1147 1205 1344 1262 timore
1375 1208 1470 1262 Dei
1513 1218 1568 1262 et
1611 1211 1848 1264 sanitate
1885 1210 2032 1266 inte-

457 1293 693 1358 gerrima
727 1293 960 1349 ﬂrmiter
989 1299 1289 1353 constituta
1319 1311 1427 1355 est.
1462 1302 1530 1355 Et
1560 1303 2030 1370 quemadmodum

457 1385 714 1438 homines
743 1402 850 1439 non
880 1388 1194 1456 indigerent
1218 1393 1509 1459 medicina,
1563 1397 1608 1448 si
1643 1411 1750 1449 non
1794 1406 2028 1464 aegrotao

454 1484 601 1538 rent,
632 1475 702 1530 ita
736 1493 838 1531 nec
866 1480 1271 1544 vaticinatione
1333 1499 1474 1552 Opus
1505 1493 1678 1547 esset,
1705 1485 1750 1538 si
1806 1501 1914 1540 non
1975 1486 2029 1540 in

457 1566 796 1622 fortunarum
823 1572 990 1640 216
1021 1573 1263 1628 fallacias
1291 1592 1348 1628 se
1409 1577 1771 1645 projicieutcs
1834 1595 2031 1648 pecca~

456 1669 599 1713 rent.
635 1659 740 1714 Sed
772 1662 970 1717 timore
1006 1663 1156 1718 ducti
1186 1665 1434 1720 futurum
1467 1670 1788 1736 quaerebant
1815 1687 1882 1724 ex
1919 1670 2031 1725 dae-

461 1751 713 1804 monibus
743 1753 836 1820 qui
867 1769 962 1822 per
993 1756 1190 1809 multas
1231 1766 1417 1813 :etates
1457 1760 1796 1814 vaticinandi
1854 1772 2027 1816 artem

455 1854 822 1899 exercuerant
854 1845 1169 1902 hominibus
1197 1851 1420 1918 quidem
1473 1853 1734 1908 omnibus
1785 1855 1883 1922 illi,
1919 1872 2024 1912 nec

2133 573 2245 625 τῶν
2266 590 2325 625 τε
2351 574 2586 627 ἐνταῦθα
2622 575 2965 644 πραγμάτων
2993 575 3088 628 καὶ
3120 574 3231 627 τῶν
3258 573 3347 627 διὰ
3372 573 3472 636 τὰς
3507 574 3710 628 ἐκεῖθεν

2139 666 2556 735 ἡτοιμασμένας
2591 665 2842 728 κολάσεις
2867 667 3259 736 πληττομένων
3289 666 3377 718 ἀεὶ
3416 665 3710 734 λογισμῶν.

2153 758 2391 825 Ἀνάγκη
2445 758 2544 825 μὲν
2581 759 2691 827 γὰρ
2735 760 2803 811 τὰ
2848 759 3080 828 ἐσόμενα
3125 757 3600 827 προγινώσκεσθαι
3639 759 3713 827 τῷ

2135 849 2206 901 τὰ
2249 850 2406 902 πάνθ’
2446 850 2518 912 ὡς
2553 851 2820 903 ἐνεστῶτα
2877 849 3130 921 βλέποντι
3171 849 3311 919 Θεῷ.
3352 849 3452 902 οὑκ
3502 848 3710 915 ἀνάγκη

2137 943 2182 993 δ’
2219 942 2399 997 αἰτίαν
2429 941 2678 1012 ἡγεῖσθαι
2706 943 2890 996 κακῶν
2913 943 3009 1012 τὴν
3037 942 3202 996 αὑτοῦ
3234 942 3566 1008 πρόγνωσιν.
3605 941 3713 994 Καὶ

2136 1037 2190 1087 εί
2208 1053 2260 1087 τι
2293 1035 2338 1086 δ’
2371 1038 2428 1088 ἐν
2461 1038 2571 1097 τοῖς
2607 1036 2716 1087 τῶν
2752 1035 2962 1101 ἀλόγων
3004 1033 3160 1096 ζώων
3191 1033 3520 1102 σπλάγχνοις
3563 1035 3712 1102 ἰχνη-

2134 1125 2358 1178 λατοῦσι
2392 1126 2577 1189 παῖδες
2627 1126 2928 1188 Χαλδαίων,
2963 1129 3084 1179 ἐπεὶ
3136 1127 3229 1179 καὶ
3280 1127 3410 1194 περὶ
3455 1125 3711 1178 τοιούτων

2134 1217 2400 1285 είρήκεις,
2439 1220 2531 1269 καὶ
2578 1219 2632 1270 ετ
2678 1234 2762 1280 τις
2811 1217 2854 1270 δ’
2907 1213 2974 1269 αὖ
3034 1217 3097 1267 ἐκ
3151 1215 3426 1282 Δελφικοῦ
3466 1215 3715 1282 τρίποδος

2134 1308 2457 1378 ὁρμώμενος
2487 1310 2641 1376 λόγος
2667 1311 2804 1380 πρὸς
2840 1309 3144 1378 μελλόντων
3193 1308 3430 1378 ἔρρωται
3467 1309 3715 1378 πρόγνω-

2135 1417 2240 1462 σιν,
2276 1403 2631 1469 στοχαστικαὶ
2670 1402 2769 1455 καὶ
2801 1401 2975 1453 ταῦτα
3021 1401 3291 1470 δαιμόνων
3321 1401 3428 1453 εἰσὶ
3473 1402 3716 1470 προρῤήο

2132 1503 2269 1551 σεις,
2304 1487 2667 1556 ἀθροιζόντων
2691 1489 2753 1540 to
2787 1489 2978 1556 μέλλον
3009 1489 3074 1542 ἐκ
3101 1505 3164 1557 γε
3195 1487 3295 1556 τῆς
3325 1489 3435 1541 τῶν
3465 1487 3712 1557 ἐρωτών-

2132 1595 2242 1631 των
2290 1580 2499 1649 διαίτης
2553 1581 2646 1632 καὶ
2687 1579 2786 1648 τῆς
2817 1579 2912 1632 τοῦ
2963 1579 3079 1648 βίου
3131 1580 3416 1651 αἱρέσεως.
3447 1581 3556 1632 Καὶ
3601 1577 3709 1631 οὒτ’

2133 1670 2381 1738 ἀνάγκην
2431 1671 2592 1733 εὐθὺς
2637 1671 2905 1738 ἐπάγουσι
2961 1673 3056 1724 καὶ
3109 1673 3222 1734 τοῖς
3279 1671 3608 1741 πράγμασιν
3660 1673 3715 1725 αί

2134 1763 2488 1832 στοχαστικαὶ
2521 1766 2857 1838 προρρήσεις
2877 1763 3062 1828 αὗται,
3093 1764 3216 1818 δῦτε
3257 1764 3319 1818 τὸ
3359 1765 3715 1832 προσαγωγόο

2130 1871 2294 1923 τερον
2323 1855 2422 1924 τῆς
2461 1857 2572 1910 τῶν
2609 1858 2881 1926 δαιμόνων
2927 1859 3146 1929 ἀπάτης
3183 1859 3604 1930 μεταρριπίζειν
3631 1859 3715 1910 δύο

462 1945 643 1989 tamen
675 1937 906 1992 multum
934 1941 1345 2008 prudentiores.
1393 1945 1560 2001 Vides
1589 1948 1736 2002 enim
1772 1948 1895 2002 illos
1922 1950 2035 2017 ple-

2147 1965 2301 2000 ναται
2365 1948 2501 2018 πρὸς
2526 1948 2594 2002 τά
2623 1948 2732 2002 τῶν
2783 1951 3070 2020 ἁμαρτιῶν
3112 1944 3523 2022 ἀρρωστήματα
3560 1955 3716 2024 στερ-

461 2043 698 2097 rumque
728 2031 782 2083 in
827 2032 1144 2089 discrimine
1191 2051 1395 2103 ponere
1445 2041 1754 2096 oraculum.
1814 2041 2042 2096 Cateris

459 2120 937 2192 nuiissisJ’ythia,
964 2124 1134 2196 Halyn
1160 2126 1357 2194 inquit,
1382 2127 1425 2182 si
1451 2131 1751 2200 traieceris.
1783 2148 2037 2202 maguum

461 2227 688 2279 regnum
725 2214 951 2270 delebis.
987 2217 1101 2272 Nec
1133 2234 1263 2274 vero
1297 2231 1480 2274 utrum
1518 2238 1749 2292 regnum
1777 2239 1879 2277 nec
1904 2240 2034 2277 num

460 2311 636 2364 fausta
667 2322 811 2366 esset
842 2315 1094 2383 trajectio
1124 2317 1389 2385 quaarcnti
1435 2318 1546 2372 ttllu
1591 2317 1760 2372 verbo
1795 2317 2038 2386 exlilica-

462 2405 561 2469 vit,
589 2404 694 2458 nisi
729 2406 772 2459 si
807 2407 943 2459 forte
983 2407 1294 2476 traieceris.
1322 2410 1646 2479 Hujusmodi
1671 2410 1918 2480 exempla
1943 2410 2036 2480 qui

457 2513 706 2563 quaerere
736 2499 941 2558 volent,
980 2501 1249 2566 permulta
1281 2502 1585 2558 invenient.

2145 2041 2253 2110 ρὠ
2281 2043 2624 2112 ἡδρασμένην
2657 2043 2836 2112 ψυχὴν
2862 2046 2919 2097 ἑν
2950 2045 3028 2114 τῷ
3062 2044 3190 2114 οείῳ
3218 2045 3368 2114 φόϐῳ
3399 2049 3494 2101 καὶ
3525 2046 3604 2116 τῷ
3625 2047 3720 2117 τῆς

2143 2133 2353 2200 ὑγιείας
2387 2134 2593 2204 ταύτης
2637 2135 2781 2204 μάλα
2817 2138 3131 2207 ἀκραιφνεῖ.
3164 2138 3272 2190 Καὶ
3306 2137 3494 2208 ὥσπερ
3523 2139 3626 2191 οὑκ
3654 2137 3717 2191 ἀν

2139 2227 2247 2279 ἔδει
2279 2229 2389 2290 τοῖς
2421 2227 2731 2296 ἀνθρώποις
2763 2229 3039 2299 ἰατρικῆς,
3081 2231 3126 2282 εί
3167 2231 3241 2300 μὴ
3271 2231 3511 2296 ἐνόσουν,
3546 2229 3717 2293 οὕτως

2137 2320 2262 2373 οὐδὲ
2327 2322 2622 2391 μαντικῆς,
2654 2326 2702 2375 εί
2765 2323 2838 2392 μὴ
2888 2325 3010 2385 ταῖς
3057 2323 3460 2393 σφαλλομένοις
3502 2323 3724 2391 ἐγκυὸι-

2151 2413 2387 2476 στῶντες
2429 2413 2618 2484 τύχαις
2681 2415 3016 2483 ἡμάρτανον,
3049 2417 3143 2486 καί
3198 2416 3425 2475 δεδιότες
3477 2413 3724 2468 ἐντεῦθεν

2140 2506 2201 2558 τὸ
2221 2505 2415 2574 μέλλον
2442 2508 2653 2577 ἐρωτᾷν
2680 2507 3053 2577 ἠναγκάζοντο
3073 2510 3198 2571 τοὺς
3232 2508 3330 2579 τὴν
3361 2506 3721 2577 στοχαστικὴν

459 2591 552 2647 διὰ
604 2590 834 2658 μακρῶν
877 2592 1296 2659 ἁκριϐὡσαντας
1335 2595 1444 2648 τῶν
1510 2595 1722 2649 αίώνων
1784 2598 2068 2665 δαίμονας,
2099 2598 2402 2668 ἀνθρώπιον
2455 2601 2554 2669 μὲν
2603 2602 2825 2669 μᾶλλον,
2893 2601 3148 2655 ἁπάντων
3198 2603 3243 2654 δ’
3297 2603 3594 2670 εὐστόχους
3664 2597 3723 2651 οὑ

466 2679 610 2746 μάλα
649 2683 888 2750 μᾶλλον
943 2683 1071 2747 ἴδοις
1117 2688 1224 2757 γὰρ
1285 2685 1348 2758 [Γ.
1413 2688 1612 2759 “6r.]
1661 2691 1726 2743 ἀν
1756 2691 2044 2753 κάκείνους
2096 2692 2156 2744 τὸ
2210 2692 2464 2744 πλεῖστον
2517 2692 2592 2755 ὡς
2626 2693 2701 2745 ,ὲν
2741 2695 3052 2764 μεταιχμίῳ
3099 2695 3426 2762 ῥιπτοῦντας
3463 2693 3525 2744 τὺ
3597 2692 3726 2761 μάν-

457 2787 659 2839 τ;υμα.
706 2775 785 2826 Τά
820 2790 876 2825 τε
905 2775 1013 2844 γὰρ
1039 2777 1176 2830 ἄλλα
1210 2780 1303 2830 καί
1326 2780 1418 2831 τὸν
1454 2779 1641 2846 Ἀλυν,
1711 2783 1866 2850 φησὶ,
1920 2781 2112 2843 διαϐὰς
2151 2783 2395 2850 μεγάλην
2445 2783 2616 2852 ἀρχὴν
2651 2783 2999 2848 καταλύσεις,
3036 2783 3149 2836 οὗθ’
3198 2785 3390 2836 ὁποίαν
3429 2779 3736 2850 ἀποσαφῶν*

456 2867 686 2931 ἀμφοῖν,
752 2864 869 2918 οὔθ’
914 2871 995 2921 ὅτι
1039 2862 1134 2939 τῷ
1160 2873 1434 2940 ἐρωτῶντι
1509 2875 1726 2942 βέϐαιον
1791 2878 1823 2946 ἡ
1867 2877 2134 2938 διάὁασις,
2176 2876 2288 2930 ἀλλ’
2329 2878 2377 2928 εί
2430 2877 2624 2941 διαδάς
2675 2877 2849 2947 τύχοι.
2886 2879 2996 2932 Καὶ
3035 2875 3473 2948 μυρίαετοιαῦτα
3510 2880 3624 2940 τοῖς
3665 2895 3722 2946 γε

459 2957 744 3022 σχολάζειν
773 2961 834 3012 ού
870 2963 1015 3028 μάλα
1045 2964 1297 3018 ὀκνοῦσιν
1338 2965 1648 3034 εὑρίσκοιτο
1675 2971 1760 3022 άν.

541 3050 709 3107 XXX.
745 3056 865 3109 Noli
925 3074 1091 3126 porro
1131 3059 1314 3115 dicere
1368 3063 1634 3116 malorum
1683 3078 1776 3131 per
1823 3072 2038 3130 patrum

464 3158 686 3212 peccata
738 3151 1078 3219 prolatorum
1121 3155 1364 3209 vinculo
1413 3171 1470 3210 se
1532 3157 1770 3212 liberare
1833 3158 2040 3212 liberos

2220 3061 2297 3116 A'.
2332 3063 2439 3115 Καὶ
2487 3063 2561 3131 μή
2612 3080 2701 3131 μοι
2746 3061 2872 3130 λέγε
2926 3063 3209 3133 προγόνων
3250 3063 3523 3132 ἀμαρτίας
3558 3063 3626 3116 δι’
3662 3062 3724 3126 ἃς

2147 3157 2255 3208 τῶν
2291 3155 2479 3208 κακῶν
2521 3157 2733 3209 ἐκεῖθεν
2758 3156 3050 3226 ἠργμένων
3089 3157 3293 3226 ἥκιστα
3341 3156 3608 3209 δύνασθαι
3635 3159 3721 3210 τὸν

466 3240 694 3295 minime
746 3258 904 3311 posse
950 3261 1051 3300 nec
1103 3248 1272 3316 pestis
1323 3248 1470 3304 illius
1503 3251 1799 3319 perniceau
1840 3265 1904 3304 ae
1947 3252 2039 3304 dn-

2147 3247 2338 3316 είρμδν
2383 3246 2637 3301 ἀναλύειν
2692 3248 2901 3300 ἐκεῖνον
2949 3248 3075 3306 τοὺς
3127 3249 3450 3315 ἀπογόνους,
3484 3249 3582 3300 καὶ
3631 3247 3720 3317 τὴν

466 3334 730 3389 minatum
797 3339 1008 3393 tollere.
1064 3338 1251 3394 Valeat
1316 3344 1430 3398 haze
1485 3344 1660 3399 futilis
1729 3343 2039 3414 indagatio;

2147 3339 2356 3391 ἐκείνου
2403 3337 2498 3390 τοῦ
2557 3337 2830 3407 ῥεύματος
2888 3337 3236 3390 ἀναστέλλειν
3294 3337 3467 3404 φοράν
3521 3354 3582 3389 τε
3635 3335 3722 3388 καὶ

469 3444 570 3483 nec
594 3431 742 3483 enim
777 3432 1020 3502 iniustus
1051 3434 1196 3489 Deus
1235 3444 1319 3488 est
1354 3446 1414 3489 ut
1462 3437 1690 3489 alterius
1723 3437 1882 3491 alteri
1932 3411 2044 3506 pie-

469 3535 595 3572 nam
649 3521 932 3592 adiungat.
987 3524 1140 3588 Quod
1207 3526 1439 3596 perinde
1510 3536 1594 3580 est
1661 3541 1724 3579 ac
1799 3527 1844 3580 si
1916 3526 2043 3594 quis

467 3611 740 3666 ﬂammam
786 3630 1172 3685 oppressurus,
1228 3618 1451 3671 omissis
1505 3619 1720 3672 caeteris
1786 3616 2044 3671 omnibus

464 3705 534 3759 iis
560 3721 681 3774 qua:
736 3707 802 3760 ad
861 3709 1326 3778 exstinguendum
1383 3709 1631 3763 adhiberi
1693 3710 1896 3776 solent,
1925 3726 2043 3765 sar-

470 3807 786 3851 mentorum
818 3799 1113 3855 fasciculos
1168 3801 1416 3869 imponat
1476 3811 1533 3856 et
1587 3802 1695 3856 olei
1752 3803 2046 3868 amphoras

467 3888 950 3958 largeinfuudat.
1015 3900 1073 3945 et
1131 3901 1364 3946 caeteros
1413 3893 1506 3961 qui
1557 3908 1686 3947 eum
1738 3903 2047 3963 sequuntur

468 3990 530 4036 ut
563 3981 705 4035 idem
741 3981 946 4036 faciant
976 3983 1206 4050 incitet;
1263 3985 1452 4038 statim
1505 3985 1556 4038 in
1613 4000 1793 4039 aerem
1827 3985 2044 4038 ﬂamma

467 4075 749 4139 extendet,
785 4088 840 4130 et
866 4077 1032 4131 citius
1080 4084 1291 4140 terram
1326 4079 1735 4132 circumcurret
1777 4078 1928 4132 fumo
1992 4080 2043 4132 in

466 4170 728 4222 aetherem
761 4170 992 4233 emisso,
1029 4185 1256 4224 necesse
1286 4179 1369 4224 est
1400 4186 1508 4225 non
1542 4187 1608 4224 ex
1663 4186 1773 4224 uno
1809 4169 2045 4224 demiei-

467 4263 539 4316 lio
567 4264 728 4334 217
759 4264 1028 4319 llatnmam
1075 4280 1396 4334 exsurgere,
1458 4267 1552 4321 sed
1615 4276 1784 4320 totam
1849 4267 2045 4319 urbem

465 4371 592 4409 cum
615 4358 872 4413 omnibus
888 4360 1186 4416 domiciliis
1203 4371 1256 4416 et
1276 4360 1591 4415 hominibus
1615 4360 1869 4414 iacillime
1893 4376 2047 4413 cutu-

471 4449 615 4502 Imri.
659 4449 736 4502 lla
769 4460 824 4505 et
861 4451 1086 4519 liberos,
1125 4453 1170 4508 si
1216 4469 1326 4507 non
1379 4463 1596 4522 patrum
1624 4453 2049 4507 criminationes

469 4541 679 4597 diluere
709 4543 953 4608 student,
979 4545 1074 4599 sed
1107 4553 1340 4615 peccata
1410 4546 1532 4599 aliis
1578 4546 1708 4612 alia,
1763 4545 2048 4599 veteribus

2142 3431 2584 3485 δυναστεύουσαν
2660 3431 3112 3500 αὑτοκρατορίαν.
3195 3431 3447 3497 Ἀπαγε’
3525 3429 3719 3498 σκῆψις

2143 3523 2318 3576 ταῦτα
2351 3523 2545 3593 σαθρά.
2577 3525 2651 3577 Οὑ
2688 3527 2794 3592 γὰρ
2821 3523 3003 3584 ἄδικος
3033 3525 3060 3575 ό
3091 3523 3241 3584 Θεὸς,
3279 3525 3368 3577 ἴνα
3390 3523 3486 3592 τὴν
3521 3524 3718 3592 ἑτέρων

2145 3619 2351 3670 ἕκτισ;ν
2397 3620 2630 3687 ἑτέρωσε
2689 3619 3034 3687 παραπέμττῃ
3057 3621 3150 3670 καί
3181 3618 3356 3671 ἀλλων
3395 3619 3580 3680 ἄλλοις
3617 3635 3718 3670 πα·

2149 3714 2281 3783 ρέχῃ
2318 3711 2571 3773 κολάσεις
2619 3710 2826 3773 ἁπλῶς.
2866 3709 3006 3762 Ἀλλ’
3049 3711 3235 3778 ὅμοιον
3285 3710 3351 3761 ἂν
3399 3711 3484 3777 εἴη
3535 3709 3717 3778 ὥσπερ

2147 3804 2212 3857 ἂν
2262 3805 2314 3858 εῐ
2371 3819 2454 3867 τις
2521 3803 2695 3870 φλόγα
2751 3803 2924 3872 πυρὸς
2983 3803 3318 3856 κατασϐέσαι
3374 3804 3714 3872 πειρώμενος

2145 3896 2409 3951 τάναντία
2457 3900 2568 3960 τοῖς
2613 3897 2795 3966 ἔργοις
2831 3895 3032 3964 ποιοίη,
3080 3897 3244 3958 αὑτός
3282 3913 3340 3947 τε
3395 3899 3513 3948 ἀντ’
3548 3897 3719 3950 ἄλλων

2148 3989 2488 4057 σϐεστηρίων
2517 3990 2770 4043 ἀπάντων
2806 3989 3106 4055 φακέλλους
3138 3990 3432 4058 φρυγάνων
3460 3989 3723 4050 ἐπιτιθεὶς

2147 4085 2241 4141 καὶ
2301 4083 2582 4150 ἀμφορέας
2637 4080 2818 4134 ἐλαίου
2870 4081 3294 4150 προσεπιφέρων
3348 4080 3493 4132 κατά
3543 4082 3601 4132 τὸ
3638 4080 3724 4131 δα-

2146 4174 2488 4244 ψιλέστερον,
2547 4175 2642 4227 καὶ
2703 4174 2908 4243 σφόδρα
2982 4172 3176 4235 ἄλλους
3249 4173 3484 4242 κατόπιν
3550 4174 3720 4232 ἰόντας

2149 4268 2325 4335 κινοίη
2377 4267 2444 4318 τὰ
2497 4267 2659 4334 ὅμοια
2717 4267 2871 4336 δρᾷν,
2903 4257 2998 4319 καὶ
3038 4265 3124 4317 ἀεὶ
3185 4265 3309 4326 τοὺς
3370 4267 3495 4333 ἑξῆς
3528 4282 3543 4298 ο
3586 4263 3717 4333 ταχὺ

2151 4359 2299 4430 μέντ’
2339 4359 2404 4412 ἂν
2443 4360 2522 4420 είς
2557 4359 2695 4428 ἀέρα
2733 4357 2902 4425 βαθὺν
2952 4359 2984 4427 ή
3037 4359 3134 4426 τῆς
3187 4356 3385 4425 φλογὸς
3434 4359 3725 4428 ἀναρριπι-
3781 4392 3783 4395 -

2151 4453 2302 4520 σθείη
2332 4452 2564 4522 κορυφὴ,
2595 4451 2892 4520 ταχύτερον
2922 4450 2966 4503 δ’
2997 4445 3064 4502 αὖ
3097 4449 3196 4520 τὴν
3219 4449 3404 4518 κύκλῳ
3438 4450 3541 4519 γῆν
3570 4467 3722 4518 περι-

2147 4544 2347 4615 δράμιι
2387 4544 2630 4613 αἰθερίου
2662 4545 2801 4606 τέως
2848 4542 3342 4611 συνεφαπτομένου
3374 4545 3720 4610 πνεύματος·

469 4649 637 4699 nova,
675 4635 908 4690 modicis
931 4648 987 4691 et
1013 4637 1230 4692 levibus
1258 4637 1466 4706 majora
1499 4637 1664 4690 etiam
1699 4652 1754 4690 et
1793 4652 2039 4705 graviora

2151 4640 2213 4692 οὑ
2272 4639 2380 4707 γὰρ
2440 4626 2650 4706 ἀνάγκη
2712 4636 2823 4705 πῦρ
2887 4640 2948 4687 ἐκ
3002 4637 3132 4703 μιᾶς
3184 4652 3329 4696 τινος
3377 4635 3725 4688 ἀναστέλλειν

471 4725 703 4786 addunt.
738 4738 1005 4797 aegrotare
1035 4745 1256 4785 necesse
1281 4739 1388 4794 est,
1445 4730 1520 4783 ita
1574 4737 1634 4783 ut
1692 4728 1746 4783 in
1773 4738 2048 4786 extremas

466 4835 686 4890 sl-mper
715 4821 965 4876 miserias
998 4823 1246 4878 incidant
1279 4838 1382 4876 nec
1416 4822 1589 4878 libere
1621 4823 1899 4892 respirare
1922 4837 2046 4890 pos-

466 4911 597 4974 sint,
635 4914 728 4966 sed
757 4915 966 4968 similes
993 4917 1288 4969 videantur
1321 4929 1543 4980 eorum,
1597 4916 1690 4984 qui
1723 4915 2043 4985 pulmonum

467 5005 904 5062 iullannnatione
946 5018 1001 5062 et
1035 5023 1189 5077 aqua:
1222 5007 1512 5063 intercutis
1545 5009 1738 5062 morbo
1777 5008 2043 5078 implicati

412 5144 416 5149 .
465 5115 588 5152 cum
619 5101 776 5170 longa
809 5103 918 5155 vita
948 5112 1178 5154 mortem
1238 5100 1464 5154 brevem
1501 5100 1660 5156 facile
1699 5112 2042 5157 commutare

470 5192 662 5245 \‘clitll.

2151 4733 2348 4794 οίκίας,
2382 4733 2495 4784 ἀλλ’
2536 4733 2750 4800 ἀνάγκη
2803 4729 2958 4782 πόλιν
3004 4730 3134 4798 ὃλην
3175 4729 3367 4792 αὑταῖς
3401 4730 3604 4790 οἰκίαις
3635 4727 3724 4779 καὶ

2155 4829 2342 4888 στοαῖς
2398 4827 2788 4895 ὲμπιπρᾷν’ὲκ
2838 4822 2930 4876 τοῦ
2978 4825 3178 4895 ῥᾴστου
3228 4823 3366 4892 μετὰ
3414 4823 3522 4876 τῶν
3553 4839 3723 4874 συνοι-

2151 4915 2416 4968 κούντων.
2461 4913 2616 4966 Οὑτω
2669 4914 2730 4981 δὴ
2782 4912 2872 4964 καὶ
2913 4916 3024 4970 τοίς
3070 4912 3365 4980 ὀψιγόνοις,
3403 4914 3450 4963 εί
3487 4913 3622 4980 μήτε
3662 4909 3722 4961 τά

2152 5007 2404 5076 πατέρων
2458 5005 2780 5073 ἐγκλήματα
2835 5002 3179 5072 διορθοῦσθαι
3243 5004 3535 5070 πειρῷντο,
3591 5001 3719 5053 ἀλλὰ

2152 5103 2245 5152 καὶ
2272 5098 2703 5167 προσεπαντλεῖν
2728 5098 3092 5161 ἀναγκαζοιεν
3124 5097 3346 5148 ἄλλοθεν
3374 5096 3564 5155 ἄλλους
3592 5094 3715 5146 ἄλλα

2154 5193 2389 5245 κατόπιν
2439 5191 2838 5260 ἁμαρτήμασιν
2898 5190 3276 5259 ἁμαρτήματα
3327 5189 3580 5246 παλαιοῖς
3629 5186 3718 5236 νέα

473 5292 563 5342 καὶ
602 5293 838 5360 μακροῖς
873 5290 1097 5363 μέτροις
1135 5293 1306 5364 μείζω
1341 5313 1395 5348 τε
1436 5296 1528 5350 καὶ
1559 5294 1860 5368 βαρύτερα,
1886 5297 2061 5349 νοσεῖν
2095 5293 2332 5359 ἀνάγκη,
2371 5289 2464 5343 καὶ
2502 5289 2644 5342 κατὰ
2694 5290 2751 5342 τὸ
2797 5288 3063 5356 ἀνάλογον
3096 5290 3210 5350 τοῖς
3259 5289 3506 5356 ἐσχάτοις
3533 5285 3720 5344 δεινοῖς

467 5387 560 5438 ἀεὶ
617 5387 996 5455 περιπίπτειν,
1061 5393 1153 5442 καὶ
1214 5392 1340 5461 μηδ’
1401 5391 1663 5445 ἀναπνεῖν
1714 5389 2023 5461 ἐλευθέριον
2056 5387 2338 5452 δύνασθαι,
2408 5385 2520 5438 ἀλλ’
2571 5385 2805 5438 ἐοικέναι
2852 5403 2968 5447 πως
3015 5384 3246 5445 ἐκείνοις
3313 5384 3366 5435 οἳ
3434 5397 3719 5453 περιπνευ-

479 5480 644 5550 μονίᾳ
694 5480 789 5533 καὶ
841 5480 1016 5550 ὑδέρῳ
1073 5485 1458 5554 συνισχημένοι
1519 5481 1676 5554 βαθεί
1728 5483 1877 5554 βίους
1947 5483 2102 5546 ὅλους
2144 5481 2262 5540 ἑνὸς
2303 5479 2536 5532 θανάτου
2570 5476 2764 5545 ῥαδίως
2799 5476 3109 5541 ἀλλάξαιντ⁹
3143 5476 3226 5532 ἄν.

463 5557 490 5580 ⁸
537 5575 733 5631 XXXI.
767 5576 908 5645 Quid
942 5579 1108 5649 igitur
1138 5581 1256 5652 ipse
1311 5591 1367 5636 tu
1416 5591 1473 5636 et
1514 5591 1666 5650 pater
1705 5591 1835 5636 tuus
1881 5580 2047 5634 innu-

468 5673 638 5727 meris
669 5673 991 5728 domesticis
1019 5674 1126 5729 illis
1163 5674 1450 5728 maleliciis
1473 5674 1860 5742 prsetermissis
1893 5673 2043 5728 omni

467 5767 754 5820 oculorum
790 5756 986 5823 «,1»:qu
1045 5779 1259 5838 patrum
1309 5769 1553 5823 facinora
1611 5767 1908 5835 inspieitis,
1943 5782 2045 5821 nec

473 5861 603 5917 inde
633 5873 883 5918 avertere
904 5862 1149 5919 animum
1204 5879 1273 5919 ne
1311 5864 1582 5920 tantulum
1621 5861 1846 5928 quidem
1881 5862 2046 5918 vultis

2225 5576 2349 5629 AA'.
2385 5573 2451 5625 Τί
2499 5573 2679 5626 τοίνυν
2731 5573 2824 5626 καὶ
2879 5572 2941 5623 σὺ
3004 5573 3142 5642 μετὰ
3191 5570 3285 5622 τοῦ
3341 5569 3544 5637 πατρὸς
3597 5566 3717 5627 τοὺς

2155 5669 2262 5722 τῶν
2293 5667 2510 5722 οἰκείων
2544 5665 2960 5737 ἁμαρτημάτων
3016 5665 3325 5734 Ὀλύμπους
3377 5665 3470 5716 κα¹ι
3506 5663 3716 5731 Παρνα-

2159 5766 2280 5828 σοὺς
2313 5764 2773 5835 παρατρέχοντες,
2802 5765 2968 5815 πᾶσιν
3013 5761 3316 5830 ὀφθαλμοῖς
3350 5763 3402 5824 ἐς
3436 5761 3559 5820 τοὺς
3591 5771 3718 5825 προ-

2156 5861 2404 5927 γονικους
2450 5859 2684 5929 ὀρόφους
2733 5857 3062 5927 ὲμΰλὲπετε,
3095 5857 3186 5908 καὶ
3226 5856 3325 5910 οὐκ
3353 5855 3586 5923 ἁπάγειν
3616 5843 3715 5904 οὐδ’
