3966 6580
248 412 257 419 ’
369 414 479 472 Ῑδθ
956 402 963 405 Δ
1370 426 1812 491 BYZANTIN/E
1842 431 2222 493 HleORI/E
2250 436 2394 497 LIB.
2420 439 2696 499 XXVIII.
3506 440 3610 505 1:0

322 562 337 583 κ
362 527 460 580 ἐπὶ
491 527 664 598 βραχὺ
700 531 789 585 τὸν
843 536 970 589 νοῦν
1020 538 1233 592 ἐκεῖθεν
1281 540 1631 612 βεϐούλησθε,
1660 546 1772 602 οὐδ’
1805 525 1928 601 ἑπι-

2053 560 2088 602 ιι
2114 550 2335 606 tandem
2364 552 2430 607 ad
2453 568 2546 608 vos
2579 554 2727 622 ipsos
2744 555 3103 610 convertere?
3135 555 3408 611 Enumera
3431 557 3604 621 enim,

365 622 625 689 npérpstv
655 623 750 691 ἐψὲ
799 628 893 679 καὶ
927 629 1063 699 πρὸς
1105 632 1375 699 ὲαυτούς;
1425 633 1675 707 Ἀρίθμει
1718 638 1849 708 γὰρ,
1885 640 1935 694 εί

364 710 571 781 βούλει,
607 718 806 787 μικρὸν
846 720 953 774 τῶν
991 722 1093 794 τῆς
1131 725 1363 796 οἰήσεως
1403 730 1653 793 ύπανιεὶς
1690 731 1932 803 ὀφρύων,

365 803 431 875 [ί.
468 805 569 861 Ηϐ
603 809 682 876 v.1
713 810 781 864 τὰ
819 813 914 866 νέα
943 821 1109 872 ταυτὶ
1131 819 1226 873 καὶ
1262 818 1525 892 ὑμέτερα,
1561 826 1658 877 καὶ
1706 826 1937 895 παρατίο

364 897 454 952 θει
510 904 626 963 τοῖς
673 903 785 958 τῶν
831 909 1114 976 προγόνων
1154 912 1540 985 παλαιοτέροις
1587 915 1793 971 ἆπασι’
1841 921 1936 973 καὶ

363 992 491 1063 ὕψει
526 994 751 1050 τοσοῦτο
793 997 1074 1073 βαρύτερα
1116 1006 1213 1059 καὶ
1268 1009 1682 1083 πολυέιδέστερα
1709 1013 1775 1065 τὰ
1805 1012 1938 1082 ὑμέ-

362 1098 503 1152 τερα
552 1087 678 1139 ὅσον
730 1089 764 1159 ή
804 1093 992 1162 στείρα
1035 1095 1131 1148 καὶ
1176 1097 1441 1169 παράλιος
1483 1101 1711 1173 ψάμμος
1749 1103 1936 1158 ἅπασα

364 1174 506 1244 πρὸς
534 1175 594 1230 ἓν
626 1179 977 1250 ἀθροισθεῖσα
1024 1185 1191 1259 βάρος
1242 1190 1442 1261 μικροῦ
1485 1210 1629 1257 τινος
1678 1195 1936 1267 ὑπερέχει

360 1267 570 1358 δίσκου,
597 1268 804 1336 ὁποίοις
835 1276 1001 1330 πάλαι
1031 1280 1124 1333 καὶ
1169 1281 1219 1335 oi
1254 1283 1313 1336 ἐν
1351 1282 1668 1354 Ὀλυμπίοις
1697 1285 1939 1358 ἐχρῶντο

361 1357 705 1449 δισκεύοντές
740 1381 801 1419 τε
830 1367 926 1421 καὶ
955 1370 1015 1423 τὸ
1039 1373 1380 1445 παγκράτιον
1410 1357 1823 1449 ἑξασκούμενοι.

440 1446 560 1505 AB’.
612 1453 676 1506 EI
724 1455 770 1509 δ’
834 1459 1060 1530 αἰσχρὸν
1108 1464 1168 1515 τὸ
1216 1466 1283 1518 τὰ
1334 1467 1540 1538 αίσχρὰ
1586 1446 1936 1535 διανοεῖσθαι,

367 1540 727 1615 αἰσχρότερον
777 1548 996 1613 πάντως
1042 1552 1216 1623 δήπου
1269 1558 1453 1629 πολλῷ
1481 1560 1544 1613 τὸ
1581 1560 1651 1614 τὰ
1685 1562 1939 1631 αἴσχιστα

365 1632 465 1684 καὶ
520 1632 781 1690 δύνασθαι
840 1639 933 1693 καὶ
982 1641 1115 1714 δρᾷν
1160 1644 1257 1700 καὶ
1300 1647 1418 1717 ἄμα
1462 1648 1603 1721 πρὸς
1646 1650 1938 1720 δημοσίους

366 1722 615 1780 ἱκλαλεῖν
644 1728 832 1794 ἀκοάς.
868 1733 928 1787 Εί
961 1733 1019 1788 δὲ
1066 1736 1215 1791 τοῦθ’
1256 1736 1453 1804 οὕτως,
1481 1740 1584 1796 ποῦ
1622 1742 1811 1795 λοιπδν
1841 1744 1940 1797 οὐκ

368 1816 437 1869 ἂν
496 1820 775 1886 ἀναιδείας
837 1825 1069 1891 ἐλαύνοι,
1100 1830 1188 1898 ἐφ’
1232 1828 1313 1895 οἷς
1370 1814 1803 1901 ἐγκαλύπτονται
1844 1834 1940 1889 καὶ

2036 645 2081 701 si
2126 643 2304 712 voles,
2333 646 2622 701 deminuta
2645 646 3049 718 aliquantulum
3086 647 3256 703 animi
3314 648 3606 705 insolentia

2037 754 2175 794 nova
2212 738 2328 793 haec
2351 746 2528 794 vestra
2561 755 2686 795 cum
2738 741 2981 810 peccatis
3013 740 3289 796 veteribus
3339 741 3609 799 illis.om-

2037 830 2203 886 nibus
2229 841 2564 901 comparata,
2592 842 2649 888 et
2682 833 2894 888 videbis
2930 843 3085 888 tanto
3102 834 3353 904 graviora
3384 843 3439 889 et
3482 850 3602 904 cre-

2038 920 2223 977 briora
2251 932 2457 988 vestra,
2499 933 2707 994 quanto
2732 924 2919 979 carina
2980 934 3038 980 et
3074 940 3245 979 arena
3304 927 3512 981 marina
3549 929 3606 984 in

2038 1031 2204 1071 unum
2235 1028 2561 1089 congregata
2584 1029 2875 1087 exsuperat
2905 1019 3162 1089 exiguum
3221 1020 3462 1087 discum,
3497 1038 3607 1091 quo

2038 1106 2168 1161 olim
2224 1109 2309 1164 usi
2364 1120 2494 1165 sunt
2563 1110 2659 1182 qui
2714 1109 2965 1182 Olympia
3014 1112 3316 1166 certamina
3375 1128 3607 1167 exerce-

2036 1196 2188 1251 bant.

2110 1466 2589 1540 218XXXII.Ac
2610 1469 2654 1523 si
2676 1477 2831 1539 turpe
2850 1478 2933 1524 est
2952 1468 3130 1538 turpia
3152 1468 3413 1537 cogitare,
3436 1467 3608 1522 multo

2043 1578 2177 1618 Sane
2211 1567 2430 1633 turpius
2465 1574 2545 1617 est
2582 1562 2899 1631 turpissima
2927 1571 2984 1616 et
3024 1575 3205 1633 posse,
3232 1571 3286 1616 et
3322 1561 3523 1625 facere,
3553 1570 3610 1616 et

2041 1655 2204 1711 simul
2237 1665 2362 1710 ante
2387 1654 2629 1708 omnium
2659 1654 2849 1708 oculos
2880 1632 3178 1723 proferre!
3212 1653 3344 1720 Quae
3378 1669 3502 1707 eum
3533 1654 3605 1707 ita

2042 1747 2172 1810 sint,
2208 1760 2390 1801 nonne
2422 1746 2711 1817 insolentia
2743 1742 2945 1800 ductus
2964 1756 3124 1815 pater
3155 1753 3302 1808 tuus,
3334 1745 3605 1814 inquibus

2040 1838 2359 1896 inﬁmorum
2418 1836 2706 1892 hominum
2758 1837 3116 1908 abjectissimi
3150 1838 3501 1901 erubescant,
3537 1837 3605 1891 iis

365 1909 481 1961 τῶν
525 1910 812 1981 βαναύσων
864 1919 914 1971 οί
967 1919 1411 1993 δυστυχέστεροι,
1448 1925 1664 1990 τούτοις
1712 1927 1805 1981 τὸν
1848 1928 1942 1980 σὸν

2053 1932 2178 2005 ipsis
2217 1930 2575 2003 gloriabitur?
2621 1929 2704 1985 Ob
2748 1902 2939 1984 odium
2992 1943 3245 1983 nostrum
3301 1930 3394 2000 qui
3438 1931 3611 1983 simus

367 2004 875 2071 ἐγκαλλωπίζεσθαι
920 2013 1152 2085 πατέρα,
1190 2017 1286 2070 καὶ
1329 2021 1540 2091 γυμνῇῖ
1564 2019 1693 2090 βοᾷν
1721 2020 1791 2091 τῇ
1846 2037 1940 2074 κε-

367 2098 515 2169 φαλῇ
546 2100 857 2167 Βυζαντίοις
913 2105 989 2169 ὡς
1019 2106 1109 2161 διὰ
1162 2109 1262 2179 τήν
1296 2111 1461 2181 ήμῶν
1519 2112 1834 2181 ἀπέχθειαν,
1864 2112 1942 2183 τῷ

370 2190 608 2262 γαμϐρῷ
659 2195 1105 2267 προστιθεμένων
1160 2200 1512 2275 Παλαιολόγῳ
1556 2204 1681 2258 καθ’
1724 2203 1943 2258 ἅπασαν

366 2282 622 2351 γνώμην,
683 2285 868 2356 πᾶσης
915 2289 1015 2359 μὲν
1044 2291 1466 2348 ,ἁποκέκλεισθε
1513 2294 1611 2348 νῦν
1659 2294 1733 2365 μή
1782 2295 1943 2363 μόνον

368 2376 602 2442 προέδου
639 2379 735 2430 καὶ
772 2380 868 2449 τῆς
895 2381 1005 2434 τῶν
1038 2382 1320 2454 ύμετέρων
1350 2379 1586 2457 κομιδῆς
1630 2386 1942 2456 ἀσταχύων,

369 2466 509 2520 ἀλλὰ
542 2468 638 2523 καὶ
688 2472 874 2540 πάσης
923 2476 1168 2545 χρηστῆς
1198 2476 1529 2545 προσδοκίας
1563 2477 1714 2547 ἑῇς,
1745 2477 1943 2547 ὄψεσθε

366 2560 413 2614 δ’
443 2558 540 2616 οὖν
578 2564 637 2617 ὲν
662 2564 854 2636 βραχεῖ
880 2568 973 2620 καὶ
1020 2568 1082 2622 τὸ
1118 2558 1262 2639 μέγα
1308 2570 1401 2624 καὶ
1449 2569 1777 2642 περιϐόητον
1806 2571 1942 2626 ἄστυ

370 2654 668 2719 Βυζάντιον
691 2656 875 2713 τουτοϊ
918 2661 1308 2732 προδεδομένον
1348 2663 1548 2733 ὁμοίως
1582 2663 1672 2716 ὐπ’
1698 2663 1834 2734 ἐμοῦ
1867 2662 1944 2734 τῷ

367 2747 483 2801 τῶν
527 2747 819 2821 βαρϐάρων
874 2753 1106 2825 άρχηγῷ
1160 2757 1298 2826 πρὸς
1355 2756 1629 2828 βασίλειον
1687 2758 1943 2828 οίκησιν,

379 2838 635 2913 ’Υρκανῷ
683 2843 759 2913 τῷ
807 2846 1044 2918 γαμϐρῷ
1100 2849 1197 2902 σὺν
1253 2849 1427 2904 ἅπασι
1482 2852 1593 2914 τοῖς
1655 2851 1748 2904 ὐπ’
1799 2850 1947 2920 αὐτῷ

373 2930 714 3000 βαρϐάροις;
747 2935 913 3013 'QOev
941 2940 1214 3005 γυναικῶν
1257 2940 1356 3011 μὶν
1387 2941 1482 2995 καὶ
1530 2942 1738 2996 παίδων
1787 2941 1948 2994 ἀλλο-

369 3024 673 3093 τριώσεσθε
719 3032 819 3100 τὴν
867 3033 1151 3104 ταχίστην,
1182 3034 1278 3088 καὶ
1329 3033 1449 3105 ἅμα
1502 3034 1805 3105 χρημάτων
1854 3035 1947 3087 καὶ

369 3117 585 3180 οἰκιῶν,
618 3119 773 3188 ὑμεῖς
799 3121 854 3174 δὲ
879 3126 1171 3193 μαστιγίαι
1200 3126 1296 3179 καὶ
1325 3129 1383 3180 ὲν
1408 3125 1594 3196 Καρὸς
1623 3126 1948 3179 δουλεύσετε

2041 2025 2346 2095 Palmologo
2383 2037 2585 2094 genero
2618 2031 2733 2077 toto
2767 2022 2951 2077 animo
2995 2021 3167 2076 dediti
3214 2022 3464 2076 exclusos
3514 2037 3611 2075 vos

2044 2132 2165 2174 esse
2195 2116 2347 2172 omni
2377 2116 2561 2171 fructu
2587 2121 2643 2170 et
2672 2122 2981 2170 vestrorum
3018 2128 3272 2185 agrorum
3314 2113 3488 2185 cultu,
3515 2112 3609 2167 sed

2043 2211 2209 2266 etiam
2240 2209 2387 2263 onmi
2419 2222 2514 2278 spe
2551 2208 2712 2262 bona.
2763 2206 3034 2262 Videbitis
3073 2207 3239 2277 igitur
3285 2206 3435 2260 brevi
3494 2222 3611 2259 ma-

2046 2319 2209 2376 gnam
2262 2302 2588 2370 liancatque
2621 2301 2889 2355 illustrem
2925 2298 3117 2353 urbem
3150 2298 3462 2376 Byzantium
3504 2308 3612 2351 tra-

2045 2394 2214 2449 ditam
2271 2409 2298 2446 a
2330 2409 2415 2448 me
2444 2391 2691 2463 Hyrcano
2721 2405 2922 2462 genero
2952 2405 3015 2444 ac
3064 2370 3357 2454 Barbarie:
3380 2388 3471 2459 qui
3508 2386 3612 2442 sub

2047 2489 2167 2559 ejus
2208 2494 2476 2556 potestate
2501 2485 2724 2555 degunt.
2760 2483 2969 2537 Deinde
2991 2500 3019 2535 a
3042 2481 3368 2535 mulieribus
3394 2497 3458 2536 ac
3479 2481 3615 2534 libe-

2049 2580 2125 2634 ris
2148 2578 2438 2633 celerrime
2470 2574 2847 2645 relegabimini
2875 2585 3037 2643 atque
3072 2574 3139 2627 ab
3169 2571 3365 2642 opibus
3389 2579 3440 2625 et
3482 2568 3616 2625 2di-

2037 2670 2206 2735 -ticiis,
2238 2684 2335 2723 vos
2364 2679 2545 2723 autem
2594 2668 2649 2722 in
2686 2665 3063 2736 abjccrissima
3124 2664 3467 2745 servitudine
3495 2680 3613 2719 ser-

2046 2762 2230 2818 vietis.
2267 2761 2379 2815 lloc
2411 2759 2543 2814 illud
2600 2769 2684 2814 est
2721 2758 2864 2826 quod
2900 2756 3202 2812 Laertiadm
3257 2757 3387 2810 olim
3435 2755 3614 2827 Ulyssi

2049 2853 2283 2908 navibus
2315 2851 2546 2905 advecto
2578 2851 2845 2905 accedens
2876 2848 3016 2903 dixit
3045 2847 3279 2917 Cyclops
3306 2845 3395 2902 ille
3419 2847 3619 2902 Home-

2050 2942 2200 2999 ricus
2244 2949 2417 2998 semet
2477 2956 2601 2996 eum
2687 2939 2755 2994 ad
2810 2940 3030 2993 ultimas
3083 2953 3301 2997 mensas
3365 2948 3618 2993 servatu-

2051 3050 2201 3101 rum,
2228 3035 2406 3090 donec
2443 3034 2594 3088 viros
2645 3032 2768 3087 illos
2824 3030 3054 3097 edisset,
3080 3030 3282 3099 quibus
3312 3030 3615 3085 bestiarum

2053 3142 2206 3182 more
2245 3126 2546 3181 auteillius
2570 3125 2721 3194 ipSos
2747 3124 2939 3178 oculos
2964 3138 3208 3177 mensam
3246 3122 3348 3177 sibi
3403 3131 3621 3175 exstru-

375 3209 565 3281 μοίρᾳ.
594 3210 753 3265 Τοῦτ’
774 3214 950 3269 ἐκεῖνο
973 3215 1002 3269 δ
1031 3219 1127 3270 καὶ
1155 3217 1234 3289 τῷ
1271 3218 1513 3290 Λαέρτου
1541 3219 1715 3273 πάλαι
1757 3218 1947 3272 Ὀδυσ-

2054 3222 2157 3278 xit.
2180 3220 2322 3288 Quid
2360 3220 2462 3273 hac
2508 3217 2827 3271 narratione
2878 3215 3136 3270 miserius
3185 3223 3241 3269 et
3286 3214 3620 3268 immanius?

374 3304 465 3354 σεῖ
481 3305 856 3373 ναυαγήσαντι
889 3307 1286 3380 ἑκπεπηδηκὼς
1308 3310 1680 3383 ἐπηγγέλλετο
1709 3311 1949 3380 Κύκλωψ

375 3394 590 3458 ἐκεῖνος
627 3396 656 3448 ὀ
706 3394 802 3448 τοῦ
859 3395 1124 3468 Ὀμήρου,
1160 3399 1413 3468 πύματον
1461 3398 1662 3473 δηλαδὴ
1690 3398 1951 3468 φυλάξειν

373 3488 560 3559 ἑαυτῷ
585 3488 865 3560 τράπεζαν
893 3491 1057 3546 αὐτὸν
1109 3490 1248 3562 μετά
1278 3507 1343 3561 γε
1380 3490 1444 3562 δὴ
1474 3493 1574 3562 τὴν
1602 3491 1711 3545 τῶν
1738 3492 1950 3560 ἀνδρῶν
1972 3564 1987 3573 _

374 3582 605 3636 ἐκείνων
633 3583 855 3653 ἐδωδὴν,
883 3582 977 3648 οὓς
1005 3585 1274 3656 θηριῶδες
1325 3586 1415 3638 καὶ
1456 3585 1745 3655 ὠμοϐόρον
1796 3601 1951 3654 τηνι-

374 3677 559 3731 καῦτα
605 3677 843 3748 δρῶντος
896 3680 1065 3732 αὐτοῦ
1121 3680 1415 3749 πεποίηται
1465 3678 1703 3731 δεῖπνον.
1733 3677 1802 3731 Τί
1854 3676 1953 3748 τῆς

376 3762 715 3837 ἐπαγγελίας
763 3770 970 3841 ταύτης
1024 3769 1421 3839 ἀθλιώτερονῆ
1479 3768 1949 3840 θηριωδέστερον;

381 3862 445 3915 El
478 3861 572 3915 οὖν
604 3863 885 3933 αίσχιστον
915 3862 1006 3916 τὸν
1054 3863 1115 3914 ὲν
1157 3861 1375 3931 ἐξουσία
1403 3860 1470 3914 τὰ
1505 3861 1761 3930 αἴσχιστα
1794 3860 1950 3929 δρᾷν,

375 3951 526 4026 ἦπου
586 3954 786 4023 μανίας
835 3954 898 4007 οὐ
955 3951 1099 4023 μάλα
1129 3953 1416 4022 ἐλεύθερον
1459 3951 1642 4014 λύκοις
1678 3953 1739 4003 τδ
1782 3952 1953 4020 εμπι-

365 4013 610 4101 ⁸τέτευθὲν
644 4013 967 4118 προτιθέναί
1016 4046 1269 4116 ποίμνιον
1307 4013 1388 4106 είς
1440 4013 1829 4115 βορὰνέκοντῖ
1861 4042 1954 4096 τὸν

382 4137 655 4206 ποιμένα,
676 4138 807 4189 Δέον
841 4136 953 4207 γάρ
1000 4136 1347 4204 ὑπερμαχεῖν
1398 4134 1495 4187 καὶ
1544 4133 1682 4187 πᾶσι
1734 4133 1956 4201 τρόποις

381 4233 484 4303 τὴν
513 4229 608 4285 τοῦ
668 4230 922 4300 ποιμνίου
974 4228 1161 4299 ζητεῖν
1209 4227 1467 4293 εὐζωΐαν,
1498 4227 1527 4279 δ
1579 4226 1625 4279 δ’
1657 4225 1738 4288 είς
1792 4239 1958 4276 κακο-

381 4322 666 4391 δαιμονίας
700 4319 1110 4389 άνυπερϐλήτου
1143 4317 1516 4387 μετεσκεύασε
1546 4316 1824 4385 πρόφασιν
1854 4314 1956 4384 τὴν

385 4410 753 4480 ποιμαντικὴν
779 4410 1118 4474 δεσποτείαν,
1158 4408 1253 4460 καὶ
1290 4400 1427 4459 οὐδ”
1454 4406 1687 4459 αἰδεῖται
1733 4405 1833 4467 τὰς
1855 4407 1957 4473 τῆς

382 4503 572 4557 ἀδίκου
596 4500 776 4572 ψυχῆς
802 4501 1043 4554 ικλαλῶν
1073 4501 1421 4571 ἀπορρήτους
1458 4498 1675 4561 ὠδῖνας,
1701 4496 1836 4550 ἀλλὰ
1859 4496 1954 4549 καὶ

2052 3312 2207 3381 Quod
2239 3328 2363 3367 cum
2390 3309 2768 3373 turpissimum
2797 3308 2868 3362 sit
2898 3322 3056 3377 posse
3075 3306 3390 3376 turpissima
3414 3307 3615 3370 lacere,

2052 3407 2121 3460 ab
2154 3404 2365 3459 insania
2396 3412 2526 3456 sane
2558 3416 2667 3454 non
2699 3399 2940 3454 alienum
2972 3406 3076 3462 est,
3106 3398 3149 3451 si
3185 3408 3374 3467 pastor
3400 3413 3618 3466 gregem

2052 3497 2156 3552 sibi
2212 3492 2743 3562 commissnmlupis
2787 3489 3164 3546 devorandum
3220 3487 3418 3543 tradat.
3454 3488 3623 3558 Opor-

2054 3599 2135 3646 tet
2171 3588 2440 3643 dimicare
2473 3596 2525 3643 et
2566 3587 2825 3640 omnibus
2846 3585 2952 3639 viis
2982 3583 3144 3653 219
3175 3582 3403 3636 salutem
3445 3581 3623 3651 gregis

2052 3696 2323 3753 quzerere.
2355 3680 2448 3734 llle
2482 3692 2614 3732 vero
2669 3676 2946 3747 pastorale
2982 3675 3275 3744 imperium
3313 3658 3381 3727 ad
3436 3672 3623 3743 perui-

2054 3776 2193 3830 eiem
2243 3773 2571 3828 immensam
2621 3770 2852 3825 adhibet
2905 3784 3006 3823 nec
3071 3777 3292 3821 veretur
3321 3781 3389 3819 ne
3444 3765 3630 3835 impia:

2054 3868 2251 3921 animm
2275 3864 2544 3921 nefandos
2574 3865 2744 3920 fretus
2784 3862 2933 3917 edat.
2965 3860 3071 3916 Sed
3111 3859 3485 3915 Romanorum
3518 3857 3627 3909 for-

2055 3960 2204 4015 tunis
2237 3957 2468 4013 inﬁnita:
2509 3956 2764 4030 felicitati
2799 3971 2914 4009 suae
2950 3951 3303 4007 vindicandis
3351 3950 3624 4022 gloriatur

2052 4062 2218 4121 atque
2247 4049 2506 4104 exsultat.
2538 4046 2861 4115 Quanquam
2921 4052 2981 4098 ut
3027 4044 3163 4098 nihil
3214 4057 3416 4096 novum
3457 4052 3624 4111 atque

2055 4141 2362 4196 inauditum
2415 4141 2463 4193 ei
2528 4139 2618 4205 qui
2672 4138 2841 4191 millia
2898 4137 3180 4190 hominum
3237 4136 3438 4206 injusta
3477 4136 3626 4190 caede

2054 4220 2270 4296 stravit,
2298 4230 2464 4286 etiam
2496 4226 2730 4282 libidine
2769 4228 2967 4293 teneri,
2996 4226 3069 4281 ita
3098 4241 3276 4296 neque
3301 4226 3431 4281 huic
3458 4227 3625 4295 quid-

2057 4337 2219 4393 quam
2252 4336 2456 4376 novurn
2490 4324 2577 4374 est
2604 4318 2779 4388 utqui
2820 4319 2990 4373 semel
3022 4334 3051 4372 a
3085 4317 3195 4373 Deo
3226 4328 3478 4393 creatore
3533 4335 3627 4373 se-

2054 4416 2277 4488 junctas
2304 4415 2508 4485 pietate
2539 4427 2597 4467 se
2630 4412 2992 4479 abdicavcrit,
3023 4401 3243 4479 rejectis
3263 4411 3464 4467 divinis
3492 4412 3627 4481 legi-

2060 4509 2165 4562 bus
2187 4517 2353 4577 atque
2382 4506 2650 4561 institutis
2675 4515 2731 4561 et
2754 4505 3013 4561 omnibus
3048 4505 3218 4560 sacris
3250 4505 3524 4577 mysteriis
3547 4506 3627 4558 in-

380 4595 542 4665 δόξης
586 4592 894 4666 ὑπερϐολὴν
935 4592 1129 4647 ἑαυτοῦ
1177 4593 1279 4655 τὰς
1327 4591 1614 4661 Ῥωμαίων
1647 4591 1950 4660 ἡγούμενος

2059 4600 2301 4655 solente‘r
2332 4599 2665 4668 contemptis
2693 4610 2750 4654 et
2775 4598 2868 4669 qui
2894 4595 2947 4651 in
2968 4598 3322 4653 scelestorum
3351 4597 3627 4652 miseriam

383 4688 670 4757 συμφοράς
720 4684 1041 4756 δημοσιεύει
1089 4685 1184 4739 καὶ
1229 4685 1594 4754 ὲγκαυχᾶται.
1624 4684 1817 4752 Ὅμως
1860 4697 1962 4734 κα-

382 4784 566 4851 θάπερ
592 4780 745 4833 οὐδὲν
770 4778 958 4833 καινὸν
1011 4777 1121 4832 οὐδ’
1121 4821 1154 4869 Ι
1180 4779 1451 4868 ἀνοίκειον
1498 4776 1814 4846 ἀνδροφόνῳ
1861 4792 1963 4845 μυ-

386 4871 542 4941 ρίους
571 4871 790 4940 ἀνόμως
821 4862 1146 4939 ἀνθρώπους
1174 4862 1665 4940 πεῲονευκύτιδιαὶ
1692 4868 1960 4939 πορνείας

384 4962 613 5028 ἁλῶναι,
650 4962 824 5026 οὕτως
868 4962 1023 5016 οὐδὲν
1069 4962 1191 5016 οὐδὲ
1242 4963 1420 5034 τούτῳ
1464 4965 1673 5027 καινὸν,
1707 4960 1962 5025 καθάπαξ

383 5055 484 5108 τοῦ
517 5055 879 5124 πεποιηκότος
911 5056 1263 5127 άπερρωγότι
1305 5056 1440 5111 Θεοῦ
1476 5057 1574 5111 καὶ
1600 5057 1699 5127 τὴν
1730 5058 1962 5123 πάτριον

385 5145 455 5217 [1⁵.
491 5146 593 5203 H7
625 5147 700 5220 r.]
729 5146 1121 5216 ἐξομοσαμένῳ
1153 5144 1439 5198 εὐσέϐειαν
1495 5143 1591 5198 καὶ
1639 5146 1752 5206 τοῖς
1795 5142 1960 5206 θείοις

387 5239 887 5311 ἐμπεπαρῳνηκότι
910 5238 1097 5293 κανόσι
1121 5238 1215 5292 καὶ
1248 5237 1431 5306 νόμοις
1462 5237 1559 5290 καὶ
1589 5237 1755 5289 πᾶσιν
1791 5235 1962 5305 ἱεροῖς

388 5331 563 5395 ἀδεῶς
623 5331 974 5402 ὲνυϐρίσαντι
1030 5332 1378 5401 μυστηρίοις,
1406 5330 1501 5382 καλ⁸
1549 5328 1609 5381 ἐν
1662 5327 1962 5397 ἀλιτηρίων

392 5426 562 5494 μοίρᾳ
602 5423 707 5495 γῆς
739 5424 836 5479 καὶ
877 5424 1152 5492 θαλάττης
1206 5424 1497 5493 ἁπανταχῆ
1551 5421 1682 5484 τοὺς
1707 5421 1963 5489 εὐσεϐείᾳ

390 5515 907 5588 συντεθραμμένους
948 5516 1345 5588 διασπείραντι,
1382 5517 1476 5569 καὶ
1526 5516 1803 5577 παντοίοις
1836 5513 1964 5576 τοὺς

387 5612 746 5679 λειπομένους
792 5611 1195 5682 δεσμωτηρίοις
1255 5608 1645 5680 ἐμϐεϐληκότι,
1698 5611 1792 5662 καὶ
1848 5609 1965 5670 τοῖς

386 5703 655 5765 τοιούτοις
686 5701 1193 5772 ἐγκαλλωπίζεσθαι
1228 5702 1555 5770 ἀδικήμασι,
1581 5702 1737 5771 δίκην
1774 5704 1964 5768 σειρᾶς

387 5793 726 5864 ἑξημμὲνοις
754 5795 984 5861 ικεῖθεν,
1015 5794 1110 5849 καὶ
1139 5795 1216 5865 τῷ
1244 5796 1341 5866 τῆς
1370 5796 1688 5865 ὁμοιότητος
1718 5793 1967 5865 ριπισμῷ

390 5890 533 5961 πρὸς
573 5888 671 5960 τήν
700 5889 797 5961 τῆς
839 5887 1070 5961 ,πρώτης
1127 5890 1327 5954 κακίας
1375 5888 1532 5960 ῥίζαν
1579 5888 1967 5961 ἀναπέμπουσι

2065 4690 2205 4748 terra
2241 4691 2489 4762 marique
2515 4708 2613 4748 eos
2642 4691 2736 4762 qui
2768 4707 2895 4746 cum
2934 4691 3139 4761 pietate
3166 4690 3524 4746 adoleverant
3548 4690 3630 4744 «Ii-

2061 4784 2350 4855 sperserit,
2388 4793 2444 4838 et
2468 4784 2656 4839 multis
2683 4800 2778 4839 eos
2816 4785 2909 4854 qui
2968 4783 3146 4838 relicti
3204 4795 3366 4839 erant
3395 4784 3632 4838 vinculis

2062 4876 2442 4943 obstrinxerit,
2483 4877 2566 4931 vel
2600 4878 2821 4949 gloriari
2873 4874 3143 4947 ejusmodi
3179 4874 3484 4943 maleﬁciis,
3512 4891 3633 4945 quae

2062 4969 2127 5024 ad
2161 4971 2336 5025 instar
2364 4969 2512 5024 funis
2543 4970 2591 5023 vi
2617 4968 2950 5039 :eqnalitatis
2985 4968 3052 5022 ad
3105 4969 3295 5039 prima:
3344 4968 3633 5039 pravitatis

2065 5061 2268 5118 fontem
2301 5064 2581 5136 ingenium
2610 5065 2730 5135 ejus
2764 5064 3064 5117 deducunt.
3098 5061 3181 5116 Tu
3216 5078 3348 5115 vero
3379 5059 3471 5129 dic
3497 5058 3631 5112 mihi

2063 5170 2194 5209 num
2224 5156 2298 5209 sit
2333 5155 2552 5210 fortuna
2579 5165 2632 5210 et
2651 5156 2825 5209 fatum
2859 5156 3176 5210 necessario
3213 5169 3378 5208 causa
3404 5167 3469 5206 ea
3510 5166 3633 5223 quae

2065 5242 2205 5300 fiunt
2238 5243 2527 5298 efﬁciens?
2584 5243 2876 5311 Quomodo
2912 5244 3157 5307 tandem,
3195 5241 3412 5298 amice?
3453 5239 3633 5294 simile

2063 5350 2148 5393 est
2178 5354 2242 5393 ac
2269 5338 2461 5407 siquis
2483 5336 2664 5392 media
2709 5338 2891 5391 hieme
2916 5338 3098 5391 nudus
3130 5336 3232 5392 sub
3272 5335 3413 5390 coelo
3440 5332 3634 5386 ambu-

2066 5430 2185 5485 lans
2214 5444 2435 5484 causam
2468 5428 2693 5500 frigoris
2712 5446 2821 5484 non
2864 5446 2976 5484 sua:
3008 5429 3205 5484 rationi
3241 5445 3306 5483 ac
3342 5426 3631 5490 voluntati,

2066 5522 2159 5578 Sed
2225 5523 2319 5578 fati
2367 5522 2687 5577 necessitati
2739 5521 2968 5576 tribuat.
3028 5520 3282 5576 Profecto
3325 5520 3474 5575 enim
3521 5534 3631 5572 non

2065 5616 2334 5687 cujusque
2368 5614 2546 5669 libera
2574 5617 2829 5669 voluntas
2853 5614 3054 5683 cuique
3077 5611 3273 5667 Clotho
3306 5614 3387 5677 tit,
3434 5620 3491 5667 et
3515 5627 3634 5665 sors

2068 5716 2331 5775 tanquam
2360 5689 2433 5760 ex
2484 5720 2595 5759 uno
2646 5704 2959 5773 eodemque
2987 5703 3136 5757 fonte
3176 5704 3444 5772 profecta.
3474 5703 3638 5757 Deni-

2067 5814 2175 5869 que
2239 5813 2422 5851 rerum
2483 5797 2549 5851 ad
2607 5811 2673 5850 eo
2733 5794 3075 5849 discriminis
3130 5794 3293 5866 220
3344 5794 3643 5850 doctarum

2068 5892 2282 5947 socium
2333 5904 2422 5944 me
2470 5884 2570 5943 tibi
2629 5886 2891 5944 obvenirc
2941 5887 3119 5955 velis,
3173 5903 3300 5942 cum
3373 5888 3641 5959 majorem

2326 6052 2350 6085 Q

3784 3566 3799 3601 τ
