3856 6610
333 394 428 458 101

1548 398 1956 458 NICEPHORI
1998 399 2380 458 UREGORE

3473 397 3580 462 192

325 520 546 573 quoque
575 519 738 574 quam
778 519 900 573 quae
931 519 1074 560 nunc
1099 515 1182 560 est
1225 507 1370 561 inter
1425 523 1510 562 me
1549 523 1757 575 vosque
1813 509 1894 558 di-

2024 509 2056 558 ὺ
2093 511 2374 576 συγγενές.
2415 508 2486 560 Σὺ
2549 507 2606 561 δέ
2669 523 2762 574 μοι
2818 503 2944 572 λέγε
3002 503 3141 574 πρὸς
3179 503 3356 558 ταῦτα
3403 505 3582 572 τύχην

325 593 583 650 stantiam
609 593 724 648 fore
756 609 1133 662 szepenumero
1170 595 1221 649 in
1260 598 1404 652 votis
1455 598 1733 652 haberem.
1787 595 1894 650 Sed

231 743 249 766 ἦ
325 689 490 743 abeas
511 703 634 742 cum
663 687 797 754 Deo,
828 703 952 753 nec,
981 697 1039 742 ut
1077 690 1232 759 plura
1255 691 1474 756 loquar,
1500 708 1587 746 me
1615 691 1894 760 impellas;

241 769 258 798 “
326 779 462 833 nihil
501 780 646 834 enim
668 795 860 834 eorum
891 775 1011 850 qua:
1040 797 1106 834 ex
1138 783 1416 836 voluntate
1445 791 1534 836 tua
1566 797 1693 836 sunt
1722 782 1896 834 dicam

325 880 422 924 aut
453 870 674 925 faciam.

2003 599 2185 650 αἰτίαν
2221 601 2312 651 καὶ
2365 598 2736 668 πεπρωμένην
2773 596 2991 666 ἀνάγκῃ
3039 593 3108 647 τὰ
3157 593 3412 662 δρώμενα
3436 593 3582 663 δρῶ-

2007 704 2128 741 σαν.
2181 687 2304 748 ῐΙῶς
2359 689 2455 740 καὶ
2509 686 2694 746 πόθεν,
2735 685 3030 754 άνθρωπε;
3075 682 3304 750 Ὅμοιον
3359 681 3471 749 γὰρ
3513 681 3582 735 ἂν

2005 777 2091 846 εἴη
2145 775 2336 846 ὥσπερ
2385 777 2449 828 ἂν
2503 777 2555 828 εί
2599 793 2681 838 τις
2751 775 2918 845 μέσου
2966 773 3233 844 χειμῶνος
3279 771 3490 842 γυμνὸς
3523 772 3584 822 ἐν

2006 870 2298 939 ὑπαίθροις
2351 871 2690 940 περινοστῶν
2759 871 2940 922 αἰτίαν
2993 866 3088 918 τοῦ
3145 866 3328 936 ῥίγους
3391 864 3585 924 ἐτίθει,

323 963 526 1030 ἥκιστα
584 964 685 1033 μὲν
728 963 828 1035 τὴν
872 963 1068 1018 ἑαυτοῦ
1117 965 1344 1046 γνώμην
1385 965 1480 1018 καὶ
1516 947 1759 1034 θέλησιν,
1827 965 1926 1033 τὴν
1965 965 2010 1017 δ’
2037 967 2284 1034 ἀνάγκην
2311 968 2408 1034 τῆς
2484 963 2874 1033 πεπρωμένης.
2901 958 2978 1012 Ἦ
3009 959 3117 1028 γὰρ
3145 960 3243 1028 οὐχ
3279 961 3312 1028 ἡ
3347 957 3587 1011 ἑκάστου

325 1059 675 1111 παντάπασιν
731 1060 1122 1122 αὐτοδέσποτος
1166 1059 1386 1131 θέλησις
1433 1060 1648 1130 ἑκάστῳ
1677 1061 1886 1126 γίνεται
1929 1059 2138 1114 Κλωθὼ
2203 1063 2298 1112 καὶ
2369 1058 2732 1126 πεπρωμένη,
2770 1057 3051 1126 σύστοιχον
3089 1058 3156 1125 τῇ
3193 1055 3322 1124 ῥίζῃ
3369 1049 3590 1122 φύουσα

325 1151 385 1200 τ’)
415 1155 996 1222 γεώργιον;·Ἔπειτά
1065 1172 1130 1208 με
1179 1156 1288 1210 τῶν
1331 1155 1474 1208 οὓτω
1527 1155 1736 1225 πλάνης
1811 1157 2048 1226 ἐχόντων
2116 1155 2384 1226 ὁμιλητὴν
2429 1153 2605 1220 ἀξιοῖς
2635 1154 2735 1206 νῦν
2790 1151 3234 1222 προσεληλυθότα
3299 1147 3588 1216 γενέσθαιτ

328 1246 415 1298 ὅτε
484 1249 579 1300 καὶ
629 1250 1030 1318 μυριοπλάσιον
1055 1250 1123 1304 δι’
1179 1252 1343 1321 εὐχῆς
1405 1252 1740 1338 καθεστήκοι
1797 1271 1890 1321 μοι
1932 1253 2135 1324 μᾶλλον
2203 1252 2303 1320 τῆς
2357 1251 2451 1304 νῦν
2499 1249 2732 1320 ἐχούσης
2781 1249 2884 1314 τὴν
2957 1245 3093 1316 ἐμοῦ
3143 1245 3238 1300 καὶ
3291 1244 3450 1311 ὑμῶν
3491 1261 3594 1310 με·

329 1337 462 1401 ταξὺ
494 1339 722 1406 τοπικὴν
759 1341 1038 1395 διάστασιν
1107 1342 1372 1410 γίνεσθαι.
1448 1344 1588 1397 Ἀλλ’
1637 1335 1793 1396 ἄπίθι
1833 1345 1968 1412 πρὸς
2009 1343 2170 1403 Θεοῦ,
2197 1346 2290 1394 καὶ
2324 1344 2400 1412 μή
2433 1359 2498 1412 με
2529 1342 2662 1412 πρὸς
2693 1341 2908 1402 πλείους
2937 1338 3151 1407 ἐρέθιζε
3180 1337 3372 1405 λόγους
3392 1350 3406 1366 ’
3431 1335 3596 1388 οὐδὲν

331 1436 439 1504 γὰρ
470 1433 529 1498 ἐξ
571 1434 707 1502 ἐμοῦ
753 1453 836 1488 σοι
868 1436 974 1488 τῶν
1004 1437 1145 1492 κατὶι
1188 1439 1418 1508 γνώμην
1459 1438 1581 1491 οὗτε
1622 1437 1898 1502 λελέξεται
1937 1439 2061 1493 οὔτε
2097 1439 2462 1508 πεπράξεται.

404 1527 936 1588 XXXlllMattbaaus
958 1531 1120 1602 ig'tur
1142 1531 1230 1586 ille
1257 1533 1442 1603 junior
1461 1532 1762 1600 imperator
1777 1547 1901 1584 cum

333 1629 478 1672 esset
506 1618 721 1674 locutus
759 1617 910 1690 qua!
943 1621 1186 1675 nondum
1257 1621 1323 1677 ad
1377 1622 1634 1684 alterum,
1697 1633 1753 1676 et
1807 1639 1905 1676 au-

336 1709 506 1763 disset
536 1724 656 1778 qua:
687 1709 932 1764 nondum
961 1711 1030 1764 ab
1066 1712 1261 1778 altero,
1321 1709 1469 1767 'totus
1509 1711 1564 1764 in
1619 1712 1898 1766 tristitiam

333 1811 389 1854 et
415 1801 858 1870 desperationem
914 1804 1225 1866 abiit,eum
1279 1806 1613 1876 colloquium
1663 1821 1774 1862 non
1837 1821 1904 1860 ex

335 1897 609 1948 sententia
638 1912 734 1952 sua
793 1891 1072 1952 Cessisset.
1135 1897 1361 1952 Volebat
1401 1900 1624 1968 quidem
1669 1899 1904 1953 blandiri

336 1994 390 2038 et
441 1986 672 2051 audire;
712 1988 805 2042 sed
841 2005 964 2043 cum
1003 1990 1214 2044 videret
1245 2005 1331 2044 me
1375 2006 1443 2044 ne
1473 1992 1751 2062 paulisper
1783 1993 1905 2063 qui—

319 2078 459 2146 dem
489 2079 732 2134 animum
761 2080 1069 2142 advertere.
1096 2082 1232 2134 abiit
1269 2096 1364 2152 Spe
1405 2095 1695 2151 parentum
1745 2085 1904 2152 plane

336 2171 655 2225 destitutus.
693 2173 988 2242 Propterea
1017 2174 1186 2228 tutior
1242 2184 1296 2228 et
1360 2175 1608 2230 securior
1658 2173 1905 2228 custodia

338 2272 522 2317 nostra
554 2263 693 2318 facta
717 2275 826 2331 est,
871 2281 994 2320 cum
1049 2268 1280 2322 Palamae
1318 2270 1474 2322 turba
1507 2268 1904 2321 calumniarum

335 2372 499 2410 causa
537 2371 721 2426 regum
751 2357 885 2411 iram
917 2359 1184 2413 excitaret
1205 2370 1260 2414 et
1288 2372 1533 2430 augeret.
1587 2362 1699 2414 Nec
1740 2363 1906 2429 porro

337 2464 435 2518 per
469 2448 742 2517 reliquum
771 2450 898 2504 vitae
937 2452 1174 2520 spatium
1202 2451 1392 2512 habui.
1457 2468 1487 2506 a
1523 2468 1632 2521 quo
1659 2452 1907 2506 audirem

341 2540 548 2609 aliquid
585 2550 681 2596 aut
715 2557 953 2612 quocum
987 2544 1354 2613 colloquerer.

2079 1529 2202 1586 Al".
2239 1529 2520 1588 Ματθαῖος
2549 1527 2648 1597 μὲν
2697 1526 2790 1580 οὖν
2828 1526 2857 1578 ὀ
2889 1527 3009 1587 νέος
3053 1526 3258 1586 ἐκεῖνος
3310 1523 3592 1590 βασιλεὺς·

2007 1624 2180 1682 εἰπὼν
2214 1625 2312 1692 μὲν
2341 1623 2376 1677 ἃ
2405 1623 2574 1691 μήπω
2599 1621 2738 1690 πρὸς
2767 1619 2976 1688 ἕτερον,
2996 1615 3248 1685 ἀκηκοὼς
3275 1615 3320 1668 δ’
3349 1615 3386 1669 ἃ
3421 1617 3598 1682 μήπω

2008 1716 2144 1785 πρὸς
2191 1714 2404 1782 ἐτέρου,
2433 1711 2611 1780 λύπης
2649 1712 2740 1762 καὶ
2795 1707 3034 1777 ἀθυμίας
3091 1705 3290 1774 μεστός
3341 1704 3596 1772 ἐγεγόνει

2013 1809 2086 1879 μὴ
2126 1807 2268 1860 κατὰ
2321 1805 2546 1874 γνώμην
2586 1802 2684 1872 τῆς
2731 1802 2945 1870 ὁμιλίας
2997 1799 3380 1869 κεχωρηκυίας
3413 1797 3596 1864 αὐτῷ.

2011 1903 2120 1956 Kal
2155 1901 2406 1954 ἐϐούλετο
2447 1899 2546 1968 μὲν
2569 1899 2648 1950 ἔτι
2690 1897 2872 1960 λέγειν
2906 1911 2962 1946 τε
3021 1895 3114 1946 καὶ
3165 1893 3422 1946 ἀκούειν·
3477 1887 3598 1942 ἀλλ’

2009 1994 2154 2064 ὀρῶν
2205 1993 2303 2062 ἐμὲ
2367 1989 2590 2060 μηδαμῆ
2645 1987 2779 2058 μηδὲ
2819 1987 2980 2056 μέχρι
3022 1983 3252 2055 βραχέος
3317 1982 3598 2035 ἐνδιδόντα

2011 2089 2112 2159 τὴν
2159 2085 2329 2155 ἀκοὴν
2379 2081 2568 2154 ἀπῄει,
2611 2083 2708 2144 τὰς
2761 2080 2854 2134 τοῦ
2901 2079 3106 2146 πατρδς
3147 2073 3284 2147 ὁμοῦ
3339 2079 3436 2129 καὶ
3492 2073 3596 2144 τῆς

2007 2177 2214 2251 μητρὸς
2250 2176 2658 2246 ἀφαιρούμενος
2688 2173 2857 2242 ἄρδην
2881 2170 3128 2233 ἐλπίδας.
3158 2168 3252 2221 Διδ
3282 2167 3377 2220 καὶ
3403 2167 3596 2233 ἀσφα-

2005 2265 2240 2336 λέστερα
2277 2281 2336 2315 τε
2369 2263 2462 2316 καὶ
2491 2261 2774 2332 βιαιότερα
2801 2258 2924 2330 καθ’
2947 2257 3106 2327 ἡμῶν
3137 2259 3204 2310 τὰ
3233 2259 3332 2325 τῆς
3355 2253 3594 2321 εἱρκτῆς

2009 2353 2168 2416 αὖθις
2231 2353 2466 2422 ἐγίνετο,
2515 2349 2608 2404 τοῦ
2663 2346 2983 2417 Παλαμικοῦ
3037 2345 3228 2398 θιάσου
3284 2343 3595 2413 βασκανίας

2011 2450 2197 2502 εἵνεκα
2227 2447 2326 2516 τὴν
2351 2445 2462 2498 τῶν
2495 2443 2764 2514 βασιλέων
2809 2441 2981 2512 ὀργὴν
3014 2437 3358 2506 ἐρεθίσαντό;
3391 2453 3454 2489 τε
3497 2437 3594 2488 καὶ

2011 2540 2477 2611 ἀναῤῥιπίσαντος
2535 2538 2591 2598 ἐς
2645 2535 2705 2586 τὸ
2757 2534 3166 2601 ἀκμαιότερον⁸
3211 2531 3304 2582 καὶ
3345 2529 3595 2598 ἠνύομεν

339 2634 494 2696 αὖθις
549 2634 752 2688 οὑτωσί
807 2653 922 2699 πως
978 2637 1038 2689 τὸ
1098 2638 1282 2691 λοιπον
1348 2637 1443 2690 τοῦ
1529 2639 1646 2709 βίου
1709 2638 1934 2708 μηδι-μῆ
2015 2637 2182 2705 μηδὲν
2231 2632 2353 2703 μηδ’
2411 2629 2633 2684 ὁθενοῦν
2687 2627 2815 2698 μήτ’
2880 2624 3104 2680 ἀκούειν
3173 2622 3302 2694 μήθ’
3373 2621 3596 2692 ὁμιλεῖν

257 2737 262 2740 ·
341 2726 578 2796 ἔχοντες.

413 2817 650 2873 XXXIV.
685 2817 881 2874 Paucis
907 2817 1104 2874 deinde
1135 2820 1332 2876 diebus
1361 2821 1752 2892 prmterlapsis,
1787 2830 1909 2890 post

345 2909 478 2962 solis
519 2924 774 2962 occasum
819 2909 1060 2965 secunda
1115 2912 1248 2964 hora
1289 2920 1558 2966 nocturna
1615 2927 1739 2966 cum
1795 2927 1916 2964 vcs-

344 3001 584 3072 pertina,
615 3011 674 3055 ut
700 3002 872 3066 soleo,
908 3003 1150 3056 carmina
1199 3005 1487 3058 recitarem
1541 3003 1766 3060 Christo
1805 3003 1914 3056 Deo

345 3095 400 3146 in
433 3093 710 3147 conclavis
741 3093 962 3164 angulo,
1025 3095 1116 3148 ubi
1161 3094 1400 3150 divinam
1450 3099 1568 3166 ejus
1624 3097 1913 3166 imaginem

2086 2821 2207 2874 AA'.
2270 2819 2532 2889 Βραχεῖαι
2591 2815 2871 2888 παρῆλθον
2928 2813 3138 2868 ἐκεῖθεν
3196 2814 3424 2882 ἡμέραι,
3501 2800 3600 2865 καὶ

2021 2901 2160 2984 μετὰ
2211 2913 2362 2966 δύσιν
2409 2912 2559 2980 ἡλίου
2603 2911 2864 2979 δευτέρας
2911 2910 3061 2979 ὥρας
3100 2908 3227 2977 ἄρτι
3259 2907 3599 2974 νυκτερινῆς

2017 3007 2426 3074 ἀγομένης,καὶ
2458 3008 2556 3067 τὰς
2609 3003 2904 3070 ἑσπερίους
2953 3001 3087 3070 ἐμοῦ
3135 2999 3196 3065 |l‘_
3241 3001 3338 3054 H7
3363 3018 3393 3052 ις
3425 2999 3448 3070 ‘j
3479 3017 3605 3051 συν-

2021 3098 2165 3167 ήθως
2223 3098 2368 3168 ᾡδὶς
2403 3097 2748 3158 ἀποδιδόντος
2783 3097 3004 3167 Χριστῷ
3055 3095 3134 3163 τῷ
3172 3095 3290 3162 Θεῷ
3345 3096 3488 3161 περὶ
3545 3094 3606 3144 τὸ

345 3195 512 3252 atque
549 3185 911 3240 sanctissima:
932 3187 1050 3256 ejus
1073 3185 1262 3242 Matris
1302 3187 1432 3241 olim
1493 3189 1911 3248 collocat-imus.

2024 3191 2112 3243 τοῦ
2137 3192 2283 3244 οίκου
2321 3191 2620 3260 ἐνδότερον,
2653 3189 2783 3242 ἔνθα
2829 3189 2922 3242 καὶ
2965 3189 3066 3257 τὴν
3097 3185 3263 3238 αὐτοῦ
3302 3185 3466 3238 θείαν
3523 3186 3607 3235 εί-

348 3276 618 3329 tnmultus
642 3285 864 3345 repente
891 3277 1264 3342 turlmlcntus,
1290 3288 1536 3332 motuum
1567 3281 1765 3333 veteris
1789 3290 1922 3332 tem-

347 3368 492 3436 poris
515 3369 672 3436 221
701 3369 1050 3422 mirilicorum
1070 3371 1446 3440 magnitudine
1463 3372 1680 3435 similis,
1703 3387 1920 3424 omnem

351 3459 442 3512 ubi
496 3459 853 3513 constiteram
879 3468 1080 3528 terram
1117 3461 1412 3514 concussit.
1445 3461 1769 3516 Nesciebam
1795 3475 1920 3514 cum

352 3547 599 3604 inclusus
616 3562 818 3610 essem,
842 3563 962 3616 qua:
979 3547 1114 3602 foris
1131 3549 1344 3612 licrent,
1362 3563 1460 3602 nec
1478 3547 1610 3616 quid
1637 3548 1918 3620 Byzantio,

355 3652 456 3692 me
485 3638 614 3706 quid
635 3638 848 3692 caeteris
870 3637 1099 3692 urbibus
1115 3639 1802 3694 accidisset.Vehementer
1823 3640 1922 3710 igi-

357 3739 446 3784 tur
467 3731 855 3798 conquassavit
881 3731 1338 3786 etconcussitille
1367 3733 1624 3786 conclave
1657 3748 1831 3786 meum
1865 3743 1923 3786 ut

353 3824 627 3892 plerasque
659 3832 840 3891 partes
871 3823 1056 3878 fracta:
1083 3825 1135 3878 in
1166 3835 1364 3877 terram
1394 3823 1654 3878 caderent
1685 3832 1740 3877 et
1795 3825 1921 3878 libri

356 3921 583 3966 nostrle
617 3912 746 3966 sede
771 3912 837 3966 ad
887 3914 1114 3966 humum
1161 3913 1553 3983 dejicerentur.
1611 3913 1925 3983 Suspensus

356 4005 459 4058 hac
493 4003 627 4058 hora
651 4006 868 4060 animus
895 4015 950 4060 et
988 4015 1168 4058 motus
1194 4019 1352 4059 terra:
1380 4005 1532 4059 brevi
1569 4006 1925 4060 vehementer

356 4096 626 4150 adauctus
660 4111 810 4165 Spem
842 4098 966 4150 vita:
1021 4097 1298 4164 deponere
1346 4113 1433 4151 me
1484 4098 1733 4167 cogebat,
1794 4113 1920 4152 cum

355 4196 655 4240 metuerem
709 4203 776 4241 ne
830 4199 972 4241 terra
1027 4197 1082 4241 ct
1139 4189 1259 4256 ipso
1325 4189 1583 4244 cubiculo
1639 4191 1922 4260 opprime-

356 4295 466 4334 )er.
503 4280 769 4349 Equidem
802 4296 928 4334 cum
967 4297 1074 4337 non
1112 4281 1372 4336 haberem
1412 4297 1524 4351 quo
1558 4283 1748 4336 oculos
1775 4297 1926 4336 meos

357 4383 625 4426 verterent
659 4376 965 4428 evitaturus
1017 4373 1258 4428 divinam
1313 4376 1458 4428 illam
1503 4376 1663 4439 iram,
1705 4391 1825 4446 qum
1852 4377 1924 4428 ob

361 4467 682 4532 pravitatem
717 4471 960 4518 nostram
1019 4479 1120 4519 nos
1167 4464 1357 4518 adibat
1403 4465 1600 4518 vividis
1651 4466 1920 4518 minarum

361 4555 638 4608 coloribus
689 4571 967 4626 expressa,
1023 4556 1251 4622 lirt‘piter
1300 4557 1466 4626 pedes
1519 4557 1688 4610 humo
1735 4558 1924 4626 inligc—
1958 4545 1998 4598 Ῑ)

366 4653 510 4708 ιιυιιι,
561 4649 854 4718 trepidanti
882 4664 1008 4702 vero
1035 4657 1194 4702 terrae
1219 4647 1490 4702 obsistere
1520 4664 1628 4701 non
1658 4657 1922 4716 poteram.

367 4744 576 4812 Ubique
608 4741 740 4796 mihi
766 4757 855 4796 res
911 4741 1074 4810 plena
1131 4739 1526 4794 sollicitudinis
1566 4750 1722 4806 erat;
1784 4739 1926 4794 intra

369 4839 514 4890 cnim
552 4836 690 4890 male
731 4851 816 4890 me
841 4833 1103 4888 habebam
1133 4849 1311 4902 neque
1345 4833 1480 4887 mihi
1510 4833 1660 4886 exire
1704 4833 1929 4888 omnino

365 4929 417 4982 in
465 4938 700 4982 mentem
731 4928 882 4981 venit
908 4945 922 4992 ;
965 4925 1098 4980 illud
1130 4924 1353 4995 quidem
1379 4934 1666 4995 propterea
1697 4925 1840 4994 quod
1871 4924 1926 4978 in

367 5021 604 5075 vinculis
643 5035 790 5074 eram
819 5029 874 5074 et
907 5030 1033 5072 ante
1080 5029 1266 5088 portas
1311 5017 1546 5071 arbitros
1593 5016 1926 5080 metuebam,

368 5113 474 5167 hoc
505 5126 634 5166 vero
665 5111 810 5181 quod
853 5109 1100 5163 divinum
1160 5109 1500 5178 propositum
1562 5109 1928 5178 intelligebam

367 5205 642 5260 neruinem
668 5204 874 5258 evitare
899 5217 1080 5274 posse,
1107 5217 1208 5255 nec
1236 5202 1326 5270 qui
1357 5203 1458 5256 sub
1501 5201 1639 5254 coelo
1666 5202 1924 5266 ambulet,

367 5315 469 5354 nec
497 5298 591 5368 qui
621 5297 674 5350 in
708 5311 986 5351 carcerem
1019 5295 1252 5366 injectus
1286 5294 1373 5348 sit.
1402 5293 1483 5347 Ab
1508 5293 1628 5364 ejus
1657 5293 1801 5347 enim
1837 5309 1932 5347 vo-

368 5398 578 5449 luntate
607 5392 786 5446 omnia
843 5389 1104 5460 pendent,
1165 5404 1506 5458 quaecunque
1552 5397 1742 5458 aperte
1770 5389 1930 5454 ﬁunt,

369 5497 424 5538 et
487 5499 830 5554 quascunque
881 5483 935 5536 in
996 5496 1212 5536 recessu
1263 5481 1423 5550 222
1474 5481 1736 5534 collocata
1803 5488 1934 5534 sum

373 5577 740 5642 abditissimo,
775 5583 830 5630 et
893 5575 1112 5630 volente
1169 5574 1278 5629 Deo
1341 5575 1558 5628 liberari
1609 5583 1786 5643 potest
1848 5573 1934 5626 vel

373 5668 467 5737 qui
514 5667 838 5722 innumeros
903 5669 1110 5740 circum
1162 5683 1220 5722 se
1281 5667 1509 5735 laqueos
1559 5665 1628 5718 a'b
1683 5666 1940 5720 hostilus

377 5769 614 5816 structos
643 5771 698 5815 et
732 5761 835 5818 tela
881 5774 1065 5815 Cernat
1095 5761 1426 5816 advolantia.
1464 5761 1722 5814 Perditur
1769 5761 1934 5813 etiam

375 5853 752 5916 tacillimeillo
803 5853 1112 5908 recedente.
1165 5835 1526 5919 Quamobrem
1587 5851 1839 5908 manibus
1871 5854 1935 5906 ad

2025 3283 2158 3336 κόνα
2217 3283 2356 3352 μετὰ
2415 3285 2512 3352 τῆς
2579 3281 2742 3334 αὑτοῦ
2807 3281 3086 3347 πανάγνου
3157 3278 3364 3348 μητρὸς
3423 3275 3604 3329 πάλαι

2025 3367 2502 3444 προεστησάμεθα,
2529 3373 2716 3434 κλόνος
2747 3373 3010 3441 ἐξαίφνης
3043 3371 3301 3441 ῥαγδαῖος
3349 3369 3450 3422 καὶ
3489 3369 3604 3420 τῶν

2024 3469 2192 3522 πάλαι
2243 3465 2673 3536 θαυμαζομένων
2701 3467 2795 3518 ἐπὶ
2844 3465 3062 3534 μεγέθει
3090 3463 3375 3532 ἐνάμιλλος
3409 3463 3605 3515 πᾶσαν

2023 3561 2110 3625 ἐφ’
2163 3555 2230 3629 ἦς
2287 3557 2606 3628 ἑστήκαμεν
2657 3557 2867 3621 ἐτίναξε
2919 3557 3043 3625 γῆν.
3080 3557 3187 3608 Καὶ
3239 3555 3306 3606 τὰ
3357 3555 3464 3622 μὲν
3499 3553 3608 3619 ἔξω

2023 3651 2158 3710 τέως
2203 3651 2437 3720 ἠγνόουν
2481 3649 2654 3720 πάθη,
2683 3650 3067 3719 κεκλεισμένος
3119 3649 3216 3710 ὣν,
3251 3650 3348 3700 ὅσα
3403 3664 3466 3699 τε
3505 3649 3609 3699 Bu-

2025 3743 2240 3806 ζάντιον
2289 3743 2383 3794 καὶ
2443 3741 2544 3794 ὅσα
2597 3742 2694 3804 τὰς
2753 3740 2915 3804 ἄλλας
2973 3743 3346 3810 συμπέπτωκε
3403 3741 3606 3803 πόλεις

2025 3835 2257 3887 παθεῖν·
2293 3833 2413 3888 ὅλον
2459 3833 2503 3886 δ’
2553 3833 2648 3886 οὖν
2674 3834 2888 3900 ἐδόνησε
2933 3834 3026 3886 καὶ
3077 3832 3410 3901 συνετάραξε
3455 3833 3608 3901 μάλα

2025 3921 2270 3991 σφοδρῶς
2321 3922 2414 3974 τὸν
2459 3921 2727 3992 ἡμέτερον
2781 3917 2949 3982 οἷκον,
2977 3920 3051 3981 ώς
3101 3923 3192 3972 καὶ
3240 3920 3383 3990 μέρη
3427 3921 3612 3972 πλείω

2029 4014 2264 4082 ῥαγέντα
2293 4009 2506 4080 χεῖσθαι
2546 4009 2682 4079 πρὸς
2717 4007 2982 4076 τοῦδαφος
3021 4009 3174 4060 ἔνθεν
3207 4009 3610 4068 κάκεῖθεν,κα“ι

2023 4106 2122 4168 τὰς
2174 4106 2271 4174 μὲν
2303 4103 2579 4174 ⁴ἡμετέρας
2619 4101 2834 4170 βίὖλους
2883 4102 2943 4168 ἐξ
2988 4101 3144 4170 ἔδρας
3175 4099 3612 4172 ἀναρρηγνυμέ-

2025 4215 2122 4260 νας
2175 4195 2484 4267 ῥιπτεῖσθαι
2528 4194 2718 4263 χαμαί.
2754 4193 2828 4246 Τό
2880 4209 2942 4260 γε
2988 4193 3096 4262 μὴν
3147 4195 3612 4262 παρατεταμένον

2025 4292 2122 4358 τῆς
2163 4290 2312 4359 ὧρας
2353 4289 2446 4340 καὶ
2489 4288 2522 4357 ἡ
2579 4286 2724 4338 κατὰ
2779 4285 2952 4356 βραχὺ
3006 4285 3140 4352 πρὸς
3177 4286 3238 4336 τὸ
3289 4285 3612 4354 βιαιότερον

2027 4383 2282 4452 προκοπὴ
2335 4381 2430 4434 τοῦ
2477 4378 2708 4446 σεισμοῦ
2758 4380 2853 4432 καὶ
2883 4377 3252 4448 ἀπαγορεύειν
3286 4379 3390 4446 ήδη
3431 4395 3504 4446 με
3552 4379 3614 4430 τὸ

2028 4477 2128 4545 ζῇν
2185 4472 2675 4544 προσηνάγκαζεν,
2723 4473 2874 4542 αὐτῷ
2931 4489 2990 4526 τε
3026 4473 3240 4550 ,ἐδάφει
3304 4473 3403 4524 καὶ
3463 4474 3610 4542 αὐτῇ

2032 4567 2502 4636 συγκαταδύεσθαι
2535 4566 2987 4634 προσδοκήσαντα
3015 4565 3078 4632 τῇ
3116 4564 3282 4633 οἰκίᾳ.
3323 4563 3472 4630 Ἐγὼ
3511 4565 3613 4630 μὲν

2027 4657 2119 4710 οὖν
2153 4657 2290 4718 τέως
2335 4657 2433 4708 οὐκ
2478 4655 2616 4726 ἔχων
2651 4655 2774 4708 ὅποι
2811 4654 3010 4725 βλέψας
3043 4653 3143 4723 τὴν
3191 4653 3339 4704 θείαν
3385 4654 3614 4720 ἐκείνην

2027 4749 2308 4814 διαφυγεῖν
2352 4747 2543 4816 ὀργὴν.
2576 4747 2612 4816 ἢ
2642 4763 2702 4798 τε
2731 4745 2948 4798 νῦνδιὰ
2989 4745 3085 4806 τὰς
3119 4743 3400 4813 ἡμετέρας
3447 4744 3614 4812 ἐπῄει

2029 4839 2228 4902 κακίας
2269 4839 2364 4891 καὶ
2413 4840 2446 4908 ἣ
2490 4837 2757 4907 μέλλουσα
2797 4839 2917 4898 ταῖς
2969 4837 3323 4904 φαινομέναις
3373 4837 3614 4897 ταύταις

2030 4933 2280 4994 ἀπειλαῖς
2332 4931 2784 5000 ένεζωγραφεῖτο,
2829 4931 2886 4994 ἐς
2939 4929 2998 4981 τὸ
3057 4929 3304 4996 πεπηγὸς
3352 4931 3452 4980 καὶ
3523 4928 3614 4997 βε-

2033 5023 2200 5084 ϐαίως
2253 5021 2541 5090 ἱστάμενον
2587 5019 3020 5090 ἐρηρεισμένους
3072 5019 3200 5080 τοὺς
3243 5018 3410 5080 πόδας
3460 5019 3616 5086 ἔχειν

2032 5116 2400 5184 ἐφιλονείκουν
2441 5113 2558 5182 μὲν,
2595 5112 2842 5183 ἀντέχειν
2879 5111 2924 5166 δ’
2967 5112 3066 5164 οὐκ
3098 5108 3246 5179 εἶχον
3286 5111 3428 5180 πρὸς
3461 5113 3612 5162 πάνυ

2031 5206 2370 5262 ἁστατοῦσαν
2413 5206 2540 5274 γῆν.
2593 5205 2702 5259 Καὶ
2754 5201 2823 5276 ἦν
2869 5201 3234 5273 πανταχόθεν
3263 5203 3386 5268 ἐμοὶ
3443 5205 3614 5254 στενὰ

2033 5297 2232 5366 κομιδῆ
2289 5295 2360 5348 τὰ
2403 5293 2499 5348 τοῦ
2559 5296 2910 5366 πράγματος.
2945 5293 3101 5345 Οὕτω
3153 5291 3262 5359 γὰρ
3311 5291 3454 5360 ἔχων
3501 5290 3614 5344 τῶν

2035 5389 2182 5442 ἔνδον
2233 5387 2441 5450 κακῶς,
2469 5387 2576 5440 οὐδ’
2627 5386 2732 5452 ἔξω
2784 5385 3101 5455 προϐαίνειν
3153 5384 3286 5446 ὅλως
3337 5379 3479 5451 ἦγον
3529 5385 3612 5446 εἰς

2040 5481 2282 5550 μνήμην,
2320 5478 2477 5532 τοῦτο
2521 5479 2619 5548 μὲν
2669 5478 2749 5530 ὃτι
2801 5478 3024 5546 δέσμιος
3074 5472 3142 5547 ἦν
3195 5477 3290 5528 καὶ
3331 5476 3462 5536 τοὺς
3505 5475 3617 5542 πρὸ

2039 5571 2221 5641 θυρῶν
2273 5569 2492 5623 ἐδεδίειν
2547 5571 2854 5634 πανόπτας,
2890 5567 3046 5621 τοῦτο
3084 5567 3127 5618 δ’
3165 5567 3246 5618 ὅτι
3283 5567 3375 5618 καὶ
3406 5567 3467 5618 τὸ
3513 5565 3616 5633 τῆς

2038 5664 2188 5726 θείας
2225 5662 2635 5732 ἁναπόδραστον
2685 5661 2866 5730 ψήφου
2899 5660 3068 5713 πάλαι
3113 5655 3396 5728 γινώσκων
3433 5653 3506 5728 ἧν
3539 5657 3615 5718 ὡς

2037 5757 2208 5818 οὐδεὶς
2259 5755 2550 5824 ἀποδραίη,
2591 5751 2692 5806 κᾶν
2747 5754 2805 5806 ἐν
2857 5747 3146 5823 ὑπαίθροις
3189 5751 3430 5822 χορεύων
3471 5751 3620 5820 τύχῃ
3699 5735 3702 5740 ’

2041 5869 2142 5914 τις,
2175 5851 2273 5903 κᾶν
2321 5851 2378 5904 ὲν
2416 5851 2602 5916 εἱρκτῆ
2658 5845 3026 5918 συγκλείηται.
3079 5845 3186 5916 Τῆς
3234 5844 3341 5916 γὶνρ
3393 5843 3618 5896 ἐκείνου
