3966 6574
363 430 475 496 193
1323 424 1764 488 BYZANTIN/E
1812 423 2192 488 HISTORIzE
2231 426 2383 487 LIB.
2427 425 2643 488 XXIX.
3526 420 3630 488 194

361 546 681 617 βουλήσεως
716 541 950 612 ἐξῆπται
984 542 1052 596 τὰ
1083 542 1287 606 πάντα,
1322 541 1420 596 ὃσα
1461 560 1520 597 τε
1566 542 1818 612 φαίνεται
1855 545 1949 597 καὶ
1976 550 2014 608 Α

2052 538 2274 600 divinas
2334 541 2459 595 illas
2501 540 2772 610 imagines
2823 538 3058 594 sublatis
3107 537 3425 593 sustinebar
3468 548 3648 616 terra}

357 639 469 692 ὅσα
520 639 577 689 ἐν
632 638 827 705 μυχοῖς
875 634 1244 704 θαλαμεύεται
1291 634 1669 705 ἀπορρήτοιςο
1699 637 1793 688 καὶ
1834 636 1947 688 σώ-

2056 642 2206 687 motu
2237 633 2332 687 illo
2388 632 2506 702 ipse
2559 632 2930 702 perturbatus.
2988 630 3249 685 Malebam
3302 629 3505 685 ibidem
3544 646 3632 683 ro-

358 728 515 793 ζοιτο
571 728 669 798 μὲν
715 727 783 781 ἂν
842 729 949 789 πᾶς
998 745 1082 790 τις
1138 726 1466 796 βουλομένου
1520 725 1680 793 Θεοῦ,
1732 727 1831 781 καὶ
1895 728 1944 781 εί

2054 741 2278 781 manere
2307 724 2471 790 linem
2500 733 2917 795 exspectaturus
2950 726 3093 789 vitae,
3120 724 3213 779 ubi
3254 723 3326 778 ob
3361 724 3626 793 pietatem

364 822 572 892 μυρίας
602 820 750 893 όρῲη
792 820 977 891 κύκλῳ
1022 821 1427 891 περιχεομένας
1457 820 1669 891 ἐχθρῶν
1710 820 1946 888 παγίδας

2053 817 2272 873 dolores
2306 816 2374 870 ad
2406 817 2513 871 hoc
2546 832 2720 887 usque
2766 826 2985 886 tempus
3040 816 3390 872 sustulissem
3460 828 3626 885 quam

360 914 464 965 καὶ
498 913 903 983 περιιπτάμενα
945 911 1099 982 βέλη,
1126 910 1413 981 ’φθείροιτο
1447 910 1492 963 δ’
1538 906 1696 973 αὖθις
1742 911 1808 962 ὲκ
1847 909 1942 963 τοῦ

2052 909 2356 965 humanum
2378 910 2644 963 auxilium
2673 919 3018 979 exspectare.

363 1007 569 1077 ῥᾴστου
632 1006 1042 1077 συγχωροῦντος
1096 1004 1331 1060 ἐκείνου.
1365 1004 1532 1058 Ὅθεν
1583 1005 1685 1066 τὰς
1743 1005 1937 1074 χεῖρας
1975 1004 2095 1066 ταῖς
2127 1003 2301 1067 θείαις
2370 992 2765 1074 προσερείσας
2799 1004 3003 1056 εἰκόσιν
3041 1002 3298 1066 ὲκείναις,
3335 1001 3630 1073 ινεκαρτέ-

361 1098 607 1170 ρουνντῷ
640 1099 741 1168 τῆς
765 1099 867 1169 γῆς
908 1098 1108 1169 ἐκείνῳ
1138 1097 1390 1169 τιναγμῷ
1440 1098 1931 1168 συντινασσόμενος
1968 1098 2063 1150 καὶ
2092 1096 2276 1162 αὐτὸς,
2340 1096 2436 1149 καὶ
2494 1096 2845 1166 λογιζόμενος
2877 1095 3090 1167 βέλτιον
3117 1094 3366 1149 ἐνταυθοῖ
3399 1096 3631 1164 μένοντὰ

364 1211 438 1261 με
466 1196 528 1247 τὸ
554 1194 705 1259 τέλος
732 1194 1028 1263 ὑπομένειν
1084 1191 1181 1246 τοῦ
1213 1192 1351 1263 βίου,
1390 1189 1455 1264 [ἰ.
1526 1191 1628 1246 “8
1671 1190 1724 1263 τ]
1762 1190 1890 1245 ἔνθα
1923 1192 2014 1245 καὶ
2050 1192 2179 1255 τοὺς
2227 1190 2366 1261 ὑπὲρ
2420 1190 2708 1252 εὐσεϐείας
2754 1189 2949 1252 ἄθλους
2992 1191 3048 1251 ἐς
3093 1188 3212 1242 τόδε
3261 1189 3563 1259 ἡνύσαμεν,
3595 1189 3630 1261 ἢ

361 1290 508 1359 πρὸς
539 1290 892 1361 ἀνθρωπίνας
921 1287 1254 1342 ἀποϐλέπειν
1287 1288 1633 1357 ἐπικουρίας.

437 1386 562 1440 ΛΕ’.
600 1387 753 1439 Ἐπεὶ
780 1386 825 1439 δ’
857 1383 951 1439 οὖν
978 1388 1130 1456 ὅμως
1161 1386 1294 1438 Θεοῦ
1332 1387 1561 1455 προνοίᾳ
1596 1383 1941 1454 σεσὼσμεθα.

2078 1436 2081 1437 ν
2123 1381 2337 1446 XXXV,
2379 1380 2639 1437 Attamen
2685 1397 2807 1436 cum
2848 1379 2943 1434 Dei
2976 1378 3327 1449 providentia
3356 1392 3533 1434 essem
3562 1375 3632 1430 li-

361 1484 423 1544 ἐς
449 1482 547 1551 τὴν
580 1478 876 1549 ὑστεραίαν
917 1478 1018 1550 ήδη
1069 1477 1166 1530 καὶ
1194 1479 1261 1530 τὰ
1305 1477 1413 1530 τῶν
1459 1476 1635 1530 ἄλλων
1668 1476 1943 1546 ἠκούομεν

2054 1472 2283 1528 beratus
2316 1473 2584 1544 periculo,
2619 1484 2841 1542 postero
2872 1471 2961 1526 die
2986 1487 3108 1542 qua:
3137 1471 3245 1525 illis
3284 1469 3632 1540 contigerant

364 1571 543 1638 πάθη.
579 1570 717 1641 Περὶ
748 1565 824 1623 ὦν
854 1569 1137 1639 προϊόντες
1168 1568 1402 1638 ἐροῦμεν
1424 1566 1787 1635 πλατύτερον,
1822 1568 1946 1621 ἐπεὶ

2054 1568 2266 1632 audivi,
2298 1568 2367 1622 de
2398 1567 2819 1636 quibuspostea
2849 1565 3027 1619 dicam
3059 1564 3314 1633 amplius,
3348 1578 3472 1618 cum
3515 1576 3632 1615 am-

364 1665 467 1717 καὶ
499 1663 841 1733 πλατυτέρας
869 1662 1049 1713 ἐκεῖνα
1074 1660 1242 1713 δεῖται
1275 1661 1375 1730 τῆς
1406 1660 1670 1729 ίστορίας.

2054 1662 2288 1730 pliorem
2331 1660 2668 1717 relationem.
2699 1661 2998 1731 postulent.

500 1871 817 1886 ν--

822 1966 1822 2160 ΝΙΚΗΦΟΡΟΥ
1886 2025 2274 2159 ΤΟΥ
2390 2023 3187 2155 ΓΡΗΓΟΡΑ

1190 2277 1998 2397 ΡΩΜΑΙΚΗΣ
2107 2275 2810 2391 ΙΣΤΟΡΙΑΣ

1672 2501 2058 2625 ΛΟΓΟΣ,
2114 2496 2340 2592 Ko'.

899 2865 1941 3024 NICEPHORI
2102 2866 3073 3025 GREGOR/E

1155 3161 2032 3307 BYZANTlN/E
2128 3165 2902 3280 HlS’l‘ORl/E.

1199 3410 1557 3501 LIBER
1633 3410 2279 3502 VICESIMUS
2357 3369 2805 3501 NONUS.

385 3759 393 3787 ¹
437 3769 506 3843 μ,
541 3767 645 3824 “3
687 3766 761 3839 7,]
792 3765 871 3821 ΔΖ
910 3766 1071 3836 ’Λρτι
1122 3765 1179 3820 δὲ
1225 3763 1322 3819 τοῦ
1355 3764 1504 3835 ἡλίου
1555 3765 1686 3835 περ)⁸
1732 3762 1943 3834 τροπὰς
1973 3765 2014 3825 Β

2118 3761 2279 3832 223
2321 3761 2362 3817 l.
2393 3762 2517 3832 Ipso
2551 3760 2790 3816 solst'tio
2814 3760 3050 3841 brumali
3086 3761 3300 3816 redibat
3328 3760 3488 3816 nobis
3526 3760 3626 3818 bo-

361 3859 667 3931 γενομένου
726 3863 822 3923 τὰς
883 3858 1283 3928 φθινοπωρινὰς
1331 3854 1469 3930 ἧκεν
1527 3853 1685 3917 αὖθις
1738 3858 1870 3926 ἡμῖν
1914 3859 1942 3909 ὁ

2048 3869 2154 3909 nus
2204 3855 2649 3925 Agathangvlus;
2712 3854 2853 3908 clam
2907 3869 2974 3909 ex
3048 3856 3450 3929 consuetudine
3503 3871 3624 3919 sua,

360 3958 537 4019 καλὸς
577 3955 999 4022 Ἀγαθὰγγελος,
1033 3954 1209 4024 λάθρα
1239 3939 1398 4006 ’κατὰ
1444 3953 1506 4007 τὸ
1552 3953 1743 4015 εἰωθὸς
1792 3952 1943 4023 αύτῷ

369 4050 514 4120 μετὰ
546 4051 713 4120 μέσας
739 4066 843 4102 που
873 4049 1092 4112 νύκτας,
1124 4051 1181 4100 ὲν
1294 4048 1394 4117 τῆς
1428 4046 1577 4118 ὥρας
1615 4048 1853 4117 μάλιστά
1879 4064 1942 4113 γε

358 4143 732 4213 ἀλεκτρυόνες
775 4142 872 4203 τάς
914 4158 973 4194 τε
1030 4139 1310 4210 πτέρυγας
1360 4140 1634 4193 τινάσσειν
1683 4139 1943 4209 ἄρχονται

330 4224 469 4289 ’καὶ
527 4234 625 4297 τὰς
683 4232 955 4301 ἐμφύτους
1007 4230 1410 4302 ἀνακρούεσθαι
1465 4230 1794 4298 σάλπιγγας.
1832 4231 1943 4281 Καὶ

366 4325 688 4397 προσειπὼν
740 4331 832 4378 καὶ
887 4325 1119 4386 καθίσας
1178 4324 1394 4392 πρῶτον
1456 4323 1555 4392 μὲν
1611 4320 1943 4374 ἐπυνθάνετο

368 4422 473 4488 τὴν
531 4419 711 4471 αἰτίαν
751 4418 852 4487 τῆς
878 4418 1010 4487 παρ’
1039 4418 1187 4485 ἡμᾶς
1234 4416 1325 4469 τοῦ
1376 4413 1643 4486 βασιλέως
1682 4415 1942 4482 ἀφίξεως,

368 4509 548 4564 ἔπειτ’
607 4509 911 4579 ἀρξάμενος
948 4509 1040 4561 καὶ
1090 4508 1253 4571 αὐτὸς
1313 4508 1443 4579 περὶ
1492 4506 1602 4576 τῶν
1651 4506 1755 4572 ἔξω
1803 4505 1943 4577 διῄει

370 4601 722 4672 πραγμάτων
765 4603 894 4672 ἡμῖν
951 4599 1028 4663 ὡς
1086 4597 1223 4671 ἦρός
1283 4617 1344 4653 τε
1412 4602 1508 4655 καὶ
1566 4600 1761 4669 θέρους
1815 4598 1943 4669 ἔσχε

376 4693 605 4766 μεταξύ.
655 4694 762 4747 Καὶ
828 4694 1047 4764 πρῶτον
1104 4692 1234 4762 περὶ
1292 4693 1386 4746 τοῦ
1449 4692 1745 4760 γενομένου
1801 4693 1941 4762 διῄει

374 4786 602 4854 σεισμοῦ
629 4787 699 4839 τά
723 4803 783 4840 τε
810 4787 946 4840 ἄλλα
982 4787 1075 4838 καὶ
1113 4785 1190 4849 ὡς
1213 4784 1463 4854 ’πολλαχῆ
1504 4784 1570 4837 τὰ
1602 4785 1699 4852 τῆς
1733 4782 1943 4846 πόλεως

374 4878 688 4941 Βυζαντίων
742 4880 1133 4949 κατενήνεκται
1199 4877 1377 4947 τείχη,
1429 4878 1524 4929 καὶ¹
1581 4875 1777 4931 πολλαὶ
1836 4876 1944 4928 τῶν

372 4970 570 5024 οἰκιῶν
604 4972 727 5034 τοὺς
758 4970 1040 5029 οἰκοῦντας
1075 4970 1417 5039 κατέχωσαν.
1453 4968 1575 5021 Τῶν
1615 4968 1662 5020 δ’
1711 4969 1770 5021 ὲν
1803 4969 1942 5038 Χερ-

375 5068 591 5136 ρονήσῳ
639 5064 845 5117 πόλεων
888 5062 946 5116 αι
998 5063 1098 5132 μὲν
1144 5061 1446 5115 κατέδυσαν
1476 5058 1761 5131 αὔτανδροι
1785 5059 1941 5131 διαίὶ-

376 5158 639 5226 ῥαγείσης
683 5157 798 5209 ἐκεῖ
846 5155 943 5208 καὶ
983 5153 1295 5224 σχισθείσης
1344 5153 1504 5216 εὐθὺς
1545 5155 1643 5222 τῆς
1687 5154 1790 5220 γῆς
1818 5154 1946 5205 πολ-

372 5248 518 5317 λαχῆ
544 5266 558 5280 ’
588 5248 646 5301 ai
671 5248 727 5300 δὲ
754 5247 859 5301 τῶν
892 5249 1077 5317 κύκλῳ
1096 5246 1458 5299 διαλυθέντων
1491 5246 1689 5313 τειχῶν
1711 5245 1805 5296 καὶ
1834 5244 1946 5297 τῶν

372 5336 568 5389 οἰκιῶν
614 5340 734 5399 ταῖς
786 5337 1065 5398 πλείσταις
1125 5335 1609 5403 συμπεπτωκότων
1666 5336 1792 5395 τοὺς
1845 5333 1945 5402 μὲν

368 5428 487 5482 τῶν
510 5429 809 5498 οίκητόρων
855 5429 1070 5499 θανάτῳ
1102 5426 1264 5498 βιαίῳ
1296 5425 1769 5497 παραπεμφθῆναι
1803 5441 1944 5492 συμ-

372 5523 654 5584 πέπτωκε,
688 5521 813 5583 τοὺς
856 5519 911 5572 δὲ
954 5524 1067 5581 τοῖς
1111 5519 1486 5589 ἁστυγείτοσιν
1524 5518 1579 5583 ἐξ
1628 5518 1939 5585 αὐτομάτου

370 5614 705 5685 προδοθῆναι
751 5611 1045 5683 βαρϐάροις
1089 5610 1422 5682 αὐθημερόν.
1473 5609 1578 5662 Τοῦ
1627 5609 1737 5678 γὰρ
1785 5607 1939 5677 βασι-

366 5706 509 5767 λέως
544 5702 1143 5774 Καντακουζηνοῦπρὸ
1176 5702 1312 5755 ἐτῶν
1354 5719 1453 5754 που
1484 5701 1651 5764 δυοῖν,
1682 5699 1758 5765 ὡς
1787 5699 1940 5769 εἴρη-

364 5815 482 5856 ται,
520 5796 650 5861 μίαν
678 5797 787 5849 τῶν
829 5796 1186 5868 ὀχυρωτέρων
1224 5798 1340 5848 ἐκεῖ
1371 5794 1580 5846 πόλεων
1626 5792 1936 5864 παρασχόν-

361 5904 461 5949 τος
514 5890 697 5952 αὐτοῖς
724 5890 1083 5959 ὀἰκητήριον,
1112 5887 1251 5941 ὥστε
1298 5888 1441 5957 ἔχειν
1487 5884 1685 5948 αὐτοὺς
1726 5884 1934 5937 ἐπιτεί-

2047 3946 2224 3999 mcdia
2256 3945 2369 3998 fere
2397 3956 2597 4009 nocte;
2644 3959 2707 3998 ea
2741 3944 2849 4013 ipsa
2902 3945 3059 4007 hora,
3096 3962 3205 4016 qua
3264 3947 3444 4001 so‘ent
3495 3948 3623 4014 galli

2047 4038 2161 4092 alas
2186 4037 2484 4092 extendere
2509 4045 2564 4091 et
2597 4035 2755 4088 tubas
2792 4044 2985 4091 natura
3015 4038 3208 4092 insitas
3278 4040 3495 4093 inﬂare.
3552 4040 3617 4092 Et

2045 4131 2286 4186 salutans
2311 4128 2714 4196 considensque
2771 4128 3007 4195 primum
3044 4128 3346 4197 quaerebat,
3396 4145 3493 4183 cur
3529 4146 3622 4183 rex

2046 4223 2111 4277 ad
2141 4237 2241 4276 nos
2274 4223 2528 4275 venisset.
2566 4221 2767 4278 Deinde
2797 4235 2851 4278 et
2877 4223 2966 4277 ille
3013 4221 3289 4289 incipiens
3353 4223 3420 4275 de
3455 4224 3623 4276 rebus

2045 4313 2287 4369 externis
2314 4313 2644 4381 exponebat,
2674 4330 2794 4383 qua:
2828 4314 3058 4368 fuissent
3083 4312 3225 4366 inter
3254 4328 3350 4367 ver
3378 4324 3435 4368 et
3463 4331 3535 4366 :t-s
3563 4330 3625 4367 a-

2050 4414 2181 4460 tem.
2212 4406 2279 4459 Et
2312 4404 2545 4472 primum
2604 4406 2827 4475 quidem
2861 4406 3119 4459 narrabat
3172 4406 3239 4459 de
3275 4414 3430 4458 terra:
3475 4416 3625 4460 metu

2045 4498 2275 4566 aliisque
2312 4496 2476 4550 rebus
2505 4505 2561 4550 et
2592 4495 2781 4549 multis
2824 4495 2960 4549 locis
3000 4496 3153 4549 urbis
3196 4494 3621 4567 Byzantinorum

2046 4603 2376 4643 murosesse
2399 4589 2705 4658 collapsos;
2745 4597 2801 4643 et
2857 4588 3026 4642 multa
3086 4589 3363 4642 domicilia
3414 4591 3625 4645 incolas

2046 4682 2321 4737 obruisse.
2356 4681 2585 4736 Urbium
2620 4680 2674 4735 in
2698 4679 3042 4735 Chersoneso
3072 4681 3304 4735 sitarum
3362 4682 3482 4736 alia:
3516 4699 3623 4737 una

2046 4792 2170 4832 cum
2202 4774 2519 4829 hominibus
2547 4790 2577 4828 a
2619 4782 2763 4829 terra
2793 4775 2976 4829 subito
3010 4775 3196 4828 multis
3227 4774 3367 4829 locis
3402 4777 3476 4829 ibi
3536 4793 3627 4828 rn-

2046 4878 2137 4937 pta
2170 4874 2225 4920 et
2260 4865 2445 4930 hiante
2492 4865 2931 4929 hauriebantur;
2974 4865 3137 4937 224
3168 4867 3234 4920 ad
3287 4867 3421 4920 alias
3477 4868 3623 4935 quod

2046 4960 2241 5014 attinet
2289 4959 2462 5014 muris
2518 4958 2573 5012 in
2632 4959 2823 5014 orbem
2867 4959 3164 5014 destructis
3227 4969 3284 5014 et
3331 4961 3625 5014 domiciliis

2049 5049 2339 5104 maximam
2375 5059 2585 5119 partem
2618 5050 2873 5119 collapsis
2914 5050 3216 5104 incolarum
3280 5068 3407 5120 pars
3461 5054 3623 5108 murti

2048 5142 2301 5197 violentae
2326 5142 2798 5207 committebatur,
2830 5159 2956 5211 pars
2987 5144 3134 5197 ultro
3186 5144 3384 5198 vicinis
3418 5145 3625 5198 Barba-

2046 5235 2122 5290 ris
2144 5233 2337 5288 eodem
2363 5234 2453 5287 die
2481 5248 2540 5287 se
2570 5232 2841 5288 tradebat.
2866 5234 3185 5289 Praebuerat
3227 5235 3374 5289 enim
3422 5235 3624 5290 Canta-
3654 5235 3661 5244 ’

2043 5342 2285 5381 cuzenus
2318 5342 2411 5379 rex
2455 5335 2582 5380 ante
2613 5326 2751 5379 duos
2779 5325 2893 5379 fere
2928 5342 3122 5392 annos,
3184 5338 3242 5381 ut
3281 5328 3487 5382 dictum
3516 5340 3620 5396 est,

2043 5434 2212 5471 unum
2251 5432 2319 5472 ex
2345 5417 2565 5486 oppidis
2609 5418 2730 5486 ejus
2755 5418 2993 5488 regionis
3044 5419 3199 5472 valde
3257 5422 3620 5485 munitorum,

2041 5512 2188 5584 quod
2217 5513 2284 5567 iis
2300 5522 2445 5567 esset
2478 5512 2842 5568 domicilium.
2880 5510 2996 5568 Hoc
3025 5513 3192 5583 igitur
3221 5511 3381 5565 modo
3416 5520 3623 5580 parata:

2045 5605 2116 5660 iis
2137 5614 2295 5660 erant
2326 5603 2665 5661 munitiones
2700 5614 2755 5658 et
2799 5606 3063 5658 auxilium
3122 5612 3313 5659 contra
3356 5603 3622 5657 Palat-olo-

2043 5713 2168 5767 gum
2203 5696 2457 5763 alliuem;
2497 5698 2551 5753 in
2592 5699 2816 5768 regione
2841 5698 3049 5752 diutius
3101 5713 3322 5753 manere
3360 5698 3459 5769 ipsi
3517 5711 3621 5749 no-
3654 5752 3657 5755 λ

2046 5791 2309 5857 luerunt;
2346 5790 2442 5845 sed
2468 5792 2731 5861 paulatim
2791 5801 3088 5861 evagantes
3142 5807 3359 5863 semper
3387 5800 3441 5846 et
3488 5788 3624 5843 diri-

2044 5883 2258 5953 pientes
2278 5899 2345 5939 ex
2378 5883 2738 5939 ﬁnitimorum
2761 5884 3087 5954 oppidorum
3120 5888 3264 5954 agris
3296 5887 3441 5957 ipsos
3475 5881 3625 5936 viros
