3856 6596
365 415 465 479 1⁸5

1575 406 1996 468 NlCEPIlOlil
2045 402 2436 462 GREUORE

3515 400 3620 453 l‘JO

361 531 623 599 deinceps
651 536 708 584 et
746 526 1002 582 animalia
1061 521 1362 582 sarcinaria
1419 530 1474 578 et
1511 537 1706 577 omnes
1761 520 1944 576 ovium

2057 537 2225 589 χισμα
2258 519 2356 572 καὶ
2390 516 2712 587 συμμαχίαν
2764 515 3057 585 πρόχειρον
3086 510 3228 566 κατά
3253 507 3620 599 Παλαιολόγου

364 636 574 692 greges,
602 634 820 676 omnem
853 617 1000 671 brevi
1035 614 1440 672 Chersonesum
1483 611 1940 668 mediterraneam

363 714 522 784 equis
555 719 736 782 aptam
769 710 988 766 sibimet
1011 708 1142 777 ipsis
1181 706 1485 762 reddebant
1544 713 1716 759 tutam
1737 711 1795 758 et
1845 717 1942 757 ca-

365 815 478 860 stra
500 804 603 860 sub
633 802 762 856 divo
799 811 966 856 strata
991 799 1127 854 nihil
1159 799 1225 853 iis
1269 797 1593 852 videbantur
1655 793 1942 849 dissimilia

369 907 527 952 terrae
555 894 808 950 Asiatica!
851 891 1152 961 antiquitus
1182 900 1476 951 consuetae.
1517 890 1700 954 Itaque
1721 885 1944 955 calami-

378 998 543 1045 tatem
576 1003 641 1042 ex
673 995 831 1041 terra:
886 995 1036 1040 motu
1082 983 1382 1052 profectam
1425 981 1674 1034 cominus
1721 978 1943 1049 conspi-

365 1079 496 1142 cati,
521 1077 808 1132 celerrime
839 1074 1120 1129 intrabant
1155 1082 1211 1128 et
1237 1073 1355 1126 sine
1414 1071 1524 1126 ullo
1563 1070 1747 1126 labore
1801 1069 1945 1124 inter

367 1167 643 1222 domicilia
695 1167 1064 1236 compilahant
1094 1179 1160 1218 ea
1213 1163 1397 1217 omnia
1456 1178 1580 1231 qua:
1632 1177 1742 1215 non
1787 1169 1946 1216 erant

365 1259 591 1314 obruta.
627 1259 694 1313 Et
724 1259 910 1313 futuro
941 1267 1188 1326 tempore
1216 1255 1540 1309 catervatim
1597 1253 1945 1323 egredientes

366 1351 566 1422 exinde
607 1351 775 1406 etiam
819 1365 1037 1406 onmem
1071 1347 1292 1402 omnino
1314 1347 1424 1417 jam
1460 1363 1630 1416 usque
1663 1347 1729 1400 ad
1759 1357 1945 1418 portas

370 1445 696 1518 Byzantines
727 1455 929 1502 terram
958 1441 1328 1512 compilahant
1373 1439 1755 1509 Romanosque
1783 1441 1852 1494 ab
1878 1454 1944 1496 ea

369 1548 601 1604 prorsus
625 1531 1000 1586 deterrebant.
1023 1529 1321 1600 Vectigalia
1343 1539 1524 1582 autem
1559 1527 1814 1582 solvenda
1840 1529 1945 1583 im-

371 1623 640 1693 perabant
677 1621 953 1685 omnibus,
979 1635 1098 1691 qua:
1135 1607 1494 1674 circumcirca
1517 1628 1677 1673 erant
1704 1619 1941 1688 oppidis.

370 1712 706 1769 Decadarcbi
735 1709 960 1766 Barbari
1004 1719 1060 1766 et
1090 1709 1335 1780 prafecti
1383 1710 1438 1764 in
1469 1710 1539 1765 iis
1601 1711 1946 1765 collocaban-

373 1815 482 1859 tur.
546 1804 651 1861 Sed
685 1821 752 1860 ne
809 1805 881 1858 ita
930 1803 1155 1874 quidem
1209 1804 1493 1875 diligentia
1559 1805 1679 1874 ejus
1737 1805 1944 1860 aestatis

2049 611 2142 664 τοῦ
2193 609 2473 680 γαμϐροῦ,
2508 610 2650 663 κατά
2703 607 2887 678 χώραν
2953 605 3136 674 μένειν
3191 599 3346 658 αὐτοί
3403 615 3466 666 γε
3519 597 3624 651 οὐκ

2050 705 2292 775 ἤνεγκαν
2322 702 2422 756 τοῦ
2449 701 2662 766 λοιποῦ,
2699 701 2836 755 ἀλλά
2875 700 3020 754 κατά
3064 696 3238 768 βραχὺ
3270 691 3626 762 παρεξιόντες

2049 795 2156 858 ἀεὶ,
2187 794 2284 847 καὶ
2305 789 2617 862 ληϊζόμενοι
2640 790 2765 852 τοὺς
2785 789 2894 842 τῶν
2922 787 3150 856 ἔγγιστα
3181 783 3390 836 πόλεων
3416 781 3627 850 ἀγροὺς

2049 885 2251 956 ἐφεξῆς
2277 887 2464 948 αὐτοῖς
2494 885 2720 955 ἀνδράσι
2754 899 2813 935 τε
2843 882 2935 934 καὶ
2958 878 3289 949 ἀχθοφόροις
3333 873 3492 938 ζώοις
3527 871 3629 924 καὶ

2050 979 2327 1047 ποιμνίοις
2389 978 2582 1040 ἅπασι,
2626 979 2828 1032 πᾶσαν.
2857 975 2914 1028 ἐν
2965 972 3158 1042 βραχεῖ
3199 967 3299 1039 τὴν
3345 966 3443 1035 τῆς
3479 964 3630 1034 Χεῤ⁹

2053 1074 2288 1141 ρονήσου
2340 1070 2624 1141 μεσόγειον
2671 1057 2976 1138 ίππήλατον
3029 1064 3212 1131 σφίσιν
3260 1061 3442 1121 αὐτοῖς
3496 1057 3632 1109 ἀδεᾶ

2053 1167 2464 1236 κατεστήσαντο
2499 1166 2592 1219 καὶ
2631 1160 2994 1232 στρατόπεδον
3026 1155 3313 1227 ὕπαιθρον.
3347 1149 3499 1207 οὐδὲν
3527 1151 3631 1218 τῆς

2066 1261 2370 1320 Ἀσιάτιδος
2417 1259 2516 1329 γῆς
2554 1258 2648 1311 καὶ
2691 1257 2861 1310 πάλαι
2907 1252 3175 1325 συνήθους
3219 1250 3404 1311 αὐτοῖς
3438 1249 3634 1300 ἀπεοι-

2053 1353 2208 1407 κὲναι
2247 1351 2460 1406 δοκοῦν.
2499 1352 2590 1404 Διὸ
2622 1351 2716 1403 καὶ
2753 1350 2854 1420 τὴν
2898 1349 3006 1402 ἀπὸ
3033 1346 3124 1400 τοῦ
3155 1341 3383 1412 σεισμοῦ
3415 1354 3633 1408 συμφοο

2057 1446 2156 1516 ράν
2180 1447 2246 1498 ἐκ
2274 1444 2366 1497 τοῦ
2398 1442 2583 1515 [12118
2611 1440 2688 1511 v.1
2722 1438 3364 1508 σύνεγγυςθεασάμενοι,
3395 1432 3635 1500 τάχιστα

2053 1533 2424 1602 εἰσεπήδησαν
2475 1533 2568 1584 καὶ⁵
2618 1531 2764 1601 μάλα
2824 1529 3059 1596 ἀπονητὶ
3112 1523 3250 1594 μετὰ
3295 1521 3404 1575 τῶν
3440 1517 3635 1572 οἰκιῶν

2054 1625 2452 1694 κατειλήφασιν
2511 1624 2613 1676 ὃσα
2673 1621 2748 1692 μὴ
2805 1617 3230 1690 κατεχώσθησαν
3295 1610 3633 1684 πράγματα.

2054 1719 2166 1770 Καὶ
2197 1717 2289 1770 τοῦ
2329 1715 2519 1769 λοιποῦ
2552 1713 2691 1768 κατά
2723 1713 2927 1783 πλῆθος
2967 1711 3053 1763 ἀεὶ
3096 1705 3450 1773 παρεξιόντες
3483 1699 3634 1752 ἐκεῖ·

2053 1807 2147 1862 θεν
2191 1809 2285 1861 καὶ
2325 1807 2504 1860 πᾶσαν
2549 1803 2648 1875 ήδη
2711 1802 2810 1873 τὴν
2863 1801 3025 1871 μέχρι
3076 1797 3260 1852 πυλῶν
3317 1789 3634 1856 Βυζαντίων

373 1897 613 1952 Thraces
640 1896 799 1966 225
824 1904 1127 1966 potuerunt
1187 1895 1318 1961 frui,
1384 1895 1479 1952 sed
1518 1896 1715 1950 iterum
1773 1897 1951 1950 nullas

2058 1901 2342 1968 ἐληίσαντο
2364 1900 2546 1952 τέλεον
2579 1899 2684 1967 γῆν
2720 1896 2814 1950 καὶ
2862 1891 3159 1962 Ῥωμαίοις
3201 1888 3406 1943 ἄϐατον
3433 1884 3496 1937 τὸ
3530 1899 3639 1935 πα-

372 1989 489 2043 fere
521 1990 702 2058 spicas
730 1991 1000 2058 attingere
1033 1990 1212 2059 potuit
1241 1989 1371 2054 falx,
1411 2000 1638 2058 propter
1665 1989 1952 2058 praefecto-

373 2094 495 2131 rum
567 2079 918 2132 severitatem
963 2088 1020 2133 et
1082 2079 1311 2133 insidias
1377 2077 1850 2146 frequentissimas
1899 2087 1955 2133 et

375 2171 613 2242 impetus
643 2169 995 2239 praedatorios
1027 2169 1095 2223 ab
1147 2170 1270 2223 aliis
1310 2169 1530 2224 aliunde
1567 2168 1823 2222 Barbaris
1879 2168 1958 2222 fa-

378 2271 522 2316 ctos.
561 2262 689 2314 Eam
723 2263 795 2318 ob
823 2277 1043 2316 causam
1066 2271 1200 2330 quot
1229 2263 1460 2316 Romani
1493 2269 1747 2331 poterant
1784 2260 1956 2314 latere

376 2369 568 2408 manus
601 2355 888 2418 barbaras,
915 2355 969 2409 in
1027 2355 1396 2408 Voluntariam
1443 2369 1502 2408 se
1558 2353 1958 2408 convertebant

373 2460 404 2501 e
437 2445 888 2516 patria\fugam;
942 2447 1008 2500 iis
1068 2455 1251 2501 autem
1317 2454 1478 2500 terrae
1529 2446 1800 2516 partibus,
1860 2446 1956 2500 ubi

376 2539 575 2607 cuique
644 2537 863 2593 facilius
931 2547 1052 2593 erat
1125 2537 1334 2608 fugere,
1403 2553 1528 2593 cum
1577 2547 1761 2593 essent
1807 2536 1957 2592 omni

374 2634 636 2695 apparatu
664 2635 719 2679 et
749 2625 868 2694 ipso
896 2626 1044 2680 victu
1093 2626 1367 2681 destituti;
1419 2625 1487 2681 Et
1537 2625 1786 2679 nonnulli
1841 2641 1959 2680 ser-

374 2720 534 2773 vituti
565 2718 940 2782 dominorum,
989 2720 1084 2788 qui
1120 2719 1195 2774 ibi
1225 2727 1405 2785 erant,
1459 2727 1632 2774 semet
1666 2718 1768 2790 ipsi
1826 2719 1960 2774 sub-

376 2810 884 2872 mittebanttenuis
917 2811 1096 2881 .panis
1148 2825 1336 2867 causa.
1395 2810 1502 2867 Alii
1551 2826 1683 2880 pera
1737 2811 1958 2882 alligata

375 2901 586 2970 plateas
612 2902 1030 2973 permigrantad
1065 2902 1514 2972 praetereuntium
1547 2902 1957 2958 multitudinem

378 3007 572 3046 manus
601 2993 966 3063 porrigentes,
1003 2995 1048 3049 si
1078 2996 1204 3064 quis
1240 2995 1482 3049 Iamnam
1509 3003 1566 3050 et
1605 2994 1829 3050 obolum
1889 2995 1958 3049 ad

377 3085 669 3139 emendum
701 3101 902 3156 panem
940 3087 1189 3156 ejiceret.
1226 3087 1283 3142 In
1314 3097 1424 3142 tam
1480 3088 1621 3142 mala
1683 3089 1956 3143 conditio-

319 3213 326 3216 -
379 3193 448 3232 ne
500 3177 779 3250 haerebant
833 3196 921 3234 res
981 3179 1312 3258 Byzantines,
1347 3189 1426 3243 ut,
1482 3182 1527 3236 si
1567 3181 1691 3252 quis
1725 3182 1958 3238 rustico-

2059 1995 2241 2065 ράπαν
2289 1993 2634 2063 εἰργάσαντο.
2686 1991 2892 2059 Φόρους
2947 2003 3007 2040 τε
3061 1982 3330 2039 ἐπέθεσαν
3387 1978 3641 2035 ἀπάσαις

2056 2090 2177 2148 ταῖς
2240 2087 2442 2153 μεταξὺ
2500 2085 2709 2147 πόλεσι,
2753 2081 3124 2150 δεκαδάρχους
3176 2073 3489 2145 βαρϐάρους
3543 2068 3642 2122 καὶ

2057 2176 2392 2246 ἐπιτρόπους
2439 2174 2633 2236 αὐταῖς
2684 2171 3071 2231 ἐνοικίσαντες.
3129 2163 3274 2218 Ἀλλ’
3326 2161 3438 2215 οὐδ’
3494 2157 3643 2211 οὕτω

2058 2266 2159 2336 τὴν
2193 2265 2498 2337 κομιδὴνξοί
2527 2263 2756 2325 τάλανες
2789 2263 3004 2332 Θρᾷκες
3026 2257 3288 2328 κερδᾶναι
3310 2250 3406 2306 τοῦ
3441 2249 3642 2318 θέρους

2057 2355 2397 2424 δεδύνηνται,
2447 2352 2564 2408 ἀλλ’
2631 2353 2860 2422 ἐμειναν
2915 2347 3076 2411 αὖθις
3138 2344 3321 2417 σχεδὸν
3387 2340 3643 2399 ἅπαντες

2059 2450 2294 2518 στάχυες
2339 2448 2616 2518 δρεπάνης
2673 2445 2961 2516 ἀπρόσιτοι
3009 2442 3100 2496 διά
3149 2457 3209 2493 τε
3269 2437 3394 2498 τοὺς
3448 2433 3643 2504 βαρεῖς

2059 2540 2357 2600 ἐπιστάτας
2401 2538 2499 2590 καὶ
2529 2537 2628 2598 τὰς
2668 2533 3111 2603 ἀλλεπαλλήλους
3160 2526 3390 2591 ἐναλλὰξ
3437 2523 3646 2591 προλο-

2059 2636 2234 2704 χίσεις
2261 2635 2356 2684 καλ⁵
2387 2628 2810 2712 τὰςιλῃστρικάς
2834 2624 3057 2692 ἐφόδους
3079 2621 3188 2674 τῶν
3208 2617 3429 2712 ἄλλοθεν
3448 2613 3643 2712 ,ἄλλων

2062 2703 2376 2791 βαρϐάρων.
2409 2703 2501 2770 Atii
2544 2718 2640 2770 καὶ
2693 2716 2811 2770 ὅσοι
2858 2713 3146 2783 Ῥωμαίων
3193 2708 3403 2762 ἐκεῖθεν
3448 2703 3644 2756 λαθεῖν

2059 2816 2157 2876 τὰς
2191 2810 2535 2884 βαρϐαρικάς
2579 2806 2924 2878 ἐδυνήθησαν
2967 2805 3182 2874 χεῖρας.
3236 2797 3382 2868 μάλα
3429 2792 3644 2863 προθύ-

2063 2921 2198 2976 μους
2230 2903 2472 2972 φυγάδας
2503 2900 2732 2962 ἑαυτοὺς
2773 2897 3170 2969 ἐπεπράχεσαν
3207 2895 3303 2964 τῆς
3346 2889 3639 2960 πατρίδος,

2060 2995 2182 3049 καθ’
2233 2996 2494 3064 ὁπότερον
2533 2991 2642 3046 τῶν
2687 2990 2790 3060 τῆς
2839 2990 2941 3060 γῆς
2989 2988 3173 3059 μερῶν
3222 2988 3286 3040 ἐκ
3312 2983 3407 3040 τοῦ
3444 2982 3644 3054 ρᾀνος

2063 3089 2315 3152 ἑκάστοις
2362 3087 2735 3157 συμπέπτωκε
2782 3083 3026 3153 φεύγειν,
3062 3083 3280 3148 ἁπάσης
3329 3081 3430 3148 μὲν
3464 3079 3647 3144 ὀρφαο

2061 3184 2184 3248 νοὺς
2242 3179 2555 3250 ἀποσκευῆς
2614 3181 2710 3246 καί
2763 3179 2947 3234 αὐτῶν
3001 3194 3068 3245 γε
3127 3176 3237 3228 τῶν
3292 3173 3643 3239 ἀναγκαίων,

379 3285 499 3323 rum
553 3269 972 3325 vehementiore
1003 3241 1208 3326 emissa
1266 3287 1400 3326 voce
1430 3271 1663 3327 fortasse
1726 3274 1951 3328 terrefa-

2057 3235 2310 3340 δακρύων
2353 3269 2410 3322 δὲ
2442 3235 2672 3338 μα’κρῶν
2714 3269 2971 3341 ἀφορμὴν
3014 3235 3134 3331 τοῖς
3167 3267 3335 3338 ὁρῶσι
3369 3235 3646 3318 καθιστάν

376 3359 560 3413 ciebat
583 3359 844 3414 infantem
878 3361 962 3414 vel
1002 3361 1194 3416 mulier
1231 3363 1541 3432 lacrymans
1573 3364 1748 3420 servis
1779 3367 1958 3421 acala-

377 3453 561 3507 mabat
597 3453 735 3507 bello
785 3455 981 3526 captis,
1039 3454 1155 3510 fere
1210 3471 1324 3524 prae
1389 3457 1585 3511 timore
1641 3457 1955 3523 interirent,

378 3561 600 3616 semper
617 3546 802 3612 veriti,
837 3563 903 3600 ne
934 3562 1124 3602 muros
1140 3548 1365 3602 Barbari
1394 3550 1756 3605 transilirent.
1783 3550 1956 3617 Quam

376 3637 448 3691 ob
488 3651 602 3691 rem
634 3653 824 3693 eorum
865 3640 1122 3693 nonnulli
1150 3641 1218 3694 de
1250 3641 1494 3695 externis
1525 3643 1769 3712 cogitant
1800 3644 1959 3712 Oppi-

377 3730 464 3784 dis
493 3741 549 3784 et
580 3729 777 3786 insulis
831 3733 1023 3800 patria:
1067 3715 1414 3802 pcregrinam
1458 3734 1810 3803 praeferentes
1842 3749 1956 3788 ter-

380 3839 518 3878 ram.
554 3824 707 3878 Adeo
743 3825 942 3878 timore
996 3839 1063 3880 ac
1125 3834 1333 3881 terrore
1397 3827 1650 3896 suspensi
1727 3836 1858 3882 sunt
1902 3836 1960 3882 et

379 3929 597 3983 semper
621 3924 749 3969 ante
775 3914 969 3969 oculos
1022 3913 1228 3970 habent
1280 3929 1433 3969 suam
1467 3915 1670 3985 ,‘226
1721 3915 1960 3984 quisque

381 4005 637 4066 mortem,
679 4007 807 4075 quia
870 4015 1057 4076 partes
1122 4007 1431 4061 vicinorum
1496 4015 1782 4062 murorum
1834 4018 1959 4064 ante

383 4105 491 4151 tres
520 4097 637 4152 dies
667 4113 878 4152 everse
909 4097 1049 4152 male
1085 4098 1569 4153 custodiebantur.

2063 3361 2282 3430 μένους.
2313 3353 2389 3413 ῶν
2432 3361 2546 3422 τοῖς
2589 3360 2836 3411 πλείοσιν
2889 3359 3091 3428 ἥκιστα
3136 3357 3403 3427 εὔδρομον
3430 3355 3522 3410 ’δι’
3565 3357 3648 3410 ἐν·

2059 3453 2209 3506 δειαν
2246 3451 2306 3505 δν
2338 3454 2396 3504 ἐν
2426 3451 2686 3522 ἀλλοτρίᾳ
2709 3450 3084 3521 δ.ασπαρῆναι
3113 3445 3218 3520 γῇς
3235 3452 3300 3520 τῇ
3324 3449 3649 3513 Βυζαντίων

2063 3545 2274 3616 βέλτιον
2309 3546 2453 3612 ἔδοξε
2504 3549 2866 3614 παραμεῖναι.
2903 3547 3012 3599 Καὶ
3041 3547 3092 3600 οι
3143 3546 3244 3616 μὲν
3279 3546 3359 3609 είς
3390 3545 3650 3599 δουλείαν

2061 3641 2172 3692 τῶν
2216 3641 2452 3694 ἐνταῦθα
2485 3640 2800 3710 δυναμένων
2844 3641 3073 3705 ἑαυτοὺς
3103 3641 3650 3711 προσκεκυρὼκεσαν

2061 3731 2229 3800 ἄρτου
2260 3731 2494 3801 βραχέος
2523 3730 2734 3794 εἵνεκα,
2767 3732 2816 3782 οί
2860 3730 2917 3783 δέ
2950 3733 3046 3783 καὶ
3087 3731 3269 3800 πήραν
3305 3729 3650 3800 ἐναψάμενοι

2062 3823 2162 3885 τὰς
2193 3822 2389 3888 ἀγυιὰς
2423 3823 2670 3893 περιίασι
2699 3824 2842 3877 κατά
2877 3823 3081 3893 πλῆθος
3109 3826 3300 3894 χεῖρας
3328 3824 3649 3900 ὀρέγοντες,

2063 3915 2118 3968 εί
2165 3932 2251 3978 τις
2298 3915 2484 3987 κέρμα
2528 3917 2625 3971 καὶ
2673 3915 2862 3969 ὀϐολὸν
2919 3916 3213 3986 ἐμϐάλοιτο
3274 3917 3417 3986 πρὸς
3479 3918 3650 3987 ἄρτου

2063 4008 2357 4078 πορισμόν.
2390 4009 2486 4072 El;
2514 4007 2790 4080 τοσαύτην
2835 4025 2900 4077 γε
2941 4009 3047 4079 μὴν
3076 4004 3178 4081 ἧκε
3209 4009 3414 4064 δειλίαν
3445 4013 3520 4065 τὰ
3550 4009 3651 4062 Βυ-

2064 4100 2318 4168 ζαντίων,
2347 4100 2487 4155 ὥστε
2521 4103 2617 4155 καὶ
2641 4100 2695 4154 εῐ
2723 4119 2807 4166 τις
2840 4102 2949 4154 τῶν
2981 4102 3261 4174 ἀγοραίων
3295 4102 3653 4174 ἀγριωτέραν

380 4192 650 4261 δήπουθεν
685 4193 794 4262 ἀφῇ
824 4190 1115 4264 φωνὴντῷ
1173 4191 1328 4246 παιδὶ
1369 4192 1724 4262 ἐπιπλήττων
1767 4194 1920 4260 ίσως,
1989 4195 2205 4267 ἢγυνὴ
2258 4199 2385 4260 τοὺς
2445 4197 2682 4261 οίκείους
2743 4199 3163 4270 ἀνακαλουμένη
3225 4199 3322 4252 σὺν
3379 4197 3653 4269 δάκρυσιν

381 4286 782 4356 αἰχμαλώτους,
822 4288 1080 4341 τεθνάναι
1139 4288 1339 4358 μικροῦ
1408 4288 1487 4358 τῷ
1533 4288 1645 4342 δέει
1695 4291 1987 4360 συμϐαίνει
2030 4293 2194 4362 σφᾶς,
2222 4295 2282 4348 ἐν
2331 4292 2540 4364 ὑποψίᾳ.
2608 4293 2928 4364 γινομένους
2975 4294 3136 4356 εὐθὺς
3185 4294 3260 4365 μὴ
3294 4295 3341 4347 oi
3373 4292 3653 4364 βάρϐαροι

381 4379 752 4450 εἰσεπήδησαν
786 4379 1002 4450 τείχους
1028 4381 1205 4444 ἐντός.
1239 4380 1406 4453 Ὅθεν
1451 4380 1780 4450 ὑπερορίους
1812 4381 1948 4436 ἔνθα
1989 4385 2087 4437 καὶ
2109 4382 2289 4437 αὐτῶν
2357 4385 2673 4454 περινοοῦσι
2725 4384 2908 4448 πόλεις
2953 4387 3049 4438 καὶ
3107 4385 3324 4455 νήσους,
3351 4388 3456 4452 τὴν
3494 4385 3651 4438 ἀλλο-

379 4470 560 4540 δαπήν
627 4470 735 4522 τῶν
761 4468 1006 4539 πατρίων
1055 4469 1500 4540 ἀνθαιρούμενοι.
1576 4468 1736 4522 Οὕτω
1773 4473 2039 4542 μετέωροι
2079 4471 2347 4542 κάθηνται
2386 4475 2483 4529 καὶ
2518 4474 2915 4546 πεφοϐημένοι,
2946 4476 3039 4529 καὶ
3080 4475 3171 4529 τὸν
3214 4477 3420 4530 οἰκεῖον
3465 4479 3652 4547 έχουσι

383 4563 489 4631 πρὸ
527 4561 823 4632 ὀφθαλμῶν
871 4560 1094 4631 ὀλεθρον
1131 4562 1240 4625 ἀεὶ,
1279 4562 1374 4615 καὶ
1405 4562 1621 4632 μάλιστ’
1649 4564 1732 4617 ὅτι
1758 4564 1854 4620 καὶ
1885 4565 1954 4619 τά
1989 4565 2258 4637 πρότριτα
2329 4569 2729 4639 κατενεχθέντα
2793 4568 2940 4640 μέρη
2963 4569 3070 4623 τῶν
3101 4569 3290 4642 κύκλῳ
3335 4572 3545 4641 τειχῶν
3575 4576 3649 4636 εἰς

381 4659 576 4726 έδαίὲοεῖ
612 4658 830 4725 ἀπάσης
866 4656 970 4720 ἔξω
998 4660 1176 4710 κεῖται
1202 4657 1507 4727 φροντίδος.
2711 4657 2716 4674 ι

348 4788 350 4790 τ
453 4749 520 4805 ll.
552 4750 852 4819 Postquam
882 4749 1032 4804 venti
1063 4749 1330 4803 hiemales
1359 4750 1414 4804 in
1433 4749 1678 4818 requiem
1707 4765 1778 4806 ex
1801 4750 1951 4807 vehe

2145 4754 2222 4808 B'.
2257 4756 2418 4819 Ἀρτι
2445 4755 2502 4809 δὲ
2549 4754 2658 4808 τῶν
2711 4755 3010 4827 χειμερίων
3051 4757 3381 4828 πνευμάτων
3433 4761 3520 4825 είς
3559 4777 3657 4828 γα-

379 4843 588 4898 utentia
645 4840 1007 4896 considerunt
1087 4849 1143 4894 et
1209 4855 1336 4894 cum
1406 4842 1566 4895 undae
1643 4842 1951 4911 aliquandiu

2064 4846 2237 4918 λήνην
2267 4847 2328 4912 ἐξ
2358 4848 2683 4919 ἀγριότητος
2716 4848 3242 4920 μεταϐεϐλημένων,
3275 4853 3372 4904 καὶ
3406 4853 3523 4906 τῶν
3553 4871 3655 4906 κυ-

379 4936 571 5007 (βίοιο
597 4936 782 4990 littora
829 4934 1115 4989 alluebant
1167 4943 1224 4987 et
1275 4949 1398 4987 cum
1458 4949 1688 4988 vernum
1753 4943 1951 5005 tempu:

2066 4937 2252 5007 μάτων
2279 4938 2419 4998 τέως
2452 4939 2562 4998 τοῖς
2588 4937 2855 5004 αἰγιαλοῖς
2887 4938 3180 5007 προσηνῶς
3222 4935 3646 5010 σπενδομένων,

380 5026 540 5096 quasi
577 5025 862 5090 suadebat,
902 5025 1064 5079 utsol
1118 5023 1275 5094 quasi
1326 5024 1434 5078 diei
1493 5034 1675 5092 portas
1735 5025 1944 5094 aperire

2066 5031 2161 5081 καὶ
2191 5031 2290 5098 τῆς
2319 5030 2517 5099 ήρινῆς
2556 5027 2708 5097 ὥρας
2761 5030 3188 5102 παρακαλούσης
3222 5033 3389 5087 οἱονεὶ
3424 5035 3528 5098 τὰς
3554 5022 3672 5103 τῆς

381 5128 783 5188 superaretque
803 5119 855 5172 in
886 5118 1184 5172 certamine
1214 5127 1455 5179 noctem,
1494 5127 1552 5171 et
1583 5118 1837 5172 animatae
1854 5121 1950 5189 jan

2067 5123 2284 5190 ἡμέρας
2323 5120 2386 5194 [ί.
2436 5121 2536 5181 H9
2699 5123 2872 5187 πύλας
2925 5125 3168 5193 ἀνοίγειν
3211 5125 3302 5179 τὸν
3345 5125 3508 5196 ἣλιον
3562 5116 3691 5182 καΓ

388 5226 552 5265 naves
583 5211 853 5264 onerariae.
884 5225 950 5263 ex
975 5208 1252 5278 portubus
1309 5210 1364 5264 in
1418 5209 1590 5265 altum
1652 5210 1951 5266 evehuntut

2070 5214 2417 5268 πλεονεκτεῖν
2473 5217 2530 5278 ἐς
2571 5215 2810 5282 ἆμιλλαν
2866 5220 2967 5288 τῆς
3015 5219 3250 5272 κατόπιν
3299 5219 3522 5283 νυκτὸς,
3568 5223 3653 5274 ὅτε

382 5313 783 5380 armanturque
817 5302 1076 5358 triremes
1127 5311 1298 5373 atque
1377 5305 1630 5374 palmula:
1686 5306 1951 5375 remisque

2073 5306 2422 5378 θαρρούντως
2452 5308 2555 5378 ήδη
2600 5311 2700 5362 καὶ
2722 5309 2944 5371 ὁλκάδες
2977 5312 3040 5363 ἐκ
3081 5311 3322 5379 λιμένων
3350 5313 3652 5381 ἀνάγονται
3712 5334 3714 5340 ί

387 5394 771 5460 ineumbitur;
827 5393 1071 5450 Joannes
1101 5393 1439 5463 Pala'ologus
1473 5411 1568 5450 rex
1609 5410 1678 5450 ex
1730 5395 1951 5454 Thessa'

2073 5397 2167 5448 mi
2210 5396 2460 5466 τριήρεις
2503 5399 2630 5460 τοὺς
2686 5400 2923 5470 ταρσοὺς
2978 5399 3332 5468 ἐφοπλίζουσι
3383 5402 3483 5454 καὶ
3533 5405 3654 5465 ταῖς

387 5487 568 5544 Ionica
627 5502 755 5541 eum
819 5486 1142 5542 triremibus
1209 5495 1266 5541 et
1339 5487 1669 5551 biremibus,
1727 5498 1951 5556 quatuo:

2069 5484 2284 5548 κώπαις
2346 5485 2551 5549 ἐαυτάς
2615 5487 3037 5556 ἐπιτρέπουσιν,
3119 5487 3260 5559 ἄρα)
3310 5491 3338 5542 ὀ
3391 5490 3654 5559 βασιλεὺς

385 5587 442 5636 et
471 5577 852 5650 compluribus
908 5578 1143 5633 navibus
1197 5577 1547 5634 uniremibus
1603 5579 1842 5650 primum
1899 5595 1951 5632 at

2083 5577 2340 5648 Ἰωάννης
2369 5580 2396 5631 ὁ
2431 5577 2798 5645 Παλαιολόγος
2845 5580 2910 5633 ἐκ
2957 5580 3363 5650 Θεσσαλονίκης
3398 5581 3653 5652 τριήρεσι

387 5671 654 5750 Lemnum
684 5670 920 5725 insulam
973 5672 1262 5740 tendebat};
1314 5671 1442 5727 inde
1471 5679 1655 5726 autem
1696 5673 1748 5726 in
1775 5673 1951 5726 Samo

2073 5688 2133 5723 τε
2169 5676 2260 5723 καὶ
2290 5672 2501 5742 διήρεσι
2547 5671 2774 5742 τέτρασι
2817 5674 2910 5724 καὶ
2942 5675 3202 5744 μονήρεσι
3237 5674 3508 5736 πλείοσιν,
3545 5654 3667 5745 Δήοι

391 5764 631 5817 thracem
652 5773 706 5818 et
728 5763 971 5818 Imbrum
997 5764 1276 5835 pergebat;
1303 5763 1541 5834 indeque
1565 5765 1819 5818 similiter
1844 5764 1946 5816 Les

2084 5782 2202 5834 μνῳ
2262 5765 2359 5833 μὲν
2408 5764 2626 5834 πρῶτον
2656 5767 2931 5836 προσέσχε
2977 5771 3044 5838 τῇ
3077 5769 3249 5838 νήσῳ,
3278 5769 3534 5820 κάκεῖθεν
3576 5770 3654 5828 εἰς

387 5857 542 5922 bum,
564 5867 620 5910 et
638 5866 922 5928 postquam
947 5856 1232 5926 pra-sentis
1252 5873 1350 5913 sua
1377 5857 1683 5912 ﬁrmavitct
1710 5855 1948 5914 stabilivi

2083 5857 2450 5928 Σαμοθρᾴκην
2480 5859 2574 5912 καὶ
2601 5860 2827 5932 Ἴμϐρον
2847 5861 3024 5931 διέϐη,
3053 5862 3310 5914 κάκεῖθεν
3334 5865 3413 5924 εἰς
3441 5860 3655 5916 Λέσϐον
