3966 6558
262 426 354 488 197

1293 424 1732 486 ΒΥΖΑΝΤΙΝΕ
1769 419 2151 481 HISTORI/E
2174 418 2301 477 LIB
2342 419 2554 480 XXXI.

3403 409 3499 474 198

253 539 470 609 ὁμοίιος·
513 537 606 591 καὶ
652 541 717 609 τῇ
771 539 968 592 ἑαυτοῦ
1028 537 1308 609 παρουσία,
1365 537 1676 609 βεϐαιώσας
1713 535 1810 588 καὶ⁵

1945 533 2162 586 νιηηίιιιη
2185 546 2315 600 erga
2356 545 2415 584 se
2445 529 2630 589 fidem,
2657 527 2750 596 qui
2795 535 2954 580 antea
2989 525 3204 579 fuerant
3236 524 3498 594 ambigui.

254 631 567 700 ἐπιρρώσας
600 629 848 693 ἅπαντας
882 631 962 694 είς
1000 630 1100 700 τὴν
1153 629 1347 682 ἐαυτοῦ
1391 630 1576 682 πίστιν
1612 629 1819 697 ἀμφιρ-

257 723 439 788 ρεπεῖς
469 719 533 772 τὸ
573 721 841 788 πρότερον
887 723 1063 782 δντας.
1093 720 1248 784 τέλος
1293 721 1406 783 τοῖς
1435 717 1708 781 Τενεδίοις
1738 718 1821 771 λι-

139 861 150 870 .
258 812 408 880 μέσιν
439 811 746 881 ὁρμίζεται.
776 813 947 865 Ἔνθα
982 813 1046 882 δὴ
1096 813 1190 864 καὶ
1235 804 1423 881 μαθὼν
1467 811 1538 874 ὡς
1597 811 1662 862 ἐκ
1691 810 1823 862 πολ-

255 902 345 956 λοῦ
399 907 685 974 τριήρεσιν
735 904 931 957 ἐνδεκα
986 903 1463 974 παρασκευάζοιτο
1496 902 1618 954 κατ’
1654 901 1821 954 αὑτοῦ

258 995 502 1063 βασιλεὺς
547 996 575 1048 ὀ
616 998 712 1049 καὶ
763 996 1060 1066 πενθερὸς,
1114 995 1351 1050 ἐνταῦθα
1386 994 1480 1046 καὶ
1514 993 1678 1068 αὐτὸς
1728 993 1822 1045 τοῦ

1926 623 2167 692 denique
2192 624 2247 676 in
2278 620 2485 677 Tenedi
2506 614 2730 690 portum
2789 618 3044 673 incurrit.
3111 617 3190 672 ibi
3235 617 3497 686 comperit

1927 731 1994 770 ex
2024 715 2188 785 longo
2222 723 2465 780 tempore
2499 710 2750 766 undecim
2805 719 2997 765 contra
3021 725 3078 764 se
3105 709 3288 779 parari
3319 724 3349 762 a
3376 725 3502 778 rege

1928 807 2225 872 triremes,
2291 816 2348 862 et
2407 805 2592 860 afﬁnis
2645 812 2702 858 et
2754 803 2870 872 ipse
2926 803 3000 858 ibi
3051 812 3240 872 postea
3296 801 3501 855 morari

1929 902 2106 956 voluit
2146 909 2201 955 et
2253 916 2320 954 ex
2374 899 2631 966 omnibus
2689 899 2919 952 rationis
2957 913 3020 951 ac
3057 896 3257 950 mentis
3299 910 3505 965 praece-

1931 995 2041 1063 ptis
2071 993 2336 1062 impetum
2360 1007 2483 1050 esse
2509 991 2893 1061 excipiendum
2928 989 3289 1047 existimavit,

255 1087 436 1140 λοιποῦ
465 1089 738 1159 καθῆσθαι
786 1093 1012 1160 κέκρικε
1057 1091 1188 1156 δεῖν,
1218 1091 1314 1143 καὶ
1382 1088 1626 1150 ἁπάσαις
1688 1088 1891 1158 ψήφοις
1936 1088 2056 1157 ἅμα
2083 1086 2364 1156 λογισμῶν
2403 1086 2500 1138 καὶ
2526 1085 2708 1156 ψυχῆς
2760 1084 3053 1156 προθέσεσι
3098 1084 3189 1136 τὸν
3238 1081 3504 1135 ἐπίπλουν
3583 1095 3585 1098 ‘

255 1183 582 1251 ἐκδέχεσθαι.

320 1276 397 1329 Γ’.
429 1275 656 1329 Τούτων
691 1277 738 1330 δ’
767 1275 911 1329 οὕτω
943 1275 1289 1347 χωρούντων,
1323 1277 1470 1344 ἔδοξε
1503 1276 1599 1330 καὶ
1643 1276 1826 1330 Παλα-

1999 1274 2092 1329 ῐΙι.
2129 1284 2262 1340 Quae
2291 1288 2412 1327 cum
2440 1274 2511 1328 ita
2547 1286 2732 1329 essent
2761 1285 2816 1328 et
2843 1273 3075 1328 Palamze
3100 1271 3373 1342 improbo,
3405 1273 3503 1343 qni

260 1370 330 1439 μᾷ
371 1368 450 1439 τῷ
491 1368 748 1422 δυσσεϐεῖ
779 1370 1022 1440 Πρόκλον
1063 1371 1206 1435 τινὰ,
1245 1369 1576 1440 πλασαμένῳ
1607 1370 1824 1438 πρόφα-

1945 1367 2183 1421 Proclnm
2236 1368 2528 1436 quemdam
2586 1366 3046 1428 circumvenerat,
3083 1380 3248 1420 causa
3310 1364 3506 1419 adesse

260 1479 359 1525 σιν,
415 1463 471 1525 ἐς
510 1462 808 1527 Βυζάντιον
849 1462 1146 1532 ἀφικέσθαι
1183 1464 1454 1516 πλείστων
1484 1464 1672 1528 ἕνεκα,
1701 1465 1821 1528 ἐνὸς

1945 1459 2220 1513 ridebatur
2245 1474 2427 1512 rerum
2465 1457 2832 1526 complurium
2869 1473 3031 1512 causa
3081 1457 3242 1526 227
3273 1456 3497 1526 petendi

261 1552 354 1622 ph
393 1554 478 1606 ῖνα
533 1554 992 1624 Καντακουζηνδν
1045 1556 1270 1627 ἐρεθίσῃ
1312 1559 1403 1610 τὸν
1457 1556 1686 1626 βασιλέα
1734 1576 1827 1611 τε-

1945 1552 2192 1623 Byzantii.
2227 1549 2293 1604 Et
2321 1552 2558 1620 primum
2594 1550 2814 1620 quidem
2842 1549 3363 1605 utCantacuzenum
3401 1548 3509 1602 im-

258 1647 412 1708 λείοις
442 1646 694 1717 ὀλέθροις
724 1650 853 1711 τοὺς
877 1651 975 1715 τῆς
1014 1649 1296 1712 εὐσεϐείας
1331 1653 1650 1722 προμάχους
1674 1652 1827 1722 ἡμᾶς

1945 1646 2179 1710 )elleret,
2235 1653 2294 1698 ut
2325 1659 2425 1698 nos
2444 1642 2728 1712 religi-onis
2779 1658 2923 1697 verse
2985 1642 3304 1712 priesidium
3351 1640 3506 1695 dum
3556 1705 3569 1718 _

261 1734 651 1806 παραπέμψαι,
686 1736 938 1808 δεύτερον
969 1739 1014 1792 δ’
1053 1739 1141 1792 ἵνα
1190 1743 1286 1794 καὶ
1323 1742 1423 1804 τὰς
1459 1741 1614 1805 αὖθις
1646 1740 1827 1795 αὐτῶν

1945 1736 2179 1790 :raderet
2201 1735 2387 1789 morti:
2452 1735 2651 1788 deinde
2687 1745 2744 1788 nt
2776 1737 2912 1789 alios
2949 1735 3122 1788 libros
3144 1748 3318 1803 nuper
3371 1748 3506 1787 con-

258 1827 446 1879 νεωστὶ
507 1831 891 1898 γεγενημένας
959 1833 1102 1885 κατὰ
1152 1832 1252 1902 τῆς
1305 1833 1588 1898 εὐσεϐείας
1633 1834 1826 1904 ἐτέρας

1945 1843 2012 1881 .ra
2051 1842 2236 1881 veram
2263 1826 2578 1895 religionem
2632 1827 2868 1892 scriptos
2901 1823 3216 1894 Byzantinis
3259 1823 3506 1877 mitteret

262 1917 468 1986 βίϐλους
502 1923 619 1984 τοῖς
653 1919 969 1984 Βυζαντίοις
1026 1923 1251 1994 προθείη
1305 1925 1671 1991 διδασκαλίαν,
1699 1925 1827 1978 ἀκά-

1945 1928 1984 1973 rt
2008 1935 2127 1973 eam
2158 1918 2382 1988 quidem
2423 1917 2750 1976 doctrinam,
2780 1932 2900 1985 quae
2932 1915 3149 1969 favebat
3199 1915 3369 1969 veteri
3425 1915 3503 1968 illi

259 2012 438 2065 λουθον
483 2013 591 2080 μὲν
630 2017 697 2084 τῇ
735 2015 865 2084 πρὶν
911 2017 1097 2090 ἐκείνῃ
1138 2017 1399 2088 πολυθεῒᾳ
1426 2017 1673 2088 τάνδρὸς,
1708 2036 1829 2072 και-

262 2105 664 2174 νοφανεστέραν
693 2105 738 2157 δ’
769 2107 864 2160 οὖν
888 2109 966 2170 είς
999 2110 1196 2171 κακίας
1224 2109 1559 2180 ὑπερϐολήν·
1589 2111 1685 2163 καὶ
1714 2113 1831 2178 τρί-

261 2212 348 2248 τον
411 2196 498 2248 ῐνα
551 2198 650 2250 καὶ
705 2198 917 2269 βασιλεῖ
966 2201 1406 2274 Καντακουζηνῷ
1466 2204 1566 2265 τὰς
1621 2205 1830 2267 οἰκείας

264 2285 418 2356 εὐχὰς
447 2287 825 2360 φυλακτήριον
853 2290 995 2344 κατά
1030 2292 1394 2361 Παλαιολὸγου
1427 2294 1711 2363 χαρίσαιτο
1736 2294 1830 2347 τοῦ

265 2379 532 2448 γαμϐροῦ,
564 2381 786 2451 ἥδιστον
828 2383 924 2436 καὶ
957 2384 1101 2454 μάλα
1132 2385 1196 2452 γέ
1228 2402 1310 2438 τοι
1343 2385 1593 2439 ποθεινὸν
1623 2385 1833 2454 ἐφόδιον

265 2473 426 2543 αὐτῷ.
473 2473 630 2528 Ἐπεί
652 2492 714 2542 γε
757 2477 864 2547 μὴν
889 2478 984 2531 καὶ
1013 2478 1236 2542 ὁλκάδος
1266 2478 1460 2548 ἔτυχεν
1493 2481 1557 2532 ἐκ
1598 2479 1706 2531 τῶν
1734 2479 1834 2547 τῆς

265 2563 665 2634 Θεσσαλονίκης
680 2565 918 2636 λιμένων
940 2567 1242 2637 μελλούσης
1286 2551 1603 2636 ἀνάγεσθαι,
1651 2567 1836 2637 φέρων

268 2651 358 2704 καὶ
379 2653 546 2716 αὐτὸς
609 2657 804 2708 ἑαυτὸν
847 2658 902 2719 ἐς
931 2659 1102 2728 αὐτὴν
1137 2659 1482 2729 ἐμϐεϐλήκει.
1511 2659 1620 2713 Καὶ
1670 2659 1832 2729 μέχρι

271 2741 368 2807 μὲν
395 2742 966 2814 τῶνἙλλησποντίων
996 2748 1258 2819 πορθμῶν
1288 2750 1346 2816 ἐξ
1368 2751 1553 2820 οὐρίας
1574 2745 1708 2821 ἦγεν
1739 2749 1836 2802 αύ-

271 2829 392 2893 τοὺς
418 2833 690 2900 πελάγιον
723 2837 868 2888 κατὰ
894 2836 1154 2906 πρύμναν
1176 2837 1234 2890 τὸ
1275 2837 1492 2906 πνεῦμα
1512 2839 1834 2909 φερόμενον·

270 2921 498 2977 ἐνταῦθα
537 2923 591 2976 δ’
622 2924 787 2978 αὐτοῦ
842 2925 1105 2995 λήξαντος
1135 2927 1232 2980 καὶ
1279 2923 1392 2981 οἷον
1424 2930 1600 2982 εἰπεῖν
1629 2947 1838 2998 νεκρω-

269 3015 444 3082 θέντος
477 3020 748 3091 ἐξαίφνης
783 3024 1016 3093 νηνεμία
1061 3024 1245 3093 μακρὰ
1298 3024 1530 3092 κατέσχε
1564 3026 1626 3078 τὺ
1671 3025 1839 3079 πέλα-

270 3127 360 3175 γος
402 3113 500 3165 καὶ
555 3114 816 3181 ἀκίνητον
853 3111 969 3184 εἶχε
1010 3115 1108 3183 τὴν
1139 3115 1338 3177 ὁλκάδα
1369 3115 1565 3178 τελέως
1602 3117 1835 3184 ἐκείνην,

272 3201 352 3254 ἐπ’
393 3203 651 3276 ἀγκύρας
694 3209 822 3274 μιᾶς
872 3197 1110 3277 ἡμέραιν
1165 3197 1312 3262 δυοῖν
1362 3207 1713 3262 σαλεύουσαν.
1753 3209 1831 3280 Τῇ
1867 3255 1910 3313 C

273 3294 324 3346 δέ
368 3297 526 3368 τρίτῃ
587 3299 1023 3367 προσελάσαντες
1058 3301 1120 3352 ἐκ
1157 3299 1308 3352 δυοῖν
1352 3302 1619 3368 ποταμοῖν
1646 3341 1660 3365 ,
1699 3301 1839 3354 Σκα-

278 3387 504 3457 μάνδρου
569 3405 630 3441 τε
683 3392 776 3444 καὶ
826 3391 1133 3461 Σιμόεντος,
1181 3391 1230 3444 οἳ
1286 3391 1496 3455 πόλεως
1541 3391 1839 3457 ’Λσιάτιδος

273 3482 543 3549 Δαρδάνου
600 3486 1003 3556 καταρῤέουσιν
1065 3487 1148 3554 ἐφ’
1187 3486 1442 3554 ἑκάτερα,
1497 3488 1839 3555 πειρατικοῖς

273 3587 374 3625 τισι
402 3573 636 3644 λέμϐοις
664 3576 713 3628 οἱ
741 3575 1009 3646 βάρϐαροι
1029 3579 1233 3647 ταύτην
1263 3576 1510 3648 αἱροῦσιν
1545 3576 1835 3646 ἀναιμωτί.

276 3666 378 3718 Καὶ
434 3668 580 3736 πρὸς
615 3667 894 3735 αἰγιαλοὺς
943 3667 1378 3731 καθελκύσαντες
1417 3667 1676 3734 ἐκείνους,
1708 3665 1840 3719 ἔνθα

273 3759 362 3809 καὶ
403 3757 512 3810 τῶν
558 3758 833 3829 Ὑρκανοῦ
887 3761 980 3813 τοῦ
1027 3759 1308 3830 σατράπου
1365 3760 1526 3812 υίέων
1579 3760 1671 3813 τὸν
1704 3776 1841 3830 πρε-

279 3847 534 3918 οϐύτερον
588 3849 890 3919 τηνικαῦτα
947 3846 1252 3918 συνηνέχθη
1293 3849 1573 3916 παρεῖναι,
1613 3847 1706 3900 τὸν
1739 3849 1838 3914 τῆς

275 3941 486 4004 ὁλκάδος
522 3941 744 3996 ἅπαντα
780 3941 977 4010 φόρτον
1024 3940 1240 3992 ἐκείνου
1286 3937 1574 4009 βλέποντος
1605 3938 1842 4006 ἐξετίθε-

279 4034 371 4088 σάν
399 4051 457 4088 τε
499 4035 602 4089 καὶ
633 4034 956 4104 ἐξεφόρουνο
996 4031 1056 4105 [Γ.
1095 4033 1197 4087 “9
1236 4029 1312 4103 v.]
1351 4031 1474 4102 μεθ’
1502 4027 1575 4086 ὧν
1599 4031 1697 4103 ήδη
1747 4031 1843 4085 καὶ

282 4129 539 4198 Ιιαλαμᾶς
588 4128 828 4197 ἐξήγετο·
867 4127 962 4179 καὶ
993 4124 1260 4194 γνωσθεὶς
1283 4125 1433 4187 ὅστις
1473 4125 1558 4192 εἴη
1597 4125 1688 4177 τδν
1720 4123 1842 4193 τρό-

282 4240 374 4278 πον
403 4225 498 4277 καὶ
530 4222 636 4292 τὴν
662 4220 836 4287 ἀξίαν,
870 4221 930 4273 οὐ
962 4219 1120 4290 μόνον
1141 4221 1203 4271 ἐκ
1231 4220 1329 4288 τῆς
1353 4217 1603 4287 δαψιλοῦς
1630 4217 1843 4287 ἐκείνης

283 4317 464 4380 ὑλαίας
507 4314 828 4382 ἀποσκευῆς
856 4353 871 4378 ,
927 4312 1064 4366 ἀλλὰ
1114 4309 1219 4375 κάξ
1275 4305 1350 4364 ὧν
1385 4310 1446 4363 ἐν
1476 4310 1589 4372 τοῖς
1619 4307 1844 4368 κόλποις

283 4411 547 4482 ἔκρυπτεν
581 4407 827 4479 ἀργύρου
858 4422 915 4458 τε
945 4407 1040 4458 καὶ
1087 4402 1290 4473 χρυσοῦ
1316 4401 1667 4471 νομισμάτων
1695 4417 1844 4468 παμ-

284 4500 510 4565 πόλλων,
565 4497 780 4560 πολλοῖς
832 4496 993 4558 εὐθὺς
1056 4495 1153 4548 καὶ
1194 4494 1329 4564 πρὸς
1387 4492 1494 4544 τῶν
1554 4490 1844 4560 βαρϐάρων

1932 2012 2171 2082 plurium
2202 2011 2430 2065 deorum
2468 2009 2638 2063 cultui
2686 2009 2917 2062 nimium
2964 2007 3244 2077 improbe;
3295 2014 3350 2061 et
3392 2014 3504 2058 ter-

1933 2102 2096 2164 tium,
2133 2109 2192 2154 ut
2237 2099 2622 2154 Cantacuzeno
2663 2100 2775 2168 regi
2828 2097 3158 2150 domesticas
3216 2102 3504 2166 praestaret

1933 2205 2147 2258 preces,
2200 2190 2515 2260 praesidium
2564 2195 2756 2241 contra
2809 2186 3194 2254 Palwologum,
3259 2186 3504 2247 affinem,

1933 2282 2308 2336 dulcissimum
2333 2289 2758 2350 etsummOpere
2795 2277 2897 2348 ipsi
2941 2277 3316 2331 desideratum
3345 2276 3508 2330 viati-

1932 2387 2078 2426 cum.
2113 2372 2247 2427 Cum
2273 2383 2326 2426 et
2361 2373 2516 2426 navis
2561 2371 2815 2425 oneraria
2848 2387 2877 2425 e
2909 2370 3310 2424 Thessalonicae
3343 2380 3504 2438 portu

1936 2473 2158 2516 vectura
2188 2479 2247 2517 se
2276 2463 2563 2531 pneberet,
2600 2463 2716 2531 ipse
2749 2477 2869 2516 eam
2905 2460 3301 2515 conscenditet
3333 2477 3506 2530 usque

1936 2556 2000 2608 ad
2035 2554 2236 2609 fretum
2268 2555 2684 2623 llelleSpontum
2723 2569 2820 2608 eos
2877 2555 3131 2623 portabat
3185 2563 3380 2608 ventus
3419 2569 3508 2608 se—

1937 2647 2148 2699 cundus
2169 2646 2220 2699 in
2251 2645 2471 2714 puppim
2505 2645 2771 2699 incidens.
2799 2645 2897 2700 Hic
2919 2661 3050 2699 vero
3083 2661 3150 2700 eo
3176 2655 3424 2700 cessante
3450 2657 3506 2701 et

1938 2746 1999 2790 ttt
2021 2737 2093 2790 ita
2110 2737 2286 2789 dicam
2311 2737 2581 2789 moriente
2611 2738 2793 2790 subito
2815 2737 3040 2790 malacia
3071 2752 3263 2806 magna
3288 2738 3505 2792 tenebat

1940 2842 2112 2886 mare.
2153 2835 2208 2879 et
2239 2827 2398 2896 plane
2432 2827 2713 2882 immotam
2745 2827 3016 2882 retinebat
3055 2843 3250 2882 navem
3285 2829 3339 2884 in
3403 2845 3507 2882 una

1939 2919 2180 2974 anchora
2211 2918 2438 2972 biduum
2495 2919 2867 2973 vacillantem.
2922 2919 3110 2974 Tertio
3141 2921 3230 2974 dic
3295 2919 3507 2976 advecti

1939 3027 2006 3066 ex
2036 3013 2255 3069 duobus
2297 3013 2500 3078 ﬂuviis,
2559 3012 2896 3068 Scamandro
2939 3023 2988 3068 et
3049 3014 3352 3078 Simoente,
3416 3016 3507 3085 qni

1941 3101 2069 3157 inde
2096 3119 2124 3156 a
2153 3104 2422 3166 Dardano,
2459 3103 2595 3158 urbe
2635 3104 2878 3158 Asiatica
2913 3103 3112 3170 ﬂuun’t,
3162 3105 3249 3158 illa
3300 3105 3512 3177 cymbis

1941 3195 2186 3265 piraticis
2238 3196 2459 3251 Barbari
2494 3197 2643 3252 nullo
2671 3196 2848 3251 eﬂ’uso
2872 3197 3136 3267 sanguine
3164 3198 3318 3266 potiti
3359 3205 3510 3258 sunt.

1944 3297 2000 3344 et
2023 3289 2088 3342 ad
2120 3290 2304 3344 littora
2350 3281 2474 3344 illos
2508 3289 2892 3354 abducebant,
2924 3299 2985 3344 ut
3013 3289 3086 3344 ibi
3115 3290 3329 3358 Satrapi
3370 3291 3514 3362 Hyr-

1950 3383 2073 3436 cani
2103 3382 2338 3436 filiorum
2388 3389 2519 3436 natu
2549 3382 2721 3452 major
2759 3397 2828 3436 eo
2858 3391 3106 3453 tempore
3137 3383 3356 3438 adesset
3414 3399 3508 3437 ac-

1947 3473 2105 3538 cidit,
2147 3483 2307 3543 atquc
2335 3489 2496 3529 omne
2530 3474 2686 3528 navis
2716 3489 2856 3528 onus
2883 3460 2950 3529 eo
2987 3475 3313 3544 inspiciente
3341 3491 3511 3545 eitpo-

1947 3568 2182 3623 nebatur
2229 3578 2287 3624 et
2333 3569 2744 3638 exportabatur.
2771 3567 2909 3622 Cum
2969 3569 3035 3623 iis
3066 3569 3314 3624 Palamas
3369 3569 3506 3624 edu-

1947 3658 2210 3726 cebatur;
2245 3669 2299 3714 et
2326 3660 2563 3729 agnitus,
2587 3659 2766 3728 qualis
2793 3669 2939 3716 esset
2979 3669 3032 3714 et
3071 3660 3317 3715 moribus
3351 3670 3406 3716 et
3433 3662 3518 3715 di-

1948 3750 2153 3819 gnitate
2183 3767 2294 3807 non
2354 3754 2529 3807 solum
2573 3762 2797 3822 propter
2841 3754 3113 3808 immanes
3157 3753 3514 3825 ingentesque

1947 3843 2114 3915 228
2144 3846 2410 3910 sarcinas,
2444 3845 2537 3902 sed
2569 3849 2734 3902 etiam
2767 3862 2832 3901 ex
2889 3847 2955 3900 iis
2987 3863 3108 3919 qure
3139 3849 3193 3902 in
3230 3849 3353 3904 sinu
3385 3849 3519 3904 late-

1949 3939 2104 4003 bant,
2137 3939 2413 4009 argenteis
2437 3949 2491 3994 et
2519 3940 2702 3994 aureis
2749 3941 2991 3995 nummis
3021 3940 3295 4010 plurimis,
3324 3941 3516 3996 convi-

1949 4030 2053 4085 ciis
2094 4031 2279 4084 statim
2316 4031 2503 4084 multis
2530 4047 2558 4084 a
2611 4031 2869 4085 Barbaris
2909 4031 3384 4104 perstringebatur
3417 4048 3518 4084 an-

1950 4136 2149 4190 resque
2178 4123 2296 4190 ejus
2327 4123 2514 4176 multis
2543 4122 2860 4192 opprobriis
2914 4122 3303 4194 implebantur.
3354 4122 3519 4177 Dice-

1951 4209 2084 4265 bant
2113 4212 2284 4278 enim,
2317 4210 2522 4266 Docere
2553 4211 2905 4277 debeS‘alios,
2939 4213 3241 4266 secundum
3291 4221 3513 4266 tuorum

1950 4314 2344 4373 praeceptorum
2385 4296 2635 4358 normam
2680 4305 2844 4358 vitam
2893 4319 3086 4374 gerere
3119 4290 3521 4374 impedimento

1953 4406 2009 4452 et
2035 4412 2142 4451 aere
2175 4409 2426 4463 vacuam,
2462 4397 2575 4451 vita
2608 4411 2698 4451 tua
2746 4396 2918 4467 ipsius
2944 4397 3112 4452 animi
3139 4397 3217 4452 tui
3255 4399 3522 4467 improbi-

1954 4501 2122 4546 tatem
2166 4491 2364 4560 retegis
2389 4491 2665 4560 simulque
2708 4490 3007 4561 discipulos
3062 4500 3186 4546 tuos
3242 4495 3518 4546 contraria

285 4575 532 4646 ἐϐάλλετο
562 4593 674 4652 τοῖς
705 4589 1005 4658 σκώμμασι
1051 4586 1146 4638 καὶ
1197 4584 1399 4654 πολλῆς
1429 4583 1496 4637 τὰ
1527 4577 1641 4636 ὦτα
1671 4582 1841 4652 ἐμπέ-

1954 4582 2139 4636 doces.
2173 4581 2310 4637 Cum
2359 4583 2526 4638 etiam
2585 4583 2707 4637 libri
2768 4584 2890 4654 ejus
2938 4593 3412 4653 expromerentur,
3461 4587 3518 4640 in

284 4685 514 4754 πλησται
571 4682 771 4754 χλεύης
797 4721 812 4747 ,
863 4678 1132 4747 λεγόν.ων
1173 4676 1246 4739 ὡς
1285 4677 1571 4730 Διδάσκειν
1615 4672 1848 4743 ὀφείλων

287 4780 524 4848 ἐτέρους,
553 4777 832 4845 ἄνθρωπε,
883 4775 1024 4826 κατὰ
1072 4772 1173 4840 τὴν
1200 4770 1310 4822 τῶν
1359 4769 1468 4822 σῶν
1513 4765 1848 4848 διδασκάλων

288 4846 605 4939 νομοθεσίαν
636 4867 726 4920 τὸν
759 4864 993 4918 ἄσκευόν
1046 4879 1108 4915 τε
1155 4862 1250 4915 καὶ
1292 4846 1528 4930 άχαλκον
1583 4858 1721 4930 βίον,
1763 4857 1853 4928 ἐρ-

289 4976 400 5027 γοις
449 4961 634 5021 αὐτοῖς
689 4957 853 5019 αὐτὸς
895 4958 992 5024 τήν
1029 4971 1091 5006 τε
1139 4952 1241 5021 τῆς
1291 4951 1392 5019 σῆς
1443 4949 1852 5012 ἀνακαλύπτεις

287 5051 460 5120 ψυχῆς
507 5049 812 5121 μοχθηρίαν
851 5047 944 5100 καὶ
988 5047 1106 5114 ἅμα
1154 5041 1418 5097 τάναντία
1465 5041 1674 5103 πείθεις
1723 5041 1854 5102 τοὺς

293 5145 582 5214 ἑπομένους
613 5159 697 5195 σοι
726 5143 878 5212 δρᾷν.
909 5140 972 5192 Ἀ
985 5155 1069 5208 ρτι
1099 5138 1156 5191 δὲ
1191 5137 1288 5190 καὶ
1323 5135 1431 5188 τῶν
1455 5133 1654 5206 βίϐλων
1685 5132 1851 5186 αὐτοῦ

293 5237 772 5304 προκομιζομένων
807 5232 993 5303 ἠρώτα
1045 5231 1167 5285 καθ’
1197 5232 1429 5284 ἕκαστον
1458 5232 1484 5282 ὁ
1519 5228 1790 5298 βάρϐαρος
1825 5228 1852 5280 ὃ

292 5344 342 5380 τι
369 5341 427 5380 τε
451 5327 537 5396 εῖη
567 5329 660 5380 καὶ
689 5327 813 5380 ὅτου
843 5326 904 5378 τὸ
940 5327 1122 5394 ἔργον.
1167 5324 1274 5376 Καὶ
1294 5322 1438 5376 οὕτω
1465 5319 1755 5392 μανθάνων
1784 5321 1853 5373 τά

298 5422 392 5491 μὲν
421 5423 568 5493 αὐτῷ
591 5421 828 5492 Παλαμᾷ
857 5420 1244 5489 συγγραφέντα
1273 5416 1416 5470 κατὰ
1458 5416 1632 5486 μέσης
1668 5430 1851 5484 παρα-

297 5515 478 5585 χρῆμα
513 5514 728 5568 κελεύει
775 5514 1001 5583 ῥιφῆναι
1029 5513 1329 5580 θαλάσσης,
1358 5505 1535 5577 οἶμαι,
1564 5509 1661 5575 τῆς
1703 5506 1854 5568 θείας

293 5608 532 5676 ἀοράτως
588 5608 726 5678 πρὸς
769 5606 929 5658 τοῦτο
975 5602 1233 5672 κινούσης
1271 5601 1530 5671 προνοίας
1560 5640 1574 5666 ,
1629 5599 1716 5651 ῐνα
1778 5599 1853 5667 μὴ

298 5701 608 5768 σεσωσμένα
663 5699 866 5766 πολλῆς
920 5715 978 5752 τε
1035 5706 1129 5750 καὶ
1173 5696 1441 5764 νεωτέρας
1480 5693 1579 5761 τῆς
1612 5691 1852 5753 ἀσωτίας

301 5791 615 5862 ἐμπλήσωσι
652 5794 753 5856 τάς
812 5809 874 5859 γε
936 5791 1044 5843 τῶν
1099 5785 1711 5856 ἁπλουστέρωνψυχὰς
1761 5785 1856 5836 καὶ

302 5884 456 5940 αὑτά.
499 5885 570 5938 Τό
612 5897 702 5954 γε·
738 5887 844 5954 μὴν
893 5884 1035 5937 θεῖον
1092 5879 1184 5934 τοῦ
1234 5879 1470 5949 Χριστοῦ
1516 5875 1854 5944 Εὑαγγέλιον

1954 4687 2289 4742 unoquoque
2322 4675 2602 4744 quaerebat
2632 4673 2926 4740 Barbarus,
2958 4675 3087 4744 quid
3129 4676 3200 4730 sit
3255 4685 3308 4730 et
3335 4679 3523 4746 cujus—
3603 4733 3620 4742 ς

1952 4781 2079 4819 nam
2119 4780 2280 4834 opus.
2314 4766 2382 4820 Et
2407 4765 2649 4830 discens,
2678 4768 2972 4821 nonnullos
3017 4767 3086 4821 ab
3128 4767 3246 4836 ipso
3297 4767 3518 4824 Palama

1945 4853 2074 4913 ’esse
2101 4860 2466 4929 conscriptos,
2524 4861 2575 4913 in
2603 4859 2843 4914 medium
2878 4874 3027 4913 mare
3049 4861 3231 4913 statim
3289 4876 3386 4914 eos
3420 4863 3522 4914 im-

1954 4950 2124 5020 mergi
2169 4950 2346 5020 jubet,
2381 4950 2551 5006 credo
2599 4951 2828 5004 numine
2860 4950 3047 5004 divino
3103 4951 3390 5021 invisoque
3446 4953 3520 5006 ita

1955 5042 2300 5109 instituente,
2330 5059 2398 5098 ne
2430 5044 2629 5098 servati
2665 5043 2742 5097 illi
2766 5045 2916 5113 ipsos
2955 5043 3254 5113 proborum
3309 5044 3525 5098 animos

1953 5135 2124 5188 multa
2163 5145 2220 5189 et
2280 5134 2581 5189 recentiori
2632 5135 2723 5188 illa
2776 5134 3128 5203 improbitate
3203 5135 3519 5202 implerent,

1966 5240 2227 5282 sanctum
2261 5235 2445 5281 autem
2503 5225 2710 5280 Christi
2758 5227 3105 5295 Evangelium
3172 5229 3342 5282 multa
3391 5241 3521 5287 cum

1955 5318 2293 5374 verecundia
2385 5319 2570 5373 colere
2640 5319 2794 5388 juxta
2870 5319 3190 5388 psalterium
3263 5317 3524 5381 Davidis,

1953 5413 1991 5467 ii
2031 5412 2274 5482 quitum
2327 5425 2510 5466 secum
2560 5411 2718 5466 erant
2753 5411 2894 5481 jussi
2945 5419 3096 5466 sunt.
3162 5409 3319 5466 Soliti
3362 5417 3551 5464 erant-

1955 5507 2118 5560 etiani
2183 5504 2471 5559 lsmaelitze
2535 5503 2718 5559 colere
2786 5518 2911 5558 cum
2972 5516 3166 5557 omnes
3226 5501 3525 5571 prephetas

1957 5609 2071 5654 tum
2097 5600 2266 5652 etiam
2334 5597 2618 5652 Christum
2677 5595 3116 5664 redemptorem,
3166 5594 3373 5665 quippe
3427 5593 3524 5663 qui

1953 5697 2099 5760 esset
2125 5703 2266 5741 unus
2297 5701 2328 5741 e
2355 5686 2658 5756 prephctis.
2697 5685 2902 5740 Deinde
2938 5685 3094 5739 illum
3151 5685 3381 5756 jubebat
3407 5684 3526 5741 suis

1955 5781 2300 5846 vestimentis
2348 5778 2578 5842 nudari;
2618 5779 2722 5832 alia
2747 5793 2874 5833 vero
2928 5787 2979 5832 ct
3007 5778 3206 5833 detrita
3260 5779 3334 5833 illi
3369 5776 3524 5832 indui

1955 5889 2192 5942 eumque
2231 5874 2284 5928 in
2317 5873 2620 5928 custodiam
2640 5870 2860 5925 canium
2885 5871 3198 5927 institorum
3230 5871 3542 5928 emendum.
