3856 6558
389 396 493 461 199

1568 396 1993 457 NICEPHORI
2033 392 2419 456 ΟΒΕΟΟΒΑΞ

3517 384 3621 447 200

379 513 783 570 committebat.
843 513 907 569 Et
978 511 1211 585 jubebat
1262 512 1314 566 ei
1367 509 1533 565 etiam
1584 510 1797 580 ﬂagella
1858 510 1949 562 ad-

2067 512 2210 580 μιτά
2261 509 2357 563 τοῦ
2401 506 2693 562 Δαυῖτικοῦ
2743 504 3018 575 ψαλτῆρος
3088 501 3231 556 αἰδοί
3288 499 3459 571 πολλῇ
3501 503 3619 565 τοὺς

381 604 583 671 biberi,
611 604 776 675 229
806 614 866 658 ut
920 604 1096 673 major
1157 603 1424 658 evaderet
1474 617 1635 672 paena
1677 601 1953 669 simulque

380 702 771 756 sodomitieum
804 710 859 755 et
902 698 1340 754 arrbenomania:
1380 698 1573 752 vitium
1607 706 1818 752 natura
1866 711 1954 751 re-

382 808 653 863 pugnans.
702 792 918 852 Nescio.
966 802 1152 845 utrum
1205 790 1311 844 tale
1372 789 1504 859 quid
1554 789 1622 843 ad
1683 786 1955 843 Christia-

382 901 482 940 nos
513 896 703 952 captos
729 883 1037 938 illudeudos
1067 878 1244 937 facere
1295 881 1532 947 soleant,
1596 895 1667 934 an
1705 880 1955 934 tribuen-

378 978 507 1031 dum
539 979 613 1031 sit
666 977 867 1031 divina:
912 991 1299 1045 supremaque
1344 974 1593 1045 justitiae,
1644 975 1738 1043 qui
1774 974 1955 1027 virum

380 1071 555 1131 illum,
591 1067 963 1137 improbitatis
1026 1067 1329 1139 grassantis
1376 1066 1533 1136 quasi
1590 1066 1787 1121 ducem
1825 1066 1956 1120 Bst-'-

380 1161 639 1213 barorum
667 1159 920 1213 manibus
946 1159 1194 1223 tradidit,
1230 1173 1299 1211 ne
1332 1157 1535 1212 lateret
1579 1173 1695 1221 eos,
1747 1157 1839 1226 qui
1871 1174 1958 1212 re-

381 1263 503 1301 rum
541 1248 854 1302 divinarum
890 1259 1023 1302 sunt
1059 1247 1438 1317 imperitiores
1491 1247 1573 1302 vel
1630 1247 1959 1301 inruriosio—

356 1334 491 1399 ‘res,
520 1338 1000 1407 ﬂagitiosissimum
1019 1339 1141 1409 ejus
1162 1338 1485 1392 consilium.
1515 1338 1608 1393 Sic
1638 1338 1957 1407 superbiam

378 1430 623 1497 appellat
672 1430 953 1500 superbia,
980 1440 1037 1484 et
1065 1430 1334 1499 ﬂagitium
1366 1430 1540 1499 ipsius
1570 1430 1843 1499 pravitate
1876 1438 1959 1485 te—

374 1530 529 1577 ctum
591 1524 1131 1591 magniﬁcentissimo
1182 1524 1352 1579 hocce
1415 1522 1577 1576 modo
1640 1523 1954 1593 apparebat.

384 1611 623 1681 Eamque
642 1614 714 1667 ob
738 1630 955 1669 causam
975 1625 1165 1685 gratus
1185 1623 1309 1670 erat
1340 1622 1706 1683 acceptusque
1757 1614 1825 1670 iis
1862 1615 1957 1684 qui

328 1694 340 1708 ’
377 1704 625 1773 ejusdem
669 1715 831 1760 erant
876 1708 1059 1776 gentis
1082 1708 1456 1774 eumdemque
1494 1705 1751 1759 colebant
1780 1704 1955 1759 Deum

376 1809 435 1854 et
488 1800 631 1855 ultra
663 1800 985 1870 dignitatem
1045 1811 1164 1855 erat
1193 1800 1430 1872 dignus;
1494 1801 1599 1854 hoc
1624 1799 1873 1854 externis
1897 1807 1958 1852 et

2060 603 2297 666 οἰκείους
2318 599 2851 673 τηρεῖνένετέλλετοο
2875 596 3141 651 εἰώθεσαν
3159 593 3268 661 γάρ
3290 594 3385 647 καὶ
3407 592 3622 661 Ἰσμαη-

2059 694 2203 748 λῖται
2228 696 2396 765 τιμᾷν
2432 694 2718 765 προφήτας
2749 708 2808 745 τε
2831 690 3077 753 ἃπαντας
3116 688 3214 741 καὶ
3262 685 3377 754 ἅμα
3398 683 3491 736 τδν
3525 701 3623 735 σω-

2056 786 2199 856 τῆρα
2230 786 2464 855 Χριστὸν
2493 783 2569 847 ὡς
2595 783 2694 836 ἐνα
2734 782 2844 837 τῶν
2890 780 3207 850 προφητῶν.
3245 776 3413 838 Τέλος
3455 773 3501 828 δ’
3530 776 3620 828 αὖ·

2056 877 2147 929 τδν
2174 875 2525 947 γυμνωθῆναι
2573 874 2673 945 μὲν
2693 873 2804 927 τῶν
2831 870 3046 925 οἰκείων
3076 866 3464 939 προστεταχὼς
3498 865 3623 934 ίμα-

2058 970 2207 1035 τίων,
2235 970 2403 1040 ἐτερα
2436 968 2492 1021 δέ
2519 984 2582 1035 γε
2611 966 2948 1038 διερρωγότα
2986 960 3328 1032 μετενδῦναι,
3365 958 3623 1026 κυνοτρό·

1996 1064 2001 1073 “
2058 1079 2183 1133 φοις
2220 1061 2362 1113 τισὶν
2396 1060 2558 1114 αὐτὸν
2609 1060 2688 1122 εἰς
2746 1058 2951 1129 πρᾶσιν
2981 1053 3237 1108 ἐδεδώκει
3282 1052 3495 1121 τηρεῖν,
3529 1050 3624 1111 τάς

2056 1172 2118 1209 τε
2169 1154 2335 1217 ἄλλας
2384 1152 2847 1221 ἐγκελευσάμενος
2883 1150 3155 1219 μάστιγας
3202 1145 3429 1212 ἐπάγειν
3476 1141 3622 1212 αὐτῷ

2056 1249 2369 1318 τιμήματος
2414 1247 2577 1300 ἕνεκα
2624 1244 2869 1307 πλείονος
2915 1241 3052 1311 πρὸς
3080 1238 3246 1310 ὠνὴν,
3277 1238 3369 1292 καὶ
3415 1236 3537 1305 ἅμα
3566 1234 3624 1288 τὸ

2060 1341 2403 1409 σοδομιτικδν
2434 1339 2529 1392 καὶ
2562 1336 2711 1406 παρά
2760 1339 2922 1405 φύσιν
2968 1333 3142 1395 πάθος
3184 1331 3284 1401 τῆς
3312 1331 3622 1400 ἀρρενομα-

2057 1432 2199 1496 νίας,
2246 1431 2348 1485 οὐκ
2386 1427 2483 1485 οἷδ’
2534 1430 2817 1499 ὁπότερον,
2858 1426 2960 1480 εἴτ’
3010 1424 3201 1487 εἰωθὸς
3259 1421 3412 1491 σφίσι
3451 1420 3619 1471 ποιεῖν

2058 1526 2140 1588 είς
2174 1524 2490 1595 ἐμπαιγμδν
2538 1523 2647 1575 τῶν
2704 1519 3076 1584 ἁλισκομένων
3109 1511 3479 1585 Χριστιανῶν,
3523 1506 3621 1562 εἶτ’

2058 1616 2414 1679 ἐνδεδωκυίας
2440 1614 2543 1684 τῆς
2574 1613 2725 1697 θείας
2773 1610 2981 1667 ἄνωθεν
3025 1607 3183 1676 δίκης
3210 1604 3483 1697 ἐνταῦθα,
3520 1619 3622 1697 μα-

2058 1709 2356 1779 κροθυμεῖν
2391 1708 2468 1771 ώς
2498 1696 2707 1761 ἐπίπαν
2740 1706 2800 1760 ού
2835 1705 2983 1777 μάλα
3028 1701 3431 1771 ἀνασχομένης,
3461 1696 3497 1767 ἢ
3532 1696 3620 1748 τὸν

2058 1800 2337 1871 ἀλιτήριον
2363 1800 2440 1864 ὡς
2478 1799 2721 1869 ἀρχηγὸν
2747 1799 2845 1868 τῆς
2889 1796 2983 1850 νῦν
3016 1791 3454 1858 ἐπιπολαζούσης
3503 1789 3624 1841 ἀσε-

378 1890 634 1945 Barbaris
655 1893 793 1946 adeo
812 1892 1048 1947 invisum
1073 1902 1179 1959 est,
1200 1901 1344 1947 utne
1370 1909 1401 1947 e
1423 1892 1721 1963 longinquo
1739 1889 1949 1960 quidem

2065 1895 2216 1956 ϐείας
2267 1894 2422 1964 χερσὶ
2452 1892 2743 1963 βαρϐάρων
2795 1887 3176 1959 παρέπεμψεν,
3226 1884 3312 1938 ἵνα
3360 1883 3437 1953 μὴ
3482 1882 3618 1952 λάθῃ

375 1984 612 2039 auribus
640 1987 920 2054 percipere
946 1986 1133 2043 velint.
1170 1987 1225 2041 Si
1257 1987 1402 2041 inter
1444 1986 1579 2039 alias
1617 2001 1705 2041 res
1751 1984 1951 2038 absur-

376 2073 479 2128 das
504 2074 729 2144 Barbari
789 2079 958 2132 etiam
1009 2079 1255 2133 divinam
1293 2079 1691 2134 incarnationis
1724 2093 1951 2135 oecono-

377 2165 542 2220 miam
583 2180 879 2235 spernunt,
909 2178 1092 2225 tamen
1122 2186 1191 2225 ne
1224 2170 1327 2240 ipsi
1371 2170 1593 2239 quidem
1626 2168 1954 2224 universita-

362 2256 449 2311 tis
485 2272 669 2311 rerum
720 2272 1029 2314 creatorem
1082 2272 1249 2330 atque
1314 2264 1480 2316 Deum
1540 2276 1664 2316 esse
1728 2269 1949 2331 negant.

373 2348 481 2402 Sed
510 2348 755 2402 Palatinis
790 2350 1009 2418 utrique
1032 2366 1277 2405 severam
1314 2352 1655 2407 exactionem
1694 2360 1751 2407 et
1777 2351 1951 2405 auda-

371 2440 648 2494 cissimam
675 2440 920 2499 decrevit
965 2450 1023 2497 et
1082 2443 1205 2498 talis
1251 2443 1525 2512 prioribus
1610 2443 1952 2513 temporibus

374 2531 656 2602 religionis
678 2544 907 2589 vexator
963 2535 1149 2589 nullus
1205 2536 1327 2591 fuit.
1396 2535 1585 2605 Neque
1625 2536 1775 2591 enim
1853 2535 1949 2589 uni

373 2623 586 2678 numini
636 2627 843 2680 servire
894 2627 1018 2681 vult
1060 2642 1091 2681 e
1149 2628 1324 2681 tribus
1373 2629 1622 2697 personis
1646 2626 1946 2691 constanti,

374 2724 645 2785 negatque
692 2716 874 2786 Logon
928 2718 1271 2773 incarnatum
1320 2719 1514 2773 Filium
1549 2734 1672 2774 esse
1701 2718 1826 2783 Dei;
1853 2718 1951 2773 sed

374 2808 485 2860 vim
517 2808 684 2878 230
707 2808 1001 2878 quamdam
1054 2813 1295 2866 essentia
1324 2820 1380 2866 et
1428 2811 1733 2867 substantia
1762 2825 1954 2865 caren-

374 2908 507 2967 tem,
533 2900 703 2970 ipsam
726 2902 959 2956 divisam
987 2918 1107 2958 esse
1140 2903 1216 2965 in!
1238 2903 1513 2975 myriades
1540 2919 1649 2959 non
1690 2918 1949 2974 procrea-

370 3002 453 3047 tas
520 2996 807 3047 numinum
847 2995 988 3049 inter
1034 3010 1094 3050 se
1140 2995 1540 3061 diﬂ'erentium,
1579 2996 1659 3050 uti
1716 3002 1773 3050 et
1836 2994 1952 3065 ipse

368 3086 594 3143 uberius
629 3088 736 3142 alio
771 3089 892 3143 loco
911 3089 1187 3159 exposuit.
1211 3090 1341 3144 lude
1390 3071 1650 3162 majorem
1694 3088 1786 3143 hic
1822 3095 1949 3141 ante

2058 1988 2195 2059 μηδὲ
2220 1989 2334 2050 τοῖς
2365 1986 2741 2057 ἀμαθέστερον
2774 1983 2806 2053 ἢ
2846 1981 3214 2051 ἀμελέστερον
3244 1977 3375 2048 περὶ
3402 1977 3471 2029 τὰ
3502 1974 3621 2028 θεῖα

2051 2078 2418 2147 διακειμένοις
2456 2075 2519 2129 τὸ
2567 2078 2665 2147 τῆς
2695 2073 2862 2129 αὑτοῦ
2897 2091 2960 2143 γε
3014 2072 3284 2143 αἱρέσεως
3312 2071 3619 2141 αἴσχιστον,

2052 2172 2169 2226 ἀλλ’
2198 2170 2355 2241 ὕϐρις
2385 2168 2545 2240 ὓϐριν
2578 2169 2876 2239 ἀμύνηται,
2908 2168 3003 2221 καὶ
3047 2166 3107 2218 τὸ
3150 2168 3214 2234 τῇ
3248 2162 3410 2217 αὑτοῦ
3450 2162 3620 2233 κακίᾳ

2051 2259 2467 2329 κεκαλυμμένον
2509 2255 2739 2325 αἰσχρὸν
2764 2254 2842 2324 τῷ
2870 2271 2964 2307 του
3002 2251 3268 2325 σαρκικοῦ
3306 2251 3400 2305 καὶ
3429 2268 3620 2319 φαινο-

2054 2350 2219 2420 μένου
2262 2349 2468 2411 πάθους
2501 2348 2770 2418 αἰσχίστω
2811 2345 3245 2416 θεατρικώτερον
3279 2344 3492 2398 τουτονὶ
3524 2344 3618 2409 δη·-

2056 2442 2317 2512 μοσιευθῇ
2341 2443 2563 2511 τρόπον·
2611 2441 2706 2494 καὶ
2735 2439 2950 2494 όθέλων
2981 2441 3044 2493 ἐκ
3073 2437 3169 2492 τοῦ
3198 2438 3483 2507 τυραννεῖν
3519 2436 3619 2507 τὴν

2051 2535 2338 2589 εὐσέϐειαν
2364 2533 2692 2605 δοξασθῆναι
2722 2533 2822 2605 ἠδη
2856 2534 2951 2586 κα)⁵
2999 2531 3119 2586 κατ’
3157 2530 3290 2584 αύτό
3337 2546 3400 2598 γε
3429 2530 3490 2582 τὸ
3520 2529 3619 2597 τῆς

2052 2626 2344 2688 πολυοεϊας
2408 2626 2667 2696 ἀτόπημα
2720 2624 2909 2693 σαφῶς
2962 2622 3350 2692 ἐξελήλεγκται
3404 2639 3466 2676 τε
3524 2623 3620 2676 καὶ

2050 2718 2445 2788 ἐστηλίτευται.
2492 2719 2601 2772 Καὶ
2629 2718 2819 2788 διόπερ
2858 2717 3152 2787 ὁμοφύλοις
3181 2717 3303 2771 οὖσι
3350 2720 3465 2781 τοῖς
3498 2717 3619 2771 θια-

2053 2812 2256 2872 σώταις
2300 2810 2531 2877 ἀρεστός
2579 2827 2638 2863 τε
2689 2809 2951 2879 ἐνομίσθη
2993 2810 3089 2863 καὶ
3126 2810 3235 2863 τῶν
3284 2808 3427 2879 ὑπὲρ
3452 2807 3614 2873 ἀξίαν

2051 2900 2202 2965 ἄξιος
2228 2900 2430 2969 γερῶν,
2458 2899 2616 2955 τοῦτο
2641 2903 2754 2964 τοῖς
2780 2901 3081 2971 ἀλλοτρίοις
3104 2919 3162 2955 τε
3192 2900 3285 2955 καὶ
3318 2900 3617 2971 βαρϐάροις

2049 2993 2172 3047 οὐδὲ
2198 2994 2364 3064 μέχρι
2417 2993 2583 3063 ψιλῆς
2628 2993 2799 3060 ἀκοῆς
2834 2994 3067 3047 ἀνεκτὸν
3101 2992 3383 3062 ἐνομίσθη.
3417 2994 3481 3048 Εἰ
3510 2994 3617 3061 γάρ

2052 3082 2190 3152 πρός
2207 3098 2269 3150 γε
2292 3084 2405 3146 τοῖς
2426 3081 2607 3145 ἄλλοις
2634 3081 2813 3135 αὐτῶν
2841 3083 3160 3151 ἀτοπήμασι
3191 3080 3256 3153 [ί.
3291 3082 3394 3136 120
3425 3080 3502 3153 r.]
3525 3084 3619 3136 καὶ

365 3186 571 3231 aeterna
593 3177 862 3247 supplicia
892 3178 987 3232 dat
1017 3193 1234 3248 pinnam
1284 3180 1375 3234 ille
1425 3179 1625 3235 multas
1671 3193 1947 3234 aerumnas

2052 3174 2151 3247 τὴν
2188 3174 2455 3245 ἐνσαρκον
2487 3174 2773 3230 ἀθετοῦσιν
2808 3176 2862 3226 οί
2909 3174 3179 3246 βάρϐαροι
3227 3174 3381 3230 θείαν
3410 3178 3619 3228 οἰκονο-

370 3282 567 3339 passus
590 3283 801 3333 eorum,
837 3270 929 3338 qui
969 3280 1160 3325 contra
1213 3286 1355 3326 verm
1418 3270 1699 3342 religionis
1752 3270 1942 3341 prensi-

2052 3238 2199 3337 μίαν,
2241 3238 2358 3321 ἀλλ’
2386 3268 2486 3322 ἐνα
2513 3268 2623 3321 τῶν
2659 3267 2879 3321 πάντων
2909 3238 3051 3323 εἰν-αι
3085 3238 3318 3336 ποιητὴν
3350 3268 3446 3319 καὶ
3484 3266 3620 3319 Θεὸν

366 3361 520 3416 dium
553 3372 958 3431 pugnaverunt.
994 3362 1097 3429 Qui
1128 3363 1267 3419 alios
1302 3374 1623 3433 persecutus
1666 3374 1750 3419 est
1780 3364 1945 3418 alios-

366 3469 479 3523 que
528 3454 637 3508 alio
680 3454 894 3524 pepulit
932 3464 989 3509 et
1014 3456 1446 3510 sacerdotalibus
1482 3455 1654 3525 signis
1680 3454 1945 3526 ﬂagitiose

364 3545 603 3600 orbavit.
631 3544 765 3599 Nam
797 3556 853 3600 et
886 3546 1001 3615 ipse
1037 3546 1272 3616 turpiter
1307 3548 1553 3615 privatus
1598 3556 1716 3601 erat
1771 3546 1943 3618 signis

366 3635 812 3690 sacerdotalibus
839 3644 1003 3703 atque
1040 3637 1266 3705 insuper
1292 3638 1442 3691 omni
1497 3637 1723 3691 omnino
1775 3637 1943 3693 vesti-

370 3735 601 3789 mento;
647 3725 902 3780 similiter
922 3742 981 3780 et
1028 3727 1143 3795 ipse
1169 3741 1364 3796 passus
1399 3733 1487 3782 est
1541 3728 1857 3798 turpissima
1912 3742 1944 3782 a

367 3819 640 3882 Barbaris,
688 3835 826 3888 quos
866 3820 1003 3873 adeo
1061 3820 1284 3885 amavit,
1315 3831 1373 3873 ut
1422 3820 1654 3875 multum
1703 3820 1776 3875 sit
1824 3835 1945 3875 cer-

364 3921 538 3966 tatum
570 3912 638 3966 ad
666 3911 1107 3968 Cantacuzenum
1142 3927 1209 3967 eo
1228 3912 1639 3977 adducendum,
1678 3921 1738 3967 ut
1781 3913 1941 3984 adju-

366 4013 515 4060 tores
547 4006 653 4060 sibi
674 4015 865 4060 contra
897 4005 1285 4075 Palasologum,
1315 4006 1530 4060 alliuem
1554 4015 1774 4075 pararet
1807 4006 1947 4060 alui-

364 4115 570 4169 cosque
617 4114 713 4169 per
760 4098 927 4151 vitam
984 4097 1215 4152 haberet
1298 4098 1534 4166 vitaeque
1610 4095 1947 4151 immortales

361 4191 641 4248 custodes.
666 4190 798 4245 Inde
846 4198 903 4244 et
949 4190 1231 4259 praemium
1261 4189 1475 4259 accepit
1518 4189 1763 4257 dignum,
1796 4188 1945 4258 quod

362 4284 592 4339 dederat
616 4292 675 4336 et
699 4282 852 4337 dedit
875 4282 1023 4351 quod
1058 4289 1382 4353 acceperat;
1430 4280 1666 4350 turpiter
1695 4281 1844 4335 enim
1876 4279 1945 4334 ad

363 4376 595 4446 gradum
644 4376 1041 4431 sacerdotalem
1079 4376 1403 4441 assurrexit,
1453 4375 1648 4445 dignas
1698 4375 1943 4430 referens

365 4467 648 4522 mercedes
676 4466 854 4536 iislqui
883 4466 1062 4536 ipsum
1087 4467 1566 4536 inauguraveraut,
1590 4468 1793 4536 quippe
1844 4468 1945 4521 im-

2045 3360 2157 3413 οὐδ⁹
2204 3360 2357 3415 αὐτοί
2400 3378 2463 3429 γε
2495 3360 2806 3430 ἀρνοῦνται.
2847 3358 2989 3413 Ἀλλ’
3016 3361 3044 3412 ό
3082 3359 3349 3430 Παλαμᾶς
3386 3362 3479 3413 καὶ
3513 3360 3621 3429 ἀμ-

2047 3454 2297 3525 φοτέροις
2356 3453 2685 3526 ξενηλασίαν
2720 3455 2997 3523 ἀπότομόν
3039 3472 3097 3508 τε
3135 3456 3231 3509 καὶ
3283 3456 3432 3526 μάλα
3482 3457 3624 3525 θρα.

2049 3546 2200 3599 σεῖαν
2247 3544 2678 3615 κατεψηφίσατο,
2724 3548 2820 3599 καὶ
2867 3546 2990 3599 οἵαν
3030 3546 3208 3610 οὐδεὶς
3265 3547 3377 3601 οὐδ’
3434 3548 3622 3602 αὐτῶν

2044 3639 2264 3701 ὁπόσοις
2314 3636 2573 3701 διώκταις
2636 3638 2779 3691 κατὰ
2837 3639 2937 3707 τῆς
2988 3638 3274 3703 εὐσεϐείας
3322 3640 3449 3704 τοὺς
3490 3644 3623 3710 πρὶν

2045 3729 2249 3792 αἰῶνας
2291 3730 2703 3783 συνεπεπτώκει
2752 3732 3031 3799 γενέσθαι·
3064 3730 3188 3785 οὔτε
3241 3732 3350 3804 γάρ
3400 3733 3622 3805 θεότητι

2046 3821 2332 3891 λατρεύειν
2362 3822 2557 3892 ἀφίησι
2590 3823 3013 3893 τρισυποστάτῳ
3045 3825 3168 3895 μιᾷ,
3203 3826 3325 3878 οὐδὲ
3354 3826 3445 3880 τὸν
3485 3844 3624 3899 σαρ-

2049 3916 2294 3969 κωθέντα
2338 3917 2513 3984 Λόγον
2554 3916 2683 3970 Υίδν
2715 3912 2859 3969 εἶναι
2907 3917 3059 3987 λέγει
3098 3919 3257 3986 Θεοῦ,
3301 3918 3417 3973 ἀλλ’
3458 3921 3627 3974 ἀνού-

2049 4025 2165 4062 σιον
2198 4008 2299 4078 μέν
2345 4026 2469 4061 τινα
2530 4015 2625 4061 καὶ
2678 4008 3033 4079 ἀνύπαρκτον
3074 4012 3381 4081 ἐνέργειαν,
3410 4013 3552 4083 πρὸς
3578 4014 3625 4066 δ’

2047 4100 2337 4162 ἀκτίσιους
2374 4101 2576 4170 μυρίας
2610 4101 2978 4171 μεριζομένην
3013 4103 3281 4171 θεότητας
3322 4103 3493 4165 ἄλλας
3524 4103 3623 4156 άλ-

2046 4193 2226 4264 λήλων
2263 4192 2654 4264 διαφερούσας,
2695 4194 2771 4256 ὡς
2810 4195 2909 4247 καὶ
2962 4194 3123 4255 αὐτὸς
3178 4196 3235 4247 ἐν
3270 4194 3452 4257 ἄλλοις
3481 4196 3624 4248 πλα-

2044 4286 2273 4356 τύτερον
2331 4286 2619 4355 γέγραφας
2676 4285 3008 4356 στηλιτεύων
3055 4287 3239 4341 αὐτόν.
3303 4287 3469 4342 Ὅθεν
3527 4289 3623 4343 καὶ

2050 4376 2222 4446 μείζω
2253 4374 2537 4429 κάνταῦθα
2571 4376 2677 4444 πρὸ
2697 4376 2796 4443 τῆς
2820 4376 3043 4429 αἰωνίου
3076 4379 3377 4450 καταδίκης
3400 4381 3621 4452 ἐκείνης

2046 4469 2145 4539 τὴν
2173 4468 2331 4536 δίκην
2360 4468 2576 4521 δίδωσιν
2610 4469 2826 4523 οὐτοσὶν
2856 4472 2882 4523 ὁ
2909 4464 3255 4541 ταλαίπωρος
3278 4467 3353 4527 ὧν
3378 4475 3471 4526 ἐπὶ
3496 4479 3625 4538 τοὺς

365 4560 717 4629 probitatem;
737 4568 797 4613 et
821 4575 943 4629 qua:
963 4562 1244 4629 sapienter
1267 4559 1628 4628 sapientiores
1648 4559 1749 4613 viri
1774 4560 1939 4615 intel-

2052 4563 2186 4631 ὑπὲρ
2226 4560 2505 4623 εὐσεϐείας
2538 4563 2951 4633 ἠγωνισμένους
2978 4565 3305 4634 ἠγώνισται,
3336 4568 3465 4633 τοὺς
3519 4570 3621 4639 μὲν

362 4652 642 4713 lexerunt,
659 4659 785 4706 ante
806 4666 996 4721 opera,
1010 4666 1077 4705 ea
1092 4659 1246 4705 certo
1260 4659 1383 4719 post
1404 4665 1569 4719 opera
1589 4665 1798 4704 usuven
1808 4650 1940 4707 iant.

2052 4651 2250 4716 διώξας
2292 4652 2387 4703 καὶ
2440 4649 2602 4704 ἄλλον
2652 4652 2840 4707 ἄλλοθι
2874 4654 3218 4725 διασπείρας,
3254 4658 3381 4721 τοὺς
3425 4660 3484 4713 δὲ
3530 4663 3623 4713 καὶ

366 4743 551 4797 αὐτῶν
575 4742 869 4812 γυμνώσας
903 4744 1130 4812 ἀναίδην
1154 4742 1263 4795 τῶν
1335 4743 1631 4811 ίερατικῶν
1697 4744 2011 4828 συμϐόλων.
2073 4744 2193 4797 Καὶ
2227 4743 2387 4806 αύτός
2416 4760 2477 4795 τε
2508 4744 2619 4813 γὰρ
2651 4747 2889 4815 αίσχρῶς
2934 4748 3043 4801 τῶν
3080 4751 3370 4820 ἰερατικῶν
3399 4770 3621 4824 γυμνω-

365 4838 482 4900 θεὶς
518 4836 822 4906 συμϐόλων,
878 4836 971 4890 καὶ
1026 4835 1163 4906 πρός
1216 4852 1280 4904 γε
1333 4835 1441 4888 ἐτι
1477 4835 1660 4906 πάσης
1711 4835 1909 4900 κοινῶς
1945 4837 2196 4909 ἐσθῆτος,
2261 4835 2398 4906 δμοῦ
2470 4837 2660 4891 καὶτὰ
2719 4839 2978 4910 αἴσχιστα
3000 4842 3297 4896 ύπάύτῶν
3326 4846 3622 4900 ἐπεπόνθει

364 4932 677 5003 βαρϐάρων,
708 4933 800 4997 οὓς
840 4932 1092 4987 τοσοῦτον
1124 4932 1287 4995 αὐτὸς
1330 4930 1618 5000 ἠγάπησεν
1687 4931 1832 4985 ὥστε
1903 4935 2001 4986 καὶ
2038 4934 2344 5004 ἠγώνισται
2402 4934 2701 5005 πάμπολλα
2756 4937 2945 4989 πεῖσαι
2992 4938 3445 5011 Καντακουζηνὸν
3478 4945 3623 4994 κατὰ

366 5024 460 5078 τοῦ
504 5024 758 5095 γαμϐροῦ
801 5025 1169 5095 Παλαιολόγου
1214 5023 1597 5091 συλλήπτορας
1632 5023 1942 5093 κτήσασθαι
1980 5026 2078 5079 καὶ
2124 5027 2314 5094 φίλους
2382 5026 2635 5096 ἡγεῖσθαι
2699 5026 2789 5080 διὰ
2836 5026 2976 5097 βίου,
3011 5030 3103 5081 καὶ
3142 5030 3245 5100 τῆς
3271 5030 3417 5100 ζωῆς
3448 5033 3621 5101 φύλα-

368 5139 470 5183 κας
498 5120 819 5184 ἀθανάτους.
850 5123 942 5174 Διδ
1006 5123 1100 5175 καὶ
1161 5118 1261 5189 τὴν
1332 5119 1689 5189 ἀντιμισθίαν
1719 5119 1879 5185 ἀξίαν
1945 5120 2157 5173 ἐκεῖθεν
2187 5122 2382 5190 εἴληφε
2414 5119 2664 5185 δεδωκὼς
2708 5124 2804 5176 καὶ
2828 5122 3059 5176 δέδωκεν
3085 5124 3345 5194 εἰληφώςο
3382 5127 3623 5199 αἰσχρῶς

369 5216 471 5285 μὲν
500 5215 609 5286 γάρ
639 5216 733 5267 καὶ
760 5215 997 5279 ἀναξίως
1063 5216 1409 5270 παντάπασιν
1474 5214 1555 5278 εἰς
1598 5215 1693 5268 τὸν
1737 5214 2015 5282 ίερατικὸν
2054 5214 2263 5284 βαθμὸν
2302 5214 2539 5282 ἀναϐάς,
2588 5215 2746 5283 ἀξίαν
2803 5218 2916 5284 τοῖς
2954 5217 3216 5291 ίερώσασι
3258 5221 3359 5289 τὴν
3407 5224 3622 5290 ἀντιμι-

369 5309 525 5365 σθίαν
550 5310 801 5365 ἀπέδωκε
829 5311 930 5381 τὴν
993 5311 1252 5364 ἀσέϐειαν
1277 5327 1293 5343 ο
1345 5312 1504 5377 ἀξίαν
1532 5311 1579 5364 δ’
1620 5306 1688 5364 αὖ
1735 5309 1844 5363 ὑπὸ
1909 5310 2019 5365 τῶν
2059 5310 2355 5383 βαρϐάρων
2410 5314 2635 5367 ἐκείνων
2679 5312 2937 5384 αἴσχιστα
2973 5316 3325 5382 καθαιρεθεὶς
3352 5317 3452 5387 τὴν
3480 5317 3625 5370 ἀντι-

364 5407 592 5477 μισθίαν
647 5407 973 5477 κεκόμισται
1019 5400 1095 5461 ὦν
1156 5409 1270 5470 τοῖς
1326 5406 1623 5476 Ῥωμαίοις
1684 5407 1935 5478 ὀλέθρων
2010 5408 2087 5479 τῷ
2156 5407 2372 5478 βασιλεῖ
2402 5411 2922 5480 προμεμνὴστευται
2990 5411 3090 5480 τὴν
3146 5413 3351 5479 φιλίαν,
3410 5414 3497 5467 ἵνα
3530 5415 3625 5467 καὶ

366 5497 686 5567 καθαιρέσει
716 5495 918 5569 αἰσχρᾷ
943 5498 1063 5568 μὲν,
1088 5498 1278 5569 δικαία
1303 5498 1349 5552 δ’
1371 5497 1470 5552 οὗν
1539 5498 1750 5552 πολλῶν
1810 5500 2005 5570 ἱερέων
2046 5501 2144 5563 καὶ
2182 5501 2501 5554 ἐπισκόπων
2557 5500 2652 5553 καὶ
2686 5500 2868 5569 πάσης
2902 5502 3079 5556 εἰπεῖν
3108 5504 3369 5571 εὐσεϐοῦς
3412 5506 3625 5573 ὁσιότη-

368 5607 461 5653 τος
486 5589 807 5660 καθαίρεσις
838 5591 1024 5653 άδικος
1053 5592 1601 5664 ἁντιταλαντεύηται,
1633 5594 1730 5646 καὶ
1795 5592 1831 5647 ἀ
1899 5597 2015 5658 τοῖς
2056 5596 2390 5665 σοφωτέροις
2444 5596 2717 5665 ἔγνωσται
2789 5597 3025 5661 συνετῶς
3076 5600 3184 5668 πρὸ
3244 5602 3352 5653 τῶν
3405 5603 3622 5673 ἔργων,

366 5680 663 5764 ταῦτὀὲπὶ
716 5683 824 5735 τῶν
884 5683 1062 5753 ἔργων
1126 5684 1391 5755 φαίνηται
1439 5686 1815 5757 συμϐαίνοντα
1848 5688 2058 5757 σαφῶς.

441 5772 599 5843 231
634 5774 719 5829 IV.
766 5773 1060 5845 Postquam
1089 5778 1155 5831 ad
1197 5776 1503 5849 Hyrcanum
1547 5780 1821 5835 abductus
1851 5796 1945 5836 es-

2125 5783 2199 5836 A'.
2250 5783 2403 5837 Ἐπεί
2430 5801 2493 5855 γε
2526 5785 2633 5857 μὴν
2664 5788 2761 5841 καὶ
2793 5790 2930 5859 πρὸς
2984 5789 3256 5860 Ὑρκανὸν
3300 5791 3581 5861 ἀπηνέχθη
3606 5830 3622 5851 ν

365 5865 849 5931 set,Barbarorum
873 5869 1085 5927 scilicet
1116 5870 1330 5936 ducem,
1348 5880 1548 5941 praeter
1566 5881 1761 5928 cmtera
1791 5888 1855 5928 ex
1882 5873 1948 5929 iis

2058 5876 2149 5931 τὸν
2191 5878 2435 5949 ἀρχηγὸν
2468 5877 2689 5951 ,δηλαδὴ
2744 5881 2856 5935 τῶν
2896 5883 3212 5955 βαρϐάρων,
3248 5885 3315 5939 τά
3350 5884 3450 5955 μὲν
3489 5880 3627 5938 ἀλλα
