3966 6574
241 398 348 465 201

1242 385 1688 454 ΒΥΖΑΝΤΙΝΕ
1726 379 2113 471 ΗΙδΤῡΒΙίΕ
2158 380 2306 442 LIB.
2344 376 2571 439 XXIX.

3341 338 3353 344 ’
3402 367 3514 426 .2119.

239 513 347 565 ὅσα
388 527 450 565 τε
480 506 623 581 πρὸς
651 507 760 561 τῶν
791 501 915 561 ἐκεῖ
936 502 1247 577 τηνικαῦτα
1280 502 1572 573 παρόντων
1605 496 1834 567 ᾕκηκόει

1954 508 2061 562 tua:
2088 505 2181 546 cos
2212 490 2303 562 qni
2333 488 2425 542 illo
2454 499 2697 557 tempore
2726 482 2959 539 aderant
2982 478 3232 535 dicentes
3262 476 3517 535 audierat

239 618 302 654 τε
351 601 448 654 καὶ
479 600 747 668 λελάληκε
789 597 885 652 καὶ
916 595 1236 666 συνυπήχθη
1273 594 1368 648 καὶ
1389 591 1713 662 ὡμολόγηκε
1743 606 1832 655 φι-

243 689 487 756 λοζωῖας
511 690 701 757 ἕνεκα,
724 689 937 759 σιωπᾷν
969 689 1215 757 ἄμεινον.
1251 682 1458 739 Μαθὼν
1488 682 1531 735 δ’
1561 676 1654 734 οῦν
1683 681 1832 749 ὅμως

245 784 459 846 ἐκεῖνος
491 781 567 846 ὡς
617 782 783 844 αὐτός
820 782 937 833 ἐστι
975 780 1043 832 δι’
1087 778 1148 832 ὃν
1185 776 1476 839 πολυθεῖας
1508 792 1566 827 τε
1594 771 1734 843 ἔρως
1774 775 1832 824 ὲν

256 871 556 941 Ῥωμαίων
590 872 828 942 ἤνθησεν
860 872 1090 942 ἄρχουσι
1131 869 1227 922 καὶ
1266 867 1500 937 ματαίας
1537 865 1835 936 θρησκείας

246 962 549 1031 ἀγάλματα
613 963 757 1026 νέοις
818 960 1281 1033 ἐμπολιτεύεσθαι
1351 959 1583 1028 γέγονεν
1644 956 1833 1020 ἐθεσι,

246 1054 633 1122 κατεγίνωσκέ
682 1072 741 1108 τε
799 1055 893 1108 καὶ
948 1052 1246 1118 διετώθαζε
1307 1051 1455 1122 μάλα
1494 1048 1832 1119 ἐπεγγελῶν.

249 1147 604 1216 Πῳσέταττε
650 1147 697 1200 δ’
730 1146 827 1201 οῦν
857 1146 1172 1217 ἀπαχθέντα
1222 1146 1414 1218 πόρῤω
1452 1161 1554 1198 που
1591 1141 1694 1213 τῆς
1740 1157 1838 1193 σα-

247 1238 537 1308 τραπικῆς
595 1240 777 1303 οίκίας
833 1237 1183 1309 διαλεχθῆναι
1241 1241 1372 1309 περὶ
1399 1239 1499 1308 τῆς
1551 1233 1836 1289 νεολέκτου

247 1334 492 1399 ταυτησὶ
521 1333 815 1403 τερατείας
863 1333 944 1386 ἐνί
1009 1350 1117 1386 τινι
1170 1332 1279 1386 τῶν
1330 1332 1481 1402 παρά
1537 1328 1839 1401 βαρϐάροις

252 1422 451 1474 αύτόθι
469 1422 655 1490 σοφῶν
679 1422 768 1474 ἐπ’
795 1423 1059 1493 ἀκροάσει
1092 1421 1324 1475 πολλῶν.
1348 1421 1460 1475 Καὶ
1481 1422 1581 1472 ὅσα
1602 1419 1703 1489 μὲν
1723 1420 1841 1471 ἐκεῖ

252 1513 397 1583 πρὸς
427 1512 622 1586 ἡδονὴν
659 1515 774 1578 τοῖς
818 1514 1115 1586 βαρϐάροις
1161 1513 1487 1584 ἐφθέγξατο,
1541 1512 1840 1583 ἀφαίρεσιν

251 1605 449 1667 δεδιὼς
509 1606 607 1675 τῆς
662 1607 808 1677 ζωῆς
849 1609 1106 1678 ταυτησὶ,
1156 1609 1412 1678 περιττόν
1465 1605 1835 1676 ἀφηγεῖσθαι·

250 1697 290 1752 ἃ.
317 1699 368 1752 δ’
396 1698 490 1753 οῦν
516 1700 916 1765 ἀπολεξάμενον.
940 1702 1078 1772 πρὸς
1094 1702 1362 1771 δημοσίας
1388 1708 1651 1772 φέρουσιν
1672 1698 1842 1762 ἀκοὰς

249 1790 305 1843 oi
340 1789 406 1865 [Γ.
459 1791 556 1847 1‘20
583 1791 661 1864 v.]
698 1791 932 1845 ἐνταῦθα
955 1793 1051 1862 τῆς
1085 1791 1295 1845 ἐκείνου
1315 1791 1581 1845 θιασῶται
1615 1789 1838 1853 κακίας.

255 1884 562 1954 ἐγγράφως
614 1884 752 1954 πρὸς
810 1884 1021 1938 ἐκείνου
1073 1884 1285 1947 τούτοις
1320 1882 1669 1954 πεμφθέντα,
1721 1881 1841 1934 ἐστι

257 1974 469 2029 τοιάδε.
513 1975 944 2046 Ἀπαιτούμινος
1005 1975 1138 2045 γὰρ.
1188 1978 1322 2046 φησὶ
1348 2016 1362 2038 ,
1397 1976 1559 2043 λόγον
1595 1974 1844 2045 ἑρμηνέα

253 2068 364 2136 τῆς
413 2068 781 2138 καινοφανοῦς
822 2070 1058 2135 ταυτησὶ
1092 2069 1415 2141 θρησκείας,
1454 2068 1844 2137 ἀπολογεῖσθαι

196 2214 205 2224 ,
256 2162 458 2230 καιρόν
487 2161 586 2213 ούκ
615 2160 761 2231 ἔχειν
805 2162 1041 2233 εἰρήκει,
1105 2162 1380 2233 πρόφασιν
1436 2160 1614 2232 λέγων
1667 2161 1744 2225 ὡς
1795 2164 1846 2214 οἱ

257 2253 656 2323 προσκείμενοι
688 2253 767 2322 τῷ
804 2254 959 2323 μέρει
1000 2254 1107 2306 τῶν
1133 2254 1424 2308 ἀντιδίκων
1458 2254 1845 2325 προκάθηνται

259 2347 365 2399 καὶ
393 2348 610 2414 κριταὶ,
643 2346 744 2399 καὶ
779 2347 883 2401 ούκ
934 2346 1078 2415 ἔχειν
1106 2346 1425 2414 ἀναγκαίως
1454 2346 1726 2400 δεικνύειν
1768 2346 1850 2408 είς

256 2438 334 2492 τὰ
389 2440 520 2508 παρ’
557 2440 744 2493 αὐτῶν
798 2438 1196 2510 ἀντιλεγόμενα
1253 2439 1321 2492 τά
1373 2439 1723 2508 δικαιώματα
1750 2438 1850 2507 τῆς

258 2530 578 2593 εὐσεϐείας.
619 2529 853 2584 Ἔπειτα
910 2532 1007 2585 καὶ
1049 2530 1488 2600 παραδεδομένος
1520 2533 1603 2596 είς
1630 2532 1853 2600 ,αἰχμα-

260 2620 474 2674 λωσίαν
502 2623 686 2685 αὐτοῖς
726 2623 827 2675 οὐκ
857 2623 925 2677 ἂν
959 2623 1346 2694 ἀποκρίναιτο,
1377 2621 1503 2676 ἐπεὶ⁵
1544 2623 1641 2676 καὶ
1661 2624 1689 2676 ό
1714 2625 1853 2693 Χρι-

261 2716 417 2778 στὸς,
454 2715 608 2783 φησι,
656 2712 798 2783 μετά
831 2712 891 2766 τὸ
924 2713 1294 2785 παραδοθῆναι
1345 2713 1444 2767 οὐκ
1493 2714 1852 2785 ἀπεκρίνατο.

259 2805 440 2859 Ταῦτ’
476 2806 583 2858 sici.
632 2806 702 2860 τὰ
749 2804 955 2875 συνήθη
993 2804 1448 2875 ψευδολογήματα
1496 2806 1596 2875 τῆς
1642 2807 1851 2861 ἀτόπου

258 2899 526 2968 γλώσσης
542 2897 779 2968 ἐκείνης·
802 2897 920 2959 πῶς
937 2899 1008 2966 γά
1016 2915 1047 2968 ρ
1065 2897 1132 2952 ἂν
1154 2898 1476 2969 ἐτόλμησεν,
1499 2898 1531 2967 ἢ
1550 2898 1635 2962 τίς
1656 2899 1721 2952 ἂν
1738 2898 1851 2967 ἔχοι

262 2992 431 3063 χώρα
464 2992 561 3044 καὶ
592 2991 751 3062 χρεία
790 2988 1082 3062 βαρϐάροις
1118 2990 1307 3063 φέρειν
1357 2991 1664 3063 ὑπόδειγμα
1715 2993 1855 3064 πρὸς

261 3087 542 3138 πίστωσιν
571 3084 681 3138 τῶν
713 3084 865 3153 αύτῷ
891 3083 1200 3153 λεγομένων
1235 3083 1304 3137 τά
1332 3084 1429 3137 τοῦ
1469 3082 1712 3154 Χριστοῦ
1746 3102 1855 3138 πα-

261 3177 540 3247 θήματας
573 3177 1090 3247 Προσπαραγράφει
1137 3176 1182 3230 δ’
1233 3175 1363 3247 ἑξῆς
1416 3178 1512 3231 καὶ
1559 3177 1690 3249 περὶ
1744 3177 1925 3267 τῶνεΙ

264 3268 397 3323 ἰδιιῖ
427 3268 797 3342 Χριστιανῶν,
835 3269 983 3335 ὅπως
1017 3269 1278 3333 λαθόντες
1307 3269 1366 3337 ἐξ
1405 3270 1664 3341 ἀπειρίας
1692 3270 1855 3325 ἐπαί-

260 3362 391 3427 νοιξ
446 3362 725 3433 ἐξαίρουσι
781 3361 993 3429 τοῦτον,
1053 3364 1213 3432 διότι,
1256 3365 1444 3432 φασιν,
1480 3364 1857 3436 ἀποκηρύττει

262 3453 405 3517 τοὺς
456 3456 535 3518 είς
589 3455 999 3526 ὑπερκειμένας
1062 3456 1157 3510 καὶ
1227 3456 1533 3526 ὑφειμένας
1590 3456 1857 3528 ἀπείρους

260 3546 537 3614 θεότητας
564 3546 656 3599 τὸν
686 3546 785 3598 ἕνα
815 3545 951 3600 Θεδν
987 3545 1200 3610 ἀσεϐῶς
1231 3545 1601 3617 διαιροῦντας.
1635 3546 1747 3600 Καὶ
1780 3545 1855 3616 μὴ

261 3639 644 3715 ἀποδέχεσθαι
680 3643 787 3709 μέν
820 3623 958 3712 φησι
996 3639 1096 3711 τὴν
1124 3639 1235 3694 τῶν
1284 3639 1527 3693 ἐπαίνων
1557 3638 1738 3692 αἰτίαν
1781 3637 1858 3701 ὡς

262 3734 429 3804 αῦτῷ
467 3751 531 3803 γε
569 3734 902 3805 ἀλυσιτελῆ,
941 3735 1091 3804 ὅμως
1133 3733 1227 3787 τοῦ
1269 3732 1464 3803 καιροῦ
1512 3750 1573 3786 τε
1619 3732 1717 3787 καὶ
1756 3732 1857 3802 τῆς

260 3829 465 3899 χρείας
497 3813 683 3892 ἓνεκα,
709 3826 806 3881 τοῦ
859 3826 1162 3891 σιτίζεσθαι
1213 3826 1351 3895 πρδς
1396 3825 1580 3882 αὐτῶν
1625 3826 1889 3899 δηλαδὴν

264 3921 495 3992 σιωπᾷς
556 3919 955 3988 ἐπαινούμενος
1015 3918 1200 3983 ἀξίους
1249 3919 1501 3991 κατάρας
1564 3918 1855 3975 ἐπαίνους·

258 4014 362 4067 τδν
404 4014 514 4082 γὰρ
545 4010 654 4064 τῶν
706 4009 947 4063 εὐσεϐῶν
999 4009 1222 4063 ἔπαινον
1277 4010 1652 4082 ἀπατηθέντες
1708 4012 1857 4066 ἀνοι-

260 4106 442 4169 acleo;
471 4105 674 4158 ἐδίδουν
700 4104 870 4175 αὐτῷ,
898 4104 1250 4178 ἐπαρώμενοι
1290 4107 1389 4176 μὲν
1417 4105 1585 4159 αὑτοῦ
1637 4107 1704 4176 τῇ
1750 4123 1855 4159 πο-

260 4198 470 4270 λυθεῒᾳ
524 4198 746 4261 ἐκεῖνοι,
790 4195 1115 4265 ἀγνοοῦντες
1177 4196 1223 4249 δ’
1271 4195 1348 4259 ὡς
1394 4197 1558 4261 αὑτός
1618 4196 1767 4251 ἐστιν
1812 4190 1858 4266 ᾧ

262 4289 615 4360 ἐπαρῶνται.
646 4287 804 4342 Οῦτω
846 4287 1122 4352 πολύπους
1150 4288 1232 4351 τίς
1273 4289 1422 4342 ἐστιν
1453 4291 1482 4342 ό
1520 4290 1855 4361 κατάρατος,

259 4385 371 4438 καὶ
405 4380 467 4435 τδ
514 4380 717 4451 χρῶμα
774 4381 871 4451 τῆς
905 4380 1135 4453 γνώμης
1169 4381 1408 4447 ἀστατος
1443 4383 1538 4437 καὶ
1569 4382 1851 4448 ἀϐέϐαιος·

261 4475 374 4529 καὶ
424 4475 539 4535 τοῖς
586 4471 767 4526 ἄλλοτ’
814 4472 995 4537 ἄλλοις
1048 4475 1259 4543 καιροῖς
1325 4491 1386 4527 τε
1427 4474 1522 4528 καὶ
1563 4476 1855 4546 πράγμασι

1934 596 1992 639 et
2016 600 2139 656 quze
2183 584 2300 653 ipse
2356 582 2567 636 dixerat
2619 577 2727 634 sibi
2761 574 3034 647 persuasit
3067 571 3517 642 existimavitque

1936 689 2159 747 propter
2189 676 2314 730 vita:
2359 687 2600 727 amorem
2648 680 2906 741 prmstare
2940 666 3243 721 silentium.
3299 660 3400 719 Ubi
3434 670 3520 716 ta-

1934 784 2061 823 men
2112 769 2201 822 ille
2254 764 2541 836 comperit,
2573 765 2784 818 huncce
2819 777 2961 827 esse,
2995 760 3155 830 cujus
3182 774 3314 813 cura
3368 755 3514 810 mul-

1939 871 2115 916 torum
2177 859 2407 914 deorum
2459 856 2642 912 cultus
2698 854 2843 925 apud
2904 854 3281 908 Romanorum
3346 850 3518 904 duces

1937 951 2225 1005 adamatus
2249 950 2622 1019 sit,van:nque
2652 946 2871 1018 pietatis
2911 944 3206 999 simulacra
3240 942 3305 995 l‘at
3328 951 3377 995 ta
3407 941 3520 996 sint

1938 1059 2007 1099 es
2032 1058 2175 1097 novo
2203 1040 2666 1104 tuore,damnavit
2685 1039 2982 1109 multisque
3006 1036 3273 1092 conviciis
3300 1034 3517 1090 derisit.

1937 1134 2174 1190 Jubebat
2203 1149 2327 1188 cum
2352 1150 2415 1190 ex
2440 1132 2723 1188 domicilio
2741 1131 3037 1187 deductum
3066 1128 3340 1198 satrapico
3367 1127 3520 1196 loqui

1940 1228 2009 1284 de
2025 1227 2183 1284 novis
2202 1227 2482 1282 miraculis
2499 1240 2682 1280 coram
2698 1226 2935 1296 quodam
2953 1224 3316 1278 Barbarorum
3335 1220 3429 1291 qui
3446 1221 3520 1275 ibi

1939 1330 2099 1374 erant
2115 1319 2441 1389 philosopho
2465 1327 2520 1373 et
2537 1332 2722 1372 coram
2744 1313 3120 1370 multitudine.
3143 1312 3273 1379 Quae
3291 1327 3423 1366 vero
3446 1310 3519 1365 ibi

1943 1412 2008 1467 ad
2060 1410 2410 1466 delectandos
2432 1409 2701 1463 Barbaros
2719 1423 2832 1479 pra:
2856 1406 3052 1461 mortis
3078 1408 3275 1460 timore
3295 1402 3520 1462 dixerit,

1942 1519 2218 1573 exponere
2269 1503 2359 1557 hic
2390 1503 2545 1557 locus
2585 1516 2695 1556 non
2742 1509 2847 1555 est.
2881 1500 3010 1565 Qum
3066 1513 3194 1552 vero
3238 1497 3524 1567 pravitatis

1944 1598 2090 1651 illius
2116 1598 2259 1651 servi
2308 1596 2543 1663 publicae
2581 1593 2633 1649 fa
2660 1610 2740 1671 aa;
2798 1594 3058 1667 tradunt,
3088 1592 3293 1645 litteris
3334 1590 3529 1643 consi-

1944 1700 2109 1761 gnata
2145 1690 2215 1743 ab
2250 1689 2345 1743 illo
2376 1690 2463 1743 his
2493 1688 2657 1742 missa
2691 1699 2821 1742 sunt
2844 1687 3050 1739 haecce.
3104 1684 3346 1754 Rogatus
3370 1682 3524 1736 enim

1948 1782 2017 1837 iis
2041 1765 2244 1852 praebet
2268 1781 2723 1851 disputationem,
2757 1795 2860 1850 qua
2890 1778 3097 1832 cultum
3128 1792 3330 1830 novum
3361 1789 3532 1845 expo—

1952 1877 2075 1941 nit;
2109 1889 2229 1928 sese
2255 1872 2586 1929 defendendi
2627 1888 2739 1926 non
2785 1871 2979 1925 adesse
3025 1879 3241 1937 tempus
3282 1865 3529 1931 dicebat,

1951 1967 2318 2039 praetendens,
2367 1966 2667 2036 discipulos
2713 1973 2770 2020 et
2814 1963 3030 2035 iudices
3081 1961 3527 2017 adversariorum

1951 2059 2230 2129 suscipere
2262 2070 2481 2129 partes;
2516 2073 2693 2128 neque
2716 2072 2856 2127 opus
2881 2072 3003 2113 esse
3027 2053 3245 2109 dicebat
3273 2067 3335 2107 ea
3365 2051 3538 2122 signi-

1954 2152 2139 2219 ﬁcare,
2177 2168 2300 2223 qua:
2358 2152 2434 2206 illi
2474 2150 2944 2214 contradicerent,
3000 2148 3299 2208 defendere
3343 2159 3532 2200 veram

1956 2247 2303 2317 religionem.
2372 2244 2578 2301 Deinde
2613 2245 2669 2298 in
2709 2243 3081 2313 captivitatem
3114 2240 3387 2296 deductus
3423 2237 3537 2292 illis

1956 2355 2064 2395 non
2099 2339 2406 2410 respondit,
2469 2336 2758 2408 quoniam,
2789 2346 2848 2389 ut
2882 2335 3042 2398 dixit,
3077 2350 3257 2404 neque
3282 2332 3540 2388 Christus

1960 2433 2212 2503 proditus
2262 2431 2653 2501 respondebat.
2694 2428 2857 2500 232
2922 2427 3044 2483 Haec
3079 2434 3212 2482 sunt
3273 2434 3539 2480 consueta

1959 2530 2263 2585 mendacia
2292 2529 2492 2598 ineptae
2537 2526 2687 2581 illius
2735 2525 2957 2595 linguae.
3023 2522 3157 2589 Quis
3186 2521 3335 2577 enim
3372 2536 3540 2575 ausus

1959 2623 2129 2677 fuerit
2161 2621 2229 2675 ad
2263 2621 2427 2675 verba
2459 2635 2558 2674 sua
2592 2617 2842 2674 barbaris
2874 2616 3155 2686 probanda
3177 2657 3192 2680 ,
3231 2614 3275 2668 si
3317 2613 3538 2669 occasio

1958 2714 2116 2769 adest
2137 2712 2220 2767 vel
2246 2712 2565 2772 necessitas.
2585 2709 2792 2765 Christi
2817 2707 3133 2763 Passionem
3156 2706 3210 2758 in
3222 2703 3538 2773 exemplum

1960 2804 2274 2859 revocare?
2323 2803 2591 2857 Praeterea
2642 2799 2835 2854 scribit
2891 2798 2965 2852 de
3010 2793 3346 2851 Christianis
3390 2792 3540 2850 illius

1963 2897 2229 2967 regionis,
2259 2893 2406 2965 quod
2447 2892 2599 2948 hunc
2631 2892 2807 2963 ignari
2836 2888 3095 2945 laudibus
3114 2888 3374 2953 ellerunt,
3407 2887 3538 2957 quia

1961 2988 2249 3043 annuntiat
2271 3002 2366 3042 eos
2394 2988 2485 3055 qui
2524 2986 2577 3040 in
2615 2985 2903 3054 superiora
2935 2994 2989 3038 et
3026 2981 3289 3037 inferiora
3322 2978 3540 3034 inﬁnita

1962 3079 2188 3133 numina
2225 3078 2473 3148 improbe
2509 3077 2764 3131 dividunt
2789 3091 2958 3132 unum
2990 3074 3186 3130 Deum.
3245 3073 3316 3129 Et
3339 3087 3398 3129 se
3428 3087 3540 3127 non

1962 3175 2213 3244 accipere
2248 3172 2386 3228 dicit
2419 3172 2610 3229 laudes
2638 3171 2885 3227 inutiles.
2948 3170 3086 3227 Nam
3136 3170 3383 3225 virorum
3416 3168 3542 3240 pio-

1960 3284 2081 3323 rum
2112 3265 2334 3322 laudem
2378 3266 2597 3334 decepti
2625 3274 2683 3320 et
2707 3264 2852 3320 falso
2873 3264 2923 3319 ei
2957 3262 3318 3333 praestabant.
3372 3260 3544 3318 Exse-

1957 3357 2254 3414 crabantur
2285 3357 2406 3428 ejus
2434 3358 2735 3411 multorum
2762 3356 2993 3412 deorum
3015 3356 3248 3421 cultum,
3278 3354 3372 3411 sed
3404 3369 3535 3411 eum

1956 3450 2157 3520 ipsum,
2189 3466 2351 3521 quem
2379 3459 2807 3511 exsecrarentur
2832 3448 3177 3504 nesciebant.
3236 3447 3343 3503 Tot
3371 3448 3540 3503 habet

1949 3547 2125 3619 pedes
2180 3544 2245 3609 is,
2297 3558 2461 3615 quem
2508 3551 2896 3609 exsecrantur,
2924 3553 2981 3598 et
3032 3543 3219 3599 colore
3256 3540 3537 3611 opinionis

1955 3653 2041 3697 est
2067 3640 2325 3695 inﬁrmus
2353 3648 2410 3696 et
2443 3637 2654 3704 varius,
2682 3647 2741 3695 et
2775 3638 2900 3695 aliis
2930 3638 3274 3711 temporibus
3298 3638 3538 3708 aliisque

1958 3737 2012 3787 in
2047 3735 2211 3787 rebus
2239 3732 2304 3787 ad
2333 3732 2546 3787 diversa
2575 3741 2632 3785 et
2679 3732 2980 3803 pugnantia
3014 3731 3246 3788 inclinat
3286 3731 3435 3802 quod
3462 3733 3535 3786 ad

1958 3826 2206 3881 habitum
2242 3825 2596 3896 coloremque
2631 3825 2911 3896 opinionis
2945 3836 3113 3895 atque
3159 3825 3364 3898 lingua:
3409 3827 3543 3881 atti-

1957 3927 2074 3973 net.
2133 3917 2375 3973 Mutatur
2402 3927 2586 3974 atttem
2627 3918 2903 3988 aliamque
2930 3916 3134 3987 accipit
3166 3918 3423 3980 formam,
3483 3928 3543 3972 et

1957 4010 2175 4066 Domini
2205 4010 2549 4067 institutione
2578 4009 2862 4065 emendari
2896 4009 3111 4078 nequit.
3136 4008 3244 4065 Sed
3269 4010 3540 4079 quemad-

1959 4102 2182 4158 modum
2225 4103 2269 4160 si
2306 4104 2431 4173 quis
2461 4100 2739 4159 homicida
2772 4101 3060 4158 deducitur
3087 4101 3144 4156 in
3171 4116 3448 4157 carcerem
3478 4110 3543 4160 ut
3636 4142 3641 4147 α

1960 4196 2031 4250 ibi
2058 4196 2454 4266 metulsalutari
2473 4196 2761 4266 perculsus
2780 4195 2928 4251 omni
2958 4196 3013 4250 in
3045 4195 3289 4250 futurum
3317 4196 3545 4253 latroci.

1960 4290 2054 4344 nio
2079 4290 2384 4355 renuntiet,
2420 4288 2567 4357 ipsos
2595 4288 2854 4344 custodes
2888 4287 3218 4344 iuterﬂcitet
3236 4303 3545 4358 quemcun-

1961 4397 2069 4451 que
2100 4381 2562 4451 praetereuntium
2590 4382 2858 4453 attingere
2888 4390 3105 4451 potest,
3139 4380 3214 4436 ita
3247 4380 3413 4436 etiam
3453 4382 3544 4437 ille

1961 4476 2193 4547 punitus
2214 4490 2327 4531 non
2361 4475 2547 4531 tremit
2575 4484 2629 4530 et
2658 4491 2688 4539 a
2724 4474 2834 4530 Deo
2863 4476 3106 4530 monitus
3126 4491 3233 4530 non
3264 4487 3543 4541 monetur,

264 4564 693 4639 προσφυόμενος
722 4563 857 4634 πρὸς
888 4564 1125 4636 διάφορα
1162 4568 1258 4622 καὶ
1286 4566 1573 4637 μαχόμενα
1607 4568 1850 4639 χρώματί

1964 4568 2058 4624 sed
2092 4567 2359 4623 indomita
2392 4568 2656 4637 opinione
2700 4567 2755 4621 in
2785 4581 3010 4622 carcere
3049 4576 3255 4632 manet,
3307 4584 3416 4623 non
3464 4570 3547 4623 in.

263 4673 332 4710 τε
369 4656 467 4710 καὶ
522 4656 766 4727 σχήματι
802 4655 1027 4727 γνώμης
1063 4657 1158 4710 καὶ
1214 4656 1461 4727 γλώττης
1507 4661 1712 4731 ῥᾳδίως
1763 4677 1861 4730 μευ

266 4747 615 4820 θαρμόζεταί
670 4765 729 4801 τε
768 4750 862 4803 καὶ
908 4747 1472 4820 μετιιισχηματίζετιλιι⁸
1505 4754 1600 4805 καὶ
1646 4754 1713 4824 τῇ
1764 4753 1858 4806 τοῦ

267 4842 492 4913 Κυρίου
515 4842 734 4912 παιδεία
763 4841 1138 4895 νουθετεῖσθαι
1185 4843 1286 4896 οὐκ
1316 4840 1480 4911 οἶδεν,
1521 4845 1637 4900 ἀλλ’
1667 4845 1859 4916 ὥσπερ

268 4936 348 4990 ἂν
395 4936 447 4988 εἰ
488 4952 569 4997 τις
600 4933 707 4985 τῶν
751 4933 1117 5005 ἀνδροφόνων,
1150 4935 1422 5005 ἀγόμενος
1462 4939 1542 5000 είς
1572 4939 1859 5008 δεσμωτή-

272 5044 401 5099 ριον
428 5025 571 5079 ὥστε
611 5024 870 5080 δείσαντα
927 5022 1230 5104 σωφρονεῖν
1284 5029 1380 5082 τοῦ
1412 5028 1601 5084 λοιποῦ
1645 5033 1740 5084 καὶ
1766 5030 1863 5102 λη-

274 5119 475 5182 στείας
510 5119 849 5187 ἀφίστασθαι
901 5118 1106 5191 πάσης,
1143 5121 1172 5172 ό
1214 5120 1258 5173 δ’
1305 5123 1505 5184 αὐτούς
1529 5141 1587 5176 τε
1636 5125 1859 5194 ἐφόνευε

272 5212 414 5274 τοὺς
444 5212 759 5280 ἀπάγοντας
812 5212 907 5265 καὶ
955 5213 1068 5283 ὅτῳ
1100 5210 1165 5266 ἂν
1192 5216 1456 5285 ἀπαντῴη
1486 5216 1597 5269 τῶν
1636 5220 1859 5288 παριόν-

266 5323 416 5372 των,
447 5303 590 5359 οῦτω
616 5306 713 5360 καὶ
743 5304 897 5368 οὗτος
925 5305 1052 5359 οῦτε
1085 5302 1446 5376 κολαζόμενος
1487 5309 1723 5379 φρίττει,
1743 5309 1858 5364 οὔθ’

270 5399 391 5452 ὐπδ
416 5396 553 5451 Θεοῦ
580 5397 998 5465 νουθετούμενος
1027 5399 1377 5465 νουθετείται,
1412 5399 1531 5454 ἀλλ’
1561 5401 1861 5467 ἀκόλαστος

270 5494 339 5546 ἐν
388 5491 738 5562 κολαστηρίῳ
771 5492 924 5562 μένει
952 5492 1053 5564 τὴν
1082 5492 1330 5565 γνώμην,
1362 5493 1689 5559 ἀπαίδευτος
1725 5496 1769 5550 δ’
1800 5498 1860 5549 ὲν

270 5580 662 5653 παιδευτηρίῳ
688 5581 848 5647 Θεοῦ,
898 5583 999 5652 τῆς
1050 5583 1245 5652 ὁμοίας
1300 5584 1561 5648 ἀπονοίας
1600 5586 1857 5656 ἐχόμενος

269 5675 391 5745 ἀεὶ,
418 5674 517 5729 καὶ
546 5675 825 5748 πρόφασιν
855 5676 1057 5740 κακίας
1082 5676 1406 5747 ποιούμενος
1433 5677 1470 5731 ἃ
1500 5677 1636 5747 πρὸς
1659 5679 1858 5743 κακίας

271 5764 496 5835 duoth
547 5766 576 5817 ό
632 5764 767 5827 Θεὸς
817 5766 967 5836 αὐτῷ
1008 5766 1401 5838 συγκεχώρηκε
1458 5768 1672 5822 παθεῖν.
1722 5769 1858 5822 Οὐδὲ

277 5859 387 5932 γὰρ
419 5854 695 5912 παύεσθαί
756 5872 844 5908 πω
882 5856 980 5926 τῆς
1022 5860 1564 5932 κομπορῤημοσύνης
1620 5861 1715 5915 καὶ
1761 5860 1860 5930 τῆς

662 5949 936 6013 ΡΑτιιοι..
963 5951 1080 6013 Gn.
1120 5952 1392 6020 CXLIX.

1964 4662 2192 4714 stitutus
2216 4659 2271 4714 in
2303 4658 2466 4730 233
2496 4658 2850 4714 institutione
2885 4658 3003 4726 Dei,
3039 4668 3095 4713 et
3121 4658 3286 4714 simili
3329 4661 3543 4715 insania

1964 4761 2160 4822 Captus
2192 4766 2412 4821 semper
2458 4758 2780 4821 praetextum
2835 4749 2967 4806 facit
2990 4751 3282 4821 pravitatis
3315 4767 3437 4822 qua:
3470 4753 3543 4806 ad

1964 4845 2289 4914 pravitatem
2317 4844 2791 4899 averruncandam
2820 4843 2874 4897 ei
2906 4843 3047 4897 Deus
3077 4843 3339 4913 imposuit
3373 4845 3546 4900 susti-

1966 4938 2162 4992 nenda.
2225 4937 2517 5007 Nunquam
2572 4936 2719 4992 enim
2782 4936 3064 5005 deponere
3111 4941 3541 4992 ostentationem

1965 5043 2017 5084 et
2057 5045 2250 5084 vanam
2287 5029 2435 5084 illam
2464 5029 2781 5099 Opinionem
2813 5027 3028 5098 potuit;
3060 5028 3155 5083 sed
3186 5017 3359 5098 ipsius
3379 5028 3545 5085 Chri-

1964 5122 2030 5176 sti
2074 5123 2302 5192 ejusque
2351 5121 2527 5175 nostri
2578 5135 2744 5175 causa
2794 5129 3175 5190 susceptarum
3221 5102 3539 5191 passionum

1965 5215 2258 5285 imaginem
2323 5214 2673 5283 semetipsam
2725 5227 2994 5282 suamque
3069 5212 3216 5282 apud
3273 5213 3539 5269 barbaros

1964 5306 2341 5376 captivitatem
2372 5305 2684 5374 exprimere
2721 5304 3010 5376 gloriatur.
3067 5304 3368 5360 Memlaciis
3397 5304 3542 5361 solet

1965 5415 2054 5459 res
2077 5397 2419 5463 adulterare,
2444 5411 2617 5467 eaque
2645 5396 2843 5451 eﬂ‘erre
2875 5396 3133 5453 laudibus
3160 5413 3398 5467 quorum
3431 5397 3534 5454 de-

1967 5492 2123 5546 beret
2157 5506 2284 5546 eum
2314 5492 2546 5561 pudere.
2610 5489 2688 5545 Ita
2724 5488 2779 5544 in
2828 5490 3007 5546 insani
3041 5489 3285 5544 hominis
3316 5498 3543 5559 pectore

1963 5582 2141 5639 locum
2193 5597 2302 5639 non
2356 5582 2522 5638 habet
2565 5582 2662 5638 Dei
2697 5584 2961 5638 memoria
3006 5592 3058 5638 et
3098 5582 3285 5637 divina
3335 5582 3534 5639 virtus.

1965 5676 2155 5746 Itaque
2225 5676 2553 5746 plerumque
2616 5676 2768 5732 Deus
2824 5691 2951 5732 eum
3004 5677 3235 5748 exponit
3298 5675 3539 5732 illuden-

1964 5772 2090 5821 tlum
2122 5778 2177 5823 et
2203 5767 2333 5823 odio
2361 5768 2431 5824 ab
2459 5768 2717 5825 omnibus
2743 5769 3209 5840 persequendum,
3238 5769 3385 5825 illam
3410 5784 3536 5840 pra-

1965 5860 2150 5915 vitatis
2176 5868 2409 5929 pestem.
2456 5859 2766 5933 Tantopere
2798 5860 2968 5927 enim,
2996 5862 3155 5932 quasi
3181 5859 3326 5916 cubo
3348 5873 3531 5931 verso,
