3966 6566
415 406 516 470 207

1614 413 2031 476 NICEPHOHI
2072 416 2454 480 GREGORRE

3566 415 3670 479 203

412 534 579 589 φασιν
611 520 671 574 ὲν
698 518 850 575 δυσὶν
872 521 1229 593 ἀποϐάσεσιν,
1263 520 1351 589 αἷς
1402 526 1548 598 πρὸς
1615 528 1839 580 Τένεδῦν
1874 544 1929 581 τε
1964 533 2056 585 καὶ
2096 533 2326 604 Ἴμϐρον
2357 532 2709 604 πεποίηνται,
2736 533 2868 604 πρὸς
2896 531 3268 602 Παλαιολόγον
3297 532 3676 603 ηὕτομοληκέ-

411 630 500 668 ναι
533 615 625 668 τὸν
660 614 908 684 βασιλέα.

484 712 594 767 Vll.
624 712 914 776 Equidem,
936 714 1082 784 quod
1107 716 1374 772 debebam
1435 718 1743 786 p‘aulo'ante
1767 735 1969 774 narrari

2169 727 2242 780 Z'.
2292 722 2432 792 Ἐγὼ
2460 724 2504 777 δ’
2538 725 2566 778 ὃ
2603 725 2786 795 μικρῷ
2819 724 3056 795 πρόσθεν
3082 725 3250 795 ἐχρῆν
3276 724 3671 796 ἀφηγήσασθαι

415 803 491 857 ibi
519 804 756 869 cessavi,
791 805 999 861 veritus
1031 822 1099 860 nc
1122 807 1363 864 animum
1395 816 1549 863 tuum
1577 810 1989 879 perturbarem;

410 914 558 952 nunc
587 908 773 953 autem
803 898 1109 955 amicorum
1133 911 1190 957 ct
1211 901 1643 957 commilitonum
1676 904 1842 976 238
1873 913 1991 960 tuo-

411 1007 530 1043 rum
562 992 776 1060 jussum
827 1007 1120 1062 exsequar.
1174 995 1399 1064 Eulogia
1450 997 1636 1060 enim,
1686 1012 1808 1066 qua:
1861 1007 1991 1053 tunc

407 1096 527 1139 erat
560 1086 745 1157 regina
773 1101 1184 1157 cognomenque
1210 1089 1419 1159 justum
1452 1090 1624 1142 invita
1652 1099 1705 1142 et
1725 1088 1910 1144 verbis
1935 1099 1991 1144 et

409 1180 568 1234 lactis
603 1190 759 1233 nacta
792 1188 1074 1243 erat,eum
1104 1190 1325 1250 propter
1352 1181 1537 1236 divina
1564 1181 1822 1238 Ecclesiae
1851 1198 1989 1252 pra:-

404 1285 562 1340 eepta
608 1271 952 1326 calamitates
986 1275 1192 1326 multas
1231 1282 1288 1327 et
1340 1276 1753 1343 persecutiones
1804 1275 1987 1330 varias

405 1364 800 1433 infortuniique
835 1366 1071 1432 impetus
1096 1364 1352 1419 subiisset
1369 1374 1424 1419 et
1452 1365 1506 1419 in
1537 1374 1822 1420 senectute
1851 1381 1988 1436 prte-

406 1469 490 1514 ter
521 1460 625 1513 alia
668 1460 722 1512 in
755 1459 958 1512 multos
988 1457 1269 1513 incidisset
1304 1458 1530 1514 morbos
1555 1499 1570 1523 ,
1622 1460 1693 1513 ita
1727 1460 1896 1530 igitur
1928 1469 1985 1514 et

403 1549 557 1604 brevi
590 1561 833 1619 tempore
857 1562 1086 1618 corpore
1117 1550 1241 1621 ejus
1288 1561 1622 1619 consumpto
1670 1551 1734 1605 ad
1777 1551 1982 1621 sempi-

403 1651 614 1696 ternam
667 1641 812 1695 illam
862 1649 919 1694 et
962 1639 1179 1694 beatam
1227 1640 1396 1703 vitam
1444 1641 1769 1696 assurrexit.
1825 1641 1983 1698 Nunc

401 1733 569 1802 igitur
596 1732 758 1786 amici
795 1741 845 1786 te
878 1732 1155 1809 invocant,
1190 1741 1251 1786 ut
1277 1732 1573 1802 epitapltiis
1608 1734 1697 1788 illa
1725 1743 1978 1800 ornetur,

401 1837 525 1877 eum
560 1831 616 1877 et
659 1822 815 1877 multi
847 1822 1025 1876 morbi
1054 1838 1248 1881 eorum
1279 1822 1374 1892 qui
1399 1824 1517 1893 ejus
1546 1826 1816 1880 tmnulum
1847 1826 1980 1879 visi-

402 1923 517 1967 tant
544 1923 736 1984 aperte
766 1914 1161 1983 celerrimeque
1196 1916 1622 1984 propulsanlur.
1684 1917 1797 1971 [loc
1833 1920 1976 1972 enim

396 2007 563 2060 modo
614 2007 759 2061 Deus
814 2006 1089 2074 improbat
1146 2008 1543 2062 inscetatorum
1601 2010 1868 2064 insaniam
1924 2020 1978 2065 et

2099 817 2385 886 βουληθεὶς
2443 813 2565 871 εἶτα
2627 817 2876 885 ἐπέσχον,
2930 818 3028 887 τὴν
3065 817 3164 885 σὴν
3223 817 3467 883 λυπῆσαι
3493 816 3673 887 ψυχὴν

2094 909 2523 979 φυλαττόμενος,
2580 909 2750 974 λέξων
2783 909 3018 980 ἔρχομαι
3057 910 3174 972 νῦν,
3219 909 3319 971 τὰς
3349 910 3463 961 τῶν
3499 909 3673 976 φίλων

2094 1003 2187 1056 καὶ
2217 1001 2497 1055 συνάολων
2529 1001 2637 1054 τῶν
2676 1000 2784 1055 σῶν
2815 1000 3234 1072 δυσωπούμενος
3284 1000 3525 1062 ἐντολάς.
3563 1000 3671 1051 Εὕα

2091 1096 2247 1167 λογία
2283 1097 2393 1166 γὰρ
2428 1098 2459 1168 ή
2488 1096 2560 1166 τῷ
2591 1097 2703 1149 ϐντι
2732 1095 3041 1166 βασίλισσα,
3098 1097 3193 1150 καὶ
3218 1095 3314 1157 τὰς
3347 1093 3672 1162 ἐπωνυμίας

2092 1189 2417 1260 συμφώνους
2452 1188 2528 1259 τῷ
2564 1189 2664 1260 βίῳ
2717 1189 2899 1257 λόγοις
2928 1188 3043 1259 ἅμα
3082 1187 3401 1258 κτησαμένη
3436 1189 3532 1240 καὶ
3575 1186 3671 1253 ἔρ-

2087 1299 2229 1349 γοις,
2267 1283 2499 1346 πολλοὺς
2539 1283 2680 1353 ὑπὲρ
2708 1283 2816 1334 τῶν
2872 1283 3032 1336 θείων
3068 1270 3360 1349 ὃόγμάτων
3393 1280 3512 1347 τῆςλ
3543 1279 3671 1331 Ἐκ⁸

2088 1374 2319 1445 κλησίας
2353 1374 2619 1445 θορύϐους
2660 1374 2754 1426 καὶ
2788 1374 3066 1443 διωγμοὺς
3109 1374 3201 1426 καὶ
3239 1372 3495 1435 mutila;
3526 1364 3669 1424 ἑπα-

2085 1470 2269 1535 γωγὰς
2300 1467 2600 1537 συμφορῶν
2625 1467 2931 1528 ὐποστᾶσα,
2962 1470 3055 1518 καὶ
3080 1466 3215 1535 πρὸς
3246 1459 3326 1528 οἷς
3357 1461 3503 1535 εἶχεν
3526 1465 3668 1534 ὁμοῦ

2082 1557 2161 1629 τῷ
2194 1560 2342 1631 γήρᾳ
2372 1560 2679 1629 νοσήμασιν
2734 1557 2916 1620 ἄλλοις
2978 1558 3248 1627 πρότερον
3289 1557 3381 1613 καὶ
3417 1555 3670 1610 πλείοσιν

2083 1653 2163 1708 ἔτι
2227 1654 2707 1723 περιπεπτωκυω,
2761 1652 2855 1704 καὶ
2924 1650 3127 1712 τελέως
3182 1648 3328 1703 οὕτω
3382 1645 3669 1702 καὶκατὰ

2084 1745 2261 1817 βραχὺ
2292 1747 2353 1799 τὸ
2393 1746 2552 1815 σῶμα
2569 1744 2967 1813 δαπανηθεῖσι,
3001 1742 3135 1814 πρὸς
3183 1741 3281 1813 τὴν
3310 1740 3480 1796 ἀΐδιον
3511 1743 3665 1793 ἐκεί·-

2082 1858 2181 1910 νην
2208 1841 2344 1903 τέως
2397 1841 2634 1910 μετέστη
2665 1836 3070 1908 μακαριότητα.
3102 1834 3218 1888 Νῦν
3248 1834 3343 1890 οὖν
3390 1851 3449 1887 σε
3474 1849 3664 1903 παρα-

2084 1934 2346 1989 καλοῦσιν
2368 1934 2418 1986 οἱ
2448 1932 2594 2000 φίλοι
2619 1930 2806 1998 λόγοις
2854 1927 3164 1998 ἐπιταφίοις
3196 1928 3416 1994 ἐκείνην
3447 1925 3667 1995 κοσμῆο

2082 2027 2335 2092 σαι,ὲπεὶ
2358 2024 2454 2077 καὶ
2483 2022 2656 2077 πολλὰ
2680 2022 2974 2093 προφανῶς
3000 2020 3107 2073 τῶν
3136 2018 3216 2089 τῷ
3245 2019 3466 2088 ἐκείνης
3490 2033 3668 2088 προσ-

396 2098 826 2167 improbitatem.
887 2098 1005 2152 Seis
1034 2098 1181 2152 enim
1215 2099 1395 2168 plane,
1447 2115 1609 2168 quam
1652 2101 1878 2171 gloriam
1922 2111 1969 2157 el

2083 2086 2270 2172 ιόντων
2321 2119 2483 2189 τάφῳ
2535 2086 2822 2186 νοσήματα
2875 2114 2975 2182 τὴν
3010 2086 3269 2183 ταχίστην
3313 2086 3664 2175 ἐλαῦνονται,

397 2192 642 2246 nominis
671 2192 753 2246 sui
787 2192 986 2246 famam
1028 2192 1321 2247 Andronici
1353 2193 1497 2265 regis
1533 2194 1628 2249 lilii
1661 2211 1798 2249 uxor
1831 2212 1978 2251 asse-

394 2295 521 2339 cuta
553 2286 644 2344 sit,
669 2294 726 2339 et
753 2284 841 2338 vix
866 2285 1005 2339 duos
1033 2285 1375 2341 matrimonii
1408 2301 1583 2341 annos
1608 2303 1732 2342 cum
1767 2305 1833 2343 eo
1866 2292 1976 2346 vita

390 2377 581 2434 fruita.
616 2388 790 2430 morte
816 2376 1008 2445 punita
1042 2376 1114 2432 sit
1145 2391 1199 2432 et
1244 2380 1579 2434 vestimento
1614 2381 1854 2435 contrito
1886 2381 1972 2435 in-

390 2472 520 2523 duta
554 2484 748 2521 omnes
780 2468 1003 2523 divitias
1050 2469 1308 2523 tribuerit
1357 2465 1709 2540 bello'captis
1739 2472 1973 2542 aliisque

390 2560 765 2630 pauperibus;
827 2571 1025 2629 praeter
1074 2559 1170 2623 id,
1220 2568 1485 2630 quantum
1540 2561 1609 2616 ad
1662 2564 1971 2617 ornandum

387 2651 739 2723 magniﬁcum
755 2650 1115 2721 divinumque
1136 2652 1591 2722 pbrontistcrium
1614 2654 1967 2724 praestiterit;

386 2744 533 2814 quod
587 2744 761 2814 magis
810 2743 1034 2799 virtutis
1080 2760 1246 2800 causa
1282 2745 1414 2803 fecit
1442 2763 1604 2817 quam
1635 2748 1967 2803 ornamenti.

385 2835 640 2890 Maximis
673 2837 895 2892 enimet
920 2835 1223 2905 magniﬁcis
1253 2838 1566 2906 sumptibus
1588 2838 1641 2893 id
1664 2840 1971 2894 construxit

388 2929 574 2999 plures
603 2943 766 2999 quam
807 2938 1029 2984 centum
1092 2930 1539 2986 sanetimouiales
1569 2932 1671 3001 piis
1698 2932 1770 2987 ibi
1797 2948 1970 2988 excr-

390 3022 540 3076 citiis
588 3033 893 3077 «vacaturas
967 3020 1307 3085 collocabat;
1364 3023 1595 3093 praeibat
1669 3024 1815 3079 enim
1869 3025 1968 3081 be-

383 3116 580 3170 nevola
614 3126 799 3171 mente
837 3114 906 3169 in
963 3117 1029 3171 iis
1069 3116 1344 3182 omnibus,
1394 3118 1561 3190 239
1608 3135 1728 3190 quze
1776 3138 1971 3179 neces-

384 3207 531 3265 saria
563 3215 722 3262 erant
757 3216 1018 3277 tanquam
1049 3207 1314 3277 domina;
1369 3209 1422 3265 in
1470 3221 1790 3268 ezcterarum
1848 3230 1970 3270 ser-

379 3316 577 3357 varunt
638 3299 857 3356 illarqu
922 3300 1145 3356 modum
1200 3302 1314 3372 ipsa
1363 3304 1754 3366 auxiliabatur.
1791 3323 1966 3377 usque

2078 2209 2172 2264 τοῦ
2204 2208 2340 2263 Θεοῦ
2371 2210 2666 2263 κάντεῦθεν
2716 2207 3035 2276 ἐλέγχοντος
3079 2205 3179 2274 τὴν
3208 2202 3316 2256 τῶν
3346 2201 3663 2255 διωκόντων

2077 2305 2338 2357 ἀπόνοιαν
2367 2302 2464 2354 καὶ
2499 2300 2778 2355 ἀσέϐειαν.
2816 2295 2989 2352 Οἶσθα
3013 2298 3068 2351 δὲ
3096 2296 3190 2350 καὶ
3220 2295 3397 2358 ἄλλως
3415 2293 3489 2357 ὡς
3513 2293 3662 2362 μετὰ

2075 2395 2272 2465 χρόνον
2307 2412 2408 2447 που
2447 2392 2829 2459 ὲξκαιδέκατον
2868 2390 2947 2459 τῷ
2995 2389 3337 2460 Ἀνδρονίκου
3364 2385 3460 2440 τοῦ
3497 2385 3662 2455 βασι-

2075 2490 2214 2552 λέως
2250 2491 2462 2543 ἐκείνου
2520 2487 2621 2559 υἱῷ
2675 2486 2974 2553 συζυγεῖσα
3027 2484 3167 2554 μετὰ
3195 2481 3395 2552 πολλῆς
3422 2482 3521 2552 τῆς
3565 2479 3663 2534 εὔ-

2077 2584 2262 2649 κλείας
2316 2582 2411 2636 καὶ
2454 2581 2634 2652 δόξης,
2677 2582 2773 2633 καὶ
2809 2580 2962 2650 μόλις
2994 2596 3093 2631 που
3122 2578 3216 2633 δύο
3243 2577 3437 2647 μόνους
3464 2575 3657 2626 ἐνιαυ-

2075 2674 2201 2737 τοὺς
2229 2673 2423 2743 ἐκείνῳ
2468 2672 2562 2725 τοῦ
2618 2670 2738 2741 βίου
2779 2667 3303 2731 συναπολελαυκυῐα,
3330 2664 3545 2733 θανάτῳ
3586 2679 3651 2715 τε

2073 2764 2263 2819 τοῦτον
2291 2764 2452 2827 εὐθὺς
2479 2761 2784 2830 ὲζημίωται
2813 2759 2909 2812 καὶ
2951 2758 3067 2827 ἅμα
3092 2755 3377 2828 τριϐώνιον
3405 2751 3652 2806 ὑποδῦσα

2072 2853 2163 2907 τὸν
2185 2851 2403 2906 ἅπαντα
2443 2850 2673 2903 πλοῦτον
2693 2848 2931 2914 διένειμε
2958 2845 3330 2918 αἰχμαλώτοις
3349 2846 3444 2898 καὶ
3482 2843 3657 2912 πένη-

2073 2961 2159 2998 σιν
2186 2943 2388 3009 ἄλλοις,
2417 2942 2557 3012 πλὴν
2603 2940 2636 3011 ἢ
2662 2941 2785 2994 ὅσον
2814 2941 2895 3003 εἰς
2927 2941 3027 3010 τήν
3077 2936 3344 3005 πολυτελῆ
3375 2935 3473 2990 τοῦ
3501 2935 3651 2988 θείου

2072 3036 2494 3108 φροντιστηρίου
2554 3026 2907 3104 κατασκευὴν
2966 3033 3179 3085 ἐκείνου
3240 3029 3567 3093 κεκένωκεν,
3620 3026 3652 3081 δ

2070 3130 2402 3202 περιϐόητον
2436 3126 2639 3199 μᾶλλον
2673 3129 2752 3191 είς
2788 3126 2990 3195 ἀρετήν
3031 3125 3411 3193 κατεστήσατο
3438 3123 3473 3192 ἦ
3511 3123 3652 3192 πρὸς

2070 3224 2445 3293 κατασκευήν.
2480 3219 2740 3291 Δαψιλέσι
2803 3219 2902 3290 μὲν
2936 3220 3046 3289 γὰρ
3074 3219 3167 3272 καὶ
3200 3216 3519 3270 πολυτελέσι
3549 3215 3657 3267 δα-

2070 3317 2271 3380 πάναις
2298 3313 2714 3386 ᾠκοδομήσατο,
2762 3310 2982 3372 πλείους
3031 3309 3087 3362 δὲ
3112 3308 3222 3362 τῶν
3249 3306 3444 3360 ἑκατὸν
3485 3323 3659 3375 μονα-

387 3395 443 3448 in
481 3393 723 3449 culinam
769 3402 828 3449 et
852 3393 900 3450 si
935 3392 1068 3464 quid
1098 3392 1381 3451 sordidius
1409 3396 1577 3451 etiam
1613 3409 1751 3461 erat,
1824 3410 1879 3453 et
1910 3400 1961 3454 in

2072 3413 2267 3477 ζούσας
2292 3409 2414 3464 κατ’
2455 3408 2686 3478 ἐκλογὴν
2717 3405 3068 3459 ὲνασκεῖσθαι
3118 3401 3441 3472 συνήθροισε
3468 3398 3655 3467 τούτῳ

380 3487 700 3543 universum
749 3487 1021 3559 cujusque
1070 3487 1292 3544 virtutis
1342 3499 1399 3545 et
1446 3492 1699 3546 candida:
1748 3492 1872 3547 vita:
1902 3507 1960 3545 sc

378 3580 673 3649 prepositit
704 3580 1053 3649 exemplum,
1099 3582 1568 3652 septuagesimum
1626 3584 1742 3638 fere
1797 3599 1963 3655 agens

378 3687 609 3727 annum.
644 3672 714 3727 Et
741 3672 870 3742 quid
904 3688 1044 3744 Opus
1073 3682 1161 3730 est
1187 3673 1284 3728 tibi
1316 3674 1476 3744 plura
1503 3690 1805 3745 exponere,
1834 3692 1960 3730 cum

379 3764 593 3823 caeteris
643 3764 841 3819 melius
887 3764 1037 3820 illius
1079 3780 1260 3821 mores
1314 3766 1560 3820 noveris?
1587 3765 1717 3819 Nam
1767 3767 1964 3836 stepius

380 3864 432 3908 te
458 3854 652 3909 audire
698 3855 947 3918 memini,
977 3871 1099 3925 quae
1146 3856 1201 3911 in
1240 3855 1579 3911 illa-fuerint
1609 3856 1837 3927 pulchra
1870 3874 1963 3913 ex-

377 3957 673 4018 ponentem
707 3958 761 4001 et
794 3947 1224 4003 inﬂammantem
1268 3948 1552 4003 auditores
1606 3950 1857 4018 protinus
1894 3948 1961 4004 ad

379 4055 624 4095 amorem
661 4041 816 4095 bona:
850 4042 996 4107 vitae,
1029 4042 1158 4110 quia
1185 4040 1301 4095 acri
1324 4048 1447 4096 erat
1472 4051 1657 4097 mente
1681 4041 1880 4096 femina
1908 4051 1963 4097 et

376 4132 609 4204 loquens
638 4144 692 4189 et
727 4145 916 4191 tacens
944 4135 1169 4190 stimulo
1210 4150 1430 4207 semper
1466 4137 1533 4191 iis
1571 4138 1661 4207 qui
1710 4137 1959 4204 aderant,

376 4235 431 4282 et
459 4242 714 4298 maguum
746 4238 803 4283 et
831 4228 1094 4283 invictum
1136 4228 1259 4283 vita:
1300 4228 1617 4283 monasticze
1648 4232 1959 4301 exemplum

376 4328 432 4375 et
447 4313 1019 4375 sanctimoniteaerem
1035 4322 1340 4389 penetranti
1362 4322 1483 4375 babi
1495 4332 1580 4375 tus
1594 4337 1756 4391 quam
1774 4323 1962 4377 lirmus

374 4418 460 4464 est
487 4416 545 4463 et
569 4423 774 4471 tenens,
805 4410 1073 4479 cujusque
1112 4408 1415 4479 spiritualis
1444 4412 1786 4483 educationis
1811 4420 1961 4466 certa

376 4517 568 4558 norma
610 4512 668 4557 et
706 4502 933 4573 justitia:
963 4511 1170 4557 statera
1215 4513 1491 4558 accurata.
1531 4504 1639 4559 Nec
1669 4521 1777 4560 non
1810 4507 1961 4561 velo—

374 4597 533 4650 cibus
601 4605 659 4649 et
710 4593 947 4649 fortibus
997 4594 1164 4649 animi
1230 4596 1473 4650 motibus
1528 4612 1674 4651 sanae
1732 4598 1963 4654 aderant

384 4688 655 4751 rationes.
690 4702 869 4757 neque
901 4702 1097 4741 manus
1118 4686 1326 4742 nemini
1358 4688 1607 4742 omnium
1642 4704 1820 4760 neque
1860 4690 1963 4745 liu-

2069 3503 2304 3574 σεμνῶς.
2341 3498 2485 3555 Ἀλλ’
2522 3500 2713 3560 αὑταῖς
2742 3498 2834 3549 καὶ
2859 3493 3000 3565 αὕτη
3028 3490 3434 3561 συνδιηκονεῑτό
3463 3505 3524 3542 τε
3551 3488 3655 3541 καὶ

2064 3594 2455 3666 ἀμφεπονεῖτο,
2478 3588 2792 3661 χορηγοῦσα
2822 3587 2921 3655 μὲν
2945 3586 3164 3655 ἀφθόνῳ
3186 3583 3380 3653 γνώμη
3412 3582 3479 3634 ti
3506 3581 3657 3634 κατὰ

2066 3690 2256 3762 χρείαν
2286 3685 2549 3754 διηνεκῶς
2579 3685 2655 3747 ὡς
2679 3686 2685 3695 “
2709 3681 2897 3751 κυρία,
2942 3679 3314 3749 συναιρομένη
3344 3678 3391 3729 δ’
3418 3676 3477 3739 ἐξ
3509 3677 3653 3742 ἔφη·

2068 3783 2263 3854 μερίας
2322 3782 2418 3835 καὶ
2474 3778 2615 3849 αὐτὴ
2667 3778 2761 3829 τὸν
2814 3777 3020 3837 πάσαις
3076 3773 3320 3834 ἐκείναις
3378 3771 3656 3838 ἀνάλογον

2068 3876 2129 3949 [ί.
2158 3876 2257 3930 ηδ
2276 3872 2350 3944 υ.]
2374 3872 2575 3944 τρόπον
2604 3870 2794 3939 ὥσπερ
2823 3868 3136 3939 ὁμόδουλος,
3167 3865 3295 3935 ἄχρι
3327 3863 3442 3916 τῶν
3467 3862 3647 3916 ὀπτα-

2066 3970 2225 4022 νείων
2252 3968 2345 4020 καὶ
2385 3969 2438 4017 εἴ
2469 3983 2522 4021 τι
2557 3962 2668 4016 τῶν
2695 3962 3057 4032 χυδαιοτέρων
3088 3958 3381 4027 ἐτύγχανεν
3413 3956 3474 4010 δν
3498 3997 3514 4023 ,
3553 3955 3655 4008 καὶ

2069 4055 2370 4123 συλλήϐδην
2409 4055 2604 4118 εἰπεῖν,
2662 4054 2972 4121 ἀρχέτυπον
3005 4050 3209 4120 ἀρετῆς
3252 4049 3473 4115 ἁπάσης
3503 4048 3656 4100 ἀπά-

2067 4168 2191 4211 σαις
2226 4148 2429 4217 ἑαυτὴν
2475 4146 2795 4217 προτιθεῖσα
2823 4145 2918 4197 καὶ
2966 4143 3082 4215 βίου
3117 4142 3319 4220 σεμνοῦ
3356 4144 3523 4211 μέχρι
3551 4143 3655 4196 καὶ

2065 4243 2125 4304 ές
2166 4239 2325 4309 δεῦρο
2379 4236 2692 4309 διήρκεσεν,
2750 4233 3154 4303 ἑϐδομηκοστὸν
3210 4234 3378 4301 ἐγγύς
3414 4251 3517 4286 που
3546 4231 3656 4300 τῆς

2064 4334 2279 4405 ἡλικίας
2310 4333 2517 4399 ἄγουσα
2542 4328 2753 4400 χρόνον.
2795 4326 2901 4380 Καὶ
2933 4327 2987 4380 τί
3016 4330 3123 4399 χρή
3161 4328 3335 4382 πλείω
3379 4328 3650 4390 διεξιέναι

2056 4427 2202 4497 Δπρίος
2232 4426 2289 4478 σὲ
2316 4425 2477 4477 πλέον
2500 4423 2610 4477 τῶν
2638 4421 2813 4477 ἄλλων
2841 4422 2908 4474 τὰ
2930 4423 3150 4491 ἐκείνης
3179 4423 3356 4474 εἰδότα
3384 4422 3657 4491 ;Μέμνη-

2066 4535 2167 4588 μαι
2194 4518 2303 4587 γὰρ
2338 4518 2432 4569 καὶ
2463 4514 2725 4576 πολλάκις
2758 4514 2853 4568 σοῦ
2892 4532 2957 4584 γε
2994 4512 3249 4577 ἀκηκοὼς
3290 4513 3439 4565 ἔστιν
3471 4514 3506 4566 ἃ
3540 4514 3655 4570 τῶν

2064 4608 2280 4677 ἐκείνης
2312 4606 2703 4678 ἀφηγουμένου
2739 4604 2947 4671 καλῶν,
3004 4606 3101 4657 καὶ
3132 4604 3470 4674 ἐρεθίζοντος
3508 4606 3649 4667 ἴσως

2063 4704 2144 4765 είς
2174 4701 2289 4766 ἕξιν
2319 4703 2609 4769 ἀσκήσεως
2638 4698 2850 4767 ἀγαθῆς
2898 4700 3025 4761 τοὺς
3080 4698 3405 4761 ἀκούοντας,
3436 4698 3512 4760 ὡς
3551 4698 3652 4768 βα-

374 4798 479 4852 gua
504 4780 839 4836 cernebatur
862 4779 1129 4848 ofﬁciosa,
1156 4780 1254 4837 sed
1289 4782 1344 4837 in
1379 4781 1503 4853 ipso
1532 4783 1717 4839 animo
1744 4800 1957 4840 summa

2072 4794 2218 4849 θεῖάν
2263 4811 2323 4847 τε
2366 4793 2632 4863 ἐκέκτητο
2678 4790 2897 4845 σύνεσιν
2932 4792 2964 4861 ή
3006 4790 3165 4862 γυνὴ,
3221 4791 3317 4844 καὶ
3375 4792 3651 4844 σιωπῶσα

372 4888 478 4946 ope
535 4874 814 4929 evertebat
878 4872 1096 4930 radices
1145 4883 1276 4930 ante
1339 4889 1530 4930 earum
1591 4876 1953 4935 incrementa.

373 4967 482 5023 Otii
518 4977 702 5021 autem
753 4967 920 5022 horas
958 4968 1015 5023 in
1047 4967 1209 5023 libris
1239 4969 1449 5025 sanctis
1475 4968 1728 5041 legendis
1757 4986 1959 5026 consu-

376 5062 595 5126 mebat;
628 5061 868 5130 indeque
899 5060 1067 5133 25.0
1098 5077 1349 5132 magnam
1408 5065 1726 5135 variamque
1779 5065 1955 5136 impc—

376 5155 544 5209 travit
598 5155 1037 5224 experientiam,
1085 5169 1143 5209 et
1201 5154 1403 5211 divinis
1448 5157 1707 5213 Ecclesia:
1758 5174 1960 5228 pra-ce-

371 5247 482 5318 ptis
498 5255 810 5317 opportuno
848 5254 1096 5314 tempore
1133 5246 1326 5301 aderat
1368 5232 1670 5303 commilito
1716 5248 1955 5305 fortissi-

375 5356 519 5403 mus,
565 5350 623 5395 et
676 5340 1025 5396 sacerdotum
1080 5341 1300 5395 veritati
1339 5341 1579 5410 linguam
1629 5343 1820 5399 dicans
1874 5345 1957 5398 in-

372 5433 643 5491 defessam
676 5431 944 5487 labiorum
968 5447 1150 5487 arcem
1180 5433 1462 5488 cuStodem
1487 5434 1952 5489 eonstituit.Ettu

374 5527 496 5597 ipse
518 5525 677 5597 plura
694 5524 914 5580 diceres
928 5533 986 5581 et
1001 5539 1309 5596 exponeres
1333 5525 1515 5597 lingua
1540 5526 1797 5581 uberiore
1816 5538 1870 5582 et
1888 5528 1955 5581 li-

371 5619 492 5675 bris
508 5618 804 5673 admodum
829 5617 1095 5675 decenter
1118 5618 1525 5687 scriptis.Nunc
1548 5620 1647 5676 tibi
1663 5620 1958 5675 nonnullas

371 5726 440 5767 ex
459 5711 625 5766 rebus
636 5710 882 5766 externis
896 5726 1021 5782 qua
1034 5719 1166 5766 sunt
1182 5712 1445 5767 nuntiata;
1461 5712 1963 5782 exponam,quibus

370 5802 542 5857 rebus
557 5802 783 5874 ingratis
799 5818 1036 5874 praesens
1056 5814 1272 5874 tempus
1289 5819 1447 5859 aures
1466 5811 1680 5859 nostras
1696 5805 1965 5873 implevit.

2055 4888 2154 4941 καὶ
2186 4885 2538 4957 φθεγγομένη
2570 4883 2895 4954 παραίνεσις
2925 4880 2993 4956 ἦν
3014 4884 3099 4936 ἀεὶ
3130 4887 3240 4947 τοῖς
3279 4883 3524 4945 συνοῦσι,
3547 4892 3649 4936 καὶ

2060 4982 2205 5052 μέγα
2239 4980 2335 5032 καὶ
2368 4978 2754 5048 ἀπαράμιλλον
2785 4977 2882 5030 τοῦ
2943 4977 3235 5046 μοναδικοῦ
3280 4968 3651 5047 ’παράδειγμα

2061 5072 2201 5143 βίου,
2264 5062 2369 5123 καὶ.¹
2418 5064 2528 5122 οἷον
2582 5067 3088 5137 αἰθεροδρομούσης
3146 5067 3485 5134 σεμνότητος
3511 5063 3650 5138 ἦθος

2061 5163 2334 5232 αὐτοφυές
2365 5177 2423 5215 τε
2454 5163 2551 5216 καὶ
2575 5160 3035 5231 αὐτοχάλκευτον,
3064 5160 3282 5229 ἁπάσης
3305 5176 3360 5212 τε
3397 5177 3651 5223 πνευμς-

2065 5255 2223 5323 τικῆς
2260 5253 2505 5315 παιδείας
2533 5252 2710 5307 κανὼν
2729 5253 2964 5323 ἀκριϐής
2991 5255 3086 5307 καὶ
3107 5251 3453 5319 δικαιοσύνης
3480 5253 3653 5320 ζυγῆς

2067 5344 2340 5413 ἀρῤεπής.
2374 5344 2497 5397 Ἔτι
2529 5343 2586 5394 δὲ
2633 5342 2808 5413 θυμοῦ
2858 5343 3137 5413 κινήσεσιν
3189 5341 3520 5414 ὀξυρρόποις
3554 5341 3655 5394 καὶ

2069 5437 2414 5507 αὐτονόμοις,
2450 5436 2547 5492 καὶ
2603 5439 2651 5489 εί
2681 5437 2778 5500 τὰς
2809 5424 2992 5498 αἰτίας
3047 5435 3305 5503 εὐλόγους
3355 5436 3653 5505 ἐκέκτητο,

2060 5526 2185 5581 οὔτε
2221 5528 2494 5598 χεὶραύτῇ
2527 5529 2645 5580 ποτ’
2677 5526 2835 5598 ὤφθη
2859 5528 2968 5580 τῶν
3002 5530 3220 5581 παντων
3254 5527 3489 5594 οὐδέσιν,
3518 5529 3650 5582 οὔτε

2063 5618 2283 5688 γλῶττα
2306 5618 2677 5689 διακονήσασα
2703 5620 3005 5690 προπετὴς.
3033 5620 3151 5674 ἀλλ’
3176 5624 3235 5674 ὲν
3257 5622 3447 5684 αὐτοῖς
3482 5621 3654 5685 εὐθὺς

2067 5712 2370 5781 ἀναιροῦσα
2420 5715 2533 5776 τοῖς
2561 5713 2843 5781 λογισμοῖς
2889 5713 3116 5766 διετέλει
3162 5716 3263 5777 τὰς
3300 5716 3457 5785 ῥίζας
3492 5714 3653 5775 ἐντὸς

2068 5805 2176 5873 προ
2208 5807 2306 5875 τῆς
2358 5803 2614 5877 βλάστης.
2675 5805 2779 5860 Τόν
2808 5824 2870 5875 γε
2917 5807 3025 5879 μήν
3074 5808 3173 5877 τῆς
3222 5808 3656 5878 ἀργίας-καιρθν

336 5950 339 5953 .
371 5898 571 5970 βίϐλων
596 5899 758 5973 ίερῶν
794 5903 1055 5971 παρεῖχεν
1112 5902 1199 5957 ἀεὶ
1228 5902 1594 5971 ἀναγνώσεσι,
1619 5905 1713 5955 καὶ
1746 5904 1941 5975 πεῖραν
1983 5900 2236 5956 ἐντεῦθεν
2299 5900 2511 5973 ὑψηλῆς
2574 5902 2812 5973 θεωρίας
2843 5906 3044 5974 συνῆγε
3071 5905 3291 5974 μακρὰν
3332 5904 3428 5959 καὶ
3462 5906 3650 5957 ποικί-
