3966 6572
312 411 431 477 209
1345 416 1789 477 BYZANTINA!
1829 415 1915 474 IlI

2022 411 2209 471 mm
2252 412 2395 472 ιω.
2436 411 2649 472 xm.
2999 490 3001 492 η
3476 407 3583 471 210

316 528 443 598 λην,
470 529 644 600 όπὸση
678 531 792 595 τοῖς
815 529 984 595 θείοις
1020 531 1115 602 τῆς
1172 507 1500 603 Ἐκκλησίας
1523 533 1763 602 δόγμασι
1812 528 2026 599 καιροῦ
2098 527 2394 590 καλοῦντος
2461 526 2679 595 ὲγένετό
2707 525 2757 579 οἱ
2791 524 3083 597 σύμμαχος
3122 524 3588 594 κράτιστος.Ὣσ-

316 642 431 696 περ
460 625 508 679 δ’
542 626 612 680 αὖ
641 626 914 699 ἱερωσύνῃ
938 631 1005 697 τῇ
1057 629 1291 701 ἀληθείᾳ
1357 630 1460 700 τὴν
1530 629 1781 697 γλῶτταν
1837 627 2139 697 τιμήσασα,
2201 623 2488 694 ἀκάματον
2517 624 2615 691 τὴν
2643 623 2754 677 τῶν
2797 622 3025 693 χειλέων
3056 623 3352 694 ἀκρόπολιν
3383 622 3584 695 ἔστησε

316 719 564 789 φύλακα,
596 720 669 783 ὡς
700 721 773 791 μή
801 722 956 777 λάθοι
988 723 1276 794 προκύψας
1294 722 1393 794 ὀψέ
1419 740 1549 777 ποτε
1577 724 1732 789 λόγος
1759 720 1907 791 μάλα
1953 719 2053 789 μέν
2083 736 2169 780 τις
2229 717 2646 785 ἐπαγγελτικὸς,
2699 715 2778 770 οὐ’
2797 717 2941 786 μάλα
3007 716 3063 770 δέ
3090 734 3177 780 τις
3207 716 3585 788 τελεσιουργὸς

316 810 419 865 καὶ
441 810 739 882 ὠφέλιμος.
780 812 884 868 Καὶ
925 814 995 867 τὰ
1039 813 1210 867 πλείω
1276 815 1455 883 λέγοις
1506 814 1574 868 ἂν
1597 813 1785 876 «αὐτὸς
1832 812 1932 865 καὶ
1968 811 2206 879 ἁφηγοῖο
2269 809 2584 879 πλατυτέρα
2613 810 2924 887 γλώττῃότε
2961 809 3056 863 καὶ
3099 808 3306 879 βίϐλοις
3343 810 3490 880 μάλα
3518 810 3585 877 γε

316 924 375 960 τι
403 906 615 976 σφόδρα
666 907 1087 975 ἁρμοττούσαις.
1125 908 1243 964 Νῦν
1288 910 1353 965 δέ’
1384 927 1467 965 σοι
1499 912 1594 963 καὶ
1629 909 1764 978 περὶ
1829 906 1940 958 τῶν
2014 904 2214 972 ἔξωθεν
2265 905 2762 977 ἀπαγγελλομένων
2814 904 2931 957 ἔνια
2982 906 3341 977 διηγήσομαι,
3368 897 3444 960 ὧν
3489 909 3586 961 καί

319 1005 350 1055 ό
373 1001 571 1073 παρὼν
601 1002 703 1066 τὰς
730 1003 889 1074 ήμῶν
921 1008 1092 1068 ἀκοὰς
1125 1007 1391 1075 ἐνέπλησε
1430 1007 1623 1076 χρόνος
1653 1004 1764 1058 τῶν
1785 998 2088 1071 δυσχερῶν.
2186 1042 2191 1045 -

391 1095 476 1151 Η¹.
504 1099 670 1167 Φήμη
718 1098 828 1170 γὰρ
851 1100 1082 1170 ἀφίκετο
1105 1087 1386 1173 ’πρότριτα
1417 1102 1474 1165 ἐς
1512 1102 1809 1165 Βυζάντιον
1835 1097 1899 1149 ὲκ

2070 1092 2373 1148 Wll.Fama
2392 1094 2537 1148 enim
2570 1093 3307 1166 nudiustertiusByzantium
3332 1093 3586 1166 pervenit

314 1190 433 1243 τῶν
451 1189 626 1244 ἔωθεν
657 1192 1120 1262 ιπιδημησάντων
1137 1192 1481 1265 Ἀντιοχέων,
1512 1193 1587 1257 ὡς
1620 1193 1764 1262 ὁρμῇ
1787 1190 1903 1243 δαι-

319 1280 489 1349 μονίᾳ
524 1284 631 1335 τινὶ
661 1285 948 1352 συσχεθεὶς
986 1287 1017 1339 ό
1058 1289 1157 1349 τῆς
1191 1286 1470 1354 Δίγύπτου
1501 1287 1597 1340 καὶ
1639 1283 1904 1356 ’Λραϐίας

313 1372 615 1442 δεσπότης,
643 1376 834 1429 ὁπόσοι
867 1377 1220 1447 Χριστιανῶν
1248 1378 1463 1432 οἰκοῦσι
1499 1377 1601 1449 τὴν
1631 1379 1738 1448 γῆν
1760 1375 1905 1429 ὲκεί-

317 1481 446 1532 νην,
480 1464 742 1536 ἐξήνεγκε
768 1468 948 1537 δόγμα
983 1470 1195 1532 πάντας
1239 1472 1439 1541 ἡϐηδὸν
1470 1471 1705 1537 ἀνελεῖν,
1738 1471 1787 1522 εί
1829 1468 1905 1538 μὴ

319 1556 377 1617 ἐς
392 1557 496 1626 τὴν
520 1557 631 1613 τῶν
650 1561 901 1629 Ἀράϐων
931 1564 1227 1632 θρησκείαν
1249 1565 1309 1617 τὸ
1333 1564 1498 1627 σέϐας
1517 1544 1611 1617 καί
1628 1564 1785 1616 αὐτοὶ
1811 1578 1907 1631 με-

317 1650 622 1711 τατεθείεν.
656 1653 793 1722 μηδὲ
821 1660 930 1724 γάρ
978 1652 1119 1710 εἶναι
1146 1658 1320 1727 λέγων
1340 1658 1491 1720 είκὸς
1515 1657 1619 1709 ὑπὸ
1638 1657 1738 1727 τήν
1767 1656 1907 1726 ἐμὴν

317 1740 577 1802 ὲἐξουσίαν
624 1742 917 1804 τελοῦντας
948 1747 1046 1812 τὴν
1082 1747 1223 1816 ἐμήν
1266 1747 1554 1816 φαυλίζειν
1580 1745 1905 1817 θρησκείαν.

335 1832 677 1887 Ἐνστάντων
724 1835 821 1889 οὖν
875 1838 994 1891 ἐκεῖ
1022 1838 1329 1907 τηνικαῦτα
1380 1839 1723 1908 παμπόλλων
1765 1839 1905 1910 ὑπὲρ

320 1925 427 1993 τῆς
459 1926 747 1982 εὐσεϐείας
790 1929 1121 1998 ὲῤῥωμένως
1166 1933 1261 1985 καὶ
1311 1932 1410 1984 σὺν
1442 1932 1639 2004 ζεούσῃ
1675 1933 1742 2003 τῇ
1774 1944 1911 2001 προ-

322 2015 520 2086 θυμία,
536 2020 729 2085 γέγονε
762 2020 1126 2087 φόνοςπολὺς,
1147 2023 1226 2086 ὠς
1255 2025 1489 2093 φανῆναι
1521 2021 1583 2085 If.
1620 2022 1722 2077 124
1743 2020 1815 2094 r.]
1847 2022 1910 2075 τὸ

323 2106 535 2174 πλῆθος
580 2110 691 2162 τῶν
718 2113 1117 2182 ἀναιρεθέντων
1165 2116 1305 2184 ὑπὲρ
1344 2115 1689 2186 δισμυρίους,
1740 2115 1910 2187 ἀρξα-

328 2201 502 2268 μένου
529 2202 633 2272 μὲν
676 2204 741 2256 ὲκ
775 2205 1143 2277 Παλαιστίνης
1180 2206 1401 2277 πρῶτον
1434 2207 1527 2261 τοῦ
1559 2209 1756 2275 δεινοῦ,
1789 2203 1909 2262 εἶτα

321 2294 623 2359 διαϐάντος
660 2298 864 2368 Κοίλην
907 2300 1111 2371 Συρίαν
1159 2303 1254 2354 καὶ
1281 2302 1541 2369 Φοινίκην
1577 2305 1781 2366 πᾶσαν,
1816 2296 1909 2356 καί

323 2386 455 2437 ὅσαι
480 2388 583 2454 τήν
607 2388 899 2456 Δαμασκὸν
931 2391 1315 2459 ἀστυγείτονες
1346 2392 1765 2464 περιχορεύουσι
1807 2394 1909 2447 πό-

328 2476 445 2540 λεις
468 2481 567 2532 καὶ
600 2480 784 2549 κῶμαι
812 2481 974 2553 μέχρι
997 2483 1174 2554 Τύρου
1199 2486 1295 2538 καὶ
1325 2485 1580 2552 Σιδῶνος,
1607 2486 1702 2538 καί
1727 2485 1827 2555 ὅση
1847 2485 1908 2540 τὸ

322 2569 457 2640 δρος
482 2572 578 2624 τὸν
607 2572 904 2643 Κάρμηλον
944 2576 1264 2646 περικλύζει
1309 2578 1575 2634 θάλασσα.
1619 2579 1709 2630 Ἐν
1738 2595 1909 2648 μετα-

330 2658 489 2732 μέλῳ
521 2661 567 2717 δ’
601 2662 672 2718 αὖ
716 2664 809 2718 τοῦ
858 2667 1264 2737 προστάξαντος
1314 2668 1600 2739 γεγονότος
1627 2670 1911 2724 πέπαυται

326 2754 391 2806 τὸ
415 2753 612 2810 δεινόν.

402 2845 486 2901 Θν.
520 2847 708 2902 Ταῦτα
743 2850 841 2905 καὶ
870 2848 1045 2905 πλείω
1076 2851 1212 2922 πρὸς
1237 2850 1449 2918 τούτοις
1474 2854 1638 2925 ἕτερα
1662 2853 1913 2909 ὑπειπὼν

324 2940 359 2994 ὁ
391 2939 563 3004 καλὸς
593 2941 1003 3012 Ἀγαθάγγελος
1034 2943 1208 3017 ᾠχετο
1237 2946 1419 3010 ἀπιὼν
1449 2947 1579 3018 περὶ
1607 2949 1778 3018 μέσας
1804 2964 1907 3001 που

330 3032 562 3097 νύκτας,
596 3033 754 3098 αὖθις
799 3038 926 3100 τοὺς
966 3038 1276 3109 ἡμετέρους
1326 3040 1560 3112 δημίους
1601 3040 1781 3095 λαθὼν
1816 3042 1912 3096 καὶ

329 3128 461 3190 τοὺς
492 3127 788 3198 θηριώδεις
812 3131 1085 3199 φύλακας,
1130 3133 1294 3203 μόνον
1340 3135 1440 3204 ἐμὲ
1498 3134 1909 3197 καταλελοιπὼς

329 3223 401 3292 τῇ
445 3224 607 3292 στενῇ
645 3223 742 3277 καὶ
784 3223 932 3296 δεινῇ
978 3226 1227 3297 συνήθως
1267 3227 1455 3303 ἐκείνῃ
1481 3228 1661 3301 διαίτῃ
1693 3226 1938 3297 χρώμε-⁴

330 3329 447 3367 νον.

405 3401 467 3459 l'.
493 3404 657 3476 ’Δρτι
691 3406 748 3460 δὲ
782 3408 876 3461 τοῦ
908 3409 1013 3478 μὲν
1048 3410 1417 3480 ἐφεστηκότος
1438 3410 1702 3481 λήξαντος
1734 3413 1910 3479 ἔτους,

330 3495 431 3550 τοῦ
462 3497 520 3551 δὲ
557 3498 686 3566 ἑξῆς
731 3501 1163 3571 ὲνδημήσαντος,
1195 3503 1265 3558 τὰ
1300 3502 1590 3572 Ῥωμαίων
1619 3506 1794 3559 ἐνόσει
1817 3506 1911 3560 τοῦ

332 3589 595 3654 εἰωθότος
646 3593 912 3646 ἐπέκεινα
944 3594 1252 3666 πράγματα
1300 3595 1393 3650 διὰ
1415 3613 1477 3650 τε
1505 3598 1608 3667 τὴν
1656 3598 1913 3652 εἰωθυῖαν

335 3682 567 3753 Περσῶν
590 3684 972 3756 ἰπικράτειαν,
1003 3686 1072 3758 ἣν
1097 3688 1201 3758 ήδη
1231 3687 1695 3759 Καντακουζηνοῢ
1727 3689 1913 3760 προδι-

2006 1187 2073 1240 ab
2091 1186 2448 1241 Autioelieuis
2463 1188 2529 1241 ad
2550 1199 2730 1241 urtum
2752 1187 2884 1243 solis
2903 1187 3583 1254 babitamibus,diabolico

2005 1280 2239 1348 (prodam
2261 1280 2441 1335 afﬂatu
2462 1281 2751 1351 abreptum
2767 1280 2983 1351 Egypti
3001 1281 3580 1336 etArabimdominum

2006 1369 2245 1434 edidisse
2279 1380 2636 1441 praeceptum,
2677 1382 2756 1438 ut,
2797 1380 3071 1442 quotquot
3092 1370 3392 1426 Christiani
3430 1372 3580 1426 illam

2009 1470 2206 1516 terram
2231 1462 2499 1528 habitent,
2516 1479 2708 1520 omnes
2728 1466 3088 1535 pubescentes
3104 1464 3452 1525 tollerentur,
3475 1464 3577 1520 nisi

2007 1567 2156 1607 suam
2188 1568 2312 1607 cum
2339 1555 2581 1609 Arabum
2615 1556 2876 1626 religione
2906 1567 3205 1614 mutarent.
3239 1558 3385 1610 Dixit
3409 1557 3581 1623 cuitu,

2008 1661 2118 1699 non
2156 1644 2357 1701 decere
2398 1662 2550 1714 eos,
2575 1648 2668 1717 qui
2711 1648 2943 1718 imperio
2986 1666 3108 1703 meo
3149 1658 3410 1719 pareant,
3454 1649 3584 1703 reli-

2009 1738 2227 1807 gionem
2269 1753 2447 1793 meam
2491 1752 2879 1795 contemnere.
2933 1740 3069 1795 Cum
3114 1741 3281 1811 igitur
3323 1740 3580 1807 permulti

2012 1829 2337 1883 resisterent
2382 1844 2480 1898 pro
2531 1831 2800 1904 religione
2849 1831 3068 1885 fortiter
3113 1839 3171 1884 et
3221 1847 3345 1884 cum
3397 1831 3582 1886 animo

2012 1921 2315 1986 bellicoso,
2360 1922 2533 1977 multa
2575 1924 2754 1977 caades
2791 1922 2930 1977 facta
2970 1931 3074 1987 est,
3103 1924 3179 1977 ita
3220 1934 3279 1978 ut
3318 1940 3583 1988 numerus

2011 2013 2432 2069 interfectorum
2476 2023 2767 2085 superaret
2806 2016 3001 2086 viginti
3045 2016 3235 2072 millia.
3280 2016 3576 2086 Postquam

2011 2108 2067 2162 in
2114 2107 2402 2163 Palaestina
2456 2109 2690 2177 primum
2736 2109 3019 2177 inceperat
3087 2110 3422 2179 persecutio,
3459 2126 3581 2179 per-

2011 2199 2154 2252 rexit
2193 2213 2290 2268 per
2322 2197 2679 2270 leesyriam
2701 2208 2756 2253 et
2790 2199 3132 2254 Phoeniciam
3172 2208 3337 2254 totam
3371 2210 3426 2254 et
3447 2209 3581 2269 quot

2008 2289 2205 2343 vicina:
2241 2290 2407 2344 urbes
2441 2298 2497 2344 et
2521 2289 2643 2360 pagi
2678 2289 3001 2344 Damascum
3036 2290 3381 2345 circumdant
3408 2306 3580 2361 usque

2010 2382 2079 2435 ad
2106 2382 2308 2454 Tyrum
2357 2394 2415 2438 et
2449 2383 2731 2447 Siilonem.
2771 2392 2825 2439 et
2867 2392 3129 2452 quantum
3167 2400 3317 2440 mare
3356 2383 3581 2441 Carme-

1937 2441 1983 2501 Β
2012 2472 2123 2527 lum
2153 2441 2397 2527 inontem
2439 2473 2776 2529 alluit.Cum
2806 2464 3100 2542 tyrannum
3143 2475 3219 2531 rei
3259 2475 3434 2548 ipsius
3468 2492 3584 2550 pte-

2011 2563 2212 2619 niteret
2231 2604 2246 2628 ,
2285 2573 2463 2619 terror
2500 2565 2687 2621 desiit.

2080 2845 2239 2925 2251
2282 2851 2377 2909 IX.
2416 2854 2712 2926 Postquam
2748 2855 2864 2913 haec
2903 2865 2960 2912 et
2999 2858 3225 2927 insuper
3267 2857 3440 2914 multa
3474 2860 3585 2915 alia

2011 2943 2262 3008 dixisset,
2293 2945 2545 3003 discessit
2587 2949 2765 3005 bonus
2800 2951 3209 3022 Agatbangelus
3256 2950 3431 3006 media
3467 2951 3581 3006 fere

2009 3044 2211 3098 nocte,
2259 3035 2457 3094 fallens
2503 3039 2702 3094 iterum
2754 3041 2982 3097 lictores
3026 3050 3247 3098 nostros
3298 3057 3582 3113 saevosque

2010 3127 2290 3196 custodes,
2355 3143 2443 3186 me
2482 3132 2665 3187 solum
2704 3133 3058 3204 relinquens,
3101 3135 3195 3205 qui
3257 3146 3488 3205 angusta
3526 3144 3583 3191 et

2015 3219 2245 3274 terribili
2271 3220 2472 3283 vitant
2504 3238 2721 3294 semper
2750 3229 3009 3300 vexabar,

2085 3402 2155 3458 Χ.
2221 3401 2325 3458 Ubi
2394 3412 2579 3457 autem
2638 3414 2962 3473 praesentem
3016 3424 3220 3462 annum
3275 3409 3583 3478 excipiebat

2016 3493 2351 3564 insequens,
2386 3510 2476 3549 res
2530 3496 2902 3551 Romanorum
2935 3498 3077 3553 ultra
3122 3501 3579 3557 consuetudinem

2013 3586 2360 3657 aegrotabaut
2407 3598 2465 3642 et
2512 3599 2740 3658 propter
2785 3601 3112 3645 consuetum
3151 3592 3441 3650 Persarum
3479 3595 3585 3651 im-

2018 3680 2230 3750 perium
2254 3721 2268 3742 .
2300 3680 2447 3749 quod
2479 3681 2592 3750 jam
2630 3696 2729 3751 per
2763 3681 3208 3738 Cautacuzenum
3246 3688 3580 3755 proditorem

332 3775 527 3840 δόντος
580 3777 715 3850 ἄχρι
758 3779 942 3832 πυλῶν
972 3782 1280 3852 ἐσχήκεσαν
1336 3782 1671 3847 Βυζαντίων,
1712 3783 1789 3846 ὡς
1838 3785 1915 3836 oi-

2022 3768 2344 3825 obtinebaut
2376 3787 2547 3841 usque
2578 3772 2646 3826 ad
2684 3783 2868 3842 portas
2926 3774 3206 3845 Byzantii,
3240 3788 3299 3830 ut
3345 3779 3587 3849 propriis

336 3864 514 3926 κείοις
557 3865 697 3929 τέως
756 3866 1032 3939 χρώμενοί
1074 3886 1132 3921 τε
1190 3870 1288 3924 καὶ
1351 3872 1774 3941 καταχρώμενοι
1838 3873 1914 3942 μή

339 3959 663 4030 πράγμασιν
685 3958 858 4013 ἅπασι
891 3960 1074 4029 μόνον,
1097 3961 1235 4016 ἀλλὰ
1257 3961 1355 4015 καὶ
1380 3967 1648 4030 γυναῖκας
1675 3964 1772 4016 κοιλ⁹
1793 3965 1920 4017 παί-

334 4051 436 4113 δας
461 4051 724 4122 ἀνδράσιν
755 4052 891 4121 ὁμοῦ
918 4053 1057 4124 πρὸς
1085 4054 1197 4107 πᾶν
1224 4054 1286 4106 τὸ
1333 4053 1664 4123 βουλόμενον
1688 4055 1915 4124 ἄγοντές

336 4157 399 4194 τε
426 4140 524 4194 καὶ
568 4141 852 4210 φέροντες,
885 4142 986 4195 οὐκ
1043 4142 1149 4207 ἔξω
1193 4142 1403 4197 πόλεων
1435 4145 1512 4208 ὡς
1560 4144 1694 4214 πρὶν
1758 4160 1920 4215 περι-

228 4312 233 4317 .
338 4231 561 4295 θέοντές
593 4247 656 4284 τε
705 4233 803 4285 καὶ
833 4231 1230 4301 παραθέοντες,
1266 4232 1385 4287 ἀλλ’
1414 4233 1565 4287 ἔνδον
1596 4234 1698 4305 ήδη
1729 4235 1918 4288 ποιού-

343 4341 501 4394 μενοι
558 4325 691 4388 τοὺς
728 4325 1138 4395 συνοικισμοὺς.
1187 4326 1312 4381 καθ’
1339 4326 1538 4380 ὁπόσον
1560 4329 1655 4380 καὶ
1675 4323 1787 4382 οἷον
1821 4330 1920 4381 καὶ

338 4420 480 4471 ὅπου
533 4419 632 4472 καὶ
681 4419 774 4472 ὅτε
831 4418 894 4471 τὸ
948 4420 1049 4489 τῆς
1077 4417 1260 4489 ψυχῆς
1292 4419 1598 4492 ὀρεκτικὸν,
1635 4420 1921 4475 ὑπετίθετο

340 4504 529 4571 σφίσιν
579 4505 1038 4577 ἐπιτροπεύοντες
1077 4508 1175 4562 καὶ
1209 4507 1547 4572 δεσποτικῶς
1600 4510 1923 4566 ἐπιτάττον-

337 4613 455 4660 τες.

414 4690 519 4743 iA'.
558 4689 700 4761 Ἤδη
730 4689 787 4743 δὲ
819 4690 915 4743 τοῦ
949 4691 1302 4759 φθινοπώρου
1332 4694 1617 4763 λήγοντος,
1645 4695 1777 4766 περί
1815 4712 1920 4749 που

337 4779 412 4833 τὰ
440 4780 585 4850 μέσα
618 4782 747 4850 μιᾶς
784 4780 894 4834 τῶν
921 4782 1136 4837 νυκτῶν
1162 4785 1300 4855 ἀκοή
1317 4801 1402 4846 τις
1438 4785 1704 4855 αίφνίδιος
1729 4786 1789 4838 τὸ
1814 4785 1921 4839 Βυ-

339 4868 566 4932 ζάντιον
590 4870 928 4940 περιήχησεν
957 4869 1123 4937 ἅπαν,
1151 4866 1288 4925 εἶναι
1314 4875 1525 4942 τείχους
1566 4875 1718 4937 ἐντὸς
1766 4874 1922 4943 βασι-

336 4960 442 5011 λέα
469 4958 840 5029 Παλαιολόγον
879 4960 970 5014 τὸν
1005 4960 1149 5028 νέον,
1193 4965 1513 5034 συμμαχίας
1557 4965 1739 5034 πάσης
1769 4965 1924 5019 ἀλλο-

341 5050 519 5121 φύλου
574 5052 747 5125 χωρὶς
793 5053 1097 5123 ἀφιγμένον
1143 5057 1385 5124 τριταῖον
1433 5058 1498 5110 ἐκ
1547 5058 1774 5113 Τενέδου
1823 5060 1923 5130 τῆς

2020 3873 2238 3919 utentes
2292 3874 2347 3919 et
2397 3866 2694 3921 abutentes
2747 3882 2853 3919 non
2907 3869 3084 3921 solum
3129 3868 3295 3923 rebus
3331 3872 3583 3939 cunctis,

2019 3960 2112 4013 sed
2149 3960 2314 4013 etiam
2352 3961 2609 4015 miuieres
2642 3969 2698 4015 et
2732 3961 2972 4017 infantes
3007 3978 3111 4016 una
3164 3978 3288 4015 cum
3338 3965 3472 4017 viris
3519 3967 3592 4020 ad

2018 4049 2286 4134 quiiuibet
2316 4058 2576 4120 cogentes
2611 4060 2665 4105 et
2695 4050 2983 4115 ducentes,
3011 4067 3118 4104 non
3150 4061 3302 4105 extra
3334 4054 3497 4107 urbes
3530 4070 3588 4108 ιιι

2018 4154 2179 4195 antea
2212 4152 2503 4196 currentes
2532 4151 2589 4197 et
2622 4151 3137 4211 praetercurrentes,
3176 4145 3268 4198 sed
3304 4144 3584 4212 intusjam

2022 4234 2269 4288 colonias
2318 4235 2673 4289 instituentes
2717 4245 2984 4305 quantum
3039 4246 3092 4290 et
3137 4237 3371 4304 qualiter
3403 4248 3457 4292 et
3495 4238 3584 4292 ubi

2019 4333 2075 4379 et
2098 4324 2322 4395 quando
2349 4324 2566 4381 animus
2598 4326 2867 4381 suadebat
2902 4338 3155 4398 regentes
3183 4330 3586 4402 imperioseque

2020 4418 2415 4488 gubernantes.

2095 4683 2188 4739 XI.
2220 4685 2463 4740 Brumali
2492 4695 2744 4756 tempore
2760 4687 2878 4757 jam
2906 4687 3207 4744 desinente
3222 4689 3593 4746 medianocte
3704 4670 3712 4673 1

2022 4773 2167 4829 fama
2222 4775 2511 4829 subitauea
2541 4775 2864 4846 Byzantium
2901 4777 3093 4831 urbem
3119 4780 3352 4847 replevit
3375 4821 3390 4842 ,
3446 4780 3592 4835 intra

2026 4850 2216 4920 muros
2239 4864 2352 4934 jam
2385 4879 2510 4919 esse
2556 4865 2837 4935 iuniorem
2886 4866 3252 4937 Palaeologum
3288 4870 3592 4936 imperatu.

2025 4971 2165 5022 rem,
2202 4956 2294 5026 qui
2320 4972 2447 5011 cum
2478 4957 2688 5012 auxilio
2725 4958 2913 5027 populi
2959 4962 3175 5014 externi
3203 4961 3611 5016 tertio-dicer
3670 4984 3677 4999 ι

2026 5047 2246 5103 Tenedo
2283 5047 2459 5103 insula
2489 5050 2966 5112 venisset,itinere
3000 5052 3121 5121 ipso
3150 5052 3310 5120 plane
3350 5053 3588 5118 occulto,
3684 5070 3692 5083 ‘

340 5143 538 5215 νήσου,
566 5124 798 5214 μηδενὸς
827 5144 1160 5216 αἰσθομένου
1182 5146 1277 5199 τὸν
1312 5146 1593 5213 εἴσπλουν,
1629 5124 1915 5218 μεγίσταις

2031 5140 2250 5196 duobus
2285 5139 2599 5210 permagnis
2632 5141 2938 5197 biremibus
2968 5150 3136 5213 atque
3170 5144 3411 5200 sedecim
3461 5146 3587 5199 uni-

346 5236 450 5307 μὲν
477 5237 735 5307 τριήρεσι
766 5238 933 5303 δυοῖν,
992 5239 1253 5309 μονήρεσι
1281 5238 1327 5292 δ’
1371 5240 1673 5293 ἑκκαίδεκα
1711 5240 1800 5294 διὰ
1827 5243 1923 5295 τοῦ

342 5329 488 5400 πρὸς
532 5328 607 5382 ἕω
632 5329 857 5400 λιμένος
895 5331 990 5386 καὶ
1041 5330 1271 5404 νεωρίου
1325 5332 1705 5399 είσελάσαντα,
1753 5327 1829 5389 ὧν
1869 5337 1926 5389 ai

345 5424 451 5489 μὲν
500 5422 710 5475 οἴκοθεν
755 5417 896 5495 ἦσαν
942 5423 1091 5494 αὐτῷ
1123 5426 1746 5496 προνεναυπηγημέναι,
1783 5429 1839 5480 αἱ
1881 5426 1927 5480 δ’

342 5514 411 5567 ὲκ
444 5512 673 5569 Τενέδου
704 5514 773 5570 τε’
804 5518 898 5570 καὶ
934 5516 1144 5572 Λέσϐου
1182 5519 1275 5571 καὶ
1321 5518 1546 5588 Λήμνου
1581 5519 1726 5573 κατὰ
1761 5520 1929 5588 μέρος

343 5605 734 5680 ἠθροισμέναι,
780 5610 877 5666 καὶ
930 5612 984 5666 εί
1030 5629 1173 5675 τινες
1215 5605 1327 5666 είεν
1370 5612 1672 5682 αὐτόνομον
1711 5611 1932 5666 διαιτώ-

346 5715 505 5768 μενοι
561 5699 829 5769 βίον,λὸγε
876 5703 982 5772 μὴν
1030 5702 1488 5773 Καντακουζηνδς
1542 5704 1600 5755 ἐν
1641 5704 1779 5774 ἀκοῇ
1836 5700 1930 5755 τοῦ

346 5791 730 5860 γεγενημένου
760 5793 1057 5863 γενόμενος
1106 5793 1211 5859 ἔξω
1254 5792 1353 5863 μὲν
1384 5794 1490 5845 τῶν
1523 5792 1813 5863 βασιλείων
1842 5793 1934 5845 οὐ·

337 5882 504 5966 ιδειμῆ
544 5883 926 5955 ἐξεληλυθέναι
973 5886 1230 5955 ἐγνώκει,
1274 5886 1457 5949 δείσας
1507 5886 1608 5956 τὴν
1652 5884 1761 5941 τῶν
1825 5885 1932 5939 Βυρ-

2034 5234 2282 5288 remibus
2321 5248 2418 5303 per
2457 5242 2681 5302 portum
2717 5234 2852 5289 solis
2887 5243 3071 5289 ortum
3111 5250 3305 5291 versus
3341 5236 3506 5291 situm
3542 5246 3625 5291 et‘

2032 5342 2131 5396 per
2164 5325 2383 5380 navalia
2405 5335 2599 5379 vectus
2624 5334 2741 5390 est,
2778 5342 3013 5395 quarum
3043 5329 3272 5383 navium
3301 5328 3597 5389 alimrdomi

2033 5425 2192 5470 erant
2221 5425 2579 5482 constructae,
2616 5416 2738 5471 alia:
2776 5415 2937 5487 242
2976 5433 3043 5472 ex
3081 5418 3307 5473 Tenedo
3332 5429 3385 5474 et
3422 5418 3635 5497 Lesbo.
3727 5414 3737 5422 ’

2033 5519 2089 5564 et
2117 5508 2327 5563 Lemno
2343 5525 2409 5565 ex
2436 5518 2594 5579 parte
2613 5510 2931 5576 conductae;
2954 5521 3011 5567 et
3042 5511 3089 5566 si
3122 5512 3216 5580 qui
3249 5511 3481 5566 liberam
3515 5512 3601 5565 vi-

2036 5612 2144 5653 tam
2193 5602 2451 5670 agebant.
2496 5599 2741 5656 Cantaeu
2762 5615 2960 5668 zeuus,
2980 5591 3270 5672 postquam
3306 5619 3431 5672 quae
3460 5602 3625 5657 facta»

2034 5701 2198 5747 erant
2230 5693 2438 5757 audiit,
2472 5707 2503 5746 e
2540 5694 2691 5762 regia
2724 5694 2874 5748 exire
2905 5695 3067 5764 plane
3102 5696 3326 5751 nolebat
3347 5736 3362 5757 ,
3397 5697 3599 5768 Byzan-

2041 5787 2284 5842 tinorum
2316 5785 2685 5841 extimescens
2720 5786 2985 5854 impetum
3009 5829 3024 5849 ,
3058 5789 3155 5856 qui
3193 5796 3355 5842 antea
3384 5802 3599 5859 magno-
3652 5824 3657 5829 -

2036 5896 2171 5951 pere
2222 5881 2329 5936 sibi
2375 5882 2745 5937 irascerentur
2786 5889 2844 5933 et
2887 5888 3115 5949 propter
3158 5895 3257 5944 ea,
3291 5895 3414 5949 qua:
3444 5891 3607 5933 antea
