3966 6564
215 415 325 476 213

1256 418 1703 479 ΒΥΖΑΝΤΙΝΙΕ
1741 417 2124 480 HISTORIA]
2169 416 2307 475 LIB.
2360 415 2552 473 XXiX

3385 413 3491 476 ΞΗ

223 531 428 599 ρῇσθαι
473 534 611 602 πρὸς
643 535 751 588 τῶν
785 535 902 588 ἐκεῖ
946 535 1301 606 μοναζουσῶν
1335 538 1636 606 γυναικῶν.
1677 538 1812 606 Περὶ
1842 587 1846 597 ,

1956 538 2131 590 iretur
2179 551 2207 588 a
2261 533 2622 590 mulieribus.
2655 547 2773 600 quae
2807 530 2882 584 ibi
2926 541 3083 584 erant
3131 529 3489 585 inoniali-bus.

218 616 280 673 οἵ)
318 624 419 676 καὶ
451 623 622 694 πολλή
671 643 754 690 τις
787 627 1006 697 ἤκμασε
1038 628 1176 690 τέως
1211 629 1481 697 ὑπόληψις
1521 631 1634 692 τοῖς
1676 630 1810 682 πολ-

223 715 361 779 λοῖς,
411 716 664 790 ’Δνδρέου
694 720 790 774 τοῦ
816 721 1039 791 Κρήτης
1070 719 1234 783 εἶναι.
1265 721 1322 784 ὃς
1347 723 1446 776 οὐκ
1477 723 1678 789 ὀλίγοις
1710 725 1810 792 τὴν

238 809 578 878 Ἐκκλησίαν
628 812 940 883 ἐκόσμησεν
993 817 1156 883 ἱεροῖς
1219 816 1430 884 μέλεσι.
1487 816 1657 869 Τοῦτο
1702 817 1812 887 γὰρ

226 901 656 973 κατορώρυκται
690 904 789 974 μὲν
817 905 893 974 τῷ
922 907 1106 974 ἐδάφει
1137 902 1234 960 to?
1262 907 1408 959 θείου
1443 908 1655 960 ἐκείνου
1681 907 1808 973 νεὼ,

224 992 294 1068 ἦν
328 996 375 1048 δ’
405 998 646 1069 demisi;
674 1000 1091 1068 κεκαλυμμένον
1138 1002 1204 1054 ἐκ
1229 1001 1464 1054 παλαιοῦ
1496 1002 1590 1053 καὶ
1635 1001 1814 1053 οὐδενί

211 1105 316 1172 λειω
342 1089 628 1158 γνώριμον
655 1092 784 1161 ἄχρι
818 1091 918 1160 τῆς
952 1091 1060 1145 τῶν
1094 1091 1188 1145 νῦν
1227 1093 1500 1163 χρονικῶν
1547 1094 1816 1162 περιόδων

230 1181 474 1249 ἡλικίας.
512 1183 676 1251 "Apri.
704 1183 749 1236 δ’
801 1184 903 1238 οὐκ
952 1179 1052 1238 οἷδ’
1081 1186 1344 1254 ὁπότερον
1394 1187 1473 1248 είς
1500 1186 1816 1255 τούμφανὲς

226 1273 510 1342 ἐληλύθει,
545 1275 646 1327 εἶτ’
678 1275 734 1340 ἐξ
762 1275 1048 1340 ἐπιπνοίας
1079 1278 1223 1340 τινος
1253 1279 1550 1347 θειοτέρας,
1583 1281 1692 1332 εἴτε
1737 1297 1818 1330 τι-

227 1362 320 1421 νὸς
354 1363 550 1432 χρείας
580 1359 849 1434 ἐνστᾶσης
899 1367 1149 1431 ὀρύττειν
1184 1371 1400 1428 ἐκεῖσε,
1440 1368 1538 1422 εἶτ’
1574 1371 1675 1421 οὐκ
1721 1366 1818 1422 οἷδ’

227 1453 419 1504 ὅντινα
448 1455 650 1522 τρόπον
686 1453 896 1524 ἕτερον.
935 1457 1010 1508 Oti
1041 1461 1150 1524 γὰρ
1171 1458 1576 1526 ὄψεσιν-αὑταῖς
1614 1479 1704 1530 μοι
1731 1477 1824 1513 τε·-

231 1542 444 1612 τύχηκε
502 1547 783 1616 γενομένῳ
823 1547 968 1600 κατὰ
1020 1549 1112 1601 τὸν
1157 1550 1326 1604 τόπον
1362 1551 1686 1618 θεάσασθαι,
1725 1553 1818 1612 τοῦ

232 1636 546 1703 τηνικαῦτα
573 1637 814 1705 διωγμοῦ
853 1641 948 1693 καὶ
991 1641 1083 1693 τοῦ
1106 1647 1205 1711 τῆς
1249 1644 1583 1710 Ἐκκλησίας
1621 1647 1824 1715 χειμὼ-
1852 1705 1864 1712 _

232 1745 326 1790 νος
359 1730 575 1781 ἐκείνου
616 1731 713 1792 τὰς
745 1732 884 1800 ἐμὰς
929 1733 1311 1799 ὲγκλείσαντος
1355 1736 1547 1806 θύρας,
1578 1739 1653 1798 ὡς
1700 1740 1826 1808 μηδ’

231 1823 332 1872 ἐπὶ
367 1822 544 1893 βραχὺ
564 1823 696 1891 γοῦν
727 1827 807 1887 εἰς
835 1826 1123 1896 ἐλεύθερον
1148 1829 1485 1898 προκύπτειν
1518 1832 1664 1903 ἔχειν
1689 1833 1826 1900 ἀέρα

236 1915 416 1982 πνοῆς
473 1915 834 1984 ἀκραιφνοῦς.
882 1917 1046 1989 Ἀκοῇ
1103 1922 1147 1972 δ’
1189 1921 1338 1991 ὅμως
1389 1923 1558 1992 ὀλίγῳ
1598 1923 1828 1991 ὕστερον

238 2007 617 2078 παρειληφότι
668 2009 763 2062 ἕνα
818 2012 916 2064 καὶ
949 2013 1113 2065 αὐτὸν
1163 2008 1302 2066 εἶναι
1364 2032 1430 2082 με
1463 2017 1572 2067 τῶν
1604 2015 1830 2069 εἰδότων

240 2097 648 2164 συμπέπτωκε,
704 2100 1042 2168 παμπόλλων
1077 2102 1181 2173 ἤδη
1230 2103 1290 2156 τὸ
1340 2109 1580 2176 πρᾶγμα
1607 2107 1705 2161 καὶ
1737 2108 1832 2176 δη-

241 2191 416 2261 μοσίᾳ.
461 2190 854 2261 θρυλλούντων.
906 2197 997 2247 Διὸ
1027 2196 1137 2251 τῶν
1193 2198 1348 2252 οὐδὲν
1391 2199 1605 2268 οὐδαμῆ
1636 2218 1700 2269 γε
1727 2203 1834 2254 ἀπ-

238 2285 475 2336 εικότων
543 2284 747 2349 ἔδοξεν,
793 2287 918 2340 οὐδὲ
968 2288 1064 2341 τοῦ
1114 2290 1312 2358 καιροῦ
1371 2293 1603 2361 καὶτῆς
1639 2296 1832 2362 χρείας

239 2377 322 2442 ὡς
357 2381 724 2450 πορρωτάτω.
757 2387 824 2453 τῇ
861 2384 1073 2453 ἱστορία
1107 2385 1205 2437 καὶ
1226 2384 1386 2438 τοῦτό
1433 2402 1525 2456 μοι
1559 2403 1834 2453 συνυφαν-

243 2470 434 2538 θῆναι,
473 2471 698 2543 ἔλεγχον
728 2475 830 2544 μὲν
870 2477 1066 2547 κομιδῇ
1101 2478 1357 2548 προφανῆ
1386 2479 1614 2550 κομίζον
1645 2480 1833 2533 θεόθεν

243 2564 392 2616 κατὰ
424 2563 522 2633 τῆς
550 2567 658 2618 τῶν
683 2558 928 2622 διωκτῶν
958 2570 1240 2632 ἀπονοίας,
1293 2572 1674 2625 παντάπασιδ’
1707 2573 1835 2625 ἀκί-

240 2652 446 2723 ϐδηλον
513 2656 574 2708 τὸ
621 2660 730 2711 τῶν
782 2661 1130 2732 διωκομένων
1186 2663 1345 2734 ἡμῶν
1397 2667 1700 2733 ἀποφθθον
1736 2667 1832 2718 σύ-

248 2765 459 2817 στημα.

324 2842 428 2898 ﬂ".
460 2845 696 2918 Φιλοθέῳ
718 2849 828 2916 γὰρ
858 2848 936 2919 τῷ
957 2851 1214 2922 Κοκκίνῳ
1236 2853 1539 2922 τηνικαῦτα
1569 2869 1837 2924 πατριαρ-

251 2936 473 3006 χεύοντι
505 2938 704 3004 ἔδοξεν,
737 2941 927 3014 ὥσπερ
955 2944 1185 3012 ἕρμαιον
1207 2945 1300 2997 τὸν
1323 2947 1515 3014 καιρὸν
1536 2947 1834 3016 ἡρπακότι,

253 3031 681 3100 μηχανήσασθαί
711 3052 762 3085 τι
793 3035 930 3105 πρὸς
956 3036 1217 3090 σύστασιν
1235 3038 1337 3107 τῆς
1365 3039 1632 3107 σφετέρας
1659 3039 1838 3091 αὐτῶν

255 3123 589 3194 Παλαμικῆς
644 3125 960 3192 πολυθεῖας.
1008 3130 1255 3200 Πλήθους
1316 3127 1410 3184 οὖν
1448 3132 1838 3202 »ἠθροισμένου

1915 629 1991 683 De
2042 643 2148 695 qua
2205 642 2261 679 re
2299 640 2492 694 magna
2531 623 2766 677 subinde
2815 623 2960 676 inter
3025 621 3222 691 vulgus
3263 631 3496 676 ortaest

1914 720 2102 788 Opinio
2161 733 2282 786 qua:
2337 717 2428 771 illa
2483 715 2550 769 ad
2611 715 2885 768 Andream
2951 713 3277 768 Cretensem
3348 713 3496 767 refe-

1916 811 2104 876 rebat,
2139 811 2229 879 qui
2283 824 2393 862 non
2431 808 2620 878 paucis
2655 809 2829 862 sacris
2886 805 3135 874 reliquiis
3194 805 3494 860 Ecclesium

1917 905 2152 974 ornavit.
2177 903 2448 958 infossum
2479 911 2594 955 erat
2621 917 2821 970 corpus
2846 901 2900 954 in
2940 900 3110 954 fundo
3160 900 3300 954 sacri
3354 900 3500 953 illius

1923 1000 2135 1068 templi.
2164 999 2298 1052 Erat
2335 999 2578 1053 tenebris
2609 998 2917 1051 involutum
2952 1012 3020 1050 ex
3053 996 3217 1066 longo
3255 1006 3501 1064 tempore

1924 1093 2247 1159 neminiqtte
2278 1098 2466 1144 notum
2501 1106 2675 1158 usque
2704 1090 2770 1143 ad
2805 1091 3158 1158 praesentium
3193 1100 3498 1157 temporum

1921 1193 2162 1238 aetatem.
2225 1181 2421 1236 Nescio
2447 1191 2630 1235 autem
2674 1181 2952 1250 quomodo
2987 1182 3055 1234 ad
3083 1181 3260 1234 lucem
3294 1190 3506 1248 protra-

1922 1286 2069 1331 ctum
2104 1276 2211 1338 sit,
2248 1285 2434 1329 utrum
2474 1263 2826 1343 instigatione
2863 1274 3045 1344 aliqua
3085 1272 3268 1325 divina
3304 1290 3371 1325 an
3433 1288 3495 1323 ex

1925 1369 2258 1421 necessitate
2291 1367 2366 1420 ibi
2399 1364 2642 1419 fodiendi
2670 1405 2682 1424 ,
2715 1381 2781 1418 an
2818 1364 3006 1418 nescio
3038 1379 3148 1432 quo
3180 1362 3288 1415 alio
3321 1363 3502 1415 modo.

1929 1457 2050 1512 Non
2088 1457 2235 1508 enim
2272 1456 2407 1509 mihi
2437 1456 2708 1523 contigit,
2749 1470 2807 1506 ut
2840 1455 2977 1506 meis
3014 1453 3189 1522 ipsius
3221 1453 3396 1505 oculis
3431 1454 3508 1504 lo»

1927 1563 2050 1602 cum
2094 1547 2510 1616 perlustrarem,
2536 1545 2925 1616 persecutione
2960 1559 3082 1610 quae
3121 1552 3232 1595 tttm
3259 1542 3422 1596 [iebat
3453 1552 3509 1595 et

1929 1642 2188 1697 Ecclesiae
2220 1649 2548 1710 tempestate
2583 1639 2672 1692 illa
2703 1654 2853 1691 meas
2888 1636 3180 1690 claudente
3211 1644 3399 1704 portas
3434 1635 3506 1686 ita

1931 1743 1990 1786 ut
2032 1749 2102 1787 ne
2134 1733 2188 1786 in
2221 1731 2390 1788 breve
2419 1731 2580 1802 245
2613 1731 2837 1800 quidem
2890 1738 3108 1796 tempus
3146 1729 3325 1781 libera
3375 1727 3506 1781 licc-

1932 1836 2019 1880 ret
2047 1826 2124 1879 uti
2158 1824 2300 1879 aeris
2332 1826 2719 1895 respiratione.
2754 1822 2943 1875 Fando
2981 1830 3160 1875 tamen
3194 1821 3358 1892 paulo
3389 1830 3511 1892 post

1932 1932 2059 1973 cum
2098 1933 2212 1971 rem
2249 1915 2832 1986 accepissem.accidit
2869 1921 2929 1967 ut
2961 1927 3104 1965 unus
3134 1920 3192 1966 ct
3226 1911 3376 1965 solus
3408 1925 3510 1980 ego

1933 2025 1998 2066 ex
2041 2011 2107 2065 iis
2138 2026 2313 2064 essent
2338 2050 2352 2073 ,
2383 2011 2477 2078 qui
2511 2008 2644 2078 quid
2677 2008 2877 2062 factum
2912 2013 3059 2062 esset
3097 2015 3349 2058 tenerent
3383 2019 3512 2072 per-

1933 2103 2124 2156 multis
2169 2103 2286 2166 jam
2337 2115 2454 2154 rem
2516 2101 2736 2170 publice
2793 2095 3514 2165 divulgantihus.Quapro-

1934 2205 2060 2266 pter
2109 2198 2306 2250 harum
2360 2210 2546 2250 rerum
2599 2203 2660 2247 ut
2712 2191 3160 2260 improbabilium
3210 2188 3346 2243 nihil
3403 2187 3514 2240 u’llo

1935 2289 2099 2342 modo
2129 2289 2381 2359 placuit;
2413 2302 2596 2358 neque
2629 2287 2807 2340 visum
2843 2295 2928 2337 est
2955 2300 2982 2336 a
3015 2282 3276 2351 temporis
3303 2279 3514 2334 ratione

1935 2392 1991 2438 et
2052 2381 2386 2437 necessitate
2419 2380 2660 2434 alienum
2716 2394 2834 2432 esse
2893 2377 2962 2431 ab
3014 2375 3243 2430 historia
3291 2371 3343 2427 id
3393 2387 3517 2443 per-

1935 2477 2180 2532 scribere
2224 2473 2372 2546 quod
2421 2483 2477 2528 et
2512 2474 2900 2528 documentum
2939 2469 3210 2524 divinitus
3243 2464 3514 2537 przebcret

1938 2567 2448 2622 manifestissimum
2485 2563 2757 2618 vecordiae
2791 2571 3204 2633 persecutorum
3239 2566 3296 2613 et
3328 2557 3514 2612 since-

1940 2677 2056 2714 ram
2093 2659 2322 2714 omnino
2364 2666 2682 2712 nOstrarum
2733 2655 3181 2725 persecutionum
3212 2647 3521 2705 enarratio-

1939 2768 2062 2824 nem
2098 2753 2413 2808 exhiberet.

2009 2844 2150 2900 Xlll.
2193 2845 2514 2900 Philotheus
2559 2845 2707 2898 enim
2739 2839 3034 2902 Coccinus,
3070 2847 3204 2894 tunc
3256 2833 3521 2902 temporis

1942 2940 2250 3010 patriarcha
2322 2948 2596 3009 tanquam
2665 2937 2916 2991 idoneam
2966 2931 3196 3002 adeptus
3251 2936 3522 2998 opportu-

1942 3033 2193 3097 nitatem,
2223 3049 2442 3100 operam
2465 3031 2684 3084 uavavit
2713 3029 2780 3082 ad
2801 3024 3242 3082 constituendam
3270 3038 3523 3075 commu-

1943 3141 2067 3180 nem
2103 3127 2480 3179 I‘alamitirum
2521 3117 3525 3198 polytheismtnn.Multitudineigitur

253 3217 586 3285 παμπόλλου
614 3220 722 3273 τῶν
752 3221 812 3275 ἐν
835 3224 1063 3291 ἀγοραῖς
1094 3224 1187 3275 xui.
1214 3224 1454 3293 τριόδοις
1478 3225 1840 3294 καλινδουμέ-

1952 3234 2144 3287 magna
2175 3229 2502 3286 congregata
2530 3232 2722 3269 eorum
2753 3215 2846 3283 qui
2883 3217 2936 3266 in
2967 3214 3088 3266 foro
3115 3221 3170 3266 et
3203 3210 3380 3263 triviis
3406 3225 3524 3261 νυν-

256 3326 392 3371 νων,
449 3310 580 3374 στὰς
637 3313 724 3382 ἐφ’
788 3314 1019 3386 ὑψηλοῦ,
1087 3335 1105 3366 ι
1151 3317 1346 3386 Χρεὼν
1381 3319 1550 3385 ὑμᾶς,
1593 3337 1612 3367 ›
1650 3322 1839 3387 φησιν,

263 3423 286 3456 c
327 3399 373 3458 ὦ
421 3406 615 3476 ἄνδρες
647 3423 709 3461 τε
740 3408 834 3461 ml.
873 3412 1130 3476 γυναῖκες
1166 3413 1260 3478 καὶ
1311 3411 1482 3463 τέκνα
1539 3412 1733 3480 νήπια,
1769 3412 1844 3482 μὴ

260 3499 594 3562 θείαςεᾶνευ
644 3502 903 3571 προνοίας
951 3505 1160 3557 οἴεσθαι
1217 3504 1316 3572 τὴν
1346 3505 1438 3556 τοῦ
1494 3505 1638 3557 θείου
1693 3505 1846 3558 τοῦδε

261 3593 526 3662 λειψάνου
553 3598 666 3658 τοῖς
694 3597 956 3650 ἑνεστῶσι
981 3597 1235 3664 γενέσθαι
1267 3600 1482 3668 καιροῖς
1523 3599 1845 3668 ἐμφάνειαν,

261 3689 497 3742 ἁλλ’-ἴνα
544 3691 606 3741 τὸ
637 3691 912 3751 πλείστοις
962 3690 1051 3745 διὰ
1088 3692 1188 3762 τὴν
1237 3691 1347 3746 τῶν
1400 3689 1694 3744 ἀντιθέτων
1731 3690 1848 3761 ἔριν

263 3785 760 3854 ἀμφισϐητήσιμον
821 3783 1068 3854 ἐμφανὲς
1117 3786 1208 3838 καὶ
1244 3786 1410 3852 σαφὲς
1454 3788 1726 3854 καταστῇ,
1757 3786 1853 3836 καὶ

263 3876 552 3945 γνώριμον
598 3879 826 3949 γένηται
873 3879 1011 3930 πᾶσι
1056 3876 1174 3940 πῶς
1231 3876 1331 3946 μὲν
1366 3877 1426 3930 τὺ
1470 3876 1672 3940 πολλάς
1696 3894 1853 3939 τινας

268 3970 453 4022 σέϐειν
492 3971 640 4039 ἡμᾶς
687 3970 968 4041 ἐνεργείας
999 3971 1288 4032 ἀκτίστους
1333 3970 1428 4022 καὶ
1450 3970 1758 4033 ἀνουσίους,
1789 3968 1854 4030 ἃς

268 4064 371 4116 καὶ
403 4061 666 4132 θεότητας
701 4064 1227 4133 ἀνουσιοῦφειμὲνας
1257 4065 1356 4134 τῆς
1398 4064 1547 4124 θείας
1580 4062 1856 4128 καλοῦμεν

271 4156 467 4217 οὐσίας
498 4155 595 4208 καὶ
633 4145 961 4226 διαφόρους⁴
981 4156 1152 4226 αὐτῆς
1191 4171 1251 4208 τε
1301 4156 1397 4208 καὶ
1432 4154 1700 4226 ἀλλήλων,
1731 4155 1856 4208 ἀκί-

190 4264 201 4278 ’
271 4248 471 4318 66η).όν
510 4247 572 4300 τὲ
591 4248 707 4301 ἐστι
731 4247 827 4300 καὶ
851 4247 1093 4310 εὐσεῦὲς,
1126 4248 1160 4318 ὴ
1193 4246 1251 4300 δὲ
1277 4247 1706 4315 τῶνεάντιθὲτων
1737 4244 1860 4298 καθ’

273 4343 436 4412 ἡμῶν
489 4340 731 4410 λοιδορία
786 4343 1015 4410 μάταιος
1067 4342 1163 4394 καὶ
1209 4340 1660 4413 κατεγνωσμένη.
1701 4340 1876 4390 Ἐστι-

282 4440 380 4507 μὲν
411 4433 506 4490 οὖν
535 4436 830 4499 κᾲντεῦθεν
877 4434 1224 4503 οὐκοᾶδηλον
1261 4435 1323 4486 τὸ
1358 4435 1458 4504 τῆς
1489 4434 1638 4496 θείας
1676 4433 1862 4503 ψήφου

276 4535 375 4585 καὶ
409 4532 510 4600 τῆς
537 4530 720 4583 αὐτῶν
752 4527 1053 4598 καταδίκης
1079 4542 1093 4558 ’
1139 4526 1290 4593 αὐτοὶ
1327 4527 1426 4592 μὲν
1457 4527 1566 4596 γὰρ
1595 4529 1650 4576 ἐν
1683 4543 1864 4592 παρα-

1949 3321 2164 3375 smitur,
2199 3321 2350 3363 stans
2383 3311 2436 3362 in
2471 3311 2591 3362 loco
2625 3307 2911 3375 superiore
2945 3325 2957 3358 :
2991 3324 3010 3356 ι
3041 3303 3276 3358 Necesse
3305 3310 3411 3362 est,
3447 3301 3527 3352 iii-

1948 3401 2101 3468 q.uit,
2133 3415 2232 3454 vos
2262 3399 2399 3460 viri,
2437 3399 2715 3460 mulieres,
2752 3395 3015 3458 infantes,
3053 3407 3156 3445 non
3187 3391 3308 3444 sine
3339 3390 3528 3442 divina

1951 3492 2296 3562 providentia
2327 3489 2566 3544 credatis
2601 3489 2797 3542 factam
2827 3502 2950 3540 esse
2978 3482 3236 3554 praesenti
3281 3493 3530 3550 tempore

1953 3587 2150 3639 harent
2199 3584 2514 3637 divinarum
2562 3581 2920 3649 reliquiarum
2972 3575 3402 3638 revelationcm,
3434 3573 3531 3626 sed

1954 3682 2197 3748 ut,quo,il
2219 3688 2448 3748 propter
2475 3674 2916 3729 adversariormn
2947 3668 3405 3737 disceptationem
3435 3665 3535 3719 du-

1957 3771 2109 3832 bium
2139 3781 2242 3832 est,
2277 3768 2631 3821 manifestum
2668 3765 2760 3818 iiat
2787 3772 2842 3817 et
2878 3764 3098 3830 planum
3123 3773 3289 3828 atque
3321 3759 3389 3811 ab
3422 3775 3537 3809 oin-

1958 3861 2125 3914 nibus
2178 3860 2518 3927 intelligatur
2571 3856 2734 3926 quale
2791 3853 2864 3908 sit
2917 3852 3050 3905 illud
3103 3851 3252 3920 quod
3302 3849 3539 3903 colimus

1961 3955 2164 4007 multas
2220 3952 2543 4006 etlii-ientias
2605 3949 2878 4001 inereatas
2934 3959 2998 3998 ac
3065 3943 3392 3997 substantiae
3449 3957 3542 3993 ex-

1960 4058 2171 4118 pertes,
2215 4059 2350 4114 quas
2413 4044 2520 4096 alio
2598 4056 2818 4094 nomine
2878 4038 3199 4090 divinitates
3274 4035 3537 4100 dicimus,

1963 4139 2126 4210 2&6
2154 4139 2350 4191 divinae
2377 4135 2698 4189 substantiae
2734 4130 3062 4184 summissas
3091 4137 3256 4196 atque
3290 4141 3384 4180 cas
3414 4127 3542 4195 qui~

1964 4234 2087 4285 dem
2139 4245 2260 4284 cum
2308 4229 2376 4281 ab
2423 4226 2537 4296 ipsa
2583 4229 2683 4277 hac
2720 4233 2835 4274 tum
2868 4222 3015 4274 inter
3048 4236 3106 4273 se
3135 4233 3258 4273 esse
3293 4217 3544 4273 diversas

1965 4324 2186 4380 veritati
2235 4330 2291 4377 et
2335 4319 2527 4391 pietati
2558 4327 2994 4372 consentaneum
3027 4320 3132 4367 est.
3167 4310 3543 4364 Adversariu-

1968 4433 2094 4473 rum
2141 4424 2324 4471 autem
2373 4415 2430 4468 in
2465 4428 2565 4466 nos
2594 4411 2842 4478 conjecta
2877 4408 3129 4461 convicia
3162 4421 3301 4457 vana
3333 4413 3461 4457 sunt
3493 4415 3549 4458 et

1975 4509 2309 4566 damnanda.
2342 4508 2440 4561 Est
2471 4505 2634 4575 igitur
2665 4503 2795 4556 hinc
2826 4501 2991 4555 etiam
3025 4515 3136 4552 non
3169 4498 3405 4551 obscura
3438 4497 3552 4550 suf-

278 4628 466 4696 6ύστῳ
505 4627 599 4678 καὶ
629 4625 855 4694 γωνίαις
888 4623 1216 4696 ἐρριμμένοι
1259 4621 1441 4691 πάσης
1474 4620 1623 4683 ἄξιον
1653 4619 1846 4688 ὖὸρεω.

1974 4605 2204 4674 l'ragatio
2233 4603 2421 4657 divina
2452 4616 2506 4655 et
2540 4601 2760 4656 illorum
2796 4597 3186 4654 condemnatio
3219 4615 3232 4651 :
3268 4596 3370 4666 ipsi
3404 4595 3549 4647 enim

279 4723 509 4775 ἀνύουσι
547 4718 732 4791 Π.ωὸ
757 4715 834 4789 υ.]
864 4717 980 4786 βίον
1019 4717 1112 4768 καὶ
1149 4715 1271 4768 λίαν
1302 4713 1700 4784 ἡχρειωμένόν,
1733 4713 1866 4781 ἡμῖν

280 4817 340 4869 δὲ
370 4814 688 4886 παρρησίαν
710 4813 926 4866 δίδωσιν
954 4813 982 4864 ὁ
1005 4811 1159 4872 Θεὸς,
1196 4808 1294 4862 καὶ
1325 4806 1690 4876 σεμνύνεσθαι
1713 4806 1779 4858 τά
1809 4822 1866 4857 τε

284 4910 447 4974 ἄλλα,
477 4909 576 4960 καὶ
609 4907 844 4976 μάλιστα
863 4907 929 4976 τῇ
966 4903 1057 4956 τοῦ
1089 4902 1355 4973 παρόντος
1377 4901 1464 4953 διὰ
1494 4898 1729 4968 μακρῶν
1764 4897 1866 4967 ἥδη

284 5003 397 5056 τῶν
447 5001 719 5072 χρονικῶν
777 4998 1040 5069 περιόδων
1075 4997 1288 5065 εὑρέσει
1344 4994 1486 5046 θείου
1526 4991 1806 5062 λειψάνου.
1846 5010 1863 5040 ι

285 5089 476 5143 Ταῦτα
505 5089 570 5157 δὴ
597 5090 690 5139 καὶ
739 5088 905 5139 πλείω
956 5091 1023 5138 τα
1050 5083 1416 5154 παραπλήσια
1455 5077 1870 5148 διεξεληλυῖὼξ.

288 5185 546 5238 ἐκέλευσε
571 5185 691 5243 ταῖς
719 5179 1085 5250 μοναζούσαις
1111 5179 1308 5243 ὀλίγων
1344 5174 1495 5235 ἐντὸς
1545 5171 1768 5240 ἡμερῶν
1804 5171 1869 5239 τῇ

288 5279 369 5347 τῷ
398 5277 543 5345 ἁγίῳ
578 5275 769 5343 ἐκείνῳ
792 5271 1034 5340 λειψᾶνῳ
1075 5267 1423 5340 ἁρμοῖ-δούσῃ
1467 5266 1699 5319 ἐνθεῖναι
1728 5265 1873 5336 θήκῃ
1908 5294 1914 5298 ν

293 5372 438 5424 κατὰ
474 5371 565 5422 τὸν
592 5371 648 5420 ὲν
679 5370 789 5430 τοῖς
825 5366 923 5434 τῆς
962 5366 1129 5434 μονῆς
1181 5360 1544 5432 προπυλαίοις
1601 5375 1878 5428 προπαρε-

296 5461 676 5530 σκευασμένον
727 5459 994 5518 οἰκίσκον,
1032 5460 1268 5512 κᾶπειτα
1303 5456 1430 5524 ἑξῆς
1459 5453 1745 5521 ἑτοιμάσαι
1785 5452 1878 5503 καὶ

293 5559 397 5609 ὅσα
434 5557 568 5626 πρὸς
601 5551 948 5625 ἀπαρτισμὸν
990 5549 1348 5620 ὲνθρονισμοῦ
1384 5549 1646 5610 συντελεῖ,
1674 5547 1878 5616 ppu-3m-

297 5647 378 5716 μά
405 5663 464 5698 τε
510 5646 643 5714 πρὸς
677 5643 888 5704 τούτοις
919 5644 1016 5695 καὶ
1049 5643 1258 5710 πόσιμα
1303 5643 1405 5692 ὅσα
1440 5641 1577 5707 πρὸς
1611 5635 1879 5703 ὑποδοχὴν

295 5739 522 5809 ἄρκέσει
568 5736 644 5806 τῷ
699 5755 755 5790 τε
806 5741 902 5805 τῆς
936 5736 1267 5806 Ἐκκλησίας
1314 5733 1516 5786 ἅπαντι
1546 5731 1732 5799 κλήρῳ
1787 5729 1882 5780 καὶ

298 5834 418 5885 ὅσοι
471 5832 584 5886 τῶν
621 5831 934 5885 ἐπισκόπων
964 5834 1058 5883 καὶ
1110 5827 1500 5899 πρεσϐυτέρων
1533 5824 1627 5875 καὶ
1671 5823 1879 5875 λαῖκῶν

305 5921 622 5980 ἱπείσακτοὶ
668 5923 908 5988 ἔσονται,
944 5922 1060 5988 ἅμα
1106 5920 1257 5986 αὐτῷ
1303 5917 1400 5985 τὴν
1442 5914 1756 5984 ἱερουργίαν
1798 5930 1885 5967 τε-

1973 4697 2029 4750 in
2057 4696 2305 4750 occultos
2334 4695 2487 4749 locos
2514 4703 2569 4748 et
2600 4695 2832 4763 angulos
2875 4691 3073 4762 dejecti
3125 4689 3278 4744 omni
3331 4688 3551 4758 dignam

1973 4789 2399 4859 exprobratione
2420 4788 2731 4857 transigunt
2751 4789 2911 4839 vitam
2935 4801 2998 4838 ac
3024 4799 3250 4853 prorsus
3280 4783 3553 4844 inutilem;

1975 4864 2142 4937 nobis
2189 4891 2372 4936 autem
2406 4881 2724 4934 facultatem
2780 4879 2932 4931 dedit
2987 4879 3130 4928 Deus
3185 4873 3553 4940 conceditque

1980 4987 2037 5029 ut
2054 4992 2175 5027 cum
2192 4976 2258 5028 de
2273 4974 2487 5028 caeteris
2509 4973 2674 5026 rebus
2695 4982 2804 5024 tum
2827 4970 2897 5023 de
2912 4972 3011 5021 hac
3027 4971 3266 5021 maxime
3285 4967 3560 5036 possimus

1977 5068 2592 5140 gloriari,praesentium
2626 5079 2822 5132 nempe
2856 5061 3167 5114 divinarum
3194 5059 3554 5128 reliquiarum

1980 5171 2100 5231 post
2122 5162 2279 5229 longa
2300 5161 2408 5230 jam
2433 5168 2739 5227 temporum
2762 5154 3047 5209 intervalla
3067 5153 3406 5206 inventione.
3434 5149 3562 5204 Ilmc

1980 5255 2151 5324 igitur
2185 5255 2383 5322 hisque
2429 5251 2586 5321 plura
2630 5251 2833 5304 similia
2877 5250 3096 5302 locutus
3149 5245 3428 5301 solitarias
3475 5245 3558 5296 fe-

1982 5347 2160 5400 minas
2183 5345 2346 5415 jussit
2375 5344 2519 5396 intra
2549 5358 2754 5410 paucos
2786 5342 2903 5395 dies
2931 5355 3115 5394 sacras
3136 5339 3265 5396 illas
3299 5336 3564 5404 reliquias
3610 5321 3615 5332 ’

1982 5441 2037 5494 in
2060 5439 2382 5492 fabricatam
2407 5437 2472 5490 ad
2517 5436 2570 5490 id
2598 5435 2775 5504 ipsum
2807 5435 2999 5487 cistam
3036 5434 3320 5500 imponere
3353 5430 3408 5481 in
3434 5427 3568 5482 ιωιὶ-

1983 5534 2104 5588 cula
2165 5549 2284 5602 quae
2335 5531 2389 5585 in
2419 5530 2560 5582 atrio
2603 5527 2935 5582 monasterii
2968 5535 3114 5579 esset
3153 5531 3470 5587 exstructa,
3511 5531 3568 5575 et

1989 5637 2100 5679 tum
2145 5625 2412 5693 deinceps
2443 5623 2607 5676 etiam
2643 5634 2841 5686 parare
2871 5614 3142 5686 quidquid
3175 5614 3242 5667 ad
3279 5613 3570 5683 perlicien-

1987 5718 2112 5776 dam
2166 5717 2646 5789 inaugurationcm
2696 5713 3036 5782 pertineret.
3069 5709 3255 5762 cibum
3308 5717 3570 5777 praeterea

1991 5831 2055 5870 ac
2089 5823 2277 5884 potum
2308 5813 2404 5882 qui
2439 5810 2505 5863 ad
2535 5805 2928 5876 excipiendum
2954 5801 3235 5858 suilicerct
3267 5803 3440 5854 totius
3479 5814 3572 5851 ρο·
3621 5831 3626 5834 -

2001 5909 2184 5966 ςιοεὶιο
2226 5908 2462 5972 clerum,
2508 5919 2571 5959 ac
2612 5902 3000 5970 episcoporum
3030 5897 3270 5964 denique
3325 5902 3381 5948 et
3440 5906 3570 5960 pro-
