  <div class='ocr_page' id='page_1' title='image "/cluster/home/n/w/nwhite01/storage/ocr_20150623/149/hvd.32044019208370/115.png"; bbox 0 0 3966 6632; ppageno 0'>
   <div class='ocr_carea' id='block_1_1' title="bbox 431 410 538 472">
    <p class='ocr_par' dir='ltr' id='par_1_1' title="bbox 431 410 538 472">
     <span class='ocr_line' id='line_1_1' title="bbox 431 410 538 472; baseline -0.065 0"><span class='ocrx_word' id='word_1_1' title='bbox 431 410 538 472; x_wconf 70' lang='grc' dir='ltr'><strong>2Σὲὶ</strong></span> 
     </span>
    </p>
   </div>
   <div class='ocr_carea' id='block_1_2' title="bbox 1623 411 2492 492">
    <p class='ocr_par' dir='ltr' id='par_1_2' title="bbox 1623 411 2492 492">
     <span class='ocr_line' id='line_1_2' title="bbox 1623 411 2492 492; baseline 0.005 -4"><span class='ocrx_word' id='word_1_2' title='bbox 1623 411 2058 488; x_wconf 71' lang='lat' dir='ltr'><strong>Lvrcnruoui</strong></span> <span class='ocrx_word' id='word_1_3' title='bbox 2100 427 2492 492; x_wconf 66' lang='lat' dir='ltr'><strong>GREGORIE</strong></span> 
     </span>
    </p>
   </div>
   <div class='ocr_carea' id='block_1_3' title="bbox 3705 241 3742 256">
    <p class='ocr_par' dir='ltr' id='par_1_3' title="bbox 3705 241 3742 256">
     <span class='ocr_line' id='line_1_3' title="bbox 3705 241 3742 256; baseline 0 -4"><span class='ocrx_word' id='word_1_4' title='bbox 3705 241 3742 256; x_wconf 68' lang='grc' dir='ltr'><strong>..ια</strong></span> 
     </span>
    </p>
   </div>
   <div class='ocr_carea' id='block_1_4' title="bbox 3605 437 3714 502">
    <p class='ocr_par' dir='ltr' id='par_1_4' title="bbox 3605 437 3714 502">
     <span class='ocr_line' id='line_1_4' title="bbox 3605 437 3714 502; baseline 0.018 -2"><span class='ocrx_word' id='word_1_5' title='bbox 3605 437 3714 502; x_wconf 73' lang='grc'><strong>216</strong></span> 
     </span>
    </p>
   </div>
   <div class='ocr_carea' id='block_1_5' title="bbox 437 525 2030 622">
    <p class='ocr_par' dir='ltr' id='par_1_5' title="bbox 437 525 2012 601">
     <span class='ocr_line' id='line_1_5' title="bbox 437 525 2012 601; baseline 0.006 -25"><span class='ocrx_word' id='word_1_6' title='bbox 437 529 690 579; x_wconf 78' lang='lat' dir='ltr'><strong>fanorum</strong></span> <span class='ocrx_word' id='word_1_7' title='bbox 727 527 821 594; x_wconf 88' lang='lat' dir='ltr'><strong>qni</strong></span> <span class='ocrx_word' id='word_1_8' title='bbox 875 525 1016 578; x_wconf 65' lang='lat' dir='ltr'><strong>forte</strong></span> <span class='ocrx_word' id='word_1_9' title='bbox 1050 525 1263 580; x_wconf 87' lang='lat' dir='ltr'><strong>invitati</strong></span> <span class='ocrx_word' id='word_1_10' title='bbox 1295 527 1475 582; x_wconf 83' lang='lat' dir='ltr'><strong>forent</strong></span> <span class='ocrx_word' id='word_1_11' title='bbox 1519 546 1644 584; x_wconf 87' lang='lat' dir='ltr'><strong>cum</strong></span> <span class='ocrx_word' id='word_1_12' title='bbox 1695 532 1814 601; x_wconf 88' lang='lat' dir='ltr'><strong>ipso</strong></span> <span class='ocrx_word' id='word_1_13' title='bbox 1859 548 2012 588; x_wconf 83' lang='lat' dir='ltr'><strong>sacra</strong></span> 
     </span>
    </p>
   </div>
   <div class='ocr_carea' id='block_1_6' title="bbox 2136 525 3713 622">
    <p class='ocr_par' dir='ltr' id='par_1_6' title="bbox 2136 540 3713 622">
     <span class='ocr_line' id='line_1_6' title="bbox 2136 540 3713 622; baseline 0.006 -29"><span class='ocrx_word' id='word_1_14' title='bbox 2136 540 2386 604; x_wconf 67' lang='grc' dir='ltr'><strong>λιέσοντες.</strong></span> <span class='ocrx_word' id='word_1_15' title='bbox 2413 543 2524 596; x_wconf 78' lang='grc' dir='ltr'><strong>Καὶ</strong></span> <span class='ocrx_word' id='word_1_16' title='bbox 2551 543 2724 598; x_wconf 80' lang='grc' dir='ltr'><strong>ταῦτα</strong></span> <span class='ocrx_word' id='word_1_17' title='bbox 2759 546 2860 614; x_wconf 73' lang='grc' dir='ltr'><strong>μὲν</strong></span> <span class='ocrx_word' id='word_1_18' title='bbox 2897 546 3020 616; x_wconf 76' lang='grc' dir='ltr'><strong>τῇδέ</strong></span> <span class='ocrx_word' id='word_1_19' title='bbox 3063 563 3139 616; x_wconf 86' lang='grc' dir='ltr'><strong>πη</strong></span> <span class='ocrx_word' id='word_1_20' title='bbox 3181 546 3504 618; x_wconf 69' lang='grc' dir='ltr'><strong>κεχώρηκεν</strong></span> <span class='ocrx_word' id='word_1_21' title='bbox 3533 565 3550 580; x_wconf 89' lang='grc'><strong>·</strong></span> <span class='ocrx_word' id='word_1_22' title='bbox 3585 549 3713 622; x_wconf 71' lang='grc' dir='ltr'><strong>ἄρτι</strong></span> 
     </span>
    </p>
   </div>
   <div class='ocr_carea' id='block_1_7' title="bbox 437 615 2012 686">
    <p class='ocr_par' dir='ltr' id='par_1_7' title="bbox 437 615 2012 686">
     <span class='ocr_line' id='line_1_7' title="bbox 437 615 2012 686; baseline 0.006 -18"><span class='ocrx_word' id='word_1_23' title='bbox 437 615 660 670; x_wconf 78' lang='lat' dir='ltr'><strong>facturi.</strong></span> <span class='ocrx_word' id='word_1_24' title='bbox 707 615 777 670; x_wconf 86' lang='lat' dir='ltr'><strong>Et</strong></span> <span class='ocrx_word' id='word_1_25' title='bbox 823 617 937 670; x_wconf 64' lang='lat' dir='ltr'><strong>haec</strong></span> <span class='ocrx_word' id='word_1_26' title='bbox 985 617 1206 686; x_wconf 85' lang='lat' dir='ltr'><strong>quidem</strong></span> <span class='ocrx_word' id='word_1_27' title='bbox 1253 619 1326 672; x_wconf 89' lang='lat' dir='ltr'><strong>ita</strong></span> <span class='ocrx_word' id='word_1_28' title='bbox 1370 621 1484 674; x_wconf 77' lang='lat' dir='ltr'><strong>fere</strong></span> <span class='ocrx_word' id='word_1_29' title='bbox 1531 632 1844 678; x_wconf 84' lang='lat' dir='ltr'><strong>cesserunt.</strong></span> <span class='ocrx_word' id='word_1_30' title='bbox 1891 624 2012 678; x_wconf 74' lang='lat' dir='ltr'><strong>Mox</strong></span> 
     </span>
    </p>
   </div>
   <div class='ocr_carea' id='block_1_8' title="bbox 435 707 2014 781">
    <p class='ocr_par' dir='ltr' id='par_1_8' title="bbox 435 707 2014 781">
     <span class='ocr_line' id='line_1_8' title="bbox 435 707 2014 781; baseline 0.007 -21"><span class='ocrx_word' id='word_1_31' title='bbox 435 717 622 762; x_wconf 89' lang='lat' dir='ltr'><strong>autem</strong></span> <span class='ocrx_word' id='word_1_32' title='bbox 674 707 726 762; x_wconf 91' lang='lat' dir='ltr'><strong>in</strong></span> <span class='ocrx_word' id='word_1_33' title='bbox 759 709 963 778; x_wconf 74' lang='lat' dir='ltr'><strong>vigiliis</strong></span> <span class='ocrx_word' id='word_1_34' title='bbox 997 709 1103 763; x_wconf 82' lang='lat' dir='ltr'><strong>diei</strong></span> <span class='ocrx_word' id='word_1_35' title='bbox 1163 712 1312 774; x_wconf 79' lang='lat' dir='ltr'><strong>festi,</strong></span> <span class='ocrx_word' id='word_1_36' title='bbox 1343 729 1452 781; x_wconf 88' lang='lat' dir='ltr'><strong>quo</strong></span> <span class='ocrx_word' id='word_1_37' title='bbox 1516 715 1802 780; x_wconf 83' lang='lat' dir='ltr'><strong>oportebat</strong></span> <span class='ocrx_word' id='word_1_38' title='bbox 1857 733 2014 770; x_wconf 84' lang='lat' dir='ltr'><strong>sacra</strong></span> 
     </span>
    </p>
   </div>
   <div class='ocr_carea' id='block_1_9' title="bbox 437 801 2020 864">
    <p class='ocr_par' dir='ltr' id='par_1_9' title="bbox 437 801 2020 864">
     <span class='ocr_line' id='line_1_9' title="bbox 437 801 2020 864; baseline 0.005 -10"><span class='ocrx_word' id='word_1_39' title='bbox 437 801 632 864; x_wconf 89' lang='lat' dir='ltr'><strong>obire,</strong></span> <span class='ocrx_word' id='word_1_40' title='bbox 683 801 870 855; x_wconf 84' lang='lat' dir='ltr'><strong>omnia</strong></span> <span class='ocrx_word' id='word_1_41' title='bbox 935 802 1198 856; x_wconf 88' lang='lat' dir='ltr'><strong>solitariis</strong></span> <span class='ocrx_word' id='word_1_42' title='bbox 1275 805 1380 856; x_wconf 55' lang='lat' dir='ltr'><strong>illis</strong></span> <span class='ocrx_word' id='word_1_43' title='bbox 1451 806 1576 862; x_wconf 87' lang='lat' dir='ltr'><strong>inde</strong></span> <span class='ocrx_word' id='word_1_44' title='bbox 1645 823 1674 860; x_wconf 89' lang='lat' dir='ltr'><strong>a</strong></span> <span class='ocrx_word' id='word_1_45' title='bbox 1744 809 2020 862; x_wconf 78' lang='lat' dir='ltr'><strong>matutino</strong></span> 
     </span>
    </p>
   </div>
   <div class='ocr_carea' id='block_1_10' title="bbox 440 893 2020 972">
    <p class='ocr_par' dir='ltr' id='par_1_10' title="bbox 440 893 2020 972">
     <span class='ocr_line' id='line_1_10' title="bbox 440 893 2020 972; baseline 0.006 -26"><span class='ocrx_word' id='word_1_46' title='bbox 440 909 616 962; x_wconf 85' lang='lat' dir='ltr'><strong>usque</strong></span> <span class='ocrx_word' id='word_1_47' title='bbox 642 893 708 947; x_wconf 87' lang='lat' dir='ltr'><strong>ad</strong></span> <span class='ocrx_word' id='word_1_48' title='bbox 739 895 1116 964; x_wconf 86' lang='lat' dir='ltr'><strong>vespertinum</strong></span> <span class='ocrx_word' id='word_1_49' title='bbox 1153 905 1370 964; x_wconf 88' lang='lat' dir='ltr'><strong>tempus</strong></span> <span class='ocrx_word' id='word_1_50' title='bbox 1401 900 1848 968; x_wconf 75' lang='lat' dir='ltr'><strong>0ccupatis,qua&#39;:</strong></span> <span class='ocrx_word' id='word_1_51' title='bbox 1879 916 2020 972; x_wconf 87' lang='lat' dir='ltr'><strong>opus</strong></span> 
     </span>
    </p>
   </div>
   <div class='ocr_carea' id='block_1_11' title="bbox 438 984 2018 1062">
    <p class='ocr_par' dir='ltr' id='par_1_11' title="bbox 438 984 2018 1062">
     <span class='ocr_line' id='line_1_11' title="bbox 438 984 2018 1062; baseline 0.008 -27"><span class='ocrx_word' id='word_1_52' title='bbox 438 993 598 1038; x_wconf 84' lang='lat' dir='ltr'><strong>erant</strong></span> <span class='ocrx_word' id='word_1_53' title='bbox 629 984 844 1038; x_wconf 84' lang='lat' dir='ltr'><strong>abunde</strong></span> <span class='ocrx_word' id='word_1_54' title='bbox 881 987 1330 1056; x_wconf 81' lang='lat' dir='ltr'><strong>suppeditabant;</strong></span> <span class='ocrx_word' id='word_1_55' title='bbox 1382 1003 1572 1046; x_wconf 74' lang='lat' dir='ltr'><strong>sancto</strong></span> <span class='ocrx_word' id='word_1_56' title='bbox 1599 1001 1784 1046; x_wconf 87' lang='lat' dir='ltr'><strong>autem</strong></span> <span class='ocrx_word' id='word_1_57' title='bbox 1815 993 2018 1062; x_wconf 80' lang='lat' dir='ltr'><strong>cuique</strong></span> 
     </span>
    </p>
   </div>
   <div class='ocr_carea' id='block_1_12' title="bbox 443 1077 2022 1156">
    <p class='ocr_par' dir='ltr' id='par_1_12' title="bbox 443 1077 2022 1156">
     <span class='ocr_line' id='line_1_12' title="bbox 443 1077 2022 1156; baseline 0.009 -28"><span class='ocrx_word' id='word_1_58' title='bbox 443 1077 690 1144; x_wconf 88' lang='lat' dir='ltr'><strong>homini,</strong></span> <span class='ocrx_word' id='word_1_59' title='bbox 720 1079 1011 1148; x_wconf 74' lang='lat' dir='ltr'><strong>sanctique</strong></span> <span class='ocrx_word' id='word_1_60' title='bbox 1039 1081 1202 1152; x_wconf 85' lang='lat' dir='ltr'><strong>hujus</strong></span> <span class='ocrx_word' id='word_1_61' title='bbox 1233 1082 1342 1136; x_wconf 84' lang='lat' dir='ltr'><strong>Deo</strong></span> <span class='ocrx_word' id='word_1_62' title='bbox 1373 1085 1534 1138; x_wconf 89' lang='lat' dir='ltr'><strong>unico</strong></span> <span class='ocrx_word' id='word_1_63' title='bbox 1563 1101 1790 1155; x_wconf 79' lang='lat' dir='ltr'><strong>prorsus</strong></span> <span class='ocrx_word' id='word_1_64' title='bbox 1818 1087 2022 1156; x_wconf 89' lang='lat' dir='ltr'><strong>impro-</strong></span> 
     </span>
    </p>
   </div>
   <div class='ocr_carea' id='block_1_13' title="bbox 439 1171 2022 1234">
    <p class='ocr_par' dir='ltr' id='par_1_13' title="bbox 439 1171 2022 1234">
     <span class='ocr_line' id='line_1_13' title="bbox 439 1171 2022 1234; baseline 0.008 -12"><span class='ocrx_word' id='word_1_65' title='bbox 439 1171 681 1223; x_wconf 80' lang='lat' dir='ltr'><strong>bandum</strong></span> <span class='ocrx_word' id='word_1_66' title='bbox 708 1181 822 1224; x_wconf 89' lang='lat' dir='ltr'><strong>erat</strong></span> <span class='ocrx_word' id='word_1_67' title='bbox 851 1187 914 1226; x_wconf 90' lang='lat' dir='ltr'><strong>ac</strong></span> <span class='ocrx_word' id='word_1_68' title='bbox 949 1173 1174 1227; x_wconf 80' lang='lat' dir='ltr'><strong>minime</strong></span> <span class='ocrx_word' id='word_1_69' title='bbox 1203 1176 1488 1230; x_wconf 78' lang='lat' dir='ltr'><strong>ferendum</strong></span> <span class='ocrx_word' id='word_1_70' title='bbox 1521 1179 1617 1230; x_wconf 75' lang='lat' dir='ltr'><strong>has</strong></span> <span class='ocrx_word' id='word_1_71' title='bbox 1643 1191 1732 1232; x_wconf 88' lang='lat' dir='ltr'><strong>res</strong></span> <span class='ocrx_word' id='word_1_72' title='bbox 1762 1187 2022 1234; x_wconf 82' lang='lat' dir='ltr'><strong>tractatas</strong></span> 
     </span>
    </p>
   </div>
   <div class='ocr_carea' id='block_1_14' title="bbox 435 1264 2022 1325">
    <p class='ocr_par' dir='ltr' id='par_1_14' title="bbox 435 1264 2022 1325">
     <span class='ocr_line' id='line_1_14' title="bbox 435 1264 2022 1325; baseline 0.006 -10"><span class='ocrx_word' id='word_1_73' title='bbox 435 1277 560 1318; x_wconf 83' lang='lat' dir='ltr'><strong>esse</strong></span> <span class='ocrx_word' id='word_1_74' title='bbox 635 1264 890 1318; x_wconf 89' lang='lat' dir='ltr'><strong>manibus</strong></span> <span class='ocrx_word' id='word_1_75' title='bbox 948 1265 1193 1318; x_wconf 88' lang='lat' dir='ltr'><strong>virorum</strong></span> <span class='ocrx_word' id='word_1_76' title='bbox 1251 1267 1482 1322; x_wconf 85' lang='lat' dir='ltr'><strong>deorum</strong></span> <span class='ocrx_word' id='word_1_77' title='bbox 1533 1268 1798 1324; x_wconf 80' lang='lat' dir='ltr'><strong>falsorum</strong></span> <span class='ocrx_word' id='word_1_78' title='bbox 1883 1273 2022 1325; x_wconf 88' lang='lat' dir='ltr'><strong>mul-</strong></span> 
     </span>
    </p>
   </div>
   <div class='ocr_carea' id='block_1_15' title="bbox 441 1345 2022 1433">
    <p class='ocr_par' dir='ltr' id='par_1_15' title="bbox 441 1345 2022 1433">
     <span class='ocr_line' id='line_1_15' title="bbox 441 1345 2022 1433; baseline 0.006 -25"><span class='ocrx_word' id='word_1_79' title='bbox 441 1353 737 1408; x_wconf 83' lang='lat' dir='ltr'><strong>titudinem</strong></span> <span class='ocrx_word' id='word_1_80' title='bbox 795 1357 1096 1412; x_wconf 85' lang='lat' dir='ltr'><strong>colentium</strong></span> <span class='ocrx_word' id='word_1_81' title='bbox 1148 1357 1310 1430; x_wconf 59' lang='lat'><strong>25.7</strong></span> <span class='ocrx_word' id='word_1_82' title='bbox 1359 1345 1568 1430; x_wconf 82' lang='lat' dir='ltr'><strong>quique</strong></span> <span class='ocrx_word' id='word_1_83' title='bbox 1617 1363 1690 1415; x_wconf 89' lang='lat' dir='ltr'><strong>ita</strong></span> <span class='ocrx_word' id='word_1_84' title='bbox 1741 1363 2022 1433; x_wconf 87' lang='lat' dir='ltr'><strong>impietate</strong></span> 
     </span>
    </p>
   </div>
   <div class='ocr_carea' id='block_1_16' title="bbox 441 1443 2024 1514">
    <p class='ocr_par' dir='ltr' id='par_1_16' title="bbox 441 1443 2024 1514">
     <span class='ocr_line' id='line_1_16' title="bbox 441 1443 2024 1514; baseline 0.008 -19"><span class='ocrx_word' id='word_1_85' title='bbox 441 1443 705 1498; x_wconf 78' lang='lat' dir='ltr'><strong>diuturna</strong></span> <span class='ocrx_word' id='word_1_86' title='bbox 754 1454 810 1498; x_wconf 91' lang='lat' dir='ltr'><strong>et</strong></span> <span class='ocrx_word' id='word_1_87' title='bbox 865 1446 966 1514; x_wconf 83' lang='lat' dir='ltr'><strong>ipsi</strong></span> <span class='ocrx_word' id='word_1_88' title='bbox 1023 1447 1383 1504; x_wconf 77' lang='lat' dir='ltr'><strong>vehementer</strong></span> <span class='ocrx_word' id='word_1_89' title='bbox 1433 1452 1726 1508; x_wconf 88' lang='lat' dir='ltr'><strong>constricti</strong></span> <span class='ocrx_word' id='word_1_90' title='bbox 1783 1464 1839 1508; x_wconf 92' lang='lat' dir='ltr'><strong>et</strong></span> <span class='ocrx_word' id='word_1_91' title='bbox 1882 1454 2024 1508; x_wconf 81' lang='lat' dir='ltr'><strong>alios</strong></span> 
     </span>
    </p>
   </div>
   <div class='ocr_carea' id='block_1_17' title="bbox 441 1534 2020 1610">
    <p class='ocr_par' dir='ltr' id='par_1_17' title="bbox 441 1534 2020 1610">
     <span class='ocr_line' id='line_1_17' title="bbox 441 1534 2020 1610; baseline 0.006 -22"><span class='ocrx_word' id='word_1_92' title='bbox 441 1534 510 1589; x_wconf 89' lang='lat' dir='ltr'><strong>ad</strong></span> <span class='ocrx_word' id='word_1_93' title='bbox 559 1550 680 1590; x_wconf 86' lang='lat' dir='ltr'><strong>eam</strong></span> <span class='ocrx_word' id='word_1_94' title='bbox 715 1551 815 1590; x_wconf 92' lang='lat' dir='ltr'><strong>suo</strong></span> <span class='ocrx_word' id='word_1_95' title='bbox 855 1541 1109 1608; x_wconf 81' lang='lat' dir='ltr'><strong>exemplo</strong></span> <span class='ocrx_word' id='word_1_96' title='bbox 1150 1541 1510 1596; x_wconf 74' lang='lat' dir='ltr'><strong>adducerent.</strong></span> <span class='ocrx_word' id='word_1_97' title='bbox 1548 1543 1816 1610; x_wconf 81' lang='lat' dir='ltr'><strong>Quocirca</strong></span> <span class='ocrx_word' id='word_1_98' title='bbox 1853 1547 2020 1600; x_wconf 89' lang='lat' dir='ltr'><strong>etiam</strong></span> 
     </span>
    </p>
   </div>
   <div class='ocr_carea' id='block_1_18' title="bbox 441 1627 2024 1706">
    <p class='ocr_par' dir='ltr' id='par_1_18' title="bbox 441 1627 2024 1706">
     <span class='ocr_line' id='line_1_18' title="bbox 441 1627 2024 1706; baseline 0.005 -22"><span class='ocrx_word' id='word_1_99' title='bbox 441 1637 606 1684; x_wconf 85' lang='lat' dir='ltr'><strong>nocte</strong></span> <span class='ocrx_word' id='word_1_100' title='bbox 641 1627 733 1683; x_wconf 91' lang='lat' dir='ltr'><strong>illa</strong></span> <span class='ocrx_word' id='word_1_101' title='bbox 767 1631 871 1684; x_wconf 89' lang='lat' dir='ltr'><strong>sub</strong></span> <span class='ocrx_word' id='word_1_102' title='bbox 905 1632 1156 1686; x_wconf 87' lang='lat' dir='ltr'><strong>auditum</strong></span> <span class='ocrx_word' id='word_1_103' title='bbox 1183 1635 1294 1705; x_wconf 88' lang='lat' dir='ltr'><strong>jam</strong></span> <span class='ocrx_word' id='word_1_104' title='bbox 1325 1636 1591 1706; x_wconf 77' lang='lat' dir='ltr'><strong>gallorum</strong></span> <span class='ocrx_word' id='word_1_105' title='bbox 1623 1651 1845 1692; x_wconf 82' lang='lat' dir='ltr'><strong>cantum</strong></span> <span class='ocrx_word' id='word_1_106' title='bbox 1881 1639 2024 1692; x_wconf 71' lang='lat' dir='ltr'><strong>fama</strong></span> 
     </span>
    </p>
   </div>
   <div class='ocr_carea' id='block_1_19' title="bbox 441 1719 2026 1800">
    <p class='ocr_par' dir='ltr' id='par_1_19' title="bbox 441 1719 2026 1800">
     <span class='ocr_line' id='line_1_19' title="bbox 441 1719 2026 1800; baseline 0.007 -27"><span class='ocrx_word' id='word_1_107' title='bbox 441 1719 694 1790; x_wconf 64' lang='lat' dir='ltr'><strong>quaedam</strong></span> <span class='ocrx_word' id='word_1_108' title='bbox 721 1723 864 1776; x_wconf 87' lang='lat' dir='ltr'><strong>clam</strong></span> <span class='ocrx_word' id='word_1_109' title='bbox 895 1740 992 1793; x_wconf 92' lang='lat' dir='ltr'><strong>per</strong></span> <span class='ocrx_word' id='word_1_110' title='bbox 1021 1725 1214 1780; x_wconf 87' lang='lat' dir='ltr'><strong>urbem</strong></span> <span class='ocrx_word' id='word_1_111' title='bbox 1247 1729 1510 1800; x_wconf 83' lang='lat' dir='ltr'><strong>serpebat</strong></span> <span class='ocrx_word' id='word_1_112' title='bbox 1543 1731 1748 1786; x_wconf 75' lang='lat' dir='ltr'><strong>mmnia</strong></span> <span class='ocrx_word' id='word_1_113' title='bbox 1780 1729 2026 1785; x_wconf 82' lang='lat' dir='ltr'><strong>intrasse</strong></span> 
     </span>
    </p>
   </div>
   <div class='ocr_carea' id='block_1_20' title="bbox 2119 631 3715 711">
    <p class='ocr_par' dir='ltr' id='par_1_20' title="bbox 2119 631 3715 711">
     <span class='ocr_line' id='line_1_20' title="bbox 2119 631 3715 711; baseline 0.006 -27"><span class='ocrx_word' id='word_1_114' title='bbox 2119 631 2174 684; x_wconf 84' lang='grc' dir='ltr'><strong>δὲ</strong></span> <span class='ocrx_word' id='word_1_115' title='bbox 2199 634 2298 701; x_wconf 75' lang='grc' dir='ltr'><strong>τῆς</strong></span> <span class='ocrx_word' id='word_1_116' title='bbox 2329 635 2538 703; x_wconf 75' lang='grc' dir='ltr'><strong>ἡμέρας</strong></span> <span class='ocrx_word' id='word_1_117' title='bbox 2561 638 2830 708; x_wconf 68' lang='grc' dir='ltr'><strong>ἐνστάσης</strong></span> <span class='ocrx_word' id='word_1_118' title='bbox 2861 639 2918 690; x_wconf 80' lang='grc' dir='ltr'><strong>ὲν</strong></span> <span class='ocrx_word' id='word_1_119' title='bbox 3037 639 3135 710; x_wconf 76' lang='grc' dir='ltr'><strong>τὴν</strong></span> <span class='ocrx_word' id='word_1_120' title='bbox 3164 641 3460 708; x_wconf 77' lang='grc' dir='ltr'><strong>ὑστεραίαν</strong></span> <span class='ocrx_word' id='word_1_121' title='bbox 3491 640 3608 693; x_wconf 69' lang='grc' dir='ltr'><strong>ἔδει</strong></span> <span class='ocrx_word' id='word_1_122' title='bbox 3641 643 3715 695; x_wconf 79' lang='grc' dir='ltr'><strong>τὰ</strong></span> 
     </span>
    </p>
   </div>
   <div class='ocr_carea' id='block_1_21' title="bbox 2119 727 3713 804">
    <p class='ocr_par' dir='ltr' id='par_1_21' title="bbox 2119 727 3713 804">
     <span class='ocr_line' id='line_1_21' title="bbox 2119 727 3713 804; baseline 0.008 -28"><span class='ocrx_word' id='word_1_123' title='bbox 2119 727 2218 796; x_wconf 82' lang='grc' dir='ltr'><strong>τῆς</strong></span> <span class='ocrx_word' id='word_1_124' title='bbox 2255 729 2566 796; x_wconf 77' lang='grc' dir='ltr'><strong>ἱερουργίας</strong></span> <span class='ocrx_word' id='word_1_125' title='bbox 2595 731 2676 784; x_wconf 81' lang='grc' dir='ltr'><strong>τε)</strong></span> <span class='ocrx_word' id='word_1_126' title='bbox 2689 731 2887 792; x_wconf 82' lang='grc' dir='ltr'><strong>εἶσθαι.</strong></span> <span class='ocrx_word' id='word_1_127' title='bbox 2935 733 3116 786; x_wconf 81' lang='grc' dir='ltr'><strong>πάντα</strong></span> <span class='ocrx_word' id='word_1_128' title='bbox 3151 733 3252 802; x_wconf 73' lang='grc' dir='ltr'><strong>μὲν</strong></span> <span class='ocrx_word' id='word_1_129' title='bbox 3279 729 3350 802; x_wconf 85' lang='grc' dir='ltr'><strong>ἦν</strong></span> <span class='ocrx_word' id='word_1_130' title='bbox 3377 737 3506 796; x_wconf 80' lang='grc' dir='ltr'><strong>ταῖς</strong></span> <span class='ocrx_word' id='word_1_131' title='bbox 3537 751 3713 804; x_wconf 84' lang='grc' dir='ltr'><strong>μονα-</strong></span> 
     </span>
    </p>
   </div>
   <div class='ocr_carea' id='block_1_22' title="bbox 2121 817 3714 894">
    <p class='ocr_par' dir='ltr' id='par_1_22' title="bbox 2121 817 3714 894">
     <span class='ocr_line' id='line_1_22' title="bbox 2121 817 3714 894; baseline 0.004 -24"><span class='ocrx_word' id='word_1_132' title='bbox 2121 817 2344 880; x_wconf 81' lang='grc' dir='ltr'><strong>ςούσαις</strong></span> <span class='ocrx_word' id='word_1_133' title='bbox 2377 819 2614 882; x_wconf 76' lang='grc' dir='ltr'><strong>ἐκείναις</strong></span> <span class='ocrx_word' id='word_1_134' title='bbox 2641 821 2810 874; x_wconf 77' lang='grc' dir='ltr'><strong>ἕωθεν</strong></span> <span class='ocrx_word' id='word_1_135' title='bbox 2857 827 2915 885; x_wconf 76' lang='grc' dir='ltr'><strong>ἐς</strong></span> <span class='ocrx_word' id='word_1_136' title='bbox 2947 824 3184 894; x_wconf 75' lang='grc' dir='ltr'><strong>ἑσπέραν</strong></span> <span class='ocrx_word' id='word_1_137' title='bbox 3220 825 3520 887; x_wconf 87' lang='grc' dir='ltr'><strong>πονούσαις</strong></span> <span class='ocrx_word' id='word_1_138' title='bbox 3557 827 3714 878; x_wconf 64' lang='lat' dir='ltr'><strong>durav-</strong></span> 
     </span>
    </p>
   </div>
   <div class='ocr_carea' id='block_1_23' title="bbox 2121 910 3710 986">
    <p class='ocr_par' dir='ltr' id='par_1_23' title="bbox 2121 910 3710 986">
     <span class='ocr_line' id='line_1_23' title="bbox 2121 910 3710 986; baseline 0.005 -24"><span class='ocrx_word' id='word_1_139' title='bbox 2121 910 2218 964; x_wconf 75' lang='grc' dir='ltr'><strong>δεᾶ</strong></span> <span class='ocrx_word' id='word_1_140' title='bbox 2251 913 2316 964; x_wconf 77' lang='grc' dir='ltr'><strong>τὰ</strong></span> <span class='ocrx_word' id='word_1_141' title='bbox 2369 913 2468 978; x_wconf 79' lang='grc' dir='ltr'><strong>τῆς</strong></span> <span class='ocrx_word' id='word_1_142' title='bbox 2501 914 2715 983; x_wconf 79' lang='grc' dir='ltr'>χρείας,</span> <span class='ocrx_word' id='word_1_143' title='bbox 2751 915 2830 984; x_wconf 82' lang='grc' dir='ltr'><strong>τῷ</strong></span> <span class='ocrx_word' id='word_1_144' title='bbox 2849 916 2906 968; x_wconf 80' lang='grc' dir='ltr'><strong>δὲ</strong></span> <span class='ocrx_word' id='word_1_145' title='bbox 2939 917 3080 986; x_wconf 78' lang='grc' dir='ltr'><strong>ἁγίῳ</strong></span> <span class='ocrx_word' id='word_1_146' title='bbox 3133 917 3230 970; x_wconf 76' lang='grc' dir='ltr'><strong>καὶ</strong></span> <span class='ocrx_word' id='word_1_147' title='bbox 3262 918 3342 985; x_wconf 78' lang='grc' dir='ltr'><strong>τῷ</strong></span> <span class='ocrx_word' id='word_1_148' title='bbox 3393 916 3494 970; x_wconf 81' lang='grc' dir='ltr'><strong>τοῦ</strong></span> <span class='ocrx_word' id='word_1_149' title='bbox 3549 917 3710 985; x_wconf 83' lang='grc' dir='ltr'><strong>ἁγίου</strong></span> 
     </span>
    </p>
   </div>
   <div class='ocr_carea' id='block_1_24' title="bbox 2127 1004 3712 1079">
    <p class='ocr_par' dir='ltr' id='par_1_24' title="bbox 2127 1004 3712 1079">
     <span class='ocr_line' id='line_1_24' title="bbox 2127 1004 3712 1079; baseline 0.006 -25"><span class='ocrx_word' id='word_1_150' title='bbox 2127 1004 2275 1072; x_wconf 85' lang='grc' dir='ltr'><strong>μόνῳ</strong></span> <span class='ocrx_word' id='word_1_151' title='bbox 2325 1005 2444 1070; x_wconf 84' lang='grc' dir='ltr'><strong>Θεῷ</strong></span> <span class='ocrx_word' id='word_1_152' title='bbox 2499 1008 2852 1062; x_wconf 82' lang='grc' dir='ltr'><strong>παντάπασιν</strong></span> <span class='ocrx_word' id='word_1_153' title='bbox 2899 1009 3217 1064; x_wconf 77' lang='grc' dir='ltr'><strong>ἀνένδεκτόν</strong></span> <span class='ocrx_word' id='word_1_154' title='bbox 3263 1027 3322 1063; x_wconf 87' lang='grc' dir='ltr'><strong>τε</strong></span> <span class='ocrx_word' id='word_1_155' title='bbox 3353 1011 3448 1062; x_wconf 70' lang='grc' dir='ltr'><strong>καὶ</strong></span> <span class='ocrx_word' id='word_1_156' title='bbox 3501 1009 3712 1079; x_wconf 76' lang='grc' dir='ltr'><strong>ἥκιστα</strong></span> 
     </span>
    </p>
   </div>
   <div class='ocr_carea' id='block_1_25' title="bbox 2123 1096 3714 1168">
    <p class='ocr_par' dir='ltr' id='par_1_25' title="bbox 2123 1096 3714 1168">
     <span class='ocr_line' id='line_1_25' title="bbox 2123 1096 3714 1168; baseline 0.001 -20"><span class='ocrx_word' id='word_1_157' title='bbox 2123 1096 2352 1148; x_wconf 75' lang='grc' dir='ltr'><strong>ἀνεκτὸν</strong></span> <span class='ocrx_word' id='word_1_158' title='bbox 2411 1096 2504 1148; x_wconf 80' lang='grc' dir='ltr'><strong>ὑπ’</strong></span> <span class='ocrx_word' id='word_1_159' title='bbox 2553 1097 2768 1168; x_wconf 82' lang='grc' dir='ltr'><strong>ἀνδρῶν</strong></span> <span class='ocrx_word' id='word_1_160' title='bbox 2827 1099 3107 1154; x_wconf 83' lang='grc' dir='ltr'><strong>πολυθέων</strong></span> <span class='ocrx_word' id='word_1_161' title='bbox 3147 1101 3244 1153; x_wconf 75' lang='grc' dir='ltr'><strong>καὶ</strong></span> <span class='ocrx_word' id='word_1_162' title='bbox 3309 1098 3454 1153; x_wconf 82' lang='grc' dir='ltr'><strong>οὓτω</strong></span> <span class='ocrx_word' id='word_1_163' title='bbox 3509 1101 3714 1151; x_wconf 81' lang='grc' dir='ltr'><strong>δυσσε-</strong></span> 
     </span>
    </p>
   </div>
   <div class='ocr_carea' id='block_1_26' title="bbox 2125 1187 3718 1262">
    <p class='ocr_par' dir='ltr' id='par_1_26' title="bbox 2125 1187 3718 1262">
     <span class='ocr_line' id='line_1_26' title="bbox 2125 1187 3718 1262; baseline 0.001 -24"><span class='ocrx_word' id='word_1_164' title='bbox 2125 1187 2244 1255; x_wconf 72' lang='grc' dir='ltr'><strong>ϐείᾳ</strong></span> <span class='ocrx_word' id='word_1_165' title='bbox 2296 1190 2486 1258; x_wconf 78' lang='grc' dir='ltr'><strong>μακρᾷ</strong></span> <span class='ocrx_word' id='word_1_166' title='bbox 2537 1189 2716 1242; x_wconf 63' lang='grc' dir='ltr'><strong>αὐτῶν</strong></span> <span class='ocrx_word' id='word_1_167' title='bbox 2765 1207 2826 1244; x_wconf 85' lang='grc' dir='ltr'><strong>τε</strong></span> <span class='ocrx_word' id='word_1_168' title='bbox 2879 1193 3157 1262; x_wconf 84' lang='grc' dir='ltr'><strong>κραταιῶς</strong></span> <span class='ocrx_word' id='word_1_169' title='bbox 3201 1192 3480 1261; x_wconf 70' lang='grc' dir='ltr'><strong>ἐχομένων</strong></span> <span class='ocrx_word' id='word_1_170' title='bbox 3511 1192 3615 1243; x_wconf 76' lang='grc' dir='ltr'><strong>καὶ</strong></span> <span class='ocrx_word' id='word_1_171' title='bbox 3663 1191 3718 1240; x_wconf 82' lang='grc' dir='ltr'><strong>ἐ-</strong></span> 
     </span>
    </p>
   </div>
   <div class='ocr_carea' id='block_1_27' title="bbox 2123 1281 3716 1354">
    <p class='ocr_par' dir='ltr' id='par_1_27' title="bbox 2123 1281 3716 1354">
     <span class='ocr_line' id='line_1_27' title="bbox 2123 1281 3716 1354; baseline 0.001 -22"><span class='ocrx_word' id='word_1_172' title='bbox 2123 1281 2302 1350; x_wconf 81' lang='grc' dir='ltr'><strong>τέροις</strong></span> <span class='ocrx_word' id='word_1_173' title='bbox 2341 1281 2534 1336; x_wconf 73' lang='grc' dir='ltr'><strong>αίτίων</strong></span> <span class='ocrx_word' id='word_1_174' title='bbox 2591 1285 2677 1334; x_wconf 76' lang='grc' dir='ltr'><strong>ἀεὶ</strong></span> <span class='ocrx_word' id='word_1_175' title='bbox 2734 1283 3038 1352; x_wconf 81' lang='grc' dir='ltr'><strong>γινομένων</strong></span> <span class='ocrx_word' id='word_1_176' title='bbox 3073 1287 3175 1354; x_wconf 78' lang='grc' dir='ltr'><strong>τὴν</strong></span> <span class='ocrx_word' id='word_1_177' title='bbox 3226 1283 3574 1352; x_wconf 75' lang='grc' dir='ltr'><strong>αὐτουργίαν</strong></span> <span class='ocrx_word' id='word_1_178' title='bbox 3621 1299 3716 1333; x_wconf 69' lang='grc' dir='ltr'><strong>πει</strong></span> 
     </span>
    </p>
   </div>
   <div class='ocr_carea' id='block_1_28' title="bbox 2126 1376 3721 1450">
    <p class='ocr_par' dir='ltr' id='par_1_28' title="bbox 2126 1376 3721 1450">
     <span class='ocr_line' id='line_1_28' title="bbox 2126 1376 3721 1450; baseline 0.001 -24"><span class='ocrx_word' id='word_1_179' title='bbox 2126 1376 2364 1446; x_wconf 78' lang='grc' dir='ltr'><strong>πρᾶχθαι</strong></span> <span class='ocrx_word' id='word_1_180' title='bbox 2398 1378 2491 1430; x_wconf 78' lang='grc' dir='ltr'><strong>τοό</strong></span> <span class='ocrx_word' id='word_1_181' title='bbox 2551 1379 2936 1447; x_wconf 83' lang='grc' dir='ltr'><strong>προκειμένου.</strong></span> <span class='ocrx_word' id='word_1_182' title='bbox 2984 1379 3108 1432; x_wconf 69' lang='grc' dir='ltr'><strong>Διδί</strong></span> <span class='ocrx_word' id='word_1_183' title='bbox 3125 1379 3220 1432; x_wconf 75' lang='grc' dir='ltr'><strong>καὶ</strong></span> <span class='ocrx_word' id='word_1_184' title='bbox 3276 1381 3374 1450; x_wconf 77' lang='grc' dir='ltr'><strong>τῆς</strong></span> <span class='ocrx_word' id='word_1_185' title='bbox 3421 1380 3632 1437; x_wconf 70' lang='grc' dir='ltr'><strong>νυκτὸς</strong></span> <span class='ocrx_word' id='word_1_186' title='bbox 3667 1379 3721 1429; x_wconf 83' lang='grc' dir='ltr'><strong>ἐ-</strong></span> 
     </span>
    </p>
   </div>
   <div class='ocr_carea' id='block_1_29' title="bbox 2127 1468 3713 1543">
    <p class='ocr_par' dir='ltr' id='par_1_29' title="bbox 2127 1468 3713 1543">
     <span class='ocr_line' id='line_1_29' title="bbox 2127 1468 3713 1543; baseline -0.001 -21"><span class='ocrx_word' id='word_1_187' title='bbox 2127 1471 2315 1540; x_wconf 84' lang='grc' dir='ltr'><strong>κείνης</strong></span> <span class='ocrx_word' id='word_1_188' title='bbox 2372 1473 2495 1541; x_wconf 74' lang='grc' dir='ltr'><strong>περὶ</strong></span> <span class='ocrx_word' id='word_1_189' title='bbox 2531 1472 2630 1534; x_wconf 86' lang='grc' dir='ltr'><strong>τὰς</strong></span> <span class='ocrx_word' id='word_1_190' title='bbox 2667 1471 3045 1539; x_wconf 74' lang='grc' dir='ltr'><strong>ἀλεκτρυόνων</strong></span> <span class='ocrx_word' id='word_1_191' title='bbox 3086 1471 3186 1543; x_wconf 69' lang='grc' dir='ltr'><strong>ἤδη</strong></span> <span class='ocrx_word' id='word_1_192' title='bbox 3216 1469 3522 1540; x_wconf 80' lang='grc' dir='ltr'><strong>γενομένης</strong></span> <span class='ocrx_word' id='word_1_193' title='bbox 3545 1468 3713 1540; x_wconf 63' lang='grc' dir='ltr'><strong>ᾠδὰς,</strong></span> 
     </span>
    </p>
   </div>
   <div class='ocr_carea' id='block_1_30' title="bbox 2131 1563 3718 1634">
    <p class='ocr_par' dir='ltr' id='par_1_30' title="bbox 2131 1563 3718 1634">
     <span class='ocr_line' id='line_1_30' title="bbox 2131 1563 3718 1634; baseline -0.009 -7"><span class='ocrx_word' id='word_1_194' title='bbox 2131 1564 2290 1631; x_wconf 79' lang='grc' dir='ltr'><strong>φήμη</strong></span> <span class='ocrx_word' id='word_1_195' title='bbox 2317 1580 2402 1624; x_wconf 81' lang='grc' dir='ltr'><strong>τις</strong></span> <span class='ocrx_word' id='word_1_196' title='bbox 2421 1565 2598 1634; x_wconf 78' lang='grc' dir='ltr'><strong>ἡσυχῆ</strong></span> <span class='ocrx_word' id='word_1_197' title='bbox 2635 1565 2879 1634; x_wconf 77' lang='grc' dir='ltr'><strong>περιέθει</strong></span> <span class='ocrx_word' id='word_1_198' title='bbox 2927 1567 3026 1633; x_wconf 79' lang='grc' dir='ltr'><strong>τὴν</strong></span> <span class='ocrx_word' id='word_1_199' title='bbox 3071 1563 3249 1626; x_wconf 81' lang='grc' dir='ltr'><strong>πόλιν,</strong></span> <span class='ocrx_word' id='word_1_200' title='bbox 3301 1563 3452 1616; x_wconf 75' lang='grc' dir='ltr'><strong>ἔνδον</strong></span> <span class='ocrx_word' id='word_1_201' title='bbox 3515 1563 3718 1630; x_wconf 77' lang='grc' dir='ltr'><strong>τειχῶν</strong></span> 
     </span>
    </p>
   </div>
   <div class='ocr_carea' id='block_1_31' title="bbox 2133 1648 3720 1724">
    <p class='ocr_par' dir='ltr' id='par_1_31' title="bbox 2133 1648 3720 1724">
     <span class='ocr_line' id='line_1_31' title="bbox 2133 1648 3720 1724; baseline 0.001 -22"><span class='ocrx_word' id='word_1_202' title='bbox 2133 1648 2476 1714; x_wconf 74' lang='grc' dir='ltr'><strong>τὸνβασιλέα</strong></span> <span class='ocrx_word' id='word_1_203' title='bbox 2530 1651 2894 1721; x_wconf 77' lang='grc' dir='ltr'><strong>Παλαιολόγον</strong></span> <span class='ocrx_word' id='word_1_204' title='bbox 2944 1654 3406 1724; x_wconf 82' lang='grc' dir='ltr'><strong>είσκεχωρηκέναι</strong></span> <span class='ocrx_word' id='word_1_205' title='bbox 3459 1651 3560 1704; x_wconf 72' lang='grc' dir='ltr'><strong>διὰ</strong></span> <span class='ocrx_word' id='word_1_206' title='bbox 3611 1651 3720 1703; x_wconf 77' lang='grc' dir='ltr'><strong>τῶν</strong></span> 
     </span>
    </p>
   </div>
   <div class='ocr_carea' id='block_1_32' title="bbox 2133 1741 3714 1815">
    <p class='ocr_par' dir='ltr' id='par_1_32' title="bbox 2133 1741 3714 1815">
     <span class='ocr_line' id='line_1_32' title="bbox 2133 1741 3714 1815; baseline -0.001 -21"><span class='ocrx_word' id='word_1_207' title='bbox 2133 1741 2438 1798; x_wconf 78' lang='grc' dir='ltr'><strong>θαλαττίων</strong></span> <span class='ocrx_word' id='word_1_208' title='bbox 2467 1743 2560 1796; x_wconf 77' lang='grc' dir='ltr'><strong>τοῦ</strong></span> <span class='ocrx_word' id='word_1_209' title='bbox 2597 1743 2830 1815; x_wconf 82' lang='grc' dir='ltr'><strong>νεωρίου</strong></span> <span class='ocrx_word' id='word_1_210' title='bbox 2859 1745 3046 1798; x_wconf 83' lang='grc' dir='ltr'><strong>πυλῶν</strong></span> <span class='ocrx_word' id='word_1_211' title='bbox 3072 1744 3183 1798; x_wconf 83' lang='grc' dir='ltr'><strong>τῶν</strong></span> <span class='ocrx_word' id='word_1_212' title='bbox 3225 1745 3365 1814; x_wconf 75' lang='grc' dir='ltr'><strong>πρδς</strong></span> <span class='ocrx_word' id='word_1_213' title='bbox 3406 1743 3489 1795; x_wconf 67' lang='grc' dir='ltr'><strong>ἕω</strong></span> <span class='ocrx_word' id='word_1_214' title='bbox 3545 1759 3714 1812; x_wconf 85' lang='grc' dir='ltr'><strong>ταχυ-</strong></span> 
     </span>
    </p>
   </div>
   <div class='ocr_carea' id='block_1_33' title="bbox 443 1808 2030 1920">
    <p class='ocr_par' dir='ltr' id='par_1_33' title="bbox 443 1808 2027 1892">
     <span class='ocr_line' id='line_1_33' title="bbox 443 1808 2027 1892; baseline 0.006 -24"><span class='ocrx_word' id='word_1_215' title='bbox 443 1813 814 1883; x_wconf 67' lang='grc' dir='ltr'><strong>Ρειαιοίοειιιιι</strong></span> <span class='ocrx_word' id='word_1_216' title='bbox 879 1817 1272 1888; x_wconf 81' lang='lat' dir='ltr'><strong>imperatorem</strong></span> <span class='ocrx_word' id='word_1_217' title='bbox 1330 1838 1428 1892; x_wconf 89' lang='lat' dir='ltr'><strong>per</strong></span> <span class='ocrx_word' id='word_1_218' title='bbox 1509 1808 1816 1880; x_wconf 82' lang='lat' dir='ltr'><strong>maritimas</strong></span> <span class='ocrx_word' id='word_1_219' title='bbox 1863 1839 2027 1878; x_wconf 82' lang='lat' dir='ltr'><strong>nava-</strong></span> 
     </span>
    </p>
   </div>
   <div class='ocr_carea' id='block_1_34' title="bbox 2136 1808 3718 1920">
    <p class='ocr_par' dir='ltr' id='par_1_34' title="bbox 2136 1808 3718 1908">
     <span class='ocr_line' id='line_1_34' title="bbox 2136 1808 3718 1908; baseline -0.001 -21"><span class='ocrx_word' id='word_1_220' title='bbox 2136 1834 2460 1902; x_wconf 78' lang='grc' dir='ltr'><strong>ναυτρύσαις</strong></span> <span class='ocrx_word' id='word_1_221' title='bbox 2515 1808 2777 1908; x_wconf 76' lang='grc' dir='ltr'><strong>μονήρεσι</strong></span> <span class='ocrx_word' id='word_1_222' title='bbox 2821 1839 2914 1891; x_wconf 79' lang='grc' dir='ltr'><strong>καὶ</strong></span> <span class='ocrx_word' id='word_1_223' title='bbox 2961 1837 3204 1906; x_wconf 78' lang='grc' dir='ltr'><strong>διήρεσιν</strong></span> <span class='ocrx_word' id='word_1_224' title='bbox 3242 1808 3305 1889; x_wconf 77' lang='grc' dir='ltr'><strong>ὲκ</strong></span> <span class='ocrx_word' id='word_1_225' title='bbox 3341 1835 3580 1888; x_wconf 83' lang='grc' dir='ltr'><strong>Τενέδου</strong></span> <span class='ocrx_word' id='word_1_226' title='bbox 3623 1808 3718 1887; x_wconf 69' lang='grc' dir='ltr'><strong>καὶ</strong></span> 
     </span>
    </p>
   </div>
   <div class='ocr_carea' id='block_1_35' title="bbox 443 1905 2026 1983">
    <p class='ocr_par' dir='ltr' id='par_1_35' title="bbox 443 1905 2026 1983">
     <span class='ocr_line' id='line_1_35' title="bbox 443 1905 2026 1983; baseline 0.006 -23"><span class='ocrx_word' id='word_1_227' title='bbox 443 1905 582 1960; x_wconf 86' lang='lat' dir='ltr'><strong>lium</strong></span> <span class='ocrx_word' id='word_1_228' title='bbox 613 1918 804 1977; x_wconf 88' lang='lat' dir='ltr'><strong>portas</strong></span> <span class='ocrx_word' id='word_1_229' title='bbox 834 1909 901 1964; x_wconf 91' lang='lat' dir='ltr'><strong>ad</strong></span> <span class='ocrx_word' id='word_1_230' title='bbox 934 1911 1209 1968; x_wconf 85' lang='lat' dir='ltr'><strong>orientem</strong></span> <span class='ocrx_word' id='word_1_231' title='bbox 1241 1925 1586 1983; x_wconf 88' lang='lat' dir='ltr'><strong>spectantes,</strong></span> <span class='ocrx_word' id='word_1_232' title='bbox 1615 1917 1897 1972; x_wconf 86' lang='lat' dir='ltr'><strong>celeribus</strong></span> <span class='ocrx_word' id='word_1_233' title='bbox 1929 1933 2026 1972; x_wconf 85' lang='lat' dir='ltr'><strong>na-</strong></span> 
     </span>
    </p>
   </div>
   <div class='ocr_carea' id='block_1_36' title="bbox 445 1989 2026 2066">
    <p class='ocr_par' dir='ltr' id='par_1_36' title="bbox 445 1989 2026 2066">
     <span class='ocr_line' id='line_1_36' title="bbox 445 1989 2026 2066; baseline 0.008 -16"><span class='ocrx_word' id='word_1_234' title='bbox 445 1997 608 2054; x_wconf 88' lang='lat' dir='ltr'><strong>vibus</strong></span> <span class='ocrx_word' id='word_1_235' title='bbox 636 1989 976 2056; x_wconf 86' lang='lat' dir='ltr'><strong>uniremibus</strong></span> <span class='ocrx_word' id='word_1_236' title='bbox 1001 2014 1055 2059; x_wconf 86' lang='lat' dir='ltr'><strong>et</strong></span> <span class='ocrx_word' id='word_1_237' title='bbox 1082 2005 1402 2066; x_wconf 82' lang='lat' dir='ltr'><strong>biremibus</strong></span> <span class='ocrx_word' id='word_1_238' title='bbox 1425 2025 1490 2064; x_wconf 78' lang='lat' dir='ltr'><strong>ex</strong></span> <span class='ocrx_word' id='word_1_239' title='bbox 1513 2009 1739 2064; x_wconf 84' lang='lat' dir='ltr'><strong>Tenedo</strong></span> <span class='ocrx_word' id='word_1_240' title='bbox 1761 2022 1816 2064; x_wconf 92' lang='lat' dir='ltr'><strong>et</strong></span> <span class='ocrx_word' id='word_1_241' title='bbox 1843 2010 2026 2064; x_wconf 84' lang='lat' dir='ltr'><strong>Imbro</strong></span> 
     </span>
    </p>
   </div>
   <div class='ocr_carea' id='block_1_37' title="bbox 447 2091 2028 2168">
    <p class='ocr_par' dir='ltr' id='par_1_37' title="bbox 447 2091 2028 2168">
     <span class='ocr_line' id='line_1_37' title="bbox 447 2091 2028 2168; baseline 0.008 -27"><span class='ocrx_word' id='word_1_242' title='bbox 447 2103 513 2143; x_wconf 86' lang='lat' dir='ltr'><strong>ac</strong></span> <span class='ocrx_word' id='word_1_243' title='bbox 551 2091 764 2146; x_wconf 89' lang='lat' dir='ltr'><strong>triremi</strong></span> <span class='ocrx_word' id='word_1_244' title='bbox 809 2093 932 2147; x_wconf 89' lang='lat' dir='ltr'><strong>navi</strong></span> <span class='ocrx_word' id='word_1_245' title='bbox 977 2111 1083 2150; x_wconf 90' lang='lat' dir='ltr'><strong>una</strong></span> <span class='ocrx_word' id='word_1_246' title='bbox 1130 2097 1349 2152; x_wconf 82' lang='lat' dir='ltr'><strong>duabus</strong></span> <span class='ocrx_word' id='word_1_247' title='bbox 1393 2100 1650 2154; x_wconf 84' lang='lat' dir='ltr'><strong>noctibus</strong></span> <span class='ocrx_word' id='word_1_248' title='bbox 1695 2099 2028 2168; x_wconf 85' lang='lat' dir='ltr'><strong>duobusque</strong></span> 
     </span>
    </p>
   </div>
   <div class='ocr_carea' id='block_1_38' title="bbox 449 2181 2026 2258">
    <p class='ocr_par' dir='ltr' id='par_1_38' title="bbox 449 2181 2026 2258">
     <span class='ocr_line' id='line_1_38' title="bbox 449 2181 2026 2258; baseline 0.006 -24"><span class='ocrx_word' id='word_1_249' title='bbox 449 2181 648 2238; x_wconf 87' lang='lat' dir='ltr'><strong>diebus</strong></span> <span class='ocrx_word' id='word_1_250' title='bbox 686 2193 813 2239; x_wconf 90' lang='lat' dir='ltr'><strong>ante</strong></span> <span class='ocrx_word' id='word_1_251' title='bbox 845 2201 914 2242; x_wconf 80' lang='lat' dir='ltr'><strong>ex</strong></span> <span class='ocrx_word' id='word_1_252' title='bbox 949 2185 1176 2242; x_wconf 87' lang='lat' dir='ltr'><strong>Tenedo</strong></span> <span class='ocrx_word' id='word_1_253' title='bbox 1211 2191 1567 2258; x_wconf 76' lang='lat' dir='ltr'><strong>navigatione</strong></span> <span class='ocrx_word' id='word_1_254' title='bbox 1605 2192 1878 2246; x_wconf 86' lang='lat' dir='ltr'><strong>instituta.</strong></span> <span class='ocrx_word' id='word_1_255' title='bbox 1917 2189 2026 2244; x_wconf 85' lang='lat' dir='ltr'><strong>Tu-</strong></span> 
     </span>
    </p>
   </div>
   <div class='ocr_carea' id='block_1_39' title="bbox 450 2273 2030 2354">
    <p class='ocr_par' dir='ltr' id='par_1_39' title="bbox 450 2273 2030 2354">
     <span class='ocr_line' id='line_1_39' title="bbox 450 2273 2030 2354; baseline 0.004 -26"><span class='ocrx_word' id='word_1_256' title='bbox 450 2273 661 2331; x_wconf 83' lang='lat' dir='ltr'><strong>multus</strong></span> <span class='ocrx_word' id='word_1_257' title='bbox 689 2273 858 2344; x_wconf 79' lang='lat' dir='ltr'><strong>igitur</strong></span> <span class='ocrx_word' id='word_1_258' title='bbox 891 2288 1182 2348; x_wconf 86' lang='lat' dir='ltr'><strong>propterea</strong></span> <span class='ocrx_word' id='word_1_259' title='bbox 1215 2281 1436 2336; x_wconf 85' lang='lat' dir='ltr'><strong>tenebat</strong></span> <span class='ocrx_word' id='word_1_260' title='bbox 1463 2281 1796 2354; x_wconf 72' lang='lat' dir='ltr'><strong>Byzantinos</strong></span> <span class='ocrx_word' id='word_1_261' title='bbox 1829 2280 2030 2354; x_wconf 76' lang='lat' dir='ltr'><strong>gaudio</strong></span> 
     </span>
    </p>
   </div>
   <div class='ocr_carea' id='block_1_40' title="bbox 449 2369 2028 2444">
    <p class='ocr_par' dir='ltr' id='par_1_40' title="bbox 449 2369 2028 2444">
     <span class='ocr_line' id='line_1_40' title="bbox 449 2369 2028 2444; baseline 0.006 -23"><span class='ocrx_word' id='word_1_262' title='bbox 449 2375 506 2422; x_wconf 92' lang='lat' dir='ltr'><strong>ct</strong></span> <span class='ocrx_word' id='word_1_263' title='bbox 523 2382 761 2422; x_wconf 72' lang='lat' dir='ltr'><strong>mmrore</strong></span> <span class='ocrx_word' id='word_1_264' title='bbox 781 2369 1060 2434; x_wconf 76' lang='lat' dir='ltr'><strong>mistus,et</strong></span> <span class='ocrx_word' id='word_1_265' title='bbox 1077 2373 1346 2444; x_wconf 83' lang='lat' dir='ltr'><strong>quidquid</strong></span> <span class='ocrx_word' id='word_1_266' title='bbox 1372 2376 1424 2428; x_wconf 91' lang='lat' dir='ltr'><strong>in</strong></span> <span class='ocrx_word' id='word_1_267' title='bbox 1453 2376 1657 2430; x_wconf 81' lang='lat' dir='ltr'><strong>talibus</strong></span> <span class='ocrx_word' id='word_1_268' title='bbox 1675 2375 1924 2430; x_wconf 86' lang='lat' dir='ltr'><strong>accidere</strong></span> <span class='ocrx_word' id='word_1_269' title='bbox 1941 2390 2028 2430; x_wconf 88' lang='lat' dir='ltr'><strong>so-</strong></span> 
     </span>
    </p>
   </div>
   <div class='ocr_carea' id='block_1_41' title="bbox 449 2457 2028 2535">
    <p class='ocr_par' dir='ltr' id='par_1_41' title="bbox 449 2457 2028 2535">
     <span class='ocr_line' id='line_1_41' title="bbox 449 2457 2028 2535; baseline 0.006 -23"><span class='ocrx_word' id='word_1_270' title='bbox 449 2459 545 2523; x_wconf 87' lang='lat' dir='ltr'><strong>iet,</strong></span> <span class='ocrx_word' id='word_1_271' title='bbox 565 2457 686 2514; x_wconf 90' lang='lat' dir='ltr'><strong>aliis</strong></span> <span class='ocrx_word' id='word_1_272' title='bbox 710 2459 779 2514; x_wconf 90' lang='lat' dir='ltr'><strong>ob</strong></span> <span class='ocrx_word' id='word_1_273' title='bbox 804 2471 1008 2514; x_wconf 88' lang='lat' dir='ltr'><strong>metum</strong></span> <span class='ocrx_word' id='word_1_274' title='bbox 1028 2478 1242 2518; x_wconf 90' lang='lat' dir='ltr'><strong>summa</strong></span> <span class='ocrx_word' id='word_1_275' title='bbox 1268 2465 1635 2534; x_wconf 80' lang='lat' dir='ltr'><strong>trepidatione</strong></span> <span class='ocrx_word' id='word_1_276' title='bbox 1669 2465 2028 2535; x_wconf 79' lang='lat' dir='ltr'><strong>fugientibus,</strong></span> 
     </span>
    </p>
   </div>
   <div class='ocr_carea' id='block_1_42' title="bbox 456 2550 2028 2628">
    <p class='ocr_par' dir='ltr' id='par_1_42' title="bbox 456 2550 2028 2628">
     <span class='ocr_line' id='line_1_42' title="bbox 456 2550 2028 2628; baseline 0.005 -25"><span class='ocrx_word' id='word_1_277' title='bbox 456 2550 582 2605; x_wconf 89' lang='lat' dir='ltr'><strong>aliis</strong></span> <span class='ocrx_word' id='word_1_278' title='bbox 613 2553 754 2606; x_wconf 91' lang='lat' dir='ltr'><strong>lucri</strong></span> <span class='ocrx_word' id='word_1_279' title='bbox 791 2569 954 2608; x_wconf 88' lang='lat' dir='ltr'><strong>causa</strong></span> <span class='ocrx_word' id='word_1_280' title='bbox 988 2556 1348 2612; x_wconf 83' lang='lat' dir='ltr'><strong>vehementer</strong></span> <span class='ocrx_word' id='word_1_281' title='bbox 1383 2559 1868 2628; x_wconf 84' lang='lat' dir='ltr'><strong>persequentibus.</strong></span> <span class='ocrx_word' id='word_1_282' title='bbox 1897 2557 2028 2613; x_wconf 92' lang='lat' dir='ltr'><strong>Om-</strong></span> 
     </span>
    </p>
   </div>
   <div class='ocr_carea' id='block_1_43' title="bbox 457 2631 2032 2720">
    <p class='ocr_par' dir='ltr' id='par_1_43' title="bbox 457 2631 2032 2720">
     <span class='ocr_line' id='line_1_43' title="bbox 457 2631 2032 2720; baseline 0.004 -24"><span class='ocrx_word' id='word_1_283' title='bbox 457 2643 612 2697; x_wconf 86' lang='lat' dir='ltr'><strong>nium</strong></span> <span class='ocrx_word' id='word_1_284' title='bbox 651 2660 783 2698; x_wconf 90' lang='lat' dir='ltr'><strong>vero</strong></span> <span class='ocrx_word' id='word_1_285' title='bbox 815 2631 1051 2701; x_wconf 83' lang='lat' dir='ltr'><strong>maxime</strong></span> <span class='ocrx_word' id='word_1_286' title='bbox 1083 2659 1267 2703; x_wconf 90' lang='lat' dir='ltr'><strong>metus</strong></span> <span class='ocrx_word' id='word_1_287' title='bbox 1297 2650 1520 2704; x_wconf 86' lang='lat' dir='ltr'><strong>tenebat</strong></span> <span class='ocrx_word' id='word_1_288' title='bbox 1550 2652 1904 2706; x_wconf 89' lang='lat' dir='ltr'><strong>Philotheum</strong></span> <span class='ocrx_word' id='word_1_289' title='bbox 1941 2665 2032 2720; x_wconf 85' lang='lat' dir='ltr'><strong>pa-</strong></span> 
     </span>
    </p>
   </div>
   <div class='ocr_carea' id='block_1_44' title="bbox 453 2725 2030 2814">
    <p class='ocr_par' dir='ltr' id='par_1_44' title="bbox 453 2725 2030 2814">
     <span class='ocr_line' id='line_1_44' title="bbox 453 2725 2030 2814; baseline 0.003 -25"><span class='ocrx_word' id='word_1_290' title='bbox 453 2725 776 2800; x_wconf 73' lang='lat' dir='ltr'><strong>triarcham,</strong></span> <span class='ocrx_word' id='word_1_291' title='bbox 813 2754 936 2792; x_wconf 80' lang='lat' dir='ltr'><strong>non.</strong></span> <span class='ocrx_word' id='word_1_292' title='bbox 986 2755 1118 2795; x_wconf 87' lang='lat' dir='ltr'><strong>sane</strong></span> <span class='ocrx_word' id='word_1_293' title='bbox 1179 2742 1478 2796; x_wconf 81' lang='lat' dir='ltr'><strong>mediocris</strong></span> <span class='ocrx_word' id='word_1_294' title='bbox 1531 2755 1826 2814; x_wconf 85' lang='lat' dir='ltr'><strong>propterea</strong></span> <span class='ocrx_word' id='word_1_295' title='bbox 1879 2743 2030 2812; x_wconf 86' lang='lat' dir='ltr'><strong>quod</strong></span> 
     </span>
    </p>
   </div>
   <div class='ocr_carea' id='block_1_45' title="bbox 455 2829 2028 2904">
    <p class='ocr_par' dir='ltr' id='par_1_45' title="bbox 455 2829 2028 2904">
     <span class='ocr_line' id='line_1_45' title="bbox 455 2829 2028 2904; baseline 0.003 -21"><span class='ocrx_word' id='word_1_296' title='bbox 455 2831 665 2884; x_wconf 83' lang='lat' dir='ltr'><strong>factum</strong></span> <span class='ocrx_word' id='word_1_297' title='bbox 724 2829 860 2884; x_wconf 88' lang='lat' dir='ltr'><strong>illud</strong></span> <span class='ocrx_word' id='word_1_298' title='bbox 921 2847 1025 2886; x_wconf 88' lang='lat' dir='ltr'><strong>nec</strong></span> <span class='ocrx_word' id='word_1_299' title='bbox 1081 2833 1306 2903; x_wconf 89' lang='lat' dir='ltr'><strong>opinato</strong></span> <span class='ocrx_word' id='word_1_300' title='bbox 1341 2847 1395 2888; x_wconf 89' lang='lat' dir='ltr'><strong>et</strong></span> <span class='ocrx_word' id='word_1_301' title='bbox 1449 2846 1678 2904; x_wconf 86' lang='lat' dir='ltr'><strong>repente</strong></span> <span class='ocrx_word' id='word_1_302' title='bbox 1731 2835 2028 2890; x_wconf 87' lang='lat' dir='ltr'><strong>acciderat.</strong></span> 
     </span>
    </p>
   </div>
   <div class='ocr_carea' id='block_1_46' title="bbox 457 2921 2028 2997">
    <p class='ocr_par' dir='ltr' id='par_1_46' title="bbox 457 2921 2028 2997">
     <span class='ocr_line' id='line_1_46' title="bbox 457 2921 2028 2997; baseline 0.004 -22"><span class='ocrx_word' id='word_1_303' title='bbox 457 2921 682 2976; x_wconf 82' lang='lat' dir='ltr'><strong>Etenim</strong></span> <span class='ocrx_word' id='word_1_304' title='bbox 726 2923 820 2992; x_wconf 92' lang='lat' dir='ltr'><strong>qui</strong></span> <span class='ocrx_word' id='word_1_305' title='bbox 865 2923 988 2978; x_wconf 18' lang='lat' dir='ltr'><strong>heri,</strong></span> <span class='ocrx_word' id='word_1_306' title='bbox 1023 2939 1080 2978; x_wconf 91' lang='lat' dir='ltr'><strong>se</strong></span> <span class='ocrx_word' id='word_1_307' title='bbox 1119 2927 1362 2996; x_wconf 71' lang='lat' dir='ltr'><strong>iactabat</strong></span> <span class='ocrx_word' id='word_1_308' title='bbox 1399 2942 1726 2982; x_wconf 88' lang='lat' dir='ltr'><strong>consecrare</strong></span> <span class='ocrx_word' id='word_1_309' title='bbox 1763 2927 2028 2997; x_wconf 69' lang='lat' dir='ltr'><strong>templum</strong></span> 
     </span>
    </p>
   </div>
   <div class='ocr_carea' id='block_1_47' title="bbox 453 3015 2034 3090">
    <p class='ocr_par' dir='ltr' id='par_1_47' title="bbox 453 3015 2034 3090">
     <span class='ocr_line' id='line_1_47' title="bbox 453 3015 2034 3090; baseline 0.003 -23"><span class='ocrx_word' id='word_1_310' title='bbox 453 3015 520 3068; x_wconf 88' lang='lat' dir='ltr'><strong>ad</strong></span> <span class='ocrx_word' id='word_1_311' title='bbox 557 3015 874 3072; x_wconf 83' lang='lat' dir='ltr'><strong>ﬁrmandam</strong></span> <span class='ocrx_word' id='word_1_312' title='bbox 896 3017 1268 3074; x_wconf 87' lang='lat' dir='ltr'><strong>Palamiticam</strong></span> <span class='ocrx_word' id='word_1_313' title='bbox 1291 3019 1548 3085; x_wconf 77' lang='lat' dir='ltr'><strong>lucresin,</strong></span> <span class='ocrx_word' id='word_1_314' title='bbox 1571 3019 1911 3090; x_wconf 78' lang='lat' dir='ltr'><strong>irreligiosus</strong></span> <span class='ocrx_word' id='word_1_315' title='bbox 1934 3020 2034 3072; x_wconf 89' lang='lat' dir='ltr'><strong>ho-</strong></span> 
     </span>
    </p>
   </div>
   <div class='ocr_carea' id='block_1_48' title="bbox 453 3107 2032 3181">
    <p class='ocr_par' dir='ltr' id='par_1_48' title="bbox 453 3107 2032 3181">
     <span class='ocr_line' id='line_1_48' title="bbox 453 3107 2032 3181; baseline 0.004 -22"><span class='ocrx_word' id='word_1_316' title='bbox 453 3107 542 3162; x_wconf 88' lang='lat' dir='ltr'><strong>die</strong></span> <span class='ocrx_word' id='word_1_317' title='bbox 591 3108 744 3164; x_wconf 88' lang='lat' dir='ltr'><strong>visus</strong></span> <span class='ocrx_word' id='word_1_318' title='bbox 791 3119 874 3164; x_wconf 85' lang='lat' dir='ltr'><strong>est</strong></span> <span class='ocrx_word' id='word_1_319' title='bbox 921 3121 976 3164; x_wconf 91' lang='lat' dir='ltr'><strong>et</strong></span> <span class='ocrx_word' id='word_1_320' title='bbox 1025 3109 1514 3166; x_wconf 85' lang='lat' dir='ltr'><strong>vehementissime</strong></span> <span class='ocrx_word' id='word_1_321' title='bbox 1549 3113 1798 3181; x_wconf 70' lang='lat' dir='ltr'><strong>profecto</strong></span> <span class='ocrx_word' id='word_1_322' title='bbox 1833 3113 1944 3168; x_wconf 85' lang='lat' dir='ltr'><strong>Deo</strong></span> <span class='ocrx_word' id='word_1_323' title='bbox 1977 3121 2032 3166; x_wconf 91' lang='lat' dir='ltr'><strong>et</strong></span> 
     </span>
    </p>
   </div>
   <div class='ocr_carea' id='block_1_49' title="bbox 2136 1926 3718 2002">
    <p class='ocr_par' dir='ltr' id='par_1_49' title="bbox 2136 1926 3718 2002">
     <span class='ocr_line' id='line_1_49' title="bbox 2136 1926 3718 2002; baseline -0.002 -22"><span class='ocrx_word' id='word_1_324' title='bbox 2136 1926 2366 1998; x_wconf 74' lang='grc' dir='ltr'><strong>Ἴμϐρου</strong></span> <span class='ocrx_word' id='word_1_325' title='bbox 2405 1930 2497 1983; x_wconf 57' lang='grc' dir='ltr'><strong>καί⁵</strong></span> <span class='ocrx_word' id='word_1_326' title='bbox 2526 1931 2746 2002; x_wconf 84' lang='grc' dir='ltr'><strong>τριήρει</strong></span> <span class='ocrx_word' id='word_1_327' title='bbox 2783 1932 2905 2000; x_wconf 82' lang='grc' dir='ltr'><strong>μιᾷ,</strong></span> <span class='ocrx_word' id='word_1_328' title='bbox 2939 1930 3084 1983; x_wconf 84' lang='grc' dir='ltr'><strong>δυοῖν</strong></span> <span class='ocrx_word' id='word_1_329' title='bbox 3105 1927 3474 1998; x_wconf 83' lang='grc' dir='ltr'><strong>νυχθημέροιν</strong></span> <span class='ocrx_word' id='word_1_330' title='bbox 3513 1927 3718 1999; x_wconf 79' lang='grc' dir='ltr'><strong>πρότε-</strong></span> 
     </span>
    </p>
   </div>
   <div class='ocr_carea' id='block_1_50' title="bbox 2135 2019 3720 2092">
    <p class='ocr_par' dir='ltr' id='par_1_50' title="bbox 2135 2019 3720 2092">
     <span class='ocr_line' id='line_1_50' title="bbox 2135 2019 3720 2092; baseline -0.001 -19"><span class='ocrx_word' id='word_1_331' title='bbox 2135 2038 2229 2092; x_wconf 91' lang='grc' dir='ltr'><strong>ρον</strong></span> <span class='ocrx_word' id='word_1_332' title='bbox 2261 2024 2324 2074; x_wconf 72' lang='grc' dir='ltr'><strong>ὲκ</strong></span> <span class='ocrx_word' id='word_1_333' title='bbox 2361 2023 2588 2078; x_wconf 81' lang='grc' dir='ltr'><strong>Τενέδου</strong></span> <span class='ocrx_word' id='word_1_334' title='bbox 2629 2024 2722 2076; x_wconf 69' lang='grc' dir='ltr'><strong>τὸν</strong></span> <span class='ocrx_word' id='word_1_335' title='bbox 2755 2022 2989 2076; x_wconf 75' lang='grc' dir='ltr'><strong>ἔκπὶουν</strong></span> <span class='ocrx_word' id='word_1_336' title='bbox 3039 2021 3403 2088; x_wconf 81' lang='grc' dir='ltr'><strong>πεποιηκότα.</strong></span> <span class='ocrx_word' id='word_1_337' title='bbox 3469 2019 3720 2090; x_wconf 76' lang='grc' dir='ltr'><strong>Θὸρυϐος</strong></span> 
     </span>
    </p>
   </div>
   <div class='ocr_carea' id='block_1_51' title="bbox 2131 2113 3718 2186">
    <p class='ocr_par' dir='ltr' id='par_1_51' title="bbox 2131 2113 3718 2186">
     <span class='ocr_line' id='line_1_51' title="bbox 2131 2113 3718 2186; baseline -0.001 -20"><span class='ocrx_word' id='word_1_338' title='bbox 2131 2113 2226 2168; x_wconf 78' lang='grc' dir='ltr'><strong>οὖν</strong></span> <span class='ocrx_word' id='word_1_339' title='bbox 2251 2115 2340 2168; x_wconf 82' lang='grc' dir='ltr'><strong>διὰ</strong></span> <span class='ocrx_word' id='word_1_340' title='bbox 2377 2115 2536 2170; x_wconf 85' lang='grc' dir='ltr'><strong>τοῦτο</strong></span> <span class='ocrx_word' id='word_1_341' title='bbox 2569 2117 2802 2186; x_wconf 81' lang='grc' dir='ltr'><strong>κατέσχε</strong></span> <span class='ocrx_word' id='word_1_342' title='bbox 2833 2117 2958 2179; x_wconf 79' lang='grc' dir='ltr'><strong>τοὺς</strong></span> <span class='ocrx_word' id='word_1_343' title='bbox 3007 2113 3340 2179; x_wconf 72' lang='grc' dir='ltr'><strong>Βυζαντίους</strong></span> <span class='ocrx_word' id='word_1_344' title='bbox 3395 2113 3566 2182; x_wconf 75' lang='grc' dir='ltr'><strong>ἡδονῇ</strong></span> <span class='ocrx_word' id='word_1_345' title='bbox 3625 2115 3718 2166; x_wconf 71' lang='grc' dir='ltr'><strong>καὶ</strong></span> 
     </span>
    </p>
   </div>
   <div class='ocr_carea' id='block_1_52' title="bbox 2131 2199 3720 2277">
    <p class='ocr_par' dir='ltr' id='par_1_52' title="bbox 2131 2199 3720 2277">
     <span class='ocr_line' id='line_1_52' title="bbox 2131 2199 3720 2277; baseline -0.006 -19"><span class='ocrx_word' id='word_1_346' title='bbox 2131 2206 2280 2277; x_wconf 79' lang='grc' dir='ltr'><strong>λύπῃ</strong></span> <span class='ocrx_word' id='word_1_347' title='bbox 2313 2205 2651 2276; x_wconf 80' lang='grc' dir='ltr'><strong>σύμμικτος,</strong></span> <span class='ocrx_word' id='word_1_348' title='bbox 2681 2199 2774 2260; x_wconf 76' lang='grc' dir='ltr'><strong>καί</strong></span> <span class='ocrx_word' id='word_1_349' title='bbox 2799 2207 2900 2260; x_wconf 83' lang='grc' dir='ltr'><strong>ὅσα</strong></span> <span class='ocrx_word' id='word_1_350' title='bbox 2954 2208 3012 2258; x_wconf 80' lang='grc' dir='ltr'><strong>ὲν</strong></span> <span class='ocrx_word' id='word_1_351' title='bbox 3034 2208 3150 2266; x_wconf 82' lang='grc' dir='ltr'><strong>τοῖς</strong></span> <span class='ocrx_word' id='word_1_352' title='bbox 3172 2203 3437 2264; x_wconf 77' lang='grc' dir='ltr'><strong>τοιούτοις</strong></span> <span class='ocrx_word' id='word_1_353' title='bbox 3473 2217 3544 2252; x_wconf 89' lang='grc' dir='ltr'><strong>συ</strong></span> <span class='ocrx_word' id='word_1_354' title='bbox 3557 2199 3720 2265; x_wconf 75' lang='grc' dir='ltr'><strong>μϐαέ-</strong></span> 
     </span>
    </p>
   </div>
   <div class='ocr_carea' id='block_1_53' title="bbox 2132 2291 3712 2366">
    <p class='ocr_par' dir='ltr' id='par_1_53' title="bbox 2132 2291 3712 2366">
     <span class='ocr_line' id='line_1_53' title="bbox 2132 2291 3712 2366; baseline -0.006 -16"><span class='ocrx_word' id='word_1_355' title='bbox 2132 2313 2243 2350; x_wconf 89' lang='grc' dir='ltr'><strong>νειν</strong></span> <span class='ocrx_word' id='word_1_356' title='bbox 2277 2297 2458 2358; x_wconf 86' lang='grc' dir='ltr'><strong>είωθε.</strong></span> <span class='ocrx_word' id='word_1_357' title='bbox 2489 2297 2600 2350; x_wconf 80' lang='grc' dir='ltr'><strong>τῶν</strong></span> <span class='ocrx_word' id='word_1_358' title='bbox 2633 2297 2734 2366; x_wconf 77' lang='grc' dir='ltr'><strong>μὲν</strong></span> <span class='ocrx_word' id='word_1_359' title='bbox 2771 2295 2862 2350; x_wconf 76' lang='grc' dir='ltr'><strong>διὰ</strong></span> <span class='ocrx_word' id='word_1_360' title='bbox 2901 2295 3068 2363; x_wconf 77' lang='grc' dir='ltr'><strong>φόϐον</strong></span> <span class='ocrx_word' id='word_1_361' title='bbox 3101 2295 3344 2364; x_wconf 81' lang='grc' dir='ltr'><strong>ἀσχέτως</strong></span> <span class='ocrx_word' id='word_1_362' title='bbox 3375 2291 3712 2362; x_wconf 77' lang='grc' dir='ltr'><strong>φευγόντων,</strong></span> 
     </span>
    </p>
   </div>
   <div class='ocr_carea' id='block_1_54' title="bbox 2133 2371 3713 2459">
    <p class='ocr_par' dir='ltr' id='par_1_54' title="bbox 2133 2371 3713 2459">
     <span class='ocr_line' id='line_1_54' title="bbox 2133 2371 3713 2459; baseline -0.004 -19"><span class='ocrx_word' id='word_1_363' title='bbox 2133 2371 2242 2440; x_wconf 59' lang='lat' dir='ltr'><strong>«fw</strong></span> <span class='ocrx_word' id='word_1_364' title='bbox 2277 2389 2333 2442; x_wconf 82' lang='grc' dir='ltr'><strong>δὲ</strong></span> <span class='ocrx_word' id='word_1_365' title='bbox 2355 2389 2444 2442; x_wconf 83' lang='grc' dir='ltr'><strong>διὰ</strong></span> <span class='ocrx_word' id='word_1_366' title='bbox 2471 2389 2660 2459; x_wconf 82' lang='grc' dir='ltr'><strong>κέρδος</strong></span> <span class='ocrx_word' id='word_1_367' title='bbox 2690 2387 2964 2457; x_wconf 75' lang='grc' dir='ltr'><strong>λαμπρῶς</strong></span> <span class='ocrx_word' id='word_1_368' title='bbox 2991 2387 3325 2440; x_wconf 81' lang='grc' dir='ltr'><strong>διωκόντων.</strong></span> <span class='ocrx_word' id='word_1_369' title='bbox 3367 2385 3604 2438; x_wconf 79' lang='grc' dir='ltr'><strong>Πάντων</strong></span> <span class='ocrx_word' id='word_1_370' title='bbox 3659 2383 3713 2434; x_wconf 72' lang='grc' dir='ltr'><strong>δὲ</strong></span> 
     </span>
    </p>
   </div>
   <div class='ocr_carea' id='block_1_55' title="bbox 2137 2475 3712 2550">
    <p class='ocr_par' dir='ltr' id='par_1_55' title="bbox 2137 2475 3712 2550">
     <span class='ocr_line' id='line_1_55' title="bbox 2137 2475 3712 2550; baseline -0.005 -16"><span class='ocrx_word' id='word_1_371' title='bbox 2137 2482 2370 2550; x_wconf 79' lang='grc' dir='ltr'><strong>μάλιστα</strong></span> <span class='ocrx_word' id='word_1_372' title='bbox 2396 2480 2560 2545; x_wconf 69' lang='grc' dir='ltr'><strong>φόϐος</strong></span> <span class='ocrx_word' id='word_1_373' title='bbox 2591 2479 2820 2548; x_wconf 81' lang='grc' dir='ltr'><strong>κατέσχε</strong></span> <span class='ocrx_word' id='word_1_374' title='bbox 2847 2481 2936 2530; x_wconf 80' lang='grc' dir='ltr'><strong>τὸν</strong></span> <span class='ocrx_word' id='word_1_375' title='bbox 2971 2479 3316 2546; x_wconf 79' lang='grc' dir='ltr'><strong>πατριάρχην</strong></span> <span class='ocrx_word' id='word_1_376' title='bbox 3341 2476 3602 2530; x_wconf 75' lang='grc' dir='ltr'><strong>Φιλόθεον</strong></span> <span class='ocrx_word' id='word_1_377' title='bbox 3653 2475 3712 2526; x_wconf 79' lang='grc' dir='ltr'><strong>ού</strong></span> 
     </span>
    </p>
   </div>
   <div class='ocr_carea' id='block_1_56' title="bbox 2137 2566 3714 2643">
    <p class='ocr_par' dir='ltr' id='par_1_56' title="bbox 2137 2566 3714 2643">
     <span class='ocr_line' id='line_1_56' title="bbox 2137 2566 3714 2643; baseline -0.004 -17"><span class='ocrx_word' id='word_1_378' title='bbox 2137 2574 2282 2626; x_wconf 86' lang='grc' dir='ltr'><strong>πάνυ</strong></span> <span class='ocrx_word' id='word_1_379' title='bbox 2335 2573 2530 2643; x_wconf 79' lang='grc' dir='ltr'><strong>μικρὸς</strong></span> <span class='ocrx_word' id='word_1_380' title='bbox 2577 2572 2664 2626; x_wconf 81' lang='grc' dir='ltr'><strong>διὰ</strong></span> <span class='ocrx_word' id='word_1_381' title='bbox 2685 2572 2748 2624; x_wconf 78' lang='grc' dir='ltr'><strong>τὸ</strong></span> <span class='ocrx_word' id='word_1_382' title='bbox 2777 2571 2920 2625; x_wconf 79' lang='grc' dir='ltr'><strong>πάνυ</strong></span> <span class='ocrx_word' id='word_1_383' title='bbox 2947 2570 3042 2623; x_wconf 80' lang='grc' dir='ltr'><strong>τοῦ</strong></span> <span class='ocrx_word' id='word_1_384' title='bbox 3069 2569 3486 2640; x_wconf 83' lang='grc' dir='ltr'><strong>συμπτώματος</strong></span> <span class='ocrx_word' id='word_1_385' title='bbox 3543 2566 3714 2636; x_wconf 80' lang='grc' dir='ltr'><strong>ἀπρό-</strong></span> 
     </span>
    </p>
   </div>
   <div class='ocr_carea' id='block_1_57' title="bbox 2132 2659 3716 2734">
    <p class='ocr_par' dir='ltr' id='par_1_57' title="bbox 2132 2659 3716 2734">
     <span class='ocr_line' id='line_1_57' title="bbox 2132 2659 3716 2734; baseline -0.006 -16"><span class='ocrx_word' id='word_1_386' title='bbox 2132 2682 2297 2718; x_wconf 80' lang='grc' dir='ltr'><strong>οπτον</strong></span> <span class='ocrx_word' id='word_1_387' title='bbox 2331 2667 2426 2718; x_wconf 80' lang='grc' dir='ltr'><strong>καὶ</strong></span> <span class='ocrx_word' id='word_1_388' title='bbox 2459 2665 2759 2734; x_wconf 85' lang='grc' dir='ltr'><strong>αίφνίδιον’</strong></span> <span class='ocrx_word' id='word_1_389' title='bbox 2815 2663 2910 2714; x_wconf 74' lang='grc' dir='ltr'><strong>καὶ</strong></span> <span class='ocrx_word' id='word_1_390' title='bbox 2937 2663 3048 2731; x_wconf 75' lang='grc' dir='ltr'><strong>γὰρ</strong></span> <span class='ocrx_word' id='word_1_391' title='bbox 3075 2665 3102 2715; x_wconf 82' lang='grc' dir='ltr'>ὁ</span> <span class='ocrx_word' id='word_1_392' title='bbox 3133 2661 3262 2732; x_wconf 77' lang='grc' dir='ltr'><strong>χθὲς</strong></span> <span class='ocrx_word' id='word_1_393' title='bbox 3293 2659 3716 2731; x_wconf 77' lang='grc' dir='ltr'><strong>’βρενθυόμενος</strong></span> 
     </span>
    </p>
   </div>
   <div class='ocr_carea' id='block_1_58' title="bbox 2135 2747 3712 2824">
    <p class='ocr_par' dir='ltr' id='par_1_58' title="bbox 2135 2747 3712 2824">
     <span class='ocr_line' id='line_1_58' title="bbox 2135 2747 3712 2824; baseline -0.006 -16"><span class='ocrx_word' id='word_1_394' title='bbox 2135 2754 2424 2824; x_wconf 67' lang='grc' dir='ltr'><strong>καθιεροῦν</strong></span> <span class='ocrx_word' id='word_1_395' title='bbox 2455 2755 2548 2806; x_wconf 65' lang='grc' dir='ltr'><strong>τὸν</strong></span> <span class='ocrx_word' id='word_1_396' title='bbox 2579 2754 2706 2806; x_wconf 81' lang='grc' dir='ltr'><strong>ναὸν</strong></span> <span class='ocrx_word' id='word_1_397' title='bbox 2759 2755 2834 2814; x_wconf 84' lang='grc' dir='ltr'><strong>είς</strong></span> <span class='ocrx_word' id='word_1_398' title='bbox 2875 2751 3167 2821; x_wconf 76' lang='grc' dir='ltr'><strong>βεϐαίωσιν</strong></span> <span class='ocrx_word' id='word_1_399' title='bbox 3235 2751 3338 2820; x_wconf 85' lang='grc' dir='ltr'><strong>τῆς</strong></span> <span class='ocrx_word' id='word_1_400' title='bbox 3375 2747 3712 2817; x_wconf 75' lang='grc' dir='ltr'><strong>Παλαμικῆς</strong></span> 
     </span>
    </p>
   </div>
   <div class='ocr_carea' id='block_1_59' title="bbox 2133 2837 3706 2916">
    <p class='ocr_par' dir='ltr' id='par_1_59' title="bbox 2133 2837 3706 2916">
     <span class='ocr_line' id='line_1_59' title="bbox 2133 2837 3706 2916; baseline -0.008 -16"><span class='ocrx_word' id='word_1_401' title='bbox 2133 2845 2396 2916; x_wconf 77' lang='grc' dir='ltr'><strong>αἱρέσεως</strong></span> <span class='ocrx_word' id='word_1_402' title='bbox 2425 2845 2636 2915; x_wconf 78' lang='grc' dir='ltr'><strong>ἁνίερος</strong></span> <span class='ocrx_word' id='word_1_403' title='bbox 2663 2846 2900 2916; x_wconf 83' lang='grc' dir='ltr'><strong>τήμερον</strong></span> <span class='ocrx_word' id='word_1_404' title='bbox 2919 2841 3075 2910; x_wconf 76' lang='grc' dir='ltr'><strong>ὤφθη</strong></span> <span class='ocrx_word' id='word_1_405' title='bbox 3113 2844 3208 2894; x_wconf 76' lang='grc' dir='ltr'><strong>καὶ</strong></span> <span class='ocrx_word' id='word_1_406' title='bbox 3244 2842 3390 2910; x_wconf 76' lang='grc' dir='ltr'><strong>μάλα</strong></span> <span class='ocrx_word' id='word_1_407' title='bbox 3421 2857 3479 2892; x_wconf 88' lang='grc' dir='ltr'><strong>τι</strong></span> <span class='ocrx_word' id='word_1_408' title='bbox 3503 2837 3706 2908; x_wconf 82' lang='grc' dir='ltr'><strong>σφόδρα</strong></span> 
     </span>
    </p>
   </div>
   <div class='ocr_carea' id='block_1_60' title="bbox 2135 2929 3710 3006">
    <p class='ocr_par' dir='ltr' id='par_1_60' title="bbox 2135 2929 3710 3006">
     <span class='ocr_line' id='line_1_60' title="bbox 2135 2929 3710 3006; baseline -0.008 -16"><span class='ocrx_word' id='word_1_409' title='bbox 2135 2937 2270 2990; x_wconf 81' lang='grc' dir='ltr'><strong>Θεοῦ</strong></span> <span class='ocrx_word' id='word_1_410' title='bbox 2299 2939 2392 2990; x_wconf 79' lang='grc' dir='ltr'><strong>καὶ</strong></span> <span class='ocrx_word' id='word_1_411' title='bbox 2437 2935 2738 3006; x_wconf 76' lang='grc' dir='ltr'><strong>ἱερωσύνης</strong></span> <span class='ocrx_word' id='word_1_412' title='bbox 2765 2934 3007 3000; x_wconf 80' lang='grc' dir='ltr'><strong>ἀνάξιος.</strong></span> <span class='ocrx_word' id='word_1_413' title='bbox 3053 2933 3220 2986; x_wconf 86' lang='grc' dir='ltr'><strong>Ὅθεν</strong></span> <span class='ocrx_word' id='word_1_414' title='bbox 3263 2933 3384 2985; x_wconf 70' lang='grc' dir='ltr'><strong>ἐπεὶ</strong></span> <span class='ocrx_word' id='word_1_415' title='bbox 3422 2931 3502 3000; x_wconf 80' lang='grc' dir='ltr'><strong>μὴ</strong></span> <span class='ocrx_word' id='word_1_416' title='bbox 3561 2929 3710 2982; x_wconf 71' lang='grc' dir='ltr'><strong>λελο-</strong></span> 
     </span>
    </p>
   </div>
   <div class='ocr_carea' id='block_1_61' title="bbox 2135 3023 3708 3100">
    <p class='ocr_par' dir='ltr' id='par_1_61' title="bbox 2135 3023 3708 3100">
     <span class='ocr_line' id='line_1_61' title="bbox 2135 3023 3708 3100; baseline -0.006 -18"><span class='ocrx_word' id='word_1_417' title='bbox 2135 3029 2372 3100; x_wconf 86' lang='grc' dir='ltr'><strong>γισμένα</strong></span> <span class='ocrx_word' id='word_1_418' title='bbox 2397 3029 2659 3098; x_wconf 78' lang='grc' dir='ltr'><strong>πράττειν</strong></span> <span class='ocrx_word' id='word_1_419' title='bbox 2693 3027 2826 3098; x_wconf 75' lang='grc' dir='ltr'><strong>μηδὲ</strong></span> <span class='ocrx_word' id='word_1_420' title='bbox 2875 3027 3090 3080; x_wconf 80' lang='grc' dir='ltr'><strong>συνέσει</strong></span> <span class='ocrx_word' id='word_1_421' title='bbox 3127 3027 3486 3094; x_wconf 84' lang='grc' dir='ltr'><strong>προσήκοντα.</strong></span> <span class='ocrx_word' id='word_1_422' title='bbox 3541 3023 3708 3090; x_wconf 72' lang='grc' dir='ltr'><strong>παρέ-</strong></span> 
     </span>
    </p>
   </div>
   <div class='ocr_carea' id='block_1_62' title="bbox 2138 3112 3710 3192">
    <p class='ocr_par' dir='ltr' id='par_1_62' title="bbox 2138 3112 3710 3192">
     <span class='ocr_line' id='line_1_62' title="bbox 2138 3112 3710 3192; baseline -0.008 -17"><span class='ocrx_word' id='word_1_423' title='bbox 2138 3137 2326 3192; x_wconf 82' lang='grc' dir='ltr'><strong>χουσιν</strong></span> <span class='ocrx_word' id='word_1_424' title='bbox 2347 3120 2399 3171; x_wconf 84' lang='lat' dir='ltr'><strong>oi.</strong></span> <span class='ocrx_word' id='word_1_425' title='bbox 2430 3118 2666 3172; x_wconf 79' lang='grc' dir='ltr'><strong>τοιοῦτοι</strong></span> <span class='ocrx_word' id='word_1_426' title='bbox 2701 3117 2906 3188; x_wconf 79' lang='grc' dir='ltr'><strong>καιροὶ,</strong></span> <span class='ocrx_word' id='word_1_427' title='bbox 2945 3119 3040 3170; x_wconf 61' lang='grc' dir='ltr'><strong>καὶ¹</strong></span> <span class='ocrx_word' id='word_1_428' title='bbox 3077 3115 3295 3183; x_wconf 76' lang='grc' dir='ltr'><strong>μάλισθ’</strong></span> <span class='ocrx_word' id='word_1_429' title='bbox 3327 3117 3416 3168; x_wconf 80' lang='grc' dir='ltr'><strong>ὅτε</strong></span> <span class='ocrx_word' id='word_1_430' title='bbox 3449 3112 3554 3166; x_wconf 76' lang='grc' dir='ltr'><strong>καὶ</strong></span> <span class='ocrx_word' id='word_1_431' title='bbox 3589 3112 3710 3179; x_wconf 77' lang='grc' dir='ltr'><strong>θεή-</strong></span> 
     </span>
    </p>
   </div>
   <div class='ocr_carea' id='block_1_63' title="bbox 455 3200 2030 3279">
    <p class='ocr_par' dir='ltr' id='par_1_63' title="bbox 455 3201 2030 3278">
     <span class='ocr_line' id='line_1_63' title="bbox 455 3201 2030 3278; baseline 0.001 -20"><span class='ocrx_word' id='word_1_432' title='bbox 455 3203 766 3258; x_wconf 83' lang='lat' dir='ltr'><strong>sacerdotio</strong></span> <span class='ocrx_word' id='word_1_433' title='bbox 825 3201 1103 3274; x_wconf 82' lang='lat' dir='ltr'><strong>indignus.</strong></span> <span class='ocrx_word' id='word_1_434' title='bbox 1139 3205 1319 3270; x_wconf 84' lang='lat' dir='ltr'><strong>Quare</strong></span> <span class='ocrx_word' id='word_1_435' title='bbox 1382 3205 1640 3274; x_wconf 84' lang='lat' dir='ltr'><strong>quoniam</strong></span> <span class='ocrx_word' id='word_1_436' title='bbox 1705 3221 1816 3260; x_wconf 91' lang='lat' dir='ltr'><strong>non</strong></span> <span class='ocrx_word' id='word_1_437' title='bbox 1881 3207 2030 3278; x_wconf 70' lang='lat' dir='ltr'><strong>cogi-</strong></span> 
     </span>
    </p>
   </div>
   <div class='ocr_carea' id='block_1_64' title="bbox 2136 3200 3708 3279">
    <p class='ocr_par' dir='ltr' id='par_1_64' title="bbox 2137 3200 3708 3279">
     <span class='ocr_line' id='line_1_64' title="bbox 2137 3200 3708 3279; baseline -0.01 -11"><span class='ocrx_word' id='word_1_438' title='bbox 2137 3217 2294 3278; x_wconf 84' lang='grc' dir='ltr'><strong>λατός</strong></span> <span class='ocrx_word' id='word_1_439' title='bbox 2347 3231 2430 3276; x_wconf 88' lang='grc' dir='ltr'><strong>τις</strong></span> <span class='ocrx_word' id='word_1_440' title='bbox 2489 3211 2706 3266; x_wconf 74' lang='grc' dir='ltr'><strong>ἐλαύνοι</strong></span> <span class='ocrx_word' id='word_1_441' title='bbox 2759 3212 2974 3279; x_wconf 82' lang='grc' dir='ltr'><strong>πληγὴ,</strong></span> <span class='ocrx_word' id='word_1_442' title='bbox 3035 3209 3229 3277; x_wconf 75' lang='grc' dir='ltr'><strong>ἐξέστη</strong></span> <span class='ocrx_word' id='word_1_443' title='bbox 3265 3209 3360 3262; x_wconf 81' lang='grc' dir='ltr'><strong>καὶ</strong></span> <span class='ocrx_word' id='word_1_444' title='bbox 3401 3200 3564 3268; x_wconf 73' lang='grc' dir='ltr'><strong>οὗτος</strong></span> <span class='ocrx_word' id='word_1_445' title='bbox 3619 3203 3708 3255; x_wconf 80' lang='grc' dir='ltr'><strong>τοῦ</strong></span> 
     </span>
    </p>
   </div>
   <div class='ocr_carea' id='block_1_65' title="bbox 459 3299 2032 3368">
    <p class='ocr_par' dir='ltr' id='par_1_65' title="bbox 459 3299 2032 3368">
     <span class='ocr_line' id='line_1_65' title="bbox 459 3299 2032 3368; baseline 0.003 -20"><span class='ocrx_word' id='word_1_446' title='bbox 459 3305 572 3349; x_wconf 88' lang='lat' dir='ltr'><strong>tata</strong></span> <span class='ocrx_word' id='word_1_447' title='bbox 631 3309 792 3366; x_wconf 73' lang='lat' dir='ltr'><strong>agere</strong></span> <span class='ocrx_word' id='word_1_448' title='bbox 847 3312 946 3351; x_wconf 86' lang='lat' dir='ltr'><strong>nec</strong></span> <span class='ocrx_word' id='word_1_449' title='bbox 1001 3299 1198 3352; x_wconf 86' lang='lat' dir='ltr'><strong>rationi</strong></span> <span class='ocrx_word' id='word_1_450' title='bbox 1253 3299 1644 3352; x_wconf 85' lang='lat' dir='ltr'><strong>convenientia</strong></span> <span class='ocrx_word' id='word_1_451' title='bbox 1701 3299 2032 3368; x_wconf 85' lang='lat' dir='ltr'><strong>permittunt</strong></span> 
     </span>
    </p>
   </div>
   <div class='ocr_carea' id='block_1_66' title="bbox 463 3389 2040 3460">
    <p class='ocr_par' dir='ltr' id='par_1_66' title="bbox 463 3389 2040 3460">
     <span class='ocr_line' id='line_1_66' title="bbox 463 3389 2040 3460; baseline 0.001 -16"><span class='ocrx_word' id='word_1_452' title='bbox 463 3389 591 3444; x_wconf 85' lang='lat' dir='ltr'><strong>talia</strong></span> <span class='ocrx_word' id='word_1_453' title='bbox 649 3400 930 3460; x_wconf 86' lang='lat' dir='ltr'><strong>tempora,</strong></span> <span class='ocrx_word' id='word_1_454' title='bbox 993 3399 1048 3444; x_wconf 88' lang='lat' dir='ltr'><strong>et</strong></span> <span class='ocrx_word' id='word_1_455' title='bbox 1103 3393 1409 3458; x_wconf 75' lang='lat' dir='ltr'><strong>pra-sortirii</strong></span> <span class='ocrx_word' id='word_1_456' title='bbox 1457 3407 1582 3444; x_wconf 88' lang='lat' dir='ltr'><strong>cum</strong></span> <span class='ocrx_word' id='word_1_457' title='bbox 1634 3391 1800 3446; x_wconf 87' lang='lat' dir='ltr'><strong>etiam</strong></span> <span class='ocrx_word' id='word_1_458' title='bbox 1853 3392 2040 3446; x_wconf 87' lang='lat' dir='ltr'><strong>divina</strong></span> 
     </span>
    </p>
   </div>
   <div class='ocr_carea' id='block_1_67' title="bbox 459 3481 2038 3554">
    <p class='ocr_par' dir='ltr' id='par_1_67' title="bbox 459 3481 2038 3554">
     <span class='ocr_line' id='line_1_67' title="bbox 459 3481 2038 3554; baseline 0.001 -19"><span class='ocrx_word' id='word_1_459' title='bbox 459 3481 712 3554; x_wconf 47' lang='lat' dir='ltr'><strong>qniedam.</strong></span> <span class='ocrx_word' id='word_1_460' title='bbox 765 3481 998 3552; x_wconf 89' lang='lat' dir='ltr'><strong>impellit</strong></span> <span class='ocrx_word' id='word_1_461' title='bbox 1050 3484 1228 3552; x_wconf 76' lang='lat' dir='ltr'><strong>plaga,</strong></span> <span class='ocrx_word' id='word_1_462' title='bbox 1281 3484 1489 3538; x_wconf 81' lang='lat' dir='ltr'><strong>exstitit</strong></span> <span class='ocrx_word' id='word_1_463' title='bbox 1543 3491 1597 3538; x_wconf 85' lang='lat' dir='ltr'><strong>et</strong></span> <span class='ocrx_word' id='word_1_464' title='bbox 1645 3484 1734 3538; x_wconf 90' lang='lat' dir='ltr'><strong>hic</strong></span> <span class='ocrx_word' id='word_1_465' title='bbox 1783 3484 1888 3538; x_wconf 82' lang='lat' dir='ltr'><strong>lixa</strong></span> <span class='ocrx_word' id='word_1_466' title='bbox 1926 3495 2038 3538; x_wconf 85' lang='lat' dir='ltr'><strong>sta-</strong></span> 
     </span>
    </p>
   </div>
   <div class='ocr_carea' id='block_1_68' title="bbox 461 3573 2026 3645">
    <p class='ocr_par' dir='ltr' id='par_1_68' title="bbox 461 3573 2026 3645">
     <span class='ocr_line' id='line_1_68' title="bbox 461 3573 2026 3645; baseline 0.002 -20"><span class='ocrx_word' id='word_1_467' title='bbox 461 3573 556 3628; x_wconf 90' lang='lat' dir='ltr'><strong>tim</strong></span> <span class='ocrx_word' id='word_1_468' title='bbox 606 3575 942 3644; x_wconf 77' lang='lat' dir='ltr'><strong>cngitatioue</strong></span> <span class='ocrx_word' id='word_1_469' title='bbox 971 3585 1026 3628; x_wconf 85' lang='lat' dir='ltr'><strong>et</strong></span> <span class='ocrx_word' id='word_1_470' title='bbox 1075 3576 1374 3628; x_wconf 89' lang='lat' dir='ltr'><strong>arbitratus</strong></span> <span class='ocrx_word' id='word_1_471' title='bbox 1427 3575 1806 3645; x_wconf 85' lang='lat' dir='ltr'><strong>iususpectum</strong></span> <span class='ocrx_word' id='word_1_472' title='bbox 1859 3575 2026 3630; x_wconf 88' lang='lat' dir='ltr'><strong>modo</strong></span> 
     </span>
    </p>
   </div>
   <div class='ocr_carea' id='block_1_69' title="bbox 460 3667 2033 3739">
    <p class='ocr_par' dir='ltr' id='par_1_69' title="bbox 460 3667 2033 3739">
     <span class='ocr_line' id='line_1_69' title="bbox 460 3667 2033 3739; baseline -0.001 -19"><span class='ocrx_word' id='word_1_473' title='bbox 460 3683 582 3721; x_wconf 79' lang='lat' dir='ltr'><strong>esse</strong></span> <span class='ocrx_word' id='word_1_474' title='bbox 613 3683 737 3721; x_wconf 89' lang='lat' dir='ltr'><strong>eum</strong></span> <span class='ocrx_word' id='word_1_475' title='bbox 769 3683 930 3736; x_wconf 88' lang='lat' dir='ltr'><strong>quem</strong></span> <span class='ocrx_word' id='word_1_476' title='bbox 963 3667 1020 3721; x_wconf 88' lang='lat' dir='ltr'><strong>in</strong></span> <span class='ocrx_word' id='word_1_477' title='bbox 1051 3667 1175 3721; x_wconf 92' lang='lat' dir='ltr'><strong>aliis</strong></span> <span class='ocrx_word' id='word_1_478' title='bbox 1209 3667 1509 3724; x_wconf 88' lang='lat' dir='ltr'><strong>reconditis</strong></span> <span class='ocrx_word' id='word_1_479' title='bbox 1543 3670 1792 3739; x_wconf 82' lang='lat' dir='ltr'><strong>partibus</strong></span> <span class='ocrx_word' id='word_1_480' title='bbox 1829 3667 2033 3722; x_wconf 69' lang='lat' dir='ltr'><strong>divinae</strong></span> 
     </span>
    </p>
   </div>
   <div class='ocr_carea' id='block_1_70' title="bbox 463 3759 2036 3830">
    <p class='ocr_par' dir='ltr' id='par_1_70' title="bbox 463 3759 2036 3830">
     <span class='ocr_line' id='line_1_70' title="bbox 463 3759 2036 3830; baseline -0.001 -17"><span class='ocrx_word' id='word_1_481' title='bbox 463 3760 762 3828; x_wconf 75' lang='lat' dir='ltr'><strong>Sapientia:</strong></span> <span class='ocrx_word' id='word_1_482' title='bbox 801 3761 1080 3830; x_wconf 88' lang='lat' dir='ltr'><strong>appellant</strong></span> <span class='ocrx_word' id='word_1_483' title='bbox 1115 3761 1362 3826; x_wconf 78' lang='lat' dir='ltr'><strong>furnum,</strong></span> <span class='ocrx_word' id='word_1_484' title='bbox 1404 3764 1495 3816; x_wconf 89' lang='lat' dir='ltr'><strong>ubi</strong></span> <span class='ocrx_word' id='word_1_485' title='bbox 1538 3763 1704 3816; x_wconf 89' lang='lat' dir='ltr'><strong>etiam</strong></span> <span class='ocrx_word' id='word_1_486' title='bbox 1747 3776 1856 3830; x_wconf 89' lang='lat' dir='ltr'><strong>quo</strong></span> <span class='ocrx_word' id='word_1_487' title='bbox 1895 3759 2036 3814; x_wconf 88' lang='lat' dir='ltr'><strong>divi-</strong></span> 
     </span>
    </p>
   </div>
   <div class='ocr_carea' id='block_1_71' title="bbox 463 3853 2034 3923">
    <p class='ocr_par' dir='ltr' id='par_1_71' title="bbox 463 3853 2034 3923">
     <span class='ocr_line' id='line_1_71' title="bbox 463 3853 2034 3923; baseline 0.001 -19"><span class='ocrx_word' id='word_1_488' title='bbox 463 3868 593 3904; x_wconf 90' lang='lat' dir='ltr'><strong>num</strong></span> <span class='ocrx_word' id='word_1_489' title='bbox 628 3853 898 3910; x_wconf 86' lang='lat' dir='ltr'><strong>adeuntes</strong></span> <span class='ocrx_word' id='word_1_490' title='bbox 931 3853 1202 3923; x_wconf 85' lang='lat' dir='ltr'><strong>baptisma</strong></span> <span class='ocrx_word' id='word_1_491' title='bbox 1237 3854 1449 3908; x_wconf 90' lang='lat' dir='ltr'><strong>condiri</strong></span> <span class='ocrx_word' id='word_1_492' title='bbox 1488 3861 1771 3923; x_wconf 78' lang='lat' dir='ltr'><strong>unguento</strong></span> <span class='ocrx_word' id='word_1_493' title='bbox 1802 3867 2034 3906; x_wconf 78' lang='lat' dir='ltr'><strong>consue-</strong></span> 
     </span>
    </p>
   </div>
   <div class='ocr_carea' id='block_1_72' title="bbox 465 3945 2034 4018">
    <p class='ocr_par' dir='ltr' id='par_1_72' title="bbox 465 3945 2034 4018">
     <span class='ocr_line' id='line_1_72' title="bbox 465 3945 2034 4018; baseline -0.001 -18"><span class='ocrx_word' id='word_1_494' title='bbox 465 3957 581 4000; x_wconf 91' lang='lat' dir='ltr'><strong>tum</strong></span> <span class='ocrx_word' id='word_1_495' title='bbox 617 3953 722 4010; x_wconf 85' lang='lat' dir='ltr'><strong>est,</strong></span> <span class='ocrx_word' id='word_1_496' title='bbox 747 3947 858 4016; x_wconf 80' lang='lat' dir='ltr'><strong>igni</strong></span> <span class='ocrx_word' id='word_1_497' title='bbox 895 3956 1202 4016; x_wconf 65' lang='lat' dir='ltr'><strong>praeparant</strong></span> <span class='ocrx_word' id='word_1_498' title='bbox 1235 3947 1687 4016; x_wconf 87' lang='lat' dir='ltr'><strong>quinquenuibus</strong></span> <span class='ocrx_word' id='word_1_499' title='bbox 1719 3946 1916 4018; x_wconf 83' lang='lat' dir='ltr'><strong>spatiis</strong></span> <span class='ocrx_word' id='word_1_500' title='bbox 1949 3945 2034 3998; x_wconf 86' lang='lat' dir='ltr'><strong>vel</strong></span> 
     </span>
    </p>
   </div>
   <div class='ocr_carea' id='block_1_73' title="bbox 462 4037 2034 4108">
    <p class='ocr_par' dir='ltr' id='par_1_73' title="bbox 462 4037 2034 4108">
     <span class='ocr_line' id='line_1_73' title="bbox 462 4037 2034 4108; baseline -0.001 -16"><span class='ocrx_word' id='word_1_501' title='bbox 462 4041 631 4092; x_wconf 81' lang='lat' dir='ltr'><strong>etiam</strong></span> <span class='ocrx_word' id='word_1_502' title='bbox 687 4039 942 4108; x_wconf 83' lang='lat' dir='ltr'><strong>pluribus</strong></span> <span class='ocrx_word' id='word_1_503' title='bbox 997 4040 1228 4094; x_wconf 75' lang='lat' dir='ltr'><strong>fortasse</strong></span> <span class='ocrx_word' id='word_1_504' title='bbox 1283 4051 1340 4096; x_wconf 83' lang='lat' dir='ltr'><strong>et</strong></span> <span class='ocrx_word' id='word_1_505' title='bbox 1394 4040 1703 4095; x_wconf 80' lang='lat' dir='ltr'><strong>minoribus</strong></span> <span class='ocrx_word' id='word_1_506' title='bbox 1757 4037 2034 4092; x_wconf 85' lang='lat' dir='ltr'><strong>interdum</strong></span> 
     </span>
    </p>
   </div>
   <div class='ocr_carea' id='block_1_74' title="bbox 465 4127 2034 4200">
    <p class='ocr_par' dir='ltr' id='par_1_74' title="bbox 465 4127 2034 4200">
     <span class='ocr_line' id='line_1_74' title="bbox 465 4127 2034 4200; baseline -0.001 -18"><span class='ocrx_word' id='word_1_507' title='bbox 465 4127 630 4200; x_wconf 67' lang='grc'><strong>248</strong></span> <span class='ocrx_word' id='word_1_508' title='bbox 677 4129 980 4186; x_wconf 88' lang='lat' dir='ltr'><strong>secundum</strong></span> <span class='ocrx_word' id='word_1_509' title='bbox 1019 4131 1357 4184; x_wconf 83' lang='lat' dir='ltr'><strong>voluntatem</strong></span> <span class='ocrx_word' id='word_1_510' title='bbox 1401 4139 1457 4185; x_wconf 88' lang='lat' dir='ltr'><strong>et</strong></span> <span class='ocrx_word' id='word_1_511' title='bbox 1493 4129 1854 4200; x_wconf 74' lang='lat' dir='ltr'><strong>indigentiam</strong></span> <span class='ocrx_word' id='word_1_512' title='bbox 1893 4128 2034 4181; x_wconf 85' lang='lat' dir='ltr'><strong>alio-</strong></span> 
     </span>
    </p>
   </div>
   <div class='ocr_carea' id='block_1_75' title="bbox 463 4221 2030 4292">
    <p class='ocr_par' dir='ltr' id='par_1_75' title="bbox 463 4221 2030 4292">
     <span class='ocr_line' id='line_1_75' title="bbox 463 4221 2030 4292; baseline 0 -18"><span class='ocrx_word' id='word_1_513' title='bbox 463 4237 586 4274; x_wconf 87' lang='lat' dir='ltr'><strong>rum</strong></span> <span class='ocrx_word' id='word_1_514' title='bbox 637 4221 744 4274; x_wconf 83' lang='lat' dir='ltr'><strong>alio</strong></span> <span class='ocrx_word' id='word_1_515' title='bbox 796 4235 1042 4290; x_wconf 82' lang='lat' dir='ltr'><strong>tempore</strong></span> <span class='ocrx_word' id='word_1_516' title='bbox 1100 4223 1531 4276; x_wconf 82' lang='lat' dir='ltr'><strong>constitutorum</strong></span> <span class='ocrx_word' id='word_1_517' title='bbox 1567 4221 2030 4292; x_wconf 81' lang='lat' dir='ltr'><strong>patriarcharum.</strong></span> 
     </span>
    </p>
   </div>
   <div class='ocr_carea' id='block_1_76' title="bbox 2138 3297 3708 3373">
    <p class='ocr_par' dir='ltr' id='par_1_76' title="bbox 2138 3297 3708 3373">
     <span class='ocr_line' id='line_1_76' title="bbox 2138 3297 3708 3373; baseline -0.008 -12"><span class='ocrx_word' id='word_1_518' title='bbox 2138 3307 2479 3367; x_wconf 76' lang='grc' dir='ltr'><strong>καθεστῶτος</strong></span> <span class='ocrx_word' id='word_1_519' title='bbox 2534 3305 2698 3366; x_wconf 80' lang='grc' dir='ltr'><strong>εὐθὺς</strong></span> <span class='ocrx_word' id='word_1_520' title='bbox 2759 3304 3132 3373; x_wconf 83' lang='grc' dir='ltr'><strong>φρονήματος,</strong></span> <span class='ocrx_word' id='word_1_521' title='bbox 3193 3304 3288 3355; x_wconf 73' lang='grc' dir='ltr'><strong>καὶ</strong></span> <span class='ocrx_word' id='word_1_522' title='bbox 3335 3297 3708 3368; x_wconf 60' lang='grc' dir='ltr'><strong>ξυννενοηκὼς</strong></span> 
     </span>
    </p>
   </div>
   <div class='ocr_carea' id='block_1_77' title="bbox 2133 3390 3712 3462">
    <p class='ocr_par' dir='ltr' id='par_1_77' title="bbox 2133 3390 3712 3462">
     <span class='ocr_line' id='line_1_77' title="bbox 2133 3390 3712 3462; baseline -0.009 -8"><span class='ocrx_word' id='word_1_523' title='bbox 2133 3399 2448 3454; x_wconf 80' lang='grc' dir='ltr'><strong>ἀνύποπτον</strong></span> <span class='ocrx_word' id='word_1_524' title='bbox 2479 3395 2638 3460; x_wconf 84' lang='grc' dir='ltr'><strong>μόνον</strong></span> <span class='ocrx_word' id='word_1_525' title='bbox 2669 3390 2811 3448; x_wconf 77' lang='grc' dir='ltr'><strong>εἶναι</strong></span> <span class='ocrx_word' id='word_1_526' title='bbox 2859 3395 2951 3447; x_wconf 78' lang='grc' dir='ltr'><strong>τὸν</strong></span> <span class='ocrx_word' id='word_1_527' title='bbox 3003 3395 3096 3446; x_wconf 79' lang='grc' dir='ltr'><strong>ἐπὶ</strong></span> <span class='ocrx_word' id='word_1_528' title='bbox 3155 3393 3364 3460; x_wconf 80' lang='grc' dir='ltr'><strong>θάτερα</strong></span> <span class='ocrx_word' id='word_1_529' title='bbox 3417 3392 3712 3462; x_wconf 66' lang='grc' dir='ltr'><strong>κρυπτῆρει</strong></span> 
     </span>
    </p>
   </div>
   <div class='ocr_carea' id='block_1_78' title="bbox 2139 3481 3710 3568">
    <p class='ocr_par' dir='ltr' id='par_1_78' title="bbox 2139 3481 3710 3568">
     <span class='ocr_line' id='line_1_78' title="bbox 2139 3481 3710 3568; baseline -0.006 -26"><span class='ocrx_word' id='word_1_530' title='bbox 2139 3491 2276 3558; x_wconf 82' lang='grc' dir='ltr'><strong>μέρη</strong></span> <span class='ocrx_word' id='word_1_531' title='bbox 2313 3489 2408 3568; x_wconf 62' lang='grc' dir='ltr'><strong>τῆς</strong></span> <span class='ocrx_word' id='word_1_532' title='bbox 2441 3487 2532 3540; x_wconf 82' lang='grc' dir='ltr'><strong>τοῦ</strong></span> <span class='ocrx_word' id='word_1_533' title='bbox 2563 3487 2696 3540; x_wconf 78' lang='grc' dir='ltr'><strong>Θεοῦ</strong></span> <span class='ocrx_word' id='word_1_534' title='bbox 2729 3485 2922 3555; x_wconf 84' lang='grc' dir='ltr'><strong>σοφίας</strong></span> <span class='ocrx_word' id='word_1_535' title='bbox 2961 3485 3256 3556; x_wconf 79' lang='grc' dir='ltr'><strong>λεγόμενον</strong></span> <span class='ocrx_word' id='word_1_536' title='bbox 3285 3483 3546 3554; x_wconf 79' lang='grc' dir='ltr'><strong>φοῦρνον,</strong></span> <span class='ocrx_word' id='word_1_537' title='bbox 3587 3481 3710 3534; x_wconf 77' lang='grc' dir='ltr'><strong>ἔνθα</strong></span> 
     </span>
    </p>
   </div>
   <div class='ocr_carea' id='block_1_79' title="bbox 2137 3573 3710 3648">
    <p class='ocr_par' dir='ltr' id='par_1_79' title="bbox 2137 3573 3710 3648">
     <span class='ocr_line' id='line_1_79' title="bbox 2137 3573 3710 3648; baseline -0.007 -15"><span class='ocrx_word' id='word_1_538' title='bbox 2137 3583 2230 3633; x_wconf 74' lang='grc' dir='ltr'><strong>καὶ</strong></span> <span class='ocrx_word' id='word_1_539' title='bbox 2264 3575 2307 3648; x_wconf 76' lang='grc' dir='ltr'>ᾧ</span> <span class='ocrx_word' id='word_1_540' title='bbox 2337 3580 2464 3642; x_wconf 74' lang='grc' dir='ltr'><strong>τοὺς</strong></span> <span class='ocrx_word' id='word_1_541' title='bbox 2497 3579 2573 3648; x_wconf 79' lang='grc' dir='ltr'><strong>τῷ</strong></span> <span class='ocrx_word' id='word_1_542' title='bbox 2608 3578 2736 3648; x_wconf 84' lang='grc' dir='ltr'><strong>θείῳ</strong></span> <span class='ocrx_word' id='word_1_543' title='bbox 2787 3577 3114 3648; x_wconf 72' lang='grc' dir='ltr'><strong>προσιόντας</strong></span> <span class='ocrx_word' id='word_1_544' title='bbox 3167 3576 3510 3648; x_wconf 85' lang='grc' dir='ltr'><strong>βαπτίσματι</strong></span> <span class='ocrx_word' id='word_1_545' title='bbox 3569 3573 3710 3642; x_wconf 84' lang='grc' dir='ltr'><strong>χρίε-</strong></span> 
     </span>
    </p>
   </div>
   <div class='ocr_carea' id='block_1_80' title="bbox 2143 3666 3708 3741">
    <p class='ocr_par' dir='ltr' id='par_1_80' title="bbox 2143 3666 3708 3741">
     <span class='ocr_line' id='line_1_80' title="bbox 2143 3666 3708 3741; baseline -0.006 -17"><span class='ocrx_word' id='word_1_546' title='bbox 2143 3673 2265 3724; x_wconf 84' lang='grc' dir='ltr'><strong>σθαι</strong></span> <span class='ocrx_word' id='word_1_547' title='bbox 2307 3671 2460 3740; x_wconf 82' lang='grc' dir='ltr'><strong>μύρῳ</strong></span> <span class='ocrx_word' id='word_1_548' title='bbox 2491 3671 2832 3741; x_wconf 82' lang='grc' dir='ltr'><strong>νενόμισται,</strong></span> <span class='ocrx_word' id='word_1_549' title='bbox 2875 3670 3104 3738; x_wconf 71' lang='grc' dir='ltr'><strong>ἕψουσιν</strong></span> <span class='ocrx_word' id='word_1_550' title='bbox 3151 3671 3208 3722; x_wconf 80' lang='grc' dir='ltr'><strong>ὲν</strong></span> <span class='ocrx_word' id='word_1_551' title='bbox 3265 3666 3708 3738; x_wconf 83' lang='grc' dir='ltr'><strong>πενταετηρικαῐς</strong></span> 
     </span>
    </p>
   </div>
   <div class='ocr_carea' id='block_1_81' title="bbox 2143 3757 3708 3834">
    <p class='ocr_par' dir='ltr' id='par_1_81' title="bbox 2143 3757 3708 3834">
     <span class='ocr_line' id='line_1_81' title="bbox 2143 3757 3708 3834; baseline -0.005 -20"><span class='ocrx_word' id='word_1_552' title='bbox 2143 3763 2412 3832; x_wconf 76' lang='grc' dir='ltr'><strong>περιόδοις</strong></span> <span class='ocrx_word' id='word_1_553' title='bbox 2447 3763 2478 3834; x_wconf 85' lang='grc' dir='ltr'>ἢ</span> <span class='ocrx_word' id='word_1_554' title='bbox 2519 3765 2613 3814; x_wconf 73' lang='grc' dir='ltr'><strong>καὶ</strong></span> <span class='ocrx_word' id='word_1_555' title='bbox 2645 3761 2892 3816; x_wconf 76' lang='grc' dir='ltr'><strong>πλείοσιν</strong></span> <span class='ocrx_word' id='word_1_556' title='bbox 2927 3763 3059 3826; x_wconf 71' lang='grc' dir='ltr'><strong>ἴσως</strong></span> <span class='ocrx_word' id='word_1_557' title='bbox 3105 3763 3220 3820; x_wconf 80' lang='grc' dir='ltr'><strong>.κα“ι</strong></span> <span class='ocrx_word' id='word_1_558' title='bbox 3271 3759 3495 3832; x_wconf 74' lang='grc' dir='ltr'><strong>ἥττοσιν</strong></span> <span class='ocrx_word' id='word_1_559' title='bbox 3547 3757 3708 3812; x_wconf 73' lang='grc' dir='ltr'><strong>ἐνίοτε</strong></span> 
     </span>
    </p>
   </div>
   <div class='ocr_carea' id='block_1_82' title="bbox 2145 3851 3709 3924">
    <p class='ocr_par' dir='ltr' id='par_1_82' title="bbox 2145 3851 3709 3924">
     <span class='ocr_line' id='line_1_82' title="bbox 2145 3851 3709 3924; baseline -0.005 -16"><span class='ocrx_word' id='word_1_560' title='bbox 2145 3856 2288 3908; x_wconf 82' lang='grc' dir='ltr'><strong>κατὰ.</strong></span> <span class='ocrx_word' id='word_1_561' title='bbox 2321 3856 2418 3924; x_wconf 84' lang='grc' dir='ltr'><strong>τὴν</strong></span> <span class='ocrx_word' id='word_1_562' title='bbox 2443 3855 2549 3908; x_wconf 84' lang='grc' dir='ltr'><strong>τῶν</strong></span> <span class='ocrx_word' id='word_1_563' title='bbox 2571 3855 2750 3909; x_wconf 76' lang='grc' dir='ltr'><strong>ἄλλοτ’</strong></span> <span class='ocrx_word' id='word_1_564' title='bbox 2793 3854 2968 3908; x_wconf 72' lang='grc' dir='ltr'><strong>ἄλλων</strong></span> <span class='ocrx_word' id='word_1_565' title='bbox 2995 3853 3252 3924; x_wconf 81' lang='grc' dir='ltr'><strong>βούλησιν</strong></span> <span class='ocrx_word' id='word_1_566' title='bbox 3285 3855 3378 3904; x_wconf 76' lang='grc' dir='ltr'><strong>καὶ</strong></span> <span class='ocrx_word' id='word_1_567' title='bbox 3399 3851 3594 3918; x_wconf 83' lang='grc' dir='ltr'><strong>χρείαν</strong></span> <span class='ocrx_word' id='word_1_568' title='bbox 3613 3863 3709 3900; x_wconf 86' lang='grc' dir='ltr'><strong>πα-</strong></span> 
     </span>
    </p>
   </div>
   <div class='ocr_carea' id='block_1_83' title="bbox 2143 3939 3712 4015">
    <p class='ocr_par' dir='ltr' id='par_1_83' title="bbox 2143 3939 3712 4015">
     <span class='ocr_line' id='line_1_83' title="bbox 2143 3939 3712 4015; baseline -0.006 -16"><span class='ocrx_word' id='word_1_569' title='bbox 2143 3947 2442 4015; x_wconf 80' lang='grc' dir='ltr'><strong>τριαρχῶν,</strong></span> <span class='ocrx_word' id='word_1_570' title='bbox 2473 3947 2528 3998; x_wconf 81' lang='grc' dir='ltr'><strong>ὲν</strong></span> <span class='ocrx_word' id='word_1_571' title='bbox 2564 3945 2742 4014; x_wconf 84' lang='grc' dir='ltr'><strong>τούτῳ</strong></span> <span class='ocrx_word' id='word_1_572' title='bbox 2767 3945 2955 4014; x_wconf 78' lang='grc' dir='ltr'><strong>φυγὼν</strong></span> <span class='ocrx_word' id='word_1_573' title='bbox 2983 3944 3287 4014; x_wconf 83' lang='grc' dir='ltr'><strong>ὑπότρομος</strong></span> <span class='ocrx_word' id='word_1_574' title='bbox 3315 3942 3498 4013; x_wconf 59' lang='lat' dir='ltr'><strong>H.426</strong></span> <span class='ocrx_word' id='word_1_575' title='bbox 3533 3939 3606 4012; x_wconf 61' lang='grc' dir='ltr'><strong>εκ]</strong></span> <span class='ocrx_word' id='word_1_576' title='bbox 3626 3943 3712 3990; x_wconf 83' lang='grc' dir='ltr'><strong>καὶ</strong></span> 
     </span>
    </p>
   </div>
   <div class='ocr_carea' id='block_1_84' title="bbox 2139 4032 3710 4108">
    <p class='ocr_par' dir='ltr' id='par_1_84' title="bbox 2139 4032 3710 4108">
     <span class='ocr_line' id='line_1_84' title="bbox 2139 4032 3710 4108; baseline -0.007 -16"><span class='ocrx_word' id='word_1_577' title='bbox 2139 4039 2397 4108; x_wconf 76' lang='grc' dir='ltr'><strong>περιδεὴς</strong></span> <span class='ocrx_word' id='word_1_578' title='bbox 2424 4039 2452 4090; x_wconf 87' lang='grc' dir='ltr'>ὁ</span> <span class='ocrx_word' id='word_1_579' title='bbox 2479 4037 2608 4108; x_wconf 77' lang='grc' dir='ltr'><strong>χθὲς</strong></span> <span class='ocrx_word' id='word_1_580' title='bbox 2638 4039 2874 4107; x_wconf 80' lang='grc' dir='ltr'><strong>διωκτης</strong></span> <span class='ocrx_word' id='word_1_581' title='bbox 2905 4037 3112 4106; x_wconf 83' lang='grc' dir='ltr'><strong>θρασὺς</strong></span> <span class='ocrx_word' id='word_1_582' title='bbox 3139 4038 3231 4088; x_wconf 75' lang='grc' dir='ltr'><strong>ἐπὶ</strong></span> <span class='ocrx_word' id='word_1_583' title='bbox 3255 4035 3476 4096; x_wconf 77' lang='grc' dir='ltr'><strong>πολλαῖς</strong></span> <span class='ocrx_word' id='word_1_584' title='bbox 3507 4032 3710 4103; x_wconf 75' lang='grc' dir='ltr'><strong>ἐκρύπ-</strong></span> 
     </span>
    </p>
   </div>
   <div class='ocr_carea' id='block_1_85' title="bbox 2133 4125 3710 4198">
    <p class='ocr_par' dir='ltr' id='par_1_85' title="bbox 2133 4125 3710 4198">
     <span class='ocr_line' id='line_1_85' title="bbox 2133 4125 3710 4198; baseline -0.004 -18"><span class='ocrx_word' id='word_1_585' title='bbox 2133 4145 2255 4181; x_wconf 84' lang='grc' dir='ltr'><strong>τετο</strong></span> <span class='ocrx_word' id='word_1_586' title='bbox 2289 4130 2403 4189; x_wconf 81' lang='grc' dir='ltr'><strong>ταῖς</strong></span> <span class='ocrx_word' id='word_1_587' title='bbox 2437 4129 2706 4198; x_wconf 77' lang='grc' dir='ltr'><strong>ἡμέραις,</strong></span> <span class='ocrx_word' id='word_1_588' title='bbox 2741 4125 3116 4197; x_wconf 65' lang='grc' dir='ltr'><strong>ἡχρειοιμένος</strong></span> <span class='ocrx_word' id='word_1_589' title='bbox 3146 4129 3240 4180; x_wconf 80' lang='grc' dir='ltr'><strong>καὶ</strong></span> <span class='ocrx_word' id='word_1_590' title='bbox 3307 4125 3452 4196; x_wconf 76' lang='grc' dir='ltr'><strong>μάλα</strong></span> <span class='ocrx_word' id='word_1_591' title='bbox 3507 4125 3710 4189; x_wconf 80' lang='grc' dir='ltr'><strong>ἀπαγο-</strong></span> 
     </span>
    </p>
   </div>
   <div class='ocr_carea' id='block_1_86' title="bbox 2140 4219 2549 4292">
    <p class='ocr_par' dir='ltr' id='par_1_86' title="bbox 2140 4219 2549 4292">
     <span class='ocr_line' id='line_1_86' title="bbox 2140 4219 2549 4292; baseline -0.007 -16"><span class='ocrx_word' id='word_1_592' title='bbox 2140 4220 2310 4292; x_wconf 85' lang='grc' dir='ltr'><strong>ρεύων</strong></span> <span class='ocrx_word' id='word_1_593' title='bbox 2344 4219 2406 4272; x_wconf 84' lang='grc' dir='ltr'><strong>τὸ</strong></span> <span class='ocrx_word' id='word_1_594' title='bbox 2429 4219 2549 4290; x_wconf 78' lang='grc' dir='ltr'><strong>ζῇν.</strong></span> 
     </span>
    </p>
   </div>
   <div class='ocr_carea' id='block_1_87' title="bbox 461 4309 3704 4385">
    <p class='ocr_par' dir='ltr' id='par_1_87' title="bbox 461 4309 3704 4385">
     <span class='ocr_line' id='line_1_87' title="bbox 461 4309 3704 4385; baseline -0.002 -17"><span class='ocrx_word' id='word_1_595' title='bbox 461 4313 568 4368; x_wconf 90' lang='lat' dir='ltr'><strong>hoc</strong></span> <span class='ocrx_word' id='word_1_596' title='bbox 604 4324 846 4382; x_wconf 84' lang='lat' dir='ltr'><strong>tempore</strong></span> <span class='ocrx_word' id='word_1_597' title='bbox 886 4317 1096 4385; x_wconf 75' lang='lat' dir='ltr'><strong>fugiens</strong></span> <span class='ocrx_word' id='word_1_598' title='bbox 1131 4316 1527 4371; x_wconf 82' lang='lat' dir='ltr'><strong>tremebundus</strong></span> <span class='ocrx_word' id='word_1_599' title='bbox 1583 4316 1678 4382; x_wconf 85' lang='lat' dir='ltr'><strong>qui</strong></span> <span class='ocrx_word' id='word_1_600' title='bbox 1745 4315 1861 4368; x_wconf 88' lang='lat' dir='ltr'><strong>heri</strong></span> <span class='ocrx_word' id='word_1_601' title='bbox 1905 4323 2219 4383; x_wconf 81' lang='lat' dir='ltr'><strong>persecutor</strong></span> <span class='ocrx_word' id='word_1_602' title='bbox 2279 4313 2582 4368; x_wconf 79' lang='lat' dir='ltr'><strong>acerrimus</strong></span> <span class='ocrx_word' id='word_1_603' title='bbox 2612 4313 2808 4377; x_wconf 70' lang='lat' dir='ltr'><strong>funerat,</strong></span> <span class='ocrx_word' id='word_1_604' title='bbox 2839 4311 2890 4364; x_wconf 90' lang='lat' dir='ltr'><strong>in</strong></span> <span class='ocrx_word' id='word_1_605' title='bbox 2931 4311 3132 4366; x_wconf 83' lang='lat' dir='ltr'><strong>multos</strong></span> <span class='ocrx_word' id='word_1_606' title='bbox 3163 4310 3284 4364; x_wconf 88' lang='lat' dir='ltr'><strong>dies</strong></span> <span class='ocrx_word' id='word_1_607' title='bbox 3315 4324 3436 4366; x_wconf 88' lang='lat' dir='ltr'><strong>sese</strong></span> <span class='ocrx_word' id='word_1_608' title='bbox 3467 4309 3704 4364; x_wconf 83' lang='lat' dir='ltr'><strong>abscon-</strong></span> 
     </span>
    </p>
   </div>
   <div class='ocr_carea' id='block_1_88' title="bbox 463 4407 2125 4474">
    <p class='ocr_par' dir='ltr' id='par_1_88' title="bbox 463 4407 2125 4474">
     <span class='ocr_line' id='line_1_88' title="bbox 463 4407 2125 4474; baseline -0.001 -11"><span class='ocrx_word' id='word_1_609' title='bbox 463 4409 654 4474; x_wconf 65' lang='lat' dir='ltr'><strong>debai,</strong></span> <span class='ocrx_word' id='word_1_610' title='bbox 691 4409 962 4466; x_wconf 67' lang='lat' dir='ltr'><strong>inutiliter</strong></span> <span class='ocrx_word' id='word_1_611' title='bbox 995 4420 1287 4464; x_wconf 81' lang='lat' dir='ltr'><strong>conterens</strong></span> <span class='ocrx_word' id='word_1_612' title='bbox 1316 4419 1370 4464; x_wconf 88' lang='lat' dir='ltr'><strong>et</strong></span> <span class='ocrx_word' id='word_1_613' title='bbox 1401 4411 1558 4463; x_wconf 86' lang='lat' dir='ltr'><strong>valde</strong></span> <span class='ocrx_word' id='word_1_614' title='bbox 1591 4409 1904 4464; x_wconf 84' lang='lat' dir='ltr'><strong>detrectans</strong></span> <span class='ocrx_word' id='word_1_615' title='bbox 1936 4407 2125 4462; x_wconf 88' lang='lat' dir='ltr'><strong>vitam.</strong></span> 
     </span>
    </p>
   </div>
   <div class='ocr_carea' id='block_1_89' title="bbox 539 4501 2116 4572">
    <p class='ocr_par' dir='ltr' id='par_1_89' title="bbox 539 4501 2116 4572">
     <span class='ocr_line' id='line_1_89' title="bbox 539 4501 2116 4572; baseline -0.001 -16"><span class='ocrx_word' id='word_1_616' title='bbox 539 4502 682 4556; x_wconf 74' lang='lat' dir='ltr'><strong>XIV.</strong></span> <span class='ocrx_word' id='word_1_617' title='bbox 725 4501 883 4558; x_wconf 82' lang='lat' dir='ltr'><strong>Licet</strong></span> <span class='ocrx_word' id='word_1_618' title='bbox 939 4505 1105 4572; x_wconf 79' lang='lat' dir='ltr'><strong>igitur</strong></span> <span class='ocrx_word' id='word_1_619' title='bbox 1143 4503 1526 4558; x_wconf 85' lang='lat' dir='ltr'><strong>ratiocinando</strong></span> <span class='ocrx_word' id='word_1_620' title='bbox 1562 4501 1784 4557; x_wconf 90' lang='lat' dir='ltr'><strong>studere</strong></span> <span class='ocrx_word' id='word_1_621' title='bbox 1817 4501 2034 4567; x_wconf 80' lang='lat' dir='ltr'><strong>assequi</strong></span> <span class='ocrx_word' id='word_1_622' title='bbox 2073 4511 2116 4564; x_wconf 83' lang='grc' dir='ltr'><strong>ι)</strong></span> 
     </span>
    </p>
   </div>
   <div class='ocr_carea' id='block_1_90' title="bbox 464 4593 2030 4665">
    <p class='ocr_par' dir='ltr' id='par_1_90' title="bbox 464 4593 2030 4665">
     <span class='ocr_line' id='line_1_90' title="bbox 464 4593 2030 4665; baseline 0 -19"><span class='ocrx_word' id='word_1_623' title='bbox 464 4594 742 4665; x_wconf 83' lang='lat' dir='ltr'><strong>quomodo</strong></span> <span class='ocrx_word' id='word_1_624' title='bbox 779 4594 1028 4663; x_wconf 77' lang='lat' dir='ltr'><strong>vulgatas</strong></span> <span class='ocrx_word' id='word_1_625' title='bbox 1081 4595 1194 4647; x_wconf 92' lang='lat' dir='ltr'><strong>heri</strong></span> <span class='ocrx_word' id='word_1_626' title='bbox 1237 4603 1292 4647; x_wconf 87' lang='lat' dir='ltr'><strong>et</strong></span> <span class='ocrx_word' id='word_1_627' title='bbox 1347 4594 1751 4648; x_wconf 85' lang='lat' dir='ltr'><strong>nudiustertius</strong></span> <span class='ocrx_word' id='word_1_628' title='bbox 1791 4593 2030 4662; x_wconf 89' lang='lat' dir='ltr'><strong>superbo</strong></span> 
     </span>
    </p>
   </div>
   <div class='ocr_carea' id='block_1_91' title="bbox 463 4685 2030 4756">
    <p class='ocr_par' dir='ltr' id='par_1_91' title="bbox 463 4685 2030 4756">
     <span class='ocr_line' id='line_1_91' title="bbox 463 4685 2030 4756; baseline -0.003 -16"><span class='ocrx_word' id='word_1_629' title='bbox 463 4703 617 4740; x_wconf 89' lang='lat' dir='ltr'><strong>more</strong></span> <span class='ocrx_word' id='word_1_630' title='bbox 633 4701 662 4739; x_wconf 91' lang='lat' dir='ltr'><strong>a</strong></span> <span class='ocrx_word' id='word_1_631' title='bbox 685 4685 970 4740; x_wconf 82' lang='lat' dir='ltr'><strong>Philotheo</strong></span> <span class='ocrx_word' id='word_1_632' title='bbox 988 4698 1178 4742; x_wconf 85' lang='lat' dir='ltr'><strong>contra</strong></span> <span class='ocrx_word' id='word_1_633' title='bbox 1193 4685 1353 4754; x_wconf 68' lang='lat' dir='ltr'><strong>iusta:</strong></span> <span class='ocrx_word' id='word_1_634' title='bbox 1373 4685 1498 4740; x_wconf 81' lang='lat' dir='ltr'><strong>ﬁdei</strong></span> <span class='ocrx_word' id='word_1_635' title='bbox 1523 4685 2030 4756; x_wconf 86' lang='lat' dir='ltr'><strong>hominesjactatio-</strong></span> 
     </span>
    </p>
   </div>
   <div class='ocr_carea' id='block_1_92' title="bbox 463 4774 2038 4844">
    <p class='ocr_par' dir='ltr' id='par_1_92' title="bbox 463 4774 2038 4844">
     <span class='ocr_line' id='line_1_92' title="bbox 463 4774 2038 4844; baseline 0 -16"><span class='ocrx_word' id='word_1_636' title='bbox 463 4790 565 4828; x_wconf 85' lang='lat' dir='ltr'><strong>nes</strong></span> <span class='ocrx_word' id='word_1_637' title='bbox 595 4775 917 4828; x_wconf 85' lang='lat' dir='ltr'><strong>etscurrilis</strong></span> <span class='ocrx_word' id='word_1_638' title='bbox 952 4775 1150 4844; x_wconf 72' lang='lat' dir='ltr'><strong>lingua:</strong></span> <span class='ocrx_word' id='word_1_639' title='bbox 1189 4775 1412 4832; x_wconf 74' lang='lat' dir='ltr'><strong>facetias</strong></span> <span class='ocrx_word' id='word_1_640' title='bbox 1465 4777 1780 4844; x_wconf 68' lang='lat' dir='ltr'><strong>coarguerit</strong></span> <span class='ocrx_word' id='word_1_641' title='bbox 1819 4789 1926 4828; x_wconf 92' lang='lat' dir='ltr'><strong>non</strong></span> <span class='ocrx_word' id='word_1_642' title='bbox 1964 4774 2038 4828; x_wconf 89' lang='lat' dir='ltr'><strong>ita</strong></span> 
     </span>
    </p>
   </div>
   <div class='ocr_carea' id='block_1_93' title="bbox 463 4866 2036 4937">
    <p class='ocr_par' dir='ltr' id='par_1_93' title="bbox 463 4866 2036 4937">
     <span class='ocr_line' id='line_1_93' title="bbox 463 4866 2036 4937; baseline 0 -17"><span class='ocrx_word' id='word_1_643' title='bbox 463 4866 638 4920; x_wconf 89' lang='lat' dir='ltr'><strong>multo</strong></span> <span class='ocrx_word' id='word_1_644' title='bbox 657 4877 781 4937; x_wconf 89' lang='lat' dir='ltr'><strong>post</strong></span> <span class='ocrx_word' id='word_1_645' title='bbox 809 4866 954 4920; x_wconf 89' lang='lat' dir='ltr'><strong>Deus</strong></span> <span class='ocrx_word' id='word_1_646' title='bbox 985 4867 1194 4936; x_wconf 80' lang='lat' dir='ltr'><strong>justum</strong></span> <span class='ocrx_word' id='word_1_647' title='bbox 1227 4867 1279 4920; x_wconf 90' lang='lat' dir='ltr'><strong>in</strong></span> <span class='ocrx_word' id='word_1_648' title='bbox 1309 4867 1575 4934; x_wconf 87' lang='lat' dir='ltr'><strong>judicium</strong></span> <span class='ocrx_word' id='word_1_649' title='bbox 1615 4877 1808 4922; x_wconf 86' lang='lat' dir='ltr'><strong>vocato</strong></span> <span class='ocrx_word' id='word_1_650' title='bbox 1844 4881 1911 4921; x_wconf 89' lang='lat' dir='ltr'><strong>eo</strong></span> <span class='ocrx_word' id='word_1_651' title='bbox 1945 4868 2036 4936; x_wconf 88' lang='lat' dir='ltr'><strong>qui</strong></span> 
     </span>
    </p>
   </div>
   <div class='ocr_carea' id='block_1_94' title="bbox 463 4957 2034 5028">
    <p class='ocr_par' dir='ltr' id='par_1_94' title="bbox 463 4957 2034 5028">
     <span class='ocr_line' id='line_1_94' title="bbox 463 4957 2034 5028; baseline -0.001 -15"><span class='ocrx_word' id='word_1_652' title='bbox 463 4959 813 5013; x_wconf 80' lang='lat' dir='ltr'><strong>manifestam</strong></span> <span class='ocrx_word' id='word_1_653' title='bbox 853 4959 1108 5028; x_wconf 82' lang='lat' dir='ltr'><strong>injuriam</strong></span> <span class='ocrx_word' id='word_1_654' title='bbox 1146 4957 1308 5012; x_wconf 89' lang='lat' dir='ltr'><strong>nimis</strong></span> <span class='ocrx_word' id='word_1_655' title='bbox 1343 4959 1608 5027; x_wconf 70' lang='lat' dir='ltr'><strong>iactabat,</strong></span> <span class='ocrx_word' id='word_1_656' title='bbox 1637 4959 1808 5028; x_wconf 79' lang='lat' dir='ltr'><strong>magis</strong></span> <span class='ocrx_word' id='word_1_657' title='bbox 1848 4966 2034 5012; x_wconf 89' lang='lat' dir='ltr'><strong>autem</strong></span> 
     </span>
    </p>
   </div>
   <div class='ocr_carea' id='block_1_95' title="bbox 463 5053 2034 5123">
    <p class='ocr_par' dir='ltr' id='par_1_95' title="bbox 463 5053 2034 5123">
     <span class='ocr_line' id='line_1_95' title="bbox 463 5053 2034 5123; baseline -0.002 -14"><span class='ocrx_word' id='word_1_658' title='bbox 463 5056 629 5109; x_wconf 84' lang='lat' dir='ltr'><strong>etiam</strong></span> <span class='ocrx_word' id='word_1_659' title='bbox 681 5053 924 5123; x_wconf 86' lang='lat' dir='ltr'><strong>jactabat</strong></span> <span class='ocrx_word' id='word_1_660' title='bbox 981 5061 1135 5116; x_wconf 91' lang='lat' dir='ltr'><strong>tum,</strong></span> <span class='ocrx_word' id='word_1_661' title='bbox 1187 5053 1431 5122; x_wconf 70' lang='lat' dir='ltr'><strong>iactabat</strong></span> <span class='ocrx_word' id='word_1_662' title='bbox 1481 5067 1610 5106; x_wconf 88' lang='lat' dir='ltr'><strong>vero</strong></span> <span class='ocrx_word' id='word_1_663' title='bbox 1663 5053 1832 5105; x_wconf 83' lang='lat' dir='ltr'><strong>etiam</strong></span> <span class='ocrx_word' id='word_1_664' title='bbox 1880 5053 2034 5120; x_wconf 87' lang='lat' dir='ltr'><strong>prius</strong></span> 
     </span>
    </p>
   </div>
   <div class='ocr_carea' id='block_1_96' title="bbox 472 5145 2034 5218">
    <p class='ocr_par' dir='ltr' id='par_1_96' title="bbox 472 5145 2034 5218">
     <span class='ocr_line' id='line_1_96' title="bbox 472 5145 2034 5218; baseline -0.002 -18"><span class='ocrx_word' id='word_1_665' title='bbox 472 5162 637 5218; x_wconf 88' lang='lat' dir='ltr'><strong>quam</strong></span> <span class='ocrx_word' id='word_1_666' title='bbox 663 5155 802 5209; x_wconf 90' lang='lat' dir='ltr'><strong>tum,</strong></span> <span class='ocrx_word' id='word_1_667' title='bbox 828 5155 884 5200; x_wconf 90' lang='lat' dir='ltr'><strong>et</strong></span> <span class='ocrx_word' id='word_1_668' title='bbox 913 5145 1084 5216; x_wconf 85' lang='lat' dir='ltr'><strong>jactat</strong></span> <span class='ocrx_word' id='word_1_669' title='bbox 1120 5147 1470 5205; x_wconf 88' lang='lat' dir='ltr'><strong>continenter</strong></span> <span class='ocrx_word' id='word_1_670' title='bbox 1501 5145 1606 5200; x_wconf 88' lang='lat' dir='ltr'><strong>sibi</strong></span> <span class='ocrx_word' id='word_1_671' title='bbox 1642 5145 1745 5216; x_wconf 90' lang='lat' dir='ltr'><strong>ipsi</strong></span> <span class='ocrx_word' id='word_1_672' title='bbox 1781 5157 1838 5200; x_wconf 88' lang='lat' dir='ltr'><strong>et</strong></span> <span class='ocrx_word' id='word_1_673' title='bbox 1869 5157 2034 5214; x_wconf 86' lang='lat' dir='ltr'><strong>quot-</strong></span> 
     </span>
    </p>
   </div>
   <div class='ocr_carea' id='block_1_97' title="bbox 465 5235 2034 5304">
    <p class='ocr_par' dir='ltr' id='par_1_97' title="bbox 465 5235 2034 5304">
     <span class='ocr_line' id='line_1_97' title="bbox 465 5235 2034 5304; baseline 0.003 -16"><span class='ocrx_word' id='word_1_674' title='bbox 465 5245 600 5304; x_wconf 85' lang='lat' dir='ltr'><strong>quot</strong></span> <span class='ocrx_word' id='word_1_675' title='bbox 633 5235 778 5290; x_wconf 85' lang='lat' dir='ltr'><strong>circa</strong></span> <span class='ocrx_word' id='word_1_676' title='bbox 816 5252 942 5290; x_wconf 90' lang='lat' dir='ltr'><strong>eum</strong></span> <span class='ocrx_word' id='word_1_677' title='bbox 981 5246 1034 5290; x_wconf 89' lang='lat' dir='ltr'><strong>ct</strong></span> <span class='ocrx_word' id='word_1_678' title='bbox 1077 5251 1202 5294; x_wconf 86' lang='lat' dir='ltr'><strong>cum</strong></span> <span class='ocrx_word' id='word_1_679' title='bbox 1241 5252 1308 5296; x_wconf 85' lang='lat' dir='ltr'><strong>eo</strong></span> <span class='ocrx_word' id='word_1_680' title='bbox 1347 5247 1633 5292; x_wconf 83' lang='lat' dir='ltr'><strong>versantur</strong></span> <span class='ocrx_word' id='word_1_681' title='bbox 1671 5241 1903 5294; x_wconf 81' lang='lat' dir='ltr'><strong>Palamze</strong></span> <span class='ocrx_word' id='word_1_682' title='bbox 1941 5255 2034 5294; x_wconf 84' lang='lat' dir='ltr'><strong>sc-</strong></span> 
     </span>
    </p>
   </div>
   <div class='ocr_carea' id='block_1_98' title="bbox 465 5325 2035 5399">
    <p class='ocr_par' dir='ltr' id='par_1_98' title="bbox 465 5325 2035 5399">
     <span class='ocr_line' id='line_1_98' title="bbox 465 5325 2035 5399; baseline 0.002 -18"><span class='ocrx_word' id='word_1_683' title='bbox 465 5337 727 5382; x_wconf 88' lang='lat' dir='ltr'><strong>ctatores.</strong></span> <span class='ocrx_word' id='word_1_684' title='bbox 803 5325 939 5394; x_wconf 82' lang='lat' dir='ltr'><strong>Quis</strong></span> <span class='ocrx_word' id='word_1_685' title='bbox 1001 5337 1184 5381; x_wconf 88' lang='lat' dir='ltr'><strong>autem</strong></span> <span class='ocrx_word' id='word_1_686' title='bbox 1245 5344 1412 5384; x_wconf 87' lang='lat' dir='ltr'><strong>sanus</strong></span> <span class='ocrx_word' id='word_1_687' title='bbox 1481 5342 1782 5399; x_wconf 64' lang='lat' dir='ltr'><strong>praesumet</strong></span> <span class='ocrx_word' id='word_1_688' title='bbox 1839 5347 2035 5384; x_wconf 82' lang='lat' dir='ltr'><strong>nume-</strong></span> 
     </span>
    </p>
   </div>
   <div class='ocr_carea' id='block_1_99' title="bbox 471 5421 2031 5495">
    <p class='ocr_par' dir='ltr' id='par_1_99' title="bbox 471 5421 2031 5495">
     <span class='ocr_line' id='line_1_99' title="bbox 471 5421 2031 5495; baseline 0.001 -21"><span class='ocrx_word' id='word_1_689' title='bbox 471 5437 592 5476; x_wconf 91' lang='lat' dir='ltr'><strong>rare</strong></span> <span class='ocrx_word' id='word_1_690' title='bbox 626 5431 816 5490; x_wconf 89' lang='lat' dir='ltr'><strong>aperta</strong></span> <span class='ocrx_word' id='word_1_691' title='bbox 853 5426 948 5490; x_wconf 85' lang='lat' dir='ltr'><strong>p&#39;ro</strong></span> <span class='ocrx_word' id='word_1_692' title='bbox 995 5421 1064 5476; x_wconf 90' lang='lat' dir='ltr'><strong>iis</strong></span> <span class='ocrx_word' id='word_1_693' title='bbox 1099 5437 1314 5482; x_wconf 83' lang='lat' dir='ltr'><strong>semper</strong></span> <span class='ocrx_word' id='word_1_694' title='bbox 1363 5421 1508 5477; x_wconf 81' lang='lat' dir='ltr'><strong>facta</strong></span> <span class='ocrx_word' id='word_1_695' title='bbox 1553 5423 1820 5478; x_wconf 91' lang='lat' dir='ltr'><strong>divinitus</strong></span> <span class='ocrx_word' id='word_1_696' title='bbox 1868 5439 2031 5495; x_wconf 53' lang='lat' dir='ltr'><strong>arguc</strong></span> 
     </span>
    </p>
   </div>
   <div class='ocr_carea' id='block_1_100' title="bbox 466 5513 2032 5586">
    <p class='ocr_par' dir='ltr' id='par_1_100' title="bbox 466 5513 2032 5586">
     <span class='ocr_line' id='line_1_100' title="bbox 466 5513 2032 5586; baseline -0.001 -18"><span class='ocrx_word' id='word_1_697' title='bbox 466 5515 774 5580; x_wconf 87' lang='lat' dir='ltr'><strong>menta,ita</strong></span> <span class='ocrx_word' id='word_1_698' title='bbox 824 5523 884 5566; x_wconf 90' lang='lat' dir='ltr'><strong>ut</strong></span> <span class='ocrx_word' id='word_1_699' title='bbox 931 5513 1200 5580; x_wconf 84' lang='lat' dir='ltr'><strong>judicium</strong></span> <span class='ocrx_word' id='word_1_700' title='bbox 1253 5532 1488 5586; x_wconf 86' lang='lat' dir='ltr'><strong>pronum</strong></span> <span class='ocrx_word' id='word_1_701' title='bbox 1521 5517 1587 5571; x_wconf 88' lang='lat' dir='ltr'><strong>ad</strong></span> <span class='ocrx_word' id='word_1_702' title='bbox 1619 5517 2032 5571; x_wconf 88' lang='lat' dir='ltr'><strong>conversionem</strong></span> 
     </span>
    </p>
   </div>
   <div class='ocr_carea' id='block_1_101' title="bbox 469 5603 2032 5669">
    <p class='ocr_par' dir='ltr' id='par_1_101' title="bbox 469 5603 2032 5669">
     <span class='ocr_line' id='line_1_101' title="bbox 469 5603 2032 5669; baseline 0.001 -12"><span class='ocrx_word' id='word_1_703' title='bbox 469 5603 640 5664; x_wconf 88' lang='lat' dir='ltr'><strong>animi</strong></span> <span class='ocrx_word' id='word_1_704' title='bbox 675 5605 794 5658; x_wconf 86' lang='lat' dir='ltr'><strong>sit?</strong></span> <span class='ocrx_word' id='word_1_705' title='bbox 824 5603 957 5669; x_wconf 84' lang='lat' dir='ltr'><strong>Quis</strong></span> <span class='ocrx_word' id='word_1_706' title='bbox 1007 5622 1116 5659; x_wconf 88' lang='lat' dir='ltr'><strong>non</strong></span> <span class='ocrx_word' id='word_1_707' title='bbox 1158 5608 1389 5660; x_wconf 84' lang='lat' dir='ltr'><strong>miretur</strong></span> <span class='ocrx_word' id='word_1_708' title='bbox 1423 5607 1617 5662; x_wconf 88' lang='lat' dir='ltr'><strong>videns</strong></span> <span class='ocrx_word' id='word_1_709' title='bbox 1662 5609 2032 5666; x_wconf 86' lang='lat' dir='ltr'><strong>constantiam</strong></span> 
     </span>
    </p>
   </div>
   <div class='ocr_carea' id='block_1_102' title="bbox 468 5695 2036 5771">
    <p class='ocr_par' dir='ltr' id='par_1_102' title="bbox 468 5695 2036 5771">
     <span class='ocr_line' id='line_1_102' title="bbox 468 5695 2036 5771; baseline 0.001 -20"><span class='ocrx_word' id='word_1_710' title='bbox 468 5712 580 5751; x_wconf 89' lang='lat' dir='ltr'><strong>non</strong></span> <span class='ocrx_word' id='word_1_711' title='bbox 631 5695 952 5753; x_wconf 82' lang='lat' dir='ltr'><strong>ﬂectendam</strong></span> <span class='ocrx_word' id='word_1_712' title='bbox 1001 5708 1066 5754; x_wconf 86' lang='lat' dir='ltr'><strong>ad</strong></span> <span class='ocrx_word' id='word_1_713' title='bbox 1119 5701 1537 5771; x_wconf 82' lang='lat' dir='ltr'><strong>agnoscendum</strong></span> <span class='ocrx_word' id='word_1_714' title='bbox 1576 5719 1734 5757; x_wconf 87' lang='lat' dir='ltr'><strong>sumn</strong></span> <span class='ocrx_word' id='word_1_715' title='bbox 1767 5701 2036 5756; x_wconf 87' lang='lat' dir='ltr'><strong>errorem?</strong></span> 
     </span>
    </p>
   </div>
   <div class='ocr_carea' id='block_1_103' title="bbox 468 5789 1624 5862">
    <p class='ocr_par' dir='ltr' id='par_1_103' title="bbox 468 5789 1624 5862">
     <span class='ocr_line' id='line_1_103' title="bbox 468 5789 1624 5862; baseline 0.002 -16"><span class='ocrx_word' id='word_1_716' title='bbox 468 5789 538 5846; x_wconf 86' lang='lat' dir='ltr'><strong>Et</strong></span> <span class='ocrx_word' id='word_1_717' title='bbox 569 5789 685 5847; x_wconf 80' lang='lat' dir='ltr'><strong>ha:c</strong></span> <span class='ocrx_word' id='word_1_718' title='bbox 713 5793 936 5862; x_wconf 84' lang='lat' dir='ltr'><strong>quidem</strong></span> <span class='ocrx_word' id='word_1_719' title='bbox 970 5793 1073 5849; x_wconf 84' lang='lat' dir='ltr'><strong>hoc</strong></span> <span class='ocrx_word' id='word_1_720' title='bbox 1103 5794 1263 5848; x_wconf 91' lang='lat' dir='ltr'><strong>modo</strong></span> <span class='ocrx_word' id='word_1_721' title='bbox 1291 5803 1442 5862; x_wconf 75' lang='lat' dir='ltr'><strong>gesta</strong></span> <span class='ocrx_word' id='word_1_722' title='bbox 1470 5804 1624 5848; x_wconf 83' lang='lat' dir='ltr'><strong>sunt.</strong></span> 
     </span>
    </p>
   </div>
   <div class='ocr_carea' id='block_1_104' title="bbox 2213 4492 3706 4566">
    <p class='ocr_par' dir='ltr' id='par_1_104' title="bbox 2213 4492 3706 4566">
     <span class='ocr_line' id='line_1_104' title="bbox 2213 4492 3706 4566; baseline -0.004 -15"><span class='ocrx_word' id='word_1_723' title='bbox 2213 4495 2312 4551; x_wconf 79' lang='lat' dir='ltr'><strong>IA&#39;.</strong></span> <span class='ocrx_word' id='word_1_724' title='bbox 2351 4497 2602 4564; x_wconf 84' lang='grc' dir='ltr'><strong>Ἔξεστιν</strong></span> <span class='ocrx_word' id='word_1_725' title='bbox 2625 4495 2719 4550; x_wconf 76' lang='grc' dir='ltr'><strong>οὖν</strong></span> <span class='ocrx_word' id='word_1_726' title='bbox 2757 4494 3174 4564; x_wconf 75' lang='grc' dir='ltr'><strong>συλλογίζεσθαι</strong></span> <span class='ocrx_word' id='word_1_727' title='bbox 3215 4495 3333 4558; x_wconf 83' lang='grc' dir='ltr'><strong>πῶς</strong></span> <span class='ocrx_word' id='word_1_728' title='bbox 3373 4495 3440 4548; x_wconf 78' lang='grc' dir='ltr'><strong>τὰ</strong></span> <span class='ocrx_word' id='word_1_729' title='bbox 3470 4495 3597 4566; x_wconf 82' lang='grc' dir='ltr'><strong>χθὲς</strong></span> <span class='ocrx_word' id='word_1_730' title='bbox 3621 4492 3706 4546; x_wconf 73' lang='grc' dir='ltr'><strong>καὶ</strong></span> 
     </span>
    </p>
   </div>
   <div class='ocr_carea' id='block_1_105' title="bbox 2145 4573 3758 4658">
    <p class='ocr_par' dir='ltr' id='par_1_105' title="bbox 2145 4573 3758 4658">
     <span class='ocr_line' id='line_1_105' title="bbox 2145 4573 3758 4658; baseline -0.003 -17"><span class='ocrx_word' id='word_1_731' title='bbox 2145 4589 2336 4658; x_wconf 78' lang='grc' dir='ltr'><strong>πρώην</strong></span> <span class='ocrx_word' id='word_1_732' title='bbox 2371 4587 2524 4657; x_wconf 81' lang='grc' dir='ltr'><strong>μετὰ</strong></span> <span class='ocrx_word' id='word_1_733' title='bbox 2557 4587 2791 4656; x_wconf 78' lang='grc' dir='ltr'><strong>σοῦαροῦ</strong></span> <span class='ocrx_word' id='word_1_734' title='bbox 2821 4587 2915 4639; x_wconf 76' lang='grc' dir='ltr'><strong>τού</strong></span> <span class='ocrx_word' id='word_1_735' title='bbox 2961 4587 3122 4657; x_wconf 74' lang='grc' dir='ltr'><strong>ἤθους</strong></span> <span class='ocrx_word' id='word_1_736' title='bbox 3173 4586 3600 4656; x_wconf 79' lang='grc' dir='ltr'><strong>δημοσιευθέντα</strong></span> <span class='ocrx_word' id='word_1_737' title='bbox 3631 4583 3701 4652; x_wconf 82' lang='grc' dir='ltr'><strong>τῷ</strong></span> <span class='ocrx_word' id='word_1_738' title='bbox 3755 4573 3758 4576; x_wconf 51' lang='grc'><em>’</em></span> 
     </span>
    </p>
   </div>
   <div class='ocr_carea' id='block_1_106' title="bbox 2141 4677 3702 4752">
    <p class='ocr_par' dir='ltr' id='par_1_106' title="bbox 2141 4677 3702 4752">
     <span class='ocr_line' id='line_1_106' title="bbox 2141 4677 3702 4752; baseline -0.005 -17"><span class='ocrx_word' id='word_1_739' title='bbox 2141 4683 2386 4752; x_wconf 56' lang='lat' dir='ltr'><strong>(Minoem,</strong></span> <span class='ocrx_word' id='word_1_740' title='bbox 2424 4681 2900 4752; x_wconf 79' lang='grc' dir='ltr'><strong>μεγαλαυχήματα</strong></span> <span class='ocrx_word' id='word_1_741' title='bbox 2934 4679 3076 4732; x_wconf 84' lang='grc' dir='ltr'><strong>κατὰ</strong></span> <span class='ocrx_word' id='word_1_742' title='bbox 3128 4680 3238 4732; x_wconf 81' lang='grc' dir='ltr'><strong>τῶν</strong></span> <span class='ocrx_word' id='word_1_743' title='bbox 3285 4677 3702 4748; x_wconf 77' lang='grc' dir='ltr'><strong>ὀρθοδοξούντων</strong></span> 
     </span>
    </p>
   </div>
   <div class='ocr_carea' id='block_1_107' title="bbox 2142 4768 3700 4846">
    <p class='ocr_par' dir='ltr' id='par_1_107' title="bbox 2142 4768 3700 4846">
     <span class='ocr_line' id='line_1_107' title="bbox 2142 4768 3700 4846; baseline -0.008 -18"><span class='ocrx_word' id='word_1_744' title='bbox 2142 4777 2237 4828; x_wconf 72' lang='grc' dir='ltr'><strong>καὶ</strong></span> <span class='ocrx_word' id='word_1_745' title='bbox 2285 4775 2383 4837; x_wconf 71' lang='grc' dir='ltr'><strong>τὰς</strong></span> <span class='ocrx_word' id='word_1_746' title='bbox 2435 4775 2534 4846; x_wconf 76' lang='grc' dir='ltr'><strong>τῆς</strong></span> <span class='ocrx_word' id='word_1_747' title='bbox 2581 4770 3004 4841; x_wconf 83' lang='grc' dir='ltr'><strong>βωμολοχούσης</strong></span> <span class='ocrx_word' id='word_1_748' title='bbox 3047 4769 3296 4839; x_wconf 75' lang='grc' dir='ltr'><strong>γλώττης</strong></span> <span class='ocrx_word' id='word_1_749' title='bbox 3345 4768 3700 4838; x_wconf 70' lang='grc' dir='ltr'><strong>εὐτραπελίας</strong></span> 
     </span>
    </p>
   </div>
   <div class='ocr_carea' id='block_1_108' title="bbox 2141 4861 3701 4938">
    <p class='ocr_par' dir='ltr' id='par_1_108' title="bbox 2141 4861 3701 4938">
     <span class='ocr_line' id='line_1_108' title="bbox 2141 4861 3701 4938; baseline -0.005 -22"><span class='ocrx_word' id='word_1_750' title='bbox 2141 4865 2365 4938; x_wconf 74' lang='grc' dir='ltr'><strong>ήλεγξεν</strong></span> <span class='ocrx_word' id='word_1_751' title='bbox 2398 4869 2496 4919; x_wconf 66' lang='grc' dir='ltr'><strong>οὐκ</strong></span> <span class='ocrx_word' id='word_1_752' title='bbox 2535 4867 2614 4928; x_wconf 83' lang='grc' dir='ltr'><strong>εἰς</strong></span> <span class='ocrx_word' id='word_1_753' title='bbox 2644 4865 2867 4932; x_wconf 68' lang='grc' dir='ltr'><strong>μακρὰν</strong></span> <span class='ocrx_word' id='word_1_754' title='bbox 2901 4865 2928 4916; x_wconf 84' lang='grc' dir='ltr'><strong>ὁ</strong></span> <span class='ocrx_word' id='word_1_755' title='bbox 2949 4863 3102 4926; x_wconf 82' lang='grc' dir='ltr'><strong>Θεὸς,</strong></span> <span class='ocrx_word' id='word_1_756' title='bbox 3133 4864 3349 4915; x_wconf 84' lang='grc' dir='ltr'><strong>δικαίαν</strong></span> <span class='ocrx_word' id='word_1_757' title='bbox 3395 4865 3493 4931; x_wconf 78' lang='grc' dir='ltr'><strong>τὴν</strong></span> <span class='ocrx_word' id='word_1_758' title='bbox 3535 4861 3701 4928; x_wconf 84' lang='grc' dir='ltr'><strong>κρίσιν</strong></span> 
     </span>
    </p>
   </div>
   <div class='ocr_carea' id='block_1_109' title="bbox 2143 4951 3700 5026">
    <p class='ocr_par' dir='ltr' id='par_1_109' title="bbox 2143 4951 3700 5026">
     <span class='ocr_line' id='line_1_109' title="bbox 2143 4951 3700 5026; baseline -0.005 -16"><span class='ocrx_word' id='word_1_759' title='bbox 2143 4957 2456 5024; x_wconf 78' lang='grc' dir='ltr'><strong>ἐπενεγκὼν</strong></span> <span class='ocrx_word' id='word_1_760' title='bbox 2508 4957 2584 5026; x_wconf 81' lang='grc' dir='ltr'><strong>τῷ</strong></span> <span class='ocrx_word' id='word_1_761' title='bbox 2618 4955 2893 5026; x_wconf 78' lang='grc' dir='ltr'><strong>περιφανῆ</strong></span> <span class='ocrx_word' id='word_1_762' title='bbox 2943 4957 3039 5024; x_wconf 80' lang='grc' dir='ltr'><strong>τὴν</strong></span> <span class='ocrx_word' id='word_1_763' title='bbox 3088 4953 3302 5006; x_wconf 78' lang='grc' dir='ltr'><strong>ἀδικίαν</strong></span> <span class='ocrx_word' id='word_1_764' title='bbox 3357 4955 3436 5016; x_wconf 84' lang='grc' dir='ltr'><strong>εἰς</strong></span> <span class='ocrx_word' id='word_1_765' title='bbox 3472 4955 3531 5005; x_wconf 73' lang='grc' dir='ltr'><strong>τὸ</strong></span> <span class='ocrx_word' id='word_1_766' title='bbox 3581 4951 3700 5020; x_wconf 76' lang='grc' dir='ltr'><strong>ὕψος</strong></span> 
     </span>
    </p>
   </div>
   <div class='ocr_carea' id='block_1_110' title="bbox 2141 5043 3704 5121">
    <p class='ocr_par' dir='ltr' id='par_1_110' title="bbox 2141 5043 3704 5121">
     <span class='ocr_line' id='line_1_110' title="bbox 2141 5043 3704 5121; baseline -0.006 -19"><span class='ocrx_word' id='word_1_767' title='bbox 2141 5051 2452 5121; x_wconf 81' lang='grc' dir='ltr'><strong>λαλήσαντι,</strong></span> <span class='ocrx_word' id='word_1_768' title='bbox 2492 5051 2694 5120; x_wconf 70' lang='grc' dir='ltr'><strong>μᾰὶλον</strong></span> <span class='ocrx_word' id='word_1_769' title='bbox 2723 5047 2780 5100; x_wconf 77' lang='grc' dir='ltr'><strong>δὲ</strong></span> <span class='ocrx_word' id='word_1_770' title='bbox 2807 5047 3102 5118; x_wconf 75' lang='grc' dir='ltr'><strong>λαλήσαντι</strong></span> <span class='ocrx_word' id='word_1_771' title='bbox 3133 5047 3234 5117; x_wconf 80' lang='grc' dir='ltr'><strong>μὲν</strong></span> <span class='ocrx_word' id='word_1_772' title='bbox 3259 5048 3350 5100; x_wconf 75' lang='grc' dir='ltr'><strong>καὶ</strong></span> <span class='ocrx_word' id='word_1_773' title='bbox 3379 5049 3518 5112; x_wconf 80' lang='grc' dir='ltr'><strong>τότε,</strong></span> <span class='ocrx_word' id='word_1_774' title='bbox 3551 5043 3704 5112; x_wconf 77' lang='grc' dir='ltr'><strong>λαλή-</strong></span> 
     </span>
    </p>
   </div>
   <div class='ocr_carea' id='block_1_111' title="bbox 2145 5135 3696 5215">
    <p class='ocr_par' dir='ltr' id='par_1_111' title="bbox 2145 5135 3696 5215">
     <span class='ocr_line' id='line_1_111' title="bbox 2145 5135 3696 5215; baseline -0.006 -18"><span class='ocrx_word' id='word_1_775' title='bbox 2145 5163 2296 5198; x_wconf 78' lang='grc' dir='ltr'><strong>σαντι</strong></span> <span class='ocrx_word' id='word_1_776' title='bbox 2357 5145 2413 5196; x_wconf 81' lang='grc' dir='ltr'><strong>δὲ</strong></span> <span class='ocrx_word' id='word_1_777' title='bbox 2462 5147 2555 5198; x_wconf 81' lang='grc' dir='ltr'><strong>καὶ</strong></span> <span class='ocrx_word' id='word_1_778' title='bbox 2597 5143 2864 5215; x_wconf 83' lang='grc' dir='ltr'><strong>πρότερον</strong></span> <span class='ocrx_word' id='word_1_779' title='bbox 2912 5141 2944 5210; x_wconf 79' lang='grc' dir='ltr'>ἦ</span> <span class='ocrx_word' id='word_1_780' title='bbox 2986 5141 3106 5193; x_wconf 78' lang='grc' dir='ltr'><strong>τότε</strong></span> <span class='ocrx_word' id='word_1_781' title='bbox 3167 5142 3261 5191; x_wconf 71' lang='grc' dir='ltr'><strong>καὶ</strong></span> <span class='ocrx_word' id='word_1_782' title='bbox 3311 5135 3696 5212; x_wconf 80' lang='grc' dir='ltr'><strong>μεθύστερονῆ</strong></span> 
     </span>
    </p>
   </div>
   <div class='ocr_carea' id='block_1_112' title="bbox 2140 5227 3698 5307">
    <p class='ocr_par' dir='ltr' id='par_1_112' title="bbox 2140 5227 3698 5307">
     <span class='ocr_line' id='line_1_112' title="bbox 2140 5227 3698 5307; baseline -0.005 -14"><span class='ocrx_word' id='word_1_783' title='bbox 2140 5243 2283 5304; x_wconf 79' lang='grc' dir='ltr'><strong>τότε,</strong></span> <span class='ocrx_word' id='word_1_784' title='bbox 2330 5241 2426 5294; x_wconf 70' lang='grc' dir='ltr'><strong>καὶ</strong></span> <span class='ocrx_word' id='word_1_785' title='bbox 2475 5241 2722 5293; x_wconf 74' lang='grc' dir='ltr'><strong>λαλοῦντι</strong></span> <span class='ocrx_word' id='word_1_786' title='bbox 2769 5236 3038 5307; x_wconf 78' lang='grc' dir='ltr'><strong>διηνεκῶς</strong></span> <span class='ocrx_word' id='word_1_787' title='bbox 3085 5236 3235 5304; x_wconf 82' lang='grc' dir='ltr'><strong>αὑτῴ</strong></span> <span class='ocrx_word' id='word_1_788' title='bbox 3287 5238 3382 5286; x_wconf 76' lang='grc' dir='ltr'><strong>καὶ</strong></span> <span class='ocrx_word' id='word_1_789' title='bbox 3428 5235 3540 5288; x_wconf 76' lang='grc' dir='ltr'><strong>ὅσοι</strong></span> <span class='ocrx_word' id='word_1_790' title='bbox 3577 5227 3698 5302; x_wconf 80' lang='grc' dir='ltr'><strong>ἀμφ’</strong></span> 
     </span>
    </p>
   </div>
   <div class='ocr_carea' id='block_1_113' title="bbox 2140 5321 3697 5402">
    <p class='ocr_par' dir='ltr' id='par_1_113' title="bbox 2140 5321 3697 5402">
     <span class='ocr_line' id='line_1_113' title="bbox 2140 5321 3697 5402; baseline 0.003 -28"><span class='ocrx_word' id='word_1_791' title='bbox 2140 5335 2300 5386; x_wconf 59' lang='grc' dir='ltr'><strong>αὐτὴν</strong></span> <span class='ocrx_word' id='word_1_792' title='bbox 2349 5333 2446 5394; x_wconf 58' lang='grc' dir='ltr'><strong>καὶ</strong></span> <span class='ocrx_word' id='word_1_793' title='bbox 2495 5335 2591 5386; x_wconf 76' lang='grc' dir='ltr'><strong>σὺν</strong></span> <span class='ocrx_word' id='word_1_794' title='bbox 2643 5328 2796 5402; x_wconf 74' lang='grc' dir='ltr'><strong>αὐτῷ</strong></span> <span class='ocrx_word' id='word_1_795' title='bbox 2847 5327 3220 5398; x_wconf 78' lang='grc' dir='ltr'><strong>Παλαμισταί.</strong></span> <span class='ocrx_word' id='word_1_796' title='bbox 3271 5325 3364 5388; x_wconf 85' lang='grc' dir='ltr'><strong>Τίς</strong></span> <span class='ocrx_word' id='word_1_797' title='bbox 3414 5327 3458 5378; x_wconf 83' lang='grc' dir='ltr'><strong>δ’</strong></span> <span class='ocrx_word' id='word_1_798' title='bbox 3504 5328 3602 5378; x_wconf 77' lang='grc' dir='ltr'><strong>οὐκ</strong></span> <span class='ocrx_word' id='word_1_799' title='bbox 3641 5321 3697 5374; x_wconf 80' lang='grc' dir='ltr'><strong>ἂν</strong></span> 
     </span>
    </p>
   </div>
   <div class='ocr_carea' id='block_1_114' title="bbox 2140 5409 3695 5495">
    <p class='ocr_par' dir='ltr' id='par_1_114' title="bbox 2140 5409 3695 5495">
     <span class='ocr_line' id='line_1_114' title="bbox 2140 5409 3695 5495; baseline -0.008 -17"><span class='ocrx_word' id='word_1_800' title='bbox 2140 5426 2365 5478; x_wconf 74' lang='grc' dir='ltr'><strong>ἀπείποι</strong></span> <span class='ocrx_word' id='word_1_801' title='bbox 2403 5425 2724 5495; x_wconf 75' lang='grc' dir='ltr'><strong>βουλόμενος</strong></span> <span class='ocrx_word' id='word_1_802' title='bbox 2758 5409 3019 5492; x_wconf 75' lang='grc' dir='ltr'><strong>ἀριθμεῖν</strong></span> <span class='ocrx_word' id='word_1_803' title='bbox 3055 5422 3182 5484; x_wconf 78' lang='grc' dir='ltr'><strong>τοὺς</strong></span> <span class='ocrx_word' id='word_1_804' title='bbox 3217 5421 3539 5486; x_wconf 81' lang='grc' dir='ltr'><strong>περιφανεῖς</strong></span> <span class='ocrx_word' id='word_1_805' title='bbox 3590 5411 3695 5468; x_wconf 82' lang='grc' dir='ltr'><strong>κατ’</strong></span> 
     </span>
    </p>
   </div>
   <div class='ocr_carea' id='block_1_115' title="bbox 2140 5509 3696 5583">
    <p class='ocr_par' dir='ltr' id='par_1_115' title="bbox 2140 5509 3696 5583">
     <span class='ocr_line' id='line_1_115' title="bbox 2140 5509 3696 5583; baseline -0.008 -15"><span class='ocrx_word' id='word_1_806' title='bbox 2140 5515 2320 5568; x_wconf 80' lang='grc' dir='ltr'><strong>αὐτῶν</strong></span> <span class='ocrx_word' id='word_1_807' title='bbox 2355 5517 2440 5578; x_wconf 75' lang='grc' dir='ltr'><strong>ἀεὶ</strong></span> <span class='ocrx_word' id='word_1_808' title='bbox 2473 5517 2789 5583; x_wconf 79' lang='grc' dir='ltr'><strong>γινομένους</strong></span> <span class='ocrx_word' id='word_1_809' title='bbox 2827 5512 3010 5564; x_wconf 76' lang='grc' dir='ltr'><strong>θεόθεν</strong></span> <span class='ocrx_word' id='word_1_810' title='bbox 3043 5509 3293 5580; x_wconf 65' lang='grc' dir='ltr'><strong>ἐλέγχους</strong></span> <span class='ocrx_word' id='word_1_811' title='bbox 3323 5509 3464 5562; x_wconf 80' lang='grc' dir='ltr'><strong>ὥστε</strong></span> <span class='ocrx_word' id='word_1_812' title='bbox 3495 5511 3696 5561; x_wconf 83' lang='grc' dir='ltr'><strong>σύνεσιν</strong></span> 
     </span>
    </p>
   </div>
   <div class='ocr_carea' id='block_1_116' title="bbox 2144 5599 3692 5680">
    <p class='ocr_par' dir='ltr' id='par_1_116' title="bbox 2144 5599 3692 5680">
     <span class='ocr_line' id='line_1_116' title="bbox 2144 5599 3692 5680; baseline -0.007 -20"><span class='ocrx_word' id='word_1_813' title='bbox 2144 5611 2294 5678; x_wconf 77' lang='grc' dir='ltr'><strong>σχεῖν</strong></span> <span class='ocrx_word' id='word_1_814' title='bbox 2347 5611 2426 5672; x_wconf 82' lang='grc' dir='ltr'><strong>εἰς</strong></span> <span class='ocrx_word' id='word_1_815' title='bbox 2481 5611 2860 5680; x_wconf 63' lang='grc' dir='ltr'><strong>ἐπιστροφήνς</strong></span> <span class='ocrx_word' id='word_1_816' title='bbox 2919 5604 3012 5666; x_wconf 86' lang='grc' dir='ltr'><strong>Τίς</strong></span> <span class='ocrx_word' id='word_1_817' title='bbox 3063 5604 3108 5666; x_wconf 56' lang='grc' dir='ltr'><strong>δέ</strong></span> <span class='ocrx_word' id='word_1_818' title='bbox 3147 5604 3247 5664; x_wconf 85' lang='grc' dir='ltr'><strong>οὐκ</strong></span> <span class='ocrx_word' id='word_1_819' title='bbox 3298 5603 3364 5656; x_wconf 82' lang='grc' dir='ltr'><strong>ἂν</strong></span> <span class='ocrx_word' id='word_1_820' title='bbox 3411 5599 3692 5669; x_wconf 75' lang='grc' dir='ltr'><strong>ἐκπλαγείη</strong></span> 
     </span>
    </p>
   </div>
   <div class='ocr_carea' id='block_1_117' title="bbox 2146 5689 3696 5770">
    <p class='ocr_par' dir='ltr' id='par_1_117' title="bbox 2146 5689 3696 5770">
     <span class='ocr_line' id='line_1_117' title="bbox 2146 5689 3696 5770; baseline -0.004 -20"><span class='ocrx_word' id='word_1_821' title='bbox 2146 5701 2358 5770; x_wconf 49' lang='grc' dir='ltr'><strong>βλέπων</strong></span> <span class='ocrx_word' id='word_1_822' title='bbox 2391 5701 2452 5752; x_wconf 75' lang='grc' dir='ltr'><strong>τὸ</strong></span> <span class='ocrx_word' id='word_1_823' title='bbox 2483 5702 2735 5770; x_wconf 78' lang='grc' dir='ltr'><strong>ἀκαμπὲς</strong></span> <span class='ocrx_word' id='word_1_824' title='bbox 2767 5696 2952 5762; x_wconf 57' lang='grc' dir='ltr'><strong>αὺήὦν</strong></span> <span class='ocrx_word' id='word_1_825' title='bbox 2979 5695 3073 5748; x_wconf 74' lang='grc' dir='ltr'><strong>καὶ</strong></span> <span class='ocrx_word' id='word_1_826' title='bbox 3117 5696 3513 5764; x_wconf 76' lang='grc' dir='ltr'><strong>ἀνεπίστροφον</strong></span> <span class='ocrx_word' id='word_1_827' title='bbox 3549 5695 3621 5756; x_wconf 81' lang='grc' dir='ltr'><strong>εἰς</strong></span> <span class='ocrx_word' id='word_1_828' title='bbox 3645 5689 3696 5744; x_wconf 81' lang='grc' dir='ltr'><strong>τὺ</strong></span> 
     </span>
    </p>
   </div>
   <div class='ocr_carea' id='block_1_118' title="bbox 2142 5773 3694 5864">
    <p class='ocr_par' dir='ltr' id='par_1_118' title="bbox 2142 5773 3694 5864">
     <span class='ocr_line' id='line_1_118' title="bbox 2142 5773 3694 5864; baseline -0.006 -18"><span class='ocrx_word' id='word_1_829' title='bbox 2142 5797 2240 5864; x_wconf 74' lang='grc' dir='ltr'><strong>τὴν</strong></span> <span class='ocrx_word' id='word_1_830' title='bbox 2300 5794 2568 5864; x_wconf 81' lang='grc' dir='ltr'><strong>σφετέραν</strong></span> <span class='ocrx_word' id='word_1_831' title='bbox 2622 5795 2862 5846; x_wconf 84' lang='grc' dir='ltr'><strong>συνεῖναι</strong></span> <span class='ocrx_word' id='word_1_832' title='bbox 2902 5787 3180 5854; x_wconf 75' lang='grc' dir='ltr'><strong>·.πλάνην;</strong></span> <span class='ocrx_word' id='word_1_833' title='bbox 3223 5787 3334 5848; x_wconf 78' lang='grc' dir='ltr'><strong>Καὶ</strong></span> <span class='ocrx_word' id='word_1_834' title='bbox 3391 5773 3561 5848; x_wconf 74' lang='grc' dir='ltr'><strong>ταῦτα</strong></span> <span class='ocrx_word' id='word_1_835' title='bbox 3610 5781 3694 5858; x_wconf 77' lang='grc' dir='ltr'><strong>μὲν</strong></span> 
     </span>
    </p>
   </div>
   <div class='ocr_carea' id='block_1_119' title="bbox 2139 5886 2848 5964">
    <p class='ocr_par' dir='ltr' id='par_1_119' title="bbox 2139 5886 2848 5964">
     <span class='ocr_line' id='line_1_119' title="bbox 2139 5886 2848 5964; baseline 0 -24"><span class='ocrx_word' id='word_1_836' title='bbox 2139 5886 2330 5940; x_wconf 69' lang='grc' dir='ltr'><strong>τοῦτον</strong></span> <span class='ocrx_word' id='word_1_837' title='bbox 2359 5889 2480 5956; x_wconf 72' lang='grc' dir='ltr'><strong>ἔσχε</strong></span> <span class='ocrx_word' id='word_1_838' title='bbox 2514 5887 2602 5938; x_wconf 69' lang='grc' dir='ltr'><strong>τὸν</strong></span> <span class='ocrx_word' id='word_1_839' title='bbox 2628 5886 2848 5964; x_wconf 75' lang='grc' dir='ltr'><strong>τρόπον.</strong></span> 
     </span>
    </p>
   </div>
  </div>
