3856 6610
162 426 253 487 ΞΠ

1169 438 1619 502 ΒΥΖΑΝΤΙΝίΕ
1658 445 2044 509 lIlSTORUB
2084 448 2228 511 LIB.
2273 450 2493 516 ΧΧίΧ.

3313 461 3419 535 218

223 544 320 601 lE‘.
353 545 478 599 Τῶν
513 545 562 601 δ’
603 548 764 602 υίέων
796 551 1263 623 Κίαντακουζηνοῦ
1312 557 1592 621 Ματθαῐος
1626 560 1728 628 μὲν

1903 562 2023 619 XV.
2066 562 2336 618 Filiorum
2367 574 2550 620 autem
2577 566 2949 621 Cantacuzeni
2978 567 3269 624 Matthmus
3295 572 3421 641 qui-
3499 561 3523 588 ⁸

161 642 187 692 ὁ
244 637 498 707 βασιλεὺς
550 639 852 713 διατρίϐων
918 644 1080 715 ἔτυχε
1145 647 1453 708 τηνικαῦτα
1513 651 1571 711 ἐς
1626 651 1731 705 ὅσα

162 732 409 786 ἐπέκεινα
444 733 832 804 Διδυμοτείχου
853 732 912 790 τε
945 740 1045 791 καὶ
1074 738 1448 811 ὀρεστιάδος,
1470 743 1730 815 Μανουηλ

162 822 204 875 δ’
238 824 266 876 ό
312 821 431 893 μετ’
484 823 723 888 ἐκεῖνον,
753 825 1023 897 δεσπότης
1048 828 1111 882 τὸ
1145 830 1364 902 ἀξίωμα
1392 830 1490 895 ὢν,
1527 835 1586 897 ἐς
1622 836 1731 888 Πε-

162 915 501 987 λοπόννησον,
528 917 781 987 πέμπτον
815 918 936 983 ἔτος
968 921 1070 991 ἥδη
1106 921 1217 976 τῶν
1243 923 1364 976 ἐκεί
1399 923 1731 996 Ῥωμαϊκῶν

165 1009 366 1080 χωρίων
409 1008 509 1063 καὶ
556 1010 769 1066 πόλεων
823 1012 924 1085 τὴν
972 1015 1281 1085 ἐπιτροπὴν
1317 1017 1559 1073 διοικῶν.
1596 1018 1657 1072 '0
1685 1019 1732 1071 δ’

164 1098 248 1156 ἐπὶ
300 1101 855 1177 θυγατρὶκγαμσρδς.
916 1108 1126 1162 Κόντου
1176 1110 1528 1182 Κεφαληνίας
1576 1112 1729 1177 παῖς,

166 1196 311 1250 Αἴνου
362 1197 470 1267 τῆς
516 1198 727 1265 πόλεως
768 1196 838 1271 ἦν
871 1202 1190 1273 ἐπίτροπος.
1223 1193 1318 1258 κᾶὶ
1368 1204 1424 1257 εί
1464 1222 1518 1260 τι
1570 1205 1735 1277 πέριξ

166 1291 363 1359 ὑπῆρχε
387 1291 590 1362 χωρίον
632 1293 978 1363 βαρὸαρικῆς
1022 1295 1204 1349 ἀθῶον
1237 1295 1319 1349 ἔτι
1357 1296 1730 1368 καταδρομῆς.

167 1379 276 1432 Τῶν
314 1379 373 1433 δὲ
413 1381 863 1449 γυναικαδέλφων
913 1382 1436 1455 σεσαστοκρατόρων
1478 1384 1734 1454 Ἰωάννης

171 1473 257 1539 μὲν
281 1469 440 1542 ἔτυχε
483 1472 564 1542 τῷ
595 1473 948 1545 Παλαιολόγῳ
985 1475 1124 1537 τέως
1162 1477 1621 1546 συνδιαιτώμενος
1654 1476 1734 1549 τῷ

171 1565 384 1635 βασιλεί,
414 1564 615 1634 τειχῶν
646 1564 959 1631 Βυζαντίων
1010 1567 1185 1632 ἐντὸς,
1240 1568 1437 1640 ἅτερος
1487 1569 1536 1623 δ’
1594 1565 1737 1641 ἦρχε

172 1657 357 1729 Βιζύης
383 1661 413 1713 ό
456 1658 714 1730 Μανουὴλ
760 1662 827 1714 ἐκ
883 1658 1084 1714 πολλοῦ
1115 1661 1215 1732 τὴν
1253 1664 1561 1736 ἐπιτροπὴν
1591 1663 1739 1732 εἰλη-

171 1750 271 1820 φὼς
313 1752 451 1821 πρὸς
481 1752 575 1805 τοῦ
604 1752 1066 1822 Καντακουξηνεῦ
1086 1773 1103 1788 ο
1137 1757 1189 1810 αί
1235 1755 1425 1811 λοιπαὶ
1454 1755 1500 1808 δ’
1529 1756 1736 1810 ὑπέκυ-

170 1845 264 1914 ψαν
292 1844 645 1916 Παλαιολόγῳ
664 1844 743 1913 τῷ
765 1844 984 1914 βασιλεί
1005 1849 1205 1904 όπόσαι
1240 1850 1410 1921 μήπω
1436 1850 1736 1922 βαρϐάροις

173 1940 506 2013 προδέδονται
533 1943 740 2007 πόλεις.

234 2033 347 2100 ΚΤ.
387 2035 594 2105 Μηνῶν
622 2036 666 2089 δ’
701 2040 869 2107 ἐγγὺς
914 2040 1063 2093 δυοῖν
1109 2039 1314 2110 μεταξῦ
1344 2036 1739 2111 παρερῤυηκό-

173 2141 268 2178 των
292 2118 430 2196 ἧκεν
473 2129 541 2181 ἐκ
573 2129 801 2182 Τενέδου
843 2131 939 2184 καὶ
980 2134 1007 2185 ὁ
1043 2128 1349 2192 Κάλλιστος
1391 2125 1536 2182 οὕτω
1579 2128 1737 2197 λεγόο

178 2234 342 2290 μενος,
394 2219 747 2292 πατριάρχης
804 2223 901 2292 μὲν
950 2216 1092 2275 εἶναι
1152 2220 1531 2293 συγχωρηθεὶς
1577 2218 1737 2283 αὖθις

177 2311 301 2381 πρὸς
322 2312 696 2381 Παλαιολόγου
730 2314 821 2367 τοῦ
860 2312 1147 2384 βασιλέως,
1185 2314 1281 2368 ἅτε
1310 2313 1629 2383 ἐζηλωκὼς.
1661 2312 1739 2376 ὡς

177 2405 361 2471 ἔδοξεν,
388 2405 530 2476 ὑπὲρ
579 2407 771 2469 αὐτοῦ,
814 2410 888 2478 μὴ
926 2409 1299 2478 στεργόμενος
1329 2406 1376 2460 δ’
1400 2402 1518 2470 οὖν,
1554 2408 1604 2458 εί
1659 2407 1736 2474 μὴ

176 2498 238 2551 τὰ
258 2499 395 2553 κατά
428 2497 685 2569 βούλησιν
712 2497 859 2569 δρῴη
897 2498 1071 2568 αὐτῷ.
1112 2498 1173 2551 '0
1199 2498 1300 2567 μὲν
1337 2497 1446 2567 γὰρ
1479 2495 1738 2549 ἐϐούλετο

177 2593 389 2656 πάντας,
415 2591 721 2663 συλλήδδην
753 2594 951 2656 εἰπεῖν,
980 2591 1318 2652 ἐπισκόπους
1354 2590 1452 2644 καὶ
1491 2591 1739 2658 πρεσϐυ-

178 2685 355 2755 τέρους
400 2685 504 2755 τῆς
562 2685 930 2755 ἐπισκοπικῆς
988 2683 1240 2738 καθελεῖν
1294 2683 1491 2749 ἀξίαςο
1528 2681 1743 2752 βασιλεῖ

180 2776 219 2828 δ’
260 2777 354 2829 οὐκ
393 2770 460 2847 ἦν
511 2776 627 2830 οὐδ’
670 2776 922 2830 ὁπωσοῦν
977 2775 1231 2837 ἀνεκτὸν,
1262 2775 1312 2828 εί
1368 2774 1443 2846 μὴ
1487 2772 1740 2843 ἀλλήλοις

182 2868 344 2938 ἀφῶσι
374 2869 760 2939 τάγκλήματα,
797 2869 1074 2931 συνιόντες
1099 2870 1182 2931 είς
1211 2868 1293 2921 ἐν.
1332 2867 1466 2937 Ὀψέ
1510 2884 1575 2935 γε
1632 2866 1740 2937 μὴν

182 2961 265 3014 καὶ
314 2960 512 3031 map:
579 2966 739 3031 μόγις
785 2960 819 3031 ή
868 2960 964 3014 τοῦ
1024 2960 1298 3030 βασιλέως
1348 2958 1741 3029 φιλάνθρωπος

183 3053 414 3121 νενίκηκε
446 3051 727 3123 βούλησις.
762 3050 839 3107 Οῦ
869 3052 1069 3116 τελέως
1100 3053 1224 3124 μὲν.
1256 3050 1510 3122 νενίκηκε
1535 3051 1582 3105 δ’
1619 3047 1739 3107 οὖν.

186 3144 298 3208 Tot;
351 3130 445 3215 μὲν
492 3145 603 3217 γὰρ
655 3146 978 3209 ἐπισκόποις
1015 3145 1113 3199 καὶ
1160 3146 1312 3200 ἄκων
1361 3147 1391 3200 ὁ
1440 3144 1743 3207 Κάλλιστος

1838 654 1963 710 dem
2020 671 2114 710 rex
2169 667 2285 711 tum
2336 656 2480 711 forte
2529 658 2856 713 versabatur
2898 659 2950 712 in
2991 658 3059 713 iis
3098 660 3417 730 regionibus

1835 764 1960 819 quae
2031 750 2175 803 ultra
2252 748 2697 821 Didymotichum
2749 760 2807 806 et
2870 751 3252 819 Orestiadem;
3303 752 3416 808 Ma-

1836 840 1966 896 nuel
2008 856 2143 895 vero
2181 840 2273 911 qui
2313 841 2592 897 secundus
2629 843 2697 897 ab
2725 843 2822 898 illo
2854 854 2998 908 erat,
3031 854 3296 916 tyrannus
3326 844 3417 898 di-

1835 935 2067 1005 gnitate,
2100 919 2155 989 in
2183 934 2743 1008 259Peloponneso
2773 939 2968 1008 quinto
2994 941 3104 1009 jam
3137 954 3283 994 anno
3310 938 3422 994 Bo-

1835 1043 2127 1083 manorum
2156 1029 2232 1084 ibi
2259 1029 2672 1100 provinciarum
2701 1038 2758 1085 et
2782 1030 3000 1085 urbium
3029 1030 3417 1101 praefecturam

1835 1119 2281 1176 administrabat.
2330 1117 2555 1176 Sororis
2603 1122 2832 1175 maritus
2858 1120 3020 1176 Comi
3068 1121 3420 1192 (Zepbaleniaa

1838 1211 1985 1267 illius
2019 1210 2150 1268 Eni
2182 1213 2338 1268 urbis
2366 1222 2488 1269 erat
2525 1212 2845 1284 praefectus.
2879 1221 2936 1269 et
2957 1213 3002 1268 si
3039 1228 3145 1283 qua
3180 1212 3420 1268 circum-

1845 1304 1996 1360 circa
2041 1313 2163 1361 erat
2207 1314 2352 1360 terra
2398 1306 2760 1361 barbarorum
2803 1305 2988 1361 adhuc
3026 1305 3312 1361 invasione
3355 1306 3424 1359 li-

1835 1398 1992 1453 bera.
2027 1397 2523 1454 Fratrum-uxoris
2560 1390 2830 1469 principis
2888 1398 3420 1453 sebastocratorum.

1836 1488 2078 1545 Joannes
2098 1488 2325 1558 quidem
2347 1489 2632 1559 Palaeologi
2652 1491 2801 1560 regis
2826 1498 2942 1543 tum
2958 1489 3098 1544 forte
3121 1498 3427 1550 consuetu-

1837 1581 1969 1637 dine
1995 1583 2258 1637 utebatur
2283 1586 2430 1637 intra
2464 1583 2668 1640 moenia
2696 1582 2993 1655 Byzantina
3020 1599 3034 1638 :
3064 1582 3205 1637 alter
3233 1591 3421 1637 autem

1836 1675 2020 1731 Bizua
2078 1686 2317 1747 pneerat
2370 1676 2586 1731 Manuel
2621 1692 2652 1730 e
2706 1677 2869 1746 longo
2933 1686 3183 1745 tempore
3253 1676 3422 1730 tutela

1840 1778 2095 1839 suscepta
2117 1786 2148 1824 a
2173 1768 2582 1827 Cantacuzeno.
2609 1768 2858 1838 Reliquze
2890 1769 3199 1838 Palzeologo
3245 1767 3424 1837 impe-

1840 1862 2011 1917 ratori
2038 1863 2307 1932 parebant
2336 1872 2608 1934 quotquot
2635 1863 2878 1918 nondum
2915 1862 3135 1916 tradita:
3166 1861 3422 1916 barbaris

1769 1940 1814 1996 Β
1842 1954 2013 2010 urbes
2039 1966 2359 2025 supersunt.

1908 2043 2049 2101 XVI.
2086 2045 2364 2102 Mensibus
2398 2046 2619 2103 interim
2650 2045 2867 2101 duobus
2892 2045 3010 2101 fere
3042 2044 3424 2116 praeterlapsis
3466 2092 3485 2115 ,

1839 2137 1988 2192 venit
2018 2152 2087 2194 ex
2107 2137 2329 2193 Tenedo
2375 2139 2541 2194 etiam
2598 2138 2876 2203 Callistus,
2911 2154 3075 2209 quem
3124 2137 3422 2208 appellant,

1839 2230 2156 2300 patriarcha
2187 2231 2526 2287 constitutus
2550 2247 2747 2286 rursus
2763 2246 2795 2285 a
2817 2231 3125 2301 Palaeologo
3154 2230 3266 2298 imp
3297 2271 3311 2294 ,
3333 2237 3424 2282 ut-

1838 2333 1968 2393 pote
1997 2324 2161 2378 rebus
2189 2325 2307 2393 ejus
2347 2332 2408 2379 ut
2440 2323 2734 2378 videbatur
2762 2324 3017 2384 studens.
3039 2336 3219 2393 neque
3246 2333 3427 2377 tanien

1838 2412 1889 2469 ei
1932 2424 2191 2485 acceptus
2245 2416 2350 2470 nisi
2381 2431 2449 2472 ex
2480 2418 2602 2488 ejus
2631 2424 2818 2487 ageret
2843 2416 3100 2471 arbitrio.
3158 2415 3260 2471 Hic
3280 2417 3430 2470 enim

1838 2506 2059 2562 volebat
2087 2522 2282 2564 omnes
2310 2507 2367 2562 in
2402 2507 2720 2564 universum
2757 2508 3050 2579 episcopos
3088 2516 3145 2564 et
3173 2508 3431 2563 sacerdo-

1841 2607 1924 2654 tes
1968 2600 2268 2671 episcopali
2313 2601 2626 2657 sacerdotio
2677 2590 2902 2657 exuere.
2931 2602 3232 2671 imperator
3293 2615 3431 2656 con-

1840 2694 2054 2750 sentire
2112 2693 2315 2758 noluit,
2375 2692 2484 2749 nisi
2546 2694 2943 2748 convenientes
2995 2690 3052 2745 in
3112 2705 3282 2745 unum
3323 2690 3430 2745 sibi

1841 2788 2077 2845 invicem
2114 2787 2460 2842 remitterent
2481 2785 2733 2842 crimina.
2771 2785 2907 2841 Sero
2932 2784 3157 2855 quidem
3185 2792 3242 2838 et
3265 2798 3432 2853 aeger-

1842 2883 1984 2937 rime
2013 2882 2367 2951 imperatoris
2388 2880 2692 2934 humanum
2727 2879 2861 2934 vicit
2888 2877 3203 2938 consilium,
3240 2890 3425 2946 neque

1841 2975 1993 3030 omni
2028 2990 2095 3030 ex
2135 2982 2311 3046 parte,
2332 2984 2389 3029 at
2412 2973 2545 3029 vicit
2572 2988 2588 3040 ;
2618 2972 2898 3043 episcopis
2922 2971 3071 3027 enim
3104 2970 3189 3025 vel
3224 2968 3431 3023 invitus

1843 3066 2091 3124 Caiixtus
2121 3083 2332 3123 morem
2376 3067 2624 3138 gerebat,
2654 3065 2978 3135 patriarchae
3028 3077 3160 3119 vero
3204 3069 3328 3132 post
3368 3075 3431 3115 se

1844 3170 2027 3215 creato
2062 3160 2350 3215 Pbilotbeo
2380 3159 2707 3230 cOgnomine
2741 3157 2982 3213 tioccino
3022 3169 3251 3226 prorsus
3278 3153 3432 3207 nullo

186 3238 478 3302 ἐσπείσατο,
499 3237 580 3308 τῷ
630 3239 688 3291 δέ
732 3239 873 3309 μετά
902 3255 968 3306 γε
1019 3239 1185 3292 αὐτὸν
1231 3238 1741 3310 πατριαρχεύσαντι

1848 3253 2033 3308 modo.
2061 3252 2167 3309 Sed
2197 3253 2407 3308 eisdem
2462 3249 2740 3321 episcopis
2802 3250 3118 3304 convocatis
3148 3245 3311 3317 25o
3336 3243 3431 3314 qui

187 3330 422 3402 Κοκκίνῳ
444 3330 520 3401 τῷ
541 3329 778 3398 Φιλοθέῳ
804 3330 1085 3401 λεγομένῳ
1112 3330 1173 3383 τὸ
1201 3332 1466 3401 παράπαν
1502 3329 1740 3399 οὐδαμῆ.

186 3424 316 3479 ἀλλὰ
332 3426 456 3488 τοὺς
479 3424 679 3487 αὐτοὺς
705 3423 1041 3483 ἐπισκόπους
1069 3421 1450 3495 συνηθροικὼς
1477 3421 1527 3475 οἳ
1550 3421 1741 3476 τοῦτον

192 3516 286 3586 μὲν
332 3519 525 3588 πέρυσι
567 3517 670 3584 τῆς
714 3518 1116 3587 πατριαρχείας
1176 3516 1410 3581 ἐξῶσαν,
1453 3517 1663 3569 ἐκεῖνον
1695 3514 1741 3567 δ’

190 3610 494 3675 ἁνθείλοντο,
552 3609 620 3662 δι’
693 3610 875 3663 αὐτῶν
945 3609 1139 3680 ἐκείνῳ
1213 3609 1315 3681 τὴν
1388 3609 1734 3674 ἐπεξελευσιν

192 3706 475 3773 εἴργασται.
519 3705 628 3758 Καὶ
658 3705 913 3774 καθαιρεῖ
962 3704 1064 3773 μὲν
1104 3702 1268 3757 αὐτὸν
1310 3702 1409 3775 τῆς
1440 3700 1743 3770 ίερωσύνης

193 3797 316 3866 ὁμοῦ
342 3799 401 3869 τῇ
432 3798 530 3868 τῆς
562 3797 723 3860 ἀξίας
768 3797 971 3862 ἐλπίδι,
999 3795 1278 3866 ἐπιτίθησι
1325 3795 1383 3848 δὲ
1430 3796 1523 3848 καὶ
1555 3794 1748 3863 ἀφορι-

197 3887 331 3952 σθεὶς
380 3885 466 3941 ὑπ’
527 3889 743 3941 ἐκείνου
797 3888 931 3958 πρὶν
976 3886 1072 3940 καὶ
1114 3887 1278 3950 αὐτὸς
1326 3884 1633 3954 ἀφορισμὸν
1683 3887 1747 3936 ἐκ

196 3982 340 4048 θεοῦ,
375 3982 555 4053 μοιχόν
584 3998 646 4043 τε
680 3981 977 4035 ἀποκαλῶν
1016 3979 1113 4034 καὶ
1155 3977 1361 4051 λῃστὴν
1390 3979 1490 4031 καὶ
1517 3977 1748 4048 ἅρπαγα

196 4077 283 4143 τῆς
326 4077 541 4147 μηδαμῆ
573 4074 965 4147 προσηκούσης
1007 4072 1167 4138 ἀξίας
1208 4072 1381 4142 αὐτῷ.
1423 4069 1532 4124 Καὶ
1572 4067 1748 4123 ταῦτα

203 4165 289 4234 μὲν
311 4165 488 4219 τοῦτον
518 4166 647 4235 ἔσχε
674 4165 767 4217 τὸν
797 4162 1022 4235 τρόπον.

263 4259 351 4313 lZ’.
396 4258 536 4326 Ἐγὼ
563 4258 612 4310 δ’
641 4252 736 4310 ἐπὶ
780 4256 996 4317 τούτοις
1023 4255 1103 4326 τῷ
1152 4254 1369 4326 βασιλεί
1409 4254 1752 4326 προσεληλυ-

204 4352 294 4415 θὼς
320 4355 407 4408 καὶ
450 4351 775 4422 ἀπειληφὼς
828 4351 954 4424 ἰδίᾳ,
987 4352 1083 4404 καὶ
1125 4350 1224 4404 ὅσα
1261 4348 1535 4420 δήπουθεν
1579 4346 1752 4418 ἐχρῆν

205 4446 466 4518 ὡμιληκὼς
510 4447 655 4517 ὑπὲρ
703 4445 811 4498 τῶν
850 4445 1010 4499 θείων
1040 4444 1143 4515 τῆς
1188 4442 1520 4512 Ἐκκλησίας
1547 4442 1754 4513 δογμά-

206 4554 313 4604 των,
342 4543 425 4593 καῖ
451 4538 550 4610 τὴν
578 4538 717 4607 πρὸς
744 4536 837 4592 τοῦ
881 4535 1346 4607 Καντακουςηνοῦ
1382 4538 1477 4591 καὶ
1513 4537 1754 4606 Παλαμᾶ

1847 3346 1996 3400 hunc
2022 3355 2181 3400 antea
2207 3344 2574 3415 patriarchatu
2599 3341 3175 3409 esuerant,ilhnuque
3214 3339 3267 3391 in
3311 3337 3434 3409 ejus

1844 3438 2024 3494 locum
2056 3436 2410 3499 snﬂ’ecerant,
2432 3451 2530 3506 per
2565 3436 2667 3490 hos
2696 3434 2770 3489 illi
2807 3448 3022 3504 poenam
3056 3430 3347 3501 irrogavit.
3377 3437 3435 3484 et

1846 3527 2099 3598 spoliavit
2124 3542 2248 3582 eum
2284 3526 2596 3581 sacerdotio
2621 3525 2783 3580 simul
2830 3534 2886 3579 et
2913 3539 3012 3593 spe
3045 3523 3436 3591 recuperanda:

1847 3618 2149 3689 dignitatis.
2204 3618 2371 3673 Addit
2419 3618 2584 3673 etiam
2619 3618 2637 3689 (
2669 3616 3183 3672 excotnmunicatus
3227 3618 3298 3670 ab
3341 3614 3435 3668 illo

1848 3723 1975 3769 ante
2002 3725 2057 3768 et
2082 3713 2219 3783 ipse)
2243 3712 2871 3768 excommunicationem
2903 3709 3176 3801 divinitus
3208 3708 3430 3769 factam,

1849 3805 2125 3860 moechum
2185 3803 2472 3875 appellans
2533 3801 2686 3857 illum
2737 3809 2792 3855 et
2842 3800 3113 3854 latrenem
3149 3806 3207 3851 et
3252 3803 3437 3865 rapte-

1848 3913 1965 3953 rem
1989 3899 2109 3969 ejus
2137 3911 2244 3966 qua
2269 3894 2494 3949 minime
2527 3894 2727 3965 dignus
2747 3903 2895 3948 esset
2918 3890 3227 3963 potestatis.
3258 3890 3438 3958 Atque

1852 3992 1967 4047 haec
1992 3990 2214 4061 quidem
2249 3991 2331 4044 sic
2380 4004 2440 4045 se
2500 3989 2801 4044 habebant.

1923 4258 2222 4331 XVIIJEgo
2242 4273 2377 4314 vero
2421 4257 2491 4314 de
2536 4257 2626 4313 his
2662 4257 2830 4312 rebus
2878 4254 3265 4325 imperatorem
3308 4266 3443 4306 con-

1855 4354 1979 4410 veni
2020 4353 2374 4423 privatim,et
2416 4359 2681 4421 quantum
2717 4348 2910 4418 utique
2946 4360 3087 4416 opus
3127 4355 3247 4400 erat
3291 4342 3445 4399 locu—

1855 4457 1945 4505 tus
1965 4462 2082 4504 sum
2100 4447 2173 4504 de
2196 4447 2400 4502 divinis
2423 4443 2681 4500 Ecclesiae
2711 4439 3088 4513 dogmatibus,
3108 4446 3165 4493 et
3183 4436 3382 4492 iactam
3408 4450 3442 4490 a

1856 4543 2246 4608 Cantaeuzeno
2269 4550 2325 4595 et
2346 4539 2564 4595 Palama
2584 4537 2807 4607 pietatis
2845 4531 3287 4589 immutationem
3326 4543 3444 4583 me-

206 4638 528 4706 καινοτομίαν
581 4636 680 4705 τῆς
732 4633 1014 4697 εὐσεϐείας
1038 4633 1420 4703 γεγενημένην
1466 4632 1743 4702 ἐκτραγῳ-

1859 4639 2067 4693 morari
2096 4647 2151 4692 et
2171 4635 2345 4705 adieci
2374 4632 2561 4705 qualia
2586 4630 2705 4686 btec
2728 4637 2863 4685 sunt
2890 4642 3013 4698 qua:
3033 4625 3128 4681 Dei
3152 4630 3444 4680 moverunt

205 4728 369 4797 δήσας,
389 4727 452 4801 [ί.
472 4728 575 4786 126
605 4726 687 4800 v.]
724 4727 819 4781 καὶ
842 4726 1103 4798 προσθεὶς
1132 4727 1207 4789 ὡς
1237 4724 1394 4779 ταῦτ’
1419 4724 1570 4778 ἐστιν
1591 4721 1626 4777 ἃ
1655 4724 1752 4793 τὴν

204 4821 286 4875 τοῦ
308 4821 431 4874 Θεοῦ
471 4824 759 4891 κεκίνηκεν
783 4820 953 4893 ὀργὴν
980 4820 1121 4875 κατὰ
1162 4818 1258 4873 τοῦ
1289 4814 1753 4887 Καντακουξηνοῦ

207 4912 269 4976 ὡς
304 4914 532 4985 αἰσχρῶς
576 4914 677 4982 τῆς
723 4912 1007 4985 βασιλείας
1060 4911 1289 4985 ῥιφῆναι
1337 4911 1435 4965 καὶ
1479 4909 1620 4978 πρὸς
1647 4908 1756 4960 τῶν

209 5008 526 5074 φαυλοτάτων
576 5008 1006 5080 ἐξουδενωθῆναι
1059 5006 1354 5079 λαμπρῶς,
1380 5005 1575 5060 ἐπειτα
1611 5020 1753 5074 πσρ-

208 5097 348 5171 ᾑνουν
382 5102 729 5173 ἀνειληφέναι
776 5101 1054 5155 πεσοῦσαν
1103 5103 1203 5171 τὴν
1238 5102 1473 5171 πάτριον
1517 5101 1618 5167 τῆς
1659 5095 1755 5151 τοῦ

210 5194 324 5249 θεοῦ
359 5195 679 5268 Ἐκκλησίας
724 5195 1060 5266 εὐπρέπειαν
1108 5195 1203 5246 καὶ
1231 5192 1367 5264 πρὸς
1423 5191 1484 5245 τὸ
1526 5191 1757 5262 ἀρχαῖον

212 5284 479 5356 ἀναγαγεῖν
528 5286 770 5357 ἀξίωμα,
804 5288 852 5340 εί
896 5286 973 5359 μὴ
1022 5286 1266 5358 βούλοιτο
1312 5287 1407 5340 καὶ
1439 5285 1603 5347 αὐτὸς
1642 5287 1757 5349 τοῖς

211 5376 395 5444 ὁμοίοις
438 5380 794 5451 περιπίπτειν
826 5381 1043 5441 δεινοῖς.
1078 5379 1211 5433 Θεοῦ
1239 5380 1347 5451 γὰρ
1378 5378 1614 5443 ὀδόντος
1657 5377 1757 5448 τὴν

214 5471 446 5544 πατρῴαν
476 5474 624 5546 αὐτῷ
661 5472 943 5544 βασιλείαν
971 5471 1444 5543 ἀπονητῖ,χρῆναι
1474 5473 1568 5524 καὶ
1592 5470 1758 5525 αὐτὸν

214 5564 490 5619 ἀποῦιδόναι
540 5569 640 5640 τὴν
706 5567 931 5637 πάτριον
984 5566 1271 5619 εὐσέϐειαν
1325 5563 1403 5634 τῷ
1458 5562 1601 5634 Θεῷ,
1661 5562 1756 5617 τοῦ

215 5653 336 5704 πάνυ
369 5671 417 5706 τι
454 5655 691 5724 χαλεποῦ
738 5656 800 5707 τὸ
847 5654 988 5709 πάνυ
1029 5670 1083 5707 τι
1121 5654 1321 5725 ῥᾷστον
1356 5652 1752 5722 ἁλλαξάμενον.

223 5742 472 5799 Ἐντεῦθεν
515 5748 623 5818 γὰρ
670 5747 873 5812 ἐξεῖναι
917 5749 1015 5800 τοῦ
1046 5745 1238 5799 λοιποῦ
1294 5744 1629 5815 συλλήπτορι
1688 5747 1755 5817 τῇ

216 5832 392 5892 ἄνωθεν
435 5842 733 5912 κεχρῆσθαι
764 5841 914 5913 δεξιᾷ
947 5840 1085 5913 πρδς
1132 5840 1352 5894 ἃπασαν
1390 5839 1592 5911 πρᾶξιν
1621 5839 1758 5909 ὁμοῦ

222 5929 303 5990 ἰαὶ
339 5931 547 6007 βουλην.
580 5934 721 6006 Πρὸς
748 5934 813 6011 δὴ
837 5934 1016 5992 ταῦτα
1059 5939 1150 5991 καὶ
1188 5936 1256 5990 τὰ
1296 5927 1520 5993 τοιαῦτα
1564 5935 1758 6008 30:11:;-

1855 4730 2071 4785 iramin
2107 4729 2578 4789 Cantacuzenum.
2612 4730 2675 4782 ut
2711 4720 2949 4788 turpiter
2986 4731 3157 4788 regno
3181 4716 3443 4785 expulsus

1854 4836 1963 4880 eta
1999 4821 2254 4894 pessimis
2304 4818 2623 4874 hominibus
2672 4817 2872 4871 mirum
2906 4813 2962 4867 in
3024 4809 3248 4865 modum
3296 4815 3447 4861 esset

1855 4925 2225 4985 contemptus.
2275 4911 2483 4968 Deinde
2517 4908 2780 4965 hortabar
2832 4917 2892 4960 ut
2945 4905 3184 4975 erigeret
3249 4912 3445 4955 rursus

1856 5010 2063 5078 lapsam
2094 5020 2371 5078 paternam
2432 5004 2631 5060 divinae
2672 5002 2933 5057 Ecclesiae
2972 4995 3353 5051 auctoritatem
3385 4999 3443 5046 et

1857 5104 1923 5159 ad
1952 5103 2237 5174 pristinam
2270 5099 2592 5170 dignitatem
2612 5104 2895 5151 revocaret
2918 5090 3019 5146 nisi
3053 5088 3216 5143 vellet
3240 5095 3298 5142 et
3326 5087 3441 5155 ipse
3499 5126 3503 5130 ι

1858 5195 1915 5251 in
1948 5194 2139 5249 eadem
2170 5192 2409 5248 incidere
2437 5189 2707 5260 pericula.
2740 5187 2876 5242 Nam
2912 5197 3038 5238 cum
3080 5183 3223 5236 Deus
3258 5190 3442 5247 pater-

1859 5303 1991 5342 num
2042 5288 2091 5341 ei
2122 5286 2243 5340 sine
2300 5285 2488 5338 labore
2539 5282 2787 5337 dedisset
2834 5278 3151 5348 imperium,
3188 5283 3444 5343 oportere

1858 5381 2024 5435 etiam
2052 5377 2282 5432 reddere
2318 5374 2495 5447 ipsum
2556 5376 2664 5429 Deo
2717 5373 2918 5429 avitam
2977 5372 3232 5441 pietatem
3296 5376 3447 5436 post-

1859 5489 2022 5544 quam
2058 5470 2375 5527 dil'ﬂc'tllima
2426 5470 2703 5524 facillimis
2760 5475 3046 5521 mutasset.
3118 5463 3258 5517 llinc
3295 5460 3443 5516 enim

1862 5567 1978 5622 ileri
2004 5576 2064 5619 ut
2099 5565 2286 5620 liceret
2311 5564 2368 5618 in
2397 5571 2675 5631 posterum
2704 5561 2958 5628 adiutore
3009 5556 3086 5611 uti
3125 5554 3319 5610 divino
3343 5567 3447 5607 nu-

1861 5661 2011 5715 mine
2032 5659 2097 5712 ad
2131 5672 2350 5712 omnem
2383 5667 2440 5712 et
2468 5657 2741 5710 actionem
2775 5659 2834 5708 et
2859 5650 3179 5707 consilium.
3207 5648 3289 5704 Ad
3326 5648 3447 5703 haec

1860 5762 1916 5808 et
1944 5752 2143 5807 similia
2196 5749 2561 5815 persuadendi
2616 5748 2725 5802 vim
2777 5746 2936 5818 251
2974 5745 3233 5801 habentia
3312 5757 3445 5799 sane

1864 5845 2113 5910 multam,
2148 5860 2273 5899 cum
2297 5856 2618 5914 cognossem
2660 5855 2764 5911 ego
2800 5838 3076 5895 efﬁcacem
3111 5838 3304 5908 utique
3344 5836 3448 5891 im-

1864 5946 2049 6007 petqu
2081 5952 2202 5993 esse
2226 5936 2451 5992 minime
2473 5934 2613 5991 adeo
2645 5949 2930 6008 magnum,
2967 5932 3146 5990 labori
3196 5932 3442 5988 laborem
