3966 6584
542 399 652 462 223

1759 407 2174 468 NICEPHORI
2211 403 2596 466 GREGOllrE

2667 387 2710 414 ί
3695 404 3784 474 ιιι

543 523 680 584 puto
713 513 1114 586 longitudinem
1151 533 1251 572 nos
1279 517 1596 574 describere
1626 519 1786 591 picta:
1815 537 1995 590 nuper
2023 519 2126 576 sub

2238 517 2412 586 μῆκος
2439 517 2532 570 καὶ
2559 516 2762 578 πλάτος
2797 514 2942 582 ἡμᾶς
2974 514 3368 582 ἀφηγήσασθαι
3420 515 3518 582 τῆς
3563 513 3664 566 ὑπὸ
3701 516 3786 586 τὴν

545 602 674 658 tecti
706 602 869 674 hujus
897 621 1192 660 concavam
1223 610 1572 678 superliciem
1615 621 1818 666 sancta:
1875 613 2128 682 imaginis

545 693 828 761 sapientiae
857 695 998 762 ejus,
1033 698 1126 764 qui
1190 699 1350 762 inest,
1397 699 1489 754 Dei
1545 701 1844 758 Salvatoris
1896 703 2124 760 Christi.

543 788 678 842 Esse
710 793 855 844 enim
891 793 994 848 hoc
1025 809 1244 864 quoque
1271 799 1508 864 posteris
1533 799 1834 868 jucundum
1869 811 2001 870 puto
2025 818 2127 856 au-

546 881 686 938 tlitu.
715 884 960 937 utetiam
1029 903 1190 954 supra
1243 891 1425 942 statim
1481 891 1550 944 ab
1599 891 1756 946 initio
1819 895 2124 957 primarum

546 969 711 1039 hujus
743 973 982 1028 historia-
1013 979 1387 1032 narrationum
1420 980 1637 1035 illarum
1713 995 2018 1040 nostrarum
2073 994 2128 1040 et

545 1061 815 1118 librorum
848 1075 1082 1122 stantem
1121 1069 1174 1122 in
1219 1072 1470 1126 columna
1527 1085 1760 1128 statuam
1809 1089 2124 1146 equestrem

541 1171 746 1210 teneam
793 1159 1169 1216 deseribentes
1205 1179 1304 1218 nos
1349 1167 1642 1233 gratilicari
1677 1169 1990 1224 hominibus
2037 1189 2128 1224 sa-

542 1250 904 1316 pientioribus
933 1268 1126 1306 sumus
1173 1255 1446 1312 arbitrati.
1481 1258 1582 1328 Ipsi
1629 1271 1780 1316 certe
1829 1278 1926 1318 nos
1981 1265 2126 1320 illius

541 1339 668 1395 facti
694 1355 1032 1412 spectatores
1057 1357 1114 1401 et
1149 1353 1354 1404 nostris
1395 1356 1670 1421 permensi
1700 1356 1842 1411 hanc
1873 1361 2126 1415 manibus

541 1433 802 1490 facillime
835 1447 940 1491 tant
983 1439 1076 1493 ditt
1103 1447 1582 1512 cotnposnerimus
1611 1465 1744 1512 rem,
1775 1452 2018 1519 quaudiu
2049 1453 2122 1506 ibi

540 1539 662 1578 eam
692 1528 968 1597 sigillatim
1004 1535 1380 1600 exposuimus.
1415 1539 1546 1592 Esse
1575 1540 1722 1593 enim
1752 1543 1971 1611 dignam
1995 1559 2124 1598 con-

543 1621 804 1689 templatu
835 1624 1108 1686 existimo.
1130 1629 1173 1680 si
1213 1631 1338 1696 quis
1369 1647 1434 1684 ex
1463 1633 1728 1688 inferiore
1761 1636 1880 1691 loco
1905 1654 2124 1693 sursum

542 1723 774 1779 spectet,
835 1731 1014 1784 neque
1077 1721 1249 1784 possit
1315 1733 1630 1778 aecuratam
1710 1730 2120 1797 proportionem

541 1805 782 1870 partium
815 1821 914 1874 per
937 1807 1101 1877 256
1148 1815 1338 1865 oculos
1380 1817 1754 1871 transmittere
1777 1822 1965 1884 menti,
1997 1837 2120 1875 cum

543 1892 616 1946 ita
647 1895 718 1947 sit
743 1909 1053 1965 comparata
1083 1899 1194 1962 illa,
1221 1913 1280 1956 ut
1307 1903 1627 1975 plerumque
1647 1919 1958 1976 spectantes
1985 1912 2125 1968 inter

541 1992 597 2038 et
626 1999 718 2039 res
733 1995 1006 2054 spectatas
1037 1991 1375 2062 interpositis
1407 1994 1514 2050 loci
1539 1999 1842 2054 intervallis
1881 2005 2124 2059 animum

540 2074 712 2141 fallat;
753 2079 874 2146 qua:
903 2089 1088 2135 tamen
1147 2084 1424 2150 applicata
1481 2099 1742 2143 caeterum
1793 2093 2038 2164 undique
2073 2107 2128 2152 et

539 2183 874 2239 quocunque
937 2175 1101 2226 modo
1155 2186 1306 2240 sunt,
1368 2189 1428 2232 ut
1483 2181 1736 2236 veritatis
1789 2187 2014 2256 vestigia
2071 2200 2130 2242 et

539 2261 780 2327 speciem
821 2264 1264 2336 qualemcunque
1329 2271 1589 2336 eiiiciant,
1625 2285 1680 2328 et
1749 2278 1872 2332 talis
1915 2279 2128 2338 fraudis

538 2355 766 2410 morbos
785 2367 1002 2412 sanent.
1035 2359 1177 2416 Sunt
1199 2363 1346 2417 enim
1379 2364 1508 2418 inde
1537 2382 1568 2420 a
1611 2371 1818 2424 vertice
1839 2389 2028 2441 usque
2057 2377 2125 2430 ad

537 2461 808 2502 summam
859 2450 1104 2518 barbam,
1137 2453 1352 2509 labrum
1377 2457 1502 2512 dico
1533 2462 1808 2530 superius,
1843 2467 2126 2534 spithantte

540 2538 594 2593 in
658 2542 1058 2608 longitudinem
1139 2549 1592 2622 duodetriginta,
1663 2557 1718 2610 in
1775 2557 2124 2616 latitudinem

539 2638 983 2704 quatuordecim,
1039 2641 1336 2710 digitorum
1387 2656 1568 2702 autem
1623 2653 1832 2719 primus
1893 2665 2018 2709 octo
2072 2667 2126 2710 et

540 2725 824 2782 dimidiam
859 2731 1344 2803 inlongitudinem
1391 2739 1648 2803 trahebat.
1679 2753 1734 2798 et
1757 2745 1954 2814 reliqui
1999 2763 2126 2815 pro-

542 2822 954 2890 portionaliter;
989 2828 1276 2883 oculorum
1303 2840 1416 2886 tres
1431 2831 1542 2888 fere
1563 2835 1862 2900 spithamas
1889 2838 2126 2893 habebat

542 2921 794 2981 uterque,
820 2931 986 2970 nasus
1009 2928 1192 2974 autem
1227 2937 1368 2994 pene
1411 2935 1558 2978 octo.
1591 2925 1686 2981 llis
1737 2930 1808 2982 ita
1869 2939 2122 3001 tauquaut

539 3003 833 3060 elementis
885 3010 1204 3077 prepositis,
1261 3013 1390 3068 licet
1447 3017 1596 3080 hinc,
1655 3031 1926 3092 quotquot
1999 3035 2127 3078 sunt

543 3095 820 3164 pictorum
846 3101 1226 3168 jucundiores,
1257 3107 1420 3160 etiam
1452 3109 1768 3177 qualitatem
1799 3123 2122 3170 eteterorum

543 3189 1013 3256 tuembrorutu,et
1039 3198 1274 3262 partium
1303 3208 1358 3253 et
1388 3200 1552 3255 simul
1577 3207 1744 3258 totius
1769 3208 2017 3275 corporis
2043 3211 2126 3262 di-
2153 3219 2196 3276 c

541 3279 682 3334 Vinaa
730 3281 882 3336 illius
937 3284 1244 3342 Salvatoris
1271 3299 1466 3344 statua:
1498 3293 1564 3346 ad
1597 3298 1928 3364 symmetria:
1961 3300 2125 3353 ratio-

541 3388 666 3427 nem
697 3373 854 3430 factae
888 3374 1094 3442 formze,
1131 3392 1336 3449 quanta
1378 3383 1492 3439 fere
1531 3388 1621 3448 sit,
1650 3389 1834 3440 statim
1867 3389 2124 3460 colligere

542 3462 966 3534 longitudinem.
1033 3469 1161 3524 Haec
1203 3471 1468 3542 descripsi
1519 3475 1572 3529 in
1633 3467 1882 3532 notitiam
1927 3495 2122 3536 eorum

540 3555 634 3624 qui
670 3555 810 3612 forte
833 3559 888 3612 in
931 3559 1078 3614 illaut
1134 3562 1394 3629 incidant,
1428 3567 1686 3634 optimam
1749 3570 1890 3625 hanc
1947 3574 2124 3628 sciens

505 3649 685 3712 ,viam
726 3665 847 3706 esse
884 3651 952 3705 ad
1001 3667 1188 3707 rerum
1245 3656 1556 3722 scientiam,
1587 3661 1710 3714 etsi
1759 3663 1854 3731 qui
1916 3664 1969 3716 in
2038 3665 2126 3720 his

541 3743 962 3801 considerantes
991 3757 1284 3801 versentur
1311 3749 1440 3803 libri
1477 3754 1756 3820 sapientes
1791 3756 2124 3824 prospicien—

545 3835 656 3902 tite,
690 3839 942 3892 utetiam
991 3839 1275 3896 Aristoteli
1319 3843 1518 3911 placet.
1569 3843 1708 3898 Dicit
1768 3847 1858 3899 ille
1904 3849 2124 3916 quidem

541 3945 764 3984 sensum
797 3947 866 3988 ex
897 3933 1190 3988 multarum
1225 3949 1408 3989 rerum
1444 3937 1638 4005 peritia
1676 3936 1838 4003 etlici,
1871 3941 2124 4008 peritiam

542 4031 727 4077 autem
761 4024 1028 4095 principia
1063 4025 1364 4095 disciplinae
1399 4029 1670 4098 cujusque
1701 4039 1758 4100 et
1798 4031 2040 4098 praebere
2070 4044 2126 4088 et.

541 4115 891 4171 confirmare.
925 4117 1085 4189 257
1119 4118 1256 4171 Hinc
1284 4118 1434 4172 enim
1475 4127 1532 4172 et
1562 4109 1700 4173 varii
1731 4119 2008 4178 ﬂuxerunt
2035 4139 2125 4178 sa-

541 4209 764 4278 pientiae
791 4209 994 4274 fontes,
1025 4221 1082 4264 et
1110 4222 1328 4266 veteres
1361 4212 1782 4279 disciplinarum
1809 4213 2125 4273 inventores

541 4309 598 4354 et
625 4300 930 4356 rmlestium
956 4312 1012 4358 et
1035 4305 1382 4358 terrestrium
1430 4319 1617 4358 rerqu
1665 4307 1918 4360 notitiam
1965 4325 2128 4362 erue-

545 4404 696 4456 runt,
727 4405 785 4448 et
819 4398 1097 4448 variarum
1153 4405 1212 4450 et
1249 4396 1670 4450 multiformium
1725 4413 1910 4452 rerum
1962 4411 2126 4470 atque

539 4487 850 4542 orationum
909 4488 1194 4552 doctrinm,
1253 4489 1433 4558 quoad
1507 4491 1627 4558 ejus
1691 4489 1804 4542 fieri
1885 4501 2120 4560 poterat,

2229 605 2438 680 κυρτὴν
2487 607 2637 670 ὲντδς
2683 609 3010 674 ἐπιφάνειαν
3059 607 3152 660 τοῦ
3191 607 3394 675 ὀρόφου
3437 606 3626 660 τούτου
3669 624 3786 674 7p:-

2229 702 2423 770 φείσης
2469 701 2671 770 ἀρτίως
2717 701 2881 768 ἁγίας
2921 700 3130 762 εἰκόνος
3160 702 3258 769 τῆς
3309 699 3674 754 ὲνυποστάτου
3713 717 3786 754 σο-

2229 792 2358 862 φίας
2390 792 2548 855 Θεοῦ,
2587 791 2654 862 [Ι.
2687 791 2788 846 106
2837 791 2918 864 υ.]
2965 792 3060 844 τοῦ
3083 793 3335 862 Σωτῆρος
3369 791 3514 858 λέγω
3543 790 3784 860 Χριστοῦ.

2229 881 2388 942 Εἶναι
2420 886 2528 957 γὰρ
2559 889 2654 939 καὶ
2694 885 2854 938 τοῦτο
2901 889 3014 949 τοῖς
3051 887 3325 954 ὀψιγόνοις
3357 887 3624 954 ἐράσμιον
3651 880 3788 953 οἶμαι

2227 977 2508 1047 ἀκρόαμα,
2541 979 2796 1048 καθάπερ
2839 979 2904 1046 δὴ
2949 979 3048 1032 καὶ
3076 981 3338 1047 ἀνωτέρω
3395 995 3496 1030 που
3521 977 3632 1028 τῶν
3661 982 3790 1048 πρῶ-

2226 1087 2335 1124 των
2359 1071 2460 1140 τῆς
2487 1073 2730 1142 ἱστορίας
2763 1073 3028 1140 ταυτησὶν
3059 1072 3352 1144 ἡμετέρων
3381 1073 3610 1124 ἐκείνων
3636 1069 3788 1138 λόγων

2227 1167 2322 1218 καὶ
2380 1164 2582 1234 βίϐλων
2637 1165 2800 1226 εὐθὺς
2853 1167 2913 1220 ὲν
2969 1165 3270 1235 προθύροις
3334 1166 3428 1220 τὸν
3481 1165 3582 1216 ἐπὶ
3631 1163 3786 1224 κίονος

2227 1253 2438 1308 ἑστῶτα
2471 1255 2840 1325 δεδηλωκότες
2869 1255 3113 1323 ἔφιππον
3147 1255 3442 1324 ἀνδριάντα
3483 1253 3712 1324 χαλκοῦν
3737 1251 3785 1306 εὖ

2229 1351 2402 1400 ποιεῖν
2451 1351 2566 1410 τοῖς
2615 1349 3002 1420 συνετωτέροις
3043 1349 3330 1419 ἐδόξαμεν,
3363 1349 3522 1402 αὐτοί
3553 1364 3618 1415 γε
3645 1351 3785 1418 ἡμεῖς

2227 1441 2440 1498 ἐκείνου
2487 1442 2778 1510 γεγονότες
2825 1442 3096 1496 αὐτόπται
3141 1442 3238 1496 καὶ
3265 1445 3388 1504 ταῖς
3437 1442 3670 1502 οἰκείαις
3701 1457 3784 1508 με-

2226 1535 2528 1603 τρήσαντες
2601 1533 2794 1586 τοῦτον
2851 1535 3063 1604 χερσὶν,
3125 1537 3220 1588 ἐπὶ
3271 1535 3332 1588 τὸ
3400 1535 3606 1604 ῥᾷστον
3665 1533 3784 1590 τέως

2229 1625 2646 1693 συνενεχθέντος
2683 1625 2779 1678 τοῦ
2841 1627 3188 1695 πράγματος,
3239 1625 3316 1689 ὡς
3373 1627 3491 1678 ἐκεῖ
3533 1643 3636 1676 που
3681 1625 3784 1678 καθ’

2226 1711 2432 1766 ἕκαστα
2467 1714 2846 1783 διειλήφαμεν.
2881 1709 3029 1766 Εἶναι
3085 1714 3194 1784 γὰρ
3242 1713 3602 1783 ἀξιοζήτητον
3629 1709 3784 1782 οἶμαι,

2228 1803 2282 1856 εἴ
2301 1821 2386 1866 τις
2429 1805 2678 1858 κάτωθεν
2723 1805 2822 1874 μὲν
2875 1807 2956 1864 είς
3006 1803 3140 1874 ὕψος
3170 1806 3342 1878 ὁρῴη,
3397 1807 3472 1876 μὴ
3509 1807 3718 1860 δύναιτο
3741 1806 3785 1858 δὲ

2229 1896 2326 1966 τὴν
2359 1897 2564 1968 ἀκριϐῆ
2619 1899 2968 1969 συμμετρίαν
3029 1899 3096 1952 δι’
3164 1899 3343 1966 ὅψεως
3405 1901 3784 1968 παραπέμπειν

2229 1989 2308 2058 τῷ
2330 1989 2425 2059 νῷ,
2455 1991 2759 2059 πεφυκυίας
2789 1991 2890 2060 μὲν
2917 1991 2993 2054 ὡς
3023 1992 3092 2044 τὰ
3126 1992 3297 2044 πολλὰ
3317 1994 3430 2052 τοῖς
3467 1991 3670 2060 μεταξὺ
3695 1991 3785 2043 τῶν

2229 2082 2486 2152 ὁρώντων
2533 2083 2630 2136 καὶ
2661 2083 2958 2154 ὁρωμένων
2993 2083 3456 2161 τοπικοῖςγδιαστή
3467 2101 3637 2152 μασιν
3665 2084 3788 2136 ἀπα-

2228 2175 2446 2237 τᾶσθαι,
2477 2177 2774 2246 ἐφιεμένης
2809 2177 2854 2230 δ’
2885 2177 3060 2237 ἄλλως
3103 2177 3431 2248 ὁθενδήποτε
3479 2177 3579 2230 καὶ
3627 2180 3788 2230 ὁπωσ-

2227 2267 2432 2338 δήποτε
2463 2269 2746 2335 συλλέγειν
2791 2287 2852 2322 τε
2883 2271 2980 2340 τῆς
3013 2271 3278 2338 ἀληθείας
3317 2269 3440 2340 ἴχνη
3471 2271 3569 2322 καὶ
3599 2271 3786 2330 είκὰνας

2227 2360 2528 2414 ὁποιασοῦν
2575 2363 2672 2416 καὶ
2705 2364 2778 2414 τὰ
2825 2363 2928 2431 τῆς
2971 2364 3232 2434 τοιαύτης
3284 2365 3562 2434 ἰατρεύειν
3595 2366 3786 2430 ἀπάτης

2227 2454 2532 2522 νοσήματα.
2577 2455 2736 2508 Ἐστι
2765 2455 2874 2524 γὰρ
2904 2455 2965 2508 τὸ
3005 2457 3070 2508 εκ
3097 2456 3344 2526 κορυφῆς
3371 2455 3504 2524 ἄχρι
3551 2455 3784 2522 πώγωνος

2226 2545 2398 2615 ἄκρου
2439 2547 2584 2616 φημὶ
2609 2548 2710 2615 τῆς
2751 2548 2967 2617 ὑπήνης
2999 2548 3278 2618 σπιθαμαὶ
3315 2549 3492 2618 μῆκος
3539 2548 3638 2618 μὲν
3661 2546 3786 2599 ὀκτὼ

2225 2639 2321 2690 καὶ
2363 2641 2557 2704 εἰκοσι,
2601 2639 2806 2704 πλάτος
2843 2639 2900 2694 δὲ
2953 2641 3488 2712 τεσσαρεσκαίδεκα,
3525 2638 3784 2692 δακτύλων

2223 2731 2270 2782 δ’
2303 2731 2332 2780 δ
2371 2732 2470 2802 μὲν
2499 2733 2714 2802 πρῶτος
2741 2732 2888 2786 ὀκτὼ
2933 2733 3032 2786 καὶ
3057 2733 3320 2804 ἡμισείας
3349 2733 3410 2786 τὸ
3441 2734 3646 2804 μῆκος,
3677 2732 3722 2784 ei
3749 2733 3786 2782 δ’

2223 2823 2378 2876 ἄλλοι
2437 2827 2580 2878 κατὰ
2631 2825 2694 2878 τὺ
2745 2827 3048 2892 ἀνάλογον·
3083 2827 3194 2880 τῶν
3250 2826 3298 2880 δ’
3357 2825 3655 2894 ὀφθαλμῶν
3702 2824 3786 2876 ἀνα

2224 2910 2394 2978 τριῶν
2421 2913 2709 2980 ἑκάτερος,
2742 2915 2774 2983 ἠ
2809 2913 2864 2966 δὲ
2913 2917 2999 2984 ῥὶς
3033 2915 3268 2980 ἔγγιστα
3305 2914 3480 2968 ὀκτώ.
3515 2915 3722 2966 Τούτων
3750 2913 3788 2964 δ’

2225 3003 2403 3064 οὕτως
2443 3005 2698 3072 καθάπερ
2745 3007 3029 3075 στοιχείων
3069 3006 3334 3060 δοθέντων
3367 3004 3588 3070 ἔξεστιν
3629 3004 3786 3056 ὲντεῦο

2227 3097 2340 3161 θεν,
2381 3097 2570 3148 ὀπόσοι
2617 3101 2970 3167 χαριέστεροι
3023 3098 3133 3150 τῶν
3189 3099 3528 3168 ζωγράφων,
3569 3098 3657 3150 καὶ
3703 3095 3786 3164 τὴν

2227 3188 2333 3240 τῶν
2365 3187 2542 3241 ἄλλων
2578 3189 2756 3258 μελῶν
2783 3189 2878 3242 καὶ
2911 3189 3098 3258 μερῶν
3137 3191 3230 3242 καὶ
3261 3189 3386 3258 ἅμα
3417 3189 3522 3258 τῆς
3553 3187 3645 3240 τοῦ
3674 3203 3788 3238 παν-

2225 3281 2318 3342 τὸς
2374 3279 2628 3348 σώματος
2675 3280 3022 3344 διαπλάσεως
3083 3281 3185 3350 τῆς
3247 3281 3403 3342 θείας
3453 3284 3672 3348 ἐκείνης
3707 3277 3784 3330 τοῦ

2227 3374 2476 3444 Σωτῆρος
2505 3375 2712 3436 είκὸνος
2741 3375 2884 3426 κατὰ
2909 3375 2970 3426 τὸ
3000 3374 3104 3444 τῆς
3153 3375 3513 3444 συμμετρίας
3551 3374 3786 3440 ἀνάλογον

2226 3465 2326 3534 ὅση
2371 3466 2454 3526 τίς
2481 3466 2631 3517 ἐστιν
2659 3465 2823 3528 εὐθὺς
2872 3465 3291 3532 συλλογίζεσθαι
3330 3467 3508 3536 μῆκος
3547 3467 3640 3519 καὶ
3671 3466 3786 3518 πλά-

2225 3572 2340 3618 τος.
2409 3557 2518 3610 Καὶ
2581 3557 2754 3610 ταῦτα
2825 3556 3044 3626 διῆλθον
3115 3559 3413 3630 ἐμπειρίας
3483 3559 3650 3614 ἕνεκα
3697 3557 3788 3609 τῶν

2229 3645 2694 3716 ἐντυγχανόντων,
2739 3645 3038 3716 κράτιστον
3067 3647 3227 3710 εἰδὼς
3259 3649 3474 3716 ἐφόδιον
3509 3647 3590 3712 εἰς
3619 3666 3676 3716 γε
3707 3647 3786 3716 τὴν

2227 3737 2336 3790 τῶν
2373 3738 2545 3790 ὄντων
2597 3741 2912 3808 ἐπιστήμην
2961 3741 3056 3792 καὶ
3085 3739 3140 3792 ετ
3174 3758 3322 3798 τινες
3351 3736 3462 3794 εἷεν
3508 3744 3688 3803 αὐτοῖς
3713 3743 3782 3792 ἑν-

2227 3831 2592 3900 θεωρούμενοι
2649 3830 2802 3899 λόγοι
2853 3831 3010 3898 σοφοὶ
3055 3831 3154 3897 τῆς
3213 3833 3496 3902 προνοίας,
3537 3833 3674 3886 καθὰ
3715 3833 3788 3884 καὶ

2240 3918 2602 3987 Ἀριστοτέλει
2633 3919 2802 3974 δοκεῖ.
2829 3920 2970 3986 Φησὶ
3001 3921 3109 3991 γὰρ
3139 3921 3370 3988 ἐκεῖνος,
3413 3921 3672 3990 αἴσθησιν
3705 3923 3788 3990 μὲν

2225 4013 2516 4080 ἐμπειρίας
2568 4007 2712 4066 εἶναι
2763 4015 3080 4082 ποιητικὴν,
3113 4012 3211 4083 τὴν
3263 4013 3311 4066 δ’
3347 4017 3652 4086 ἐμπειρίαν
3697 4013 3786 4066 τῶν

2227 4105 2362 4173 πρὸς
2395 4106 2708 4175 ἐπιστήμην
2740 4105 2924 4176 ἀρχῶν
2955 4105 3300 4177 παρεκτικὴν
3325 4109 3389 4160 ἐκ
3425 4107 3681 4178 διαδοχῆς
3709 4107 3786 4159 καὶ

2229 4199 2600 4269 συλλήπτριαν
2651 4200 2920 4266 γίνεσθαι.
2988 4198 3278 4252 Ἐντεῦθεν
3344 4201 3454 4268 γὰρ
3509 4201 3666 4254 αἵτε
3709 4215 3788 4252 πο-

2225 4291 2454 4354 λυειδεῖς
2501 4292 2783 4362 ἐρρύησαν
2821 4292 2924 4361 τῆς
2955 4294 3150 4362 σοφίας
3181 4296 3378 4364 πηγαὶ.
3409 4293 3500 4348 καὶ
3553 4297 3602 4348 οἱ
3641 4294 3784 4348 πάλαι

2225 4383 2325 4451 τῆς
2355 4385 2668 4454 ἐπιστήμης
2695 4387 2990 4454 ὲφευρεταὶ
3030 4386 3138 4440 τῶν
3169 4403 3228 4440 τε
3271 4387 3538 4457 αἰθερίων
3585 4388 3674 4440 καὶ
3709 4401 3787 4438 πε-

2231 4477 2454 4546 ριγείων
2504 4477 2604 4543 τὴν
2666 4477 2869 4543 γνῶσιν
2925 4477 3224 4547 ἡρῦσαντο,
3285 4481 3381 4532 καὶ
3431 4478 3538 4548 τῆς
3583 4495 3646 4544 γε
3697 4476 3786 4528 τῶν

541 4593 706 4632 ansas
779 4589 1156 4648 sumpserunt.
1217 4579 1382 4648 Esto;
1439 4595 1544 4651 ego
1603 4597 1736 4636 vero
1791 4583 1863 4636 ad
1919 4597 2119 4638 nexum

2228 4572 2490 4624 ποικίλων
2543 4573 2638 4624 καὶ
2687 4572 3052 4626 παντοδαπῶν
3091 4575 3438 4643 πραγμάτων
3489 4591 3548 4626 τε
3601 4571 3690 4626 καὶ
3717 4569 3786 4622 λό‹

539 4671 708 4726 redeo
733 4671 1021 4727 orationis.

612 4947 806 5006 XXIV.
841 4948 974 5002 Nam
1025 4946 1120 5016 qui
1149 4945 1456 5014 patriarcha
1488 4945 1672 5001 fuerat
1693 4947 1969 5014 Callistus,
2001 4962 2128 5021 post

539 5055 695 5098 suam
728 5039 1364 5096 excommunicationem
1427 5048 1484 5092 et
1529 5041 1926 5096 clandeStiuam
1978 5044 2125 5097 illaut

541 5136 598 5189 in
646 5132 948 5189 Galaticum
997 5129 1318 5184 Latinorum
1357 5131 1666 5186 custodiam
1725 5132 1931 5202 fugam,
1967 5133 2129 5201 paulo

543 5238 702 5300 poste
736 5227 988 5281 idoneam
1035 5207 1384 5280 occasionem
1423 5234 1639 5290 nactus,
1665 5225 1802 5280 clam
1829 5226 1956 5280 inde
2003 5241 2132 5280 eva-

545 5323 618 5377 sit
641 5328 698 5374 et
729 5318 1010 5373 Tenedum
1045 5318 1168 5372 navi
1193 5317 1426 5384 abierat,
1459 5319 1764 5388 Palmologo
1795 5319 1933 5386 imp.
1959 5319 2131 5388 grati-

550 5415 814 5468 ﬁeaturus
829 5418 882 5464 et
909 5423 1010 5478 pro
1031 5409 1179 5463 dono
1199 5411 1347 5464 omni
1363 5411 1598 5480 vigentis
1621 5413 1674 5480 in
1701 5412 1886 5464 animo
1913 5412 2132 5466 habitus

548 5507 800 5578 pra'bens
831 5503 1084 5559 ardorem
1145 5513 1200 5559 et
1241 5521 1300 5560 re
1353 5505 1468 5576 ipsa
1519 5519 1678 5559 suum
1733 5505 1954 5560 fervens
2003 5521 2134 5573 erga

551 5601 708 5658 illum
761 5597 1058 5654 ostendens
1096 5599 1369 5667 studium;
1399 5608 1456 5653 et
1513 5613 1801 5664 euarrans,
1853 5597 2133 5666 quomodo

2223 4679 2336 4730 γων
2383 4662 2766 4724 διδασκαλίας,
2789 4663 2912 4714 ὅσον
2951 4663 3200 4730 ἐφικτὸν,
3242 4665 3340 4725 τὰς
3371 4666 3630 4733 ἀφορμάς
3661 4664 3786 4714 ἀνει-

2224 4754 2489 4824 λήφεσαν.
2525 4751 2668 4808 Εἶεν.
2717 4754 2858 4822 Ἐγὼ
2895 4753 2938 4806 δ’
2961 4755 3057 4818 εἰς
3077 4755 3168 4808 τὸν
3199 4755 3392 4826 εἱρμὸν
3423 4758 3678 4824 ἐπάνειμι
3707 4751 3784 4806 τοῦ

2225 4848 2410 4916 λόγου.

2301 4945 2426 4998 KA'.
2470 4944 2527 4998 '0
2551 4945 2660 5014 γάρ
2707 4961 2790 4997 τοι
2815 4945 3264 5014 πατριαρχεύσας
3321 4947 3621 5006 Κάλλιστος
3671 4939 3784 5009 μετὰ

2227 5033 2328 5099 τὴν
2355 5033 2522 5084 αὑτοῦ
2578 5033 2902 5101 καθαίρεσιν
2935 5034 3031 5086 καὶ
3075 5035 3168 5085 τὸν
3197 5035 3280 5094 είς
3313 5035 3374 5084 τὸ
3407 5032 3786 5097 Γαλατώνυμον

2231 5123 2295 5195 [ί.
2331 5125 2434 5178 129
2465 5123 2538 5195 r.]
2571 5125 2832 5194 φρούριον
2865 5125 2970 5177 τῶν
2999 5125 3247 5178 Λατίνων
3275 5126 3540 5196 λαθραῖον
3569 5121 3784 5194 δρασμὸν

2233 5219 2462 5284 ἐκεῖνον,
2501 5216 2696 5286 καιροῦ
2729 5217 2870 5285 μετὰ
2909 5219 3102 5286 χρῦνον
3133 5219 3256 5270 τινα
3287 5217 3474 5286 τυχὼν
3507 5217 3674 5286 λάθρα
3700 5213 3783 5265 κά-

2233 5312 2416 5366 κεῖθεν
2443 5310 2592 5382 ἐξῄει
2621 5315 2718 5365 καὶ
2749 5313 2805 5374 ἐς
2830 5312 3058 5364 Τένεδον
3085 5313 3550 5374 κατεπεπλεύκει,
3587 5310 3788 5364 [Ialme-

2234 5403 2378 5472 λόγῳ
2435 5403 2512 5473 τῷ
2556 5402 2768 5472 βασιλεί
2801 5401 3161 5470 χαριζόμενός
3191 5419 3252 5454 τε
3315 5405 3408 5454 καὶ
3463 5403 3586 5455 ἀντὶ
3635 5399 3784 5466 δώρου

2235 5497 2440 5558 παντὸς
2473 5497 2532 5548 τὸ
2556 5495 2654 5564 τῆς
2707 5497 2768 5548 ὲν
2817 5495 3018 5564 καρδίᾳ
3070 5493 3530 5562 θαλαμευομὲνης
3577 5493 3787 5560 σχέσεως

2237 5584 2481 5654 κομίζων
2523 5583 2808 5654 διάπυρον,
2839 5583 2930 5636 τὸν
2985 5582 3126 5651 ὑπὲρ
3156 5581 3327 5635 αὑτοῦ
3369 5581 3614 5653 δηλονότι
3649 5579 3784 5644 {iper

2239 5679 2422 5746 ἔργοις
2443 5676 2648 5740 αὐτοῖς,
2674 5677 2766 5728 καὶ
2791 5674 3172 5746 ἀφηγούμενος
3201 5676 3350 5738 ὅπως
3377 5676 3496 5741 ἐξὸν
3525 5669 3786 5729 ἀπολαύειν

2239 5773 2338 5838 τῆς
2371 5770 2780 5840 πατριαρχικῆς
2810 5769 3058 5834 ἐξουσίας
3115 5771 3210 5822 καὶ
3236 5769 3354 5836 ἅμα
3386 5773 3484 5838 τῆς
3507 5770 3786 5830 Καντακον·

553 5694 750 5748 liceret
781 5689 890 5745 frui
937 5691 1302 5763 patriarchica
1347 5699 1615 5762 potestate
1645 5698 1701 5744 et
1736 5688 1900 5742 simul
1937 5687 2139 5742 Canta-

559 5783 758 5840 cuzeni
807 5785 1085 5854 regnantis
1136 5784 1522 5838 benevolentia
1571 5791 1624 5836 et
1679 5779 2066 5840 beneﬁcentia,
2093 5781 2136 5832 si

565 5875 730 5931 vellet
753 5877 1078 5948 participem
1123 5876 1302 5931 facere
1337 5890 1396 5930 se
1439 5869 1870 5928 renuntiationis
1903 5871 1971 5924 de
2003 5867 2126 5923 Mat-

2243 5861 2410 5934 ζηνοῦ
2460 5861 2836 5932 βασιλεύοντος
2867 5862 3152 5930 εὐμενείας
3183 5863 3275 5914 καί
3311 5863 3644 5932 εὐεργέτιδος
3675 5861 3788 5924 γνω-
