3966 6560
174 425 267 491 225

1175 425 1617 487 ΒΥΖΑΝΤΙΝᾸΞ
1653 424 2042 485 HISTORUE
2074 424 2218 489 LIB.
2251 426 2468 489 XXIX.

3318 422 3423 501 596

178 562 291 616 μης,
340 544 388 597 εί
443 541 693 596 ἐϐούλετο
746 544 1026 595 κοινωνεῖν
1061 542 1211 613 αύτῷ
1256 543 1358 611 τῆς
1397 544 1541 613 ὑπὲρ
1572 545 1723 598 Matr.

1836 541 1980 596 tlimo
2006 541 2159 610 regio
2198 544 2311 597 ﬁlio
2342 545 2503 597 factm
2529 559 2543 608 ;
2573 542 2663 596 hic
2688 556 2819 596 vero
2848 551 3087 597 extrema
3113 541 3220 613 pali
3255 544 3428 599 male-

175 637 313 689 θαίου
341 632 439 688 τοῦ
462 633 581 688 υίοῦ
601 634 887 703 βασιλικῆς
920 636 1306 706 ἀναρρήσεως,
1332 639 1358 689 ὁ
1386 636 1443 690 δὲ
1467 638 1534 691 τὰ
1564 638 1731 709 ἐσχα-

174 746 234 783 τα
261 729 487 798 πάσχειν
538 728 743 792 εἵλετο,
792 727 903 781 τῶν
956 729 1231 801 πατρῴων
1282 731 1733 801 ἀντιποιούμενος

174 820 322 874 αὑτοῦ
352 820 595 874 δικαίων.
647 821 755 873 Καὶ
782 823 831 873 εξ
860 822 937 892 μὴ
970 822 1206 894 λαθραία
1237 825 1383 894 φυγῇ
1417 824 1516 894 τὴν
1552 840 1731 894 σωτη-

177 913 285 983 ρίαν
312 913 568 982 ἐπόριζεν
620 913 819 983 ἐαυτῷ,
858 915 1095 984 τάχιστα
1129 915 1194 969 ἂν
1252 915 1447 987 είρκτὴ
1482 917 1732 987 ζοφώδης

176 1003 259 1054 καὶ
285 1000 514 1054 θανάτου
568 1001 745 1069 βιαίου
796 1004 996 1070 γείτων
1054 1007 1267 1077 ἐδέχετο
1318 1006 1511 1061 τοῦτον
1542 1009 1723 1072 εὐθύς.

178 1098 271 1150 Καὶ
298 1096 380 1148 ἶνα
414 1098 514 1149 τάν
560 1100 710 1167 μέσῳ
746 1101 1018 1168 συντέμω,
1055 1100 1176 1152 ὅλον
1206 1100 1454 1154 ἐνιαυτὸν
1483 1104 1598 1154 ἐκεῖ
1616 1101 1729 1172 διη-

175 1188 338 1240 νυκότι
382 1187 450 1240 τά
486 1189 537 1240 τ’
580 1189 715 1242 ἄλλα
754 1189 861 1263 [τει
898 1191 1049 1261 αύτῷ
1088 1192 1247 1246 πάντ’
1278 1193 1475 1263 ἐδρᾶτο
1522 1195 1590 1246 τὰ
1618 1212 1728 1247 πα-

173 1280 438 1351 τριάρχαις
488 1279 681 1350 ἐθιμα.
713 1283 808 1334 καὶ
838 1281 955 1350 ἅμα
981 1284 1201 1352 γραφὰς
1228 1285 1329 1337 ούκ
1361 1284 1556 1355 ἠμέλει
1587 1286 1730 1353 πέμ-

173 1390 274 1424 πων
305 1372 639 1437 Βυζαντίοις,
675 1375 800 1427 ὅσαι
846 1375 945 1445 τὴν
978 1377 1060 1437 είς
1108 1368 1274 1429 αὐτὸν
1321 1376 1727 1448 ὲξετραγῴδουν

172 1464 389 1525 ἀδικίαν,
438 1469 533 1518 καὶ
585 1468 777 1537 μοιχὸν
826 1468 926 1538 μὲν
957 1469 1213 1540 προφανῆ
1252 1468 1438 1521 καλῶν
1473 1470 1728 1524 Φιλόθεον

171 1560 249 1610 τὶν
274 1560 559 1624 Κόκκινον,
594 1562 861 1631 προδότας
889 1562 946 1616 δὲ
970 1563 1070 1631 τῆς
1097 1563 1206 1635 τῶν
1227 1564 1476 1617 κανόνων
1510 1565 1604 1616 καὶ
1640 1565 1726 1618 νό-

173 1668 272 1718 μων
308 1651 560 1715 ἐξουσίας
600 1657 725 1716 τοὺς
759 1655 1098 1719 ἐπισκόπους
1128 1657 1224 1709 καὶ
1259 1656 1394 1710 Θεοῦ
1448 1674 1728 1729 καταφρο-

170 1747 333 1809 νητὰς,
374 1746 453 1797 ὅτι
486 1748 610 1807 ταῖς
645 1747 953 1815 βασιλικαῖς
993 1748 1313 1813 ὕπείξαντες
1347 1751 1440 1803 καὶ
1467 1751 1728 1821 ἡττηθέν-

169 1853 243 1897 τες
270 1837 470 1899 ἀδίκοις
497 1839 736 1909 δωρεαῖς
785 1843 1047 1911 συνέχεαν
1078 1842 1148 1896 τά
1178 1858 1235 1896 τε
1262 1844 1362 1915 τῆς
1395 1842 1728 1912 Ἐκκλησίας

1839 632 1931 687 bat
1959 628 2145 700 patria
2179 632 2286 687 sibi
2349 633 2471 703 jura
2510 631 2919 697 vindieaus;et
2971 632 3080 686 nisi
3135 632 3433 689 clandesti-

1837 738 1908 777 na
1974 724 2096 793 fuga
2152 723 2384 778 salutem
2450 723 2774 793 praebuisset
2826 722 2953 783 sibi.
2988 724 3276 777 celerrime
3339 723 3441 779 iﬂc'

1840 806 2088 870 inclusus
2126 826 2274 872 esset
2326 818 2381 871 in
2412 818 2689 881 tenebras,
2718 826 2773 870 et
2800 817 2999 871 mortis
3022 817 3272 869 violentae
3298 831 3427 885 pro-

1843 910 2086 979 pinquus
2110 910 2265 964 locus
2290 911 2468 978 ipsum
2503 911 2684 965 statim
2717 910 3045 979 excepisset.
3067 911 3244 978 Atque
3267 918 3326 961 ut
3353 909 3423 961 ab

1840 1001 1963 1070 ipso
1995 1004 2087 1071 qui
2146 1002 2201 1054 in
2258 1002 2568 1056 meditullio
2619 1003 2843 1057 concise
2894 1001 3168 1071 integrum
3215 1016 3419 1055 annum

1836 1092 1910 1148 ibi
1969 1106 2327 1165 transegerat.
2359 1111 2483 1149 eum
2548 1097 2758 1165 reliqua
2802 1098 2985 1149 omnia
3032 1084 3425 1164 perficerentur

1834 1186 2163 1256 patriarchis
2189 1187 2410 1251 usitata,
2431 1196 2486 1242 et
2516 1186 2676 1242 simul
2702 1188 2992 1242 accusandi
3018 1187 3285 1241 formulas
3311 1202 3421 1241 non

1834 1279 2136 1349 negiigerct
2155 1279 2370 1333 mittere
2408 1276 2574 1350 253
2590 1280 2903 1351 Byzantinis
2919 1288 3194 1350 quotquot
3215 1279 3423 1334 illatam

1834 1367 1939 1423 sibi
1989 1379 2383 1439 exaggerareut
2440 1372 2723 1437 iniuriam,
2753 1381 2810 1427 et
2844 1372 3120 1427 uuechum
3172 1380 3424 1441 apertum

1833 1460 2025 1514 dicens
2063 1461 2411 1515 Philotbeum
2443 1461 2742 1517 Coccinum
2775 1473 2833 1519 et
2894 1464 3213 1533 proditores
3269 1472 3427 1532 pote-

1838 1554 1999 1605 statis
2025 1550 2336 1622 regularum
2370 1565 2425 1609 et
2458 1556 2637 1623 legum
2668 1555 2958 1625 episcopos
2975 1570 3025 1611 et
3055 1556 3149 1611 Dei
3177 1568 3426 1610 contem-

1834 1654 2044 1715 ptores.
2065 1645 2209 1713 quod
2239 1645 2591 1714 imperatoris
2612 1648 2755 1715 capti
2779 1658 2834 1703 et
2863 1649 2990 1703 vieli
3016 1647 3233 1719 iujustis
3262 1646 3423 1701 donis

1832 1737 2129 1791 miscerent
2152 1747 2207 1791 et
2232 1738 2490 1793 Ecclesia:
2515 1754 2599 1793 res
2625 1748 2680 1793 et
2702 1741 2928 1815 legitimi
2956 1748 3216 1810 praeterea
3242 1739 3418 1811 regni.

1831 1827 1901 1882 Et
1929 1828 2159 1898 insuper
2213 1831 2589 1886 exsecratione
2637 1832 2905 1887 subvertit
2956 1848 3053 1887 eos
3105 1842 3167 1887 et
3200 1847 3424 1886 excom-

170 1930 442 1997 πράγματα
471 1932 571 1983 καὶ
583 1903 731 2000 τπρός
754 1948 817 2000 γε
843 1903 999 2001 δὴντὰ
1040 1936 1138 2005 τῆς
1166 1903 1394 2005 ἐννόμου
1420 1903 1723 2005 βασιλείαςτ

1833 1921 2215 1976 munieatioue
2235 1922 2457 1991 ‘divina;
2487 1938 2608 1993 quae
2637 1925 2858 1993 quidem
2890 1925 3163 1981 continua
3209 1934 3264 1980 et
3284 1925 3423 1980 telo-

168 2022 261 2075 Καὶ
292 2023 381 2076 ἐπὶ
412 2023 635 2087 τούτοις
671 2025 975 2095 ἁναθέματί
1023 2043 1083 2080 τε
1132 2027 1331 2090 αὐτοὺς
1378 2027 1728 2082 καθυπέϐαλα

169 2115 247 2166 καὶ
270 2116 535 2186 χωρισμῷ
560 2115 718 2169 Θεοῦ.
753 2118 825 2171 Ἀ
855 2118 920 2188 δὴ
961 2118 1133 2188 συχνὰ
1165 2118 1258 2171 καὶ
1286 2118 1445 2190 δίκην
1469 2119 1641 2190 βελῶν
1666 2121 1729 2173 ἐκ

168 2203 376 2256 τενέδου
420 2206 763 2275 πεμπόμενα
825 2205 1041 2275 βλέπων
1094 2207 1124 2259 ὀ
1158 2206 1261 2276 τῆς
1315 2208 1729 2280 πατριαρχικῆς

169 2296 395 2362 ἐξουσίας
432 2298 566 2366 ἄρτι
586 2298 988 2369 ἐπειλημμένος
1013 2300 1285 2363 Κόκκινος
1314 2301 1617 2371 ἠγανάκτει
1642 2300 1645 2303 ’
1668 2318 1730 2369 τρ

170 2387 793 2459 καιάντιμηχανώμενος
843 2392 943 2445 ούκ
974 2391 1174 2462 ἠμέλει
1215 2393 1285 2447 τά
1315 2395 1432 2448 ίσα.
1466 2393 1729 2461 Συνάγων

168 2481 258 2552 γὰρ
290 2467 409 2545 τοὺς
449 2483 876 2554 πλησιοχώρους
932 2486 1292 2551 ἐπισκόπους,
1326 2485 1424 2540 καὶ
1469 2487 1583 2541 ὅσοι
1628 2487 1732 2540 Βυ-

168 2574 342 2644 ζαντίῳ
387 2576 823 2648 ἐνδιατρίϐοντες
891 2578 1081 2647 ἔτυχον
1113 2578 1564 2647 ὁπωσδηποτοῦν,
1621 2579 1729 2649 ψη·

170 2667 391 2739 φίσματα
422 2670 660 2734 tamen
686 2670 759 2723 τε
817 2671 911 2723 καὶ
944 2670 1217 2739 διέπεμπε
1247 2670 1503 2743 πανταχῆ
1536 2672 1732 2725 ἀναθέ-

172 2760 367 2825 ματίτε
418 2760 517 2811 καὶ
568 2759 864 2833 ἀφορισμῷ
897 2761 1349 2831 παραπέμποντα
1402 2761 1728 2817 Κάλλιστον.

170 2850 401 2919 Ἐπεμπε
433 2851 489 2904 δέ
531 2852 768 2920 μάλιστα
821 2854 931 2916 τοῖς
984 2852 1042 2908 ἐν
1079 2852 1231 2921 Ἀθῳ
1278 2852 1355 2923 τῷ
1406 2851 1521 2924 ὄρει
1564 2852 1730 2923 μονά-

166 2939 298 3003 ζουσι
321 2943 388 2996 τά
413 2943 646 2997 τοιαῦτα
667 2946 1019 3015 ψηφίσματα,
1048 2944 1451 3016 παραγγέλλων
1481 2946 1575 2999 ἐπὶ
1603 2945 1730 2998 τού-

166 3049 262 3096 τοις
291 3035 410 3105 μηδ’
440 3039 490 3091 εί
538 3036 830 3109 βουληθείη
885 3039 1017 3109 παρ’
1053 3042 1295 3105 ἐκείνους
1343 3042 1535 3111 φοιτᾷν
1584 3040 1731 3110 δέχε-

171 3127 278 3181 σθαι
304 3129 514 3198 τοῦτον,
553 3130 637 3185 ἆτ’
661 3131 750 3185 ἐπ’
778 3133 1090 3204 ἐγκλήμασι
1117 3134 1549 3199 Μασαλιανικοῖς
1579 3134 1727 3187 ἐννό-

1831 2031 1951 2070 rum
1995 2016 2239 2071 adinstar
2268 2032 2336 2071 ex
2357 2017 2585 2071 Tenedo
2619 2018 2785 2073 missa
2814 2018 3007 2073 videns
3038 2018 3419 2088 patriarchica:

1830 2115 2121 2183 potestatis
2170 2130 2349 2185 nuper
2398 2114 2676 2185 particeps
2732 2114 2912 2170 factus
2966 2113 3235 2170 Coccinus
3276 2129 3419 2184 aegre

1832 2205 2043 2261 ferebat
2068 2220 2123 2261 et
2154 2218 2341 2261 contra
2386 2207 2721 2263 moliebatur
2748 2221 2925 2277 neque
2957 2207 3152 2262 eadem
3184 2208 3417 2279 rejieere

1831 2298 2165 2368 negligebat.
2200 2299 2535 2354 Convocatis
2567 2300 2718 2353 enim
2743 2300 3013 2369 proximis
3044 2300 3339 2369 episcopis,
3359 2308 3420 2355 et

1834 2389 1901 2443 iis
1927 2391 2021 2457 qtti
2057 2398 2170 2444 tum
2205 2389 2342 2445 forte
2373 2390 2876 2460 qttomodocunque
2924 2391 3170 2464 Byzantii
3194 2422 3198 2426 Α
3224 2406 3416 2447 versa-

1832 2480 2056 2544 bantur,
2087 2482 2305 2535 decreta
2329 2482 2615 2551 proposuit
2651 2491 2706 2536 et
2732 2482 2880 2537 misit
2914 2485 2968 2539 in
2996 2496 3190 2536 omnes
3232 2492 3421 2553 partes

1831 2573 2212 2629 exsecratione
2276 2583 2331 2627 et
2388 2575 2745 2629 damnatione
2793 2575 3066 2629 munitum
3107 2574 3416 2653 Callistum.

1831 2668 1976 2724 Misit
2020 2679 2203 2724 autem
2248 2669 2488 2724 maxime
2547 2672 2597 2723 in
2641 2669 2785 2723 Atho
2836 2679 3020 2723 monte
3066 2668 3421 2725 versantibus

1831 2761 2119 2816 monachis
2148 2760 2273 2816 talia
2313 2761 2558 2825 decreta,
2587 2760 2868 2831 imperans
2914 2770 3198 2829 praeterea,
3252 2774 3343 2828 ne,
3373 2759 3419 2817 si

1830 2855 1997 2910 vellet
2027 2854 2097 2909 ad
2155 2855 2279 2909 illos
2338 2854 2554 2919 venire,
2583 2868 2711 2908 eum
2755 2853 3069 2924 reciperent
3098 2853 3170 2907 ob
3198 2852 3419 2909 decreta

1832 2948 2208 3004 massalianica
2261 2947 2556 3018 expulsum
2625 2946 2892 3017 legitime,
2949 2961 3052 3000 nec
3081 2960 3141 3001 se
3195 2944 3421 3018 iudiciis

1830 3043 2116 3097 sistentem
2142 3057 2320 3111 neque
2372 3050 2656 3096 verentem
2718 3040 3010 3110 imperiose
3053 3039 3313 3095 mandare
3364 3053 3420 3095 et

1828 3148 2120 3190 exsecrare
2150 3144 2209 3188 et
2243 3134 2765 3190 eveommunicare:
2797 3147 3025 3189 necesse
3076 3135 3243 3203 igitur
3290 3149 3420 3205 pro-
3486 3120 3493 3125 ’

168 3236 265 3288 μως
306 3222 710 3293 καθαιρεθέντα
755 3228 850 3280 καὶ
902 3228 1002 3280 οὐκ
1033 3227 1346 3298 ἐμμένοντα
1374 3231 1495 3291 ταῖς
1523 3227 1722 3294 δίκαις,

1829 3235 2013 3296 ptcrea
2054 3233 2110 3279 et
2150 3224 2297 3294 quod
2324 3225 2435 3296 jam
2468 3225 2746 3297 synodicis
2768 3227 3243 3281 exsecrationibus
3267 3237 3418 3281 esset

165 3313 263 3366 ἀλλ’
287 3315 694 3387 ἀρχιερατικῶς
719 3318 1030 3373 ἐπιτάττειν
1056 3322 1150 3374 καὶ
1175 3319 1602 3389 ἀναθεματίζειν
1627 3319 1723 3372 καὶ

162 3405 416 3475 ἐξορίζειν
442 3410 935 3481 ἀναισχυντοῦντα.
970 3410 1166 3483 Χρεὼν
1191 3408 1287 3465 οὖν
1316 3412 1402 3466 διὰ
1435 3410 1612 3466 ταῦτά
1636 3426 1719 3475 τε,

1830 3316 2040 3387 eiectus
2088 3326 2143 3370 et
2202 3316 2391 3371 divina
2445 3315 2827 3380 damnatione,
2876 3324 3134 3387 tanquam
3204 3325 3418 3389 pestem

1829 3424 1860 3464 3
1890 3421 2049 3464 sacro
2072 3415 2261 3463 monte
2290 3423 2416 3463 eum
2454 3423 2668 3464 arcere.

163 3501 243 3553 καὶ
268 3502 337 3565 ὡς
367 3503 467 3575 ήδη
527 3506 621 3557 καὶ
656 3505 957 3569 συνοδικοῖς
1002 3506 1474 3579 ἁναθεματισμοϊς
1502 3501 1944 3560 ὑποπεπτωκότα
1974 3502 2070 3556 καὶ
2125 3500 2206 3573 τῷ
2266 3504 2332 3557 ἐκ
2397 3501 2535 3556 Θεοῦ
2600 3500 2911 3575 χωρισμῷ,
2947 3495 3038 3558 οἷα
3095 3503 3279 3575 λύμην
3317 3502 3416 3558 τοῦ

160 3592 298 3664 ὄρους
328 3586 645 3651 ἀποσοϐεῖν.

219 3688 334 3746 κε’.
404 3692 566 3747 Ἐπεὶ
597 3693 751 3746 δὲτὰ
802 3696 1101 3766 πράγματα
1149 3697 1406 3768 καθάπερ
1443 3697 1717 3767 ὀστράκου

164 3786 545 3851 μεταπεσόντος
576 3786 706 3840 νέαν
754 3786 880 3859 ἔσχε
912 3788 1217 3862 μεταϐολὴν
1240 3831 1253 3853 ,
1287 3789 1352 3864 μ’.
1385 3790 1487 3845 129
1519 3788 1597 3862 υ.]
1629 3791 1721 3843 καὶ

161 3878 226 3948 τιῖι
257 3880 349 3948 μὲν
380 3880 675 3951 Καλλίστῳ
734 3881 843 3935 τῶν
880 3885 1303 3956 πατριαρχικῶν
1327 3881 1481 3945 αὖθις
1513 3883 1721 3967 κρατῆτ

164 3983 239 4020 σαι
281 3970 599 4039 συμϐέϐηκε
640 3968 881 4039 θρόνων,
944 3973 1023 4042 τῷ
1062 3973 1118 4026 δὲ
1154 3976 1417 4043 Κοκκῐνῳ’
1458 3974 1719 4044 Φιλοθέῳ,

167 4061 278 4129 πρὶν
300 4062 613 4124 αἰσθέσθαι,
639 4062 909 4132 λαμπρῶς
943 4065 1152 4118 ἐκεῖθεν
1175 4064 1512 4138 ἁπερρἰφθαι
1540 4066 1722 4135 πάσης

166 4151 439 4225 ἱερωσύνης
468 4156 703 4223 γυμνὸν,
730 4156 805 4219 ὡς
829 4157 1174 4228 εἰρήκειμεν,
1199 4159 1505 4226 γράμματα
1527 4155 1718 4225 ἐφοίτα.

165 4246 293 4315 αύτῷ
322 4250 453 4317 πρὸς
490 4248 603 4301 τῶν
635 4248 715 4317 τῷ
758 4248 878 4319 ὄρει
905 4248 997 4327 τῷ]
1021 4250 1227 4302 Ἀοωνι
1282 4249 1719 4318 ἐνδιαιτωμένων

172 4340 453 4404 μοναδικῶν
519 4340 747 4409 ἀνδρῶν,
799 4342 1049 4410 Νίφωνος
1107 4340 1523 4413 κατηγοροῦντα
1575 4358 1720 4406 τινος

167 4429 260 4482 τῶν
312 4433 425 4486 ἐκεῖ
456 4434 719 4502 μοναχῶν
753 4433 947 4503 ἱερέως
999 4435 1301 4505 τούπίκλην
1329 4422 1627 4505 Σκορπίου,
1661 4432 1719 4496 ὃς

166 4527 603 4596 προκατηγόρητο
631 4527 736 4596 πρὸ
764 4526 999 4596 βραχέος
1032 4528 1125 4579 ἐπὶ
1178 4530 1244 4598 τῇ
1292 4527 1402 4580 τῶν
1435 4526 1722 4581 Μασαλια·

1896 3689 2062 3747 XXV.
2089 3691 2389 3761 Postquam
2435 3697 2618 3745 autem
2646 3706 2753 3757 res,
2783 3690 2941 3761 quasi
2968 3690 3168 3745 testula
3198 3690 3414 3748 inversa

1824 3799 2023 3840 novam
2044 3792 2270 3854 experta
2294 3791 2378 3837 est
2412 3782 2877 3850 immutationem,
2902 3783 3199 3838 etCaliisto
3222 3801 3417 3841 rursus

1824 3877 2193 3948 patriarchiea
2245 3878 2377 3931 sede
2422 3876 2587 3945 potiri
2646 3877 2897 3951 contigit,
2929 3874 3419 3949 Coccinttn1259

1823 3978 2007 4024 autem
2040 3968 2395 4025 Pbilotheum
2430 3968 2753 4048 priusquam
2780 3969 3011 4023 sentiret
3034 3970 3325 4038 splendide
3349 3986 3417 4026 ac

1823 4077 1949 4118 cum
1983 4061 2155 4133 gloria
2198 4060 2326 4114 inde
2382 4059 2610 4129 ejicere.
2643 4062 2791 4114 omni
2858 4060 3172 4117 sacerdotio
3211 4063 3417 4132 spolia-

1827 4158 2055 4221 tumJut
2079 4152 2575 4217 diximus,littcras
2592 4152 2643 4206 ei
2666 4151 2851 4205 attulit
2875 4152 2945 4207 ab
2974 4152 3416 4209 inhabitantibus

1825 4246 2011 4301 Athon
2038 4253 2281 4298 montem
2329 4259 2551 4299 sacrum
2583 4244 2718 4297 viris
2769 4245 3056 4309 solitariis,
3089 4256 3416 4303 accusantes

1819 4337 2133 4410 Niphonem
2165 4339 2456 4407 quemdam
2498 4322 2565 4391 ἐι
2602 4336 2709 4391 illis
2741 4337 3029 4393 monachis
3062 4340 3412 4396 sacerdotem

1820 4432 2151 4502 cognomine
2187 4430 2519 4503 Scorpium:
2564 4433 2657 4500 qui
2699 4439 2862 4484 antea
2895 4441 3188 4486 accusatus
3233 4432 3415 4489 fuerat

1824 4525 1987 4595 paulo
2051 4522 2211 4593 prius
2246 4533 2473 4592 propter
2504 4522 2959 4577 Massalianorum
2991 4532 3046 4575 et
3102 4523 3413 4592 Bogomilo-

167 4616 255 4667 νῶν
285 4624 372 4669 καὶ
404 4617 721 4685 Βογομίλων
740 4620 973 4688 αἱρέσει,
1003 4618 1246 4681 σκιωεῶς
1281 4635 1395 4679 πως
1425 4618 1717 4687 καίάμαρ-

1829 4634 1941 4673 rum
1990 4617 2225 4672 bwresin
2282 4618 2422 4671 clam
2486 4616 2618 4671 abiit
2671 4626 2726 4670 et
2771 4617 2892 4671 sine
2949 4616 3206 4672 testibus.
3269 4618 3409 4674 Huic

164 4705 319 4777 τύρως
356 4710 457 4789 ἐτι.
494 4710 685 4782 Τούτῳ
719 4711 901 4781 μέντοι
937 4711 1090 4781 φίλος
1123 4709 1200 4763 ὢν
1228 4711 1292 4763 ἐκ
1325 4708 1522 4763 πολλοῦ
1567 4708 1723 4762 Κάλ-

164 4793 324 4861 λιστος
372 4801 495 4853 ούδὶ
527 4798 625 4853 νῦν
687 4800 1034 4871 πατριάρχης
1069 4798 1365 4869 γενόμενος
1419 4798 1520 4868 τῆς
1551 4796 1717 4851 αὐτοῦ

165 4888 327 4953 φιλίας
349 4894 642 4962 ἀπέσχετο,
680 4893 818 4948 ἀλλὰ
871 4894 969 4963 μία
999 4910 1085 4955 τις
1119 4888 1188 4964 ἦν
1220 4895 1280 4947 ἐν
1303 4894 1512 4961 ἀμφοῖν
1543 4891 1715 4960 ψυχή.

164 4982 243 5033 Διὸ
272 4986 362 5037 καὶ
396 4986 663 5056 ὠργίζετο
691 4988 803 5049 τοῖς
833 4987 1182 5055 κατηγόροις,
1211 4989 1307 5042 καὶ
1330 4986 1492 5057 ἀραῖς
1512 4985 1719 5055 ἐγγρά-

165 5084 271 5137 φοις
303 5076 395 5128 καὶ
440 5077 770 5146 άφορισμοῖς
797 5075 1151 5131 καθυπέϐαλε
1182 5076 1276 5129 καὶ
1306 5077 1363 5128 εί
1385 5092 1472 5139 τις
1510 5075 1596 5144 είη
1624 5094 1718 5129 πι-

166 5165 375 5219 στεύων.
414 5166 534 5235 Ἐιρ’
565 5163 642 5231 οἷς
671 5167 1107 5236 παροξυνθέντες
1138 5170 1361 5231 ἐκεῖνοι,
1393 5169 1488 5221 καὶ
1510 5168 1627 5238 ἅμα
1658 5170 1718 5222 τὸ

165 5251 351 5327 θάρρος
375 5242 592 5326 ἔχοντες
618 5258 682 5311 ἐκ
710 5258 811 5327 τῆς
856 5258 1139 5329 ἀληθείας,
1183 5258 1619 5330 συνεληλύθεσαν
1652 5258 1717 5312 ἐκ

165 5346 513 5418 συνθήματος,
540 5351 628 5419 ἐφ’
656 5341 827 5420 οὗπερ
855 5349 976 5411 ἔθος
992 5345 1061 5421 ἦν
1092 5350 1368 5413 κάκείνοις
1394 5350 1483 5403 άεὶ
1508 5352 1718 5403 συνιόν-

165 5452 253 5501 τας
279 5442 545 5494 ποιεῖσθαι
580 5443 649 5495 τά
678 5443 848 5495 τοιαδὶ
886 5442 995 5497 τῶν
1031 5445 1389 5515 σκεμμάτων.
1422 5444 1531 5497 Καὶ
1550 5444 1717 5513 τόμος

168 5522 420 5588 ἐκτίθεται
472 5537 594 5599 ταῖς
623 5537 880 5590 ἁπάντων
911 5535 1150 5591 ἐκείνων
1175 5537 1504 5609 μαρτυρίαις
1535 5555 1715 5591 συνει-

166 5619 443 5693 λημμένος,
467 5627 536 5682 τά
569 5645 628 5681 τε
661 5627 793 5682 ἄλλα
826 5629 1003 5697 δηλῶν
1032 5634 1127 5685 καὶ
1155 5631 1236 5685 ὃτι
1261 5632 1323 5684 οὐ
1364 5631 1471 5685 τῶν
1496 5633 1603 5685 ἀπὸ
1627 5631 1717 5685 τί·

168 5724 255 5779 χης
285 5712 376 5765 καί.
402 5715 510 5767 τῶν
536 5715 596 5781 ἐξ
626 5717 938 5785 αὐτομάτου
968 5718 1309 5787 συμπίπτειν
1332 5719 1636 5785 δοκούντων
1654 5720 1715 5773 ἐν

170 5815 214 5849 τι
259 5805 349 5857 καὶ
375 5806 436 5859 τὸ
465 5805 559 5861 νῦν
593 5811 984 5878 πεπραγμένον
1015 5810 1284 5882 ὑπῆρχεν,
1318 5811 1406 5865 ἵνα
1457 5815 1549 5865 καὶ
1583 5815 1711 5883 σιγῇ

169 5887 395 5961 ὂῶωκὼς
422 5914 505 5964 τις
535 5899 803 5971 ἀθόρυϐον
838 5907 941 5975 σχῇ
967 5904 1206 5968 συνειδὸς
1237 5909 1325 5958 καὶ
1363 5907 1588 5978 μηδαμῆ
1616 5911 1713 5978 τὴν

1542 6135 1578 6165 /

1821 4709 2042 4778 quidem
2072 4708 2286 4762 amicus
2320 4722 2491 4762 verus
2520 4716 2639 4761 erat
2667 4708 2841 4761 multo
2866 4724 2931 4762 ex
2968 4717 3213 4778 tempore
3233 4710 3406 4764 Calli-

1821 4810 1958 4862 stus,
2000 4814 2178 4868 neque
2212 4814 2360 4852 nunc
2420 4799 2736 4870 patriarcha
2790 4799 2966 4854 factus
3009 4805 3130 4872 ejus
3163 4803 3406 4859 amicitia

1821 4889 2122 4954 abstinuit;
2155 4889 2249 4944 sed
2313 4906 2418 4944 una
2485 4891 2598 4944 fere
2631 4898 2752 4944 erat
2807 4892 2861 4944 in
2905 4901 3138 4961 utroque
3197 4894 3401 4949 anima.

1820 4982 2191 5048 Quamobrem
2245 4983 2414 5035 ctiam
2484 4982 2828 5037 irascebatur
2878 4984 3295 5039 accusatoribus
3348 4994 3406 5041 et

1821 5075 1955 5131 diris
1975 5076 2532 5145 imprecaudisatque
2560 5074 3114 5132 condemuatiouihus
3145 5079 3402 5150 subjecit.

1818 5180 1873 5224 et
1900 5169 1943 5222 si
1968 5167 2093 5238 quis
2133 5167 2294 5222 tidem
2322 5168 2551 5222 haberet
2599 5167 2687 5234 iis,
2714 5168 2782 5223 de
2814 5168 3018 5238 quibus
3049 5171 3193 5225 inter
3226 5170 3410 5225 irrita-

1822 5269 1906 5314 tos
1941 5258 2065 5313 illos
2109 5266 2165 5312 et
2207 5259 2373 5313 simul
2429 5274 2494 5312 ex
2562 5260 2792 5314 veritate
2844 5262 3087 5315 animum
3141 5262 3410 5317 habentes

1819 5352 2076 5405 convenit
2102 5367 2167 5407 ex
2223 5353 2553 5419 composito.
2581 5351 2703 5417 Quo
2764 5360 3009 5423 tempore
3068 5352 3234 5406 etiam
3291 5367 3413 5408 mos

1818 5455 1939 5501 erat
1964 5445 2092 5514 illis,
2125 5461 2344 5516 semper
2382 5446 2785 5502 convenientes
2813 5446 2992 5501 facere
3042 5446 3176 5501 tales
3200 5445 3414 5517 disqui-

1818 5539 2072 5605 sitiones,
2103 5548 2157 5594 et
2213 5549 2399 5595 tomus
2451 5539 2747 5610 exponitur
2794 5540 2861 5595 de
2915 5540 3161 5594 omnium
3191 5540 3408 5596 illorum

1820 5632 2152 5687 testimoniis
2174 5644 2501 5704 conceptus,
2533 5633 2587 5688 in
2620 5634 2839 5701 caneris
2895 5634 3063 5689 etiam
3124 5633 3409 5704 aperiens,

1819 5740 1925 5778 non
1955 5739 2020 5778 ex
2048 5724 2115 5778 iis
2140 5741 2261 5794 quae
2290 5724 2522 5779 fortuito
2551 5736 2607 5779 et
2649 5735 2845 5796 sponte
2875 5726 3127 5780 accidere
3154 5724 3412 5781 videntur

1820 5830 1988 5868 unum
2016 5814 2276 5885 quiddam
2300 5829 2448 5868 nunc
2473 5829 2694 5884 quoque
2730 5828 2852 5867 eSse
2876 5811 3080 5868 factum
3105 5832 3118 5877 ;
3158 5822 3218 5866 ut
3242 5813 3410 5867 etiam

1819 5906 2043 5961 silentio
2084 5906 2313 5974 largitus
2362 5904 2565 5974 aliquis
2622 5905 2919 5975 tranquilla
2971 5915 3221 5959 uteretur
3274 5921 3411 5957 eun--
