3966 6564
511 374 612 436 231

1714 354 2131 434 NICEPHORI
2171 372 2556 435 eaeaeae
2902 417 2913 427 .
3659 369 3749 448 επ

526 486 662 540 etad
697 501 756 541 se
793 485 1018 540 trahens
1060 484 1319 557 privatim
1373 484 1774 555 imperatorem
1843 486 2095 548 Latinus,

2208 485 2318 538 ὅὼν
2347 486 2452 556 ίδὶᾳ
2479 489 2570 541 τὸν
2619 487 2844 566 βασιλέα
2899 490 2926 542 ὁ
2964 489 3192 551 Λατῖνος
3220 487 3390 542 πολλὰ
3423 489 3522 558 μὲν
3550 491 3751 550 ἀκούειν

515 581 688 633 multa
713 578 935 648 quidem
959 578 1093 632 dicit
1117 593 1175 632 se
1200 579 1513 648 loquentem
1535 577 1755 632 audisse
1791 578 2089 636 Palamam,

515 671 612 725 sed
646 681 853 725 temere
881 680 935 724 ct
966 669 1130 724 modo
1155 669 1283 735 hoc,
1315 669 1480 723 modo
1501 669 1633 722 illud
1666 678 1721 722 et
1754 669 1947 724 eadem
1976 667 2091 722 lucc

515 761 762 831 undique
791 761 1087 829 compilata
1122 770 1177 814 et
1201 777 1459 826 corrasa;
1496 771 1553 814 ut
1577 760 1862 814 videamur
1897 759 2094 816 incerti

514 867 656 914 esse,
687 863 871 904 utrum
903 853 1170 922 qualitate
1217 852 1437 914 horum,
1471 868 1537 904 an
1572 852 1878 920 quantitate
1919 852 2093 921 magis

515 944 580 997 ad
634 944 1049 1012 perversitatem
1084 945 1335 998 stimulos
1383 943 1868 1009 addat.-Quzesivit
1908 952 2092 998 autem

514 1036 873 1090 nihilominus
902 1037 1118 1090 Palama
1151 1037 1466 1105 disputante
1490 1037 1654 1091 etiam
1688 1053 1925 1097 mecum,
1962 1052 2094 1092 num

515 1128 632 1197 ipse
687 1137 874 1183 tacens
924 1128 1102 1183 factus
1149 1144 1326 1183 essem
1383 1129 1624 1184 auditor.
1686 1129 1868 1194 Quare
1926 1130 2092 1184 etiam

517 1221 782 1289 postridie
841 1237 1046 1276 vocans
1073 1238 1100 1276 a
1136 1239 1261 1293 rege
1288 1223 1439 1277 venit
1491 1211 1664 1278 etme
1720 1239 1889 1277 unum
1936 1237 1966 1277 e
2011 1223 2096 1294 jac

517 1316 798 1369 ctantibus
851 1317 1190 1370 nobilitatem
1244 1317 1460 1384 generis
1518 1332 1749 1385 magnus
1817 1317 2093 1388 logotheta

516 1419 572 1461 et
616 1407 708 1461 vix
763 1423 849 1462 me
903 1408 1037 1462 dicit
1091 1410 1376 1462 consuetis
1412 1410 1610 1478 capitis
1669 1409 1878 1463 morbis
1932 1425 2092 1479 pror-

515 1513 609 1553 sus
668 1513 787 1552 esse
839 1498 1154 1553 liberatum.
1189 1500 1254 1552 Et
1307 1510 1596 1569 postquam
1663 1502 1914 1571 decipere
1967 1517 2092 1556 eum

515 1607 626 1645 non
655 1592 764 1662 jam
799 1591 1019 1654 licebat,
1055 1609 1290 1662 surgens
1343 1592 1474 1645 abii.
1518 1593 1686 1663 Cujus
1738 1593 1814 1646 rei
1865 1593 2091 1660 gratiam

517 1684 745 1738 minime
801 1685 1049 1738 omnium
1095 1702 1275 1754 neque
1336 1687 1546 1740 sciebat
1579 1703 1756 1756 neque
1805 1703 1995 1741 revera
2037 1700 2096 1740 ut.

516 1779 658 1832 scire
685 1780 924 1835 disceret
955 1795 1178 1850 Operam
1207 1781 1396 1837 dabat.
1433 1783 1772 1852 Praeceperat
1801 1784 1949 1838 enim
1990 1784 2094 1840 lle-

517 1874 637 1926 lena
672 1873 1020 1942 imperatrix,
1048 1890 1116 1928 ne
1139 1889 1169 1928 a
1195 1889 1282 1927 me
1306 1885 1432 1929 ante
1459 1883 1890 1946 cognosceretur
1905 1891 2091 1942 causa,

517 1982 616 2018 cur
649 1967 701 2018 in
752 1967 840 2036 jus
871 1975 1183 2028 vocaretur.
1240 1982 1308 2022 ne
1359 1984 1484 2022 cum
1533 1970 1716 2022 studio
1764 1980 2093 2026 maturarem

517 2059 810 2113 adventum
843 2070 900 2114 et
924 2059 1171 2129 quadam
1199 2059 1493 2116 celebritas
1523 2061 1678 2117 ﬁeret
1709 2065 2096 2119 ostentationis

516 2154 876 2211 Palamiticaa.
908 2153 1042 2208 Nam
1078 2170 1239 2224 quam
1271 2156 1341 2210 ob
1379 2171 1599 2211 causam
1624 2171 1723 2210 suo
1755 2156 1917 2228 265
1957 2159 2097 2226 patri

517 2246 923 2310 Cantacuzeno,
953 2246 1118 2301 enixe
1168 2247 1248 2302 sic
1294 2249 1462 2303 etiam
1495 2249 1747 2303 Palamas
1775 2250 2014 2303 instabat
2043 2259 2098 2304 ct

519 2339 913 2394 adversabatur
978 2340 1309 2411 plerumque
1372 2343 1624 2413 conjugis
1694 2346 1982 2398 sententia:
2040 2345 2096 2399 in

518 2433 780 2487 omnibus
812 2434 1000 2500 rebus,
1035 2433 1100 2487 ad
1147 2451 1286 2504 quas
1323 2437 1477 2490 illum
1525 2451 1625 2491 sna
1675 2436 1846 2491 trahit
1885 2437 2096 2507 religio.

517 2525 705 2594 Nuper
755 2535 940 2580 autem
963 2527 1159 2592 ,aulam
1213 2530 1417 2598 regiam
1465 2529 1693 2583 intranti
1749 2528 1882 2582 mihi
1929 2530 2098 2582 etiam

518 2617 792 2671 Palamam
828 2618 902 2671 ibi
948 2619 1016 2673 ad
1053 2619 1461 2688 disputationes
1489 2619 1868 2673 instituendas
1913 2619 2100 2672 consi-

517 2709 737 2764 dentem
769 2710 970 2766 licebat
1003 2713 1214 2768 videre.
1247 2713 1338 2768 Sic
1365 2722 1544 2767 autem
1580 2713 1710 2766 mihi
1739 2712 1918 2781 capite
1951 2713 2102 2766 labo-

519 2801 664 2853 ranti
698 2801 863 2854 etiam
892 2812 948 2856 et
989 2818 1115 2857 cum
1165 2813 1272 2856 tam
1322 2804 1605 2872 inopinato
1639 2804 1959 2873 impeditum
2013 2821 2099 2860 me

519 2895 825 2962 certamine
877 2894 1146 2961 viderem,
1203 2897 1440 2966 primum
1491 2896 1713 2964 quidem
1777 2897 1957 2951 visum
2013 2907 2100 2952 est

519 2987 694 3040 satius
727 3001 848 3041 esse
895 2987 1120 3042 domum
1165 2989 1373 3043 tamdiu
1435 2990 1640 3055 redire,
1671 2991 1848 3046 donec
1885 3006 2096 3046 mecum

518 3089 738 3148 paratas
796 3080 918 3134 illas
971 3071 1104 3134 mihi
1159 3082 1544 3137 accusationes
1596 3094 1960 3153 reputassem.
2015 3083 2096 3139 Ne

2196 576 2301 647 ἔφη
2356 576 2609 644 λέγοντος
2644 579 2902 647 Παλαμᾶ,
2959 578 3136 648 μάτην
3183 577 3226 629 δ’
3288 573 3380 630 οὖν
3411 579 3502 632 καὶ
3549 581 3751 638 ἄλλοθεν

2195 670 2330 722 ἄλλα
2368 671 2808 740 συμπεφυρμένα
2841 688 2898 724 τε
2941 673 3038 724 καὶ
3080 670 3503 740 παρευρημένα,
3538 672 3610 736 ὡς
3632 676 3751 728 ἀπο·

2198 765 2309 831 ρεῖν
2339 764 2371 830 ἠ
2383 764 2486 832 μᾶς
2513 762 2910 831 ἀποφαίνεσθαι
2950 763 3177 833 πότερον
3203 767 3268 834 τῇ
3300 766 3548 834 ποιότητι
3571 766 3752 820 τούτων

2195 856 2228 924 ἢ
2262 858 2326 924 τῇ
2361 856 2618 925 ποσότητι
2651 855 2766 926 δοίη
2798 873 2882 918 τις
2909 856 2976 910 ἂν
3009 856 3070 909 τὸ
3099 857 3237 928 πρὸς
3268 856 3463 910 κακίαν
3494 858 3749 926 τρόπαιον.

2209 945 2474 1016 Ἑξήτησε
2503 945 2548 1001 δ’
2579 946 2671 1000 οὖν
2703 948 2854 1016 ὅμως
2883 946 2974 1000 τοῦ
2999 948 3240 1014 Παλαμᾶ
3264 947 3643 1019 διαλεγομένου
3676 955 3753 1004 καὶ

2197 1042 2337 1112 πρὸς
2381 1042 2480 1112 ἐμὲ
2516 1042 2686 1110 σιγῶν
2721 1043 2882 1103 αὐτὸς
2931 1042 3184 1109 γενέσθαι
3235 1044 3532 1114 ἀκροατής.
3562 1043 3648 1096 Διὸ
3676 1048 3754 1097 καὶ

2197 1134 2264 1200 τῇ
2295 1131 2561 1202 ὑστεραίᾳ
2611 1131 2795 1185 καλῶν
2823 1134 2889 1185 ἐκ
2921 1131 3183 1200 βασιλέως
3204 1134 3330 1203 ἥκει
3358 1133 3502 1200 κάμὲ
3529 1133 3634 1186 τῶν
3679 1135 3754 1187 ἐπ’

2198 1225 2447 1297 εὐγενείᾳ
2472 1226 2891 1295 σεμνυνομένων
2920 1227 2948 1278 ὀ
2980 1226 3152 1296 μέγας
3181 1225 3490 1295 λογοθέτης,
3517 1225 3640 1296 ἄρτι
3663 1231 3755 1280 τῶν

2197 1317 2467 1370 εἰωθότων
2519 1317 2618 1387 τῆς
2655 1317 2898 1386 κεφαλῆς
2930 1318 3258 1386 νοσημάτων
3311 1317 3372 1369 οὐ
3409 1316 3608 1376 τελέως
3647 1317 3752 1385 μὲν,

2197 1412 2622 1483 ἀπηλλαγμένον
2667 1412 2712 1464 δ’
2738 1409 2851 1466 οὖν.
2887 1411 3138 1482 Κὰπειδὴ
3175 1410 3620 1483 παρακρούεσθαι
3669 1413 3754 1464 οὑκ

2197 1507 2610 1574 ὲνῆν.άναστὰς
2663 1505 2887 1576 ἀπῄειν,
2924 1506 3046 1558 ὅτου
3110 1507 3272 1574 χάριν
3322 1504 3525 1574 ἥκιστα
3555 1504 3752 1555 πάντων

2197 1595 2480 1662 οὖτέἰδὼς
2511 1595 2635 1651 οὔτε
2671 1596 2777 1669 μὴν
2807 1597 3340 1667 πολυπραγμονήσας
3363 1596 3573 1665 μαθεῖν.
3603 1596 3752 1664 Προσ-

2199 1693 2444 1761 ετετάχει
2505 1691 2612 1761 γὰρ
2668 1693 2700 1762 ἡ
2754 1690 2967 1776 βασιλὶς
3005 1691 3193 1760 Ἑλένη
3272 1691 3348 1758 μὴ
3398 1686 3754 1755 προεγνᾶηθαί

2203 1801 2292 1853 μοι
2345 1785 2405 1836 τὸ
2462 1787 2558 1853 τῆς
2609 1783 3001 1852 προσκλήσεως
3060 1781 3256 1845 αἴτιον,
3289 1781 3377 1834 ἵνα
3424 1781 3500 1849 μὴ
3531 1779 3624 1831 σὺν
3672 1796 3754 1846 με·

2201 1876 2333 1947 λέτῃ
2369 1874 2550 1947 δρῴην
2575 1875 2673 1945 τὴν
2714 1875 2902 1944 ἄφιξιν
2942 1876 3034 1928 καί
3060 1891 3150 1937 τις
3185 1873 3649 1941 παρευδοκίμησις
3680 1869 3755 1938 γέ-

2199 1987 2359 2040 νηται
2401 1971 2502 2040 τῆς
2547 1969 2642 2023 τοῦ
2687 1968 2923 2038 Παλαμᾶ
2982 1966 3317 2032 ἐπιδείξεως.
3373 1964 3477 2018 Διά
3520 1965 3625 2032 γὰρ
3678 1961 3754 2015 τὸν

2198 2062 2400 2134 ἑαυτῆς
2453 2063 2671 2130 πατέρα
2725 2055 3182 2128 Καντακουζηνδν
3215 2057 3336 2110 λίαν
3381 2057 3479 2109 καὶ
3532 2054 3664 2124 αὕτη
3689 2053 3756 2125 τῷ

2199 2152 2436 2224 Παλαμᾷ
2463 2150 2806 2222 προσέκειτο,
2841 2149 2939 2203 καὶ⁵
2989 2148 3360 2217 ἀντέπραττεν
3389 2147 3465 2208 ὡς
3506 2148 3571 2199 τὰ
3601 2146 3750 2199 πολλὰ

2199 2249 2263 2316 τῇ
2292 2244 2385 2297 τοῦ
2419 2244 2654 2312 συζύγου
2687 2245 2883 2314 γνώμῃ
2930 2242 3068 2311 πρὸς
3100 2241 3200 2294 ὅσα
3229 2241 3296 2311 τῇ
3333 2240 3606 2310 θρησκεέᾳ
3647 2256 3754 2290 συν-

2197 2339 2384 2392 τείνει.
2424 2338 2586 2406 ’Δρτι
2620 2353 2684 2404 γε
2721 2336 2830 2405 μὴν
2873 2334 2972 2405 τὴν
3014 2333 3286 2406 βασίλειον
3338 2333 3513 2403 αὐλὴν
3561 2331 3754 2384 εἰσιόντι

2203 2450 2294 2501 μοι
2329 2431 2424 2485 καὶ
2455 2431 2727 2499 Παλαμᾶν
2752 2430 2867 2481 ἐκεῖ
2894 2427 3032 2496 πρὸς
3062 2427 3326 2494 διαλέξεις
3371 2425 3596 2494 ἔφεδρον
3634 2422 3753 2475 sim

2189 2525 2395 2594 μαθεῖν
2428 2523 2728 2590 ἐξεγένετο.
2762 2521 2922 2576 Οὕτω
2949 2520 2994 2573 δ’
3029 2520 3208 2590 ἔχοντί
3242 2537 3334 2588 μοι
3368 2519 3479 2571 τῶν
3517 2520 3578 2570 ἐκ
3604 2535 3752 2584 κεφα-

2199 2616 2298 2685 λῆς
2330 2616 2640 2688 ἀλγηδόνων
2683 2615 2796 2681 ἔτι,
2826 2617 2921 2668 καὶ
2965 2613 3029 2687 [ι.
3059 2614 3156 2670 151
3193 2611 3266 2683 υ.]
3301 2611 3478 2674 οὕτως
3515 2609 3755 2680 ἀπροσδο-

2200 2713 2382 2780 κήτως
2414 2708 2867 2779 ὲμπεπηδηκότος
2909 2725 3001 2777 μοι
3032 2706 3126 2760 τοῦ
3163 2707 3396 2774 ἀγῶνος,
3426 2705 3645 2774 πρῶτον
3672 2702 3754 2770 μὲν

2199 2803 2348 2869 ἔδοξε
2381 2803 2591 2874 βέλτιον
2617 2801 2803 2855 οἴκαδε
2835 2801 2973 2862 τέως
3006 2800 3292 2854 ἐπανιέναι
3327 2815 3415 2868 με,
3459 2798 3631 2865 μικρὰ
3661 2794 3753 2844 τῶν

2203 2895 2680 2968 μεμηχανημένων
2714 2894 3106 2966 προσκλήσεων
3131 2891 3356 2946 ἐκείνων
3387 2889 3748 2961 ςρροντίσαντι⁸

2199 2988 2287 3042 ἵνα
2318 2989 2362 3041 δ’
2393 2982 2488 3041 οὖν
2530 2985 2606 3057 μὴ
2636 2985 2839 3049 δειλίας
2889 2983 3150 3038 ὑπόνοιαν
3193 2986 3309 3045 τοῖς
3352 2981 3750 3050 φιλοσκώμμοσι

2198 3081 2401 3152 δῶμεν,
2428 3077 2828 3150 ἑπερρώσαμέν
2859 3095 2920 3131 τε
2944 3071 3100 3140 αὖθις
3125 3075 3218 3128 τὸν
3244 3073 3512 3143 λογισμὸν
3535 3076 3623 3126 καὶ
3650 3072 3753 3122 ἁνε-

519 3171 685 3240 igitur
721 3173 949 3243 ignaviae
979 3173 1352 3243 suspicionem
1399 3174 1541 3245 apud
1575 3175 1828 3231 homines
1873 3175 2094 3231 dicaces

2199 3177 2434 3245 λάὸομεν
2460 3173 2714 3238 ἑαυτοὺς,
2747 3171 2866 3241 Θεῷ
2889 3171 2953 3224 τὸ
2989 3171 3095 3224 πᾶν
3120 3169 3540 3239 ἐπιτρέψαντες.

518 3265 856 3331 subiremus,
890 3266 1346 3323 conﬁrmavimus
1379 3285 1578 3324 rursus
1621 3270 1954 3324 sententiam
1987 3283 2090 3323 no-

424 3428 430 3433 _
517 3366 687 3411 stram
723 3368 776 3410 ct
813 3360 1125 3428 recepimus
1157 3361 1268 3416 Deo
1299 3377 1402 3418 nos
1437 3363 1622 3418 omnia
1657 3363 2090 3418 committentes.

590 3448 783 3503 XXIX.
811 3453 988 3521 Atque
1036 3453 1111 3506 ita
1147 3453 1214 3507 ad
1244 3454 1426 3524 ipsum
1452 3455 1843 3525 imperatorem
1870 3458 2096 3512 accede-

518 3540 667 3607 bam,
686 3560 845 3612 quiem
872 3561 996 3598 cum
1017 3547 1382 3613 praesentibus
1403 3548 1686 3602 nobilibus
1703 3549 1836 3603 viris
1857 3558 1912 3605 et
1931 3550 2096 3606 simul

519 3649 644 3688 cum
698 3635 903 3689 Helena
938 3637 1124 3706 regina
1171 3638 1513 3694 oﬂ'cndebam
1555 3641 1979 3711 colloquentem,
2011 3661 2098 3700 se-

519 3734 685 3780 cutus
707 3727 1029 3782 certaminis
1059 3732 1424 3786 temeritatem
1446 3733 1536 3788 .Et
1562 3750 1684 3803 qua:
1717 3735 1788 3788 ibi
1819 3735 2094 3806 disputata

521 3828 836 3888 suntquam
863 3821 1033 3875 multa
1057 3831 1108 3877 et
1131 3824 1312 3892 qualia
1338 3833 1395 3879 et
1420 3826 1698 3894 quomodo
1725 3836 1940 3898 tempus
1967 3829 2097 3884 talia

520 3909 979 3978 suppeditaverit,
1013 3915 1316 3969 narrabunt
1341 3931 1405 3970 ea
1437 3932 1559 3985 quae
1593 3929 1923 3988 sequuntur.
1961 3917 2094 3973 Per-

521 4003 785 4072 scriptum
817 4015 903 4059 est
934 4007 1078 4060 enim
1107 4021 1136 4060 a
1167 4023 1254 4062 me
1286 4008 1389 4064 hoc
1414 4011 1548 4063 satis
1575 4011 1724 4064 tenui
1757 4012 1920 4082 stylo.
1961 4009 2100 4064 Tra-

519 4094 698 4150 ditum
731 4108 814 4152 est
841 4110 1026 4154 autem
1057 4101 1126 4156 ab
1158 4103 1333 4157 altero
1385 4105 1625 4174 quodam
1650 4122 1842 4160 eorum
1890 4106 1984 4176 qui
2023 4105 2098 4160 ibi

520 4191 808 4246 adfuerant
851 4195 944 4264 qui
991 4194 1350 4268 interroganti
1385 4196 1606 4254 cuidam
1641 4200 1951 4269 respondit.
1989 4200 2100 4256 Res

520 4297 654 4337 vero
681 4284 764 4340 sic
795 4302 852 4340 se
887 4287 1079 4343 habet.

2273 3465 2404 3522 KO'.
2441 3467 2546 3522 Καὶ
2589 3464 2762 3528 οὕτως
2826 3465 2906 3527 είς
2941 3464 3107 3516 αὑτὸν
3136 3462 3337 3533 είσῄειν
3366 3461 3592 3531 βασιλέα
3622 3462 3748 3531 τῇτε

2201 3561 2309 3616 τῶν
2330 3558 2568 3629 εὐγενῶν
2602 3557 2831 3611 συνόντα
2865 3557 3144 3625 παρουσία
3173 3558 3268 3609 καὶ
3305 3557 3427 3625 ἅμα
3475 3555 3573 3628 τῆς
3616 3554 3749 3624 βασι·

2203 3655 2346 3718 λίδος
2389 3653 2628 3723 Ἑλένης,
2677 3651 2756 3722 τῷ
2788 3650 2886 3704 τοῦ
2934 3649 3244 3719 συμϐάντος
3291 3650 3488 3721 σχεδίῳ
3530 3667 3751 3722 παρηκο-

2202 3746 2505 3818 λουθηκώς.
2536 3745 2618 3800 Τά
2664 3761 2728 3813 γε
2776 3744 2884 3815 μὴν
2922 3744 3036 3796 ἐκεῖ
3075 3743 3411 3814 λαληθέντα,
3465 3745 3632 3797 ὁπόσα
3671 3743 3751 3795 καὶ

2203 3838 2312 3908 οἶα,
2344 3844 2437 3896 καὶ
2471 3843 2621 3905 ὅπως
2669 3841 2697 3892 ό
2729 3837 2921 3909 καιρὸς
2968 3836 3249 3906 ἐσχεδίασε
3301 3840 3370 3891 τὰ
3401 3837 3641 3897 τοιαῦτα,
3674 3836 3753 3907 δηο

2203 3934 2363 3988 λώσει
2394 3934 2461 3986 τὰ
2516 3933 2733 4001 ἑφεξῆς.
2781 3933 3100 4002 Γέγραπται
3159 3930 3261 4002 μὲν
3311 3931 3422 4001 γάρ
3479 3949 3567 4000 μοι
3617 3931 3751 3982 ταυτὶ

2198 4026 2501 4097 λεπτοτέρα
2533 4027 2640 4077 τινὶ
2669 4024 2944 4093 διηγήσει,
2982 4022 3260 4076 ἐκδέδοται
3294 4021 3340 4074 δ’
3373 4021 3450 4085 ὡς
3493 4022 3550 4088 ἐξ
3582 4021 3749 4088 ἐτέρου

2197 4121 2306 4172 τῶν
2351 4121 2466 4172 ἐκεῖ
2512 4118 2802 4188 παρόντων
2851 4117 3004 4179 ἐνὸς,
3047 4117 3183 4185 πρὸς
3237 4115 3596 4185 ἐρωτήσαντα
3647 4127 3750 4165 τινα

2197 4206 2357 4277 δῆθεν
2384 4204 2698 4270 διεξιόντος.
2735 4205 2892 4278 Ἔχει
2924 4205 2982 4258 δὲ
3016 4205 3275 4262 οὑτωσίν.

1661 4967 2660 5009 WAG-00a—
