3966 6584
199 418 293 484 233

1140 386 1588 470 ΒΥΖΛΝἸῚΝΕ
1628 403 2017 467 HISTORIA;
2055 402 2197 463 LIB.
2239 400 2430 464 xxx.
3329 396 3440 460 234

208 593 3424 637 MM”...—

573 777 1575 913 ΝΙΚΗΦΟΡΟΥ
1734 772 2086 907 ΤΟΥ
2245 759 3035 900 ΓΡΗΓΟΡΑ

704 1092 707 1097 ·
806 1026 1620 1147 ΡΩΜΑΙΚΗΣ
1693 1022 2023 1141 ΜΕΝ
2102 1014 2808 1133 ΙΣΤΟΡΙΑΣ

1525 1250 1893 1339 ΛΟΓΟΣ
1966 1243 2095 1371 A',

1352 1428 1934 1486 ΔΟΓΜΔΤΙΚΟΣ
2008 1431 2105 1484 ΔΕ
2177 1432 2257 1485 A'.

197 1573 462 1646 Μοναχοῦ
493 1578 842 1669 Νικηφόρον
870 1576 977 1632 τοῦ
1006 1576 1287 1649 Γρηγορᾶ
1305 1578 1590 1649 διήγησις
1622 1578 1755 1648 περὶ
1791 1575 1917 1648 ὶτῆς
1948 1575 2281 1643 διαλέξεως
2331 1575 2412 1645 ’ἣν
2440 1573 2774 1643 ἐποιήσατο
2824 1571 2976 1641 πρὸς
3012 1570 3122 1625 τὸν
3148 1566 3442 1669 Παλαμᾶν

256 1672 496 1726 ἐνώπιον
549 1673 657 1729 τοῦ
696 1664 1008 1741 ,ϐἀσιλέως
1058 1692 1194 1744 κυρ.
1252 1675 1366 1730 ’1ω.
1414 1675 1522 1730 τοῦ
1577 1673 2021 1743 Παλαιολότου.
2049 1673 2369 1743 Είσάγεται
2416 1670 2486 1726 δὲ
2535 1672 2574 1740 ἠ
2632 1670 2916 1740 διήγησις
2972 1670 3054 1732 ὡς
3109 1667 3179 1733 ἐξ
3230 1664 3439 1734 ἐτέρου

255 1766 603 1835 προσώπου.

746 2077 1791 2237 NICEPHORI
1903 2073 2874 2235 GREGORZE

980 2364 1860 2494 ΒΥΖΑΝΤΙΝᾹΞ
1940 2373 2670 2491 HISTORUE

1209 2618 1569 2708 LIBER
1652 2617 2422 2746 TBICESIMUS,

1070 2814 1812 2878 DOGMATICORUM
1876 2815 2117 2879 VERO
2178 2817 2569 2905 ramus.

199 2969 481 3035 Monachi
517 2970 868 3049 Nicephori
900 2968 1202 3048 Gregom
1231 2968 1524 3028 narratio
1558 2965 1634 3027 de
1698 2964 2012 3045 colloquio
2059 2965 2229 3046 quod
2285 2985 2423 3028 cum
2471 2967 2735 3030 PaIama
2792 2986 3000 3030 coram
3068 2968 3450 3048 imperatore

458 3060 715 3135 Joanne
740 3070 1096 3150 Palwologo
1139 3070 1386 3133 habuit.
1427 3067 1770 3133 Inducitur
1807 3077 2013 3131 autem
2051 3070 2347 3132 narratio
2379 3078 2675 3152 tanquam
2706 3072 2782 3134 ab
2813 3071 2940 3133 alio
2968 3074 3164 3152 facta.

3342 3279 3368 3309 ο

261 3376 335 3431 A'.
371 3374 534 3435 Ἀλλ’,
561 3368 611 3428 ὦ
644 3373 817 3443 φίλων
845 3372 1038 3445 ἄριστε
1071 3370 1414 3442 ’Δγαθόνικε,
1432 3371 1497 3426 σύ
1519 3389 1610 3443 μοι
1633 3370 1772 3426 πάν·
1795 3411 1808 3435 Α

1944 3369 1988 3427 l.
2024 3367 2161 3443 Age,
2186 3389 2219 3429 ο
2246 3373 2550 3428 amicorum
2578 3375 2787 3443 Optime
2822 3372 3182 3446 Agathonicc,
3221 3386 3275 3431 tu
3312 3395 3455 3434 unus

201 3483 294 3531 τως
329 3467 572 3537 μάλιστα
627 3466 847 3520 πάντων
895 3466 1078 3531 λέγοις
1123 3466 1193 3520 ἂν
1246 3467 1343 3520 καὶ
1380 3467 1617 3537 ἀφηγοῖο
1669 3464 1767 3536 τὴν

201 3560 319 3629 χθὲς
350 3563 440 3613 ἐπὶ
469 3559 570 3614 τοῦ
605 3559 674 3613 τὰ
705 3560 887 3614 πάντα
921 3558 1150 3630 ἀρίστου
1173 3558 1440 3629 βασιλέως
1461 3560 1770 3631 γενομένην

201 3651 420 3718 διάλεξιν
445 3652 716 3724 Γρηγορᾷ
735 3669 796 3705 τε
821 3651 920 3705 καὶ
952 3651 1213 3724 Παλαμᾷ.

265 3746 370 3797 Kal.
407 3745 557 3813 μάλα
588 3762 676 3814 γε,
704 3738 750 3798 ὧ
790 3745 912 3814 φίλε
951 3744 1206 3815 Θεότιμε,
1259 3744 1315 3799 εἴ
1344 3763 1426 3799 σοι
1457 3743 1772 3816 βουλομένῳ

201 3838 285 3892 καὶ
315 3838 495 3909 σχολὴ,
516 3840 754 3909 προσείη
793 3838 855 3891 τὸ
896 3838 1086 3892 ἱκανὸν
1110 3838 1323 3909 οὐδαμῆ
1356 3838 1730 3909 ἀποσειομένη
1755 3856 1769 3870 ο

204 3932 409 4001 ποικίλη
468 3931 587 4001 γὰρ
642 3930 718 3990 ὡς
764 3929 985 4001 ἀληθῶς
1032 3930 1129 3983 καὶ
1157 3932 1327 4001 ἀκοῆς
1361 3931 1592 4002 δεομένη
1629 3931 1774 4002 λαμ-

202 4025 352 4093 πρᾶς,
380 4025 476 4077 καὶ
505 4027 541 4095 ἢ
567 4022 811 4095 ἔρρωται
838 4026 977 4095 πρὸς
1016 4022 1310 4095 θειοτέρων
1354 4024 1650 4094 ἀντίληψιν
1681 4024 1772 4077 ὲν-

202 4117 365 4171 νοιῶν.
393 4117 589 4171 Πάντα
623 4116 724 4187 μὲν
755 4111 848 4171 οὖν
882 4132 965 4169 σοι
1003 4116 1128 4170 καθ’
1158 4114 1216 4170 ἓν
1241 4117 1314 4171 τὰ
1350 4116 1466 4172 ἐκεῖ
1511 4116 1772 4186 λεχθέντα

202 4206 443 4273 διεξιέναι
471 4213 612 4278 icui;
648 4209 749 4280 μὲν
774 4208 842 4263 ἂν
881 4209 1176 4280 δυναίμην,
1214 4208 1348 4267 ἴσως
1372 4208 1418 4262 δ’
1458 4205 1545 4270 οὒ.
1595 4206 1773 4278 λήθης

204 4299 348 4354 ὶνίων
369 4301 808 4374 παραωρέντων
829 4301 1035 4371 βυθοῖς·
1064 4302 1133 4356 τὰ
1156 4299 1202 4353 δ’
1221 4295 1321 4354 οὖν
1346 4298 1773 4372 ἀξιολογώτερα,

205 4393 289 4466 καὶ
312 4386 384 4446 ὧν
414 4411 500 4447 σοι
533 4394 741 4464 μᾶλλον
777 4392 1011 4460 ᾲκοῢσαι
1042 4390 1241 4463 χρεὼν,
1287 4392 1466 4447 ταῦτα
1507 4392 1552 4445 δ’
1579 4389 1673 4444 οὖν
1699 4391 1776 4455 ὡς

205 4480 257 4534 ἐν
288 4484 575 4557 κεφαλαίῳ
612 4484 974 4556 μεμνήσομαι
1011 4501 1119 4540 σοι.

271 4666 343 4724 B’.
380 4669 545 4739 Ἀρτι
581 4667 693 4723 ¹ιςῶν
730 4667 1004 4722 εἰωθότων
1037 4668 1138 4737 τῆς
1155 4665 1406 4737 κεῳαλῆς
1444 4667 1776 4737 νοσημάτων

210 4760 375 4833 βραχύ
405 4780 459 4816 τι
500 4760 869 4829 ἀνενεγκόντα
901 4761 992 4814 τὸν
1040 4760 1330 4831 Γρηγορᾶν
1362 4755 1467 4833 ἧκε
1507 4758 1691 4814 καλῶν
1714 4762 1780 4815 ὲκ

206 4853 461 4924 βασιλέως
494 4855 525 4906 ὁ
588 4853 765 4922 μέγας
802 4852 1098 4922 λογοθέτης
1160 4852 1496 4932 ὁτουδήποτε
1546 4852 1733 4907 εἵνεκα
1761 4869 1776 4885 ο

208 4948 295 4998 καὶ
320 4946 513 5018 ἐπειδὴ
553 4944 1008 5015 παρακρούεσθαι
1032 4945 1132 4998 οὐκ
1164 4944 1313 5014 ἐνῆν,
1347 4944 1588 5007 ἀναστὰς
1635 4943 1781 5017 ἀπῄ-

207 5049 274 5097 ει,
305 5036 400 5087 καὶ
428 5034 552 5104 ἅμα
582 5034 821 5105 εἱπόμην
854 5033 1021 5097 αὐτὸς
1060 5034 1457 5097 ἀκουσόμενος.
1495 5030 1605 5089 Ἦν
1629 5035 1687 5089 δὲ
1718 5036 1781 5089 τὸ

208 5125 303 5193 τῆς
333 5128 487 5195 ὥρας
523 5125 624 5195 ὀψὲ
661 5126 798 5197 μετὰ
829 5125 984 5179 δύσιν
1025 5125 1203 5194 ἡλίου.
1259 5125 1369 5179 Καὶ
1437 5126 1782 5197 προσεληλυ-

215 5212 313 5277 Odi;
340 5219 369 5269 ὁ
399 5216 712 5287 Γρηγορᾶς,
750 5217 845 5270 καὶ
879 5215 978 5287 τὴν
1010 5216 1269 5272 είωθυϊαν
1317 5217 1677 5282 ἀποδεδωκὼς
1707 5219 1786 5290 τῷ

214 5305 419 5372 βασιλεῖ
448 5310 781 5381 πρόσρησιν,
815 5305 936 5363 εἶτα
975 5309 1251 5365 ἐκάθισεν.
1288 5307 1489 5380 Ἔτυχε
1543 5310 1588 5364 δ’
1622 5310 1788 5375 εὐθὺς

212 5399 323 5451 ἐκεῖ
348 5400 443 5452 καὶ
480 5402 510 5453 ὁ
553 5405 820 5475 Παλαμᾶς
862 5400 1177 5464 συνεισιὼν.
1214 5403 1318 5458 οὐκ
1353 5397 1450 5455 οἷδ’
1499 5403 1790 5474 ὁπότερον,

212 5491 317 5557 εἴτε
380 5494 446 5547 ἐκ
515 5495 857 5566 προθεσμίας
897 5497 1070 5552 πάλαι
1126 5495 1517 5566 μελετηθείσης
1556 5497 1786 5567 ἔφεδρος

215 5582 325 5637 ἐκεῖ
357 5602 463 5640 που
498 5587 712 5657 παρὼν,
753 5586 853 5642 εἶτ’
892 5589 1002 5642 ἀπὸ
1039 5588 1233 5659 τύχης,
1294 5588 1370 5650 ὡς
1430 5588 1591 5643 εἴωθε
1628 5589 1781 5658 γίνε-

219 5676 336 5729 σθαι
370 5680 440 5732 τὰ
470 5679 640 5740 πολλὰ
668 5681 775 5733 τῶν
807 5682 864 5733 ὲν
917 5681 1109 5751 κόσμῳ
1160 5680 1528 5751 πραγμάτων.
1572 5684 1669 5747 ’ος
1717 5683 1781 5755 δὴ

220 5770 403 5823 καὶτὰ
452 5774 752 5842 παλαιγενῆ
785 5773 1099 5844 προπετῶς,
1150 5774 1245 5824 καὶ
1302 5773 1401 5826 ὅσα
1452 5773 1625 5845 λήθης
1681 5793 1758 5845 μα

225 5866 352 5928 κρᾶς
380 5864 812 5937 συναπήχθησαν
852 5866 1108 5937 ῥεύμασι,
1150 5863 1381 5935 μηδαμῆ
1412 5869 1477 5938 τῇ
1529 5870 1784 5942 παρούσῃ

542 5962 810 6022 ΡΑτῐιοι..
844 5965 958 6023 Gn.
998 5966 1261 6028 CXLIX.

1873 3464 2117 3521 omnium
2146 3465 2404 3521 facillime
2431 3481 2658 3522 narrare
2687 3476 2743 3522 et
2774 3468 2993 3524 tradere
3027 3470 3205 3537 possis
3236 3470 3452 3526 hester-

1873 3572 2031 3622 num,
2061 3558 2211 3627 quod
2259 3573 2445 3613 coram
2480 3559 2690 3629 optimo
2735 3574 2861 3632 rege
2896 3559 3101 3617 factum
3134 3572 3239 3628 est,
3285 3564 3459 3618 collo.

1874 3650 2065 3719 quium
2097 3647 2356 3716 (ἓτερον-ω
2394 3659 2448 3704 et
2482 3646 2738 3707 Palan-e.

1945 3738 2199 3796 Profecto
2222 3740 2482 3808 libenter,
2521 3743 2697 3798 amice
2721 3738 3032 3809 Theotime,
3070 3745 3116 3801 si
3149 3745 3245 3800 tibi
3280 3749 3457 3817 p'acct

1876 3843 1932 3889 et
1960 3834 2137 3888 otium
2161 3835 2404 3905 suppetit
2429 3836 2729 3891 necessarii
2760 3837 2899 3892 nihil
2925 3852 3212 3908 respuens.
3232 3839 3454 3894 Varium

1876 3925 2027 3982 enim
2076 3925 2327 3996 preteeto
2375 3926 2510 3980 illud
2578 3937 2665 3982 est
2717 3938 2774 3982 et
2827 3928 3196 3984 attentionem
3224 3930 3460 4000 requirit

1878 4018 2177 4089 egregiam,
2209 4018 2356 4087 quod
2396 4026 2455 4073 et
2492 4019 2668 4073 valeat
2712 4019 2781 4073 ad
2834 4021 3224 4090 concipiendas
3271 4023 3459 4077 animo

1878 4110 2243 4181 cogitationes
2292 4098 2528 4166 divinas.
2553 4110 2749 4166 Omnia
2796 4111 2963 4181 igitur
3000 4112 3097 4166 tibi
3125 4114 3360 4183 singula,
3393 4116 3461 4169 de

1877 4204 2079 4276 quibus
2100 4202 2175 4258 ibi
2194 4212 2375 4258 actum
2394 4211 2498 4268 est,
2519 4203 2774 4274 persequi
2810 4204 2956 4258 haud
2986 4205 3102 4259 scio
3135 4221 3203 4259 an
3229 4208 3459 4276 possim,

1878 4309 2003 4348 cum
2045 4293 2342 4349 oblivionis
2397 4293 2660 4348 barathro
2706 4293 2956 4363 quaedam
3009 4295 3264 4351 demersa
3327 4298 3460 4352 sint.

1882 4387 2013 4453 Quae
2051 4397 2232 4441 autem
2268 4396 2580 4441 memoratu
2621 4387 2871 4457 digniora
2898 4397 3028 4442 sunt
3055 4398 3112 4443 et
3142 4404 3265 4458 qua:
3297 4391 3466 4460 potis-

1880 4479 2080 4535 simum
2123 4479 2315 4534 audias
2362 4492 2590 4533 necesse
2627 4486 2730 4543 est,
2775 4493 2842 4534 ea
2886 4480 3051 4551 igitur
3102 4480 3342 4537 breviter
3410 4492 3465 4538 ct

1880 4572 2197 4627 summatim
2250 4571 2349 4627 tibi
2392 4570 2859 4627 commemorabo.

1958 4665 2229 4737 26711.
2284 4664 2559 4736 Gregoras
2627 4679 2751 4719 cum
2824 4666 2990 4721 modo
3049 4682 3115 4720 cx
3179 4668 3468 4723 consuetis

1888 4755 2088 4824 capitis
2148 4753 2438 4808 doloribus
2494 4754 2641 4810 vires
2706 4770 3002 4826 parumper
3038 4757 3468 4823 rcfccissct,in—

1893 4848 2164 4903 vitaturus
2216 4861 2342 4917 eum
2373 4847 2443 4902 ab
2478 4847 2812 4918 imperatore
2855 4850 3054 4905 missus
3092 4860 3176 4906 est
3236 4868 3468 4923 magnus

1889 4939 2167 5010 logotheta
2216 4954 2546 5010 quacunque
2599 4939 2667 4995 de
2707 4954 2870 4994 causa
2916 4957 2930 4994 :
2981 4942 3129 5010 quod
3188 4958 3311 4998 cum
3372 4960 3471 5000 ex-

1892 5046 2089 5086 cusare
2151 5045 2263 5085 non
2318 5041 2538 5100 posset,
2572 5046 2872 5101 assurgens
2929 5032 3065 5088 abiit
3135 5042 3192 5088 et
3246 5036 3510 5092 auditu--

1894 5141 1992 5180 rus
2044 5141 2172 5180 eum
2225 5141 2326 5197 ego
2381 5126 2501 5196 ipse
2529 5136 2756 5182 secutus
2806 5143 2951 5182 sum.
2982 5127 3179 5184 Serum
3210 5131 3319 5202 jam
3360 5131 3472 5187 diei

1897 5225 2020 5275 erat
2073 5227 2199 5290 post
2250 5218 2385 5274 solis
2438 5234 2719 5275 occasum.
2777 5223 2853 5275 Ac
2913 5219 3183 5291 Gregoras
3244 5223 3473 5293 quidem

1899 5327 2025 5367 cum
2076 5311 2392 5367 advenisset
2439 5321 2495 5367 et
2547 5312 2765 5368 solitam
2822 5313 2891 5368 ad
2946 5329 3130 5386 regem
3185 5316 3475 5373 allocutio-

1895 5422 2021 5462 nem
2048 5408 2479 5478 pronuntiasset,
2511 5415 2626 5460 tum
2652 5408 2923 5463 consedit.
2953 5407 3113 5464 Forte
3160 5419 3345 5465 autem
3381 5425 3475 5466 ac-

1900 5500 2038 5555 cidit
2069 5500 2333 5554 utstatim
2364 5499 2438 5553 ibi
2475 5500 2642 5554 etiam
2674 5498 2931 5555 'l‘alamas
2975 5500 3140 5554 simul
3192 5500 3472 5567 introiret,

1896 5594 2104 5659 nescio,
2129 5603 2314 5647 utrum
2345 5603 2569 5663 propter
2591 5609 2809 5648 causam
2832 5592 3157 5664 jamdudum
3196 5595 3475 5649 constitu-

1900 5696 2006 5740 tam
2057 5687 2346 5740 locuturus
2406 5684 2478 5739 ibi
2522 5685 2761 5749 adesset,
2805 5702 2873 5739 an
2915 5700 3068 5749 casu,
3107 5693 3167 5739 ut
3198 5686 3477 5757 plent-que

1900 5796 1988 5836 res
2020 5780 2074 5832 in
2111 5788 2254 5853 terra
2292 5787 2458 5849 gestae
2490 5779 2606 5833 ﬁeri
2636 5780 2834 5833 solent.
2867 5778 2971 5846 Qui
3002 5795 3129 5834 cum
3166 5779 3344 5849 prisca
3377 5781 3482 5836 im-
3523 5815 3534 5826 -

1893 5870 2199 5944 prudenter
2226 5879 2281 5926 et
2316 5885 2438 5939 qua:
2470 5870 2765 5925 oblivionis
2801 5870 3086 5941 profunda:
3148 5871 3471 5926 ﬂuminibus

3030 5967 3070 6026 8
