3856 6562
475 425 584 488 235

1665 424 1713 482 N
1726 423 1942 482 ICEPl-l
1952 422 2084 482 ORI
2125 424 2229 484 GR
2241 425 2505 485 EGORE
3599 435 3679 498 23$

478 542 702 611 abrepta
723 549 928 600 essent.
952 539 1104 596 nullo
1129 541 1292 595 modo
1317 541 1651 610 pertinentia
1676 541 1740 595 ad
1765 557 1886 594 eam
1915 557 2054 606 rem,

2165 545 2516 613 προσήκοντα
2553 541 2713 614 χρεία
2751 543 3132 612 προδιαλαϐὼν
3191 545 3284 596 καὶ
3327 551 3681 620 τερατευσάμε-

481 637 548 686 de
577 649 682 702 qua
713 644 826 684 tum
859 631 1144 700 agebatur,
1169 630 1492 700 protulisset
1511 641 1565 686 et
1590 632 1856 701 gloriatus
1882 642 2052 698 esset,

481 727 573 794 qui
603 735 721 780 erat
750 726 871 795 ejus
899 737 1036 786 mos,
1068 732 1124 778 ct
1153 724 1220 778 ad
1257 724 1474 778 laudem
1504 739 1658 778 suam
1694 724 1863 777 multa
1901 724 1968 778 de
1997 738 2056 778 se

477 819 773 890 gloriosius
807 815 1182 886 praedicasset,
1217 825 1276 871 et
1308 815 1800 870 commorationem
1845 815 1898 868 in
1936 829 2056 868 mo-

479 913 722 968 nasterio
759 913 957 965 iactam
987 919 1044 964 et
1065 910 1398 978 colloquium
1426 925 1548 964 cum
1586 909 1868 962 Barlaamo
1900 907 2060 962 insti—

477 1017 653 1063 tutum
678 1014 733 1061 et
757 1007 878 1060 talia
905 1007 1039 1068 fere,
1068 1013 1356 1074 postquam
1386 1018 1546 1058 aures
1585 1018 1778 1056 eorum
1812 1001 1904 1072 qui
1941 1011 2056 1057 tum

477 1101 726 1163 aderant,
747 1100 1099 1168 implevisset,
1127 1108 1182 1152 et
1201 1107 1452 1166 tanquam
1485 1095 1802 1165 jamdudum
1831 1081 2059 1165 prteme-

477 1193 712 1248 ditatum
738 1203 791 1246 et
823 1191 1148 1246 insidiosum
1178 1188 1510 1243 osmndisset
1531 1189 1820 1242 consilium
1855 1188 2060 1242 adven-

479 1297 568 1340 tus
613 1287 696 1340 sui
737 1285 973 1355 gloriosa
1017 1284 1250 1353 quadam
1279 1281 1578 1351 jactatioue
1608 1319 1623 1344 ,
1657 1279 2058 1334 conticuit.At-

479 1395 586 1448 que
617 1391 676 1431 ut
710 1393 828 1446 quae
856 1375 1178 1444 interposita
1209 1381 1338 1430 sunt
1361 1373 1612 1426 omittam
1636 1381 1691 1426 ct
1715 1387 2056 1442 quaecunque

481 1473 638 1540 plane
673 1467 1000 1524 necessariis
1031 1467 1271 1530 obstant,
1313 1465 1380 1518 ad
1432 1465 1550 1519 haec
1597 1465 1968 1534 inexspectata
2002 1475 2059 1520 et

471 1561 868 1630 extemporalia
903 1557 1283 1627 prommiatus,
1317 1555 1615 1626 prtemissis
1635 1557 1800 1626 268
1835 1555 1904 1610 iis
1937 1571 2058 1626 quae

477 1651 790 1709 necessaria
819 1659 970 1715 sunt,
999 1651 1279 1720 Gregoras
1327 1665 1546 1719 quoque
1586 1650 1848 1718 deinceps
1895 1664 2058 1718 roga-

479 1749 578 1811 vit,
613 1746 744 1816 quid
787 1760 845 1800 se
877 1752 1159 1814 oporteret
1202 1742 1387 1798 dicere
1420 1743 1488 1796 ad
1532 1743 1868 1796 voluntatem
1923 1745 2055 1812 imp.

478 1839 832 1896 divinissimi.
854 1839 992 1892 Tum
1023 1837 1322 1906 imperator
1347 1855 1359 1889 :
1387 1834 1653 1904 Equidem
1679 1877 1692 1900 ,
1722 1836 1926 1906 inquit,
1952 1836 2056 1892 etsi

2157 653 2270 701 νος,
2309 637 2384 698 ὡς
2409 635 2614 696 εἰώθει,
2643 636 2738 688 καὶ
2777 637 2876 688 ὅσα
2914 636 3052 704 πρὸς
3095 637 3318 690 ἔπαινον
3386 640 3682 706 ὲγκαλλωπι-

2159 728 2394 797 σάμενος
2425 729 2619 782 ἑαυτοῦ
2653 729 2781 797 περί
2815 746 2874 782 τε
2905 729 3006 798 τῆς
3071 731 3130 784 ὲν
3183 729 3360 802 λαύρα
3430 732 3677 804 διατριϐῆς

2159 824 2251 876 καὶ
2284 824 2382 891 τῆς
2413 822 2549 892 πρὸς
2591 821 2862 893 Βαρλαάμ.
2900 823 3215 890 διαλέξεως,
3254 825 3348 877 καὶ
3373 825 3608 879 τοιούτων
3635 830 3682 898 δή

2157 933 2324 968 τινων
2361 915 2458 978 τὰς
2488 915 2596 968 τῶν
2639 916 3067 984 παρατυχόντων
3121 915 3494 985 ἐμπεπληκὼς
3531 917 3684 980 ἀκοὰς,

2158 1006 2254 1057 καὶ
2284 1004 2464 1069 δείξας
2501 1005 2668 1058 οἱονεὶ
2697 1004 3237 1076 προϐεϐουλευμένον
3265 1002 3407 1060 εἶναι
3469 1009 3557 1060 καὶ
3597 1009 3687 1060 ἐπί-

2157 1097 2349 1152 ϐουλον
2382 1098 2472 1152 τὸν
2505 1099 2710 1153 σκοπὸν
2743 1099 2840 1171 τῆς
2880 1102 3192 1171 τηνικαῦτα
3225 1101 3392 1154 αὑτοῦ
3444 1117 3504 1168 γε
3533 1102 3688 1172 ὲπιδη·

2161 1192 2291 1260 μίας
2322 1192 2459 1263 πρὸς
2503 1193 2878 1265 ἐπιδεικτικὴν
2924 1195 3252 1263 φαντασίαν,
3309 1190 3428 1248 εἶτα
3483 1194 3688 1260 ἐσίγησε.

2159 1285 2270 1336 Καὶ
2295 1284 2383 1336 ἵνα
2411 1285 2510 1337 τάν
2549 1285 2704 1357 μέσῳ
2757 1287 3039 1356 παρέλθω,
3095 1287 3191 1340 καὶ
3223 1287 3326 1340 ὅσα
3376 1287 3486 1347 τοῖς
3515 1284 3690 1355 ἔμπρο-

2160 1376 2286 1430 σθεν
2318 1377 2640 1446 ἀναγκαίοις
2703 1379 2934 1448 γίγνοιτ’
3000 1381 3067 1433 ἂν
3136 1379 3416 1450 ἐμποδὼν,
3481 1379 3605 1447 πρὸς
3647 1379 3694 1430 ιδ

2157 1470 2570 1540 ἀπροσδόκητον
2597 1470 2778 1524 τουτοῖ
2816 1471 2914 1523 καὶ
2970 1471 3240 1538 αἰφνίδιον
3295 1468 3694 1542 προοιμιασάμε-

2161 1579 2271 1626 νος,
2303 1563 2395 1615 καὶ
2423 1563 2810 1632 προδιαλαϐὼν
2843 1565 2944 1616 ὅσα
3007 1562 3183 1628 εἰκὸς,
3217 1563 3314 1615 καὶ
3358 1562 3388 1614 ό
3449 1560 3696 1631 Γρηγορᾶς

2162 1648 2226 1721 [Γ.
2259 1650 2358 1706 159.
2387 1651 2440 1722 υ]
2470 1652 2498 1705 ὅ
2526 1669 2578 1703 τι
2613 1653 2678 1705 ἂν
2715 1653 2812 1707 καὶ
2841 1653 2978 1724 πρὸς
3009 1652 3176 1704 αὐτοῦ
3206 1653 3292 1721 εἴη
3329 1650 3621 1723 βουλομένῳ
3637 1651 3695 1719 τῷ

2163 1742 2431 1813 θειοτάτῳ
2467 1744 2683 1814 βασιλεῖ
2738 1737 2996 1814 λέγεσθαι
3047 1746 3250 1817 ἑφεξῆς
3294 1745 3484 1816 ἡρετο.
3541 1745 3632 1797 Καὶ
3677 1747 3698 1797 ὁ

2163 1834 2446 1906 βασιλεὺς,
2495 1857 2513 1890 ι
2561 1839 2719 1908 Ἐμοὶ
2750 1838 2796 1892 δ’
2827 1841 2874 1893 εί
2914 1840 3010 1894 καὶ
3069 1839 3205 1909 πρὸς
3265 1839 3438 1902 ἄλλας
3487 1838 3643 1905 ἄγειν,
3681 1856 3692 1886 ι

479 1933 545 1987 ad
583 1931 686 1986 alia
731 1930 950 1998 incepta
981 1929 1226 1982 animum
1283 1927 1574 1982 advertere
1623 1936 1943 1990 statueram.
1983 1937 2060 1982 ta-

2164 1932 2304 2000 έφη,
2341 1950 2358 1982 ι
2396 1933 2488 1984 τὸν
2531 1933 2656 1985 νοῦν
2707 1933 2996 1997 ὑποθέσεις
3049 1935 3197 2004 ἐνῆν,
3251 1932 3372 1987 ἀλλ’
3441 1927 3531 1984 οὖν
3585 1930 3698 1996 ὑμᾶς

479 2040 606 2078 men
647 2038 772 2077 cum
808 2036 904 2075 vos
948 2036 1098 2074 nunc
1126 2019 1338 2074 videam
1369 2019 1459 2074 hic
1490 2019 1702 2081 adesse.
1724 2020 2060 2074 convenien—

480 2119 591 2172 tius
617 2116 751 2171 mihi
783 2115 999 2169 videtur
1030 2123 1238 2182 partem
1285 2112 1522 2182 aliquam
1556 2111 1804 2181 quamvis
1839 2127 2060 2182 parvam

482 2211 822 2277 dogmatum,
855 2205 923 2260 de
955 2203 1160 2274 quibus
1208 2203 1462 2257 nunnulli
1497 2202 1830 2272 disceptant,
1879 2203 2060 2258 eccle-

479 2299 826 2355 siasticorum
861 2311 960 2368 per
996 2311 1094 2350 vos
1123 2310 1476 2366 cognoscere.
1511 2293 1725 2348 Etenim
1756 2309 1814 2348 se
1841 2295 2060 2350 audisse

479 2393 622 2449 dixit
675 2391 1108 2460 disceptationes
1164 2404 1275 2442 non
1332 2388 1484 2442 leves
1530 2395 1686 2442 natas
1729 2401 1873 2452 esse,
1924 2387 2062 2442 alias

479 2484 643 2538 aliter
667 2481 736 2536 de
771 2477 1146 2534 voluminibus
1171 2483 1227 2530 et
1257 2475 1506 2544 scriptis,
1535 2489 1658 2542 quae
1703 2473 1841 2528 dixit
1873 2473 2060 2528 nescio

479 2571 762 2642 quomodo
810 2577 930 2627 orta
976 2579 1120 2627 esse,
1171 2564 1324 2634 rejici
1362 2571 1542 2616 tamen
1579 2576 1610 2614 a
1645 2559 1822 2616 doctis
1851 2559 2058 2626 multis,

485 2665 612 2718 data
645 2676 812 2729 orera
854 2665 1164 2712 monstrare
1189 2652 1503 2708 volentibus
1529 2652 1867 2721 periculosas
1892 2664 2060 2720 quas-

481 2755 605 2809 dam
635 2749 919 2820 tbeologia:
956 2747 1268 2816 dogmatum
1303 2743 1575 2798 novitates
1621 2741 1728 2796 illis
1767 2741 2060 2796 contineri.

481 2844 748 2900 Volebam
778 2842 946 2908 igitur
978 2836 1216 2893 concilio
1266 2834 1334 2889 ad
1367 2833 1706 2902 colloquium
1759 2839 2062 2887 convocato

477 2935 888 2994 correctionem
938 2944 1220 3000 peragere.
1269 2927 1376 2983 Sed
1409 2943 1535 2982 eum
1573 2941 1661 2981 res
1709 2941 1818 2981 non
1861 2939 2062 2980 conve-

481 3029 620 3093 niat,
654 3039 801 3079 nunc
837 3021 1063 3092 quidem
1111 3021 1236 3074 volo
1281 3034 1348 3072 ex
1391 3017 1566 3078 vobis,
1598 3017 1692 3086 qui
1737 3001 2064 3084 quacunque

482 3124 548 3175 de
581 3133 748 3172 causa
779 3116 872 3170 hic
902 3112 1130 3178 adestis,
1162 3110 1229 3165 de
1260 3117 1411 3164 certa
1444 3107 1680 3177 quadam
1717 3123 1775 3160 re
1818 3107 1934 3176 ipse
1967 3121 2064 3158 au-

483 3213 622 3266 dire.
649 3211 784 3264 Nam
819 3207 1078 3260 volumen
1113 3203 1271 3268 illud,
1308 3199 1456 3271 quod
1509 3199 1886 3268 frcqueutatas
1931 3213 2062 3252 con-

483 3302 760 3359 tentiones
787 3308 855 3352 .et
887 3296 1319 3366 disceptationes
1361 3293 1628 3354 continet,
1663 3292 1798 3344 mihi
1840 3307 1964 3346 cum
2005 3291 2057 3345 in

483 3395 872 3452 Thessalonica
917 3405 1190 3452 versarer,
1225 3385 1449 3452 accidit,
1483 3393 1542 3438 ut
1581 3399 1759 3453 neque
1789 3384 1920 3452 quid
1956 3383 2058 3437 sibi

481 3490 648 3544 vellet
679 3485 1064 3553 intelligerent,
1087 3495 1262 3548 neque
1293 3489 1476 3532 utrum
1507 3493 1631 3528 vera
1657 3493 1722 3528 an
1756 3477 1887 3529 falsa
1913 3475 2063 3528 exhi-

484 3583 646 3638 Lcrct
692 3580 742 3633 ci
775 3577 868 3647 qui
901 3581 1157 3629 accurate
1207 3585 1454 3640 quatrere
1515 3569 1698 3622 vellet.
1727 3569 1934 3622 Vereor
1960 3584 2060 3621 au-

485 3686 618 3732 tem.
665 3688 729 3724 ne
761 3666 894 3721 mihi
929 3679 1150 3734 quoque
1185 3659 1462 3716 adhaereat
1499 3675 1660 3728 poena
1693 3660 1898 3724 divina,
1933 3659 2059 3728 quia

483 3777 540 3821 et
608 3765 723 3829 ipse
786 3775 910 3814 cum
984 3754 1222 3810 concilio
1299 3753 1500 3820 hospes
1566 3762 1754 3820 postea
1810 3751 2060 3804 adessem

485 3855 832 3928 aliquandiu,
881 3851 990 3906 alio
1041 3845 1393 3917 praesidente,
1427 3844 1632 3898 invitus
1683 3859 1881 3897 nomen
1933 3845 2064 3898 sub-

486 3945 680 4016 scripsi
727 3945 795 3998 ab
844 3957 911 3997 eo
962 3947 1204 3994 coactus.
1245 3935 1378 4002 Qure
1429 3935 1578 3990 enim
1629 3934 2064 3990 intercesserunt

486 4041 652 4112 269
682 4035 900 4098 omitto,
929 4047 1056 4084 cum
1110 4027 1388 4096 angustias
1419 4025 1680 4095 temporis
1729 4025 1901 4080 vitare
1951 4041 2059 4080 non

487 4130 713 4201 possim.
747 4125 1019 4194 Gregoras
1045 4120 1326 4175 referens:
1365 4117 1653 4186 Equidem,
1687 4117 1901 4187 inquit,
1934 4133 2060 4172 cum

485 4239 549 4275 ex
581 4222 740 4288 longo
774 4226 1018 4284 tempore
1050 4211 1337 4278 theologia:
1365 4209 1620 4278 mysteria
1657 4207 1710 4262 in
1737 4221 1830 4262 ore
1863 4209 2061 4264 habere

487 4329 594 4366 non
631 4311 786 4362 valde
824 4305 1112 4362 auderem,
1147 4301 1239 4354 sed
1277 4315 1466 4354 eorum
1508 4311 1562 4353 et
1605 4299 1803 4352 famam
1835 4310 1890 4353 et
1915 4301 2065 4368 judi-

443 4465 447 4469 γ
485 4401 630 4453 cium
674 4397 981 4455 hOrrerem,
1019 4391 1201 4444 statim
1242 4399 1498 4458 tanquam
1553 4389 1621 4442 ab
1673 4389 1794 4458 igne
1835 4405 1921 4444 me
1977 4405 2062 4444 re-

487 4489 650 4556 traxi.
684 4489 820 4542 Nam
863 4485 956 4540 ubi
998 4483 1206 4552 magnis
1235 4490 1290 4535 et
1332 4479 1487 4534 valde
1541 4480 1716 4534 doctis
1762 4491 2063 4550 praecepto-

2160 2024 2358 2095 ὁρῶντι
2416 2025 2852 2090 συνεληλυθότας
2895 2025 2992 2080 νῦν
3040 2025 3296 2080 ἐνταυθοῖ
3379 2021 3698 2093 καιριώτερον

2162 2113 2304 2168 εἶναι
2329 2117 2479 2168 δοκεῖ
2517 2117 2986 2189 πολλοστημόριόν
3013 2136 3068 2173 τι
3100 2119 3232 2190 περὶ
3253 2110 3329 2172 ὧν
3354 2117 3493 2169 ἔνιοι
3533 2116 3700 2183 διαφωο

2161 2207 2350 2260 νοῦσιν
2421 2207 2903 2277 ὲκκλησιαστικῶν
2971 2201 3261 2279 δογμάτων
3338 2207 3534 2280 μαθεῖν
3595 2205 3700 2274 πρὸς

2163 2295 2341 2392 ὑδῶν.
2387 2315 2405 2348 ι
2453 2297 2560 2350 Καὶ
2586 2299 2695 2366 γὰρ
2721 2297 2944 2350 ἀκούειν
2977 2297 3183 2366 ἔφησεν
3224 2297 3417 2367 ἔριδας
3443 2297 3503 2348 οὐ
3535 2294 3702 2364 μικρὰς

2161 2387 2440 2457 φῦομένας
2475 2387 2654 2444 ἄλλοτ’
2687 2389 2862 2452 ἄλλως
2911 2393 3042 2459 περ)⁵
3087 2389 3272 2460 τόμων
3326 2388 3428 2442 καὶ
3477 2387 3702 2458 γραμμά-

2163 2497 2271 2533 των
2298 2523 2314 2546 ,
2363 2499 2380 2532 ι
2423 2482 2492 2535 Ἀ
2531 2483 2996 2552 προγεγέννηνται
3059 2485 3196 2554 μὲν,
3237 2502 3256 2536 ι
3319 2483 3509 2554 φησὶν,
3567 2501 3585 2534 ι
3623 2483 3701 2533 οὐκ

2161 2567 2262 2624 οἷδ’
2293 2574 2464 2640 ὅπως,
2507 2573 2828 2628 ἁθετοῦνται
2856 2575 2913 2627 δὲ
2948 2574 3084 2646 πρὸς
3122 2575 3338 2628 πολλῶν
3407 2575 3699 2644 ἐλλογίμων.

2164 2663 2439 2734 ἐπισφαλῆ
2483 2682 2606 2718 τινα
2634 2665 2920 2734 θεολογίας
2985 2665 3352 2736 καινοφανοῦς
3414 2667 3704 2736 ἐμπεριέχε-

2165 2757 2293 2810 σθαι
2323 2758 2532 2822 τούτοις
2563 2759 2834 2814 δεικνύειν
2859 2761 3108 2830 δόγματα
3150 2761 3299 2833 μάλα
3337 2759 3584 2828 σφοδρῶς
3609 2759 3703 2810 διας

2163 2851 2512 2920 τεινομένων.
2559 2853 2896 2924 Ἐϐουλόμην
2941 2855 3042 2924 μὲν
3063 2850 3157 2906 οὖν
3210 2854 3500 2926 παρρησίᾳ
3533 2853 3706 2904 συνεδι-

2163 2942 2234 3010 κῇ
2277 2941 2375 3010 τὴν
2405 2939 2697 3010 διόρθωσιν
2729 2943 3166 3014 διαπράξασθαι·
3217 2942 3326 2996 τῶν
3381 2941 3442 2995 δὲ
3485 2945 3706 3012 πραγμά-

2161 3047 2273 3084 των
2303 3031 2364 3083 ού
2395 3033 2828 3102 συγχωρούντων
2869 3033 2926 3086 έν
2955 3051 3018 3100 γε
3055 3035 3132 3102 τῷ
3170 3033 3434 3104 παρόντι,
3473 3032 3703 3102 βούλομιι

2165 3124 2296 3192 παρ’
2323 3123 2478 3192 ὑμῶν
2518 3125 2650 3190 γοῦν
2682 3125 2933 3178 ἐνταυθοῖ
2971 3126 3068 3178 νῦν
3100 3125 3528 3194 ὁπωσδηποτοῦν
3577 3143 3706 3178 cavs-

2087 3255 2130 3314 Ο
2165 3211 2477 3281 ληλυθότων
2520 3215 2646 3284 περὶ
2688 3214 3156 3274 ἐνὸς“οὑτινοσοῦν
3187 3220 3467 3286 αὐτήκοος
3520 3221 3708 3287 γεγονέ-

2165 3321 2274 3360 ναι.
2309 3305 2414 3356 Τὸν
2451 3305 2558 3374 γὰρ
2592 3307 2688 3366 τὰς
2721 3308 3128 3378 θρυλλουμένας
3160 3311 3346 3380 ἔριδας
3413 3313 3508 3364 καὶ
3538 3312 3708 3378 διαφω-

2163 3397 2282 3460 νίας
2312 3399 2604 3468 ἀγείροντά
2639 3400 2803 3470 τόμον
2843 3402 2978 3470 ἐμοῦ
3021 3403 3398 3472 διατρίϐοντος
3439 3407 3496 3456 ὲν
3534 3405 3708 3456 Θεσσα-

2165 3487 2354 3559 λονίκῃ
2384 3489 2758 3559 συμπέπτωκε
2811 3493 3163 3563 γεγενῆσθαι,
3227 3495 3300 3558 ὡς
3369 3495 3500 3566 μήθ’
3529 3495 3564 3550 ἃ.
3589 3495 3710 3562 λέγει

2163 3581 2457 3646 γινώσκειν
2501 3583 2624 3650 ἐμὲ,
2689 3585 2818 3653 μήθ’
2879 3585 3028 3648 ὅπως
3090 3587 3353 3656 ἀληθείας
3513 3589 3712 3657 ψεύδους

2165 3672 2298 3743 ἔχει,
2327 3675 2479 3736 εἴτις
2541 3679 2787 3750 ἀνριϐῶς
2841 3679 3117 3746 ἐξετάζειν
3173 3681 3436 3750 βούλοιτο.
3491 3683 3636 3735 Δέδια
3676 3681 3710 3734 δ’

2163 3762 2256 3818 οὖν
2287 3767 2360 3835 μὴ
2413 3769 2582 3836 κάμοὶ
2620 3773 2976 3841 προστριϐείη
3047 3773 3224 3842 κρίμα
3279 3775 3494 3838 θεόθεν,
3527 3777 3604 3828 ὅτι
3635 3775 3714 3827 καὶ

2164 3858 2326 3920 αὐτὸς
2363 3861 2428 3929 τῇ
2469 3860 2832 3934 βασιλευούσῃ
2869 3865 3009 3928 τέως
3035 3867 3464 3937 ἐπιδεδημηκὼς
3499 3871 3555 3922 ὲν
3577 3868 3710 3920 ὑστὲο

2167 3967 2302 4018 ροις.
2336 3950 2525 4020 ἐτέρου
2551 3954 2687 4017 τέως
2717 3955 2814 4024 τὴν
2853 3956 3108 4022 ἐξουσίαν
3139 3959 3378 4029 ἔχοντος,
3419 3961 3574 4014 ἄκων
3597 3961 3710 4012 ὑπέ-

2165 4045 2373 4111 γραψα,
2409 4044 2654 4111 βιασθεὶς
2697 4047 2787 4100 ὑπ’
2825 4049 2989 4102 αὐτοῦ
3023 4051 3146 4122 (τὰς
3173 4053 3282 4123 γὰρ
3311 4053 3369 4104 ἐν
3395 4053 3550 4124 μέσῳ
3599 4049 3714 4118 σιγῶ

2163 4133 2382 4204 τύχας),
2410 4137 2511 4189 οὒκ
2550 4127 2692 4206 ἔχων
2731 4141 2880 4204 ὅπως
2905 4141 2972 4194 ἂν
3011 4143 3316 4213 ἑκφύγοιμι
3349 4145 3412 4198 τὸ
3445 4147 3547 4213 τῆς
3587 4143 3714 4214 ὥρας

2167 4223 2366 4293 βίαιον.
2424 4247 2442 4279 ι
2483 4227 2540 4280 'O
2571 4229 2626 4282 δὲ
2660 4231 2952 4300 Γρηγορᾶς
3002 4234 3294 4288 ὑπολαϐών
3335 4251 3542 4306 φησιν·
3581 4253 3600 4287 ι
3637 4236 3716 4297 Ὦς

2165 4314 2276 4380 ἐγὼ
2309 4313 2356 4366 δ’
2389 4319 2453 4368 ὲκ
2489 4317 2685 4370 πολλοῦ
2714 4319 2780 4372 τὰ
2825 4321 2925 4388 τῆς
2967 4323 3248 4392 θεολογίας
3313 4328 3592 4398 μυστήρια
3637 4323 3718 4392 φέ-

2169 4421 2282 4474 ρειν
2323 4405 2412 4459 διὰ
2438 4409 2666 4478 χειλέων
2697 4411 2757 4463 οὐ
2794 4413 2937 4480 μάλα
2989 4414 3228 4486 τολμῶν,
3301 4417 3440 4469 ἀλλὰ
3501 4418 3718 4488 φρίττων

2165 4496 2259 4546 καὶ
2288 4496 2461 4563 ἀκοὴν
2499 4498 2594 4551 καὶ
2637 4499 2900 4567 διάνοιαν,
2958 4503 3260 4574 ἀπεπήδων
3309 4507 3475 4570 εὐθὺς
3519 4509 3592 4569 ὡς
3627 4505 3720 4559 ἀπὸ

487 4582 643 4635 rihus
671 4580 818 4634 illius
849 4575 1107 4631 Ecclesia:
1160 4573 1696 4627 administrationem
1736 4582 1789 4624 ut
1833 4573 2059 4627 omnino

2167 4586 2360 4654 πυρός.
2396 4587 2571 4641 Ὅπου
2609 4591 2718 4662 γὰρ
2750 4593 2864 4656 τοῖς
2915 4573 3174 4663 μεγάλοις
3235 4597 3329 4649 καὶ
3385 4600 3594 4668 σφόδρα
3646 4615 3722 4650 σο-

485 4681 807 4726 excuterem
835 4669 1056 4738 obtigit,
1097 4679 1283 4720 nonne
1336 4675 1523 4732 aperte
1595 4663 1969 4720 insaniremus
2015 4666 2061 4721 si

490 4765 618 4820 talia
651 4771 888 4816 tractare
922 4759 1209 4820 vellemus,
1252 4771 1375 4810 cum
1414 4771 1482 4809 ne
1515 4767 1686 4824 pauca
1715 4757 1937 4826 quidem
1970 4773 2065 4814 co-

489 4871 608 4910 rum
646 4870 768 4924 qua:
794 4853 868 4907 illi
901 4851 1114 4904 discere
1143 4847 1488 4917 potuerimus
1509 4847 1532 4899 ?
1553 4849 1731 4914 Atque
1763 4857 1819 4902 ut
1843 4849 1946 4903 mei
1977 4867 2062 4904 ra-

485 4950 634 5000 tione
663 4944 846 4998 habita
878 4941 1094 5012 planius
1123 4953 1413 5006 exponam,
1441 4953 1550 5006 quo
1582 4937 1765 4991 animo
1798 4939 2062 5007 paulatim

433 5047 440 5050 '
485 5037 720 5092 allectus
759 5038 864 5089 sint
910 5034 963 5086 in
997 5031 1103 5084 tale
1129 5041 1290 5084 antea
1321 5037 1644 5098 conceptum
1703 5031 2062 5099 prepositum,

488 5146 639 5190 cum,
679 5136 894 5181 mortuo
925 5123 1270 5177 divinissimo
1299 5133 1352 5175 et
1383 5121 1544 5174 beato
1574 5131 1727 5189 patre
1773 5131 1889 5184 tuo,
1918 5125 2064 5178 claro

487 5223 580 5275 illo
612 5221 770 5288 imp.,
817 5233 903 5270 res
926 5215 1239 5270 Grecorum
1289 5217 1342 5266 in
1394 5214 1684 5267 tumultum
1719 5215 1936 5268 civilem
1973 5217 2068 5268 ad-

487 5315 822 5367 ducerentur
841 5307 1123 5362 etﬂuctus
1152 5306 1442 5360 miserrimi
1470 5307 1522 5359 in
1567 5307 1749 5360 divina
1805 5307 2065 5364 Ecclesia

489 5405 737 5474 dogmata
773 5406 1296 5471 prorumperent,et
1343 5398 1492 5452 velut
1525 5407 1712 5452 coorta
1745 5409 2065 5466 tempesmte

487 5505 543 5549 et
586 5507 740 5549 nocte
776 5493 959 5548 omnia
992 5492 1237 5548 tenebris
1279 5501 1464 5545 essent
1500 5491 1740 5544 involuta
1770 5532 1785 5554 ,
1835 5493 1909 5545 ita
1963 5505 2021 5546 ut
2051 5535 2064 5557 ,

489 5589 636 5657 quod
659 5589 822 5656 vulgo
857 5587 1043 5640 dicere
1075 5586 1274 5651 solent,
1311 5600 1472 5638 nemo
1529 5601 1558 5639 e
1587 5586 1858 5641 sideribus
1912 5589 2066 5642 colli-

489 5694 618 5748 gere
645 5687 846 5746 posset,
879 5693 986 5746 quo
1015 5677 1266 5739 ferretur,
1299 5691 1537 5744 cumque
1563 5679 1746 5731 omnia
1781 5682 2063 5747 surgentia

415 5797 432 5806 -
489 5781 545 5823 et
581 5769 829 5822 cadentia
863 5779 1092 5822 eatenus
1129 5783 1226 5838 pro
1261 5769 1652 5835 conjunctione
1679 5771 1986 5824 excitarent
2009 5783 2064 5826 et

493 5861 728 5915 maxime
781 5876 844 5915 ea
898 5876 1016 5929 qua:
1076 5862 1306 5930 quisque
1339 5871 1606 5931 speraret,
1667 5865 1716 5915 in
1759 5865 2062 5932 periculum

2166 4679 2286 4744 (ἑοῖς
2326 4679 2669 4746 διδασκάλοις
2699 4685 2916 4757 ἐκείνης
2960 4688 3060 4756 τῆς
3096 4689 3428 4759 Ἐκκλησίας
3491 4692 3722 4744 ἀποσείε-

2164 4769 2413 4840 σθαιτὴν
2465 4773 2782 4845 ἐγχείρησιν
2845 4780 3148 4850 ὁλοσχερῶς
3192 4782 3532 4848 συνέϐαινεν,
3563 4779 3594 4854 ἦ
3631 4799 3720 4834 που

2169 4865 2339 4931 μανία
2391 4867 2565 4938 σαφὴς
2589 4870 2736 4939 ἡμᾶς
2788 4873 3060 4944 ἐγχειρεῖν
3115 4877 3229 4938 τοῖς
3268 4877 3562 4940 τοιούτοις.
3599 4876 3719 4946 μηδὲ

2171 4959 2344 5026 μικρὰ
2367 4959 2500 5026 γοῦν
2533 4961 2639 5014 τῶν
2671 4963 2770 5016 ὅσα
2806 4967 3009 5019 ἐκεῖνοι
3035 4967 3229 5038 μαθεῖν
3287 4989 3376 5022 πω
3442 4968 3722 5038 δεδυνημέ-

2169 5064 2310 5111 νους.
2340 5051 2453 5103 Καὶ
2483 5053 2567 5104 ἵνα
2596 5054 2656 5106 τὸ
2689 5056 2811 5108 κατ’
2841 5056 3079 5125 ἐμαυτὸν
3121 5058 3408 5112 ἀναλαϐὼν
3463 5059 3721 5130 διηγήσω·

2171 5157 2268 5206 μαι
2299 5142 2648 5213 τελεώτερον,
2667 5147 2812 5210 ὅπως
2842 5147 3044 5218 δηλαδὴ
3067 5149 3238 5218 κάμοὶ
3271 5150 3409 5218 πρὸς
3434 5149 3536 5220 τὴν
3556 5147 3722 5202 τοιαύο

2167 5249 2264 5299 την
2305 5232 2364 5298 ἐξ
2405 5235 2578 5304 ἀρχῆς
2623 5236 2879 5292 ὑπόθεσιν
2943 5237 3254 5309 διατεθῆναι
3309 5243 3718 5311 συμπέπτωκεν.

2171 5321 2294 5373 ἐπεὶ
2324 5327 2460 5392 μετὰ
2478 5327 2569 5378 τὸν
2592 5327 2686 5380 τοῦ
2717 5328 3001 5384 θειοτάτου
3047 5317 3154 5384 καλ.Δ
3181 5334 3492 5400 μακαρίτου
3527 5329 3723 5396 ,πατρὸς

2170 5427 2262 5462 σου
2291 5411 2541 5481 θάνατον,
2577 5415 2672 5468 τοῦ
2703 5417 2948 5486 ἀοιδίμου
2977 5421 3122 5488 φημὶ
3153 5419 3216 5489 [ί.
3238 5419 3338 5472 155
3372 5418 3448 5489 1.]
3474 5417 3724 5486 βασιλέως

2169 5503 2404 5566 ἐκείνου,
2429 5507 2565 5575 πρὸς
2599 5509 2864 5578 ἐμφύλιον
2895 5491 3087 5564 στάσιν
3136 5511 3202 5563 τὰ
3257 5508 3543 5578 Ῥωμαίων
3571 5507 3720 5576 ἠγέρ-

2169 5593 2236 5661 θη
2285 5596 2593 5664 πράγματα
2625 5599 2717 5649 καὶ
2762 5600 2882 5668 ἅμα
2921 5602 3058 5653 κατὰ
3103 5600 3212 5654 τῶν
3259 5599 3420 5654 θείων
3460 5601 3554 5672 τῆς
3613 5598 3724 5652 Ἐκ·

2169 5685 2397 5754 κ>.ησίας
2431 5687 2718 5756 δογμάτων
2747 5694 2814 5744 τὰ
2851 5693 3098 5764 χείριστα
3161 5695 3298 5763 πρὸς
3335 5695 3527 5748 κακίαν
3573 5691 3722 5762 ἀνέρ-

2173 5780 2312 5846 ρωγε
2347 5779 2594 5848 κύματα,
2627 5786 2720 5837 καὶ
2744 5785 2934 5853 ὥσπερ
2997 5788 3054 5840 ἐν
3085 5787 3315 5858 χειμῶνι
3349 5791 3444 5842 καὶ
3477 5787 3631 5840 νυκτὶ
3662 5787 3723 5836 τὰ

2173 5871 2348 5922 πάντα
2388 5871 2554 5941 ζόφος
2593 5872 2681 5956 ἦν,
2722 5878 2796 5940 ὡς
2840 5881 2977 5948 μηδὲ
3019 5879 3264 5948 ἄστροις,
3296 5881 3357 5932 τὸ
3405 5877 3724 5950 θρυλλούμε·
