3966 6558
247 357 358 422 ΞΠ

1207 361 1645 423 ΒΥΖᾹΝΤΙΝᾸΞ
1681 361 2062 423 HISTORUE
2120 364 2257 424 LIB.
2303 365 2483 428 XXX.

3405 367 3512 430 938

249 497 366 544 νον,
399 481 520 532 ὅποι
553 480 772 549 φέροιτό
807 497 890 544 τις
941 480 1205 535 δύνασθαι
1249 484 1674 554 τεκμαίρεσθαι,
1736 485 1818 535 καἺ

1939 491 2222 547 vocarent,
2258 493 2535 553 quatenus
2555 492 2761 535 remota
2787 491 2842 534 et
2867 480 3153 549 desperata
3173 491 3314 534 esset
3340 483 3509 538 salus.

249 571 415 624 πάντ’
453 573 566 626 ἄνω
604 574 698 624 καὶ
730 575 882 626 κάτω
921 575 1332 644 μεταπίπτοντα
1383 577 1534 646 παρά
1567 576 1826 632 τοσοῐτον

246 664 310 714 ὲκ
343 663 435 715 τού
466 663 735 733 σύνεγγυς
771 667 939 719 ἐτίθει
964 685 1024 719 τε
1055 670 1150 719 καὶ
1200 669 1348 738 μάλα
1380 669 1490 720 τῶν
1529 668 1828 737 ἐλπιζομέ-

246 774 358 809 νων
391 759 642 820 ἑκάστοις
666 759 915 811 ὲποίειτδ
949 761 1293 813 ἐπικίνδυνον
1330 762 1460 832 παρ’
1495 762 1620 815 ὅσον
1637 763 1827 832 πόρρω

248 855 346 901 καὶ
382 848 611 902 δύσελπι
642 851 915 916 τάσφαλὲς
943 853 1022 922 (ἐν
1059 857 1168 923 γάρ
1209 855 1527 925 διχοστασίῃ
1565 855 1702 924 φησὶ
1734 855 1827 905 τὸν

249 943 354 1010 μὲν
385 942 673 1008 πάγκακον
696 943 992 1012 τυγχάνειν
1019 943 1210 1014 τιμῆς,
1240 946 1332 998 τὸν
1371 945 1428 998 δὲ
1493 944 1588 998 καὶ
1635 946 1825 997 ὁπωσ-

241 1032 339 1085 οῦν
374 1035 670 1104 μετέχοντα
711 1034 804 1088 τοῦ
844 1035 1116 1105 βελτίονος
1172 1036 1389 1110 θρήνων
1437 1039 1670 1108 πάσχειν
1698 1036 1826 1101 ἀξια

241 1126 343 1177 καὶ
381 1126 662 1196 τραγικῶν
693 1127 995 1182 ἀπολαύειν
1025 1128 1135 1181 τῶν
1170 1125 1518 1202 συμφορῶν),
1559 1129 1669 1182 τῶν
1684 1145 1824 1197 κρα-

239 1219 447 1272 τίστων
488 1217 628 1273 εἷναί
663 1238 754 1291 μοι
789 1221 880 1274 τὸν
919 1222 1149 1294 ἡσύχιον
1201 1223 1349 1288 εδοξε
1408 1223 1526 1292 βίον
1584 1223 1826 1288 ἑλέσθαι,

239 1308 356 1361 τῶν
391 1309 694 1378 βασιλικῶν
721 1312 983 1384 ἀφεμένω
1015 1312 1284 1386 θεάτρων.
1344 1315 1453 1370 Τοῦ
1497 1316 1607 1388 γὰρ
1642 1316 1825 1388 ἐρεθί-

239 1401 433 1464 ζοντος
467 1406 560 1456 καὶ
589 1406 774 1475 μάχην
799 1408 1011 1461 ἐκεῖθεν
1040 1409 1342 1462 ἀντίπαλον
1369 1411 1697 1474 ἀνιστῶντος
1727 1410 1829 1464 οὐκ

239 1489 398 1552 δντος
434 1495 494 1544 ἐν
533 1493 834 1564 ὀφθαλμοῖς
885 1497 1042 1565 ἡμῶν
1092 1498 1327 1566 ἀφανείᾳ
1365 1498 1826 1568 κεκαλυμμένων,

240 1579 563 1634 παύσεσθαι
617 1583 680 1636 τὸ
711 1585 1015 1654 νεμόμενον
1070 1587 1170 1655 τῆς
1219 1587 1345 1640 καθ’
1393 1587 1556 1659 ἡμῶν
1621 1587 1826 1651 κακίας

819 1672 862 1690 9‘

238 1666 455 1738 ᾠήθην.
492 1670 659 1723 Ὀθεν
691 1672 878 1738 ἐπειδὴ
915 1673 1027 1735 τοῖς
1077 1673 1262 1737 ἀλλοις
1321 1675 1679 1747 παραινούντί
1735 1692 1826 1745 μοι

237 1764 375 1824 τοὺς
422 1761 779 1831 πειθομένους
808 1765 995 1835 ἥκιστ’
1024 1766 1171 1836 ἔχειν
1198 1768 1348 1838 ἐνῆν,
1401 1769 1464 1820 τὸ
1499 1768 1622 1822 κατ’
1655 1770 1829 1838 ἐμαυ-

1937 573 2072 629 Nam
2091 575 2146 629 in
2171 574 2438 630 seditione
2457 573 2532 628 ait
2553 583 2708 644 poeta
2729 572 3030 644 pessimum
3051 587 3268 642 quoque
3294 575 3515 642 assequi

1939 665 2203 722 honorem
2229 683 2242 719 ι
2264 667 2428 736 27o
2448 665 2540 736 qui
2576 676 2758 720 autem
2801 679 3132 734 quocunque
3163 663 3322 717 modo
3346 665 3518 732 partis

1940 757 2181 812 melioris
2208 759 2489 812 studiosus
2519 757 2611 818 sit,
2639 773 2766 811 eum
2792 757 3008 827 perpeti
3042 771 3132 810 res
3161 755 3516 810 miseratione

1937 847 2127 917 dignas
2152 860 2206 904 et
2247 850 2435 904 subire
2487 865 2647 904 casus
2697 851 2952 919 tragicos.
3002 848 3286 919 Optimum
3346 848 3518 920 igitur

1937 940 2070 995 mihi
2099 941 2276 996 visum
2303 941 2780 1012 cst,tranquillam
2834 942 3092 1012 prteferre
3144 943 3334 1004 vitam,
3364 942 3520 996 thea-

1937 1043 2023 1088 tro
2070 1033 2432 1104 imperatorio
2462 1035 2679 1090 relicto.
2711 1033 2848 1090 Cum
2880 1033 3026 1090 enim
3065 1036 3159 1105 qui
3189 1033 3434 1090 irritaret
3459 1044 3515 1089 et

1937 1140 2175 1196 pugnam
2199 1127 2506 1197 oppositam
2552 1127 2656 1183 hac
2685 1143 2744 1182 re
2798 1127 3086 1192 excitaret,
3143 1137 3271 1182 ante
3325 1127 3518 1182 oculos

1936 1225 2156 1272 nostros
2186 1233 2296 1272 non
2339 1227 2676 1282 versaretur,
2713 1219 2915 1289 quippe
2937 1219 3033 1289 qui
3062 1218 3310 1274 tenebris
3363 1220 3519 1272 invo-

1935 1307 2036 1362 luti
2064 1309 2614 1380 essemus,putabam
2642 1310 2758 1366 fore
2783 1320 2842 1364 ut
2883 1325 3012 1380 pars
3075 1310 3338 1365 attributa
3370 1308 3517 1364 cala-

1937 1401 2142 1456 mitatis
2172 1411 2373 1456 nostrae
2408 1403 2708 1458 desineret.
2731 1403 3103 1471 Quamobrem
3127 1402 3255 1473 quia
3289 1402 3517 1457 minimc

1935 1493 2188 1561 contigit,
2216 1503 2274 1549 ut
2307 1493 2440 1546 tnihi
2472 1495 2563 1572 qui
2594 1494 2717 1549 aliis
2755 1495 2988 1550 consilia
3021 1494 3396 1560 darem,dicto
3425 1509 3520 1547 au.

1935 1584 2150 1640 dientes
2184 1595 2402 1650 essent,
2450 1586 2567 1655 ipse
2603 1587 2775 1642 ollicia
2826 1603 2944 1642 mea
2990 1588 3337 1658 prmstabam.
3377 1586 3513 1641 Nam

1937 1677 2231 1732 tumultum
2269 1693 2300 1733 e
2325 1695 2459 1748 pace
2487 1679 2665 1734 facere
2713 1681 2879 1735 etiam
2913 1680 3230 1735 hominibus
3261 1681 3518 1750 pessimis

1933 1771 2251 1841 quibusque
2309 1772 2470 1829 facile
2519 1781 2636 1839 est;
2698 1789 2729 1830 e
2778 1775 3022 1829 tumultu
3068 1785 3252 1829 autem
3323 1789 3513 1844 pacem

237 1855 332 1906 τὸν
375 1855 597 1908 ἐποίουν
657 1857 857 1922 αὐτός’
890 1858 1122 1928 θόρυϐον
1178 1861 1280 1929 μὲν
1331 1860 1442 1933 γὰρ
1501 1863 1562 1927 ἐξ
1599 1863 1818 1932 εἰρήνης

1932 1862 2247 1926 restituere,
2281 1877 2350 1918 ne
2381 1862 2676 1918 admodum
2733 1863 3100 1933 prudentibus
3135 1863 3354 1935 quidem
3389 1879 3515 1933 pro-

241 1947 434 2018 ρᾁιον
473 1947 570 2002 καὶ
620 1952 735 2013 τοῖς
764 1950 1118 2018 φαυλοτάτοις
1159 1953 1258 2008 καὶ
1317 1953 1586 2024 βάναυσον
1630 1954 1825 2023 ἄγουσι

239 2041 366 2108 βίον
404 2045 606 2108 ποιεῖν,
639 2043 781 2097 ἐκδὲ
822 2043 1068 2114 θορύϐων
1096 2047 1324 2116 εἰρήνην
1355 2049 1477 2102 οὐδὲ
1535 2049 1650 2111 τοῖς
1691 2049 1823 2117 σφόο

233 2137 345 2208 δραι
392 2143 642 2204 συνετοῖς
672 2142 814 2210 μάλα
856 2141 1137 2196 τιεύοδον.
1168 2133 1241 2195 Τὸ
1294 2141 1394 2213 μὲν
1449 2143 1558 2214 γὰρ
1606 2143 1854 2198 αὐτονο-,

235 2234 343 2304 μία
377 2235 594 2303 φύσεως
631 2236 848 2303 ἄγεται,
885 2235 1002 2306 ἡδὲ
1047 2235 1209 2304 φύσις
1250 2235 1490 2290 ἄτακτον
1520 2238 1616 2291 καὶ
1679 2234 1820 2289 ἀνώ-

234 2325 418 2392 μαλον
449 2325 797 2395 ὡμολόγηται
838 2321 979 2379 εἶναι
1003 2341 1018 2356 ⁸
1059 2325 1124 2378 τὸ
1153 2325 1211 2378 δὲ
1257 2325 1484 2396 παιδείᾳ
1518 2326 1615 2381 καὶ
1667 2327 1824 2379 συνέ-

230 2434 313 2469 σει.
361 2417 764 2490 βεϐουλευμένῃ
785 2417 876 2471 καὶ
907 2417 1463 2502 σώφροσθςογισμοῖς
1495 2416 1820 2481 οἰακίζεται.

228 2507 407 2562 Ὅθεν
438 2511 500 2562 τὸ
528 2511 626 2578 μὲν
655 2514 750 2562 καὶ
781 2513 881 2574 τὰς
913 2512 1014 2563 οὐκ
1041 2511 1209 2574 οὔσας
1243 2511 1581 2564 ἀναπλάττει
1607 2511 1822 2582 προφά-

226 2619 379 2667 σεις,
411 2605 602 2673 ἐφόδια
648 2604 871 2674 πορίζον
911 2608 1032 2668 ταῖς
1085 2606 1324 2676 μάχαιςο
1364 2604 1426 2657 τὸ
1484 2603 1542 2657 δὲ
1584 2603 1680 2658 καὶ
1721 2605 1820 2666 τὰς

223 2693 408 2758 οὔσας
473 2698 765 2766 ἐκτέμνειν
817 2699 1102 2767 πειρᾶται,
1159 2697 1413 2769 καθάπερ
1469 2696 1652 2768 ἰατρὸς
1720 2697 1821 2767 πρὸ

223 2791 330 2858 τῆς
369 2788 611 2860 βλάστης
635 2792 690 2842 ἐν
717 2793 780 2862 τῇ
810 2791 936 2865 ῥίζῃ
968 2793 1070 2861 τὴν
1103 2789 1404 2862 θεραπείαν
1450 2789 1817 2861 τεχνώμενος.

236 2877 404 2929 Ἐπεὶ
441 2878 498 2929 δὲ
530 2880 624 2932 καὶ
649 2881 943 2950 ἀφορισμῷ
979 2881 1252 2950 Παλαμᾶν
1310 2884 1452 2949 μετὰ
1486 2881 1586 2948 τῆς
1647 2877 1817 2932 αὐτοῦ

224 2972 515 3040 φρατρίας
587 2973 808 3038 ἀπάσης
851 2977 946 3028 καὶ
985 2973 1256 3043 χωρισμῷ
1295 2973 1434 3026 Θεοῦ
1509 2973 1819 3026 καθυποϐε-

222 3063 473 3131 ϐλῆσθαι
515 3065 836 3134 συμϐέϐηκε
890 3067 1038 3118 δυοῖν
1103 3067 1468 3137 πατριαρχῶν
1523 3067 1620 3120 καὶ
1677 3066 1817 3120 ὅλων

221 3159 422 3208 ὁπόσοι
477 3157 783 3226 τηνικαῦτα
835 3159 1096 3230 παρῆσαν
1160 3161 1271 3213 τῶν
1332 3160 1671 3225 ἐπισκόπων,
1735 3159 1888 3248 ἕτια

223 3249 445 3318 ’μᾶλλον
479 3251 705 3321 ἐμαυτῷ
733 3251 801 3304 τά
828 3253 926 3322 τῆς
959 3253 1193 3322 ἡσυχίας
1221 3254 1505 3326 παρῄνουν
1548 3257 1645 3306 καὶ
1683 3256 1818 3308 ἑπε-

225 3343 293 3395 κύ
307 3361 466 3413 ρουν,
497 3343 703 3414 ταύτης
755 3345 924 3416 μόνης
947 3347 1007 3398 τὸ
1041 3348 1242 3417 ῥᾷστον
1271 3348 1506 3418 ἐχούσης
1538 3349 1634 3401 καὶ
1666 3347 1818 3402 εὔλο-

223 3456 328 3506 γον
363 3439 466 3507 τῆς
492 3438 603 3491 τῶν
651 3440 897 3510 βεϐήλων
929 3444 1204 3508 φρατρίας
1254 3441 1351 3494 καὶ
1375 3440 1664 3505 κοινωνίας
1694 3442 1818 3495 ὲπι-

218 3533 402 3596 ιικῶς
456 3535 715 3604 ἀφιστᾷν.
774 3535 913 3604 Ίιδη
978 3533 1036 3587 δὲ
1099 3535 1480 3605 καὶιδιωγμὸν
1533 3537 1818 3609 ἀνερρίπι-

227 3641 327 3676 σεν
379 3628 407 3676 ὁ
457 3627 556 3694 τῆς
601 3625 929 3694 Ἑκκλησίας
975 3626 1206 3696 χειμὼν,
1267 3630 1361 3681 καὶ
1410 3628 1670 3696 διωγμῶν
1725 3629 1817 3682 τὸν

224 3717 685 3786 φρικωδέστατον
730 3721 826 3771 καὶ
875 3719 1200 3788 βαρύτατον,
1253 3719 1327 3782 ὡς
1379 3719 1677 3775 κάντεῦθεν
1739 3721 1815 3793 μὴ

227 3812 399 3877 μόνον
460 3811 738 3881 ἐξόριστον
772 3813 1036 3880 γεγονότα
1106 3815 1198 3866 τὸν
1249 3817 1597 3886 πατριάρχην
1657 3815 1815 3887 βιαίῳ

219 3899 455 3970 θανάτῳ
491 3901 583 3954 τοῦ
617 3901 736 3971 βίου
769 3901 834 3973 υ.
862 3902 963 3956 155
994 3901 1064 3975 τε]
1115 3903 1350 3972 περᾶσαι
1387 3905 1486 3975 τὴν
1534 3904 1814 3975 τελευτήν,

225 3994 370 4050 ἀλλὰ
403 3994 502 4046 καὶ
541 3995 647 4046 τῶν
678 3995 998 4050 ἐπισκόπων
1062 3998 1155 4048 καὶ
1193 3994 1590 4067 πρεσϐυτέρων
1628 3999 1817 4052 ὀπόσοι

226 4091 336 4160 τὴν
399 4089 656 4141 ἔνστασιν
721 4087 1019 4158 ἅκλόνητον
1070 4089 1228 4158 ἔσχον
1304 4089 1364 4142 ὲν
1431 4093 1546 4153 τοῖς
1596 4089 1813 4155 δεινοῖς,

227 4182 398 4246 ἄλλος
433 4181 618 4250 ᾇ).λοθι
647 4181 747 4249 τῆς
779 4181 1108 4250 οἰκουμένης
1133 4181 1465 4251 διωκόμενοι
1507 4181 1818 4252 διεσπάρη-

231 4292 363 4328 σαν.
410 4273 518 4327 Ἐῶ
541 4274 722 4342 λέγειν
756 4272 847 4337 οὓς
882 4277 940 4327 ὲν
969 4275 1162 4345 εἱρκτῇ
1209 4275 1307 4327 καὶ
1361 4278 1513 4346 ζόφῳ
1556 4275 1815 4348 θνήσκειν

230 4366 548 4429 συνέϐαινε,
585 4366 680 4418 καὶ
710 4366 825 4419 ὅσοι
869 4365 1014 4436 λιμῷ
1043 4367 1138 4419 καὶ
1167 4364 1309 4436 δίψει
1365 4370 1460 4420 καὶ
1499 4367 1651 4440 πάσῃ
1702 4368 1814 4423 τῶν

229 4457 556 4524 ἀναγκαίων
593 4458 927 4528 στενοχωρίᾳ
947 4457 1145 4527 βιαίοις
1177 4458 1432 4522 θανάτοις
1463 4459 1807 4529 ἀπήλλαξαν.

232 4553 348 4604 Καὶ
375 4551 437 4604 τό
471 4568 536 4617 γε
569 4546 753 4621 μεῖζον
780 4553 861 4604 ὃτι
904 4549 1040 4620 μηδὲ
1095 4552 1296 4620 ταφῆς,
1322 4545 1367 4604 ὧ
1411 4552 1482 4622 γῆ
1545 4555 1639 4606 καὶ
1669 4553 1814 4624 ἥλιε,

230 4645 375 4713 πρξς
431 4642 537 4694 τῶν
600 4643 926 4712 ἐπιτηδείων
1014 4644 1312 4715 τυγχάνειν
1375 4647 1812 4715 συνεχωροῦντο,

235 4738 379 4805 πλὴν
406 4737 440 4805 ἧ
482 4737 601 4790 ὅσοι
655 4736 798 4789 κατά
852 4736 912 4789 τὸ
951 4735 1175 4806 λεληθὸς
1221 4738 1658 4808 κατωρύττοντο.
1714 4733 1815 4793 1Ὧν

227 4830 354 4881 οὐδὲ
386 4831 591 4881 τούτων
618 4829 922 4897 ἀπέσχοντο
952 4830 1000 4881 oi
1035 4829 1192 4892 κυνὸς
1222 4829 1499 4899 Λακαίνης
1533 4829 1690 4897 δίκην
1727 4831 1809 4900 ῥι-

233 4921 604 4990 νηλατούντες
643 4918 740 4972 καὶ
798 4919 1193 4990 ἀνιχνεύοντες,
1260 4921 1398 4974 ἀλλὰ
1455 4923 1549 4975 καὶ
1607 4923 1814 4976 τούτων

231 5015 413 5074 ἐνίους
438 5011 740 5081 ἀνώρυξαν.
777 5011 932 5063 Οὕτω
957 5011 1214 5080 διωγμῶν
1267 5011 1522 5066 ἁπάντων
1575 5013 1814 5084 βαρύτα-

229 5122 319 5168 τος
357 5105 562 5158 ούτοσί.
597 5105 662 5157 Τί
693 5105 801 5174 γὰρ
833 5104 1056 5158 ἀνύσειν
1081 5103 1305 5172 ἔμελλον
1339 5105 1520 5169 πλέον,
1551 5108 1632 5168 εἰς
1659 5105 1812 5160 ἀναί-

234 5197 436 5261 σθητον
465 5197 624 5267 σῶμα
656 5198 755 5268 τὴν
785 5196 883 5266 τῆς
916 5195 1120 5250 ἀτόπου
1178 5194 1360 5266 ψυχῆς
1411 5197 1812 5270 ἀγνωμοσύνην

233 5285 556 5355 inlisu-tu;
591 5289 784 5343 Θανεῖν
813 5291 924 5360 γὰρ
960 5291 1201 5360 ἀνάγκη,
1229 5290 1328 5362 ζῇν
1361 5293 1407 5346 δ’
1453 5293 1486 5365 ἢ
1534 5298 1678 5365 ταφῇ
1711 5313 1811 5348 καα

234 5375 534 5441 ἰσασθῆναι,
579 5379 784 5430 τούτων
808 5377 853 5431 δ’
877 5379 1160 5449 οὐδέτερον
1185 5380 1321 5444 τέως
1353 5381 1590 5452 ἀνάγκη.
1625 5385 1717 5437 Διὸ
1750 5385 1812 5438 τὸ

239 5468 452 5534 μὲνκαὶ
489 5466 564 5536 μὴ
607 5466 946 5537 βουλομένων
978 5470 1284 5540 ἀνθρώπων
1345 5474 1377 5541 ή
1435 5473 1594 5542 φύσις
1644 5477 1805 5544 τελεῖ,

233 5558 288 5605 τι
317 5555 363 5606 δ’
395 5573 452 5606 εν
482 5559 546 5624 τῇ
580 5558 895 5626 προαιρέσει
931 5560 1182 5628 κείμενον
1204 5560 1312 5611 τῶν
1342 5560 1808 5655 πδριλειπομένων

235 5646 456 5715 ἔλεγχος
484 5648 750 5717 ὁποτέρου
793 5650 1002 5716 γίνεται
1058 5653 1222 5716 δυοῖν,
1257 5651 1356 5703 εἴτ’
1387 5646 1659 5716 ’ἀπονοίας
1696 5658 1806 5710 εἴτε

237 5739 518 5807 προνοίας.
578 5740 690 5808 Τῆς
743 5741 808 5810 δὴ
861 5743 1114 5812 τοιαύτης
1165 5743 1603 5812 περικλονήσεως
1646 5746 1806 5816 ἔργον

236 5832 506 5903 γινόμεθα
562 5839 654 5886 καὶ
701 5837 876 5904 ἡμεῖς,
938 5837 996 5888 ού
1055 5837 1369 5906 βουλόμενοι
1423 5839 1536 5899 ταῖς
1587 5839 1806 5904 ἀτόποις

1931 1953 2074 2009 fceto
2099 1964 2182 2010 est
2232 1967 2574 2026 promptum.
2633 1957 2884 2010 Alterum
2935 1957 3084 2011 enim
3147 1955 3380 2012 arbitrio
3417 1972 3515 2010 na-

1933 2053 2068 2100 tura:
2107 2047 2324 2117 agitur:
2359 2056 2609 2101 naturam
2639 2057 2824 2102 autem
2878 2048 3158 2102 turbidam
3191 2056 3247 2105 et
3279 2049 3516 2102 mutabi-

1930 2135 2035 2190 lem
2057 2150 2180 2192 esse
2231 2147 2484 2194 constat:
2517 2139 2758 2194 alterum
2807 2140 3150 2194 humanitate
3193 2149 3250 2194 et
3278 2141 3512 2194 consilio

1927 2229 2161 2297 sapienti
2190 2240 2246 2285 et
2277 2231 2458 2285 cautis
2503 2231 2999 2286 deliberationibus
3054 2231 3508 2286 administratur:

1927 2324 2287 2390 quamobrem
2349 2323 2482 2378 illud
2519 2325 2689 2378 etiam
2742 2325 2899 2379 tlctas
2944 2327 3220 2396 excogitat
3268 2340 3464 2379 causas
3493 2365 3508 2386 ,

1926 2415 2178 2484 praebens
2207 2415 2450 2472 subsidia
2481 2417 2694 2487 proeliis
2732 2434 2748 2474 :
2804 2418 2912 2474 hoc
2945 2434 3102 2474 veras
3133 2433 3354 2490 quoque
3405 2419 3512 2474 tol-

1925 2504 2041 2561 lere
2074 2515 2332 2572 conatur,
2364 2520 2425 2563 ut
2455 2509 2704 2565 medicus
2733 2525 2845 2564 non
2880 2510 2934 2565 in
2969 2524 3146 2574 ramo,
3179 2511 3275 2566 sed
3308 2512 3365 2566 lu
3419 2526 3509 2565 ra-

1925 2599 2045 2654 dice
2107 2602 2446 2657 curationem
2504 2613 2745 2658 tentans.
2799 2603 3095 2673 Postquam
3153 2614 3336 2660 autem
3366 2605 3512 2660 acci-

1925 2691 2025 2757 dit,
2061 2700 2122 2746 ut
2175 2691 2422 2748 Palamas
2454 2709 2577 2748 cum
2613 2703 2725 2751 tota
2776 2695 2983 2750 familia
3025 2711 3124 2751 sua
3149 2707 3210 2752 et
3239 2697 3506 2752 determi-

1925 2784 2152 2840 natione
2177 2795 2233 2840 et
2264 2788 2618 2855 separatione
2647 2786 2830 2841 divina
2860 2789 3248 2846 succumberet
3275 2791 3512 2860 patriar-

1922 2877 2047 2934 chis
2097 2877 2424 2944 duobus,et
2469 2880 2748 2940 omnibus.
2790 2889 3064 2951 quotquot
3113 2892 3228 2937 tum
3278 2885 3512 2939 aderant

1921 2971 2218 3041 episcopis,
2258 2972 2432 3027 multo
2479 2973 2652 3043 magis
2703 2973 3158 3044 tranquillitatem
3209 2976 3506 3046 probabant

1921 3072 1978 3119 et
2021 3065 2403 3130 nanciscebar,
2428 3065 2638 3136 quippe
2663 3083 2784 3138 quae
2818 3068 2933 3122 sola
2971 3068 3287 3124 facultatem
3332 3079 3388 3124 et
3419 3087 3508 3124 ra-
3558 3063 3565 3078 ’

1923 3156 2130 3212 tionem
2158 3157 2430 3226 pra-heret
2455 3159 2845 3213 haereticorum
2877 3159 3085 3214 familia
3137 3173 3194 3216 et
3242 3162 3505 3217 societate

1921 3249 2056 3305 satis
2082 3249 2424 3305 abstinendi.
2459 3250 2580 3306 Jam
2618 3266 2753 3306 vero
2786 3252 3212 3308 insectationem
3248 3255 3505 3309 accendit

1920 3340 2178 3396 Ecclesiae
2209 3349 2527 3411 tempestas,
2557 3350 2615 3398 et
2648 3344 2808 3414 27]
2841 3359 2962 3399 eam
2994 3346 3215 3414 quidem
3254 3345 3500 3400 omnium

1921 3432 2381 3489 terribilissimam
2434 3445 2491 3489 et
2539 3437 2965 3505 atrocissimam,
3020 3438 3094 3491 ita
3146 3448 3205 3493 ut
3260 3439 3401 3493 hanc
3431 3441 3504 3496 ob

1920 3542 2038 3581 rem
2063 3543 2171 3581 non
2201 3527 2380 3583 solum
2405 3527 2717 3597 patriarcha
2742 3530 3006 3599 expulsus
3056 3539 3233 3586 morte
3265 3531 3502 3587 violenta

1920 3619 2066 3674 diem
2097 3635 2416 3690 supremum
2448 3620 2650 3686 obiret,
2687 3621 2783 3676 sed
2819 3624 2987 3678 etiam
3011 3623 3401 3694 episcoporum
3446 3635 3505 3680 et

1919 3713 2372 3784 presbyterorum
2424 3723 2698 3784 quotquot
2746 3713 2802 3769 in
2852 3715 3116 3786 periculis
3157 3729 3500 3773 constantem

1918 3806 2044 3861 vitae
2067 3807 2336 3862 rationem
2377 3808 2664 3872 tenebant,
2695 3808 2838 3864 alius
2887 3809 2993 3865 alio
3028 3826 3124 3880 per
3165 3813 3360 3866 orbem
3391 3821 3504 3869 ter-

1922 3915 2106 3954 rarum
2135 3900 2391 3972 exagitati
2419 3899 2847 3970 dissiparentur.
2877 3900 3087 3957 Omitto
3113 3907 3506 3976 narrare,qui—

1921 3993 2025 4048 bus
2054 3993 2335 4060 acciderit,
2363 4001 2424 4046 ut
2461 3992 2517 4046 in
2551 4009 2772 4048 carcere
2822 4005 2877 4048 et
2907 3994 3152 4050 tenebris
3187 3997 3501 4066 interirent,

1920 4100 2222 4156 omnesque
2260 4085 2354 4154 qui
2390 4084 2536 4140 fame
2587 4097 2643 4140 et
2679 4085 2771 4139 siti
2827 4095 2880 4138 et
2934 4088 3368 4142 necessariorum
3401 4105 3500 4159 pe-

1919 4181 2080 4236 nuria
2111 4191 2288 4236 morte
2311 4180 2551 4236 violenta
2579 4179 2949 4236 decederent:
2985 4190 3042 4236 et
3069 4181 3123 4236 id
3156 4187 3304 4252 quod
3331 4185 3496 4238 etiam

1920 4274 2143 4345 gravius
2169 4282 2258 4329 est
2281 4313 2296 4338 ,
2347 4273 2494 4344 quod
2536 4262 2606 4329 ne
2660 4273 2972 4344 sepulcrum
3010 4273 3252 4344 quidem,
3287 4289 3322 4330 ο
3354 4283 3500 4332 terra

1920 4376 1976 4421 et
2001 4365 2102 4429 sol,
2139 4373 2197 4418 ut
2224 4364 2494 4419 haberent
2516 4380 2614 4434 per
2635 4373 2922 4436 cognatos,
2951 4368 3016 4422 iis
3038 4382 3360 4422 concessum
3391 4381 3498 4432 est,
3550 4427 3558 4434 ,

1920 4458 2026 4512 nisi
2060 4458 2378 4528 quicunque
2407 4457 2546 4512 clam
2603 4457 2978 4513 humabantur
3003 4498 3022 4524 ,
3073 4475 3390 4529 quanquam
3428 4479 3498 4516 ne

1845 4526 1992 4602 θαι)
2033 4526 2120 4602 his
2149 4547 2372 4618 quidem
2409 4547 2517 4603 sibi
2573 4543 2951 4618 temperabant
3008 4526 3280 4608 illi—cauis
3322 4551 3500 4608 Laco-

1921 4639 2058 4694 nicae
2100 4639 2277 4694 instar
2307 4639 2607 4694 odorantes
2633 4647 2687 4694 et
2715 4639 3136 4712 investigantes:
3174 4643 3270 4696 sed
3302 4643 3497 4698 horum

1919 4747 2139 4802 quoque
2189 4731 2483 4786 nonnullos
2516 4730 2818 4786 eruebant.
2865 4731 2991 4788 Haec
3031 4733 3198 4800 igitur
3251 4736 3498 4790 omnium

1918 4825 2364 4894 persecutionum
2420 4824 2525 4880 fuit
2582 4825 2928 4894 gravissima.
2979 4826 3121 4892 Quid
3173 4827 3321 4881 enim
3379 4844 3498 4882 am-

1918 4915 2062 4985 plius
2091 4916 2439 4970 committere
2493 4921 2748 4986 poterant
2785 4915 2839 4968 in
2878 4931 3079 4985 corpus
3107 4931 3271 4971 sensu
3305 4932 3494 4974 carens

1915 5006 2085 5062 animi
2127 5007 2298 5076 inepti
2335 5006 2702 5076 ignorantiam
2755 5007 3106 5064 eﬂundentes
3134 5009 3158 5062 ?
3185 5006 3320 5063 Nam
3355 5010 3495 5066 mori

1917 5114 2140 5154 necesse
2163 5107 2282 5164 est;
2313 5099 2458 5168 quod
2487 5107 2669 5152 autem
2695 5097 2763 5151 ad
2789 5097 3082 5152 vivendum
3115 5108 3213 5153 aut
3244 5100 3494 5169 sepultu-

1916 5207 2028 5246 ram
2071 5192 2291 5256 attinet,
2321 5190 2515 5246 horum
2555 5191 2780 5246 omnino
2804 5200 3060 5246 neutrum
3115 5205 3340 5247 necesse
3368 5204 3490 5260 est;

1913 5295 2142 5356 propter
2228 5284 2376 5353 quod
2430 5283 2666 5338 alterum
2741 5283 2908 5337 etiam
2993 5282 3184 5338 invitis
3251 5284 3493 5339 homini-

1915 5377 2018 5431 bus
2066 5379 2260 5432 natura
2318 5376 2533 5445 perﬁcit
2581 5393 2594 5430 :
2649 5375 2886 5430 alterum
2939 5374 2996 5430 in
3057 5375 3340 5431 voluntate
3392 5392 3492 5446 po-

1915 5472 2080 5523 situm
2151 5454 2513 5538 superstitum
2589 5471 2805 5540 signum
2865 5477 2952 5524 est
3013 5468 3338 5524 alterutrius
3391 5479 3490 5524 aut

1912 5562 2200 5617 dementiae
2238 5571 2334 5616 aut
2389 5561 2716 5632 prudentiae.
2755 5561 2870 5616 Tali
2906 5561 3073 5632 igitur
3125 5561 3491 5618 insectatione

1911 5651 2181 5707 allicimur
2213 5653 2374 5708 etiam
2415 5669 2536 5718 nos,
2565 5653 2658 5723 qui
2682 5652 2902 5723 quidem
2939 5652 3138 5722 inepta:
3170 5667 3366 5708 vocum
3393 5669 3493 5709 no-

1913 5747 2066 5800 vitati
2094 5747 2324 5801 Palamse
2354 5747 2512 5801 istius
2546 5745 2830 5817 indulgere
2858 5747 3118 5802 nolimus.
3145 5745 3339 5802 Omnia
3367 5749 3494 5810 ani-

1917 5839 2039 5893 dem
2079 5840 2241 5905 mala,
2294 5856 2416 5909 qua:
2468 5852 2756 5910 propterea
2808 5843 3018 5911 experti
3077 5857 3290 5908 sumus,
3327 5838 3500 5912 272Δ
