3856 6558
438 467 548 528 "243

1641 469 2057 545 NICEPHORI
2097 469 2300 528 GREG
2310 473 2478 530 (ΜὶΛί

3567 468 3662 532 ΞΗ

443 592 695 638 naturam
743 584 993 639 venerari
1034 594 1090 640 ct
1134 584 1336 652 colere,
1391 586 1550 657 cujus
1600 587 1816 658 signum
1849 598 2015 644 estet

2129 591 2335 644 κτιστδν
2365 590 2470 654 ἔξω
2492 591 2590 660 τῆς
2618 590 2764 651 θείας
2792 589 3009 658 φύσεως
3065 590 3205 640 νοεῖν
3252 585 3670 652 ὲπατδεύθημεν,

447 675 710 731 indicium
750 675 874 741 hoc,
914 685 973 731 ut
1005 691 1127 732 esse
1158 692 1337 748 neque
1384 677 1614 750 incipiat
1664 695 1840 750 neque
1869 680 2016 736 desi-

448 775 564 821 nat.
588 766 783 822 Omnia
811 767 942 821 facit
963 776 1014 823 et
1066 771 1331 840 prospicit
1359 780 1414 825 et
1442 771 1690 827 continet
1737 773 1896 837 Deus,
1929 789 2018 828 so-

443 860 534 914 lus
574 859 877 924 increatus,
907 862 1000 930 qui
1029 864 1254 932 quidem
1280 863 1335 918 in
1371 863 1532 918 Patre
1553 872 1606 918 et
1636 865 1776 920 Filio
1805 877 1860 921 et
1888 866 2016 937 Spi-

443 952 550 1006 ritu
583 963 772 1006 sancto
793 953 1050 1008 laudatur
1076 963 1132 1010 et
1164 956 1498 1010 celebratur.
1541 954 1713 1011 Omne
1745 957 1891 1027 quod
1934 968 2021 1014 est

449 1053 542 1096 aut
573 1051 816 1097 creatum
851 1053 935 1099 est
967 1053 1060 1098 aut
1099 1046 1405 1101 increatum
1435 1067 1449 1103 :
1497 1047 1696 1117 quodsi
1729 1059 1972 1104 creatum
2001 1087 2017 1110 ,

447 1133 518 1187 ab
545 1135 654 1188 alio
680 1136 842 1204 plane
891 1146 977 1191 est
1007 1147 1255 1192 creatum
1285 1155 1301 1193 :
1335 1142 1418 1194 sin
1469 1151 1650 1196 autem
1692 1141 2018 1206 incrcatum,

449 1224 554 1279 hoc
583 1225 702 1280 sine
733 1225 904 1280 duhio
941 1227 1074 1281 illud
1103 1240 1207 1291 est,
1243 1229 1390 1298 quod
1429 1243 1612 1286 creata
1648 1232 1875 1287 creavit.
1906 1231 2020 1285 Hoc

449 1326 636 1370 autem
662 1317 790 1386 quid
818 1317 964 1372 aliud
989 1301 1108 1374 esse
1133 1329 1312 1389 potest
1340 1338 1505 1392 quam
1532 1323 1714 1376 Deus?
1743 1322 1869 1376 Sola
1897 1321 2022 1375 Tri-

451 1409 595 1462 nitas
630 1418 713 1462 est
739 1407 1117 1474 immutabilis,
1152 1421 1348 1467 caetera
1387 1421 1569 1468 autem
1603 1429 1670 1467 ex
1719 1429 1779 1466 ea
1817 1422 2020 1466 mutata

449 1481 580 1553 sunt
608 1518 621 1554 :
651 1500 768 1554 sola
799 1510 881 1555 est
905 1511 1111 1557 aeterna
1144 1512 1200 1557 et
1245 1503 1492 1559 increata
1519 1505 1764 1559 Trinitas
1817 1513 1871 1558 et
1909 1519 2021 1558 non

447 1593 651 1660 genita.
691 1591 870 1648 Unum
903 1601 986 1648 est
1017 1594 1165 1664 quod
1198 1595 1250 1648 in
1279 1597 1520 1651 essentia
1551 1613 1658 1652 una
1690 1596 2019 1652 Trinitatem

453 1679 587 1734 facit
627 1679 916 1750 integram,
947 1694 1141 1738 extera
1174 1695 1358 1742 autem
1380 1697 1508 1741 sunt
1537 1689 1716 1757 genita
1738 1696 1792 1742 et
1813 1696 2018 1742 creata.

452 1767 749 1839 Propterea
788 1772 933 1827 enim
970 1785 1025 1828 et
1058 1775 1159 1843 ipsi
1190 1791 1299 1830 non
1333 1777 1647 1841 adoramus,
1682 1793 2023 1847 qumcunque

448 1859 711 1916 inferiora
769 1873 899 1917 sunt
935 1865 1172 1920 essentia
1219 1867 1314 1921 Dei
1346 1883 1362 1932 ;
1399 1867 1579 1923 dicam
1612 1868 1868 1923 nimirum
1921 1868 2019 1922 tibi

453 1952 644 2005 eadem
672 1952 739 2007 de
773 1952 1002 2024 Spiritu,
1031 1971 1152 2026 quae
1181 1957 1248 2013 de
1279 1929 1446 2015 Filio:
1487 1961 1820 2019 abundantia
1861 1962 2020 2031 277
2053 1929 2096 1988 Β

449 2042 545 2106 Dei
578 2043 688 2098 Deo
717 2055 812 2100 aut
858 2051 1030 2117 major
1061 2057 1170 2114 est,
1212 2060 1305 2106 aut
1339 2067 1456 2122 par,
1493 2061 1588 2109 aut
1633 2054 1833 2119 minor,
1864 2062 2028 2124 atque

452 2136 626 2204 major
656 2137 878 2207 quidem
907 2155 1017 2194 non
1046 2151 1150 2208 est,
1187 2143 1329 2198 nihil
1368 2145 1517 2199 enim
1558 2145 1668 2200 Deo
1703 2146 1898 2215 majus,
1930 2161 2029 2200 ne-

453 2241 561 2289 que
594 2226 772 2282 minor
807 2239 910 2296 est,
941 2246 1065 2285 nam
1105 2243 1217 2286 tum
1245 2248 1483 2302 poneres
1514 2235 1567 2289 in
1593 2245 1904 2291 crcatorum
1929 2253 2030 2291 nu-

453 2332 606 2370 mero
629 2333 750 2381 eam
783 2337 797 2384 ;
834 2322 978 2390 quod
1011 2323 1158 2376 enim
1193 2325 1302 2379 Deo
1335 2325 1536 2390 minus,
1575 2327 1626 2380 id
1651 2338 1735 2382 est
1761 2337 2023 2395 creatum.

446 2407 761 2476 Creatorem
799 2417 856 2466 et
895 2412 1196 2468 increatum
1229 2417 1491 2476 exsistere
1526 2417 1622 2471 uni
1674 2427 1882 2472 tantum
1915 2419 2027 2475 Deo

449 2510 536 2554 est
587 2515 936 2557 concessum.
968 2502 1065 2557 llis
1096 2505 1386 2575 adjiciatur
1439 2507 1647 2561 dictum
1697 2509 1868 2563 divini
1920 2509 2027 2564 Co-

457 2607 589 2647 smte
625 2592 955 2650 venerabilis
1008 2596 1184 2662 vatis,
1234 2611 1426 2652 omnes
1475 2600 1662 2654 tideles
1714 2611 2026 2656 convocatae

454 2685 603 2750 celso
634 2685 816 2740 edicto
848 2687 1107 2742 increatae
1137 2698 1192 2742 et
1225 2689 1424 2744 innata:
1458 2691 1551 2747 Dei
1593 2692 1895 2762 sapientia.
1931 2693 2026 2747 Di-

451 2785 650 2837 centur
683 2785 868 2830 autem
903 2791 935 2832 a
982 2777 1142 2832 nobis
1175 2779 1227 2833 in
1259 2795 1552 2852 progressu
1603 2784 1764 2838 etiam
1816 2800 1880 2839 ea
1906 2799 2026 2853 qua:

455 2865 655 2922 similia
680 2877 830 2923 sunt.

524 3133 587 3190 ν.
620 3133 728 3190 Sed
759 3133 1008 3193 Palamas
1039 3153 1162 3193 cum
1192 3155 1300 3194 non
1333 3149 1524 3210 posset
1573 3142 1746 3202 ullum
1777 3145 2022 3213 proferre

454 3226 718 3296 scriptum
747 3229 1143 3293 testimonium.
1177 3247 1277 3288 suo
1299 3234 1548 3303 periculo
1593 3237 1897 3292 conabatur
1929 3253 2021 3292 ar-

453 3319 785 3386 gumentari,
841 3336 962 3390 quae
1010 3324 1163 3379 omni
1219 3337 1542 3404 argumento
1575 3338 1863 3394 carerent,
1895 3345 2022 3393 suas

455 3411 733 3480 inauditas
791 3414 1091 3470 sententias
1141 3418 1456 3474 statuendo.
1510 3419 1572 3474 Et
1610 3423 1756 3490 quis,
1803 3422 2020 3491 inquit,

453 3501 690 3571 ignorat,
708 3519 878 3558 unum
904 3505 1210 3560 increatum
1229 3522 1374 3573 esse,
1388 3509 1557 3566 Deum
1574 3510 1597 3563 2
1613 3510 1726 3566 lloc
1755 3511 2025 3581 signiﬁcat

454 3594 546 3649 ille
567 3593 758 3650 dicens
781 3635 796 3660 ,
828 3595 963 3650 nihil
985 3611 1107 3652 esse
1139 3599 1442 3656 increatum
1473 3602 1577 3657 nisi
1604 3613 1854 3658 naturam
1883 3603 2026 3658 divi-

454 3702 604 3756 nam.
627 3687 834 3753 Quodsi
862 3687 966 3743 hoc
987 3704 1096 3742 non
1130 3689 1204 3745 ita
1245 3694 1568 3759 sentiemus,
1590 3694 1756 3749 etiam
1814 3695 2025 3752 divinas

455 3773 793 3834 Substantias
821 3795 932 3835 non
970 3781 1219 3837 dicemus
1269 3783 1563 3851 increatas,
1603 3786 1734 3856 quia
1769 3788 2027 3843 substan-

463 3873 534 3927 tia
575 3887 685 3928 non
717 3881 803 3928 est
828 3881 1043 3927 natura.
1069 3873 1284 3930 Etenim
1325 3876 1368 3932 si
1413 3893 1478 3931 ex
1516 3877 1674 3932 nobis
1700 3885 1982 3947 quaeratur
2007 3921 2024 3948 ,

458 3963 591 4033 quid
623 3963 697 4018 sit
733 3965 992 4029 essentia,
1041 3965 1318 4022 hominem
1367 3979 1738 4024 monstramus
1793 3969 2027 4026 fortasse

459 4070 556 4114 aut
583 4057 840 4128 lapidem,
867 4067 924 4112 et
954 4059 1057 4114 hoc
1081 4061 1242 4115 modo
1269 4067 1563 4117 essentiam
1594 4077 1719 4118 cum
1747 4064 2024 4131 omnibus,

459 4166 579 4218 quae
621 4152 673 4206 ei
723 4151 932 4216 insunt,
973 4151 1136 4206 rebus
1192 4155 1536 4222 naturalibus
1583 4156 2024 4212 commiscemus.

459 4243 671 4307 Etenim
702 4244 868 4298 etiam
895 4244 1137 4310 divinum
1165 4246 1522 4300 Athanasiqu
1562 4246 1764 4304 dixisse
1798 4248 1983 4306 ferunt
2011 4269 2024 4304 :

459 4335 742 4400 Sanctum,
773 4335 1000 4400 bonum,
1035 4339 1361 4404 incrcatum,
1399 4340 1800 4408 inexplicilum,
1844 4341 2027 4396 incor-

463 4439 711 4493 poreum,
753 4426 1016 4494 temporis
1067 4425 1422 4483 distinctione
1457 4443 1681 4492 carens,
1723 4438 1986 4484 aeternum
2012 4471 2028 4495 ,

463 4510 678 4580 creans,
716 4516 941 4584 iustum,
967 4516 1125 4572 initio
1155 4526 1210 4573 et
1244 4518 1351 4574 line
1380 4535 1598 4585 carens,
1642 4535 1751 4575 non
1801 4522 2031 4576 investi-

2125 683 2296 752 μόνην
2313 683 2371 736 δὲ
2394 683 2493 752 τὴν
2521 684 2778 737 ἄκτιστον
2808 681 2971 750 φύσιν
2998 678 3323 744 σεόἀζεσθαί
3371 695 3430 730 τε
3470 679 3562 729 καὶ
3590 676 3676 728 λα·

2120 777 2337 846 τρεύειν
2361 772 2427 848 ἦς
2456 777 2746 848 χαρακτήρ
2775 779 2891 830 ὲστι
2944 775 3042 828 καὶ
3099 775 3389 842 γνώρισμα
3447 770 3508 822 τὸ
3551 774 3675 837 μήτε

2121 870 2389 941 ἄρχεσθαι
2415 869 2508 922 τοῦ
2544 866 2684 923 εἷναί
2710 886 2840 922 ποτε
2873 868 3011 937 μήτε
3043 864 3337 920 παύεσθαι.
3373 863 3678 931 Πάντωνμ)

2123 965 2357 1034 ποιητὴς
2383 963 2477 1016 καὶ
2499 962 2805 1034 προνοητὴς
2847 961 2943 1016 καὶ
2973 957 3233 1028 συνοχεὺς
3268 959 3295 1010 6
3351 956 3485 1018 Θεός
3519 956 3678 1016 ἐστιν,

2121 1057 2150 1108 6
2184 1056 2346 1126 μόνος
2377 1057 2651 1119 ἇκτιστος,
2682 1057 2710 1108 6
2765 1056 2824 1106 ὲν
2866 1055 3041 1119 Πατρὶ
3102 1052 3197 1105 καὶ
3243 1049 3357 1120 Υίῷ
3405 1050 3501 1102 καὶ
3547 1048 3678 1114 ἁγίῳ

2123 1141 2405 1212 Πνεύματι
2458 1141 2797 1212 ὑμνούμενος
2826 1158 2884 1194 τε
2912 1141 3007 1195 καὶ
3041 1139 3416 1206 δοξαζόμενος.
3483 1136 3596 1187 Πᾶν
3629 1134 3682 1186 ὃν

2124 1235 2156 1303 ἢ
2187 1237 2410 1288 κτιστύν
2431 1237 2580 1288 ἐστιν
2610 1235 2641 1304 ἢ
2676 1234 2952 1290 ἄκτιστον.
2987 1231 3096 1286 Καὶ
3120 1232 3287 1300 εἰμὲν
3327 1228 3568 1291 κτιστὸν,
3601 1227 3682 1294 ὑφ’

2122 1327 2314 1397 ἑτέρου
2357 1327 2582 1389 πάντως
2643 1325 2893 1394 ἐκτίσθηο
2934 1327 2982 1378 εί
3014 1325 3070 1378 δὲ
3106 1324 3384 1384 ἄκτιστον,
3435 1319 3583 1371 τοῦτ’
3625 1318 3682 1370 ἂν

2123 1417 2208 1482 εἴη
2231 1416 2291 1470 τὸ
2317 1417 2383 1470 τὰ
2411 1416 2607 1469 κτιστὰ
2642 1416 2858 1470 κτίσαν.
2897 1413 3070 1468 Τοῦτο
3096 1415 3150 1466 δὲ
3180 1413 3231 1465 τί
3261 1412 3389 1465 ἄλλο
3445 1409 3512 1462 ἂν
3538 1407 3623 1475 εἴη
3653 1408 3682 1475 ἦ

2121 1509 2294 1572 Θεόςς
2346 1507 2460 1562 Μία
2510 1507 2681 1572 Τριὰς
2744 1505 3193 1576 ἀπαράλλακτος,
3251 1503 3319 1555 τὰ
3357 1502 3404 1555 δ’
3461 1500 3598 1554 ἁλὶα
3634 1500 3685 1563 ἐξ

2121 1601 2286 1668 αὐτῆς
2311 1598 2773 1670 παρηλλαγμένα.
2811 1598 2966 1665 Μόνη
2997 1597 3052 1650 δὲ
3091 1597 3265 1656 ἀΐδιος
3315 1595 3408 1647 καὶ
3432 1593 3684 1652 ἄκτιστος

2120 1691 2349 1763 ἠτριὰς
2378 1690 2813 1761 καὶάγὲννητος.
2849 1688 2946 1741 Ἐν
2988 1690 3106 1740 ἐστι
3153 1687 3214 1739 τὸ
3261 1683 3449 1738 ποιοῦν
3495 1685 3551 1734 ἐν
3597 1683 3685 1751 μιᾷ

2121 1781 2282 1853 οὐσίᾳ⁴
2333 1783 2564 1852 Τριάδος
2619 1781 2855 1846 τελείας,
2892 1781 2960 1833 τὰ
3005 1777 3050 1834 δ’
3101 1779 3234 1833 ἄλλα
3296 1776 3534 1845 γεννητὰ
3603 1776 3686 1825 καὶ

2122 1878 2343 1930 κτιστά.
2378 1857 2478 1927 Δίὰ
2499 1874 2660 1926 τοῦτο
2711 1873 2819 1945 γὰρ
2855 1874 2951 1926 καὶ
2994 1872 3148 1925 αὐτοὶ
3181 1872 3240 1923 ού
3275 1865 3687 1939 προσκυνοῦμεν

2128 1965 2239 2016 πᾶν
2270 1965 2332 2016 τὸ
2387 1961 2729 2032 ύποὸεὸηκδς
2771 1961 2866 2028 τὴν
2935 1960 3126 2014 οὐσίαν
3187 1957 3282 2010 τοῦ
3338 1954 3496 2008 Θεοῦ.
3556 1953 3689 2021 Ἐρῶ

2130 2057 2236 2126 γάρ
2265 2073 2346 2108 σοι
2366 2057 2458 2108 καὶ
2493 2054 2738 2123 περὶτοῦ
2789 2051 3107 2120 Πνεύματος
3139 2051 3275 2120 ὅπερ
3315 2051 3410 2101 καὶ
3434 2048 3572 2116 περὶ
3602 2044 3687 2096 τοῦ

2129 2146 2262 2201 Υἱοῦ
2301 2147 2510 2214 ελεγον,
2539 2147 2623 2198 ὅτι
2649 2147 2677 2199 6
2705 2143 2934 2206 πλοῦτος
2966 2141 3056 2196 τοῦ
3087 2140 3278 2210 Θεοῦῆ
3314 2138 3517 2209 μείζων
3549 2139 3690 2189 ἐστὶν

2129 2242 2161 2314 ἢ
2195 2241 2308 2303 ἴσος
2342 2241 2376 2310 ἢ
2414 2240 2675 2293 ἐλάττων.
2701 2237 2812 2292 Καὶ
2846 2237 3050 2306 μείζων
3085 2235 3185 2304 μὲν
3219 2235 3317 2291 οὐκ
3340 2233 3512 2294 ἔστιν,
3544 2231 3691 2284 ούδὲν

2127 2337 2238 2404 γάρ
2269 2333 2364 2388 τοῦ
2392 2334 2526 2386 Θεοῦ
2566 2331 2752 2401 μεῖζον
2776 2346 2791 2361 ’
2826 2329 3067 2384 ἐλάττων
3096 2328 3152 2381 δὲ
3190 2327 3290 2380 οὐκ
3347 2325 3518 2387 ἔστιν,
3580 2325 3692 2375 ἐπεὶ

2130 2427 2319 2496 θήσεις
2344 2425 2504 2478 αὐτὴν
2535 2424 2674 2494 μετά
2705 2421 2814 2474 τῶν
2843 2421 3187 2490 κτισμάτωνσ
3221 2418 3281 2472 τὸ
3320 2418 3430 2484 γὰρ
3476 2414 3689 2466 ἔλαττον

2127 2520 2220 2572 τοῦ
2243 2518 2378 2570 Θεοῦ
2406 2519 2633 2586 κτίσμα.
2664 2517 2737 2568 Τὸ
2764 2517 3021 2569 ἀκτιστον
3054 2513 3148 2566 καὶ
3192 2511 3424 2580 κτίστην
3454 2508 3691 2560 νοεῖσθαι

2127 2609 2210 2662 ἑνὶ
2245 2610 2391 2676 μόνῳ
2419 2605 2682 2673 πρόσεστι
2705 2603 2780 2672 τῷ
2816 2603 2954 2671 Θεῷ.
2987 2600 3208 2663 Τούτοις
3239 2595 3591 2669 προσκείσθω
3607 2593 3693 2646 καὶ

2130 2699 2191 2752 τὸ
2242 2699 2338 2751 τοῦ
2394 2697 2539 2750 θείου
2573 2696 2772 2766 Κοσμᾶ
2825 2693 2916 2746 τοῦ
2959 2692 3156 2759 σεμνοῦ
3208 2687 3469 2760 μεὶῳδοῦ.
3514 2687 3695 2739 Ἀκου-

2130 2790 2350 2859 σθῶμεν
2380 2791 2580 2850 πάντες
2604 2788 2652 2840 oi
2691 2787 2875 2840 πιστοὶ
2901 2783 3346 2852 συγκαλουμένης
3375 2780 3572 2849 ὑψηλῷ
3604 2797 3692 2847 κγ,-

2130 2885 2377 2954 ρύγματι
2434 2882 2532 2950 τῆς
2561 2882 2820 2934 ἁκτίστου
2863 2879 2957 2934 καὶ
3003 2878 3244 2947 ἐμφύτου
3302 2875 3496 2944 σοφίας
3537 2873 3691 2925 Θεοῦ.

2131 2978 2430 3047 Εἰρήσεται
2516 2976 2573 3030 δὲ
2649 2973 2941 3044 προῖιιῦσιν
3025 2973 3157 3042 ἡμῖν
3226 2969 3321 3023 καὶ
3367 2969 3436 3022 τὰ
3513 2985 3690 3037 παρα-

2127 3070 2355 3139 πλήσια.

2200 3161 2272 3216 Ε’.
2325 3161 2385 3215 Ὀ
2426 3159 2482 3213 δὲ
2516 3159 2782 3228 Παλαμᾶς
2821 3159 2920 3212 οὐκ
2966 3157 3104 3228 ἔχων
3140 3156 3397 3228 οὐδεμίαν
3431 3155 3693 3224 προάγειν

2048 3289 2094 3348 c
2127 3247 2409 3324 γραφικὴν
2457 3248 2789 3320 μαρτυρίαν,
2853 3248 3065 3301 οἴκοθεν
3120 3247 3393 3317 ἐπεχείρει
3451 3243 3694 3310 συλλογί-

2127 3347 2317 3410 ζεσθαι
2361 3344 2430 3398 τὰ
2457 3339 2845 3409 ἀσυλλόγιστα,
2875 3340 3057 3400 θέσεις
3090 3343 3437 3408 καινοφανεῖς
3476 3338 3692 3408 τιοέμεο

2124 3452 2214 3498 νος
2248 3428 2466 3487 ἑαυτοῦ.
2507 3448 2527 3493 ι
2576 3431 2687 3484 Καὶ
2722 3430 2804 3492 τίς
2839 3429 2939 3484 ούκ
2991 3425 3120 3494 οἶδε,
3168 3447 3186 3480 ι
3225 3430 3409 3496 φησὶν,
3456 3447 3476 3478 ι
3512 3427 3598 3479 ὅτι
3643 3425 3693 3477 ἓν

2125 3523 2382 3580 ἄκτιστόν
2410 3524 2556 3576 ἐστιν
2585 3524 2612 3576 6
2639 3521 2808 3587 Θε6ς;
2847 3540 2865 3572 ι
2909 3519 3080 3574 Τοῦτο
3117 3519 3251 3588 γοῦν
3291 3523 3438 3572 ἐστιν
3468 3519 3495 3571 ὅ
3531 3534 3696 3588 φησιν

2125 3620 2152 3673 6
2185 3617 2357 3684 λέγων
2392 3616 2559 3686 μηδὲν
2605 3611 2746 3668 εἶναι
2795 3616 3046 3668 ἀκτιστον
3101 3613 3240 3681 πλὴν
3278 3614 3376 3682 τῆς
3411 3613 3568 3674 θείας
3600 3611 3692 3680 φύ-

2129 3723 2288 3769 σεως.
2321 3705 2382 3758 El
2417 3705 2472 3756 δὲ
2523 3705 2597 3773 μὴ
2629 3701 2772 3754 οὕτω
2820 3701 2979 3756 τοῦτο
3027 3702 3335 3772 νοήσωμεν,
3378 3701 3572 3754 λοιπὸν
3603 3702 3695 3760 τὰς

2129 3798 2280 3862 θείας
2307 3797 2638 3858 ὑποστάσεις
2685 3796 2784 3849 οὐκ
2826 3794 3061 3864 ἐροῦμεν
3105 3794 3416 3856 ἀκτίστους,
3453 3792 3580 3846 ἐπεὶ
3625 3791 3696 3861 μὴ

2129 3890 2245 3943 ἐστι
2279 3889 2440 3959 φύσις
2477 3889 2510 3959 ἡ
2551 3887 2849 3950 ὑπόστασις
2879 3904 2892 3918 ·
2928 3887 3022 3939 καὶ
3067 3887 3172 3956 γὰρ
3221 3885 3617 3954 ἀπαιτούμενοι
3647 3872 3721 3936 τί’

2129 3983 2278 4035 ἐστιν
2315 3979 2496 4043 οὐσία,
2531 3978 2624 4031 τὸν
2672 3977 2958 4046 ἄνθρωπον
2999 3977 3290 4037 δείκνυμεν
3330 3975 3496 4046 τυχὸν
3528 3977 3564 4046 ἢ
3609 3975 3696 4028 τὸν

2127 4074 2293 4139 λίθον,
2334 4071 2632 4142 τηνικαῦτα
2665 4070 2728 4142 [1⁵.
2773 4070 2875 4124 135
2909 4067 2983 4142 υ.]
3027 4070 3123 4136 τὴν
3171 4069 3364 4122 οὐσίαν
3415 4070 3556 4138 μετὰ
3590 4067 3696 4120 τῶν

2130 4161 2376 4232 φυσικῶν
2410 4161 2541 4230 περὶ
2568 4160 2738 4227 αὐτὴν
2784 4158 3006 4211 πάντων
3055 4157 3552 4226 συλλαμϐάνοντες.
3594 4155 3696 4208 Καὶ

2129 4253 2239 4321 γὰρ
2292 4251 2386 4303 καὶ
2449 4249 2767 4302 ’Δθανασίου
2811 4248 2906 4301 τοῦ
2937 4245 3084 4300 θείου
3118 4246 3370 4314 λέγοντος
3405 4245 3694 4316 ἀκούομεν,

2128 4343 2190 4395 τὸ
2220 4341 2397 4409 ἅγιον,
2429 4341 2490 4395 τὸ
2530 4341 2754 4408 ἀγαθὸν,
2784 4339 2844 4392 τὸ
2871 4339 3146 4400 ἄκτιστον,
3175 4338 3235 4391 τὸ
3267 4339 3696 4407 ἀνερμήνευτον,

2129 4430 2192 4482 τὸ
2222 4428 2536 4498 ἀσώματον,
2574 4428 2636 4480 τὸ
2672 4428 2920 4497 ἄχρονον,
2952 4426 3012 4480 τδ
3064 4425 3258 4492 ἀΐδιον,
3287 4427 3348 4477 τὸ
3375 4427 3697 4495 δημιουργι-

2132 4521 2248 4587 κδν,
2307 4521 2369 4574 τὸ
2419 4519 2646 4585 δίκαιον,
2699 4521 2759 4572 τὸ
2816 4521 3072 4590 ἄναρχον,
3112 4518 3174 4572 τὸ
3227 4517 3610 4585 ἀτελεύτητον,
3644 4517 3697 4568 τὸ

459 4617 662 4674 gatum,
682 4607 977 4676 inﬁnitum,
1007 4610 1277 4680 ignotum,
1296 4612 1462 4681 278
1483 4613 1755 4678 voluntas,
1777 4613 1882 4675 vis,
1897 4629 2025 4682 pro-

2133 4612 2558 4682 ἀνεξιχνίαστον,
2595 4614 2657 4664 τὸ
2680 4610 2931 4682 ἄπειρον,
2966 4612 3026 4665 τὸ
3065 4612 3362 4678 ἄγνωστον,
3399 4609 3694 4678 ἠθέλησις,

460 4699 726 4760 γίιιειιιὶο,
767 4700 1053 4769 sapientia,
1091 4700 1223 4764 vita,
1255 4701 1494 4770 taliaque
1517 4740 1531 4764 ,
1580 4719 1685 4758 non
1717 4703 2033 4778 singillatim

463 4800 692 4860 \jor'atur
716 4791 975 4855 essentia,
1007 4792 1103 4846 sed
1131 4807 1195 4846 ea
1224 4807 1346 4861 qua:
1374 4807 1440 4846 ex
1466 4791 1682 4848 duobus
1704 4804 1758 4848 et
1787 4795 2040 4864 pluribus,

458 4881 523 4936 ad
563 4898 728 4936 unum
762 4882 1093 4946 referuntur,
1117 4897 1238 4952 quze
1277 4891 1332 4937 et
1359 4883 1682 4953 compositio
1701 4895 1754 4939 et
1801 4886 2037 4954 explelio

462 4975 771 5030 divinitatis
821 4984 1106 5041 vocantur,
1141 4985 1198 5030 et
1237 4980 1500 5044 praetcrea
1531 4977 1715 5048 dicere
1746 4979 2032 5033 contendit

457 5067 620 5121 etiam
654 5069 920 5123 Joannem
939 5067 1358 5130 Damascenum,
1380 5079 1568 5138 aperte
1600 5068 1816 5123 dill'erre
1845 5069 1914 5122 ab
1938 5071 2024 5122 in-

459 5171 636 5213 creata
665 5168 861 5214 natura
886 5159 1181 5215 increatam
1212 5158 1376 5228 hujus
1401 5159 1774 5216 eﬂlcientiam.
1804 5161 1872 5216 Et
1894 5161 2026 5230 quid

461 5233 599 5321 opus
620 5261 727 5318 est,
759 5252 943 5306 omnia
974 5252 1166 5307 ordine
1193 5267 1440 5320 narrare,
1493 5269 1615 5324 qua:
1648 5253 1770 5308 aliis
1805 5254 1908 5307 alia
1931 5255 2032 5308 ad-

459 5347 595 5397 dens
624 5343 715 5396 ille
755 5341 1023 5396 mentitus
1070 5353 1188 5410 est,
1233 5359 1357 5398 cum
1403 5345 1650 5398 omnium
1711 5353 2030 5399 sanctorum

457 5441 644 5503 :eperte
684 5433 942 5489 irrideret
977 5445 1033 5488 et
1065 5434 1496 5490 calunmiaretur
1551 5436 1722 5491 lihros
1767 5437 2034 5491 divinos?

457 5526 635 5600 Unum
658 5525 905 5594 quidem,
927 5526 1066 5582 dixit
1093 5527 1142 5581 ei
1166 5512 1454 5596 Gregoras.
1477 5529 1559 5582 Sit
1580 5530 1674 5584 tibi
1705 5531 1807 5586 hoc
1829 5531 2030 5584 lemma

455 5603 748 5694 opprobrio
777 5619 846 5673 ab
872 5619 1050 5675 initio.
1080 5620 1337 5675 Estenim
1383 5607 1720 5692 dcprchenSa
1780 5623 2040 5695 maiestas

457 5713 547 5796 t‘ua
580 5707 632 5760 in
666 5709 784 5776 ipso
806 5710 975 5796 furto,
1009 5714 1225 5798 egregie
1252 5715 1521 5783 Palamas,
1545 5698 1755 5802 nullum
1811 5715 2033 5802 habens

520 5891 597 5986 (‘1)
631 5892 735 5947 Τοῦ
765 5896 1148 5967 Δαμασκηνοῦ.

2134 4707 2165 4775 ὴ
2217 4705 2465 4773 δύναμις,
2515 4705 2546 4772 ἡ
2601 4704 2847 4772 πρόνοια,
2904 4705 2936 4773 ή
3003 4702 3252 4772 σοφία,ὴ
3317 4701 3430 4769 ζωὴ
3484 4702 3578 4754 καὶ
3633 4702 3696 4751 τά

2132 4797 2378 4856 τοιαῦτα,
2417 4796 2513 4863 οὐχ
2547 4795 2783 4847 ἕκαστον
2813 4795 2968 4846 οὐσία
3013 4793 3254 4862 λέγεται,
3287 4793 3422 4845 ἀλλὰ
3447 4794 3574 4862 περὶ
3602 4791 3696 4860 τὴν

2131 4890 2340 4952 οὐσίαν,
2367 4887 2440 4948 ὡς
2475 4889 2536 4940 ἐκ
2578 4887 2670 4939 δύο
2717 4887 2812 4938 καὶ
2868 4885 3130 4948 πλειόνων
3160 4888 3253 4939 ἐπὶ
3283 4885 3340 4937 ἒν
3371 4885 3560 4954 ἔχοντα
3603 4884 3694 4952 τὴν

2133 4981 2415 5048 ἀναφορὰν
2461 4977 2497 5032 ἃ
2534 4977 2629 5031 καὶ
2662 4977 2934 5048 ἄθροισμα
2984 4978 3074 5030 καὶ
3126 4978 3404 5048 πλήρωμα
3439 4977 3694 5046 θεότητος

2135 5072 2374 5139 λέγεται.
2410 5069 2518 5122 Καὶ
2571 5070 2662 5122 ἐπὶ
2714 5070 2923 5130 τούτοις
2970 5070 3174 5136 ἔφασκε
3227 5071 3409 5137 λέγειν
3469 5069 3561 5120 καὶ
3607 5071 3697 5119 τὸν

2131 5163 2490 5233 Δαμασκηνὸν
2520 5163 2770 5231 Ἰωάννην
2799 5162 3048 5232 φανερῶς
3076 5163 3174 5231 τῆς
3197 5162 3456 5214 ἀκτίστου
3487 5161 3695 5229 φύσεως

2133 5259 2233 5325 τὴν
2271 5259 2525 5310 ἄκτιστον
2573 5255 2852 5325 διαφέρειν
2900 5253 3105 5324 ταύτης
3148 5255 3456 5324 ἐνέργειαν.
3489 5253 3594 5305 Καὶ
3646 5249 3696 5302 τί

2132 5351 2213 5402 δεῖ
2240 5348 2423 5415 λέγειν
2450 5347 2646 5414 ἅπανθ’
2676 5347 2805 5417 ἑξῆς
2829 5349 2998 5400 ὁπόσα
3032 5349 3118 5416 ἐφ’
3142 5349 3349 5417 ἑτέροις
3379 5347 3538 5416 ἔτερα
3574 5362 3697 5396 συν·

2135 5441 2297 5509 είρων
2321 5440 2527 5500 ἐκεῖνος
2562 5440 2646 5491 ἐπ’
2685 5440 2807 5508 ἴσης
2840 5439 3204 5508 κατεψεύδετο
3239 5439 3460 5490 πάντων
3504 5436 3692 5502 ἁγίων,

2138 5529 2466 5601 βωμολοχῶν
2494 5530 2752 5600 ἄντικρυς
2785 5529 2878 5583 καὶ
2915 5529 3216 5583 διαϐάλλων
3253 5530 3350 5590 τὰς
3379 5529 3523 5587 θείας
3561 5528 3699 5596 Γρα-

2138 5625 2240 5692 qui;
2272 5641 2286 5688 ;
2321 5623 2416 5674 Ἓν
2459 5623 2556 5691 μὲν
2587 5623 2889 5692 οὒν,ἕφησε
2930 5625 3068 5694 πρὸς
3119 5623 3282 5678 αὐτὸν
3321 5625 3348 5675 6
3388 5622 3694 5694 Γρηγορᾶς,

2139 5715 2340 5769 κείσθω
2385 5733 2468 5768 σοι
2523 5715 2681 5768 τοῦτο
2731 5716 2926 5792 λῆμμα
2991 5715 3127 5784 πρὸς
3201 5716 3533 5786 κατηγορίαν
3603 5712 3696 5764 καὶ
