3856 6566
467 381 574 448 24⁵1
641 445 650 450 .

1648 397 2072 460 NICEPHORI
2111 400 2498 469 GREGORE
3611 422 3700 485 248

538 496 650 554 νη.
689 497 880 556 Tertio
931 503 1053 558 loco
1103 505 1482 575 deprehensus
1523 525 1586 565 es
1627 512 1864 581 opinans
1910 513 2012 568 sub

2219 517 2294 574 Z'.
2337 521 2536 592 Τρίτον
2559 522 2615 577 δὲ
2643 525 2726 577 ὅτι
2759 525 2855 578 καὶ
2883 523 2982 588 τὰς
3014 525 3166 588 θείας
3201 525 3532 592 ὑποστάσεις
3559 529 3700 584 ἀνουο
3729 517 3740 530 ’

465 593 700 648 stantias
733 593 952 651 divinas
973 601 1213 654 essentia
1238 615 1446 664 carere,
1477 611 1537 656 ut
1565 603 1732 658 etiam
1791 619 2042 674 saepenu-

463 698 620 738 mero
649 687 760 754 jam
793 693 974 754 antea,
1022 689 1094 744 ita
1131 698 1191 744 ut
1239 692 1560 749 substantiae
1611 695 1710 750 tibi
1747 695 2041 752 videantur

465 789 572 828 non
605 776 877 832 substare.
902 777 1056 844 Quod
1087 781 1235 835 enim
1257 785 1495 840 essentia
1513 795 1686 850 caret,
1713 789 2041 844 subStantiae

458 865 624 920 etiam
657 879 742 926 est
771 884 992 940 expers,
1019 881 1074 927 et
1101 877 1374 944 sequitur,
1419 887 1498 944 ut,
1545 879 1590 932 si
1643 879 1766 934 illas
1817 897 2040 952 quoque

459 958 776 1016 divinitates
809 965 1046 1020 essentia
1086 976 1340 1024 carentes
1404 970 1458 1024 in
1513 987 1806 1026 numerum
1853 975 2040 1030 inﬁni-

461 1059 574 1104 tum
604 1053 956 1110 divinitatum
1009 1057 1384 1116 increaturam
1420 1061 1658 1131 dividas,
1695 1067 2038 1123 substantias

454 1143 649 1198 eodem
692 1147 856 1200 modo
883 1162 1005 1203 esse
1044 1149 1249 1206 divisas
1287 1152 1537 1222 opineris
1569 1172 1583 1209 :
1617 1165 1672 1211 et
1708 1157 1856 1228 quod
1892 1175 2036 1229 saepe

453 1237 702 1293 scribens
737 1237 1122 1309 deprehensus
1171 1259 1252 1308 es,
1295 1261 1402 1302 non
1454 1249 1630 1304 solum
1687 1251 1856 1306 trium
1907 1254 2036 1309 sub-

453 1327 803 1396 stantiarum,
833 1347 952 1387 esse
979 1343 1232 1390 naturam
1259 1337 1524 1406 divinam,
1555 1343 1650 1395 sed
1680 1343 1839 1414 281
1867 1347 2033 1401 etiam

455 1418 776 1484 multarum,
813 1423 946 1479 illud
978 1425 1068 1482 hic
1101 1443 1323 1500 quoque
1354 1446 1521 1487 ausus
1543 1441 1627 1489 est
1661 1435 1872 1502 dicere,
1907 1453 2032 1494 eum

451 1519 508 1564 et
555 1513 899 1572 substantias
945 1521 1202 1576 essentia:
1251 1529 1309 1578 et
1351 1524 1670 1582 divinitates
1708 1523 2034 1586 substantiae

451 1616 706 1674 expertas
733 1613 1036 1670 venereris.

523 1697 660 1752 Vlll.
697 1699 962 1766 Quartum
1001 1723 1126 1764 cum
1167 1719 1224 1768 et
1267 1713 1494 1770 homine
1527 1726 1583 1773 et
1623 1717 1806 1787 lapide
1839 1735 2029 1775 exem-

451 1791 554 1858 plis
585 1794 758 1850 utaris
795 1806 850 1851 et
901 1803 1226 1870 contendas,
1283 1809 1582 1865 essentiam
1629 1813 2028 1883 comprehendi

2152 612 2302 675 σίους
2347 609 2487 668 εἶναι
2536 614 2775 681 δοξάζων
2831 618 3029 682 ἑάλως,
3081 618 3273 690 ὥσπερ
3325 619 3422 671 καὶ
3463 620 3702 686 πολλάκις

2148 705 2251 776 ἤδη
2311 707 2599 777 πρότερον,
2651 711 2729 772 ὼς
2783 710 3028 779 γίνεσθαί
3091 729 3174 764 σοι
3239 710 3338 773 τὰς
3395 712 3702 777 ὑποστάσεις

2148 798 2579 866 ἀνυποστάτους.
2615 803 2690 856 Τὸ
2731 801 2836 873 γὰρ
2871 803 3124 856 ἀνούσιον
3156 803 3538 858 ἀνυπόστατον
3561 819 3578 835 ·
3624 809 3703 859 καὶ

2148 889 2338 945 λοιπὸν
2365 893 2440 955 ὡς
2459 893 2588 948 ὅταν
2613 895 2708 949 καὶ
2749 896 2850 958 τὰς
2885 896 3172 958 ἁνουσίους
3203 897 3421 960 ὲκείνας
3463 897 3703 966 θεότητος

2147 984 2229 1045 είς
2261 985 2489 1056 ἄπειρον
2533 987 2770 1057 ἀριθμὸν
2816 987 3088 1058 θεοτήτων
3132 990 3520 1060 παραπέμπῃς
3565 993 3704 1044 ἀκτί-

2150 1093 2310 1141 στων,
2341 1078 2670 1142 ὑποστάσεις
2697 1077 2838 1132 εἶναι
2869 1081 2967 1133 καὶ
3009 1081 3216 1144 ταύτας
3248 1080 3498 1146 δοξάζεις
3519 1097 3533 1112 ⁸
3563 1083 3650 1134 καὶ
3677 1085 3700 1136 ὃ

2147 1168 2408 1232 πολλάκις
2464 1171 2635 1235 ἑάλως
2660 1174 2910 1242 γράφων,
2967 1173 3042 1246 μὴ
3091 1178 3530 1245 τρισυπόστατον
3581 1172 3704 1230 εἶναι

2147 1261 2309 1330 μόνον
2359 1264 2458 1332 τὴν
2511 1264 2661 1319 θείαν
2700 1267 2883 1334 φύσιν,
2915 1267 3054 1321 ἀλλὰ
3101 1271 3196 1321 καὶ
3251 1269 3701 1332 πολυυπόστατον,

2142 1354 2304 1408 τοῦτο
2331 1357 2609 1412 κάνταῦθα
2639 1360 3008 1429 τετόλμηκας,
3041 1361 3373 1424 ὑποστάσεις
3409 1362 3512 1431 μὲν
3561 1363 3702 1414 dvo-J-

2145 1451 2312 1516 σίους,
2350 1451 2611 1521 θεὸττιτας
2651 1452 2695 1505 δ’
2723 1456 3132 1519 ἀνυποστάτους
3163 1457 3360 1512 σέϐων.

2211 1719 2296 1771 ll'.
2333 1713 2608 1800 Τέταρτον
2663 1720 2718 1772 δὲ
2771 1721 2854 1774 ὅτι
2905 1724 2998 1776 καὶ
3047 1722 3137 1776 τὸν
3179 1725 3474 1793 ἄνθρωπον
3503 1724 3595 1778 καὶ
3627 1727 3702 1778 τὸν

2139 1808 2284 1860 λίθον
2305 1811 2384 1870 εἰς
2425 1809 2732 1878 ὑπόδ;ιγμα
2783 1811 2988 1879 φέρων,
3021 1813 3116 1863 καὶ
3163 1811 3484 1880 ὁριζόμενος
3528 1813 3701 1864 οὐσὲαν

449 1897 572 1936 cum
607 1884 694 1950 iis,
726 1902 848 1957 qua:
879 1891 931 1945 in
957 1907 1020 1947 ea
1065 1907 1366 1953 cernantur
1410 1903 1646 1956 naturali
1707 1905 1894 1970 modo,
1933 1906 2016 1961 de-

2137 1897 2278 1954 εἷναι
2342 1903 2480 1970 μετὰ
2533 1902 2644 1955 τῶν
2707 1904 2952 1970 φυσικῶς
3009 1905 3140 1973 περὶ
3191 1905 3364 1972 αὐτὴν
3419 1905 3701 1974 ὁρωμένων

449 1973 754 2041 prehensus
799 1995 857 2035 es
887 1997 1054 2050 porro
1098 1987 1331 2044 credens
1384 1991 1753 2047 accidentium
1804 2009 2026 2064 quoque

445 2073 996 2140 comprehensionem
1037 2095 1160 2136 esse
1203 2082 1354 2137 illam
1401 2087 1702 2140 essentiam
1753 2086 2022 2155 divinam,

446 2161 593 2216 velut
615 2165 671 2218 in
695 2165 878 2234 lapide
905 2184 935 2223 a
971 2179 1022 2226 te
1049 2172 1280 2242 jactato,
1312 2177 1406 2245 qui
1437 2177 1787 2246 gravitatem,
1820 2179 2019 2250 frigus,

443 2249 703 2319 colorem,
719 2253 1141 2329 longitudinem,
1163 2263 1538 2330 latitudinem,
1559 2249 2023 2338 altitudinemque

440 2355 498 2398 et
533 2360 878 2418 quaecunque
914 2351 1184 2422 ejusmodi
1213 2356 1442 2426 cogitari
1471 2367 1720 2426 possunt,
1749 2361 2021 2425 continuet,

439 2438 496 2492 id
527 2440 674 2508 quod
704 2443 870 2496 etiam
903 2445 1062 2515 pejus
1100 2455 1184 2502 est
1211 2449 1444 2505 stultitia
1473 2451 1682 2520 priore.

508 2531 604 2587 1x.
647 2534 818 2589 Porro
852 2537 1109 2605 quintum
1136 2541 1365 2596 stultum
1391 2543 1676 2613 illud,quo
1707 2546 1868 2600 etiam
1890 2561 2022 2602 con-

439 2625 624 2681 llrmas
661 2627 1025 2698 ignorantiam
1069 2640 1220 2686 tuam
1265 2643 1320 2689 et
1359 2635 1657 2691 multorum
1713 2639 2017 2695 doctrinam

439 2717 666 2773 deorum
697 2721 1054 2788 perversione
1080 2721 1356 2779 dictorum
1378 2727 1663 2782 Athanasii
1699 2729 1902 2798 magni.
1934 2729 2017 2784 Ad

441 2828 608 2866 unum
636 2813 782 2867 enim
815 2814 906 2870 ille
933 2815 1068 2872 dicit
1099 2819 1295 2874 referri
1335 2820 1429 2874 illa
1465 2829 1546 2876 tot
1577 2823 1816 2884 nomina,
1855 2823 2020 2878 nimi-

437 2921 558 2960 rum
595 2905 662 2960 ad
691 2909 1012 2964 essentiam.
1053 2911 1136 2965 Tu
1162 2922 1343 2969 autem
1381 2915 1707 2985 imprudens
1739 2927 1930 2973 contra
1965 2928 2018 2975 te

436 2997 668 3052 attulisti
700 3015 863 3068 quem
897 3015 998 3070 pro
1041 3011 1092 3058 te
1122 3003 1388 3062 allaturus
1411 3022 1554 3064 eras.
1595 3010 1728 3065 Tam
1772 3013 1928 3068 rudis
1955 3026 2018 3067 es

435 3097 491 3141 et
515 3090 672 3148 valde
707 3091 967 3149 incultus.
1015 3095 1222 3153 Deinde
1273 3107 1330 3152 et
1388 3103 1674 3158 materiem
1720 3114 1777 3159 et
1830 3105 2018 3176 exple-

439 3183 642 3238 tionem
679 3185 985 3244 divinitatis
1035 3189 1152 3246 hare
1193 3192 1314 3262 ipse
1359 3195 1633 3260 nominat,
1683 3213 1795 3254 non
1829 3209 2016 3262 tamen

435 3277 814 3346 divinitatum,
846 3297 968 3352 quas
991 3283 1060 3338 ab
1089 3288 1352 3354 essentia,
1391 3299 1451 3342 ut
1479 3299 1535 3344 tu
1573 3289 1676 3357 vis,
1700 3303 1756 3348 et
1781 3296 1928 3350 inter
1955 3313 2015 3354 se

432 3369 707 3428 diﬂ‘erant.
743 3371 1033 3439 Quomodo
1081 3379 1227 3433 enim
1279 3381 1409 3436 talia
1463 3383 1647 3440 dicere
1693 3389 1888 3456 possit,
1921 3391 2014 3457 qui

431 3463 498 3518 ad
537 3481 706 3520 unum
738 3468 828 3522 illa
857 3469 1051 3525 referri
1083 3470 1236 3538 dicit,
1254 3473 1514 3530 nimirum
1547 3477 1614 3532 ad
1671 3481 1968 3536 essentiam
1995 3483 2016 3537 ί

501 3555 573 3613 Χ.
607 3559 704 3612 Est
746 3569 930 3616 autem
985 3573 1248 3632 praeterea
1287 3576 1508 3624 sextum
1530 3568 1828 3624 absurdum
1856 3573 2012 3640 illud,

430 3652 580 3730 quod
623 3653 873 3710 divinum
919 3673 1144 3730 quoque
1209 3661 1524 3718 criminaris
1588 3665 2012 3736 Damasccnum,

431 3747 578 3817 quod
607 3755 662 3802 et
689 3749 866 3818 ipsum
902 3749 1120 3820 planius
1153 3767 1182 3806 a
1207 3753 1369 3810 nobis
1414 3765 1601 3824 postea
1639 3758 1876 3814 dicetur.
1913 3761 2014 3816 De-

432 3840 837 3896 monstrabitur
868 3842 1039 3906 enim,
1070 3844 1381 3914 signiﬁcare
1411 3857 1463 3903 et
1497 3849 1723 3905 dill'erre
1749 3867 1858 3906 non
1890 3867 2012 3908 esse

432 3935 600 3998 idem,
632 3934 798 4006 282
823 3937 1045 3992 etiamsi
1075 3947 1132 3992 tu
1163 3938 1518 3996 vociferando
1558 3945 1857 4013 rumparis,
1916 3945 2012 4016 qui

430 4027 795 4082 remotissima
836 4029 1068 4085 misceas
1101 4041 1156 4085 et
1184 4031 1370 4088 dicere
1415 4033 1665 4090 divinum
1713 4035 1869 4092 illum
1904 4041 2010 4094 cri-

428 4117 658 4173 mineris
679 4119 856 4174 virum
879 4119 948 4175 ab
975 4121 1214 4178 inereala
1237 4137 1438 4181 natura
1461 4125 1686 4183 dill‘erre
1705 4129 2006 4186 increatam

425 4211 544 4282 ejus
578 4209 950 4268 ellicientiam.
998 4213 1191 4285 Neque
1233 4217 1382 4272 enim
1430 4217 1724 4290 quisquam
1758 4225 2006 4280 omnium

427 4305 482 4360 in
519 4305 666 4360 illius
696 4305 939 4376 scriptis,
977 4309 1226 4378 quamvis
1267 4313 1500 4367 multum
1547 4313 1885 4385 inquisierit,
1913 4319 2006 4372 vix

426 4413 606 4468 neque
637 4415 892 4470 magnum
925 4401 1172 4456 omnium
1202 4419 1380 4475 neque
1405 4407 1760 4464 minimorum
1781 4411 2005 4480 quidem

422 4491 724 4566 quidquam
755 4493 932 4549 simile
968 4495 1211 4552 inveniat
1239 4514 1476 4568 unquam
1529 4500 1598 4556 iis
1637 4517 1756 4572 qua:
1794 4519 1942 4558 nunc
1973 4521 2002 4559 a

2140 1995 2699 2066 συλλαμϐανομένην,
2765 1997 2938 2058 ἑάλως
2987 1997 3069 2050 ἔτι
3129 1999 3222 2050 καὶ
3286 1999 3702 2066 συμϐεϐηκότων

2138 2089 2400 2159 σύλληψιν
2435 2087 2570 2143 εἶναι
2603 2091 2840 2160 νομίζων
2869 2091 3050 2166 [£136
3083 2091 3158 2164 v.]
3189 2091 3288 2163 τὴν
3317 2094 3474 2146 θείαν
3501 2094 3702 2159 ἐκείνην

2133 2185 2320 2236 οὐσίαν
2345 2184 2535 2255 ὥσπερ
2575 2186 2667 2237 ἐπὶ
2699 2185 2792 2237 τοῦ
2829 2186 3235 2257 προϐληθέντος
3283 2204 3366 2240 σοι
3411 2187 3585 2248 λίθου,
3618 2188 3700 2256 βά-

2135 2289 2250 2341 ρος.
2273 2271 2610 2342 ψυχρότητα,
2642 2273 2862 2342 χρῶμα,
2901 2275 3096 2344 μῆκος,
3138 2275 3340 2338 πλάτος
3389 2277 3490 2330 καὶ
3525 2275 3694 2346 βάθος,

2133 2367 2227 2418 καὶ
2257 2365 2358 2417 ὅσα
2393 2366 2618 2418 τοιαῦτα
2649 2370 2788 2419 νοεῖν
2821 2367 2844 2418 ἔ
2853 2384 2932 2438 χει
2975 2386 3077 2434 τις,
3112 2368 3346 2438 ἔχοντος.
3381 2371 3448 2422 Ὃ
3491 2369 3588 2422 καὶ
3617 2367 3699 2420 τοῦ

2133 2457 2403 2528 προτέρου
2435 2459 2618 2528 χεῖρον
2645 2460 2725 2519 εἰς
2759 2459 3010 2514 ἀτοπίαν.

2201 2551 2277 2604 Θ’.
2339 2553 2448 2605 Καὶ
2501 2554 2756 2621 πέμπτον
2793 2553 3016 2620 ἄτοπον,
3057 2553 3140 2606 ὄτι
3192 2555 3288 2607 καὶ
3339 2555 3582 2624 βεϐαιοῖς
3611 2556 3700 2624 τὴν

2133 2641 2231 2709 σὴν
2261 2643 2504 2710 ἀμαθίαν
2540 2645 2634 2697 καὶ
2665 2645 2954 2698 munem
2989 2647 3077 2698 διὰ⁴
3105 2647 3204 2714 τῆς
3233 2649 3368 2716 πρὸς
3407 2649 3502 2700 τὸν
3537 2647 3698 2716 μέγαν

2141 2735 2460 2790 Ἀθανάσιον
2492 2738 2884 2804 συκοφαντίας.
2929 2739 3052 2791 Ἐπὶ
3089 2741 3196 2807 γὰρ
3225 2739 3282 2792 ἓν
3321 2742 3530 2800 ἐκεῖνος
3565 2739 3697 2808 ἔχειν

2131 2831 2264 2900 φησι
2301 2831 2399 2902 τὴν
2450 2831 2729 2902 ἀναφορὰν
2773 2831 2843 2884 τὰ
2888 2831 3030 2885 οὕτω
3063 2832 3234 2886 πολλὰ
3285 2832 3394 2884 τῶν
3425 2832 3696 2901 ὀνομάτων

2127 2925 2376 2990 ἐκείνων,
2417 2924 2596 2978 εῖτουν
2635 2927 2733 2995 τὴν
2759 2925 2949 2978 οὐσίαν
2977 2943 2988 2956 ·
3035 2926 3099 2979 σὺ
3134 2925 3180 2978 δ’
3221 2926 3322 2980 οὐκ
3369 2925 3545 2996 ᾔσθου
3569 2924 3698 2976 κατὰ

2130 3013 2358 3066 σεαυτοῦ
2397 3013 2642 3082 κομίζων
2690 3014 2749 3065 ὃν
2780 3015 2921 3084 ὑπὲρ
2958 3014 3189 3067 σεαυτοῦ
3237 3015 3550 3084 κεκόμικας
3575 3029 3587 3040 ·
3619 3012 3698 3064 οὖ-

2128 3125 2234 3172 τως
2264 3107 2483 3178 ἀμαθὴς
2515 3103 2563 3160 εἷ
2595 3108 2688 3160 καὶ
2738 3109 2885 3178 μάλα
2913 3109 3173 3178 ἀγροῖκος
3229 3103 3362 3160 Εἶτα
3395 3107 3489 3160 καὶ
3523 3105 3696 3175 ἄθροι-

2050 3239 2089 3294 C
2127 3220 2240 3274 σμα
2269 3202 2416 3270 λέγει
2465 3206 2558 3255 καὶ
2603 3202 2882 3274 πλήρωμα
2930 3203 3187 3272 θεότητος
3221 3201 3396 3256 ταῦτα
3423 3203 3614 3264 αὐτὸς,
3642 3202 3695 3294 οὗ

2128 3299 2234 3368 μὴν
2265 3295 2535 3367 θεοτήτων
2565 3297 2662 3364 τῆς
2694 3296 2879 3356 οὐσίας
2911 3295 3190 3364 διαφόρων
3221 3295 3364 3348 κατὰ
3401 3295 3460 3346 σὲ
3491 3296 3586 3348 καὶ
3609 3293 3696 3346 ἀλ-

2122 3391 2318 3462 λήλων.
2363 3390 2486 3453 Πῶς
2513 3389 2621 3459 γὰρ
2659 3388 2715 3452 ὃς
2745 3389 2833 3441 ἐπὶ
2861 3388 2919 3441 ἓν
2947 3388 3084 3442 αὐτὰ
3113 3389 3214 3460 τὴν
3247 3389 3534 3459 ἀναφορὰν
3559 3388 3696 3457 ἔχειν

2125 3483 2278 3552 φησὶ,
2310 3479 2510 3558 δηλαδὴ
2541 3479 2640 3550 τὴν
2669 3479 2898 3544 οὐσίανς

2198 3575 2253 3628 l'.
2285 3573 2440 3625 Ἐστι
2480 3571 2618 3626 κάπὶ
2646 3572 2862 3634 τούτοις
2906 3569 3066 3625 ἕκτον
3107 3571 3330 3636 ἄτοπον,
3369 3573 3453 3624 ὅτι
3492 3569 3698 3626 καὶτὸν

2125 3669 2268 3721 θεῖον
2305 3669 2663 3736 συκοφαντεῖς
2697 3667 3084 3736 Δαμασκηνὸν,
3125 3666 3202 3740 ὡς
3257 3667 3544 3737 προϊοῦσιν
3577 3668 3698 3735 ἡμῖν

2123 3761 2405 3832 εἰρήσεται
2438 3759 2532 3811 καὶ
2569 3758 2701 3811 αὐτὸ
2725 3758 3083 3830 πλατύτερον.
3115 3757 3476 3830 Δειχθήσεται
3505 3759 3614 3825 γὰρ
3643 3759 3696 3810 τὸ

2123 3851 2554 3922 χαρακτηρίζειν
2601 3849 2678 3919 τῷ
2721 3849 3006 3920 διαφέρειν
3042 3850 3118 3921 μὴ
3153 3845 3296 3904 εἶναι
3346 3851 3566 3918 ταυτξν,
3604 3851 3696 3903 κᾶν

2123 3945 2190 3998 σὺ
2224 3945 2362 4014 βοῶν
2417 3945 2745 4013 διαρραγῇς,
2789 3944 2858 3996 τὰ
2890 3944 3100 4013 ἄμικτα
3148 3944 3346 4012 μιγνὺς
3396 3944 3492 3995 καὶ
3521 3945 3696 4010 λέγειν

2117 4037 2212 4090 τὸν
2259 4035 2404 4088 θεῖον
2455 4035 2663 4088 ἐκεῖνον
2703 4034 3032 4102 αἰτιώμενος
3085 4037 3259 4104 ἄνδρα
3309 4039 3406 4105 τῆς
3441 4037 3693 4088 ἀκτέστου

2120 4129 2338 4200 φύσεως
2373 4129 2656 4199 διαφέρειν
2697 4129 2794 4197 τὴν
2833 4129 3091 4180 άκτιστον
3128 4129 3332 4200 ταύτης
3383 4129 3693 4197 ἐνέργειαν.

2118 4227 2250 4280 Οὐδὲ
2274 4224 2383 4296 γὰρ
2410 4225 2584 4287 οὐδεὶς
2632 4225 2740 4276 τῶν
2771 4224 3029 4278 ἁπάντων
3063 4226 3120 4277 έν
3163 4228 3271 4288 τοῖς
3319 4225 3532 4277 ἐκείνου
3567 4239 3694 4290 συγ-

2115 4321 2439 4390 γράμμασιν
2469 4318 2589 4372 οὐῗὲ
2624 4318 2795 4371 πολλὰ
2827 4321 3076 4388 μογήσας
3103 4318 3228 4371 οὗτε
3272 4318 3434 4388 μόγις
3469 4320 3615 4386 μέγα
3647 4333 3694 4368 τι

2115 4416 2224 4468 τῶν
2253 4415 2471 4468 πάντιιιν
2519 4412 2644 4466 οὔτε
2697 4415 2841 4484 μάλα
2889 4413 3047 4481 μόλις
3075 4415 3207 4482 γοῦν
3245 4413 3356 4466 τῶν
3397 4414 3694 4482 ἐλαχίστων

2113 4503 2267 4556 οὐδὲν
2321 4504 2628 4574 ὁμότροπον
2671 4503 2738 4556 ἄν
2783 4501 2907 4555 ποθ’
2955 4501 3106 4572 εὕροι
3167 4505 3411 4556 τουτοισὶ
3457 4508 3572 4566 τοῖς
3603 4502 3694 4554 νῦν

422 4593 498 4646 te,
532 4582 774 4650 Palama,
799 4577 1175 4644 obtrectatore
1217 4590 1489 4647 detestato
1514 4603 1570 4648 et
1613 4594 1880 4649 insidioso
1915 4596 2000 4650 in-

2130 4596 2560 4667 ταρευρημένοις
2609 4599 2705 4652 καὶ
2753 4595 3200 4664 προτεθειμένοις
3257 4595 3336 4665 τῷ
3401 4597 3693 4666 καταράτῳ

420 4684 598 4742 ventu,
624 4686 680 4732 et
715 4679 928 4748 prolata
979 4689 1128 4736 sunt.
1160 4681 1368 4742 Deinde
1399 4685 1728 4741 alterutrum
1756 4690 2005 4757 quidem,

420 4778 518 4824 aut
555 4771 700 4824 enim
753 4787 864 4827 non
896 4772 1100 4831 invitus
1127 4775 1266 4832 falso
1301 4778 1637 4844 criminaris,
1675 4781 2008 4838 autJnvitus

423 4861 514 4928 illa
549 4861 793 4934 ignoras,
819 4873 874 4919 et
905 4865 1205 4923 illiteratus
1228 4883 1310 4936 es,
1347 4882 1408 4924 ut
1433 4870 1677 4934 videtur,
1720 4871 1923 4938 adhuc,
1952 4884 2008 4927 et

422 4954 725 5023 primorum
757 4957 1044 5026 sapientiae
1065 4961 1470 5018 elementorum
1503 4965 1732 5020 omnino
1757 4965 2001 5035 ignarus,

417 5064 653 5120 quorum
691 5049 828 5104 illud
863 5050 1191 5118 insanabile,
1227 5054 1334 5109 hoc
1377 5057 1788 5112 semimiserum
1824 5058 2008 5129 (dimi-

416 5143 508 5204 dio
547 5143 768 5214 melius)
797 5153 853 5199 et
877 5146 1126 5202 sanabile
1169 5159 1252 5203 est
1297 5165 1310 5201 :
1345 5148 1392 5203 si
1423 5147 1592 5219 igitur
1635 5159 1691 5204 et
1750 5154 1869 5222 ipse
1899 5153 2010 5218 vis,

417 5235 520 5298 hoc
567 5235 768 5306 delige.
831 5236 1178 5292 Alterutrum
1227 5238 1375 5302 enim
1437 5255 1524 5296 me
1575 5242 1822 5296 visurum
1879 5259 2001 5300 esse

414 5344 576 5402 spero
635 5339 904 5400 optoque,
931 5339 1025 5386 aut
1079 5341 1131 5388 te
1181 5333 1401 5392 volente
1429 5334 1667 5396 reditum
1697 5344 1875 5400 tuum,
1907 5351 2004 5391 aut
2031 5383 2036 5388 .

415 5431 466 5484 te
525 5422 748 5480 nolente
810 5424 1092 5479 interitum
1139 5436 1333 5494 tuum;
1375 5429 1607 5484 alterunt
1664 5431 1811 5488 enim
1847 5441 1900 5486 te
1936 5432 2002 5485 lE-

415 5515 627 5580 beraizit
658 5533 688 5572 a
718 5517 965 5585 pernicie
993 5529 1216 5584 aaterna,
1244 5522 1480 5578 alterum
1504 5526 1672 5582 etiam
1702 5535 1934 5582 czeteros
1965 5543 1998 5582 a

414 5606 634 5660 daumo.
695 5609 986 5682 Quomodo
1048 5611 1219 5682 igitur
1269 5618 1606 5682 persuadere
1669 5618 2000 5672 conabimur

414 5699 505 5752 tali
543 5715 721 5770 eoque
765 5704 878 5774 jam
923 5707 1102 5762 aetatis
1147 5718 1410 5782 provecto
1461 5717 1595 5771 viro,
1628 5723 1724 5764 aut
1771 5711 1998 5766 omnino

414 5793 694 5860 quomodo
727 5809 836 5849 non
869 5796 1273 5867 desperandum
1309 5803 1412 5856 erit
1441 5803 1507 5856 de
1535 5804 1652 5857 utili
1679 5805 1823 5857 rxitu
1865 5821 1997 5874 pro-

411 5896 635 5958 specws
684 5905 865 5962 neque
894 5906 1033 5949 vana
1083 5893 1176 5948 lict
1231 5897 1438 5967 opera?
1471 5897 1674 5954 Tamen
1729 5901 1852 5955 volo
1885 5899 1994 5970 ple-

2117 4707 2202 4744 σοι
2256 4689 2492 4758 Παλαμᾷ
2543 4687 2638 4741 καὶ
2695 4687 2900 4757 δολερῷ
2951 4688 3288 4758 συκοφάντῃ.
3349 4690 3510 4740 Δυοῖν
3563 4687 3692 4756 γοῦν

2113 4783 2305 4836 ἔπειτα
2361 4783 2610 4852 θάτερον,
2668 4781 2700 4852 ἢ
2747 4782 2856 4851 γάρ
2909 4780 3052 4833 ἑκὼν
3107 4780 3456 4850 βλασφημεῖς
3509 4781 3540 4849 ἦ
3597 4781 3692 4849 οὐκ

2112 4878 2254 4930 ἑκὼν
2283 4877 2520 4942 ἀγνοεῖς,
2555 4875 2942 4945 ἀναλφάϐητος
2967 4875 3066 4936 ὢν,
3105 4875 3179 4937 ὠς
3225 4873 3425 4939 ἔοικεν,
3461 4875 3562 4935 ἔτι.
3599 4875 3690 4926 καὶ

2110 4966 2220 5020 τῶν
2255 4967 2485 5034 πρώτων
2515 4965 2613 5034 τῆς
2663 4966 2857 5033 σοφίας
2894 4967 3176 5036 στοιχείων
3217 4967 3359 5020 πάνυ
3411 4984 3462 5019 τι
3499 4967 3685 5035 ἀδειής.

2109 5053 2210 5112 Ὦν
2249 5063 2309 5112 τὺ
2361 5060 2461 5128 μὲν
2505 5059 2750 5124 ἀνίατον,
2779 5059 2838 5112 τὸ
2896 5058 2942 5112 δ’
2989 5059 3376 5129 ἡμιμόχθηρον
3426 5062 3520 5112 καὶ
3551 5061 3689 5112 ίάσι-

2113 5173 2213 5225 μον
2241 5171 2255 5186 ·
2291 5155 2360 5225 ἢν
2405 5153 2499 5208 οὖν
2543 5156 2640 5208 καὶ
2685 5154 2848 5216 αὐτὸς
2881 5153 3096 5226 ἐθέλῃς,
3139 5154 3263 5208 ἑλοῦ
3313 5154 3376 5208 τὸ
3413 5155 3685 5224 δεύτερον.

2107 5252 2264 5304 Δυοίν
2307 5252 2415 5317 γὰρ
2453 5247 2681 5318 ὅψεσθαι
2729 5247 2960 5314 θάτερον
2989 5247 3196 5312 ἐλπίζω
3231 5249 3327 5300 καὶ
3369 5247 3680 5319 εὖχομαι,ἢ

2105 5344 2204 5414 τὴν
2267 5343 2365 5415 σὴν
2411 5343 2774 5414 ἐπιστροφὴν,
2815 5344 2865 5394 εί
2899 5341 3168 5411 βούλει,ἢ
3217 5341 3316 5411 τὴν
3370 5342 3472 5411 σὴν
3513 5359 3684 5396 κατα-

2107 5435 2373 5505 στροφὴν,
2407 5435 2454 5486 εί
2499 5435 2574 5504 μὴ
2607 5433 2810 5504 βούλει.
2849 5433 2922 5485 Τὸ
2956 5423 3056 5502 μὲν
3093 5435 3202 5502 γάρ
3231 5433 3292 5485 σὲ
3347 5432 3450 5502 τῆς
3497 5433 3682 5484 πολυε-

2105 5527 2232 5590 τοῦς
2263 5529 2544 5592 ἁπωλείας
2567 5531 2854 5596 ἐξελείται,
2883 5533 2944 5586 τδ
2975 5533 3032 5586 δὲ
3066 5533 3164 5586 καὶ
3203 5535 3332 5594 τοὺς
3383 5533 3572 5594 ἄλλους
3605 5529 3680 5601 μὴ

2106 5622 2464 5692 βλάπτεσθαι.
2519 5623 2693 5675 Πόθεν
2729 5623 2820 5676 οῦν
2855 5625 3272 5696 ἐπιχειροίημεν
3319 5627 3390 5680 ἂν
3422 5624 3682 5696 μεταπεί-

2104 5715 2216 5768 θειν
2245 5715 2415 5784 ἄνδρα
2443 5715 2697 5770 τοσοῦτον
2731 5717 2825 5770 καὶ
2858 5717 3030 5780 οὕτως
3063 5719 3288 5790 ἡλικίας
3339 5719 3566 5790 Excute;
3609 5716 3678 5768 Ἦ

2103 5809 2321 5872 πάντως
2345 5809 2469 5862 ὅθεν
2495 5810 2594 5862 οὐκ
2620 5810 2944 5864 ἀνέλπιστον
2973 5809 3039 5863 ἂν
3081 5810 3166 5882 εἴη
3199 5811 3261 5864 τὸ
3295 5811 3520 5883 σκέμμα
3541 5809 3676 5876 πρὶς

2101 5902 2383 5972 ὠφέλιμον
2416 5902 2589 5968 τέλος,
2624 5903 2760 5973 μηδὲ
2794 5905 3024 5975 μάταιος
3056 5904 3256 5974 γένοιτ’
3293 5905 3360 5962 ἂν
3391 5906 3422 5976 ἡ
3454 5901 3676 5972 σπουδή.
