3966 6566
309 413 424 477 24)

1312 424 1760 485 ΒΥΖΑΝΤΙΝίΕ
1824 424 2213 487 HISTORIA?
2257 432 2398 494 LIB.
2446 434 2628 496 XXX.

3414 432 3563 501 "230

314 524 599 619 Βούλομαι
655 526 703 578 δ’
752 528 844 581 οὖν
908 531 1059 600 ὅμως
1109 533 1496 606 ἐντελεστέραν
1559 538 1659 591 τοῦ
1698 537 1885 604 «λόγου

1996 542 2208 599 niorcm
2268 545 2321 598 in
2372 548 2635 602 orationis
2684 547 2843 603 initio
2898 563 3107 603 eorum
3139 565 3261 619 quze
3308 549 3563 606 dicentur

315 618 627 688 ἀρχόμενος
676 621 777 689 τὴν
812 623 921 675 τῶν
974 624 1366 696 ῥηθησομένων
1420 628 1754 699 ποιήσασθαί
1808 643 1892 681 σοι

316 714 790 782 προκατάστασιν,
820 717 913 768 καὶ
948 717 1158 783 διδάξαι
1190 722 1282 774 τδν
1312 723 1500 793 ἅμαθῆ
1534 722 1594 776 σὲ
1623 723 1685 789 ἐξ
1713 724 1893 777 αὐτῶν

318 804 631 873 ἀρχόμενος
659 806 769 861 τῶν
815 810 1005 862 ἁπλῶν
1044 813 1334 883 στοιχείων
1363 815 1458 868 καὶ
1484 815 1701 883 φωνῶν,
1729 814 1805 878 ὠς
1843 817 1891 868 oi

322 900 747 967 γραμματισταὶ
778 899 847 953 τὰ
876 903 1161 972 μειράκια.
1200 904 1287 959 ίνα
1335 907 1415 977 μὴ
1464 907 1711 977 συνεχῶς
1758 908 1896 977 πρὸς

320 987 436 1040 τῶν
489 989 704 1043 πολλῶν
760 990 856 1045 καὶ
897 993 1062 1057 αὐτὸς
1116 996 1319 1068 ἀκούῃς
1374 999 1552 1051 ἐκεῖνο
1578 999 1642 1070 δὴ
1691 1000 1752 1053 τδ
1797 1000 1894 1054 τοῦ

325 1079 617 1144 Πλάτωνος
668 1083 931 1153 σκῶμμα,
960 1085 1039 1148 ὡς
1086 1087 1309 1156 ἀμαθὴς
1356 1084 1426 1150 εί,
1463 1084 1509 1144 ὧ
1558 1090 1769 1164 ἑταῖρε,
1799 1094 1895 1144 καὶ

318 1174 426 1240 οὐχ
459 1172 568 1243 ἔπῃ
591 1189 607 1204 ·
637 1168 673 1245 ἦ
704 1175 812 1246 γὰρ
835 1174 903 1229 ἂν
937 1176 1051 1230 οὐδ’
1077 1178 1244 1233 αὐτοῦ
1278 1196 1340 1245 γε
1379 1180 1444 1251 δὴ
1489 1181 1771 1236 Βασιλείου
1796 1181 1895 1237 τοῦ

320 1262 472 1316 θείου
531 1266 903 1331 παντάπασιν,
938 1268 1015 1329 ὡς
1050 1269 1251 1336 ἔοικεν,
1297 1272 1531 1343 ἀνήκοος
1578 1272 1770 1343 μείνας
1824 1277 1892 1346 τῇ

320 1352 606 1423 ἐπιστήμῃ
651 1353 793 1423 μετά
832 1355 933 1424 τῆς
979 1356 1263 1422 εὐσεϐείας
1310 1360 1455 1413 οὕτω
1501 1362 1893 1432 προσέκοπτες,

317 1438 615 1509 όμιλητέον
660 1438 801 1496 εἶναι
846 1444 1096 1513 λέγοντος
1144 1449 1397 1518 ποιηταῖς
1448 1449 1542 1504 καὶ
1594 1450 1897 1517 λογοποιοϊς

319 1532 419 1583 καὶ
471 1533 700 1604 ῥήτορσι
748 1534 845 1589 καὶ
892 1537 1065 1591 πᾶσιν
1093 1538 1404 1608 ἀνθρώποις
1443 1540 1569 1593 ὅθεν
1612 1541 1677 1594 ἂν
1709 1540 1896 1611 μέλλοι

318 1624 465 1692 πρὸς
502 1624 600 1694 τὴν
629 1626 731 1697 τῆς
776 1627 954 1699 ψυχῆς
1013 1630 1334 1701 ἐπιμέλειαν
1381 1632 1619 1700 ὠφέλειά
1647 1649 1733 1695 τις
1778 1632 1899 1686 ἐσε-

318 1715 473 1771 σθαι.
500 1717 710 1787 Ὠσπερ
726 1719 835 1790 γὰρ
856 1722 905 1774 οί
935 1722 1244 1779 δευσοποιοὶ
1266 1741 1448 1794 προπα
1459 1724 1898 1795 ρασκευάσαντες

1996 635 2289 691 instituere
2349 638 2448 692 tibi
2505 640 2938 700 institutionem.
2993 650 3048 694 et
3095 648 3147 695 te
3208 642 3442 697 cdocere
3494 659 3563 698 ex

1996 725 2131 797 ipsis
2159 728 2376 783 initium
2409 745 2633 786 sumens
2679 731 3022 800 simplicibus
3069 733 3357 788 clementis
3385 743 3441 788 et
3477 750 3564 789 so-

1996 821 2104 886 nis,
2134 824 2463 892 ut.magistri
2491 838 2711 892 pueros.
2745 839 2812 878 ne
2842 839 3058 893 semper
3087 825 3251 895 283
3280 840 3347 879 ex
3377 824 3567 879 multis

1995 925 2052 971 et
2091 914 2208 985 ipse
2238 917 2431 972 audias
2461 918 2594 973 illud
2640 919 2885 975 Platonis
2917 918 3237 983 ludibrium,
3269 916 3442 984 Quam
3486 917 3569 970 in-

1997 1010 2193 1065 doctus
2210 1024 2290 1077 es,
2315 1011 2510 1075 amice,
2539 1026 2714 1080 neque
2735 1011 3091 1082 intelligendo
3114 1026 3215 1066 nos
3232 1009 3564 1080 assequeris.

1968 1162 1971 1165 _
1999 1101 2247 1157 Prol‘ccto
2275 1102 2443 1168 enim,
2473 1119 2787 1172 quanquam
2820 1119 2887 1157 ne
2922 1103 3099 1171 ipsius
3127 1102 3348 1172 quidem
3378 1100 3565 1156 Basilii

1997 1192 2168 1247 divini
2203 1192 2406 1248 videris
2432 1196 2656 1248 omnino
2687 1194 2989 1264 neglexisse
3024 1194 3451 1259 institutionem,
3487 1193 3561 1247 ita

1997 1281 2318 1337 offendebas
2348 1284 2403 1338 in
2435 1284 2662 1338 scientia
2693 1294 2746 1338 et
2775 1284 3000 1353 pietate,
3029 1283 3120 1352 qui
3150 1282 3371 1351 quidem
3409 1280 3569 1337 fami-

1997 1374 2211 1429 liariter
2241 1372 2504 1429 utendum
2534 1389 2654 1429 esse
2700 1376 2835 1430 dicit
2883 1376 3060 1445 poetis
3093 1384 3148 1430 et
3186 1375 3464 1431 historicis
3510 1385 3568 1429 ct

1997 1465 2317 1520 rhetoribus
2360 1477 2418 1521 et
2456 1466 2710 1521 omnibus
2760 1464 3097 1528 hominibus,
3147 1479 3212 1520 ex
3249 1465 3451 1533 quibus
3500 1466 3568 1519 ad

1999 1558 2165 1613 animi
2201 1572 2389 1612 curam
2440 1556 2652 1612 fructus
2688 1558 2888 1627 aliquis
2918 1557 3328 1612 redundaturus
3372 1557 3461 1611 sit.
3497 1555 3569 1612 Ut

1999 1650 2147 1705 enim
2174 1651 2437 1705 tinctores
2470 1667 2593 1706 cum
2632 1650 3256 1721 prrepararuntmultum
3287 1648 3570 1702 tractando

2001 1742 2055 1798 id
2109 1743 2254 1813 quod
2281 1758 2504 1799 succum
2527 1744 2778 1813 recipiat,
2806 1752 2917 1798 tum
2943 1744 3163 1797 demum
3194 1742 3432 1796 colorem
3465 1741 3569 1793 ob-

317 1805 388 1876 lf.
413 1809 514 1865 157
545 1809 617 1883 r.]
642 1812 965 1880 θεραπείαις
984 1815 1127 1868 τισὶν
1155 1816 1182 1869 ὅ
1206 1830 1260 1868 τι
1285 1818 1402 1870 ποτ’
1438 1817 1504 1871 ἂν
1535 1814 1653 1889 τὸ
1672 1816 1885 1886 δεξόμε‹

2007 1837 2246 1900 ducunt,
2279 1837 2394 1892 sive
2433 1849 2766 1906 purpureum
2814 1837 2930 1891 sive
2959 1834 3164 1901 alium;
3190 1834 3380 1887 eodem
3414 1832 3570 1900 plane

315 1919 414 1997 vov
456 1905 557 1975 τὴν
604 1903 809 1976 βαφὴν,
846 1904 991 1961 οὕτω
1033 1907 1095 1961 τὸ
1134 1908 1295 1972 ἄνθος
1334 1910 1664 1977 ἐπάγουσιν,
1716 1909 1782 1963 ἄν
1830 1927 1885 1963 τε

2000 1927 2164 1983 modo
2213 1942 2314 1983 nos
2367 1941 2608 1997 quoque,
2630 1926 2676 1982 si
2732 1925 3078 1981 indelebilem
3143 1925 3299 1979 nobis
3340 1923 3567 1995 gloriam

315 1996 593 2067 ἁλουργὸν
627 1999 693 2052 ἄν
720 1998 778 2051 τέ
808 2016 862 2053 τι
889 1999 1077 2071 ἕτερον
1101 1997 1160 2075 ᾖ,
1190 2002 1284 2055 τὸν
1311 2002 1474 2056 αὑτὸν
1502 2001 1567 2072 δὴ
1591 2003 1686 2055 καὶ
1726 2004 1894 2071 ἡμεῖς

312 2087 541 2155 τρόπον,
568 2088 619 2142 εί
673 2089 857 2151 μέλλοι
913 2091 1250 2155 ἅνέκπλυτος
1303 2093 1439 2162 ἡμῖν
1493 2095 1524 2160 ἡ
1570 2091 1664 2145 τοῦ
1720 2090 1892 2146 καλοῦ

315 2179 668 2249 παραμένειν
696 2179 846 2247 δΰξα.
874 2184 989 2248 τοῖς
1017 2184 1122 2250 ἔξω
1151 2182 1217 2254 δὴ
1249 2184 1463 2245 τούτοις
1494 2182 1884 2251 προτελεσθέν-

310 2285 412 2333 τες
456 2271 759 2342 τηνικαῦτα
794 2272 907 2327 τῶν
953 2273 1114 2347 ίερῶν
1146 2275 1244 2329 καὶ
1282 2274 1612 2345 ἀπορρήτων
1658 2275 1894 2326 ἐπακου-

314 2363 532 2433 σόμεθα
566 2365 972 2437 παιδευμάτων,
1004 2368 1102 2423 καὶ
1148 2362 1263 2420 οἷον
1307 2368 1367 2419 ὲν
1415 2366 1569 2419 ὕδατι
1602 2365 1694 2418 τὸν
1741 2365 1893 2435 ἥλιον

311 2458 454 2529 δρᾷν
505 2456 839 2525 ἐθισθέντες,
894 2457 1072 2523 οὕτως
1119 2458 1275 2530 αὐτῷ
1332 2457 1753 2530 προσϐαλοῦμεν
1812 2455 1892 2526 τῷ

312 2552 466 2621 φωτὶ
511 2552 611 2617 τὰς
659 2552 833 2622 ὄψεις.
888 2553 1124 2621 Λέγεται
1176 2552 1257 2617 δὲ,
1314 2554 1471 2623 φησὶ,
1530 2550 1625 2605 καὶ
1682 2549 1892 2620 Μωσῆν

311 2646 533 2699 ἐκεῖνον
559 2638 650 2698 τὸν
672 2646 840 2711 πάνυ,
869 2644 929 2698 οὗ
959 2644 1217 2714 μέγιστόν
1246 2643 1397 2697 ἐστιν
1424 2643 1519 2696 ἐπὶ
1546 2642 1710 2712 σοφίᾳ
1736 2642 1890 2713 παρὰ

312 2739 492 2791 πᾶσιν
523 2736 837 2808 ἀνθρώποις
884 2737 1078 2808 ὄνομα,
1107 2738 1221 2802 τοῖς
1265 2734 1585 2805 Αἰγυπτίων
1602 2733 1891 2806 μαθήμα-

312 2846 406 2883 σιν
434 2831 924 2901 ἐγγυμνασάμενον
973 2830 1075 2899 τὴν
1120 2830 1364 2886 διάνοιαν
1383 2827 1531 2884 οὕτω
1565 2828 1892 2900 προσελθεῖν

308 2925 389 2994 τῇ
433 2923 638 2995 θεωρίᾳ
664 2922 761 2978 τοῦ
798 2922 951 2985 ὄντος
972 2938 988 2955 υ
1040 2920 1443 2993 παραπλησίως
1484 2920 1544 2976 δὲ
1571 2921 1751 2991 τούτῳ
1785 2920 1889 2974 κάν

306 3016 430 3078 τοῖς
468 3017 621 3069 κάτω
660 3014 875 3084 χρόνοις
900 3015 993 3069 τὸν
1022 3014 1186 3083 σοφὸν
1217 3014 1418 3084 Δανιὴλ
1445 3014 1539 3069 ἐπὶ
1569 3011 1892 3077 Βαδυλῶνός

311 3120 458 3173 φασι
485 3104 584 3175 τὴν
613 3105 895 3160 Χαλδαίων
949 3102 1146 3174 σοφίαν
1195 3103 1585 3174 καταμαθόντα
1631 3104 1753 3158 τότε
1782 3101 1891 3157 τῶν

306 3193 480 3249 θείων
524 3194 764 3264 ἅψασθαι
812 3192 1222 3261 παιδευμάτων.
1263 3193 1418 3250 Ἐπεὶ
1460 3191 1594 3261 γοῦν
1625 3190 1666 3246 ἃ.
1698 3208 1891 3245 πεντε-

306 3285 607 3355 καιδεκέτη
664 3300 726 3336 σε
787 3284 983 3354 μαθεῖν
1032 3284 1198 3354 ἐχρῆν
1251 3284 1354 3336 οὑκ
1407 3281 1635 3351 ἔμαθες,
1664 3281 1787 3336 οὐδέ
1822 3298 1887 3350 γε

257 3376 268 3384 ’
302 3376 853 3450 φράτοραςΐπτέτης
880 3376 1091 3445 ἔφυσας
1122 3376 1265 3430 κατά
1307 3392 1371 3445 γε
1403 3376 1497 3430 τὸν
1522 3376 1581 3441 ἐξ
1627 3374 1885 3445 Ἀττικῆς

303 3473 481 3542 σοφὸν
527 3471 726 3536 είπετν,
762 3467 896 3524 ἀλλὰ
950 3468 1011 3522 τὸ
1061 3467 1159 3538 τῆς
1203 3468 1507 3541 παροιμίας
1545 3467 1655 3523 ἀπὸ
1693 3467 1889 3538 κώπης

300 3569 405 3621 ἐπὶ
441 3567 504 3620 το
527 3568 677 3637 βῆμα
723 3566 821 3621 καὶ
860 3564 921 3618 τδ
953 3564 1281 3634 στρατήγιον
1327 3563 1590 3634 ἐξαίφνης
1624 3561 1885 3632 ἔδραμες,

299 3656 458 3726 λέγω
489 3654 554 3727 δὴ
596 3655 658 3711 τδ
699 3656 972 3724 θεολογεῖν
1016 3654 1266 3718 ἀνίπτοις
1298 3670 1359 3707 τε
1401 3653 1559 3724 χερσὶ
1592 3651 1687 3705 καὶ
1711 3651 1889 3724 σαορᾷ

294 3749 540 3819 διανοίᾳ,
574 3750 709 3820 φέρε
734 3752 838 3801 κᾶν
873 3749 930 3801 ἐν
957 3748 1108 3819 γήρᾳ
1134 3745 1415 3817 διδάχθητι
1444 3743 1578 3814 παρ’
1606 3745 1763 3816 ἡμῶν
1787 3745 1888 3807 τὰς

296 3840 676 3911 στοιχειώδεις
704 3838 911 3902 ταύτας
941 3840 1036 3892 καὶ
1067 3838 1294 3909 πρώτας
1334 3839 1524 3907 φωνὰς
1547 3838 1659 3891 τῶν
1695 3854 1882 3909 γραμ-

299 3934 521 4003 μάτων,
551 3931 627 3997 ὡς
676 3931 743 3986 ἂν
789 3930 1194 4002 εὐμαθέστερος
1237 3930 1369 3994 ίσως
1428 3930 1753 4001 γενόμενος·
1784 3929 1885 3999 τῆς

294 4025 465 4090 θείας
499 4025 634 4089 τέως
681 4023 890 4080 αἴσθοιο
920 4023 1168 4095 Γραφῆς,
1210 4027 1305 4078 καὶ⁵
1362 4024 1563 4094 μηκέτι
1612 4022 1682 4077 δι’
1717 4021 1880 4092 δχλου

295 4121 377 4190 τῇ
404 4117 654 4189 εὐσεϐείᾳ
682 4118 910 4187 γίγνοιο,
940 4116 1291 4186 δημαγωγῶν
1318 4116 1356 4172 ἃ
1396 4121 1512 4180 τοῖς
1554 4117 1707 4171 κάτω
1749 4114 1885 4185 μᾶλ-

296 4214 404 4266 λον
440 4210 477 4282 ἢ
518 4211 632 4275 τοῖς
677 4209 792 4264 ἄνω
835 4211 1039 4279 πρέπει
1099 4212 1331 4277 νεκροῖς.
1368 4210 1450 4264 Τὰ
1499 4209 1611 4277 γὰρ
1661 4207 1882 4262 ἔναντία

295 4304 420 4367 τοῖς
477 4301 740 4365 ἐναντίοις
769 4300 1046 4372 όρίζεσθαί
1082 4315 1141 4354 τε
1196 4299 1291 4354 καὶ
1336 4298 1683 4370 διορθοῦσθαι
1730 4300 1886 4370 νόμι-

296 4412 428 4465 μον,
463 4394 585 4446 ἐπεὶ
626 4393 723 4446 καὶ
749 4392 1035 4464 Χαρμίδης
1072 4395 1100 4447 ό
1127 4393 1462 4462 Λαρισσαῖος
1488 4392 1734 4455 ἀκούσας
1760 4392 1881 4463 διη-

1998 2019 2213 2089 pulchri
2279 2034 2500 2074 manere
2581 2019 2856 2083 volumus,
2916 2029 3205 2088 postquam
3266 2016 3372 2070 illis
3446 2030 3569 2083 qua:

1995 2120 2149 2162 extra
2182 2119 2332 2171 sunt,
2368 2108 2663 2177 praeparati
2712 2118 2925 2170 sumus,
2954 2115 3069 2160 tum
3103 2106 3321 2159 demum
3353 2118 3565 2157 sacrant

1994 2210 2051 2255 et
2082 2209 2348 2255 secretam
2373 2200 2662 2256 audiemus
2683 2199 3013 2260 doctrinam,
3035 2208 3091 2253 et
3138 2206 3195 2251 ut
3224 2196 3467 2265 alioquin
3511 2195 3567 2248 in

1995 2308 2137 2364 aqua
2170 2294 2340 2349 solem
2362 2293 2552 2348 videre
2576 2293 2720 2349 soliti
2743 2308 2954 2355 sumus,
2985 2291 3057 2345 ita
3093 2292 3145 2345 in
3175 2290 3357 2343 lumen
3385 2290 3563 2358 ipsum

1996 2396 2380 2442 convertemus
2406 2385 2615 2440 oculos.
2665 2384 2881 2439 Dicitur
2910 2394 3116 2445 autem,
3160 2382 3361 2451 inquit,
3391 2383 3567 2435 Moses

1995 2493 2216 2549 quoque
2270 2477 2363 2532 ille
2431 2476 2847 2540 celeberrimus,
2914 2476 3070 2545 cujus
3127 2473 3422 2527 maximum
3480 2482 3566 2527 est

1994 2576 2218 2638 propter
2244 2568 2566 2637 sapientiam
2621 2550 2764 2635 apud
2822 2566 3072 2620 homines
3112 2578 3304 2617 omnes
3339 2578 3562 2625 nomen,

1995 2668 2283 2731 postquam
2333 2659 2391 2714 in
2436 2659 2636 2714 litteris
2693 2658 3068 2730 Egyptiorum
3125 2666 3359 2711 mentem
3409 2671 3562 2710 suam

1993 2753 2371 2820 exercuisset,
2403 2760 2519 2806 tum
2571 2750 2790 2805 demum
2845 2749 3145 2803 accessisse
3195 2748 3258 2802 ad
3316 2746 3565 2802 veritatis

1991 2844 2495 2903 scientiam:simili
2520 2845 2731 2900 ratione
2760 2844 2923 2899 etiam
2964 2852 3151 2912 postea
3172 2841 3446 2896 Danielem
3473 2856 3563 2895 sa-

1992 2940 2233 3011 pientem
2267 2939 2461 2995 dicunt
2498 2938 2773 3009 Babylone
2802 2935 3184 2991 Chaldaeorum
3239 2932 3562 3003 sapientiam

1992 3033 2253 3089 edoctum
2324 3045 2510 3086 rerum
2557 3030 2864 3085 divinarum
2920 3027 3223 3081 doctrinam
3279 3033 3561 3078 tractasse.

1993 3123 2265 3190 Quoniam
2312 3136 2435 3193 qua:
2484 3121 2798 3193 quindecim
2838 3133 3013 3175 annos
3063 3128 3251 3172 natum
3312 3115 3479 3186 284
3508 3124 3563 3169 te

1918 3206 1964 3266 ε
1995 3215 2209 3270 discere
2259 3213 2574 3284 oportebat,
2643 3226 2753 3266 non
2811 3211 3077 3270 didicisti.
3135 3218 3299 3278 atque
3350 3216 3561 3276 septem

1990 3319 2167 3360 annos
2196 3312 2359 3359 natus
2380 3318 2449 3358 ne
2474 3303 2704 3375 gentiles
2732 3300 2954 3372 quidem
2994 3299 3363 3357 contendebas
3394 3309 3455 3352 ut
3477 3313 3562 3353 se-

1989 3396 2233 3453 cundum
2308 3395 2610 3465 sapientem
2673 3395 2823 3449 illum
2872 3391 3263 3447 Atheniensem
3319 3389 3559 3458 loquar,

1988 3485 2084 3542 sed
2115 3500 2181 3540 ex
2217 3499 2392 3549 remo,
2420 3494 2481 3538 ut
2510 3485 2683 3547 aiunt,
2718 3483 2772 3537 in
2801 3491 3117 3550 suggestum
3146 3488 3201 3535 et
3238 3480 3556 3550 prmtorium

1991 3585 2217 3649 repente
2245 3586 2299 3632 te
2332 3574 2635 3648 coniecisti,
2666 3574 2771 3629 hoc
2800 3573 3011 3629 scilicet
3033 3573 3178 3634 dico.
3220 3570 3364 3641 quod
3403 3580 3459 3624 tu
3488 3568 3556 3624 ad

1980 3684 2078 3725 res
2131 3668 2349 3724 divinas
2407 3666 2695 3723 accessisti
2745 3665 2914 3721 illotis
2964 3664 3219 3719 manibus
3265 3674 3322 3719 et
3375 3670 3559 3716 mente

1988 3763 2206 3829 obtusa,
2229 3775 2329 3831 age
2356 3760 2522 3815 etiam
2558 3773 2727 3815 senex
2781 3757 3032 3814 docearis
3065 3773 3093 3811 a
3125 3755 3284 3811 nobis
3321 3755 3423 3809 bos
3446 3753 3559 3808 ele-

1987 3852 2289 3908 mentarios
2315 3860 2371 3906 et
2400 3851 2608 3921 primos
2646 3864 2812 3905 sonos
2868 3848 3195 3912 litterarum,
3237 3856 3298 3901 ut
3343 3846 3558 3900 doctior

1984 3946 2184 4007 factus,
2217 3943 2457 3999 divinam
2503 3943 2849 4012 aliquatenus
2898 3940 3163 4010 intelligas
3192 3937 3556 4006 Seripturam,

1987 4051 2169 4107 neque
2204 4035 2357 4091 oneri
2411 4034 2491 4088 sis
2533 4033 2753 4103 pietati;
2791 4046 2915 4087 cum
2946 4030 3160 4100 plebem
3197 4028 3263 4082 ad
3317 4042 3379 4082 ea
3432 4041 3557 4095 per-

1985 4130 2175 4192 ducas,
2205 4141 2329 4196 quae
2366 4125 2537 4195 magis
2559 4124 2755 4179 decent
2780 4132 3048 4186 mortuos,
3086 4121 3181 4189 qui
3215 4117 3359 4172 infra
3391 4132 3553 4187 quam

1984 4234 2079 4275 eos
2125 4218 2219 4288 qui
2277 4231 2443 4285 supra
2495 4226 2696 4269 terram
2748 4223 3060 4274 versantur,
3114 4208 3341 4263 adversa
3403 4205 3553 4260 enim

1983 4311 2227 4366 adversis
2252 4307 2499 4365 dividere
2528 4315 2582 4361 et
2616 4303 2892 4374 corrigere
2914 4304 3121 4373 justum
3150 4309 3255 4364 est,
3285 4297 3557 4370 quamob-

1983 4420 2100 4461 rem
2160 4403 2324 4458 etiam
2366 4398 2690 4456 Charmides
2751 4394 3118 4458 Larissensis,
3160 4406 3285 4448 cum
3336 4389 3554 4444 audiret

293 4481 575 4552 γουμένου
632 4479 778 4543 τινδς
811 4480 871 4533 ὲν
902 4479 1054 4533 ὕδατι
1086 4479 1264 4544 ζέοντι
1316 4480 1499 4545 ζώσας
1549 4482 1680 4535 ίδεῖν
1723 4482 1879 4552 ἐγχέ-

293 4576 439 4597 -.-._-
491 4572 702 4597 m..--.-._.
734 4573 788 4597 ι..
830 4571 1020 4597 .ν.....,ρ.
1058 4572 1265 4597 _-_-___-
1312 4574 1602 4597 μέμυ..
1650 4574 1853 4597 μμ---

1986 4495 2275 4569 quemdam
2316 4502 2626 4549 narrantem
2680 4507 2739 4546 se
2782 4489 2836 4544 in
2892 4502 3031 4559 aqua
3082 4494 3349 4542 aestuante
3399 4482 3552 4536 vivas

2023 4590 2092 4597 --.
2388 4587 2441 4597 ...
2581 4584 2623 4597 η
2733 4582 2746 4595 ο
2791 4582 2823 4597 ο.
2986 4580 3032 4597 φλ-
3054 4579 3163 4597 ςηε.
3254 4577 3302 4597 ε..
3355 4573 3547 4597 £..:.-:.l-

290 4576 463 4637 λυας,
490 4572 702 4626 Οὐκοῦν
732 4573 788 4625 ὲν
830 4571 1024 4643 ψυχρῷ
1056 4572 1266 4637 ταύτας
1310 4574 1625 4645 έψήσωμεν,
1649 4574 1874 4643 ἔφησεν.

290 4660 415 4728 Ἷίς
450 4659 543 4719 οὖν
584 4664 678 4717 καὶ
709 4662 873 4727 αὐτὸς
901 4662 1160 4727 ἀσύνετος
1204 4664 1429 4733 ἔμεινας
1460 4665 1881 4720 πεντεκαιδεκέ-

291 4773 406 4826 της
455 4755 730 4821 παιδείας,
776 4755 980 4827 ταύτης
1009 4754 1152 4827 ὑπὲρ
1189 4757 1259 4809 τὰ
1313 4757 1577 4824 ἑξῆκοντα
1635 4758 1879 4827 γεγονὼς

290 4848 581 4919 ἀκροατὴν
612 4848 838 4902 σεαυτὸν
889 4848 1276 4903 ἀποδεικνύναι
1331 4849 1407 4921 μὴ
1438 4850 1670 4918 ἀπαξίου
1703 4852 1879 4923 τήμε-

292 4958 422 5013 ρον,
451 4940 560 4995 τῶν
597 4942 786 4995 ἁπλῶν
819 4942 1022 5014 δηλαδὴ
1072 4946 1166 4997 καὶ
1212 4943 1506 5013 ἀρχοειδῶν
1555 4944 1750 5011 φωνῶν
1784 4947 1877 4997 καὶ

291 5036 604 5108 στοιχείων.
634 5034 821 5091 Ταῦτα
867 5037 914 5091 δ’
937 5036 1004 5091 ἂν
1044 5030 1265 5099 πάντως
1308 5036 1395 5109 εἴη
1444 5038 1515 5091 τά
1552 5036 1602 5090 τ’
1634 5037 1878 5108 ὀνόματα

291 5130 398 5184 καὶ
432 5128 677 5199 ῥήματα.
703 5129 925 5200 Πρῶτον
954 5129 1063 5200 γαρ
1092 5129 1175 5183 δεῖ
1195 5129 1407 5194 θέσθαι,
1438 5130 1596 5199 φασὶ,
1621 5129 1678 5183 τί
1704 5130 1878 5201 δνομα

291 5222 399 5277 καὶ
436 5223 489 5274 τί
520 5222 700 5293 ῥῆμα,
730 5221 896 5275 οἱονεί
945 5237 1069 5275 τινα
1119 5224 1347 5293 στερῤδν
1377 5223 1645 5292 θεμέλιον,
1680 5222 1878 5275 ἔπειτα

287 5314 352 5370 τί
402 5315 552 5368 ἐστιν
586 5313 868 5385 ἀπόφασις
912 5313 1010 5368 καὶ
1055 5315 1371 5383 κατάφασις
1426 5316 1522 5368 καὶ
1564 5316 1875 5384 ἁπόφανσις

288 5407 391 5461 καὶ
444 5404 629 5473 λόγος,
687 5407 786 5461 καὶ
834 5406 936 5461 ὅσα
988 5405 1053 5460 ἐκ
1103 5406 1205 5475 τῆς
1260 5407 1606 5477 ἀνθρωπίνης
1668 5404 1874 5474 ταύτης

287 5499 604 5569 ἐπιπλοκῆς
627 5499 723 5555 καὶ
752 5499 1057 5563 συνθέσεως
1089 5498 1199 5551 τῶν
1234 5516 1293 5552 τε
1324 5500 1609 5569 ὀνομάτων
1637 5501 1731 5555 καὶ
1761 5501 1870 5555 τῶν

285 5591 563 5661 ῥημάτων
589 5590 1019 5647 ἀποτελοῦνται-
1051 5592 1207 5644 Σκιαὶ
1233 5592 1343 5662 γὰρ
1378 5593 1542 5646 οίονεί
1583 5594 1728 5657 τινές
1761 5596 1870 5648 είοι

281 5683 397 5739 τῶν
438 5684 790 5753 πραγμάτων
833 5686 890 5738 αἱ
940 5685 1137 5753 φωναὶ,
1167 5685 1305 5754 πρὸς
1352 5686 1450 5750 τὰς
1482 5688 1729 5757 κινήσεις
1761 5689 1869 5743 τῶν

282 5776 623 5843 ὑφεστώτων
653 5776 1122 5847 σχηματιζόμεναι
1146 5778 1240 5831 καὶ
1266 5777 1495 5847 ὀνόμασι
1523 5781 1619 5834 καὶ
1655 5780 1867 5851 ῥήμασι

282 5869 720 5944 κεραννύμεναι·
767 5869 893 5925 οὐδὲ
927 5870 1053 5943 γὰρ.
1086 5869 1242 5940 φύσει
1283 5873 1394 5937 τοίς
1444 5872 1733 5943 πράγμασι
1784 5875 1852 5932 τὲ

1983 4590 2187 4645 vidisse
2240 4587 2528 4656 anguillas,
2581 4584 2688 4639 Has
2731 4582 2922 4652 igitur,
2985 4579 3185 4649 inquit,
3253 4577 3307 4630 in
3355 4573 3552 4644 frigida

1984 4697 2304 4752 cnquemus.
2337 4678 2408 4734 Ut
2432 4678 2599 4748 igitur
2624 4683 2680 4729 et
2702 4674 2819 4745 ipse
2858 4674 3083 4744 ignarus
3117 4667 3366 4724 mansisti
3390 4664 3552 4735 quin-

1982 4772 2158 4828 decim
2192 4784 2367 4824 annos
2395 4778 2553 4822 natus
2586 4765 2875 4827 doctrinm,
2925 4764 2999 4817 ita
3040 4763 3160 4832 ejus
3199 4769 3413 4814 aetatem
3454 4771 3552 4809 an-

1981 4875 2177 4916 norum
2212 4858 2489 4930 sexaginta
2529 4870 2785 4924 egressus
2838 4863 2889 4909 te
2932 4852 3238 4907 studiosum
3287 4846 3549 4903 simulare

1980 4954 2123 5009 nolis
2154 4952 2340 5019 hodie,
2388 4949 2722 5020 simplicium
2758 4947 2969 5003 scilicet
3017 4954 3073 4999 et
3110 4942 3413 5011 primorum
3460 4953 3547 4991 so-

1978 5061 2175 5102 norum
2197 5044 2725 5111 elementorumque,
2762 5039 2879 5093 haec
2915 5044 3045 5091 sunt
3068 5034 3294 5089 omnino
3320 5029 3545 5084 nomina

1976 5149 2031 5194 et
2066 5138 2232 5192 verba
2271 5154 2286 5189 :
2329 5134 2567 5206 primum
2592 5132 2738 5187 enim
2779 5130 2971 5185 dicunt
3000 5126 3234 5181 solidum
3268 5120 3542 5193 quoddam

1977 5230 2393 5285 fundamentum
2440 5226 2625 5296 jacere
2672 5230 2950 5293 oportere,
3004 5217 3136 5288 quid
3199 5216 3271 5270 sit
3317 5226 3542 5277 nomen,

1973 5325 2107 5394 quid
2139 5320 2387 5386 verbum,
2417 5318 2639 5383 deinde,
2672 5315 2801 5386 quid
2826 5314 2897 5369 sit
2919 5311 3204 5366 aﬂlrmatio
3232 5318 3290 5363 et
3318 5305 3543 5394 negatio

1972 5387 2031 5469 et
2059 5410 2332 5468 sententia
2381 5418 2437 5464 et
2479 5406 2781 5472 conclusio,
2810 5413 2866 5458 et
2914 5413 3259 5472 quacunque
3318 5387 3389 5449 οἱ
3439 5394 3543 5448 hac

1973 5508 2259 5562 hominum
2292 5502 2679 5575 conjunctione
2723 5508 2779 5554 et
2818 5494 3215 5567 compositione
3258 5488 3545 5545 nominum

1970 5609 2027 5655 et
2081 5598 2375 5653 verborum
2423 5592 2753 5650 eiIiciuntur.
2806 5589 3026 5646 Umbrae
3075 5586 3225 5641 enim
3274 5580 3546 5653 quodam-

1971 5691 2138 5747 modo
2173 5703 2356 5745 rerum
2386 5695 2514 5743 sunt
2545 5684 2664 5740 soni
2723 5682 3026 5739 secundum
3059 5687 3242 5732 motus
3295 5674 3545 5729 substra-

1973 5793 2157 5838 torum
2197 5780 2414 5835 formati
2436 5787 2492 5833 et
2512 5777 2674 5846 285
2701 5773 3016 5830 nominibus
3042 5781 3099 5827 et
3142 5770 3326 5825 verbis
3365 5764 3540 5831 misti,

1971 5891 2153 5939 neque
2200 5875 2345 5932 enim
2379 5873 2562 5938 gignet
2612 5870 2774 5928 rebus
2832 5868 3054 5927 nomina
3116 5864 3228 5920 ullo
3280 5861 3441 5917 modo
3467 5873 3538 5915 ne
