3856 6554
461 357 562 420 25-1

1641 389 2062 454 NICEi‘llURI
2099 397 2326 462 GREGt
2347 406 2480 466 2R]!
3625 419 3719 484 259.

461 479 658 527 ¹¹³¹υ¹¹³
711 475 957 546 quidem.
1006 485 1101 540 sed
1151 503 1217 544 ex
1265 497 1652 554 convenientia
1702 512 1758 556 et
1805 521 2011 558 censen

461 563 616 594 ρῖηηη
645 566 926 594 L...-.:-.____-
975 593 992 594 η
1093 581 1106 594 1
1194 593 1199 594 ,
1405 589 1414 594 .

2149 509 2412 578 ὀνόματα.
2451 519 2538 568 ναὶ
2572 515 2678 584 μὴν
2709 519 2827 570 οὐδὲ
2859 519 3042 586 φύσις,
3083 519 3219 574 ἀλλὰ
3261 520 3404 573 κατὰ
3451 521 3706 594 συνθήκην

461 563 618 620 sione
645 566 930 628 hominum
969 581 1302 646 prudentum
1333 589 1594 646 oriuntur
1620 596 1786 650 rebus
1819 602 2039 654 nomina

463 668 552 708 res
586 657 948 728 significantia
994 675 1299 731 secundum
1333 678 1658 752 Gregorium
1706 689 2036 760 Nysseunm.

533 827 621 884 XI.
657 831 750 888 Est
783 839 930 893 enim
962 859 1101 912 opus
1129 863 1160 902 e
1189 852 1500 920 sapientum
1531 861 1624 927 qui
1657 865 1801 932 apud
1844 882 1946 921 nos
1981 880 2038 924 ct

459 921 600 988 apud
628 935 886 986 externos
915 947 1042 988 sunt
1094 927 1573 1006 consentientilms
1621 955 1674 1008 in
1723 957 2034 1017 litterarum

457 1013 764 1074 subtilitate
793 1023 959 1081 dictis
993 1030 1088 1084 tibi
1125 1033 1404 1093 inerudito
1450 1044 1728 1102 adducere
1767 1066 2038 1124 praepara-

1767 1105 1782 1119 ,
1879 1105 2008 1124 ρ--

455 1105 665 1161 tionem
695 1113 966 1180 ejusmodi
1003 1121 1390 1192 institutionis,
1428 1144 1484 1187 ut
1511 1135 1615 1190 boc
1661 1143 1824 1196 modo
1857 1149 2036 1213 possi-

457 1213 581 1254 mus
619 1205 836 1259 tandem
873 1211 1174 1280 aliquando
1210 1228 1434 1291 tangere
1469 1242 1712 1288 mentem
1755 1246 1900 1292 tuam
1937 1243 2035 1296 ob-

457 1299 636 1346 tusam
665 1306 720 1349 et
752 1297 1260 1366 ineruditissimam.
1295 1315 1509 1374 illorum
1541 1325 1687 1380 enim
1719 1329 2032 1399 dogmatum

457 1381 496 1399 ,,
727 1387 772 1399 ..

455 1381 688 1440 Basilius
725 1387 953 1461 Magnus
1009 1413 1130 1455 esse
1186 1404 1320 1462 dicit
1369 1419 1722 1471 externorum
1769 1421 2034 1481 doctrinae

455 1475 589 1539 vim,
624 1496 745 1549 qua:
771 1501 876 1540 non
910 1488 1053 1544 sinat
1088 1509 1152 1548 ea
1190 1512 1221 1550 a
1249 1503 1498 1568 quolibet
1523 1512 1782 1578 exagitari
1835 1511 1894 1570 et
1943 1521 2029 1572 di-

457 1567 584 1634 ripi,
622 1581 676 1625 et
708 1590 900 1632 rursus
924 1578 1351 1654 ClirySOstomus
1380 1595 1622 1664 divinus,
1648 1601 1782 1657 Cum
1810 1622 1874 1660 ex
1907 1608 2033 1680 dog-

1608 1661 1617 1664 -
1981 1661 2010 1680 υ

456 1661 639 1724 matis,
679 1663 880 1736 inquit,
913 1685 1141 1741 :Bgt'utat.
1170 1681 1386 1738 animus
1407 1692 1629 1758 spuriis,
1660 1705 1771 1749 tum
1801 1714 2031 1758 tnaznus

1890 1735 1919 1771 ὅ

454 1747 760 1808 litterarum
798 1773 882 1814 est
917 1779 1067 1825 usus,
1093 1785 1198 1824 non
1220 1775 1394 1830 solum
1429 1792 1620 1837 contra
1643 1787 2025 1848 inﬁrmitatem

454 1837 838 1916 domesticam,
864 1855 958 1908 sed
991 1861 1151 1914 etiam
1182 1875 1372 1922 contra
1407 1875 1674 1931 tumultus
1725 1891 1984 1942 externos
2016 1906 2033 1945 :
2073 1870 2110 1926 Β

454 1938 508 1980 et
547 1947 736 1991 rursus
781 1939 1046 2004 Maximus
1096 1953 1336 2020 divinus.
1375 1959 1503 2019 Sine
1553 1967 1858 2029 litterarum
1889 1977 2032 2046 luce,

1623 2021 1750 2026 --ψ
1771 2021 1858 2029 _--.
1889 2021 2028 2046 ...νη

460 2021 785 2092 inquit,non
819 2039 999 2094 oritur
1031 2059 1157 2099 vera
1191 2053 1452 2124 cognitio,
1475 2069 1530 2113 et
1561 2063 1680 2117 sine
1711 2070 2028 2137 cognitione

455 2131 564 2170 non
605 2126 860 2186 consistit
895 2132 1046 2189 fides.
1081 2139 1244 2196 Vides
1277 2147 1386 2213 jam
1427 2153 1882 2214 maledictionum
1915 2173 2034 2218 tua-

454 2223 572 2264 rum
601 2229 842 2282 rausam.
867 2227 1076 2294 amice;
1109 2234 1214 2286 alia
1253 2239 1401 2292 enim
1438 2249 1695 2303 estnulla
1727 2267 1890 2322 quam
1917 2265 2034 2312 om-

1671 2301 1694 2303 s
1732 2301 1890 2322 7.-----
1920 2301 2006 2312 ν-..

451 2301 586 2378 nino
615 2304 923 2374 ignorantia
949 2319 1192 2390 illorum,
1218 2328 1341 2384 dico
1377 2335 1636 2393 nimirum
1669 2342 1914 2400 virorum
1937 2351 2032 2419 qui

452 2391 596 2419 ηιμ-ιι
631 2409 776 2419 ις--ιΑη
951 2417 958 2419 >
1127 2415 1138 2419 ³

449 2391 596 2460 apud
626 2409 884 2458 externos
909 2417 964 2462 et
995 2415 1140 2482 apud
1183 2435 1282 2473 nos
1337 2438 1467 2480 sunt
1507 2432 1820 2498 sapientum
1873 2391 2030 2496 etﬁin

452 2496 540 2537 res
594 2487 812 2547 divinas
865 2495 1268 2569 inquirentium
1325 2513 1659 2589 doctrinam,
1707 2541 2028 2594 quamcum

1443 2570 1450 2571 ,
1515 2570 1659 2589 _____,
1709 2570 1869 2594 1-.....
1903 2570 2028 2586 ω.-.

449 2570 691 2648 ignores,
726 2599 873 2641 nunc
903 2592 1098 2650 saltem
1152 2601 1438 2662 edocearis
1487 2626 1712 2670 necesse
1767 2623 2030 2680 cstbiea

448 2669 628 2730 nobis.

520 2765 688 2840 286
717 2771 833 2829 Χίί.
864 2775 958 2834 llis
995 2779 1161 2838 dictis
1201 2787 1426 2857 quidam
1453 2809 1518 2848 ex
1553 2799 1642 2874 iis,
1683 2803 1778 2870 qui
1811 2805 1866 2858 in
1899 2821 2030 2864 con-

447 2855 578 2912 cilio
633 2874 813 2932 erant,
868 2871 1187 2932 amicissimi
1241 2880 1478 2939 Palatino
1512 2898 1566 2941 et
1621 2855 2030 2956 consentientes

448 2962 572 3004 cum
604 2967 672 3007 eo
700 2967 754 3012 et
779 2961 934 3029 socii,
969 2964 1320 3028 insusurrant
1362 2974 1416 3029 in
1444 2992 1633 3034 aurem
1655 2981 1932 3058 Gregoraa,
1959 3009 2028 3049 ne

449 3041 706 3102 illuderet
735 3066 874 3108 neve
905 3056 1044 3114 adeo
1105 3060 1366 3122 irrideret
1426 3041 2029 3152 episcopumucapillis

2151 603 2247 654 καὶ
2298 609 2620 672 συμφωνίαν
2665 611 2876 688 ἀνδρῶν
2915 614 3153 665 συνετῶν
3191 614 3567 682 ἐπιγίγνονται
3609 623 3706 682 τοῖς

2149 695 2477 764 πράγμασιν
2515 701 2572 752 ai
2614 705 2954 769 σημαντικαὶ
2995 705 3104 757 τῶν
3135 708 3484 776 πραγμάτων
3515 729 3706 784 προσηο

2146 789 2330 854 γορξαι
2358 791 2500 842 κατὰ
2531 794 2623 842 τὶν
2647 793 2908 846 Νυσσαέα
2941 797 3262 868 Γρηγάριον.

2219 879 2281 950 [ι.
2311 882 2500 954 157m}
2529 885 2627 938 ΙΝ.
2645 890 2736 938 Δεῖ
2753 890 2860 957 γὰρ
2880 889 2940 940 ἐκ
2965 908 3020 942 τε
3047 893 3156 942 τῶν
3181 895 3470 963 ἡμετέρων
3489 897 3582 948 καὶ
3605 899 3706 965 ἅμα

2144 969 2256 1022 τῶν
2292 971 2528 1040 θύραθεν
2561 979 2762 1042 σοφῶν,
2799 981 3066 1047 σύμφωνα
3095 983 3490 1052 φθεγγομένων
3519 989 3578 1040 ὲν
3601 993 3708 1054 ταῖς

2143 1057 2254 1110 τῶν
2276 1059 2452 1128 λόγων
2471 1065 2926 1133 ἐπιστημονικαῖς
2951 1072 3280 1140 ἀκριϐείαις,
3303 1077 3379 1145 τῷ
3399 1077 3607 1144 ἀμαθεῖ
3621 1081 3706 1148 τὴν

2145 1155 2507 1222 προπαιδείαν
2551 1176 2632 1212 σοι
2667 1162 2764 1230 τῆς
2794 1162 3052 1232 τοιαύτης
3101 1167 3400 1235 προσάγειν
3453 1171 3705 1224 διδασκα-

2142 1242 2288 1312 λίας,
2321 1246 2394 1310 ὡς
2423 1249 2488 1303 ἂν
2521 1251 2665 1306 οὕτω
2698 1254 3062 1326 δυνηθείημεν
3091 1259 3188 1326 ὀψὲ
3228 1260 3362 1328 γοῦν
3392 1263 3706 1320 καθικέσθαι

2143 1339 2242 1406 τῆς
2268 1341 2480 1412 σαθρᾶς
2516 1348 2610 1396 καὶ
2657 1348 3048 1420 ἁμαθεστάτης
3089 1369 3184 1404 σου
3215 1353 3478 1418 διανοίας.
3527 1357 3708 1428 Τεῖχος

2140 1431 2252 1501 γὰρ
2283 1433 2311 1484 ὁ
2335 1435 2512 1502 μέγας
2539 1433 2680 1490 εἷναί
2715 1457 2848 1509 φησι
2883 1443 3160 1507 Βασίλειος
3203 1449 3314 1507 τοῖς
3354 1449 3592 1516 δόγμασι
3619 1452 3707 1520 τῆς

2139 1519 2252 1572 τῶν
2284 1520 2522 1592 θύραθεν
2567 1528 2882 1598 ἐπιστήμης
2927 1531 3024 1602 τὴν
3075 1535 3325 1604 δύναμιν,
3386 1537 3486 1590 οὐκ
3541 1539 3708 1592 ἐῶσαν

2140 1612 2282 1664 αὐτὰ
2313 1619 2428 1677 τοῖς
2463 1615 2813 1686 βουλομένοις
2851 1623 3102 1680 εὐάλωτά
3131 1642 3191 1678 τε
3223 1629 3318 1679 καὶ
3345 1628 3707 1699 εὺδιάρπαστα

2143 1703 2418 1770 γίνεσθαι.
2453 1708 2562 1761 Καὶ
2593 1708 2754 1774 αὖθις
2797 1715 2825 1766 ὁ
2869 1713 3012 1778 θεῖος
3041 1715 3454 1789 Χρυσόστομος,
3489 1738 3508 1770 ι
3551 1720 3708 1773 Ὅταν

2143 1799 2280 1864 περὶ
2306 1799 2626 1869 δόγματα,ζ›
2657 1805 2816 1876 φησὶ,
2845 1826 2864 1858 ι
2885 1812 3012 1880 νοσῇ
3043 1811 3074 1878 ἡ
3101 1809 3248 1882 ψυχὴ
3272 1813 3339 1867 τὰ
3371 1813 3524 1880 νόθα,
3553 1815 3708 1886 πολλὴ

2140 1889 2236 1942 τοῦ
2272 1889 2436 1958 λόγου
2463 1897 2700 1950 ἐνταῦθα
2723 1900 2755 1967 ή
2781 1901 2960 1967 χρεία,
2991 1903 3052 1954 οὐ
3079 1907 3216 1974 πρὸς
3238 1905 3336 1975 τὴν
3363 1907 3474 1958 τῶν
3503 1907 3709 1962 οἰκείων

2139 1979 2447 2049 ἀσφάλειαν
2481 1985 2670 2054 μόνον,
2707 1988 2846 2044 ἀλλὰ
2877 1993 2970 2044 καὶ
2997 1991 3134 2063 πρὸς
3167 1996 3294 2059 τοὺς
3327 1995 3532 2059 ἔξωθεν
3563 1999 3709 2051 πολέ-

2143 2089 2299 2140 μους.
2333 2093 2354 2126 ι
2391 2077 2502 2130 Καὶ
2537 2079 2695 2143 αὖθις
2727 2084 2754 2134 ὁ
2787 2083 2930 2146 θεῖος
2962 2085 3236 2156 Μάξιμος,
3275 2107 3294 2140 ι
3331 2089 3467 2159 Λίχα
3493 2091 3708 2161 λογικῆς

2136 2165 2879 2243 δυνάμεωςηὲπιστημονικὴ,
2919 2197 2938 2229 ι
2975 2183 3128 2248 φησι,
3165 2199 3185 2232 ι
3209 2183 3414 2249 γνῶσις
3451 2185 3553 2237 οὐκ
3582 2187 3706 2246 ἐστι,

2137 2261 2231 2310 καὶ
2265 2260 2523 2327 γνώσεως
2575 2269 2746 2336 χωρῖς
2793 2269 2854 2321 οὑ
2897 2273 3218 2328 συνίσταται
3251 2277 3458 2339 πίστις.
3489 2297 3508 2327 ι
3555 2280 3706 2348 Ὁρᾷς

2135 2349 2196 2403 τὸ
2233 2352 2347 2406 τῶν
2406 2355 2530 2407 σῶν·
2565 2357 2926 2429 βλασφημιῶν
2975 2365 3170 2432 αἴτιον,
3210 2367 3490 2440 ἄνθρωπε.
3551 2373 3708 2424 Οὐδὲν

2135 2442 2248 2513 γὰρ
2275 2443 2464 2514 ἕτερον
2495 2449 2528 2519 ἢ
2571 2451 2791 2516 πάντως
2819 2455 2852 2522 ἡ
2883 2456 3090 2509 τούτων
3117 2459 3328 2527 ἄγνοια,
3355 2463 3500 2528 λέγω
3533 2465 3598 2534 δὴ
3617 2465 3706 2535 τὴν

2133 2534 2242 2586 τῶν
2271 2535 2510 2606 θύραθεν
2535 2543 2631 2595 καὶ
2661 2544 2768 2596 τῶν
2799 2547 3086 2619 ἡμετέρων
3109 2552 3225 2620 ἅμα
3255 2554 3438 2620 σοφῶν
3463 2557 3566 2608 καὶ
3597 2557 3705 2610 θεο-

2134 2625 2310 2694 λόγων
2371 2631 2582 2702 ἀνδρῶν
2635 2637 2970 2711 ἐπιστήμην,
3019 2643 3088 2713 ἣν
3136 2645 3437 2714 ἀγνοοῦντά
3485 2667 3550 2703 σε
3619 2651 3706 2705 νῦν

2135 2715 2266 2783 γοῦν
2299 2717 2616 2792 διδαχθῆναι
2653 2727 2832 2795 χρεὼν
2861 2730 3116 2784 ἐνταυθοῖ
3147 2737 3282 2802 παρ’
3315 2737 3498 2804 ἡμῶν.

2205 2809 2309 2862 lB'.
2345 2810 2566 2867 Τούτων
2595 2816 2642 2869 δ’
2671 2818 2816 2872 οὓτω
2837 2821 3148 2890 λεγομένων
3177 2827 3322 2890 τινὲς
3351 2829 3460 2882 τῶν
3489 2830 3596 2901 τῆς
3619 2849 3704 2900 γε·

2134 2902 2360 2970 ρουσίας
2381 2906 2616 2974 μάλιστα
2639 2911 2808 2979 φίλων
2823 2915 2900 2984 τῷ
2917 2915 3148 2988 Παλαμᾷ
3167 2921 3262 2972 καὶ
3283 2921 3562 2989 ὁμοδόξων
3579 2923 3704 2992 ὁμοῦ

2131 2994 2226 3047 καὶ
2255 3003 2676 3066 συναγωνιστῶν
2729 3004 3134 3078 ύπεψιθύρισαν
3163 3012 3300 3081 πρὸς
3340 3011 3434 3076 οὖς
3467 3015 3552 3085 τῷ
3573 3016 3704 3085 Γρη-

2127 3089 2268 3158 γορᾷ
2306 3091 2384 3161 μὴ
2427 3093 2706 3148 σκώπτειν
2758 3099 2882 3168 μηδ’
2916 3101 2976 3164 ἐς
3019 3102 3278 3156 τοσοῦτον
3319 3107 3704 3176 εἰρωνεύεσθαι

448 3145 895 3202 canescei‘itibus.
931 3150 1348 3222 Aliquantulum
1379 3161 1547 3234 igitur
1576 3166 1851 3238 Gregoras
1881 3174 2022 3232 desj.

449 3243 584 3272 non:
613 3246 662 3272 m
699 3236 848 3272 Λῖιιιη
889 3244 1118 3272 ωηιξη-ε.
1157 3252 1435 3272 .._-.s,-__-,,
1516 3257 1530 3272 .
1962 3266 1972 3272 .

2301 3145 2928 3257 άνεὸραὲπισκοποῖκαὶ
2949 3145 3146 3249 Ἰτιολιὸν
3179 3197 3281 3268 τὴν
3323 3145 3510 3269 τὲίχα.
3555 3203 3704 3256 Κατὰ

448 3243 584 3285 nens
613 3246 662 3288 et
699 3236 848 3292 dicto
887 3244 1120 3301 audiens
1153 3252 1460 3308 orationem
1497 3257 1683 3314 denuo
1755 3266 2022 3336 suscepit.

447 3321 585 3378 Sunt
606 3328 854 3397 quidem,
891 3334 1093 3405 inquit,
1127 3341 1326 3412 linguae
1357 3352 1690 3410 mutationes
1715 3358 1880 3414 animi
1907 3377 2026 3418 mu-

449 3417 718 3476 tationum
776 3425 1065 3496 signa:et
1121 3433 1322 3493 littera:
1383 3445 1748 3502 mutationum
1801 3452 2021 3524 litigant,

445 3519 568 3574 quae
590 3511 814 3578 quidem
858 3532 982 3572 cum
1051 3537 1080 3576 a
1135 3532 1333 3580 natura
1396 3529 1472 3586 sit
1525 3532 2024 3606 inarticulata,ar-

447 3597 670 3656 ticulata
696 3615 782 3660 est
808 3614 1230 3684 compositione,
1263 3623 1472 3678 auxilio
1507 3632 1798 3686 nominum
1825 3647 1879 3689 et
1903 3653 2024 3692 ver-

443 3689 641 3746 borum
669 3695 736 3748 ab
773 3698 1092 3761 hominibus
1127 3711 1364 3778 posteris
1411 3715 1786 3778 inventorum.
1839 3725 2020 3780 Prima

442 3783 590 3837 enim
629 3789 892 3856 quoniam
929 3803 1120 3852 natura
1159 3801 1431 3872 simplicia
1467 3821 1618 3876 sunt,
1650 3814 1815 3869 etiam
1837 3817 2022 3885 priora

446 3877 697 3932 tractatis
729 3891 786 3936 et
817 3889 1143 3954 compositis
1174 3895 1424 3952 veritatis
1461 3903 1680 3960 censuit
1704 3920 1828 3962 esse
1858 3910 2018 3966 ratio.

442 3963 666 4024 Priores
723 3972 890 4042 igitur
949 3979 1148 4050 linguae
1195 3985 1642 4056 significantibus
1699 3999 2021 4056 nominibus

439 4061 736 4132 verbisque
764 4079 894 4123 sunt
935 4071 1104 4128 animi
1129 4080 1466 4140 mutationes
1494 4085 1610 4142 sive
1633 4093 1904 4161 cogitata;
1937 4096 2022 4150 in-

441 4153 550 4208 sita
575 4158 719 4211 enim
756 4171 887 4215 sunt
913 4165 1153 4234 cogitata
1184 4184 1328 4227 etex
1355 4175 1546 4231 innato
1566 4179 1720 4236 fonte
1753 4199 2014 4242 manant:

439 4244 530 4300 iila
561 4261 746 4303 autem
789 4265 1010 4322 postera
1044 4269 1100 4312 et
1129 4265 1302 4318 ascita
1328 4306 1343 4332 ,
1390 4269 1594 4338 quibus
1619 4289 1728 4328 non
1757 4291 1899 4346 opus
1927 4296 2016 4334 es-

436 4349 523 4400 set
547 4339 888 4410 lioinlnibus,
919 4349 963 4400 si
990 4347 1231 4408 facultas
1253 4368 1578 4428 suppeteret
1599 4363 2013 4425 demonstrandi

435 4429 542 4492 sibi
581 4432 815 4490 invicem
849 4439 1019 4495 animi
1074 4445 1372 4502 motiones.
1426 4449 1664 4510 Necesse
1719 4467 1804 4512 est
1841 4463 2012 4526 enim,

433 4521 515 4574 ait
547 4522 842 4596 Dionysius
871 4529 1118 4602 Magnus,
1149 4538 1297 4593 scire
1325 4543 1631 4597 secundum
1668 4547 1720 4600 id
1745 4550 1891 4616 quod
1923 4568 2014 4607 ve-

435 4627 556 4666 rum
583 4625 690 4680 est,
725 4633 824 4675 nos
849 4621 1050 4679 litteris
1085 4636 1141 4681 et
1172 4630 1396 4699 syllabis
1452 4642 1509 4686 et
1541 4637 1723 4691 verbis
1774 4649 1830 4694 et
1875 4643 2013 4696 scri-

434 4707 615 4774 pturis
643 4709 718 4764 uti
756 4722 984 4783 propter
1006 4718 1541 4789 animadversiones,
1597 4743 1723 4782 cum
1773 4731 1860 4787 ubi
1895 4735 2016 4788 ani-

434 4809 559 4856 mus
591 4807 781 4855 noster
808 4803 1153 4878 intelligendi
1185 4811 1400 4868 viribus
1427 4815 1494 4871 ad
1521 4831 1585 4872 ea
1620 4835 1743 4890 qua:
1781 4823 2010 4896 intelligi

433 4901 665 4964 possunt
699 4905 974 4965 movetur,
1012 4917 1138 4957 cum
1171 4905 1578 4966 animadversis
1625 4914 2014 4985 relinquantur
2069 4909 2071 4911 ’

431 4984 960 5057 animadversiones.
995 4991 1132 5048 Cum
1163 4998 1310 5051 enim
1339 5013 1508 5056 carne
1543 5003 1882 5064 circumdata
1917 5027 2009 5066 na-

433 5083 556 5140 tura
591 5092 778 5135 nostra
805 5085 970 5156 287
1009 5088 1504 5161 circumcludatur,
1539 5097 1614 5152 ita
1653 5111 1712 5155 ut
1743 5117 1850 5157 non
1885 5120 2010 5173 pos-

429 5171 605 5226 simus
661 5193 762 5232 uos
816 5179 1124 5249 declarare,
1178 5190 1522 5256 necessario,
1578 5193 1654 5248 ait
1689 5193 2007 5268 Gregorius,

433 5273 690 5334 tanquam
721 5268 895 5338 signis
921 5274 1083 5329 rebus
1103 5279 1519 5351 qualescunque
1543 5287 1830 5342 nominum
1856 5307 2007 5346 cent-

429 5361 732 5430 positiones
769 5365 1104 5434 imponimus
1132 5371 1328 5442 bisque
1372 5376 1542 5431 animi
1609 5380 1880 5438 motiones
1912 5399 2010 5439 no-

427 5449 643 5506 biscum
673 5455 910 5514 invicem
943 5465 1442 5535 communicamus,
1495 5473 1856 5540 quamobrem
1913 5477 2006 5531 alii

429 5544 507 5598 rei
543 5563 746 5606 nomen
775 5553 1114 5622 imponimus
1135 5558 1280 5625 creli,
1315 5559 1406 5614 alii
1438 5575 1638 5618 numen
1666 5575 1846 5634 terrze,
1883 5569 2008 5624 aliis

426 5637 557 5704 alia,
595 5653 651 5696 et
688 5646 754 5699 ad
803 5647 1015 5717 aliquid
1066 5649 1262 5706 referri
1323 5654 1440 5710 sive
1501 5670 1666 5726 agere
1701 5659 1818 5714 sive
1871 5661 2004 5730 pati,

427 5727 544 5786 haec
573 5735 758 5790 omnia
789 5740 1032 5808 propriis
1080 5741 1458 5814 signiﬁcamus
1511 5747 1765 5817 vocibus,
1821 5766 1891 5806 ne
1925 5753 2005 5806 in-

427 5828 738 5884 communis
769 5839 823 5885 et
853 5829 1196 5906 incomperta
1223 5837 1392 5893 animi
1425 5839 1596 5896 motio
1624 5840 1770 5898 inter
1787 5861 1886 5900 nos
1909 5847 2000 5901 sit.

2131 3277 2330 3344 μικρὸν
2369 3277 2462 3332 οὖν
2503 3281 2534 3332 ὁ
2563 3280 2852 3354 Γρηγορᾶς
2891 3286 3136 3358 ἐπισχὼν
3163 3289 3258 3342 καὶ⁵
3301 3291 3552 3355 ἀκούσας
3595 3295 3708 3346 ἁνε-

2128 3367 2412 3437 λάμϐανεν
2433 3367 2592 3436 αὖθις
2619 3377 2712 3429 τὸν
2741 3375 2922 3445 λόγον,
2971 3383 3068 3435 καὶ
3091 3379 3177 3448 δὴ,
3213 3401 3230 3434 ι
3247 3377 3406 3437 Ἔστι
3431 3384 3536 3452 μὲν
3561 3385 3698 3452 eum

2126 3461 2284 3527 φησὶ,
2328 3479 2348 3512 ι
2385 3462 2452 3514 τὰ
2485 3466 2542 3516 ἐν
2569 3467 2633 3535 τῇ
2663 3471 2816 3539 φωνῇ
2842 3470 2952 3523 τῶν
2977 3471 3035 3526 ἐν
3066 3475 3130 3542 τῇ
3179 3473 3324 3545 ψυχῇ
3360 3477 3704 3548 παθημάτων

2127 3553 2402 3621 σύμϐολα,
2431 3559 2525 3609 καὶ
2555 3559 2624 3611 τά
2661 3561 2989 3632 γραφόμενα
3027 3563 3137 3620 τῶν
3165 3567 3222 3621 ὲν
3249 3571 3316 3639 τῇ
3358 3573 3536 3641 φωνῇ,
3589 3571 3704 3641 ἥτις

2123 3645 2188 3714 δὴ
2206 3650 2349 3700 κατὰ
2368 3650 2534 3717 φύσιν
2555 3653 2830 3723 ἄναρθρος
2851 3655 2911 3710 οὒ
2922 3673 2986 3710 σα
3006 3659 3276 3729 ἔναρθρος
3299 3661 3513 3730 γίνεται
3533 3661 3702 3726 θέσει,

2124 3731 2192 3785 δι’
2224 3733 2508 3804 ὀνομάτων
2539 3755 2602 3792 τε
2643 3742 2740 3794 καὶ
2776 3745 3046 3814 ῥημάτων
3089 3746 3370 3816 ὀψιγόνοις
3419 3767 3704 3822 παρευρη-

2127 3825 2304 3892 μένων
2331 3828 2664 3898 ἀνθρώποις.
2693 3835 2775 3887 Τὰ
2806 3837 2912 3906 γὰρ
2953 3838 3152 3906 πρῶτα
3201 3841 3344 3894 κατὰ
3383 3841 3576 3910 φύσιν,
3613 3845 3702 3898 ἅτε

2122 3914 2254 3972 ὄντα
2287 3920 2458 3986 ἁπλᾶ,
2509 3925 2604 3978 καὶ
2635 3925 2878 3998 πρότερα
2910 3929 3085 3999 δήπου
3115 3932 3226 3986 τῶν
3257 3934 3380 3988 κατ’
3417 3935 3705 4006 ἐπιτήδευ-

2123 4023 2210 4058 σιν
2248 4013 2342 4064 καὶ
2374 4013 2651 4070 συνθέτων
2679 4019 2710 4070 ὁ
2749 4018 2848 4088 τῆς
2875 4020 3138 4090 ἀληθείας
3172 4022 3536 4096 δεδικαίωκεν
3569 4023 3704 4081 εἶναι

2121 4095 2300 4165 λόγος.
2335 4101 2583 4174 Πρότερα
2633 4106 2742 4177 ἄρα
2791 4108 2902 4162 τῶν
2941 4111 3002 4162 ὲν
3035 4115 3104 4182 τῇ
3153 4095 3322 4186 φωνῇ
3345 4118 3704 4186 σημαντικῶν

2119 4189 2404 4260 ὀνομάτων
2430 4195 2567 4263 ὁμοῦ
2609 4199 2706 4251 καὶ
2738 4201 3004 4270 ῥημάτων
3045 4205 3114 4258 τὰ
3145 4207 3204 4257 ὲν
3233 4209 3299 4277 τῇ
3341 4207 3490 4280 ψυχῇ
3525 4211 3704 4281 παθή-

2122 4301 2269 4351 ματα
2298 4287 2478 4340 εἶτουν
2523 4291 2794 4360 νοήματα.
2831 4295 3092 4364 Ἐμφυτα
3131 4295 3242 4369 γὰρ
3287 4304 3546 4370 νοήματα
3602 4305 3703 4370 κάξ

2093 4379 2448 4448 αὑτοχθόνου
2495 4385 2679 4453 πηγῆς
2721 4387 3090 4458 ἀπορρέοντα,
3145 4393 3330 4446 ἐκεῖνα
3381 4394 3430 4448 δ’
3481 4397 3706 4467 ὑστερο-

2117 4472 2248 4539 γενῆ
2283 4476 2377 4526 καὶ
2407 4475 2702 4546 ἐπίκτητα.
2733 4471 2834 4532 Ὧν
2869 4482 2970 4534 οὐκ
3001 4481 3067 4535 ἂν
3103 4484 3422 4554 ἀνθρώποις
3453 4489 3701 4558 ἐδέησεν,

2053 4571 2091 4623 ι)
2117 4563 2162 4612 εἰ
2187 4561 2418 4630 δύναμις
2447 4565 2575 4634 ἐνῆν
2602 4571 2932 4638 προφαίνειν
2951 4571 3206 4642 ἀλλήλοις
3235 4576 3306 4628 τὰ
3335 4577 3437 4646 τῆς
3459 4579 3702 4644 διανοίας

2120 4651 2418 4717 κινήματα.
2458 4673 2478 4703 ι
2515 4655 2646 4706 Δέον
2673 4658 2800 4724 γὰρ,
2833 4676 2852 4708 ι
2899 4661 2927 4711 ὁ
2973 4661 3149 4729 μέγας
3179 4665 3346 4732 φησιν
3394 4669 3700 4735 Διονύσιος,

2123 4753 2142 4786 ι
2178 4736 2376 4790 εἰδέναι
2417 4741 2558 4794 κατὰ
2603 4741 2695 4796 τὸν
2742 4743 2904 4815 ὀρθὸν
2951 4747 3109 4816 λόγον
3160 4748 3241 4802 ὅτι
3279 4756 3578 4823 στοιχείοις
3609 4760 3702 4810 καὶ

2119 4831 2411 4897 συλλαϐαῖς
2439 4837 2534 4889 καὶ
2579 4837 2758 4902 λέξεσι
2805 4841 2900 4894 καὶ
2927 4847 3170 4910 γραφαῖς
3206 4848 3301 4898 καὶ¹
3335 4847 3516 4914 λόγοις
3553 4850 3700 4921 χρώ-

2119 4925 2260 4994 μεθα
2290 4928 2378 4980 διὰ
2417 4930 2514 4992 τὰς
2545 4931 2855 5002 αἰσθήσεις,
2887 4935 2961 4998 ὡς
2997 4937 3126 4990 ὅταν
3159 4939 3319 5009 ἡμῶν
3345 4941 3376 5009 ἡ
3403 4941 3554 5014 ψυχὴ
3580 4947 3700 5008 ταῖς

2115 5024 2332 5088 νοεραῖς
2377 5025 2682 5092 ἐνεργείαις
2737 5029 2832 5080 ἐπὶ
2861 5029 2930 5081 τὰ
2963 5033 3134 5101 ,νοητὰ
3169 5035 3413 5101 κινῆται,
3443 5040 3698 5106 περιτταὶ

2117 5109 2182 5182 [ί.
2210 5113 2310 5168 158
2339 5114 2410 5184 r.]
2443 5117 2584 5185 μετὰ
2615 5117 2725 5170 τῶν
2765 5119 3044 5188 αἰσθητῶν
3089 5125 3146 5178 αἱ
3191 5125 3502 5195 αἰσθήσεις.
3531 5147 3552 5182 ι
3600 5130 3700 5182 Διά

2116 5206 2222 5276 γὰρ
2251 5205 2311 5257 τὸ
2346 5209 2410 5277 τῇ
2459 5211 2694 5281 σαρκίνῃ
2744 5214 3010 5284 περιϐολῇ
3057 5218 3156 5284 τὴν
3201 5219 3366 5282 φύσιν
3395 5220 3558 5289 ἡμῶν
3597 5237 3698 5273 πε-

2113 5297 2488 5368 ριείργεσθαι,
2540 5302 2925 5374 φανερωθῆναι
2965 5307 3040 5377 μὴ
3067 5309 3402 5377 δυναμένων,
3439 5331 3456 5363 ι
3494 5313 3698 5381 Ἀναγ-

2111 5389 2305 5456 καίως,
2343 5411 2358 5443 ι
2397 5392 2498 5462 ἔφη
2555 5395 2879 5466 Γρηγὸριος,
2921 5417 2942 5450 ι
2979 5399 3234 5472 καθάπερ
3281 5406 3532 5474 σημείοις
3581 5411 3695 5471 τοῖς

2111 5481 2404 5550 πράγμασι
2439 5483 2538 5546 τὰς
2571 5487 2731 5548 ποιὰς
2771 5487 2881 5540 τῶν
2921 5490 3208 5558 ὀνομάτων
3238 5491 3418 5556 θέσεις
3461 5497 3692 5548 ἐπιϐάλ-

2109 5571 2316 5636 λοντες,
2348 5574 2415 5625 δι’
2446 5575 2674 5629 ἐκείνων
2717 5581 2818 5639 ei;
2861 5579 2957 5632 τοῦ
3007 5582 3099 5633 νοῦ
3143 5584 3392 5654 κινήσεις
3437 5586 3692 5656 ἀλλήλοις

2108 5663 2533 5738 δημοσιεύομεν.
2573 5672 2680 5722 Καὶ
2710 5675 2902 5726 τούτου
2941 5675 3102 5744 χάριν
3143 5676 3220 5746 τῷ
3271 5679 3372 5746 μέν
3421 5697 3526 5734 τινι
3583 5683 3692 5732 τῶν

2107 5754 2282 5808 ὄντων.
2320 5756 2492 5828 ὄνομα
2549 5761 2780 5832 οὐρανὸν
2838 5764 3098 5835 ἐθέμεθα,
3141 5769 3314 5838 ἑτέρῳ
3359 5769 3419 5822 ὃὶε
3463 5770 3566 5838 γῆν
3597 5775 3690 5824 καὶ

2111 5845 2256 5918 ἄλλῳ
2297 5849 2424 5902 ἄλλο
2455 5870 2529 5906 τι.
2567 5855 2675 5908 Καὶ
2711 5857 2768 5910 τὸ
2801 5859 2937 5928 πρὸς
2967 5877 3018 5912 τι
3051 5860 3166 5922 πῶς
3199 5861 3347 5930 ἔχειν
3383 5863 3412 5932 ἢ
3447 5865 3501 5915 τὶ
3539 5867 3692 5932 irp-
