3966 6568
246 443 358 507 ϊν3

1254 445 1697 509 BYZANTIN/E
1737 444 2123 510 HISTORIA!
2164 452 2307 513 LIB.
2353 453 2537 515 XXX.

3430 450 3540 517 254

250 562 376 626 γεῐν
401 561 437 631 ἢ
463 561 525 615 τὸ
552 560 811 632 πάσχειν,
834 560 1011 616 ταῦτα
1043 560 1225 616 πάντα
1261 559 1598 627 ἰδιαζούσαις
1650 561 1850 630 ἐπιση-

1966 561 2094 619 Cum
2124 564 2273 619 enim
2308 578 2555 622 creatum
2596 567 2881 623 hominem
2912 566 3235 634 adduceret,
3267 568 3543 622 rationem

253 651 575 721 μαινόμεθα
601 654 728 716 ταῖς
772 655 1002 721 φωναῖς,
1043 653 1121 717 ὡς
1155 653 1223 708 ἂν
1264 653 1341 724 μὴ
1387 650 1762 723 άκοινώνητός
1791 668 1851 705 τε

252 747 355 800 καὶ
386 747 670 813 ἄγνωστος
692 748 728 816 ἡ
754 745 851 800 τοῦ
876 746 970 801 νοῦ
1007 746 1224 816 κίνησις
1259 749 1317 799 ὲν
1354 747 1488 816 ἡμῖν
1530 746 1707 816 μένοι.
1759 745 1855 809 Εἰς

253 841 370 911 γάρ
403 841 623 908 γένεσιν
662 841 692 894 ό
741 839 875 903 Θεὸς
922 841 1193 910 παράγων
1237 840 1330 893 τὸν
1377 838 1693 909 ἄνθρωπον,
1725 838 1854 892 νοῦν

257 930 515 1002 παρέσχε
551 931 649 984 καὶ
669 930 950 1001 αἴσθησιν.
1008 926 1113 985 Ὧν
1167 932 1195 985 ό
1248 931 1347 1002 μὲν
1382 930 1508 994 νοῦς
1539 929 1856 999 ταυτότητά

260 1026 463 1090 σώζων
482 1024 623 1096 πρὸς
636 1025 707 1078 τὰ
727 1026 788 1078 ὲν
811 1024 1005 1096 κόσμῳ
1025 1024 1336 1094 πράγματα
1358 1023 1545 1093 φωνῆς
1566 1022 1626 1075 οὐ
1651 1021 1851 1080 δεῖται,

257 1117 382 1170 ἀλλ’
407 1117 620 1188 άμεσον
643 1117 747 1188 τὴν
794 1114 1004 1170 τούτων
1043 1118 1313 1185 κέκτηται
1344 1116 1571 1185 γνῶσιν.
1614 1114 1707 1178 Ὣς
1744 1113 1855 1184 γὰρ

258 1210 455 1280 ἔχουσι
481 1208 701 1278 φύσεως
732 1209 930 1277 ταῦτα,
978 1196 1217 1264 νοεῖτον
1268 1209 1495 1278 ἐφικτόν
1541 1224 1605 1277 γε
1649 1206 1856 1278 τρόπον

260 1301 523 1355 αὐτόθενο
555 1302 589 1373 ή
618 1301 679 1354 δὲ
724 1301 885 1373 χρεία
929 1305 1211 1356 κοινωνεῖν
1239 1301 1349 1357 τῶν
1376 1302 1725 1373 πραγμάτων
1755 1300 1854 1354 άλ-

260 1388 457 1459 λήλοις
482 1388 613 1452 τούς
642 1389 972 1461 ἀνθρώπους
1002 1390 1328 1463 βιαζομένη,
1360 1394 1457 1445 καὶ
1481 1392 1552 1445 τά
1595 1390 1696 1461 τῆς
1733 1393 1857 1461 ops-

260 1480 467 1551 κτικῆς
480 1481 661 1553 ψυχῆς
683 1482 1039 1554 ἐξαγγέλλειν
1062 1483 1375 1557 ἀπόρρητα,
1391 1480 1592 1557 ’μεσίτῃ
1617 1485 1858 1552 νοήσεως

262 1578 367 1628 καὶ
402 1575 755 1645 πραγμάτων
801 1577 1065 1643 διέγνωκε
1112 1577 1428 1648 χρήσασθαι
1457 1579 1523 1648 τῇ
1573 1575 1853 1646 αἰσθήσειο

263 1660 411 1732 αὕτη
435 1662 546 1732 γὰρ
570 1665 685 1727 τοῖς
715 1664 941 1729 οἰκείοις
967 1665 1224 1736 ὀργάνοις
1250 1665 1377 1730 τοὺς
1400 1666 1510 1720 τῶν
1539 1665 1646 1732 ἔξω
1675 1681 1855 1736 πραγ-

266 1755 466 1822 μάτων
499 1756 703 1820 τύπους
741 1756 1207 1830 ἀναλαμσάνουσα
1258 1758 1358 1813 καὶ
1393 1755 1510 1813 οἷον
1555 1758 1755 1829 βιϐλίῳ,
1779 1757 1857 1829 τῷ
1884 1773 1905 1793 ’

266 1847 631 1919 φανταστικῷ
664 1851 764 1920 τῆς
803 1850 984 1921 ψυχῆς
1015 1851 1476 1923 καταγράφουσα,
1501 1853 1721 1917 είκόνας
1750 1869 1858 1922 φης

268 1939 360 1991 σὶν
391 1940 516 1993 άντὶ
554 1942 955 2012 πρωτοτύπων,
991 1943 1183 1998 αὐτόθι
1211 1944 1420 2010 ταύτας
1474 1946 1855 2016 ἐγκαθιδρύει,

267 2027 547 2097 σύμφωνα
595 2032 713 2093 τοϊς
763 2032 1000 2103 νοήμασι
1052 2032 1124 2087 τὰ
1172 2035 1484 2106 πράγματα
1542 2020 1855 2089 σπεύδουσα

264 2118 428 2190 δρᾷν.
456 2120 553 2174 Διὸ
577 2120 677 2187 καὶ
697 2121 884 2192 φωνῆς
912 2121 1113 2192 ἐδεήθη
1136 2122 1447 2195 δυναμένης
1469 2124 1857 2196 ἐξομοιοῦσθαι

269 2211 378 2282 μὲν
402 2215 518 2271 τοῖς
544 2214 840 2286 νοήμασιν,
873 2214 1289 2286 ὲφαρμόζεσθαι
1318 2216 1377 2270 δὲ
1398 2218 1512 2280 τοῖς
1538 2218 1855 2289 πράγμασι.

267 2302 449 2357 Τοῦτο
492 2304 541 2359 δ’
579 2306 684 2361 οὐκ
733 2307 913 2373 άλλως
957 2308 1148 2379 ῥᾴδιον
1185 2308 1313 2382 ζὼῳ
1357 2310 1570 2379 γίνεται
1626 2311 1855 2381 λογικῷ,

269 2395 424 2464 πλὴν
468 2396 537 2450 δι’
579 2397 851 2469 ἐνάρθρου
898 2399 1107 2471 φωνῆς.
1156 2400 1265 2455 ὐπὸ
1322 2401 1604 2473 συνθήκης
1647 2402 1858 2473 ἀνδρῶν

268 2488 497 2558 εὐφυῶν
526 2489 969 2564 είδοποιηθείσης
1014 2492 1153 2564 πρὸς
1192 2492 1362 2565 ἄλλην
1388 2495 1485 2548 καὶ
1525 2493 1698 2563 ἄλλην
1726 2495 1862 2566 θρη-

272 2580 475 2635 σκείαν
510 2595 573 2635 τε
616 2584 710 2636 καὶ
744 2584 1054 2652 διάλεκτον,
1103 2586 1183 2650 ὡς
1236 2586 1566 2658 συμϐαίνειν
1605 2587 1862 2640 ἐντεῦθεν

274 2673 359 2739 μὴ
391 2676 545 2743 παρὰ
577 2676 746 2728 πᾶσιν
789 2675 1055 2742 ὡσαύτως
1108 2677 1259 2749 ἔχειν
1310 2679 1509 2750 αὐτὴν,
1545 2679 1664 2733 ἀλλ’
1691 2678 1862 2748 άλλην

273 2754 426 2825 εἶναι
463 2761 597 2833 παρ’
628 2762 816 2828 ἄλλοις
849 2765 963 2832 ἀεὶ,
996 2767 1092 2822 καὶ
1129 2766 1275 2821 οὕτω
1315 2771 1553 2839 μεσίτιν,
1596 2768 1671 2832 ὡς
1701 2768 1861 2838 ἔφην,

274 2851 493 2921 άμφοίν
517 2853 818 2925 γινομένην
842 2856 946 2926 τήν
980 2857 1083 2927 τῆς
1113 2857 1382 2930 ἐνάρθρου
1426 2860 1622 2931 χρείαν
1654 2860 1860 2931 φωνῆς,

270 2944 386 3012 τὴν
409 2942 508 2997 τοῦ
527 2945 823 3010 ἀκούοντος
850 2948 921 3020 τῇ
941 2952 1036 3003 τοῦ
1062 2949 1320 3019 λέγοντος
1353 2952 1649 3007 συνάπτειν
1669 2952 1864 3006 εὐστόα-

273 3053 396 3105 χως
447 3037 660 3109 διανοίᾳ
697 3039 842 3095 κατὰ
898 3041 961 3094 τὸ
1012 3040 1279 3111 ἀνάλογον
1341 3044 1583 3116 ἑκάστην
1631 3045 1863 3118 ἑκάστῃ·

278 3128 647 3201 μορφουμένη
677 3129 790 3201 γὰρ
834 3129 977 3202 αὐτη
1028 3132 1125 3197 καὶ
1169 3131 1611 3205 διαπλαττομένη
1653 3135 1865 3207 ῥήμασί

1953 658 2006 712 ei
2042 658 2236 714 tribuit
2272 671 2327 715 et
2352 662 2909 728 animadversionem,
2952 677 3187 733 quantm
3219 660 3361 714 ratio
3383 674 3542 714 eam-

1956 749 2084 805 dem
2136 752 2514 808 conditionem
2569 754 2816 809 retinens
2868 770 2993 808 cum
3033 753 3224 817 rebus,
3290 765 3414 821 quae
3476 749 3536 803 in

1957 840 2169 896 mundo
2203 854 2354 909 sunt,
2387 844 2577 916 lingua
2607 860 2717 900 non
2768 853 2914 917 eget.
2966 845 3062 899 sed
3113 844 3287 915 ipsam
3336 843 3533 895 harum

1956 935 2326 1005 cognitionem
2372 938 2478 994 sibi
2534 938 2947 1009 comparat.~Ut
2981 937 3128 994 enim
3184 950 3419 1007 quaeque
3456 944 3546 989 est

1958 1026 2153 1082 barum
2190 1039 2405 1095 natura,
2437 1032 2722 1102 cognoscit
2751 1031 2897 1102 quod
2935 1030 3166 1101 intelligi
3210 1038 3393 1098 potest
3426 1043 3532 1081 na-

1958 1127 2083 1174 tura
2110 1133 2207 1174 sua
2236 1135 2305 1177 ex
2339 1135 2398 1175 re
2431 1121 2571 1190 ipsa,
2603 1137 2734 1176 usus
2766 1130 2975 1187 autem,
3008 1121 3102 1191 qui
3152 1119 3404 1173 homines
3445 1133 3541 1172 co-

1957 1213 2119 1283 gebat
2146 1221 2206 1266 ut
2236 1228 2325 1268 res
2362 1228 2550 1268 secum
2577 1214 2812 1271 invicem
2846 1212 3397 1269 communicarentet
3423 1209 3545 1281 ani-

1958 1303 2033 1358 mi
2097 1303 2371 1375 eupientis
2403 1319 2601 1361 arcana
2631 1307 2994 1361 emmtiarent
3052 1306 3133 1361 uti
3186 1304 3380 1361 statuit
3414 1302 3539 1356 ani-

1959 1396 2367 1460 madversione,
2402 1413 2524 1468 quae
2547 1399 2919 1468 cognitionem
2956 1400 3125 1454 rebus
3159 1404 3537 1467 componeret.

1962 1490 2088 1548 Haec
2118 1493 2264 1548 enim
2316 1495 2460 1565 aptis
2510 1496 2895 1557 instrumentis
2931 1508 3123 1548 rerum
3181 1504 3541 1547 externarum

1960 1585 2467 1663 formasrccipiens
2515 1597 2572 1644 et
2622 1597 2885 1657 tanquam
2935 1586 2990 1640 in
3040 1585 3184 1640 libro
3220 1584 3346 1637 [icto
3374 1581 3542 1636 animi

1960 1678 2272 1734 inscribens
2321 1680 2641 1745 simulacra,
2698 1680 2797 1746 ait,
2832 1693 2934 1749 pro
3001 1674 3414 1745 exemplaribus
3466 1672 3544 1726 ibi

1960 1772 2076 1827 haec
2101 1772 2358 1843 deponit,
2396 1787 2620 1843 operam
2648 1771 2809 1837 dans,
2839 1775 2905 1826 ut.
2926 1782 3201 1840 congruas
3235 1782 3360 1821 cum
3392 1764 3543 1835 cogi-

1959 1865 2087 1921 tatis
2121 1880 2213 1921 res
2243 1864 2458 1929 reddat,
2483 1868 2843 1936 quamobrem
2875 1864 3045 1919 etiam
3077 1877 3212 1918 voce
3269 1858 3532 1929 indiguit,

1959 1975 2081 2031 qua:
2101 1959 2323 2016 formari
2363 1968 2551 2030 posset
2590 1956 2759 2027 288
2786 1955 2854 2010 ad
2912 1952 3341 2010 similitudinem
3395 1949 3546 2016 cogi-

1957 2046 2638 2113 tatorum,aceommodari
2672 2056 2857 2102 autem
2881 2042 3228 2114 rebus,quod
3259 2040 3367 2096 alio
3393 2038 3551 2094 nullo

1958 2139 2122 2195 modo
2178 2137 2397 2194 facilius
2431 2145 2517 2194 est
2562 2135 2788 2191 animali
2835 2134 3050 2190 ratione
3098 2131 3331 2205 praedito
3377 2146 3543 2199 fluam

1958 2246 2093 2287 voce
2126 2231 2437 2296 articulata,
2465 2244 2586 2300 quae
2631 2228 2865 2284 formata
2910 2235 2996 2283 est
3046 2207 3410 2280 consensione
3446 2223 3547 2274 bo-

1960 2321 2173 2374 tninum
2204 2319 2619 2389 ingeniosorum
2648 2317 2717 2371 ad
2742 2315 2906 2371 aliam
2957 2314 3237 2384 aliamque
3267 2311 3545 2382 supersti-

1960 2411 2167 2466 tionem
2198 2420 2249 2465 et
2283 2410 2602 2476 dialectum,
2624 2416 2687 2465 ιιι
2711 2406 2843 2464 inde
2872 2407 3236 2477 intelligatur,
3270 2419 3380 2458 non
3400 2401 3546 2472 apud

1961 2520 2152 2561 omnes
2183 2504 2438 2560 eamdem
2504 2517 2627 2558 esse
2674 2515 2817 2564 eam,
2842 2499 2937 2556 sed
2987 2496 3150 2554 aliam
3207 2496 3352 2568 apud
3409 2495 3577 2553 alios,
3688 2516 3695 2531 ί

1920 2642 1921 2645 η
1961 2608 2202 2667 semper,
2231 2596 2414 2665 itaque
2443 2608 2574 2649 cum
2600 2600 2925 2664 componat,
2951 2599 3015 2646 ut.
3042 2591 3140 2657 ait,
3173 2590 3358 2652 ambo,
3384 2600 3545 2641 usum

1962 2687 2265 2744 articulatm
2286 2686 2441 2742 vocis
2474 2685 2756 2743 notionem
2781 2682 3057 2739 audientis
3080 2688 3334 2737 accurate
3356 2686 3547 2747 aptare

1963 2776 2268 2834 secundum
2298 2776 2720 2833 similitudinem
2771 2773 2987 2831 notioni
3012 2772 3291 2843 loquentis
3324 2782 3547 2823 omnem

1964 2870 2137 2934 omni,
2155 2870 2273 2925 hate
2287 2868 2691 2937 enimgformata
2713 2874 2769 2923 et
2784 2880 3045 2937 expressa
3075 2865 3259 2919 verbis
3288 2870 3346 2916 et
3371 2858 3548 2914 nomi-

1963 2962 2131 3018 nibus
2175 2962 2356 3017 oratio
2381 2961 2463 3026 ιιι,
2492 2975 2616 3031 qua:
2641 2959 2834 3015 formis
2862 2958 3027 3013 variis
3051 2966 3109 3015 ct
3136 2954 3306 3010 initiis
3330 2964 3388 3009 et
3416 2950 3546 3007 ﬁni-

1965 3053 2072 3110 bus
2101 3053 2330 3110 definiat
2360 3052 2645 3108 materiam
2677 3050 3027 3105 indeﬁnitam
3057 3059 3112 3103 et
3146 3047 3470 3103 dissolutam
3490 3052 3553 3099 et

1967 3149 2043 3205 ita
2071 3148 2613 3205 externisinternam
2667 3144 2937 3216 cujusque
2992 3143 3336 3198 voluntatem
3371 3156 3550 3196 enun-

279 3238 353 3275 τε
381 3220 479 3276 καὶ
507 3220 742 3291 ὀνόμασι
760 3221 917 3292 λόγος
948 3223 1163 3292 γίνεται
1195 3225 1443 3296 σχήμασι
1476 3225 1746 3289 ποικίλοις
1766 3226 1862 3280 καὶ

1968 3240 2088 3307 tiet,
2127 3248 2310 3295 tamen
2344 3253 2464 3293 eam
2501 3252 2634 3292 casu
2666 3244 2724 3291 et
2772 3236 2891 3292 sine
2925 3235 3119 3290 ordine
3183 3234 3315 3288 ferri
3348 3241 3406 3287 et
3461 3248 3551 3287 sc-

277 3316 486 3387 άρχαῖς
508 3317 606 3370 καὶ
633 3315 872 3388 πέρασιν
899 3316 1105 3389 ὁρίζων
1132 3315 1197 3372 τὸ
1216 3318 1316 3390 τῆς
1350 3316 1483 3389 ὐλης
1509 3318 1770 3402 ,ἀόριστόν
1801 3335 1863 3371 τε

1966 3330 2208 3388 cundum
2267 3330 2536 3400 cujusque
2567 3327 2847 3383 diversam
2877 3325 3217 3380 voluntatem
3280 3321 3557 3393 sapientia

278 3408 388 3462 καὶ
421 3408 642 3477 ἄφετον,
672 3409 770 3463 καὶ
799 3407 948 3473 οὕτω
993 3412 1111 3475 τοῖς
1148 3408 1256 3477 ἔξω
1290 3411 1396 3486 τὴν.
1429 3410 1581 3465 ἔνδον
1627 3410 1862 3464 ἑκάστου

282 3498 553 3570 βούλησιν
578 3500 964 3569 ἀπαγγέλλων.
996 3501 1143 3572 Πλὴν
1168 3502 1268 3573 οὐχ
1289 3502 1366 3564 ὡς
1399 3502 1588 3572 ἔτυχεν
1614 3502 1864 3565 ἀτάκτως

280 3593 556 3664 φέρεσθαι
596 3596 692 3648 καὶ
738 3595 885 3648 κατὰ
932 3593 1035 3665 τὴν
1073 3595 1327 3649 ἑκάστων
1360 3594 1620 3665 διάφορον
1645 3594 1866 3665 Θέλησιν

260 3686 319 3757 Vi;
365 3688 529 3756 σοφία
557 3687 790 3743 κατόπιν
818 3685 1015 3761 [L138
1057 3686 1135 3759 ιι]
1197 3686 1493 3758 ὲληλυθυία
1525 3686 1682 3758 παρά
1728 3686 1867 3740 Θεοῦ

278 3780 402 3842 τοῖς
434 3778 748 3850 ἀνθρώποις
797 3779 1032 3851 ἀφῆκεν,
1082 3779 1223 3834 ἀλλὰ
1273 3779 1464 3851 νόμοις
1498 3780 1595 3834 καὶ
1645 3780 1869 3834 κανόσιν

281 3868 562 3935 ὑπέζευξε
582 3868 792 3939 ταύτην
824 3871 969 3923 κατά
996 3870 1098 3934 τὰς
1117 3870 1250 3941 παρ’
1279 3871 1534 3935 ἑκάστοις
1559 3869 1865 3938 συνθήκας,

279 3956 367 4017 ὧν
425 3963 598 4027 ινίαις
637 3963 809 4017 ἐνίοτε
843 3966 940 4018 καὶ
979 3963 1198 4035 ἐνιαχοῦ
1242 3963 1318 4035 μὴ
1357 3964 1701 4035 μόνονικατά
1733 3964 1870 4034 θρηο

284 4056 486 4111 σκειαν
512 4055 614 4121 τὰς
634 4057 916 4127 σημασίας
936 4057 1132 4112 ἕπεται
1161 4056 1418 4125 διαιρεῖν,
1448 4057 1587 4110 ἀλλὰ
1619 4056 1717 4110 καὶ
1747 4053 1873 4109 καθ’

282 4147 614 4222 ὁμωνυμίας
646 4150 742 4204 καὶ
766 4149 1173 4220 πολυωνυμίας.
1217 4151 1378 4207 Δυοίν
1411 4150 1522 4221 γὰρ
1552 4150 1804 4220 θάτερον,
1836 4146 1871 4221 ἢ

282 4240 579 4312 διαφόροις
609 4239 841 4313 ὀνόμασι
882 4244 953 4298 τὰ
994 4242 1139 4297 αὐτὰ
1175 4245 1289 4306 τοῖς
1327 4244 1394 4314 τῇ
1432 4242 1571 4312 αὐτῇ
1605 4241 1873 4314 διαλέκτῳ

287 4331 602 4403 χρωμᾶνοις
634 4332 995 4402 γνωρίζονται
1028 4334 1356 4405 πράγματα,
1392 4333 1426 4405 ἢ
1464 4334 1562 4403 μιᾷ
1596 4348 1875 4404 προσηγο-

290 4425 395 4497 ρίᾳ
418 4424 488 4478 τά
520 4424 757 4495 διάφορα
782 4426 894 4481 τῶν
920 4428 1291 4498 πραγμάτων,
1319 4425 1355 4497 ή
1390 4426 1599 4480 τούτων
1642 4425 1744 4495 μὲν
1777 4427 1874 4479 σύ-

286 4511 557 4581 δετέροις,
590 4512 759 4583 Ξτερά
804 4528 870 4581 γε
907 4514 1016 4584 μὴν
1055 4514 1291 4584 ἑτέροις.
1351 4514 1574 4568 Τούτων
1611 4514 1657 4568 δ’
1698 4512 1875 4576 οὕτως

1964 3432 2156 3494 postea
2183 3437 2214 3475 a
2249 3422 2361 3476 Deo
2406 3434 2664 3492 aggressa
2693 3418 3020 3474 hominibus
3072 3431 3181 3471 non
3246 3415 3546 3493 concessit,

1967 3517 2061 3573 sed
2091 3515 2306 3587 legibus
2329 3523 2386 3571 et
2419 3512 2622 3584 regulis
2652 3512 2938 3584 subjunxit
2973 3526 3095 3566 eam
3127 3509 3432 3565 secundum
3455 3523 3549 3562 eas

1967 3621 2091 3678 qua:
2123 3604 2269 3675 apud
2329 3617 2582 3675 quosque
2640 3610 2801 3657 erant
2855 3602 3275 3659 consensiones.
3312 3614 3548 3670 quarum

1967 3694 2252 3750 nonnullis
2277 3691 2560 3749 interdum
2593 3706 2703 3747 non
2731 3689 2910 3746 solum
2944 3686 3255 3744 secundum
3282 3687 3565 3758 superstif.

1969 3786 2178 3842 tionem
2207 3774 2642 3856 significationes
2678 3785 2934 3854 sequitur
2981 3791 3040 3836 ut
3072 3779 3403 3846 tribuamus,
3456 3779 3553 3834 sed

1969 3878 2136 3934 etiam
2177 3877 2481 3932 secundum
2519 3877 2744 3932 nomina
2777 3875 2972 3932 eadem
3008 3884 3063 3930 et
3109 3878 3303 3930 multa.
3366 3876 3553 3927 Alter-

1971 3979 2157 4025 utrum
2191 3969 2360 4033 enim,
2397 3978 2492 4023 aut
2544 3969 2782 4024 diversis
2832 3968 3150 4023 nominibus
3204 3966 3408 4022 eaedem
3466 3980 3555 4018 res

1971 4063 2041 4119 ab
2078 4063 2146 4116 iis
2171 4061 2265 4130 qui
2287 4063 2481 4117 eadem
2521 4061 2758 4118 dialecm
2786 4071 3023 4117 utuntur
3054 4061 3430 4120 declarantur,
3455 4068 3553 4112 aut

1975 4169 2084 4210 una
2117 4150 2524 4223 signiﬁcatione
2555 4154 2790 4209 diversae
2823 4169 2911 4209 res
2968 4160 3064 4207 aut
3114 4155 3308 4206 borum
3337 4150 3553 4204 neutris

1974 4247 2100 4321 (alia
2124 4242 2387 4307 nimirum
2412 4246 2579 4316 aliis).
2613 4245 2746 4313 Qum
2775 4240 2942 4317 289
2969 4260 3092 4300 cum
3125 4244 3201 4299 ita
3233 4243 3344 4299 sint
3368 4242 3553 4310 itaque

1974 4340 2350 4413 praeiudicata,
2382 4337 2681 4409 repetenda
2717 4336 2954 4392 fortaSse
3006 4346 3089 4391 est
3148 4336 3337 4406 lingua
3391 4333 3556 4388 nobis

1974 4434 2046 4489 ab
2078 4433 2197 4504 ipso
2254 4431 2484 4486 exordio
2537 4430 2823 4494 orationis,
2848 4428 2956 4486 hoc
2991 4438 3097 4495 est,
3131 4426 3567 4487 demonstranda,

1975 4531 2061 4580 est
2093 4522 2390 4578 multorum
2435 4522 2657 4576 illorum
2685 4521 2973 4575 nominum
3006 4518 3300 4575 concordia
3330 4526 3386 4572 et
3421 4531 3558 4570 eon-

290 4606 532 4675 ιχόντων
558 4605 656 4659 καὶ
689 4606 894 4662 οὑτωσὶ
931 4608 1456 4679 προδιαληφθέντων
1491 4606 1758 4663 ἀνοικτέον
1804 4610 1865 4661 ἂν

1975 4620 2172 4668 centus
2202 4625 2260 4667 et
2289 4626 2409 4681 quae
2431 4612 2503 4666 sit
2530 4625 2726 4666 eorum
2755 4611 2822 4666 ad
2852 4626 3021 4666 unum
3052 4610 3200 4681 quod
3234 4608 3455 4695 proprie
3479 4609 3562 4662 sic

289 4697 386 4769 εἴη
425 4697 523 4770 τὴν
559 4698 810 4767 γλῶτταν
860 4699 994 4770 ήμϊν
1038 4701 1122 4761 είς
1165 4701 1227 4752 τὸ
1263 4701 1529 4770 πρότερον
1578 4701 1725 4770 ῐχνος
1777 4699 1873 4754 τοῦ

289 4789 481 4859 λόγου.
524 4782 607 4844 Τδ
646 4790 708 4844 δέ
748 4791 868 4846 ἐστι
901 4790 1073 4855 δείξαι
1104 4793 1205 4862 τήν
1247 4791 1359 4846 τῶν
1400 4792 1616 4846 πολλῶν
1647 4793 1876 4848 ἐκείνων

287 4881 582 4953 ὀνομάτων
616 4881 875 4953 ὁμόνοιάν
919 4897 981 4936 τε
1021 4884 1116 4953 καὶ
1151 4885 1478 4954 συμφωνίαν
1522 4882 1620 4937 καὶ
1649 4884 1786 4955 πρὸς
1814 4882 1877 4937 τὸ

289 4976 504 5047 κυρίως
535 4974 595 5029 ἓν
614 4976 923 5047 ἀναφοράν,
957 4976 1164 5049 δηλαδή
1210 4976 1312 5047 τὴν
1338 4975 1493 5031 θείαν
1531 4977 1751 5046 ἐκείνην
1781 4975 1877 5030 καὶ

292 5069 586 5139 μακαρίαν
615 5069 832 5133 οὐσίαν,
865 5069 962 5123 καὶ
994 5070 1072 5142 μὴ
1100 5072 1224 5143 κατέ
1256 5071 1519 5142 Εὐνόμιον
1549 5073 1752 5125 ἐκεῖνον
1784 5070 1877 5124 τὸν

286 5161 558 5231 δυσσεϐῆ,
589 5161 652 5215 τό
678 5162 780 5228 τῆς
797 5162 1131 5234 άγεννησίας
1153 5163 1329 5232 ὄνομα
1356 5162 1611 5235 θεότητος
1640 5161 1877 5233 ὕπαρξιν

289 5250 551 5316 λέγοντα,
585 5249 682 5321 καὶ
708 5249 791 5318 ob,
826 5249 1092 5320 θεότητας
1118 5249 1592 5322 ταῦθ’ὐφειμένας
1624 5252 1876 5322 ἡγεῖσθαι

289 5344 499 5408 πάντα,
530 5343 825 5416 διαφόρους
864 5345 963 5416 τῆς
992 5344 1184 5410 οὐσίας
1210 5346 1306 5423 καὶ
1326 5345 1640 5412 άκτίστους,
1667 5344 1879 5416 ἀνθρώ·

288 5452 420 5491 πων
445 5436 578 5491 ὄντα
608 5438 903 5508 εὑρήματα
925 5438 1017 5493 καὶ
1046 5440 1347 5510 ποιήματα.
1368 5440 1576 5493 Αὐτίκα
1606 5439 1719 5507 γάρ
1740 5438 1876 5510 πρὸς

289 5531 510 5582 ἐκεῖνον
535 5530 566 5584 ό
597 5530 772 5600 μέγας
805 5532 1006 5601 φάσκει
1052 5532 1371 5600 Βασίλειος,
1420 5550 1441 5586 ‹
1479 5532 1553 5586 Τὸ
1579 5531 1878 5603 ἁγέννητος

290 5621 346 5675 εί
379 5621 582 5694 θνομα,
610 5623 713 5676 οὐκ
735 5624 916 5678 οὐσίαο
943 5624 1054 5677 τῶν
1084 5624 1194 5697 γὰρ
1216 5623 1415 5679 οὐσιῶν
1456 5623 1777 5694 σημαντικά
1796 5623 1878 5677 ’τά

289 5686 575 5785 ὀνόματα,
599 5716 701 5770 οὐκ
725 5716 866 5771 αὐτά
895 5686 1109 5773 οὐσίαις
1127 5686 1190 5772 Εί
1212 5717 1256 5771 δ’
1287 5716 1417 5771 αὐτὸ
1439 5686 1597 5770 οὐσία
1631 5715 1691 5770 τὺ
1713 5686 1882 5785 όιγέν-Δ

292 5824 480 5879 γητος,
519 5807 831 5877 λεγέτωσαν
864 5809 927 5863 τό
970 5809 1144 5881 ὄνομα
1193 5809 1391 5878 αὐτῆς·
1428 5811 1490 5864 οὐ
1527 5811 1639 5883 γάρ
1675 5811 1738 5863 ἐκ
1766 5810 1875 5865 τῶν

178 5956 207 5973 ,
292 5902 522 5987 οὐσιῶν,
548 5901 669 5987 ἀλλ’
688 5902 769 5991 "sx,
786 5902 897 5962 τῶν
912 5903 1193 5978 ὀνομάτων
1223 5905 1316 5964 καὶ
1344 5906 1407 5961 ἐκ
1445 5904 1553 5964 τῶν
1587 5905 1875 5979 ἐνεργειῶν

1979 4702 2183 4759 dicitur
2213 4702 2430 4769 relatio,
2457 4701 2524 4758 ad
2562 4700 2805 4776 divinam
2852 4702 3112 4756 nimirum
3150 4702 3301 4757 illam
3330 4711 3387 4755 et
3418 4699 3557 4754 bea-

1977 4804 2090 4854 tam
2137 4794 2458 4861 essentiam,
2484 4808 2665 4865 neque
2702 4794 3005 4850 secundum
3046 4794 3375 4849 Eunomium
3400 4791 3558 4846 illum

1979 4886 2208 4960 impium
2245 4888 2341 4959 qui
2373 4902 2483 4943 non
2531 4889 2701 4960 geniti
2744 4902 2946 4943 nomen
2972 4886 3278 4943 divinitatis
3307 4885 3567 4941 substan-a

1979 4982 2112 5035 tiam
2176 4979 2337 5045 dicit,
2375 4994 2557 5050 neque
2618 4978 2924 5036 secundum
2973 4987 3025 5034 te
3093 4977 3397 5048 putandum
3448 4989 3558 5043 est,

1978 5073 2298 5129 divinitates
2326 5073 2652 5130 summissas
2676 5074 2906 5129 omnino
2937 5072 3187 5129 diversas
3217 5072 3285 5125 ab
3312 5070 3557 5127 essentia

1975 5174 2034 5219 et
2058 5165 2332 5220 increatas
2360 5180 2483 5221 esse
2514 5163 2765 5219 inventas
2801 5165 3067 5235 ﬁctasque
3102 5164 3171 5219 ab
3206 5163 3553 5219 hominibus.

1977 5255 2171 5313 Statim
2226 5258 2376 5314 enim
2432 5267 2624 5314 contra
2685 5258 2842 5314 illum
2875 5259 3115 5314 Basilius
3138 5255 3368 5336 Magnus
3430 5255 3553 5310 ait:

1983 5351 2132 5408 «Non
2154 5352 2430 5424 genitum.
2469 5354 2515 5408 si
2546 5367 2746 5407 nomen
2772 5360 2881 5417 est,
2907 5367 3017 5406 non
3053 5360 3140 5407 est
3177 5348 3441 5415 essentia,
3468 5363 3557 5403 es—

1977 5440 2281 5498 sentiarum
2310 5441 2457 5496 enim
2476 5441 2840 5514 signiﬁcantia
2873 5450 3003 5497 sunt
3032 5440 3277 5504 nomina,
3309 5454 3420 5493 non
3440 5438 3556 5508 ipsa

1974 5534 2216 5598 essentia
2238 5575 2254 5598 ,
2282 5533 2366 5590 sin
2394 5545 2581 5591 autem
2638 5536 2818 5606 ipsum
2859 5550 2999 5590 «non
3035 5534 3309 5604 genitum»
3345 5543 3431 5589 est
3468 5549 3561 5588 es-

1980 5629 2180 5695 sentia,
2198 5627 2423 5683 dicunto
2447 5644 2649 5683 nomen
2672 5629 2793 5700 ejus
2821 5646 2834 5682 :
2864 5642 2974 5682 non
3000 5627 3147 5682 enim
3179 5642 3247 5682 ex
3280 5628 3563 5692 essentiis,

1977 5722 2076 5778 sed
2106 5735 2137 5777 e
2173 5718 2578 5778 nominibus'et
2606 5719 2915 5777 eiiicientiis
2972 5719 3354 5791 intelligimus,
3377 5729 3435 5775 et
3456 5735 3570 5775 ma-

1981 5816 2129 5871 xime
2164 5815 2514 5886 incorporea.
2548 5814 2716 5871 Vides
2742 5830 2810 5870 ex
2838 5814 2932 5882 iis,
2961 5829 3084 5885 quae
3108 5815 3402 5879 accedunt,
3471 5813 3563 5869 di-

1977 5923 2103 5966 cere
2151 5907 2303 5966 illum
2347 5924 2412 5965 ex
2462 5907 2770 5967 etIicicntiis
2816 5909 3066 5981 corporis
3105 5904 3277 5966 instar
3311 5906 3573 5980 inspectis
