3966 6580
502 423 609 484 255

1707 407 2120 483 Νιιῑιιιιιιοίιι
2167 424 2551 482 διιεουιιιι

3653 427 3748 491 ἳῦὅ

503 541 622 596 sive
659 539 822 596 factis
868 549 924 594 et
955 541 1218 610 operibus
1271 557 1371 596 nos
1425 541 1706 596 declarare
1759 541 2063 608 incorpore:

2184 541 2525 608 γνωρίζομεν
2567 543 2656 592 καὶ
2708 541 2942 610 μάλιστα
2971 541 3040 594 τὰ
3085 539 3374 610 ἀσώματα.
3403 561 3422 594 ι
3473 543 3646 614 Ὀρᾷς
3691 549 3747 600 ἐκ

501 641 559 686 et
587 649 707 700 quin
741 649 848 686 non
879 641 1198 688 cernuntur.
1233 633 1431 702 Accipe
1457 645 1717 701 praetcrea
1755 651 1875 702 qua:
1907 633 2074 687 etiam

503 725 806 793 Gregorius
838 725 1114 793 Nysseuus
1164 725 1231 778 de
1287 726 1604 780 nominibus
1660 725 1834 781 dicit:
1867 725 2072 780 Natura

505 821 712 882 divina,
754 819 1018 888 quidquid
1050 829 1132 874 est
1158 821 1369 874 ratione
1407 822 1666 876 essentne
1699 821 1906 884 habita.
1964 837 2070 876 una

503 921 586 966 est
625 914 854 981 simplex
879 925 933 968 et
961 913 1250 968 uniformis
1279 923 1334 968 et
1389 914 1752 981 incomposita
1807 925 1864 968 et
1921 925 2071 968 extra

503 1011 744 1055 nostram
770 1003 1328 1070 animadversionem.
1387 1005 1448 1056 Et
1481 1004 1748 1073 quoniam
1798 1005 1914 1058 sola
1951 1021 2074 1078 qua}

504 1092 882 1162 intelliguntur
923 1095 1203 1148 nominum
1237 1094 1465 1148 vocibus
1509 1095 1884 1162 significamus
1911 1111 1924 1148 :
1951 1111 2074 1164 qua:

504 1195 684 1238 autem
716 1202 876 1255 supra
915 1187 1330 1248 intelligentiam
1387 1198 1536 1248 sunt,
1605 1203 1712 1241 non
1777 1205 2072 1258 possumus

504 1277 940 1344 signiﬁcantibus
971 1279 1439 1348 appellationibus
1506 1280 1824 1348 complecti,
1886 1281 2072 1334 multis

503 1379 556 1422 et
588 1369 821 1422 divorsis
851 1371 1172 1424 nominibus
1207 1381 1482 1440 quatenus
1531 1372 1662 1424 licet
1711 1373 1955 1426 revelare
1981 1387 2074 1426 co-

504 1462 684 1528 gimur
720 1463 934 1515 insitam
983 1464 1140 1516 nobis
1195 1463 1262 1516 de
1311 1463 1538 1517 numine
1573 1464 1759 1517 divino
1788 1463 1952 1534 29o
1980 1481 2076 1518 no-

507 1553 730 1606 tionem.
770 1555 1132 1617 Quamobrem
1191 1535 1484 1610 hominum
1534 1572 1682 1618 cum,
1735 1556 1930 1616 Deum.
1981 1557 2072 1625 ju-

504 1658 668 1708 stum,
705 1655 1006 1714 potentem,
1031 1649 1374 1709 clementem,
1397 1664 1608 1712 verum,
1637 1643 2071 1712 misericordem,

509 1740 746 1808 taliaque
781 1741 985 1804 tmtltis,
1017 1742 1155 1832 sive,
1215 1741 1266 1794 id
1296 1742 1442 1810 quod
1496 1743 1810 1820 accuratius
1841 1741 2068 1806 dicitur,
2113 1763 2128 1774 -

503 1827 624 1880 aliis
660 1830 972 1883 nominibus
997 1827 1275 1884 vocamus.
1304 1831 1462 1886 .Talia
1491 1843 1672 1886 autem
1701 1834 1922 1886 nomina
1955 1849 2072 1886 orn-

505 1921 635 1970 nino
669 1921 1077 1988 compositione,
1099 1939 1274 1990 neque
1309 1939 1437 1976 vero
1473 1931 1668 1976 natura
1701 1933 1832 1978 sunt
1880 1923 2021 1978 facta
2051 1939 2066 1978 :

504 2011 647 2077 quod
688 2026 850 2079 supra
901 2029 928 2064 ει
966 2013 1126 2066 nobis
1179 2013 1612 2068 detnonsuatum
1668 2025 1774 2070 est.
1846 2016 1912 2070 Et
1941 2016 2068 2072 alibi

501 2103 831 2156 Athanasius
863 2121 1087 2173 magnus
1121 2105 1216 2170 ait,
1263 2105 1324 2159 τὸ
1367 2105 1534 2161 Deum
1583 2121 1703 2160 esse
1766 2107 2068 2161 secundum

497 2207 560 2248 es
589 2207 620 2246 e
649 2209 678 2246 a
711 2205 924 2251 natura.
949 2195 1012 2250 Et
1053 2213 1280 2268 magnus
1308 2199 1362 2252 in
1402 2199 1562 2252 rebus
1591 2196 1793 2251 divinis
1821 2212 2070 2264 perscru—
2105 2255 2114 2264 _

501 2284 680 2336 tandis
711 2285 1008 2354 Gregorius
1037 2287 1404 2358 :Simplicitas
1433 2289 1542 2342 Deo
1575 2305 1684 2344 non
1725 2301 1802 2344 est
1835 2301 2064 2358 natura;

498 2377 726 2430 alterum
767 2381 912 2432 enim
939 2383 990 2433 in
1027 2397 1093 2434 eo
1123 2382 1313 2436 statuit
1351 2383 1458 2436 vim
1483 2383 1730 2446 videndi,
1763 2383 1932 2438 altera
1955 2398 2064 2436 non

496 2483 616 2521 esse
679 2487 847 2524 unum
916 2474 1300 2542 compositum.
1331 2474 1508 2544 Atque
1563 2491 1673 2528 uno
1725 2475 1892 2528 verbo
1944 2475 2064 2528 nul-

496 2557 608 2613 lum
641 2575 836 2615 nomen
870 2570 952 2616 est
981 2565 1126 2632 quod
1157 2581 1267 2620 non
1325 2565 1626 2620 secundum
1659 2565 1730 2618 sit
1787 2581 1816 2618 a
1869 2577 2063 2620 natura

497 2651 702 2705 divina.
757 2653 1224 2725 Circumscriptus
1273 2657 1422 2710 enim
1480 2656 1892 2725 quodammodo
1939 2655 2064 2708 finis

497 2743 744 2797 essentia:
767 2752 822 2798 et
845 2755 1054 2800 natura:
1083 2757 1169 2802 est
1201 2761 1398 2800 nomen
1435 2764 1448 2801 :
1483 2747 1572 2800 illa
1599 2755 1785 2799 autem
1823 2761 1930 2798 non
1959 2747 2066 2800 cir-

495 2835 826 2902 cumscripta
880 2845 1074 2890 natura
1125 2836 1744 2905 circumscriptionibus
1775 2837 2058 2890 non‘ainum

494 2921 762 2976 inservire
791 2940 899 2978 non
929 2935 1134 2994 potest.
1197 2928 1264 2982 Et
1295 2927 1404 2980 alio
1454 2927 1577 2980 loco
1611 2927 1830 2981 divinus
1857 2927 2062 2999 Grego—

493 3015 611 3068 rius
638 3015 918 3085 Nyssenus
943 3019 1008 3072 de
1049 3018 1241 3072 iisdem
1275 3019 1588 3072 nominibus
1643 3018 1758 3073 haec
1788 3019 1921 3074 dicit
1951 3037 1968 3074 :
2002 3019 2058 3074 Si

493 3105 643 3172 prior
682 3103 990 3158 ctlicientiis
1049 3117 1166 3162 erat
1216 3109 1476 3174 essentia,
1531 3109 1828 3164 ellicentias
1875 3117 2057 3164 autem

489 3211 584 3250 eas
613 3189 984 3268 intelligiiuus,
1005 3213 1142 3268 quas
1165 3203 1680 3264 animadvertimus,
1711 3202 1806 3256 has
1851 3213 2054 3270 autem,
2085 3226 2130 3285 ο

491 3297 764 3356 quatentts
790 3289 939 3352 licet.
975 3291 1160 3346 verbis
1189 3292 1574 3354 cnuutiamus,
1625 3293 1852 3362 quijam
1893 3294 2060 3348 relin-

490 3375 677 3442 quitur
711 3376 896 3439 timor,
924 3393 1023 3432 cur
1049 3394 1156 3432 non
1191 3379 1506 3448 posteriora
1539 3382 1702 3436 rebus
1731 3382 1952 3436 nomina
1977 3382 2064 3436 di-

489 3469 717 3523 camus?
753 3470 970 3524 Etenim
1007 3474 1048 3525 si
1120 3487 1228 3526 non
1279 3483 1464 3528 antea-
1508 3474 1843 3542 explicemus
1898 3474 2061 3544 quid-

489 3577 652 3628 quam
687 3579 879 3618 eorum
940 3579 1064 3632 qua:
1127 3565 1196 3618 de
1259 3565 1374 3620 Deo
1427 3565 1708 3632 dicuntur,
1761 3582 1924 3636 quam
1977 3567 2064 3620 in-

489 3653 816 3721 telligamus,
869 3669 934 3707 ex
999 3655 1068 3708 iis
1119 3665 1300 3710 autem
1383 3653 1771 3726 intelligimus,
1823 3673 1944 3726 qua:
1995 3671 2062 3710 ex

485 3743 797 3796 ctiicientiis
843 3743 1248 3814 cognoscimus,
1306 3745 1616 3800 efficientia
1671 3757 1854 3802 autem
1909 3747 2060 3814 prior

487 3842 573 3886 est
616 3831 717 3896 vis,
775 3836 856 3887 vis
892 3845 1074 3890 autem
1131 3836 1337 3906 pendet
1393 3851 1460 3890 cx
1505 3838 1786 3892 voluntate
1849 3839 2056 3904 divina,

487 3925 746 3982 voluntas
791 3935 974 3980 autem
1055 3927 1111 3980 in
1167 3927 1422 3983 facultate
1483 3928 1683 3982 divina:
1743 3929 1924 3997 posita
1974 3939 2059 3984 est

489 4022 700 4069 naturae
732 4055 750 4080 ,
803 4033 986 4073 nonne
1055 4027 1244 4088 aperte
1293 4019 1718 4089 cognoscimus,
1792 4019 2056 4075 accedere

485 4107 646 4177 291
709 4111 877 4166 rebus
935 4111 1310 4182 significantes
1365 4113 1650 4168 nominum
1723 4112 2054 4182 appellatio-

485 4222 610 4274 nes,
666 4217 722 4262 et
785 4216 1040 4277 tanquam
1100 4209 1307 4266 umbrae
1362 4226 1544 4266 rerum
1590 4218 1718 4265 sunt
1766 4225 1932 4266 voces
1983 4211 2054 4266 ad

488 4299 758 4354 motiones
787 4301 1195 4368 suppositurum
1225 4301 1473 4356 formata:
1493 4303 1516 4355 ‘l
1537 4301 1605 4356 Et
1623 4301 1742 4356 haec
1769 4301 1844 4355 ita
1869 4316 1928 4356 se
1957 4301 2050 4356 ba-

489 4387 616 4441 bere
650 4387 812 4442 nobis
839 4390 1129 4456 persuadet
1153 4401 1342 4460 aperte
1390 4391 1580 4446 divina
1617 4391 1904 4460 Scriptura
1955 4407 2054 4460 per

487 4492 742 4546 magnum
776 4478 1056 4543 Davidetn,
1096 4481 1188 4550 qui
1239 4481 1566 4550 quibusdam
1615 4483 1855 4552 propriis
1878 4491 1934 4536 et
1969 4483 2055 4536 in-

2177 630 2272 682 τοῦ
2307 631 2648 700 παρήκοντος
2681 633 2800 694 πῶς
2835 635 2900 686 ἐκ
2939 634 3046 686 τῶν
3077 634 3404 702 σωματικῶς
3435 635 3746 705 θεωρουμέ-

2178 739 2285 774 νων
2315 723 2608 794 ἒνεργειῶν
2639 741 2826 792 φησιν,
2853 725 3033 778 εἶτουν
3067 725 3244 794 ἔργων
3275 727 3370 778 καὶ
3403 727 3746 796 ποιημάτων,

2177 813 2470 884 γνωρίζειν
2517 817 2662 884 ἡμᾶς
2701 819 2770 868 τὰ
2819 816 3086 885 ἀσώματα
3135 817 3228 869 καὶ
3279 818 3352 886 μὴ
3403 819 3748 886 φαινόμενας

2183 909 2380 960 ’Λκουε
2407 909 2451 960 δ’
2480 909 2570 960 ἐπὶ
2603 911 2812 972 τούτοις
2843 911 2896 962 τί
2939 911 3034 963 καὶ
3077 912 3106 963 6
3151 910 3448 964 Νυσσαέων
3483 912 3616 980 περὶ
3661 912 3746 965 dvo

2181 998 2368 1064 μάτων
2401 997 2602 1064 φάσκει
2635 999 2954 1068 Γρηγόριος.
2991 1019 3010 1052 ι
3031 1001 3099 1052 Ἦ
3133 1000 3251 1054 Θεία
3284 1003 3450 1067 φύσις
3477 1003 3508 1054 ὃ
3542 1017 3596 1052 τι
3627 1004 3748 1054 ποτὲ

2177 1085 2298 1138 κατ’
2324 1088 2512 1140 οὐσίαν
2549 1091 2686 1148 ἐστὶ,
2719 1090 2818 1157 μία
2859 1093 3006 1144 ἐστὶν
3040 1093 3189 1160 ἁπλῆ
3219 1095 3313 1146 καὶ
3347 1093 3636 1162 μονοειδὴς
3665 1097 3748 1146 καὶ

2175 1179 2468 1242 ἁσύνθετος
2505 1183 2598 1234 καὶ
2631 1182 2770 1250 ὑπὲρ
2801 1183 2900 1254 τὴν
2946 1185 3274 1254 αἰσθητικὴν
3315 1187 3480 1256 ἡμῶν
3519 1187 3750 1256 tardiq-

2175 1269 2290 1338 ψιν.
2333 1273 2439 1324 Καὶ
2470 1275 2654 1342 ἐπειδὴ
2685 1277 2822 1343 priva
2851 1276 2920 1328 τὰ
2949 1277 3332 1348 γινωσκόμενα
3376 1280 3466 1332 διὰ
3507 1281 3612 1348 τῆς
3641 1281 3750 1331 ὀνο-

2179 1366 2450 1433 μαστικῆς
2509 1369 2882 1437 σημειούμεθα
2929 1370 3207 1440 κλήσεως,
3249 1372 3320 1424 τὰ
3371 1373 3416 1424 δ’
3465 1373 3614 1441 ὑπὲρ
3657 1375 3748 1442 τὴν

2177 1458 2375 1523 γνῶσιν
2420 1457 2551 1512 ὄντα
2605 1464 3002 1528 σημειωτικαίς
3036 1479 3146 1514 τισι
3187 1463 3600 1532 προσηγορίαις
3645 1464 3750 1514 δια-

2175 1547 2354 1599 λαῦεἶν
2415 1549 2512 1618 οὐχ
2564 1543 2674 1601 οἷόν
2733 1557 2814 1610 τε,
2857 1545 3082 1612 ’πολλοῖς
3143 1553 3238 1606 καὶ
3285 1553 3577 1620 διαφόροις
3639 1553 3748 1604 ὀιό-

2179 1657 2368 1709 μασιν,
2396 1641 2543 1703 ὅπως
2584 1637 2711 1714 ἂνῇ
2755 1643 3006 1708 δυνατὸν,
3054 1645 3400 1713 ἀνακαλύψω
3445 1645 3746 1715 βιαζόμεθα

2175 1733 2274 1802 τὴν
2303 1734 2666 1801 ἐγγενομένην
2687 1737 2818 1804 ἡμῖν
2843 1736 2972 1806 περὶ
3003 1736 3098 1790 τοῦ
3125 1737 3272 1790 θείου
3313 1738 3632 1792 ὑπόνοιαν.ι
3662 1739 3744 1792 Διὸ

2179 1823 2385 1893 Κύριον
2410 1825 2594 1889 αὐτόν,
2615 1826 2768 1890 Θεὸν,
2801 1825 3034 1891 δίκαιον,
3089 1829 3330 1898 ἰσχυρὸν,
3365 1831 3744 1900 μςικρόθυιιον,

2173 1917 2754 1986 ἀληθινὸνηὲλεήμονα,
2769 1921 2868 1971 καὶ
2887 1920 2954 1971 τὰ
2973 1921 3328 1990 παραπλήσια
3349 1924 3741 1989 πολυωνύμως,

2171 2010 2204 2078 ἢ
2233 2008 2293 2060 τό
2323 2025 2386 2075 γε
2417 2009 2808 2079 ἀκριϐέστερον
2841 2011 3032 2074 εἰπεῖν,
3057 2013 3416 2082 ἑτερωνύμως
3441 2017 3746 2082 κατονομά-

2171 2101 2356 2170 ζομεν.
2415 2101 2496 2152 Τὰ
2524 2101 2582 2155 δὲ
2631 2101 2856 2156 τοιαῦτα
2901 2103 3140 2172 ὀνόματα
3179 2105 3324 2158 θέσει
3379 2109 3604 2168 πάντως
3648 2109 3744 2160 sia".

2171 2189 2264 2240 καὶ
2293 2190 2354 2240 οὑ
2387 2189 2570 2256 φύσει,
2607 2191 2680 2253 ὡς
2703 2194 2861 2260 ἡμεῖς
2890 2194 3344 2264 προδεδείχαμεν.
3377 2197 3490 2248 Καὶ
3519 2197 3550 2246 6
3579 2198 3742 2263 μέγας

2169 2279 2375 2351 ἀλλαχῆ
2411 2299 2578 2350 φησιν
2618 2285 2674 2335 Ἀ
2687 2284 2944 2349 θανάσιος
2969 2288 3050 2338 ὅτι
3086 2289 3182 2338 καὶ
3212 2289 3272 2339 τὸ
3297 2287 3426 2339 Θεον
3459 2285 3604 2340 εἶναι
3631 2289 3740 2342 53.3-

2167 2372 2319 2443 τερόν
2349 2372 2410 2443 [Γ.
2449 2375 2544 2430 159
2563 2379 2612 2446 ν]
2643 2378 2758 2429 ἐστι
2811 2381 2912 2446 τῆς
2955 2379 3199 2446 φύσεως.
3245 2379 3355 2431 Καὶ
3385 2382 3412 2431 6
3463 2381 3642 2448 μέγας
3691 2383 3740 2434 ἐν

2170 2465 2418 2536 θεολογίᾳ
2461 2467 2881 2536 Γρηγὸριος,ὄτι
2921 2471 2982 2522 οὐ
3027 2470 3188 2539 φύσις
3237 2471 3358 2540 Θεῷ
3389 2475 3421 2541 ἡ
3465 2473 3736 2543 ἁπλότηςι

2165 2554 2228 2606 τὸ
2265 2556 2366 2622 μὲν
2394 2555 2503 2623 γὰρ
2536 2557 2636 2626 τὴν
2669 2557 2924 2627 θεατικὴν
2952 2559 3120 2614 αὐτοῦ
3157 2562 3458 2631 παρίστησι
3489 2563 3736 2632 δύναμιν,

2165 2649 2226 2700 τὸ
2257 2650 2313 2700 δὲ
2353 2652 2412 2702 τὸ
2445 2651 2522 2721 μὴ
2552 2648 2693 2704 εἶναι
2727 2652 3005 2708 σύνθετον.
3035 2655 3146 2708 Καὶ
3177 2655 3362 2717 ἁπλῶς
3390 2656 3568 2708 εἰπεῖν
3595 2657 3736 2709 οὐδὲν

2165 2739 2274 2791 τῶν
2303 2741 2588 2808 ὀνομάτων
2619 2743 2768 2796 ἐστὶν
2809 2743 2836 2794 ὃ
2871 2745 2945 2813 μὴ
2989 2743 3240 2814 δεύτερόν
3293 2747 3412 2798 ἐστι
3457 2748 3562 2812 τῆς
3595 2747 3736 2808 θείας

2165 2827 2404 2894 φύσεως.
2436 2831 2962 2899 Περιγεγραμμένος
2993 2832 3105 2901 γάρ
3135 2849 3222 2894 τις
3255 2835 3380 2904 ὄρος
3405 2835 3606 2896 οὐσίας
3649 2833 3734 2887 καὶ

2163 2915 2376 2984 φύσεως
2408 2918 2620 2984 γίνεται
2647 2918 2910 2988 τοῦνομα,
2947 2923 2976 2990 ἡ
3009 2921 3056 2974 δ’
3091 2922 3514 2992 ἀπερίγραπτος
3560 2923 3730 2992 εκείνη

2163 3007 2328 3076 φύσις
2365 3015 2733 3081 περιγραφαῖς
2763 3012 3048 3076 ὀνομάτων
3089 3013 3363 3067 δουλεύειν
3397 3016 3459 3068 οὐ
3489 3015 3727 3069 δύναται.

2163 3101 2272 3154 Καὶ
2303 3103 2360 3154 ὲν
2383 3103 2555 3173 ἑτέρῳ
2585 3103 2630 3156 δ’
2662 3106 2690 3155 6
2737 3103 2878 3166 θεῖος
2922 3104 3222 3158 Νυσσαέων
3258 3106 3568 3175 Γρηγόριος
3615 3107 3732 3176 περὶ

2161 3192 2269 3246 τῶν
2308 3195 2486 3246 αὐτῶν
2519 3195 2797 3264 ὀνομάτων
2821 3195 2964 3250 οὕτω
2995 3198 3192 3266 φησίν·
3223 3215 3242 3248 ι
3267 3199 3330 3250 Ei
3353 3199 3730 3268 προϋφέστηκε

2165 3286 2272 3338 τῶν
2305 3287 2591 3355 ἐνεργειῶν
2637 3289 2668 3356 ή
2703 3289 2881 3353 οὐσία,
2932 3290 3164 3356 νοοῦμεν
3219 3289 3278 3342 δὲ
3321 3291 3418 3352 τὰς
3453 3292 3729 3360 ἐνεργείας

2162 3377 2230 3430 δι’
2261 3371 2334 3430 ὧν
2361 3376 2752 3446 αἰσθανόμεθα,
2811 3381 3020 3449 ῥήμασι
3053 3381 3112 3433 δὲ
3146 3382 3296 3444 ὅπως
3337 3384 3404 3436 ἂν
3511 3383 3728 3436 δυνατὸν

2163 3470 2584 3539 ἐξαγγέλλομεν,
2619 3471 2700 3534 τίς
2749 3473 2830 3524 ἔτι
2861 3473 3252 3528 καταλείπεται
3285 3476 3446 3544 φόϐος
3499 3476 3726 3544 νεώτερα

2161 3563 2269 3614 τῶν
2301 3563 2646 3631 πραγμάτων
2691 3564 2760 3616 τὰ
2805 3563 3046 3634 ὀνόματα
3101 3566 3322 3633 λέγειν;
3365 3567 3427 3620 Et
3487 3570 3598 3636 γὰρ
3658 3567 3724 3634 μὴ

2162 3651 2425 3722 πρότερον
2447 3654 2834 3722 ’ἑρμηνεύομέν
2863 3671 2916 3705 τι
2945 3655 3052 3706 τῶν
3087 3655 3214 3724 περὶ
3249 3657 3386 3710 Θεοῦ
3421 3657 3726 3726 λεγομένων

2160 3743 2290 3813 πρὶν
2317 3744 2385 3796 ἂν
2409 3746 2718 3815 νοήσωμεν,
2754 3748 2962 3815 νοὼμεν
2997 3750 3052 3800 δὲ
3085 3751 3154 3802 δι’
3183 3743 3260 3802 ὧν
3308 3751 3372 3802 ὲκ
3401 3752 3538 3820 ξτῶν
3587 3753 3726 3819 ἐνερ-

2159 3835 2326 3901 γειῶν
2363 3835 2756 3907 διδασκόμεθα,
2781 3843 3172 3910 προϋφέστηκε
3223 3843 3280 3896 δὲ
3317 3845 3416 3910 τῆς
3451 3845 3724 3913 ἐνεργείας

2160 3927 2193 3991 ἡ
2233 3927 2488 3996 δύναμις.
2525 3931 2557 4000 ἡ
2589 3929 2645 3982 δὲ
2674 3930 2902 4002 δύναμις
2937 3933 3234 4004 ἐξήρτηται
3263 3935 3358 3988 τοῦ
3391 3935 3540 3989 θείου
3581 3938 3724 4004 Gaiq-

2160 4033 2348 4085 ματος,
2383 4021 2442 4072 τὸ
2479 4020 2534 4072 δὲ
2563 4021 2812 4092 βούλημα
2837 4025 2894 4076 ὲν
2923 4027 2988 4095 τῇ
3019 4025 3238 4098 ἐξουσίᾳ
3275 4029 3374 4095 τῆς
3419 4029 3572 4090 θείας
3597 4028 3720 4082 ἁπό-

2157 4122 2336 4162 κειται
2374 4109 2614 4178 φύσεωςο
2644 4107 2734 4182 ἆρ’
2763 4112 2824 4166 οὐ
2875 4114 3060 4183 σαφῶς
3091 4115 3458 4186 διδασκόμεθα
3483 4119 3570 4172 ὅτι
3607 4121 3719 4170 ἐπι-

2155 4199 2396 4268 γίνονται
2430 4207 2540 4266 τοίς
2571 4205 2900 4274 πράγμασιν
2935 4209 2992 4260 at
3017 4215 3356 4278 σημαντικα)⁸
3387 4213 3494 4264 τῶν
3527 4211 3718 4280 ὀνομά-

2152 4309 2262 4346 των
2297 4293 2686 4364 προσηγορίαι,
2718 4298 2810 4350 καὶ
2837 4295 3028 4369 ὥσπερ
3062 4301 3214 4352 σκιαὶ
3237 4300 3347 4354 τῶν
3379 4302 3716 4371 πραγμάτων

2153 4385 2294 4438 εἰσὶν
2320 4387 2376 4439 al.
2405 4387 2604 4456 φωναὶ,
2663 4391 2802 4461 πρὸς
2838 4394 2937 4454 τὰς
2973 4395 3216 4464 κινήσεις
3254 4396 3366 4447 τῶν
3399 4397 3716 4462 ὑφεστώτων

2157 4481 2661 4551 σχηματιζόμεναι;
2701 4483 2807 4536 Καὶ
2841 4485 2925 4538 ὅτι
2949 4485 3122 4539 ταῦτα
3153 4486 3328 4549 οὕτως
3377 4488 3513 4558 ἔχει,
3549 4489 3714 4541 πείθει

483 4571 607 4628 sitis
637 4570 954 4624 nominibus
995 4586 1060 4625 ex
1093 4571 1380 4627 efﬁcientia
1413 4574 1532 4644 ejus
1561 4574 1855 4628 intellectis
1907 4573 2049 4628 divi-

2163 4570 2342 4637 παφῶς
2386 4573 2420 4641 ἡ
2467 4570 2588 4624 θεία
2641 4573 2681 4626 Γ
2686 4573 2832 4644 ραφὴ
2881 4575 2970 4630 διὰ
3005 4576 3100 4630 τοῦ
3141 4579 3380 4646 μεγάλου
3419 4581 3585 4632 Δαϐὶδ
3625 4577 3710 4630 τοῦ

485 4677 610 4718 nam
641 4671 888 4718 naturam
919 4672 1096 4718 vocat.
1137 4665 1479 4720 «Misericors
1519 4665 1690 4728 enim,
1718 4666 1816 4732 ait,
1853 4677 1908 4720 et
1949 4667 2048 4720 mi-

484 4770 672 4812 serens
702 4766 786 4810 est
814 4756 1079 4812 Dominus
1107 4773 1118 4808 :
1151 4757 1390 4812 clemens
1421 4765 1478 4810 et
1525 4757 1894 4813 miserationis
1931 4761 2048 4827 ple-

485 4859 640 4898 nus.»
675 4845 798 4900 llrec
852 4846 1022 4915 igitur
1063 4843 1194 4913 quid
1228 4843 1439 4906 dicunt,
1462 4845 1766 4898 etlicicntim
1799 4845 2050 4901 obtinere

481 4935 937 5008 significationem
991 4945 1083 4990 aut
1125 4935 1376 4990 naturae?
1445 4935 1634 4998 Nemo,
1693 4946 1846 5006 puto.
1901 4937 2046 4990 aliud

482 5028 777 5098 quidquam
809 5044 970 5097 quam
1001 5027 1326 5082 cfﬁcentiatn
1364 5027 1530 5080 dicet.
1591 5027 1820 5091 Quando
1883 5027 2051 5099 igitur

483 5117 722 5171 efficiens
749 5116 1179 5171 misericordiam
1213 5125 1268 5170 et
1299 5117 1709 5170 miserationem
1743 5115 1959 5182 accepit
1981 5117 2050 5169 ab

479 5209 773 5266 efﬁcientia
811 5211 1051 5265 nomen?
1075 5209 1215 5264 Num
1246 5217 1370 5261 ante
1401 5207 1682 5260 hominum
1713 5206 1916 5258 vitam?
1943 5205 2050 5260 Sed

479 5303 606 5372 quis
639 5312 749 5356 tmn
792 5303 1149 5356 miseratione
1184 5299 1504 5370 indigebat?
1531 5301 1648 5352 lino
1674 5299 1899 5350 omnino
1925 5309 2048 5366 post

481 5403 762 5464 peceatum
801 5393 1180 5448 commissum.
1213 5391 1504 5446 Peccatum
1541 5398 1724 5442 autem
1791 5397 1874 5440 est
1927 5397 2048 5456 post

479 5485 757 5538 hominem
796 5494 1037 5538 creatum
1070 5499 1084 5535 :
1114 5481 1279 5551 igitur
1311 5490 1430 5548 post
1483 5479 1760 5532 hominem
1796 5488 2042 5530 creatum

479 5577 644 5630 etiam
688 5576 984 5630 miserandi
1015 5573 1308 5628 efﬁcientia
1333 5585 1451 5626 orta
1479 5583 1560 5626 est
1593 5583 1644 5624 et
1675 5571 2046 5624 miserationis

479 5682 698 5720 nomen.
727 5667 962 5722 Viden”!
1006 5667 1298 5736 Propterea
1344 5665 1488 5718 enim
1515 5670 1570 5715 et
1607 5659 1796 5715 eadem
1827 5661 2048 5714 nomina

481 5755 623 5812 ﬁunt
679 5767 735 5812 ct
764 5761 1250 5813 accommodantur
1285 5753 1586 5809 secundum
1628 5752 1914 5805 hominum
1951 5768 2045 5804 vo-

447 5847 708 5906 "luntatis
744 5851 958 5923 regulas
986 5851 1210 5923 etleges
1261 5865 1276 5903 :
1315 5862 1488 5917 neque
1543 5845 1608 5898 'in
1669 5859 1810 5912 uno,
1845 5843 1939 5899 sed
1991 5845 2041 5899 in

2155 4661 2408 4731 καθάπερ
2441 4663 2532 4716 διά
2565 4680 2728 4718 τινων
2771 4666 2916 4719 ίδίων
2957 4670 3258 4738 προσφυῶν
3299 4671 3583 4737 ὀνομάτων
3614 4671 3712 4722 τῶν

2151 4751 2216 4804 ὲκ
2245 4751 2340 4820 τῆς
2365 4751 2647 4822 ἐνεργείας
2683 4754 2850 4808 αὑτοῦ
2883 4751 3188 4826 νοηθέντὼν
3233 4759 3336 4830 τὴν
3371 4761 3526 4814 θείαν
3561 4760 3712 4828 φύσιν

2149 4843 2569 4907 ἀνακαλοῦντος
2606 4866 2624 4898 r
2653 4849 2990 4918 Οξκτίρμων,
3025 4870 3042 4902 ι
3071 4855 3178 4920 γάρ
3204 4869 3361 4920 φησι,
3395 4873 3414 4904 ι
3445 4857 3540 4906 καὶ
3569 4853 3710 4919 ἐλεή-

2155 4951 2270 5004 μων
2299 4937 2326 4988 6
2351 4937 2575 5006 Κύριος,
2617 4939 2974 5009 μακρόθυμος
3012 4943 3105 4994 καὶ
3135 4944 3450 5005 uolua-3.0;.
3477 4963 3496 4996 ι
3533 4944 3706 4995 Ταῦτα

2149 5022 2328 5077 τοίνυν
2363 5027 2414 5079 τί
2453 5027 2722 5094 λέγουσιν,
2757 5032 3042 5100 ἐνεργείας
3073 5033 3215 5100 ἔχειν
3248 5034 3346 5102 τὴν
3381 5031 3703 5102 σημασίαγῆ

2151 5114 2365 5184 φύσεως
2389 5134 2404 5180 ;
2440 5118 2553 5170 Οὐκ
2581 5119 2648 5171 ἄν
2680 5137 2760 5182 τις
2796 5121 2924 5174 ἄλλο
2949 5125 3097 5190 παρὰ
3120 5123 3218 5192 τὴν
3239 5125 3521 5192 ἐνέργεινν
3548 5125 3700 5176 εἴποι.

2153 5207 2288 5260 Πότε
2327 5210 2508 5262 τοίνυν
2537 5211 2839 5282 ἐνεργήσας
2876 5217 2999 5276 τοὺς
3030 5217 3349 5285 οἱκτιρμοῡς
3387 5219 3416 5268 6
3459 5219 3588 5276 (θεὸς
3621 5216 3704 5266 καὶ

2147 5297 2240 5348 τὸν
2267 5295 2435 5360 ἔλεον,
2472 5297 2629 5366 ἔσχεν
2674 5301 2736 5351 ὲκ
2784 5303 2882 5368 τῆς
2911 5304 3196 5371 ἐνεργείας
3235 5305 3294 5356 τὸ
3329 5307 3534 5373 ὅνομας
3571 5301 3702 5370 Ἀρα

2151 5386 2254 5452 πρὸ
2279 5387 2375 5454 τῆς
2406 5387 2755 5456 ἀνθρωπίνης
2791 5388 2970 5458 ζωῆς;
3005 5391 3112 5442 Καὶ
3141 5391 3223 5453 τίς
3349 5396 3373 5443 ό
3407 5394 3499 5444 τοῦ
3531 5393 3700 5449 ἐλέους

2147 5477 2431 5546 δεόμενος
2476 5477 2641 5532 Ἀλλὰ
2677 5481 2816 5547 μετὰ
2849 5483 2944 5550 τὴν
2983 5483 3260 5552 ἁμαρτίαν
3297 5487 3534 5546 πάντως.
3580 5485 3634 5534 ’Π
3661 5481 3700 5534 δ’

2148 5571 2398 5639 ἁμαρτία
2431 5575 2570 5640 μετὰ
2600 5574 2690 5624 τὸν
2733 5572 3046 5642 ἄνθρωπον·
3083 5577 3281 5629 οὐκοῦν
3320 5579 3458 5646 μετὰ
3497 5578 3584 5628 τὸν
3617 5575 3699 5626 ἄν·

2150 5665 2368 5732 Ορωπον
2396 5666 2489 5716 καὶ
2517 5667 2549 5736 ἡ
2581 5667 2671 5717 τοῦ
2708 5666 2876 5718 ἐλεεῖν
2921 5667 3176 5736 ἐνέργεια
3209 5673 3300 5722 καὶ
3337 5670 3396 5722 τὸ
3436 5669 3528 5719 τοῦ
3560 5667 3694 5720 ἐλέου

2147 5755 2338 5823 ὄνομα.
2369 5775 2386 5806 ι
2429 5757 2591 5826 Ὁρᾶς
2617 5777 2627 5821 ;
2653 5758 2737 5810 διὰ
2769 5759 2876 5827 γὰρ
2906 5761 3064 5812 τοῦτο
3092 5761 3185 5814 καὶ
3214 5763 3478 5833 ὁμώνυμα
3503 5763 3696 5828 γίνεται

2149 5847 2242 5899 κει).
2281 5847 2682 5917 μεθαρμόζετκι
2724 5849 2863 5900 κατὰ
2897 5849 3022 5913 τοὺς
3062 5853 3160 5922 τῆς
3209 5855 3552 5924 ἀνίιρωπὲνης
3583 5853 3693 5918 βου·
