3966 6574
284 433 399 496 357

1313 417 1757 482 BYZANTINJE
1794 418 2181 480 ΗΙδΤΟῐὶῐίΕ
2218 417 2365 479 LIB.
2404 416 2583 477 XXX.

3452 410 3561 472 9E8

285 544 508 613 λήσεως
543 538 777 601 κανόνας
818 538 914 591 καὶ
935 537 1154 607 νόμους.
1192 537 1303 592 Καὶ
1334 538 1435 591 οὐκ
1468 538 1552 606 ἐφ’
1581 538 1728 601 ἐνὸς,
1758 535 1875 589 ἀλλ’

1994 535 2239 605 plurimis
2266 546 2321 589 ct
2346 533 2603 596 diversis,
2626 545 2750 601 quae
2782 527 3071 600 supposita
3102 537 3253 593 sunt,
3295 527 3560 598 quodque
3634 524 3641 529 ’

287 634 392 686 ἐπὶ
421 630 699 685 πλείστων
725 646 785 681 τε
809 630 904 682 καὶ
928 627 1204 698 διαφόρων
1232 628 1613 695 ὑποκειμένων
1643 627 1876 681 ἕκαστον

290 724 352 776 ἐν
384 723 448 777 ὃν
481 721 708 790 λέγεται
753 720 950 792 ὄνομα,
992 720 1054 773 τδ
1100 721 1353 774 πλεῖστον
1389 723 1590 775 εἰπεῖν.
1632 717 1761 774 Οίον
1786 721 1878 772 ἐπὶ

292 814 722 884 ὑποδείγματος,
741 813 869 880 περὶ
904 811 1215 883 βουλήσεως
1244 812 1398 883 εὖροι
1426 829 1510 876 τις
1540 812 1608 867 ἂν
1638 810 1879 881 τοῦνομα

295 908 435 959 ποτέ
476 908 576 976 μὲν
617 907 712 958 ἐπὶ
750 906 851 973 τῆς
896 904 1156 960 ἀκτίστου
1203 903 1268 974 ιι.
1303 905 1405 961 159
1436 905 1487 977 υ]
1534 905 1749 974 φύσεως
1782 905 1877 956 τοῦ

296 995 433 1049 Υίοῦ
498 995 939 1066 λαμΰανόμενον,
995 995 1126 1047 ποτε
1179 995 1226 1047 δ’
1268 997 1357 1047 ἐπὶ
1402 995 1513 1048 τῶν
1560 996 1880 1065 κτισμάτων

295 1087 455 1158 παρὰ
477 1088 586 1142 τῶν
603 1087 796 1155 ἁγίων,
814 1086 889 1149 ὡς
907 1088 935 1139 6
956 1087 1127 1155 μέγας
1156 1086 1474 1148 Ἀθανάσιος
1496 1087 1639 1140 κατὰ
1668 1088 1882 1158 ’Λρεια-

293 1180 407 1232 νῶν
436 1180 666 1251 γράφων
709 1181 876 1250 φησὶν
920 1178 995 1242 ὡς
1034 1178 1083 1231 oi
1117 1179 1335 1242 ἀσεϐεῖς
1377 1181 1436 1231 οὐ
1477 1179 1692 1233 θέλουσι
1723 1178 1881 1248 λόγον

295 1273 395 1324 καί
431 1272 631 1341 βουλὴν
660 1271 845 1336 ζῶσαν
887 1266 1029 1324 εἶναι
1057 1270 1151 1324 τὸν
1179 1271 1332 1336 Υίδν,
1381 1272 1511 1340 περὶ
1537 1271 1594 1324 δὲ
1626 1272 1716 1325 τὸν
1746 1269 1883 1324 Θεὸν

296 1364 566 1435 βούλησιν
592 1365 686 1417 καὶ
735 1363 997 1434 φρόνησιν
1038 1366 1130 1416 καὶ
1162 1364 1355 1431 σοφίαν
1388 1363 1464 1426 ὡς
1494 1362 1609 1428 ἕξιν
1642 1362 1881 1431 συμϐαίο

294 1474 501 1509 νουσα»)
543 1458 639 1510 καὶ
664 1456 1205 1524 ἁποσυμδαίνουσαν.
1240 1458 1348 1508 Καὶ
1380 1457 1581 1523 ὁμοίως
1627 1455 1882 1526 Ἰωάννης

289 1550 320 1601 6
363 1550 433 1601 ἐκ
485 1548 783 1618 Δαμασκοῦ
826 1534 1086 1620 βούλησιν
1127 1548 1220 1601 καὶ
1271 1547 1465 1616 σοφίαν
1504 1549 1601 1601 καὶ
1651 1548 1884 1617 δύναμιν

287 1634 388 1688 xliv
415 1636 548 1688 Υίὸν
580 1632 723 1688 εῖναι
758 1635 909 1701 λέγει
936 1634 1035 1689 τοῦ
1068 1635 1300 1704 Πατρόςο
1335 1636 1395 1689 οὐ
1424 1635 1529 1705 χρὴ
1564 1636 1673 1705 γὰρ
1700 1635 1881 1704 λέγειν

293 1728 397 1780 ἐπὶ
413 1726 549 1780 Θεοῦ
584 1726 870 1796 ποιότητα,
893 1726 979 1780 ἶνα
1001 1725 1077 1801 μὴ
1098 1726 1354 1781 σύνθετον
1376 1728 1541 1782 αὐτὸν
1562 1728 1885 1799 ποιήσωμεν

295 1820 359 1885 ἐξ
389 1821 581 1878 οὐσίας
611 1820 707 1875 καὶ
735 1820 1047 1891 ποιότητος.
1094 1819 1208 1873 Καὶ
1250 1820 1390 1891 πρός
1440 1837 1505 1887 γε
1536 1820 1565 1874 6
1588 1818 1885 1874 Νυσσαέων

1986 642 2209 692 nomen,
2241 640 2556 696 quanquam
2589 639 2760 678 unum
2791 630 2897 688 est,
2934 633 3117 677 tamen
3141 621 3347 676 dicitur
3379 622 3556 690 pluri-

1985 737 2132 773 mum
2164 720 2495 789 significare,
2537 727 2596 772 ut
2625 715 2861 785 exempli
2921 715 3117 783 gratia,
3168 713 3237 768 dc
3272 716 3558 767 voluntate

1982 812 2229 879 reperias
2270 827 2471 866 nomen
2503 808 2781 864 interdum
2822 807 2877 861 in
2919 816 3115 860 natura
3156 805 3401 859 inet-cata
3432 803 3559 858 Filii

1986 913 2339 989 usurpatum,
2368 902 2657 958 interdum
2691 910 2873 955 autem
2905 903 2962 954 in
3020 898 3222 954 creatis
3266 915 3295 952 a
3327 899 3559 961 sanctis,

1984 995 2145 1065 292
2178 1002 2237 1047 ut
2267 988 2600 1048 Athanasius
2639 1006 2872 1058 magnus
2920 1000 3110 1042 contra
3144 988 3379 1042 Arianos
3418 988 3560 1040 scri-

1984 1088 2120 1141 bens
2150 1086 2284 1139 dicit
2311 1102 2324 1138 :
2364 1103 2380 1136 σ
2410 1083 2564 1153 lmpii
2600 1098 2709 1137 non
2742 1090 2992 1135 statuunt
3021 1078 3219 1134 Filium
3243 1093 3364 1133 esse
3395 1077 3565 1132 ratio-

1984 1190 2109 1230 nem
2138 1185 2195 1230 et
2221 1174 2563 1228 voluntatem
2596 1181 2651 1227 et
2702 1172 3090 1240 cngitationem
3142 1177 3198 1224 et
3233 1168 3559 1254 sapientiam

1986 1278 2243 1335 tanquam
2274 1263 2521 1318 habitum
2545 1262 2961 1317 convenientem
2979 1268 3035 1315 et
3056 1258 3560 1314 inconvenientcm.

1986 1358 2051 1412 Et
2090 1356 2257 1411 simili
2292 1356 2507 1410 ratione
2548 1356 2791 1411 Joannes
2824 1354 3191 1408 Damascenus
3220 1352 3559 1407 voluntatem

1984 1457 2041 1502 et
2076 1447 2407 1516 sapientiam
2447 1454 2503 1500 ct
2527 1446 2635 1499 vim
2667 1445 2866 1499 Filium
2891 1458 3011 1500 esse
3046 1442 3180 1498 dicit
3211 1442 3412 1498 Patris.
3442 1436 3561 1496 Non

1985 1539 2136 1592 enim
2170 1551 2464 1618 possumus
2502 1536 2805 1605 praedicare
2856 1534 2925 1589 de
2957 1535 3069 1589 Deo
3116 1533 3460 1603 qualitatem.
3495 1547 3564 1585 ne

1986 1628 2353 1699 Composilum
2412 1641 2541 1683 eum
2606 1627 2875 1698 ﬁngamus
2904 1640 2970 1680 ex
3016 1625 3259 1680 essentia
3295 1631 3347 1678 et
3384 1623 3565 1692 quali-

1988 1730 2122 1778 tate.
2179 1721 2248 1776 Et
2300 1729 2566 1791 praeterea
2613 1718 2915 1789 Gregorius
2964 1717 3248 1789 Nyssenus
3299 1715 3435 1771 dicit
3480 1732 3567 1770 re-

1988 1827 2120 1867 vera
2155 1811 2489 1883 sapientiam
2523 1821 2579 1865 et
2606 1809 2945 1864 voluntatem
2979 1808 3117 1862 nihil
3142 1822 3264 1864 esse
3290 1821 3455 1877 quam
3479 1822 3569 1860 sa-

295 1912 603 1983 Γρηγόριο;
627 1912 797 1975 ὅντως
816 1913 1008 1981 σοφίαν
1030 1911 1122 1965 καὶ
1142 1892 1339 1982 βουλὴν
1354 1911 1509 1966 οὐδὲν
1530 1911 1716 1982 ἕτερον
1739 1908 1882 1966 εἶναι

1994 1905 2269 1976 pientiam,
2302 1904 2355 1958 in
2388 1906 2704 1957 universum
2735 1900 3188 1970 praemeditatam,
3218 1900 3272 1953 in
3307 1915 3413 1968 qua
3438 1901 3564 1953 uni-

297 2006 457 2073 λέγει
488 2005 632 2067 πλὴν
660 2006 760 2075 τῆς
781 2005 877 2058 τοῦ
904 2005 1105 2068 παντὸς
1133 2005 1641 2075 προεπινοουμὲνης
1672 2006 1886 2075 σοφίας,

297 2095 362 2146 ἐν
447 2093 517 2145 τὰ
547 2093 729 2150 πάντα
754 2093 975 2162 ἐγένετο
1007 2094 1101 2147 καὶ
1128 2092 1488 2163 διεκοσμήθη⁶
1514 2094 1752 2164 Χριστὸς
1778 2094 1889 2166 γὰρ

298 2178 445 2233 Θεοῦ
474 2179 706 2249 δύναμις
747 2180 843 2232 καὶ
874 2177 1012 2232 Θεοῦ
1066 2180 1254 2248 σοφία.
1291 2180 1400 2234 Καὶ
1428 2180 1589 2234 τοῦτο
1626 2182 1726 2251 μὲν
1761 2184 1891 2254 περὶ

297 2271 402 2326 τοῦ
452 2273 654 2326 ταυτὸν
709 2270 854 2326 εἶναι
907 2272 1051 2327 κατὰ
1104 2272 1168 2327 τὺ
1215 2275 1624 2345 σημαινόμενον
1676 2278 1891 2343 οὐσίαν,

299 2365 541 2432 δύναμιν
577 2368 670 2420 καὶ
702 2365 1093 2436 βούλησινκαὶ
1129 2369 1343 2437 σοφίαν.
1400 2367 1492 2422 Ἐν
1526 2367 1712 2432 ἄλλοις
1735 2369 1781 2423 δ’
1803 2370 1895 2422 εὐ-

300 2453 559 2522 ρίσκεται
607 2454 785 2521 λέγων
814 2457 842 2508 6
877 2455 1023 2518 θεῖος
1076 2454 1334 2527 Μάξιμος
1369 2457 1446 2521 ὡς
1476 2460 1507 2528 ἡ
1538 2458 1762 2529 οέλησις
1794 2462 1891 2514 καὶ

300 2542 336 2610 ἠ
366 2541 629 2611 βούλησις
667 2543 767 2596 οὐκ
798 2543 914 2597 ἐστι
944 2546 1147 2598 ταυτὸν
1177 2547 1242 2617 τῇ
1274 2545 1435 2617 οὐσίᾳ.
1464 2546 1559 2599 τοῦ
1585 2547 1742 2601 Θεοῦ.
1785 2566 1804 2600 σ
1825 2547 1893 2602 Ἦ

304 2633 413 2702 μὲν
443 2636 551 2705 γὰρ
582 2634 805 2706 θέλησις
841 2639 938 2692 καὶ
967 2635 1196 2708 ἄρχεται
1224 2641 1320 2692 καὶ
1352 2639 1623 2696 παύεται*
1658 2642 1692 2713 ἡ
1717 2641 1773 2699 δέ
1800 2642 1894 2696 06-

304 2720 403 2773 σία
424 2720 550 2776 οὐτε
589 2722 821 2794 ἄρχεται
848 2722 973 2778 οὔτε
1000 2724 1259 2781 παύεται.
1297 2725 1370 2779 Τὸ
1397 2726 1443 2780 δ’
1467 2729 1772 2800 ἀρχόμενον
1799 2731 1895 2785 καὶ

301 2815 623 2884 παυόμενον
668 2814 746 2887 τῷ
795 2819 937 2887 μήτε
986 2818 1283 2892 ἀρχομένῳ
1328 2821 1468 2892 μήτε
1513 2823 1810 2894 παυομένῳ
1837 2822 1897 2876 τὸ

304 2909 445 2963 αὐτὸ
478 2904 622 2962 εἶναι
665 2909 728 2962 οὐ
765 2910 1011 2966 δύναται.
1055 2911 1118 2966 Εἰ
1168 2912 1280 2984 γὰρ
1313 2917 1509 2968 ταυτὸν
1533 2911 1603 2987 ἦν
1631 2918 1699 2987 τῇ
1736 2917 1897 2987 οὐσίᾳ

301 3002 405 3055 τοῦ
439 2997 574 3055 Θεοῦ
606 3004 638 3071 ἡ
678 3001 961 3075 βούλησις,
998 3004 1167 3075 ἐχρῆν
1197 3007 1332 3077 μιᾶς
1362 3006 1529 3078 οὔσης
1567 3010 1668 3079 τῆς
1708 3009 1897 3073 οὐσίας

309 3097 448 3165 μίαν
476 3090 614 3148 εῖναι
635 3089 732 3149 imi.
751 3096 851 3166 τὴν
874 3097 1117 3167 θέλησιν.
1136 3097 1277 3151 Ἀλλ’
1304 3101 1339 3169 ἡ
1360 3099 1573 3170 Γραφὴ,
1603 3117 1622 3152 t
1654 3102 1889 3167 Πάντα,›

308 3191 505 3260 φησιν,
541 3208 560 3241 t
584 3190 685 3243 ὅσα
712 3190 998 3261 ἠθέλησεν,
1031 3190 1278 3262 ἐποίησε.
1311 3191 1493 3245 Πολλὰ
1522 3192 1616 3246 οῦν
1658 3193 1896 3264 ἠθέλησε

306 3286 408 3338 καὶ
451 3284 550 3353 οὐχ
597 3284 678 3337 ἐν.
713 3303 731 3335 ι
775 3285 882 3337 Καὶ
925 3283 1131 3354 ὁμοίως
1178 3285 1206 3337 6
1251 3285 1395 3350 θεῖος
1427 3286 1716 3358 Κύριλλος,
1754 3305 1773 3339 ι
1828 3287 1892 3344 Ἦ

302 3377 486 3443 ἑνδς,ι
515 3380 668 3448 φησί,
692 3395 711 3429 t
732 3377 838 3430 τῶν
866 3377 1300 3449 ὠνομασμένων,
1326 3380 1566 3450 Πατρός,
1599 3380 1763 3447 λέγω,
1797 3384 1894 3434 καὶ

304 3468 448 3526 Υίοῦ
492 3474 586 3523 καὶ
624 3470 785 3538 ἁγίου
829 3471 1174 3543 Πνεύματος,
1219 3472 1594 3546 δημιουργικὴ
1644 3474 1887 3545 Θέλησις,

303 3563 399 3631 ἐφ’
425 3563 641 3633 ὅτῳπερ
672 3563 738 3615 ἂν
789 3562 1009 3632 λέγοιτο
1058 3564 1320 3633 γενέσθαι
1375 3565 1562 3636 τυχὸν,
1606 3566 1895 3638 ἐνέργημα

312 3651 423 3722 μὲν
450 3651 617 3705 αὐτοῦ
649 3653 789 3705 ἐστι’
820 3652 961 3723 πλὴν
988 3652 1076 3706 διὰ
1106 3654 1289 3724 πάσης
1317 3654 1540 3725 ἔρχεται
1565 3657 1663 3726 τῆς
1700 3657 1893 3729 θεότη-

305 3757 427 3806 τος,
459 3743 677 3812 καὶτῆς
713 3742 854 3812 ὑπὲρ
888 3744 988 3815 τὴν
1023 3746 1198 3799 κτίσιν
1229 3747 1420 3810 οὐσίας
1446 3750 1596 3802 ἐστιν
1626 3750 1890 3805 ἀποτέλεο

310 3851 455 3903 σμα.
485 3852 505 3886 ι
568 3833 736 3905 Ὀρᾷς
768 3834 888 3899 πῶς
930 3835 963 3905 ἡ
1015 3835 1125 3889 τῶν
1163 3837 1449 3907 ὀνομάτων
1480 3843 1577 3896 καὶ
1629 3843 1896 3913 ῥημάτων

309 3926 523 3995 γνῶσις
554 3926 977 3996 ἐπιστημονικὴ,
1021 3927 1094 3979 δι’
1117 3921 1193 3981 ὦν
1226 3928 1379 3998 λόγοι
1415 3933 1510 3985 καὶ
1541 3933 1893 4002 άποφαντικὰ

307 4020 569 4090 δόγματα
590 4021 767 4075 πάντα
786 4020 921 4090 πρὸς
935 4020 1149 4091 γένεσιν
1170 4020 1445 4093 ἔρχονται,
1463 4025 1704 4096 μεγάλης
1721 4027 1896 4081 δεῖται

308 4112 420 4182 τῆς
442 4114 721 4182 περινοίας
741 4113 1185 4182 καὶέξετάσεωςς
1224 4117 1490 4186 ὁμώνυμα
1520 4115 1629 4188 γάρ
1661 4118 1779 4170 ἐστι
1827 4118 1897 4173 τὰ

314 4206 521 4261 πολλά.
540 4208 649 4261 Καὶ
676 4206 767 4260 διὰ
796 4208 954 4261 τοῦτο
994 4212 1196 4269 πάντες
1218 4211 1267 4263 oi
1291 4209 1397 4263 τῶν
1448 4211 1745 4282 αίρετικῶν
1778 4210 1898 4265 0(a-

313 4316 429 4367 σοι,
459 4299 670 4363 τούτοις
703 4299 1195 4371 ἐγκαλυπτόμενοι,
1226 4299 1507 4367 τοξεύουσι
1566 4303 1688 4357 κατ’
1716 4302 1899 4356 ἄλλοτ’

310 4391 519 4454 ἄλλους
546 4393 777 4462 καιροὺς
798 4393 1019 4463 ἀφανῶς
1036 4393 1135 4464 τὴν
1166 4393 1450 4447 εὐσέδειαν
1466 4394 1541 4456 ὡς
1567 4395 1633 4448 ἐκ
1652 4392 1859 4465 λόχμης
1878 4411 1895 4428 ο

308 4478 359 4552 ᾧ
386 4483 571 4563 δὴθκαὶ
597 4484 775 4553 λέγων
807 4485 903 4539 καὶ
923 4486 1152 4555 γράφων
1188 4487 1274 4539 καὶ
1301 4485 1463 4551 αὐτὸς
1484 4486 1753 4556 κέχρησαι
1782 4486 1892 4539 τολ-

1992 2008 2153 2048 versa
2185 1990 2330 2048 facta
2363 1992 2473 2047 sint
2525 2001 2581 2047 et
2614 1990 2907 2045 adornata.
2966 1987 3221 2044 Christus
3277 1989 3423 2042 enim
3470 1989 3562 2043 Dei
3627 1990 3632 1999 '

1991 2097 2077 2143 est
2110 2089 2194 2142 vis
2225 2097 2279 2142 et
2308 2085 2403 2140 Dei
2428 2084 2720 2156 sapientia.
2751 2085 2930 2153 Atque
2964 2083 3065 2138 hoc
3090 2081 3313 2151 quidem
3335 2079 3569 2136 sulIiciat

1993 2181 2063 2236 de
2088 2195 2177 2245 eo,
2205 2177 2353 2249 quod
2388 2178 2533 2232 idem
2563 2186 2647 2232 est
2673 2192 2737 2232 ex
2769 2176 3171 2247 signiﬁcatione
3198 2174 3460 2237 essentia,
3484 2175 3569 2227 κίε

1995 2281 2050 2327 ει
2077 2272 2339 2326 voluntas
2362 2279 2419 2325 et
2448 2269 2742 2338 sapientia.
2778 2269 2855 2323 Ex
2886 2267 3008 2322 aliis
3042 2267 3348 2337 reperimus
3378 2266 3569 2321 dicen-

1995 2374 2104 2419 tem
2147 2363 2441 2418 Maximum
2497 2361 2792 2417 divinum:
2846 2359 3149 2415 Consilium
3207 2367 3265 2414 et
3312 2360 3569 2414 voluntas

1994 2473 2105 2511 non
2135 2465 2263 2510 sunt
2300 2456 2445 2510 idem
2476 2466 2642 2525 atque
2669 2454 2911 2510 essentia
2945 2452 3074 2519 Dei;
3124 2453 3383 2509 voluntas
3418 2454 3568 2508 enim

1996 2560 2052 2604 et
2086 2548 2282 2619 incipit
2316 2560 2372 2604 ct
2399 2547 2629 2613 desinit,
2655 2546 2899 2602 essentia
2935 2554 3119 2602 autem
3149 2561 3330 2617 neque
3379 2545 3573 2613 incipit

1996 2658 2177 2713 neque
2212 2642 2455 2707 desinit;
2493 2640 2640 2712 quod
2664 2652 2849 2695 autem
2880 2638 3074 2710 incipit
3105 2647 3160 2693 et
3195 2638 3416 2703 desinit,
3446 2654 3570 2694 cum

1996 2752 2085 2802 eo,
2115 2735 2263 2807 quod
2291 2734 2695 2806 nequeincipit
2722 2748 2905 2803 neque
2970 2730 3196 2797 desinit,
3250 2731 3395 2787 idem
3452 2746 3575 2786 es~e

1998 2844 2110 2883 non
2141 2837 2346 2898 potest.
2394 2826 2623 2883 Etenim
2676 2826 2721 2882 si
2763 2825 2910 2881 idem
2949 2834 3098 2881 esset
3150 2840 3278 2879 cum
3339 2824 3576 2879 essentia

1997 2920 2093 2976 Dei
2135 2922 2417 2986 voluntas,
2444 2928 2730 2991 oporteret
2748 2934 2874 2974 cum
2900 2933 3009 2973 una
3025 2920 3097 2973 sit
3122 2918 3383 2983 essentia,
3410 2933 3575 2971 unam

1998 3030 2120 3070 esse
2169 3014 2335 3069 etiam
2378 3014 2745 3069 voluntatem.
2782 3011 2891 3068 Sed
2948 3010 3259 3082 Scriptura,
3292 3029 3311 3062 ι
3354 3009 3575 3077 Omnia,

1985 3108 2209 3178 'inquit,
2245 3122 2595 3178 quaecunque
2629 3106 2828 3175 voluit,
2870 3106 3137 3161 creavit.»
3207 3104 3373 3160 Multa
3407 3106 3579 3177 igitur

1999 3198 2194 3261 voluit,
2231 3213 2414 3267 neque
2438 3212 2574 3252 vero
2597 3211 2791 3252 unum.
2824 3195 2891 3251 Et
2914 3195 3080 3251 simili
3110 3196 3319 3250 ratione
3340 3195 3579 3267 Cyrillus

1998 3289 2239 3356 divinus,
2298 3289 2588 3357 Voluntas,
2665 3289 2867 3359 inquit,
2924 3289 3091 3345 unius
3140 3290 3575 3354 nominatortnn,

2000 3382 2188 3439 Patris
2219 3382 2343 3437 dico
2365 3391 2421 3437 et
2447 3381 2571 3437 Filii
2603 3390 2661 3437 et
2689 3381 2852 3451 293
2882 3381 3123 3451 Spiritus
3156 3383 3356 3447 sancti,
3383 3398 3578 3438 creans

1996 3473 2140 3542 apud
2162 3486 2552 3543 quemcunque
2568 3485 2689 3527 esse
2716 3471 2942 3538 dicitur,
2964 3471 3168 3526 factum
3192 3472 3313 3539 ejus
3338 3481 3442 3539 est,
3479 3476 3574 3529 sed

1995 3578 2097 3633 per
2128 3571 2295 3618 totam
2327 3562 2672 3619 divinitatem
2697 3546 2930 3618 est/fusa
2960 3572 3017 3618 et
3035 3563 3310 3628 essentia;
3342 3580 3466 3634 qua:
3491 3574 3579 3620 es

1995 3665 2124 3712 ante
2154 3655 2514 3720 creationem,
2549 3664 2635 3710 est
2661 3654 2945 3724 perfectio.
2973 3653 3157 3721 Vides,
3189 3656 3475 3711 nominum
3523 3669 3579 3713 et

1996 3746 2301 3802 verborum
2326 3745 2694 3818 cognitionem
2722 3746 3184 3818 philosophicam,
3207 3764 3235 3800 a
3255 3748 3458 3818 quibus
3479 3765 3578 3801 Ill:-

2000 3840 2183 3895 tiones
2215 3850 2271 3895 et
2301 3838 2556 3910 dogmata
2605 3841 2906 3896 constituta
2932 3840 3110 3895 omnia
3163 3842 3442 3907 oriuntur,
3463 3859 3578 3895 ma-

1994 3947 2155 4003 gnam
2178 3933 2461 4004 requirere
2477 3932 2818 4004 prudentiam
2842 3942 2898 3989 et
2917 3932 3285 4004 quatstionem'
3304 3954 3316 3989 :
3332 3936 3497 4006 ejusd-
3524 3951 3577 3990 tn

1997 4026 2145 4079 enim
2174 4025 2419 4081 nominis
2445 4024 2573 4080 sunt
2601 4025 2943 4095 plerumque.
2977 4024 3043 4080 Et
3068 4036 3358 4097 propterea
3383 4043 3577 4083 omnes

1996 4118 2385 4174 haereticorum
2417 4130 2595 4175 cuatus
2622 4161 2635 4185 ,
2667 4120 2753 4174 his
2788 4119 3021 4173 involuti
3049 4158 3064 4181 ,
3100 4126 3298 4188 petunt
3345 4120 3578 4176 diversis

1997 4211 2342 4281 temporibus
2379 4209 2619 4265 obscure
2652 4210 2915 4278 pietatem
2952 4219 3211 4280 tanquam
3237 4223 3306 4264 ex
3336 4210 3575 4279 insidiis,

1996 4319 2102 4373 qua
2126 4313 2179 4357 et
2199 4303 2316 4373 ipse
2340 4316 2473 4356 usus
2496 4317 2558 4357 es
2573 4302 2802 4357 audacia
2819 4311 2874 4358 et
2894 4300 3130 4358 dicendo
3172 4311 3230 4357 et
3282 4302 3579 4358 scribendo

1996 4398 2222 4452 omnino
2270 4396 2515 4450 maxime
2588 4405 2777 4450 contra
2847 4394 3102 4465 dogmata
3156 4393 3339 4450 divina
3392 4395 3577 4450 omnia

1996 4489 2107 4553 illa,
2137 4502 2201 4542 ac
2232 4502 2410 4557 neque
2446 4497 2763 4557 pascentem
2799 4486 2986 4541 omnia
3008 4486 3140 4542 solis
3177 4487 3381 4558 ignem,
3411 4501 3577 4558 quem

310 4577 536 4648 μήματι
565 4576 878 4631 παντάπασι
918 4580 1060 4632 κατὰ
1106 4580 1213 4633 τῶν
1245 4578 1406 4632 θείων
1433 4579 1721 4649 δογμάτων
1744 4582 1890 4650 μάλι-

2007 4590 2201 4636 testem
2236 4581 2406 4634 habes
2448 4579 2733 4649 pravitatis
2772 4590 2900 4646 tuae,
2934 4578 3145 4636 vereris
3170 4620 3185 4646 ,
3218 4594 3403 4650 neque
3445 4580 3584 4636 solis

307 4670 643 4725 σταπάντων
661 4670 908 4737 ἐκείνων,
922 4673 1015 4724 καὶ
1043 4669 1165 4725 οὔτε
1181 4672 1282 4743 τὴν
1300 4671 1369 4725 τὰ
1386 4672 1567 4727 πάντα
1586 4671 1887 4743 βόσκουσαν

1997 4687 2125 4729 crea
2151 4687 2304 4728 orem
2355 4687 2534 4741 neque
2565 4671 2850 4727 hominum
2890 4685 3241 4743 quemquam.

305 4767 471 4839 ἠτιίου
497 4766 667 4835 φλόγα
702 4766 955 4838 μάρτυρα
987 4767 1084 4837 τῆς
1108 4766 1374 4837 πονηρίας
1401 4765 1539 4837 ἔχων
1565 4767 1821 4840 αἰσχύνῃ,
1847 4765 1971 4822 οὐτε
1994 4768 2102 4839 μὴν
2120 4766 2209 4819 τὸν
2227 4765 2321 4820 τοῦ
2346 4764 2500 4836 ἡλίου
2523 4764 2588 4836 δη
2600 4766 2864 4836 μιουργδν
2882 4764 2996 4819 οὐτ’
3022 4765 3326 4839 ἀνθρώπων
3357 4770 3574 4826 οὐδένα.

392 4858 493 4914 ll".
518 4861 626 4915 Καὶ
651 4860 739 4913 ἵνα
763 4877 822 4911 σε
846 4860 939 4914 καὶ
982 4859 1083 4929 τὴν
1109 4859 1207 4927 τῆς
1240 4859 1524 4929 ἐνεργείας
1551 4860 1750 4925 διδάξω
1781 4878 1897 4929 φω-

305 4954 418 5021 νὴν
446 4952 611 5005 οὖσαν
638 4951 842 5019 μᾶλλον
870 4950 982 5003 τῶν
1011 4950 1326 5021 ὁμωνύμων
1360 4948 1553 5022 αὐτὴν,
1590 4950 1657 5023 [ι’.
1690 4952 1793 5006 MO
1821 4950 1893 5023 r.]

305 5048 416 5100 καὶ
445 5043 868 5114 λαμϐανομένην
920 5045 1014 5096 καὶ
1065 5043 1155 5095 ἐπ’
1190 5042 1367 5097 ἄλλων
1419 5043 1542 5114 μὲν,
1576 5043 1713 5098 ἀλλὰ
1757 5045 1896 5098 κάπὶ

306 5137 418 5205 τῆς
450 5134 600 5197 Θείας
628 5134 842 5203 ἐκείνης
868 5134 965 5186 καὶ
1000 5133 1280 5202 μακαρίας
1313 5133 1501 5196 οὐσίας
1529 5136 1623 5187 καὶ
1657 5133 1895 5200 φύσεως,

304 5233 447 5282 ὅταν
499 5226 967 5297 ἁπροσδιορξστως
1025 5226 1276 5294 λέγηται,
1326 5225 1420 5296 τοῦ
1478 5225 1626 5278 Θείου
1677 5224 1896 5294 πρῶτον

305 5321 483 5375 ἄκουε
524 5317 803 5387 Μαξίμου*
838 5336 857 5369 t
898 5317 963 5369 ἸΙ
1000 5316 1558 5387 αὐτοῦπεραγαοότης
1602 5315 1728 5381 νοῦς
1760 5315 1897 5370 οὐσα

305 5415 415 5469 καὶ
445 5412 542 5480 ὅλη
597 5412 847 5480 ἐνέργεια
896 5412 975 5471 είς
1010 5408 1208 5477 ἑαυτὴν
1242 5409 1601 5479 ἐστραμμένη
1640 5409 1897 5479 ἐνέργειά

304 5512 490 5567 ἐστιν,
519 5505 582 5558 οὐ
631 5506 862 5571 δυνάμει
911 5506 1181 5572 πρότερον
1240 5500 1376 5554 οὐσα
1410 5502 1717 5573 ἀφροσύνη,
1776 5499 1896 5555 εἶτα

300 5594 442 5658 νοῦς
473 5594 727 5666 ἐνεργείᾳ
753 5595 1046 5665 γενομένη.
1096 5592 1261 5648 Ὅθεν
1299 5594 1392 5646 καὶ
1416 5593 1540 5656 νοῦς
1576 5595 1694 5647 ἐστι
1728 5594 1894 5663 μόνος

304 5686 579 5755 καθαρὸς,
615 5686 715 5740 οὐκ
738 5687 1030 5757 ἐπίκτητον
1060 5685 1199 5755 ἔχων
1225 5685 1285 5738 τὸ
1317 5689 1555 5755 φρονεῖν,
1591 5685 1727 5740 ἀλλὰ
1763 5688 1895 5756 παρ’

304 5781 513 5836 ἑαυτοῦ
544 5782 759 5841 πάντως
788 5783 919 5834 νοεῖ.
949 5781 1009 5833 El
1039 5781 1147 5849 γαρ
1181 5780 1213 5848 ὴ
1240 5780 1338 5847 μὲν
1368 5779 1525 5831 οὐσία
1560 5779 1724 5832 αὐτοῦ
1757 5780 1889 5850 άλλη

309 5877 489 5942 ἐστὶν,
525 5874 562 5928 ἃ
591 5874 647 5927 δὲ
677 5876 786 5929 νοεῖ
814 5874 977 5944 ἕτερα
1021 5874 1185 5930 αὐτοῦ
1218 5875 1387 5938 ἐστιν,
1421 5873 1647 5943 ἀνόητος
1676 5871 1828 5927 ἔσται
1858 5877 1891 5945 ἡ

456 5996 489 6009 ᾗ.

2062 4858 2204 4915 Xlll.
2239 4859 2305 4913 Et
2346 4867 2405 4912 ut
2438 4869 2489 4913 te
2516 4859 2684 4911 etiam
2716 4857 3023 4913 efficientia:
3066 4858 3326 4915 edoceam
3384 4878 3578 4918 VOCL'IH

1993 4965 2115 5006 esse
2146 4949 2316 5020 magis
2340 4947 2662 5003 eorumdem
2692 4949 2976 5001 nominum
3007 4948 3204 5018 ipsam,
3231 4957 3287 5004 et
3317 4956 3577 5019 usurpari

1992 5051 2049 5096 et
2078 5041 2133 5096 in
2166 5042 2290 5095 aliis
2319 5039 2565 5110 quidem,
2585 5040 2680 5095 sed
2709 5048 2766 5094 et
2790 5040 2843 5093 in
2874 5038 3057 5093 divina
3087 5038 3177 5094 illa
3214 5049 3271 5095 ει
3301 5040 3459 5096 beata
3488 5061 3578 5098 es-

1996 5134 2173 5191 sentia
2214 5144 2270 5189 et
2300 5142 2521 5199 natura,
2575 5148 2699 5188 cum
2728 5133 3025 5188 indiscrete
3056 5134 3295 5199 dicatur,
3331 5136 3576 5206 primum

1994 5226 2243 5281 divinum
2277 5226 2470 5281 audias
2502 5226 2795 5280 Maximum
2840 5242 2855 5281 :
2889 5225 3121 5281 Maxima
3159 5227 3410 5293 bonitas,
3456 5244 3582 5298 quae

2006 5337 2159 5378 mens
2192 5330 2295 5390 est,
2340 5331 2393 5375 et
2423 5323 2602 5378 omnis
2631 5320 2949 5389 efﬁcientia,
2979 5324 3035 5376 in
3069 5338 3128 5377 se
3159 5325 3580 5390 conversa,clli-

2004 5417 2201 5472 cientia
2224 5423 2330 5485 est,
2347 5431 2470 5470 cum
2506 5431 2612 5469 non
2640 5415 2943 5470 secundum
2976 5416 3279 5487 potentiam
3316 5426 3473 5471 antea
3509 5420 3582 5473 sit

1997 5508 2257 5572 amentia,
2305 5517 2492 5577 postea
2535 5522 2691 5562 mens
2743 5507 3047 5563 secundum
3097 5508 3446 5564 efﬁcientiam
3482 5514 3581 5578 lit;

1998 5602 2181 5670 itaque
2213 5602 2378 5655 etiam
2425 5614 2580 5655 mens
2620 5609 2705 5654 est
2749 5601 2863 5656 sola
2913 5614 3198 5671 pura.non
3238 5601 3444 5658 laetitia
3486 5622 3582 5659 ira

1995 5694 2349 5761 cogitatione,
2382 5692 2476 5748 sed
2510 5707 2607 5763 per
2626 5707 2683 5748 se
2708 5695 2877 5763 ipsam
2926 5695 3151 5748 omnino
3184 5697 3439 5765 intelligit
3494 5699 3580 5752 iit.-

1996 5788 2140 5840 onim
2170 5787 2212 5840 si
2233 5786 2466 5841 essentia
2488 5788 2607 5857 ejus
2629 5788 2842 5841 diversa
2864 5799 2967 5854 est,
2989 5805 3108 5857 ηυδε
3131 5800 3310 5843 autem
3329 5792 3487 5862 2953
3506 5796 3585 5847 in—

1996 5874 2297 5946 lelligil,ab
2325 5891 2386 5930 ea
2411 5876 2625 5931 diversa
2659 5877 2939 5943 sunt,sine
2966 5891 3128 5931 smsn
3150 5881 3215 5932 sit
3253 5896 3411 5935 neco:
3436 5902 3473 5933 to
3500 5893 3578 5934 est
