3966 6564
532 361 641 427 259

1735 363 2158 427 NICEPHORI
2203 366 2246 424 G
2265 366 2592 430 REGORJE
3682 358 3770 420 2m

531 477 769 536 essentia
799 475 934 547 eius.
963 474 1017 530 Si
1045 473 1175 544 quid
1204 481 1387 528 autem
1413 473 1604 539 habet,
1637 489 1662 527 τι
1695 489 1751 529 sc
1782 476 1897 545 ipsa
1925 478 2112 536 habet.

2226 479 2383 531 οὐσία.
2413 477 2581 531 αὑτοῦ
2602 492 2616 506 ’
2654 476 2770 530 εἴτι
2794 473 2850 526 δὲ
2879 471 3015 542 ἔχει,
3048 469 3176 536 παρ’
3202 466 3398 521 ἑαυτοῦ
3421 467 3554 534 ἔχει,
3578 467 3637 518 οὐ
3663 467 3773 536 παρ’

535 588 642 627 non
676 573 744 625 ab
777 570 902 622 alio.
933 567 986 621 Si
1015 583 1043 620 a
1068 582 1122 621 se
1153 567 1293 636 ipsa,
1318 567 1481 620 etiam
1513 582 1610 636 per
1637 567 1808 634 ipsam
1839 567 2114 635 intelligit.

534 667 656 734 Ipsa
692 671 875 716 autem
907 670 989 714 est
1023 675 1109 724 ea,
1143 676 1264 729 quae
1293 659 1580 728 intelligit;
1622 659 1788 726 igitur
1811 674 1934 714 eum
1963 674 2118 714 mens

535 757 628 814 sit.
661 769 852 807 revera
903 751 1160 820 intelligit
1189 765 1251 803 ea
1286 766 1405 818 qua:
1435 749 1506 802 ita
1538 760 1666 802 sunt
1692 740 2032 817 comparata,
2063 761 2120 804 ut

534 865 597 902 ea
632 848 767 915 ipsa.
800 845 966 897 Vides
999 843 1354 897 efﬁcientiam
1393 851 1444 893 et
1493 853 1729 893 mentem
1761 850 1815 895 et
1850 843 2118 895 rationem

537 939 884 1008 intelligendi
926 946 980 990 ct
1011 935 1286 1006 cogitandi
1334 936 1448 988 sive
1487 933 1906 1000 intelligentiam
1943 945 1997 988 et
2027 949 2119 988 co-

536 1033 860 1102 gitationcm
899 1029 1041 1082 idem
1093 1043 1212 1080 esse
1245 1041 1367 1079 cum
1405 1026 1643 1078 essentia
1686 1026 2055 1081 demonstrari
2089 1041 2117 1080 a

533 1123 724 1176 divino
755 1121 847 1174 illo
876 1117 1177 1187 magistro?
1203 1117 1402 1185 Accipe
1428 1127 1609 1169 autem
1648 1131 1813 1185 porro
1843 1116 2007 1169 etiam
2040 1115 2120 1168 al-

532 1226 713 1268 ternin
754 1205 1003 1282 ejusdem
1035 1211 1241 1265 dictum
1271 1211 1463 1264 eodem
1509 1210 1671 1262 modo
1699 1221 2074 1278 comparatum
2105 1226 2118 1262 :

530 1303 686 1362 Nulla
712 1322 798 1359 res
817 1305 1040 1359 omnino
1061 1319 1158 1372 per
1173 1321 1229 1356 se
1263 1303 1375 1370 ipsa
1399 1313 1481 1355 est
1509 1301 1737 1370 simplex
1763 1301 2001 1356 essentia
2026 1311 2122 1357 aut

531 1397 908 1466 intelligentia,
934 1406 992 1448 ut
1026 1394 1191 1447 etiam
1251 1409 1440 1446 monas
1489 1392 1559 1446 sit
1600 1391 1906 1446 individua.
1944 1392 2115 1446 Deum

527 1499 709 1544 autem
771 1488 884 1542 sive
935 1486 1227 1540 essentiam
1279 1485 1665 1549 dicimus,non
1705 1483 1865 1537 habet
1905 1483 1995 1538 ille
2047 1484 2120 1539 si-

529 1586 640 1638 mul
674 1580 1009 1652 intelligendi
1037 1583 1169 1645 vim,
1194 1578 1298 1632 nisi
1326 1577 1468 1632 forte
1497 1575 1838 1648 compositus
1869 1586 1976 1640 est,
2003 1576 2119 1631 sive

527 1674 962 1743 intelligentiam,
993 1686 1097 1724 non
1122 1669 1290 1722 habet
1320 1683 1350 1722 a
1382 1679 1575 1721 natura
1622 1667 1979 1736 recipientem
2025 1665 2117 1720 ille

529 1767 908 1836 intelligentia:
949 1761 1286 1831 suppositam
1309 1759 1749 1815 essentiam.Sed
1786 1767 2002 1829 propter
2033 1772 2121 1812 es—

526 1858 760 1912 sentiam
801 1858 943 1910 Deus
971 1863 1057 1908 est
1103 1851 1486 1921 intelligentia,
1528 1859 1584 1904 et
1623 1859 1768 1906 totus
1799 1859 1882 1905 est
1914 1849 2118 1903 intelli-

526 1949 709 2021 gentia
741 1956 793 2000 et
821 1947 994 2000 solum
1018 1985 1032 2004 ,
1059 1953 1114 1997 et
1146 1951 1371 2012 propter
1403 1941 1816 2014 intelligentiam
1845 1942 2112 2011 essentia,

525 2051 581 2096 et
625 2051 770 2094 totus
821 2049 906 2093 est
929 2036 1167 2092 essentia
1199 2045 1250 2090 et
1281 2035 1456 2090 solum
1484 2043 1538 2090 et
1563 2042 1788 2106 propter
1815 2035 2111 2089 essentiam

529 2138 698 2191 totus.
744 2137 799 2182 et
848 2137 1073 2196 propter
1124 2125 1539 2188 intelligentiam
1580 2133 1746 2191 totus,
1779 2135 2116 2195 quapropter

527 2235 718 2274 monas
743 2229 826 2274 est
860 2218 1140 2272 individua
1167 2225 1222 2272 et
1247 2217 1481 2273 indivisa
1500 2227 1554 2272 et
1579 2217 1831 2286 simplex.
1852 2217 1917 2272 Et
1942 2218 2073 2272 alibi
2095 2241 2142 2282 ,-

526 2309 714 2364 Monas
730 2310 896 2372 enim,
927 2309 1125 2377 inquit,
1149 2307 1408 2362 divinitas
1435 2316 1539 2372 est,
1559 2321 1736 2376 neque
1758 2322 1885 2361 vero
1908 2307 2039 2378 dyas
2061 2317 2118 2361 et

527 2404 795 2466 trias,sed
826 2417 933 2456 non
952 2401 1265 2465 multitudo,
1289 2401 1429 2455 initii
1465 2410 1829 2471 estexperset
1860 2402 2116 2472 incorpo-

528 2511 618 2550 rea
641 2503 696 2548 et
727 2493 1078 2548 constansJEt
1104 2509 1328 2546 rursus:
1352 2492 1489 2546 lllud
1507 2493 1652 2547 enim
1683 2503 1877 2548 natura
1904 2505 1986 2548 est
2007 2509 2120 2546 ma-

527 2587 673 2640 xime
701 2584 862 2654 295
893 2584 1067 2638 solum
1095 2626 1108 2643 ,
1145 2583 1448 2652 integrum,
1485 2583 1912 2653 incompositum
1947 2596 1998 2639 et
2031 2585 2116 2638 in-

524 2678 846 2733 dissolubile
879 2686 933 2732 et
964 2691 1118 2746 mque
1155 2675 1312 2730 abest
1341 2691 1371 2730 a
1412 2677 1737 2730 substantiae
1768 2677 2002 2731 monade
2030 2685 2118 2730 at-

525 2784 632 2837 que
663 2785 692 2823 a
721 2767 962 2821 materiae
991 2766 1166 2836 dyade
1187 2775 1242 2820 et
1265 2781 1295 2820 a
1331 2766 1682 2822 multitudine
1714 2767 2109 2821 essentiarum.

533 2858 695 2913 Vides
730 2858 956 2912 omnino
999 2855 1147 2910 hunc
1179 2855 1428 2910 divinum
1457 2865 1641 2910 vetare
1677 2857 1999 2926 magistrum
2026 2857 2118 2910 hic

525 2967 716 3006 vocem
755 2949 947 3003 triadis
980 2957 1241 3016 tanquam
1278 2963 1570 3001 numerum
1619 2947 1919 3002 multorum
1959 2949 2107 3020 cogi-

527 3043 857 3099 tari?Trias
892 3041 1061 3101 enim,
1107 3039 1307 3110 inquit,
1357 3050 1439 3094 est
1487 3056 1700 3104 monas,
1756 3056 1934 3111 neque
1977 3056 2112 3096 vero

2223 575 2406 628 ἄλλου.
2440 574 2500 626 El
2526 573 2582 626 δὲ
2610 570 2738 640 παρ’
2775 567 2970 621 ἑαυτοῦ
3005 566 3100 617 καὶ
3131 567 3188 628 ἐξ
3235 559 3432 615 ἑαυτοῦ
3471 563 3599 624 νοεῖ,
3631 562 3772 626 αὐτὸς

2222 667 2370 719 ἐστιν
2398 665 2433 718 ἃ
2464 665 2596 719 νοεῖ.
2628 661 2838 715 Οὐκοῦν
2868 657 2992 720 νοῦς
3026 657 3104 710 ὢν
3127 655 3296 717 ὅντως
3332 655 3446 706 νοεῖ
3476 654 3541 706 τὰ
3568 652 3688 706 ὅντα
3710 653 3773 716 ὡς

2221 757 2314 809 ὧν.
2351 777 2368 806 ι
2425 756 2589 825 Ὁρᾷς
2633 755 2750 816 πῶς
2794 751 3074 821 ἐνέργειαν
3123 747 3218 800 καὶ
3258 744 3384 797 νοῦν
3409 745 3507 797 καὶ
3539 749 3671 796 νοεῖν
3694 749 3774 797 καὶ

2223 848 2463 917 φρονεῖν,
2496 846 2677 897 είτουν
2711 845 2896 908 νόησιν
2950 839 3046 892 καὶ
3081 839 3366 907 φρόνησιν,
3390 833 3589 888 ταυτὸν
3612 835 3671 903 τῇ
3701 835 3772 886 οὐ·

2223 943 2314 1012 σίᾳ
2341 940 2611 992 δείκνυσιν
2662 936 2862 995 δλθεῖος
2907 925 3059 994 οὗτος
3091 929 3445 991 διδάσκαλοςς
3486 927 3677 978 Ἀκουε
3723 924 3771 978 δὲ

2219 1035 2405 1087 λοιπον
2436 1032 2530 1084 καὶ
2579 1030 2776 1098 ἑτέραν
2799 1027 2894 1080 τοῦ
2932 1024 3100 1079 αὑτοῦ
3125 1025 3284 1092 ῥῆσιν
3316 1019 3514 1090 ὁμοίως
3541 1017 3768 1087 ἔχουσαν·

2226 1147 2243 1179 ι
2283 1126 2448 1179 Οὖδὲν
2478 1123 2588 1176 τῶν
2613 1123 2779 1175 ὅντων
2808 1121 2870 1172 τὸ
2903 1118 3123 1170 σύνολον
3152 1114 3283 1167 αὐτὸ
3332 1111 3454 1165 καθ’
3484 1109 3615 1162 αὐτὸ
3647 1107 3772 1178 ἁπλῆ

2218 1235 2300 1280 τις
2328 1215 2484 1268 οὐσία
2514 1214 2545 1281 ἢ
2570 1212 2754 1279 νόησίς
2783 1210 2954 1268 ἐστιν,
2980 1207 3067 1258 ἴνα
3091 1206 3188 1257 καὶ
3218 1201 3383 1273 μονὰς
3471 1197 3770 1266 ἀδιαίρετος.

2217 1311 2322 1364 Τὸν
2347 1309 2404 1362 δὲ
2436 1307 2573 1362 Θεὸν
2609 1304 2719 1358 εἴτε
2745 1303 2934 1355 οὐσίαν
2969 1300 3245 1367 εἴποιμεν,
3282 1293 3381 1346 οὑκ
3411 1293 3524 1362 ἔχει
3551 1289 3772 1358 φυσικῶς

2220 1400 2718 1469 συνεπινοουμένην
2753 1395 2853 1465 τὴν
2886 1392 2980 1446 τοῦ
3027 1389 3270 1444 νοεῖσθαι
3299 1385 3555 1452 δύναμιν,
3590 1382 3672 1435 ἵνα
3711 1381 3772 1449 μὴ

2217 1494 2251 1572 ᾗ
2289 1495 2540 1557 σύνθετος
2563 1508 2576 1521 ⁸
2611 1490 2720 1544 εἴτε
2747 1489 2954 1558 νόησιν,
2991 1485 3090 1537 οὐκ
3121 1482 3236 1554 ἔχει
3262 1485 3514 1549 φυσικῶς
3544 1473 3772 1542 δεκτικὴν

2217 1565 2318 1658 ⁸τῆς
2348 1587 2586 1654 νοήσεως
2643 1577 3014 1649 ὑποκειμένην
3059 1574 3270 1627 οὐσίαν.
3329 1567 3472 1623 Ἀλλ’
3503 1565 3632 1618 αὐτὸ
3671 1565 3770 1616 κατ’

2216 1656 2404 1733 οὐσίαν
2433 1676 2618 1746 νόησίς
2647 1675 2799 1726 ἐστιν
2831 1673 2858 1725 ὁ
2887 1669 3045 1731 Θεὸς,
3071 1666 3167 1719 καὶ
3192 1664 3312 1728 ὅλος
3341 1662 3534 1730 νόησις
3577 1659 3666 1710 καὶ
3692 1656 3763 1746 μοι

2218 1788 2331 1834 νον.
2365 1769 2464 1823 καὶ
2489 1745 2622 1822 αὑτὸ
2649 1764 2792 1818 κατά
2814 1760 2914 1832 τὴν
2939 1759 3123 1828 νόησιν
3155 1755 3332 1816 οὐσία,
3368 1753 3466 1806 καὶ
3489 1749 3610 1812 ὅλος
3639 1745 3772 1800 οὐσία

2220 1865 2318 1918 καὶ
2363 1861 2546 1931 μόνον,
2583 1859 2678 1913 καὶ
2704 1857 2844 1926 ὑπὲρ
2897 1854 3089 1908 οὐσίαν
3133 1849 3280 1914 ὅλος,
3319 1849 3415 1902 καὶ
3447 1843 3592 1912 ὑπὲρ
3614 1842 3773 1912 νέησιν

2217 1956 2360 2020 ὅλος,
2389 1954 2524 2007 διότι
2565 1950 2734 2022 μονὰς
2757 1946 3064 2018 ἀδιαίρετος
3093 1946 3190 1998 καὶ
3215 1940 3432 2012 ἀμερὴς
3455 1938 3557 1992 καὶ
3574 1935 3726 2005 ἁπλῆ.
3751 1953 3766 1986 ι

2221 2051 2330 2104 Κὰὶ
2352 2044 2610 2118 ἀλλαχοῦ,
2649 2062 2667 2096 ι
2695 2042 2883 2103 Μονὰς
2901 2041 3036 2110 γὰρ,
3077 2057 3097 2091 ν
3131 2036 3320 2106 φησὶν.
3360 2052 3378 2086 ι
3405 2033 3438 2102 ἠ
3470 2031 3676 2099 θεότης,
3695 2028 3774 2080 καὶ

2220 2142 2279 2196 οῦ
2331 2141 2494 2204 δυὰς,
2545 2136 2639 2190 καὶ
2674 2132 2852 2204 τριὰς,
2905 2129 3020 2184 ἀλλ’
3049 2127 3111 2182 οὑ
3147 2125 3377 2195 πλῆθος,
3433 2122 3512 2186 ὡς
3539 2121 3774 2188 ἄναρχος,

2219 2232 2513 2301 ἀσώματὸς
2542 2247 2597 2282 τε
2631 2229 2726 2281 καὶ
2755 2224 3176 2282 ἀστασίαστος.»
3201 2218 3310 2272 Καὶ
3337 2217 3526 2274 πάλιν,
3556 2233 3575 2264 ι
3597 2213 3774 2266 Ἐκεῖνο

2222 2325 2331 2393 γὰρ
2363 2322 2521 2392 φύσει
2549 2316 2858 2388 μονώτατον
2881 2313 3106 2374 τέλειον,
3130 2310 3191 2362 τὸ
3212 2306 3510 2361 ἀσύνθετον
3527 2306 3622 2357 καὶ
3638 2304 3774 2356 ἀσκέ-

2219 2416 2416 2469 δαστον
2472 2410 2568 2465 καὶ
2599 2407 2802 2478 φεῦγον
2837 2404 2926 2458 ἐπ’
2959 2403 3085 2472 ἴσης
3117 2401 3179 2454 τό
3220 2415 3279 2452 τε
3322 2397 3446 2452 καθ’
3505 2394 3774 2450 ὑπόστασιν

2224 2502 2515 2576 μοναδικδν
2542 2501 2638 2556 καὶ
2664 2501 2726 2554 τὸ
2751 2497 2876 2552 καθ’
2903 2494 3037 2564 ῦλην
3058 2492 3242 2546 δυῑκδν
3266 2491 3360 2544 καὶ
3385 2488 3447 2542 τὺ
3475 2489 3597 2543 κατ’
3615 2486 3773 2576 οὐσίαν

2219 2574 2610 2660 ⁸πληθυντικόν.
2641 2608 2660 2642 ι
2709 2588 2875 2658 Ὁρᾷς
2900 2584 3019 2648 πῶς
3053 2584 3112 2635 τὸ
3160 2579 3542 2650 πληθυντικὴν
3565 2574 3774 2630 νοεῖσθαι

2221 2689 2322 2759 τὴν
2345 2685 2446 2754 τῆς
2473 2683 2703 2756 Τριάὃος
2736 2677 2975 2734 ἐνταῦθα
3007 2676 3195 2744 φωνὴν
3240 2673 3594 2726 παντάπασιν
3615 2672 3638 2722 ὁ
3656 2668 3773 2729 θεῖος

2220 2777 2378 2843 οὗτος
2399 2773 2737 2845 ἀπαγορεύει
2771 2767 3131 2831 διδάσκαλοςς
3178 2763 3363 2825 Μονὰς
3388 2764 3523 2832 γὰρ,
3555 2759 3772 2829 φησὶν,ἡ

2223 2873 2395 2944 Τριὰς
2428 2870 2524 2923 καὶ
2551 2871 2611 2920 οὐ
2656 2863 2886 2934 πλῆθος,
2935 2857 3194 2927 καὶπρὸς
3241 2873 3304 2925 γε
3342 2854 3653 2927 μονώτατον
3699 2855 3772 2904 καὶ

2223 2967 2428 3020 ἑνιαῖον
2449 2962 2546 3016 καὶ
2575 2961 2636 3014 οὐ
2673 2956 3064 3026 πληθυντικὸν,
3101 2953 3198 3006 καὶ
3236 2948 3330 3002 ἐπὶ
3349 2947 3567 3007 τούτοις
3596 2943 3772 3000 ἁπλοῦν

2221 3058 2318 3113 καὶ
2340 3057 2399 3110 οὑ
2436 3052 2716 3124 μεριστόν.
2755 3049 2831 3103 Τὸ
2869 3049 2970 3118 μὲν
3002 3047 3113 3117 γὰρ
3143 3043 3372 3108 τέλειον,
3420 3041 3486 3095 τὸ
3521 3038 3769 3098 δ’ἀτελές.

527 3137 843 3200 multitudo,
875 3147 930 3191 et
959 3146 1226 3204 praeterea
1258 3135 1490 3189 maxime
1521 3135 1698 3190 solum
1728 3143 1783 3190 et
1821 3138 1984 3190 unius
2016 3151 2115 3190 ne-

2224 3148 2288 3198 Ὂ
2313 3145 2424 3214 γὰρ
2461 3133 2632 3196 αἴτιον
2667 3141 2906 3201 πάντων,
2938 3137 2998 3191 ἒν
3031 3138 3284 3198 πάντωςο
3316 3133 3412 3187 καὶ
3459 3133 3491 3186 ὃ
3525 3131 3629 3185 τῶν
3663 3128 3771 3182 πολ-

523 3244 631 3299 quc
664 3244 795 3283 vero
829 3225 1198 3281 multitudinis
1227 3224 1424 3288 instar,
1458 3233 1514 3278 et
1559 3236 1823 3295 przeterea
1875 3225 2107 3296 simplex

523 3338 701 3393 neque
755 3336 886 3376 vero
940 3320 1278 3382 maximum;
1315 3318 1549 3372 alterum
1597 3321 1745 3372 enim
1796 3328 1882 3374 est
1931 3317 2110 3389 perfe-

521 3429 693 3478 ctum,
730 3416 968 3470 alterum
1019 3412 1444 3482 imperfectum;
1477 3411 1626 3481 quod
1671 3411 1820 3467 enim
1856 3412 2107 3467 omnium

485 3521 608 3578 ,ρει
639 3525 828 3573 causa,
865 3508 917 3562 id
955 3508 1183 3561 omnino
1207 3521 1376 3560 unum
1409 3515 1516 3568 est,
1547 3514 1605 3558 et
1633 3503 1782 3574 quod
1812 3504 2110 3559 multorum

524 3612 582 3656 et
616 3600 1056 3669 compositorum
1087 3606 1174 3652 est
1201 3611 1389 3658 causa,
1416 3595 1651 3664 simplex
1685 3595 1917 3650 omnino
1945 3603 2031 3650 est
2057 3605 2114 3650 et

531 3693 986 3762 incompmitum.
1027 3688 1240 3744 Etenim
1273 3687 1317 3743 si
1351 3703 1462 3741 non
1494 3701 1662 3740 unum
1691 3696 1812 3750 est,
1845 3686 1982 3740 nihil
2007 3695 2110 3750 est,

527 3785 677 3840 unde
707 3785 1113 3845 diseernamus,
1145 3797 1209 3836 ac
1251 3782 1295 3835 si
1347 3796 1454 3834 non
1509 3779 1769 3849 simplex,
1803 3778 1947 3835 idem
2002 3795 2113 3834 non

524 3886 612 3931 est
643 3878 792 3930 ultra
822 3875 994 3930 multa
1024 3872 1448 3943 etcomposita;
1484 3870 1568 3925 sin
1618 3882 1801 3926 autem
1837 3873 2066 3941 simplex
2095 3911 2110 3935 ,

521 3970 746 4023 omnino
778 3979 862 4023 est
892 3968 1060 4022 etiam
1098 3964 1443 4020 individuum
1483 3963 1647 4020 simul
1698 3973 1754 4018 et
1793 3964 2112 4019 indivisum.

518 4059 837 4130 Composita
868 4057 1018 4112 enim
1051 4057 1222 4112 dividi
1267 4065 1323 4110 et
1352 4054 1594 4110 discerni
1641 4063 1873 4124 possunt
1912 4054 1967 4108 in
2009 4069 2072 4110 ea
2097 4092 2114 4120 ,

519 4171 588 4208 ex
650 4153 853 4223 quibus
913 4157 1259 4204 contractum
1310 4157 1366 4203 et
1417 4149 1788 4218 compositum
1839 4156 1923 4203 est
1979 4146 2116 4202 illud

523 4246 891 4316 compositum
952 4253 1008 4297 et
1058 4243 1438 4310 coniunctum.
1495 4239 1640 4308 Quot
1692 4240 1841 4294 enim
1898 4240 2116 4294 discer-

523 4349 755 4404 nuntur,
788 4347 870 4392 tot
900 4346 984 4392 est
1017 4337 1375 4404 coniunctum
1409 4373 1424 4398 ,
1474 4351 1541 4388 ex
1593 4349 1702 4404 quo
1755 4335 1872 4389 haec
1909 4334 2119 4390 discer-

524 4442 756 4497 nuntur,
789 4439 844 4484 et
883 4437 1020 4494 quot
1070 4427 1161 4480 illa
1215 4427 1412 4490 multa,
1457 4433 1538 4480 tot
1568 4425 1673 4481 hoc
1704 4441 1875 4480 unum
1900 4468 1913 4490 ,
1944 4442 1973 4479 a
2005 4442 2116 4497 quo

2212 3236 2320 3289 λῶν
2366 3235 2460 3288 καὶ
2493 3232 2762 3287 συνθέτων
2787 3231 2982 3294 αἴτιον,
3015 3225 3225 3281 ἁπλοῦν
3255 3225 3480 3286 πάντως
3518 3224 3610 3274 καὶ
3637 3219 3773 3272 ἀσύν-

2215 3327 2387 3381 θετον.
2417 3327 2478 3380 Εἰ
2507 3325 2617 3394 γὰρ
2647 3323 2722 3393 μὴ
2751 3322 2808 3374 ἓν
2843 3322 2982 3381 ἐστι,
3037 3318 3190 3372 οὐδέν
3240 3318 3409 3377 ἐστιν,
3461 3311 3772 3382 ὁποτέρωθεν

2213 3418 2362 3490 ὁρῴη
2383 3435 2467 3481 τις
2506 3417 2594 3472 ἄν.
2627 3416 2736 3468 Καὶ
2765 3414 2817 3466 ει
2869 3412 2945 3482 μὴ
2975 3409 3211 3473 ἁπλοῦν,
3239 3409 3350 3462 οὐδ⁹
3383 3408 3641 3460 ἐπέκεινα
3686 3401 3772 3456 τῶν

2213 3508 2279 3582 [1.
2316 3508 2418 3564 MO
2439 3506 2521 3578 v.1
2547 3505 2761 3560 πολλῶν
2795 3505 2890 3558 καὶ
2911 3503 3209 3556 συνθέτων.
3243 3501 3304 3553 Εἰ
3329 3498 3376 3552 δ’
3407 3497 3635 3560 ἁπλοῦν,
3663 3495 3772 3546 πίν-

2213 3619 2322 3665 τως
2355 3601 2448 3654 καὶ
2477 3597 2786 3668 ἀδιαίρετον
2831 3595 2948 3667 ἅμα
2974 3595 3071 3648 καὶ
3101 3591 3307 3664 ἀμερές
3332 3609 3346 3622 ο
3378 3591 3492 3645 τῶν
3547 3591 3650 3658 γὰρ
3672 3604 3772 3638 συντ

2217 3694 2389 3749 θέτων
2432 3693 2582 3746 ἐστὶν
2613 3690 2940 3761 ήδιαίρεσις
2985 3689 3081 3742 καλ⁷
3114 3687 3387 3756 διάκρισις
3419 3687 3506 3746 εἰς
3543 3686 3609 3736 τά
3647 3681 3697 3747 ἐξ
3715 3671 3772 3732 ὧν

2218 3784 2519 3858 συνῄρηται
2562 3800 2622 3837 τε
2677 3786 2774 3836 καὶ
2826 3781 3172 3836 συντέθειται
3202 3779 3265 3832 τὸ
3309 3778 3573 3832 σύνθετον
3621 3775 3768 3828 ἐκεῖνο

2217 3882 2313 3934 καὶ
2344 3877 2648 3950 ἡνωμένον.
2688 3877 2830 3929 Ὅσα
2860 3876 2970 3945 γὰρ
3024 3875 3092 3927 τὰ
3122 3873 3539 3946 διακρινόμενα,
3571 3867 3773 3922 τοσαῦτα

2215 3975 2278 4028 τὸ
2302 3973 2582 4045 ἡνωμένον
2629 3971 2722 4040 ἀφ’
2763 3961 2826 4022 οὗ
2857 3967 3021 4021 ταυτὶ
3053 3965 3398 4035 διακρίνεται
3419 3981 3434 3994 ’
3463 3962 3562 4016 καὶ
3599 3963 3689 4014 ὅσα
3720 3957 3772 4008 τὰ

2219 4065 2410 4126 πολλὰ,
2445 4063 2682 4118 τοσαῦτα
2712 4061 2774 4116 τὸ
2803 4061 2863 4114 ἓν
2884 4060 2978 4129 ἀφ’
2999 4053 3059 4114 οὗ
3079 4059 3406 4112 διίστανται.
3433 4054 3544 4108 Τοῦ
3571 4053 3773 4108 δ’ἀδιαι·

2221 4157 2382 4230 ρέτου
2432 4155 2530 4210 καὶ
2578 4153 2822 4225 ἀμεροῦς
2877 4153 2980 4206 οὑκ
3023 4151 3139 4204 ἐστι
3180 4149 3367 4202 λαϐεῖν
3404 4147 3596 4218 μόριον
3625 4141 3771 4197 οὐδὲν.

2217 4249 2344 4304 οὔτε
2365 4248 2630 4322 πρότερον
2663 4247 2840 4300 ἄλλων
2870 4244 2985 4298 οὔθ’
3027 4242 3258 4311 ὓστερον
3305 4241 3508 4300 ἄλλων,
3537 4237 3654 4292 οὔτε
3688 4233 3775 4322 μὴν

2221 4317 2550 4411 ἀρχὴντοὺτε
2580 4339 2755 4408 πέρας
2776 4354 2792 4369 °
2845 4338 2976 4392 ἄλλο
3011 4337 3117 4407 γὰρ
3151 4339 3210 4388 τὸ
3243 4337 3417 4401 πέρας
3448 4332 3548 4384 καὶ
3571 4329 3688 4384 ἀλλο
3725 4317 3772 4377 οὗ

2223 4434 2398 4503 πέρας
2425 4472 2442 4493 ,
2476 4431 2572 4485 καὶ
2625 4429 2694 4484 αῦ
2755 4430 2944 4500 ἕτερον
2999 4427 3270 4500 ἀρχὴκαὶ
3317 4425 3507 4491 ἕτερον
3534 4423 3589 4475 οῦ
3632 4418 3770 4489 ἀρχή.

520 4523 750 4577 distant.
782 4521 1055 4575 lndividui
1079 4530 1261 4575 autem
1285 4531 1342 4575 et
1366 4506 1589 4573 indivisi
1620 4534 1728 4574 non
1761 4528 1942 4588 potest
1966 4491 2115 4575 coin-

2219 4520 2390 4574 Τοῦτο
2417 4520 2475 4574 δὲ
2509 4521 2732 4590 συνεχὲς
2779 4521 2876 4574 καὶ
2907 4518 3166 4571 σύνθετον
3197 4517 3291 4570 καὶ
3322 4515 3443 4567 ὅλον
3483 4518 3543 4565 ἐν
3589 4509 3772 4579 σχέσει.

525 4613 795 4684 prehendi
827 4613 938 4667 ulla
972 4627 1100 4682 pars
1139 4626 1319 4681 neque
1349 4626 1470 4680 qua:
1504 4611 1656 4680 prior
1681 4610 1754 4665 sit
1781 4611 1903 4666 aliis
1930 4626 2111 4684 neque

521 4719 642 4773 qua:
677 4703 951 4769 posterior
1001 4702 1143 4765 aliis,
1190 4717 1367 4771 neque
1416 4701 1671 4766 initium,
1721 4715 1900 4771 neque
1950 4702 2114 4768 ﬁnis;

521 4794 670 4849 aliud
719 4794 867 4849 enim
910 4802 994 4849 est
1039 4794 1186 4856 linis,
1235 4803 1290 4848 et
1351 4791 1495 4846 aliud
1553 4793 1709 4862 cujus
1756 4802 1842 4847 est
1887 4793 2033 4858 ﬁnis,
2063 4805 2118 4850 et

523 4903 720 4942 rursus
750 4887 896 4941 aliud
947 4895 1030 4941 est
1078 4886 1320 4949 initium,
1349 4883 1496 4938 aliud
1529 4885 1688 4954 cujus
1739 4893 1824 4938 est
1863 4883 2107 4942 initium.

522 4981 636 5036 Hoc
665 4996 848 5035 autem
882 4990 966 5036 est
997 4995 1216 5049 semper
1246 4987 1303 5033 et
1335 4977 1700 5046 compositum
1736 4984 1792 5031 et
1843 4984 2018 5031 totum
2055 4977 2111 5030 in

535 5076 750 5140 habitu,
788 5090 908 5136 quae
939 5073 1121 5127 omnia
1148 5087 1269 5126 esse
1304 5085 1414 5124 non
1446 5080 1676 5138 possunt
1711 5067 1766 5122 in
1801 5067 2032 5138 simplici
2060 5075 2116 5125 et

521 5168 756 5222 immota
810 5175 864 5220 et
897 5164 1127 5219 indivisa
1177 5163 1269 5217 illa
1303 5161 1567 5217 essentia.
1619 5159 1778 5226 Quod
1826 5168 2009 5214 autem
2051 5175 2119 5215 ex

2226 4614 2294 4664 Ἃ
2324 4613 2504 4664 πάντα
2553 4610 2794 4664 ἀδύνατα
2824 4611 2916 4662 ἐπὶ
2943 4608 3042 4676 τῆς
3076 4607 3258 4677 ἁπλῆς
3313 4605 3404 4658 καὶ
3432 4604 3654 4674 ἀσχέτου
3698 4595 3775 4649 καὶ

2221 4703 2460 4774 ἀμεροῦς
2495 4703 2708 4772 ἐκείνης
2728 4702 2938 4764 οὐσίας.
2970 4701 3033 4753 ΕΞ
3061 4699 3107 4752 δ’
3131 4701 3194 4751 ἐκ
3216 4698 3322 4751 τῶν
3347 4699 3480 4766 ἡμῖν
3515 4707 3776 4764 γνωριμω-

2221 4795 2397 4866 τέρων
2427 4798 2525 4858 τὰς
2561 4795 2618 4848 ὲν
2661 4796 2791 4864 ἡμῖν
2822 4795 3101 4866 ἀρρήτους
3151 4791 3343 4851 ὠδῖνας
3377 4789 3460 4852 είς
3501 4787 3597 4856 τὴν
3625 4783 3773 4854 ἄρῤη·

2219 4903 2331 4949 τον,
2369 4886 2434 4938 ἵν’
2465 4884 2626 4951 εἴπω,
2657 4885 3008 4954 συναίσθησιν
3038 4885 3137 4954 τῆς
3169 4883 3528 4952 ὑπερηφάνου
3552 4875 3773 4946 γνώσεως

2223 4977 2439 5047 ἐκείνης
2491 4979 2798 5047 ἀνάγεσθαι
2861 4978 3210 5047 πειρώμεθα,
3244 4974 3550 5043 θαυμάζειν
3601 4971 3772 5039 ἥκιστα

2223 5072 2330 5142 χρή
2353 5087 2367 5102 '
2399 5070 2558 5124 τοῦτο
2586 5071 2695 5141 γὰρ
2723 5071 2798 5134 ὡς
2831 5071 2902 5123 τὰ
2932 5070 3108 5122 πολλὰ
3151 5071 3375 5130 καὶτοῖς
3401 5066 3567 5128 θείοις
3588 5055 3773 5126 limpi-

2235 5177 2320 5214 σιν
2343 5159 2618 5213 ἀκώλυτον
2644 5159 2769 5230 ἔσχε
2802 5159 2861 5211 τὸ
2893 5157 3339 5228 συγκεχωρηκός.

517 5259 608 5323 iis,
639 5276 760 5331 qua:
789 5258 951 5313 nobis
983 5257 1155 5326 magis
1183 5256 1382 5309 usitata
1419 5264 1586 5318 sunt,
1620 5261 1836 5307 nostras
1885 5253 2098 5323 ignotas
2135 5253 2418 5324 passiones
2448 5253 2514 5307 ad
2554 5253 2817 5323 ignotam,
2853 5263 2908 5308 ut
2933 5253 3008 5307 ita
3039 5252 3242 5316 dicam,
3279 5245 3772 5304 animadversionem

531 5352 695 5422 296
729 5351 943 5404 altioris
999 5348 1330 5419 cognitionis
1365 5347 1513 5401 illius
1559 5344 1765 5400 referre
1810 5357 2100 5414 conamur,
2135 5347 2360 5402 minime
2392 5347 2581 5400 mirari
2611 5347 2896 5401 debemus.
2930 5346 3056 5402 l‘lmc
3097 5345 3244 5401 enim
3277 5345 3598 5414 plerumque
3630 5337 3766 5391 etiam

519 5446 726 5501 divinis
752 5444 1007 5498 Patribus
1033 5441 1206 5495 libera
1233 5441 1338 5494 fuit
1361 5441 1609 5496 licentia.

595 5538 734 5594 XIV.
771 5539 906 5593 Cum
935 5538 1102 5591 etiam
1124 5536 1228 5590 alia
1254 5535 1492 5606 plurima
1517 5552 1639 5603 qua:
1668 5535 1945 5607 proferam
1971 5528 2105 5584 mihi

524 5639 827 5700 suppetant
863 5636 1080 5698 aperta,
1116 5637 1172 5682 et
1203 5641 1326 5696 quae
1360 5627 1434 5682 ita
1483 5637 1542 5682 ut
1574 5627 1802 5682 refutari
1838 5638 1948 5678 non
1986 5636 2114 5692 pos-

523 5726 654 5782 sint,
690 5721 943 5791 probent,
972 5734 1097 5774 cum
1127 5717 1366 5774 essentia
1405 5718 1549 5774 idem
1581 5734 1702 5774 esse
1721 5716 1962 5772 divinam
1994 5710 2112 5766 eili-

529 5813 822 5879 .icnliatn,
855 5819 911 5867 et
963 5811 1276 5868 universam
1327 5809 1676 5868 elﬁcientiam
1715 5810 1881 5867 etiam
1939 5804 2116 5876 ipsius

2291 5529 2390 5585 Li'.
2436 5531 2616 5603 Ἕχων
2650 5531 2694 5586 δ’
2722 5532 2830 5600 ἐγὼ
2864 5536 2958 5586 καὶ
2992 5534 3157 5604 ἕτερα
3195 5533 3422 5587 πλεῖστα
3456 5529 3770 5603 προενεγκεῖν

2218 5623 2374 5693 σαφῆ
2408 5628 2502 5676 καὶ
2538 5627 2957 5695 ἀναμφιλέκτως
2989 5629 3284 5682 δεικνύντα
3316 5631 3384 5699 τῇ
3426 5629 3581 5699 οὐσίᾳ
3608 5621 3772 5679 ταυτὸν

2224 5715 2364 5773 εἶναι
2413 5723 2511 5793 τὴν
2555 5723 2708 5776 θείαν
2747 5722 3033 5791 ἐνέργειαν
3078 5723 3174 5774 καὶ
3219 5723 3349 5791 ὅλην
3395 5723 3663 5791 ἐνέργειαν
3698 5713 3772 5767 καὶ

2227 5812 2673 5886 αὑτοενέργειαν,
2709 5815 2950 5884 παρίημι
2980 5814 3067 5868 διά
3097 5815 3323 5885 πλῆθος,
3355 5816 3544 5884 ἀρκεῖν
3571 5807 3772 5882 ἡγούμε-
