3966 6558
230 403 325 472 261

1205 404 1660 466 BYZANTlN/E
1701 403 2093 464 ΠῙΒΤΟΒΙΕ
2140 403 2281 463 LIB.
2329 404 2516 465 XXX.
2564 421 2567 424 '

3383 407 3489 475 262

228 538 310 583 νος
328 516 496 571 ταῦτα
515 516 578 587 τῇ
603 511 856 587 παροῦσῃ
881 513 1076 585 σχεδίῳ
1102 514 1262 586 σχολῇ
1284 531 1298 546 ·
1320 515 1607 585 εἰρήσεται
1630 514 1680 566 δ’
1698 511 1789 565 οῦν

1909 513 2030 585 ejus
2053 512 2423 578 efﬁcientiam,
2448 520 2671 584 propter
2692 512 3101 570 multitudinem
3124 515 3339 583 omitto,
3361 529 3487 574 eum

228 615 345 675 ῐσως
375 611 477 663 κᾶν
522 610 629 671 τοῖς
661 607 823 679 ἑξῆς,
855 609 1139 675 προϊόντος
1194 608 1288 660 τοῦ
1320 612 1452 676 περὶ
1480 606 1578 676 τῆς
1604 604 1786 659 τοιαῦθ

225 721 316 775 της
344 701 618 773 ἐνεργείας
644 700 830 769 λόγου.
859 700 974 754 Νῦν
1004 699 1062 753 δὲ
1090 701 1330 754 δεικτέον
1363 699 1484 752 ἐστὶ
1514 701 1611 754 καὶ
1638 699 1788 761 ὅπως

232 796 356 867 μετὰ
389 794 811 864 προσδιορισμοῦ
848 811 1013 863 φασιν
1046 793 1096 847 οἱ
1130 793 1262 847 θεῖοι
1297 793 1540 863 Πατέρες
1572 794 1667 846 καὶ
1698 793 1788 844 τὸν

230 888 345 941 Υἱὸν
375 887 468 938 καὶ
499 885 557 937 τὸ
594 883 754 951 ἅγιον
791 884 1019 953 Πνεῦμα
1052 884 1335 951 ἐνέργειαν
1371 884 1465 937 καὶ
1501 884 1789 951 αὑτοενέρ-

229 994 399 1047 γειαν,
444 978 702 1045 ἑκάτερον
751 975 1159 1045 προσηκόντως.
1213 975 1322 1027 Καὶ
1370 973 1500 1042 περὶ
1550 973 1649 1043 μὲν
1696 972 1790 1025 τσῦ

229 1067 347 1122 Υῐιιῦ
376 1071 403 1121 ό
431 1067 573 1129 θεῖος
602 1065 747 1119 οὕτω
776 1066 940 1136 φησιν
972 1065 1315 1129 Ἀθανάσιος,
1355 1082 1373 1115 ι
1411 1065 1524 1117 Οὐκ
1556 1062 1791 1132 ἀμφίϐο-
1832 1089 1841 1097 ·

166 1206 176 1223 κ
225 1159 307 1212 λον
337 1160 415 1212 ὅτι
450 1159 615 1220 αὐτός
655 1161 803 1210 ἐστιν
836 1158 870 1227 ἠ
907 1157 1000 1210 τοῦ
1045 1159 1256 1228 Harpe;
1296 1157 1448 1235 ζῶσα
1491 1156 1654 1227 βουλὴ
1698 1156 1792 1208 καὶ

228 1252 453 1314 ἑκούσιος
484 1253 734 1323 ἐνέργεια
762 1251 859 1303 καὶ
884 1251 1045 1319 λόγος
1074 1250 1350 1320 ἀληθινός.
1388 1267 1407 1301 ι
1446 1249 1580 1319 Περ)⁵
1612 1249 1668 1302 δὲ
1695 1247 1790 1301 τοῦ

227 1348 527 1418 Πνεῦματος
568 1349 596 1400 ό
630 1346 796 1410 αὐτὸς
829 1346 975 1400 οῦτω
1014 1346 1220 1416 φησιν,
1263 1364 1281 1396 ι
1320 1344 1473 1407 Ἐνδς
1511 1343 1661 1407 ὄντος
1695 1342 1789 1396 τοῦ

228 1441 344 1494 Υξοῦ
375 1439 468 1494 τοῦ
504 1439 707 1505 ζῶντος
744 1440 959 1509 Λόγου,
997 1439 1127 1511 μίαν
1162 1436 1301 1492 εἶναι
1333 1438 1417 1491 δεῖ
1445 1437 1661 1490 τελείαν
1685 1436 1791 1489 ’καὶ

225 1534 393 1605 πλήρη
424 1532 523 1603 τὴν
558 1531 888 1603 ἁγιαστικὴν
922 1533 1017 1584 καὶ
1052 1531 1389 1602 φωτιστικὴν
1421 1531 1589 1602 ζωὴν,
1623 1519 1792 1584 οὖσαν

224 1626 488 1695 ἐνέργειαν
513 1625 681 1679 αὐτοῦ
705 1625 802 1679 καὶ
828 1624 1069 1697 δωρεὰνι
1087 1625 1208 1696 ἣτις
1237 1627 1301 1677 ἐκ
1328 1626 1501 1695 [lat-9‘
1518 1642 1543 1686 ς
1569 1624 1791 1693 λέγεται

224 1715 627 1787 ἐκπορεύεσθαι.
659 1735 679 1769 ι
708 1715 977 1787 Κύρι).λος
1000 1715 1043 1768 δ’
1064 1715 1269 1786 ὁμοίως
1291 1716 1386 1768 καὶ
1410 1714 1594 1776 αὐτὸς,
1626 1731 1644 1764 ι
1681 1713 1793 1771 Καὶ

222 1809 247 1861 6
272 1808 390 1870 Υἱός
418 1808 535 1859 ἔστι
557 1846 573 1866 .
616 1825 633 1857 ι
672 1809 835 1876 φησιν
855 1847 870 1869 ,
907 1824 926 1859 ι
965 1808 999 1876 ἡ
1027 1805 1179 1870 ζῶσα
1209 1806 1305 1858 καὶ
1334 1804 1605 1874 οὐσιὼδης
1637 1805 1787 1875 ἐνέρ·

222 1917 331 1971 γεια
369 1900 462 1953 καὶ
499 1899 735 1970 δύναμις
773 1900 866 1952 καὶ
907 1899 1067 1968 σοφία
1100 1897 1193 1952 τοῦ
1234 1897 1468 1964 Πατρός.
1506 1897 1787 1969 Ἕνέργεια

223 1995 305 2047 καὶ
330 1993 420 2047 τοῦ
448 1992 586 2047 Υἱοῦ
618 1993 677 2047 τὸ
704 1993 928 2063 Πνεῦμα
950 1992 1011 2045 τὸ
1039 1992 1218 2060 ἅγιον.
1257 2008 1276 2043 ι
1321 1988 1434 2044 Ἐνέ
1446 2008 1599 2061 ργειαι
1631 1990 1788 2059 λέγε-

155 2079 207 2181 .
236 2104 301 2139 :a:
324 2086 415 2139 καὶ
440 2086 474 2155 ἠ
502 2084 725 2154 ἑκάστῳ
750 2085 858 2137 τῶν
884 2083 1054 2137 όντων
1079 2081 1278 2175 ένοῦσα
1302 2084 1505 2153 φυσικὴ
1532 2080 1783 2153 δύναμις,

226 2180 289 2242 ὡς
312 2179 367 2231 τὸ
382 2176 849 2248 θερμαντικὸντῷ
878 2175 1035 2247 πυρὶ,
1050 2170 1143 2229 καὶ
1168 2175 1229 2228 τὸ
1250 2173 1517 2246 ψυκτικὸν
1540 2176 1606 2245 τῇ
1627 2177 1785 2245 χιόνι,

224 2274 305 2328 καὶ
340 2272 397 2325 τὸ
440 2270 763 2343 αἰσθητικὸν
801 2269 880 2339 τῷ
924 2269 1080 2340 ζώῳ,
1118 2270 1213 2324 καὶ
1253 2268 1332 2340 τῷ
1373 2269 1687 2339 ἑνεργοῦντι
1725 2269 1786 2321 τὸ

224 2360 585 2432 ἐνεργητικόν.
615 2360 848 2429 Λέγεται
884 2359 980 2414 καὶ
1009 2358 1070 2413 τδ
1101 2358 1207 2432 τῆς
1238 2361 1598 2432 ἑνεργητικῆς
1627 2359 1789 2413 δυνά-

225 2470 357 2526 μεως
380 2455 737 2523 ἀποτέλεσμα
767 2455 1022 2524 ἐνέργεια
1048 2451 1145 2507 καὶ
1169 2452 1329 2522 ἔργον
1355 2454 1450 2506 καὶ
1480 2453 1784 2524 ἐνέργημα,

223 2549 289 2611 ὼς
318 2549 451 2623 ἔργα
480 2548 587 2603 καὶ
618 2546 897 2619 ἐνέργειαι
927 2544 1064 2602 Θεοῦ
1098 2545 1168 2615 γῆ
1203 2546 1302 2601 καὶ
1335 2546 1566 2618 οὐρανὸς
1597 2547 1690 2600 καὶ
1719 2548 1787 2600 τὰ

221 2642 272 2695 ιν
300 2623 501 2706 τούτοις
522 2656 543 2674 ·
588 2640 722 2712 φησὶ
754 2639 864 2714 γὰρ
896 2639 924 2693 ό
958 2638 1100 2703 θεῖος
1133 2636 1211 2714 μ.
1249 2639 1348 2695 ιιι
1388 2637 1473 2713 r.]
1507 2640 1569 2692 ὲκ
1605 2640 1789 2710 Δαμα-

223 2735 339 2789 σκοῦ
372 2736 632 2806 Ἰωάννης
662 2735 738 2798 ὡς
765 2736 799 2806 ἡ
834 2735 1083 2806 ἐνέργεια
1113 2716 1211 2788 {at
1237 2733 1518 2806 ἐνέργημα
1545 2732 1786 2801 λέγεται,

219 2831 305 2881 καὶ
325 2828 642 2882 τούναντίον
667 2828 919 2900 ἐνέργεια
940 2826 1003 2881 τὸ
1027 2826 1334 2899 ἐνέργημα,
1361 2826 1436 2890 ὡς
1465 2826 1560 2879 καὶ
1585 2823 1647 2878 τὸ
1670 2825 1790 2880 κτί-

228 2938 319 2992 σμα
343 2923 538 2985 κτίσις.
571 2920 711 2975 Καθ’
733 2920 761 2973 δ
791 2920 1196 2990 σημαινόμενον
1224 2921 1321 2974 καὶ
1342 2920 1435 2974 τὸν
1460 2915 1611 2973 οἶκον
1636 2918 1790 3001 svsp-

225 3015 363 3082 γειάν
395 3031 585 3085 φαμεν
616 3014 713 3068 τοῦ
748 3014 1034 3084 οἰκοδόμου
1057 3054 1073 3078 ,
1108 3016 1203 3070 καὶ
1235 3012 1329 3067 τοῦ
1365 3011 1652 3084 ναυπηγοῦ
1689 3011 1789 3084 τὴν

228 3108 420 3162 ἱλκάδα.
460 3108 752 3178 Ἐνὲργεια
790 3100 1147 3176 λέγειιταίκοι)⁵
1183 3107 1218 3176 ἡ
1256 3105 1393 3178 πρὸς
1428 3106 1495 3160 τὰ
1532 3104 1790 3177 ἐνεργού-

224 3217 346 3269 μενα
378 3201 600 3273 κίνησις
620 3242 636 3267 ,
673 3201 860 3272 σχέσις
889 3218 974 3263 τις
1005 3197 1144 3254 οὖσα
1177 3201 1272 3253 καὶ
1305 3199 1513 3271 μεταξὺ
1550 3199 1789 3265 θεωρου-
1816 3214 1860 3275 ο

224 3293 346 3363 μέιη
372 3286 465 3344 τοῦ
493 3307 557 3346 τε
591 3293 656 3362 δη
666 3308 788 3362 μιου
799 3291 1053 3362 ργοῦντος
1086 3293 1180 3344 καὶ
1210 3290 1319 3345 τῶν
1347 3291 1409 3359 δη
1420 3308 1687 3361 μιουργου
1697 3292 1791 3362 μέ-

224 3370 335 3444 νων,
351 3383 614 3454 καθάπερ
630 3386 664 3454 ἠ
681 3384 778 3437 τοῦ
800 3384 1084 3454 οἰκοδόμου
1104 3385 1240 3452 πρὸς
1257 3386 1319 3435 eo
1335 3383 1793 3454 οἰκοδομούμενον

225 3478 304 3527 καὶ
332 3475 419 3529 τοῦ
450 3476 744 3546 ναυπηγοῦ
776 3475 916 3546 πρὸς
945 3477 1007 3528 τὸ
1039 3474 1245 3531 πλοῖον.
1274 3476 1347 3529 ’Ἠ
1381 3476 1475 3529 καὶ
1510 3476 1792 3548 συμϐεϐη-

226 3566 305 3626 κὸς
342 3562 472 3622 οὖσα
514 3566 646 3621 καθ’
675 3567 845 3638 αὑτὴν
888 3567 1297 3636 συγκαταλήγει
1338 3569 1405 3639 τῇ
1452 3567 1564 3622 τῶν
1605 3566 1793 3640 ἄκρων

227 3657 357 3728 λήξει
380 3660 473 3714 καὶ
497 3660 694 3713 οὐκέτι
719 3660 867 3714 ἐστὶν
890 3659 1066 3714 οὐδέν.
1094 3659 1233 3730 Περὶ
1258 3652 1327 3731 ἧς
1355 3660 1451 3712 καὶ
1475 3660 1503 3712 ό
1531 3658 1794 3726 Θεολόγος

224 3752 315 3823 ἔφη
349 3756 377 3809 ό
415 3755 563 3820 θεῖος
605 3755 903 3825 Γρηγόριος
942 3754 1018 3818 ὡς
1054 3754 1520 3825 ὲνεργηθὴσεται,
1560 3753 1654 3808 καὶ
1692 3755 1791 3808 οὐκ

223 3847 522 3919 ινεργήσει,
557 3848 655 3901 καὶ
683 3846 818 3917 ὁμοῦ
847 3846 927 3918 τῷ
957 3845 1320 3918 ὲνεργηθῆναι
1351 3846 1654 3912 παύσεται,
1686 3863 1790 3901 κα·

226 3939 387 4008 θάπερ
414 3940 509 3993 καὶ
541 3940 583 4010 ἡ
619 3938 825 4009 μεταξὺ
858 3937 953 3991 τοῦ
991 3939 1272 4010 ὁρωμένου
1303 3940 1397 3993 καὶ⁸
1427 3938 1522 3994 τοῦ
1555 3939 1790 4010 δρῶντος

223 4033 395 4103 ὅρασις
425 4034 518 4087 καὶ
552 4033 592 4102 ἡ
634 4031 796 4101 μέσον
829 4029 926 4083 τοῦ
961 4030 1263 4100 γευομένου
1296 4032 1391 4085 καὶ
1422 4030 1517 4085 τοῦ
1553 4030 1789 4100 γευστοῦ

223 4125 413 4191 γεῦσις.
446 4126 564 4179 Καὶ
597 4126 626 4178 ό
658 4122 956 4178 Νυσσαέων
986 4123 1043 4177 δὲ
1076 4122 1217 4187 θεῖος
1249 4123 1552 4195 Γρηγόριος
1589 4126 1664 4195 μὴ
1698 4124 1789 4178 δῦ-

225 4220 400 4272 νασθαί
429 4236 602 4290 φησιν
631 4216 914 4286 ἐνέργειαν
938 4218 1358 4287 ἀπεργαστικήν
1384 4233 1504 4270 τινα
1531 4217 1790 4289 πράγμα-

224 4323 304 4370 τος
332 4308 497 4379 αὐτὴν
526 4306 619 4376 ἐφ’
643 4307 838 4377 ἑαυτῆς
866 4307 1151 4377 συστῆναι,
1185 4306 1261 4378 μή
1291 4323 1433 4371 τινος
1459 4307 1784 4378 ὑποδεχομέ-

225 4414 307 4450 νου
328 4399 422 4468 τῆς
450 4396 738 4467 ἐνεργείας
761 4395 857 4466 τὴν
884 4395 1120 4466 κίνησιν.
1151 4395 1484 4465 ’Δναγκαίαν
1508 4399 1615 4466 γὰρ
1641 4396 1787 4468 ἔχειν

225 4489 383 4544 ταῦτα
412 4490 512 4560 τὴν
550 4489 737 4559 σχέσιν
770 4489 907 4558 πρὸς
946 4486 1153 4558 ἄλληλα
1185 4488 1288 4558 τήν
1319 4504 1379 4541 τε
1423 4490 1788 4559 ἐνεργητικὴν

1903 605 2021 661 haec
2054 605 2306 662 sufficere
2352 616 2539 676 putem
2593 606 2725 661 huic
2776 606 3058 677 colloquio
3103 611 3486 678 extemporali,

1895 698 2157 752 Dicentur
2196 699 2366 769 igitur
2392 697 2623 755 fortasse
2678 700 2844 755 etiam
2877 711 3066 770 postea
3098 703 3489 772 progrediente

1894 790 1961 846 de
2012 792 2108 846 tali
2155 791 2453 846 efﬁcientia
2486 795 2761 848 oratione.
2805 792 2966 848 Nunc
3023 804 3209 849 autem
3259 795 3492 850 deumn-

1894 884 2180 939 strandum
2207 894 2313 946 est.
2335 886 2614 955 quomodo
2654 894 2934 956 assumpta
2968 886 3289 942 deﬁnitione
3314 888 3487 942 divini

1894 976 2085 1031 Patres
2122 985 2178 1031 et
2216 976 2415 1031 Filium
2450 984 2507 1032 et
2552 977 2822 1048 Spiritum
2861 990 3113 1033 sanctum
3144 991 3346 1034 vocent
3374 979 3490 1033 elli-

1893 1068 2153 1125 cientiam
2190 1078 2247 1125 et
2275 1085 2467 1124 eorum
2500 1070 2746 1141 ipsorum
2785 1071 3158 1137 efﬁcientiam,
3182 1081 3490 1144 utrumque

1893 1164 2335 1220 accommodate.
2367 1165 2549 1235 Atque
2579 1164 2648 1220 de
2698 1164 2839 1219 Filio
2877 1166 3100 1236 quidem
3148 1165 3491 1223 Athanasius

1893 1251 2119 1307 divinus
2156 1255 2228 1307 ita
2260 1253 2399 1309 dicit
2427 1270 2443 1306 :
2473 1253 2592 1308 Non
2618 1252 2843 1308 dubium
2873 1262 2979 1321 est,
3006 1256 3140 1326 quin
3169 1256 3261 1312 ille
3287 1257 3358 1311 sit
3383 1257 3491 1313 Pa-

1897 1345 1998 1398 tris
2026 1344 2150 1400 viva
2180 1345 2470 1409 voluntas,
2502 1356 2558 1400 et
2599 1345 2666 1400 ad
2702 1347 3003 1402 essentiam
3035 1347 3320 1418 pertinens
3360 1348 3487 1402 elﬁ-

1895 1438 2124 1503 cientia,
2172 1449 2228 1493 et
2258 1440 2398 1494 ratio
2424 1454 2579 1495 vera.
2617 1440 2692 1495 De
2726 1438 2937 1511 Spiritu
2985 1454 3170 1495 autem
3221 1442 3363 1497 idem
3413 1443 3485 1498 ita

1894 1531 2145 1599 loquitur
2179 1529 2359 1587 :Cuin
2390 1547 2537 1587 unus
2582 1531 2654 1587 sit
2704 1532 2879 1588 Filius
2927 1535 3066 1588 ratio
3113 1533 3275 1598 viva,
3324 1549 3489 1589 unam

1896 1632 2114 1693 Oportet
2167 1622 2470 1694 perfectam
2499 1632 2554 1679 et
2581 1624 2796 1694 plenam
2827 1640 2951 1681 esse
2984 1627 3148 1679 vitam
3184 1626 3331 1680 illam
3362 1643 3487 1682 san.»

1901 1714 2136 1771 ctiﬁcam
2168 1724 2224 1771 et
2248 1716 2547 1781 lucentem,
2571 1732 2696 1772 cum
2727 1718 2793 1772 sit
2824 1715 3249 1789 etIicientim-jus
3281 1727 3337 1774 et
3365 1722 3484 1779 dos,

1897 1824 2017 1878 qua:
2041 1825 2070 1863 a
2102 1809 2263 1864 Patre
2289 1809 2496 1865 dicitur
2518 1809 2814 1879 proﬁcisci.
2843 1809 3083 1877 Cyrillus
3105 1822 3291 1877 autem
3317 1812 3487 1867 simili

1900 1901 2060 1954 modo
2095 1912 2148 1956 et
2182 1900 2324 1970 ipse,
2356 1902 2427 1959 Et
2454 1902 2650 1965 Filius,
2684 1903 2882 1972 inquit.
2909 1912 2965 1958 et
2996 1903 3116 1957 viva
3149 1914 3204 1958 et
3232 1904 3492 1959 essentia:

1895 1994 2092 2048 similis
2122 1992 2412 2048 efﬁcientia
2443 2003 2499 2048 et
2539 1995 2621 2048 vis
2647 2003 2702 2049 et
2730 1995 2995 2064 sapientia
3023 1995 3219 2061 Patris,
3250 1996 3494 2050 ellieicn-

1897 2082 1968 2136 tia
2002 2083 2169 2137 etiam
2203 2084 2324 2138 Filii
2361 2094 2448 2139 est
2490 2083 2729 2154 Spiritus
2762 2094 3009 2140 sanctus.
3067 2085 3369 2141 Efﬁcientia
3399 2087 3488 2142 di-

1894 2177 2043 2231 citur
2071 2174 2237 2230 etiam
2271 2176 2374 2244 vis,
2412 2192 2537 2246 quae
2566 2177 2767 2246 cuique
2799 2177 2877 2230 rei
2915 2193 2944 2230 a
2987 2187 3183 2232 natura
3219 2178 3386 2239 inest,
3427 2189 3488 2234 ut

1893 2267 1981 2322 vis
2036 2266 2400 2322 calefaciendi
2454 2266 2616 2338 297
2673 2268 2785 2339 igni
2839 2269 3025 2332 inest,
3077 2281 3130 2324 et
3189 2270 3486 2339 trigerandi

1895 2358 2034 2424 nivi,
2067 2368 2123 2414 et
2168 2359 2450 2416 sentiendi
2498 2360 2765 2426 animali,
2799 2372 2862 2416 et
2901 2361 3170 2416 elliciendi
3204 2363 3487 2418 etliciemi.

1894 2448 2074 2505 Etiam
2120 2448 2409 2507 elﬁcientis
2457 2455 2543 2507 vis
2575 2451 2846 2523 perfectio
2877 2453 3081 2509 dicitur
3115 2453 3405 2511 eﬁicientia
3431 2462 3491 2511 et

1893 2539 2099 2596 factum
2130 2550 2188 2599 et
2226 2541 2514 2609 enectum,
2551 2552 2610 2599 ut
2636 2546 2777 2601 facta
2806 2556 2864 2601 et
2891 2545 3200 2602 etlicientia:
3251 2547 3346 2603 Dei
3398 2549 3487 2603 di-

1893 2642 2098 2689 cuntur
2130 2642 2275 2689 terra
2304 2644 2361 2691 et
2392 2636 2595 2691 etelum
2619 2644 2678 2692 et
2703 2652 2828 2707 quae
2855 2638 2909 2692 in
2943 2638 3012 2694 iis
3041 2650 3358 2695 versantur.
3396 2642 3487 2697 Ait

1893 2726 2044 2783 enim
2099 2726 2329 2784 divinus
2382 2725 2624 2784 Joannes
2681 2728 3054 2786 Damascenus
3110 2747 3126 2785 :
3188 2730 3487 2787 Eﬂicientia

1893 2820 2062 2878 etiam
2096 2818 2358 2877 eﬂ'ectum
2392 2819 2625 2889 dicitur,
2670 2830 2728 2879 et
2778 2837 2848 2878 ex
2900 2824 3181 2880 contrario
3228 2824 3485 2881 cﬁ‘ectum

1895 2912 2209 2979 ellicientia,
2236 2922 2297 2968 ut
2361 2914 2533 2970 etiam
2591 2922 2839 2970 creatum
2895 2917 3126 2983 creatio,
3180 2920 3487 2974 secundum

1896 3020 2060 3076 quam
2109 3003 2573 3076 signiﬁcationem
2624 3008 2792 3067 etiam
2825 3008 3053 3065 domum
3093 3012 3331 3067 dicimus
3370 3013 3488 3068 efﬁ-

1897 3095 2157 3153 cientiam
2203 3098 2500 3154 architecti
2534 3108 2593 3155 et
2643 3101 2862 3156 navium
2900 3101 3251 3160 aediﬁcatoris
3284 3121 3478 3161 navem

1896 3188 2229 3277 onerariam.
2262 3190 2563 3248 Eﬁicientia
2599 3192 2809 3248 dicitur
2845 3193 3015 3250 etiam
3052 3197 3262 3252 moveri
3297 3199 3361 3252 ad
3394 3213 3482 3262 ea,

1895 3291 2019 3348 quae
2064 3278 2401 3347 eﬂiciuntur,
2430 3292 2487 3338 et
2518 3291 2607 3339 est
2643 3284 2784 3339 ratio
2813 3285 3063 3355 quaedam
3098 3303 3220 3355 quae
3248 3286 3487 3344 interce-

1896 3374 1978 3430 dit
2023 3373 2170 3428 inter
2200 3372 2446 3429 eﬂiciens
2481 3382 2537 3430 et
2578 3373 2869 3442 eﬁ‘ectum,
2923 3384 2985 3431 ut
3037 3378 3378 3433 architectus
3414 3378 3484 3433 ad

1894 3465 2189 3522 aediﬁcium
2221 3467 2457 3533 accedit,
2487 3476 2544 3523 et
2571 3469 2795 3524 navium
2829 3469 3131 3525 aediﬁcator
3169 3471 3235 3525 ad
3266 3487 3485 3536 navem,

1896 3574 2018 3629 quae
2053 3559 2227 3615 motio
2254 3574 2378 3614 cum
2421 3561 2680 3616 accidens
2717 3561 2791 3617 sit
2821 3575 2919 3632 per
2947 3577 3006 3618 se
3033 3578 3160 3618 cum
3203 3572 3486 3619 extremo-

1895 3671 2016 3709 rum
2051 3654 2158 3709 ﬁne
2186 3653 2415 3719 desinit,
2449 3670 2629 3725 neque
2654 3665 2739 3710 est
2767 3655 2880 3726 jam
2910 3655 3237 3727 quidquam.
3272 3655 3348 3711 De
3371 3673 3486 3727 qua

1892 3746 2058 3802 etiam
2092 3745 2311 3802 divinus
2343 3745 2663 3818 Gregorius,
2692 3746 3010 3819 Theologus
3040 3748 3151 3815 ille,
3187 3752 3265 3805 ait
3307 3767 3320 3803 :
3353 3751 3484 3806 Etﬁ-

1896 3837 2094 3903 cietur,
2122 3852 2303 3914 neque
2327 3852 2459 3893 vero
2483 3827 2773 3906 eﬂiciet,et
2801 3838 3136 3913 simulatque
3159 3842 3352 3899 eﬂ’ecta
3377 3853 3483 3911 est,

1892 3928 2131 3993 desinet,
2167 3939 2227 3983 ut
2253 3931 2420 3985 etiam
2453 3930 2626 3998 visus,
2658 3931 2754 4002 qui
2788 3934 2935 3988 inter
2978 3933 3159 3988 visum
3193 3942 3250 3989 et
3284 3935 3481 3991 viden-

1894 4029 2001 4076 tem
2036 4019 2354 4085 intercedit,
2384 4031 2437 4076 et
2470 4023 2615 4077 inter
2643 4031 2956 4092 gustantem
2981 4032 3038 4079 et
3067 4034 3346 4096 gustatum
3381 4043 3485 4098 gu-

1891 4118 2087 4166 status.
2129 4112 2198 4169 Et
2230 4112 2453 4169 divinus
2483 4112 2786 4183 Gregorius
2834 4113 3115 4186 Nyssenus
3163 4114 3321 4183 dicit,
3368 4134 3483 4176 non

1893 4219 2054 4273 posse
2086 4202 2441 4263 etiicientiam
2470 4205 2633 4261 ullam
2667 4205 2746 4262 rei
2775 4205 3051 4264 eﬁicacem
3095 4208 3268 4280 ipsam
3311 4212 3367 4267 in
3413 4228 3477 4271 se

1890 4307 2166 4366 constare,
2196 4298 2299 4354 nisi
2347 4298 2481 4369 quid
2525 4299 2758 4370 recipiat
2807 4298 3100 4357 eﬂicientia
3147 4305 3475 4361 motionem.

1890 4386 2019 4444 Haec
2046 4389 2192 4444 enim
2228 4390 2429 4448 habere
2478 4392 2842 4448 necessariam
2886 4394 3159 4453 rationem
3203 4396 3349 4454 inter
3394 4414 3478 4463 se.

1891 4484 2126 4539 activam
2167 4492 2224 4539 et
2278 4486 2551 4555 passivam
2585 4484 2697 4539 vim
2733 4500 2748 4538 :
2782 4500 3019 4557 quorum
3067 4489 3114 4544 si
3157 4503 3484 4548 secernatur
3530 4562 3542 4573 ι

226 4583 309 4635 καὶ
348 4557 1316 4654 τὴν-παθητικὴνδύναμινῖίὶνᾩ
1366 4557 1661 4655 χωρισθειη
1707 4557 1786 4655 τῷ

1895 4573 2105 4628 ratione
2135 4574 2394 4642 alterum,
2425 4591 2536 4630 non
2565 4576 2619 4630 in
2655 4591 2712 4632 se
2739 4586 2957 4633 constet
2976 4579 3143 4635 etiam
3176 4583 3479 4655 reliquum;

225 4672 356 4743 λόγῳ
385 4675 445 4727 τδ
480 4673 674 4744 ἕτερον
694 4713 707 4737 ,
741 4667 850 4723 οὐκ
878 4672 945 4726 ἂν
977 4673 1061 4742 ἐφ’
1087 4669 1279 4724 ἑαυτοῦ
1322 4669 1554 4741 συσταίη
1595 4673 1689 4724 καὶ
1723 4671 1785 4724 τδ

227 4758 530 4834 λειπόμενον
558 4780 574 4794 ·
603 4762 653 4815 εἰ
688 4761 763 4833 μὴ
791 4761 902 4831 γὰρ
931 4762 1026 4814 καὶ
1053 4760 1115 4814 τὸ
1145 4760 1355 4831 πάσχον
1384 4759 1469 4830 εἴη
1491 4802 1506 4824 ,
1540 4759 1601 4814 τὸ
1633 4763 1787 4832 ἐνερ-

228 4856 348 4925 γοῦν
375 4858 472 4911 οὐκ
504 4856 680 4910 ἔσται.
723 4856 1005 4927 Ἐνέργεια
1036 4854 1251 4924 λέγεται
1286 4853 1380 4908 καὶ
1414 4855 1448 4925 ἠ
1483 4855 1618 4925 πρὸς
1651 4873 1791 4926 φαν-

229 4949 409 5002 τασίαν
434 4948 862 5021 ἁντιδιῃρημένη
890 4947 1115 5018 ἀλήθεια
1140 4945 1283 5000 κατὰ
1303 4949 1394 4999 τὸν
1418 4947 1560 5000 θεῖον
1584 4946 1791 5017 Κύριλ-

229 5041 333 5103 λον,
348 5043 421 5106 ὡς
437 5042 711 5113 ἐνῴκησεν
725 5042 753 5094 ό
771 5040 908 5103 θεῖος
926 5039 1097 5108 Λόγος
1114 5040 1170 5093 ὲν
1186 5041 1249 5110 τῇ
1270 5039 1529 5110 πανάγνῳ
1543 5038 1793 5110 Θεότόκῳ

233 5133 287 5186 οὐ
315 5134 564 5205 δοκήσει,
598 5134 715 5188 ἀλλ’
740 5131 992 5203 ὶνεργείᾳ
1019 5130 1195 5185 εῐτουν
1225 5129 1478 5201 ἀληθείᾳ.
1512 5130 1794 5202 Ἑνέργεια

234 5225 436 5293 λέγεται
465 5227 607 5282 κατὰ
631 5227 725 5280 τδν
749 5225 892 5281 θεῖον
917 5226 980 5279 ἐκ
1009 5222 1305 5294 Δαμασκοῦ
1329 5223 1587 5294 Ἰωάννην
1614 5223 1709 5276 καὶ
1733 5222 1793 5275 τδ

236 5318 440 5389 πρῶτον
472 5322 530 5375 ἐν
563 5321 691 5391 ἡμῖν
732 5319 1124 5387 συνιστάμενον
1155 5316 1366 5387 νόημα,
1400 5316 1494 5369 καὶ
1527 5315 1607 5368 ἔτι
1640 5316 1674 5387 ἡ
1707 5315 1795 5369 διὰ

237 5410 466 5482 γλώττης
498 5411 606 5465 τῶν
638 5411 941 5481 νοουμένων
977 5410 1306 5479 φανέρωσις.
1344 5406 1584 5476 Σύνηθες
1616 5406 1660 5460 δ’
1690 5407 1793 5472 ἔτι,

239 5503 382 5569 φησι,
407 5504 503 5555 καὶ
529 5505 596 5575 τῇ
626 5503 747 5575 θείᾳ
776 5502 966 5573 Γραφῇ
993 5500 1090 5555 καὶ
1116 5500 1217 5569 τὴν
1246 5497 1339 5552 τοῦ
1369 5496 1506 5550 Θεοῦ
1538 5495 1799 5568 παραχώ-

240 5609 387 5662 ρησιν
408 5594 585 5660 λέγειν
611 5594 910 5666 ἐνέργειαν.
937 5592 1169 5662 Λέγεται
1194 5593 1287 5646 καὶ
1314 5588 1524 5658 πλάνης
1549 5588 1800 5658 ἐνέργεια

239 5683 414 5753 ὥσπερ
443 5688 537 5739 καὶ
564 5686 849 5757 δαιμόνων,
880 5686 1024 5739 καθὰ
1057 5685 1154 5738 καὶ
1182 5685 1210 5738 ὁ
1240 5683 1381 5745 θεῖος
1412 5680 1801 5751 Χρυσόστομος

242 5777 294 5827 ἰν
318 5782 425 5843 τοῖς
458 5781 586 5849 περὶ
614 5781 1000 5851 ἀκαταλήπτου
1029 5778 1207 5847 λόγοις
1238 5776 1380 5845 ὑπὲρ
1407 5776 1516 5827 τῶν
1545 5774 1800 5842 ἐνεργου-

245 5868 407 5935 μένων
433 5869 680 5942 εὔχεσθαι
722 5874 1011 5942 παραινεῖ,
1042 5870 1151 5924 τῶν
1179 5866 1559 5938 δαιμονῶντων
1587 5864 1789 5936 δηλαδὴ

1889 4665 2091 4719 etenim
2121 4666 2167 4720 si
2204 4682 2312 4722 non
2344 4667 2414 4721 sit
2448 4669 2613 4722 etiam
2650 4684 2738 4723 res
2776 4669 3015 4739 patiens,
3051 4672 3215 4745 298
3246 4691 3331 4731 res
3361 4677 3477 4732 elﬁ-

1890 4760 2045 4814 ciens
2071 4775 2181 4815 non
2212 4760 2337 4815 erit.
2379 4760 2681 4817 Efﬁcientia
2710 4763 2916 4819 dicitur
2949 4767 3116 4821 etiam
3156 4770 3350 4824 visioni
3382 4787 3483 4842 op-

1891 4853 2066 4923 posita
2092 4853 2293 4910 veritas
2321 4854 2623 4909 secundum
2649 4856 2897 4912 divinum
2924 4856 3213 4930 Cyrillum,
3243 4873 3304 4918 ut
3333 4879 3458 4919 ver-

1893 4954 2007 5001 sata
2038 4954 2124 5000 est
2173 4947 2314 5001 ratio
2355 4946 2542 5002 divina
2597 4948 2653 5003 in
2701 4951 3050 5006 sanctissima
3100 4950 3325 5025 Virgine
3379 4957 3480 5012 Dei

1893 5033 2063 5091 Matre
2084 5077 2099 5100 ,
2129 5052 2237 5090 non
2270 5039 2474 5106 specie,
2493 5039 2587 5094 sed
2613 5037 2902 5095 eﬁicientia
2932 5042 3048 5098 sive
3081 5045 3331 5103 veritate.
3366 5048 3483 5105 Elii.

1896 5128 2098 5183 cicntia
2128 5127 2336 5184 dicitur
2364 5130 2669 5186 secundant
2698 5131 2947 5188 divinum
2975 5134 3247 5192 Joannem
3286 5138 3481 5195 Dama-

1898 5234 2127 5275 scenum
2163 5219 2331 5276 etiam
2365 5222 2540 5292 prima
2588 5224 2646 5278 in
2692 5225 2853 5282 nobis
2903 5235 3163 5284 constans
3192 5231 3479 5301 cogitatio,

1896 5319 1954 5366 et
1981 5325 2148 5380 porro
2180 5314 2455 5381 expositio
2514 5317 2881 5385 cogitatorum
2934 5334 3056 5390 quae
3088 5320 3272 5392 lingua
3310 5322 3481 5379 eﬂici-

1901 5413 2011 5459 tur.
2035 5404 2395 5462 Consuetudo
2428 5423 2619 5478 porro,
2665 5411 2866 5482 inquit,
2904 5415 3068 5469 etiam
3103 5415 3304 5471 divinae
3328 5415 3483 5472 Scri-

1901 5505 2096 5567 pturae,
2128 5498 2296 5554 etiam
2335 5497 2427 5555 Dei
2459 5500 2852 5572 indulgentiam
2887 5505 3073 5561 dicere
3106 5504 3480 5563 efﬁcientiam.

1899 5589 2111 5644 Dicitur
2137 5591 2301 5645 etiam
2325 5593 2532 5647 erroris
2552 5592 2844 5649 eﬂicientia
2866 5606 2927 5651 ut
2953 5597 3119 5651 etiam
3140 5598 3478 5668 daemonum;

1907 5683 2142 5737 utetiam
2161 5683 2382 5738 divinus
2400 5684 2822 5756 Chrysostomus
2848 5687 2902 5742 in
2928 5689 2995 5742 iis
3022 5705 3158 5759 quas
3179 5690 3247 5745 de
3269 5692 3483 5747 incom-

1904 5773 2197 5844 prehensis
2228 5774 2447 5844 scripsit
2480 5777 2824 5833 orationibus
2849 5787 2908 5834 ut
2949 5796 3048 5849 pro
3095 5785 3489 5854 cncrgumenis

1902 5880 2129 5921 oremus
2148 5865 2418 5932 hortatur,
2433 5866 2781 5924 dementihus
2796 5870 3055 5928 nimirum
3076 5884 3131 5930 et
3152 5876 3485 5933 furentibus.
