3966 6568
382 359 386 364 ’
477 351 585 412 2ϋῖ
1687 351 2110 414 NICEPIIORI
2153 353 2546 414 GliEGORJi
3639 363 3732 428 εῡι

478 465 654 528 Atque
691 459 912 522 Paulus,
955 477 973 510 ι
1009 457 1170 525 Quia,
1197 459 1399 530 inquit,
1431 461 1724 516 veritatem
1755 479 1866 518 non
1906 477 2061 516 acce-

2171 465 2265 517 καὶ
2297 463 2639 534 μεμηνότων.
2671 465 2778 518 Καὶ
2812 465 3022 531 Παῦλος
3049 467 3132 533 δὲ,
3167 485 3186 522 ι
3227 467 3378 524 Ἀνθ’
3401 464 3497 536 ὧν,
3537 491 3558 525 ι
3589 484 3736 544 φησὶ,-

477 561 699 624 perunt,
754 551 936 606 mittet
967 551 1034 606 iis
1063 552 1412 606 eﬂicientiam
1442 553 1654 609 erroris
1703 569 1878 624 usque
1927 553 2058 608 dum

476 644 889 698 crediderint.»
926 642 1033 697 Sed
1087 643 1252 696 etiam
1306 651 1475 698 totam
1523 644 1780 699 animalis
1828 643 2064 699 admini-

427 723 430 726 Α
478 737 799 792 strationem
855 745 911 790 et
955 735 1425 806 dispensationem
1473 737 1820 792 ellicientiam
1882 737 2056 792 sancti

475 840 695 893 vocant,
735 830 852 884 sive
885 829 1111 884 vivendi
1140 829 1307 892 vires,
1357 837 1414 884 et
1463 829 1803 900 intelligendi
1836 841 1891 883 et
1939 844 2062 884 sen-

473 921 668 976 tiendi.

551 1011 664 1068 XV.
691 1011 826 1066 Cum
859 1011 1027 1083 igitur
1063 1021 1142 1068 tot
1172 1011 1606 1082 signiﬁcationes
1631 1013 1728 1068 tibi
1762 1011 2059 1084 proposita

477 1105 607 1170 sint,
648 1121 785 1174 quas
819 1104 1092 1176 significat
1139 1121 1242 1158 vox
1271 1144 1285 1168 ,
1327 1106 1518 1159 eodem
1565 1113 1728 1176 atque
1770 1105 2056 1160 eﬂicientia

475 1196 702 1251 nomine
755 1195 1000 1266 prmdita,
1049 1196 1144 1266 qui
1190 1205 1245 1250 tu
1285 1197 1654 1266 praetermissa
1686 1197 1932 1250 omnium
1967 1213 2059 1252 co—

474 1288 721 1360 gnitione
751 1288 1009 1358 confugis
1053 1287 1120 1342 ad
1170 1303 1286 1352 eas,
1325 1304 1448 1358 qua:
1493 1288 1548 1342 in
1591 1287 1897 1359 Seripturis
1945 1305 2054 1343 non

475 1381 850 1450 reperiuntur,
883 1389 937 1436 et
966 1381 1282 1449 Scripturas
1313 1381 1440 1434 talia
1475 1379 1662 1436 dicere
1693 1381 1833 1436 [also
1863 1379 2056 1435 crimi-

470 1472 662 1527 naris?
695 1471 794 1525 Ubi
820 1472 964 1526 enim
1000 1471 1223 1527 diﬂerre
1255 1473 1480 1527 omnino
1515 1473 1649 1526 dicit
1685 1473 1926 1529 Joannes
1955 1475 2054 1526 Da-

473 1580 764 1618 mascenus
791 1564 858 1618 ab
895 1563 1138 1618 increata
1165 1575 1360 1618 natura
1395 1565 1696 1620 increatam
1729 1565 1846 1636 ejus
1890 1565 2056 1637 299

481 1655 870 1722 eﬂicientiam,
901 1657 1044 1710 sicut
1093 1665 1150 1710 tu
1197 1657 1310 1712 haec
1371 1659 1644 1726 pervertis
1703 1657 2054 1728 impudenter

472 1750 862 1805 criminando?
907 1749 1122 1804 Etenim
1153 1751 1414 1820 explicari
1444 1751 1665 1820 quidem
1691 1759 1946 1806 naturam
1979 1751 2050 1807 ab

2177 575 2198 608 ι
2239 558 2338 627 τὴν
2375 559 2634 628 ἀλήθειαν
2675 559 2776 612 οὐκ
2816 561 3083 628 ἐδέξαντο,
3125 563 3332 632 πέμψει
3371 565 3556 630 αὐτοῖς
3594 569 3730 638 ἐνέρ-

2169 665 2325 717 γειαν
2360 651 2571 718 πλάνης
2603 653 2682 714 είς
2713 651 2773 704 τὸ
2807 651 3098 708 πιστεῦσαι
3130 655 3352 718 αὐτούς.
3393 675 3413 710 ι
3457 657 3618 710 Ἀλλά
3647 662 3731 714 καὶ

2167 741 2266 809 τὴν
2305 741 2398 794 τοῦ
2437 741 2576 800 ζὼου
2613 745 2790 796 πᾶσαν
2823 745 3139 815 οἰκονομίαν
3185 747 3468 818 ἐνέργειαν
3509 748 3559 800 οί
3587 749 3724 818 ἆγιοί

2169 849 2362 902 φασιν,
2393 835 2578 890 εῐτουν
2629 837 2727 902 τὰς
2760 837 3001 903 ζωτικὰς
3039 839 3302 910 δυνάμεις
3341 841 3439 905 τάς
3467 830 3528 894 is
3553 845 3731 912 νοερᾶς

2168 925 2264 976 καὶ
2299 925 2652 996 αἱσθητικάς.

2241 1014 2343 1072 ΙΕ’.
2369 1017 2657 1073 Τοσούτων
2688 1021 2752 1092 δή
2783 1039 2868 1074 σοι
2915 1025 3300 1094 προκειμένων
3324 1025 3732 1097 σημαινομένων

2165 1108 2312 1180 ὅπερ
2335 1111 2368 1178 ἡ
2395 1109 2496 1178 τῆς
2519 1112 2807 1182 ἐνεργείας
2837 1115 3132 1186 ὁμώνυμος
3164 1116 3339 1188 [12141
3375 1116 3456 1191 υ.]
3485 1117 3622 1172 οὖσα
3647 1139 3732 1190 ση-

2169 1202 2354 1272 μαίνει
2377 1203 2554 1274 φωνὴ,
2584 1206 2702 1268 πῶς
2737 1209 3106 1280 παρατρέχων
3131 1211 3386 1266 ἁπάντων
3413 1214 3513 1283 τήν
3543 1217 3732 1284 γνῶσιν

2163 1295 2536 1364 καταφεύγεις
2574 1296 2660 1364 ἐφ’
2681 1297 2826 1368 ἅπερ
2857 1299 2956 1352 οὐκ
2999 1301 3150 1354 ἐστιν
3201 1305 3262 1358 ἐν
3313 1307 3436 1366 ταῖς
3477 1306 3729 1376 Γραφαίς,

2165 1387 2262 1440 καὶ
2291 1387 2474 1456 λέγειν
2507 1393 2867 1458 συκοφαντεῖς
2893 1392 2992 1456 τὰς
3031 1394 3257 1466 Γραφάς
3282 1399 3352 1452 τὰ
3377 1399 3600 1464 τοιάδε;
3637 1403 3732 1454 Ilo]

2165 1479 2276 1547 γὰρ
2301 1480 2586 1552 διαφέρειν
2615 1481 2752 1546 ὅλως
2795 1486 2962 1554 φησιν
3011 1489 3040 1539 ὀ
3084 1489 3447 1562 Δαμασκηνὸς
3491 1491 3732 1562 Ἰωάννης

2161 1573 2262 1642 τῆς
2328 1575 2586 1628 ἁκτίστου
2631 1577 2848 1648 φύσεως
2890 1578 2992 1648 τὴν
3044 1581 3300 1638 ἄκτιστον
3353 1582 3563 1655 ταύτης
3599 1587 3734 1656 ἐνέρ-

2161 1684 2344 1734 γειαν,
2378 1666 2572 1740 ὥσπερ
2605 1669 2669 1722 σὺ
2715 1669 3028 1736 διαϐάλλεις
3073 1675 3298 1746 ἁναίδην
3348 1679 3728 1748 συκοφαντῶνς

2162 1757 2610 1828 Χαρακτηρίζειν
2665 1757 2766 1830 μὲν
2821 1761 2930 1832 γὰρ
2987 1761 3332 1836 ἀκηκόαμεν,
3389 1767 3666 1838 διαφέρειν
3693 1769 3730 1822 ὁ¹

473 1859 538 1897 eo
570 1833 904 1907 audivim‘ts,
947 1841 1171 1896 dillet're
1203 1853 1384 1896 autent
1421 1859 1540 1896 eam
1591 1858 1862 1914 nusquam
1907 1843 2061 1898 inve-

2170 1849 2378 1920 οὐδαμῆ
2407 1853 2499 1906 τὸν
2527 1853 2671 1907 Θεῖον
2695 1853 2865 1926 ἄνδρα
2895 1857 3104 1912 ἐκεῖνον
3131 1833 3466 1932 εὑρίσκομεν
3495 1833 3730 1930 λέγοντα.

475 1939 657 1989 nimus
711 1933 986 1988 dicentem
1045 1933 1196 1987 illum
1249 1933 1496 1988 divinum
1540 1935 1742 1989 virum.
1775 1933 1895 1989 Jam
1932 1950 2063 1991 vero

476 2027 518 2082 si
555 2035 609 2080 tu
637 2025 856 2096 quidem
891 2027 1286 2102 illam-“naturae
1316 2025 1740 2096 explicationem
1775 2043 1875 2098 pro
1904 2027 2065 2083 dilic-

473 2119 649 2172 rentia
682 2117 906 2182 accipis,
941 2117 1054 2186 jam
1102 2127 1190 2171 est
1224 2117 1320 2172 tibi
1373 2119 1668 2188 reliquum,
1703 2134 1828 2173 cum
1867 2117 2062 2174 audias

471 2208 811 2279 Sz-ripturam
844 2208 1141 2270 dicentem,
1161 2209 1586 2279 explicatipnem
1615 2210 1792 2266 Patris
1821 2226 1941 2265 esse
1971 2209 2062 2264 Fi-

475 2299 710 2370 lium,ut
737 2296 1062 2351 dissimilem
1088 2297 1286 2351 Filium
1327 2299 1472 2352 Patri
1517 2300 1796 2366 enunties,
1827 2311 1880 2354 et
1914 2299 2062 2370 quod

471 2389 538 2441 ad
579 2397 829 2441 naturam
873 2387 1070 2440 attinet
1098 2388 1340 2441 essentia
1375 2397 1656 2442 carentem
1686 2398 1743 2442 et
1785 2387 1945 2442 valde
1978 2386 2066 2440 di-

474 2495 719 2534 versum.
765 2477 894 2544 Sed,
953 2488 1012 2534 ut
1044 2479 1283 2541 videtur,
1314 2479 1462 2550 quod
1513 2496 1542 2532 a
1593 2491 1790 2534 natura
1829 2495 2057 2550 pravum

472 2583 578 2634 est,
606 2581 664 2626 ut
696 2573 766 2626 ita
791 2573 992 2631 dicam.
1017 2583 1072 2626 et
1095 2571 1263 2626 semel
1294 2573 1607 2642 periculoso
1639 2573 1843 2627 mentis
1869 2573 2063 2626 morbo

482 2663 740 2718 aﬂ‘eetum
773 2673 830 2716 et
881 2673 1174 2732 prepterea
1222 2663 1426 2718 divinis
1463 2663 1734 2732 dogmatis
1768 2663 2060 2732 abruptum

471 2769 559 2813 est
590 2757 646 2812 in
679 2773 954 2822 errorem,
988 2767 1234 2826 tempore
1263 2756 1450 2810 delere
1483 2757 1730 2811 habitum
1761 2755 1906 2809 haud
1950 2755 2065 2810 scio

472 2865 542 2904 an
571 2863 852 2917 nunquam
883 2847 1079 2916 possit,
1109 2861 1218 2900 non
1251 2844 1426 2916 magis
1455 2859 1618 2914 quam
1653 2843 1930 2898 interdum
1964 2841 2064 2896 ha-

473 2941 656 2997 bitum
709 2939 924 3010 pulchri
977 2955 1044 2993 ex
1093 2938 1249 3010 poesi
1285 2939 1491 3008 pellere
1537 2947 1740 3008 potest.
1778 2933 2065 2990 celerrime

471 3035 754 3090 decutitur
785 3048 842 3087 re
885 3033 1000 3100 ipsa
1027 3032 1302 3086 detectum
1324 3073 1340 3098 ,
1376 3045 1499 3085 cum
1539 3040 1738 3084 natura
1791 3027 1979 3084 redeat
2009 3035 2067 3083 et

473 3127 710 3198 recipiat
773 3125 1030 3180 facillime
1069 3123 1394 3193 genuinum.
1438 3121 1502 3176 Et
1538 3133 1592 3178 tu
1625 3123 1846 3193 quidem
1887 3121 2063 3176 simu-

471 3219 636 3273 lando
667 3227 716 3272 te
752 3217 953 3272 ell'erre
985 3215 1298 3270 testimonia
1326 3216 1555 3284 scripta,
1585 3215 1773 3269 insane
1803 3211 2022 3284 quidem
2047 3251 2062 3276 ,

475 3325 599 3383 ipse
627 3308 918 3363 stultitiam
948 3315 1098 3360 tuam
1135 3307 1278 3360 ultro
1307 3306 1540 3376 detegis,
1576 3321 1696 3376 quae
1737 3319 1860 3359 cum
1899 3305 2064 3360 etiam

473 3400 532 3456 in
563 3400 889 3454 sententiam
923 3413 1114 3468 vagam
1145 3407 1200 3452 et
1235 3398 1458 3466 impiam
1493 3407 1802 3467 pervertas,
1826 3395 1936 3466 jam
1967 3395 2066 3448 im-

471 3492 800 3564 probitatem
835 3489 934 3544 tibi
975 3490 1254 3560 proprium
1311 3490 1531 3558 publice
1583 3489 1837 3557 eXponis.
1872 3486 2065 3555 Neque

472 3586 619 3640 enim
646 3585 757 3654 jam
787 3584 1026 3636 celatum
1067 3581 1214 3650 quod
1263 3579 1328 3635 ad
1360 3581 1528 3633 animi
1573 3581 1832 3648 mysteria
1865 3579 2066 3633 attinet

435 3690 532 3734 sse
568 3675 939 3729 dormiturum
987 3677 1173 3739 Sperat
1219 3669 1510 3739 pravitatis
1543 3670 1724 3724 scelus
1757 3680 2053 3723 secretum.

471 3763 764 3819 Emanavit
803 3763 950 3815 enim
987 3772 1040 3816 et.
1073 3761 1348 3832 divulgata
1379 3771 1464 3816 est
1503 3763 1558 3816 in
1589 3761 1725 3816 solis
1773 3761 1960 3816 radios
1995 3763 2068 3817 si-

471 3858 696 3926 mulque
721 3859 774 3909 in
795 3857 1093 3924 ludibrium
1118 3866 1173 3910 et
1197 3855 1600 3911 cavillationem
1637 3857 1838 3912 theatri
1865 3855 2064 3913 comici

471 3949 839 4018 frequentera,
859 3958 912 4002 et
935 3948 1162 4018 gloriam
1186 3963 1350 4018 quam
1375 3947 1590 4017 assequi
1610 3947 1866 4002 studebas
1885 3947 2068 4017 perdi-

479 4041 606 4096 disti
639 4051 899 4096 mutatam
925 4039 1087 4110 300
1117 4043 1170 4094 in
1199 4041 1506 4106 infamiam,
1540 4043 1686 4112 quod
1717 4041 2062 4096 antemvela-

473 4135 570 4189 bas
599 4135 737 4204 ipse,
765 4133 1002 4189 dedecus
1043 4144 1221 4200 tuum,
1254 4137 1506 4207 ejusjam
1538 4152 1693 4191 sacra
1741 4135 2062 4192 revelatoria

471 4229 654 4282 facere
674 4237 804 4282 teut
839 4229 892 4280 in
933 4227 1132 4282 Bacchi
1163 4229 1436 4300 mysteriis
1485 4245 1596 4284 non
1635 4231 1826 4285 sentis.

543 4319 684 4372 XVI.
741 4321 990 4372 Palamas
1037 4331 1222 4374 autem
1270 4301 1412 4376 nihil
1459 4321 1528 4376 ad
1563 4321 1682 4376 lucc
1723 4321 2065 4392 respondens

475 4411 638 4463 aliam
671 4409 797 4462 iniit
824 4411 991 4471 viam,
1019 4420 1078 4462 ut
1109 4421 1229 4464 erat
1257 4413 1377 4479 ejus
1413 4427 1549 4466 mos.
1587 4413 1780 4468 Nonne
1809 4401 2060 4483 magnus,

477 4501 682 4571 inquit,
715 4501 948 4556 Basilius
999 4520 1064 4556 ex
1097 4501 1402 4558 eﬂicientiis
1445 4503 1541 4558 Dei
1574 4503 1710 4559 dicit
1737 4520 1838 4560 nos
1867 4491 2068 4575 cogito-

477 4611 636 4650 scere
675 4593 884 4647 Deum?
911 4595 1225 4650 Ellieientia:
1257 4597 1402 4650 enim
1435 4598 1578 4666 ejus,
1618 4597 1696 4652 ait
1724 4599 1836 4663 ille,
1863 4599 1930 4652 ad
1967 4616 2069 4656 nos

477 4687 842 4752 descendunt,
877 4694 1112 4742 essentia
1148 4701 1331 4746 autem
1384 4693 1503 4762 ejus
1535 4705 1724 4748 manet
1771 4693 2065 4748 inaccessa.

481 4779 588 4834 llas
621 4781 788 4849 igitur
815 4779 1134 4836 t-ﬂicientias
1183 4784 1345 4837 habet
1393 4785 1559 4848 Deus,
1612 4785 1706 4854 qui
1755 4785 1899 4840 alius
1940 4795 2064 4846 est.

475 4871 614 4926 alias
640 4881 694 4926 et
723 4871 1036 4938 increatas;
1075 4875 1156 4928 Ine
1184 4877 1330 4929 enim
1364 4885 1488 4930 sunt
1517 4877 1907 4947 providentiae,
1939 4888 2068 4932 sunt

478 4971 734 5024 eventus,
759 4979 924 5032 porro
953 4965 1226 5018 inliuitum
1250 5005 1266 5030 ,
1293 4967 1600 5033 immotum,
1658 4969 1911 5038 simplex,
1961 4971 2068 5022 ini-

481 5055 562 5107 tio
591 5063 646 5106 ct
682 5055 786 5108 line
827 5071 1041 5120 carens,
1079 5057 1368 5126 sapientia,
1395 5060 1568 5113 virtus
1600 5070 1654 5114 et
1695 5061 1914 5124 similia,
1945 5079 2066 5132 quze

475 5149 658 5200 omnia
687 5147 788 5200 alia
816 5149 1035 5217 quidem
1101 5161 1226 5202 sunt
1265 5167 1327 5205 ac
1371 5155 1629 5216 es.~entia,
1655 5155 1749 5208 sed
1802 5155 2064 5209 increata.

474 5238 638 5292 Aliud
689 5241 833 5292 enim
883 5251 964 5294 est
994 5243 1140 5310 quod
1173 5243 1359 5308 habet,
1382 5246 1525 5298 aliud
1557 5247 1702 5314 ιμιυιί
1737 5247 1989 5310 habetur,
2012 5257 2064 5300 et

475 5331 756 5384 diversum
789 5331 1033 5400 quidem.

548 5525 716 5582 XVII.
761 5529 838 5582 Ad
879 5531 994 5585 inec
1029 5531 1298 5604 Gregoras
1335 5539 1694 5604 respondens,
1729 5541 2020 5609 Proprium
2045 5581 2060 5605 ,

475 5617 692 5684 ἰιιιιιιιι,ι
718 5619 816 5669 bo.-
847 5621 967 5687 tibi,
1005 5625 1202 5688 amice,
1235 5638 1320 5680 est
1357 5632 1594 5697 signum,
1633 5642 1692 5682 ut
1744 5630 1877 5683 nihil
1911 5632 2060 5700 quod

473 5705 538 5757 ad
575 5721 686 5757 rem
723 5711 1013 5777 pertineat,
1042 5717 1398 5786 I'OSpOIIdCaS,
1428 5721 1520 5773 sed
1553 5737 1649 5790 pro
1681 5721 1800 5774 aiiis
1833 5723 1934 5776 alia
1962 5725 2058 5777 ad-

470 5797 642 5852 ducas
677 5799 1014 5874 itttpcl'ict'la,
1041 5811 1263 5866 omissis
1291 5812 1378 5876 iis,
1403 5829 1522 5880 quae
1550 5814 1722 5882 magis
1747 5817 2058 5871 necessaria

2278 1946 2336 1998 δὲ
2396 1947 2460 2002 τὸ
2509 1949 2944 2030 χαρακτηρίζειν
2971 1953 3136 2017 αὐτὸς
3168 1955 3292 2010 ἀντὶ
3341 1955 3438 2008 τοῦ
3469 1953 3733 2026 διαφέρειν

2167 2035 2496 2104 λαμϐάνεις,
2557 2035 2678 2108 ὥρα
2737 2053 2820 2091 σοι
2888 2039 3074 2092 λοιπὸν
3131 2039 3226 2094 καὶ
3285 2045 3622 2115 χαρακτῆρα
3651 2044 3766 2100 τοῦ,

2165 2127 2382 2198 Πατρὸς
2434 2127 2528 2181 τὸν
2587 2128 2719 2182 Υίὸν
2748 2130 2847 2200 τῆς
2881 2131 3106 2202 Γραφῆς
3163 2133 3416 2188 ἀκούοντι
3454 2135 3732 2206 λεγούσης,

2166 2221 2420 2292 ἀνόμοιον
2452 2221 2544 2302 τὸν
2587 2221 2720 2302 Υιδν
2751 2222 2828 2294 τῷ
2861 2225 3039 2295 Πατρὶ
3091 2226 3387 2296 κηρύττειν
3446 2232 3544 2284 καὶ
3587 2233 3730 2284 ἀνού-

2167 2329 2286 2366 σιον
2355 2299 2711 2386 καὶ’σφόδρα
2771 2314 3032 2386 διάφορον
3087 2317 3186 2390 τὴν
3235 2319 3424 2388 φύσιν.
3499 2321 3732 2384 Ἀλλ’ὼς

2167 2405 2337 2470 ἔοικε,
2372 2405 2434 2460 τὸ
2471 2405 2634 2475 φύσει
2673 2409 2845 2462 κακὸν
2895 2409 2972 2474 ὡς
3015 2411 3209 2478 εἰπεῖν,
3241 2413 3342 2466 καὶ
3387 2415 3460 2470 τὰ.
3489 2413 3589 2482 τῆς
3633 2415 3732 2468 δια-

2170 2499 2322 2558 νοίας
2379 2499 2529 2563 ἆπαξ
2585 2501 2782 2572 καίρια
2834 2505 3126 2570 νενοσηκὸς
3159 2505 3392 2559 καὶτῶν
3433 2507 3598 2560 θείων
3629 2510 3732 2559 ἑπι-

2169 2590 2396 2659 σφαλῶς
2431 2591 2758 2662 ἀπερρωγὸς
2789 2591 2879 2646 διὰ
2902 2593 3076 2648 ταῦτα
3105 2595 3415 2664 δογμάτων,
3445 2597 3623 2668 χρόνῳ
3648 2597 3733 2669 τὴν

2164 2681 2283 2746 ἕξιν
2313 2682 2414 2736 οὐκ
2460 2686 2526 2740 ἄν
2563 2687 2685 2741 ποτ’
2715 2675 3122 2756 ἀποτρίψασθαι
3155 2687 3395 2755 δύναιτο,
3434 2693 3520 2746 ὅτι
3551 2693 3625 2764 μὴ
3653 2695 3733 2748 καὶ

2168 2775 2267 2845 τὴν
2302 2777 2415 2830 ἔσθ’
2450 2779 2539 2832 ὅτε
2591 2779 2688 2832 τοῦ
2741 2779 2910 2832 καλοῦ
2945 2781 3312 2851 προσποίησιν
3342 2785 3580 2853 τάχιστα
3615 2789 3732 2838 ἁπο-

2172 2870 2402 2940 σείεται,
2454 2871 2785 2942 πράγμασιν
2813 2873 2998 2936 αὐτοῖς
3049 2872 3430 2944 ἐλεγχόμενον,
3465 2878 3734 2950 παλινδρο-

2171 2963 2385 3034 μούσης
2439 2965 2543 3035 τῆς
2596 2963 2816 3034 φύσεως
2871 2965 2971 3019 καὶ
3019 2967 3520 3044 ἀναλαμϐανούσης
3553 2973 3614 3026 ἐκ
3649 2972 3732 3025 τοῦ

2171 3059 2376 3130 ῥᾴστου
2409 3057 2471 3110 τδ
2503 3060 2754 3130 γνήσιον.
2795 3059 2909 3114 Καὶ
2944 3057 3008 3113 σύ
3046 3077 3110 3130 γε
3145 3062 3254 3132 μὴν
3285 3066 3345 3118 ὲν
3373 3065 3475 3134 μὲν
3509 3067 3584 3135 τῷ
3613 3085 3731 3138 γρα.

2173 3151 2338 3220 φικὰς
2367 3153 2678 3222 μαρτυρίας
2702 3153 3124 3224 προσποιεῖσθαι
3151 3157 3420 3227 κομίζειν,
3454 3161 3556 3232 οὐχ
3582 3161 3732 3230 ὑγιῶς

2169 3244 2216 3298 ἃ
2245 3243 2361 3311 οὖν,
2389 3247 2490 3316 τὴν
2541 3247 2704 3318 αὐτὸς
2737 3247 2935 3302 σαυτοῦ
2976 3265 3038 3318 γε
3074 3249 3318 3320 ἀμαθίαν
3353 3251 3499 3306 ἑκὼν
3530 3255 3730 3322 ἐξελέγ-

2171 3354 2312 3408 χεις,
2366 3339 2426 3392 ὲν
2480 3337 2536 3390 δὲ
2576 3337 2654 3410 τῷ
2715 3341 2988 3409 καὶπρὸς
3045 3341 3331 3414 ἐπισφαλῆ
3383 3347 3484 3399 καὶ
3513 3347 3730 3413 δυσσεΕῆ

2168 3431 2412 3484 διάνοιαν
2443 3429 2615 3492 αὐτὰς
2645 3429 3001 3502 διαστρέφειν
3032 3433 3130 3504 τὴν
3167 3435 3378 3488 οἰκείαν
3409 3437 3494 3490 ἔτι
3531 3441 3729 3510 θεατριζ-

2171 3523 2284 3588 ζεις
2341 3525 2660 3582 κακόνοιαν.
2716 3527 2915 3582 Οὐκέτι
2973 3528 3081 3600 γὰρ
3117 3529 3448 3599 ἀνέλεγκτον
3501 3535 3557 3592 ἐς
3587 3535 3650 3586 τά
3678 3550 3732 3600 γε

2169 3617 2270 3686 τῆς
2308 3618 2489 3688 ψυχῆς
2525 3619 2808 3689 μυστήρια
2857 3623 3218 3692 καθευδήσειν
3249 3624 3532 3688 ἐλπίζεται
3560 3628 3618 3678 τὸ
3647 3626 3732 3691 τῆς

2175 3710 2380 3774 κακίας
2413 3711 2734 3782 ἀπόρρητον
2767 3711 2922 3780 ἄγος·
2957 3714 3261 3786 ἐξερρύηκε
3290 3718 3398 3786 γὰρ
3438 3721 3538 3770 καὶ
3567 3719 3736 3771 διατε-

2177 3802 2438 3870 φοίτηκεν
2495 3804 2555 3864 ἐς
2587 3803 2738 3871 ἡλίου
2773 3804 2946 3872 αὐγὰς
2981 3805 3073 3858 καὶ
3108 3807 3221 3876 ἅμα
3275 3809 3330 3870 ὲς
3365 3812 3621 3883 μυκτῆρα
3649 3811 3732 3864 καί

2181 3892 2384 3962 χλεύην
2415 3893 2645 3964 θεάτρου
2677 3899 2884 3965 μεστὴν
2913 3898 3180 3965 κωμικοῦ.
3215 3899 3322 3951 Καὶ
3358 3903 3424 3972 ἣν
3459 3904 3562 3972 μὲν
3597 3905 3731 3956 ἐξίω-

2179 4001 2270 4048 κες
2331 3985 2689 4052 ἀπολώλεκας
2743 3989 2902 4056 δόξαν
2937 3991 3074 4060 πρὸς
3121 3992 3341 4056 ἀδοξίαν
3379 3997 3728 4066 μετενεγκών·

2173 4079 2237 4150 ἢν
2257 4078 2303 4131 δ’
2326 4078 2632 4142 ὲκάλυπτες
2663 4081 2929 4150 αἰσχύνην
2957 4085 3119 4146 αὐτὸς
3159 4085 3384 4150 σαυτοῦ,
3417 4088 3620 4160 ταύτης
3645 4091 3730 4160 ἢδη

2168 4171 2238 4222 τὰ
2279 4169 2750 4242 ἁνακαλυπτήρια
2781 4174 2925 4228 θύων
2960 4175 3152 4245 ὥσπερ
3187 4178 3246 4230 ἐν
3276 4179 3576 4233 Διονυσίων
3609 4199 3728 4244 πομ-

2169 4263 2302 4325 παῖς
2332 4263 2434 4316 ούκ
2463 4265 2718 4338 αίσθάνῃ.
2759 4255 2762 4258 ’

2245 4353 2369 4422 ις’.
2411 4356 2470 4410 '0
2504 4357 2560 4410 δὲ
2613 4358 2882 4430 Παλαμᾶς
2926 4362 3080 4416 οὐδὲν
3131 4365 3267 4436 πρὸς
3317 4369 3732 4440 ταῦτα’ἀπεκρι-

2171 4447 2414 4516 νάμενος
2467 4449 2670 4520 ἑτέραν
2699 4452 2940 4516 ὲὸἀδισι.
2981 4455 3143 4511 τοῦτο
3169 4458 3236 4524 δὴ
3266 4461 3324 4512 τὸ
3355 4463 3547 4524 εἰωθὸς
3577 4464 3726 4528 αὐτῷ.

2101 4540 2144 4596 D
2179 4555 2196 4590 ι
2231 4533 2368 4592 Είτα
2399 4539 2498 4610 οὐχ
2533 4545 2562 4594 ὁ
2600 4543 2795 4612 μέγας,
2841 4551 2996 4618 φησι,
3033 4549 3320 4616 Βασίλειος
3365 4556 3430 4607 ὲκ
3457 4555 3566 4609 τῶν
3595 4558 3730 4624 ἐνερ-

2171 4631 2340 4698 γειῶν
2392 4633 2486 4686 τοῦ
2541 4636 2678 4688 Θεοῦ
2711 4639 2912 4708 φάσκει
2951 4641 3245 4711 γνωρίζειν
3273 4645 3420 4714 ἡμᾶς
3449 4647 3543 4701 τὸν
3571 4647 3725 4712 Θεόν;

2169 4719 2237 4772 Ai
2269 4721 2378 4792 γὰρ
2411 4724 2690 4794 ἐνέργειαι
2721 4727 2910 4792 αὑτοῦ,
2949 4733 3104 4800 φησι,
3135 4733 3271 4803 πρὸς
3305 4735 3454 4802 ημᾶς
3483 4737 3730 4790 καταϐαί-

2169 4825 2379 4874 νουσιν,
2434 4811 2466 4880 ή
2517 4812 2563 4866 δ’
2597 4813 2752 4866 οὐσία
2784 4815 2949 4868 αὑτοῦ
2981 4819 3134 4888 μένει
3181 4823 3728 4891 ἀπρόσιτοςυΤαύτας

2169 4897 2263 4954 οὖν
2295 4901 2396 4966 τὰς
2425 4904 2710 4975 ἐνεργείας
2738 4906 2850 4976 ἔχει
2883 4910 2910 4960 ὁ
2941 4909 3072 4974 Θεὸς
3096 4911 3254 4977 ἄλλος
3284 4913 3360 4967 ὣν
3391 4915 3557 4980 ἄλλας
3581 4915 3728 4977 οὔσας

2170 4997 2264 5046 καί
2317 4996 2629 5060 ἀκτίστους·
2693 4993 2854 5054 αὗται
2913 5004 3022 5073 γάρ
3075 5006 3215 5058 εἰσιν
3267 5007 3324 5060 αἱ
3387 5009 3725 5076 πρόνοιαι,οἱ

2170 5087 2415 5156 πρόοδοι,
2451 5089 2510 5140 τὸ
2547 5089 2799 5160 ἄπειρον,
2861 5095 2922 5147 τὸ
2983 5097 3291 5166 ἄτρεπτον,
3325 5101 3388 5152 τδ
3428 5101 3646 5162 ἁπλοῦν,
3677 5097 3726 5150 το

2168 5177 2430 5246 ἄναρχον,
2485 5179 2547 5230 τὸ
2593 5181 2978 5252 ἀτελεύτητον,
3027 5189 3062 5256 ὴ
3100 5191 3284 5258 σοφία,
3317 5193 3352 5262 ἡ
3397 5189 3726 5262 δύναμιςκαὶ

2167 5269 2234 5320 τὰ
2265 5267 2516 5334 τοιαῦτα,
2544 5273 2682 5326 ἄλλα
2724 5277 2824 5346 μὲν
2858 5278 2989 5332 ὄντα
3024 5284 3174 5350 παρὰ
3219 5285 3320 5354 τὴν
3346 5286 3552 5354 οὐσίαν,
3583 5286 3722 5339 ἄκτι-

2171 5379 2267 5412 ττλ
2307 5363 2384 5416 δέ,
2444 5365 2607 5418 ’Άλλο
2635 5368 2744 5438 γὰρ
2788 5371 2846 5424 τὸ
2885 5371 3008 5441 ἕχον
3065 5379 3160 5428 καὶ
3205 5377 3332 5432 ἄλλο
3371 5380 3433 5432 τὸ
3483 5381 3720 5449 ἐχόμενον

2169 5457 2262 5507 καὶ
2301 5457 2578 5526 διάφορον.
2627 5481 2644 5510 ι

2239 5547 2333 5602 1Ζ’.
2357 5549 2418 5620 μ’.
2441 5551 2537 5604 142.)
2565 5555 2638 5625 1.]
2659 5553 2800 5628 Ιίρ²ις
2829 5561 3000 5614 ταῦτα
3033 5566 3056 5614 ὁ
3088 5565 3372 5636 Γρίγορᾶς
3397 5565 3715 5636 ἁπεκριθεῖςν

2175 5657 2193 5690 ς
2239 5641 2400 5693 "tam
2453 5663 2534 5696 σοι
2569 5648 2748 5708 τοῦτο.
2787 5654 2974 5718 φησὶν,
3023 5649 3067 5708 ὦ
3115 5657 3392 5726 ἄνθρωπε.
3433 5659 3717 5726 γνώρισμα,

2168 5734 2334 5800 μηδὲν
2391 5739 2522 5804 πρὸς
2561 5738 2690 5803 ἔπος
2731 5745 3154 5814 ἀποκρίνεσθαι,
3213 5751 3327 5802 αλλ’
3373 5753 3485 5804 ἀνθ’
3537 5754 3715 5815 ἑτερων

2166 5838 2678 5853 ρ-υιρριι-...ΑΑ-...Ἷ--γ
2793 5838 2802 5848 ⁸

2789 5877 2796 5886 ι

2171 5829 2528 5892 παρεισάγειν
2560 5832 2750 5902 ἔτερα,
2785 5838 3016 5908 ἡμιτελῆ
3051 5844 3116 5893 τὰ
3143 5844 3538 5908 ἀναγκαιότεεα
3569 5859 3716 5893 κατι-
