3966 6560
299 424 417 487 235
1297 413 1732 479 ΒΥΖᾹΝΤΙΝιἘ
1774 412 1893 477 HIS

1996 413 2153 477 >RLE
2180 416 2326 477 LIB.
2350 412 2453 475 XX
2465 415 2530 475 Χ.
3443 405 3550 474 266

299 538 658 610 λιμπάνοντα
726 537 819 591 καὶ
887 512 1074 605 ἀσαφῆ
1130 534 1226 587 καὶ
1278 535 1726 603 ἀνεπεξέργαστα
1780 533 1876 586 καὶ

1996 542 2128 595 sunt,
2148 540 2202 587 et
2232 530 2461 587 obscura
2490 536 2548 585 et
2578 526 2848 584 inexculta
2867 532 2921 583 et
2944 524 3272 583 testimoniis
3288 528 3549 583 carentia.

303 632 630 701 ἀμάρτυρα.
651 628 845 696 Ὅμως
888 628 1060 696 μικρά
1086 627 1180 678 καὶ
1214 624 1484 695 περὶτῶν
1515 624 1613 677 νῦν
1648 641 1733 677 σοι
1794 626 1879 678 λε-

1996 625 2189 679 l'amen
2220 638 2392 694 pauca
2410 624 2574 677 etiam
2601 620 2669 676 de
2695 622 2783 684 iis,
2807 635 2928 691 quas
2960 635 3105 675 nunc
3134 635 3162 673 a
3210 629 3262 675 te
3315 619 3550 674 dicenda

310 723 559 794 χθέντων
617 717 993 788 φθεγξάμενος
1058 714 1468 784 ἀπαλλάξομαι.
1507 715 1569 767 El
1620 714 1751 768 ἀλλο
1819 714 1881 768 τὸ

1996 724 2132 783 sunt,
2169 718 2388 771 locutus
2418 714 2716 769 discedam.
2759 712 2817 769 Si
2854 712 3003 766 aliud
3033 720 3119 767 est
3161 711 3305 781 quod
3341 711 3552 777 habet,

307 817 438 885 ἔχον
486 815 581 867 καὶ
629 812 756 867 ἄλλο
800 811 863 863 τὸ
906 809 1164 878 ἐχόμενον
1222 809 1317 861 καὶ
1368 806 1662 877 διάφορον,
1694 807 1787 861 καὶ
1821 806 1882 859 τὸ

1996 807 2133 863 aliud
2174 807 2322 877 quod
2354 806 2590 862 habetur
2618 812 2675 877 et
2714 804 3011 870 diversum,
3045 817 3110 859 ac
3135 802 3179 857 si
3210 802 3357 872 quod
3387 801 3554 856 habet

312 910 418 976 μὲν
443 906 567 974 ἕχον
604 905 783 964 οὐσία,
820 903 881 953 τὸ
920 899 976 954 δὲ
1007 898 1267 970 ἐχόμενον
1301 898 1402 952 οὐκ
1439 897 1595 951 οὐσία
1629 898 1772 952 κατὰ
1798 898 1881 964 σὲ,

1996 907 2071 954 est
2100 898 2337 954 essentia
2363 937 2379 962 ,
2411 898 2555 967 quod
2585 904 2765 951 autem
2801 895 3030 949 habetur
3064 909 3173 947 non
3204 902 3289 947 est
3315 893 3553 947 essentia

308 997 575 1051 avodatov
629 993 741 1064 ἀρα
788 992 857 1044 ’τὸ
904 992 1183 1061 ἐχόμενον.
1226 988 1337 1042 Kal.
1382 988 1430 1041 εί
1463 989 1496 1057 ή
1526 987 1684 1040 οὐσία
1714 986 1882 1051 Θεὸς,

1996 988 2288 1043 secundum
2340 988 2497 1059 301
2537 996 2609 1052 te,
2643 985 2903 1042 essentize
2935 994 3015 1039 est
3045 998 3239 1054 expers
3272 983 3417 1053 quod
3450 982 3553 1035 ha-

304 1092 374 1141 τδ
418 1086 671 1141 ἀνούσιον
720 1082 830 1152 ἄρα
863 1082 925 1136 οὐ
964 1083 1118 1147 Θεὸς,
1154 1081 1188 1150 ἡ
1219 1079 1470 1149 ἐνέργεια
1511 1077 1735 1147 δηλαδή.
1773 1077 1884 1130 Καὶ

1996 1079 2179 1145 betur;
2216 1093 2280 1133 ac
2327 1079 2371 1133 si
2416 1078 2653 1133 essentia
2679 1084 2765 1131 est
2795 1076 2959 1138 Deus,
3001 1074 3054 1128 id
3089 1074 3253 1144 igitur
3284 1073 3429 1143 quod
3466 1088 3555 1128 es-

307 1180 535 1232 σύνεστι
564 1176 751 1230 λοιπὸν
782 1174 842 1240 ἒξ
874 1174 1046 1227 ἀϊδίου
1081 1174 1149 1243 τῇ
1176 1170 1297 1239 θείᾳ
1342 1170 1438 1223 καὶ
1462 1170 1705 1237 ἀκτίστῳ
1726 1164 1886 1239 οὐσίᾳ

1996 1174 2162 1226 sentia
2195 1181 2346 1226 caret
2380 1185 2489 1225 non
2529 1180 2614 1225 est
2657 1169 2827 1234 Deus,
2862 1167 3151 1224 eilicientia
3182 1166 3464 1229 nimirum,
3498 1175 3556 1219 et

310 1277 347 1342 ή
387 1272 638 1332 ἀνούσιος
669 1268 807 1339 αὕτη
859 1267 952 1321 καὶ
985 1266 1240 1334 διάφορος
1287 1264 1558 1332 ἆνέργεια.
1614 1263 1723 1315 Καὶ
1766 1260 1884 1329 ἅμα

1996 1264 2279 1334 conjuncta
2326 1272 2409 1318 est
2451 1262 2562 1333 jam
2613 1275 2828 1329 semper
2857 1269 2912 1313 ct
2955 1273 3021 1312 ex
3059 1257 3208 1312 onmi
3249 1258 3554 1312 aeternitate

304 1363 441 1423 δυάς
476 1363 509 1430 ἡ
546 1360 763 1413 πάντων
810 1357 954 1428 ἀρχή
995 1373 1078 1408 σοι
1127 1354 1363 1423 γίνεται,
1395 1354 1457 1406 τὸ
1505 1352 1883 1417 ἀτοπώτατον,

1996 1354 2185 1409 divina:
2217 1363 2274 1409 et
2306 1353 2559 1407 increatte
2584 1352 2836 1408 essentia:
2874 1351 2991 1404 hac
3013 1348 3250 1404 essentia
3278 1364 3472 1404 carens
3496 1358 3555 1405 et

312 1454 521 1521 ἑαυτῆς
578 1452 916 1519 διαφέρουσα
971 1448 1067 1500 καὶ
1127 1444 1313 1506 ἀϊδίως
1365 1446 1529 1512 ἑαυτῇ
1580 1444 1883 1512 μαχομένη.

1996 1448 2205 1501 diversa
2257 1444 2579 1509 emcientia,
2639 1444 2909 1513 simulque
2950 1442 3277 1512 principium
3309 1443 3553 1497 omnium

322 1544 469 1597 Ἀλλ’
515 1547 541 1595 ὁ
578 1543 717 1603 θεῖος
748 1541 1019 1609 Μάξιμος,
1058 1557 1074 1588 ι
1114 1538 1188 1591 Ού
1238 1534 1661 1605 συνθειορεῑσοαι
1691 1534 1723 1603 ἢ
1758 1550 1887 1585 συν-

1996 1539 2086 1593 tibi
2132 1536 2316 1593 evadit
2347 1537 2478 1608 dyas
2509 1536 2849 1606 iueptissima
2879 1552 2910 1589 a
2940 1550 2998 1591 se
3042 1537 3162 1605 ipsa
3199 1535 3459 1591 diﬂ'erens
3486 1547 3544 1591 et

312 1634 741 1701 επιθειιιρεῖσθαι
789 1631 1011 1683 δύναταί
1056 1647 1130 1693 τι,
1178 1628 1332 1696 φησι,
1386 1628 1466 1696 τῷ
1500 1626 1618 1695 Θεῷ
1648 1626 1768 1677 κατ’
1798 1626 1889 1677 οὖν

1996 1645 2205 1701 scmper
2226 1644 2411 1683 secum
2437 1643 2707 1698 pugnans.
2731 1628 2837 1683 Sed
2865 1628 3128 1684 Maximus
3156 1629 3555 1693 divinus,¢Nun

314 1726 442 1777 σίαν
476 1726 735 1793 διάφορον
771 1722 828 1787 ἐξ
875 1721 1069 1783 άῑδίου,
1100 1720 1200 1770 οὐκ
1228 1716 1385 1780 αἰὼν,
1420 1720 1480 1770 οὐ
1526 1718 1737 1786 χρύνος,
1769 1717 1887 1768 οὐδέ

1996 1726 2189 1789 potest,
2252 1719 2451 1787 inquit.
2506 1718 2797 1787 cogitando
2827 1719 2947 1773 dari
2994 1732 3089 1775 aut
3127 1720 3354 1776 attribui
3390 1720 3554 1790 quid-

312 1836 369 1867 τι
399 1818 507 1868 τῶν
541 1816 747 1875 τούτοις
775 1812 1227 1880 ὲνδιαιτωμένων·
1261 1812 1320 1863 οὐ
1350 1812 1459 1881 γάρ
1492 1809 1889 1880 συμϐαίνουσιν

1996 1826 2153 1880 quam
2186 1811 2317 1873 Deo,
2359 1810 2503 1880 quod
2536 1812 2606 1864 sit
2642 1810 2710 1864 ab
2741 1812 2859 1881 ejus
2887 1813 3121 1867 essentia
3153 1812 3456 1874 diversum.
3488 1827 3556 1866 ex

310 1908 569 1975 ἀλλήλοις
604 1904 819 1957 πώποτε
854 1905 914 1955 τὸ
948 1903 1153 1973 κυρίως
1189 1896 1330 1955 εἶναι
1373 1904 1467 1955 καὶ
1501 1905 1562 1955 οὺ
1596 1904 1819 1970 κυρίως.
1863 1919 1882 1953 ι

1996 1901 2142 1955 omni
2191 1900 2520 1965 aeternitate,
2544 1917 2652 1955 non
2687 1917 2862 1956 aevum
2888 1943 2901 1964 ,
2936 1918 3043 1956 non
3089 1912 3331 1973 tempus,
3380 1916 3558 1971 neque

314 2001 429 2053 Καὶ
470 2001 563 2050 πά)
580 2016 627 2049 ιν
674 1997 902 2065 ἄπειρον
950 1992 1089 2047 εἶναι
1119 1994 1284 2048 δυάδα
1317 1994 1565 2064 οὐδαμῶς
1592 1994 1889 2064 ἐνδέχεται·

1996 1991 2291 2061 quidquam
2340 2007 2529 2045 eorum
2583 2008 2702 2061 quae
2760 1994 2813 2047 in
2870 1994 2951 2046 his
3002 2003 3324 2061 versantur;
3380 2008 3558 2061 neque

312 2094 376 2144 ai.
411 2092 519 2159 γὰρ
554 2089 673 2141 κατ’
719 2088 889 2157 αὐτὴν
942 2088 1170 2157 μονάδες
1229 2085 1489 2162 ἀλλήλαις
1545 2087 1685 2138 κατὰ
1714 2086 1892 2153 παρά-

1996 2083 2141 2135 enim
2193 2083 2681 2137 accommodantur
2731 2083 2833 2137 sibi
2907 2084 3140 2139 invicem
3210 2099 3451 2154 unquam
3502 2084 3553 2137 id

317 2183 472 2234 θεσιν
502 2179 948 2248 συνυπάρχουσαι
975 2177 1211 2247 ἀλλήλας
1236 2175 1530 2247 ὁρίζουσιν,
1556 2178 1603 2227 εί
1625 2176 1680 2228 δὲ
1707 2175 1887 2239 τοῦτο,

316 2273 430 2326 οὐδ’
467 2273 734 2341 ἄναρχον·
770 2270 910 2339 ἁρχὴ
941 2269 1047 2338 γὰρ
1079 2271 1257 2337 πάσης
1296 2267 1485 2329 δυάδος
1519 2267 1702 2335 μονάς.
1743 2267 1803 2318 Ei
1832 2265 1888 2317 δὲ

320 2366 400 2433 μὴ
428 2364 689 2433 ἄναρχον,
714 2362 822 2415 οὐδ’
848 2362 1125 2431 ἀκίνητονο
1162 2362 1397 2413 κινεῖται
1431 2359 1540 2429 γὰρ
1562 2360 1640 2427 τῷ
1670 2356 1890 2428 ἀριθμῷ

315 2458 387 2509 ἐκ
433 2455 679 2525 μονάδων
744 2451 867 2505 καθ’
925 2451 1143 2512 ἕνωσιν,
1205 2449 1266 2501 τὸ
1311 2448 1367 2501 δὲ
1426 2447 1745 2517 κινούμενον
1789 2447 1889 2499 οὐκ

322 2548 496 2617 ἀρχὴ,
530 2545 645 2599 ἀλλ’
678 2543 738 2608 ἐξ
767 2542 963 2612 ἀρχῆς,
992 2542 1193 2611 δηλαδὴ
1226 2540 1319 2592 τοῦ
1365 2540 1664 2602 κινοῦντος.
1703 2538 1891 2602 Μονάς

319 2639 382 2690 δὲ
414 2642 553 2705 μόνη
604 2620 811 2704 κυ’ρίως
856 2634 1132 2700 ἀκίνητος.
1186 2630 1607 2698 Πεπερασμέναι
1650 2647 1731 2683 σοι
1780 2630 1890 2696 ἄρα

318 2733 418 2784 καὶ
450 2729 543 2781 ὑπ’
577 2728 751 2798 ἀρχὴν
795 2726 851 2779 αἱ
884 2725 1160 2795 Θεότητες,
1192 2724 1471 2792 ἀνθρωπεο
1504 2725 1600 2775 καὶ
1626 2726 1674 2775 εί
1708 2723 1887 2786 τοῦτο,

317 2822 659 2889 διαστήμασι
704 2818 947 2879 τοπικοῖς
973 2834 1035 2869 τε
1071 2818 1170 2868 καὶ
1215 2817 1488 2884 χρονικοῖς
1533 2815 1890 2869 δεδουλεύκα-

322 2931 437 2967 σιν.
460 2913 771 2981 κτίσμασιν
801 2910 911 2978 ἀρα
936 2907 1217 2979 λατρεύων
1248 2907 1409 2970 αὐτὸς
1433 2906 1734 2976 ἐλελήθεις.
1768 2908 1891 2961 Ἔτι

317 3006 375 3058 εἰ
404 3004 546 3055 κατὰ
581 3003 641 3055 σὲ
673 3001 859 3070 ἕτερον
899 3000 1067 3053 οὐσία
1096 3000 1191 3051 καὶ
1222 2998 1411 3067 ἕτερον
1441 2998 1573 3061 Θεὸς
1613 3000 1642 3050 ὁ
1669 2999 1770 3067 τὴν
1799 2998 1892 3051 οὑ-

322 3097 450 3150 σίαν
477 3094 615 3164 ἔχων
654 3093 748 3146 καὶ
798 3092 1053 3159 διάφορος
1082 3090 1181 3160 τῆς
1228 3092 1439 3153 οίκείας
1491 3090 1703 3154 οὐσίας,
1742 3088 1892 3143 ἐστιν

1994 2175 2141 2243 quod
2169 2176 2387 2245 proprie
2421 2175 2623 2243 aliquid
2646 2186 2729 2229 cst
2754 2185 2808 2230 et
2838 2176 2982 2245 quod
3022 2193 3128 2230 non
3155 2168 3396 2247 proprie.
3440 2198 3457 2229 ι
3491 2178 3559 2232 Ει

1995 2283 2186 2322 rursus
2220 2268 2432 2321 infinita
2458 2281 2578 2322 esse
2602 2269 2735 2338 dyas
2764 2269 2913 2323 nullo
2946 2268 3106 2322 modo
3132 2277 3344 2337 potest;
3371 2285 3577 2343 mouag

1995 2362 2093 2413 des
2128 2359 2273 2413 enim
2311 2359 2453 2411 inea
2485 2369 2549 2411 ex
2582 2359 2990 2427 comparatione
3031 2359 3346 2427 composita:
3382 2375 3440 2414 se
3474 2359 3560 2413 in-

1994 2451 2170 2504 vicem
2206 2449 2514 2504 deﬂniunt:
2548 2450 2631 2506 sin
2668 2458 2848 2503 autem
2896 2450 2997 2504 hoc
3044 2459 3145 2509 est,
3196 2466 3303 2503 non
3350 2460 3433 2505 est
3469 2450 3558 2505 illa

1995 2541 2247 2612 principii
2274 2556 2507 2612 expers;
2533 2542 2863 2612 principium
2888 2542 3031 2595 enim
3054 2540 3244 2612 dyadis
3271 2542 3452 2596 omnis
3477 2553 3563 2596 est

1995 2648 2205 2687 monas.
2242 2631 2448 2699 Quodsi
2478 2632 2568 2687 illa
2600 2635 2709 2687 non
2740 2641 2823 2686 est
2848 2632 3097 2702 principii
3124 2648 3340 2702 expers.
3367 2633 3558 2688 eadem

1998 2740 2105 2779 non
2124 2732 2210 2779 est
2243 2722 2490 2779 immota.
2508 2722 2753 2777 Movetur
2780 2722 2925 2777 enim
2956 2736 3186 2776 numero
3211 2738 3277 2777 ex
3307 2724 3563 2778 monadi»

1958 2816 1965 2821 ’
1995 2819 2095 2873 bus
2125 2816 2426 2873 secundum
2442 2815 2919 2881 consociationem;
2944 2815 3087 2885 quod
3109 2825 3289 2870 autem
3312 2830 3563 2873 movetur

1993 2917 2101 2965 non
2126 2918 2210 2964 est
2238 2908 2567 2979 principium
2600 2948 2613 2973 ,
2662 2906 2757 2962 sed
2782 2912 3047 2961 'movetur
3073 2923 3139 2963 ex
3172 2909 3441 2978 principio
3474 2910 3563 2964 ni—

1997 3003 2197 3057 mirUm
2230 3010 2500 3056 movente.
2533 3000 2722 3054 Menas
2751 3007 2933 3054 autem
2962 3001 3077 3056 sola
3106 3000 3327 3072 praprie
3349 3010 3434 3058 est
3465 3002 3565 3057 im-

1997 3098 2165 3147 mota.
2194 3090 2465 3161 Subiecta:
2498 3089 2666 3159 igitur
2688 3089 2785 3145 tibi
2821 3099 2950 3146 sunt
2979 3133 2993 3157 ,
3026 3092 3222 3157 amice,
3260 3094 3424 3149 etiam
3456 3094 3561 3149 sub

323 3188 440 3255 ἄρα
468 3186 600 3248 Θεὸς
635 3183 885 3244 ἀνούσιος
916 3181 1012 3234 καὶ
1038 3180 1196 3234 οὐσία
1240 3179 1375 3233 Θεοῦ
1416 3179 1593 3243 ἄθεος.
1622 3179 1761 3247 Φησὶ
1785 3179 1893 3251 γάρ

1996 3183 2336 3255 principium
2368 3180 2731 3248 divinitatea;
2770 3183 2967 3252 quodsi
3015 3184 3120 3239 hoc
3156 3188 3562 3250 est,mensuris

321 3280 422 3331 atat
458 3281 491 3331 δ
533 3275 831 3329 Νυσσαέων
861 3272 1245 3344 Γρηγόριος,.ι
1281 3274 1344 3325 Ei
1377 3272 1440 3325 τὸ
1490 3272 1695 3341 ἀγαθὸν
1720 3270 1803 3335 ὃν,
1834 3272 1897 3326 τὸ

320 3370 569 3439 πονηρὸν
619 3369 721 3421 οὐκ
764 3368 843 3421 δνο
876 3370 924 3421 εί
974 3367 1031 3419 δὲ
1080 3366 1143 3438 τὸ
1181 3365 1419 3436 πονηρὸν
1454 3362 1536 3431 δν,
1591 3364 1652 3417 τὸ
1690 3363 1896 3433 ἀγαθὸν

322 3465 427 3516 οὐκ
456 3457 536 3527 δν,
563 3462 707 3514 κατὰ
746 3462 838 3513 τὸν
893 3461 1006 3513 τῶν
1059 3461 1285 3530 ἀμέσων
1343 3458 1605 3513 ἐναντίων
1651 3458 1830 3527 λόγον.
1870 3476 1888 3510 ι

324 3556 494 3607 Ὠστε
529 3553 816 3606 πολυοεῒαν
847 3550 1252 3621 ἀγωνιζόμενος
1305 3566 1492 3602 συνιστ
1505 3550 1567 3620 ᾷν
1600 3549 1775 3612 ἑάλως
1803 3549 1899 3602 καὶ

323 3646 521 3699 ἁδεῖαν
545 3645 739 3709 νοσῶν,
769 3645 839 3698 τὰ
866 3646 938 3709 ὲκς
968 3644 1270 3713 διαμέτρου
1297 3641 1466 3696 κακά’
1497 3642 1593 3695 καὶ
1638 3642 1899 3695 πέπτωκε

323 3738 414 3791 διὰ
451 3737 699 3807 βραχίων
732 3736 800 3789 τὰ
826 3735 934 3788 τῶν
970 3734 1081 3787 σῶν
1130 3734 1482 3805 ἀκροπόλεων
1537 3732 1896 3804 ὀχυρώματα,

326 3830 419 3895 ἐφ’
451 3821 530 3887 οἷς
586 3825 921 3889 ὲπεποίθεις.
958 3826 1080 3878 Ἔτι
1127 3826 1236 3894 μὴν
1278 3825 1575 3896 ἐπειδήπερ
1618 3808 1747 3878 ἀλλῖ)
1790 3825 1899 3895 φῇς

326 3916 576 3973 εἶναιτὸ
622 3919 763 3988 ἔχον,
812 3918 940 3971 ἀλλο
994 3917 1052 3971 δὲ
1113 3919 1175 3971 τὸ
1235 3919 1392 3971 ἑκτὸν
1458 3920 1552 3969 καὶ
1614 3918 1895 3989 διάφορον,

328 4012 503 4079 φαίης
554 4011 619 4064 ἂν
658 4011 756 4061 καὶ
802 4008 931 4062 ἄλλο
960 4008 1063 4077 μὲν
1091 4009 1149 4073 ἐξ
1182 4008 1428 4077 ἀνάγκης
1455 4003 1596 4060 εἶναι
1621 4008 1715 4059 τὸν
1741 4008 1896 4070 Θεὸν,

324 4100 463 4154 ἄλλο
494 4099 552 4152 δὲ
580 4098 678 4169 τὴν
705 4097 942 4167 ὓπαρξιν
970 4098 1158 4150 αὐτοῦ’
1188 4098 1407 4165 λέγεται
1452 4102 1556 4168 γὰρ
1588 4100 1615 4149 ὁ
1640 4098 1772 4160 Θεὸς
1803 4099 1900 4153 καὶ

327 4191 519 4244 οὐσίαν
546 4190 608 4262 [ἴ.
646 4191 746 4244 142
785 4190 862 4262 υ.]
902 4191 1047 4260 ἔχειν
1094 4190 1189 4242 καὶ
1240 4189 1493 4260 ὓπαρξιν.
1544 4191 1737 4244 Ἔσται
1791 4191 1900 4261 ἄρα

329 4285 476 4335 κατά
507 4284 563 4334 σὲ
597 4283 728 4344 Θεὸς
757 4283 1108 4352 ἀνύπαρκτος
1147 4281 1242 4334 καὶ
1280 4280 1518 4351 ὓπαρξις
1551 4282 1685 4334 Θεο)
1717 4281 1896 4343 ἄθεος.

331 4377 448 4427 Καὶ
481 4374 609 4444 περὶ
640 4375 735 4443 τῆς
778 4374 1058 4444 ἐνεργείας
1083 4372 1128 4426 δ’
1156 4373 1357 4443 ὁμοίως
1386 4372 1605 4425 λεκτέον
1637 4373 1732 4426 καὶ
1757 4375 1898 4442 ἐρω-

324 4466 564 4535 τητέον,
614 4467 661 4517 εί
699 4467 734 4535 ή
785 4465 1036 4535 ἐνέργεια
1090 4464 1205 4534 ἔχει
1259 4464 1543 4536 ἐνέργειαν
1581 4466 1766 4535 ἀλλην.
1835 4463 1897 4516 Ei

1996 3275 2241 3329 locorum
2276 3283 2332 3329 et
2364 3283 2673 3344 temporum
2706 3263 3046 3342 inserviunt;
3072 3288 3255 3332 creata
3276 3277 3442 3348 igitur
3467 3294 3563 3333 co-

1997 3361 2067 3416 lis
2100 3363 2346 3431 ignarus.
2382 3362 2500 3418 Iam
2552 3377 2683 3418 vero
2715 3363 2761 3419 si
2807 3375 2875 3419 ex
2932 3374 3024 3421 tua
3087 3367 3356 3423 sententia
3416 3368 3561 3423 aliud

1996 3461 2083 3507 est
2102 3453 2533 3517 essentia,aliud
2566 3454 2711 3509 Deus
2736 3454 2830 3525 qui
2858 3456 3150 3511 essentiam
3178 3458 3365 3524 habet;
3395 3469 3450 3513 et
3480 3458 3565 3513 di-

1997 3560 2189 3602 versus
2206 3556 2298 3603 est
2325 3563 2355 3603 a
2381 3563 2478 3604 sua
2505 3548 2679 3621 ipsius
2708 3551 2970 3614 essentia.
2997 3558 3081 3606 est
3108 3549 3272 3622 igitur
3298 3551 3439 3606 Deus
3475 3552 3530 3605 in
3547 3578 3564 3590 -

1997 3637 2309 3694 essentialis
2325 3639 2485 3712 302
2506 3650 2562 3697 et
2588 3642 2824 3698 essentia
2852 3642 2944 3697 Dei
2967 3641 3255 3699 divinitate
3276 3642 3561 3698 destituta.

1997 3731 2090 3787 Ait
2118 3732 2263 3787 enim
2292 3733 2457 3788 etiam
2481 3734 2775 3803 Gregorius
2799 3735 3077 3807 Nyssenus
3096 3736 3209 3792 :tSi
3237 3737 3442 3791 bonum
3457 3746 3561 3801 est,

2001 3835 2227 3890 pravum
2262 3835 2371 3876 non
2421 3833 2540 3889 est;
2578 3824 2658 3878 sin
2686 3833 2869 3880 autem
2919 3839 3147 3895 pravum
3186 3835 3312 3892 est.
3359 3828 3561 3881 bonum

1999 3926 2109 3967 non
2146 3924 2250 3978 est,
2282 3916 2588 3970 secundum
2634 3932 2754 3971 eam
2787 3919 3077 3983 rationem,
3109 3919 3254 3989 quod
3286 3920 3563 3974 contraria

1991 4005 2253 4083 componi
2296 4019 2403 4060 non
2437 4016 2688 4075 possunt.
2738 4026 2758 4059 ι
2790 4008 2979 4078 Itaque
3018 4025 3141 4064 cum
3174 4011 3375 4064 multos
3432 4013 3565 4065 deos

1998 4109 2330 4163 componere
2355 4095 2758 4160 contenderes,
2790 4095 3171 4166 deprehensus
3203 4113 3263 4152 es
3296 4099 3459 4152 etiam
3495 4115 3561 4152 ex

2000 4185 2292 4256 negatione
2322 4186 2487 4241 unius
2532 4187 2621 4241 Dei
2660 4196 2951 4257 aegrotans,
2986 4202 3108 4257 qua!
3154 4196 3281 4242 sunt
3329 4190 3563 4243 maxime

1999 4277 2246 4347 opposita
2284 4278 2447 4343 mala,
2488 4287 2544 4333 et
2575 4278 2933 4333 conciderunt
2960 4279 3143 4349 parvis
3187 4278 3397 4337 arcium
3443 4291 3562 4335 tua-

2000 4382 2123 4422 rum
2154 4367 2375 4421 castella
2406 4377 2463 4423 et
2490 4368 2858 4433 munitiones,
2887 4371 3092 4440 quibus
3132 4371 3371 4426 conlisus
3417 4387 3561 4427 eras.
3606 4394 3623 4429 ι

2000 4458 2209 4515 Deinde
2233 4468 2417 4514 autem
2434 4460 2692 4530 quoniam
2716 4460 2864 4515 aliud
2896 4462 3035 4517 dicis
3057 4476 3178 4518 esse
3197 4463 3340 4532 quod
3374 4463 3561 4526 habet.
3607 4443 3611 4452 l

326 4559 440 4625 γάρ
476 4558 611 4626 ἔχει,
656 4557 749 4610 δύο
792 4556 921 4628 ἀραο
982 4556 1077 4609 καὶ
1125 4558 1171 4609 εἰ
1230 4555 1344 4619 δύο,
1377 4556 1611 4625 διάφορα
1645 4557 1891 4617 πάντως·

1998 4550 2145 4605 aliud
2186 4550 2333 4620 quod
2368 4551 2603 4607 habetur
2647 4557 2700 4605 et
2750 4551 3031 4608 diversum
3059 4592 3075 4617 ,
3130 4553 3364 4609 fortasse
3412 4553 3563 4610 dices

325 4649 462 4704 ἄλλο
507 4648 617 4717 γάρ
648 4648 757 4700 δεῖν
792 4644 934 4701 εἶναι
986 4647 1127 4716 ἔφης
1180 4646 1275 4699 τοῦ
1332 4646 1592 4716 ἐχομένου
1643 4645 1705 4697 τὸ
1748 4645 1893 4713 ἕχον.

326 4744 442 4795 Καὶ
471 4740 678 4808 γίνεταί
708 4757 791 4799 τις
818 4743 1226 4807 τερατόμορφος
1257 4737 1725 4807 ὲνεργοενέργεια.
1758 4735 1819 4787 Et
1840 4734 1897 4787 δὲ

330 4833 411 4901 μὴ
445 4832 623 4894 τοῦ-ο,
655 4832 752 4883 οὐκ
780 4829 845 4882 ἂν
871 4830 957 4900 εἴη
987 4829 1083 4898 τὴν
1110 4830 1391 4897 ἐνέργειαν
1416 4826 1560 4896 ἔχειν
1592 4826 1892 4895 ἐνέργειαν.

326 4924 442 4975 Καὶ
472 4923 813 4991 συμϐήσεται
862 4919 962 4989 τὴν
994 4918 1253 4985 τοιαύτην
1285 4917 1568 4987 ἐνέργειαν
1602 4917 1895 4985 ἀνενέργη-

322 5028 419 5064 τον
456 5008 615 5063 εἶναι.
654 5012 724 5063 Τὸ
760 5003 804 5062 δ’
836 5010 1201 5079 ἀνενέργητον
1256 5012 1352 5065 καὶ
1392 5011 1738 5078 ἀνύπαρκτον
1771 5009 1892 5063 καθ’

322 5104 396 5173 ἢν
427 5103 819 5173 βωμολοχήσας
852 5102 1167 5171 προΰοηκας
1200 5101 1348 5154 Θέσιν
1380 5119 1437 5155 τε
1487 5103 1580 5154 καὶ
1625 5101 1893 5170 πρότασιν

325 5194 509 5254 αὐτός.
540 5192 611 5242 Τὸ
636 5192 742 5257 γὰρ
774 5188 848 5258 μὴ
900 5189 1043 5258 ἔχον,
1074 5189 1229 5258 ἔφης,
1278 5188 1560 5258 ἐνέργειαν
1605 5186 1720 5239 οὔτ’
1746 5187 1895 5239 ἔστιν

321 5281 451 5334 οὔτε
487 5282 539 5333 τί
574 5283 741 5332 ἐστιν’
772 5277 885 5330 οὔτ’
922 5279 1037 5329 ἐστι
1067 5278 1342 5339 παντελῶς
1386 5275 1554 5328 αὐτοῦ
1597 5275 1772 5336 Θέσις,
1800 5275 1896 5328 καὶ

328 5371 579 5425 ἀπόλωλέ
613 5388 694 5423 σοι
730 5372 789 5423 τὸ
816 5369 1139 5437 σπούδασμα
1161 5364 1226 5421 δι’
1251 5367 1429 5435 ὀλίγου
1451 5367 1544 5419 καὶ
1567 5366 1663 5434 τῆς
1690 5364 1894 5433 μοχθηο

325 5466 428 5532 ρᾶς
466 5462 738 5529 γεωργίας
789 5462 817 5512 ὁ
861 5461 1084 5528 στάχυς,
1142 5458 1174 5527 ἢ
1236 5461 1291 5520 ἐς
1344 5457 1693 5525 ἀνύπαρκτον
1744 5456 1891 5524 ἡμᾶς

321 5552 707 5621 δογματίζοντι
760 5550 1041 5602 πιστεύειν
1103 5550 1255 5618 ἦείς
1315 5547 1578 5601 σύνθετον
1628 5545 1889 5613 Θεότητα.

339 5644 709 5698 Ἐναντιοῦται
732 5645 839 5714 γάρ
881 5661 966 5696 σοι
1006 5641 1100 5693 καὶ
1137 5641 1165 5693 ὁ
1196 5640 1339 5704 θεῖος
1375 5638 1664 5711 Κύριλλος,
1690 5639 1892 5693 ἄτοπον

322 5733 464 5789 εἶναι
498 5736 723 5803 φάσκων
757 5738 817 5786 τὸ
875 5735 1053 5801 λέγειν
1113 5731 1368 5799 τοιαύτην
1420 5730 1567 5799 ἔχειν
1622 5729 1713 5782 τὸν
1761 5729 1894 5781 Θεὸν

336 5827 436 5897 τὴν
464 5826 669 5896 γνῶσιν
689 5827 882 5877 ὁποίαν
913 5829 1006 5877 καὶ
1032 5826 1215 5894 ἡμεῖς’
1250 5824 1298 5874 εἰ
1323 5823 1429 5891 γὰρ
1461 5820 1699 5893 [ὥσπερ]
1735 5822 1893 5891 ἡμεῖς

659 5922 922 5979 ΡΑτῐιοι.
958 5922 1073 5978 Gn.
1122 5920 1214 5981 CX
1231 5917 1388 5977 ΗΧ.

1998 4642 2163 4697 etiam
2191 4642 2338 4697 aliud
2367 4658 2490 4699 esse
2517 4644 2832 4699 necessario
2862 4643 3057 4709 Deum,
3098 4644 3244 4700 aliud
3279 4647 3397 4717 ejus
3429 4648 3562 4701 sub-
3643 4640 3651 4645 ’

2001 4732 2289 4788 stantiam.
2336 4734 2547 4789 Dicitur
2591 4734 2740 4790 enim
2772 4734 2914 4791 Deus
2949 4746 3006 4791 et
3034 4739 3325 4792 essentiam
3363 4738 3562 4793 habere

1998 4830 2053 4876 et
2081 4821 2465 4878 substantiam.
2494 4822 2610 4878 Erit
2648 4824 2813 4893 igitur
2860 4841 2926 4879 ex
2973 4834 3063 4879 tua
3113 4827 3385 4882 sententia
3417 4827 3562 4883 Deus

2000 4928 2109 4966 non
2139 4914 2551 4978 substantialis,
2580 4916 2637 4969 et
2670 4916 2974 4969 substantia
3015 4916 3110 4972 Dei
3146 4919 3433 4973 divinitate
3462 4919 3564 4972 dc-

1996 5004 2204 5060 stituta.
2236 5004 2302 5058 Et
2360 5005 2427 5060 de
2475 5007 2762 5060 ellicientia
2813 5007 2956 5061 idem
2997 5004 3291 5062 dicendum
3351 5010 3456 5062 erit
3504 5021 3562 5065 ct

1996 5096 2394 5161 quaerendum.
2456 5110 2586 5148 num
2648 5095 2933 5150 elﬁcientia
2990 5098 3186 5151 habeat
3217 5096 3559 5152 cllicieutiam

1998 5184 2184 5239 aliam.
2209 5185 2423 5240 Etenim
2455 5187 2498 5240 si
2528 5186 2714 5251 habet,
2741 5197 2868 5242 sunt
2898 5188 3064 5258 igitur
3098 5194 3227 5252 duo,
3259 5205 3321 5245 ac
3352 5190 3399 5243 si
3426 5189 3556 5251 duo.

1998 5273 2213 5327 diversa
2241 5275 2507 5339 omnino;
2541 5276 2684 5331 aliud
2717 5279 2862 5331 enim
2893 5288 3148 5347 Oportere
3176 5295 3297 5335 esse
3333 5280 3557 5334 dicebas

1996 5372 2160 5434 atque
2182 5365 2233 5419 id
2257 5366 2399 5435 quod
2429 5366 2661 5421 habetur
2682 5367 2735 5421 id
2758 5370 2903 5438 quod
2932 5370 3115 5433 habet.
3138 5380 3195 5425 et
3218 5373 3392 5427 oritur
3411 5387 3559 5441 (ιορ-

1998 5454 2121 5509 dam
2147 5456 2346 5509 mirum
2382 5457 2436 5509 in
2470 5457 2691 5512 modum
2717 5442 2950 5514 formata
2980 5460 3285 5517 eﬂicientiaz
3313 5461 3558 5517 elﬁcien-

1999 5549 2103 5614 tia;
2138 5548 2219 5601 sin
2252 5558 2431 5602 autem
2464 5551 2567 5605 hoc
2597 5566 2786 5605 verum
2825 5568 2932 5609 non
2956 5563 3059 5619 est,
3094 5571 3198 5609 nou
3231 5567 3415 5626 potest
3443 5556 3557 5612 elli-

1998 5638 2196 5691 cientia
2213 5638 2556 5694 eilicientiam
2577 5639 2805 5704 habere,
2827 5651 2885 5697 et
2905 5653 3164 5712 sequetur
3186 5654 3245 5698 ut
3265 5644 3555 5704 efﬁcientia

1996 5729 2262 5794 ejusmodi
2310 5730 2378 5782 sit
2427 5730 2694 5785 ineﬂicax.
2736 5732 2891 5797 Quod
2937 5744 3118 5788 autem
3163 5735 3409 5793 ineﬂicax
3449 5754 3586 5804 est,-

1998 5817 2161 5872 etiam
2184 5826 2267 5871 est
2292 5833 2396 5870 nou
2420 5820 2799 5888 substantiale,
2816 5825 3117 5878 secundum
3138 5843 3280 5894 eam,
3305 5843 3467 5899 quam
3495 5842 3550 5883 tu

3084 5920 3121 5979 9
