3856 6590
247 491 338 554 269

1211 474 1649 535 ΒΥΖᾹΧἸῚΝᾹΕ
1682 474 2062 534 ιιιδΤΟιιιΕ
2104 477 2243 536 LIB.
2290 475 2468 533 XXX.

3334 470 3440 533 2'20

248 598 607 666 ἀναπέφανται.
667 592 727 643 Ei
782 590 826 643 δ’
871 591 1068 656 ἔξωθεν
1114 590 1228 661 ἔχει
1266 592 1325 643 τὸ
1355 591 1610 645 ἄκτιστον
1648 584 1785 641 εἷναι

1899 589 2242 657 reprehendit
2321 584 2669 659 pulytbei'smi
2751 587 3192 651 absurditatcm;
3251 587 3448 657 dogma

248 695 301 747 τὸ
331 692 585 748 ἄκτιστον,
620 685 715 737 καὶ
742 684 1000 755 διάφορον
1027 686 1266 751 πάντως
1296 685 1346 738 εί
1387 683 1491 752 γὰρ
1527 683 1625 735 οὐκ
1656 682 1773 734 ἔστι

250 780 455 851 διαφορὲι
488 778 621 848 πρὸς
658 777 913 831 ᾶκτιστον
958 756 1243 842 ἇκτίστου,
1271 779 1373 830 οὐκ
1422 776 1488 829 ἂν
1515 778 1603 843 εἴη
1633 775 1777 843 ἔχειν

249 869 453 934 ateriae
480 871 755 923 ἄκτιστον.
790 869 860 921 Ἦ
895 867 1029 935 γοῦν
1063 867 1414 939 ἀνύπαρκτόν
1444 884 1528 918 σοι
1566 865 1777 933 γίνεται

251 969 300 1018 τὸ
321 966 554 1018 ἄκτιστον
570 959 748 1023 τοῦτο,
777 960 810 1030 ἢ
838 959 979 1013 δυοῖν
998 961 1243 1032 θάτερον,
1269 962 1300 1028 ἢ
1332 958 1776 1012 ἀκτιστόκτιστον

249 1059 276 1126 ῆ
301 1051 749 1109 ἁκτιστοάκτιστον
770 1053 864 1105 καλ⁵
891 1052 1028 1123 πρὸς
1058 1051 1217 1104 ἑαυτὸ
1244 1050 1531 1113 στασιάζον
1567 1050 1777 1118 ἀνάγκη

246 1146 488 1214 λέγεσθαι.
516 1142 797 1212 Γνώριμον
826 1144 966 1215 γὰρ.
1006 1139 1088 1207 οἷς
1144 1145 1239 1198 καὶ
1284 1142 1529 1196 ὁπωσοῦν
1557 1142 1780 1211 λογικῆς

247 1238 467 1308 μέτεστιν
484 1234 815 1304 ἐπιστήμης,
834 1234 940 1289 τῶν
968 1235 1274 1305 ὁμωνύμων
1297 1231 1434 1288 εἶναι
1460 1234 1555 1287 καὶ
1580 1234 1782 1303 ἥκιστα

243 1327 399 1396 ἁπλῆν
451 1326 547 1395 τὴν
576 1324 673 1378 τοῦ
712 1325 855 1394 ἔχειν
910 1326 1117 1394 φωνὴν,
1140 1327 1247 1380 καῖ’
1270 1324 1346 1396 μὴ
1374 1327 1535 1393 μόνον
1573 1327 1640 1395 τῇ
1672 1324 1783 1377 τῶν

244 1420 334 1484 ἔξω
355 1417 523 1485 σοφῶν
551 1400 828 1489 ἐπιστήμῃ
856 1417 1055 1484 δοκεῖν,
1085 1418 1168 1471 δτι
1196 1416 1272 1487 μὴ
1300 1417 1396 1470 καὶ
1430 1418 1599 1470 πᾶσιν
1647 1413 1783 1479 ὁμοῦ

242 1513 336 1574 τοῖς
358 1509 455 1561 τῶν
478 1508 640 1562 θείων
654 1511 753 1577 τῆς
768 1508 1094 1573 Ἐκκλησίας
1117 1508 1403 1577 δογμάτων
1423 1510 1606 1576 σοφοῖς
1637 1507 1785 1562 διδα-

244 1601 452 1663 σκάλοις,
491 1598 556 1672 [ί.
613 1599 715 1656 145
742 1599 819 1673 r.]
867 1595 944 1655 ὧν
987 1596 1069 1665 εἷς
1122 1601 1254 1672 ἡμῖν
1304 1601 1384 1663 είς
1443 1599 1786 1653 διδασκαλίαν

244 1694 521 1761 ἀποχρήσει
559 1691 799 1762 τήμερον
846 1692 1102 1762 Ἰωάννης
1129 1693 1159 1745 ὁ
1190 1691 1330 1754 θεῖος
1372 1693 1437 1744 ὲκ
1467 1690 1784 1762 Δαμασκοῦ,

243 1782 293 1846 ὃς
334 1781 534 1851 ὀκταχῆ
563 1784 664 1850 τὴν
716 1780 811 1836 τοῦ
865 1780 1013 1852 ἔχειν
1042 1784 1179 1853 ἡμῖν
1222 1781 1450 1851 διαιρῶν
1483 1779 1783 1851 σημασίαν,

243 1875 347 1928 κατ’
370 1874 554 1926 οὐδένα
603 1872 668 1940 γέ
720 1889 846 1926 τινα
892 1871 1105 1927 τούτων
1145 1872 1350 1943 τρόπον
1397 1874 1465 1943 τῇ
1508 1871 1629 1942 θείᾳ
1678 1871 1774 1925 καὶ

241 1965 561 2035 ἁπλουστάτη
585 1965 768 2036 ἐκείνῃ
798 1963 962 2034 φύσει
984 1963 1044 2016 τὸ
1067 1963 1211 2034 ἔχειν
1229 1963 1408 2027 διδοὺς
1434 1962 1772 2033 εὑρίσκεται.

242 2055 346 2116 Πῶς
389 2056 498 2123 γὰρ
528 2053 748 2108 οἱασοῦν
785 2053 1179 2125 μεσιτευούσης
1224 2051 1653 2124 ἀλλοτριώσεως,
1688 2054 1787 2109 καὶ

240 2145 320 2200 τοῦ
372 2145 584 2215 ἔχοντος
641 2146 704 2201 τὸ
760 2146 1016 2215 ἐχόμενον
1065 2145 1360 2216 διιστώσης
1415 2145 1516 2215 μὲν
1557 2145 1783 2209 οὑτωσὶ,

244 2238 563 2306 συιαγούσης
593 2237 640 2292 δ’
700 2237 875 2301 ἄλλως
922 2237 1014 2292 τὸν
1072 2238 1223 2291 νόθον
1253 2255 1312 2291 τε
1351 2238 1446 2291 καὶ
1493 2236 1785 2304 ἐπίκτητον

243 2333 439 2398 τρόπους
474 2331 545 2385 Ἥ
571 2330 682 2401 γὰρ
717 2329 792 2393 ὡς
823 2330 1012 2383 οὐσίαν
1038 2330 1277 2398 ἀνεγκη,
1310 2330 1466 2399 φησι,
1498 2329 1559 2382 τὸ
1586 2330 1785 2398 ἐχόμε-

245 2440 319 2475 νον
344 2424 405 2493 τῇ
436 2422 642 2492 ἐχούσῃ
673 2425 909 2475 συνεῖναι
943 2421 1121 2491 οὐσίᾳ,
1158 2420 1411 2492 καθάπερ
1449 2422 1664 2491 ἱμάτιον
1692 2422 1791 2475 καὶ

244 2516 375 2583 χεῖρα
403 2517 499 2568 καὶ
531 2513 821 2584 ἀγρδνλκαὶ
847 2513 919 2567 τά
961 2528 1024 2581 γε
1052 2512 1303 2577 τοιαῦτα,
1334 2515 1369 2585 ἦ
1404 2514 1480 2578 ὡς
1508 2514 1786 2585 συμδεδη-

241 2608 322 2667 κός
346 2621 363 2639 ⁸
392 2607 486 2658 καὶ
528 2604 695 2667 ,τοῦτο
754 2603 878 2674 διχῆ
928 2623 1044 2669 πως
1077 2600 1144 2659 αὖ
1178 2592 1682 2677 ὐποδιαιρούμενον,
1708 2606 1791 2668 είς

239 2712 291 2748 τε
338 2696 429 2766 τὴν
477 2695 588 2747 τῶν
626 2694 911 2765 χωριστῶν
942 2694 1145 2765 δηλαδὴ
1179 2696 1278 2748 καὶ
1310 2695 1419 2748 τῶν
1460 2711 1525 2763 γε
1563 2696 1786 2766 μηδαμῆ

242 2789 609 2859 χωριζομένων
662 2787 913 2858 δύναμιν.
964 2787 1040 2840 Th
1105 2788 1206 2858 μὲν
1266 2787 1376 2858 γὰρ
1427 2787 1789 2858 ἐνδεχομένως

241 2878 366 2948 ἔχειν
387 2879 610 2946 λέγεται
644 2881 735 2932 καὶ
768 2878 866 2947 μὴ,
901 2876 1026 2933 καθ’
1057 2878 1085 2931 ὅ
1125 2894 1189 2946 γε
1220 2878 1620 2949 σημαινόμενον
1651 2877 1793 2931 ἑνδέ-

242 2968 416 3038 χεσθαί
448 2985 626 3036 φαμεν
669 2968 904 3037 βαδίζειν
954 2968 1015 3021 τὸ
1068 2966 1381 3039 βαδιστικδν
1412 2966 1510 3021 καὶ
1563 2969 1790 3020 τούναν-

243 3057 338 3110 τίον
363 3054 431 3112 αὖ
477 3060 552 3127 μὴ
582 3058 838 3129 βαδίζειν·
872 3059 932 3112 τὸ
979 3060 1038 3113 δὲ
1091 3059 1216 3115 καθ’
1247 3059 1363 3124 ἕξιν
1404 3060 1502 3113 καὶ
1549 3058 1790 3112 διάθεσιν

242 3146 367 3216 ίχιιν
389 3147 630 3216 λέγεται,
660 3146 737 3209 ῶς
763 3146 939 3216 μέλιτι
972 3146 1177 3218 δηλαδὴ
1207 3150 1633 3218 συμπεφυκυῖαν
1660 3147 1791 3216 γλυ-

1881 690 2064 734 autem
2125 682 2421 734 mullorqu
2487 681 2716 734 deorum
2781 696 2905 733 cum
2983 678 3281 749 ingenitam
3347 679 3449 733 ha-

1882 772 2006 825 beat
2051 772 2212 841 305
2268 771 2637 826 did‘erentiam
2715 786 2897 827 secum
2975 779 3329 842 pugnantem,
3378 770 3447 824 ad

1883 862 2222 915 contrarium
2298 860 2611 931 negationis
2662 862 2825 916 unius
2880 861 2974 916 Dei
3027 877 3095 916 ex
3166 860 3449 930 ineptuato

1884 952 2120 1007 transire
2177 952 2496 1008 barathrum
2548 952 2716 1023 cogit,
2748 962 2805 1006 et
2847 960 2934 1017 ut,
2966 967 3091 1006 eum
3126 952 3336 1006 fumum
3364 953 3451 1008 {u-

1882 1043 2085 1109 gimus,
2111 1042 2164 1097 in
2192 1044 2371 1113 ignem
2400 1044 2700 1098 secundum
2739 1043 3091 1113 prmerbium
3121 1044 3448 1100 incidamus.

1884 1134 2091 1188 Deinde
2118 1136 2395 1203 quomodo
2418 1147 2471 1189 et
2498 1135 2641 1190 unde
2669 1134 2963 1191 efﬁcientia
2993 1136 3207 1206 accepit
3238 1139 3449 1197 increa—

1886 1234 2001 1280 tum
2028 1224 2053 1279 ?
2085 1224 2237 1281 Licet
2267 1228 2413 1281 enim
2440 1227 2602 1282 nobis
2620 1228 2787 1282 etiam
2817 1228 2873 1282 in
2921 1228 3096 1297 ipsum
3125 1230 3447 1283 tincreatum

1884 1333 1984 1387 per
2039 1332 2099 1374 se
2169 1319 2476 1374 secundum
2534 1330 2683 1374 tuam
2738 1319 3019 1389 inquirere
3074 1320 3452 1376 thesin:ete-

1887 1411 1998 1464 uim
2057 1409 2105 1465 si
2147 1425 2218 1465 ex
2264 1424 2326 1465 se
2386 1413 2693 1467 increatum
2737 1421 2884 1468 esset
2940 1412 3282 1480 increatum,
3339 1428 3451 1469 non

1885 1511 2033 1558 esset
2068 1502 2412 1569 increatum;
2440 1503 2741 1560 increatum
2776 1504 2944 1576 igitur
2978 1512 3065 1560 est
3098 1514 3454 1568 creatum,et

1887 1594 2177 1650 eilicientia
2208 1594 2451 1650 inereata
2493 1598 2807 1653 necessario
2836 1606 2922 1652 est
2950 1597 3212 1653 divinitas
3229 1607 3411 1654 creata
3435 1616 3450 1653 :

1888 1695 1944 1747 et
1987 1685 2096 1741 hoc
2126 1685 2291 1741 modo
2321 1686 2590 1757 sapientia
2621 1687 2721 1743 tibi
2757 1681 2870 1743 visa
2913 1696 3001 1743 est
3046 1689 3302 1746 stultitia.
3353 1689 3456 1746 Sin

1891 1786 2076 1833 autem
2107 1777 2457 1834 extrinsecus
2488 1776 2798 1835 inereatum
2838 1780 3007 1836 habet
3036 1822 3053 1847 ,
3116 1790 3178 1837 nt
3243 1782 3314 1836 sit
3367 1782 3453 1836 in-

1894 1878 2187 1933 creatutn,
2246 1868 2412 1924 etiam
2483 1869 2767 1926 diversum
2823 1880 2909 1928 est
2992 1873 3239 1929 omnino.
3302 1872 3403 1928 Ete
3434 1905 3456 1916 -

1896 1962 2009 2017 uim
2065 1962 2109 2017 si
2168 1958 2383 2017 milium
2448 1970 2536 2019 est
2599 1962 2898 2020 discrimen
2954 1965 3098 2020 inter
3153 1965 3451 2025 increatum

1887 2063 1949 2108 et
1997 2054 2299 2110 incrcatum
2327 2094 2344 2120 ,
2375 2070 2482 2110 non
2515 2063 2713 2126 potest,
2747 2068 2807 2110 ut
2857 2066 2911 2111 tn
2947 2058 3211 2127 opinaris.
3236 2056 3454 2112 increa-

1891 2154 2008 2199 tum
2049 2146 2253 2201 habere
2287 2146 2792 2203 inereatum.Certe
2822 2157 2916 2202 aut
2939 2148 3243 2204 substantia
3260 2162 3454 2203 carens

1891 2236 1993 2292 tibi
2018 2239 2201 2294 evadit
2224 2238 2529 2294 increatum
2576 2241 2700 2303 hoc,
2734 2247 2829 2294 aut
2871 2239 3220 2303 alterutrum,
3250 2250 3346 2293 aut
3372 2240 3453 2294 in-

1890 2339 2326 2385 creatocreatum
2351 2370 2366 2394 ,
2401 2339 2496 2385 aut
2551 2331 3129 2396 increatoincreatum,
3169 2347 3225 2388 ct
3264 2347 3453 2386 secum

1894 2437 2145 2493 pugnans
2177 2437 2403 2478 necesse
2431 2429 2517 2477 est
2561 2421 2772 2476 vocari.
2822 2421 3026 2478 Notum
3066 2431 3151 2477 est
3179 2422 3326 2478 enim
3359 2422 3451 2484 iis.

1891 2515 1991 2585 qui
2021 2516 2573 2586 quantulumcunque
2619 2515 2809 2584 logicae
2853 2518 2983 2570 sunt
3016 2514 3196 2585 gnari,
3230 2529 3457 2570 eorum-

1891 2608 2019 2665 dem
2053 2607 2338 2662 nominum
2369 2621 2493 2662 esse
2543 2618 2598 2662 et
2627 2606 2852 2661 minime
2882 2605 3185 2675 simplicem
3210 2604 3454 2660 habendi

1895 2714 2120 2764 vocem,
2177 2708 2235 2754 et
2268 2700 2372 2754 hoc
2424 2713 2534 2754 non
2562 2701 2725 2753 modo
2756 2699 3064 2768 sapientum
3089 2698 3184 2769 qui
3222 2713 3289 2753 ex
3329 2714 3459 2768 pro-

1894 2794 2039 2848 fanis
2066 2801 2196 2847 sunt
2222 2791 2469 2847 scientia}
2492 2791 2733 2861 placere,
2767 2790 2862 2846 sed
2896 2791 3069 2847 multo
3100 2792 3271 2863 magis
3290 2792 3457 2847 etiam

1897 2884 2155 2941 omnibus
2176 2883 2339 2938 simul
2364 2883 2677 2938 divinorum
2699 2882 2956 2939 Ecclesiae
2980 2883 3294 2954 dogmatum
3324 2899 3461 2952 prae-

1896 2974 2215 3045 ceptoribus
2268 2973 2615 3043 sapientibus
2645 3014 2661 3041 ,
2727 2988 2964 3043 quarunt
3019 2989 3165 3028 unus
3201 2973 3361 3028 nobis
3391 2973 3459 3028 ad

1899 3066 2299 3121 institutionem
2328 3062 2564 3120 sulliciet
2615 3065 2783 3121 hodie
2815 3064 3059 3122 Joannes
3106 3065 3327 3119 divinus
3363 3066 3463 3119 Da-

1903 3172 2221 3223 masccnus,
2274 3157 2520 3228 quicum
2571 3159 2747 3213 octies
2779 3157 3019 3214 habendi
3050 3158 3209 3213 nobis
3252 3157 3462 3212 dividat

242 3238 433 3309 κύτητα
467 3239 563 3292 καὶ
607 3238 748 3307 χιόνι
775 3238 1079 3309 λευκότητα
1108 3238 1205 3292 καὶ
1251 3240 1453 3307 γνῶσιν
1480 3238 1794 3313 ἀνθρωπίνῃ

1901 3250 2381 3323 significationem,
2416 3250 2571 3305 nullo
2603 3253 2800 3313 horum
2832 3251 2994 3305 modo
3017 3249 3216 3306 divina:
3245 3260 3298 3306 et
3332 3251 3464 3305 sim-

244 3330 397 3401 ψυχῇ.
428 3325 535 3385 ὀν
559 3330 815 3386 ἁπάντων
860 3331 918 3386 ἓν
954 3331 1240 3388 ὁποιονοῦν
1276 3331 1417 3385 ἔστω
1456 3330 1790 3402 ὁποτέρωθεν

1899 3341 2200 3416 μῑίεῑεείιιιαι
2218 3340 2297 3394 illi
2315 3347 2522 3395 natura:
2544 3355 2734 3395 vocem
2761 3340 2998 3396 habendi
3024 3340 3270 3395 tribuens
3296 3340 3460 3410 303

246 3423 469 3491 clima);
522 3426 591 3493 τῇ
646 3423 764 3493 θεία
816 3425 1184 3494 κυριωνυμείν
1236 3425 1334 3478 καὶ
1378 3423 1522 3495 ἁπλῇ
1552 3422 1793 3494 βούλοιτο

1899 3432 2190 3504 reperitur.
2240 3428 2347 3495 Qui
2373 3429 2522 3484 enim
2550 3439 2756 3500 potest,
2791 3444 2917 3486 cum
2950 3432 3090 3486 ratio
3118 3431 3296 3487 aliena
3332 3447 3467 3500 qua-

244 3515 408 3583 φύσει,
450 3517 585 3569 ἴστω
638 3515 955 3586 περιφανῶς
1004 3514 1375 3588 ἁμαρτάνων·
1430 3516 1627 3586 χρῆσιν
1680 3514 1790 3581 γὰρ

1899 3525 2185 3593 liseunque
2232 3521 2556 3588 intercedat,
2602 3532 2658 3576 et
2690 3524 2760 3576 ita
2796 3521 3049 3593 sejungat
3093 3522 3343 3578 habitum
3393 3523 3463 3576 ab

245 3606 536 3677 ἀνθρώποις
594 3605 858 3678 ὑπάρχειν
894 3608 926 3661 ὁ
963 3607 1137 3677 μέγας
1186 3605 1258 3660 τὰ
1315 3605 1558 3677 ὀνόματα
1590 3607 1793 3676 φάσκει

245 3699 507 3763 Βασῦεισς
565 3699 701 3769 πρὸς
756 3697 960 3767 γνῶσιν
1014 3697 1113 3752 καὶ
1155 3696 1423 3768 διαίρεσιν
1471 3698 1674 3751 οὐσιῶν
1701 3688 1803 3750 και

245 3793 343 3846 τῶν
392 3794 519 3865 περὶ
569 3794 669 3857 τὰς
713 3791 900 3855 οὐσίας
963 3790 1363 3862 ἐπινοηθέντων
1421 3791 1791 3862 πραγμάτων.

255 3879 323 3942 Ὅ
352 3902 410 3952 τε
438 3885 529 3938 καὶ
561 3885 706 3940 πάνυ
740 3901 793 3937 τι
821 3884 1029 3938 δέδοται
1065 3884 1326 3954 φορτικὸν
1352 3882 1796 3951 καὶ⁰ἀπόὸλητον

251 3978 578 4048 συμϐεϐηκός
607 3992 659 4030 τι
692 3976 992 4047 προσάγειν
1038 3977 1106 4046 τῇ
1138 3974 1258 4046 θεία
1285 3974 1446 4043 φύσει
1474 3974 1571 4027 καὶ
1596 3974 1798 4028 ἁπλου-

251 4072 427 4141 στάτη.
463 4070 536 4122 Τὸ
579 4068 690 4137 γὰρ
722 4066 1089 4138 συμδεδηκὸς.
1119 4068 1303 4135 φησιν,
1334 4065 1367 4137 ἢ
1415 4066 1798 4135 συμπέφυκεν,

249 4158 283 4228 ἢ
311 4158 571 4229 ἐνδέχεται
607 4157 870 4227 ὑπάρχειν
900 4160 992 4208 καὶ
1016 4156 1094 4225 μὴ
1125 4155 1410 4226 ὑπάρχειν.
1450 4154 1589 4208 Ἀλλ’
1620 4158 1668 4207 εί
1701 4155 1800 4224 μὲν

255 4250 615 4319 συμπέφυκεν,
649 4249 861 4318 ἀνάγκη
895 4248 974 4319 τῷ
1004 4248 1127 4319 Θεῷ
1176 4251 1273 4302 καὶ
1313 4250 1504 4302 οὐσίαν
1537 4250 1636 4302 καὶ
1662 4267 1801 4316 συμ-

258 4336 471 4407 ϐεϐηκὸς
488 4335 649 4391 εἶναι*
682 4337 744 4402 ἐξ
767 4336 1015 4405 ἀνάγκης
1035 4335 1143 4407 γὰρ
1171 4336 1241 4389 τὰ
1260 4337 1483 4389 τοιαῦτα
1512 4337 1799 4405 συμϐαίνει

257 4426 327 4493 οἷς
355 4414 711 4501 σῖμϐέδηκεέι.
746 4427 807 4481 Εἰ
831 4429 879 4482 δ’
898 4427 1248 4497 ἐνδεχόμενον
1276 4468 1292 4489 ,
1328 4427 1483 4482 ἔσται
1520 4429 1615 4481 καὶ
1642 4430 1803 4497 ἀγέν-

260 4538 402 4593 νητος
421 4524 447 4576 ό
466 4522 721 4592 γεννητὸς
752 4519 885 4573 ποτὲ
911 4520 1179 4573 καὶπάνθ’
1218 4520 1443 4589 ὁμοίως.
1474 4520 1576 4573 ὅσα
1603 4521 1803 4590 δήπου-

1902 3615 2165 3677 liabente,
2198 3612 2436 3667 adducat
2465 3622 2646 3668 autem
2691 3613 2854 3669 aliter
2882 3615 3105 3669 modum
3132 3616 3382 3684 Spurium
3410 3626 3466 3671 et

1899 3704 2287 3760 adscititium?
2321 3703 2428 3757 Aut
2477 3704 2623 3758 enim
2658 3713 2741 3771 ,ιιι
2782 3705 3076 3761 essentiam
3103 3721 3327 3762 necesse
3360 3716 3463 3770 est,

1902 3797 2103 3866 inquit,
2118 3793 2369 3851 habitum
2399 3794 2621 3850 babenti
2664 3797 3016 3868 conjunetum
3042 3811 3161 3852 esse
3189 3800 3463 3859 essentia).

1902 3888 2049 3944 sicut
2097 3896 2304 3943 vestem
2336 3894 2395 3942 et
2426 3902 2647 3941 manum
2683 3896 2738 3943 et
2785 3904 2976 3959 agrum
3008 3898 3064 3945 et
3088 3889 3240 3954 talia,
3286 3901 3380 3944 aut
3408 3900 3467 3944 ut

1903 3975 2158 4031 accidens
2189 4016 2205 4042 ,
2244 3984 2412 4045 atque
2460 3975 2567 4030 hoc
2612 3976 2698 4032 bis
2756 3992 2950 4034 rursus
2996 3978 3361 4046 subdivisum,
3409 3981 3465 4034 in

1903 4065 2206 4120 divisorum
2237 4065 2505 4120 nimirum
2534 4073 2592 4120 et
2620 4066 2982 4122 indivisorum
3004 4068 3137 4134 vim,
3162 4067 3294 4123 illud
3320 4070 3464 4124 enim

1904 4170 1971 4210 ex
1998 4154 2243 4224 petentia
2285 4152 2491 4207 habere
2526 4153 2730 4209 dicitur
2776 4163 2833 4209 et
2865 4169 2975 4209 non
3001 4169 3069 4210 ex
3097 4156 3339 4224 potentia
3378 4170 3469 4209 se-

1905 4244 2143 4300 cundum
2182 4242 2634 4313 signiﬁcationem
2683 4259 2842 4314 posse
2885 4244 3122 4300 dicimus
3144 4243 3296 4313 gradi
3321 4244 3470 4315 quod

1904 4332 2207 4405 gradiendo
2243 4332 2501 4389 idoneum
2529 4344 2613 4389 est
2642 4344 2702 4390 et
2737 4334 3077 4390 contrarium
3114 4349 3308 4390 rursus
3358 4350 3472 4389 non

1907 4423 2059 4493 gradi
2091 4439 2105 4476 :
2133 4424 2240 4478 hoc
2269 4432 2455 4478 autem
2480 4439 2547 4478 ex
2574 4425 2767 4480 habitu
2795 4434 2853 4481 et
2884 4424 3242 4496 dispositione
3267 4426 3473 4481 habere

1908 4514 2134 4580 dicitur,
2164 4523 2225 4569 ut
2257 4515 2403 4569 melli
2434 4517 2698 4570 nimirum
2732 4528 3046 4579 concretam
3073 4516 3420 4571 dulcedinem
3454 4560 3470 4583 ,

260 4615 344 4667 θεν
366 4614 675 4677 ἀντίκειται,
705 4613 906 4682 γνῶσις
929 4611 1024 4666 καὶ
1052 4612 1127 4682 μὴ
1152 4612 1607 4682 γνῶσις,δύναμίς
1625 4631 1683 4665 τε
1712 4614 1794 4665 καῖ

1915 4606 2026 4659 nivi
2089 4607 2471 4674 albitudinem,
2522 4608 2889 4679 cognitionem
2940 4610 3224 4665 hominum
3290 4610 3475 4664 animo

266 4707 339 4776 μὴ
361 4705 595 4775 δύναμις,
631 4706 728 4758 καὶ
758 4703 827 4758 τά
855 4720 918 4771 γε
940 4702 1116 4774 δήπου
1150 4702 1512 4775 παραπλήσια
1541 4705 1650 4757 τῶν
1679 4704 1804 4758 ἀτό-

268 4809 374 4844 πων
407 4794 495 4862 τῆς
516 4790 769 4853 ἀσεϐείας
810 4789 1093 4860 ῥημάτων.
1122 4789 1245 4842 Ὅτι
1272 4790 1328 4842 δὲ
1351 4791 1809 4860 καταχρηστικῶς

268 4882 324 4934 τὸ
346 4881 473 4951 ἔχειν
516 4884 605 4934 ἐπὶ
628 4880 765 4934 Θεοῦ
793 4878 1029 4947 λέγεται,
1069 4878 1309 4932 δείκνυσι
1340 4880 1438 4933 νῦν
1471 4879 1567 4932 καὶ
1600 4881 1628 4931 ὁ
1669 4878 1808 4941 θεῖος

272 4974 651 5042 Χρυσόστομος,
682 4972 875 5039 λέγων,
916 4989 934 5022 ι
971 4970 1142 5024 Ὅταν
1172 4971 1413 5040 ἀκούσῃς
1444 4972 1528 5023 ὅτι
1561 4968 1751 5038 ὥσπερ
1782 4973 1811 5022 ὁ

277 5067 445 5133 Πατὴρ
471 5068 525 5117 ὲν
554 5065 731 5134 ἑαυτῷ
753 5063 899 5133 ζωὴν
923 5063 1057 5132 ἔχει,
1087 5061 1256 5125 οὕτως
1282 5062 1446 5115 ἔδωκε
1469 5066 1563 5115 καὶ
1592 5064 1667 5133 τῷ
1707 5062 1812 5131 fligi

278 5159 405 5228 ζωὴν
431 5158 566 5229 ἔχειν
604 5160 701 5211 καὶ
727 5157 978 5222 ἕξουσίαν
1023 5154 1187 5225 ἔχειν,
1227 5155 1303 5225 μὴ
1332 5155 1580 5209 σύνθεσιν
1612 5155 1813 5209 ὕπολά-

278 5249 384 5320 εηςο
415 5250 528 5320 μηδ’
554 5251 682 5302 ὅταν
710 5247 949 5320 ἀκούσῃς
984 5248 1066 5299 ὅτι
1096 5249 1156 5299 ἐν
1196 5247 1343 5316 αὐτῷ
1384 5246 1498 5317 ζωὴ
1534 5242 1626 5317 ἦν,
1660 5247 1813 5316 νομί-

280 5354 365 5408 σῃς
393 5340 467 5396 ὅτι
502 5337 749 5400 σύνθετος
797 5333 866 5407 ἦν
891 5352 904 5365 ’
933 5334 1142 5405 προῖὼν
1174 5337 1280 5406 γὰρ
1310 5340 1496 5406 φησὶν,
1528 5333 1672 5403 Ἐγώ
1699 5338 1814 5404 είμι

276 5429 306 5498 ἡ
330 5428 453 5498 ζωή.
481 5449 498 5481 ι
520 5429 684 5482 ’Ὥστε
712 5444 802 5479 σου
834 5426 1263 5495 βοσκηματώδης
1294 5428 1326 5496 ὴ
1351 5426 1511 5495 σοφία
1537 5425 1816 5479 κάνταῦθα

278 5522 645 5588 ἀναπέφανται,
704 5519 936 5586 λέγουσα
991 5519 1390 5588 παραπλησίως
1425 5520 1678 5588 καθάπερ
1726 5520 1819 5571 ἐπὶ

278 5611 537 5681 ἀνθρώπου
569 5613 664 5666 καὶ
696 5610 866 5675 λίθου,
904 5626 1046 5664 ουτω
1085 5611 1178 5662 καὶ
1208 5609 1304 5662 τοῦ
1335 5610 1469 5661 Θεοῦ
1502 5609 1600 5679 τὴν
1630 5609 1818 5662 οὐσίαν

281 5706 402 5771 μετὰ
438 5704 538 5757 τῶν
593 5701 838 5772 φυσικῶν
885 5701 951 5772 μ’.
987 5701 1086 5754 lu
1117 5697 1189 5770 r.]
1238 5699 1364 5769 περὶ
1395 5700 1564 5769 αὐτὴν
1600 5700 1816 5751 πάντων

281 5794 728 5864 συλλαμϐάνεσθαι
764 5796 872 5856 τοῖς
920 5792 1196 5863 ὁρίζεσθαι
1227 5791 1467 5843 θέλουσι·
1516 5795 1577 5841 τὸ
1612 5793 1720 5860 γὰρ
1752 5793 1814 5842 ἐκ

279 5885 512 5939 τοιούτων
564 5885 920 5953 συγκείμενον
971 5885 1175 5953 ἀμερὲς
1241 5882 1341 5936 οὐκ
1398 5882 1462 5935 ἂν
1520 5882 1645 5949 εἴη,
1707 5881 1815 5934 οὐδ’

1885 4698 2231 4763 tribuimus.
2288 4714 2523 4768 quorum
2557 4702 2805 4755 omnium
2869 4717 3036 4756 unum
3087 4702 3475 4772 qualecunque

1912 4805 1980 4844 ex
2012 4789 2224 4844 utravis
2273 4800 2426 4859 parte
2449 4792 2497 4846 si
2534 4792 2910 4861 quis-sumens
2947 4794 3146 4850 divina:
3196 4792 3474 4863 propriam

1917 4897 2106 4936 vocem
2138 4881 2385 4936 tribuere
2415 4893 2471 4937 et
2493 4883 2725 4951 simplici
2758 4884 2891 4938 velit
2924 4895 3149 4949 natura,
3191 4895 3378 4955 aperte
3416 4898 3476 4939 se

1915 4989 2104 5027 errare
2128 4972 2285 5027 sciat.
2318 4972 2486 5029 Usum
2517 4975 2663 5027 enim
2698 4976 3015 5035 hominibus
3040 4985 3331 5043 suppetere
3362 4992 3478 5029 ma-

1918 5077 2057 5132 gnus
2090 5062 2144 5116 in
2178 5063 2493 5118 nominibus
2549 5065 2683 5119 dicit
2732 5064 2962 5118 Basilius
2991 5065 3056 5117 ai
3109 5067 3475 5133 cognitionem

1916 5166 1973 5212 et
2006 5156 2331 5212 divisionem
2388 5158 2753 5213 essentiarum
2804 5167 2861 5214 et
2898 5174 3079 5212 rerum
3117 5159 3173 5212 in
3223 5159 3479 5213 essentiis

1917 5248 2260 5318 cognitarum
2296 5289 2312 5311 ,
2371 5265 2478 5317 qua
2522 5265 2579 5303 re
2616 5250 2849 5303 tuaxitne
2905 5264 3225 5304 concessum
3273 5261 3358 5304 est
3396 5252 3479 5303 in-

1918 5341 2266 5394 commodum
2300 5350 2356 5391 et
2387 5340 2656 5408 adjectum
2689 5342 2943 5395 accidens
2974 5341 3253 5396 atribucre
3278 5341 3481 5396 divina:

1922 5439 2131 5483 natura:
2164 5439 2218 5481 et
2251 5429 2696 5497 simplicissima.
2740 5431 3008 5484 Accidens
3052 5430 3197 5484 enim
3218 5468 3232 5493 ,
3264 5429 3359 5493 ait,
3388 5441 3483 5484 aut

1922 5520 2165 5571 innatum
2188 5529 2294 5582 est,
2316 5527 2411 5571 aut
2440 5527 2617 5586 potest
2648 5530 2936 5588 suppetere
2960 5527 3012 5573 et
3032 5534 3138 5574 non
3156 5529 3481 5589 suppetere:

1922 5610 2019 5665 sed
2051 5611 2096 5663 si
2148 5608 2396 5665 innatum
2429 5619 2535 5670 est,
2567 5625 2794 5664 necesse
2829 5619 2913 5663 est
2958 5608 3070 5683 Deo
3098 5620 3154 5664 et
3191 5611 3484 5665 essentiam

1922 5710 1978 5753 et
2009 5699 2268 5753 accidens
2311 5714 2454 5763 esse,
2493 5700 2807 5754 necessario
2839 5701 2985 5753 enim
3020 5702 3147 5755 talia
3189 5702 3448 5757 accidunt
3471 5743 3484 5763 .

1924 5792 2087 5862 307
2133 5791 2334 5861 quibus
2369 5792 2728 5858 acciderunt;
2781 5794 2865 5845 sin
2896 5804 3079 5847 autem
3105 5810 3227 5848 esse
3259 5807 3429 5863 ptitcst
3471 5836 3486 5854 ,

1927 5883 2032 5937 ει·ἱι
2078 5890 2374 5953 generatus
2414 5882 2707 5950 aliquando
2743 5882 2909 5936 etiam
2952 5899 3059 5938 non
3091 5894 3405 5951 generatus,
3436 5894 3488 5939 et
