3856 6562
403 465 502 516 2η

1571 425 1986 522 ulceri-tom
2033 463 2412 524 annuum

3535 472 3630 536 2ῖὲ

399 576 584 630 omnia
623 577 788 631 simili
850 579 1062 633 ratione
1116 595 1458 650 quacunque
1507 579 1757 649 opposita
1799 587 1963 642 sunt,

2071 581 2297 643 ἁπλοῦν,
2340 583 2476 636 ἀλλὰ
2505 581 2776 648 σύνθετον,
2817 583 2920 648 κάξ
2963 575 3036 636 ὧν
3075 583 3381 636 συντίο-ται
3423 587 3622 652 μεριζό-

395 669 644 739 eognitio
676 679 732 724 et
761 685 882 740 quze
913 688 1026 726 non
1055 681 1140 728 est
1173 672 1438 742 cognitio,
1471 672 1636 726 viset
1666 687 1788 741 quae
1819 671 1973 726 sitni-

394 757 475 810 lia
503 765 630 810 sunt
657 772 721 813 ex
747 759 948 827 ineptis
979 759 1277 830 impietatis
1303 759 1514 814 verbis.
1551 759 1858 829 lmproprie
1876 775 1972 812 au-

403 858 512 906 tem
548 848 754 905 habere
806 849 875 904 de
925 850 1050 905 Deo
1085 851 1194 905 dici
1244 850 1585 905 demonstrat
1611 866 1758 906 nunc
1805 851 1966 904 etiam

397 939 621 997 divinus
651 941 1101 1013 Chrysostomus,
1133 943 1324 997 dicens
1351 961 1364 996 :
1397 960 1416 994 ι
1447 942 1584 995 Cum
1632 941 1823 996 audias
1869 941 1974 996 Pa-

401 1042 539 1088 trem
567 1034 710 1087 sicut
751 1033 808 1088 in
855 1049 914 1088 se
963 1033 1130 1087 habet
1175 1033 1369 1097 vitam,
1431 1031 1501 1085 ita
1533 1031 1750 1085 dedisse
1801 1031 1968 1086 etiam

390 1122 558 1188 'Filio,
597 1123 843 1179 utritam
873 1125 1066 1178 habeat
1103 1133 1154 1179 et
1195 1123 1452 1178 facultate
1493 1121 1730 1184 fruatur,
1765 1137 1832 1175 ne
1877 1137 1968 1177 su-

399 1209 631 1274 spiceris
684 1211 1179 1276 t‘mnpositionem,
1223 1225 1360 1263 neve
1413 1223 1537 1264 eum
1608 1209 1766 1262 audis
1811 1207 1959 1263 ineo

391 1303 567 1356 fuisse.
583 1303 772 1368 vitam,
793 1303 1038 1372 opineris
1067 1304 1436 1372 compositum
1465 1315 1589 1354 eum
1625 1299 1816 1364 fuisse;
1847 1315 1968 1368 pro-

396 1395 650 1461 grediens
679 1395 825 1448 enim
859 1395 954 1458 ait,
987 1396 1098 1466 Ego
1122 1411 1240 1448 sum
1267 1395 1381 1448 vita
1409 1409 1424 1458 ;
1463 1393 1536 1448 ita
1575 1402 1635 1445 ut
1666 1393 1822 1446 hruta
1847 1391 1964 1446 visa

2079 689 2264 740 μενον.
2333 673 2394 726 ’0
2443 674 2500 726 δὲ
2559 677 2625 744 τῇ
2668 665 2861 745 ἀμερεῖ
2927 675 3109 747 ἐκείνῃ
3162 675 3260 729 καὶ
3317 675 3434 747 Θείᾳ
3485 677 3630 738 φύσει

2073 763 2438 833 προστιθέναι·
2480 766 2860 837 πειρώμενος,
2977 768 3138 838 φύσει
3188 768 3451 840 πρόσεστι
3517 772 3631 838 μήτ’

2073 855 2334 921 αὔξεσθαι
2392 859 2532 928 μήτε
2577 857 2888 929 μειοῦσθαι,
2928 861 3146 932 λέληθε,
3186 862 3246 914 τό
3277 880 3338 932 γε
3385 856 3522 934 ἧκον
3563 864 3634 926 είς

2071 943 2269 1010 αὑτὸν,
2297 945 2538 1000 ἐλαττῶν
2576 947 2678 1016 μὲν
2723 949 2790 1018 τῇ
2831 950 3118 1022 προσθήκῃ
3149 949 3247 1020 τὴν
3288 951 3387 1020 τῆς
3433 949 3634 1019 φύσεως

2069 1035 2332 1105 δύναμιν,
2385 1035 2571 1103 αὔξειν
2623 1038 2667 1090 δ’
2705 1039 2908 1108 ἥκιστα
2971 1042 3188 1093 πάντων
3243 1040 3559 1108 δυνάμενος,
3605 1043 3635 1112 ἠ

2077 1121 2350 1191 μηδεμιᾶς
2379 1122 2494 1176 οὔτ’
2519 1125 2714 1193 ἐδεήθη
2745 1127 2876 1179 ποτὲ
2905 1125 3026 1180 οὔτε
3049 1127 3295 1194 δεήσεται
3328 1129 3636 1197 προσθήκης

2071 1211 2105 1280 ἦ
2145 1212 2501 1282 ὑφαιρέσεως,
2544 1215 2756 1279 οὐδενὸς
2795 1217 2948 1281 ὄντος
2977 1213 3038 1270 οὗ
3081 1220 3329 1288 δεήσεταί
3361 1219 3484 1272 ποτ’
3509 1221 3638 1290 αὑτὴ

2071 1303 2362 1373 πληροῦσα
2385 1305 2452 1358 τὰ
2485 1307 2665 1362 πάντα
2701 1311 2794 1364 καὶ
2831 1312 2996 1380 μηδὲν
3043 1313 3199 1374 ἐκτὸς
3241 1314 3388 1365 ἐῶσα
3435 1313 3498 1364 τὺ
3543 1331 3638 1364 πα-

2075 1394 2276 1464 ράπαν.

396 1489 468 1540 sit
499 1488 766 1556 sapientia
815 1499 905 1542 tua
939 1491 1106 1544 etiam
1145 1489 1236 1543 hic
1295 1489 1486 1542 dicens
1542 1485 1707 1540 simili
1751 1486 1962 1538 ratione
2004 1494 2171 1556 atque
2238 1489 2292 1542 in
2324 1489 2551 1545 homine
2608 1503 2665 1547 et
2695 1493 2896 1563 lapide,
2929 1495 3002 1550 ita
3021 1498 3186 1550 etiam
3221 1496 3312 1552 Dei
3347 1498 3634 1552 essentiam
3719 1544 3726 1556 ,

395 1595 516 1634 eum
551 1582 642 1647 iis,
668 1597 788 1650 qua!
815 1597 844 1636 a
879 1583 1152 1656 naturain
1185 1596 1248 1636 ea
1309 1581 1440 1643 sint,
1508 1578 1764 1632 omnibus
1833 1581 2226 1647 comprehendi
2263 1581 2330 1635 ab
2364 1582 2433 1636 iis
2458 1584 2550 1653 qui
2577 1599 2694 1638 eam
2726 1587 2950 1640 definire
2987 1589 3171 1644 \‘elint.
3201 1593 3356 1656 Quod
3399 1589 3546 1644 enim
3577 1607 3635 1644 ex

395 1677 591 1739 talibus
624 1687 855 1739 constat,
885 1651 991 1730 non
1012 1675 1422 1729 estindivisum
1473 1687 1650 1741 neque
1705 1672 1954 1741 simplex,
1992 1673 2088 1728 sed
2153 1675 2520 1744 compositum
2559 1684 2615 1730 et
2653 1675 2721 1732 iis
2764 1693 2830 1732 ex
2885 1680 3087 1748 quibus
3113 1685 3464 1754 componitur
3507 1685 3642 1740 divi-

391 1776 536 1836 sum,
575 1772 664 1840 qui
695 1780 878 1824 autem
909 1769 1156 1842 indivisa-3
1189 1768 1268 1822 illi
1301 1777 1356 1821 et
1394 1767 1594 1821 divittre
1621 1775 1834 1819 natura:
1871 1766 2112 1837 adjicere
2145 1769 2350 1838 aliquid
2421 1779 2673 1838 conatur,
2733 1773 2822 1827 cui
2889 1788 2919 1827 a
2981 1785 3175 1830 natura
3229 1781 3510 1850 proprium
3567 1789 3643 1836 est

396 1871 646 1930 utneque
675 1873 940 1930 augeatur
967 1873 1144 1928 neque
1177 1859 1482 1923 minuatur,
1510 1871 1640 1910 eum
1699 1857 1835 1926 fugit
1897 1855 2025 1920 hoc,
2065 1859 2209 1926 quod
2243 1859 2318 1913 illi
2343 1861 2570 1916 accedat
2601 1863 2848 1919 minuere
2869 1869 3186 1924 accessione
3245 1879 3458 1926 naturae
3497 1877 3602 1928 vim
3629 1915 3642 1935 .

391 1971 516 2008 eum
551 1953 773 2007 minime
805 1951 984 2022 possit:
1011 1966 1210 2021 augere
1237 1965 1380 2015 eam,
1447 1966 1569 2019 quae
1637 1949 1788 2002 nulla
1855 1963 2042 2018 neque
2084 1950 2320 2022 indignit
2361 1969 2600 2026 unquam
2647 1971 2826 2026 neque
2875 1958 3145 2028 indigebit
3187 1966 3508 2020 accessione
3555 1978 3644 2022 aut

396 2047 756 2110 detractione,
805 2059 930 2098 cum
979 2043 1119 2096 nihil
1147 2042 1404 2108 futurum
1452 2041 1520 2095 sit
1550 2056 1657 2110 quo
1693 2039 1934 2112 indigeat
2000 2057 2242 2112 unquam
2301 2045 2392 2100 illa
2462 2047 2578 2116 ipsa
2627 2049 2859 2120 implens
2886 2051 3160 2120 universa,
3193 2069 3370 2126 neque
3411 2063 3641 2116 omnino

395 2141 692 2210 quidquam
727 2149 884 2194 extra
918 2155 976 2194 se
1009 2155 1128 2193 esse
1159 2139 1368 2194 sincns.

401 2227 420 2238 ⁵
465 2233 782 2306 θοενιιι.
821 2231 1024 2301 Quodsi
1055 2235 1109 2290 in
1135 2235 1396 2303 qualitate
1417 2250 1539 2304 quae
1567 2234 1962 2304 magnitudinis

2141 2237 2200 2288 ΕΞ
2238 2237 2283 2289 δ’
2315 2237 2370 2291 ἐν
2405 2239 2652 2308 ποιότητι
2691 2243 2876 2314 ἁὸγκῳ
2933 2263 2991 2298 τε
3038 2248 3132 2299 καὶ
3179 2247 3438 2318 ἀμεγὲθει
3481 2254 3642 2326 μέρος

394 2337 449 2379 et
487 2325 869 2394 amplitudinis
913 2335 995 2380 est
1027 2341 1245 2395 expers,
1279 2335 1489 2396 partem
1529 2340 1637 2378 non
1675 2326 1805 2380 licet
1835 2341 1966 2395 pro-

395 2417 513 2484 prie
545 2417 750 2482 dicere,
803 2432 982 2486 neque
1033 2416 1467 2486 magnitudinem
1503 2415 1668 2469 ullam
1717 2413 1963 2486 adjicere

397 2517 490 2562 aut
530 2509 816 2562 detrahere
855 2513 986 2574 (non
1045 2507 1192 2561 enim
1269 2507 1502 2562 dicimus
1558 2523 1803 2576 magnam
1875 2513 1968 2561 aut

395 2615 618 2668 parram
675 2598 1096 2665 albitudinem):
1132 2597 1364 2650 multum
1405 2597 1652 2666 profecto
1715 2599 1830 2650 sive
1877 2611 1969 2666 po-

393 2689 507 2741 tius
565 2703 725 2741 omne
761 2687 936 2750 abest,-
979 2695 1038 2739 ut
1086 2685 1153 2739 de
1192 2686 1375 2740 divina
1430 2687 1664 2740 essentia
1714 2687 1838 2740 talia
1871 2701 1968 2740 co-

385 2781 631 2849 gitemus
665 2787 720 2832 et
748 2779 1020 2843 dicamus,
1049 2793 1171 2848 quae
1225 2778 1658 2848 magnitudinem
1686 2787 1741 2833 et
1787 2779 1967 2847 parri-

399 2881 566 2926 tatcm
619 2871 749 2926 fecit
791 2881 847 2926 et
889 2885 1105 2940 semper
1139 2870 1304 2936 facit;
1337 2871 1452 2925 hzre
1480 2880 1662 2925 autem
1691 2887 1720 2924 a
1775 2880 1964 2926 natura

397 2963 551 3018 nullo
577 2961 738 3016 modo
767 2962 1066 3032 quidquam
1096 2971 1180 3016 est
1212 2979 1403 3017 eorum
1427 2977 1547 3030 qua:
1575 2962 1704 3016 fecit
1736 2973 1790 3018 et
1824 2977 1965 3017 smn-

379 3071 496 3124 ~per
549 3055 678 3110 facit
730 3069 910 3125 neque
945 3054 1128 3126 prodit
1175 3053 1230 3108 in
1283 3053 1699 3124 amplitudinem
1728 3096 1744 3120 ,
1785 3069 1965 3125 neque

379 3167 640 3224 unquam
673 3151 961 3222 procedet,
995 3151 1196 3206 etenim
1221 3150 1366 3220 qttod
1395 3151 1756 3220 amplitudine
1790 3153 1966 3220 majus

400 3245 482 3308 tit,
507 3243 558 3298 vi
593 3243 651 3298 fit
680 3244 867 3298 minus
898 3241 1244 3320 etquidquid
1271 3241 1642 3311 magnitudine
1669 3241 1966 3296 maximum

377 3347 504 3401 -εει,
535 3337 604 3390 ab
627 3335 986 3406 amplitudine
1017 3333 1350 3404 relinquitur
1381 3333 1553 3406 omni,
1581 3343 1643 3388 ut
1669 3333 1962 3388 maximum

395 3393 549 3502 aque
572 3393 793 3500 semper
839 3393 1430 3498 permaneat.-Etenim
1463 3393 1508 3481 sl
1539 3393 1618 3480 vde
1653 3425 1964 3481 albitudine

377 3537 520 3591 quae.
569 3529 651 3576 est
699 3520 757 3574 in
811 3519 939 3574 nive
975 3519 1212 3574 velimus
1244 3519 1446 3584 dicere,
1481 3519 1714 3587 exempli
1746 3517 1918 3589 gratia
1943 3555 1961 3582 ,

380 3630 504 3668 anan
558 3609 918 3667 albitudinem
953 3627 1074 3681 quae
1101 3621 1186 3666 est
1219 3609 1274 3664 in
1322 3619 1476 3678 parte
1527 3609 1669 3664 nivis
1713 3609 1961 3664 dicamus
1989 3593 2033 3651 C-

379 3709 606 3774 epartetn
653 3699 978 3754 albitudinis
1015 3713 1137 3767 qua!
1173 3699 1344 3753 estin
1399 3697 1634 3768 plurima
1687 3697 1836 3762 nive,
1865 3695 1962 3752 sed

379 3791 759 3847 albitudinem
814 3791 988 3860 partis
1029 3788 1473 3853 nivis,‘minime
1519 3799 1701 3844 autem
1751 3789 1960 3857 partem

391 3879 737 3936 albitudinis.
775 3877 1172 3948 'Amplitudinis
1213 3877 1360 3932 enim
1391 3887 1444 3932 et
1502 3877 1826 3948 quantitatis
1865 3892 1962 3934 ex-

383 3989 524 4045 pers
553 3988 651 4044 per
686 3987 746 4028 se
803 3981 858 4027 et
897 3969 1296 4042 magnitudinis
1340 3977 1426 4025 est
1455 3969 1725 4035 albitudo,
1767 3977 1829 4025 ut
1871 3969 1966 4025 de-

398 4073 764 4120 monstratum
803 4072 908 4118 est.
953 4061 1049 4117 Sin
1081 4071 1261 4116 autem
1309 4075 1378 4116 ne
1433 4061 1688 4116 accidens
1739 4060 1961 4130 quidem

395 4171 518 4212 esse
553 4160 672 4211 haec
707 4153 1078 4210 inessentialis
1117 4169 1148 4208 a
1187 4162 1236 4207 te
1271 4152 1597 4208 conceditur
1628 4149 1918 4206 efﬁcientia
1945 4190 1962 4214 ,

389 4247 490 4302 ubi
527 4262 642 4301 eam
694 4244 1009 4313 ponemus?
1047 4243 1304 4298 Normam
1341 4254 1396 4297 tu
1427 4245 1588 4313 pone.
1623 4241 1760 4297 Cum
1815 4244 1960 4296 enim

394 4354 496 4390 νος
532 4339 649 4406 ejus
679 4336 824 4405 quod
882 4344 968 4389 est
1015 4335 1068 4388 in
1133 4335 1426 4388 essentiam
1471 4343 1526 4388 et
1585 4334 1840 4388 accidens
1881 4334 1963 4388 di-

401 4429 644 4491 ridatur,
680 4427 724 4479 si
755 4427 844 4479 illa
874 4441 1055 4493 neque
1085 4425 1324 4478 essentia
1354 4431 1437 4477 est
1474 4439 1650 4492 neque
1680 4422 1963 4491 accidens,

397 4537 504 4572 non
542 4519 648 4573 dici
687 4526 868 4588 potest
898 4517 1196 4586 quidquam
1221 4531 1409 4570 eorum
1441 4529 1563 4584 qum
1592 4525 1720 4568 sunt
1749 4532 1762 4568 :
1798 4515 1962 4570 relin-

397 4611 586 4678 quitur
619 4609 782 4678 igitur
828 4607 1140 4662 nccessario
1176 4617 1234 4661 ut
1283 4624 1390 4661 non
1421 4623 1541 4662 esse
1577 4609 1816 4662 dicatur.
1871 4609 1964 4663 lla:

398 4709 530 4754 sunt
561 4715 828 4753 novorum
885 4709 1104 4752 tuorum
1157 4697 1470 4764 dogtnatum
1515 4700 1826 4769 prmstigite,
1862 4699 1963 4754 Pa-

391 4793 537 4845 itma
561 4792 804 4862 egregie,
835 4801 893 4844 ut
942 4789 1134 4843 credas
1159 4789 1212 4843 in
1247 4790 1296 4841 id
1325 4791 1468 4857 quod
1514 4791 1678 4860 309
1714 4807 1820 4845 non
1854 4800 1957 4854 cst,

2071 2327 2168 2380 οὐκ
2199 2328 2373 2391 ἔξεστι
2403 2331 2580 2400 λέγειν
2611 2337 2837 2402 κυρίως,
2873 2337 2994 2391 οὔτε
3031 2339 3260 2408 μέγεθος
3290 2343 3442 2396 οὐδὲν
3473 2363 3640 2414 προσ-

2070 2419 2276 2472 τιΟέναι
2325 2421 2356 2490 ἢ
2391 2423 2648 2494 ἀφαιρεῖν
2687 2427 2766 2496 (ού
2802 2429 2908 2501 γὰρ
2952 2430 3348 2500 λέγομενλοῦτε
3393 2439 3642 2508 μεγάλην

2070 2511 2195 2564 οὔτε
2235 2515 2437 2582 μικρὰν
2496 2516 2855 2589 λευκότητα),
2895 2521 3087 2575 πολλοῦ
3127 2525 3274 2594 μέντ’
3317 2525 3384 2580 ἂν
3431 2529 3642 2596 δεήσειε

2071 2605 2162 2657 καὶ
2191 2605 2282 2658 τοῦ
2315 2608 2514 2671 παντὸς
2546 2612 2674 2680 περὶ
2709 2613 2807 2682 τῆς
2838 2613 2986 2678 Θείας
3015 2617 3208 2680 οὐσίας
3243 2621 3475 2676 τοιαῦτα
3502 2629 3642 2679 νοεῖν

2071 2697 2166 2748 καὶ
2191 2696 2390 2764 λέγειν,
2427 2699 2460 2770 ἢ
2499 2701 2708 2773 μεγέοη
2753 2706 2853 2772 μὲν
2891 2708 2986 2759 καὶ
3037 2709 3346 2778 μικρότητα.
3375 2716 3642 2785 πεποίηκὲ

2069 2807 2128 2842 τε
2162 2791 2259 2842 καὶ
2291 2792 2391 2880 ﬁdei
2443 2797 2608 2859 ποιεῖ,
2661 2797 2796 2868 αὑτὴ
2829 2797 2875 2852 δ’
2909 2799 3030 2852 ἐστὶ
3073 2803 3212 2856 κατὰ
3243 2805 3404 2872 φύσιν
3429 2809 3638 2880 οὐδαμῆ

2073 2881 2240 2952 μηδὲν
2283 2875 2358 2935 ὧν
2391 2885 2668 2955 πεποίηκὲ-
2695 2903 2754 2940 τε
2785 2889 2878 2942 καὶ
2909 2890 2996 2942 ἀεὶ
3025 2895 3185 2946 ποιεῖ.
3218 2895 3353 2948 Οὐδὲ
3388 2875 3639 2969 πρόεισιν

2069 2971 2148 3060 εἰς
2204 2969 2390 3038 δγκον,
2440 2971 2548 3025 οὐδ’
2596 2975 2655 3027 οὐ
2701 2974 2775 3046 μὴ
2822 2981 3160 3052 προχωρήσῃ
3206 2985 3362 3038 ποτέ.
3413 2987 3488 3038 Τὸ
3529 2989 3640 3060 γὶρ

2067 3037 2218 3134 δέκῳ
2246 3037 2249 3038 ν
2277 3063 2463 3132 μεῖζον
2514 3037 2802 3138 γινόμενον
3129 3037 3348 3142 γίνεται
3395 3037 3638 3144 Elusa—vr,

2068 3155 2160 3208 καὶ
2201 3155 2260 3208 τὸ
2295 3155 2578 3227 δυνάμεως
2623 3159 2845 3229 μεγέθει
2875 3163 3134 3232 μέγιστον
3181 3168 3347 3235 ὄγκου
3391 3169 3640 3226 λείπεται

2069 3245 2288 3312 παντὸς,
2319 3247 2406 3302 ἵνα
2445 3249 2706 3319 μέγιστον
2733 3253 2940 3322 ὁμοίως
2979 3256 3066 3310 ἀεὶ
3095 3258 3350 3332 διαμένῃ.
3381 3264 3496 3318 Καὶ
3533 3267 3644 3337 γὰρ

2069 3339 2163 3391 καὶ
2191 3339 2238 3390 εί
2271 3341 2402 3410 περὶ
2429 3339 2526 3410 τῆς
2551 3342 2608 3394 ὲν
2635 3343 2774 3414 χιόνι
2811 3345 3208 3420 βουληθείημεν
3239 3353 3419 3422 λέγειν
3453 3355 3644 3411 λευκὸ-

2065 3445 2225 3498 τητος
2259 3430 2650 3504 ὑποδείγματος
2682 3435 2893 3504 ἕνεκεν,
2925 3439 2985 3494 οὐ
3018 3439 3118 3512 τὴν
3157 3444 3218 3497 ἐν
3243 3445 3320 3516 τῷ
3355 3445 3511 3518 μέρει
3539 3451 3642 3521 τῆς

2076 3523 2267 3615 χιόνος
2290 3523 2591 3615 λευκότητα
2621 3527 2789 3596 μέρος
2820 3529 2886 3583 ἂν
2913 3531 3153 3602 φαίημεν
3181 3534 3278 3605 τῆς
3308 3537 3368 3591 ὲν
3409 3540 3644 3615 πλείστῃ

2066 3611 2210 3702 χιόνι
2229 3613 2576 3702 λευκότητος,
2607 3615 2742 3670 ἀλλὰ
2769 3620 2970 3690 μέρους
2999 3623 3100 3692 μὲν
3122 3626 3296 3696 χιόνος
3315 3611 3640 3702 ὶευκότηταξ

2067 3699 2231 3767 μέρος
2261 3699 2316 3752 δὲ
2341 3701 2663 3776 λευκότητος
2693 3705 2918 3778 ἥκιστα·
2951 3710 3154 3778 ἇογκον
3176 3715 3288 3786 γὰρ
3313 3718 3406 3771 καὶ
3425 3699 3640 3775 ἀποσον

2064 3791 2188 3845 καθ’
2213 3795 2344 3848 αὐτὸ
2375 3798 2470 3851 καὶ
2500 3798 2768 3868 ἀμέγεθες
2809 3803 2842 3872 ἡ
2887 3803 3172 3876 λευκότης,
3225 3809 3302 3870 ὡς
3340 3809 3640 3869 δέδεικται.

2067 3880 2212 3975 Elei
2253 3883 2388 3955 μηδὲ
2428 3887 2778 3960 συμϐεϐηκὸς
2821 3893 2854 3964 ἠ
2889 3893 3142 3960 ἀνούσιος
3171 3898 3313 3972 αὕτη
3341 3908 3644 3975 συγχωρεῖ-

2064 3974 2156 4028 ταί
2196 3993 2278 4030 σοι
2309 3978 2558 4046 γίνεσθαι
2591 3983 2865 4053 ἐνέργεια,
2895 3987 3001 4041 ποῦ
3031 3988 3237 4062 ταύτην
3267 3991 3474 4062 Θετέον;
3509 3974 3640 4060 λέγε

2064 4067 2161 4120 καὶ
2213 4069 2492 4138 νομοθέτει
2525 4071 2610 4128 σύ.
2646 4074 2758 4143 Τῆς
2813 4077 2922 4147 γὰρ
2979 4079 3074 4134 τοῦ
3123 4081 3275 4147 ὄντος
3327 4087 3512 4154 φωνῆς
3559 4089 3641 4153 εις

2067 4157 2258 4212 οὐσίαν
2283 4161 2378 4212 καὶ
2412 4163 2759 4236 συμϐεϐηκὸς
2792 4167 3198 4244 διαιρουμένης,
3221 4175 3272 4228 εί
3315 4177 3441 4248 μήτ’
3477 4179 3642 4236 οὐσία

2069 4249 2207 4344 μήτε
2247 4250 2594 4344 συμϐεϐηκὸς
2627 4256 2738 4324 εἴη,
2773 4259 2880 4314 τῶν
2933 4261 3104 4344 δχτων
3141 4266 3242 4320 οὐκ
3283 4267 3350 4322 ἂν
3397 4269 3636 4338 λέγοιτο.

2069 4337 2478 4434 Δείπεται-ἇρα
2525 4345 2600 4434 μὴ
2657 4345 2718 4398 ὃν
2763 4347 2821 4414 ἐξ
2875 4337 3119 4421 ἁνᾶγκης
3169 4355 3442 4424 λέγεσθαι,
3485 4362 3638 4434 Αὕτη

2063 4425 2172 4479 τῶν
2197 4429 2403 4482 καινῶν
2431 4448 2524 4483 σου
2553 4433 2842 4504 δογμάτων
2869 4439 2900 4508 η
2923 4443 3196 4510 τερατεία,
3219 4445 3350 4498 καλὲ
3378 4425 3636 4517 Παλαμᾶ,

2065 4517 2127 4610 τὸ
2170 4521 2451 4575 πιστεύειν
2511 4524 2594 4587 είς
2647 4527 2707 4578 τὸ
2741 4527 2819 4598 μὴ
2867 4528 2927 4582 ὃν
2983 4533 3078 4585 καὶ
3131 4533 3304 4602 ψιλοῖς
3349 4537 3636 4610 λατρεύειν

2065 4609 2351 4681 ὀνόμασιν,
2392 4614 2550 4670 ὁποῖα
2607 4619 2706 4672 καὶ
2763 4622 2891 4685 τοὺς
2939 4623 3037 4693 τῆς
3073 4625 3422 4699 Πλατωνικῆς
3473 4635 3636 4695 στοᾶς

2069 4701 2166 4754 καὶ
2215 4703 2554 4774 Ἀκαδημίας
2608 4709 2912 4778 φάσκοντας
2962 4718 3120 4784 ἴσμεν
3174 4719 3303 4788 περί
3355 4738 3412 4774 τε
3461 4725 3637 4789 γενῶν

2068 4793 2162 4844 καὶ
2197 4793 2373 4858 εἰδῶν,
2413 4799 2510 4849 καὶ
2547 4799 2601 4852 εἴ
2633 4819 2776 4866 τινες
2817 4799 2927 4858 εἷεν
2963 4809 3025 4860 ἐκ
3053 4809 3163 4862 τῶν
3195 4811 3423 4883 ὕστερον
3457 4814 3634 4868 ἄλλοτ’

395 4891 451 4935 et
501 4884 644 4936 nuda
683 4885 900 4936 nomina
935 4883 1120 4947 colas,-
1143 4881 1322 4949 qualia
1356 4885 1518 4936 etiam
1565 4884 1872 4938 Platonicos
1905 4894 1961 4938 ct

2068 4887 2241 4951 ἄλλως
2263 4888 2451 4952 αὐτοῖς
2485 4891 2935 4966 ἠκολουθηκότων
2975 4899 3284 4972 Βογομί>ων
3321 4910 3412 4958 καὶ
3457 4911 3636 4962 Μανι-

393 4977 758 5034 Academicos
774 4976 957 5029 dicere
991 4976 1230 5029 solemus
1256 4973 1324 5027 de
1353 4975 1645 5043 generibus
1672 4983 1725 5028 et
1745 4975 1956 5036 formis,

394 5079 447 5122 et
481 5069 524 5122 si
555 5067 646 5136 qui
678 5065 806 5120 sunt
840 5082 902 5120 cx
935 5066 1020 5129 iis,
1053 5065 1145 5134 qui
1174 5075 1362 5134 postea
1394 5065 1527 5118 alias
1563 5065 1724 5118 aliter
1752 5057 1848 5118 eos
1872 5079 1958 5118 se-

394 5157 506 5212 cuti
568 5166 736 5220 sunt,
785 5155 1100 5224 Bagomifis'
1144 5153 1395 5207 nimirum
1452 5161 1508 5208 et
1551 5154 1861 5208 Manichzeis
1903 5163 1958 5208 et

393 5249 706 5305 Masalianis
735 5258 788 5302 et
813 5245 1189 5310 Eunomianis,
1219 5261 1355 5314 quos
1376 5246 1540 5299 etiam
1573 5261 1766 5314 magna
1806 5248 1954 5300 insa-

395 5342 483 5394 nin
509 5337 834 5410 perturbare
853 5335 986 5389 dicit
1019 5350 1244 5403 magnus
1267 5333 1497 5389 Basilius
1526 5344 1782 5404 tanquam
1806 5351 1954 5388 com-

395 5443 562 5483 mune
595 5441 766 5497 genus
795 5423 1094 5492 quoddam,
1124 5423 1271 5493 quod
1304 5425 1515 5479 ratione
1567 5425 1680 5478 sola
1719 5425 1956 5494 perspici

396 5519 589 5588 possit,
641 5519 694 5570 in
735 5517 882 5570 nulla
915 5514 1217 5570 substantia
1262 5515 1553 5568 essentiam
1591 5516 1810 5575 habent,
1837 5532 1958 5568 eum

396 5610 584 5662 dicant
650 5607 817 5660 Deum
875 5606 927 5657 in
1001 5603 1295 5672 suppositis
1351 5607 1606 5674 perSpici.
1659 5607 1762 5660 Sed
1831 5609 1956 5660 audi

385 5702 498 5770 jam
536 5701 680 5758 quod
723 5699 862 5752 dicit
904 5712 1094 5750 rursus
1149 5696 1290 5750 idem
1335 5712 1563 5766 magnus
1619 5699 1848 5751 Basilius
1892 5699 1958 5752 de

2067 4977 2233 5048 καίων
2257 4981 2351 5032 καὶ
2381 4982 2749 5042 Μασα).ιανῶν
2773 4991 2868 5043 καὶ
2901 4992 3270 5062 Εὐνομιανῶν,
3309 4999 3400 5060 οὓς
3428 5001 3525 5054 καὶ
3553 5003 3636 5064 είς

2068 5069 2208 5159 μέγα
2259 5073 2654 5159 τταραπληξίας
2714 5081 2960 5135 ἐλαύνειν
3019 5086 3048 5137 ὁ
3083 5087 3256 5155 μέγας
3287 5093 3420 5159 φησὶ
3469 5091 3630 5146 Βασί-

2067 5155 2210 5250 lato;
2247 5156 2436 5230 ὥσπερ
2464 5163 2754 5234 κοινότητά
2803 5185 2924 5222 τινα
2951 5171 3096 5242 λόγῳ
3130 5155 3630 5250 μόνῳῗόεωρητὴν,

2067 5249 2124 5300 ἐν
2154 5251 2383 5325 οὐδεμιᾷ
2417 5255 2715 5314 ὑποστάσει
2747 5261 2810 5334 [Γ.
2845 5265 2948 5320 Md
2973 5266 3051 5338 v.]
3095 5269 3156 5320 τὸ
3201 5263 3337 5323 εἶναι
3379 5249 3628 5342 ἔλουσαν,

2061 5343 2140 5405 εἰς
2168 5347 2233 5396 τὰ
2278 5348 2615 5419 ὑποκείμενα
2655 5356 2979 5427 θεωρεῖσθαι
3009 5361 3322 5429 φάσκοντας
3352 5367 3446 5420 τὸν
3475 5367 3628 5422 Θεὸν.

2073 5435 2214 5486 Ἀλλ’
2259 5435 2432 5492 ’ἄκουε
2490 5443 2676 5498 λοιπὸν
2711 5450 2763 5498 τί
2797 5465 2960 5520 φησιν
2992 5449 3147 5516 αὖθις
3189 5457 3218 5508 ὁ
3249 5457 3414 5521 αὐτὸς
3457 5459 3628 5526 μέγας

2063 5523 2339 5616 [Fufi-5&0;
2373 5533 2500 5601 περὶ
2545 5537 2642 5604 τῆς
2691 5540 2973 5608 ἐνεργείας
3021 5546 3155 5598 Θεοῦ
3205 5549 3304 5616 τῆς
3343 5550 3623 5608 ἁκτίστου,

2057 5611 2130 5704 ᾡς
2161 5617 2252 5668 ἐπὶ
2284 5620 2379 5689 τῆς
2411 5623 2586 5692 ἁπλῆς
2643 5629 3076 5704 καὶὰσωμόιτου
3105 5635 3320 5703 φύσεως
3345 5639 3434 5691 τὸν
3465 5639 3624 5692 αὐτὸν

2059 5703 2217 5772 λόγον
2267 5711 2575 5784 ἐπιδέχεται
2626 5720 2657 5790 ἡ
2695 5723 2940 5791 ἐνέργεια
2987 5729 3052 5797 τῇ
3087 5730 3267 5799 οὐσίᾳ.

393 5795 682 5850 efﬁcientia
712 5795 804 5847 Dei
838 5794 1076 5847 inereata
1111 5793 1202 5846 :in
1233 5793 1470 5864 simplici
1501 5797 1710 5850 scilicet
1738 5807 1790 5848 et
1841 5795 2164 5865 incorporea
2197 5817 2388 5862 natura
2425 5815 2674 5868 eamdem
2709 5833 2832 5871 eum
2868 5793 3104 5876 essen-tia
3130 5793 3394 5878 rationem
3429 5823 3626 5896 accipit

389 5889 704 5944 efficientia.
