3966 6558
254 339 354 405 273

1181 351 1627 415 BYZANTINrE
1671 355 2050 417 HISTORle
2090 355 2232 417 LIB.
2277 361 2460 419 XXX.

3388 360 3505 422 27’s

318 449 418 503 ΙΘ.
463 452 618 504 Ἐπεὶ
655 452 696 504 δ’
721 454 748 505 ὁ
788 455 883 524 τῆς
921 458 1106 522 οὐςίας
1134 463 1258 532 ὅρος
1289 467 1385 518 καὶ
1416 465 1573 529 λόγος
1595 466 1817 532 (ταυτὸν

2002 471 2143 524 XIX.
2177 471 2448 536 Quoniam
2483 480 2664 524 autem
2708 471 2963 526 essentne
2995 469 3240 523 definitio
3270 479 3324 523 et
3362 472 3512 524 ratio:

250 542 355 608 γὰρ
385 541 511 608 ὄρος
568 541 655 594 καὶ
699 543 883 613 λόγος)
915 550 1149 617 πρᾶγμά
1207 554 1357 606 ἐστιν
1405 555 1816 625 αὺθύπαρκτον,

251 631 325 701 μὴ
359 632 618 700 δεόμενον
670 635 862 704 ἐτέρου
922 640 1060 708 πρὸς
1105 640 1364 713 ὕπαρξιν,
1395 647 1477 714 εἰη
1510 645 1575 698 ἂν
1604 647 1820 708 πάντως

248 724 343 776 καὶ
361 726 389 776 ὁ
416 725 518 792 τῆς
552 728 832 796 ἐνεργείας
863 729 1020 797 λόγος
1059 735 1086 784 ὁ
1116 734 1301 799 αὐτὸς,
1328 736 1432 789 κᾶν
1460 741 1571 793 τοῖς
1593 737 1821 806 ὀνόμασι

247 814 561 885 διαφέρωσι,
598 820 833 888 πρᾶγμα
887 822 1277 894 αὐθύπαρκτον
1335 822 1562 898 δηλαδὴ,
1598 830 1672 899 μὴ
1707 830 1822 883 δεό-

253 923 408 974 μενον
455 908 648 979 ἐτέρου
699 911 837 981 πρὸς
875 912 1134 981 ὕπαρξιν.
1175 916 1333 971 Οὕτω
1378 919 1488 989 γὰρ
1538 921 1690 982 καὶῤ
1719 921 1822 990 τῆς

243 1000 570 1071 ταυτότητος
627 1002 859 1067 σώζεται
914 1006 1091 1074 λόγος,
1157 1009 1233 1073 ὡς
1294 1013 1390 1064 καὶ
1449 1015 1478 1065 ὁ
1530 1014 1630 1083 τῆς
1687 1013 1822 1083 ἀλη-

243 1091 383 1154 θείας
438 1095 788 1166 όμολογητὴς
849 1097 1142 1169 σοφώτατα
1180 1103 1630 1175 μεμαρτύρηκε,
1692 1106 1822 1160 Θεό-

247 1186 412 1256 δωρος
463 1189 493 1241 ὁ
556 1188 830 1258 Γραπτδς,
891 1207 912 1243 t
950 1191 1140 1257 Οὕτως
1194 1194 1283 1259 ἂν,
1341 1196 1546 1267 φήσας,
1583 1198 1824 1263 εὐσεϐῶς

245 1279 457 1347 νοηθείη
485 1281 517 1348 ἡ
554 1281 654 1348 μὲν
685 1282 805 1336 θεία
835 1283 1086 1355 ἐνέργεια
1110 1287 1298 1350 ἁῖδιος,
1324 1289 1525 1358 μᾶλλον
1549 1289 1596 1341 δ’
1619 1292 1822 1345 αὐτεν-

252 1372 455 1440 έργεια,
490 1373 574 1444 τῷ
607 1375 682 1445 μὴ
744 1376 1032 1445 διωρίσθαι
1054 1377 1152 1448 τῆς
1179 1378 1368 1444 οὐσίας
1393 1381 1491 1449 τὴν
1522 1382 1822 1454 ἐνέργειαν,

245 1464 376 1516 ἀλλὰ
431 1466 526 1518 τὸν
584 1468 748 1521 αὑτὸν
806 1469 967 1537 λόγον
1019 1471 1373 1541 ἐπιδέχεσθαι
1431 1473 1519 1526 διὰ
1574 1474 1675 1545 τὴν
1723 1476 1822 1544 τῆς

245 1557 415 1622 ἁπλῆς
450 1559 550 1610 καὶ
584 1559 881 1630 ἀσωμάτου
912 1561 1128 1630 φύσεως
1165 1565 1426 1634 ἰδιότητα.
1459 1584 1476 1618 ι
1498 1567 1608 1620 Καὶ
1631 1567 1817 1635 πάλιν,

251 1668 267 1700 ι
304 1650 535 1716 Ἕτερον
591 1653 786 1706 οὐσίαν
833 1655 928 1707 καὶ
982 1655 1112 1709 ἄλλο
1153 1657 1440 1727 ἐνέργειαν
1487 1658 1598 1712 τῶν
1650 1659 1820 1713 παλαι

247 1743 403 1804 τινὲς.
438 1742 517 1804 ὡς
559 1746 656 1797 ἐπὶ
688 1745 798 1802 τῶν
844 1748 1180 1817 σωματικῶς
1229 1750 1649 1820 θεωρουμένων,
1676 1746 1834 1804 οὕτω

1931 564 2099 634 (idem
2147 563 2294 616 enim
2323 551 2572 615 deﬁnitio
2604 573 2658 616 et
2705 560 2866 631 ratio)
2897 576 2983 616 res
3007 569 3093 615 est
3123 560 3500 614 substantialis

1929 669 2049 723 qune
2082 670 2189 707 non
2244 665 2396 724 egeat
2439 654 2540 706 alia
2574 653 2636 706 ad
2676 653 3074 715 exsistcutiam,
3119 652 3343 709 omnino
3389 668 3502 705 non

1929 754 2252 813 potestesse
2281 744 2445 797 etiam
2470 743 2770 798 ellicicntiae
2832 741 2971 796 ratio
3025 756 3135 795 non
3166 739 3358 794 eadem
3417 741 3502 794 vel

1933 834 1987 889 in
2025 835 2346 888 nominibus
2373 836 2610 891 diversis
2635 877 2649 899 ,
2693 851 2780 888 res
2814 832 3071 888 nimirum
3122 831 3504 887 substantialis

1929 943 2051 997 qua:
2082 943 2188 980 non
2217 928 2496 998 egeatalia
2521 925 2586 980 ad
2609 925 2974 980 substantiam
3009 943 3023 979 :
3060 925 3132 978 ita
3164 923 3309 979 enim
3335 923 3502 976 etiam

1931 1019 2176 1088 ejusdem
2212 1018 2432 1087 generis
2478 1018 2616 1070 ratio
2650 1027 2926 1075 servatur,
2960 1013 3104 1083 quod
3164 1012 3327 1066 etiam
3357 1011 3503 1065 veri-

1932 1111 2061 1164 tatis
2091 1108 2378 1163 confessor
2412 1108 2822 1178 sapientissime
2865 1113 3094 1160 testatus
3141 1113 3226 1157 est
3250 1102 3514 1156 Theodo-~

1932 1216 2027 1256 rus
2058 1201 2319 1270 Graptus,
2352 1216 2474 1256 eum
2505 1201 2689 1254 dicat:
2724 1218 2741 1251 ι
2775 1197 2889 1252 Hoc
2947 1197 3108 1252 modo
3139 1196 3226 1264 pie
3268 1193 3502 1265 cogitari

1929 1301 2064 1361 puto
2090 1310 2105 1345 :
2131 1291 2315 1344 divina
2346 1288 2638 1345 elﬁcientia
2665 1299 2748 1344 est
2789 1288 3145 1358 sempiterna,
3171 1287 3283 1340 sive
3315 1287 3503 1354 potius

1933 1384 2048 1454 ipsa
2075 1383 2392 1448 eﬂicientia,
2437 1384 2564 1452 quia
2598 1399 2707 1437 non
2743 1382 3005 1436 distincta
3033 1388 3116 1434 est
3153 1379 3220 1432 ab
3262 1376 3503 1431 essentia

1929 1476 2246 1540 efﬁcientia,
2289 1477 2382 1530 sed
2425 1476 2674 1530 eamdem
2730 1475 2996 1528 rationem
3041 1470 3243 1539 accipit
3278 1478 3502 1538 propter

1928 1570 2193 1639 simplicls
2221 1578 2275 1623 et
2322 1569 2662 1638 incorporea:
2697 1577 2908 1622 naturae
2938 1562 3354 1634 proprietatem.
3395 1579 3411 1611 ι
3437 1560 3503 1614 Et

1931 1677 2125 1716 rursus
2155 1676 2167 1712 :
2205 1679 2223 1712 ι
2253 1660 2412 1714 Aliud
2448 1676 2570 1714 esse
2618 1659 2940 1721 essentiam,
2975 1655 3120 1710 aliud
3156 1654 3503 1709 efﬁcientiam

1928 1753 2094 1822 310
2135 1753 2442 1821 priscorum
2491 1751 2714 1822 quidam
2745 1762 2804 1805 ut
2837 1750 2889 1803 iu
2923 1749 2989 1803 iis
3007 1763 3127 1817 quae
3167 1747 3219 1800 in
3257 1747 3505 1814 empori-

245 1830 305 1898 δὴ
339 1832 474 1884 κάπὶ
507 1833 608 1886 τοῦ
642 1836 790 1890 θείου
849 1837 1011 1903 λόγου
1067 1837 1334 1892 ἐτίθεντο.
1377 1841 1554 1910 Ὅπερ
1589 1842 1702 1903 τοῖς
1733 1843 1817 1894 εὐ-

1927 1836 2031 1898 bus
2079 1844 2519 1912 perspiciuntur.
2551 1841 2624 1896 ita
2655 1842 2819 1895 etiam
2859 1841 2911 1894 in
2947 1840 3132 1894 divina
3164 1839 3374 1892 ratione
3409 1855 3506 1906 po-

245 1923 452 1976 σεδέσιν
487 1925 816 1997 ἀπείρηται.
864 1929 995 1984 Ἐπὶ
1035 1931 1146 2001 γὰρ
1191 1931 1300 1984 τῶν
1333 1931 1522 1985 ἁπλῶν
1556 1933 1647 1987 καὶ
1678 1934 1823 1986 ἀσω-

245 2015 422 2083 μάτων
463 2017 521 2070 ἐν
570 2018 752 2071 οὐδενὶ
785 2019 1068 2090 διαφέρειν
1119 2021 1338 2074 ῐσασινο
1396 2024 1458 2075 οὐ
1509 2023 1616 2092 γὰρ
1652 2021 1824 2092 διορι-

245 2105 392 2160 στέον
442 2107 627 2162 ταῦτα
686 2109 956 2180 ἀλλήλων,
1005 2113 1092 2166 ἵνα
1144 2113 1218 2184 μὴ
1279 2113 1534 2168 σύνθετον
1583 2114 1644 2168 τὺ
1677 2115 1822 2187 ὑπὲρ

247 2199 419 2251 πᾶσαν
452 2199 743 2271 ἁπλότητα
800 2202 1010 2272 νοῆται.
1073 2201 1213 2256 οὔτε
1275 2203 1384 2275 γὰρ
1427 2205 1461 2274 ἠ
1509 2203 1628 2258 θεία
1659 2203 1820 2259 οὐσία

242 2289 598 2362 ἁνενέργητος
627 2292 715 2362 εἴη
744 2294 810 2347 ἄν
845 2309 998 2358 ποτε,
1024 2293 1136 2347 οὔτ’
1177 2294 1427 2360 ἁνοῦσιος
1453 2298 1487 2368 ἠ
1512 2297 1814 2367 ἐνέργεια.»

253 2382 490 2447 Ἀκούεις
552 2385 665 2438 τῶν
703 2388 865 2456 ἱερῶν
911 2388 1251 2442 διδασκάλων
1317 2390 1420 2458 τῆς
1487 2391 1819 2462 Ἐκκλησίας

243 2473 387 2543 παρὰ
414 2475 680 2528 τοσοῦτον
725 2480 793 2549 τῇ
833 2478 996 2550 οὐσίᾳ
1029 2479 1130 2548 τὴν
1164 2479 1453 2551 ἐνέργειαν
1479 2483 1538 2536 ἓν
1561 2485 1656 2537 καὶ
1680 2502 1819 2538 ταυ-

241 2567 326 2620 τὸν
367 2566 460 2620 ἐπὶ
491 2567 636 2622 θεοῦ
673 2567 1134 2640 δογματιξόντων,
1172 2573 1306 2645 παρ’
1343 2574 1468 2629 ὅσον
1505 2578 1602 2630 καὶ
1623 2579 1819 2633 αὗτεν-

241 2656 450 2728 ἕργειαν
541 2660 776 2716 καλοῦσι
827 2662 916 2717 διὰ
974 2662 1074 2736 τὴν
1131 2665 1309 2736 ἄκραν
1370 2669 1698 2742 ταυτότητα,
1740 2670 1818 2736 ὡς

244 2749 358 2820 μηδ’
382 2750 545 2821 ἄχρις
596 2753 844 2816 ἐπινοίας
890 2755 1282 2825 παρακύπτειν
1339 2759 1459 2812 ἐκεῖ
1508 2759 1817 2832 δυναμένης

241 2837 494 2910 διαφορᾶς
527 2841 776 2898 οιατοῦν.
822 2863 841 2897 ι
880 2846 1129 2910 ’Δκοὺεις
1169 2847 1216 2902 δ’
1264 2847 1347 2902 ἐτι
1387 2849 1487 2902 καὶ
1533 2849 1677 2919 ὅπερ
1728 2866 1813 2902 σοι

243 2931 494 3004 ἀνωτέρω
535 2935 956 3008 δεδηλώκαμεν·
991 2939 1056 2991 σὺ
1083 2939 1194 3010 γὰρ
1231 2938 1421 3008 ἔλεγες
1454 2939 1818 3012 ἁνενέργητον

243 3022 347 3075 τότ’
369 3021 510 3079 εἶναι
541 3027 647 3097 τὴν
666 3029 819 3083 θείαν
851 3029 1054 3100 μᾶλλον
1075 3030 1285 3094 οὐσίαν,
1305 3031 1436 3084 ὅταν
1466 3031 1526 3084 ἐν
1556 3033 1651 3086 καὶ
1677 3048 1814 3085 ταυ-

241 3117 324 3169 τὸν
349 3117 581 3190 λέγηται
607 3119 798 3192 ἄμφω,
815 3123 940 3176 τότε
963 3121 1008 3175 δ’
1027 3124 1249 3195 ἐναργῆ,
1269 3125 1398 3177 ὅταν
1482 3125 1812 3197 διῃρημένα,

1926 1944 2190 2000 suerunt,
2241 1935 2292 1989 id
2349 1935 2494 2005 quod
2549 1935 2623 2004 pii
2677 1936 3006 1990 refutaruut.
3046 1932 3102 1987 lu
3162 1932 3502 2000 simplicibus

1925 2026 2075 2081 enim
2137 2033 2194 2081 et
2243 2026 2583 2096 iueorporeis
2617 2025 2769 2080 nullo
2798 2024 2968 2080 modo.
3012 2023 3104 2078 illa
3134 2023 3347 2078 diversa
3381 2037 3505 2077 esse

1925 2128 2177 2187 possunt;
2200 2133 2378 2188 neque
2400 2117 2546 2172 enim
2571 2116 2955 2188 distinguenda
2985 2123 3113 2168 sunt
3130 2129 3159 2166 a
3178 2128 3236 2168 se
3269 2112 3502 2166 invicem

1923 2209 2065 2275 haec,
2087 2225 2157 2266 ne
2175 2209 2543 2279 compositum
2567 2207 2842 2280 cogitetur
2872 2205 2926 2261 id
2945 2205 3092 2276 quod
3123 2219 3339 2259 omnem
3368 2204 3452 2257 Sil:
3473 2231 3506 2246 -ρ

1923 2299 2223 2370 plicitatem
2267 2307 2492 2368 superat
2519 2314 2537 2365 ;
2571 2311 2682 2352 non
2741 2297 2889 2350 enim
2920 2291 3108 2350 divina
3132 2294 3368 2349 essentia
3396 2311 3500 2348 un-

1922 2406 2086 2461 quam
2121 2406 2243 2448 essc
2264 2399 2446 2461 potest
2473 2388 2722 2446 inelIicax
2747 2427 2762 2453 ,
2801 2403 2977 2458 neque
3015 2386 3307 2442 elIicicutia
3349 2386 3494 2440 ines-

1919 2481 2189 2539 sentialis.
2229 2500 2252 2534 ι
2285 2480 2460 2537 Audis
2493 2492 2714 2539 sanctos
2759 2480 3018 2536 Ecclesiae
3064 2480 3318 2534 doctores
3383 2489 3510 2533 tan-

1924 2585 2039 2631 tum
2073 2591 2200 2632 cum
2225 2575 2465 2631 essentia
2499 2573 2853 2629 efficientiam
2881 2588 3050 2627 unum
3075 2572 3333 2640 idemque
3373 2586 3497 2625 esse

1919 2667 1973 2722 in
2007 2668 2117 2724 Deo
2140 2678 2452 2730 censentes,
2472 2676 2738 2737 quantum
2769 2665 2932 2720 etiam
2957 2663 3127 2733 ipsam
3151 2661 3498 2718 ellicientiam

1923 2770 2122 2817 vocant
2148 2777 2267 2816 eam
2291 2769 2518 2832 propter
2539 2773 2814 2814 summum
2837 2755 3176 2814 discriminis
3199 2754 3504 2822 defectam,

1923 2853 2003 2908 ita
2047 2863 2111 2908 ut
2161 2868 2231 2908 ne
2266 2852 2322 2908 in
2379 2851 2775 2923 cogitationem
2820 2850 3067 2921 quidem
3095 2850 3374 2904 insinuare
3422 2847 3502 2902 ibi

1921 2943 2098 3012 possit
2126 2940 2435 2998 differentia
2461 2941 2886 3011 qualiscunque.
2921 2939 3095 2994 Audis
3134 2954 3300 3009 porro
3329 2939 3504 2993 etiam

1923 3032 1981 3088 id
2011 3033 2158 3102 quod
2183 3047 2350 3102 supra
2383 3032 2482 3086 tibi
2503 3030 3027 3087 demonstravimus.
3058 3029 3138 3084 Tu
3171 3026 3319 3083 enim
3350 3028 3501 3083 dice-

1921 3126 2022 3182 bas
2055 3126 2392 3181 ineliicacem
2426 3133 2540 3180 tum
2563 3139 2683 3180 esse
2710 3123 2951 3180 divinam
2975 3122 3159 3192 potius
3176 3122 3507 3184 essentiam,

243 3211 463 3281 πρᾶγμα
495 3228 557 3264 τε
569 3213 972 3283 ρατωδέστατόν
993 3232 1052 3268 τε
1077 3217 1171 3270 καὶ
1190 3217 1586 3286 ἀμαθέστατον,
1619 3220 1714 3271 καὶ
1743 3219 1817 3290 μὴ

1925 3234 2049 3275 cum
2080 3219 2338 3274 dicantur
2361 3218 2528 3273 ambo
2560 3233 2729 3272 unum
2761 3217 3014 3286 idemque
3061 3229 3203 3280 esse,
3243 3223 3355 3266 tum
3397 3228 3510 3266 au-

253 3303 422 3355 πᾶσαν
444 3304 618 3374 μόνον
641 3305 946 3373 ἐκπλῆττον
973 3307 1142 3376 ἀκοὴν
1164 3310 1228 3377 τῇ
1263 3309 1586 3380 ἁδελτηρίᾳ,
1614 3310 1697 3363 δτι
1738 3311 1812 3382 μὴ

247 3395 330 3446 καὶ
346 3398 470 3459 τοὺς
490 3398 700 3465 σοφοὺς
723 3399 974 3450 τουτουσὶ
994 3397 1345 3462 διδασκάλους
1368 3401 1468 3469 τῆς
1485 3401 1813 3470 Ἐκκλησίας

246 3486 614 3554 συκοφαντῶν
653 3487 844 3550 ἀδεῶςο
874 3489 934 3541 ob
978 3489 1086 3559 γὰρ
1107 3489 1410 3558 διοριστέον
1445 3489 1619 3542 ταῦτα
1646 3491 1810 3559 φασὶν

244 3577 474 3646 ἀλλήλων
507 3581 738 3644 ἐκεῖνοι,
767 3580 855 3632 ἵνα
889 3597 948 3632 τε
975 3581 1110 3650 μήτε
1148 3580 1403 3634 σύνθετον
1435 3583 1495 3633 τὸ
1523 3581 1664 3651 ὑπὲρ
1699 3586 1806 3635 πεῖ⁴

250 3689 340 3724 σαν
365 3673 653 3737 ἁπλότητα
678 3675 890 3741 νοῆται,
919 3676 1013 3726 καὶ
1032 3675 1118 3726 ἴνα
1149 3675 1277 3744 μήθ’
1305 3677 1336 3746 ἡ
1357 3675 1530 3748 [12Ηὸ
1555 3674 1630 3746 r.]
1649 3675 1808 3729 οὐσία

243 3765 594 3837 ἀνενέργητος
620 3768 704 3835 εἴη
756 3769 820 3820 ἄν
850 3784 977 3819 ποτε
1005 3769 1129 3837 μήτ’
1161 3769 1413 3832 ἀνούσιος
1447 3771 1478 3838 ἡ
1514 3771 1804 3837 ἐνέργεια.

1921 3319 2032 3367 tem
2058 3311 2355 3376 elﬁcacem,
2389 3311 2657 3366 cumsint
2685 3308 2858 3363 divisa
2893 3325 2906 3362 :
2945 3321 3068 3376 qum
3101 3321 3192 3361 res
3223 3313 3308 3359 est
3332 3303 3504 3357 mira-

1921 3402 2031 3457 culi
2058 3411 2117 3457 et
2160 3402 2482 3472 ignorantiae
2532 3401 2946 3471 plenissima,et
2976 3415 3097 3468 quae
3129 3405 3341 3450 tantum
3388 3410 3505 3448 none

1920 3507 2112 3547 omnes
2161 3492 2450 3562 perturbet
2508 3504 2672 3546 aures
2725 3489 3092 3553 absurditate,
3117 3487 3286 3543 multo
3318 3485 3490 3554 magis

1914 3583 2078 3638 etiam
2098 3580 2374 3653 sapientes
2395 3583 2493 3638 hos
2514 3582 2766 3636 doctores
2786 3581 3040 3636 Ecclesia:
3051 3580 3377 3635 criminetur
3399 3579 3518 3631 imo

1915 3674 2210 3743 pudenter.
2239 3674 2428 3744 Neque
2450 3674 2592 3728 enim
2618 3673 3004 3743 distinguenda
3031 3688 3150 3727 esse
3170 3673 3285 3724 hmc
3309 3669 3502 3723 dicunt

1921 3765 1998 3819 illi
2038 3781 2068 3820 a
2102 3781 2160 3820 se
2189 3764 2426 3820 invicem
2455 3806 2469 3829 ,
2527 3780 2594 3817 ne
2646 3763 3010 3832 compositum
3045 3763 3316 3830 cogitetur
3351 3757 3499 3828 quod

245 3873 450 3913 omnem
517 3860 934 3930 simplicitatem
978 3871 1242 3931 superat,
1283 3878 1422 3918 neve
1463 3876 1705 3931 unquam
1743 3859 1818 3916 sit
1865 3875 2045 3931 neque
2109 3858 2350 3915 essentia
2413 3858 2685 3924 incilicax,
2719 3871 2896 3925 neque
2927 3853 3218 3910 cllicientia
3256 3854 3501 3906 inessen-

247 3953 400 4008 tialis.

312 4047 390 4101 K'.
427 4049 581 4118 Πρδς
611 4049 785 4103 ταῦτα
809 4053 835 4104 ὁ
868 4051 1129 4120 [Ιαλαμᾶς
1158 4048 1458 4116 ἀντιλέγων
1490 4047 1676 4100 κοινὸν
1709 4045 1811 4116 μὲν

248 4139 439 4209 ἔφησεν
483 4137 630 4194 εἶναι
683 4144 862 4214 δόγμα
911 4144 1019 4195 τῶν
1064 4160 1123 4194 τε
1177 4142 1374 4208 ἔξωθεν
1411 4142 1504 4194 καὶ
1542 4141 1650 4193 τῶν
1689 4139 1814 4192 καθ’

1982 4041 2101 4096 XX.
2137 4041 2216 4096 Ad
2247 4043 2361 4096 hate
2386 4042 2631 4096 Palamas
2672 4038 3344 4108 rcspoudens,commune
3376 4053 3502 4094 esse

1911 4134 2047 4191 dixit
2088 4135 2192 4189 hoc
2245 4134 2440 4203 dogma
2503 4143 2850 4188 externorum
2879 4130 3037 4200 311
3070 4141 3126 4184 et
3177 4139 3495 4183 nostrorum

250 4231 388 4296 ἡμᾶς
422 4232 740 4300 φιλοσόφων
772 4235 946 4300 τουτὶ,
997 4234 1094 4286 καὶ
1125 4233 1225 4286 οὐκ
1267 4231 1554 4300 ἀντιλέγωο
1580 4229 1718 4300 πλὴν
1747 4228 1817 4282 τὰ

1925 4225 2389 4297 philosophorum,
2448 4238 2627 4292 neque
2687 4236 2788 4291 ego
2837 4219 3018 4275 eidem
3054 4235 3343 4289 repugno:
3396 4219 3496 4274 sed

245 4318 328 4370 τὸν
356 4321 515 4374 αὑτὸν
568 4322 932 4392 ἐπιδεχόμενοι
991 4324 1150 4392 λόγον
1198 4322 1292 4376 δύο
1322 4325 1440 4376 ἐστὶ
1483 4323 1578 4374 καὶ
1609 4321 1710 4391 οὐχ
1731 4320 1811 4373 ἐν.

247 4409 350 4462 Καὶ
404 4415 452 4466 εἰ
504 4412 626 4474 δύο,
669 4414 787 4476 πῶς
835 4417 1003 4484 χωρῖς
1057 4414 1376 4486 ἡστινοσοῦν
1428 4412 1564 4483 πρὸς
1609 4412 1815 4482 ἄλληλα

246 4499 497 4572 διαφορᾶς
529 4521 554 4571 ς
603 4505 792 4557 Ἐττιν
840 4507 931 4559 οὖν
985 4508 1018 4577 ή
1073 4507 1173 4576 μὲν
1217 4507 1483 4576 ταυτότης
1528 4505 1620 4557 τοῦ
1653 4504 1813 4571 λόγου

1915 4335 2037 4389 quae
2067 4319 2322 4373 eamdem
2355 4316 2626 4370 rationem
2675 4313 2956 4384 accipiunt
3011 4311 3121 4368 duo
3161 4313 3273 4365 sint
3315 4326 3495 4382 neque

1919 4426 2053 4466 vero
2083 4427 2288 4477 unum;
2328 4425 2393 4464 ac
2425 4408 2470 4464 si
2508 4407 2619 4463 duo
2643 4447 2659 4473 ,
2706 4407 2984 4478 quomodo
3023 4413 3231 4460 remota
3283 4414 3411 4459 sunt
3466 4422 3497 4460 a

1922 4503 2297 4573 qualicunque
2351 4500 2666 4555 dilIerentia
2705 4499 2850 4553 inter
2895 4497 2996 4552 se?
3036 4495 3303 4552 l‘deutitas
3334 4496 3498 4566 igitur

247 4597 381 4650 κατὰ
417 4597 477 4650 τὸ
531 4593 672 4650 εἶναι
718 4598 907 4667 ἄμφω,
946 4599 1045 4669 τήν
1079 4616 1134 4675 τε
1187 4598 1376 4651 οὐσίαν
1407 4598 1502 4650 καὶ
1529 4597 1627 4667 τὴν
1658 4596 1813 4666 ἐνέρ-

1925 4595 2149 4650 rationis
2197 4594 2253 4647 in
2310 4608 2378 4648 eo
2445 4592 2547 4647 sita
2580 4599 2704 4657 est,
2731 4588 2884 4659 quod
2927 4589 3125 4652 ambo,
3175 4597 3230 4642 et
3260 4588 3498 4642 essentia

249 4699 413 4750 γειαν,
449 4688 707 4741 ἇκτιστα⁶
750 4690 782 4759 ἡ
815 4689 870 4741 δὲ
919 4688 1151 4756 διαφορὰ
1195 4687 1254 4740 τὸ
1288 4689 1388 4758 μὲν
1431 4685 1645 4753 οὐσίαν,
1678 4685 1740 4738 τὸ
1769 4683 1816 4737 δ’

248 4776 512 4842 ἁνούσιον,
543 4794 642 4852 την
672 4781 957 4852 ἐνέργειαν
986 4781 1215 4852 δηλαδή.

317 4957 445 5012 KA'.
493 4961 553 5011 Ὀ
577 4959 632 5012 δέ
665 4960 970 5029 Γρηγορᾶς,
1002 4960 1126 5013 Ὀτι
1153 4960 1272 5029 μὲν,
1299 4959 1454 5029 φησὶ,
1483 4959 1544 5012 τὸ
1565 4959 1820 5014 ἀνούσιον

249 5049 343 5104 οὑκ
361 5051 440 5115 ὂν,
473 5055 534 5105 τ’)
566 5052 610 5104 δ’
635 5053 734 5105 οὐκ
757 5052 816 5106 ὃν
845 5054 904 5105 οὗ
949 5053 1104 5115 Θεὸς,
1127 5052 1286 5120 δῆλον
1317 5055 1428 5115 τιίς
1459 5052 1632 5123 ἅπασι
1679 5052 1819 5123 πλὴν

252 5140 359 5196 σοῦ.
394 5144 519 5197 Ὀτι
555 5143 598 5196 δ’
631 5145 782 5198 οὐδὲν
813 5144 895 5198 ἔτι
927 5144 1161 5198 κωλύσει
1196 5144 1383 5197 λοιπὸν
1413 5145 1816 5215 συμπεραίνειν

253 5237 339 5287 καὶ
376 5237 520 5306 ἡμᾶς
569 5240 660 5289 ἐπὶ
705 5238 808 5307 τῆς
847 5237 1104 5290 συνθέτου
1147 5237 1256 5309 ἄρα
1293 5237 1510 5306 φύσεως
1543 5237 1634 5289 τὸν
1665 5240 1818 5291 ἀντι·

253 5325 497 5396 κείμενον
544 5328 796 5399 δέχεσθαι
850 5328 1016 5398 λόγον
1045 5329 1143 5400 τὴν
1184 5329 1468 5399 ἐνέργειαν
1514 5333 1579 5400 τῇ
1634 5331 1814 5401 οὐσία,

256 5418 343 5468 καὶ
371 5415 511 5472 εἶναι
545 5421 688 5474 δυοῖν
741 5420 801 5486 ἐξ
843 5422 1088 5492 ἀνάγκης
1125 5423 1430 5492 θάτερον,ἢ
1467 5425 1566 5492 τὴν
1599 5423 1700 5490 μὲν
1727 5424 1820 5476 οὖν

256 5507 373 5564 σίαν
418 5514 575 5582 ἡμῶν
617 5513 895 5578 ἄκτιστον,
929 5513 1027 5586 τὴν
1071 5513 1117 5567 δ’
1172 5514 1454 5584 ἐνέργειαν
1506 5516 1815 5587 κτιστὴννῆ

255 5597 346 5668 τῆς
383 5602 566 5667 οὐσίας
594 5602 761 5674 οὔσης
783 5605 1007 5674 κτιστῆς
1039 5599 1302 5677 εἶναιτὴν
1348 5606 1626 5677 ἐνέργειαν
1666 5607 1820 5660 ἇκτιυ

259 5704 398 5759 στον,
430 5693 584 5762 δῆλον
627 5697 722 5750 καὶ
768 5695 930 5750 τοῦτο
967 5697 1127 5750 παντί
1161 5715 1260 5750 που
1304 5697 1371 5752 τὰ
1426 5696 1659 5766 μάλιστα
1685 5713 1698 5727 ·
1743 5697 1818 5761 ὡς

263 5785 360 5854 γὰρ
385 5785 461 5851 οἷς
497 5791 552 5843 τὺ
579 5786 718 5843 εἶναι
747 5791 941 5844 ταυτὸν
991 5791 1083 5845 γ-αὶ
1111 5791 1135 5844 ό
1167 5788 1224 5841 λό
1240 5807 1322 5859 τος
1358 5791 1383 5842 ὁ
1416 5789 1597 5854 αὖτίς,
1638 5787 1815 5853 οὕτως

1919 4697 1976 4743 et
2005 4685 2321 4750 efﬁcientia,
2356 4685 2470 4739 sint
2514 4685 2758 4739 increata
2791 4700 2804 4736 :
2833 4681 3142 4736 diﬂ‘ercnlia
3185 4691 3366 4735 autem
3407 4696 3496 4746 ea,

1921 4789 1981 4834 ut
2032 4780 2268 4834 alterum
2294 4777 2375 4846 .sit
2407 4777 2691 4841 essentia,
2727 4775 2961 4831 alterum
3009 4781 3194 4826 autem
3248 4773 3499 4828 inessen-

1919 4871 2071 4933 tiale.
2100 4871 2391 4926 eiiicicntia
2425 4869 2716 4925 nimirum.

1990 4963 2134 5018 XXI.
2175 4963 2450 5034 Gregoras
2474 4972 2657 5016 autem
2684 4979 2697 5014 :
2727 4959 3108 5022 lnessentiale,
3132 4957 3345 5027 inquit,
3385 4970 3503 5010 non

1919 5072 2039 5115 esse
2063 5098 2077 5122 ,
2109 5057 2254 5124 quod
2287 5063 2471 5109 autem
2503 5070 2610 5108 non
2631 5054 2724 5116 sit,
2754 5068 2860 5105 non
2895 5065 3016 5104 esse
3052 5049 3240 5106 Deum.
3278 5048 3346 5102 ab
3379 5063 3499 5100 om-

1919 5147 2086 5202 nibus
2113 5145 2439 5214 intelligitur
2468 5145 2572 5198 nisi
2598 5153 2727 5196 ate.
2757 5139 2928 5195 .Niliil
2965 5148 3148 5193 autem
3183 5140 3292 5208 jam
3317 5136 3497 5203 impc-
3594 5174 3600 5180 -

1918 5239 2169 5294 diturum
2195 5251 2338 5301 esse,
2374 5235 2678 5306 quominus
2701 5247 2803 5287 nos
2825 5245 3046 5301 quoque
3076 5228 3500 5289 concludamus,

1920 5332 1975 5386 in
1995 5329 2300 5399 composita
2334 5337 2527 5382 natura
2554 5325 2908 5381 ellicientiam
2941 5322 3196 5392 accipere
3222 5320 3500 5374 rationem

1918 5423 2168 5479 essentia:
2198 5421 2504 5490 oppositam
2535 5461 2550 5484 ,
2598 5427 2800 5473 etesse
2842 5415 3268 5470 alterutnutrum
3305 5425 3498 5464 ncces-

1917 5514 2101 5576 sario,
2136 5521 2232 5567 aut
2293 5512 2590 5566 essentiam
2677 5519 2921 5564 nostram
2987 5507 3322 5570 increatam,
3383 5502 3498 5557 elli-

1918 5607 2176 5663 cieutiam
2229 5614 2414 5659 autem
2470 5611 2734 5668 creatam,
2789 5609 2880 5656 aut
2911 5597 3204 5654 essentiam
3231 5603 3504 5664 creatam,

1918 5697 2262 5752 ellicientiam
2329 5705 2513 5750 autem
2583 5697 2920 5755 inereatam,
2965 5693 3067 5746 hoc
3124 5689 3193 5745 ab
3237 5688 3511 5744 omnibus

1919 5789 2089 5857 probe
2148 5789 2490 5855 intelligitur.
2540 5788 2760 5843 Etenim
2789 5798 2844 5840 ut
2880 5787 2950 5841 iis
2996 5785 3197 5856 quibus
3254 5781 3509 5837 essentia
