3856 6562
378 371 484 433 Ξῗξι

1579 383 1994 446 ΝἰίῖῑιίἱἿζΟἷῖῐ
2041 389 2418 451 (ἲΙῖΕῧελΙὶίΕ

3528 398 3626 460 276

380 488 597 551 radern,
635 491 780 544 ratio
822 508 1045 562 quoque
1069 493 1258 548 eadem
1291 507 1394 558 est,
1425 498 1498 552 ita
1535 499 1603 553 iis
1646 503 1846 570 quibus
1873 519 1958 556 es-

2066 505 2142 569 οἷς
2175 509 2236 560 τὺ
2271 504 2414 564 εἶναι
2461 511 2742 580 διάφορον,
2774 513 2866 564 καὶ
2909 513 2936 566 ὁ
2981 512 3138 580 λόγος
3183 511 3466 580 διάφορος.
3509 512 3630 565 Ἐπὶ

382 586 556 635 sentia
609 583 846 650 diversa,
885 587 1026 638 ratio
1081 602 1301 656 quoque
1345 589 1560 644 diversa
1591 601 1711 652 est:
1749 594 1954 646 ctenim

385 675 440 728 in
499 677 778 731 essentiali
832 677 1138 732 substantia
1190 691 1410 736 sanctos
1442 682 1543 736 hos
1587 683 1844 738 audivisti
1871 685 1954 737 di-

382 779 510 822 rere
538 784 661 823 esse
693 773 940 824 eamdem
975 771 1084 824 vim
1125 773 1356 827 rationis
1397 775 1512 829 sive
1541 775 1878 830 deﬁnitionis
1902 786 1959 832 et

381 860 531 929 quod
567 861 633 915 ad
685 860 1062 916 diversitatem
1096 865 1328 918 attineat
1359 868 1585 921 omnino
1633 867 1791 921 nihil.
1822 867 1956 923 Ete-

379 953 492 1005 nim
519 953 562 1006 si
595 967 658 1007 ex
694 955 1141 1024 pronuntiatione
1166 958 1638 1027 etsigniﬁcatione
1670 959 1958 1030 utriusque

384 1053 622 1113 utraque
661 1044 1031 1099 differentiam
1062 1050 1272 1118 accepit
1307 1065 1425 1114 vox,
1454 1059 1604 1104 certe
1636 1050 1690 1104 in
1715 1050 1955 1120 simplici

382 1145 440 1191 et
483 1136 851 1210 incomposita
883 1145 1078 1192 natura
1109 1139 1358 1194 eamdem
1383 1149 1440 1195 et
1469 1155 1636 1194 unam
1673 1150 1729 1196 et
1759 1141 1960 1196 immu-

387 1215 613 1280 tabilem
639 1225 846 1280 habent
873 1227 1325 1298 significationem
1347 1231 1508 1300 312
1531 1231 1724 1287 ambae.
1748 1232 1956 1287 Deinde

388 1319 432 1368 si
490 1309 836 1371 eﬂirientiam
875 1317 1148 1374 diversam
1194 1335 1314 1374 esse
1353 1321 1492 1377 dicis
1539 1323 1702 1377 etiam
1735 1324 1789 1378 in
1820 1325 1956 1390 Deo,

391 1415 450 1460 ut
482 1411 537 1461 in
568 1409 733 1463 nobis
771 1411 1095 1480 compositis
1120 1451 1135 1476 ,
1167 1421 1224 1467 et
1277 1414 1498 1484 proprie
1551 1415 1848 1470 increatam
1875 1417 1958 1470 di-

386 1501 689 1568 vinitatem,
713 1513 768 1557 et
800 1513 1096 1573 utrumque
1121 1513 1206 1560 est
1247 1505 1394 1575 quod
1437 1507 1670 1562 alterum
1701 1525 1810 1574 non
1843 1518 1952 1573 est,

317 1627 324 1634 -
387 1604 442 1646 rt
464 1609 683 1663 semper
710 1595 940 1649 alterum
976 1612 1085 1668 prze
1117 1599 1291 1651 altero
1323 1598 1556 1654 invicem
1590 1599 1956 1656 diﬂerentiam

383 1695 438 1736 et
477 1701 710 1754 pugnam
746 1685 976 1756 suscipit
1014 1686 1200 1741 verbis
1243 1697 1300 1742 et
1327 1689 1493 1743 rebus
1525 1689 1630 1759 (est
1685 1691 1832 1744 enim
1861 1705 1954 1745 ne-

385 1791 537 1831 cesse
566 1778 792 1831 omnino
821 1819 835 1844 ,
884 1793 1006 1848 quae
1059 1789 1168 1832 tam
1206 1777 1319 1832 sint
1361 1780 1540 1834 aliena
1589 1789 1642 1833 et
1676 1790 1872 1835 natura
1903 1789 1958 1836 et

386 1875 807 1943 signiﬁcatione,
838 1890 948 1929 non
991 1876 1134 1933 idem
1164 1892 1284 1932 esse
1328 1879 1486 1934 alteri
1531 1879 1786 1950 alterum)
1814 1897 1829 1946 ;
1853 1879 1960 1933 erit

389 1963 577 2030 igitur,
612 1967 654 2020 si
698 1965 988 2021 efﬁcientia
1029 1967 1270 2024 inereata
1314 1978 1399 2023 est
1441 1979 1496 2024 et
1554 1970 1958 2034 inessentialis,

388 2065 569 2110 creata
594 2067 649 2110 et
671 2057 916 2111 inefficax
949 2059 1212 2128 essentia,
1247 2069 1307 2114 ut
1339 2075 1503 2126 supra
1531 2060 1784 2114 audivisti
1825 2059 1964 2113 divi-

390 2161 489 2202 nos
522 2149 672 2204 viros
703 2151 1010 2205 secundum
1031 2152 1248 2222 regulas
1279 2153 1642 2222 pbiluSOpbize
1683 2151 1960 2206 contraria

388 2241 684 2296 contrariis
715 2241 968 2306 definire.
995 2242 1088 2297 Sin
1125 2261 1293 2314 porro
1341 2245 1504 2298 etiam
1537 2245 1843 2300 eiiicientizn
1865 2261 1961 2300 no—

391 2350 513 2388 men
548 2335 880 2404 generaliter
909 2350 971 2388 ex
1008 2346 1097 2390 tua
1121 2337 1395 2391 sententia
1418 2353 1573 2406 {eque
1599 2336 1666 2391 de
1705 2335 1961 2390 omnibus

392 2425 718 2491 praedicatur
737 2425 1073 2488 nominibus,
1091 2427 1310 2480 virtutis
1329 2438 1482 2496 puta.
1500 2425 1957 2498 sapientiae,vitae,

393 2517 641 2582 luminis,
673 2518 863 2582 animi,
894 2517 1226 2584 clementiae,
1257 2519 1351 2574 irai
1373 2560 1386 2584 ,
1421 2517 1850 2588 tranquillitatis,
1877 2527 1960 2570 ta-

399 2611 670 2678 iiutnque,
711 2610 1137 2680 quibuscunque
1169 2625 1262 2662 usa
1299 2619 1384 2662 est
1426 2607 1716 2678 Scriptura
1774 2606 1960 2660 divina

394 2701 508 2754 Deo
549 2701 954 2755 convenienter
999 2699 1403 2755 allirmantibus
1455 2709 1512 2754 et
1545 2697 1874 2770 negantibus
1909 2709 1962 2752 et

392 2793 662 2862 oppositis
689 2793 1005 2847 nominibus
1027 2834 1042 2856 ,
1072 2792 1298 2846 accedet
1325 2793 1434 2862 jam
1467 2793 1632 2845 etiam
1669 2791 1756 2845 his
1783 2791 1964 2844 omni-

395 2887 494 2941 bus
533 2900 686 2956 atque
709 2903 722 2938 :
747 2893 801 2939 et
826 2885 987 2939 simili
1022 2885 1183 2938 modo
1221 2901 1435 2954 semper
1471 2883 1756 2938 insnltabit
1782 2881 1964 2936 nomi-

397 2976 559 3030 nibus
595 2973 854 3030 omnibus
909 2974 1320 3038 absurditas,.et
1351 2989 1536 3027 secum
1567 2974 1826 3042 pugnabit
1854 2971 1968 3027 eili-

393 3067 595 3120 rientia
663 3082 888 3131 nomen,
941 3080 1064 3118 cum
1133 3066 1248 3119 barc
1301 3065 1606 3119 secundum
1642 3073 1693 3119 te
1742 3063 1964 3134 proprie

2059 600 2167 667 γὰρ
2213 600 2315 666 τῆς
2360 602 2652 664 ούσιὼδους
2696 601 2983 670 ὑπάρξεως
3009 602 3133 664 τοὺς
3189 601 3378 667 ἁγίους
3411 601 3630 664 τούτοις

2058 691 2308 760 ἀκήκοας
2337 693 2598 762 λέγοντας
2623 695 2722 762 τὴν
2769 696 2862 746 τοῦ
2908 695 3068 762 λόγου
3095 696 3425 761 ταυτότητά,
3459 695 3631 745 είτιυν

2057 783 2154 838 τοῦ
2210 786 2361 854 ξρου,
2407 786 2500 837 καὶ
2541 787 2666 838 καθ’
2711 787 2900 856 ἕτερον
2947 787 3170 850 πάντως
3218 787 3392 840 οὐδέν.
3439 787 3500 838 ΕΞ
3531 789 3636 854 γέιρ

2059 877 2202 930 κατὰ
2235 877 2522 946 προφορὰν
2559 877 2656 932 καὶ
2703 879 3070 948 ἐτυμολογίαν
3101 880 3369 947 ἑκατέρας
3404 879 3636 946 ἑκατέρα

2059 969 2157 1039 τὴν
2183 961 2446 1040 διαφορὰν
2489 971 2760 1042 ἐκτήσατο
2806 972 2974 1037 λέξις,
3006 971 3124 1026 ἀλλ’
3175 973 3272 1028 ἐπὶ
3314 972 3417 1038 τῆς
3459 971 3636 1040 ἁπλῆς

2059 1062 2151 1114 καὶ
2183 1061 2478 1114 ἁσυνθέτου
2505 1065 2719 1130 φύσεως
2749 1061 2848 1133 τὴν
2881 1062 3052 1132 αὐτὴν
3082 1063 3178 1115 καί⁵
3211 1063 3340 1130 μίαν
3372 1061 3466 1114 καὶ
3499 1063 3640 1114 ἀπα-

2061 1151 2368 1223 ράλλακτον
2408 1152 2593 1222 ἔχουσι
2624 1153 2902 1220 σημασίαν
2942 1153 3131 1224 ἄμφω.
3165 1155 3402 1218 Ἔπειτα
3447 1154 3494 1204 εί
3538 1151 3640 1220 τὴν

2059 1243 2343 1314 ἐνέργειαν
2383 1245 2572 1314 ἕτερον
2621 1243 2760 1298 εἶναι
2795 1245 2974 1312 λέγεις
3020 1246 3156 1298 κάπὶ
3201 1243 3337 1298 Θεοῦ
3385 1243 3638 1312 καθάπερ

2059 1336 2154 1390 ἐπὶ
2191 1337 2302 1389 τῶν
2352 1337 2627 1390 συνθέτων
2663 1336 2846 1408 ἡμῶν,
2883 1336 2980 1390 καὶ
3028 1337 3173 1400 ίδίως
3226 1337 3483 1390 ἆκτιστον
3525 1336 3638 1388 θεό-

2057 1445 2216 1498 τητα,
2244 1429 2341 1482 καὶ
2393 1429 2542 1483 ἔστιν
2605 1431 2868 1501 ἑκάτερον
2929 1430 3137 1484 τούτων
3181 1431 3324 1500 ὅπερ
3362 1431 3464 1484 οὐκ
3493 1431 3641 1484 ἐστιν

2059 1523 2341 1592 ἑκάτερον,
2377 1525 2473 1576 καὶ
2500 1525 2588 1576 ἀεὶ
2619 1524 2848 1594 θάτερον
2877 1523 3032 1594 παρὰ
3080 1524 3311 1594 θάτερον
3341 1523 3642 1594 ἀμοιϐαδὸν

2059 1613 2157 1684 τὴν
2188 1614 2454 1686 διαφοράν
2485 1616 2577 1668 καὶ
2609 1616 2791 1686 μάχην
2812 1616 3093 1686 λαμϐάνον
3119 1617 3298 1682 λόγοις
3330 1619 3426 1669 καὶ
3463 1614 3642 1683 πράγ-

2063 1719 2231 1772 μασιν
2262 1701 2502 1774 (ἀνάγκη
2536 1703 2644 1772 γὰρ
2677 1703 2742 1758 ἂν
2775 1705 2862 1774 εῐη
2902 1705 3052 1756 πᾶσα
3082 1705 3149 1756 τὰ
3174 1703 3349 1763 οὓτως
3385 1703 3644 1771 ἀλλότρια

2060 1793 2128 1861 τῇ
2163 1792 2328 1858 φύσει
2359 1791 2456 1844 καὶ
2494 1792 2744 1862 σημασίᾳ
2779 1792 2851 1860 μὴ
2885 1793 3084 1844 ταυτὸν
3117 1788 3259 1844 εἶναι
3287 1790 3510 1861 θατέρῳ
3543 1791 3643 1844 θά-

2061 1883 2266 1953 τερον),
2299 1883 2451 1936 ἔσται
2481 1884 2613 1954 ἄρα,
2644 1887 2692 1938 εί
2719 1887 2752 1954 ἡ
2778 1885 3032 1956 ἐνέργεια
3064 1885 3320 1948 άκτιστος
3359 1887 3456 1938 καὶ
3485 1884 3646 1938 ἀνού-

2064 1991 2200 2038 σιος,
2233 1973 2425 2043 κτιστὴ
2480 1975 2512 2045 ἡ
2542 1975 2701 2028 οὐσία
2730 1977 2825 2028 καὶ
2871 1977 3254 2044 ἅνενέργητος,
3283 1975 3358 2038 ὡς
3389 1975 3648 2043 ἀνωτέρω

2061 2084 2124 2135 γε
2155 2066 2417 2136 ἠκηκόεις
2450 2066 2559 2119 τῶν
2593 2065 2752 2120 θείων
2788 2067 2912 2120 κατ’
2959 2069 3276 2137 ἐπιστήμην
3320 2067 3388 2122 τὰ
3424 2067 3648 2120 ἐναντία

2061 2161 2174 2222 τοῖς
2209 2157 2472 2222 ἐναντίοις
2499 2158 2834 2230 ὁριζομένων
2865 2159 3097 2231 ἀνδρῶν.
3133 2161 3196 2213 Et
3222 2160 3277 2212 δὲ
3314 2161 3414 2212 καὶ
3447 2159 3508 2212 τὸ
3541 2160 3644 2226 τῆς

2061 2248 2346 2318 ἐνεργείας
2375 2248 2549 2319 ὄνομα
2578 2249 2810 2318 γενικῶς
2839 2253 2981 2304 κατὰ
3018 2250 3078 2302 σέ
3113 2249 3334 2304 πάντων
3385 2249 3476 2302 ἐπ’
3517 2251 3642 2316 ίσης

2062 2343 2422 2411 κατηγοροῖτο
2449 2341 2557 2394 τῶν
2585 2343 2888 2412 ὀνομάτων,
2921 2343 3208 2410 δυνάμεως
3231 2341 3396 2409 λέγω,
3424 2342 3644 2407 σοφίας,

2063 2433 2236 2506 ζωῆς,
2268 2436 2466 2505 φωτὸς,
2499 2435 2696 2503 θυμοῦ,
2754 2427 3162 2504 μακροθυμίας,
3195 2435 3390 2504 ὀργῆς,
3437 2435 3650 2502 ἀοργη-

2065 2529 2208 2594 σίας,
2268 2528 2363 2580 καί¹
2421 2527 2532 2580 τῶν
2575 2525 2856 2592 τοιούτων,
2893 2527 3043 2586 ὅσοις
3101 2526 3134 2592 ἡ
3189 2524 3310 2577 θεία
3369 2524 3644 2592 κέχρηται

2064 2615 2258 2686 Γραφὴ
2289 2613 2611 2684 θεοπρεπῶς
2637 2615 3032 2682 καταφατικοῖς
3055 2629 3114 2664 τε
3149 2613 3244 2666 καί
3280 2611 3649 2680 ἁποφατικοῖς

2065 2703 2157 2755 καὶ
2171 2701 2581 2772 ’ἀντικειμένοις
2601 2701 2884 2770 ὀνόμασιν,
2915 2699 3296 2770 ἐπιδραμεῖται
3339 2697 3524 2749 λοιπὸν
3557 2695 3651 2750 καὶ⁸

2064 2795 2200 2846 πᾶσι
2249 2793 2460 2856 τούτοις
2512 2791 2600 2846 ἐπ’
2645 2793 2788 2863 ἴσης,
2817 2793 2911 2845 καὶ
2933 2792 3134 2860 ὁμοίιος
3181 2789 3246 2863 [Γ.
3293 2790 3398 2843 H3
3438 2787 3514 2860 v.]
3555 2789 3646 2840 ἀεὶ

2065 2886 2468 2957 κατορχήσεται
2511 2885 2619 2937 τῶν
2677 2885 2959 2954 ὀνομάτων
3005 2884 3262 2937 ἁπάντων
3312 2882 3640 2950 τάτόπημα.

2065 2977 2162 3032 καὶ
2199 2977 2483 3031 στασιάσει
2517 2977 2654 3047 πρὸς
2691 2977 2852 3030 ἑαυτὸ
2902 2977 2962 3029 τὸ
2993 2977 3088 3044 τῆς
3128 2974 3406 3043 ἐνεργείας
3443 2971 3646 3040 ὄνομα,

2064 3069 2270 3138 ταύτης
2296 3069 2359 3140 δὴ
2387 3073 2486 3140 τῆς
2529 3067 2840 3132 ἰδιαζόντως
2870 3067 3006 3121 κατᾶ
3037 3067 3096 3119 σὲ
3141 3067 3440 3135 λεγομένης
3473 3065 3647 3118 ἀκτί-

393 3156 614 3208 dicatnr
681 3155 924 3209 increata
976 3155 1274 3220 divinitas,
1333 3166 1559 3225 propter
1623 3157 1769 3224 quod
1814 3154 1962 3209 enim

2068 3181 2196 3218 στου
2257 3163 2528 3231 θεότητος.
2580 3161 2776 3215 Καθ’δ
2827 3162 2935 3232 γὰρ
2983 3159 3216 3214 ἕκαστον
3263 3159 3498 3212 ἑκάστου
3531 3155 3648 3210 τῶν

395 3249 682 3316 quodlibet
717 3263 744 3300 a
780 3249 978 3316 quovis
1022 3247 1268 3303 aliorum’
1309 3247 1556 3300 omnium
1603 3247 1958 3318 relinquitur,

395 3347 621 3408 propter
654 3338 708 3392 id
746 3339 870 3392 aliis
893 3339 1154 3394 omnibus
1182 3348 1268 3394 est
1302 3339 1483 3392 minus
1513 3338 1582 3392 ab
1614 3337 1790 3406 iisque
1831 3339 1964 3392 alie-

393 3441 550 3494 num,
583 3439 749 3500 atque
775 3447 950 3486 unum
1001 3431 1228 3486 omnino
1279 3429 1398 3485 esse
1433 3430 1727 3486 essentiam
1764 3445 1962 3485 conce-

392 3525 546 3578 ditur
579 3533 634 3578 et
663 3533 861 3578 natura
892 3539 1078 3588 omne,
1107 3523 1254 3590 quod
1286 3523 1490 3577 dicitur
1521 3532 1578 3578 et
1599 3532 1825 3578 vocatur
1855 3522 1965 3576 Deo

392 3616 794 3672 convenienter
824 3631 852 3668 a
882 3615 1038 3668 vobis
1088 3623 1145 3669 et
1171 3625 1256 3670 est
1294 3625 1347 3668 et
1395 3625 1513 3669 erat
1547 3623 1601 3668 et
1662 3614 1769 3669 erit
1804 3614 1965 3684 313

397 3713 539 3763 heus
563 3717 781 3777 potens,
817 3707 1024 3778 justus,
1057 3707 1358 3770 increatus,
1393 3708 1622 3770 veritas,
1673 3707 1966 3777 sapientia,

395 3803 586 3863 virtus,
617 3799 752 3864 vita,
783 3799 992 3865 lumen,
1023 3797 1336 3862 efﬁcientia,
1356 3808 1413 3854 et
1436 3799 1657 3853 similia.

465 3891 627 3946 XXII.
652 3891 788 3948 Cum
823 3900 1006 3946 autem
1031 3891 1146 3945 suis
1179 3890 1352 3960 ipsius
1394 3890 1582 3946 verbis
1633 3899 1689 3944 et
1748 3890 1968 3960 scriptis

395 3985 514 4054 capi
549 3983 796 4038 Palamas
819 3999 878 4038 se
900 3983 1113 4038 videret
1147 3983 1430 4048 continuo,
1466 4002 1484 4034 ι
1515 3982 1638 4037 Non
1675 3983 1730 4036 in
1759 3981 1966 4050 verbis,

396 4076 594 4146 inquit,
629 4091 808 4145 neque
840 4076 1068 4130 omnino
1105 4076 1158 4129 in
1195 4075 1437 4144 scriptis,
1469 4078 1563 4139 sed
1595 4075 1650 4129 in
1681 4074 1850 4129 rebus
1869 4088 1968 4128 no-

394 4169 524 4224 stris
551 4169 728 4239 pietas
750 4168 998 4222 cernitur
1031 4167 1335 4222 secundum
1366 4167 1674 4235 theologos.
1714 4184 1732 4218 ι
1765 4165 1970 4222 Paulu-

395 4261 507 4316 lum
561 4259 691 4315 dein
725 4269 968 4316 moratus
997 4258 1269 4330 Gregoras
1299 4277 1313 4312 :
1352 4258 1548 4320 «Proh,
1573 4257 1971 4330 inquit,stulti-

399 4351 584 4406 tiam!»
617 4360 674 4405 ct
700 4351 1011 4420 despiciens
1045 4365 1176 4404 eum
1211 4359 1227 4402 ξ
1265 4348 1440 4418 «Ergo
1469 4347 1714 4418 fugiebat
1737 4361 1860 4409 nos,
1881 4347 1970 4402 in-

400 4447 543 4514 quit.
573 4451 625 4498 te
655 4457 777 4498 esse
797 4443 1012 4498 aurium
1042 4441 1362 4496 obtusarum
1401 4449 1456 4494 et
1497 4439 1722 4493 surdum
1779 4448 1832 4493 et
1856 4453 1973 4492 om-

2063 3255 2240 3310 ἄλλων
2286 3255 2533 3308 λείπεται
2591 3253 2832 3319 πάντων,
2891 3253 3015 3308 κατ’
3069 3254 3249 3304 ἐκεῖνο
3296 3250 3406 3302 τῶν
3462 3249 3649 3302 ἄλλων

2066 3347 2322 3402 ἁπάντων
2375 3348 2682 3417 ὴλάττωταί
2734 3364 2794 3400 τε
2845 3347 2941 3400 καὶ
2993 3343 3378 3416 ἠλλοτρίωται.
3421 3342 3534 3398 Καὶ
3591 3340 3650 3392 ἓν

2064 3435 2204 3492 εἶναι
2238 3439 2456 3501 πάντως
2507 3439 2698 3492 οὐσίαν
2747 3439 3094 3508 ὁμολογεῖται
3141 3439 3234 3490 καὶ
3281 3437 3440 3505 φύσει
3477 3437 3594 3486 πᾶν
3622 3431 3652 3484 δ

2065 3530 2282 3599 λέγεται
2303 3531 2397 3584 καὶ
2418 3529 2742 3600 ὀνομάζεται
2767 3530 3088 3600 θεοπρεπῶς
3114 3531 3146 3600 ἡ
3159 3531 3268 3598 μῖν,
3289 3530 3382 3580 καὶ
3405 3529 3522 3580 ἔστι
3555 3527 3652 3578 καὶ

2065 3619 2134 3694 ἦν
2165 3623 2260 3674 καὶ
2285 3621 2458 3680 ἔσται,
2491 3621 2620 3685 Θεὸς
2650 3621 2888 3692 ίαχυρος,
2918 3621 3147 3686 δίκαιος,
3189 3621 3465 3684 άκτιστος,
3511 3619 3655 3688 ἀλή-

2069 3715 2210 3780 θεια,
2253 3712 2435 3782 σοφία,
2469 3711 2722 3780 δύναμις,
2758 3713 2893 3784 ζωὴ,
2943 3711 3080 3782 φῶς,
3127 3713 3398 3782 ἐνέργεια,
3444 3711 3546 3762 καὶ
3581 3710 3654 3762 τὰ

2067 3803 2313 3860 τοιαῦτα.

2139 3895 2268 3952 ΚΒ’.
2310 3897 2463 3950 Ἐπεί
2516 3914 2580 3964 γε
2641 3895 2748 3966 μὴν
2777 3900 2840 3950 ἐκ
2889 3895 2998 3949 τῶν
3031 3895 3250 3949 οἰκείων
3289 3895 3562 3964 ῥημάτων
3591 3911 3652 3946 τε

2069 3991 2165 4044 καὶ
2225 3989 2572 4062 γραμμάτων
2621 3989 2980 4059 ἁλισκόμενον
3027 3990 3056 4042 δ
3113 3987 3378 4058 Παλιμᾶς
3445 3987 3652 4040 ἑαυτὸν

2071 4081 2220 4152 ἑώρα
2263 4082 2547 4152 διηνεκῶς,
2581 4101 2600 4134 ι
2657 4081 2773 4136 Ούκ
2821 4083 2880 4134 ἐν
2909 4082 3142 4152 ῥήμασι,
3183 4099 3202 4131 ι
3257 4081 3444 4150 φησὶν,
3477 4096 3498 4130 ι
3534 4077 3654 4132 οὐδ’

2071 4173 2261 4238 ἅπλῶς
2295 4175 2353 4227 ἐν
2401 4174 2750 4246 γράμμασιν,
2786 4171 2904 4226 ἀλλ’
2931 4175 2990 4227 ἐν
3034 4173 3362 4240 πράγμασιν
3403 4169 3571 4240 ἡμῶν
3617 4172 3651 4240 ἠ

2072 4267 2324 4320 εὐσέϐεια
2371 4267 2514 4320 κατὰ
2562 4267 2692 4330 τοὺς
2735 4267 3040 4335 θεολόγους.
3085 4283 3104 4316 ι
3137 4263 3350 4332 Μικρὸν
3393 4261 3494 4316 οὖν
3531 4265 3656 4314 ἐπι-

2073 4353 2218 4426 σχὼν
2247 4356 2274 4408 ὀ
2317 4355 2624 4425 Γρηγορᾶς,
2661 4373 2681 4406 ‹
2729 4353 2828 4409 Ἰοὺ
2861 4355 2967 4420 lci),
3019 4371 3040 4406 ι
3095 4354 3250 4424 φησὶ,
3293 4369 3313 4403 ι
3347 4351 3448 4414 τῆς
3487 4351 3652 4403 ἀϐελ-

2071 4443 2287 4514 τηρίας.
2326 4461 2346 4496 ›
2386 4445 2497 4499 Καὶ
2524 4444 2730 4498 ἀπιδὼν
2763 4445 2898 4516 πρὸς
2929 4443 3108 4508 αὑτὸν,
3139 4460 3159 4495 ι
3195 4439 3324 4496 Εἶτα
3353 4440 3656 4502 ἐλάνθανες

403 4532 538 4590 nino
587 4535 834 4605 ignarum
904 4531 1222 4588 feStivitatis
1266 4538 1322 4586 et
1372 4529 1757 4584 celebrationis
1799 4529 1963 4584 doctae

2077 4536 2248 4608 ἡμᾶς,
2292 4554 2311 4589 t
2349 4535 2504 4607 φησὶ,
2542 4553 2563 4589 t
2617 4537 2960 4606 λασιόκωφός
3003 4552 3090 4599 τις
3141 4532 3218 4587 ὢν
3265 4532 3361 4586 καὶ
3413 4533 3654 4600 ἀνήκοος

403 4627 670 4680 librorum
703 4625 1038 4690 divinorum,
1073 4633 1126 4677 et
1151 4622 1443 4678 inserendo
1476 4631 1530 4678 et
1555 4621 1968 4690 trausponeudo

395 4719 617 4771 aliunde
647 4717 778 4770 alibi
807 4727 1120 4786 pervertere
1155 4715 1462 4785 ignorantia
1491 4729 1709 4768 omnem
1745 4727 1968 4768 sensum

395 4822 450 4862 et
487 4825 649 4860 omne.
690 4807 977 4861 consilium
1012 4807 1329 4875 Scriptura.
1397 4807 1508 4860 Hoc
1548 4807 1693 4860 enim
1739 4819 1969 4875 magnus

401 4919 452 4954 ιη
485 4901 754 4970 theologia
815 4900 949 4956 dicit
1000 4889 1298 4968 Gregorius
1349 4914 1412 4952 ea
1469 4914 1588 4968 quae
1647 4915 1674 4952 a
1709 4895 1969 4966 Dionysio

396 4995 584 5046 divino
617 4993 768 5047 dicta
792 5000 921 5047 sunt
953 4991 1309 5056 confirmans,
1353 5001 1508 5060 pulo,
1558 4999 1614 5046 et
1657 4991 1968 5048 concedens

398 5090 510 5155 ipse
559 5097 613 5141 et
669 5085 1075 5157 quodammodo
1129 5084 1430 5138 adhortans
1485 5093 1546 5138 ut
1602 5098 1768 5153 parco
1830 5097 1968 5152 quo-

397 5185 518 5236 dam
553 5182 714 5234 modo
751 5180 1040 5236 occasione
1074 5177 1138 5230 ad
1163 5191 1260 5232 eos
1316 5176 1591 5239 aﬂ‘abiles,
1623 5176 1716 5246 qui
1758 5175 1812 5228 in
1842 5191 1968 5230 sen-

399 5277 585 5328 tentiis
613 5283 666 5328 et
695 5272 1006 5340 euguiiionc
1042 5271 1150 5324 sint
1193 5269 1422 5336 diversi,
1488 5275 1717 5322 vocante
1747 5277 1968 5320 utamur

396 5376 565 5438 pauca
624 5366 1002 5431 i‘ud-ztgcarnns
1060 5361 1291 5415 diversis
1347 5357 1724 5414 accedentium
1800 5357 1966 5410 nteri-

395 5457 498 5517 bus
529 5460 836 5514 necessario
871 5471 1264 5529 nonnunquam
1297 5472 1311 5508 :
1348 5453 1420 5507 ita
1447 5463 1506 5507 ut
1543 5453 1596 5506 in
1629 5453 1795 5506 rebus
1849 5467 1970 5521 gra-

394 5552 634 5606 vissimis
665 5551 786 5605 lidei
820 5549 1112 5604 consensio
1133 5545 1388 5617 quamvis
1427 5561 1536 5600 non
1566 5544 1748 5597 verbis
1773 5544 1964 5598 saltem

396 5643 822 5709 cogitationibus
846 5653 1094 5696 servetur
1134 5649 1414 5694 constans.
1476 5637 1590 5702 Qua
1625 5636 1678 5690 in
1717 5653 1774 5687 re
1803 5635 1968 5690 licere

397 5734 637 5786 aithanc
669 5734 924 5786 veiillam
958 5747 1146 5785 vocem
1195 5731 1357 5782 etiam
1416 5729 1536 5781 aliis
1591 5728 1862 5781 similibus
1913 5735 1970 5780 et

399 5825 883 5882 sisn'iiratio'ibus
919 5825 1196 5879 vocabulis
1251 5823 1528 5890 explirare
1579 5827 1789 5874 ratione
1859 5821 1964 5873 Deo

2073 4630 2167 4682 καὶ
2197 4628 2514 4682 παντάπασι
2549 4628 2648 4697 τῆς
2676 4627 2784 4681 τῶν
2807 4628 2966 4681 θείων
2996 4627 3035 4679 Γ
3041 4627 3228 4697 ραφῶν
3255 4621 3656 4690 διδασκαλικῆς

2073 4721 2268 4790 ἑορτῆς
2297 4738 2353 4774 τε
2386 4722 2481 4772 καὶ
2527 4719 2916 4790 πανηγύρεως,
2945 4720 3042 4773 καὶ
3083 4716 3560 4786 μετεγκεντρίζων
3595 4715 3656 4776 ἐξ

2072 4813 2313 4880 ἀμαθίας
2348 4811 2570 4864 ἂλλοθεν
2617 4812 2800 4864 ἄλλοοι
2845 4812 2939 4863 τὸν
2969 4809 3187 4864 ἅπαντα
3224 4808 3490 4886 νοῦνπκαὶ
3523 4822 3656 4856 axo-

2072 4903 2174 4955 ’.τὸν
2219 4901 2322 4970 τῆς
2367 4901 2621 4970 Γφαφῆς.
2655 4899 2826 4953 Τοῦτο
2874 4900 2985 4970 γὰρ
3015 4900 3043 4951 ὁ
3078 4899 3252 4968 μέγας
3285 4899 3343 4950 ἐν
3391 4895 3656 4962 θεολογία

2072 4997 2274 5062 φάσκει
2317 4993 2640 5064 Γρηγόριος,
2673 4993 2742 5046 τὰ
2782 4991 3046 5060 Διονυσίῳ
3093 4991 3170 5061 τῷ
3210 4989 3337 5059 θείῳ
3381 4988 3654 5056 λεχθέντα

2070 5085 2568 5152 διαϐεϐαιούμενος,
2602 5080 2778 5154 οἶμαι,
2823 5085 2918 5137 καὶ
2975 5083 3276 5152 συγχωρῶν
3331 5081 3427 5134 καὶ
3483 5079 3657 5140 αὐτὸς

2069 5179 2165 5232 καὶ
2213 5179 2378 5230 οίονεὶ
2436 5177 2880 5248 προτρεπόμενος
2927 5174 3258 5244 οἰκονομικῷ
3307 5191 3416 5226 τινι
3455 5173 3654 5244 τρόπῳ

2069 5271 2263 5342 καιροῦ
2319 5269 2612 5334 καλοῦντος
2647 5271 2782 5341 πρὸς
2833 5270 2960 5330 τοὺς
2993 5268 3102 5328 τῶν
3136 5267 3413 5338 ὀμιλητῶν
3458 5266 3656 5334 διαφόο

2073 5383 2201 5432 ρους
2244 5363 2343 5427 τὰς
2393 5363 2618 5432 γνώμας
2650 5365 2742 5416 καὶ
2777 5363 3008 5430 γνώσεις
3050 5361 3377 5430 κεχρῆσθαι,
3413 5361 3506 5412 καὶ
3557 5377 3654 5428 μι-

2070 5456 2203 5526 κρὸν
2236 5455 2493 5508 ἐνδιδόναι
2520 5455 2630 5513 τοῖς
2659 5451 2936 5520 διαφόροις
2976 5449 3084 5502 τῶν
3115 5450 3455 5519 προσιόντων
3483 5447 3652 5518 ἤθεσι

2070 5545 2137 5598 δι’
2182 5546 2428 5610 ἀνάγκην
2475 5544 2668 5604 ἐνίοτε,
2699 5541 2837 5594 ὥστε
2874 5539 2974 5609 τὴν
3005 5539 3062 5590 ἐν
3105 5540 3216 5599 τοῖς
3272 5537 3506 5606 καιρίοις
3547 5537 3652 5602 τῆς

2074 5635 2313 5694 πίστῖως
2343 5633 2650 5701 ὁμολογίαν,
2689 5631 2737 5681 εί
2770 5629 2860 5682 καὶ
2888 5627 2962 5699 μὴ
2992 5626 3222 5690 λέξεσιν,
3257 5627 3393 5678 ἀλλὰ
3425 5642 3488 5692 γε
3523 5626 3655 5686 ταῖς

2071 5729 2295 5787 ἐννοίαις
2311 5723 2668 5790 φυλάττεσθαι
2686 5722 3060 5788 ἀπαράϐατον.
3084 5719 3170 5770 Ἑν
3193 5715 3273 5779 οἷς
3293 5719 3490 5783 ἐξεῖναί
3511 5731 3655 5784 φησι

2071 5820 2227 5882 τήνδε
2260 5820 2287 5881 i';
2317 5819 2473 5886 τήνδε
2521 5818 2616 5886 τὴν
2641 5815 2782 5879 λέξιν
2820 5818 2911 5867 καὶ
2942 5813 3008 5868 δι’
3040 5813 3243 5882 ἑτέρων
3285 5813 3656 5881 ὀμεδυνάμων
