3966 6570
294 348 411 411 27⁸1

1322 362 1767 423 BYZANTIN/E
1812 363 2188 423 llI‘n‘TOllLE
2235 367 2370 428 LIB.
2416 368 2590 427 XXX.

3446 363 3562 429 278

294 466 398 519 καὶ
430 466 922 538 ἐκφαντικωτέρων
943 466 1140 535 λέξεων
1172 471 1456 541 διασαφεῖν
1482 474 1573 527 τὸν
1602 475 1877 544 θεοπρεπῆ

1992 477 2363 532 ρυιινυιιίιιιιιρ.
2419 478 2538 533 Non
2590 488 2771 533 autem
2821 477 2998 539 decet,
3047 476 3127 530 ait
3182 476 3559 544 Athanasius,

294 557 531 623 τρόπον.
580 557 659 611 οὐ
702 557 785 612 δεῖ
818 558 899 626 δὲ,
932 561 1099 632 φησὶν
1143 562 1480 628 ’Δθανάσιος,
1526 564 1593 619 τά
1634 567 1753 620 κατ’
1793 569 1872 620 ol-

296 650 567 716 κοοιομίαν
617 651 942 721 γραφόμενα
970 655 1064 707 καὶ
1102 656 1365 725 γινόμενα
1414 657 1661 730 δέχεσθαι
1712 678 1879 714 κακο-

298 740 526 809 τρόπως
577 744 675 798 καὶ
728 745 865 816 πρὸς
915 747 1016 818 τὴν
1064 749 1199 802 ίδίαν
1235 749 1419 804 ἕλκειν
1452 752 1729 824 βούλησιν.
1764 754 1878 806 Καὶ

299 834 420 897 γὰρ
447 835 541 887 καὶ
579 835 759 905 ίατρδς
794 840 1055 904 πολλάκις
1084 841 1152 895 τὰ
1200 840 1465 897 δοκοῦντά
1493 860 1604 899 τισι
1634 845 1707 914 μὴ
1738 843 1879 899 εἶναι

304 926 646 997 κατάλληλα,
701 932 878 986 ταῦτα
926 937 1037 999 τοῖς
1101 937 1483 1004 ὑποκειμένοις
1544 938 1877 1009 τραύμασιν,

301 1016 384 1076 ὡς
442 1014 583 1071 οἶδεν
634 1021 819 1084 αὐτὸς,
856 1025 1186 1093 ἐπιτίθησιν,
1220 1028 1375 1082 οὐδὲν
1432 1029 1623 1099 ἕτερον
1665 1032 1697 1101 ἥ
1744 1032 1880 1099 πρὸς

300 1110 409 1175 τὴν
438 1112 631 1177 ὑγείαν
692 1113 831 1183 ἔχων
883 1118 975 1169 τὸν
1034 1120 1261 1178 σκοπόν.
1314 1124 1421 1176 Καὶ
1466 1123 1784 1178 διδασκάλου
1820 1125 1878 1178 δὲ

306 1204 580 1270 φρονίμου
613 1207 810 1274 τρόπος
840 1207 1015 1270 οὗτος.
1064 1211 1298 1281 «pana
1333 1214 1442 1267 τῶν
1475 1215 1881 1285 διδασκομένων

305 1290 415 1359 ἧθη
452 1292 789 1351 διατίθεσθαι
829 1300 925 1351 καὶ
959 1300 1158 1356 λαλεῖν.
1186 1294 1479 1374 ’Ὀνόματα
1505 1307 1637 1375 γοῦν
1666 1310 1759 1362 καὶ
1789 1310 1885 1379 ῥῆ-

309 1395 485 1445 ματα,
520 1384 615 1437 καὶ
664 1387 788 1440 ὅσαι
824 1390 934 1444 τῶν
971 1392 1167 1457 λέξεων
1218 1396 1307 1449 διά
1345 1400 1542 1465 φωνῶν
1583 1400 1767 1464 ἁπλῶς
1790 1403 1884 1456 καὶ

307 1476 663 1542 γραμμάτιον
709 1486 1047 1550 σημαντικαὶ
1079 1486 1187 1539 τῶν
1231 1489 1608 1560 ὑποκειμένων
1642 1492 1884 1561 γίνονται

315 1566 683 1657 πραγμάτων,
715 1572 885 1626 ἐνίοτε
923 1576 1025 1644 μὲν
1072 1578 1195 1632 καθ’
1223 1578 1287 1653 [ί.
1319 1580 1423 1636 146
1466 1582 1543 1655 r.]
1562 1586 1885 1657 ὁμωνυμίαν

306 1654 368 1705 ἐν
395 1656 682 1729 διαφόροις
702 1662 1012 1733 ἀδιαφόρως
1061 1654 1591 1739 παραλαμϐάνονται
1621 1654 1886 1747 πράγμα-

1978 583 2041 620 ca
2078 583 2197 636 qua:
2236 584 2400 637 parco
2432 569 2595 626 modo
2623 569 2943 625 scribuntur
3010 576 3065 623 et
3118 562 3558 638 llunt'accipere

1979 675 2147 729 pravo
2177 676 2366 727 sensu,
2393 674 2448 719 et
2476 664 2528 718 in
2560 679 2712 719 suam
2750 661 3092 716 voluntatem
3161 659 3378 714 trahere
3400 677 3415 724 ;
3439 670 3558 717 cte-

1981 751 2095 806 nim
2126 751 2295 807 etiam
2343 754 2591 811 medicus
2655 768 3033 825 smpenumero
3073 766 3158 813 ea.
3215 749 3381 824 314
3438 767 3569 822 qua!

1981 845 2261 900 nonnullis
2284 862 2390 901 non
2431 863 2552 903 esse
2583 856 2707 917 apta
2742 842 3019 908 videntur,
3046 845 3346 901 tractandis
3366 845 3560 900 vulne-

1984 934 2136 990 ribus
2155 951 2217 990 ex
2247 952 2343 991 sua
2376 939 2685 1009 cognitione
2722 938 3017 1001 ministrat,
3053 934 3188 990 nihil
3223 934 3370 988 aliud
3398 949 3559 1003 quam

1985 1027 2353 1082 valetudinem
2413 1039 2713 1099 spectans,
2767 1040 2823 1085 et
2861 1028 3215 1100 pratecptoris
3275 1027 3575 1097 prudentis

1985 1118 2276 1171 consilium
2329 1130 2413 1174 cst
2468 1120 2699 1185 hoe,ut
2753 1120 2821 1175 ad
2870 1118 3266 1191 discipulorum
3322 1117 3571 1172 indolem
3652 1126 3659 1132 ‘

1984 1206 2284 1263 descendat
2322 1219 2379 1266 ct
2412 1213 2685 1283 loquatur.
2712 1211 2947 1267 Nomina
2978 1211 3203 1282 quidem
3240 1212 3480 1266 etverha
3507 1218 3564 1264 et

1985 1315 2334 1371 quaecunque
2369 1319 2533 1359 voces
2564 1304 2716 1359 sonis
2749 1306 2975 1359 omnino
3019 1313 3075 1357 ct
3127 1304 3324 1358 litteris
3355 1301 3564 1373 signiti—

1984 1402 2111 1447 cant
2153 1408 2243 1448 res
2273 1396 2606 1466 suppositas,
2645 1384 2923 1452 interdum
2962 1405 3301 1466 usurpantttr
3363 1409 3567 1449 secun—

1986 1480 2119 1533 dum
2150 1483 2401 1538 eamdem
2430 1484 2890 1555 signiﬁcationem
2916 1487 2969 1540 in
2992 1483 3226 1540 diversis
3250 1484 3417 1540 rebus
3445 1484 3571 1539 sine

1986 1572 2334 1640 discrimine,
2366 1576 2645 1632 interdum
2682 1577 2989 1634 secundum
3026 1578 3303 1633 diversam
3358 1575 3568 1647 signiti-

1984 1666 2258 1722 cationem
2291 1681 2413 1737 quat
2443 1668 2496 1723 in
2536 1670 2844 1739 majoribus
2876 1676 2933 1724 et
2962 1668 3272 1724 minoribus
3292 1666 3568 1731 cernitur,

307 1761 424 1810 σιν,
476 1749 650 1805 ἐνίοτε
680 1754 739 1806 δὲ
793 1761 913 1811 κατ’
961 1760 1308 1834 ἀντωνυμιαν
1340 1766 1400 1818 ὲν
1449 1766 1659 1835 μείζοσί
1691 1786 1749 1822 τε
1788 1772 1884 1824 καὶ

1992 1766 2041 1814 ιι
2073 1774 2417 1831 quaecunque
2441 1773 2707 1832 prmtcrea
2754 1762 2991 1819 similem
3046 1761 3346 1816 admittunt
3395 1759 3565 1816 tatio-

305 1838 596 1932 ἐλάττοσιν
622 1847 930 1920 ὁρωμένην,
958 1852 1053 1906 καὶ
1084 1854 1185 1907 ὅσα
1218 1854 1395 1919 ἄλλως
1435 1860 1525 1911 τόν
1555 1860 1743 1929 ὅμοιον
1770 1861 1887 1932 ἔχει

304 1930 537 1998 τρόπον,
588 1934 763 1988 ἐνίοτε
827 1938 885 1991 δὲ
950 1942 1074 1993 καθ’
1118 1944 1218 1996 ὅσα
1272 1947 1584 2015 συνώνυμόν
1628 1965 1746 2013 πως
1787 1930 1888 2021 τῆν

306 2024 576 2095 σχῖτικήν
603 2030 785 2081 αίτίαν
821 2034 1169 2105 κεκλήρωται
1190 2053 1205 2070 ο
1247 2039 1371 2092 καθ’
1408 2040 1474 2112 ῆν
1495 2041 1761 2112 δήπουθεν
1793 2045 1889 2097 καὶ

304 2115 372 2167 τὸ
399 2117 517 2171 ἴσον
549 2118 649 2189 ἴσῳ
681 2125 966 2191 συμϐαίνει
1003 2126 1254 2196 λέγεσθαι
1306 2131 1442 2195 ἴσον,
1468 2136 1566 2186 καὶ
1608 2135 1698 2187 τὸν
1735 2134 1889 2204 φίλον

306 2208 456 2275 φίλῳ
499 2210 674 2278 φίλον,
709 2215 805 2267 καὶ
848 2216 1022 2270 ὁπόσα
1074 2217 1251 2288 δήπου
1292 2224 1673 2293 παραπλήσια,
1700 2225 1776 2288 ὡς
1805 2225 1892 2292 γί-

307 2300 504 2353 νεσθαι
533 2304 831 2375 πολυσχιδῆ
868 2308 965 2375 μὲν
1014 2310 1072 2360 ἐν
1122 2313 1232 2371 τοῖς
1276 2312 1658 2382 μεριζομένοις
1710 2317 1891 2385 πράγ-

313 2409 457 2461 μασι
495 2396 596 2464 τὴν
631 2399 813 2450 αὐτῶν
862 2400 1213 2472 ίδιοτροπίαν,
1250 2405 1340 2459 ἐπὶ
1373 2405 1428 2459 δὲ
1472 2404 1609 2460 Θεοῦ
1643 2408 1887 2477 μονοειδῆ

308 2486 414 2537 καὶ
447 2487 746 2556 ἀμέριστον
784 2490 927 2545 κατά
971 2494 1071 2564 τὴν
1111 2494 1208 2548 τοῦ
1242 2496 1358 2559 ἑνὸς
1391 2494 1757 2567 ὑποκειμένευ
1797 2498 1890 2571 δή·

307 2574 669 2647 λωσιν,λέγω
708 2581 774 2653 δὴ
805 2583 906 2652 τὴν
957 2585 1140 2657 ἀμερῆ
1196 2588 1293 2641 καὶ
1337 2589 1747 2660 ἀσχημάτιστον
1796 2596 1890 2646 καὶ

306 2669 550 2738 ἀόρατον
582 2672 821 2742 ἐκείνην,
846 2675 972 2745 ἥτις
1016 2676 1140 2730 ποτ’
1166 2678 1336 2744 ἐστὶν,
1368 2679 1536 2733 οὖσαν
1571 2683 1759 2736 οὐσίαν
1777 2698 1796 2714 ο
1821 2686 1889 2756 ἢν

303 2760 657 2834 ψυχοτρόφον
726 2766 971 2836 λειμῶνα
1026 2769 1121 2822 καὶ
1186 2770 1449 2841 ἀληθείας
1512 2771 1755 2845 θάλαμόν
1804 2792 1889 2839 τις

307 2854 554 2917 καλέσας
579 2857 681 2909 οὐκ
711 2856 802 2925 ἂν,
829 2855 1008 2929 οἶμαι,
1042 2861 1301 2931 ἁμάρτοι.
1344 2864 1442 2917 Ἓν
1482 2864 1590 2936 γὰρ
1631 2865 1763 2920 οὖσα
1792 2884 1889 2920 κυ-

310 2949 450 3016 ρίως
487 2947 638 3015 ps'vsr.
690 2950 958 3023 διηνεκῶς
979 2958 1037 3008 ἐν
1073 2956 1150 3026 τῷ
1183 2959 1284 3025 ἐνὶ,
1318 2960 1517 3029 μᾶλλον
1549 2960 1594 3015 δ’
1622 2963 1799 3017 εἰπεῖν
1830 2966 1890 3018 ὲν

1987 1865 2135 1914 nem,
2170 1844 2444 1909 interdum
2473 1864 2743 1924 quatenus
2773 1855 3054 1910 relativam
3096 1870 3317 1910 causam
3369 1853 3569 1909 eadem

1989 1942 2105 1998 fere
2146 1944 2550 2015 signiﬁcatione
2579 1946 2895 2014 insignitam
2932 1946 3127 2001 sortita
3160 1955 3289 2001 sunt
3324 1965 3337 1999 :
3375 1953 3569 2015 quant-

1988 2035 2177 2091 ohrcm
2216 2037 2397 2094 simile
2432 2037 2535 2093 dici
2604 2039 2742 2093 solet
2802 2038 2963 2093 simili
3001 2039 3204 2102 simile.
3245 2048 3302 2094 et
3352 2037 3577 2093 amicus

1991 2126 2172 2181 amico
2200 2127 2434 2193 amicus,
2468 2138 2520 2183 cl
2553 2145 2674 2199 qua:
2702 2139 2830 2184 sunt
2866 2129 3088 2190 similia,
3134 2130 3205 2183 ita
3263 2138 3323 2183 ut
3377 2127 3569 2183 multi—

1990 2217 2113 2286 plex
2142 2221 2235 2275 liat
2283 2220 2337 2274 in
2371 2222 2687 2292 rebus'quze
2716 2220 3043 2278 dividuntur
3082 2237 3274 2277 earunt
3311 2220 3568 2292 proprie-

1989 2320 2092 2375 tas,
2132 2312 2186 2365 in
2224 2312 2333 2367 Deo
2359 2325 2540 2367 autem
2572 2314 2804 2385 simplex
2832 2324 2882 2369 et
2950 2313 3184 2369 indivisa
3252 2312 3564 2368 secundum

1991 2404 2154 2457 unius
2176 2404 2439 2473 Sllpp02ill
2470 2403 2962 2461 ntanil'estationem
2992 2422 3006 2460 :
3034 2404 3158 2460 dico
3189 2405 3336 2459 enim
3372 2401 3570 2458 indivi«

1988 2494 2201 2549 sibilent
2242 2503 2298 2549 et
2355 2496 2531 2551 fortna
2586 2507 2867 2553 carentem
2926 2507 2983 2553 et
3038 2497 3371 2552 invisibilem
3417 2496 3577 2551 illam

1990 2587 2390 2659 qualiscunque
2414 2598 2498 2645 est
2526 2589 2823 2645 essentiam
2858 2607 2873 2656 ;
2909 2605 3073 2660 quam
3108 2588 3153 2646 si
3188 2591 3311 2660 quis
3348 2598 3570 2660 pratum

1990 2677 2204 2729 animos
2238 2691 2469 2745 pascens
2523 2686 2579 2733 et
2630 2678 2880 2735 veritatis
2914 2674 3229 2735 cubiculum
3277 2680 3568 2735 nominare

1991 2764 2142 2830 velit,
2173 2781 2278 2821 non
2300 2776 2468 2833 erret,
2490 2768 2751 2840 equidem
2786 2769 3004 2839 Opinor.
3036 2767 3168 2838 Qua:
3194 2768 3417 2840 quidem
3443 2784 3570 2823 cum

1990 2856 2061 2911 sit
2081 2873 2273 2922 unum,
2296 2860 2560 2915 continuo
2581 2863 2633 2917 in
2659 2877 2768 2918 uno
2799 2870 3003 2929 manet,
3021 2862 3135 2918 sive
3162 2862 3416 2935 pntiusin
3438 2878 3495 2916 se
3514 2871 3572 2916 et

1991 2961 2208 3006 nostras
2235 2950 2614 3022 cogitationes,
2645 2972 2766 3023 quae
2800 2954 3027 3012 diversa:
3052 2962 3179 3012 sunt
3221 2970 3249 3008 a
3296 2964 3487 3009 natura
3517 2960 3574 3006 et

308 3040 486 3111 ἑαυτῇ
511 3058 525 3074 ·
551 3047 644 3097 καὶ
679 3047 945 3115 μεριστάς
984 3051 1290 3119 πεφυκυίας
1320 3053 1422 3117 τὰς
1457 3054 1740 3126 ἡμετέρας
1769 3059 1889 3128 νοή-

1992 3044 2307 3116 qnibusque
2359 3047 2526 3103 rebus
2573 3038 2799 3101 diverso
2866 3047 3030 3107 modo
3075 3045 3478 3108 distrahuntur,
3513 3045 3571 3098 in

308 3145 456 3195 σεις,
491 3134 587 3185 καὶ
626 3132 891 3205 διάφορον
929 3136 1031 3208 τὴν
1063 3139 1358 3211 περιολκὴν
1387 3144 1516 3213 περὶ
1542 3142 1746 3199 ἕκαστα
1781 3146 1890 3198 τῶν

308 3224 662 3292 πραγμάτων
713 3224 1121 3296 λαμϐανούσας,
1155 3231 1237 3295 είς
1285 3231 1417 3301 μίαν
1446 3232 1569 3287 τινὰ
1616 3235 1712 3288 καὶ
1741 3236 1893 3292 ἀδιά-

310 3328 512 3381 κριτον
536 3314 629 3367 καὶ
661 3314 867 3378 ταύτας
896 3318 1081 3387 νόησιν
1112 3323 1380 3390 συναιρεῖ,
1406 3320 1483 3386 ὡς
1519 3323 1768 3391 γίνεσθαι
1796 3326 1892 3377 καὶ⁵

309 3403 413 3454 τὸν
437 3401 545 3457 τῶν
574 3404 855 3474 ὀνομάτων
883 3404 944 3472 ἐξ
980 3407 1227 3480 ἀνάγκης
1260 3410 1561 3482 πολυσχιδῆ
1591 3414 1685 3466 καὶ
1727 3414 1894 3466 πολύ-

311 3509 524 3563 τροπον
554 3498 846 3568 μερισμὸν,
872 3500 1057 3554 ὁποῖον
1091 3502 1123 3573 ἡ
1153 3501 1263 3555 τῶν
1300 3502 1577 3575 διαφόρων
1625 3506 1891 3577 πραγμά-

309 3602 432 3639 των
473 3586 730 3659 διάφορος
786 3592 1096 3663 παραγωγὴ
1138 3593 1535 3668 τελεσιουργεῖ,
1606 3596 1893 3668 δυνάμεως

308 3677 464 3746 λέγω
491 3683 586 3736 καὶ
613 3680 760 3752 ζωῆς
783 3683 882 3737 καὶ
914 3685 1196 3756 ἐνεργείας
1223 3687 1320 3741 καὶ
1344 3688 1523 3759 φωτὸς
1560 3692 1655 3743 καὶ
1698 3691 1895 3760 σοφίας

312 3770 423 3825 καὶ
442 3770 554 3826 τῶν
583 3772 861 3842 τοιούτων,
903 3778 1153 3847 μονοειδῆ
1184 3780 1281 3832 καὶ
1308 3779 1477 3834 αὑτὸν
1504 3781 1605 3853 ἤδη
1635 3784 1733 3837 καὶ
1790 3802 1893 3855 μο-

311 3861 582 3928 νότροπον
634 3865 712 3927 ὡς
760 3866 978 3938 ἀληθῶς
1029 3868 1231 3940 δρόμον
1278 3870 1339 3923 ιν
1369 3871 1452 3943 τῷ
1498 3875 1600 3943 τῆς
1634 3874 1895 3945 ἀληθείας

309 3953 516 4025 ἐκείνῳ
570 3957 741 4028 πεδίῳ
788 3957 998 4015 θέοντα.
1070 3961 1598 4034 Περιγεγραμμένος
1643 3966 1753 4038 γάρ
1804 3986 1891 4032 τις

311 4045 449 4115 ὅρος
501 4047 744 4119 ἑκάστης
788 4050 980 4115 οὐσίας
1025 4052 1269 4124 ὑπάρχον
1310 4054 1543 4110 ἕκαστον
1570 4056 1764 4128 ὄνομα,
1797 4063 1892 4113 καὶ

315 4137 459 4207 μιᾶς
486 4137 748 4208 ίδιότητος
799 4142 1229 4212 επειλημμένον,
1265 4145 1360 4198 καὶ
1390 4146 1680 4200 συστέλλον
1713 4150 1895 4203 ὁπωσ-

310 4230 591 4298 δητωτοῦν
630 4236 692 4287 τὸ
727 4236 861 4304 πρὸς
895 4236 1179 4306 ἀοριστίαν
1208 4237 1346 4302 τέως
1374 4240 1547 4309 αὐτῆς
1570 4242 1892 4313 κεχυμένον,

311 4321 512 4385 ἁπλῶς
540 4324 684 4378 κατά
706 4326 801 4380 τὸν
826 4327 1165 4399 ἀνθρώπινον
1189 4329 1314 4384 νοῦν
1337 4332 1598 4402 πειρᾶται
1628 4334 1730 4405 μὲν
1756 4337 1897 4390 κάπὶ

313 4409 426 4475 τῆς
458 4411 895 4485 ὑπερηπλωμένη
908 4390 942 4476 ς’
967 4415 1184 4487 ἐκείνης
1218 4414 1371 4481 θείας
1401 4390 1594 4482 οδσίας
1628 4390 1736 4490 ’τὴν
1772 4421 1899 4474 ἐαυ-
1927 4390 1974 4448 D

313 4500 422 4555 τοῦ
446 4504 683 4574 φυσικὴν
713 4506 1117 4575 ἀποφαίνεσθαι
1162 4509 1378 4581 κίνησιν
1422 4511 1517 4565 καὶ
1553 4512 1613 4566 τὸ
1654 4515 1753 4584 τῆς
1794 4517 1896 4583 ὲμ-

315 4591 497 4662 φύτου
528 4593 810 4664 δυνάμεως
836 4593 1050 4664 εἰωθὸς,
1082 4598 1227 4667 λέγω
1255 4598 1320 4669 δὴ
1356 4602 1418 4652 τὸ
1444 4600 1753 4673 διακρίνειν
1800 4604 1896 4657 καὶ

316 4686 573 4757 μερίζειν
601 4689 661 4751 ἐς
688 4688 979 4759 διαφόρους
1014 4692 1077 4744 τδ
1117 4690 1178 4745 ἓν
1209 4692 1566 4763 ίδιοτροπίας,
1607 4695 1724 4749 ἀλλ’
1753 4695 1894 4768 ἔφθη

314 4779 458 4849 πρὶν
487 4778 806 4851 δεδρακέναι
838 4780 1033 4837 παθόν.
1064 4784 1327 4856 Μερίζειν
1372 4787 1483 4858 γὰρ
1529 4788 1895 4859 ἐπειγόμενον

314 4868 416 4925 ἀπ’
447 4871 572 4943 ῐσης
602 4875 715 4936 τοῖς
742 4873 924 4938 ἄλλοις
949 4877 1047 4930 καὶ
1090 4879 1191 4946 τὴν
1222 4879 1519 4949 ἀμέριστον
1547 4880 1764 4951 ἐκείνην
1799 4883 1894 4934 καὶ

311 4963 481 5020 θείαν
503 4964 715 5033 οὐσίαν,
746 4965 939 5036 λέληθε
972 4967 1236 5022 συσταλὲν
1266 4969 1360 5023 ὑπ’
1389 4971 1609 5042 ἐκείνης
1629 4973 1726 5025 καὶ
1760 4974 1897 5043 πρὸς

313 5057 526 5128 νοητὴν
554 5058 813 5128 ὁμόνοιαν
839 5060 1145 5115 συνελάσαν
1170 5061 1262 5115 τὸν
1306 5062 1673 5133 κωλυώνυμόν
1703 5081 1762 5117 τε
1804 5068 1896 5117 καὶ

314 5150 758 5221 πολυπράγμονα
840 5154 1132 5224 μερισμόν.
1201 5155 1449 5226 Κάπειδὴ
1528 5159 1895 5226 περιγραςαῖς

312 5242 606 5312 ὀνομάτων
633 5245 669 5314 ἡ
715 5243 834 5298 θεία
885 5248 979 5299 καὶ
1025 5245 1469 5317 ὑπερηπλωμένη
1506 5248 1668 5318 φύσις
1713 5250 1893 5318 ἐκείνη

308 5330 602 5386 δουλεύειν
648 5333 750 5387 οὐκ
801 5329 962 5399 οἶδεν,
1008 5332 1073 5405 [ι.
1127 5334 1229 5388 us
1258 5333 1335 5407 υ.]
1378 5338 1409 5407 ή
1471 5335 1529 5389 δὲ
1580 5341 1894 5407 περιγρκφὴ

310 5424 697 5496 περιληπτικὴ
728 5442 812 5490 τις
861 5427 1072 5495 γίνεται
1111 5429 1208 5481 τοῦ
1255 5429 1620 5500 ὑποκειμένου
1668 5432 1890 5497 γνῶσις,

306 5517 425 5570 σῦκ
470 5518 535 5571 ἄν
573 5535 707 5571 ποτε
734 5520 947 5587 γένοιτο
975 5523 1215 5591 γνωστὸν
1262 5522 1290 5575 δ
1338 5524 1406 5593 τῇ
1461 5522 1618 5594 οὐσίᾳ
1650 5523 1894 5592 πέφυκεν

306 5610 771 5681 ἀπερίτρεπτον
814 5613 872 5666 ἒν
895 5615 1000 5684 ἄρα
1050 5617 1144 5668 καὶ
1178 5616 1459 5683 ἄγνωστον
1509 5617 1543 5685 ή
1587 5616 1701 5667 θεία
1733 5615 1895 5682 φύσις

307 5702 529 5770 εκείνη,
554 5704 652 5756 καὶ
677 5706 816 5775 ὑπὲρ
847 5707 1025 5760 πάντα
1061 5707 1220 5776 λόγον
1255 5710 1348 5760 κιὶ
1381 5708 1615 5771 ἔνιοιαν,
1651 5708 1745 5759 καὶ
1792 5710 1895 5759 πεί-

309 5812 417 5848 σαν
455 5795 786 5864 Παλαμικὴν
823 5800 1184 5865 ἁποςειομὲνη
1216 5800 1559 5865 πῖρτρείίαν.
1597 5801 1661 5851 ’⁸0
1690 5816 1746 5864 γε
1789 5800 1891 5863 μὴν

1999 3152 2162 3191 unam
2195 3137 2486 3206 quamdam
2517 3150 2573 3193 et.
2612 3137 2969 3193 indiscretam
3003 3137 3394 3210 cogitationem
3421 3151 3571 3191 corn-

1992 3229 2330 3299 prehendit:
2362 3231 2435 3286 ita
2468 3240 2527 3286 ut
2553 3231 2717 3286 etiam
2754 3232 3039 3286 nominum
3072 3230 3388 3287 necessario
3404 3228 3578 3301 315

1992 3319 2277 3389 multiplex
2326 3329 2382 3376 et
2422 3320 2773 3377 multiformis
2805 3314 2999 3377 divisio
3028 3321 3245 3392 qualem
3275 3336 3457 3376 rerum
3491 3320 3566 3374 di-

1992 3425 2271 3466 versarum
2317 3408 2530 3468 diversa
2561 3413 2826 3468 derivatio
2859 3412 3224 3484 deductioque
3248 3411 3430 3475 efﬁcit,
3464 3411 3569 3465 viro

1997 3501 2126 3558 tutis
2144 3502 2358 3567 dico,et
2381 3503 2505 3558 vita:
2535 3513 2591 3560 et
2615 3502 2897 3558 cﬂicentia:
2925 3513 2981 3557 et
3012 3502 3237 3557 luminis
3267 3511 3324 3557 et
3353 3500 3551 3571 sapient

1997 3593 2085 3650 tia:
2113 3601 2169 3650 et
2193 3595 2408 3659 talium,
2440 3594 2747 3665 simplicem
2778 3604 2834 3651 et
2866 3594 2983 3665 ipsa
3008 3595 3119 3665 jam
3150 3602 3207 3649 et
3242 3592 3575 3648 uniformem

1994 3684 2242 3755 profecto
2268 3701 2490 3742 cursum
2517 3686 2572 3742 in
2605 3687 2698 3741 illo
2734 3686 2983 3741 veritatis
3043 3700 3238 3756 campo
3287 3684 3571 3740 decurrat.

1993 3776 2460 3848 Circumscriptus
2483 3778 2632 3834 enim
2665 3777 2790 3834 linis
2820 3777 3045 3848 quidam
3077 3778 3345 3849 cujusque
3374 3792 3571 3833 essen-

1994 3868 2085 3925 tia:
2110 3880 2408 3940 suppetens
2434 3870 2709 3940 quoddam
2739 3876 2825 3926 est
2852 3884 3049 3928 nomen
3099 3870 3246 3941 quod
3306 3878 3365 3925 et
3407 3884 3573 3925 unam

1998 3962 2395 4032 proprietatem
2417 3964 2565 4033 capit
2591 3970 2648 4017 et
2678 3976 3014 4033 quocunque
3066 3960 3233 4016 modo
3284 3961 3572 4032 componit

1997 4069 2119 4123 quae
2147 4052 2429 4109 indeﬁnite
2460 4052 2637 4108 causa
2674 4061 2827 4119 sunt,
2884 4052 3209 4126 simpliciter
3264 4054 3570 4110 secundum

1997 4146 2277 4201 hominum
2316 4144 2752 4215 intelligentiam.
2785 4143 3030 4201 Conatur
3054 4145 3276 4216 quidem
3314 4144 3481 4200 etiam
3517 4145 3573 4200 in

1998 4234 2403 4306 simplicissima
2449 4234 2542 4290 illa
2594 4235 2833 4291 essentia
2865 4234 3052 4291 divina
3079 4235 3378 4291 motionem
3415 4250 3574 4291 suam

1998 4328 2305 4383 naturalem
2356 4325 2639 4383 declarare
2673 4336 2730 4384 et
2784 4326 3010 4384 virtutis
3059 4328 3241 4384 insita:
3296 4336 3577 4397 naturam,

2007 4420 2132 4477 dico
2158 4421 2305 4477 enim
2338 4419 2471 4475 illud
2511 4419 2657 4491 quod
2708 4419 2977 4477 discernit
3004 4428 3062 4477 et
3089 4420 3285 4478 dividit
3313 4438 3485 4478 unum
3517 4423 3573 4479 in

2008 4512 2254 4568 diversas
2301 4512 2686 4582 proprietates,
2716 4510 2814 4567 sed
2857 4511 3177 4583 priusquam
3223 4514 3337 4585 agit
3377 4513 3580 4571 all‘ecta

2000 4613 2105 4659 est.
2157 4601 2297 4659 Cum
2333 4601 2480 4657 enim
2527 4600 2779 4656 dividere
2840 4600 3103 4657 'Studeret
3154 4616 3311 4672 atque
3362 4601 3577 4658 caeteris

1996 4696 2161 4753 etiam
2187 4694 2480 4750 iudivisam
2515 4694 2663 4749 illam
2685 4702 2742 4749 et
2763 4692 3008 4749 divinam
3043 4695 3371 4761 essentiam,
3431 4694 3576 4766 fugit

1997 4789 2131 4845 illud
2161 4804 2285 4844 esse
2310 4786 2381 4843 ab
2421 4787 2513 4843 illa
2555 4786 2947 4857 compositum,
2999 4796 3056 4843 et
3112 4787 3167 4842 in
3220 4787 3601 4844 concordiam‘
3649 4859 3653 4862 ν

1997 4878 2395 4951 intelligihilcm
2424 4880 2769 4934 contraxisse
2811 4877 3146 4933 divisionem
3199 4878 3424 4933 nomina
3470 4879 3576 4933 im-

1997 4971 2306 5041 pedientem
2342 4969 2929 5039 et,occupat.issimam;
2956 4976 3014 5023 et
3045 4967 3303 5039 quoniam
3333 4969 3575 5023 circum-

1997 5061 2390 5132 scriptionibus
2451 5062 2736 5115 nominum
2783 5059 2967 5114 divina
3030 5070 3088 5116 et
3152 5059 3569 5128 simplicissima

1997 5164 2190 5206 natura
2231 5151 2320 5205 illa
2351 5152 2622 5206 inservire
2652 5150 2851 5215 nescit,
2915 5149 3570 5220 circumscriptioautem

1996 5245 2256 5314 colligens
2286 5253 2373 5298 cst
2400 5243 2671 5313 suppositi
2700 5243 2962 5314 cognitio,
2998 5259 3109 5298 non
3149 5252 3337 5313 potest
3365 5258 3572 5314 cogno-

1996 5340 2070 5393 sci
2099 5337 2243 5407 quod
2270 5344 2495 5406 prepter
2509 5336 2804 5391 essentiam
2829 5351 2933 5390 non
2954 5346 3039 5390 est
3063 5335 3565 5405 circumscriptum.

1996 5428 2174 5484 Unum
2204 5428 2377 5496 igitur
2404 5436 2461 5481 et
2491 5426 2831 5498 incognitum
2881 5435 2966 5481 est
2998 5425 3184 5481 divina
3216 5432 3414 5480 natura
3451 5424 3567 5491 illa,

1996 5535 2053 5580 et
2088 5539 2255 5593 supra
2312 5538 2534 5577 omnem
2594 5520 2976 5577 deﬁnitionem
3027 5531 3084 5577 ct
3140 5519 3566 5591 intelligentiam

1997 5627 2061 5673 et
2104 5630 2373 5685 respuens
2400 5630 2618 5670 omnem
2649 5613 2973 5668 Palatnicam
3009 5613 3391 5677 subtilitatem,
3423 5613 3570 5683 quod

1996 5706 2251 5777 ctognosci
2280 5722 2307 5761 a
2336 5707 2495 5762 nobis
2551 5715 2731 5777 potest
2763 5708 2816 5761 in
2855 5706 2963 5789 Deo
2997 5707 3116 5777 ejus
3162 5705 3477 5761 eliicicntiis
3505 5715 3563 5760 et

1998 5798 2279 5867 operibus,
2319 5812 2436 5866 quae
2481 5806 2743 5878 apparent.
2774 5805 2824 5849 ct
2863 5799 3002 5849 facta
3041 5806 3188 5858 sunt,
3216 5796 3268 5849 id
3295 5795 3455 5849 nobis
3490 5795 3569 5849 it;-
