3856 6552
384 383 491 443 279
1577 376 1993 453 NICEPHOR!
2028 364 2417 458 Gnaeos/1:
3523 393 3622 461 280

381 490 556 544 vicem
579 489 745 562 316
774 476 1146 563 signiﬁcamus
1197 495 1513 554 nominibus
1545 500 1728 556 ductis
1771 517 1837 556 ex
1870 501 1950 556 di-

2060 507 2300 574 γνωστδν
2344 510 2476 578 ἡμῖν
2521 508 2742 563 δύναται
2773 508 3020 576 γίνεσθαι
3069 504 3163 560 τοῦ
3220 504 3355 559 Θεοῦ
3404 504 3489 559 διὰ
3519 507 3620 559 τῶν

383 582 560 637 versis
595 583 975 641 notationibus
1020 590 1336 644 necessario
1392 604 1619 662 propter
1666 609 1825 648 usum
1857 609 1955 647 no-

384 683 558 727 strum
582 677 982 733 sententiarum
1010 678 1079 733 ad
1121 680 1542 739 similitudinem
1576 685 1953 740 formatarum.

382 761 503 817 Non
542 772 726 820 autem
763 768 883 823 sine
912 770 1125 840 regula,
1159 780 1220 824 ut
1246 774 1447 843 cuique
1483 775 1733 830 voluntas
1763 791 1959 845 sugge-

387 854 487 920 ι’ἱῑ,
518 855 625 911 hoc
650 856 906 928 facimus,
937 861 1035 919 sed
1068 864 1384 921 divinorum
1416 866 1639 923 Patrum
1675 869 1957 937 sequimur

2058 601 2400 670 φαινομένων
2451 600 2616 656 αὑτοῦ
2656 602 2751 655 καὶ
2781 602 3169 669 πεποιημένων
3213 598 3504 667 ἐνεργειῶν
3534 600 3624 651 καὶ

2056 691 2359 761 δυνάμεων,
2414 694 2572 747 τοῦτο
2638 696 2750 756 τοῖς
2796 694 2861 746 ἐκ
2918 692 3192 763 διαφόρων
3259 691 3623 761 ἐτυμολογιῶν

2057 785 2315 855 ὀνόμασιν
2357 786 2605 857 ἀλλήλοις
2655 787 3131 857 ὲπισημαινόμεθα
3180 789 3297 849 ταῖς
3329 786 3623 853 γνωμικαῖς

2058 877 2118 942 ἐξ
2154 878 2401 946 ἀνάγκης
2429 879 2589 949 ἡμῶν
2621 880 2761 933 κατὰ
2803 879 2865 932 τὸ
2921 880 3186 936 ἀνάλογον
3242 878 3479 949 χρείαις,
3528 876 3623 929 οΰκ

2058 972 2310 1034 ἀτάκτως
2337 972 2419 1034 δὲ,
2443 973 2537 1027 καὶ
2566 974 2641 1037 ὡς
2681 970 2898 1045 ἑκάστῳ
2917 977 2985 1029 τά
3019 978 3117 1045 τῆς
3152 973 3464 1043 βουλήσεως
3494 970 3626 1021 ύπο-

2056 1063 2267 1134 τίθησι,
2327 1065 2587 1135 δρῶντες,
2634 1066 2771 1120 ἀλλὰ
2816 1067 2931 1123 τοῖς
2986 1065 3094 1118 τῶν
3162 1063 3321 1117 θείων
3372 1062 3628 1130 ιῐατέρων

2059 1157 2317 1226 ἑπόμενοι
2374 1158 2643 1226 δόγμασιν
2689 1158 2818 1229 ἄχρι
2852 1160 2948 1210 καὶ
2996 1157 3098 1223 τῆς
3146 1155 3421 1225 τυχούσης
3451 1170 3631 1221 γραμ-

2061 1248 2192 1319 μῆς.
2230 1249 2455 1319 Πρῶτον
2509 1251 2608 1319 μὲν
2675 1250 2785 1320 γὰρ
2835 1251 2864 1303 ὀ
2919 1248 3110 1319 Σωτὴρ
3156 1250 3213 1302 ὲν
3278 1246 3629 1313 Εὐαγγελὶοις

2062 1344 2331 1413 μηδεμιᾶς
2386 1346 2755 1414 καταφρονεῖν
2817 1345 3077 1413 παραινεῖ
3140 1342 3369 1410 κεραίας
3424 1339 3538 1391 τῶν
3577 1340 3631 1389 ἐν

2057 1439 2354 1506 γράμμασι
2380 1435 2540 1489 θείων
2567 1437 2734 1490 αὐτοῦ
2769 1434 3216 1506 προσταγμάτων
3249 1432 3345 1485 καὶ
3376 1431 3629 1484 ἐντολῶν·

2055 1519 2134 1580 ὧν
2170 1528 2270 1580 οὐκ
2311 1522 2409 1580 οἷδ’
2448 1528 2738 1597 ὁπότερον⁸
2769 1527 2803 1597 ἢ
2837 1527 2945 1595 γὰρ
2974 1527 3075 1579 ούκ
3117 1525 3363 1593 ἀκήκοας
3404 1523 3511 1585 ἔτι,
3542 1524 3630 1574 καὶ

2056 1619 2209 1673 ταῦτ’
2248 1620 2306 1673 ὲν
2344 1621 2667 1684 ἐπισκόποις
2702 1619 2826 1686 (σεῦ
2880 1620 2983 1687 τῆς
3042 1619 3273 1679 ἀτοπίας
3292 1617 3331 1685 ί)
3374 1612 3631 1684 τε).ὦν,ἢ

2056 1712 2298 1776 ἀκούσας
2319 1712 2422 1765 οὐκ
2446 1711 2635 1783 ᾔσθου.
2668 1712 2882 1765 Ἔπειθ’
2920 1706 2995 1765 ὧν
3017 1710 3180 1772 αὐτὸς
3206 1708 3520 1769 διαϐάλλεις
3544 1707 3631 1759 τὴν

2056 1800 2184 1854 νοῦν
2236 1800 2504 1867 θεολόγων
2549 1801 2651 1870 τῆς
2700 1801 3029 1869 Ἐκκλησίας
3084 1797 3318 1868 ἀνδρῶν,
3350 1800 3377 1851 ὁ
3435 1797 3539 1865 μὲν
3578 1797 3633 1847 ὲν

2056 1889 2308 1959 θεολογίᾳ
2361 1891 2534 1960 μέγας
2585 1890 2909 1959 Γρηγόριος,
2951 1907 2969 1940 ι
3018 1888 3210 1957 Ἡμεῖς
3245 1885 3324 1947 δὲ,
3370 1903 3390 1936 ι
3445 1885 3630 1955 φησιν,

2061 2001 2081 2037 ι
2113 1986 2160 2037 εί
2203 1984 2297 2036 καὶ
2360 1982 2523 2055 μέχρι
2568 1983 2665 2050 τῆς
2712 1982 2983 2053 τυχούσης
3015 1982 3251 2047 κεραίας
3292 1980 3326 2050 ἢ
3364 1979 3634 2049 γραμμῆς

2050 2076 2149 2129 τοῦ
2214 2075 2530 2143 πνεύματος
2576 2075 2677 2145 τὴν
2742 2075 3035 2143 ἀκρίϐειαν
3088 2075 3369 2140 ἕλκοντες,
3430 2071 3635 2126 οῦποτε

2053 2169 2319 2240 δεξόμεθα
2352 2167 2433 2240 (ού
2455 2146 2575 2239 ’γὰρ
2605 2170 2775 2237 ὅσιον)
2804 2169 2928 2224 οὐδὲ
2954 2172 3053 2231 τὰς
3087 2168 3375 2240 ἐλαχίστας
3402 2164 3634 2237 πράξεις

2054 2264 2177 2333 είκῇ
2216 2263 2621 2332 σπουδασθῆναι
2650 2265 2764 2325 τοῖς
2794 2262 3147 2333 ἀναγράψασι
3191 2261 3290 2316 καὶ
3343 2260 3511 2332 μέχρι
3541 2256 3634 2312 τοῦ

2058 2354 2331 2427 παρόντος
2364 2356 2557 2425 μνήμῃ
2586 2355 2941 2426 διασωθῆναι,
2965 2351 3081 2407 ἀλλ’
3111 2354 3179 2408 ἵν’
3211 2356 3372 2423 ἡμεῖς
3417 2352 3634 2422 ἔχωμεν

2056 2447 2429 2518 ὑπομνήματα
2481 2449 2578 2501 καὶ⁵
2622 2447 2969 2518 παιδεύματα
3017 2447 3116 2515 τῆς
3183 2448 3291 2501 τῶν
3336 2446 3547 2517 ὁμοίων
3587 2445 3635 2498 εί

2058 2557 2190 2594 ποτε
2234 2540 2504 2610 συμπέσοι
2560 2539 2754 2610 καιρὸς
2809 2539 3172 2606 διασκέψεως,
3210 2537 3352 2592 ὥστε
3403 2536 3473 2590 τὰ
3538 2538 3635 2605 μὲν

2054 2632 2300 2704 φεύγειν,
2333 2632 2402 2686 τά
2454 2632 2511 2686 δὲ
2569 2632 2867 2703 αἱρεῖσθαι,
2898 2628 3009 2687 οἷον
3064 2634 3253 2688 κανόσι
3298 2633 3397 2686 καὶ
3439 2632 3635 2695 τύποις

2052 2729 2166 2791 τοῖς
2202 2725 2567 2797 προλαϐοῦσιν
2596 2727 2855 2797 ἑπόμενοι
2909 2727 3376 2797 παραδείγμασιν.
3421 2745 3440 2778 ι
3489 2725 3552 2780 ’0
3582 2726 3635 2778 δὲ

2058 2821 2234 2892 μέγας
2265 2819 2567 2888 Βασίλειος,
2606 2838 2625 2871 ι
2658 2821 2799 2888 Χρὴ,
2852 2840 2872 2872 ι
2924 2820 3079 2891 φησὶ,
3114 2838 3132 2871 ι
3167 2820 3258 2873 τδν
3298 2820 3406 2888 πρὸ
3433 2818 3637 2886 ὀφθαλ-

2057 2914 2176 2984 μῶν
2206 2913 2400 2985 ἔχοντα
2422 2913 2483 2966 τὸ
2516 2911 2610 2965 τοῦ
2642 2910 2881 2980 Χριστοῦ
2908 2912 3283 2981 δικαστήριον,
3314 2913 3408 2961 καὶ
3453 2911 3633 2963 εἰδότα

374 2982 486 3036 non
513 2985 577 3024 ex
598 2984 659 3026 se
680 2973 903 3030 studere
934 2990 1022 3031 res
1052 2992 1223 3034 novas
1246 2979 1446 3045 moliri,
1464 2979 1559 3037 sed
1594 2981 1649 3036 in
1679 2982 1746 3038 iis
1768 2998 1891 3054 quae
1919 2998 1950 3040 a

2056 2973 2178 3066 δσος
2213 2973 2513 3067 ὁηκίνδυνος
2546 2973 2765 3071 ἀφελεῖν
2793 3022 2847 3055 τι
2877 3002 2909 3073 ἢ
2946 3005 3264 3074 προσθεῖναι
3310 3005 3424 3065 τοῖς
3454 3020 3633 3071 παρα-

374 3060 584 3115 sanctis
616 3064 866 3119 nuntiata
888 3076 1020 3122 sunt
1042 3068 1413 3138 acquiescere.
1448 3090 1468 3124 ι
1518 3071 1950 3145 Chrysostomus

2056 3060 2359 3168 δεδομένοις
2406 3060 2512 3151 tit-th
2563 3060 2657 3149 τοῦ
2706 3060 3051 3165 Πνεύματός,
3107 3095 3181 3165 μὴ
3238 3093 3375 3163 παρ’
3434 3093 3633 3147 ἑαυτοῦ

374 3158 558 3207 autem
579 3152 833 3210 similiter
855 3164 909 3210 et
940 3156 1079 3226 ipse,
1098 3159 1186 3214 «In
1212 3159 1437 3229 divinis,
1468 3163 1669 3234 inquit,
1697 3164 1950 3238 Scriptu-

2056 3187 2456 3259 φιλοτιμεῖσθαι
2526 3189 2895 3255 καινοτομεῖν,
2950 3186 3085 3238 ἀλλὰ
3143 3186 3256 3246 τοῖς
3310 3200 3635 3253 προκατηγ-

375 3242 452 3297 ris
474 3258 642 3298 unum
672 3246 779 3301 iota
813 3256 907 3304 aut
940 3266 1109 3306 unum
1143 3253 1353 3322 apicem
1410 3256 1707 3327 negligere,
1743 3274 1852 3313 non
1885 3259 1945 3315 ﬁt

2056 3242 2340 3354 γελμένοις
2390 3282 2539 3351 παρὰ
2596 3282 2703 3335 τῶν
2750 3242 2921 3349 άγίων
2976 3280 3367 3350 ὲφησυχάζειν.
3420 3297 3437 3327 ι
3485 3278 3551 3330 Ὀ
3584 3277 3635 3328 δὲ

2054 3378 2153 3448 τὴν
2182 3376 2430 3447 γλῶτταν
2459 3375 2695 3445 χρυσοῦς
2721 3376 2814 3427 καὶ
2850 3374 3015 3435 αὐτὸς
3048 3374 3270 3443 ὁμοίιος,
3313 3391 3332 3424 ι
3384 3372 3478 3424 Ἐν
3518 3372 3635 3432 ταῖς

2058 3470 2254 3536 θείαις,
2293 3489 2312 3522 ι
2346 3468 2504 3538 φησὶ,
2540 3488 2558 3520 ι
2592 3469 2834 3535 Γραφαῖς
2868 3466 3001 3519 ἰῶτα
3042 3466 3099 3517 ἒν
3145 3465 3175 3537 ἦ
3223 3464 3453 3532 κεραίαν
3506 3464 3633 3531 μίαν

384 946 661 1019 dogmata,
721 951 831 1006 imo
879 955 1043 1009 etiam
1104 957 1322 1027 litteras
1374 960 1652 1015 fortuitas.
1710 961 1955 1019 Primum

382 1038 528 1095 enim
594 1039 846 1096 Salvator
905 1043 960 1097 in
1018 1046 1329 1117 Evangeliis
1386 1062 1595 1117 monet,
1657 1065 1725 1105 ne
1763 1061 1956 1106 conte-

382 1138 638 1183 mnamus
687 1143 755 1184 ne
785 1131 997 1201 apicem
1066 1136 1289 1205 quidem
1344 1138 1628 1208 jussorum
1650 1148 1707 1196 et
1728 1141 1957 1195 manda-

383 1226 565 1271 torum
593 1220 713 1290 ejus
749 1221 1060 1279 divinorum
1088 1242 1210 1297 qua:
1240 1229 1296 1283 in
1326 1228 1618 1303 Scriptura
1664 1233 1956 1301 reperiun-

384 1312 473 1355 tur
498 1321 511 1357 :
535 1306 790 1374 equidem
831 1311 1018 1369 nescio
1072 1324 1257 1370 utrutn
1293 1332 1359 1371 ex
1395 1319 1517 1373 aliis
1561 1336 1669 1375 non
1696 1321 1955 1377 audivisti

382 1394 525 1462 haec.
559 1407 615 1451 tu
697 1401 791 1470 qui
853 1406 1165 1465 versabaris
1221 1410 1365 1465 inter
1433 1411 1760 1483 episcopos,
1817 1415 1955 1485 proh

381 1486 669 1558 ineptiam!
719 1504 815 1551 aut
874 1512 1185 1571 quanquam
1248 1503 1553 1571 audivisti,
1615 1522 1726 1562 non
1796 1508 1958 1563 intel-

379 1578 584 1635 lexisti.
620 1584 830 1641 Deinde
888 1591 1269 1663 theologorum
1302 1593 1562 1654 Ecclesiae
1604 1616 1843 1669 quorum
1873 1609 1955 1665 ,ιιι

379 1671 733 1734 calumniaris
791 1682 1111 1751 sententias,
1159 1701 1389 1759 magnus
1468 1688 1559 1746 ille
1622 1691 1845 1761 quidem
1899 1692 1954 1747 in

342 1758 348 1764 ’
382 1763 652 1838 theologia
728 1769 1066 1844 Gregorius;
1098 1794 1117 1829 ι
1158 1775 1268 1835 Vos
1324 1790 1530 1849 autem,
1585 1758 1781 1856 inquit,
1824 1785 1953 1842 licet

377 1856 546 1913 etiam
576 1861 630 1915 in
660 1862 889 1922 fortuito
922 1869 1079 1939 apice
1107 1882 1204 1928 aut
1229 1871 1432 1930 litteris
1461 1877 1690 1946 spiritus
1715 1895 1949 1935 accura-

379 1948 583 2007 tionem
609 1954 955 2025 adhibentes,
1009 1978 1290 2035 nunquam
1331 1970 1545 2038 capturi
1572 1986 1765 2027 sumus
1801 1988 1815 2026 :
1856 1987 1955 2027 ne-

377 2059 486 2115 que
515 2048 661 2102 enim
692 2058 777 2105 est
801 2051 1037 2122 justum,
1067 2056 1323 2114 minimas
1367 2075 1589 2131 quoque
1618 2076 1708 2117 res
1744 2071 1954 2119 temere

377 2140 657 2195 tractaris
688 2143 1088 2215 scriptoribus,
1126 2157 1183 2205 et
1231 2166 1407 2221 usque
1460 2154 1527 2209 ad
1580 2154 1686 2210 hoc
1738 2166 1954 2225 tempus

376 2232 640 2288 memoria
662 2237 898 2304 servari,
925 2240 1120 2299 saltem
1144 2250 1205 2299 ut
1258 2244 1560 2302 habeamus
1614 2246 1955 2303 recordatio.-

377 2335 503 2378 nem
534 2335 590 2381 et
616 2327 1022 2389 institutionem
1054 2335 1470 2394 deliberationis
1487 2339 1955 2405 similium,occa-

376 2412 530 2471 sione
554 2416 702 2486 data,
756 2423 831 2478 ita
868 2433 928 2482 ut
965 2424 1082 2482 hac
1125 2426 1417 2498 fugiamus,
1475 2430 1565 2485 illa
1596 2432 1951 2501 praeferamus

378 2513 639 2578 tanquam
682 2516 900 2584 regulas
947 2526 1004 2574 et
1056 2530 1345 2594 prototypa
1415 2524 1593 2580 secuti
1647 2527 1951 2596 prazcuntia

374 2598 911 2674 exemptaaMagnus
938 2618 1122 2665 autem
1146 2610 1403 2678 Basilius,
1436 2611 1716 2685 «Oportet,
1747 2615 1950 2687 inquit,

374 2704 527 2757 eum,
562 2692 658 2762 qui
688 2703 815 2750 ante
829 2697 1024 2758 oculos
1047 2696 1214 2756 habet
1242 2701 1446 2758 Christi
1465 2705 1737 2774 judicium
1768 2722 1951 2779 neque

375 2784 591 2853 ignorat
620 2797 890 2856 quantum
955 2792 1268 2861 periculum
1297 2796 1461 2867 317
1486 2799 1557 2854 sit
1591 2798 1647 2854 in
1677 2800 1951 2859 demendo

373 2877 583 2948 aliquid
618 2890 715 2936 aut
743 2882 997 2940 addendo
1029 2886 1099 2941 iis
1124 2903 1246 2957 quae
1269 2904 1299 2943 a
1326 2888 1536 2960 Spiritu
1570 2890 1767 2947 tradita
1796 2901 1949 2959 sunt,

374 3333 595 3404 impune
619 3354 633 3402 ;
657 3337 731 3394 ita
765 3347 824 3393 ut
857 3342 1039 3398 omnia
1078 3346 1359 3415 inquirere
1393 3347 1742 3405 debeamus.)
1774 3351 1947 3407 Audi-

371 3426 737 3498 vistilautem,
768 3435 985 3503 opinor.
1015 3437 1180 3507 paulo
1224 3449 1385 3496 antea
1415 3442 1505 3497 hic
1538 3445 1704 3498 etiam
1736 3461 1799 3500 ea
1824 3462 1946 3517 quae

371 3517 667 3590 Gregorius
700 3524 979 3597 Nyssenus
1014 3530 1221 3586 alicubi
1254 3533 1386 3588 dicit
1421 3552 1433 3589 :
1467 3555 1485 3587 ι
1523 3535 1788 3603 Quoniam
1820 3556 1943 3595 cum

375 3626 540 3666 carne
573 3617 943 3674 circumclusa
998 3633 1194 3678 natura
1249 3637 1435 3681 nostra
1490 3632 1826 3687 circumdata
1876 3633 1949 3688 sit

375 3705 649 3761 motiones
685 3718 887 3769 nostra;
919 3715 1117 3770 mentis
1148 3731 1257 3770 non
1283 3724 1818 3788 possuntdeclarari,
1853 3741 1951 3780 ne-

376 3798 620 3854 cessario
665 3812 921 3872 tanquam
973 3806 1125 3873 signa
1199 3812 1364 3865 rebus
1411 3826 1590 3869 certas
1660 3818 1947 3872 nominum

375 3890 802 3958 compositiones
836 3896 1201 3967 imponentes,
1277 3902 1384 3958 illis
1425 3908 1627 3963 mentis
1664 3911 1950 3972 motiones

374 3978 665 4035 nobiscum
719 3983 957 4040 invicem
1009 3992 1485 4050 commnnicamus
1522 4012 1536 4063 ;
1570 4006 1624 4052 et
1670 3998 1813 4054 hanc
1873 4002 1946 4056 ob

375 4085 490 4125 rem
516 4073 611 4128 alii
647 4075 725 4129 rei
756 4092 957 4137 nomen
1001 4079 1337 4151 imponimus
1390 4088 1540 4152 coeli,
1613 4091 1703 4145 alii
1745 4108 1947 4149 nomen

2058 3561 2437 3631 παραδραμεῖν
2463 3563 2561 3612 οὐκ
2586 3561 2845 3629 ἀζήμιον,
2876 3559 3016 3611 ὥστε
3046 3558 3222 3609 πάντα
3245 3555 3632 3624 διερευνᾶσθαι

2056 3654 2189 3723 Χρή·
2240 3672 2258 3704 ³
2317 3652 2594 3721 Ἀκὴκοας
2635 3653 2681 3704 δ’
2738 3648 2892 3719 οἶμαι
2955 3651 3059 3720 πρὸ
3114 3650 3341 3719 βραχέος
3393 3647 3635 3701 ἐνταῦθα

2056 3746 2151 3798 καὶ
2178 3744 2483 3814 Γρηγορίου
2521 3743 2615 3796 τοῦ
2645 3743 2888 3812 Νύσσης,
2927 3761 2945 3793 ι
2992 3741 3091 3797 Διὰ
3126 3742 3184 3795 τ’)
3214 3744 3280 3810 τῇ
3315 3740 3579 3809 σαρκίνῃ,
3612 3756 3630 3788 ι

2059 3836 2389 3906 φάσκοντος,
2426 3854 2444 3886 ι
2498 3834 2763 3905 περιϐολῇ
2803 3835 2900 3905 τὴν
2935 3836 3097 3903 φύσιν
3126 3835 3285 3904 ἡμῶν
3314 3832 3638 3903 περιεῖργε»

2060 3935 2185 3988 σθαι
2209 3933 2593 4004 φανερωθῆναι
2620 3932 2726 3984 τῶν
2760 3932 3045 4001 ἡμετέρων
3069 3931 3162 3983 τοῦ
3192 3929 3283 3982 νοῦ
3311 3930 3640 3997 κινημάτων

2061 4026 2138 4097 μὴ
2194 4026 2531 4095 δυναμένων,
2560 4024 2879 4092 ἀναγκαίως
2941 4022 3193 4101 καθάπερ
3255 4023 3463 4090 σημεῖα
3525 4022 3639 4078 τοῖς

2059 4115 2353 4185 πράγμασι
2402 4114 2499 4174 τὰς
2533 4112 2691 4173 ποιάς
2733 4110 2841 4163 τῶν
2872 4110 3158 4177 ὀνομάτων
3188 4108 3371 4171 θέσεις
3403 4105 3641 4159 ἐπιϐάλ-

2054 4203 2264 4265 λοντες,
2292 4200 2363 4254 δι’
2398 4200 2622 4253 ἐκείνων
2654 4199 2753 4259 τὰς
2800 4198 2895 4251 τοῦ
2933 4198 3026 4251 νοῦ
3080 4198 3326 4267 κινήσεις
3373 4194 3639 4264 ἀλλήλοις

2055 4293 2458 4363 δημοσιεύομεν
2486 4309 2502 4324 ο
2560 4292 2653 4344 καὶ
2691 4291 2884 4344 τούτου
2925 4291 3087 4361 χάριν
3140 4289 3219 4358 τῷ
3248 4288 3346 4357 μέν
3379 4304 3490 4340 τινι
3530 4287 3639 4339 τῶν

372 4345 661 4404 vocabulis
687 4365 699 4401 :
721 4366 789 4405 ne
812 4353 1150 4421 incomperta
1174 4368 1229 4412 et
1259 4360 1534 4430 incognita
1561 4368 1763 4420 mentis
1809 4371 1950 4424 actio

2058 4345 2229 4437 ιέἑφν
2294 4345 2465 4453 ὖνομα
2543 4383 2777 4453 οὐρανὸν
2855 4345 3112 4451 ἐθέμεθα,
3166 4345 3343 4449 ἑτέρῳ
3400 4380 3461 4431 δὲ
3531 4380 3639 4447 γῆν

378 4435 433 4489 lu
458 4438 618 4491 nobis
657 4454 931 4498 maneat.»
970 4445 1281 4505 Praesertim
1307 4466 1431 4506 cum
1452 4454 1634 4510 omnis
1662 4456 1945 4515 hominum

2063 4435 2260 4549 tibi“
2298 4435 2495 4547 r.].xati.
2545 4435 2691 4545 ἄλλῳ
2726 4475 2853 4529 ἄλλο
2885 4435 2962 4528 τιί
2994 4474 3104 4527 Καὶ
3148 4473 3208 4525 τὸ
3420 4489 3472 4524 τι
3518 4473 3639 4532 πῶς

375 4524 487 4579 vita
513 4537 708 4583 natura
738 4540 793 4585 ct
825 4536 1031 4603 regulis
1068 4538 1363 4596 verborum
1417 4554 1471 4598 et
1497 4544 1809 4602 litterarum
1842 4551 1950 4606 dis-

2059 4524 2208 4634 ὲχειν
2267 4564 2300 4633 ἢ
2360 4524 2424 4616 τὸ
2472 4565 2718 4633 ἐνεργεῖν
2766 4562 2798 4633 ἢ
2836 4562 2897 4615 τὸ
2940 4565 3194 4632 πάσχειν,
3226 4561 3402 4615 ταῦτα
3455 4562 3639 4613 πάντα

375 4627 617 4694 ponatur
653 4630 709 4677 et
764 4624 1414 4706 atlministreturzatque
1472 4645 1672 4694 natura
1726 4641 1948 4710 quidem

2060 4624 2393 4716 ἰδιαζούσαις
2428 4624 2907 4724 ἐπισημαινόμεθα
2934 4624 3316 4719 τάῖςίῸφωναῖς,
3343 4649 3421 4712 ὡς
3466 4650 3535 4702 ἂν
3564 4650 3639 4719 μὴ

342 4780 343 4783 η
376 4710 497 4764 sine
524 4713 718 4770 ordine
752 4726 837 4772 est
860 4727 914 4774 ct
962 4737 1153 4777 norma
1186 4725 1316 4780 :lex
1356 4737 1540 4784 autem
1574 4731 1831 4801 rhythmo
1863 4742 1950 4788 est

2056 4739 2424 4810 άκοινώνητός
2449 4756 2509 4793 τε
2534 4710 2632 4792 καὶ
2668 4738 2947 4807 ἄγνωστος
2979 4740 3012 4807 ἡ
3046 4739 3141 4792 τοῦ
3190 4738 3280 4792 νοῦ
3322 4738 3547 4808 κίνησις
3580 4739 3639 4789 ὲν

375 4801 604 4876 praedita
633 4798 907 4864 et'ordiue
940 4821 997 4867 et
1040 4829 1226 4871 norma
1270 4816 1316 4871 si
1346 4828 1514 4874 temet
1538 4798 1712 4877 secuti
1744 4834 1950 4880 statua-

2057 4832 2189 4900 ήμῖν
2232 4798 2417 4899 μένοι.⁷
2447 4847 2466 4880 ι
2506 4798 2796 4893 ’Ἄλλως-τε
2824 4798 3248 4899 καὶῖὲπειδήπερ
3285 4798 3492 4889 ἅπας-ό
3525 4798 3638 4880 τῶν

2056 4919 2364 4989 ἀνθρώπων
2391 4918 2505 4989 βίος
2542 4918 2705 4987 φύσει
2738 4919 2832 4972 καὶ
2861 4921 3045 4986 νόμοις
3094 4922 3205 4982 τοῖς
3237 4919 3326 4973 διὰ
3358 4920 3637 4989 ῥημάτων

2053 5030 2114 5065 τε
2150 5011 2240 5063 καὶ
2273 5010 2624 5082 γραμμάτων
2659 5011 3024 5081 οἰκονομεῖται
3059 5013 3155 5064 καὶ
3184 5012 3497 5077 διοικεῖται,
3540 5014 3637 5064 καὶ

2054 5105 2088 5175 ἡ
2116 5103 2214 5175 μὲν
2245 5101 2408 5171 φύσις
2439 5101 2676 5156 ἄτακτον
2706 5103 2800 5156 καὶ
2843 5103 3153 5173 ἀνώμαλον,
3184 5103 3211 5156 ὁ
3246 5102 3305 5155 δὲ
3342 5104 3509 5173 νόμος
3544 5104 3637 5157 εὖ·

2054 5197 2263 5268 ρυθμόν
2319 5212 2377 5249 τε
2437 5196 2534 5248 καί
2585 5195 2921 5264 τεταγμένον
2982 5197 3077 5249 καὶ
3141 5194 3376 5266 ὁμαλὸν,
3434 5200 3484 5250 εί
3547 5198 3633 5250 σοὶ

2054 5286 2371 5350 πεισθέντες
2424 5288 2729 5356 ἀπρακτεῖν
2762 5288 3030 5358 ἐάσαιμεν
3068 5289 3170 5358 τὴν
3203 5288 3313 5341 τῶν
3363 5290 3634 5360 ῥημάτων

2053 5380 2149 5432 καὶ
2195 5380 2546 5450 γραμμάτων
2578 5380 2831 5449 δύναμιν,
2867 5382 2967 5435 οὐκ
3006 5380 3072 5433 ἂν
3108 5379 3411 5451 φθάνοιμεν
3443 5382 3634 5449 κωφὸν

2056 5473 2150 5524 καὶ
2180 5473 2409 5541 μάταιον
2464 5473 2881 5537 ἀποδεικνύντες
2927 5473 3025 5545 τὴν
3076 5474 3372 5543 ἐγκόσμιον
3420 5474 3632 5542 ταύτην

2054 5563 2149 5614 καὶ
2216 5563 2528 5630 θαυμασίαν
2590 5564 2808 5634 ποίησιν
2871 5567 2967 5618 τοῦ
3032 5564 3170 5618 Θεοῦ
3228 5567 3325 5619 καὶ
3379 5565 3626 5636 θηριώδη

2052 5653 2285 5723 δρῶντες
2329 5655 2420 5707 τδν
2454 5653 2589 5724 βίον.
2640 5656 2714 5707 Τὸ
2743 5656 2853 5726 γάρ
2894 5658 3141 5711 ἐντεῦθεν
3189 5660 3455 5730 ρυήσεται
3485 5661 3628 5729 πρὸς

2056 5744 2358 5816 μεταϐολὴν
2405 5748 2497 5803 καὶ
2544 5745 2834 5809 ἀλλοίωσιν
2876 5749 3068 5818 ἄλογον
3102 5750 3267 5813 εὐθὺς
3316 5753 3408 5805 καὶ
3447 5754 3629 5820 φορὰν

2054 5840 2425 5913 ἀκυϐέρνητον
2482 5841 2719 5908 ἅπαντα,
2771 5840 2865 5895 καὶ
2915 5842 3074 5913 χρεία
3136 5842 3253 5913 βίου
3304 5842 3498 5905 παντδς
3539 5841 3624 5897 ol-

377 4170 578 4218 terrm:
613 4166 705 4221 alii
739 4168 910 4237 aliud,
966 4181 1023 4227 et
1070 4174 1267 4233 referri
1319 4178 1387 4231 ad
1439 4179 1649 4250 aliquid
1698 4194 1805 4253 aut.
1834 4186 1948 4241 elli-

376 4267 501 4308 cere
544 4264 641 4309 aut
690 4258 853 4326 allici,
909 4263 1025 4319 haec
1049 4267 1234 4321 omnia
1288 4272 1529 4340 propriis
1576 4274 1951 4343 signiﬁcamus

376 4910 501 4950 mus
526 4896 817 4953 verborum
854 4910 910 4955 et
942 4902 1254 4965 litterarum
1282 4910 1391 4965 vim
1428 4913 1637 4971 nullius
1678 4920 1946 4974 momenti

374 5002 517 5055 esse,
544 4991 732 5047 statim
762 4992 926 5051 simul
961 5005 1127 5068 atque
1159 5000 1420 5059 obtusum
1466 4997 1752 5062 et'vanum
1812 5027 1949 5079 prac-

374 5080 597 5137 buimus
619 5082 725 5140 hoc
752 5097 1007 5145 ornatum
1037 5101 1093 5147 et
1120 5096 1442 5153 admirabile
1468 5116 1608 5171 opus
1639 5104 1806 5175 318
1827 5106 1946 5171 Dei,

374 5173 593 5230 brutam
632 5178 795 5243 nobis
823 5181 1122 5247 elIicicmus
1176 5188 1519 5255 vitam.Tum
1544 5173 1694 5250 enim
1726 5173 1946 5254 elilucnt

376 5265 429 5321 in
446 5272 871 5343 perversionem
894 5284 950 5333 et
993 5281 1352 5339 mutationem
1405 5287 1618 5343 ratione
1665 5300 1946 5345 carentem

376 5367 432 5411 et
465 5360 730 5429 impet’um
774 5380 887 5420 non
917 5370 1282 5438 gubernatum
1316 5378 1499 5433 omnia
1547 5387 1604 5435 et
1653 5396 1790 5435 usus
1821 5381 1945 5436 vine

375 5450 555 5505 omnis
580 5452 757 5509 abibit
790 5458 859 5513 ad
889 5461 1115 5519 multam
1152 5459 1482 5525 dementiam
1531 5480 1585 5527 et
1627 5472 1898 5527 insaniam
1928 5493 1943 5531 :

377 5547 485 5593 tam
511 5547 778 5603 attonitus
833 5561 888 5605 et
918 5565 1100 5610 mente
1133 5569 1328 5629 captus
1362 5573 1532 5627 esset,
1563 5580 1743 5635 neque
1778 5579 1946 5621 sanus

376 5645 532 5698 aeque
558 5646 611 5688 et
642 5639 735 5705 qui
778 5642 906 5698 talia
954 5647 1152 5702 suadet
1208 5662 1265 5705 et
1320 5652 1413 5721 qui
1469 5654 1572 5708 hoc
1620 5670 1942 5724 persuasum

377 5720 482 5818 sibi
511 5738 632 5781 esse
687 5730 821 5786 dicit
855 5752 869 5787 :
907 5739 1081 5792 multo
1110 5742 1578 5809 profectoiuisset
1610 5720 1704 5803 tibi
1732 5749 1947 5818 sapien-

380 5810 490 5877 tius
518 5814 721 5877 dictum
753 5831 929 5896 tuum,
965 5829 1011 5886 si
1042 5831 1147 5888 tuis
1179 5834 1312 5894 solis
1342 5836 1523 5894 verbis
1548 5848 1602 5895 ct
1631 5838 1830 5895 litteris
1861 5855 1947 5901 cs-

3824 3124 3833 3209 ἒ
