3856 6558
155 392 238 454 281

1094 387 1539 449 ΒΥΖΑΝΤΙΝιΈ
1578 386 1968 449 HISTORIA;
1999 385 2159 446 I.IB.-
2175 385 2364 448 XXX.

3263 366 3375 433 2'32

154 507 355 576 χήσεται
397 503 532 575 πρὸς
581 503 640 557 τὸ
692 505 838 576 μάλα
894 505 1152 576 ἀνόνητον
1181 507 1275 559 καὶ
1323 505 1477 560 οὐδὲν
1517 505 1730 574 ὐγιὲςη

1833 511 1922 558 ποια
1965 514 2015 559 te
2040 502 2537 572 circumscriptum.
2573 497 2667 554 llis
2691 496 2838 552 enim
2868 488 3000 548 solis
3024 486 3186 542 hodie
3207 484 3386 540 absr-

154 597 320 659 οῦτως
355 597 716 668 ἐμϐρόντητος
752 604 844 651 καὶ
871 598 1169 668 παςραπλὴξ
1201 598 1299 670 τὴν
1331 599 1575 651 διάνοιαν
1611 596 1697 665 είη

154 688 212 740 ἂν
237 687 323 740 καὶ
354 686 504 739 οὐδὲν
545 687 701 755 ὑγιὲς
754 688 958 756 ὁμοίως
995 689 1024 742 ὅ
1071 707 1132 742 τε
1182 689 1355 742 τοιαδὶ
1408 687 1696 760 παραινῶν

156 777 239 833 καὶ
276 778 302 832 ὀ
327 780 618 834 πεπεῖσθαι
657 781 853 836 δοκῶν.
893 781 1081 851 Πολλῷ
1111 781 1261 850 μέντ’
1291 782 1358 834 ἂν
1385 775 1455 852 ἦν
1489 796 1574 833 σοι
1607 796 1700 832 σο-

157 869 374 939 φώτερον
397 871 460 924 τὸ
493 871 686 942 λεχθέν
733 891 834 940 σοι,
864 876 913 928 εί
942 875 1057 938 τοῖς
1109 876 1223 938 σοῖς
1271 873 1456 943 μόνοις
1493 872 1702 943 ῥήμασι

157 963 236 1016 καὶ
260 961 546 1033 γράμμασι
574 966 1016 1039 περιεγέγραπτό
1063 983 1169 1022 σοι.
1204 965 1428 1019 Τούτων
1456 964 1565 1034 γὰρ
1598 963 1699 1033 μό-

1798 597 2102 666 netpietas;
2123 596 2373 652 istdicere
2387 582 3121 657 debebas,noucredendum
3156 579 3209 632 in
3259 592 3385 630 ver-

1799 688 1886 744 bis
1911 697 2004 742 aut
2027 687 2226 743 litteris
2256 684 2546 743 Palamicis
2568 681 2794 737 omnino
2843 691 2966 731 esse
2998 674 3296 744 pietatem;
3320 675 3376 719 tu

1799 791 1981 835 autem
2013 778 2297 833 indefinite
2315 774 2586 847 protulisti
2616 770 2750 826 illud
2786 789 2800 824 :
2845 775 2904 820 ut
2949 766 3058 835 jam
3087 760 3157 813 iis
3213 755 3306 826 qui
3333 764 3385 847 te

1801 884 2106 940 sequuntur
2134 885 2164 924 a
2206 845 2422 940 pietatis
2470 859 2832 920 clarisverbis
2870 853 3141 912 etlitteris
3158 845 3384 904 remotis

1803 961 2054 1018 facillime
2109 961 2284 1030 possis
2335 959 2618 1013 insinuare
2663 951 2956 1022 impietatis
3010 955 3115 1000 tua:
3155 940 3386 996 malum.

156 1072 248 1110 νων
279 1054 581 1124 ἀφίσταται·
624 1033 867 1130 τήμερον
925 1060 960 1131 ἡ
1012 1059 1304 1114 εὐσέϐειαν
1341 1061 1438 1114 καὶ
1497 1033 1617 1110 δέον
1687 1071 1770 1108 σοι
1807 1055 1988 1122 λέγειν
2019 1053 2094 1124 μὴ
2123 1055 2180 1107 ἐν
2207 1054 2414 1122 ῥήμασι
2457 1050 2580 1122 μηδ’
2617 1051 2675 1102 ἐν
2711 1045 3005 1116 γράμμασι
3045 1033 3389 1100 Παλαμικοῖς

155 1147 206 1199 τὸ
249 1148 504 1215 παράπαν
557 1129 711 1206 εἶναι
752 1129 998 1223 νομίζειν
1043 1155 1143 1226 τὴν
1186 1153 1493 1215 εὐσέϐειαν,
1537 1152 1603 1206 σὺ
1658 1150 1704 1205 δ’
1745 1149 2014 1222 ἀορίστως
2064 1149 2390 1216 ἐξήνεγκας,
2425 1147 2512 1198 ἵνα
2580 1143 2644 1212 δὴ
2685 1141 2794 1196 τῶν
2847 1138 2948 1205 τῆς
2986 1131 3266 1190 εύσεὸείας
3295 1129 3391 1193 δη·-

157 1240 320 1295 λωτῶν
372 1244 636 1313 ῥημάτων
685 1245 780 1298 καὶ
817 1219 1176 1317 *γραμμάτων
1223 1244 1540 1316 ἀποστήσας
1583 1242 1712 1306 τοὺς
1755 1219 2113 1310 πειθομένους
2147 1239 2322 1310 ῥᾷστα
2377 1235 2437 1288 τὸ
2488 1235 2586 1305 τῆς
2617 1233 2718 1302 σῆς
2746 1229 3002 1290 ἀσεϐείας
3033 1225 3164 1297 ἔχῃς
3192 1219 3385 1291 κιρνᾷν

158 1336 488 1406 δηλητήριον.

217 1425 334 1484 KI".
382 1429 584 1492 Ἠδέως
613 1429 658 1483 δ’
688 1430 755 1485 ἂν
781 1430 1080 1502 ἀκούσαιμι
1127 1433 1281 1503 παρά
1309 1431 1405 1485 σοῦ
1450 1431 1544 1487 καὶ
1586 1430 1711 1483 τίνα

161 1521 271 1573 ποτέ
299 1521 485 1589 λέγεις
517 1517 658 1576 εἶναι
713 1524 780 1577 τὰ
831 1526 1162 1594 πράγματα,
1195 1527 1255 1578 ἐν
1303 1521 1386 1588 οἷς
1419 1524 1517 1587 τὴν
1563 1522 1719 1577 εὐσέ-

162 1612 293 1664 ϐειαν
325 1612 545 1667 κεῖσθαι
593 1615 934 1686 μετεωρίσας
979 1618 1048 1686 τῇ
1089 1617 1386 1679 ἀντιθέσει,
1421 1612 1543 1669 εἶτα
1587 1616 1714 1684 σιγῇ

162 1703 498 1774 παρέδραμες
543 1705 862 1776 δεδηλωκὼς
909 1707 1088 1762 οὐδέν.
1151 1706 1324 1760 Τοῦτο
1384 1707 1451 1777 δὴ
1509 1708 1570 1760 τδ
1618 1707 1720 1776 τῆς

163 1795 385 1862 ἀμαθίας
413 1798 515 1865 τῆς
541 1798 641 1867 σῆς
667 1798 859 1864 είωθὸς
885 1799 1261 1871 προκάλυμμα
1297 1799 1420 1852 είπέ
1447 1799 1587 1868 πρὸς
1611 1797 1720 1850 τῶν

164 1885 256 1937 σῶν
295 1885 569 1942 ἀνουσίων
623 1889 718 1941 καὶ
768 1890 1137 1960 ἀνυπάρκτων
1189 1889 1484 1958 θεοτήτων.
1517 1888 1582 1941 EI
1622 1887 1722 1958 μὲν

163 1977 254 2044 γάρ
297 1976 401 2047 τὴν
461 1975 614 2031 θείαν
671 1979 765 2033 καὶ
798 1980 1238 2048 τρισυπόστατον
1289 1977 1486 2048 φύσιν,
1508 1977 1626 2038 πῶς
1660 1977 1722 2029 οὐ

162 2067 499 2135 δεδήλωκαςς
542 2066 711 2125 Ἀλλὰ·
753 2069 900 2124 τοῦτ’
933 2069 1105 2140 εὐχῆς
1155 2069 1258 2136 μὲν
1302 2068 1474 2136 ἀξιον,
1511 2067 1724 2131 ἐλπίδος

159 2157 197 2211 δ’
217 2154 309 2208 οὐκ
341 2154 411 2210 ἃν
443 2157 623 2228 δήπου
645 2173 660 2189 ’
695 2157 897 2212 πολλοῦ
927 2158 985 2212 δέ
1017 2159 1112 2212 καὶ
1149 2157 1231 2215 δεῖ
1257 2175 1272 2192 ο
1301 2158 1363 2211 οὐ
1393 2160 1503 2228 γάρ
1531 2158 1598 2228 δὴ
1629 2156 1725 2212 σὺν

165 2247 281 2319 ὀρθά
338 2251 472 2320 περὶ
523 2248 662 2302 Θεοῦ
714 2253 932 2320 φρονεῖν
986 2253 1083 2303 καὶ
1143 2250 1507 2320 φθέγγεσθαι.
1562 2249 1727 2304 Ἀλλά

167 2338 455 2410 πράγματα
491 2340 596 2413 φῂς
626 2343 788 2406 αὐτὸς
809 2343 910 2406 τὰς
940 2343 1226 2408 ἀνουσίους
1267 2360 1363 2396 σου
1394 2342 1601 2406 ταύτας
1630 2342 1726 2397 καὶ

167 2430 415 2500 ἀπείρους
476 2431 760 2504 θεότητας,
789 2428 878 2497 αῖς
944 2433 1069 2504 μήτ’
1127 2434 1228 2504 ἤδη
1279 2433 1557 2504 περίεστιν
1586 2426 1726 2487 είναι

170 2524 282 2595 μήτ’
332 2525 530 2581 ἐπειτά
578 2526 696 2580 ποτ’
740 2526 959 2583 ἐσεσθαι
983 2544 998 2558 ·
1039 2526 1068 2581 ὃ
1118 2529 1225 2596 γάρ
1263 2526 1514 2582 ἀνούσιόν
1541 2543 1600 2580 τε
1631 2525 1728 2580 καὶ

167 2617 430 2681 άκτιστον,
467 2619 578 2674 τῶν
616 2619 786 2690 μηδὲν
813 2619 950 2681 ὅλως
983 2619 1213 2691 μηδαμῆ
1247 2619 1518 2691 μηδαμῶς
1557 2619 1728 2673 ὄντων

168 2709 222 2775 ἐξ
260 2711 506 2780 ἀνάγκης
536 2711 738 2779 λέγοιτ’
765 2712 852 2766 άν.
879 2710 1116 2783 Τοιαύτη
1144 2711 1257 2764 τῶν
1299 2711 1410 2766 σῶν
1437 2711 1729 2782 δογμάτων

169 2805 198 2873 η
234 2802 488 2875 τερατεία
518 2805 610 2859 καὶ
658 2803 720 2858 τὺ
761 2804 854 2858 σὺν
896 2803 1175 2875 ἐνθύμιον,
1203 2797 1248 2859 ὧ
1299 2803 1445 2876 κακὴ
1493 2803 1728 2874 κεφαλὴ,

171 2895 370 2950 πείθειν
394 2897 679 2951 πιστεύειν
719 2891 782 2970 [Γ.
827 2897 926 2953 M7
961 2895 1014 2970 ο]
1045 2899 1126 2960 είς
1151 2897 1212 2952 τὸ
1240 2898 1432 2969 μηδέν.
1458 2897 1582 2952 Τῶν
1622 2898 1730 2968 γάρ

171 3006 242 3042 τοι
297 2989 449 3043 θείων
503 2991 768 3062 ῥημάτων
828 2992 923 3045 καὶ
981 2991 1332 3063 γραμμάτων
1362 2989 1731 3064 ἀνῃρημένων

173 3084 306 3136 κατὰ
344 3083 438 3155 τὴν
480 3085 583 3154 σὴν
634 3083 982 3154 παραίνεσιν,
1014 3083 1051 3138 ἃ
1081 3083 1182 3155 τὴν
1226 3082 1338 3136 τῶν
1385 3081 1731 3152 πραγμάτων

1880 1425 2070 1482 XXIII.
2105 1424 2361 1479 Libenter
2385 1429 2567 1475 autem
2613 1418 2830 1472 audiam
2873 1432 2902 1470 a
2956 1424 3005 1468 te
3035 1413 3201 1468 etiam
3230 1423 3398 1479 quas-

1815 1533 1941 1574 nam
1985 1518 2136 1572 diras
2177 1533 2264 1569 res
2299 1528 2444 1571 esse.
2531 1512 2584 1566 in
2636 1511 2840 1579 quibus
2901 1507 3159 1576 pietatem
3213 1501 3391 1553 inesse

1818 1617 2106 1680 postquam
2171 1609 2469 1664 deﬁnivisti
2525 1616 2581 1662 et
2658 1600 2931 1674 protulisti
3016 1593 3388 1665 oppositione,

1819 1703 2038 1758 silentio
2071 1703 2122 1756 id
2167 1693 2482 1776 praeteristi,
2529 1713 2655 1755 cum
2705 1694 2841 1768 nihil
2905 1686 3304 1759 explicuisses;
3340 1681 3395 1735 id

1823 1794 1972 1864 quod
2011 1794 2336 1864 ignorantiae
2393 1801 2499 1848 tua:
2559 1790 2780 1847 solitum
2831 1794 2912 1838 est
2981 1780 3348 1834 velamentum
3379 1812 3397 1838 ,

1823 1886 1914 1942 dic
1944 1887 2100 1951 mihi,
2146 1895 2197 1938 te
2221 1901 2320 1939 oro
2353 1901 2452 1956 per
2510 1878 2896 1937 inesseutiales
2930 1885 3053 1929 tuas
3085 1879 3140 1925 et
3207 1865 3401 1921 insub-

1821 1965 2451 2032 stantialesdiviuitates.
2470 1956 2604 2028 Nam
2631 1973 2676 2026 si
2701 1968 2940 2024 divinam
2969 1959 3218 2034 cogitasti
3240 1967 3294 2013 et
3315 1966 3405 2012 ter

1822 2067 2241 2124 substantialem
2295 2075 2570 2130 naturam,
2600 2079 2700 2119 cur
2747 2076 2855 2117 non
2911 2050 3390 2125 explicuistihoe?

1825 2159 1939 2216 Sed
1969 2160 2074 2218 hoc
2101 2171 2230 2217 voto
2263 2159 2515 2229 dignum.
2543 2170 2641 2227 spe
2668 2155 2820 2210 nullo
2853 2158 2913 2206 ut
2942 2149 3162 2205 videtur
3199 2144 3396 2200 modo:

1823 2263 1891 2305 ac
1918 2249 2163 2319 profecto
2193 2248 2428 2303 multum
2454 2246 2677 2316 quidem
2709 2243 2893 2305 abest,
2934 2253 3113 2308 neque
3143 2235 3288 2292 enim
3317 2240 3404 2288 est

1826 2338 1906 2393 tui
1930 2337 2094 2409 319
2125 2337 2333 2408 ingenii
2370 2345 2521 2392 recte
2551 2335 2619 2390 de
2650 2334 2760 2388 Deo
2795 2331 3040 2401 cogitare
3069 2336 3127 2383 et
3153 2339 3405 2396 pronun-

1827 2431 1988 2487 tiare.
2045 2429 2154 2486 Sed
2185 2445 2276 2486 res
2300 2428 2418 2500 ipse
2449 2427 2593 2484 dicis
2621 2426 2723 2481 has
2783 2433 2904 2479 tuas
2933 2419 3315 2476 inessentiales
3341 2424 3403 2476 et

1828 2518 2071 2575 inﬁnitas
2097 2517 2416 2574 divinitates
2449 2536 2471 2573 ι
2497 2531 2620 2586 qua:
2647 2516 2760 2586 jam
2790 2528 2912 2570 esse
2971 2524 3146 2580 neque
3171 2512 3403 2578 possunt

1805 2610 2012 2682 'neque
2037 2619 2227 2681 postea
2255 2618 2520 2681 poterunt
2546 2621 2812 2678 unquam.
2865 2602 3022 2670 Quod
3055 2601 3204 2656 enim
3255 2597 3406 2652 ines-

1830 2701 2066 2758 sentiale
2096 2708 2264 2756 estet
2321 2700 2649 2763 increatuin,
2707 2693 3023 2751 necessario
3081 2692 3137 2744 in
3171 2685 3409 2743 numero

1829 2809 2022 2849 eorum
2057 2785 2375 2863 ponendum
2401 2799 2486 2847 est
2511 2787 2805 2862 quae‘nihil
2834 2784 3061 2840 omnino
3092 2781 3204 2836 ullo
3239 2775 3407 2832 modo

1833 2895 1965 2942 sunt
1997 2904 2010 2940 :
2049 2884 2188 2940 tales
2209 2891 2340 2938 sunt
2394 2881 2714 2952 dogmatum
2768 2888 2989 2932 tuorum
3023 2870 3313 2943 praestigiae
3348 2876 3406 2924 et

1832 2977 1949 3034 haec
1985 2988 2076 3034 tua
2107 2985 2192 3032 est
2222 2991 2375 3038 cura,
2409 2989 2444 3028 ο
2469 2980 2636 3042 caput
2665 2969 2890 3030 malum,
2927 2976 2986 3022 ut
3014 2962 3249 3018 suadeas
3279 2975 3407 3016 cre-

1834 3069 2032 3125 damus
2062 3068 2116 3122 in
2154 3067 2205 3121 id
2241 3065 2389 3136 quod
2424 3063 2562 3119 nihil
2595 3072 2700 3118 est.
2744 3060 2961 3116 Etenim
2993 3050 3408 3111 divinisverbis

173 3142 410 3244 δηλοῦσιύ
445 3142 731 3246 Meum,
755 3177 839 3241 τίς
887 3142 1008 3230 ποθ’
1041 3142 1306 3246 ὁμολογία
1357 3142 1598 3236 πίστεως
1633 3177 1730 3229 καὶ

1836 3170 1893 3216 et
1923 3161 2123 3215 litteris
2158 3157 2413 3222 sublatis,
2441 3162 2500 3210 ut
2541 3164 2599 3209 tu
2627 3152 2851 3212 suades,
2891 3165 3012 3218 qua:
3050 3161 3232 3202 rerum
3259 3142 3407 3197 veri-

177 3266 330 3320 πόθεν
347 3267 408 3320 ἀν
438 3282 567 3320 ποτε
597 3267 810 3336 γένοιτο
831 3267 912 3321 ἔτι
937 3285 953 3333 ;
986 3266 1158 3320 Πόθεν
1185 3267 1230 3320 δ’
1250 3265 1316 3320 ἂν
1356 3266 1450 3318 καὶ
1479 3264 1565 3326 τίς
1593 3283 1732 3318 ποτε

176 3361 282 3423 τοῖς
323 3359 562 3412 ειῖισεόεῖν
613 3359 860 3412 ἐθέλουσι
914 3360 1128 3426 γένοιτο
1184 3360 1388 3427 γνῶσις
1442 3356 1575 3412 Θεοῦ
1635 3357 1731 3410 τοῦ

179 3452 520 3522 πεποιηκότος
544 3452 720 3522 ἡμάςς
761 3451 918 3505 Ἀλλά
943 3454 1067 3523 περὶ
1095 3453 1196 3522 μὲν
1219 3451 1423 3504 τούτων
1452 3451 1532 3504 ἔτι
1562 3449 1734 3504 πολλὰ

179 3541 344 3610 λέγειν
370 3542 568 3611 ἔχοντι,
593 3541 689 3597 τοῦ
720 3542 915 3614 καιροῦ
961 3545 1037 3614 μὴ
1066 3543 1324 3612 διδόντος,
1362 3543 1614 3614 μετιτέον
1647 3543 1732 3612 ἐφ’

181 3635 257 3688 ἒτε
269 3653 348 3704 ρα.
389 3635 597 3690 Ἐκεῖνο
627 3637 682 3688 δὲ
710 3637 826 3701 πῶς
857 3639 1019 3704 νοεῖς,
1047 3630 1092 3690 ὧ
1116 3637 1270 3691 καινὲ
1302 3638 1541 3705 θεολόγε,
1561 3637 1735 3704 λέγων

186 3732 243 3782 ὲκ
294 3731 395 3782 τῶν
455 3730 752 3799 ἐνεργειῶν
810 3731 1098 3800 γνωρίζειν
1132 3731 1282 3799 ἡμᾶς
1330 3730 1422 3783 τὸν
1451 3729 1584 3782 Θεόν
1613 3747 1628 3794 ;
1662 3729 1734 3782 Ἣ

185 3821 280 3891 γάρ
323 3822 382 3877 ού
430 3826 671 3893 συνῆκας
712 3821 926 3875 ἀκούων
976 3825 1040 3875 ἐκ
1084 3821 1194 3874 τῶν
1222 3821 1398 3891 ἔργων
1442 3821 1551 3874 τῶν
1611 3837 1739 3888 φαι-

187 3916 404 3982 νομένων
436 3915 551 3978 τοῖς
598 3913 882 3981 αἰσθητοῖς
939 3911 1242 3980 ὀφθαλμοῖς
1292 3911 1450 3981 ἡμῶν
1479 3912 1570 3964 τὸν
1604 3912 1737 3982 ἡμῖν

188 4004 242 4055 οὐ
278 4005 598 4074 φαινόμενον
648 4003 937 4074 γνωρίζειν
985 4005 1134 4073 ἡμᾶς
1186 4001 1356 4068 Θεόνς
1426 4003 1738 4074 Ἐνέργειαν

190 4097 281 4164 γὰρ
316 4091 452 4150 εἶναι
488 4095 582 4149 καὶ
633 4095 702 4148 τὰ
759 4094 1181 4164 ἀποτελέσματα
1228 4094 1504 4148 δέδεικται
1541 4095 1738 4164 μικρὸν

193 4189 302 4256 ἡμῖν
355 4189 644 4259 πρότερον.
699 4187 810 4240 Καὶ
872 4189 937 4240 ἐκ
1000 4185 1268 4256 μεγέθους
1318 4186 1415 4239 καὶ
1471 4185 1739 4252 καλλονῆς

195 4283 488 4351 κτισμάτων
517 4278 678 4342 αὖθις
722 4279 945 4344 ἀκούεις
977 4281 1072 4333 καὶ
1103 4277 1340 4347 ἀλλαχοῦ
1383 4277 1485 4346 τῆς
1515 4276 1740 4346 Γραφῆς

195 4373 430 4445 λεγούσης
481 4372 864 4443 θαυμάζεσθαι
909 4372 1002 4425 τὸν
1051 4370 1411 4440 Δημιουργδν,
1451 4369 1546 4422 καὶ
1591 4368 1740 4422 τοῦτ’

198 4464 312 4520 εἶναι
363 4469 424 4522 τὸ
468 4468 600 4529 τοὺς
650 4466 918 4536 οὐρανοὺς
964 4464 1274 4535 διηγεῖσθαι
1307 4463 1408 4535 τὴν
1456 4464 1616 4530 δόξαν
1645 4460 1739 4516 τοῦ

197 4557 331 4612 Θεοῦ.
372 4558 479 4612 Καὶ
517 4559 546 4612 ὁ
576 4555 946 4626 Δαμασκηνὸς
995 4555 1196 4625 ὁμοίως
1243 4556 1413 4624 φησὶν
1455 4554 1737 4624 Ἰωάννης,

203 4670 218 4704 ι
255 4651 307 4706 '0
330 4655 392 4724 τῇ
429 4651 590 4721 φύσει
612 4650 845 4720 ἀόρατος
869 4648 1012 4710 Θεὸς,
1045 4647 1241 4718 ὁρατὸς
1273 4649 1397 4711 ταῖς
1438 4646 1744 4715 ἐνεργείαις

199 4743 404 4811 γίνεται,
435 4746 501 4795 ἐκ
531 4742 634 4810 τῆς
658 4740 754 4794 τοῦ
802 4740 1022 4810 κόσμου,
1042 4742 1359 4804 συστάσεως
1398 4741 1492 4793 καὶ
1541 4739 1742 4808 κυϐερ-

199 4834 381 4901 νήσεως
413 4830 839 4899 γινωσκόμενος.
876 4845 896 4880 ι
930 4829 1124 4897 Ὅμως
1178 4825 1546 4897 παρακατιὼν
1579 4826 1746 4896 εὑρή-

201 4938 293 4984 σεις
317 4926 404 4976 τὶν
446 4923 622 4993 μέγαν
653 4919 932 4974 Βασίλειον
957 4918 1051 4973 καὶ
1081 4917 1245 4974 αὐτὸν
1267 4916 1640 4988 ἐρμηνεύοντα
1677 4917 1746 4970 τά

199 5014 367 5068 ἑαυτοῦ
400 5019 454 5066 ὲν
482 5016 550 5083 τῇ
574 5013 716 5083 αὑτῇ
745 5009 1040 5081 ἐπιστολῇ,
1068 5028 1087 5060 ι
1125 5008 1225 5062 Ἐκ
1249 5009 1356 5077 γάρ
1387 5007 1688 5076 θαλάσσης,
1717 5025 1738 5059 ι

201 5103 336 5170 φησὶ,
372 5120 390 5152 ι
432 5102 526 5155 καὶ
556 5099 775 5169 ἀνέμων
801 5097 1232 5151 ὑπακουσάντων
1264 5093 1414 5162 αύτῷ
1439 5093 1746 5170 ἐγνώρισαν

200 5196 346 5249 αὑτοῦ
384 5196 482 5265 τὴν
523 5193 759 5261 θεότητα
796 5193 844 5244 oi
889 5179 1204 5245 ἀπόστολοι.
1241 5187 1454 5243 Οὐκοῦν
1496 5188 1605 5240 ἀπὸ
1645 5187 1746 5257 μὲν

197 5289 293 5341 τῶν
355 5285 647 5357 ἐνεργειῶν
706 5286 739 5353 ή
787 5282 1009 5351 γνῶσις,
1046 5283 1109 5334 ἐκ
1146 5280 1202 5334 δὲ
1253 5279 1354 5350 τῆς
1403 5276 1662 5348 γνώσεως
1711 5278 1745 5347 ὴ

199 5381 570 5450 προσκύνησις.
615 5395 634 5428 ›
677 5374 841 5446 Ὁρᾷς
895 5374 1013 5437 πῶς
1067 5374 1130 5426 ἐκ
1185 5371 1292 5426 τῶν
1341 5368 1747 5441 ἐνεργηθέντων

200 5466 319 5535 φησὶ
349 5464 642 5534 θαυμάτων
670 5477 687 5494 ⁶
724 5462 923 5520 ταύτας
949 5462 1058 5532 γάρ
1092 5475 1258 5528 φησιν
1290 5456 1453 5520 αὐτὸς
1478 5453 1616 5510 εἶναι
1649 5456 1746 5519 τὰς

201 5556 469 5618 κατιούσας
499 5556 619 5626 ἢτοι
669 5551 1026 5622 δεικνυμὲνας
1060 5547 1191 5618 ἡμῖν
1230 5545 1534 5617 ἐνεργείας.
1583 5544 1746 5602 Ἀλλά

201 5649 351 5714 δυοῖν,
400 5649 473 5712 ὡς
534 5648 704 5708 ἔοικε,
742 5645 969 5714 θάτερον
1029 5641 1187 5704 δίδως
1244 5641 1405 5693 νοεῖν.
1438 5639 1508 5691 Ἦ
1537 5637 1647 5709 γάρ
1687 5639 1747 5704 ἐξ

206 5738 357 5806 ἀκοῆς
389 5737 686 5808 παροδικῆς
710 5735 952 5803 είλήφεις
978 5733 1078 5803 τὴν
1111 5731 1287 5800 ῥῆσιν,
1322 5728 1355 5799 ἢ
1390 5731 1455 5799 τῇ
1484 5729 1744 5800 ἐπιστολῇ

214 5826 430 5898 ἐντυχὼν
481 5827 542 5882 οὐ
596 5826 876 5896 συνῆκαςο
930 5821 1025 5879 καὶ
1082 5820 1308 5890 πάσχεις
1367 5816 1746 5888 παραπλήσιον

1839 3263 2002 3309 tatem
2039 3253 2343 3316 declarant,
2378 3245 2750 3319 qum'tandem
2785 3245 2890 3300 erit
2917 3239 3207 3298 consensio
3238 3235 3363 3290 Iidei
3387 3272 3410 3300 ,

1838 3354 1892 3402 et
1930 3344 2073 3400 unde
2136 3343 2351 3399 tandem
2409 3339 2664 3394 oriatur?
2724 3337 2879 3393 Unde
2923 3343 2978 3389 et
3027 3348 3150 3404 qua:
3188 3328 3407 3384 tandem

1839 3437 1906 3492 iis
1944 3437 2036 3506 qui
2071 3435 2330 3504 pietatem
2363 3433 2546 3488 colere
2610 3431 2827 3495 volunt,
2872 3426 2965 3480 liat
3002 3422 3245 3495 cognitio
3305 3418 3406 3474 Dei

1838 3529 1933 3600 qui
1970 3543 2070 3583 nos
2099 3526 2331 3582 creavit?
2356 3524 2462 3581 Sed
2494 3536 2809 3594 quanquam
2866 3519 2936 3574 de
2993 3517 3081 3572 his
3139 3525 3408 3586 prmterea

1839 3620 2008 3675 multa
2040 3619 2225 3674 dicere
2264 3631 2512 3686 possum,
2542 3630 2666 3669 cum
2702 3622 2917 3682 tempus
2966 3623 3076 3664 non
3113 3608 3278 3673 sinat,
3337 3602 3408 3658 ad

1839 3713 1943 3766 alia
1979 3707 2374 3764 transeundum
2415 3715 2521 3760 est.
2550 3705 2708 3760 Illum
2741 3710 2923 3757 autem
2949 3698 3225 3770 quomodo
3253 3693 3410 3764 cogi-

1843 3812 1946 3867 tas,
1980 3817 2013 3855 o
2046 3815 2184 3854 nove
2219 3798 2492 3868 theologe,
2540 3811 2662 3850 cum
2687 3795 2836 3850 dicas
2867 3809 2934 3848 ex
2964 3789 3272 3848 emcieutiis
3305 3799 3413 3841 nos

1840 3905 2176 3962 cognoscere
2261 3888 2492 3944 Deum?
2550 3889 2632 3941 Au
2707 3885 2855 3940 enim
2923 3899 3034 3938 non
3089 3874 3411 3936 intellexisti

1840 4000 1962 4054 quae
1993 3982 2226 4048 audisti,
2259 3995 2327 4036 ex
2357 3979 2621 4050 Operibus
2673 3976 2937 4032 nimirum
2989 3988 3111 4043 qua:
3160 3967 3411 4038 corporis

1841 4076 2016 4133 oculis
2045 4075 2252 4129 nostris
2283 4071 2710 4142 perspiciuntur,
2742 4081 3072 4138 cognoscere
3091 4077 3190 4117 nos
3214 4063 3412 4126 Deum,

1841 4166 1936 4239 qui
1971 4182 2082 4221 non
2137 4182 2166 4220 a
2219 4164 2379 4219 nobis
2426 4158 2792 4233 perspicitur?
2851 4155 3212 4213 Efﬁcientiam
3263 4151 3414 4206 enim

1841 4275 1963 4316 esse
1990 4259 2158 4313 etiam
2187 4258 2350 4318 facta,
2378 4254 2816 4310 demonstratum
2847 4257 2934 4304 est
2986 4263 3016 4302 a
3048 4244 3211 4300 nobis
3247 4241 3413 4311 paulo

1843 4362 2026 4414 antea,
2063 4361 2120 4406 et
2149 4367 2217 4404 ex
2252 4346 2628 4418 magnitudine
2661 4353 2718 4400 et
2746 4340 3158 4414 pulchritudine
3189 4343 3411 4400 creato-

1847 4457 1970 4496 rum
2003 4455 2193 4496 rursus
2231 4438 2388 4493 audis
2412 4437 2575 4491 etiam
2603 4433 2735 4489 alibi
2762 4433 3100 4503 Scripturam
3137 4428 3415 4484 dicentem

1767 4529 1821 4588 D
1846 4549 1947 4588 nos
1981 4530 2239 4586 admirari
2286 4528 2608 4584 Creatorem
2646 4536 2880 4595 :’atque
2937 4532 3042 4578 hoc
3078 4520 3208 4575 illud
3262 4533 3414 4584 esse,

1846 4623 1993 4697 quod
2021 4623 2146 4680 εαξιί
2176 4629 2439 4676 enarrant
2492 4619 2722 4690 gloriam
2771 4617 2891 4672 Dei.
2954 4615 3022 4669 Et
3050 4614 3304 4669 similiter
3331 4611 3413 4669 ait

1843 4717 2080 4774 Joannes
2155 4715 2522 4768 Damascenus
2557 4726 2572 4764 :
2611 4709 2806 4780 “Deus
2864 4716 3059 4762 natura
3120 4704 3435 4775 invisibilis-

1845 4807 2102 4878 operibus
2148 4804 2382 4858 visibilis
2413 4803 2491 4868 ﬁt,
2520 4802 2593 4856 ita
2625 4811 2684 4856 ut
2718 4815 2750 4854 e
2781 4797 2970 4854 mundi
3010 4797 3419 4866 compositione

1845 4911 1902 4955 et
1927 4897 2329 4969 gubernatione
2393 4891 2652 4962 cognosci
2693 4891 2885 4960 possit.
2927 4907 2946 4941 ι
2980 4889 3144 4962 320
3200 4889 3414 4946 Tamen

1845 4987 2200 5061 progrediens
2228 4984 2475 5056 reperies
2523 4982 2780 5036 Basiliqu
2822 4995 3076 5050 maguum
3125 4989 3182 5034 et
3221 4979 3407 5047 ipsum

1847 5081 2300 5150 interpretantem
2318 5091 2414 5131 sua
2441 5075 2613 5144 ipsius
2641 5072 2804 5128 verba
2836 5070 2904 5125 in
2922 5071 3110 5126 eadem
3136 5071 3409 5140 epistola:

1782 5191 1786 5194 ·
1851 5173 1926 5227 ιΕ
1955 5171 2090 5227 mari
2130 5168 2299 5232 enim,
2329 5165 2527 5236 inquit,
2555 5173 2612 5218 ct
2651 5162 2852 5229 ventis,
2879 5177 3000 5233 qua}
3023 5161 3073 5217 ei
3123 5160 3413 5231 parebant,

1844 5265 1964 5335 ejus
2013 5259 2353 5315 divinitatem
2404 5255 2634 5327 apostoli
2677 5262 3073 5326 cognoverunt;
3143 5268 3274 5324 ergo
3341 5253 3413 5311 ab

1845 5351 2151 5410 eﬂicientiis
2198 5349 2420 5420 quidem
2452 5357 2576 5403 nata
2599 5355 2686 5403 est
2717 5347 2963 5420 cognitio
2994 5363 3009 5402 :
3042 5361 3071 5401 a
3099 5345 3413 5416 cognitione

1851 5457 2032 5502 autem
2092 5442 2362 5498 adoratio.
2402 5459 2421 5493 ι
2490 5439 2654 5495 Vides
2683 5453 2809 5493 eum
2843 5439 3026 5494 dicere
3071 5437 3416 5501 e,miraculis

1846 5535 2098 5609 patratis,
2153 5532 2253 5587 has
2282 5533 2428 5588 enim
2461 5530 2596 5586 dicit
2631 5530 2722 5584 ille
2745 5543 2866 5585 esse
2918 5517 3239 5586 eﬂicientias
3298 5531 3417 5588 sive

1846 5627 2240 5688 descendentes
2290 5625 2406 5682 sive
2473 5629 2802 5678 menstrutas
2850 5621 3050 5678 nobis.
3103 5623 3210 5680 Sed
3249 5624 3417 5680 altor-

1847 5733 2033 5780 utrum
2065 5717 2270 5775 videris
2296 5718 2427 5772 dare
2453 5717 2611 5772 nobis
2637 5714 3036 5770 meditandum.
3060 5715 3170 5771 Aut
3199 5717 3348 5771 enim
3380 5732 3414 5772 θ

1848 5823 1989 5879 [anna
2019 5812 2221 5870 cursim
2263 5808 2542 5879 arripuisti
2578 5821 2888 5876 sermonem
2916 5815 3012 5865 aut
3033 5810 3088 5865 iu
3120 5808 3417 5879 epistolam
