3966 6624
485 355 592 418 ΞΒἸ

1691 355 2110 416 NICEPHORI
2145 355 2526 416 aulicorun
2593 437 2596 440 _

3633 333 3730 423 est

491 471 739 526 incidens
775 486 882 524 non
927 471 1246 527 intellexisti
1281 490 1296 526 :
1325 481 1378 526 et
1407 472 1549 526 idem
1592 474 1704 543 pati
1739 472 1944 524 videris
2000 482 2058 526 nt

2166 472 2351 542 ὥσπερ
2399 473 2466 526 ἂν
2517 473 2572 524 εἴ
2619 490 2702 534 τις
2752 473 2810 524 ἐν
2847 474 3167 546 per:qung
3197 474 3372 542 φωτὸς
3395 476 3731 544 ἀκραιφνοῦς

489 565 536 618 si
573 563 699 633 quis
728 561 958 617 meridie
992 565 1202 632 integra
1263 565 1386 618 luce
1442 563 1634 618 oculos
1687 563 1941 616 attollens
1991 562 2058 616 ad

487 657 682 718 solem,
718 654 918 710 deinde
949 667 1175 726 propter
1219 655 1536 724 languorem
1568 671 1795 710 aversus
1861 655 1913 708 in
1944 665 2056 710 ter-

486 763 626 810 ram,
658 747 908 802 colorum
939 747 1231 802 simulacra
1266 748 1368 802 sibi
1419 747 1750 816 imaginvtor
1779 745 2056 800 multifor-

486 841 655 892 mium
691 849 746 892 et
775 837 1145 902 diversorum,
1174 853 1294 906 quze
1324 839 1507 892 omnia
1563 837 1811 907 quamvis
1849 835 2058 892 flcta‘ct

487 929 795 983 substantia
824 929 1070 982 carentia
1092 929 1267 983 oculis
1293 938 1399 982 tam
1433 928 1706 997 languidis
1742 943 1870 981 vera
1933 943 2056 983 esse

486 1019 747 1072 videntur
777 1035 792 1074 :
821 1019 936 1072 sive
967 1019 1152 1088 potius
1191 1017 1330 1072 ebrii
1360 1033 1466 1072 non
1501 1019 1686 1072 rident
1749 1033 1838 1072 res
1865 1017 2056 1088 quales

486 1121 616 1162 vere
642 1117 793 1172 sunt,
826 1107 920 1161 sed
949 1122 1048 1177 pro
1079 1107 1202 1162 aliis
1232 1108 1336 1162 alia
1367 1108 1649 1172 videntur,
1682 1109 1844 1163 oculo
1875 1109 2058 1178 exagi-

487 1209 600 1254 tato
626 1208 852 1270 propter
878 1201 1169 1268 liquorem,
1196 1201 1290 1270 qui
1316 1200 1372 1254 in
1398 1200 1633 1255 cerebro
1689 1210 1792 1266 est,
1827 1211 1880 1256 et
1937 1211 2054 1254 tan-

485 1307 650 1360 quam
679 1300 897 1346 natante
927 1301 982 1345 et
1009 1291 1308 1346 ﬂuctuante
1343 1292 1486 1360 quod
1511 1293 1578 1344 ad
1609 1307 1697 1346 res
1724 1303 2052 1362 apparentes

488 1384 704 1448 attinet,
739 1381 814 1436 ita
839 1383 1002 1437 etiam
1039 1391 1092 1436 tu
1128 1383 1433 1452 ignorantia
1453 1397 1636 1438 crassa
1663 1383 1924 1438 seductus
1951 1383 2052 1436 mi-

489 1475 634 1528 nime
673 1474 780 1530 scis
804 1473 1082 1544 quomodo
1141 1489 1200 1529 se
1263 1474 1500 1528 habeant
1551 1483 1745 1528 natura
1801 1475 2051 1544 d0gmata

490 1567 710 1621 Patrum
747 1567 1058 1622 divinorum
1091 1561 1107 1621 ε
1142 1567 1277 1622 illud
1329 1567 1532 1637 ipsum,
1586 1567 1732 1636 quod
1763 1568 1926 1622 etiam
1985 1567 2054 1622 iis

490 1661 766 1726 nsuvenit,
800 1661 892 1729 qui
923 1675 952 1714 a
983 1675 1135 1714 remo
1193 1661 1262 1714 ad
1309 1659 1620 1729 suggestum
1647 1700 1660 1722 ,
1707 1667 1762 1714 et
1791 1674 1822 1712 a
1875 1659 2052 1729 ligone

489 1753 556 1805 ad
599 1751 924 1822 theologiam
957 1753 1314 1814 transvolant,
1373 1765 1534 1804 omne
1599 1765 1796 1804 nomen
1837 1751 1904 1805 de
1941 1751 2050 1804 Deo

487 1843 694 1897 dictum
723 1843 811 1897 his
845 1844 1047 1914 praebet
1072 1843 1460 1913 cogitationem
1518 1857 1861 1911 corpoream,
1891 1841 2048 1912 321

487 1941 670 1996 omnis
708 1950 890 1995 autem
921 1956 1008 1995 res
1034 1957 1157 2010 qua:
1217 1955 1540 2009 corpoream
1599 1939 1764 1994 habet
1821 1939 2050 1992 circum-

487 2035 844 2104 sCriptionem
881 2044 942 2088 ut
981 2034 1296 2088 divinitates
1342 2039 1533 2088 vorent
1563 2039 1618 2087 et
1669 2031 1912 2086 increata
1965 2045 2059 2102 ap-

487 2127 692 2198 pellent
728 2141 824 2180 eos
859 2123 1100 2179 adducit.
1906 2141 1908 2143 ‘

559 2215 744 2272 XXIV.
779 2216 919 2270 Tum
967 2217 1242 2286 logotheta
1289 2231 1540 2288 magnus,
1595 2219 1817 2288 sapiens
1875 2216 1962 2270 vir
2003 2224 2062 2272 et

483 2307 634 2365 "dicta
665 2309 976 2380 intelligens
1005 2309 1240 2364 maxime
1273 2310 1518 2366 omnium
1552 2311 1646 2381 qui
1682 2311 1912 2366 aderant
1945 2317 2060 2365 tum

488 2401 564 2456 ibi
609 2417 672 2456 ex
725 2401 793 2454 iis
845 2401 938 2470 qui
999 2401 1169 2469 gloria
1228 2409 1286 2456 et
1332 2401 1539 2455 honore
1600 2401 1960 2467 fruebantur,
1991 2403 2058 2457 ad

471 2493 758 2568 Palamam
793 2493 1364 2549 dixitcontendcntem
1397 2493 1734 2562 proclamare
1765 2495 1948 2566 inepta
1970 2491 2062 2548 illa

489 2597 545 2640 et
603 2586 762 2641 valde
827 2587 1210 2656 intempestive
1255 2585 1467 2656 prolata
1517 2586 1823 2656 paradoxa:
1889 2587 2064 2652 «Nihil

489 2679 635 2732 aliud
670 2693 818 2734 nunc
841 2679 1004 2732 video
1031 2689 1082 2732 te
1111 2687 1387 2746 spectare,
1415 2679 1652 2748 egregie,
1688 2693 1851 2748 quam
1874 2679 2067 2749 loqua-

488 2770 656 2830 citate
687 2769 906 2824 studere
937 2769 1131 2823 laudes
1163 2769 1351 2823 venari
1393 2769 1678 2822 hominum
1717 2769 2064 2824 indoctorum

490 2869 658 2929 atque
686 2859 755 2913 ab
790 2859 1125 2913 adversariis
1159 2859 1405 2928 superari
1436 2874 1544 2914 non
1575 2859 1791 2922 videri;
1821 2867 2066 2914 attamen

491 2951 597 3022 ipsi
621 2951 870 3006 veritatis
897 2965 1183 3006 sermones
1209 2949 1341 3005 clari
1373 2959 1503 3005 sunt
1557 2959 1613 3004 et
1665 2949 2062 3014 irrefutabiles,

489 3051 549 3096 et
589 3057 685 3111 per
727 3056 786 3098 se
842 3041 1004 3096 fidem
1053 3041 1281 3108 habent,
1319 3056 1461 3110 quos
1489 3040 1654 3096 etiam
1688 3041 1846 3096 audis
1877 3056 1907 3095 a
1937 3041 2065 3096 Gre-

2161 568 2288 632 τοὺς
2317 567 2629 638 ὀφθαλμοὺς
2689 569 2941 638 ἀνασχὼν
3001 571 3138 638 πρὸς
3187 569 3276 622 τδν
3318 571 3498 640 ἥλιον,
3529 567 3644 624 εἶτα
3669 575 3730 627 δι’

2161 659 2384 713 ἀτονίαν
2441 661 2814 729 ἀποστραφεὶς
2873 660 3012 730 πρὸς
3084 659 3183 728 τὴν
3241 661 3364 728 γῆν,
3427 665 3730 732 χρωμάτων

2161 749 2354 804 εἴδωλα
2403 753 2730 820 φαντάζοιτο
2779 753 3078 806 πολυειδῶν
3128 771 3186 806 τε
3237 757 3333 809 καὶ
3363 753 3725 824 διαφόρωνὼ

2161 845 2338 898 πάντα
2389 845 2560 915 ψευδῆ
2613 863 2670 899 τε
2722 847 2852 902 ὄντα
2899 848 2994 902 καὶ
3028 848 3356 916 ἀνύπαρκτα
3385 849 3515 910 ταῖς
3559 849 3727 918 άῤῥω-

2162 939 2414 1001 στούσαις
2463 939 2618 1010 δῷεσι
2669 941 2919 995 δοκοῦσιν
2973 937 3113 994 εἶναι
3167 941 3366 1012 ἀληθῆ.
3397 942 3472 994 “Η
3535 941 3728 1010 μᾶλλον

2159 1029 2347 1099 ῶσπερ
2375 1031 2424 1084 oi
2458 1032 2748 1101 μεθύοντες
2785 1034 2848 1087 οὐ
2882 1035 2949 1086 τά
2983 1034 3112 1086 δντα
3142 1035 3282 1088 κατὰ
3309 1034 3480 1102 φύσιν
3509 1035 3739 1102 optimo),

2158 1121 2278 1174 ἀλλ’
2307 1121 2422 1174 ἀνθ’
2447 1123 2651 1192 ἐτέρων
2702 1124 2870 1194 ἔτερα
2901 1125 3140 1184 δοκοῦσι,
3181 1124 3613 1192 κυματουμένης
3639 1124 3728 1190 τῆς

2157 1209 2332 1278 δψεως
2375 1211 2604 1281 ὑπὸτῆς
2633 1215 2760 1283 περὶ
2795 1215 2886 1266 τὸν
2931 1213 3234 1282 ἐγκέφαλον
3280 1213 3590 1282 ὑγρότητος
3643 1215 3728 1266 καὶ

2155 1305 2316 1358 οἱονεὶ
2365 1305 2730 1378 κολυμΰώσης
2787 1311 2842 1370 ὲς
2885 1312 2953 1362 τά
2995 1309 3302 1378 φαινόμενα
3335 1306 3678 1377 πλημμελῶς
3707 1325 3720 1338 ·

2153 1395 2298 1449 οῦτω
2331 1397 2394 1470 δὴ
2429 1397 2520 1454 καὶ
2553 1399 2716 1462 αύτδς
2764 1400 2975 1472 ἀμαθία
3030 1401 3198 1470 πολλῇ
3251 1400 3726 1469 στρατηγούμενος

2153 1488 2356 1554 ἥκιστα
2410 1490 2558 1558 ἔχεις
2609 1493 2753 1544 νοεῖν
2798 1493 2872 1555 ὡς
2915 1493 3030 1562 ἔχει
3064 1493 3282 1562 φύσεως
3316 1493 3384 1546 τά
3429 1496 3546 1556 τοῖς
3575 1493 3725 1554 θείοις

2159 1571 2221 1644 [ί.
2259 1573 2359 1629 148
2384 1576 2458 1648 r.]
2485 1577 2780 1648 δεδογμένα
2845 1579 3115 1648 Πατράσι.
3150 1581 3310 1634 Τοῦτ’
3366 1581 3552 1632 ἐκεῖνο
3581 1579 3608 1631 δ
3641 1581 3726 1632 καὶ

2153 1667 2268 1729 τοῖς
2299 1667 2409 1720 ἀπὸ
2443 1669 2632 1739 κώπης
2657 1673 2750 1724 ἐπὶ
2784 1671 2931 1742 βῆμα
2963 1674 3057 1726 καὶ
3086 1671 3192 1726 ἀπὸ
3225 1674 3523 1742 σκαπάνης
3556 1671 3645 1724 ἐπὶ
3674 1672 3726 1723 τὸ

2157 1753 2429 1820 θεολογεῖν
2489 1758 2871 1826 αὐτομολοῦσι,
2902 1761 3011 1813 πᾶν
3067 1761 3165 1830 μὲν
3219 1760 3390 1830 ὄνομα
3443 1763 3576 1830 περὶ
3603 1759 3723 1812 Θεοῦ

2155 1845 2450 1916 λεγόμενον
2499 1851 2821 1920 σωματικὴν
2859 1853 3091 1923 παρέχει
3135 1851 3237 1922 τὴν
3273 1853 3516 1912 ἔννοιαν.
3545 1853 3654 1903 πᾶν
3679 1851 3726 1902 δὲ
3793 1895 3796 1898 ι

2159 1939 2392 2008 πρᾶγμα
2447 1943 2772 2013 σωματικὴν
2805 1944 2930 2013 ἔχον
2966 1946 3320 2016 περιγραφὴν
3369 1943 3638 2011 θεότητάς
3673 1959 3724 1992 τε

2157 2028 2446 2098 ὀνομάζειν
2498 2033 2594 2084 καὶ
2622 2031 2857 2088 ἄκτιστα
2885 2035 3318 2106 προσαγορεύειν
3365 2034 3580 2104 τολμᾷν
3604 2033 3726 2086 ἀνα·

2162 2121 2364 2178 πείθει,

2229 2217 2356 2268 KA'.
2395 2217 2521 2272 Ἐπὶ
2551 2213 2759 2279 τούτοις
2811 2217 2840 2270 ό
2896 2215 3074 2287 μέγας
3107 2213 3426 2285 λογοθέτης,
3479 2213 3639 2282 σοφὸς
3661 2213 3728 2268 ὢν

2161 2307 2302 2380 ἀνὴρ
2332 2309 2423 2364 καὶ
2447 2311 2556 2364 τῶν
2577 2310 2893 2380 λεγομένων
2950 2311 3151 2372 συνιεὶς
3211 2311 3476 2364 ἁπάντων
3503 2308 3724 2378 μάλιστα

2163 2399 2275 2454 ὅσοι
2294 2401 2544 2472 παρῆσαν
2563 2403 2702 2463 τέως
2729 2401 2848 2455 ἐκεῖ
2874 2401 2982 2455 τῶν
3009 2399 3104 2454 ἐπὶ
3135 2400 3262 2472 δόξῃ
3293 2401 3722 2470 σεμνυνομένων,

2163 2489 2299 2560 φησὶ
2333 2491 2470 2560 πρδς
2498 2489 2591 2544 τὸν
2643 2492 2914 2561 Παλαμᾶν
2969 2489 3049 2544 ἔτι
3091 2491 3224 2563 βοᾷν
3259 2490 3604 2561 ὡρμημένον
3637 2491 3724 2562 τὴν

2163 2583 2394 2636 ἔκτοπον
2418 2583 2635 2654 ἐκείνην
2661 2587 2756 2638 καὶ
2779 2583 2958 2654 άωρίᾳ
2985 2585 3172 2656 μακρᾷ
3191 2584 3544 2654 κεκραμένην
3565 2600 3724 2653 παρα·

2164 2676 2498 2744 δοξολογίαν,
2527 2677 2602 2738 ὡς
2627 2695 2644 2727 ι
2669 2676 2836 2730 Οὐδὲν
2867 2676 3058 2746 ἕτερον
3089 2674 3276 2744 βλέπω
3303 2693 3362 2727 σε
3391 2677 3493 2726 νῦν
3524 2675 3722 2741 ἐπειγό-

2169 2781 2348 2834 μενον,
2375 2763 2656 2836 ἄνθρωπε,
2685 2767 2717 2836 ἢ
2744 2769 2809 2837 τῇ
2841 2765 3138 2836 πολυλογία
3165 2765 3444 2836 θηρᾶσθαι
3473 2763 3626 2829 δόξαν
3644 2765 3724 2817 άν-

2164 2857 2306 2928 δρῶν
2339 2859 2570 2928 ἀμαθῶν
2591 2858 2986 2928 μηχανώμενον
3017 2859 3114 2912 καὶ
3143 2857 3219 2930 μὴ
3245 2858 3423 2912 δοκεῖν
3463 2859 3600 2928 πρὸς
3627 2857 3722 2912 τῶν

2166 2948 2464 3004 ἀντιθέτων
2523 2951 2810 3020 ἡττᾶσθαι.
2863 2949 3026 3004 Ἀλλά
3061 2949 3167 3022 μὴν
3205 2949 3360 3004 αὐτοί
3385 2967 3451 3018 γε
3483 2951 3580 3020 τῆς
3603 2950 3719 3016 ἁλη-

2167 3041 2320 3104 θείας
2347 3043 2395 3094 οἱ
2417 3041 2563 3110 λόγοι
2622 3045 2814 3110 σαφεῖς
2849 3045 2944 3096 καὶ
2981 3041 3468 3114 ἀναμφισϐήτητοί
3491 3042 3614 3105 εἰσι,
3639 3040 3720 3093 καὶ

491 3147 620 3202 gora
651 3131 886 3203 proferri
919 3141 973 3188 et
1001 3131 1272 3188 dictorum
1311 3141 1530 3188 tuorum
1582 3147 1650 3188 ex
1705 3147 1774 3189 eo
1805 3133 1924 3203 ipso
1963 3133 2063 3188 fal-

2166 3135 2252 3202 ἐφ’
2280 3135 2463 3195 ἑστίας
2513 3133 2694 3204 ἔχουσι
2755 3137 2814 3188 τὸ
2851 3135 3066 3190 πιστόν.
3097 3135 3204 3200 Οὓς
3247 3135 3314 3206 δὴ
3371 3137 3468 3188 καὶ
3525 3133 3720 3194 ἀκούεις

492 3223 706 3280 sitatem
737 3225 1041 3293 declarare,
1073 3241 1251 3296 neque
1281 3225 1428 3280 enim
1459 3233 1618 3296 potes
1638 3235 1832 3280 contra
1856 3225 2058 3281 all‘erre

493 3315 612 3367 sani
661 3313 984 3383 quidquam.
1026 3314 1130 3370 Sed
1169 3315 1412 3370 monitus
1464 3325 1526 3370 ut
1569 3313 1816 3384 proferas
1862 3315 2061 3384 scripta

493 3405 826 3470 testimonia,
879 3421 998 3476 qua:
1053 3416 1246 3478 aperte
1291 3406 1576 3460 declarent
1621 3405 1778 3475 plane
1830 3406 2062 3476 plurima

495 3497 740 3552 inereata
770 3497 985 3554 diversa
1017 3513 1138 3554 esse
1173 3513 1206 3553 a
1241 3509 1440 3555 natura
1472 3509 1556 3555 ter
1587 3500 1866 3570 supposita
1889 3542 1904 3568 ,
1939 3515 2063 3555 cum

493 3603 602 3642 non
651 3591 828 3659 possis
879 3591 1106 3646 omnino
1153 3591 1406 3647 invenire
1457 3593 1834 3648 testimonium
1895 3593 2064 3646 ullum

493 3678 817 3746 cujusquam
850 3689 1186 3744 sanctorum,
1245 3695 1312 3734 ex
1339 3689 1394 3735 te
1430 3681 1548 3750 ipso
1575 3681 1831 3751 congeris
1863 3689 1919 3735 tu
1947 3697 2068 3752 qua:

495 3768 834 3838 ineptissima
867 3781 1014 3825 sunt.
1075 3773 1150 3825 Ex
1207 3772 1330 3826 aliis
1384 3774 1534 3827 enim
1585 3787 1804 3842 semper
1856 3771 1912 3828 in
1959 3773 2065 3828 alia

500 3861 746 3916 inaudita
807 3863 1054 3917 incidens
1115 3865 1380 3918 continuo
1440 3874 1491 3919 te
1551 3880 1710 3918 reutn
1765 3875 1966 3935 apertae
2014 3875 2070 3922 et

497 3953 660 4022 plane
711 3955 1021 4025 conspicua:
1055 3957 1265 4026 injuria:
1294 3957 1543 4014 exhibes.
1591 3955 1805 4012 Etenim
1837 3957 1929 4028 qui
1970 3974 2070 4015 suo

497 4045 740 4116 periculo
792 4058 1025 4103 conatur
1057 4049 1326 4104 arbitratu
1355 4031 1454 4106 suo
1477 4049 1727 4120 dogmata
1756 4051 1980 4122 ﬁngere,
2003 4065 2070 4107 eo

496 4141 591 4208 qui
637 4141 929 4209 prohibere
957 4157 1082 4197 eum
1114 4153 1298 4213 potest
1336 4143 1656 4214 indulgente
1699 4145 1862 4200 simul
1893 4155 1950 4202 et
1989 4145 2070 4199 in-

495 4229 722 4292 citante,
747 4247 852 4286 non
875 4233 1218 4302 possit322
1234 4236 1372 4302 piam
1401 4235 1628 4290 omnino
1660 4243 1716 4290 et
1743 4235 1972 4306 patriam
2009 4233 2075 4289 ﬂ-

497 4321 622 4374 dem
651 4323 921 4392 expellere
946 4323 1084 4379 :Sed
1120 4341 1264 4380 nunc
1294 4341 1401 4380 non
1426 4326 1558 4381 illud
1579 4327 1916 4398 agimus,sed
1945 4343 2077 4382 con-

501 4413 782 4468 tinuantes
827 4413 1140 4470 divinorum
1187 4416 1402 4470 Patrum
1451 4429 1763 4474 sanctorum
1798 4431 1854 4474 et
1887 4419 2076 4474 docto-

501 4517 624 4556 rum
664 4503 915 4574 dogmata
963 4506 1107 4562 scire
1163 4507 1467 4576 studemus,
1495 4509 1642 4562 unde
1665 4525 1692 4562 a
1721 4520 1773 4564 te
1800 4510 1912 4565 lucc
1939 4527 2076 4566 nova

499 4595 747 4650 dertrina
797 4597 864 4650 sit
924 4597 1283 4670 invent:t,qna
1335 4617 1434 4672 per
1477 4601 1706 4656 multum
1728 4601 1837 4672 jam
1863 4611 2075 4672 tempus

506 4690 808 4744 conturbas
837 4691 929 4746 Dei
965 4692 1294 4758 Ecclesiam,
1330 4710 1454 4748 cum
1485 4695 1687 4750 sociam
1725 4683 1946 4749 habeas’
1979 4695 2076 4750 im-

467 4777 774 4848 'peraloris
813 4797 1057 4837 manum.
1119 4783 1262 4837 Puer
1307 4783 1452 4837 enim
1518 4793 1639 4838 erat
1701 4783 2075 4842 divinissimus

507 4868 595 4921 hic
627 4871 761 4939 imp.
814 4887 936 4925 cum
973 4872 1191 4927 edicere
1223 4882 1279 4928 tu
1319 4875 1446 4928 talia
1475 4874 1748 4943 incepisti,
1781 4883 1837 4928 et
1868 4873 2070 4930 deinde

503 4961 826 5020 confusione
853 4968 908 5021 in
943 4968 1178 5037 imperio
1211 4976 1417 5032 exorta,
1447 4968 1816 5038 undecunque
1853 4977 1909 5024 et
1937 4983 2074 5040 quo-

504 5069 723 5127 cunque
756 5059 916 5114 modo
949 5069 1136 5116 exorta
1175 5071 1280 5124 est.
1314 5069 1529 5130 tempus
1557 5075 1668 5114 non
1697 5061 1888 5116 habuit
1917 5059 2077 5114 audi-

505 5151 632 5203 endi
661 5161 718 5204 et
756 5151 1086 5222 corrigendi.
1143 5151 1226 5204 Tu
1279 5163 1460 5206 autem
1517 5151 1777 5207 immotus
1821 5150 2077 5206 desinere

505 5257 616 5295 non
647 5244 728 5295 vis
763 5244 923 5297 mala.
983 5243 1344 5298 Proverbium
1379 5245 1598 5313 quidem
1632 5245 1730 5309 ait,
1765 5243 1953 5298 vinum
1985 5259 2076 5298 ca-

505 5345 628 5388 re-rc
647 5333 837 5388 freno:
871 5351 972 5404 ego
1001 5343 1181 5390 autem
1221 5335 1506 5390 stultitiam
1539 5345 1685 5390 tuam
1715 5335 1887 5405 magis
1912 5351 2074 5404 quam

505 5427 694 5482 vinum
735 5443 839 5480 non
873 5427 1075 5482 habere
1097 5428 1255 5482 rideo
1281 5427 1517 5492 frenum,
1541 5429 1632 5498 qui
1659 5427 1829 5498 possit
1858 5427 2079 5496 dogma-

509 5529 627 5573 Ium
667 5529 886 5572 tuorum
915 5519 1148 5574 elmiem
1191 5521 1534 5590 gubernare:
1596 5519 1646 5574 id
1701 5519 1844 5589 quod
1896 5531 2078 5572 extre-

513 5628 728 5667 morum
762 5622 843 5665 est
877 5613 1162 5668 malorum.
1221 5613 1436 5668 Etenim
1465 5615 1508 5668 si
1544 5614 1668 5667 talia
1704 5613 1944 5667 facinora
1976 5627 2076 5680 pro

512 5713 674 5771 poena
724 5699 959 5752 Lonores
1005 5715 1224 5770 quoque
1253 5701 1546 5770 accipiant,
1581 5715 1690 5768 quo
1743 5697 2073 5768 ineptiarum

473 5861 475 5864 ι
519 5789 770 5846 venient?
795 5809 899 5862 quo
926 5793 1204 5862 conspicui
1240 5803 1553 5848 accrrsceut
1587 5792 1824 5859 impetus
1863 5795 1914 5841 et
1953 5805 2070 5857 pra-

2163 3227 2301 3296 πρὸς
2327 3225 2417 3278 τοῦ
2449 3226 2708 3296 Γρηγορᾶ
2732 3225 3072 3296 φερομένους
3109 3223 3246 3294 ὁμοῦ
3273 3224 3372 3278 καὶ
3401 3223 3514 3276 τῶν
3543 3224 3622 3275 σοὶ
3647 3221 3719 3273 λε-

2163 3317 2410 3386 γομένων
2446 3317 2672 3370 αὐτόθεν
2727 3317 2787 3369 τὺ
2835 3316 3110 3385 σφαλερὸν
3169 3315 3414 3386 ἔχοντας.
3469 3315 3600 3368 Οὐδὲ
3627 3313 3718 3382 γὰρ

2163 3411 2274 3464 οὐδ’
2304 3409 2450 3480 ἔχεις
2481 3409 2885 3480 άνθυποφέρειν
2913 3409 3062 3462 οὐδὲν
3097 3409 3270 3476 ὑγιὲς,
3301 3407 3438 3462 ἀλλὰ
3467 3405 3719 3478 γραφικὰς

2163 3503 2412 3571 κομίζειν
2443 3503 2843 3574 ἀπαιτούμενος
2893 3502 3222 3571 μαρτυρίας,
3261 3501 3447 3572 ῥητῶς
3507 3501 3718 3566 ἀποφαισ

2165 3595 2396 3664 νομένας
2438 3595 2763 3666 αὐτόχρημα
2822 3593 3052 3646 πλεῖστα
3075 3593 3143 3647 τὰ
3180 3593 3416 3648 άκτιστα
3437 3594 3536 3660 τῆς
3557 3605 3720 3660 τρισυ-

2167 3683 2444 3738 ποστάτου
2497 3682 2734 3753 διάφορα
2792 3682 3031 3750 φύσεως,
3079 3682 3271 3734 ἔπειτα
3321 3679 3396 3751 μὴ
3447 3679 3718 3748 δυνάμενος

2165 3772 2304 3834 ὅλως
2329 3773 2510 3844 εὑρεῖν
2541 3773 2848 3842 μαρτυρίαν
2870 3772 3159 3843 ἡντιναοῦν
3177 3771 3388 3832 οὐδενὸς
3410 3771 3520 3823 τῶν
3546 3768 3716 3834 ἁγίων,

2169 3865 2322 3934 παρὰ
2383 3862 2582 3916 σαυτοῦ
2645 3863 2898 3932 συνάγεις
2949 3863 3132 3927 αὐτὸς,
3164 3863 3192 3915 δ
3229 3862 3340 3916 τῶν
3373 3859 3718 3915 ἀτοπωτάτων

2171 3956 2340 4010 ἐστίν.
2385 3955 2481 4008 Ἐκ
2510 3955 2619 4026 γὰρ
2660 3957 2860 4026 ἐτέρων
2890 3957 3105 4024 ἑτέραις
3138 3956 3222 4010 ἀεὶ
3249 3955 3594 4026 περιπίπτων
3619 3967 3720 4004 και-

2170 4041 2462 4111 νοφωνίαις
2509 4043 2658 4113 σοιφῆ
2709 4059 2768 4096 τε
2813 4043 2912 4095 καὶ⁵
2947 4043 3297 4112 ὑπερήφανον
3325 4043 3552 4095 αὐτόθεν
3583 4039 3719 4097 εὐθὺς

2170 4135 2272 4202 τὴν
2289 4133 2448 4203 δίκην
2477 4131 2572 4186 τοῦ
2621 4133 2822 4187 ἀδικεῖν
2869 4131 3236 4202 όφλισκάνεις.
3305 4131 3363 4184 Ὀ
3397 4133 3506 4200 γάρ
3535 4127 3719 4182 οἴκοθεν

2173 4225 2468 4296 ἐπιχειρῶν
2517 4224 2587 4278 τὰ
2636 4225 2780 4280 κατὰ
2809 4223 3064 4295 βούλησιν
3113 4223 3486 4292 δογματίζειν,
3513 4221 3600 4273 τοῦ
3631 4235 3718 4272 κω-

2174 4314 2322 4368 λύειν
2355 4313 2632 4384 ίσχύοντος
2663 4311 2944 4383 τηνικαῦτ’
2976 4311 3272 4374 ἐνδιδόντος
3296 4311 3434 4380 ὁμοῦ
3473 4312 3566 4364 καὶ
3598 4323 3718 4374 παρ·

2177 4403 2480 4470 οξύνοντος,
2501 4404 2600 4457 οὐκ
2624 4403 2690 4457 ἂν
2721 4401 2914 4472 φθάνοι
2932 4401 3032 4472 τὴν
3053 4401 3250 4470 εὐσεϐῆ
3291 4397 3618 4468 πανταχόθεν
3641 4395 3720 4448 καὶ

2109 4495 2154 4550 D
2181 4497 2412 4564 πάτριον
2439 4495 2624 4549 πίστιν
2645 4493 2868 4548 αὐτόθεν
2897 4492 3160 4548 ἐλαύνων.
3196 4491 3337 4545 Ἀλλ’
3377 4493 3440 4544 οὐ
3475 4489 3620 4544 τοῦτο
3641 4485 3720 4539 νῦν

2175 4591 2306 4658 ἡμῖν
2327 4590 2356 4641 ὁ
2383 4587 2618 4651 σκοπός·
2647 4586 2786 4640 ἀλλὰ
2815 4585 3161 4655 βεϐαιοῦντες
3191 4584 3259 4637 τά
3307 4583 3416 4636 τῶν
3445 4583 3596 4637 θείων
3625 4582 3720 4634 Πα-

2175 4681 2350 4750 τέρων
2380 4683 2476 4735 καὶ
2505 4680 2842 4735 διδασκάλων
2877 4677 3127 4746 δόγματα
3175 4673 3446 4729 πυθέσθαι
3477 4669 3718 4742 ζητοῦμεν

2175 4773 2296 4827 ὅθεν
2318 4789 2400 4826 σοι
2439 4771 2506 4826 τὰ
2530 4771 2833 4842 καινοφανῆ
2863 4769 3196 4842 κηρύγματα
3233 4767 3408 4822 ταῦτα
3431 4764 3713 4834 ἐξεύρηται.

2177 4861 2246 4916 δι’
2274 4855 2348 4916 ὧν
2378 4863 2550 4916 πολὺν
2597 4863 2703 4933 ἤδη
2759 4861 2951 4934 χρόνον
3002 4859 3300 4931 ταράττεις
3349 4859 3448 4926 τὴν
3475 4855 3568 4910 τοῦ
3603 4849 3715 4905 Θεοῦ

2189 4955 2536 5026 Ἐκκλησίαν,
2585 4956 2878 5025 σύμμαχον
2903 4953 3042 5024 ἔχων
3080 4951 3179 5022 τὴν
3227 4951 3364 5013 τέως
3391 4945 3715 5002 δυναστεύου-

2179 5062 2279 5100 σαν
2311 5049 2488 5117 χεῖρα.
2513 5043 2720 5114 Βρέφος
2751 5044 2868 5114 γὰρ
2897 5041 2972 5094 ὢν
2993 5043 3019 5094 ό
3051 5041 3327 5103 θειότατος
3381 5038 3561 5092 οὑτοσὶ
3589 5034 3716 5104 βασι·

2175 5139 2302 5199 λεὺς
2332 5138 2491 5191 ὁπότε
2519 5137 2814 5206 κηρύττειν
2853 5131 3002 5204 ἤρξω
3038 5133 3102 5186 σὺ
3133 5131 3204 5184 τὰ
3230 5131 3477 5194 τοιαῦτα,
3507 5130 3594 5182 καὶ
3620 5126 3712 5192 ἅμα

2181 5231 2494 5300 συγχύσεως
2521 5225 2648 5298 περὶ
2683 5228 2778 5299 τὴν
2809 5225 3085 5296 βασιλείαν
3109 5223 3236 5292 ἑξῆς
3263 5222 3569 5291 ἐνεχθείσης
3587 5217 3713 5268 ὁθεν-

2177 5321 2441 5392 δηποτοῦν
2471 5320 2566 5374 καὶ
2585 5318 2959 5390 ὁπωσδήποτε,
2993 5315 3186 5384 καιρὸν
3211 5315 3309 5366 οὐκ
3338 5313 3492 5384 εῖχεν
3515 5305 3710 5376 ἀκηκοέ-

2177 5433 2267 5470 ναι
2297 5416 2392 5468 καὶ
2423 5410 2844 5482 διορθώσασθαι.
2876 5409 2948 5462 Σὺ
2977 5407 3020 5462 δ’
3052 5407 3448 5476 ἀμεταϐλήτως
3469 5405 3636 5472 λήγειν
3661 5394 3710 5446 οὺ

2181 5507 2358 5578 βούλει
2399 5507 2603 5560 κακῶν.
2649 5501 2712 5556 Ἢ
2747 5502 2847 5571 μὲν
2873 5496 2969 5554 οὖν
3005 5498 3274 5569 παροιμία
3321 5498 3454 5567 φησι
3485 5495 3568 5546 τὸν
3593 5485 3710 5539 οἶνον

2179 5601 2276 5652 οὐκ
2307 5599 2451 5667 ἔχειν
2473 5596 2730 5668 πηδάλιον
2751 5609 2768 5626 ⁸
2799 5593 2908 5662 ἐγὼ
2935 5593 2992 5645 δὲ
3017 5594 3119 5662 τὴν
3151 5591 3249 5660 σὴν
3279 5590 3514 5659 ἀμαθίαν
3545 5582 3712 5652 μᾶλὲον

2177 5693 2211 5761 ἢ
2244 5695 2335 5744 τδν
2357 5685 2498 5742 οἶνον
2528 5691 2626 5742 οὐκ
2659 5689 2887 5755 ἔχουσαν
2918 5685 3030 5756 ὁρῶ
3087 5683 3348 5753 πηδάλιον
3379 5682 3475 5751 τὴν
3501 5679 3598 5730 τῶν
3623 5669 3708 5722 σῦν

2181 5783 2438 5848 οἰακτζξιν
2479 5781 2776 5851 τρικνςιίαν
2829 5778 3118 5850 δογμάτων
3185 5775 3498 5845 δυνάμενον.
3541 5768 3596 5818 ’⁵0
3621 5773 3708 5812 των
