3856 6564
493 415 598 480 2'31
675 361 682 368 ἱ

1715 417 2134 478 NlCEPllORI
2175 420 2564 480 GREGOR.‘E

3639 431 3720 496 232

493 544 824 608 persecutus
858 533 1150 604 Gregoras,
1203 532 1422 598 rVides,
1463 533 1664 604 inquit,
1708 535 1776 590 ad
1809 536 2082 590 Palamam

2193 555 2316 606 μεν,
2345 538 2459 590 ἀλλ’
2491 541 2557 592 ἐκ
2601 542 2702 604 τῆς
2745 541 3154 609 μεγαλυυρῖῖας
3205 547 3300 598 καὶ
3353 547 3594 612 προνοάς
3637 550 3722 606 τῶν

493 642 816 692 conversus,
851 641 974 680 cum
1018 628 1139 680 dua:
1169 627 1282 679 sint
1307 626 1398 680 liic
1435 626 1857 682 maledictioncs
1885 643 2087 696 propo-

494 721 636 784 sitzle,
663 719 974 772 necessario
1007 719 1062 770 in
1095 718 1324 772 alteram
1359 728 1412 772 te
1468 717 1755 784 incidere;
1809 729 1902 772 aut
1937 718 2086 772 enim

495 811 694 866 Filium
733 810 850 872 Dei,
887 809 982 879 qui
1031 819 1118 863 est
1175 825 1306 863 vera
1339 808 1632 878 sapientia,
1666 825 1772 878 qua
1799 820 1854 864 et
1889 809 1942 864 in
1977 826 2084 878 qua

495 905 752 958 universa
775 901 926 963 fecit,
957 901 1364 954 inessentialem
1399 900 1541 956 dicis
1572 901 1954 966 divinitatem,
1989 908 2088 954 aut

495 993 856 1049 artificiosam
889 1007 1010 1062 quae
1043 1001 1130 1047 est
1159 995 1214 1046 in
1246 993 1452 1046 creatis
1479 995 1805 1062 sapientiam
1829 1003 1886 1047 et
1914 993 2088 1062 ipsam

495 1087 798 1140 iucreatam
846 1084 1122 1152 simulque
1164 1083 1576 1138 incssentialem
1619 1099 1786 1138 vocas
1825 1083 2088 1138 divinita-

501 1190 634 1242 tem,
698 1192 864 1246 quam
925 1185 1148 1230 tenuem
1207 1185 1264 1228 et
1317 1175 1643 1230 substantiae
1693 1184 1974 1245 expertem
2033 1175 2090 1230 in

497 1281 685 1328 mente
734 1269 1096 1339 compositam
1161 1266 1412 1322 divinum
1487 1266 1753 1321 audivisti
1813 1266 2086 1322 dicentem

497 1367 820 1422 Maximum.
883 1362 1033 1416 Talis
1069 1359 1220 1413 enim
1281 1371 1372 1413 tua
1426 1367 1509 1413 est
1558 1359 1868 1428 ineptorum
1927 1373 2090 1428 para-

499 1461 772 1512 doxorum
808 1453 1123 1510 absurditas
1147 1460 1206 1506 et
1235 1463 1342 1504 tam
1381 1451 1652 1504 immanes
1711 1458 1841 1506 sunt
1871 1448 2092 1504 ratioci-

507 1551 762 1606 nationes
795 1546 1094 1618 impietatis
1123 1553 1227 1598 tua:
1261 1560 1276 1597 :
1313 1551 1368 1598 et
1416 1553 1598 1598 tamen
1625 1541 1810 1598 vivere
1836 1545 2006 1596 audes
2035 1550 2092 1598 et

505 1643 686 1698 oculis
735 1637 1158 1708 impudentibus
1213 1634 1494 1690 cwlestem
1553 1633 1836 1702 snSpicere
1891 1632 2088 1702 facem,

506 1741 799 1802 angustum
851 1728 984 1782 solis
1029 1725 1276 1786 oculum.
1300 1731 1356 1778 et
1411 1723 1557 1778 inter
1611 1723 1864 1778 homines
1907 1731 2090 1778 mente

501 1823 768 1894 praeditos
827 1819 1038 1874 versari
1098 1815 1460 1900 ejusdemque
1518 1830 1644 1870 cum
1705 1815 1774 1870 iis
1805 1815 2090 1886 particeps

497 1929 622 1970 esse
654 1912 822 1976 acris,
863 1910 1172 1978 exemplum
1201 1917 1366 1962 tanta:
1395 1905 1684 1976 pravitatis
1717 1905 1898 1960 factus
1925 1903 2090 1974 330

499 2003 708 2061 Christi
729 1998 1025 2056 Ecclesim?
1051 1997 1134 2052 Tu
1169 1997 1380 2058 vero,si
1409 1996 1510 2060 vis,
1544 1993 1814 2050 fabricare
1861 2001 2089 2061 praster-

499 2109 566 2150 ea
619 2103 679 2148 ut
723 2094 1094 2148 increatarum
1151 2089 1366 2158 c0piam
1402 2086 1778 2150 divinitatum,
1818 2086 1891 2140 ita
1918 2085 2086 2140 etiam

497 2193 674 2240 artem
709 2197 928 2238 novam.
959 2180 1114 2236 Licet
1145 2182 1290 2234 enim
1322 2178 1424 2232 tibl
1457 2194 1582 2232 cum
1627 2185 1890 2232 consueta
1915 2180 2090 2232 utaris

501 2278 830 2347 ignorantia:
885 2272 1226 2344 impudentia
1283 2271 1492 2340 ubique
1549 2281 1606 2324 et
1664 2267 2086 2325 concessionem

449 2421 461 2436 _
504 2367 666 2422 facile
695 2382 762 2420 cx
793 2375 844 2418 te
885 2379 1070 2418 sumas
1098 2375 1280 2430 neque
1311 2361 1425 2414 ullo
1461 2359 1625 2414 modo
1659 2358 1948 2428 dispenses
1979 2357 2088 2412 for-

511 2467 673 2512 tunas
723 2456 1129 2523 inexspectatas
1189 2461 1245 2506 et
1289 2451 1707 2520 I‘atales,neque
1757 2450 1922 2518 certis
1957 2463 2088 2504 con-

503 2551 808 2608 ditionibus
867 2547 1196 2602 sententiam
1245 2537 1402 2598 'tuam
1450 2545 1600 2600 sinas
1663 2545 1946 2612 quiescere
2006 2545 2088 2597 in-

507 2658 696 2700 sanam
721 2652 778 2696 et
813 2640 1098 2694 audacem.
1177 2637 1361 2692 Omnis
1393 2637 1537 2690 enim
1573 2645 1826 2690 veterum
1857 2633 2088 2712 scientia

507 2745 568 2790 et
591 2733 874 2788 institutus
896 2729 1168 2798 sapientia
1189 2735 1493 2781 concentus
1519 2736 1574 2780 et
1595 2725 1894 2796 rltytltmns
1919 2725 2087 2779 oblita

507 2834 640 2880 sunt
693 2834 798 2878 tua:
849 2820 1217 2876 inessentialis
1273 2817 1748 2887 ellicientiae,qua
1799 2818 1918 2872 sine
1975 2817 2088 2870 ullo

507 2916 728 2988 negotio
815 2914 1090 2968 increatas
1169 2910 1460 2966 fabricat-is
1524 2911 1841 2966 divinitatea
1913 2925 2086 2980 sp0n-

503 3020 662 3066 tanee
702 3025 718 3062 :
765 3007 926 3078 quale
966 3014 1276 3074 spartorum
1318 3004 1538 3058 illorum
1601 3006 1879 3074 gigantum
1938 3003 2089 3056 diur-

501 3115 633 3156 num
683 3113 859 3168 genus
921 3097 1254 3152 adumbrant
1299 3095 1493 3150 fabulae
1543 3097 1756 3160 Atticm,
1818 3095 2088 3150 recentio—

2189 630 2362 682 ὄντων
2389 646 2402 659 ·
2447 629 2534 682 διά
2564 631 2771 683 τούτων
2797 635 2907 702 γὰρ
2937 633 3010 696 ὡς
3047 633 3428 706 δι’ἑοόπτρων
3468 637 3564 706 τὴν
3599 640 3724 694 ἀπει-

2193 739 2288 793 ρσν
2319 721 2636 792 ἁγαοὸτητα
2686 727 2780 777 καὶ
2831 726 3026 794 σοφίαν
3071 727 3166 782 καὶ
3209 729 3445 799 δύναμιν
3473 737 3726 790 καταναιε-

2195 830 2316 880 μεν.
2359 833 2376 866 ι
2414 815 2600 868 Ταῦτα
2629 815 2840 880 διεξιὼν
2885 819 2914 872 ὁ
2956 817 3264 890 Γρηγορᾶς,
3305 841 3324 873 ‹
3376 823 3561 894 Ὁρᾷς,
3593 843 3610 876 ι
3645 828 3724 898 ε’,ιη

2193 903 2330 972 πρὸς
2361 905 2454 956 τὸν
2485 906 2754 976 Παλαμᾶν
2784 910 3070 978 στραφεὶς,
3125 929 3143 964 ι
3182 914 3331 976 ὅπως
3361 915 3510 968 δυοῖν
3545 933 3728 982 aperte-.-

2195 995 2375 1062 μένων
2417 997 2654 1050 ἐνταῦθα
2671 998 3050 1072 βλασφημιῶν
3085 1001 3145 1068 ἐξ
3172 1005 3420 1074 ἀνάγκης
3457 1005 3517 1076 [ί.
3547 1008 3636 1062 150
3668 1011 3727 1084 u.|

2199 1089 2296 1160 μιᾷ
2357 1090 2754 1160 περιπίπτειςς
2804 1094 2876 1146 Ἦ
2919 1095 3029 1166 γὰρ
3075 1095 3165 1150 τδν
3191 1097 3321 1150 Υίὺν
3341 1099 3436 1152 τοῦ
3471 1099 3619 1166 Θεοῦ,
3650 1105 3728 1173 τὴν

2193 1179 2362 1243 ὅντως
2405 1183 2598 1251 σοφίαν
2629 1184 2698 1238 δι’
2729 1179 2798 1257 ἧς
2825 1187 2920 1242 καὶ
2955 1189 3013 1242 ἐν
3125 1189 3197 1242 τὰ
3237 1189 3416 1244 πάντα
3444 1193 3726 1263 πεποίηκεν,

2189 1271 2440 1326 ἀνούσιον
2494 1274 2673 1344 λέγεις
2709 1277 3034 1352 οεὁτητα,ἥ
3087 1281 3188 1354 τὴν
3231 1284 3288 1336 ὲν
3341 1285 3459 1348 τοῖς
3507 1287 3729 1358 κτίσμασι

2189 1367 2452 1436 τεχνικὴν
2508 1369 2703 1438 σοφίαν
2733 1370 2992 1428 ἄκτιστον
3039 1376 3136 1428 καὶ
3167 1377 3374 1448 ταύτην
3424 1379 3520 1432 καὶ
3544 1380 3648 1449 ἅμα
3679 1386 3729 1437 ἀ·
3761 1435 3772 1444 ,

2191 1455 2402 1509 νούσιον
2443 1457 2673 1527 φάσκεις
2703 1461 2964 1534 θεότητα*
2998 1465 3066 1536 ἢν
3099 1467 3265 1538 ψιλὴν
3317 1471 3415 1524 καὶ
3458 1471 3728 1528 ἀνυπόστα-

2191 1563 2280 1600 τον
2319 1548 2378 1600 ὲν
2423 1549 2502 1620 τῷ
2526 1550 2602 1621 νῷ
2635 1556 3040 1628 συνισταμένην
3090 1560 3182 1614 τὸν
3212 1560 3359 1616 θεῖον
3403 1563 3640 1634 ἀκήκοας
3661 1567 3731 1621 λέ-

2192 1653 2361 1706 γοντα
2405 1639 2683 1712 Μάξιμον.
2731 1646 2970 1700 Τοιαῦτα
3001 1649 3109 1718 γάρ
3167 1667 3264 1704 σου
3299 1655 3366 1704 τὲ
3409 1656 3520 1708 τῶν
3547 1657 3730 1713 ἀτόπων

2193 1733 2576 1802 καινοιρωνιῶν
2612 1737 2837 1807 αἰσχρὰ,
2871 1739 2968 1793 καὶ
2999 1741 3140 1796 οὕτω
3175 1745 3406 1814 σχέτλια
3433 1747 3504 1799 τὰ
3551 1766 3730 1817 συμπε-

2195 1825 2453 1893 ράσματα
2492 1827 2593 1898 τῆς
2627 1829 2729 1898 σῆς
2773 1831 3120 1898 δυσσεϐείας.
3155 1837 3392 1892 Ἔπειτα
3417 1838 3514 1911 ζῇ»
3539 1841 3730 1914 τολμᾷς,

2193 1916 2290 1968 καὶ
2326 1917 2600 1972 ἀναιδέσιν
2623 1920 2924 1992 ὀφθαλμοῖς
2945 1924 3046 1996 τὴν
3079 1928 3341 1998 οὐρανίαν
3377 1931 3598 2001 βλέπειν
3622 1935 3732 2006 λαμ-

2189 2007 2356 2073 πάδα,
2410 2009 2472 2062 τὸ
2525 2012 2721 2080 σεμνὸν
2773 2013 2926 2082 ἡλίου
2974 2015 3267 2088 βλέφαρον.
3314 2023 3412 2076 καὶ
3452 2023 3731 2096 ἀνθρώποις

2189 2099 2316 2153 νοῦν
2345 2099 2564 2170 ἔχουσιν
2583 2103 2815 2174 ὁμιλεῖν,
2849 2107 2944 2162 καὶ
2969 2109 3063 2164 τοῦ
3093 2111 3260 2166 αὐτοῦ
3287 2117 3730 2189 συμμεταλαμΰὲ-

2189 2209 2301 2246 νειν
2335 2193 2518 2258 αὐτοῖς
2553 2195 2738 2268 ἀέρος,
2773 2197 3076 2272 ὑπόμνημα
3127 2209 3398 2277 τοσαύτης
3449 2212 3641 2276 κακίας
3681 2219 3730 2282 τῇ

2189 2284 2282 2340 τοῦ
2323 2287 2563 2356 Χριστοῦ
2599 2289 2844 2358 γεγονὼς
2882 2293 3217 2368 Ἐκκλησίᾳς
3253 2299 3326 2354 Σὺ
3365 2300 3434 2366 δ’,
3469 2304 3518 2354 εξ
3563 2303 3730 2372 βούλει,

2189 2378 2604 2449 καινοφὼνησον
2629 2380 2736 2446 ἔτι,
2768 2383 3026 2456 καθάπερ
3055 2389 3332 2445 ἀκτίστων
3377 2393 3550 2464 ὲσμὸν
3575 2396 3731 2468 05ml]-

2187 2487 2318 2536 των,
2349 2470 2493 2524 οὕτω
2539 2474 2632 2526 καὶ
2678 2474 2877 2544 τέχνην
2923 2480 3142 2549 καινήν.
3172 2481 3394 2548 Ἔξεστι
3433 2486 3546 2555 γάρ
3577 2505 3650 2540 σοι
3681 2495 3730 2560 τῇ

2194 2561 2416 2629 συνήθει
2447 2563 2716 2636 χρωμένῳ
2761 2567 2865 2636 τῆς
2901 2569 3146 2638 ἀμαθίας
3193 2573 3442 2647 ἀναιδείᾳ
3489 2585 3730 2651 πανταχῆ,

2189 2653 2284 2706 καὶ
2326 2653 2386 2704 τὸ
2431 2659 2859 2727 συγκεχωρηκὸς
2919 2663 3058 2732 μετὰ
3115 2666 3404 2738 ῥᾳστώνης
3435 2671 3500 2724 ἑκ
3533 2689 3731 2726 σεαυτιυ

2189 2739 2546 2808 λαμϐάνοντι,
2583 2743 2676 2796 καὶ
2712 2746 2933 2818 μηδαμῆ
2967 2753 3344 2826 ταμιευσμὲνῳ
3381 2757 3476 2816 τὰς
3521 2763 3734 2830 παραλία

2189 2847 2324 2898 γους
2355 2832 2524 2904 τύχας
2553 2835 2648 2888 καὶ
2693 2843 2985 2908 τραγικὰς,
3039 2843 3163 2912 μηδ’
3212 2844 3304 2897 ἐπὶ
3339 2847 3521 2917 ῥητοῖς
3565 2851 3620 2902 τὸ
3651 2853 3732 2920 γῆς

2187 2921 2415 2992 γνώμης
2459 2921 2619 2976 ἐῶντι
2655 2925 2942 2983 καθεύδειν
2979 2933 3218 3002 μεμηνός
3251 2951 3312 2986 τε
3359 2939 3454 2990 καὶ
3507 2938 3730 3002 αὔθαδες.

2191 3013 2350 3066 Πᾶσα
2378 3014 2484 3082 γὰρ
2517 3015 2795 3088 ἐπιστήμη
2823 3019 2934 3072 τῶν
2981 3022 3148 3076 πάλαι
3182 3027 3280 3080 καὶ
3319 3031 3512 3097 σοφίας
3557 3032 3733 3102 ἔμμον-

2193 3117 2284 3164 σος
2325 3102 2563 3171 ἁρμονία
2597 3120 2656 3154 τε
2697 3106 2791 3158 καὶ
2828 3107 3033 3177 ῥυθμὸς
3077 3111 3138 3164 τὺ
3185 3113 3430 3185 ἐνεργεῖν
3475 3119 3733 3185 ἐξελάθετο

503 3207 626 3248 rum
669 3207 951 3246 rumorum
1013 3189 1275 3258 impetum
1321 3199 1378 3244 et
1418 3198 1746 3260 proventum
1791 3187 2082 3257 depingen-

2191 3193 2292 3264 τῆς
2319 3195 2416 3264 σῆς
2453 3195 2708 3249 ἁνουσίου
2757 3199 2964 3270 ταύτης
2999 3202 3306 3272 ἐνεργείας,
3333 3207 3402 3259 δι’
3431 3203 3498 3280 ἧς
3527 3212 3733 3282 ἀπονητὶ

499 3290 602 3336 tes.
665 3280 772 3336 Sed
807 3279 1066 3348 quoniam
1106 3278 1336 3334 novitati
1363 3279 1656 3332 verborum
1686 3277 1851 3332 etiam
1869 3276 2084 3346 legibus

496 3373 656 3428 novis
681 3381 766 3427 est
794 3387 953 3440 opus,
987 3388 1084 3441 age
1115 3371 1328 3424 scribas
1349 3411 1362 3434 ,
1411 3369 1456 3424 si
1489 3370 1592 3433 vis,
1626 3369 1793 3422 etiam
1826 3367 2071 3422 edictum

498 3480 702 3520 novum
757 3463 1071 3534 quoddam,
1131 3477 1200 3515 ne
1258 3463 1384 3530 quis
1431 3459 1736 3514 secundum
1793 3459 2080 3513 scientiam

505 3567 698 3624 postea
728 3563 912 3608 utatur
953 3553 1160 3618 verbis,
1213 3551 1309 3606 fias
1359 3551 1443 3606 bis
1489 3551 1830 3622 temporibus
1867 3561 1924 3604 et
1965 3551 2082 3618 ipse

498 3647 750 3701 Julianus
775 3647 1074 3714 imperator
1099 3645 1366 3712 pravitate
1393 3645 1633 3708 infamis,
1664 3651 1719 3698 et
1744 3643 2086 3732 crudeliores

503 3737 689 3806 potius
741 3751 906 3804 quam
961 3751 1025 3788 ex
1081 3735 1201 3804 ejus
1257 3744 1452 3788 natura
1505 3735 1756 3805 proferas
1799 3734 2082 3800 audacias,

498 3827 618 3878 sive
657 3827 841 3894 potius
875 3825 986 3894 jam
1019 3825 1195 3879 factus
1219 3841 1276 3878 es
1310 3826 1529 3898 adjutus
1562 3825 1851 3880 occasione
1882 3827 2082 3880 misera

497 3926 558 3988 et
594 3917 761 3968 vitam
797 3915 1093 3970 infaustam
1120 3915 1329 3984 eligens
1357 3925 1412 3969 et
1445 3915 1849 3981 detestabilem,
1879 3933 1944 3970 ex
1976 3931 2084 3986 qua

499 4003 688 4057 multa:
753 4013 945 4056 contra
1012 4001 1272 4072 pietatem
1333 4011 1706 4072 proruperunt
1771 4001 2084 4072 voragines,

499 4097 766 4164 multique
814 4095 1082 4147 malorum
1131 4093 1293 4148 effusi
1333 4105 1456 4148 sunt
1491 4110 1678 4148 amnes
1710 4093 2075 4150 nefarii.,Sed

499 4205 613 4242 non
635 4203 806 4255 usque
826 4185 894 4239 ad
917 4186 1101 4252 linem,
1131 4186 1354 4256 opinor,
1385 4187 1626 4242 ridebis:
1657 4185 1750 4241 sed
1773 4185 1930 4256 331
1958 4184 2083 4238 red-

501 4279 600 4333 det
630 4279 884 4332 celeriter
910 4277 1212 4346 imperator
1243 4279 1330 4331 bie
1370 4291 1647 4346 paternam
1683 4279 1938 4332 Ecclesia:
1962 4277 2080 4346 glo-

499 4371 639 4422 riam
679 4367 810 4432 er,
839 4367 932 4437 qui
971 4367 1098 4422 huic
1130 4378 1416 4437 paternum
1448 4369 1600 4424 dedit
1629 4385 1880 4438 regnum.

2189 3289 2288 3348 τὰς
2317 3287 2613 3351 ἀκτίστους
2660 3289 2949 3360 χαλκεύεις
2999 3297 3280 3364 ϐεότητας,
3342 3299 3400 3366 ἐξ
3447 3303 3730 3374 αὐτομάτιυ

2191 3378 2439 3448 φυείσης,
2467 3377 2656 3450 ὥσπερ
2686 3382 2747 3434 τὸ
2778 3382 2886 3436 τῶν
2921 3385 3181 3456 σπαρτῶν
3216 3390 3444 3446 ἐκείνων
3475 3396 3726 3462 γιγάντων

2189 3467 2504 3538 αὐθήμερον
2561 3470 2718 3537 γένος
2767 3472 2899 3542 ἡμῖν
2953 3475 3324 3544 ἀττικίζοντες
3379 3482 3730 3553 ὐπογράῑιουσι

2191 3555 2376 3628 μῦθοι,
2423 3565 2755 3633 καινιιτέρων
2795 3565 3162 3636 ἀκουσμάτων
3186 3573 3358 3639 φορὰν
3383 3575 3728 3640 είκονίζοντες.

2201 3649 2355 3704 Ἐπεὶ
2395 3651 2452 3704 δὲ
2485 3654 2606 3715 ταῖς
2653 3643 2759 3708 τῶν
2801 3654 2977 3723 λόγων
3023 3661 3312 3732 καινότησι
3346 3665 3442 3718 καὶ
3477 3667 3648 3737 νόμων
3671 3667 3732 3722 δεῖ

2186 3741 2540 3807 καινοτέρων,
2562 3741 2794 3812 γράψον,
2825 3746 2873 3796 εἰ
2899 3743 3107 3814 βούλει,
3139 3749 3234 3802 καὶ
3268 3751 3530 3824 ψήφισμὰ
3556 3773 3606 3808 τι
3631 3773 3730 3808 και-

2187 3827 2296 3890 νὸν,
2341 3830 2414 3896 μὴ
2447 3828 2682 3899 χρῆσθαι
2737 3831 2858 3884 κατ’
2887 3835 3204 3906 ἐπιστήμην
3261 3841 3378 3902 τοῖς
3407 3841 3585 3908 λόγοις
3639 3843 3724 3896 ἔτι.

2187 3919 2225 3970 Γ
2230 3919 2349 3971 ενοῦ
2381 3923 2494 3982 τοῖς
2540 3921 2633 3972 νῦν
2666 3923 2762 3974 καὶ
2801 3923 2964 3990 αὐτὸς
3018 3932 3229 4000 καιροῖς
3266 3929 3552 3996 Ἰουλιανὸς
3595 3935 3732 3988 αύτο-

2186 4003 2411 4076 κράτωρ
2453 4005 2546 4058 ἐπὶ
2595 4009 2764 4079 κακίᾳ
2794 4011 3238 4082 διαὸεσοημένος,
3271 4020 3366 4070 καὶ
3411 4020 3734 4090 βαρϐαρικώ-

2185 4115 2320 4166 τερα
2355 4099 2556 4168 μᾶλλον
2589 4099 2620 4170 ἢ
2655 4104 2775 4153 κατ’
2806 4104 3008 4156 ἐκεῖνον
3039 4105 3254 4169 δεικνὺς
3285 4110 3353 4163 τὰ
3403 4113 3728 4183 τολμήματα.

2186 4186 2402 4239 Μᾶλλον
2430 4187 2486 4240 δὲ
2519 4189 2613 4241 καὶ
2643 4193 2892 4258 γέγονας,
2929 4196 3122 4263 καιροῦ
3157 4201 3336 4269 τυχὼν
3381 4204 3617 4274 πονηρσῦ
3656 4209 3736 4258 xz".

2187 4279 2306 4349 βίον
2349 4281 2601 4350 ἐλόμενος
2653 4287 3026 4357 κακοδαίμονα
3074 4291 3170 4344 καὶ
3223 4293 3521 4364 ἐπάρατον,
3568 4297 3656 4364 ἀφ’
3685 4291 3734 4348 αὖ

2189 4371 2379 4424 πολλαὶ
2422 4373 2522 4444 μὲν
2563 4379 2712 4430 ’κατὰ
2761 4379 2861 4448 τῆς
2913 4381 3197 4447 εὐσεϐείας
3245 4387 3738 4459 ἁνερῤὡγεσανᾳά-

499 4481 726 4535 ραγγες,
777 4463 960 4516 πολλοὶ
1020 4464 1076 4516 δὲ
1109 4464 1293 4517 κακῶν
1339 4465 1677 4536 ἐξερρύησαν
1717 4467 1967 4536 ἀθέμιτοι
2027 4465 2248 4537 ρὗκες.
2297 4468 2437 4522 Ἀλλ’
2487 4471 2586 4524 οὐκ
2658 4475 2738 4538 είς
2811 4476 2984 4544 τέλος,
3023 4472 3199 4548 οἶμαι,
3257 4485 3569 4552 ῗχαιρήσεις,
3637 4489 3734 4539 ἀλλα

499 4557 779 4631 ιάποδώσει
810 4557 944 4626 ταχὺ
1011 4555 1266 4627 βασιλεὺς
1293 4559 1479 4612 οὐτοσὶ
1512 4560 1610 4629 τὴν
1645 4560 1874 4632 πάτριον
1923 4559 2022 4630 τῆς
2055 4559 2384 4632 Ἐκκλησίας
2413 4563 2666 4617 εὔκλειαν
2716 4567 2796 4638 τῷ
2850 4569 3106 4625 δεδωκότι
3139 4571 3316 4646 τούτῳ
3359 4577 3460 4648 τὴν
3495 4577 3734 4648 nazpq'm

441 4681 449 4688 -
497 4653 778 4726 βασιλείαν
807 4654 945 4718 Θεῷ.
983 4673 1001 4705 ι

579 4743 820 4799 XXVI“.
863 4747 958 4800 llis
1005 4748 1252 4802 l’alamas
1289 4756 1546 4818 gravatus
1571 4759 1625 4803 et
1651 4749 1810 4804 valde
1843 4749 2076 4804 aﬂ‘ectus

2253 4751 2388 4806 Kli'.
2417 4753 2642 4818 Τούτοις
2671 4757 2698 4808 ὁ
2728 4757 2994 4824 Παλαμᾶς
3031 4761 3332 4832 ἀχθόμενος
3364 4770 3457 4819 καὶ
3493 4769 3732 4836 569107;:-

491 4848 694 4892 emtra
733 4838 1224 4893 conviciabaturet
1256 4841 1408 4908 parvi
1431 4839 1670 4894 faciebat
1695 4842 1860 4895 etiam
1893 4841 2069 4911 ipsum

497 4927 762 4982 sessionis
791 4929 1105 4998 dccus,qua
1137 4929 1182 4983 si
1219 4931 1359 4999 apud
1393 4935 1450 4983 se
1483 4945 1589 4982 non
1611 4939 1786 4994 esset;
1809 4932 2074 5000 quamob-

497 5035 616 5074 rem
649 5019 814 5074 etiam
864 5019 1182 5090 frequenter
1215 5037 1273 5076 se
1309 5031 1483 5076 totum
1511 5021 1676 5076 vertit
1720 5021 1828 5076 huc
1856 5033 1912 5077 et
1943 5024 2074 5078 illuc

489 5107 556 5162 in
604 5107 746 5172 solo,
783 5107 838 5160 in
875 5124 982 5176 quo
1016 5118 1130 5162 tum
1166 5110 1400 5164 maxime
1439 5110 1688 5174 sedebat.
1727 5121 1780 5165 et
1808 5111 2071 5179 dillicilis,

491 5205 560 5248 ut
611 5195 685 5250 ita
725 5196 930 5262 dicam,
985 5208 1041 5252 et
1096 5201 1448 5272 importunus
1497 5211 1616 5256 erat
1645 5203 2073 5272 quodammodo,

491 5301 679 5354 neque
726 5287 924 5340 melius
977 5287 1281 5358 dispositus
1332 5306 1495 5358 quam
1537 5291 1800 5348 furentes.
1847 5293 2074 5349 Poteras

483 5379 642 5432 enim
672 5377 859 5434 videre
891 5395 1016 5432 eum
1072 5391 1331 5450 tanquam
1382 5382 1616 5436 oblitqu
1650 5386 1738 5439 sui
1765 5397 1821 5440 et
1862 5395 2072 5456 tempo—

487 5484 618 5522 .rum
643 5478 699 5522 et
728 5479 1100 5538 spectatorum
1123 5482 1180 5526 et
1203 5473 1308 5526 huc
1339 5473 1464 5526 illuc
1492 5475 1796 5530 trahentem
1817 5475 2074 5530 manibus

489 5560 956 5614 vestimentorum
989 5560 1285 5626 limbos,ct
1316 5563 1678 5618 adducentem
1711 5574 1768 5620 et
1797 5565 2074 5624 deducen-

484 5657 603 5704 Iem
639 5660 694 5702 et
731 5665 902 5718 usque
933 5650 1000 5703 ad
1037 5667 1197 5706 crura
1225 5657 1521 5708 undantem
1549 5667 1604 5710 et
1629 5657 1838 5712 femora
1870 5670 1924 5712 et
1953 5659 2070 5714 fere

485 5756 615 5810 qua:
675 5757 786 5794 non
839 5743 1104 5798 decorum
1152 5755 1237 5800 est
1297 5751 1586 5804 ostendere
1627 5750 1849 5806 mimico
1903 5753 2067 5806 modo

487 5842 861 5890 ostentantem
907 5835 1086 5891 obiter
1127 5848 1184 5892 ut
1224 5839 1298 5893 ita
1335 5841 1538 5910 dicam,
1589 5857 1768 5912 neque
1818 5844 2061 5900 animum

2181 4841 2290 4894 θιῗιν
2323 4845 2683 4914 ἀντελοιδόρει
2741 4865 2794 4898 τε
2828 4853 2922 4904 καὶ
2954 4853 3104 4921 παρὰ
3135 4855 3342 4922 φαῦλον
3389 4861 3616 4911 ἐποιεῖτο
3653 4863 3734 4909 xz‘:

2182 4934 2312 4986 αὐτὸ
2345 4935 2444 5004 τῆς
2485 4938 2756 5005 καθέδρας
2792 4941 2851 4994 τὸ
2894 4944 3194 5014 εὔσχημον,
3234 4947 3423 5018 ὥσπερ
3453 4950 3552 5014 ἔξω
3599 4951 3735 5016 χηνό-

2181 5039 2336 5090 μενος
2369 5023 2588 5078 ἑαυτοῦ.
2627 5026 2792 5080 Ὀοεν
2831 5031 2894 5099 δη
2952 5037 3046 5086 καὶ
3077 5037 3245 5104 συχνὰ
3277 5041 3660 5110 περιέστρεφεν
3686 5041 3710 5090 ὀ

2183 5111 2274 5167 λον
2303 5116 2494 5169 ἑαυτὸν
2533 5117 2656 5186 τῇδε
2693 5117 2758 5189 [ι.
2787 5121 2888 5175 115
2919 5121 2995 5194 r.]
3033 5127 3253 5178 κάκεῖσε
3283 5129 3368 5195 ἐφ’
3390 5123 3553 5197 οὗπερ
3591 5130 3732 5197 ἕτυιε

2178 5205 2483 5274 τηνικαῦτα
2513 5209 2747 5264 δαπέδου
2776 5213 3112 5285 καθήμενος,
3153 5222 3246 5273 καὶ
3277 5221 3629 5282 δυσκάθεκτός
3657 5240 3728 5280 τις

2181 5291 2245 5368 ἦν
2275 5299 2347 5360 ὼς
2385 5299 2562 5354 εἰπεῖν
2592 5305 2686 5354 καὶ
2740 5304 3070 5372 ἀκάθεκτος,
3101 5309 3194 5361 καὶ
3232 5313 3547 5381 μεμηνότων
3585 5311 3727 5363 οὐδὲν

2177 5389 2524 5458 διακείμενος
2579 5391 2826 5461 ἄμεινον.
2866 5391 2974 5452 Ἦν
3031 5399 3137 5469 γὰρ
3177 5401 3308 5454 ἰδεῖν
3365 5403 3523 5456 αὑτὸν
3553 5403 3724 5469 ὡσπερ

2182 5483 2548 5554 ἐκλαθόμενον
2571 5487 2766 5540 ἑαυτοῦ
2789 5505 2848 5542 τε
2882 5491 2976 5543 καὶ
3007 5469 3100 5542 τοῦ
3136 5495 3331 5564 καιροῦ
3366 5495 3578 5548 καὶτῶν
3609 5494 3726 5548 θεαι-

2179 5573 2308 5652 τῷν,
2339 5575 2434 5625 καὶ
2470 5577 2640 5644 συχνὰ
2675 5579 3055 5646 μεταφέρονται
3089 5587 3206 5644 ταῖς
3231 5587 3421 5655 χερσὶν
3449 5586 3605 5640 αὐτοῦ
3625 5586 3725 5637 τῶν

2181 5664 2411 5732 ἱματίων
2445 5667 2512 5717 τὰ
2547 5667 2830 5735 κράσπεδα
2861 5671 2955 5723 καὶ
3003 5673 3342 5744 ἀναφέροντα
3375 5681 3466 5730 καὶ
3503 5677 3726 5744 καταξέ-

2177 5771 2362 5825 ροντα,
2387 5755 2478 5808 καὶ
2521 5759 2656 5827 πρός
2691 5776 2756 5826 γε
2784 5762 3001 5830 κνήμας
3051 5781 3108 5816 τε
3148 5767 3466 5833 γυμνοῦντα
3509 5773 3592 5820 καὶ
3625 5785 3722 5833 uno

2175 5849 2322 5918 ροῦ-ξ,
2373 5848 2464 5900 καί
2523 5867 2638 5914 πως
2689 5851 2724 5904 ἃ.
2759 5855 2836 5923 μὴ
2895 5856 3050 5925 (θέμις
3089 5858 3404 5913 ὃείκνυοῢαι
3447 5859 3724 5928 θεατρικῶς
