3856 6568
181 448 269 516 293

1130 438 1586 527 \BYZANTINIE
1627 441 2013 504 HISTORIA?
2059 444 2196 508 LiB.
2244 444 2425 503 XXX.

3276 418 3386 515 aut

184 559 358 618 οὑτωσὶ
392 551 839 624 παραδεικνύντα,
868 548 1141 624 δήπουθεν
1181 550 1303 606 όδοῦ
1326 552 1604 623 πάρεργον
1634 554 1709 606 ει-

1813 556 2109 611 advertens
2158 557 2251 625 qui
2297 564 2416 612 erat
2461 548 2584 627 ejus
2629 570 2747 611 mos
2791 556 2902 612 ullo
2947 557 3111 614 modo
3161 560 3229 617 iis
3261 579 3384 632 quas
3450 560 3460 572 ’

181 654 304 717 πεῖν,
331 648 387 702 οὗ
411 646 500 700 τὸν
526 643 652 698 νοῦν
679 643 986 715 ἑφιστάνθ“,
1020 642 1097 709 ὥς
1125 643 1325 711 ἔοικεν,
1353 644 1562 716 οὐδαμῆ
1593 646 1709 708 τοῖς

180 739 465 817 δρωμένοις.
497 738 605 791 Kal.
650 735 744 790 δύο
776 735 921 791 κατὰ
964 737 1165 791 ταυτὸν
1206 736 1476 807 ἐτολμᾶτο
1506 738 1711 809 ’τάνδρὶ

179 830 446 903 τηνικαῦτα
492 827 561 880 τά
593 827 794 892 ἄτοπα,
858 827 998 900 μήτε
1025 826 1223 881 δεδιότι
1276 827 1404 900 μήτ’
1455 828 1710 898 αἰσχυνο-

182 925 308 994 μένῳ
330 935 344 951 ο
387 919 608 987 στόματι
648 916 749 989 μὲν
780 918 886 988 γὰρ
916 918 1056 989 πρὸς
1087 917 1221 973 Θεὸν
1254 917 1597 990 βλασφημῶν
1621 921 1712 973 οὐ·

177 1014 300 1085 δαμῆ
345 1009 547 1073 ἐδεδίει,
596 1011 840 1081 σχήματι
894 1009 941 1065 δ’
994 1009 1219 1080 ἀσέμνῳ
1251 1009 1349 1065 τοῦ
1398 1011 1708 1082 μεμηνότος

174 1107 358 1159 ἐκείνου
409 1100 686 1173 χρώμενος
742 1099 914 1172 ἤθους
956 1101 1053 1154 ἰπὶ
1089 1098 1362 1156 τοσούτων
1408 1100 1707 1173 ὀφθαλμῶν

156 1197 353 1267 οὐδαμῆ
380 1211 442 1264 γε
477 1192 767 1264 ῂσχὺνετο.
806 1192 918 1248 Καὶ
946 1194 1089 1265 ὅπερ
1114 1194 1209 1248 ἐπὶ
1239 1195 1340 1266 τῆς
1384 1194 1583 1266 Τροίας
1622 1197 1709 1249 ’0-

174 1286 369 1350 δυσσεὺς
391 1287 595 1347 ἐκεῖνος
624 1284 794 1340 πάλαι
816 1284 910 1339 τδν
935 1285 1304 1356 άκριτόμυθον
1333 1285 1427 1339 τοῦ
1461 1286 1706 1358 Ὀμήρου

174 1380 412 1451 Θερσίτην
440 1376 724 1447 χλευάζων
768 1375 1039 1448 ἠπείλησε
1085 1375 1241 1449 δρᾷν,
1287 1375 1579 1433 άποδύσειν
1626 1376 1707 1431 sl-

176 1491 297 1546 ματα
346 1473 483 1540 λέγω
528 1469 682 1542 φίλα,
709 1470 780 1531 τά
825 1470 874 1526 τ’
920 1469 1056 1524 αίδὼ
1099 1468 1533 1542 ἀμφικαλύπτει,
1558 1467 1708 1524 τοῦτ’

172 1574 351 1633 ἐκεῖνος
394 1569 515 1623 καθ’
547 1567 745 1622 ἑαυτοῦ
799 1565 943 1636 δρῶν
997 1567 1246 1637 ἀτεχνῶς
1275 1567 1378 1621 οὐκ
1417 1565 1703 1637 ᾐσθάνετο.

171 1667 326 1721 Ταῦτα
364 1664 452 1717 καὶ
478 1661 557 1735 μὴ
585 1663 727 1718 πάνυ
761 1660 1123 1730 γελασείοντα
1155 1658 1251 1715 τὸν
1292 1660 1582 1728 Γρηγορᾶν
1614 1672 1710 1726 γε-

170 1760 306 1815 λάσαι
329 1754 621 1825 πεποίηκε,
648 1754 745 1808 καὶ
781 1752 1071 1825 είρωνικόν
1098 1769 1222 1806 τινα
1250 1750 1529 1822 ὀφθαλμὸν
1546 1748 1708 1822 αὐτῷ

170 1847 498 1920 ἑπιρρίψαντα
543 1844 711 1915 φάναι
741 1843 949 1899 τοιαδίο
1005 1861 1025 1897 ι
1068 1841 1297 1912 Ἐγὼηδέ
1340 1858 1399 1895 σε
1423 1841 1526 1911 τῆς
1559 1842 1708 1911 ἀμα-

1814 646 2125 703 iiebant:et
2150 646 2261 703 duo
2280 663 2437 717 teque
2468 656 2581 702 tuttt
2616 648 2856 703 audebat
2884 649 3169 717 virinepta
3202 670 3383 724 neque

1792 738 2013 793 'timens
2044 752 2221 808 neque
2246 752 2463 792 verens.
2496 736 2603 794 Ore
2644 738 2790 793 enim
2824 749 3013 794 contra
3052 741 3222 797 Deum
3248 759 3383 800 con-

1810 828 2021 884 vieians
2074 830 2227 884 nullo
2289 830 2453 884 modo
2529 829 2727 885 timore
2770 833 3125 903 capiebatur;
3183 837 3378 895 habitu

1809 930 1992 977 autem
2044 921 2336 975 inhonesto
2388 919 2625 974 furentis
2661 921 2807 977 illius
2862 926 2940 981 uti
2985 929 3154 983 moris
3191 945 3376 985 coram

1811 1012 1991 1069 oculis
2050 1022 2130 1068 tot
2163 1027 2273 1066 non
2312 1011 2629 1066 verebatur.
2687 1014 2754 1067 Et
2787 1016 2936 1084 quod
2991 1028 3117 1073 ante
3158 1019 3377 1090 Trojam

1812 1105 2037 1177 Ulysses
2076 1104 2167 1159 ille
2199 1106 2328 1160 olim
2365 1104 2584 1162 Homeri
2613 1106 2908 1162 Thersiten
2954 1111 3237 1179 garrulum
3282 1112 3380 1166 de-

1809 1197 2010 1253 iudens
2077 1197 2350 1253 facturum
2423 1212 2484 1254 se
2537 1213 2659 1256 esse
2724 1199 2965 1254 minatus
3011 1209 3114 1266 est,
3184 1212 3380 1257 exutu-

1809 1306 1932 1346 rum
1991 1289 2252 1345 nimirum
2308 1292 2633 1347 vestimenta
2697 1297 2892 1362 grata,
2957 1308 3079 1364 quae
3127 1296 3378 1351 membra

1806 1379 2065 1451 pudenda
2111 1380 2274 1452 332
2323 1381 2527 1447 velant,
2586 1381 2693 1438 hoc
2745 1383 2839 1438 ille
2892 1397 2953 1439 se
3003 1383 3186 1439 facere
3245 1400 3381 1440 eon-

1811 1482 1895 1530 tra
1937 1490 1997 1530 se
2057 1474 2284 1530 omnino
2349 1490 2461 1531 non
2520 1460 3014 1534 animadvertebat.
3070 1478 3195 1535 Haec
3243 1479 3382 1536 Gre-

1807 1582 1997 1639 goram
2042 1568 2296 1637 quamvis
2332 1568 2560 1624 omnino
2608 1585 2718 1624 non
2767 1569 2949 1625 ridere
2984 1570 3256 1625 volentem
3303 1572 3372 1626 ad

1807 1658 2105 1715 ridendum
2146 1659 2521 1726 adduxerunt,
2547 1668 2605 1716 et
2646 1668 2709 1715 ut
2753 1662 2975 1716 oculum
3021 1661 3376 1717 eavillantem

1810 1752 1865 1809 in
1888 1767 2013 1808 eum
2045 1753 2347 1825 conjiciens
2375 1752 2492 1808 haec
2522 1752 2735 1808 diceret
2764 1768 2779 1806 :
2819 1753 3086 1823 Equidem
3120 1754 3381 1825 ignoran-

1813 1843 1945 1898 tiam
1976 1851 2126 1899 tuam
2156 1852 2213 1899 et
2249 1843 2649 1914 impudentiam
2684 1843 2975 1911 miserans,
3004 1846 3201 1910 amice,
3230 1861 3378 1902 nunc

171 1910 395 2002 ϐίας-καὶ
436 1910 720 2002 ἀναιδείας
767 1935 1082 2008 οἰκτείρων,
1129 1910 1406 2006 άνθρωπε.
1439 1910 1703 2005 pilorum

1810 1938 2027 2001 quoque
2058 1931 2185 1987 volo
2230 1910 2423 1988 omnes
2453 1948 2798 2004 quaecunque
2836 1910 3033 1990 vocem
3082 1936 3375 2007 sapientia:

170 2035 248 2089 καὶ
265 2031 370 2097 νῦν,
410 2029 591 2085 ὁπόσα
623 2029 724 2102 τὴν
767 2030 865 2100 τῆς
909 2028 1099 2097 σοφίας
1141 2027 1328 2099 φωνὴν
1368 2027 1573 2099 διαιρεῖ
1599 2043 1700 2098 ση-

170 2125 454 2200 μαινόμενα,
486 2123 721 2194 προθᾴς
755 2120 901 2177 κατὰ
924 2122 1052 2185 τοὺς
1080 2123 1183 2193 τῆς
1209 2123 1521 2192 ἐπιστήμης
1560 2118 1706 2174 διδά-

169 2220 241 2285 ξαι
263 2217 460 2285 λόγους,
512 2215 596 2279 ὡς
637 2213 703 2268 ἂν
731 2213 909 2284 μάθῃς
935 2212 1187 2266 ἐντεῦθεν
1227 2214 1306 2276 εἰς
1337 2212 1462 2265 ὅσον
1487 2210 1703 2265 ἐλαύνει

167 2309 334 2372 κακίας
359 2305 695 2378 βωμολοχεῖν
725 2305 819 2359 καὶ
840 2304 1152 2358 διαϐάλλειν
1179 2303 1405 2372 άναίδην
1427 2300 1704 2370 τὰς,θείάς

169 2398 377 2473 Γραφάς.
411 2396 842 2465 Ἀκολουθητὲον
873 2391 967 2449 οὖν
1000 2396 1130 2465 ἡμῖν
1161 2397 1277 2448 ἔστι
1308 2397 1374 2465 τῇ
1405 2394 1515 2447 τῶν
1543 2391 1704 2446 θείων

167 2494 396 2563 Πατέρων
429 2487 717 2545 κάνταῦθα
757 2487 1105 2559 διδασκαλίᾳ.
1132 2486 1352 2540 Νοεῖται
1395 2488 1494 2556 μὲν
1522 2485 1630 2555 γὰρ
1668 2486 1703 2555 ἡ

169 2583 305 2652 σοφία
338 2581 497 2652 διχῶς
551 2581 697 2637 κατά
726 2580 790 2634 τὸ
828 2579 1047 2634 κτιστδν
1082 2578 1177 2632 καὶ
1205 2579 1264 2632 τὸ
1290 2578 1561 2631 ἄκτιστον.
1597 2577 1705 2629 Καὶ

168 2672 333 2743 κτιστὴ
379 2672 477 2741 μὲν
525 2671 753 2740 λέγεται
803 2672 964 2740 σοφία
1012 2670 1047 2740 ἦ
1077 2688 1138 2723 τε
1170 2670 1517 2740 ὲντεθειμένη
1567 2669 1704 2738 πρὸς

166 2765 279 2819 Θεοῦ
304 2766 392 2817 καὶ
413 2761 941 2835 συναπειργασμένη
965 2763 1077 2824 τοῖς
1105 2761 1423 2831 κτίσμασιν,
1453 2759 1539 2814 ἴνα
1566 2759 1706 2829 σοφά

167 2877 215 2913 τε
250 2860 378 2914 κατά
424 2858 517 2911 τὸν
554 2857 731 2929 μέγαν
771 2855 1096 2909 Ἀθανάσιον
1145 2857 1405 2923 φαίνηται
1438 2855 1575 2907 πᾶσι
1610 2854 1704 2908 καί⁵

169 2952 264 3019 ἅμα
292 2950 380 3003 τοῦ
401 2950 773 3020 πεποιηκότος
803 2947 949 3013 ἄξια.
974 2947 1112 3000 Καθ’
1133 2947 1162 3000 ὅ
1189 2946 1587 3018 σημαινόμενον
1611 2947 1705 2999 καὶ

167 3040 308 3093 dum
329 3037 449 3101 τούς
481 3054 550 3090 τε
582 3036 846 3106 οὐρανοὺς
879 3037 975 3108 τὴν
1004 3038 1099 3090 τοῦ
1123 3036 1255 3090 Θεοῦ
1286 3038 1591 3106 διηγεῖσθαι
1616 3037 1703 3090 δό-

168 3133 244 3198 ξαν
270 3134 425 3202 φησὶν
453 3130 751 3201 ἀλαλήτοις
786 3132 1012 3197 φωναῖς,
1069 3128 1162 3183 καὶ
1212 3128 1327 3197 ἅμα
1358 3130 1540 3182 πᾶσαν
1568 3144 1703 3198 προ-

168 3224 395 3293 τρέπεται
415 3223 605 3275 κτίσιν
634 3222 710 3283 είς
737 3219 905 3290 ὕμνον
934 3220 1070 3274 Θεοῦ
1095 3222 1195 3290 ὅση
1225 3220 1333 3272 τῶν
1364 3219 1625 3289 ἐμψύχων
1645 3236 1705 3272 τε

1732 3263 1781 3320 C

1802 2022 2058 2079 dividunt
2085 2022 2516 2093 signiﬁcationes
2547 2025 2834 2096 proferens
2865 2028 3169 2081 secundum
3198 2029 3379 2083 scien-

1801 2114 1892 2171 tiae
1914 2116 2187 2171 rationem
2220 2126 2273 2171 te
2301 2116 2502 2173 docere
2527 2135 2541 2173 :
2572 2127 2633 2172 ut
2654 2118 2783 2175 inde
2803 2118 3006 2186 discas,
3038 2120 3091 2174 in
3112 2130 3375 2189 quantam

1803 2210 2130 2279 pravitatem
2163 2210 2419 2280 adigatur
2459 2209 2503 2266 si
2529 2211 2656 2282 quis
2689 2221 2927 2281 nugatus
2957 2224 3238 2283 pervertat
3268 2214 3377 2268 im‘

1802 2300 2442 2373 pudenter.Seripturas
2495 2302 2731 2358 divinas.
2793 2304 3147 2374 Sequendum
3212 2305 3380 2373 igitur

1802 2402 1889 2448 est
1918 2392 2078 2448 nobis
2122 2393 2430 2448 divinorum
2457 2393 2680 2449 Patrum
2713 2394 2804 2449 hic
2828 2411 3045 2465 quoque
3075 2397 3380 2453 institutio-

1804 2497 1952 2538 nem.
1985 2482 2317 2553 lntelligitur
2347 2484 2493 2539 enim
2526 2485 2795 2555 sapientia
2827 2485 3124 2556 dupliciter
3179 2502 3379 2541 secun-

1804 2573 1933 2630 dum
1965 2583 2207 2630 creatum
2239 2585 2297 2632 et
2327 2577 2655 2641 increatum,
2715 2586 2881 2648 atque
2926 2587 3109 2634 creata
3151 2578 3375 2649 quidem

1805 2665 2009 2720 dicitur
2038 2667 2307 2738 sapientia
2357 2683 2423 2723 ea
2453 2684 2577 2739 qua:
2606 2668 2787 2723 infusa
2820 2679 2906 2723 est
2960 2686 2989 2725 a
3023 2669 3133 2724 Deo
3185 2670 3379 2725 simul-

1804 2771 1913 2827 que
1943 2756 2194 2813 coni’ecta
2217 2759 2441 2824 creatis,
2497 2768 2557 2814 ut
2616 2759 2885 2826 sapientia
2934 2760 3026 2814 illa
3073 2761 3378 2815 secundum

1805 2847 2171 2903 Athanasium
2217 2864 2472 2919 magnum
2517 2850 2776 2906 omnibus
2806 2852 3130 2906 viderentur
3191 2851 3381 2906 simul-

1806 2954 1915 3010 que
1941 2939 2205 2996 Creatore
2227 2940 2388 3010 digna
2420 2959 2434 2995 :
2465 2943 2769 2996 secundum
2802 2958 2968 3013 quam
3017 2943 3380 3014 signiﬁcatio-

1807 3049 1934 3089 nem
1969 3034 2135 3089 etiam
2169 3033 2337 3088 David
2368 3035 2539 3090 caelos
2568 3050 2834 3090 enarrare
2894 3035 2991 3091 Dei
3037 3037 3267 3106 gloriam
3298 3035 3383 3089 di-

1807 3125 1883 3181 cit
1915 3125 2085 3181 mutis
2112 3125 2334 3195 linguis.
2384 3124 2669 3197 Simulque
2719 3132 2904 3181 omnia
2944 3137 3128 3183 creata
3179 3128 3378 3183 cohor-

1810 3227 1959 3271 tatur
1995 3217 2065 3271 ad
2117 3218 2289 3272 Deum
2346 3216 2761 3281 celebrandum,
2815 3233 3159 3288 qua'cunque
3199 3221 3377 3274 anima

167 3315 245 3367 καὶ
269 3314 356 3387 μὴ,
390 3317 480 3367 καὶ
506 3315 620 3385 ὅση
658 3313 767 3366 τῶν
793 3311 1129 3383 αἰσθητικῶν
1159 3313 1255 3366 καὶ
1280 3313 1378 3383 μή.
1410 3313 1517 3365 Καὶ
1555 3311 1633 3363 ἔτι
1668 3310 1701 3381 ἢ

1810 3309 2036 3381 prtedita
2083 3317 2139 3364 et
2166 3306 2450 3374 destituta,
2484 3324 2826 3378 quaecunque
2863 3324 3026 3364 sensu
3083 3319 3210 3364 sunt
3236 3326 3379 3379 pne-

168 3408 260 3470 τοίς
281 3404 688 3476 διδασκομένοις
716 3407 981 3473 ἐντέχνως
1023 3406 1087 3457 ὲκ
1117 3402 1578 3473 προϋπαρχούσης
1615 3402 1705 3469 γί-

167 3513 293 3549 νεται
321 3494 601 3565 γνώσεως.
637 3488 782 3567 Ἑνῇ
827 3494 888 3545 τὸ
922 3493 1119 3548 εἰδέναι
1157 3494 1252 3545 καὶ
1285 3491 1346 3543 τὸ
1383 3491 1706 3544 ἐπίστασθαι

166 3588 377 3660 ἔχοντας,
405 3590 701 3650 δεκτικοὺς
731 3588 828 3655 τῆς
857 3583 1192 3655 δημιουργοῦ
1214 3583 1323 3636 τῶν
1344 3584 1482 3636 ὅλων
1514 3583 1707 3650 σοφίας

165 3680 287 3750 ἡμᾶς
313 3681 359 3732 οι
396 3679 537 3731 θεῖοι
572 3674 815 3747 Πατέρες
856 3675 1125 3743 φάσκουσι
1171 3671 1416 3742 γίνεσθαι
1450 3671 1539 3725 τόν
1576 3669 1706 3723 ἑκά-

167 3789 291 3835 στοις
312 3772 500 3827 ἐνόντα
528 3770 756 3838 τρόπον.
791 3769 902 3822 Καὶ
934 3767 995 3820 τὸ
1037 3765 1279 3835 γνωστὸν
1316 3763 1412 3817 τοῦ
1438 3763 1571 3817 Θεοῦ
1606 3778 1709 3833 φα-

165 3862 296 3933 νερδν
341 3861 428 3915 διὰ
470 3859 593 3914 τῶν
638 3856 976 3927 κτισμάτων.
1008 3856 1301 3919 ’Λκτιστος
1343 3856 1398 3909 δὲ
1461 3855 1622 3924 σοφία
1676 3854 1706 3906 ό

169 3952 279 4018 Υίδς
300 3954 392 4007 καὶ
416 3953 600 4021 Λόγος
626 3949 719 4004 τοῦ
746 3948 901 4013 Θεοῦ,
925 3948 993 4002 δι’
1024 3944 1092 4020 ἦς
1122 3950 1215 4002 καὶ
1253 3948 1312 4001 ὲν
1413 3947 1481 4001 τά
1527 3947 1708 4000 πάντα

167 4048 354 4115 γέγονε.
381 4045 534 4116 Πλὴν
570 4041 694 4112 οὐχὶ
719 4041 894 4111 τούτῳ
925 4041 1096 4110 Λόγος
1121 4040 1156 4109 ἢ
1190 4040 1319 4102 Υἱὸς
1342 4034 1387 4108 ᾧ
1406 4042 1499 4094 καὶ
1522 4040 1704 4109 σοφία.

171 4138 228 4191 Ἥ
260 4139 348 4208 μὲν
379 4139 489 4209 γάρ
517 4135 656 4198 Υἱὸς
683 4133 777 4188 καὶ
810 4133 978 4203 Λόγος
1010 4132 1076 4204 [ι’.
1112 4132 1209 4188 151
1244 4131 1322 4205 tu]
1356 4132 1511 4200 φωνὴ
1545 4134 1706 4203 μονόο

161 4243 338 4297 τροπον
366 4227 483 4296 ἔχει
517 4225 631 4294 τὴν
661 4224 941 4293 σημασίαν
959 4223 1052 4276 καὶ
1073 4222 1415 4292 άναφορικὴν
1447 4221 1583 4292 πρὸς
1610 4221 1705 4275 τὸν

166 4322 377 4388 Πατέρα,
407 4318 443 4389 ἡ
489 4319 553 4371 δὲ
580 4317 683 4387 τῆς
720 4315 921 4384 σοφίας
938 4314 1153 4385 διπλῆν.
1189 4314 1424 4383 Λέγεται
1459 4314 1559 4383 μὲν
1598 4316 1709 4385 γὰρ

162 4412 243 4466 καὶ
284 4411 400 4465 καθ’
442 4410 587 4465 αὐτὸ
626 4409 787 4477 σοφία
838 4404 1281 4476 καθόλικωτέραν
1329 4405 1452 4476 ἔχον
1483 4406 1582 4477 τὴν
1626 4408 1713 4460 ἔν-

164 4518 311 4565 νοιαν,
351 4501 442 4555 ὅτε
460 4498 667 4554 ταυτὸν
693 4498 778 4565 εῐη
817 4494 1004 4565 σαφῶς
1029 4497 1094 4563 τῇ
1116 4494 1279 4566 οὐσίᾳ
1311 4496 1407 4549 καὶ
1442 4493 1592 4548 τοῦτ’
1624 4494 1712 4565 εἴη

1807 3406 1919 3458 dita
1950 3411 2009 3458 et
2034 3402 2322 3465 destituta,
2347 3411 2402 3457 et
2429 3417 2594 3472 porro
2616 3417 2713 3456 eos
2744 3402 2838 3471 qui
2870 3402 3033 3456 docte
3080 3403 3380 3457 instituun-

1811 3506 1901 3550 tur
1939 3512 2008 3552 οι
2057 3495 2375 3567 cognitione
2427 3503 2588 3549 antea
2638 3493 2924 3549 substante
2957 3511 2971 3548 :
3000 3493 3053 3548 in
3105 3509 3212 3564 qua
3253 3509 3377 3549 cum

1810 3585 2092 3640 scientiam
2112 3594 2167 3639 et
2194 3584 2617 3653 intelligentiam
2688 3584 2992 3639 habeamus
3051 3584 3236 3638 testari
3276 3599 3381 3640 nos

1808 3677 2131 3744 sapientiam
2167 3675 2355 3731 omnia
2406 3670 2685 3731 erean’tem
2740 3692 2841 3729 suo
2890 3692 3165 3746 quemque
3214 3677 3381 3730 insito

1811 3782 1965 3821 more
1992 3766 2180 3821 Patres
2209 3766 2380 3822 divini
2433 3765 2813 3831 contendunt;
2872 3782 2937 3822 ac
3004 3784 3125 3837 qua-
3187 3754 3382 3822 inDeo

1811 3855 2064 3925 cognosci
2094 3863 2323 3925 possunt
2346 3854 2492 3909 clara
2522 3864 2652 3909 sunt
2708 3858 2910 3912 creatis
2937 3873 2951 3921 ;
3008 3857 3255 3911 increa.a
3283 3871 3383 3911 au-

1813 3956 1923 4001 tem
1954 3956 2038 4002 est
2082 3947 2349 4015 sapientia
2385 3946 2553 4001 Filius
2603 3955 2660 4001 ct
2696 3948 2931 4003 Verbum
2960 3949 3075 4013 Dei,
3109 3965 3214 4018 qua
3243 3959 3299 4001 et
3327 3951 3378 4002 in

1812 4054 1921 4109 qua
1947 4037 2205 4092 universa
2236 4038 2379 4091 facta
2411 4044 2558 4092 sunt.
2587 4038 2692 4092 Sed
2722 4054 2832 4092 non
2883 4049 2964 4094 est
2999 4042 3176 4094 eidem
3217 4042 3379 4112 333

1815 4143 2033 4199 semper
2068 4128 2297 4183 verbum
2329 4141 2421 4181 aut
2457 4127 2626 4183 Filius
2657 4130 2745 4183 cui
2771 4131 3059 4198 sapientia.
3090 4132 3203 4187 Vox
3232 4135 3379 4187 enim

1814 4217 1943 4273 Filii
2003 4226 2061 4273 et
2110 4218 2277 4273 Verbi
2350 4218 2652 4286 simplicem
2706 4219 2869 4272 habet
2926 4219 3380 4289 Significationetn

1814 4319 1870 4367 et
1911 4309 1980 4364 ad
2007 4309 2227 4365 Patrem
2276 4308 2504 4363 relatam
2537 4323 2552 4361 :
2588 4311 2873 4378 sapientiae
2922 4321 3102 4365 autem
3148 4327 3252 4366 vox
3285 4313 3386 4367 du—

1815 4403 2035 4474 plicem.
2065 4403 2273 4459 Dicitur
2297 4404 2444 4456 enim
2480 4418 2577 4471 per
2646 4418 2704 4456 se
2734 4404 3002 4472 sapientia
3040 4405 3185 4473 quod
3217 4422 3386 4475 gene-

1818 4496 2073 4551 raliorem
2114 4496 2281 4551 habet
2309 4494 2617 4561 notionem,
2681 4496 2773 4549 ubi
2846 4507 3035 4566 aperte
3105 4497 3250 4551 idem
3301 4507 3387 4553 est

163 4586 361 4646 τὸεῖναι
393 4590 579 4662 ταύτῃ
623 4588 653 4641 δ
686 4586 749 4640 τὸ
798 4586 992 4655 σοφίαν
1037 4582 1176 4639 εἶναι
1203 4585 1346 4639 κατὰ
1389 4584 1481 4640 τὸν
1513 4584 1606 4639 τοῦ
1639 4585 1709 4638 si.

1817 4604 1941 4644 cum
1970 4589 2208 4645 essentia
2239 4606 2253 4644 :
2288 4596 2453 4657 atque
2482 4587 2588 4643 hoc
2620 4588 2768 4643 idem
2825 4590 2942 4643 fere
2973 4601 3058 4644 est
3119 4592 3264 4660 quod
3299 4606 3387 4645 sa-

162 4681 269 4746 δους
305 4683 484 4736 εῐτουν
521 4680 619 4733 τὸν
663 4677 763 4750 τῆς
812 4677 1030 4748 φύσεως
1064 4675 1497 4757 καθολικῴτερον
1532 4676 1711 4746 λόγον,

163 4774 238 4828 ὅτε
267 4775 427 4845 σοφία
455 4773 715 4829 καλεῖται
755 4773 783 4825 ό
815 4770 1008 4842 Πατὴρ
1041 4769 1139 4824 καὶ
1163 4770 1193 4822 ό
1223 4769 1352 4832 Υίδς
1380 4770 1579 4840 ὁμοίως
1608 4769 1715 4823 ὥσ.

165 4882 257 4938 περ
306 4867 402 4920 καὶ
448 4864 616 4920 οὐσία
672 4864 935 4930 ἑκάτερα.
993 4863 1232 4931 Λέγεται
1268 4861 1328 4914 δὲ
1358 4861 1524 4930 σοφία
1551 4861 1646 4914 καὶ
1680 4861 1715 4931 ἡ

144 4948 448 5022 ¹ὑπόστασις
490 4961 561 5013 tat
597 4958 693 5012 τοῦ
730 4956 1169 5028 καθολικωτέρου
1198 4954 1555 5026 λαμΰάνουσα
1588 4953 1715 5008 τοῦ-

163 5065 310 5117 νομα,
338 5049 532 5119 ὥσπερ
564 5046 662 5101 καὶ
701 5045 990 5117 ἄνθρωπόν
1022 5063 1203 5116 φαμεν
1234 5044 1449 5109 εἰδικῶς
1491 5045 1588 5099 καὶ
1618 5061 1717 5098 κα·

163 5139 300 5193 θόλου
332 5141 431 5210 τὴν
477 5137 672 5190 οὐσίαν
711 5137 808 5189 καὶ
851 5138 1034 5205 φύσιν.
1076 5135 1253 5187 εῐτουν
1295 5133 1433 5197 καθ’;
1455 5132 1586 5187 αὐτὸ
1620 5132 1718 5187 καὶ

161 5232 345 5300 κυρίως
394 5231 495 5285 καὶ
549 5227 759 5300 οὐδαμῆ
811 5229 949 5298 πρὸς
988 5228 1196 5298 Ξτερον,
1247 5225 1361 5279 ἐστι
1409 5225 1457 5278 δ’
1491 5225 1581 5278 ὅτε
1616 5226 1712 5276 καὶ

160 5323 299 5392 τήνδε
319 5325 419 5392 τὴν
447 5323 774 5383 ὑπόστασιν,
804 5320 898 5373 τόν
929 5318 1137 5388 Πέτρον
1176 5318 1401 5389 δηλαδὴ,
1432 5317 1492 5371 τὸ
1516 5316 1717 5370 εἰδικόν

159 5429 211 5467 τε
239 5418 329 5468 καὶ
358 5394 801 5484 καθολικώτερον
824 5414 995 5480 ὄνομα
1027 5415 1107 5475 εἰς
1148 5413 1210 5465 τὸ
1244 5412 1595 5482 προσωπικὸν
1622 5410 1718 5464 καὶ

164 5505 351 5570 ἰδιάζον
407 5506 832 5577 μεταφέροντες.
869 5504 944 5560 Οὐ
995 5504 1104 5573 γάρ
1132 5505 1281 5557 ἐστιν
1315 5502 1590 5556 ἰδιώτατον
1620 5520 1718 5556 πε-

165 5603 530 5672 ρικλειόμενον
577 5603 612 5673 η
646 5600 810 5668 σοφία
859 5601 990 5666 τινὶ,
1045 5598 1155 5651 οὐδ’
1206 5597 1537 5669 ἀναφορικὺν
1569 5596 1645 5659 ὡς
1690 5597 1717 5648 ό

154 5693 263 5757 ὐἱὸς
300 5697 440 5767 πρὸς
467 5694 563 5747 τὸν
586 5696 790 5763 πατέρα
826 5697 917 5745 καὶ
944 5694 973 5746 ό
1002 5692 1157 5758 λόγος
1187 5690 1323 5759 πρὸς
1353 5689 1444 5741 τὸν
1472 5681 1533 5740 οὗ
1562 5688 1718 5756 λόγος

164 5785 296 5837 ἐστὶν
326 5789 448 5837 εστὶ
498 5787 661 5848 νοῦςο
705 5786 895 5855 τὰμὲν
925 5789 1035 5854 γὰρ
1087 5783 1322 5853 οὐσιὼδη
1370 5784 1463 5834 καὶ
1513 5781 1719 5849 φυσικὰ

166 5875 623 5947 τιεριεκτικὼτερὰ
644 5880 748 5931 είσι
778 5880 869 5930 καί
902 5880 1096 5946 ἄφετον
1123 5877 1230 5945 ἔχει
1262 5879 1357 5945 τὴν
1385 5875 1616 5941 ἔννοιαν,
1648 5877 1718 5929 τὰ

1816 4682 1975 4753 piens
1998 4682 2235 4737 essentia
2259 4681 2562 4737 secundum
2588 4682 2777 4734 forma:
2815 4682 2933 4735 sive
2970 4692 3181 4736 natura:
3214 4685 3383 4736 ratio-

1815 4787 1940 4828 nem
1970 4772 2387 4847 generaliorem,
2435 4771 2529 4825 ubi
2564 4771 2832 4842 sapientia
2861 4787 3089 4828 vocatur
3134 4776 3294 4829 Pater
3331 4784 3391 4830 et

1815 4865 2217 4921 FiliuS'eodem
2257 4865 2419 4919 modo
2457 4881 2568 4934 quo
2625 4865 2791 4920 etiam
2828 4867 3066 4922 essentia
3135 4878 3386 4938 utraque.

1816 4958 2028 5014 Dicitur
2059 4968 2242 5013 autem
2281 4958 2553 5028 sapientia
2598 4957 2763 5012 etiam
2820 4959 3147 5023 substantia,
3187 4976 3389 5014 noxnen

1818 5049 2093 5120 accipiens
2120 5062 2151 5103 a
2189 5063 2390 5120 genere
2421 5066 2435 5103 :
2464 5057 2523 5103 ut
2551 5048 2855 5103 secundum
2881 5049 3108 5105 formam
3135 5062 3188 5105 et
3215 5068 3395 5122 genus

1817 5141 2111 5196 essentiam
2142 5150 2197 5195 et
2227 5151 2480 5196 naturam
2509 5140 2675 5196 etiam
2704 5141 2985 5197 hominem
3018 5146 3392 5213 appellamus,

1817 5230 1932 5286 sive
1964 5246 2062 5301 per
2092 5245 2151 5286 se
2184 5241 2241 5286 et
2265 5232 2509 5301 prOprie,
2553 5241 2611 5287 et
2660 5232 2813 5286 nullo
2856 5234 3019 5289 modo
3063 5235 3391 5291 'referentes

1818 5323 1886 5377 ad
1917 5322 2085 5380 aliud.
2114 5323 2400 5376 interdum
2438 5322 2607 5377 etiam
2679 5336 2887 5381 certam
2950 5327 3093 5382 hanc
3136 5327 3393 5382 substan-

1821 5415 1972 5479 tiam,
2010 5415 2236 5470 l'etrum
2267 5415 2551 5481 nimirum,
2582 5415 2659 5471 ita
2711 5427 2774 5472 ut
2831 5417 3022 5474 formae
3064 5429 3120 5474 et
3171 5421 3393 5491 generis

1820 5521 2021 5562 nomen
2048 5507 2103 5561 in
2127 5517 2337 5562 certum
2367 5516 2423 5561 et
2444 5517 2717 5581 secretum
2755 5511 3166 5567 transferamus.
3203 5512 3391 5582 Neque

1818 5599 1967 5654 enim
1993 5598 2261 5666 sapientia
2289 5614 2414 5655 cum
2434 5600 2506 5655 sit
2553 5599 2759 5670 aliquid
2805 5604 3040 5656 maxime
3092 5616 3388 5671 secretum,

1819 5691 2247 5751 circumclusum
2279 5691 2387 5746 ulla
2425 5707 2505 5759 re,
2530 5708 2710 5763 neque
2760 5693 2954 5748 referri
2995 5694 3158 5750 debet
3212 5706 3273 5751 ut
3301 5696 3393 5751 Εἰ-

1819 5784 1927 5857 lius
1956 5784 2023 5838 ad
2051 5782 2297 5846 Patrem,
2361 5792 2416 5838 et
2461 5785 2603 5838 ratio
2663 5785 2730 5837 ad
2780 5785 2859 5848 id,
2917 5794 3072 5855 cujus
3122 5792 3260 5843 ratio
3309 5800 3394 5845 est

1822 5892 1994 5933 mens.
2029 5873 2357 5931 Essentialia
2385 5876 2534 5930 enim
2580 5885 2635 5933 et
2689 5878 2959 5933 naturalia
3002 5880 3170 5935 latius
3208 5891 3396 5952 patent
