3966 6580
519 392 629 458 295

1685 388 2103 451 NICEPHORI
2159 390 2544 452 GREGOR/E

3673 393 3765 455 2'56

513 508 851 576 liberamque
885 503 1091 558 habent
1149 505 1432 561 notionem
1470 520 1485 559 :
1517 517 1642 574 quae
1697 514 1883 560 autem
1951 505 2092 559 refc-

2203 506 2242 560 δ’
2289 506 2600 578 ἀναφορικά
2637 507 2770 577 πρὸς
2812 503 3020 579 ἀλληλά
3065 507 3128 562 τὲ
3171 511 3312 573 ἐστι,
3347 505 3440 560 καὶ
3472 508 3540 577 τῇ
3581 511 3766 577 μεταξὺ

517 607 716 652 runtur
750 599 896 651 inter
923 611 981 651 sc
1012 585 1300 650 et‘babitu
1366 605 1561 651 mutuo
1615 597 1910 668 conjuncta
1971 607 2101 653 sunt

515 704 697 761 neque
733 689 843 744 ullo
871 689 1034 744 modo
1059 689 1386 743 conceditur
1422 688 1489 743 iis
1552 698 1612 744 ut
1648 689 1966 745 liberiorem
2000 690 2100 746 ha-

515 781 682 835 beant
707 779 1162 850 signiﬁcationem
1193 796 1209 847 ;
1239 790 1299 834 ut
1326 781 1494 850 igitur
1522 781 1686 836 Pater
1722 791 1808 837 est
1837 783 2098 850 essentia,

516 874 688 928 Filius
721 874 984 937 essentia,
1023 872 1265 944 Spiritus
1298 881 1525 928 sanctus
1571 875 1833 934 essentia.
1866 875 1940 929 ita
2007 874 2103 931 Pa-

518 975 603 1019 ter
630 965 794 1020 etiam
832 965 1124 1035 sapientia,
1167 965 1332 1038 334
1360 965 1534 1020 Filius
1573 965 1867 1034 sapientia,
1925 965 2101 1036 Spiri-

517 1068 606 1114 tus
632 1069 855 1115 sanctus
892 1059 1162 1129 Sapientia
1193 1076 1207 1113 :
1238 1058 1513 1128 simulque
1555 1058 1822 1126 sapientia
1861 1075 1990 1122 una,
2042 1068 2103 1114 ut

514 1154 754 1208 essentia
784 1169 912 1214 una,
954 1166 1134 1222 neque
1180 1165 1313 1205 vero
1341 1150 1626 1220 sapientia:
1655 1159 1803 1215 tres,
1833 1161 1895 1208 ut
1924 1167 2103 1222 neque

516 1255 627 1298 tres
660 1244 936 1298 essentize.
980 1241 1116 1299 Cum
1154 1242 1321 1312 igitur
1360 1241 1534 1296 Filius
1564 1242 1740 1297 dicit:
1781 1262 1799 1294 ε
1834 1242 1949 1312 Ego
1979 1259 2100 1298 sum

513 1336 804 1405 sapientia,
838 1354 856 1386 ι
907 1345 960 1390 et
1020 1349 1212 1389 rursus
1263 1334 1563 1404 Apostolus
1600 1350 1615 1392 :
1653 1353 1672 1386 ε
1720 1333 1974 1390 Christus
2007 1335 2102 1391 Dei

516 1429 760 1500 potentia
797 1437 853 1482 et
892 1428 983 1481 Dei
1041 1428 1336 1497 sapientia,
1387 1445 1405 1478 ι
1443 1437 1504 1483 ιιι
1556 1443 1623 1482 ex
1675 1427 1834 1484 Patre
1870 1430 1962 1498 qui
2019 1438 2105 1486 est

519 1522 764 1590 potentia
801 1529 858 1574 et
883 1519 1180 1588 sapientia,
1227 1518 1446 1588 genitus
1481 1521 1779 1588 cogitatur,
1838 1532 1899 1576 ut
1927 1521 2021 1576 lux
2072 1536 2104 1576 e

517 1615 663 1673 luce,
706 1621 762 1666 et
795 1612 938 1664 Deus
959 1625 988 1664 c
1017 1610 1286 1676 Deo.Quo
1310 1609 1474 1679 igitur
1503 1611 1803 1680 impietatis
1833 1627 1942 1666 non
1974 1629 2104 1682 pro-

518 1709 696 1770 cedit,
738 1709 830 1776 qui
908 1706 1147 1767 dixerit,
1202 1706 1368 1760 Deum
1430 1722 1550 1761 esse
1607 1709 1956 1778 suppositum
2019 1726 2105 1766 sa-

518 1799 736 1868 pientia:
789 1806 1046 1867 tanquam
1079 1797 1378 1861 accidenti,
1417 1814 1592 1866 neque
1621 1799 1948 1869 sapientiam
1980 1817 2103 1858 esse

518 1892 700 1961 potius
753 1889 1085 1954 essentiam;
1135 1903 1313 1959 neque
1384 1890 1555 1945 Deum
1619 1907 1742 1946 esse
1797 1902 1856 1946 ut
1917 1907 2105 1950 essen-

519 1989 650 2041 tiam
675 2002 854 2049 suam,
885 1986 957 2038 ita
989 1984 1155 2038 etiam
1199 1983 1524 2052 sapientiam
1554 2000 1733 2051 suam,
1772 1986 1868 2042 sed
1927 1987 1982 2042 in
2033 2003 2103 2044 eo

519 2087 578 2131 ut
602 2078 656 2132 in
689 2076 977 2147 supposito
1015 2089 1274 2143 tanquam
1315 2075 1669 2131 artiﬁciosam
1703 2077 1860 2132 istam
1887 2079 2106 2150 sapien-

518 2172 648 2224 tiam
675 2169 943 2222 inanimo
998 2167 1268 2221 humano?
1324 2166 1440 2222 Hoc
1496 2169 1642 2222 enim
1702 2169 1880 2226 iacere
1933 2173 2102 2226 etiam

518 2275 750 2331 magnus
770 2260 1106 2314 Athanasius
1147 2258 1367 2326 regulas
1396 2268 1452 2313 et
1487 2260 1638 2329 leges
1686 2261 2104 2332 pliilOSOphicas

518 2351 769 2406 veritatis
803 2361 1026 2404 secutus
1087 2349 1245 2402 valde
1301 2357 1472 2412 vetat,
1517 2348 1822 2417 impietatis
1873 2351 2104 2420 partici-

519 2459 616 2513 pes
648 2443 829 2496 reddit
859 2451 1064 2496 seetam
1105 2455 1298 2494 eorum
1328 2450 1573 2506 secutos,
1611 2441 1706 2510 qui
1769 2441 1824 2496 in
1849 2441 1962 2497 Deo
2021 2442 2104 2496 di-

516 2544 642 2591 cant
665 2549 787 2589 esse
840 2533 1166 2601 sapientiam
1237 2539 1299 2584 ut
1351 2531 1599 2585 habitum
1651 2533 1996 2588 accidentem
2047 2542 2138 2607 et.

519 2645 632 2684 non
671 2626 1035 2690 accidentem,
1070 2641 1247 2695 neque
1305 2640 1436 2678 vero
1471 2626 1650 2694 ipsum
1703 2640 1830 2681 esse
1885 2627 2106 2696 sapien-

521 2720 672 2774 tiam.
702 2717 803 2772 llic
833 2718 995 2786 igitur
1041 2731 1165 2770 cum
1227 2714 1497 2784 sapientia
1547 2716 1619 2770 sit
1653 2714 1878 2785 duplex,
1933 2720 2104 2772 altera

517 2825 716 2866 creans
753 2819 810 2864 et
847 2810 1018 2879 prima
1046 2818 1103 2863 et
1136 2807 1366 2873 faciens,
1401 2809 1571 2862 altera
1623 2818 1828 2870 creata,
1861 2807 2103 2878 itemque

518 2900 692 2954 altera
767 2897 1108 2967 excogitans,
1165 2898 1335 2951 altera
1396 2897 1722 2967 excogitata,
1779 2895 1906 2952 dein
1972 2898 2101 2953 item

517 2992 694 3044 altera
738 3003 1138 3060 progenerans,
1222 2987 1393 3042 altera
1468 2986 1686 3052 eil‘ecta,
1738 2988 1989 3057 sequitur
2043 2997 2106 3043 ut

519 3084 668 3138 illius
710 3081 933 3152 quidem
974 3080 1046 3135 sit
1077 3081 1292 3151 genitor
1321 3087 1378 3136 et
1412 3080 1572 3134 Pater
1600 3079 1768 3143 Deus,
1817 3079 1984 3150 hujus
2007 3095 2105 3134 au-

2203 599 2539 669 συνδεόμενα
2565 601 2748 671 σχέσει
2777 601 2980 671 ἄφετον
3007 599 3153 672 ἔχειν
3173 601 3384 672 οὐδαμῆ
3416 603 3768 671 συγχωρεῖται

2200 692 2300 760 τὴν
2323 693 2621 761 σημασίαν.
2657 692 2872 762 Ὠσπερ
2910 687 3005 747 οὖν
3048 692 3208 746 οὐσία
3251 692 3280 742 6
3320 692 3541 762 Πατὴρ,
3569 689 3769 745 οὐςίαό

2201 784 2352 849 Υἱὸς,
2381 786 2540 840 οὐσία
2572 785 2633 839 τὸ
2664 784 2886 853 Πνεῦμα
2917 784 2980 837 τὸ
3016 786 3190 852 ᾰγιον,
3223 781 3399 845 οὕτως
3439 783 3550 852 ἀρα
3576 783 3671 836 καὶ
3697 800 3770 836 σο-

2201 876 2302 948 φία
2343 877 2372 930 6
2407 877 2617 947 Πατὴρ,
2652 875 2815 944 σοφία
2850 877 2879 930 6
2931 874 3081 938 Υἱὸς,
3122 872 3286 942 σοφία
3330 872 3393 926 τδ
3448 872 3677 942 Πνεῦμα
3719 875 3770 926 τὸ

2201 967 2359 1035 ἀγιον
2377 983 2392 998 ⁸
2420 966 2517 1020 καὶ
2538 965 2674 1036 ὁμοῦ
2703 966 2802 1034 μία
2822 963 2984 1031 σοφία
3005 963 3081 1026 ὼς
3100 961 3200 1032 μία
3222 961 3402 1026 οὐσία,
3438 960 3534 1014 καὶ
3555 959 3620 1012 οὗ
3641 961 3771 1029 τρεῖς

2205 1059 2392 1128 σοφίαι
2421 1057 2614 1128 ὥσπερ
2643 1057 2764 1110 οὐδὲ
2795 1057 2949 1126 τρεῖς
2999 1053 3202 1108 οὐσίαι.
3233 1053 3405 1107 Ὅταν
3454 1050 3552 1106 οὖν
3590 1053 3621 1106 6
3661 1046 3773 1116 Υίδς

2203 1149 2362 1221 λέγῃ,
2399 1168 2419 1202 ε
2462 1147 2608 1218 Ἐγώ
2637 1148 2753 1217 εἰμι
2783 1147 2817 1216 ἡ
2850 1145 3037 1216 σοφία,
3079 1163 3098 1196 ι
3143 1143 3240 1198 καὶ
3267 1144 3338 1198 αὖ
3365 1146 3392 1199 6
3435 1144 3768 1209 ’Δπόστολος,

2209 1260 2229 1295 ε
2264 1241 2500 1314 Χριστὸς
2545 1239 2681 1293 θεοῦ
2729 1238 2958 1306 δύναμις
3004 1238 3098 1290 καὶ
3135 1236 3272 1291 Θεοῦ
3329 1236 3516 1304 σοφία,
3553 1254 3571 1287 i
3616 1236 3689 1299 ὡς
3719 1238 3772 1289 ἑκ

2212 1336 2425 1404 Πατρὶς
2451 1335 2738 1404 δυνάμεως
2773 1333 2926 1398 ὄντος
2977 1333 3074 1388 καὶ
3115 1333 3309 1403 σοφίας
3339 1334 3566 1395 νοεῖται,
3601 1330 3773 1402 ὥσπερ

2206 1427 2322 1496 φῶς
2350 1429 2414 1481 ἐκ
2449 1425 2627 1497 φωτὸς
2649 1427 2746 1480 καὶ
2773 1425 2905 1488 Θεὸς
2942 1425 3007 1478 ἐκ
3035 1424 3195 1478 Θεοῦ.
3234 1424 3343 1478 Ποῦ
3379 1426 3562 1478 τοίνυν
3599 1425 3696 1478 οὐκ
3719 1426 3772 1478 ἂν

2205 1519 2457 1582 ἀσεϐείας
2496 1517 2710 1573 ἐλαύνοι
2750 1517 2841 1571 τὸν
2868 1516 3001 1570 Θεὸν
3030 1517 3360 1570 ὑποκεῖσθαι
3389 1517 3573 1586 λέγειν
3602 1520 3669 1588 τῇ
3702 1535 3775 1570 σοι

2207 1611 2307 1683 φίᾳ
2335 1611 2587 1678 καθάπερ
2617 1609 3010 1680 συμϐεΰηκότι,
3044 1612 3139 1662 καὶ
3173 1608 3250 1680 μὴ
3281 1607 3425 1663 εἶναι
3462 1609 3670 1678 μᾶλλον
3691 1610 3772 1680 τὴν

2209 1704 2404 1772 σοφίαν
2444 1703 2656 1766 οὐσίαν,
2690 1703 2829 1774 μηδὲ
2862 1703 2954 1756 τὸν
2979 1701 3112 1756 Θεὸν
3141 1693 3308 1764 εἶναι,
3342 1700 3538 1772 ὥσπερ
3569 1701 3670 1773 τὴν
3695 1704 3774 1754 οὐ·

2213 1795 2335 1847 σίαν
2369 1795 2556 1860 αὑτοῦ,
2593 1793 2734 1848 οὕτω
2763 1796 2857 1849 καὶ
2881 1794 2980 1866 τὴν
3006 1794 3201 1863 σοφίαν
3232 1793 3422 1860 αὐτοῦ,
3456 1794 3574 1848 ἀλλ’
3606 1795 3665 1848 ἑν
3691 1794 3774 1848 αύ-

2208 1887 2376 1956 τῷὠς
2399 1889 2455 1940 ἐν
2485 1888 2852 1956 ὑποκειμένῳ,
2880 1887 3134 1959 καθάπερ
3157 1889 3258 1958 τὴν
3287 1888 3546 1958 τεχνικὴν
3561 1889 3774 1958 ταυτηνὶ

2209 1981 2405 2048 σοφίαν
2440 1980 2500 2032 ὲν
2521 1979 2835 2050 ἀνθρωπίνῃ
2858 1978 3044 2050 ψυχῇς
3076 1980 3252 2035 Τοῦτο
3293 1982 3402 2052 γὰρ
3431 1980 3530 2032 καὶ
3553 1983 3582 2034 6
3616 1983 3772 2051 μέγας

2218 2072 2562 2137 ’Δθανάσιος,
2603 2071 2792 2125 κανόσι
2823 2073 2918 2126 καὶ
2941 2073 3130 2143 νόμοις
3157 2074 3612 2143 ὲπιστημονικοῖς
3653 2073 3771 2142 ἀλη-

2207 2163 2358 2228 θείας
2393 2164 2682 2234 ἑπόμενος,
2707 2163 2826 2216 λίαν
2862 2164 3198 2234 ἀπαγορεύει
3231 2164 3328 2217 καὶ
3357 2165 3616 2229 ἀσεϐείας
3645 2167 3771 2220 ἀπο⁹

2207 2258 2400 2328 κληροῖ
2425 2257 2746 2320 θιασώταις,
2778 2259 2910 2325 περὶ
2933 2257 3024 2310 τὸν
3054 2257 3188 2309 Θεῖν
3217 2251 3358 2310 εἶναι
3386 2257 3658 2322 φάσκουσι
3687 2257 3770 2327 τὴν

2207 2348 2397 2416 σοφίαν
2426 2349 2502 2411 ὡς
2531 2346 2644 2410 ἕξιν
2671 2347 3086 2415 συμϐαίνουσαν
3111 2347 3208 2399 καὶ
3238 2347 3768 2416 ἀποσυμόαίνουσανι

2205 2439 2302 2491 καὶ
2335 2437 2546 2506 οὐδαμῆ
2579 2453 2643 2504 γε
2689 2435 2888 2504 σοφίαν
2934 2436 3116 2489 αὐτόν.
3154 2435 3362 2507 Διπλῆς
3404 2435 3645 2490 ἐνταῦθα
3673 2455 3768 2490 τοιο

2205 2528 2414 2601 γαροῦν
2441 2529 2544 2599 τῆς
2571 2527 2763 2596 σοφίας
2795 2527 2984 2596 οὔσης,
3022 2529 3120 2593 τῆς
3153 2529 3252 2597 μὲν
3292 2528 3693 2600 δημιουργικῇς
3720 2547 3768 2581 τε

2205 2627 2298 2676 καὶ
2347 2623 2583 2692 ἀρχικῆς
2623 2622 2717 2675 καὶ
2771 2619 3087 2688 ποιητικῆς,
3116 2622 3216 2688 τῆς
3261 2617 3317 2674 δὲ
3347 2621 3770 2690 δημιουργουμέ⁵

2205 2731 2322 2785 νης,
2353 2715 2448 2767 καὶ
2475 2713 2578 2782 τῆς
2629 2714 2728 2783 μὲν
2757 2711 3109 2782 σοφιζούσης,
3162 2705 3263 2782 τῆξ
3305 2712 3363 2766 δὲ
3399 2711 3766 2784 σοφιζομένης,

2204 2808 2301 2860 καὶ
2328 2806 2426 2878 τῆς
2459 2805 2559 2876 μὲν
2604 2805 2982 2875 γεννωμένης,
3020 2805 3121 2874 τῆς
3149 2803 3208 2856 δὲ
3259 2804 3620 2875 ποιουμένης,
3651 2806 3768 2858 tm-

2206 2916 2297 2952 ται
2325 2897 2421 2966 τῆς
2446 2895 2513 2968 μ.
2546 2895 2649 2952 152
2679 2893 2756 2968 r.]
2775 2893 2876 2966 μὲν
2908 2889 3049 2949 εἶναι
3080 2894 3384 2965 γεννήτορα
3412 2896 3506 2948 τὸν
3535 2894 3665 2950 Θεὸν
3685 2894 3768 2950 καὶ

2206 2991 2451 3059 Πατέρα,
2485 2988 2588 3054 τῆς
2617 2989 2674 3043 δὲ
2729 2989 2963 3060 ποιητὴν
2990 2990 3084 3041 καὶ
3127 2987 3493 3058 δημιουργὸν,
3519 2987 3611 3042 καὶ
3641 2982 3766 3044 εἶναι

2204 3082 2293 3137 διά
2321 3081 2497 3136 ταῦτα
2521 3081 2617 3135 καὶ
2651 3080 2857 3135 τούτων
2886 3080 2987 3152 τὴν
3030 3079 3131 3150 μὶν
3175 3081 3366 3135 οὐσίαν
3401 3081 3577 3136 ἀίδιόν
3601 3099 3658 3136 τε
3683 3083 3766 3137 καὶ

520 3185 629 3230 tem
655 3172 848 3229 artifex
881 3182 940 3228 et
976 3179 1219 3238 creator,
1255 3179 1310 3225 et
1357 3180 1418 3226 ut
1455 3180 1745 3242 pr0pterea
1786 3170 1981 3225 harum
2031 3170 2101 3227 sit

2205 3177 2480 3247 ἄτρεπτον
2507 3174 2602 3228 καὶ
2649 3173 2913 3241 ἀκίνητον
2943 3173 3076 3245 (δεῖν
3111 3173 3222 3246 γὰρ
3260 3168 3404 3228 εἶναι
3432 3175 3766 3232 παντάπασιν

515 3269 687 3324 altera
719 3265 966 3321 essentia
1002 3264 1338 3334 sempiterna
1365 3271 1423 3318 et
1465 3263 1690 3317 immota
1755 3270 1813 3318 et
1843 3262 2101 3318 immuta-

518 3357 668 3422 bilis,
710 3372 836 3412 cum
858 3365 1112 3426 oporteat
1151 3369 1280 3410 esse
1338 3355 1567 3409 omnino
1623 3353 1924 3409 essentiam
1978 3368 2102 3424 qua:

517 3450 777 3504 universa
801 3448 1036 3517 primum
1077 3455 1294 3500 moveat
1356 3446 1642 3500 immotam
1693 3453 1749 3501 et
1785 3459 1884 3515 per
1931 3460 1994 3500 se
2043 3453 2102 3500 et

517 3537 910 3610 peraccidens,
962 3537 1141 3591 altera
1197 3545 1382 3589 autem
1431 3550 1650 3604 semper
1702 3533 1986 3590 mutabilis
2047 3543 2103 3589 et

518 3631 739 3686 mobilis
767 3639 824 3684 et
887 3643 1107 3698 semper
1163 3635 1312 3681 mota
1360 3625 1668 3682 secundum
1729 3625 1943 3688 similes
2002 3625 2098 3696 qui

519 3723 576 3778 in
609 3723 947 3778 creationem
973 3731 1029 3774 et
1066 3722 1364 3775 essentiam
1395 3728 1453 3774 et
1500 3717 1756 3786 ordinem
1807 3718 1947 3774 ﬁunt
1970 3733 2100 3788 pro-

519 3821 722 3868 ventus
749 3826 942 3867 eorum
969 3825 1090 3880 qua:
1107 3808 1270 3880 335
1293 3808 1437 3880 apud
1471 3823 1573 3864 nos
1623 3817 1775 3875 sunt,
1831 3818 1888 3864 et
1917 3809 2093 3863 inter-

519 3907 651 3960 dum
697 3921 762 3960 ει
798 3903 1030 3958 monade
1057 3903 1282 3963 delinita
1312 3901 1367 3956 in
1425 3900 1800 3956 multitudinis
1855 3900 2101 3955 inﬁnita-

519 4007 630 4052 tem
688 3997 954 4067 procedat
1029 3995 1398 4058 indetinitam;
1463 3991 1744 4048 interdum
1793 4002 1979 4048 autem
2033 4007 2102 4048 ex

521 4090 728 4144 unitate
751 4087 977 4143 delinita
1005 4085 1312 4142 secundum
1341 4087 1752 4156 appositionem
1783 4084 1852 4139 ad
1912 4083 2100 4140 inﬁni-

519 4191 687 4236 tatem
723 4179 1324 4235 reccdatindeﬁnitam.
1363 4176 1598 4232 Generis
1625 4176 1772 4232 enim
1811 4175 2100 4245 cujusdam

515 4274 768 4328 obtinere
799 4281 856 4326 et
885 4271 1117 4324 rationis
1149 4270 1330 4324 locum
1364 4269 1534 4322 etiam
1567 4267 1927 4321 artiﬁciosam
1955 4266 2099 4320 hanc

516 4361 839 4430 sapientiam
873 4359 1131 4412 dixerunt
1162 4368 1376 4412 veteres
1393 4356 1707 4427 phil080phi
1737 4366 1794 4410 et
1826 4355 2098 4426 theologi;

516 4462 685 4520 atque
718 4459 778 4504 ut
811 4466 992 4519 neque
1035 4465 1208 4520 genus
1230 4449 1421 4503 abesse
1451 4457 1632 4518 potest
1666 4448 1736 4502 ab
1770 4448 1838 4501 iis
1863 4461 2099 4516 quarum

2200 3264 2302 3335 τὴν
2335 3264 2403 3318 τά
2456 3264 2637 3320 πάντα
2683 3263 2920 3336 πρώτως
2976 3263 3245 3318 κινοῦσαν
3299 3264 3492 3319 οὐσίαν
3525 3267 3766 3334 ἀκίνητον

2201 3354 2326 3410 καθ’
2357 3354 2492 3410 αὐτό
2524 3371 2584 3408 τε
2621 3354 2740 3426 ἃμα
2763 3355 2860 3409 καὶ
2889 3355 3032 3409 κατά
3059 3354 3462 3428 συμϐεϐηκὸς),
3502 3357 3602 3428 τὴν
3621 3357 3663 3410 δ’
3685 3358 3767 3411 ἀεὶ

2201 3449 2447 3520 τρεπτὴν
2492 3449 2589 3504 καὶ
2639 3447 2940 3520 ἀλλοιωτὴν
2969 3448 3066 3502 καὶ
3110 3449 3200 3504 ἀεὶ
3256 3450 3586 3523 κινουμένην
3634 3452 3767 3506 κατά

2201 3537 2300 3598 τὰς
2335 3538 2416 3598 είς
2463 3536 2682 3604 γένεσιν
2729 3531 2825 3590 καὶ
2855 3537 3114 3590 οὐσίωσιν
3143 3539 3238 3590 καὶ
3280 3537 3442 3602 τάξιν
3485 3540 3764 3608 ἀναλόγους

2206 3629 2468 3701 προόδους
2497 3628 2605 3682 τῶν
2636 3625 2760 3682 καθ’
2783 3629 2956 3699 ἡμᾶς,
2986 3630 3083 3682 καὶ
3115 3628 3212 3683 νῦν
3251 3630 3354 3700 μὶν
3378 3625 3440 3696 εξ
3470 3631 3762 3701 ὡρισμένης

2207 3720 2437 3789 μονάδος
2491 3720 2570 3784 είς
2621 3721 2862 3792 πλήθους
2909 3720 3170 3792 ἀπειρίαν
3199 3721 3462 3805 ἀνιοῦσαν
3505 3723 3758 3794 ἀόριστον,

2202 3813 2301 3867 νῦν
2329 3813 2376 3867 δ’
2406 3811 2465 3880 εξ
2494 3813 2812 3884 ὡρισμένης
2854 3811 3111 3882 ὁλότητος
3153 3813 3276 3866 κατ’
3319 3814 3759 3886 ἀντιπεπόνθησιν

2203 3906 2341 3976 πρὸς
2366 3906 2629 3976 ἀπειρίαν
2646 3903 2949 3959 κατιοῦσαν
2978 3906 3262 3977 ἀόριστον.
3286 3907 3489 3972 Γινους
3514 3909 3618 3979 γάρ
3630 3923 3760 3971 τινος

2203 3997 2426 4068 ἐπέχειν
2478 3997 2573 4050 καὶ
2623 3997 2768 4062 ίδέας
2796 3997 2965 4051 τόπον
2995 3997 3091 4052 καὶ
3129 3999 3230 4068 τὴν
3281 4001 3542 4070 τεχνικὴν
3576 4000 3758 4069 ταύτην

2206 4089 2402 4158 σοφίαν
2428 4087 2642 4159 ἔφασαν
2687 4089 2737 4141 οί
2770 4089 2938 4142 πάλαι
2966 4088 3441 4160 φιλοσοφήσαντες
3469 4091 3564 4145 καὶ
3602 4090 3760 4144 θεολο-

2203 4182 2495 4252 γήσαντες.
2529 4181 2640 4236 Καὶ
2665 4182 2740 4244 ὡς
2772 4180 2897 4236 οὗτε
2924 4181 2987 4237 τδ
3010 4183 3168 4252 γένος
3205 4185 3435 4237 ἀπεῖναι
3460 4182 3672 4239 δυνατὸν
3689 4178 3756 4237 ὧν

2203 4274 2318 4326 ἐστι
2343 4272 2500 4341 γένος
2527 4272 2688 4326 εἰδῶν
2717 4273 2811 4326 καὶ
2839 4274 3083 4344 ἀτόμων,
3129 4273 3245 4328 οὔτ’
3270 4269 3340 4328 αὖ
3381 4275 3484 4346 τὴν
3515 4276 3650 4330 ίδέαν
3680 4273 3758 4326 οὖ-

2204 4379 2304 4415 σαν
2332 4360 2520 4414 οὐσίαν
2543 4353 2620 4414 ὦν
2646 4361 2798 4413 ἐστιν
2827 4359 2942 4414 ἰδέα
2967 4364 3334 4432 πραγμάτων,
3359 4364 3532 4427 οὕτως
3549 4364 3657 4418 οὐδὲ
3675 4363 3755 4432 τὴν

2201 4452 2457 4523 τεχνικὴν
2491 4453 2686 4521 σοφίαν
2723 4453 2891 4524 χωρὶς
2926 4449 3070 4508 εἶναι
3111 4455 3222 4510 τῶν
3254 4457 3380 4510 καθ’
3423 4457 3626 4511 ἕκαστα
3653 4457 3756 4508 ταύ-

517 4553 604 4597 est
630 4541 1013 4609 genusformis
1041 4549 1098 4594 et
1121 4541 1340 4604 atomis.
1394 4553 1574 4608 neque
1624 4538 1764 4593 ratio
1823 4552 1946 4609 quae
2009 4547 2098 4593 est

2203 4562 2302 4613 της
2359 4545 2516 4598 εἱδῶν
2551 4544 2645 4597 καὶ
2699 4545 2942 4616 ἀτόμων,
2979 4548 3040 4600 οὐ
3105 4549 3311 4618 μᾶλλόν
3351 4550 3404 4618 γ’
3435 4553 3504 4604 ἂν
3551 4551 3580 4622 ἦ
3613 4548 3668 4602 τά
3706 4552 3753 4600 ἐν

516 4633 758 4688 essentia
786 4633 855 4685 ab
898 4632 985 4698 iis,
1015 4646 1250 4700 quarum
1296 4638 1382 4684 est
1411 4631 1552 4683 ratio
1597 4629 1785 4696 rebus,
1817 4628 1894 4684 ita
1922 4644 2103 4700 neque

516 4724 872 4778 artiﬁciosi-tn
911 4721 1236 4790 sapientiam
1266 4720 1572 4790 scjunctam
1630 4734 1752 4776 esse
1812 4734 1843 4774 a
1871 4720 2102 4790 quihus-

517 4832 626 4884 que
659 4815 818 4885 hujus
849 4813 1042 4868 l'ormis
1065 4823 1120 4867 et
1149 4813 1349 4866 atomis
1387 4827 1403 4865 :
1436 4827 1548 4866 non
1573 4812 1744 4883 magis
1801 4827 1964 4882 quam
2004 4827 2101 4867 su-

518 4907 772 4978 perﬁcies
796 4921 1112 4974 corporum,
1136 4919 1274 4974 quas
1296 4913 1353 4958 et
1380 4904 1524 4973 ipsas
1547 4921 1655 4959 non
1687 4919 1808 4961 esse
1858 4921 2097 4976 unquam

518 5013 616 5066 per
642 5013 699 5050 se
728 4997 933 5050 scimus
972 4996 1088 5049 sive
1115 4995 1414 5064 suppositis
1447 5010 1682 5064 quorum
1735 5007 1865 5051 sunt
1908 5012 2100 5066 super-

519 5089 690 5140 licies.
737 5088 940 5140 Omnes
961 5085 1130 5154 igitur
1154 5086 1401 5138 scientia:
1459 5092 1516 5138 et
1549 5093 1696 5138 artes
1725 5086 2004 5155 sapientes
2029 5102 2099 5141 ex

516 5183 622 5234 hac
673 5197 770 5250 sap
797 5182 946 5240 entia
1011 5179 1311 5233 artiﬁciosa
1357 5177 1617 5246 pendent,
1681 5180 1832 5234 velut
1893 5180 2097 5235 diversi

514 5273 715 5327 radicis
767 5272 930 5325 unius
963 5271 1116 5324 rami-
1147 5288 1161 5324 :
1187 5277 1243 5323 et
1275 5280 1334 5322 ut
1363 5269 1510 5324 Deus
1560 5278 1645 5324 est
1683 5271 1932 5325 omnium
1994 5287 2099 5326 au-

514 5374 637 5420 ctor
667 5373 725 5418 et
781 5363 1099 5432 progenitor
1131 5400 1146 5427 ,
1186 5359 1262 5413 ita
1302 5359 1468 5414 etiam
1515 5359 1678 5431 hujus
1727 5375 1792 5416 ex
1848 5377 1954 5432 qua
2016 5361 2094 5416 illi

509 5456 778 5526 pendent.
810 5453 1176 5520 Quamobrem
1212 5451 1286 5505 ibi
1331 5451 1554 5520 quidem
1608 5453 1926 5524 conjunctio
1975 5469 2097 5508 mu-

515 5561 606 5602 tua
641 5547 924 5601 etrelatio
978 5548 1158 5598 locum
1223 5543 1440 5598 obtinet
1510 5553 1569 5597 ut
1628 5545 1904 5614 propriam
1978 5547 2088 5600 vim

512 5641 743 5692 ortinino
763 5642 1034 5692 sinceram
1073 5645 1276 5699 servet,
1311 5652 1434 5690 cum
1460 5638 1572 5692 sint
1596 5637 1840 5708 ejusdem
1873 5641 2092 5708 generis

511 5730 642 5782 ctid
669 5731 812 5798 quod
839 5728 1110 5782 dividitur
1163 5738 1218 5780 ct
1248 5742 1310 5782 ea
1381 5728 1434 5780 in
1482 5743 1602 5796 qua:
1651 5729 1957 5788 dividitur;
2001 5730 2090 5784 hic

505 5832 691 5875 autem
734 5823 823 5874 iila
853 5835 975 5874 cum
1014 5819 1124 5874 sint
1163 5836 1336 5890 usque
1387 5822 1451 5876 ad
1485 5821 1656 5876 solam
1711 5836 1899 5876 vocem
1952 5825 2086 5877 arti.

2206 4637 2429 4707 σώμασι
2467 4636 2763 4708 χρώματα,
2808 4637 2844 4692 ἃ
2879 4639 2972 4692 καὶ
3001 4639 3144 4693 αύτά
3175 4641 3253 4711 μὴ
3295 4637 3438 4697 εἷναί
3485 4660 3609 4698 ποτε
3651 4641 3750 4694 καθ’

2203 4729 2346 4784 αὑτά
2371 4730 2528 4799 ἴσμεν
2547 4728 2677 4784 ἀνευ
2695 4723 2772 4784 ὧν
2793 4732 2939 4783 ἐστιν
2960 4731 3345 4804 ὑποκειμένων
3363 4736 3639 4807 χρώματα.
3660 4735 3750 4786 Πᾶ-

2203 4838 2297 4875 σαι
2328 4822 2508 4874 τοίνυν
2541 4820 2845 4891 ὲπιστῆμαι
2867 4821 2962 4874 καὶ
2985 4823 3171 4892 τέχναι
3207 4827 3371 4891 σοφαὶ
3395 4827 3493 4896 τῆς
3525 4823 3745 4894 τεχνικῆς

2200 4912 2405 4981 ταύτης
2438 4914 2631 4982 σοφίας
2668 4913 3016 4984 ὲξήρτηνται,
3050 4915 3308 4986 καθάπερ
3350 4916 3580 4988 διάφορα
3618 4918 3744 4987 ῥίζης

2204 5005 2332 5074 μιᾶς
2362 5003 2743 5075 βλαστήματα.
2767 5006 2872 5058 Καὶ
2898 5004 3047 5058 ἔστιν
3077 5005 3269 5077 ὥσπερ
3288 5009 3498 5062 τούτων
3525 5009 3742 5062 ἁπάντων

2207 5097 2380 5157 αἴτιος
2401 5096 2492 5149 καὶ⁵
2529 5095 2889 5166 προαγωγεὺς
2919 5097 2947 5149 6
2968 5095 3122 5160 Θεὸς,
3148 5097 3292 5150 οὕτω
3325 5101 3422 5153 καὶ
3449 5099 3641 5168 ταύτης
3669 5092 3741 5160 ἀφ’

2199 5182 2265 5259 ἧς
2285 5190 2486 5241 ἐκεῖνα.
2503 5189 2836 5258 Διόπερέκεί
2860 5190 2960 5258 μὶν
2995 5189 3027 5258 ἠ
3053 5189 3282 5263 σχετικὴ
3309 5193 3574 5261 συνάφεια
3599 5189 3676 5243 καὶ
3692 5187 3737 5238 ἀ·

2197 5279 2409 5348 ναφορά
2454 5279 2641 5347 χώραν
2690 5277 2803 5348 ἔχει
2834 5279 2892 5331 τὸ
2932 5279 3133 5332 οίκεῖον
3164 5279 3390 5352 ἀξίωμα
3438 5284 3738 5336 παντάπασιν

2198 5371 2576 5439 ἀκαπήλευτον
2593 5369 3012 5436 διασώζειν.ἃτε
3045 5373 3216 5427 ὄντων
3247 5377 3530 5445 ὁμογενῶν
3548 5371 3736 5444 ἀμφοῖν.

2196 5461 2289 5513 τοῦ
2315 5478 2371 5513 τε
2401 5461 2790 5533 διαιρουμένου
2805 5464 3058 5535 καὶπρὸς
3077 5451 3423 5538 ἀδιαιρεῖτάι
3444 5485 3459 5500 ·
3479 5461 3737 5522 ὲνταῦθαδὲ

2201 5555 2363 5624 μέχρι
2408 5555 2576 5624 μόνης
2619 5554 2888 5626 ἐνάρθρου
2923 5558 3020 5611 καὶ
3065 5560 3421 5631 σημαπικῆς
3467 5561 3634 5630 φωνῆς
3666 5560 3736 5608 αἱ·

2195 5645 2357 5697 τιατά
2382 5644 2514 5699 ὄντα
2549 5645 2690 5699 αὐτὰ
2715 5647 2852 5716 πρὸς
2882 5648 2972 5701 τὸν
3002 5650 3184 5703 αὐτῶν
3205 5653 3386 5705 αίτιον
3413 5654 3507 5706 καὶ
3545 5645 3734 5717 ποιητὴν

2196 5735 2293 5803 τὴν
2318 5737 2600 5806 ἀναφορὰν
2629 5739 3120 5796 ἀπευθύνειοὮστε
3156 5744 3473 5798 διαϐάλλειν
3507 5745 3598 5814 μὲν
3635 5739 3732 5808 ῆκιο

2197 5843 2296 5878 στα
2323 5826 2540 5880 πάντων
2559 5827 2697 5894 ἐστὶ,
2723 5832 3024 5902 θαυμάζειν
3039 5834 3083 5886 δ’
3098 5831 3191 5888 οὖν
3215 5836 3362 5902 ἀξιον
3383 5839 3602 5908 μάλιστα
3629 5835 3730 5883 πᾶν·
