3966 6558
208 344 319 408 ΞΠ

1188 345 1635 406 BYZANTlN/E
1674 344 2069 421 HISTORIA;
2104 343 2248 406 LIB.
2292 346 2475 409 XXX.
3330 343 3439 407 293

199 472 314 512 των
345 454 601 526 Μάξιμον
630 456 836 509 ἐκεῖνον
856 455 947 510 τὸν
973 455 1114 511 θεῖον
1153 458 1256 528 τῆς
1312 457 1594 520 εὐσεϐείας
1621 458 1764 511 6:851-

1883 455 2099 508 :ulatam
2132 462 2186 507 et
2217 453 2612 523 signiﬁcantem
2648 451 2866 530 eﬁ‘ecta.
2926 453 2992 507 ad
3045 459 3323 507 auctorem
3381 461 3436 507 et

200 545 425 607 (καλον,
450 544 713 598 κάλλιστα
731 546 949 600 πάντων
982 545 1216 599 ἐνταῦθα
1244 549 1373 616 περὶ
1404 550 1593 617 σοφίας
1620 548 1767 616 φιλο-

202 637 543 707 σοφήσαντα,
589 639 684 690 καὶ
730 637 973 691 διελόντα
1023 639 1214 707 σαφῶς
1259 640 1518 711 adrepe,
1569 640 1667 709 τήν
1705 655 1764 692 τε

203 730 399 798 σοφίαν
425 731 525 798 τὴν
550 728 824 795 ἄκτιστον,
860 730 926 783 δι’
950 724 1017 800 ἦς
1058 732 1152 785 καὶ
1174 733 1233 784 ἐν
1266 725 1300 804 ᾖ
1348 732 1417 784 τὰ
1450 726 1631 785 πάντα
1673 731 1765 799 γά-

202 833 353 885 γονε,
383 814 479 870 καὶ
505 814 572 869 αὖ
595 815 695 885 τὴν
729 816 823 869 ὑπ’
856 810 1029 886 αὐτῆς
1056 820 1150 871 καὶ
1179 818 1246 871 δι’
1279 819 1453 889 αὐτῆς
1488 834 1765 886 συνυφαν-

202 908 390 961 θεῖσαν
444 907 541 961 καὶ
582 908 930 961 συντεθεῖσαν
965 908 1179 981 οὐρανῷ
1236 910 1330 963 καὶ
1379 912 1449 979 γῇ
1494 910 1589 962 καὶ
1632 909 1764 961 πᾶσι

200 998 466 1068 τεχνικῶς
485 1014 545 1050 τε
562 999 652 1052 καὶ
671 999 848 1069 σοφῶς
870 1002 978 1062 τοῖς
1010 1000 1293 1071 κτίσμασι,
1322 1001 1482 1071 ψιλὴν
1510 999 1608 1052 καὶ
1639 1000 1767 1053 ἀνυ-

1874 554 2183 599 creatorum
2230 544 2552 597 relationem
2615 542 2929 605 advertunt,
2990 541 3060 595 ita
3113 551 3171 596 ut
3213 541 3437 596 oni-llo

1874 649 1982 687 non
2010 632 2309 687 debeamus
2324 629 2622 695 criminari,
2670 631 2764 686 sed
2793 631 3024 686 maxime
3069 631 3231 701 336
3263 631 3439 685 admi-

1874 724 1985 785 rari
2009 724 2297 778 Maximum
2323 723 2474 777 illum
2499 722 2745 776 divinum
2778 721 2997 791 pietatis
3018 730 3436 791 praeceptorem.

1822 814 1830 820 ”
1873 813 2018 884 quod
2043 812 2418 883 pulcherrime
2451 812 2695 865 omnium
2730 811 2822 866 hic
2851 815 2918 865 de
2965 810 3235 881 sapientia
3265 811 3443 881 philo-

1872 907 2237 975 snphatusest
2267 915 2323 958 et
2347 904 2625 974 sapienter
2681 912 2978 973 utrumque
3033 904 3290 970 secrevit,
3353 920 3441 958 sa-

1872 997 2133 1066 pientiam
2161 995 2419 1049 nimirum
2452 994 2781 1057 increatam,
2830 1009 2934 1062 qua
2980 1001 3038 1046 et
3067 991 3120 1047 in
3149 1007 3250 1063 qua
3311 993 3440 1046 urti-

201 1091 469 1145 πόστατον
498 1095 740 1161 φάμενον
798 1090 919 1165 καθξ
943 1090 1113 1163 αὐτὴν
1150 1095 1417 1148 ἐπίνοιαν.

1883 1102 2031 1143 versa
2052 1086 2191 1142 facta
2222 1093 2371 1150 sunt,
2420 1095 2470 1139 et
2525 1101 2720 1140 rursus
2769 1086 2997 1139 alteram
3035 1085 3103 1138 ab
3144 1100 3207 1139 ea
3241 1096 3299 1140 et
3344 1100 3443 1157 per

201 1200 318 1238 eam
359 1185 627 1239 intextam
690 1194 746 1240 et
779 1186 1140 1256 compositam
1173 1187 1314 1243 cmlo
1375 1197 1431 1242 et
1464 1194 1620 1242 terrae
1658 1194 1720 1240 et
1775 1181 2036 1238 omnibus
2085 1182 2289 1236 creatis
2342 1182 2638 1237 artiﬁciose
2696 1193 2754 1236 et
2807 1181 3086 1250 sapienter
3152 1196 3313 1248 quam
3366 1190 3444 1237 te-

200 1292 366 1331 nuem
413 1277 549 1332 dicit
610 1284 668 1331 et
705 1276 1015 1334 substantia
1080 1289 1360 1335 carentem
1396 1295 1495 1351 per
1541 1275 2033 1348 secogitationem.

275 1373 411 1428 ΚΘΗ
466 1375 590 1428 Ἐπὶ
631 1374 697 1445 δὴ
724 1373 936 1439 τούτοις
977 1375 1073 1429 καὶ
1112 1378 1224 1440 τοῖς
1274 1375 1538 1440 τοιούτοις
1596 1376 1765 1437 πολὺς

1947 1370 2143 1425 XXIX.
2201 1371 2279 1424 Ad
2308 1371 2425 1426 inec
2453 1381 2505 1425 et
2537 1372 2664 1425 talia
2704 1369 2901 1424 deinde
2940 1370 3210 1440 Gregoras
3240 1371 3439 1426 multas

200 1466 399 1534 ἐφεξῆς
433 1467 464 1519 δ
490 1467 778 1537 Γρηγορᾶς
805 1466 975 1539 ἐρρύη
1017 1467 1374 1539 κατατρέχων
1412 1468 1677 1535 Παλαμᾶν
1705 1481 1765 1518 τε

1883 1477 1996 1517 tuas
2034 1462 2086 1514 in
2123 1461 2396 1515 Palamam
2435 1462 2662 1530 ejusque
2708 1460 3080 1530 hlaspbemias
3124 1460 3322 1516 eil'udit
3359 1462 3443 1515 in-

202 1560 363 1612 αὐτὸν
388 1558 485 1610 καὶ
504 1558 604 1619 τὰς
632 1556 800 1609 αὐτοῦ
833 1556 1205 1628 βλασφημίας,
1233 1558 1515 1629 ἀλλότριον
1546 1558 1769 1626 ἐπιστή-

1883 1551 2224 1616 sectationes,
2254 1550 2595 1607 ostendendo
2624 1553 2863 1607 alienum
2903 1568 3026 1607 eum
3054 1566 3177 1607 esse
3195 1552 3263 1607 ab
3290 1552 3442 1607 omni

205 1667 308 1719 μης
343 1650 573 1719 ἀπάσης
608 1648 823 1710 δεικνὺς
852 1645 949 1722 τῆς
983 1666 1039 1706 τι
1069 1650 1348 1721 ἡμετέρας
1378 1652 1472 1704 καὶ
1511 1648 1768 1720 θύραθεν.

1883 1641 2105 1698 scientia
2125 1650 2181 1696 et
2216 1649 2403 1696 nostra
2453 1649 2511 1697 et
2555 1651 2819 1708 externa;
2884 1651 3220 1711 quapmpter
3274 1641 3441 1696 etiam

201 1744 277 1795 Δι’
303 1741 341 1795 ἃ
395 1743 497 1794 καὶ
551 1740 750 1804 κακίας
792 1741 1024 1811 ὄργανον
1064 1744 1349 1814 γεγονέναι
1382 1742 1578 1815 ῥᾳδίως
1606 1740 1768 1795 αὐτὸν

1883 1729 2160 1799 pravitatis
2193 1729 2618 1785 instrumentum
2648 1730 2798 1784 illum
2849 1730 3052 1783 factum
3099 1743 3224 1785 esse
3277 1729 3442 1785 facile

203 1835 463 1886 ὲῆεὸαοζου
511 1850 572 1886 τε
609 1834 702 1885 καὶ
750 1833 1132 1903 συνεπέραινε,
1163 1835 1261 1905 τῆς
1309 1834 1542 1904 ἀληθοῦς
1575 1832 1765 1901 σοφίας

1883 1818 2175 1875 allirmabat
2202 1829 2259 1875 et
2281 1820 2662 1885 concludebat,
2692 1837 2721 1875 a
2764 1837 2889 1874 vera
2946 1822 3216 1890 sapientia
3269 1824 3440 1877 semel

203 1924 446 1988 εἰσάπαξ
487 1925 850 1995 ἀπερρωγότα
902 1926 996 1979 καὶ
1046 1924 1518 1993 ὲκτετοπισμένον.
1550 1924 1715 1978 Ὅθεν
1744 1925 1773 1978 ὁ

1883 1911 2171 1980 abruptum
2195 1922 2253 1967 et
2274 1911 2540 1966 exsulem.
2565 1912 2770 1967 Deinde
2801 1913 2967 1968 miser
3003 1914 3091 1969 ille
3129 1913 3442 1983 etpiacula-

205 2014 542 2085 βαρύπονος
570 2016 882 2077 ὲκεῖνοςκαὶ
906 2015 1186 2085 ἀλιτήριος
1213 2014 1278 2087 [ι’.
1307 2016 1410 2070 152
1434 2013 1514 2087 υ.]
1545 2014 1775 2084 πληγεὶς

1883 2003 1955 2057 ris
1989 2012 2181 2072 pectus
2207 2004 2432 2072 pulsans
2456 2011 2514 2058 et
2541 2013 2603 2058 ut
2635 2006 2905 2060 attonitus
2932 2006 3099 2063 nimis
3150 2007 3304 2060 valde
3329 2007 3442 2063 cla-

205 2108 298 2176 τὴν
327 2107 569 2178 καρδίαν
600 2106 697 2160 καὶ
725 2102 838 2175 οἷον
870 2108 1238 2180 ὲμὸρόντητος
1271 2107 1516 2177 γεγονὼς
1555 2108 1683 2161 ἐϐόα
1713 2125 1775 2160 τε

1883 2093 2083 2160 mabat,
2107 2093 2397 2148 notissima
2427 2092 2731 2149 indiscrete
2782 2105 2834 2149 et
2866 2095 3094 2152 confuse
3120 2112 3439 2160 conserens,

202 2200 479 2267 ἀσελγῶς,
509 2199 577 2253 τὰ
605 2199 812 2269 συνήθη
843 2200 1052 2271 φύρδην
1082 2201 1177 2254 καὶ
1208 2201 1630 2270 συγκεχυμένως
1650 2216 1773 2254 συν-

206 2292 399 2361 είρων,
461 2294 559 2345 καὶ
598 2282 710 2346 οἷον
747 2295 924 2348 εἰπεῖν
955 2296 1220 2364 ὲμεμὴνει
1265 2293 1328 2347 τδ
1359 2294 1640 2365 κάθαρμα.
1683 2292 1778 2346 Διὸ

205 2387 299 2437 καὶ
330 2386 361 2439 ὁ
390 2383 648 2455 βασιλεὺς
674 2386 838 2437 οἱονεί
868 2403 987 2448 πως
1015 2385 1181 2439 αὐτοῦ
1223 2386 1558 2457 φειδόμενος,
1586 2383 1777 2454 πράως

204 2479 299 2530 καὶ
362 2478 510 2547 μετά
546 2477 749 2547 σεμνοῦ
790 2478 1145 2548 μειδιάματος
1207 2478 1469 2548 στραφεὶς
1521 2477 1657 2547 πρὸς
1686 2475 1777 2528 τὸν

206 2571 243 2622 Γ
248 2572 529 2640 ρηγορᾶν,
579 2569 755 2641 ἡσυχῆ
822 2587 941 2630 πως
990 2570 1082 2622 καὶ
1131 2570 1257 2625 ὅσον
1310 2570 1387 2640 μὴ
1426 2567 1778 2632 ἐξακούεσθαι

203 2660 349 2728 πρὸς
393 2659 489 2711 τὸν
545 2659 832 2728 Παλαμᾶν,
882 2658 1117 2729 παρῄνει
1163 2676 1223 2712 τε
1272 2659 1370 2713 καὶ
1424 2656 1778 2711 συνεὸούλευε

202 2751 539 2819 πραοτὲρως
567 2748 889 2803 ἀντιδιδόναι
925 2748 1052 2812 τοὺς
1076 2747 1270 2816 λόγους
1297 2745 1468 2816 αὐτῷ,
1499 2747 1572 2815 μή
1607 2762 1661 2797 τι
1686 2746 1780 2798 καὶ

202 2844 360 2916 πάθῃ
396 2843 507 2895 τῶν
531 2841 827 2912 ἀδοκήτων.
875 2841 934 2895 '0
966 2840 1033 2908 δ’,
1082 2860 1101 2894 ι
1140 2839 1337 2893 Ἔσται
1362 2838 1539 2903 τοῦτο,
1586 2855 1604 2889 ι
1640 2838 1777 2891 ἀπο-

202 2936 542 3006 κρινάμενος
578 2932 855 3001 ἐσιώπησε
898 2931 994 2985 τοῦ
1027 2930 1240 2986 λοιποῦ.

271 3029 361 3080 Δ⁸.
393 3027 462 3078 ’0
520 3045 583 3095 γε
619 3025 725 3095 μὴν
773 3024 1040 3094 Παλαμᾶς
1097 3025 1194 3091 τὴν
1224 3023 1419 3078 ἑαυτοῦ
1459 3022 1780 3095 βουλόμενος

203 3123 286 3173 ἔτι
316 3120 615 3173 πολυθεῖαν
648 3120 928 3190 συνιστᾷν,
957 3117 1086 3181 τοὺς
1131 3119 1232 3184 μὲν
1272 3116 1778 3188 προενηνεγμένους

1872 2193 2015 2239 etut
2045 2185 2120 2238 ita
2155 2184 2356 2249 dicam,
2386 2183 2597 2239 furebat
2665 2186 2853 2241 hostire
2905 2190 3084 2241 modo.
3144 2188 3439 2258 Propterea

1874 2278 2038 2355 etiam
2068 2291 2164 2330 rex
2203 2275 2610 2345 quodammodo
2634 2276 2685 2330 ei
2716 2291 2944 2344 parcens
2989 2287 3045 2331 et
3077 2278 3282 2346 placide
3319 2279 3441 2333 ani-

1876 2381 2078 2436 moque
2105 2369 2273 2436 ξονιυο
2310 2375 2368 2421 et
2413 2378 2643 2437 augusto
2690 2384 2812 2422 cum
2870 2371 2981 2422 risu
3023 2370 3089 2423 ad
3141 2369 3437 2441 Gregoram

1875 2473 2197 2523 conversus,
2222 2457 2425 2513 leniter
2468 2458 2583 2513 fere
2638 2469 2693 2514 et
2739 2464 2811 2512 ita
2849 2471 2961 2515 uta
3008 2463 3227 2517 Palama
3255 2464 3441 2519 audiri

1878 2566 1985 2606 non
2024 2560 2234 2621 posset,
2259 2535 2546 2606 suadebat
2574 2552 2845 2620 dabatque
2880 2553 3194 2618 consilium,
3225 2566 3284 2609 ut
3310 2556 3440 2625 pla~

1878 2642 2118 2698 cidiores
2141 2643 2192 2697 ei
2213 2641 2470 2698 redderet
2500 2658 2803 2708 sermones,
2839 2660 2908 2699 ne
2936 2644 3068 2712 quid
3096 2645 3443 2717 inexspecta-
3480 2646 3485 2653 ‘

1878 2743 1995 2789 tum
2025 2742 2325 2804 pateretur.
2380 2735 2484 2800 Qui
2532 2749 2680 2798 cum,
2743 2735 2856 2790 lloc
2897 2737 3024 2802 erit,
3050 2739 3443 2807 respondisset,

1875 2824 1985 2893 jam
2017 2825 2276 2880 conticuit
2314 2832 2521 2895 postea.

1953 3000 2120 3059 XXX.
2150 3002 2396 3059 Palatinas
2427 3011 2604 3059 tamen
2641 3018 2764 3058 cum
2823 3005 3016 3074 dogma
3047 3022 3205 3062 suum
3229 3010 3401 3066 multo
3429 3043 3445 3053 ~

1883 3112 2004 3150 rum
2039 3095 2268 3151 deorum
2303 3101 2473 3167 magis
2489 3098 2813 3152 conﬁrmare
2834 3098 2993 3169 337
3026 3102 3207 3167 vellet,
3271 3106 3448 3173 prola-

202 3212 470 3281 ἐλέγχους
501 3212 742 3272 ἐκείνους
798 3181 950 3278 αύτῷ
984 3208 1080 3261 καὶ
1113 3181 1211 3277 τὴν
1238 3181 1361 3262 κατ’
1402 3181 1565 3261 αὐτού
1585 3181 1779 3275 *χυθεῖο

1886 3198 2065 3243 torutn
2098 3199 2548 3258 argumentorum
2604 3190 2826 3247 illorum
2884 3202 2943 3245 et
2972 3194 3343 3252 cavillationis
3386 3199 3443 3251 in

204 3320 310 3358 σαν
350 3302 552 3373 χλεύην
581 3302 667 3370 ἔφ’
700 3295 781 3364 οἷς
812 3298 1085 3371 προῦθετο
1123 3300 1258 3352 πᾶσι
1295 3300 1523 3368 τάχιστα
1559 3296 1782 3350 ἐκλαθό-

208 3413 378 3459 μενος
420 3396 509 3448 διά
545 3393 894 3464 σκληρότητα
947 3394 1043 3446 καὶ
1099 3391 1455 3460 ἀναλγησίαν,
1488 3389 1563 3452 ὼς
1614 3388 1781 3452 ἔοικε,

205 3483 465 3551 γνώμης,
525 3481 718 3551 ἑτέρας
774 3475 934 3542 αὖθις
996 3479 1185 3549 εἰσῆγε
1241 3478 1413 3545 λόγων
1453 3476 1780 3547 προφάσεις,

210 3574 752 3648 παραθαρῤύνοντας
778 3573 918 3644 ἔχων
951 3575 1138 3635 ὁποῖος
1166 3572 1328 3636 αὐτὸς
1360 3571 1637 3634 θιασώτας
1667 3572 1784 3624 ἐκεῖ

204 3674 277 3723 τὰ
314 3668 799 3738 προστυγχάνοντα
839 3666 1020 3735 λέγειν
1050 3666 1158 3729 ἀεὶ,
1193 3666 1267 3737 μὴ
1313 3668 1598 3735 σιωπήσας
1654 3665 1779 3737 δόξῃ

209 3762 473 3816 νικᾶσθαι
500 3762 610 3820 τοῖς
646 3759 941 3823 πλείστοις,
963 3756 1014 3811 οἳ
1042 3759 1103 3810 τὸ
1134 3750 1288 3828 νικᾷν
1325 3758 1459 3829 μόνῃ
1488 3756 1553 3827 δὴ
1590 3759 1658 3827 τῇ
1684 3774 1784 3810 ποι

207 3851 441 3920 λυλογίᾳ
470 3829 944 3920 παραμετροῦσιιῗ.
981 3848 1201 3917 Ἰταμδν
1228 3847 1337 3917 γὰρ
1368 3849 1400 3917 ἡ
1440 3846 1655 3916 ἀμαθία
1684 3846 1782 3899 καὶ

210 3944 423 4012 “sapa
447 3957 504 3993 τι
529 3939 763 4001 ἀναιδὲς,
794 3938 889 3991 καὶ⁸
920 3938 1065 4007 φιλεῖ
1092 3955 1155 4008 γε
1184 3940 1258 4001 ὡς
1295 3938 1364 3991 τὰ
1392 3937 1560 3992 πολλὰ
1581 3939 1642 3991 τὸ
1683 3939 1782 4007 τῆς

212 4034 508 4104 μαθήσεως
535 4029 745 4093 ἐλλιπὲς
774 4017 1010 4100 θράσους
1037 4028 1336 4092 ἀνασώζειν
1361 4028 1665 4100 πλεονεξίᾳ.
1687 4029 1786 4083 καὶ

214 4122 439 4193 μάλισθ’
465 4123 596 4175 ὅταν
630 4121 901 4191 ἀμαθέσιν
927 4122 1226 4192 ἀκροαταῖς
1251 4121 1573 4194 ἐντυγχάνῃ.
1606 4124 1703 4173 ’Ἂν
1727 4121 1786 4175 δὲ

212 4216 310 4267 καὶ
341 4215 576 4281 ἰταμοὺς
623 4213 825 4282 ὁμοίως
859 4212 1174 4284 ἐξεπίτηδες
1206 4212 1378 4273 ἐνίους
1416 4212 1516 4281 ἔχη
1550 4211 1786 4263 σπουδα-

215 4302 373 4361 στὰς,
402 4299 644 4368 ἀσήμοις
676 4299 1104 4369 ὲπικροτοῦντας
1150 4300 1421 4368 κραυγαῖς
1451 4300 1543 4351 καὶ
1581 4300 1647 4368 τῇ
1687 4301 1787 4369 τῆς

214 4393 389 4460 ἀκοῆς
424 4389 937 4458 ἀντιπαταγοῦντσς
975 4390 1259 4461 ἐλευθερίᾳ
1310 4395 1403 4443 καὶ
1454 4390 1786 4459 συγχέοντας

1881 3295 2008 3334 eum
2062 3279 2248 3334 ellnsa:
2290 3288 2516 3350 prepter
2550 3295 2613 3334 ea
2660 3296 2779 3349 qua:
2825 3282 3085 3337 omnibus
3139 3301 3372 3354 preposu
3403 3303 3445 3348 ι.

1884 3373 2089 3427 oblitus
2113 3373 2421 3437 celerrime,
2459 3384 2682 3443 propter
2708 3374 2942 3444 rigorem
2968 3385 3024 3430 et
3072 3385 3350 3446 torporem
3388 3391 3451 3433 ut

1883 3463 2106 3519 videtur
2137 3464 2327 3526 animi,
2361 3465 2498 3520 alias
2562 3481 2755 3523 rursus
2820 3466 3202 3523 introducebat
3239 3486 3448 3526 sermo-

1883 3572 2015 3611 num
2042 3558 2280 3627 species,
2324 3572 2449 3612 cum
2484 3558 2711 3613 haberet
2756 3560 3072 3637 incitantes
3109 3563 3207 3626 ibi.
3264 3566 3453 3634 qualis

1881 3650 1999 3721 ipse
2027 3661 2167 3718 erat,
2196 3652 2379 3707 socios
2403 3652 2469 3707 ad
2502 3655 2684 3707 omnia
2707 3668 2926 3722 semper
2953 3654 3181 3711 dicenda
3205 3668 3448 3727 paratos.

1884 3759 1955 3799 ne
1985 3745 2029 3798 si
2059 3752 2266 3799 taceret
2292 3744 2572 3814 plerisque
2608 3745 2752 3799 vinci
2795 3746 3098 3809 videretur.
3150 3751 3243 3818 qui
3281 3751 3452 3805 victo-

1891 3837 2032 3892 riam
2106 3838 2444 3908 loquacitate
2485 3838 2601 3891 sola
2649 3837 2977 3894 metiuntur.
3061 3840 3253 3895 Audax
3301 3842 3447 3896 enim

1883 3928 2195 4000 ignorantia
2254 3937 2339 3984 est
2407 3936 2466 3984 et
2504 3927 2748 3997 profecto
2811 3929 2973 3984 valde
3033 3930 3359 4001 impudens:
3394 3943 3452 3987 et.

1887 4028 2037 4075 amat
2100 4019 2423 4090 plerumque
2482 4019 2813 4089 cognitionis
2876 4022 3115 4090 inopiam
3160 4026 3452 4080 restituere

1886 4113 2130 4167 audacia:
2157 4113 2492 4174 accessione,
2542 4121 2598 4165 et
2632 4111 2867 4166 maxime
2906 4127 3029 4167 cum
3065 4113 3119 4167 iu
3170 4115 3450 4172 auditores

1888 4207 2137 4259 indoctos
2168 4203 2380 4258 incidit.
2411 4201 2549 4258 Cum
2582 4211 2765 4258 autem
2801 4203 2965 4258 etiam
3018 4218 3173 4274 teque
3211 4206 3452 4262 audaces

1887 4295 2094 4349 aﬂatim
2119 4293 2413 4348 nonnullos
2440 4292 2606 4347 habet
2654 4292 2910 4358 asseclas,
2955 4296 3048 4364 qui
3113 4295 3451 4352 clamoribus

1887 4394 2115 4455 crepent
2140 4384 2473 4440 indistinctis
2496 4394 2553 4439 et
2585 4394 2777 4438 contra
2823 4387 3086 4443 narrandi
3137 4388 3449 4443 libertatem

214 4485 276 4535 τὸ
323 4483 428 4552 τῆς
454 4482 715 4551 ἀληθείας
751 4482 1059 4552 κριτήριον,
1100 4481 1207 4535 ποῦ
1257 4481 1360 4535 οὐκ
1404 4480 1472 4534 ἂν
1515 4483 1575 4533 τὸ
1610 4481 1781 4535 δεινὸν

1888 4478 2128 4533 fremant
2156 4486 2212 4532 et
2234 4476 2484 4532 veritatis
2512 4491 2763 4532 normam
2797 4478 3156 4541 confundant.
3197 4495 3306 4550 quo
3341 4497 3451 4536 non

217 4575 514 4635 αὐθαδείας
569 4574 849 4642 προϐαίης
886 4574 980 4626 Διὸ
1015 4577 1110 4626 καὶ
1174 4572 1379 4643 βιϐλίον
1423 4574 1520 4626 ἐπὶ
1574 4574 1784 4639 τούτοις

216 4665 474 4736 ἀνεῳγὼς
507 4666 535 4718 6
574 4666 843 4734 Πιλαμᾶς
873 4665 1209 4732 ἀνεγίνωσκε
1249 4665 1411 4734 ῥῆσιν
1440 4665 1571 4718 ἀλλο
1596 4666 1786 4730 λέγου-

219 4769 315 4807 σαν
336 4750 485 4805 εῖναι
509 4751 601 4805 τὸν
628 4750 961 4822 ἐνεργοῦντα
1010 4753 1105 4805 καὶ
1149 4751 1277 4806 ἄλλο
1315 4752 1375 4803 τὸ
1435 4750 1787 4821 ἐνεργητικὸν

218 4843 313 4894 καὶ
348 4841 485 4894 ἄλλο
508 4841 618 4910 τὴν
641 4841 928 4910 ἐνέργειαν
954 4839 1049 4892 καὶ
1080 4839 1210 4893 ἄλλο
1238 4840 1299 4891 τὸ
1321 4839 1623 4909 ἐνέργημα.
1652 4835 1786 4891 Εἶτα

218 4933 540 5004 ήρμήνευεν
597 4931 706 4985 ἀπὸ
746 4930 993 5000 γλώττης
1054 4928 1243 4994 αὐτὸς,
1304 4929 1637 5000 ἐνεργοῦντα
1689 4928 1787 4997 μὲν

220 5022 358 5079 εἶναι
381 5024 481 5079 τὸν
505 5023 663 5090 Θεὸν,
695 5024 1052 5092 ἐνεργητικὸν
1074 5022 1132 5075 δὲ
1154 5022 1253 5093 τὴν
1285 5021 1474 5090 φύσιν,
1507 5022 1789 5092 ἐνέργειαν

220 5117 409 5185 δὲτὴν
436 5116 697 5171 ἄκτιστον
739 5114 905 5167 αὑτοῦ
958 5114 1212 5183 θεότητα,
1260 5113 1429 5185 ἀλλην
1474 5113 1642 5167 οὖσαν
1692 5112 1816 5191 τοῦ,

221 5205 574 5276 ὲνεργοῦντός
598 5222 657 5259 τε
686 5205 780 5257 καὶ
804 5203 1084 5266 κινοῦντος
1108 5205 1303 5275 αὐτὴν,
1331 5205 1617 5275 ἐνέργημα
1642 5202 1700 5258 δὲ
1727 5204 1789 5256 τὸ

222 5299 610 5367 ἀποτέλεσμα’
666 5293 808 5351 εἶναι
862 5295 908 5350 δ’
973 5297 1258 5363 ἐνέργειαν
1302 5303 1400 5349 καὶ
1435 5299 1681 5366 ἐνεργεῖν
1726 5296 1788 5350 τὸ

223 5392 370 5445 αὐτὸ.
405 5391 518 5443 Καὶ
537 5390 628 5442 ἐπὶ
664 5388 878 5450 τούτοις
913 5386 1101 5457 ἠρώτα
1136 5388 1189 5439 τί
1237 5387 1302 5440 ἂν
1336 5388 1421 5456 εἴη
1455 5388 1515 5440 τὸ
1543 5390 1789 5456 ἐνεργεῖν

223 5475 570 5545 οίεσθαιςἿΙ
605 5481 667 5532 ού
706 5480 904 5533 ταυτὸν
952 5479 1029 5547 τῷ
1087 5478 1478 5548 δημιουργεῖν;
1509 5475 1637 5548 Ἆρ’
1692 5477 1787 5531 οὖν

227 5574 441 5627 κτιστὸν
495 5572 744 5638 εἴποιμεν
779 5572 845 5624 ἂν
873 5571 933 5622 τὸ
959 5570 1296 5639 δημσυργεῖν
1328 5571 1420 5622 ἐπὶ
1467 5570 1562 5622 τοῦ
1613 5568 1784 5637 Θεοῦς

232 5668 443 5733 Ἀπαγε
473 5668 574 5735 τῆς
605 5665 849 5731 ἀλογίας.
880 5660 993 5716 Εἶθ’
1014 5662 1287 5729 ὲξῆςᾶλλα
1308 5663 1394 5715 ἐπ’
1424 5664 1603 5726 ἄλλοις
1623 5679 1790 5733 προσ-

242 5759 433 5822 ετίθει,
455 5756 666 5817 δεικνὺς
694 5755 754 5806 τὸ
783 5755 1141 5824 δημιουργεῖν
1170 5753 1297 5806 ἄλλο
1325 5770 1383 5806 τε
1414 5756 1506 5807 καὶ
1530 5754 1785 5823 διάφορον

563 5851 830 5909 ΡΑτιιοι..
876 5850 990 5906 (in.
1019 5847 1117 5907 CX
1135 5844 1284 5905 LIX.

1888 4565 2275 4636 progrediatur
2329 4565 2602 4634 superbia:
2661 4567 3005 4635 periculum?
3059 4568 3232 4641 Igitur
3285 4570 3451 4625 etiam

1886 4654 2091 4709 librum
2141 4662 2411 4723 praeterea
2458 4654 2750 4712 revolvens
2771 4656 3018 4711 Palamas
3066 4657 3332 4714 recitabat
3370 4659 3454 4714 di-

1885 4754 2058 4811 ctum,
2099 4745 2246 4816 quod
2285 4745 2382 4810 ait,
2415 4744 2562 4800 aliud
2591 4761 2712 4801 esse
2756 4747 3103 4816 eﬂicientem,
3159 4750 3308 4805 aliud
3340 4749 3454 4806 eili-

1894 4853 2017 4901 cax,
2075 4846 2133 4891 et
2177 4835 2326 4890 aliud
2388 4835 2754 4902 ellicientiam,
2796 4839 2945 4893 aliud
2976 4840 3254 4894 eﬁ‘ectum.
3310 4839 3451 4896 Tum

1889 4930 2007 5000 ipse
2031 4944 2096 4984 ex
2136 4935 2385 4997 tempore
2440 4927 2924 4998 interpretabatur,
2966 4929 3289 4986 eilicientem
3331 4947 3454 4987 esse

1892 5023 2089 5085 Deum,
2131 5018 2324 5074 eilicax
2379 5020 3053 5075 naturam:eilicientiam
3105 5021 3451 5079 divinitatem

1891 5112 2014 5181 ejus
2040 5111 2341 5164 increatam
2365 5123 2487 5179 qua:
2510 5110 2619 5164 alia
2645 5119 2789 5163 esset
2836 5118 3000 5180 atque
3033 5110 3274 5168 eiliciens
3303 5128 3452 5169 eam—

1889 5218 1995 5271 que
2022 5215 2268 5265 movens,
2309 5201 2566 5256 eﬂ'ectum
2597 5215 2717 5256 esse
2755 5200 3164 5271 perfectionem.
3195 5204 3325 5259 Esse
3355 5220 3457 5260 au-

1892 5301 1999 5347 tem
2057 5291 2408 5347 efﬁcientiam
2436 5301 2493 5347 et
2541 5292 2757 5348 efficere
2820 5308 2989 5348 unum
3055 5294 3310 5365 idemque
3349 5304 3455 5351 :‘et

1888 5395 2150 5455 praeterea
2179 5385 2480 5454 qumrebat,
2517 5384 2646 5454 quid
2676 5399 2823 5445 esset
2852 5388 3161 5455 putandum
3206 5387 3454 5450 ellicere.

1889 5479 2054 5549 338
2106 5493 2175 5531 an
2232 5493 2343 5532 non
2402 5476 2546 5533 idem
2598 5493 2723 5533 cum
2793 5479 3250 5534 creando?Tum
3322 5494 3455 5535 sane

1888 5579 2131 5624 creatum
2165 5567 2477 5623 diceremus
2504 5583 2693 5625 creare
2749 5570 2805 5624 in
2851 5571 2962 5623 Deo
2991 5588 3005 5623 :
3034 5585 3204 5639 apage
3263 5571 3457 5625 stulti-

1892 5664 2019 5717 tiam
2055 5662 2255 5716 istam!
2284 5660 2401 5715 Alia
2436 5661 2697 5732 deinceps
2734 5662 2858 5716 aliis
2913 5662 3174 5726 addebat,
3229 5662 3460 5717 demon.

1899 5766 2082 5811 strans
2113 5766 2302 5807 creare
2330 5752 2478 5808 aliud
2516 5768 2635 5808 esse
2677 5763 2733 5807 et
2758 5752 3036 5808 diversum
3102 5754 3170 5808 ab
3219 5754 3457 5811 essentia

2998 5846 3072 5905 10
