3856 6562
459 351 568 414 299

1659 339 2080 408 NICEPHORI
2123 339 2516 406 GREGORIE

3572 351 3668 416 3in

461 480 514 522 ιιι
541 469 846 522 increatum
885 479 984 536 per
1015 475 1095 531 se,
1123 465 1398 535 simulque
1445 465 1614 520 multa
1683 465 1900 520 locutus
1925 477 2028 528 est,

2138 467 2230 532 τῆς
2264 465 2450 526 οὐσίας
2493 461 2588 516 καὶ
2620 462 2878 517 ἄκτιστον
2909 463 3034 518 καθ’
3073 465 3222 518 αὑτό.
3265 465 3370 516 Καὶ
3403 465 3516 534 ἃμα
3561 473 3674 524 ἐπε·

463 557 700 626 piurima
730 568 1028 608 conserens
1058 553 1304 624 ejusdem
1343 561 1636 618 naturmhet
1665 553 1880 606 ordinis
1903 569 2024 606 cum

465 649 741 718 prmi-ibus
797 645 904 700 illis
938 656 995 700 et
1029 645 1224 700 mediis
1257 647 1525 700 conviciis
1555 647 1694 716 ejus,
1733 661 1798 700 ne
1830 647 1932 700 alia
1975 645 2028 699 in

461 740 624 793 aliam
649 745 854 793 mutata
888 751 1106 806 semper
1133 738 1308 792 etsibi
1345 753 1659 806 repugnans
1693 747 1838 792 esset
1891 735 2032 792 Cha-

463 835 598 886 lana!
631 847 780 884 nova:
812 831 979 884 turris
1005 829 1266 884 a-dilicata
1297 839 1352 884 et
1403 845 1744 900 qunaecnnque
1777 829 1842 883 ad
1903 845 2031 899 pur-

465 925 737 994 gationem
773 923 896 994 igne
923 923 1158 992 egebant
1205 921 1559 977 Sodomitieo.
1615 922 1717 976 Sed
1761 921 2031 992 Grcgoras

465 1017 740 1086 plerisque
771 1013 1148 1084 praitennissis
1199 1013 1312 1068 liazc
1343 1015 1392 1067 ei
1449 1013 1586 1067 dixit
1622 1029 1635 1066 :
1669 1012 1722 1066 Si
1749 1013 1898 1068 aliud
1947 1025 2031 1070 est

465 1123 653 1161 creare
684 1115 740 1160 et
781 1103 1114 1168 increatum,
1149 1103 1452 1158 secundum
1482 1111 1555 1164 te.
1619 1117 1836 1172 semper
1865 1103 2032 1174 igitur

465 1207 604 1260 erat,
636 1203 691 1250 et
727 1194 1041 1248 necessario
1065 1194 1174 1264 jam
1205 1193 1430 1256 accidit,
1467 1200 1526 1246 ut
1559 1191 1672 1245 sint
1709 1193 1870 1246 simul
1903 1209 2028 1246 cum

465 1287 727 1340 Cri-atere
755 1285 1088 1353 sempiterna
1143 1301 1262 1354 qua:
1287 1283 1479 1338 effecta
1521 1293 1669 1348 sunt;
1705 1301 1827 1338 cum
1861 1287 2028 1352 enim,

465 1377 768 1432 secundum
827 1385 900 1436 te.
933 1389 1151 1444 semper
1213 1383 1359 1428 esset
1419 1373 1646 1427 Creator
1707 1385 1762 1428 et
1817 1390 2034 1442 semper

465 1477 698 1532 crearet,
731 1479 950 1535 semper
981 1466 1148 1536 igitur
1199 1475 1318 1520 erat
1346 1465 1510 1520 etiam
1577 1465 1813 1520 mundus
1866 1466 2031 1520 simul

464 1571 588 1614 cum
623 1555 880 1613 Creatore
920 1573 936 1615 :
979 1557 1029 1610 id
1063 1557 1208 1628 quod
1261 1557 1506 1626 ineptum
1540 1565 1624 1611 est
1675 1567 1730 1612 et
1781 1557 2030 1626 impium.

463 1649 762 1706 Providerc
795 1649 943 1704 enim
971 1649 1142 1704 semel
1183 1649 1384 1702 creatis
1409 1649 1554 1702 Deus
1585 1647 1791 1704 dicitur
1834 1657 1888 1703 et
1919 1663 2036 1702 ser-

465 1757 594 1797 vare
681 1743 986 1797 secundum
1066 1757 1232 1811 quam
1319 1741 1458 1794 facta
1545 1747 1674 1797 sunt
1745 1742 2030 1808 rationem,

465 1849 646 1903 neque
675 1849 804 1888 vero
832 1847 1055 1896 creare;
1097 1847 1220 1887 cum
1255 1847 1364 1886 non
1395 1833 1676 1902 indigeant
1707 1835 2030 1888 aet-essione
2059 1807 2108 1867 Β

465 1935 654 1996 opera,
683 1935 802 1992 qua:
827 1923 1010 1976 omnia
1043 1922 1132 1976 die
1176 1922 1408 1992 septimo
1465 1921 1641 1975 finivit
1674 1941 1686 1976 :
1721 1923 2030 1992 [mesen-tim

465 2033 588 2071 eum
613 2013 966 2069 efficientiam
991 2025 1046 2067 et
1073 2013 1290 2066 efficere
1323 2013 1464 2067 idem
1496 2027 1618 2068 esse
1663 2023 1716 2067 et
1751 2013 1867 2080 ipse
1897 2027 2033 2068 cou-

465 2109 660 2172 cedas;
692 2105 988 2160 efficientia
1019 2117 1200 2158 autem
1251 2113 1336 2158 est
1369 2103 1539 2158 motio
1596 2104 1798 2159 effecta
1861 2105 2034 2174 magis

465 2213 627 2268 quam
661 2197 929 2252 efficiens.
969 2195 1026 2251 Si
1076 2198 1220 2250 enim
1261 2195 1678 2258 estefticientia,
1704 2199 1778 2250 ait
1807 2211 2035 2266 magnus

467 2293 520 2344 in
554 2289 826 2360 theologia
853 2289 1176 2357 Gregorius,
1201 2287 1478 2340 efficietur
1535 2287 1820 2350 videlicet,
1853 2303 2030 2356 neque

465 2398 595 2436 Vt'l‘f)
623 2379 828 2436 efficiet
858 2397 870 2432 :
899 2389 954 2434 et
995 2379 1324 2447 simulatque
1357 2377 1520 2448 339
1551 2379 1744 2432 effecta
1795 2387 1878 2432 est
1935 2380 2034 2432 de-

465 2477 630 2530 sinet.
657 2471 828 2528 Desiit
861 2473 1045 2542 itaque
1075 2473 1134 2524 τὸ
1159 2485 1348 2524 creare
1389 2473 1591 2526 cwluin
1631 2471 1782 2526 aliud
1818 2481 1872 2525 et
1923 2479 2034 2525 ter-

467 2579 582 2620 ram
615 2565 776 2619 aliam
807 2575 864 2618 et
916 2565 1086 2617 solem
1122 2573 1178 2616 et
1248 2563 1428 2616 sidera
1492 2573 1548 2617 et
1605 2563 1731 2617 talia
1787 2559 2032 2632 quidem,

467 2669 632 2726 atque
661 2655 704 2711 si
732 2656 912 2720 desiit,
947 2655 1109 2710 etiam
1141 2655 1354 2706 initium
1385 2654 1576 2707 habuit
1605 2653 1850 2707 omnino.
1879 2651 2034 2718 Quod

467 2761 654 2804 autem
685 2747 880 2817 incipit
909 2757 964 2801 et
1000 2747 1202 2802 desiuit
1230 2745 1507 2815 quomodo
1539 2747 1681 2800 idem
1707 2761 1826 2800 esse
1861 2753 2038 2814 potest

469 2857 710 2904 cnmeo,
743 2841 889 2910 quod
939 2854 1118 2908 neque
1153 2839 1347 2904 incipit
1402 2853 1582 2906 neque
1633 2835 1882 2892 desinit?
1927 2851 2035 2890 non

469 2938 638 3006 igitur
665 2949 852 2988 creare
883 2933 1278 3000 sempiternum
1307 2940 1392 2984 est
1425 2930 1584 2982 simul
1637 2945 1760 2983 cum
1801 2931 1926 2983 Deo.
1970 2929 2038 2984 Ut

470 3026 618 3078 enim
642 3023 782 3093 ignis
805 3031 998 3076 natura
1034 3031 1114 3074 est
1146 3019 1375 3074 facultas
1411 3019 1626 3083 urendi,
1651 3029 1708 3072 ut
1733 3019 1828 3073 Dei
1861 3019 2036 3072 facul-

473 3123 554 3168 tas
578 3113 824 3176 creandi,
852 3111 1144 3167 efficientia
1181 3121 1361 3164 autem
1391 3119 1674 3174 esturere,
1695 3111 1838 3180 quod
1871 3112 2034 3165 etiam

477 3215 750 3274 pra-serite
779 3219 868 3270 eo,
903 3203 1052 3274 quod
1109 3203 1190 3256 uri
1253 3211 1451 3273 potest,
1521 3201 1744 3256 efficere
1793 3201 2032 3266 videtur,

475 3299 701 3354 absente
731 3309 912 3353 autem
959 3299 1051 3353 illo
1089 3297 1255 3351 etiam
1315 3297 1460 3350 ustio
1518 3295 1696 3360 abest,
1759 3296 1835 3354 ita
1870 3298 2034 3351 etiam

469 3393 524 3448 in
558 3399 781 3446 creante
833 3389 980 3446 dicat
1027 3389 1272 3460 aliquis:
1311 3389 1365 3443 Si
1409 3389 1563 3442 adest
1628 3389 1774 3458 quod
1838 3389 2036 3443 debeat

467 3484 644 3536 creari
681 3481 864 3536 locum
900 3481 1134 3534 fortasse
1189 3479 1402 3534 obtinet
1449 3479 1613 3532 etiam
1688 3493 1925 3544 creare;
1987 3479 2034 3532 si

469 3576 606 3629 illud
636 3575 813 3636 deest.
843 3573 1006 3627 desiit
1032 3571 1196 3626 etiam
1257 3585 1468 3624 creare.
1525 3569 1734 3624 Deinde
1783 3571 2033 3625 efficien-

471 3669 603 3720 tiam
643 3669 786 3720 tianc
814 3677 934 3733 qua:
961 3673 1044 3716 est
1085 3663 1138 3716 in
1172 3661 1374 3714 creatis
1439 3661 1759 3730 compositis
1811 3675 2036 3714 necesse

469 3767 556 3810 est
588 3754 832 3824 cogitare
861 3762 920 3807 ut
971 3753 1274 3806 motionem
1303 3751 1580 3813 effectam,
1617 3760 1680 3805 ιιι
1711 3749 1932 3805 divinus
1959 3753 2036 3806 ait

471 3847 715 3904 Joannes
767 3845 1156 3906 Damascenus,
1205 3859 1326 3912 qua:
1385 3853 1466 3896 est
1501 3843 1664 3896 etiam
1707 3843 1900 3896 relatio
1939 3857 2038 3894 ex-

471 3951 644 3994 trema
677 3935 1043 4009 conjungens,
1077 3949 1254 4005 neque
1284 3935 1402 3990 sine
1431 3933 1614 3989 relatis
1647 3933 1870 4004 cogitari
1945 3951 2038 4004 po-

470 4043 593 4088 test.
631 4031 884 4086 Extrema
941 4039 1123 4084 autem
1171 4027 1296 4082 dico
1351 4027 1570 4082 efficere
1619 4038 1671 4082 et
1723 4025 1978 4082 effectum
2020 4046 2034 4082 :

470 4125 640 4178 motio
675 4132 858 4176 autem
895 4129 979 4176 est
1011 4119 1065 4174 in
1101 4129 1348 4186 tempore
1386 4129 1441 4172 et
1479 4118 1676 4188 prioris
1741 4127 1799 4172 et
1849 4129 2038 4187 poste-

471 4215 631 4270 rioris
659 4213 950 4284 prmsentia
981 4209 1422 4274 administratur,
1477 4209 1681 4264 finibus
1721 4216 2032 4280 temporum

469 4317 524 4356 ct
555 4311 793 4357 locorum
834 4301 1010 4367 subjlc
1035 4315 1134 4354 ens
1193 4299 1508 4353 libertatem
1543 4317 1555 4352 :
1588 4315 1750 4368 quam
1809 4300 2035 4368 quidem

471 4395 584 4448 Deo
610 4391 940 4455 attribuere,
979 4391 1224 4444 omnium
1249 4399 1338 4443 est
1363 4389 1790 4458 ineptissimum.
1817 4389 2038 4459 Cogita-

2135 557 2422 626 λυ).ὀγησε,
2463 555 2686 608 πλεῖστα
2717 557 2978 627 συνεέρων
3019 559 3240 626 ὁμοφυᾶ
3271 561 3363 610 καὶ
3407 561 3672 633 ὁμόστοιχα

2133 647 2246 711 τοῖς
2285 650 2570 720 προτέροις
2590 649 2817 711 ἐκείνοις
2856 653 2950 703 καὶ
2989 650 3173 718 μέσοις
3209 649 3550 720 βλασφήμοις
3591 660 3674 708 αὖ-

2131 741 2252 804 τοῦ,
2297 742 2382 794 ἵνα
2413 741 2479 814 μ.
2517 741 2614 796 155
2643 739 2716 810 r.]
2769 741 2844 811 μὴ
2879 743 3314 812 ἀλλοπρόσαλλός
3355 761 3434 806 τις
3519 747 3602 798 καὶ
3627 751 3678 800 ἀ·

2135 833 2424 901 σύμφωνος
2463 833 2642 901 ἑαυτῷ
2671 833 2700 884 ό
2727 833 2827 900 τῆς
2859 833 2984 894 νέας
3027 835 3281 904 Χαλάνης
3315 835 3526 905 πύργος
3553 841 3676 890 οἰκο-

2135 925 2494 994 δομούμενος,
2527 925 2622 978 καὶ
2653 923 2752 978 ὅσα
2799 923 2894 978 τοῦ
2923 923 3276 994 Σοδομιτικοῦ
3329 929 3502 998 πυρδς
3532 927 3676 983 ἐδεῖτο

2135 1015 2267 1084 arpi;
2332 1013 2620 1086 κάθαρσιν.
2665 1015 2804 1068 Ἀλλ’
2850 1017 2879 1068 ό
2933 1013 3220 1088 Γρηγορᾶς
3275 1017 3414 1086 πρὸς
3444 1017 3676 1074 αὖτὸντά

2133 1109 2308 1160 πλείω
2339 1109 2532 1176 παρεὶς
2561 1105 2746 1161 ἐκεῖνά
2777 1123 2964 1177 φησιν·
3001 1109 3058 1160 Ei
3091 1107 3220 1162 ἄλλο
3254 1109 3317 1161 τὺ
3351 1107 3676 1178 δημιουργεῖν
3699 1133 3716 1180 ·,

2137 1202 2232 1254 καὶ
2275 1201 2542 1254 ἄκτιστον
2593 1201 2735 1254 κατὰ
2777 1199 2857 1264 σέ,
2889 1201 2976 1254 ἀεὶ
3013 1201 3118 1270 ἄρα
3165 1196 3256 1270 ἦν,
3291 1203 3382 1254 καὶ
3415 1203 3676 1270 συμϐαίνει

2133 1291 2320 1344 λοιπὸν
2355 1287 2412 1354 ἐξ
2445 1291 2693 1358 ἀνάγκης
2715 1287 2850 1344 εῖναι
2881 1291 2958 1359 τῷ
2993 1287 3312 1360 δημιουργῷ
3359 1293 3593 1344 συναῖδια
3623 1295 3678 1348 τὰ

2135 1383 2625 1452 δημιουργήματα·
2659 1383 2746 1434 ἀεὶ
2775 1383 2884 1452 γὰρ
2919 1383 3072 1444 δντος
3109 1383 3206 1435 τοῦ
3249 1379 3582 1451 δημιουργοῦ
3603 1389 3680 1438 καὶ

2137 1475 2224 1528 ἀεὶ
2253 1474 2696 1545 ὃημουργοῦντος
2735 1475 2875 1528 κατὰ
2905 1475 2986 1538 σὲ,
3019 1475 3106 1527 ἀεὶ
3131 1475 3240 1545 ἄρα
3277 1470 3348 1545 ἥν
3393 1477 3484 1528 καὶ
3521 1477 3548 1528 ὁ
3605 1481 3680 1530 1ιό-

2139 1582 2274 1634 σμος
2295 1556 2426 1634 ὁμοῦ
2449 1565 2524 1634 τῷ
2555 1563 2892 1636 δημιουργῷ.
2917 1565 3097 1634 Ὅπερ
3126 1569 3327 1622 ᾱτοπον
3359 1566 3454 1620 καὶ
3489 1567 3676 1632 ἀσεϐές.

2137 1657 2488 1726 Προνοεῖσθαι
2523 1657 2620 1728 μὲν
2647 1657 2758 1726 γὰρ
2785 1657 2893 1710 τῶν
2937 1657 3086 1722 ἅπαξ
3123 1655 3628 1726 δημιουργηθέντων
3655 1661 3678 1712 ὁ

2137 1749 2266 1812 Θεὸς
2301 1749 2539 1818 λέγεται,
2575 1751 2666 1802 καὶ
2701 1752 2990 1819 συντηρεῖν
3021 1751 3146 1803 καθ’
3181 1751 3242 1803 δν
3267 1751 3524 1818 γεγόνασι
3545 1751 3682 1818 λόγον

2135 1839 2296 1902 αὐτὰ,
2339 1841 2694 1910 δημιουργεῖν
2741 1839 2892 1902 δὀὓ,
2937 1841 3014 1912 μὴ
3062 1841 3334 1910 δεομένων
3385 1843 3678 1913 προσθήκης

2133 1929 2209 1986 ὧν
2235 1933 2578 1986 κατέπαυσεν
2629 1935 2804 2003 ἔργων
2836 1935 3094 1990 ἁπάντων
3131 1937 3196 2004 τῇ
3257 1935 3464 2004 ἐϐδόμῃ
3503 1937 3677 2005 ἡμέρᾳ.

2139 2023 2344 2084 Ἄλλως
2366 2039 2424 2076 τε
2459 2024 2550 2076 καὶ
2581 2025 2769 2093 ἐπειδὴ
2805 2027 3052 2094 ἐνεργεῖν
3099 2027 3298 2078 ταυτὸν
3323 2027 3420 2078 καὶ
3445 2025 3598 2088 αὐτὸς
3621 2022 3682 2078 εἴ·

2134 2125 2225 2162 ναι
2247 2110 2550 2178 ὁμολογεῖς,
2575 2111 2688 2163 ἐστι
2716 2111 2760 2163 δ’
2777 2115 2810 2180 ἡ
2838 2111 3084 2180 ἐνέργεια
3105 2115 3316 2182 κίνησις
3337 2113 3680 2184 ἐνεργουμένη

2137 2201 2399 2270 μᾶλλονῆ
2433 2203 2734 2270 ἐνεργοῦσα
2767 2205 2835 2270 (εἰ
2877 2205 2987 2274 γαρ
3013 2203 3264 2282 ἐνέργειὰ
3301 2207 3446 2268 ἐστι,
3479 2205 3630 2274 φησιν
3659 2207 3684 2258 ὁ

2137 2295 2312 2362 μέγας
2345 2296 2402 2346 ἐν
2441 2294 2691 2365 θεολογίᾳ
2721 2295 3490 2366 Γρηγόριος,ἐνεργηθήσεται
3522 2297 3684 2365 δηλον-

2135 2386 2241 2446 ότι,
2279 2387 2374 2439 καὶ
2419 2391 2518 2439 οἰκ
2561 2389 2872 2458 ἐνεργήσει,
2935 2389 3032 2442 καὶ
3071 2389 3207 2458 ὁμοῦ
3237 2389 3314 2458 τῷ
3345 2389 3682 2458 ἐπργηθῆναι

2148 2477 2484 2546 παύσεται),
2545 2479 2824 2532 πέπαυται
2865 2481 2973 2550 ἄρα
3025 2480 3086 2532 τὸ
3143 2479 3500 2549 δημιουργεῖν
3539 2481 3686 2549 οὖρα-ρ

2137 2565 2230 2618 νὺν
2271 2565 2430 2618 ἄλλον
2482 2568 2578 2619 καὶ
2619 2573 2724 2635 γῆν
2777 2567 2942 2637 ἄλλην
2997 2570 3092 2620 καὶ
3143 2569 3294 2638 ἥλιον
3345 2573 3440 2622 καὶ
3475 2571 3684 2638 ἀστέρας

2136 2661 2232 2712 καὶ
2285 2659 2353 2712 τά
2403 2675 2466 2726 γε
2515 2661 2781 2713 τοιαῦτα³
2825 2660 2922 2714 καὶ
2985 2663 3033 2714 ει
3091 2663 3388 2726 πέπαυται,
3463 2664 3552 2716 καὶ
3597 2664 3680 2733 ἧρ-

2138 2751 2264 2815 Eat-:0
2313 2753 2550 2814 πάντως.
2585 2751 2658 2804 Τὸ
2705 2751 2752 2803 δ’
2802 2751 3106 2822 ἀρχόμενον
3137 2753 3230 2806 καὶ
3281 2753 3580 2820 παυόμενον
3617 2753 3683 2822 τῷ

2141 2845 2279 2914 μήτε
2323 2845 2612 2914 ἀρχομένῳ
2657 2844 2794 2916 μήτε
2847 2843 3142 2916 παυομένῳ
3195 2845 3310 2907 πῶς
3351 2845 3414 2898 ἂν
3467 2845 3548 2914 εἴη
3577 2859 3685 2898 ταν·

2139 2937 2270 2998 τόν;
2307 2935 2419 2986 Οὐκ
2469 2935 2576 3006 ἄρα
2618 2934 2677 2986 τὸ
2721 2935 3078 3006 δημιουργεῖν
3136 2937 3408 2989 συναῖδιον
3455 2937 3530 3005 τῷ
3565 2936 3682 3005 Θεῷ.

2143 3027 2362 3096 Ὠσπερ
2395 3027 2504 3095 γὰρ
2537 3025 2630 3078 τοῦ
2677 3027 2846 3094 πυρὸς
2897 3027 3060 3095 φύσις
3096 3021 3195 3097 μέν
3227 3029 3344 3081 ἐστι
3382 3027 3451 3082 τδ
3495 3045 3686 3081 καυστι-

2141 3115 2236 3168 κδν
2287 3117 2362 3180 ὡς
2413 3117 2506 3168 τοῦ
2557 3115 2692 3169 Θεοῦ
2725 3117 2784 3169 τὸ
2813 3119 3228 3188 δημιουργικὸν,
3261 3118 3518 3188 ἐνέργεια
3557 3119 3686 3169 δὲτὸ

2139 3209 2338 3274 καίειν,
2369 3207 2396 3260 δ
2427 3209 2520 3260 καὶ
2551 3207 2817 3278 παρόντος
2852 3207 2952 3278 μὲν
2989 3208 3084 3262 τοῦ
3117 3208 3368 3262 καίεσθαι
3401 3210 3684 3278 δυναμένου

2137 3300 2284 3352 δοκεῖ
2321 3301 2584 3368 ἐνεργεῖν,
2644 3297 2876 3362 ἀπόντος
2931 3297 2976 3354 δ’
3021 3301 3236 3354 ἐκείνου
3283 3301 3377 3354 καὶ
3421 3301 3488 3352 ea
3534 3302 3688 3354 καίειν

2143 3386 2374 3440 ἄπεστιν
2395 3403 2409 3416 ·
2441 3385 2584 3438 οὕτω
2617 3387 2760 3440 κάπὶ
2813 3386 2906 3439 τοῦ
2947 3386 3405 3457 δημιουργοῦντας
3457 3391 3584 3459 φαίη
3619 3405 3687 3450 τις

2139 3477 2226 3542 ἂν,
2259 3477 2528 3546 παρόντος
2566 3477 2664 3546 μὲν
2685 3475 2782 3530 τοῦ
2824 3477 3278 3547 δημιουργεῖοθαι
3309 3480 3568 3548 δεομένου
3596 3481 3688 3549 χὼ-

2141 3587 2240 3642 ραν
2268 3574 2396 3634 ἴσως
2430 3571 2542 3640 ἔχει
2569 3569 2744 3624 καὶτὸ
2767 3571 3145 3641 δημιουργεῖν,
3173 3571 3385 3624 ἐκείνου
3409 3572 3463 3626 δ’
3483 3573 3686 3632 ἀπόντος

2139 3665 2414 3716 πέπαυται
2460 3665 2556 3717 καὶ
2600 3661 2662 3716 τὸ
2709 3664 3090 3732 δημιουργεῖν.
3127 3664 3358 3718 Ἔπειτα
3405 3665 3512 3734 τὴν
3551 3665 3684 3732 ἐνέρ-

2137 3769 2292 3824 γειαν
2325 3755 2534 3826 ταύτην
2561 3757 2620 3808 ἐν
2653 3759 2766 3818 τοῖς
2797 3755 3076 3828 συνθέτοις
3113 3755 3384 3826 κτίσμασι
3431 3757 3540 3828 χρὴ
3567 3759 3686 3809 νοεῖν
3775 3775 3778 3778 ⁴

2139 3847 2354 3914 κίνησιν
2395 3846 2564 3900 οὖσαν
2611 3827 3034 3918 ἐνεργουμένην,
3063 3848 3140 3910 ὥς
3179 3851 3208 3902 δ
3244 3848 3382 3912 θεῖος
3409 3851 3481 3903 ὲκ
3521 3827 3688 3918 δαμα-

2141 3935 2273 3989 σκοῦ
2311 3953 2476 4006 φησιν
2530 3936 2803 4005 Ἰωάννης,
2855 3935 3016 3998 Ἤτις
3063 3939 3156 3988 και
3203 3937 3390 4004 σχέσις
3427 3937 3543 3988 ἐστὶ
3583 3949 3688 3986 aevo

2140 4031 2329 4099 θετικὴ
2365 4032 2474 4082 τῶν
2511 4029 2716 4098 ἄκρων,
2769 4030 2866 4081 καὶ
2903 4029 3032 4082 ἄνευ
3077 4029 3184 4081 τῶν
3213 4029 3423 4097 σχετῶν
3475 4027 3688 4080 νοεῖσθαι

2143 4123 2220 4192 μὴ
2254 4121 2533 4190 δυναμένη
2555 4137 2570 4152 ⁶
2613 4123 2760 4189 ἂκρα
2797 4119 2850 4172 δέ
2891 4135 3036 4189 φημι
3065 4121 3126 4171 τό
3157 4135 3216 4172 τε
3251 4117 3510 4186 ἐνεργοῦν
3537 4119 3620 4170 καὶ
3639 4115 3690 4167 τὸ

2140 4211 2555 4278 ἐνεργούμενον.
2595 4209 2660 4260 ἹΙ
2697 4207 2753 4260 δὲ
2803 4210 3018 4277 κίνησις
3057 4207 3114 4258 ἐν
3159 4207 3336 4276 χρόνῳ
3371 4209 3432 4258 τέ
3465 4208 3579 4258 ἐστι
3611 4203 3690 4256 καὶ

2140 4307 2203 4374 τῇ
2243 4302 2336 4356 τοῦ
2375 4303 2637 4371 προτέρου
2676 4303 2768 4354 καὶ
2809 4299 3040 4369 ὑστέρου
3087 4299 3362 4369 παρουπέᾳ
3405 4299 3686 4358 διοικεῖται,

2141 4397 2286 4466 ὅροις
2317 4396 2559 4455 τοπικοῖς
2605 4391 2744 4458 suos
2793 4393 2887 4446 καὶ
2937 4393 3216 4462 χρονικοῖς
3259 4391 3576 4443 occidione
3609 4389 3690 4458 τὴν

473 4497 583 4538 tum
613 4485 902 4553 enimﬁrat
930 4483 1132 4538 factum
1167 4481 1220 4534 in
1256 4481 1386 4548 Deo,
1447 4485 1558 4550 ipsa
1617 4481 1904 4535 voluntate
1965 4482 2032 4534 ad

2145 4485 2478 4556 ἐλευθερίαν.
2513 4485 2734 4555 Ταύτην
2765 4485 2812 4538 δ’
2845 4483 3158 4537 ἀνατιθέναι
3193 4481 3314 4550 Θεῷ
3359 4484 3472 4536 τῶν
3495 4485 3690 4560 πάντοιν

472 4579 836 4631 constitutum
871 4574 1034 4630 finem
1067 4583 1386 4628 transeunte
1423 4592 1436 4627 :
1465 4573 1764 4627 discrimen
1825 4579 2038 4641 tenipo-

473 4671 546 4722 ris
578 4679 672 4722 aut
708 4667 812 4722 loci
845 4667 918 4720 ibi
961 4667 1315 4720 introducere
1375 4675 1707 4734 Quocuuque
1759 4663 1919 4717 modo
1945 4679 2040 4718 co-

471 4765 736 4834 gitatione
770 4759 1005 4830 quadam
1025 4759 1269 4813 omnium
1300 4767 1384 4812 est
1421 4757 1821 4826 ineptissimum
1860 4769 2036 4822 neque

471 4849 632 4928 δι’ιο
669 4853 786 4908 tieri
822 4862 1022 4924 potest.
1059 4867 1076 4904 ι
1115 4851 1362 4920 Impetus
1407 4851 1556 4903 enim
1591 4847 1808 4904 consilii
1840 4845 2034 4912 divini,

468 4959 544 5003 ait
572 4947 865 5018 Gregorius
886 4945 1182 5016 Nyssenus,
1209 4953 1332 4998 cum
1367 4943 1482 4995 vult
1513 4955 1598 4995 res
1637 4941 1695 4994 fit
1717 4949 1805 5006 ,et
1837 4941 2036 4994 volun-

472 5051 555 5093 tas
595 5038 834 5093 eSsentia
899 5035 1154 5098 afficitur,
1213 5035 1288 5088 ita
1333 5043 1388 5086 ut
1421 5031 1605 5086 Statim
1658 5031 1752 5084 fiat
1815 5041 2032 5093 natura,

469 5129 726 5184 voluntas
783 5127 1044 5180 nimirum
1107 5127 1393 5194 potestatis
1454 5121 1863 5191 omnipotentis,
1916 5137 2037 5191 quae

467 5215 836 5295 quodcunque
872 5219 1150 5288 sapienter
1213 5227 1267 5271 et
1311 5215 1606 5270 artiﬁciose
1661 5215 1777 5267 vult
1827 5207 2032 5280 efficit,

469 5329 532 5368 ut
567 5313 822 5366 voluntas
866 5325 975 5364 non
1003 5318 1186 5362 careat
1243 5307 1570 5362 substantia.
1597 5319 1615 5355 ι
1673 5301 1851 5360 Locus
1883 5307 2032 5361 enim

469 5413 527 5459 et
559 5405 697 5458 ratio
731 5403 884 5457 nullo
911 5401 1076 5454 modo
1100 5399 1461 5468 conspicitur,
1497 5397 1802 5452 secandum
1851 5399 2032 5469 Cyril-

465 5499 577 5552 lum
610 5499 884 5560 divarum,
915 5491 1266 5547 intercedens
1301 5491 1444 5544 inter
1472 5501 1774 5544 creatorem
1802 5501 1856 5544 et
1879 5507 2034 5545 crea-

467 5601 580 5644 tum
614 5605 628 5644 :
657 5586 1008 5642 efficientiam
1041 5593 1226 5638 autem
1259 5583 1312 5635 in
1345 5583 1452 5636 Deo
1485 5585 1918 5638 demensuatum
1948 5592 2032 5638 est

467 5695 584 5732 esse
615 5679 735 5748 ejus
763 5675 1192 5734 declarationem
1243 5689 1562 5743 magnorum
1611 5685 1666 5728 et
1695 5674 2031 5728 mirabilium

474 5785 702 5836 operum
769 5771 930 5826 nobis
977 5769 1222 5824 factum:
1267 5769 1380 5820 haec
1439 5777 1619 5822 autem
1681 5775 1810 5822 sunt
1866 5781 2030 5837 opera

2146 4579 2294 4632 ἐστὶν
2343 4577 2714 4632 ἀτοπώτατον.
2768 4577 2842 4630 Τὺ
2888 4579 2999 4646 γὰρ
3047 4577 3284 4646 ἐννόημα
3329 4576 3491 4646 ἔργον
3530 4572 3593 4646 ἦν
3613 4575 3692 4626 ἐπὶ

2143 4669 2302 4732 Θεοῦ,
2341 4669 2562 4738 ἀμέσως
2597 4667 2694 4720 τοῦ
2741 4667 3086 4738 βουλήματος
3129 4669 3265 4736 πρὸς
3311 4669 3370 4720 τὸ
3399 4667 3544 4722 κατὰ
3573 4665 3692 4735 πρό-

2143 4759 2292 4812 θεσιν
2318 4757 2476 4820 τέλος
2525 4756 2943 4826 μεθισταμένου.
2995 4756 3094 4810 Καὶ
3135 4757 3415 4827 διάστημα
3459 4757 3692 4827 χρονικὺν

2141 4849 2174 4922 ἢ
2217 4851 2438 4903 τοπικὺν
2473 4853 2590 4902 ἐκεῖ
2636 4851 2995 4920 παρεισάγειν
3041 4850 3291 4903 ὁπωσοῦν
3339 4851 3556 4921 ἐπινοίᾳ
3601 4849 3690 4900 τινὶ

2139 4940 2248 4992 τῶν
2273 4939 2492 4991 πάντων
2529 4939 2677 4990 ἐστὶν
2725 4939 3072 4991 ἀτοπώτατον
3121 4943 3214 4992 καὶ
3263 4941 3554 4994 ἀδύνατον.
3581 4957 3598 4990 ι
3641 4935 3690 4990 'll

2141 5030 2249 5100 γὰρ
2273 5032 2419 5100 ὁρμὴ
2447 5031 2546 5100 τῆς
2577 5031 2728 5092 θείας
2759 5033 3156 5099 προαιρέσεως,
3192 5049 3212 5080 ι
3239 5033 3404 5101 φησιν
3435 5035 3464 5086 ό
3489 5029 3690 5094 Νύσης

2141 5121 2464 5192 Γρηγόριος,
2505 5141 2528 5172 1
2561 5123 2690 5175 ὃταν
2737 5123 2894 5194 ἐθέλῃ
2947 5125 3178 5194 πρᾶγμα
3218 5124 3450 5189 γίνεται,
3497 5126 3586 5177 καὶ
3611 5125 3690 5175 σὺν

2145 5213 2355 5266 σιοῦται
2407 5215 2467 5266 τὸ
2510 5213 2758 5283 βούλημα
2811 5215 2975 5278 εὐθὺς
3037 5214 3198 5284 φύσις
3255 5216 3561 5284 γινόμενον,
3605 5212 3690 5279 τῆς

2143 5306 2556 5374 παντοδυνάμου
2613 5306 2884 5368 ἐξουσίας,
2943 5309 3079 5376 ὅπερ
3133 5305 3200 5358 ἂν
3263 5307 3444 5374 σοφῶς
3501 5319 3560 5357 «τε
3611 5305 3690 5356 καὶ

2141 5395 2406 5464 τεχνικῶς
2467 5391 2732 5466 ἐθελήσῃ,
2786 5397 2860 5465 μὴ
2913 5395 3290 5448 ἀνυπόστατον
3345 5395 3598 5462 ποιούσης
3639 5395 3690 5443 τὸ

2141 5487 2370 5558 θέλημα.
2411 5507 2429 5540 ι
2475 5489 2652 5552 Τόπος
2705 5483 2812 5556 γὰρ
2861 5489 2956 5540 καὶ
2987 5487 3144 5558 λόγος
3189 5489 3306 5540 οὐδε
3333 5505 3358 5550 ς
3400 5485 3460 5558 [f.
3503 5487 3598 5540 155
3625 5483 3690 5556 tu]

2139 5583 2352 5651 ὁρᾶται,
2373 5581 2512 5634 κατὰ
2538 5581 2628 5632 τὸν
2654 5581 2790 5631 Θεῖον
2813 5581 3102 5650 Κύρι).λον,
3129 5583 3336 5652 μεταξὺ
3369 5581 3590 5650 ποιητοῦ
3609 5585 3687 5634 καὶ

2139 5675 2454 5741 κτίσματος.
2493 5671 2771 5740 Ἑνέργεια
2799 5671 2842 5723 δ’
2879 5673 2964 5724 ἐπὶ
3009 5673 3146 5725 Θεοῦ
3189 5673 3459 5726 δέδεικται
3499 5671 3628 5726 εἶναι
3663 5679 3690 5740 ὴ

2139 5763 2246 5817 τῶν
2305 5763 2556 5834 μεγάλων
2619 5765 2712 5816 mi.
2751 5765 3078 5834 ,θαυμασίων
3135 5765 3312 5834 ἔργων
3359 5766 3523 5820 αὐτοῦ
3569 5768 3690 5836 πρὸς
