3966 6558
234 395 336 459 301

1201 393 1651 457 BYZANTIN/E
1689 389 2077 453 HISTORIA!
2110 387 2262 449 LIB-
2301 390 2464 450 YXX

2426 280 2461 294 \-

3361 378 3468 446 302

233 507 383 575 ἡμᾶς
422 504 749 575 φανέρωσις.
781 504 971 560 Ταῦτα
1011 506 1057 560 δ’
1096 507 1212 563 ἐστι
1263 510 1545 582 ποιήματα
1586 506 1803 571 κτιστά,

1917 515 2094 559 creata
2131 520 2143 555 :
2179 519 2354 568 neqm-
2390 515 2517 553 vero
2551 499 2662 554 ullo
2716 496 2881 552 modo
2914 494 2991 549 dii
3040 502 3099 550 et
3149 490 3471 551 divinitates

230 596 324 649 καὶ
354 596 565 667 οὐδαμῆ
605 596 720 651 θεοὶ
751 600 845 650 καὶ
876 598 1129 671 θεότητες
1156 599 1425 658 ἅκτιστοι.
1445 597 1551 657 ’Ὧν
1578 601 1803 671 οὐδεμία

227 707 315 752 τις
343 689 700 759 προηγήσατο
729 690 967 761 κίνησις,
1015 690 1085 763 ἢν
1143 691 1424 762 ἐνέργειαν
1473 693 1607 761 σύγε
1662 688 1805 748 εἶναι

232 779 601 844 ἀναπλάττεις
636 778 732 834 νῦν
766 784 861 834 καὶ
907 780 1139 853 θεότητα
1187 784 1619 853 προσαγορεύεις
1652 783 1806 838 ἀκτι-

232 888 359 925 στον
404 870 501 925 καὶ
555 873 657 941 τῆς
703 870 852 935 θείας
893 870 1083 937 οὑσίας
1126 873 1403 945 διάφορον.
1448 874 1807 943 Ἀνάπλασμα

110 1004 135 1023 ι
230 967 337 1038 ἀρα
374 966 475 1036 σῆς
509 965 747 1029 διανοίας
778 968 810 1036 ή
840 966 906 1037 σὴ
942 966 1130 1036 θεότης
1164 968 1333 1031 ἐστὶν,
1371 960 1482 1021 οἷον
1506 967 1618 1021 οὐδ’
1652 966 1718 1023 ἂν
1757 967 1805 1019 ei

230 1060 356 1121 τοὺς
388 1059 770 1129 τραγελάφους
797 1054 1125 1124 πλάττοντες
1159 1060 1494 1131 ἐννοήσαιεν.

298 1152 434 1204 AA'.
469 1149 675 1219 Πολλῆς
700 1166 764 1218 γε
817 1151 925 1220 μὴν
965 1152 1271 1215 ἐνστάσεως
1319 1151 1429 1206 τῶν
1467 1151 1809 1222 ἑκατέρωθεν

228 1244 554 1314 γενομένης,
590 1243 686 1297 καὶ
725 1243 907 1311 λόγων
954 1245 1166 1315 συχνῶν
1217 1243 1562 1301 κενωθέντων
1609 1245 1753 1310 οἴους
1781 1249 1809 1300 6

225 1334 324 1405 τῆς
353 1335 535 1405 ἔριδος
573 1334 727 1406 μίτος
770 1335 1010 1407 ὑφαίνει,
1039 1337 1132 1391 καὶ
1170 1336 1288 1406 ἅμα
1323 1335 1556 1409 θορύϐου
1591 1336 1808 1407 μακροῦ
1854 1402 1861 1403 γ

224 1426 333 1479 τῶν
387 1427 624 1497 ἀμαθῶς
676 1428 901 1482 ἐκείνων
949 1428 1409 1500 παρασπιζόντων
1452 1428 1530 1499 τῷ
1574 1428 1811 1504 Παλαμᾷ

226 1519 737 1592 πριόομὸήσαντος
792 1522 892 1586 τὰς
956 1522 1115 1593 ήμῶν
1164 1524 1358 1590 ἀκοὰς,
1400 1522 1476 1588 ὡς
1512 1523 1642 1595 μηδ’
1690 1522 1811 1590 ἐξαο

226 1612 494 1665 κούεσθαι
540 1611 803 1668 δύνασθαί
848 1631 902 1668 τι
949 1615 1060 1668 τῶν
1110 1613 1445 1685 λεγομένων,
1500 1617 1810 1686 ἀνεχαίτισε

224 1706 313 1758 τὸν
342 1705 553 1775 δρόμον
602 1706 630 1759 6
662 1705 951 1776 Γρηγορᾶς
986 1704 1213 1760 ἐκείνων
1263 1706 1378 1760 τῶν
1427 1705 1687 1778 ἐλέγχων,
1721 1707 1811 1762 ῐνα

228 1797 301 1866 μή
346 1796 451 1850 καὶ
495 1795 767 1867 πρόφασίς
809 1812 895 1861 τις
939 1796 1233 1867 ὑπονοῆται
1275 1797 1384 1875 τῶν
1429 1797 1527 1851 τοῦ
1573 1797 1811 1868 Παλαμᾶ

1906 597 2185 657 ἱηοτοοιςιν,
2214 592 2413 661 quibus
2446 590 2595 645 nulla
2642 586 2922 646 antecedit
2962 585 3156 648 motio.
3212 600 3377 655 quam
3411 595 3469 640 tu

1907 688 2131 758 quidem
2200 672 2554 742 efﬁcientiam
2578 697 2700 739 esse
2730 681 2889 753 lingis
2911 694 3061 736 nunc
3091 690 3151 736 et
3207 677 3473 737 divinita-

1906 787 2015 834 tem
2038 780 2291 848 appellas
2320 778 2689 833 incrcatamet
2714 772 2783 828 ab
2831 771 3075 829 essentia
3140 770 3329 826 divina
3384 768 3475 825 di-

1903 885 2145 929 versam.
2178 868 2351 926 Fictio
2380 870 2551 940 igitur
2604 867 2807 924 mentis
2832 877 2936 921 tua:
2958 874 3042 922 est
3065 865 3327 921 divinitas
3356 874 3476 928 tua,

1906 961 2127 1031 qualem
2162 976 2230 1017 ne
2253 961 2604 1033 tragelaphos
2656 959 2880 1031 quidem
2941 960 3208 1030 ﬁngentes
3258 972 3481 1028 excogi-

1909 1062 2027 1110 tare
2061 1053 2298 1123 possint.

1977 1146 2170 1203 XXXI.
2198 1147 2385 1219 Magna
2419 1146 2642 1219 quidem
2685 1145 3033 1216 oppositione
3073 1143 3246 1215 partis
3268 1142 3480 1199 utrius-

1910 1254 2017 1313 quc
2053 1238 2193 1294 facta
2223 1248 2279 1293 et
2313 1238 2499 1294 verbis
2553 1236 2899 1307 consumptis
2929 1234 3114 1305 qualia
3141 1234 3481 1305 objurgatio-

1909 1333 1996 1388 nis
2017 1329 2218 1386 Filium
2250 1329 2517 1395 contexit,
2551 1328 2826 1398 simulque
2875 1326 3114 1381 tumultu
3164 1340 3364 1392 magno
3389 1340 3485 1380 ειη

1910 1432 2036 1479 orto
2096 1424 2313 1477 illorum
2368 1419 2591 1476 indocte
2635 1419 3015 1491 adjuvantiuin
3058 1419 3334 1474 Palamam
3384 1419 3482 1488 qui

1911 1525 2072 1567 aures
2104 1520 2318 1565 nostras
2345 1508 2657 1578 obstrepuit
2685 1509 2761 1563 ita
2790 1516 2852 1567 ut
2873 1522 3054 1578 neque
3080 1506 3331 1562 exaudiri
3356 1522 3485 1575 pos-

1910 1611 1996 1657 set
2028 1600 2332 1672 quidquam
2361 1599 2657 1663 dictorum,
2686 1599 2960 1668 Gregoras
2988 1614 3216 1654 cursum
3246 1598 3477 1654 retinuit

1911 1701 2363 1764 argumentorum
2423 1690 2671 1755 illorum,
2721 1705 2794 1745 ne
2847 1691 3069 1761 species
3124 1690 3485 1746 simularetur

1909 1783 2289 1840 conviciorum
2315 1782 2550 1839 Palamre
2570 1792 2630 1837 ut
2651 1783 3047 1838 consisterent.
3078 1782 3294 1837 Etenim
3321 1781 3368 1837 si
3392 1783 3486 1837 de-

224 1858 628 1942 καθίστασθαυ
655 1858 1037 1959 βλασφημιῶν.
1102 1858 1477 1958 ῐίαυσαμένων
1531 1890 1642 1961 γάρ
1695 1858 1807 1944 τῶν

1917 1876 2161 1930 sinerent
2212 1883 2559 1944 argumenta,
2590 1858 2714 1939 ’ait,
2763 1872 2922 1947 35.1
2960 1888 3138 1943 neque
3195 1873 3307 1943 jam
3335 1872 3484 1929 illius

227 1979 475 2051 ἐλέγχων
507 1981 663 2051 φησὶ,
695 1980 793 2035 καὶ
842 1980 1040 2052 μηκέτι
1085 1980 1147 2034 τὸ
1192 1980 1406 2052 ἀμαθὲς
1453 1980 1806 2054 ἐρεθιζόντων

224 2072 469 2138 ἐκείνου,
498 2072 804 2127 παύσεσθαι
826 2075 923 2126 καὶ
954 2071 1016 2127 τὸ
1049 2072 1307 2142 πολέμιον
1337 2073 1497 2136 εὐθὺς
1528 2075 1625 2127 καὶ
1652 2073 1805 2126 ἀντί-

228 2163 400 2218 παλον
432 2164 532 2234 τῆς
560 2158 772 2231 ἐκείνου
806 2163 1125 2237 βλασφήμου
1158 2163 1406 2237 γλώττης
1435 2167 1530 2220 καὶ
1560 2166 1805 2237 ἀπεραν-

222 2256 503 2325 τολογίας.
546 2275 565 2309 ι
597 2258 833 2329 Ἐχομεν
870 2256 926 2311 δέ
980 2257 1076 2311 καὶ
1127 2256 1228 2328 τὴν
1283 2256 1518 2328 μίμησιν
1560 2259 1640 2323 εἰς
1676 2258 1807 2321 τοὺς

225 2349 435 2414 θείους,
472 2349 702 2421 ἔφησεν,
732 2351 971 2414 ἐκείνους
1005 2349 1303 2420 φωστῆρας
1325 2350 1421 2403 καὶ
1448 2350 1804 2415 διδασκάλους

222 2437 318 2506 τῆς
359 2437 702 2508 Ἐκκλησίας
747 2424 1081 2504 ἀνενεγκεῖν,
1133 2438 1257 2490 κατ’
1307 2434 1578 2507 Εὑνομίου
1633 2438 1808 2491 πάλαι

225 2527 591 2599 φερομένους.
636 2526 750 2598 Τῆς
778 2529 886 2599 γάρ
929 2530 1137 2584 ἐκείνου
1174 2527 1535 2598 καταγνόντες
1569 2530 1809 2602 ἀναλγη-

224 2622 367 2687 σίας,
430 2619 708 2682 Βασίλειος
747 2620 847 2691 μὲν
899 2622 928 2674 6
983 2620 1178 2689 μέγας,
1218 2638 1238 2672 ι
1296 2618 1609 2691 Ἐοίκαμεν,
1647 2623 1805 2693 φησι,

219 2713 305 2765 διὰ
354 2711 469 2784 τὴν
526 2713 727 2782 πολλὴν
777 2712 879 2783 τῆς
929 2712 1185 2776 ἀσεϐείας
1239 2712 1531 2784 ἐνάργειαν
1583 2713 1805 2781 ἀπορεῖν

222 2803 429 2871 λόγων,
459 2804 555 2858 καὶ
590 2805 689 2858 οὑκ
719 2802 863 2875 ἔχειν
896 2804 1014 2869 πῶς
1039 2806 1141 2878 τῆς
1170 2805 1394 2872 ἀλογίας
1422 2805 1604 2860 αὑτῶν
1633 2808 1806 2861 καθα-

221 2892 466 2963 ψόμεϐα,
498 2893 637 2949 ὥστε
685 2911 776 2965 μοι
813 2894 1030 2950 δοκοῦσί
1077 2912 1131 2951 τι
1179 2897 1480 2967 κερδαίνειν
1522 2896 1676 2970 παρά
1706 2899 1804 2970 τὴν

221 2984 475 3053 ἄγνοιαν.
513 2985 602 3049 Ὠς
628 2987 739 3057 γὰρ
765 2986 833 3040 τά
868 2988 1091 3055 μαλακά
1117 2990 1212 3043 καὶ
1240 2989 1533 3044 ὑπείκοντα
1560 2975 1671 3045 τῶν
1699 3009 1805 3045 σω-

226 3071 425 3140 μάτων
451 3071 530 3142 τῷ
561 3072 635 3142 μὴ
665 3072 807 3144 ἔχειν
831 3074 1136 3145 ἀντέρεισιν
1162 3076 1261 3129 οὑκ
1285 3076 1399 3132 ἔστι
1430 3078 1683 3146 γενναίαν
1707 3080 1806 3152 τήν

1911 1965 2279 2039 ignorantiam
2309 1967 2637 2032 excitarent,
2682 1964 2801 2021 fore
2830 1975 2891 2020 ut
2935 1964 3101 2020 etiam
3136 1965 3340 2021 bellum
3373 1976 3486 2020 sta-

1913 2062 2009 2115 tim
2041 2070 2095 2117 et
2114 2059 2400 2132 oppositio
2450 2059 2601 2115 illius
2662 2059 2866 2130 linguas
2902 2059 3269 2115 conviciantis
3299 2066 3355 2113 et
3400 2059 3489 2114 lo-

1912 2153 2208 2223 quacitatis
2238 2153 2581 2209 desinerent.
2617 2170 2637 2203 ι
2664 2151 2969 2207 Possumus
2998 2151 3165 2209 etiam
3225 2150 3490 2207 imitatio-

1913 2260 2037 2299 nem
2094 2246 2164 2301 ad
2223 2243 2464 2311 divinas,
2520 2243 2722 2314 inquit,
2780 2252 3152 2313 praeceptores
3187 2253 3245 2301 et
3275 2243 3486 2298 lumina

1912 2338 2171 2395 Ecclesiae
2225 2338 2430 2394 referre
2485 2345 2677 2393 contra
2748 2336 3080 2392 Eunomium
3137 2336 3486 2393 invehentes.

1910 2431 2050 2489 Cum
2084 2432 2228 2486 enim
2258 2430 2406 2486 illius
2432 2429 2829 2502 impudentiam
2856 2440 3285 2500 cognoscerent.
3336 2429 3489 2486 Basi-

1908 2521 2020 2583 lius
2052 2523 2294 2593 Magnus,
2345 2522 2663 2588 «Videmur,
2720 2523 2921 2593 inquit,
2981 2531 3210 2593 propter
3259 2525 3487 2579 multam

1912 2614 2208 2683 impietatis
2240 2613 2686 2685 perspicuitatem
2728 2615 2917 2670 verbis
2946 2629 3140 2670 carere
3170 2630 3352 2687 neque
3386 2616 3490 2672 ba-

1912 2706 2045 2762 bere
2072 2705 2348 2778 quomodo
2398 2705 2671 2761 insaniam
2724 2720 2915 2762 eorum
2954 2717 3266 2777 tangamus.
3322 2711 3397 2765 ita
3431 2718 3494 2765 ut

1925 2794 2171 2851 fructum
2195 2808 2394 2868 capere
2410 2805 2609 2868 praeter
2627 2795 2991 2868 ignorantiam
3020 2799 3156 2854 mihi
3180 2799 3489 2859 videantur.

1915 2886 1986 2944 Ut
2022 2887 2172 2941 enim
2213 2886 2397 2943 mollia
2438 2895 2496 2942 et
2524 2889 2864 2944 remittentia
2916 2904 3174 2960 corpora,
3216 2893 3348 2963 quia
3403 2909 3495 2949 re-

1911 2977 2110 3034 sistere
2140 2993 2250 3035 non
2284 2987 2535 3051 possunt,
2561 2979 2773 3051 justum
2830 2980 3037 3036 vulnus
3095 2983 3350 3053 accipere
3390 2998 3492 3041 ne-

1911 3078 2145 3140 queunt,
2208 3072 2282 3126 ita
2350 3086 2531 3142 neque
2591 3085 2689 3127 eos
2720 3087 2960 3142 quorum
3025 3073 3344 3144 ignorantia
3407 3086 3493 3133 est

222 3162 451 3235 πληγὴν
506 3165 770 3233 ἐνεγκεῖν,
824 3165 1000 3231 οὕτως
1058 3168 1181 3221 οὑδὲ
1232 3166 1342 3223 τῶν
1394 3169 1679 3241 προδήλων
1728 3173 1808 3236 είς

1917 3173 2102 3237 aperta
2136 3173 2198 3220 ut
2220 3174 2545 3236 argumento
2572 3165 2785 3235 ingenti
2815 3175 3106 3237 tangamus
3131 3168 3254 3224 ﬁeri
3273 3177 3490 3240 potest;

222 3256 420 3309 ἄνοιαν
441 3256 665 3311 δυνατὸν
694 3257 902 3329 ἐλέγχῳ
925 3259 1155 3330 νεανικῷ
1185 3258 1529 3315 καθικέσθαι.
1554 3263 1813 3317 Λείπεται

222 3345 313 3399 οὖν
342 3332 543 3417 ’σιωπῇ
577 3347 637 3400 τὸ
680 3346 973 3418 βδελυκτὺν
1005 3350 1186 3403 αὑτῶν
1217 3350 1318 3421 τῆς
1355 3349 1609 3416 ἀσεϐείας
1635 3369 1815 3425 παρα-

223 3438 486 3510 δραμεῖν.
518 3457 539 3491 ι
592 3438 892 3513 Γρηγόριος
928 3438 973 3493 δ’
1022 3437 1179 3505 αὖθις
1229 3443 1257 3494 6
1313 3440 1632 3507 Νυσσαέων,
1689 3458 1812 3494 κατ’

224 3530 502 3600 Εὑνομίου
524 3530 821 3601 φερόμενος
847 3532 942 3586 καὶ
960 3531 1123 3595 αὑτδς
1144 3532 1237 3586 καὶ
1263 3529 1356 3585 τὸν
1378 3533 1540 3587 αὑτὸν
1565 3531 1812 3613 τάξελςρῷ

226 3620 633 3692 σταδιοδρομῶν
658 3622 892 3687 δίαυλον,
928 3641 946 3676 ι
973 3623 1170 3689 Καλῶς
1188 3628 1255 3679 ἀν
1282 3625 1417 3694 ἔχοι,
1444 3624 1599 3694 φησι,
1629 3626 1811 3695 σιωπῇ

227 3713 443 3781 μᾶλλον
467 3712 563 3766 τὸν
594 3713 753 3782 λόγον
790 3711 1143 3786 βδελυξασθαι
1189 3717 1283 3769 καὶ
1325 3713 1567 3785 βὺσαντα
1597 3714 1665 3768 τά
1697 3709 1813 3768 ὦτα

224 3808 426 3873 φυγεῖν
455 3804 567 3859 ἀπὸ
605 3805 777 3877 ἀκοῆς
814 3807 1081 3877 πονηρᾶς.
1110 3824 1129 3858 ι
1174 3804 1299 3859 Ἐπὶ
1341 3806 1551 3870 τούτοις
1585 3808 1614 3859 6
1650 3806 1815 3876 βασι-

224 3893 353 3957 λεύς
382 3909 445 3944 τε
482 3891 704 3964 ἀνέστη,
737 3892 831 3947 καὶ
860 3894 889 3947 6
925 3892 1184 3964 σύλλογος
1213 3892 1508 3952 διελέλυτο.
1539 3894 1601 3948 Εἰ
1623 3895 1679 3947 δὲ
1720 3894 1851 3950 καὶ-α

225 3985 397 4055 ἔτερα
435 3984 607 4038 πλείω
636 3985 841 4057 μεταξὺ
878 3984 1183 4061 λαληθέντα
1213 3988 1366 4056 παρὰ
1417 3987 1511 4041 τοῦ
1551 3988 1811 4058 ιίαλαμᾶ,

228 4077 395 4146 σιγῆς
436 4077 753 4149 ὑπάρχοντα
790 4079 886 4132 καὶ
914 4080 974 4132 οὑ
1010 4080 1231 4151 μνήμης
1272 4081 1519 4135 οὐδέποτ’
1553 4083 1811 4152 οὐδεμιᾶς

225 4167 383 4235 ἀξια,
417 4171 544 4237 σιγῇ
578 4170 1053 4241 παρεπέμφθησαν
1091 4172 1187 4225 καὶ
1215 4172 1387 4245 ταύτῃ
1431 4174 1497 4245 τῇ
1529 4174 1810 4244 διηγήσει,

230 4258 540 4328 μεμφέσθω
591 4260 808 4330 μηδείςι
858 4262 1087 4333 περιττά
1130 4262 1240 4334 γὰρ
1285 4264 1382 4319 καὶ
1422 4263 1693 4333 ἐπιδλαόῆ
1745 4261 1810 4336 [ί.

230 4350 336 4403 ibi
371 4350 447 4423 r.]
480 4351 577 4403 καὶ
620 4353 1059 4424 συμπεφυρμένα
1086 4355 1180 4407 καὶ
1218 4353 1571 4427 βλασφημίας
1606 4373 1811 4412 παντο-

225 4445 413 4530 δαπῆς
469 4449 565 4498 καὶ
616 4448 867 4522 ποικίλης
919 4450 1220 4518 ἀνάμεστα,
1280 4450 1482 4519 μᾶλλον
1537 4450 1594 4504 δὲ
1642 4453 1811 4523 χείρω

1915 3257 2254 3324 relinquitur
2282 3255 2474 3328 igitur,
2522 3265 2585 3312 ut
2640 3256 2979 3328 impietatem
3017 3274 3213 3315 eorum
3241 3261 3489 3317 odiosam

1916 3349 2140 3405 silentio
2175 3351 2688 3419 pr.rtermittamus.
2733 3369 2753 3403 ι
2801 3351 3015 3407 Rursus
3046 3361 3234 3407 autem
3288 3353 3495 3426 Grego—

1916 3442 2030 3496 rius
2052 3441 2331 3512 Nyssenus
2354 3444 2407 3497 in
2429 3442 2757 3498 Eunomium
2791 3442 3058 3500 invehens
3088 3453 3145 3499 et
3175 3444 3292 3515 ipse
3315 3444 3491 3502 idem-

1914 3548 2024 3601 que
2053 3548 2177 3587 cum
2210 3532 2383 3589 fratre
2415 3549 2648 3590 currens
2673 3534 2940 3602 stadium,
2996 3553 3017 3589 ι
3044 3535 3351 3593 Honestum
3381 3549 3493 3603 est,

1915 3623 2115 3692 inquit,
2153 3625 2375 3682 silemio
2407 3624 2593 3695 potius
2632 3641 2920 3682 sermones
2951 3626 3138 3683 odisse
3178 3638 3235 3684 et
3261 3611 3495 3686 auribus

1912 3715 2184 3772 Obturulis
2212 3718 2553 3774 auditionem
2586 3718 2846 3777 miseram
2875 3719 3117 3791 fugere.»
3149 3722 3231 3777 Ad
3252 3722 3369 3779 haec
3393 3737 3490 3779 rex

1912 3807 2295 3862 assurrexitet
2331 3807 2665 3878 colloquium
2720 3807 2932 3864 ﬁnitum
2986 3820 3094 3867 est.
3120 3810 3329 3878 Quodsi
3384 3813 3491 3869 alia

1915 3913 2137 3967 quoque
2169 3899 2325 3968 plura
2356 3907 2618 3968 praeterea
2649 3898 2795 3954 dicta
2821 3917 2852 3954 a
2878 3900 3117 3964 l’alama,
3164 3919 3288 3972 quee
3314 3904 3489 3958 silen-

1918 3989 1995 4045 tio
2026 3990 2273 4060 subjecta
2333 4004 2513 4060 neque
2569 3991 2679 4050 ulla
2734 4006 2986 4060 .unquam
3037 3994 3298 4049 memoria
3325 3995 3493 4066 digna

1914 4088 2063 4143 sunt,
2092 4082 2261 4135 etiam
2310 4083 2632 4139 narratione
2689 4082 2795 4138 hac
2850 4084 3073 4139 silentio
3122 4087 3497 4151 praetermissa

1912 4180 2064 4236 sunt,
2083 4186 2244 4226 nemo
2265 4170 2371 4228 hoc
2397 4173 2803 4242 reprehendat;
2826 4189 3233 4245 supervacanea
3264 4176 3412 4230 enim
3436 4187 3493 4231 et

1913 4263 2077 4319 noxia
2103 4273 2160 4320 et
2185 4262 2349 4338 36.2
2372 4264 2606 4321 confusa
2660 4276 2791 4322 sunt
2832 4277 2888 4322 et
2927 4268 3164 4322 convicii
3201 4269 3405 4324 diversi
3429 4280 3489 4326 et

1920 4355 2063 4411 varii
2088 4356 2251 4427 plena
2280 4374 2297 4412 :
2331 4357 2447 4412 sive
2472 4358 2658 4427 potius
2686 4358 2872 4429 pejora
2909 4359 3137 4413 omnino
3183 4373 3387 4414 nausea
3421 4374 3492 4415 ne

1913 4447 2198 4501 auditione
2237 4447 2463 4517 quidem
2496 4448 2726 4503 minima
2760 4464 2789 4504 a
2822 4450 3065 4521 Grcgora
3101 4450 3264 4521 digna
3300 4451 3490 4508 habita

228 4539 641 4608 παντάπασινῆ
671 4542 893 4611 ναυτιᾷν
921 4543 1072 4606 ὄντα,
1101 4541 1209 4595 οὐδ’
1240 4543 1410 4613 ἀκοῆς
1438 4542 1572 4612 γοῦν
1604 4545 1809 4613 μικρᾶς

1917 4552 2061 4593 sunt.
2095 4539 2391 4609 Propterea
2427 4551 2482 4595 ct
2507 4540 2625 4611 ipse
2670 4542 2891 4597 snlentio
2914 4558 2978 4596 ea
3018 4543 3489 4612 praetermittenda

228 4631 493 4700 ἠξίωνται
530 4631 666 4699 πρὸς
696 4631 792 4685 τοῦ
826 4633 1101 4704 Γρηγορᾶ.
1156 4634 1256 4687 Διά
1294 4634 1455 4689 τοῦτο
1502 4635 1598 4689 καὶ
1642 4636 1806 4700 αὑτὸς

228 4726 361 4794 σιγῇ
411 4725 809 4796 παραπέμπειν
863 4724 1055 4797 ἔκρινα
1105 4718 1238 4791 δεῖν,
1288 4728 1431 4782 δυοῖν
1484 4728 1671 4798 ἕνεκα,
1716 4728 1805 4783 ἵνα

225 4816 433 4888 δηλαδὴ
488 4816 619 4887 μήθ’
665 4818 791 4887 ὅρια
851 4819 1111 4894 Πατὲρων
1168 4822 1609 4899 ὑπερϐαίνωμεν,
1665 4824 1807 4895 μήτε

235 4907 613 4980 βλασφημίαις
651 4911 1007 4982 »Παλαμικαῖς
1044 4915 1205 4968 ἀκοαὶ
1243 4914 1484 4987 καθαραὶ
1522 4915 1805 4971 κατασλά-

232 5019 508 5058 πτωνται.

303 5095 431 5152 AB'.
470 5091 542 5149 Εὖ
573 5112 659 5163 γε,
708 5091 755 5152 ὧ
783 5098 952 5165 φίλων
984 5097 1175 5170 ἄριστε
1211 5097 1548 5167 ’Δγαθόνικε.
1580 5096 1690 5152 Καί
1723 5115 1809 5153 σοι

229 5183 334 5251 τῆς
357 5183 666 5253 διηγήσεως
695 5186 883 5255 μακρά
912 5202 994 5249 τις
1022 5185 1266 5240 κείσεται
1292 5188 1458 5258 χάρις
1490 5186 1547 5238 ἐν
1571 5189 1684 5247 τοῖς
1705 5187 1808 5258 τῆς

224 5274 374 5345 ἐμῆς
399 5275 634 5346 καρδίας
659 5274 947 5343 θαλάμοις.
993 5276 1194 5340 Ἡδέως
1219 5279 1264 5330 δ’
1299 5277 1365 5333 ἂν
1403 5276 1678 5348 πυθοίμην
1711 5279 1806 5332 καὶ

230 5364 352 5435 ήτις
383 5364 418 5433 ή
460 5364 641 5433 ψῆφος
676 5363 768 5417 ἐπὶ
794 5365 1006 5428 τούτοις
1043 5366 1129 5436 εἴη
1160 5365 1258 5418 τοῦ
1308 5382 1371 5418 τε
1401 5366 1668 5437 βασιλέως
1702 5367 1803 5421 αὑ-

227 5450 322 5505 τοῦ
352 5454 451 5507 καὶ
482 5452 601 5523 ἅμα
630 5452 731 5523 τῆς
759 5454 868 5506 τῶν
898 5453 1125 5519 ἐνδόξων
1148 5455 1440 5524 γερουσίας
1468 5457 1706 5525 ἐκείνης.

300 5629 423 5686 AI".
469 5629 615 5684 Ἀλλ’
640 5631 761 5686 οὑδέ
781 5632 986 5704 ταύτην
1010 5635 1229 5708 ὀκνήσω
1254 5653 1359 5702 σοι,
1402 5636 1643 5707 βέλτιστε
1678 5637 1806 5691 Θεό-

233 5737 379 5791 τιμε,
410 5723 804 5796 διηγήσασθαι.
833 5726 1159 5796 Κατέγνωκε
1185 5730 1287 5798 μὲν
1308 5729 1416 5782 τῶν
1456 5733 1684 5799 μακρῶν
1705 5729 1802 5783 τοῦ

204 5812 473 5883 ωαλαμᾶ
502 5814 596 5868 καὶ
620 5814 885 5870 ποικίλων
913 5814 1277 5889 βλασφημιῶν
1301 5821 1328 5870 6
1354 5817 1608 5888 βασιλεὺς
1628 5819 1802 5875 ὁπόσα

1908 4645 2042 4686 esse
2072 4634 2290 4698 censui,
2313 4632 2529 4689 duabus
2561 4648 2629 4689 ex
2660 4635 2845 4689 causis
2871 4652 2885 4689 :
2916 4635 3177 4690 nimirum
3245 4649 3314 4689 ne
3356 4635 3494 4690 tinea

1921 4722 2145 4779 Patrum
2167 4724 2587 4794 egrederentur,
2610 4739 2753 4781 neve
2780 4727 3051 4783 conviciis
3077 4727 3368 4783 Palamicis
3392 4743 3464 4782 au
3480 4756 3495 4766 -

1922 4828 2025 4870 res
2058 4814 2289 4871 sincerae
2316 4815 2750 4874 oti‘enderentur.

1988 5084 2213 5144 X’XXll.
2262 5088 2484 5155 Optime
2538 5089 2807 5159 profecto,
2878 5105 2913 5143 ο
2942 5092 3242 5146 amicorum
3283 5091 3492 5161 optime

1919 5175 2258 5247 Agathonice
2288 5193 2303 5231 :
2335 5185 2499 5246 atque
2535 5181 2868 5232 narrationis
2925 5180 3082 5233 istius
3134 5194 3328 5249 magna
3386 5180 3487 5233 tibi

1919 5267 2099 5322 aderit
2166 5270 2336 5337 gratia
2399 5268 2454 5321 in
2516 5270 2751 5337 pectoris
2819 5271 2925 5323 mei
2979 5270 3491 5340 epatiiszl.benter

1918 5359 2274 5413 auteutscire
2314 5359 2458 5420 Volo.
2503 5361 2662 5429 quale
2708 5361 2980 5430 judicium
3042 5364 3114 5416 sit
3155 5362 3258 5417 hac
3316 5362 3372 5417 in
3428 5378 3492 5418 re

1913 5451 2063 5521 regis
2093 5448 2269 5522 ipsius
2298 5452 2575 5522 simulque
2625 5454 2875 5508 virorum
2920 5455 3221 5509 illustrium
3266 5456 3491 5511 concilii

1919 5543 2090 5598 illius.

1988 5634 2232 5690 XXXIII.
2268 5633 2471 5691 Verum
2504 5653 2686 5708 neque
2739 5641 2860 5703 hoc,
2916 5641 3208 5711 Theotimo
3255 5644 3488 5715 optime,

1920 5728 2016 5783 tibi
2052 5742 2311 5782 enarrare
2342 5727 2598 5785 invidebo
2643 5747 2658 5788 :
2686 5731 2958 5803 judicavit
2979 5734 3202 5803 quidem
3234 5751 3329 5790 rex
3357 5752 3493 5790 eon-

1918 5827 2000 5872 tra
2058 5833 2252 5889 inagna
2301 5819 2535 5875 Palaxnze
2600 5832 2657 5878 et
2710 5824 2861 5879 varia
2919 5824 3170 5882 convicia
3229 5826 3283 5880 id
3339 5827 3490 5898 quod
