3966 6564
253 451 373 516 305

1232 452 1686 514 ΒΥΖΛΝΤΙΝίΕ
1727 452 2118 514 llISTOllL‘E
2157 457 2289 517 LIB
2353 456 2537 516 XXX.

3429 454 3542 518 306

245 558 403 634 ἦσαν
432 561 486 616 οῖ
521 564 620 616 καὶ
649 560 999 631 καταρᾶσθαι
1048 561 1309 634 ὲξήγοντο
1341 580 1418 634 μη
1445 566 1512 635 τῇ
1546 563 1665 635 ὥρα
1693 564 1857 633 μόνον

1975 576 2151 627 matus.
2182 567 2280 623 sed
2314 568 2477 622 etiam
2512 580 2611 622 eos
2638 565 2731 632 qui
2776 580 2903 619 eum
2934 562 3283 635 peperissent
3322 574 3375 618 et
3406 580 3546 619 ειιιι-

250 655 313 708 ιν
406 655 712 726 τετύχηκεν
763 655 930 710 αὐτὸν
985 655 1375 725 γεγεννῆσθαι,
1427 656 1566 709 ἀλλὰ
1615 657 1850 719 καὶτοῖς

253 748 431 801 αὐτὸν
472 749 773 818 γεννήσασι
818 750 914 802 καὶ
938 747 1334 819 θρεψαμένοις.
1383 750 1481 831 Ἰσξκ
1523 750 1635 820 γὰρ
1670 750 1852 822 ῥίζης,

251 838 337 903 ὡς
371 840 571 901 ἔοικεν,
606 840 818 909 ελεγον,
853 843 953 909 τῆς
979 841 1243 913 πατρῴου
1282 843 1353 895 τδ-
1391 842 1649 896 τοσοῦτον
1703 843 1855 913 αὐτῷ

255 935 365 1003 τῆς
388 933 716 996 δυσσεϐείας
750 934 1139 1005 ἐγκατέσκηψε
1193 935 1436 1004 νόσημα,
1467 935 1725 1007 καθάπερ
1770 953 1855 999 τις

259 1028 402 1095 άλλη
425 1028 585 1098 κηλὶς
614 1030 737 1091 ταῖς
767 1031 955 1097 γοναῖς
972 1030 1070 1081 καὶ
1101 1031 1331 1099 τροφαῖς
1363 1030 1854 1098 ὲγκεκαλυμμένηυ

260 1119 327 1172 οὗ
358 1121 469 1189 γὰρ
497 1119 565 1173 ἂν
597 1122 653 1183 ἐς
684 1119 848 1191 βάθος
871 1120 1017 1174 οὕτω
1043 1120 1235 1175 κακῶν
1266 1124 1526 1176 ἐνέπιπτε
1573 1123 1633 1174 τὸ
1661 1124 1858 1191 γέννη-

265 1229 349 1281 μα
384 1211 484 1263 καὶ
512 1212 776 1283 ἀπορρὼξ
805 1213 1038 1283 ἐρινύων
1068 1216 1235 1284 φάναι
1292 1213 1393 1284 τὴν
1432 1216 1662 1284 γνώμην
1698 1215 1860 1267 καθί-

264 1318 458 1358 στατο.
500 1304 591 1356 Διὸ
621 1303 748 1358 οὔτε
781 1303 1026 1369 ἐκείνους
1062 1306 1278 1370 ἀθώους
1308 1307 1550 1374 ἔφασκον
1577 1307 1728 1373 ἄξιον
1763 1308 1858 1375 μέ·-

263 1412 384 1448 νειν
406 1396 510 1465 τῆς
559 1398 886 1468 καταδίκης,
932 1400 1144 1463 αἰτίους
1197 1401 1296 1470 μὲν
1333 1398 1484 1470 αὖτῷ
1534 1399 1635 1468 τῆς
1675 1401 1733 1462 ἐς
1766 1398 1861 1452 τὸν

268 1488 391 1558 βίον
452 1492 783 1560 γενομένους
837 1492 1209 1564 παραγωγῆς,
1244 1492 1456 1558 αἰτίους
1517 1493 1574 1546 δὲ
1610 1492 1706 1545 τοῦ
1761 1495 1861 1562 τῆς

276 1583 621 1650 Ἐκκλησίας
652 1584 721 1638 δι’
755 1586 920 1641 αὐτὸν
976 1586 1271 1657 χειμῶνος,
1329 1588 1443 1641 οὔτ’
1492 1586 1658 1640 αὐτὸν
1709 1585 1864 1639 οὐδὲν

265 1675 615 1745 ἐξαιρεῖσθαι
643 1679 746 1747 τῆς
793 1680 1123 1747 καταδίκης,
1159 1679 1539 1750 μεσιτεύοντος
1591 1681 1727 1742 τσως
1768 1678 1863 1731 τοῦ

266 1768 580 1831 άϐουλήτου
608 1770 697 1824 διὰ
727 1773 829 1835 τὰς
859 1774 1244 1843 σπερματικὰς
1278 1773 1341 1826 ὲκ
1373 1773 1641 1841 γενέσεως
1690 1772 1863 1841 ἀρχὰς

268 1863 366 1916 καὶ
382 1862 566 1931 βιαίας
582 1863 840 1933 δυνάμεις
857 1865 959 1934 τῆς
1001 1869 1278 1939 πατρικῆς
1297 1869 1582 1937 πονηρίας,
1606 1864 1865 1930 ζιζανίων

266 1953 428 2023 δίκην
487 1956 871 2028 ὲρανισθείσας
924 1958 1136 2013 ἐκεῖθεν
1180 1962 1275 2014 καὶ
1307 1959 1860 2031 προκαταϐ).ηθείσας

270 2048 439 2111 εὐθὺς
464 2048 560 2117 ἀφ’
577 2049 761 2114 ἑστίας
785 2052 845 2105 ὲν
861 2055 926 2124 τῇ
954 2052 1239 2108 συστάσει.
1257 2053 1402 2105 Ἀλλ’
1430 2053 1714 2123 ἑκατέροις
1732 2051 1864 2105 ἑκά-

268 2158 425 2211 τεροι
451 2142 563 2196 τῶν
590 2143 742 2215 ἀρῶν
793 2145 1191 2219 καὶλοιδοριῶν
1221 2147 1620 2217 κοινωνήσουσί
1651 2163 1730 2207 τε,
1764 2144 1862 2198 καλ¹

269 2234 534 2308 ὀστράκῳ
560 2235 623 2309 [Γ.
660 2238 763 2293 155
785 2237 860 2311 r.]
895 2238 1211 2294 δουλεύσειν
1249 2241 1598 2312 ἀμφοτέρους
1625 2240 1761 2311 ὁμοῦ
1784 2238 1863 2309 τῷ

272 2327 432 2398 αὖτῷ
457 2331 846 2400 συμπεσεῖται,
879 2336 993 2397 τοῖς
1027 2333 1126 2403 μὲν
1146 2332 1221 2398 ώς
1244 2335 1479 2405 πονηρὸν
1506 2333 1801 2402 ὲξενεγκοῦ
1814 2351 1865 2386 σι

271 2419 379 2476 καὶ
410 2419 650 2492 θρέψασι
682 2422 844 2478 τόκον
876 2424 952 2495 τῷ
986 2424 1108 2496 βίῳ,
1159 2427 1255 2480 κα)⁵
1283 2426 1386 2479 οὐκ
1415 2429 1496 2491 είς
1545 2426 1865 2500 Κιθαιρῶνα

273 2511 374 2564 καὶ
398 2511 699 2582 Χάρυϐδιν,
730 2515 826 2571 καὶ
855 2516 910 2570 εί
931 2516 1035 2569 πού
1068 2535 1158 2583 τις
1177 2517 1242 2572 ὲκ
1269 2506 1521 2590 μηχανῆς
1553 2519 1868 2591 καινότερος

271 2601 608 2670 ἐταμιεύετο
663 2604 895 2671 θάνατος
940 2607 999 2660 ὲν
1034 2606 1340 2679 χαράδραις
1372 2610 1467 2662 καλ⁸
1495 2607 1704 2680 κύμασι
1763 2612 1866 2681 γῆς

272 2693 379 2744 καὶ
409 2692 705 2768 θαλάττης,
736 2697 961 2769 ῥίψασιν
988 2698 1233 2766 ἔκθετον,
1266 2699 1433 2766 εὐθὺς
1478 2701 1719 2772 ἐκραγὲν
1766 2703 1870 2773 τῆς

272 2787 488 2842 ἀτόπου
519 2790 777 2861 γαστρὸς,
811 2792 890 2863 τῷ
921 2792 980 2846 δὲ
1005 2793 1081 2857 ώς
1115 2793 1243 2865 μήτ’
1274 2793 1577 2865 ἀϐούλητον
1602 2795 1700 2865 τὴν
1724 2796 1870 2850 ὲκεί-

272 2897 393 2933 νων
435 2882 789 2953 ποιησαμένῳ
820 2882 1043 2947 κακίαν,
1084 2882 1179 2935 ac:
1219 2882 1382 2949 λόγου
1416 2885 1743 2954 μετασχόντι
1775 2886 1873 2939 καὶ

274 2968 541 3032 παιδείας
573 2970 846 3036 ὁπωσοῦν,
891 2966 961 3044 ἦς
1033 2974 1279 3042 μετεῖναι
1342 2974 1455 3037 τοῖς
1502 2972 1751 3041 γονεῦσιν
1809 2974 1869 3027 οὐ

277 3058 703 3130 συμπέπτωκε,
766 3063 905 3133 μήτε
954 3064 1126 3135 μηδὲν
1191 3064 1604 3136 ἐπιεικέστερον
1658 3066 1873 3130 οὐδενὸς

273 3151 610 3220 διατεθέντι,
640 3156 693 3209 εί
718 3172 803 3219 τις
836 3157 1238 3229 παραπλησίως
1270 3159 1499 3222 ἐκείνοις
1530 3157 1728 3218 ἐνόσει,
1767 3175 1875 3230 μη-

1957 659 2254 725 trivissent,
2278 658 2766 714 maledicerentur.
2787 658 2825 711 Ε
2849 657 3032 711 radice
3057 656 3205 709 enim
3234 660 3546 711 necessario

1956 762 2183 823 paterna
2212 752 2471 807 dicebant
2510 751 2562 805 in
2595 766 2722 805 eum
2751 749 3013 804 incidisse
3055 757 3269 803 tantum
3298 748 3546 815 impieta-

1959 845 2029 900 tis
2061 845 2335 907 morbum,
2366 853 2426 897 ut
2462 843 2674 897 macula
2701 842 2805 894 alia
2841 840 2987 895 natis
3023 851 3077 894 et
3112 840 3362 893 cduratis
3391 841 3548 893 invo-

1957 935 2095 988 lnta.
2131 932 2317 1004 Neque
2360 933 2508 987 enim
2560 933 2613 986 in
2651 931 3083 1002 profunditatem
3121 931 3392 985 malorum
3451 946 3549 983 na-

1961 1035 2076 1080 tum
2107 1035 2395 1095 tantopere
2426 1024 2700 1080 incideret
2723 1038 2905 1091 neque
2939 1024 3013 1075 ita
3045 1021 3207 1092 3&5
3241 1021 3549 1074 constitur—

1961 1129 2039 1173 ret
2071 1129 2336 1181 mentem,
2359 1118 2718 1172 utdiceretur
2745 1115 3011 1169 furiarum
3042 1130 3309 1184 propago.
3340 1117 3549 1179 Quam-

1960 1212 2153 1265 obrem
2185 1209 2617 1275 contendebant,
2670 1223 2851 1278 neque
2889 1209 3010 1262 illos
3044 1209 3249 1262 Ιὶὺιιτυε
3295 1222 3416 1261 esse
3449 1209 3550 1260 de-

1961 1306 2094 1359 bere
2125 1302 2616 1365 condemuatione,
2672 1302 2766 1372 qui
2827 1315 3087 1355 auctores
3141 1301 3371 1353 fuissent
3428 1299 3552 1367 ejus

1962 1398 2085 1450 vitae
2114 1395 2388 1463 simulque
2426 1395 2768 1462 tempestatis
2800 1410 2897 1462 per
2926 1410 3052 1446 eum
3108 1403 3300 1446 centra
3352 1390 3548 1444 Eccle-

1962 1491 2100 1544 siam
2133 1498 2364 1551 exortae,
2425 1502 2607 1555 neque
2656 1485 2964 1555 quidquam
3025 1485 3178 1537 illum
3214 1482 3552 1537 condemna-

1966 1588 2116 1636 tione
2149 1582 2419 1642 eximere,
2451 1580 2608 1649 quasi
2639 1579 2851 1633 invitus
2886 1586 3113 1632 coactus
3143 1587 3293 1632 esset
3326 1585 3553 1645 propter

1965 1674 2196 1729 seminis
2230 1676 2340 1729 nati
2372 1674 2635 1743 origines,
2667 1685 2720 1728 et
2764 1682 3029 1741 cogentes
3071 1671 3217 1724 vires
3267 1667 3555 1737 pravitatis

1969 1779 2210 1840 paterna:
2255 1769 2373 1823 lolii
2434 1770 2612 1823 instar
2637 1775 2984 1834 comparatas
3016 1765 3143 1818 inde
3196 1773 3251 1816 ct
3283 1762 3465 1816 statim
3497 1761 3552 1814 in

1969 1861 2083 1930 ipsa
2114 1858 2325 1930 origine
2358 1859 2628 1931 dejectas.
2685 1856 2794 1911 Sed
2853 1867 3085 1923 uterque
3145 1867 3270 1906 cum
3318 1860 3555 1919 utroque

1967 1954 2366 2007 detestationes
2393 1962 2446 2005 et
2486 1949 2734 2006 convicia
2772 1944 3211 2003 communicabit
3244 1953 3300 1997 et
3344 1942 3557 1997 accidet

1966 2055 2025 2100 ut
2058 2054 2291 2116 uterque
2348 2044 2514 2098 simul
2549 2042 2730 2097 cidem
2785 2041 3003 2113 judicio
3064 2036 3394 2106 subiiciatur
3426 2052 3439 2088 :
3478 2034 3553 2087 illi

1964 2138 2111 2209 quod
2144 2139 2504 2207 propaginem
2539 2150 2763 2205 pravam
2803 2134 2856 2188 in
2892 2132 3061 2187 vitam
3109 2130 3471 2201 protulisst'nt
3504 2134 3558 2179 et

1966 2232 2383 2293 enutrivissent,
2434 2245 2614 2300 neque
2656 2232 2708 2283 in
2744 2227 3053 2283 Cithaerona
3109 2234 3165 2277 et
3216 2221 3554 2293 Charybdin,

1967 2344 2031 2381 ac
2052 2328 2097 2382 si
2128 2343 2234 2395 qua
2273 2327 2450 2397 magis
2485 2341 2624 2379 nova
2659 2325 2885 2379 inventa
2922 2330 3071 2376 esset
3106 2334 3255 2374 mors
3307 2320 3360 2373 in
3395 2334 3557 2370 vona-

1968 2417 2192 2489 ginibus
2213 2426 2269 2471 et
2304 2415 2558 2472 ﬂuctibus
2602 2424 2763 2469 terrm
2794 2423 2851 2470 et
2910 2413 3082 2467 maris
3110 2413 3292 2466 statim
3322 2407 3558 2478 dejecis-

1970 2518 2096 2565 sent
2125 2509 2258 2566 illud
2310 2526 2341 2565 e
2368 2523 2561 2565 ventre
2603 2510 2796 2579 inepto
2833 2515 3160 2577 proruptum
3193 2521 3207 2559 :
3246 2504 3335 2558 hic
3368 2510 3551 2556 autem

1970 2606 2118 2674 quod
2175 2618 2357 2673 neque
2402 2603 2612 2658 invitus
2678 2601 2899 2655 illormn
2937 2601 3265 2671 pravitatem
3331 2605 3560 2651 secutus

1971 2703 2142 2762 esset,
2175 2710 2301 2750 cum
2328 2696 2563 2751 rationis
2595 2682 3074 2763 esset'partice'ps
3106 2706 3159 2746 et
3189 2688 3559 2749 educationis,

1974 2803 2094 2855 quae
2124 2785 2448 2857 parentibus
2482 2803 2591 2841 non
2620 2785 2968 2855 contigisspt,
2999 2800 3177 2851 neque
3221 2782 3395 2837 nihilo
3448 2794 3562 2833 me-

1973 2884 2083 2938 lius
2112 2881 2475 2951 disposuisset
2504 2896 2668 2951 quam
2693 2881 2738 2935 si
2772 2880 2898 2949 quis
2931 2879 3040 2932 illis
3068 2876 3329 2932 similiter
3377 2890 3556 2943 aegro-

1977 2986 2139 3041 taret,
2172 2991 2350 3046 neque
2379 2975 2600 3030 silentio
2632 2983 2785 3048 muto
2814 2973 3015 3027 maln'n
3042 2970 3229 3025 fovere
3261 2968 3557 3045 voluisset,

1975 3068 2072 3123 sed
2110 3068 2284 3121 tnulto
2314 3064 2700 3121 miserioribus
2721 3075 2777 3121 et
2806 3063 2965 3119 valde
2998 3061 3413 3133 impudentibus
3431 3075 3564 3112 con-

1977 3161 2115 3215 siliis
2148 3160 2447 3215 voluntatis
2475 3159 2841 3229 principatum
2876 3155 3237 3228 prodidisset.
3292 3154 3359 3207 Et
3410 3151 3559 3207 acci-

275 3240 343 3293 δὶ
384 3244 542 3314 κωφῇ
573 3242 703 3312 γοῦν
732 3249 914 3319 σιωπῇ
959 3248 1020 3301 τὸ
1072 3248 1243 3302 κακὸν
1272 3248 1636 3320 περιοάλπειν
1678 3247 1872 3320 βεϐου-

1975 3251 2055 3306 dit
2085 3251 2184 3317 illi,
2212 3268 2335 3307 cum
2370 3251 2526 3305 malis
2556 3250 2726 3305 malos
2751 3248 3084 3303 admisceret
3112 3262 3297 3301 mores
3343 3256 3397 3301 et
3436 3261 3563 3299 sen-

277 3335 537 3406 ληυένῳ,
584 3336 722 3391 ἀλλά
779 3338 961 3410 πολλῷ
990 3340 1069 3412 τῷ
1122 3343 1309 3413 μέτρῳ
1350 3342 1778 3414 μοχθηροτὲροις
1807 3343 1871 3414 δή

276 3444 405 3481 τισι
439 3429 536 3482 καὶ
583 3432 792 3501 σφόδρα
835 3432 1080 3487 ἀναιδέσι
1134 3435 1419 3505 λογισμοῖς
1467 3437 1877 3507 παραδεδωκότι

280 3521 396 3590 τὴν
422 3519 524 3589 τῆς
552 3521 783 3594 γνώμης
832 3526 1161 3597 ἡγεμονίαν.
1210 3528 1320 3581 Καὶ
1356 3531 1549 3591 κακοῖς
1591 3531 1737 3583 κακᾶ
1768 3546 1877 3583 πα-

287 3612 591 3683 ριμίξαντι
643 3612 750 3685 ἢθη
791 3617 886 3669 καὶ
934 3616 1180 3686 δόγματα
1217 3622 1449 3691 μακροῖς
1508 3637 1618 3674 τισι
1651 3619 1880 3691 διαστή-

286 3722 438 3777 μασι
464 3708 564 3777 τήν
587 3724 649 3760 τε
685 3706 948 3779 πατρῴαν
969 3711 1278 3783 παρελάσαι
1305 3714 1721 3769 συνεπεπτώκει
1758 3708 1883 3769 8e!-

287 3799 544 3867 σέϐειαν,
601 3803 698 3853 καὶ
726 3801 1070 3875 ᾶμαψυχαῖς
1118 3803 1403 3869 εὐσεϐείας
1437 3806 1703 3878 ἁπλότητι
1753 3824 1881 3861 συν.

282 3892 621 3961 τραφείσαις
651 3891 955 3964 θανάσιμον
984 3894 1093 3949 ἀπὸ
1119 3896 1369 3967 γλώττης
1394 3899 1628 3969 κεράσαι
1650 3902 1712 3953 τὸ
1743 3901 1883 3970 φάρ-

288 3998 500 4052 μακον.
534 3981 787 4053 Πατέρας
823 3985 935 4053 γὰρ
966 3985 1134 4055 μέχρι
1157 3984 1352 4040 τούτου
1372 3988 1540 4057 τιμᾷν
1571 3988 1881 4058 προαιροῖτ’

284 4074 369 4129 ἄν
395 4091 482 4138 τις
505 4075 753 4140 εἰκότως,
785 4076 946 4147 μέχρι
975 4078 1117 4148 πρὸς
1145 4078 1207 4131 τὸ
1234 4078 1463 4142 εὐσεϐὲς
1491 4081 1592 4141 τὰς
1621 4081 1724 4149 τῆς
1750 4098 1880 4150 τρο-

286 4166 409 4235 φῆς
433 4167 524 4218 καὶ
547 4164 801 4230 παιδείας
825 4168 1030 4237 πηγὰς,
1055 4169 1153 4223 καὶ
1179 4170 1282 4223 ὅσα
1304 4172 1417 4233 τοῖς
1446 4170 1737 4241 ἑπομένοις
1764 4171 1883 4226 ἔστι

286 4258 370 4311 δι’
406 4258 648 4327 ὶφέσεως
701 4258 799 4311 καὶ⁵
828 4258 1115 4332 ῥᾳστώνης
1156 4260 1482 4331 λαμϐάνειν,
1522 4264 1625 4336 ὁρᾷ
1662 4263 1885 4336 προῖού-

290 4367 438 4415 σας*
469 4353 696 4405 ἐπειδάν
728 4352 787 4405 δὲ
817 4353 954 4424 πρὸς
984 4354 1414 4423 κακοδαιμονίαν
1445 4356 1507 4411 τὸ
1530 4342 1652 4428 ρἒν
1689 4358 1880 4431 ἕρπειν

285 4443 394 4496 τοῦ
422 4444 618 4513 χρόνου
667 4442 817 4517 δόξῃ,
872 4444 983 4498 τῶν
1040 4446 1182 4500 πάνυ
1214 4464 1265 4500 τι
1297 4449 1695 4519 προσηκόντων
1720 4451 1880 4506 ἁλλο-

288 4534 587 4605 τριοῦσθαι
619 4535 888 4608 νομίζοιτ’
908 4538 994 4603 ἂν,
1022 4540 1122 4607 τῆς
1150 4537 1249 4593 τοῦ
1281 4540 1476 4611 καιροῦ
1504 4543 1883 4612 περιστάσεως

295 4628 645 4701 βιαζομένης
677 4630 739 4684 τὸ
766 4630 957 4699 φιλοῦν
1000 4631 1099 4701 τῆς
1133 4631 1311 4702 ψυχῆς
1339 4634 1405 4687 ἐκ
1430 4632 1526 4686 τοῦ
1582 4634 1883 4702 συγγενοῦς

294 4721 479 4776 κακοῦ
501 4721 639 4792 πρὸς
676 4722 989 4792 τάλλότριον
1022 4724 1374 4794 μετατιθέναι
1402 4723 1626 4792 ἀγαθόν.
1653 4727 1762 4780 Καὶ
1786 4727 1887 4796 μὲν

292 4816 369 4884 δὴ
404 4814 606 4885 δεῆσαν
645 4812 803 4879 αὖθις
836 4816 1140 4887 ἐληλυθότα
1196 4816 1367 4888 μέρος
1396 4817 1493 4871 καὶ
1526 4819 1689 4872 αὑτὸν
1725 4820 1887 4887 γενέ-

295 4905 436 4959 σθαι
465 4904 574 4959 τῶν
597 4901 872 4970 ἅλλωνοῖς
903 4907 1036 4978 περὶ
1063 4908 1154 4963 τὸν
1181 4907 1408 4980 βασιλέα
1435 4908 1573 4974 τέως
1603 4908 1889 4963 συνέϐαινε

300 5001 527 5073 μείζοσί
570 5018 632 5054 τε
679 5004 773 5055 καὶ
804 5000 996 5072 ἥττοσι
1050 5001 1150 5074 τὴν
1198 5002 1381 5069 ἀξίαν,
1425 4998 1494 5071 ἦν
1555 5003 1743 5075 σχεδὸν
1777 5003 1887 5058 τῶν

292 5091 564 5148 ἁπάντων
606 5094 785 5157 οὐδεὶς
841 5087 887 5162 ᾧ
942 5094 1020 5165 μὴ
1070 5094 1312 5166 λοίδορος
1338 5095 1612 5149 ὥπλισται
1658 5096 1884 5163 γλῶσσα

296 5186 432 5241 κατ’
458 5185 643 5250 αὑτοῦ,
694 5189 797 5250 τὰς
828 5185 1059 5257 ἔναγχος
1106 5187 1457 5259 βλασφημίας
1504 5188 1720 5251 ὲκείνας
1750 5205 1885 5259 προ-

295 5281 619 5349 ϐαλλομένη
659 5281 797 5348 πρὸς
831 5280 1176 5351 ἔλεγχονινῦν
1207 5280 1299 5334 ὑπ’
1326 5280 1477 5350 αὐτῷ
1506 5282 1754 5353 μάρτυρι
1786 5282 1884 5335 καὶ

295 5374 565 5444 αὖτηκόῳ
588 5375 666 5443 τῷ
692 5373 925 5445 βασιλεῖ.
947 5370 1126 5428 Ἦσαν
1147 5374 1195 5427 δ’
1216 5373 1266 5427 οἳ
1299 5374 1391 5427 καὶ
1421 5374 1583 5445 μέχρι
1613 5374 1719 5444 πρὸ
1746 5374 1884 5427 ἐτῶν

296 5470 327 5520 ἐ
342 5468 676 5521 πτακαξδεκα
702 5470 718 5524 ί
729 5466 779 5536 Ι)
804 5467 901 5538 τὴν
920 5470 1143 5538 μνήμην
1166 5466 1561 5536 ἀναπόμπιμον
1583 5466 1885 5532 ἐποιοῦντο,

292 5561 341 5615 ἃ
378 5561 547 5615 παλαι
582 5563 647 5631 δὴ
678 5564 776 5615 καὶ
795 5562 993 5631 δρᾶσαι
1022 5564 1117 5615 καὶ
1157 5560 1353 5615 παθεῖν
1388 5561 1552 5614 αὑτὸν
1584 5562 1884 5628 ἐξεγένετο,

293 5653 404 5705 καὶ
425 5652 769 5724 άναθέμασιν
797 5652 1098 5721 ἐγγράφοις
1144 5654 1237 5705 καὶ
1267 5650 1532 5722 χωρισμῷ
1558 5649 1697 5703 Θεοῦ
1727 5649 1886 5704 καθυ.

377 5831 460 5898 (ll
497 5831 579 5888 An
631 5834 988 5909 δυοκαίδεκαῖ
1020 5854 1177 5909 nam
1223 5837 1465 5909 synodus
1507 5839 1559 5893 in
1613 5840 1887 5894 l‘alamam

296 5910 503 5956 coacta
535 5914 615 5959 est
653 5921 795 5961 anno
825 5907 1030 5967 Christi
1068 5907 1381 5978 lilia—haee
1411 5921 1595 5966 autem
1639 5911 1882 5981 disputa-

1982 3345 2181 3401 tentias
2212 3352 2275 3398 ut
2312 3341 2835 3412 longisintervallis
2867 3351 3155 3410 paternam
3196 3338 3362 3410 35.6
3399 3352 3565 3407 snpe-

1982 3450 2131 3493 raret
2163 3435 2527 3505 impietatem,
2559 3434 2837 3503 simulque
2868 3434 3071 3488 animis
3101 3432 3155 3486 in
3186 3432 3406 3503 pietatis
3434 3432 3566 3485 sim-

1980 3529 2225 3601 plicitate
2250 3528 2503 3584 educatis
2560 3526 2916 3581 mortiferum
2976 3524 3163 3580 subito
3217 3523 3565 3577 immisceret

1979 3636 2280 3677 venenum.
2312 3620 2503 3674 l‘atres
2552 3619 2700 3674 enim
2735 3632 2915 3688 usque
2936 3617 3002 3671 ad
3040 3617 3145 3672 hoc
3187 3616 3371 3671 colere
3411 3625 3566 3671 certe

1984 3713 2139 3767 malit
2163 3713 2420 3781 quisque,
2452 3710 2631 3766 donec
2657 3710 2724 3765 ad
2751 3710 3011 3780 pietatem
3056 3709 3241 3764 victus
3268 3717 3326 3762 et
3361 3706 3567 3762 educa-

1985 3804 2153 3860 tionis
2192 3803 2373 3858 l‘ontes
2427 3812 2483 3857 et
2546 3818 2890 3873 quacunque
2938 3811 3236 3872 sequentes
3266 3800 3568 3869 cupiditate

1983 3902 2042 3951 et
2073 3894 2336 3949 facilitate
2363 3894 2616 3962 accipere
2646 3901 2901 3961 possunt,
2932 3892 3193 3962 progredi
3217 3891 3372 3945 videt
3399 3907 3414 3944 :
3439 3904 3565 3944 eum

1983 3997 2168 4042 autem
2196 3986 2403 4040 ﬂumen
2446 3985 2717 4054 temporis
2748 3983 2803 4038 in
2835 3983 3207 4038 calamitatem
3242 3983 3350 4038 labi
3381 3982 3568 4035 videa-

1985 4090 2096 4142 tur,
2121 4096 2152 4134 a
2184 4079 2421 4133 maxime
2449 4077 2706 4133 allinibus
2740 4075 3044 4130 abalienari
3114 4090 3174 4129 se
3213 4083 3393 4144 putet,
3438 4088 3565 4128 cum
3640 4101 3645 4106 -

1984 4171 2255 4244 temporis
2276 4170 2525 4226 conditio
2554 4178 2713 4240 cogat
2740 4167 2912 4223 animi
2963 4181 3208 4220 amorem
3242 4181 3272 4219 a
3331 4174 3567 4235 cognato

1987 4265 2131 4320 male
2154 4265 2208 4319 in
2243 4264 2451 4318 bonum
2491 4276 2810 4333 quanquam
2841 4259 3084 4315 alienum
3141 4256 3466 4321 transferre,
3510 4266 3568 4311 et

1986 4357 2164 4429 ipsum
2195 4358 2547 4414 accedentem
2581 4356 2701 4411 lleri
2735 4364 2947 4425 partem
2990 4352 3367 4409 deiicientem.
3419 4350 3570 4406 Alio—

1988 4466 2133 4512 rum,
2161 4450 2253 4520 qui
2283 4450 2426 4504 circa
2463 4464 2648 4519 regem
2675 4449 2885 4518 majore
2915 4446 3004 4500 vel
3032 4451 3246 4499 minore
3266 4451 3424 4498 erant
3450 4440 3571 4511 dit;-

1988 4544 2182 4610 nitate,
2220 4545 2468 4599 omnium
2512 4543 2630 4599 fere
2666 4556 2830 4595 nemo
2886 4550 3031 4603 erat,
3095 4539 3185 4593 cui
3248 4552 3358 4591 non
3420 4543 3570 4590 esset

1989 4646 2303 4705 Comparata
2335 4636 2521 4706 lingua
2555 4634 2783 4689 mordax
2846 4634 2900 4688 in
2938 4631 3402 4702 vituperationem
3437 4639 3570 4683 tunc

1989 4729 2280 4800 proferens
2309 4729 2429 4797 ipso
2469 4736 2607 4782 teste
2642 4742 2769 4799 rege
2803 4734 2860 4781 et
2892 4734 3164 4796 prasente
3200 4732 3389 4778 contra
3439 4734 3567 4775 eum

1987 4821 2237 4875 convicia
2273 4820 2360 4874 illa
2398 4835 2574 4889 nuper
2605 4819 2674 4873 ab
2700 4834 2768 4873 eo
2796 4818 2966 4873 dicta.
3024 4819 3195 4872 Erant
3252 4825 3438 4870 autem
3471 4814 3565 4885 qui

1989 4914 2310 4969 memoriam
2341 4912 2621 4968 reminisci
2639 4911 2900 4983 juberent
2921 4926 2986 4966 ea
3011 4926 3131 4980 qua:
3154 4910 3285 4964 olim
3306 4909 3416 4976 jam
3438 4919 3568 4961 ante

1991 5006 2385 5078 septemdecim
2412 5020 2588 5059 annos
2625 5005 2835 5059 fecerat
2883 5016 2941 5058 et
2972 5018 3165 5074 passus
3193 5012 3335 5067 erat,
3381 5001 3569 5056 illum-

1988 5115 2097 5171 que
2139 5099 2487 5154 anathemate
2536 5097 2905 5167 proscriptum
2959 5103 3016 5150 et
3066 5093 3402 5163 separationi
3469 5092 3566 5147 Dei

1989 5194 2297 5262 subjectum
2339 5206 2463 5245 esse
2502 5204 2533 5243 α
2595 5188 3039 5258 patriarcharum
3098 5198 3156 5243 et
3210 5184 3565 5241 sacerdotum

1989 5285 2381 5356 primariorum
2417 5282 2691 5337 conciliis.
2755 5280 2934 5352 Atque
2966 5288 3027 5332 ut
3081 5279 3324 5333 breviter
3357 5277 3565 5341 dicam,

1991 5393 2221 5448 magnus
2273 5385 2396 5431 erat
2454 5376 2696 5443 impetus
2741 5375 2844 5429 hoc
2897 5373 2986 5428 die
3036 5371 3368 5442 judiciorum
3428 5384 3567 5424 con-

1990 5472 2102 5528 cilii
2133 5471 2278 5524 illius
2325 5468 2472 5524 beati
2502 5468 2663 5540 347
2699 5467 2843 5536 apud
2900 5481 3084 5536 regem
3131 5464 3563 5518 adolescentem.

1990 5580 2111 5634 qua:
2169 5573 2360 5617 contra
2412 5561 2686 5615 Palamam
2756 5568 2868 5612 tum
2920 5557 3252 5628 aperirent:
3290 5569 3416 5610 cum
3472 5553 3565 5608 alii

1992 5656 2097 5710 alia
2146 5654 2397 5709 dicerent
2454 5659 2513 5707 et
2570 5651 2665 5706 alii
2720 5652 2846 5705 aliis
2902 5648 3302 5703 annularentur
3352 5657 3408 5702 et
3472 5646 3567 5701 alii

1986 5840 2074 5965 go
2113 5837 2331 5894 videtur
2382 5838 2660 5911 pertinere
2695 5837 2760 5892 ad
2812 5852 3016 5891 annum
3070 5835 3206 5892 1556
3258 5835 3562 5891 ineuntem.

2032 5925 2262 5965 utvmus.

2032 5925 2262 5966 UlVlNUS.
