3966 6578
497 422 604 496 307

1699 435 1742 492 N
1761 436 2116 498 ICEI‘llUitl
2164 441 2546 503 GliEGORE
2721 407 2732 428 ’
3605 445 3708 510 .308

497 531 636 594 alios
667 537 935 594 coﬁviciis
983 541 1281 613 majdribus
1329 558 1680 616 superarent.
1745 549 1912 605 Erant
1955 566 2096 612 ουρ.

2171 554 2536 622 ποὸεσλῆσθαι
2569 557 2702 628 πρὸς
2733 557 2842 609 τῶν
2869 557 2990 611 τότε
3019 559 3380 638 πατριαρχῶν
3420 559 3513 614 καὶ
3545 561 3710 632 ἀρχιε-

499 643 651 698 tem,
737 637 830 702 qui
909 649 1036 690 eum
1095 635 1258 689 etiam
1327 637 1664 707 proditorem
1721 641 2062 710 appellarent

495 733 552 779 et
578 725 722 793 regis
759 725 934 793 ipsius
961 736 1018 779 et
1042 727 1310 793 omnium,
1335 729 1428 798 qui
1479 731 1592 800 regi
1629 730 1818 786 aliines
1877 741 2062 787 essent

494 830 695 882 genere
727 825 780 868 et
815 817 986 885 gloria
1021 832 1036 870 :
1065 828 1122 872 et-
1149 819 1308 887 (μισεῖ
1330 815 1434 874 ὶιὸο
1453 821 1520 874 ad
1545 837 1603 876 se
1625 823 1928 891 pertineret
1953 839 2062 880 non

495 905 784 970 abstinuit,
819 921 942 960 cum
977 907 1348 977 principatum
1385 912 1672 968 sententiae
1707 913 1876 968 semel
1931 916 2066 969 sub-

492 997 716 1066 iecisset
753 997 910 1052 factis
937 1007 992 1053 et
1022 1001 1372 1056 sermonibus
1407 1003 1618 1070 pravis.
1669 1004 1805 1074 quin
1869 1021 2064 1062 omnes

500 1090 554 1142 in
589 1090 907 1142 universum
950 1091 1208 1146 violenta:
1253 1096 1412 1146 morti
1451 1095 1646 1148 daret:
1695 1109 1876 1165 neque
1913 1097 2064 1152 enim

501 1181 646 1250 quod
667 1181 866 1250 gladiis
889 1182 1086 1238 ferreis
1105 1193 1161 1238 et
1193 1184 1308 1253 ipse
1330 1185 1654 1240 sicariorum
1683 1187 1850 1240 modo
1879 1197 2066 1256 aperte

501 1289 612 1326 non
651 1289 782 1330 usus
819 1286 986 1342 esset,
1013 1276 1294 1330 videretur
1323 1293 1590 1332 summam
1615 1278 2064 1334 criminationum

503 1367 822 1432 gravitatem
865 1368 1005 1437 pati:
1030 1367 1124 1424 sed
1159 1369 1305 1438 quod
1331 1371 1624 1424 amicitiam
1654 1371 1920 1426 simulans
1949 1372 2066 1426 sine

395 1507 402 1510 _
507 1456 618 1508 ullo
665 1457 792 1512 dolo
843 1474 972 1514 eum
1005 1461 1320 1515 amantibus
1366 1469 1539 1516 totum
1577 1461 1763 1516 dolose
1783 1461 2067 1518 elfudisset

501 1549 698 1602 veneni
749 1559 1044 1616 craterem,
1082 1551 1403 1621 priusquam
1457 1551 1550 1620 qui
1601 1565 1668 1605 eo
1719 1552 2068 1608 allicerentur

503 1637 730 1694 insidias
766 1639 1312 1695 animadvertissent:
1363 1648 1530 1710 atque
1571 1641 1651 1694 illi
1699 1640 1943 1710 quidem,
1974 1643 2066 1712 qui

503 1741 704 1795 genere
764 1736 820 1782 et
871 1728 1042 1798 gloria
1090 1737 1440 1800 praestarent,
1483 1729 1556 1784 ita
1597 1728 1800 1784 invecti
1855 1739 1984 1784 sunt
2012 1731 2068 1785 in

503 1817 780 1872 Paiamam
812 1819 1126 1886 scelestum,
1158 1829 1212 1876 et
1237 1820 1322 1874 his
1374 1819 1596 1890 iudiciis
1631 1836 1756 1876 eum
1793 1821 1890 1876 ulti
1917 1831 2066 1876 sunt.

2167 645 2408 713 ρατικῶν
2436 647 2690 704 συνόδων.
2743 649 2851 703 Καὶ
2897 647 3169 702 συνελόντι
3227 649 3422 718 φάναι,
3455 651 3617 720 πολλή
3639 671 3708 718 τις

2163 733 2232 808 ἧν
2265 741 2299 808 ή
2325 739 2644 810 καταδρομὴ
2689 740 2798 794 τῶν
2821 742 3066 810 τήμερον
3117 740 3316 809 ψήφων
3351 741 3452 808 τῆς
3485 740 3712 804 εὑδαίμο-

2165 843 2255 890 νος
2283 829 2576 898 γερουσίας
2621 829 2840 898 ἐκείνης
2875 831 2968 882 ἐπὶ
3013 828 3108 882 τοῦ
3147 831 3270 884 νέου
3321 828 3608 898 βασιλέως,
3655 831 3712 893 ἃς

2165 918 2230 988 δὴ
2267 919 2407 972 κατὰ
2435 918 2526 972 τοῦ
2563 921 2799 988 Παλαμᾶ
2829 919 3132 988 τηνικαῦτα
3153 919 3532 986 ἀπεφήναντο,
3555 917 3712 970 ἄλλων

2165 1007 2304 1060 ἄλλα
2329 1007 2614 1073 λεγόντων,
2652 1011 2745 1060 καὶ
2767 1009 2942 1062 ἄλλων
2975 1007 3156 1070 ἄλλοις
3191 1005 3608 1075 ἁμιλλωμένων,
3631 1007 3712 1056 καὶ

2165 1098 2341 1154 ἄλλων
2374 1097 2571 1160 ἄλλους
2629 1099 2938 1168 παριόντων
2965 1097 3046 1166 τῷ
3097 1098 3204 1150 τῶν
3244 1095 3528 1165 λοιδοριῶν
3563 1095 3712 1164 ὕπερ-

2167 1189 2444 1246 6ἁλλοντι.
2473 1186 2654 1244 Ἦσαν
2683 1191 2729 1244 δ’
2757 1191 2807 1244 οἳ
2831 1193 2926 1244 καὶ
2949 1189 3217 1259 προδότην
3239 1189 3406 1240 αὑτὸν
3433 1187 3714 1240 ἐπεκάλουν

2167 1278 2332 1334 αὐτοῦ
2353 1277 2415 1350 [ι.
2443 1277 2642 1350 ηοω]
2671 1280 2932 1350 βασιλέως
2957 1281 3053 1332 καὶ
3073 1281 3190 1332 ὅσοι
3221 1278 3298 1348 τῷ
3321 1278 3536 1348 βασιλεῖ
3567 1293 3716 1344 προσ-

2168 1371 2397 1440 ήκοντες
2449 1367 2559 1424 εἷεν
2592 1372 2740 1440 γένει
2769 1373 2862 1424 καὶ
2893 1373 3042 1442 δόξῃ’
3071 1373 3169 1426 καὶ
3203 1371 3280 1434 ὡς
3315 1371 3376 1424 τό
3407 1387 3468 1437 γε
3491 1365 3620 1439 ἧκον
3649 1373 3714 1432 εἰς

2169 1465 2332 1518 αὐτὸν
2367 1464 2468 1517 οὐκ
2503 1465 2800 1532 ἀπέσχετο,
2845 1463 2944 1533 τὴν
3001 1463 3302 1533 ἠγεμονίαν
3351 1461 3452 1531 τῆς
3512 1459 3714 1528 γνώμης

2169 1554 2409 1624 ὑπήκοον
2437 1553 2587 1619 ἅπαξ
2625 1553 2804 1624 ἔργων
2843 1553 2936 1606 καὶ
2961 1553 3136 1622 λόγων
3163 1550 3300 1614 όμοῦ
3343 1549 3594 1620 πονηρῶν
3629 1565 3712 1602 πε·

2171 1646 2416 1716 πραχὼς.
2479 1645 2554 1715 μὴ
2603 1645 2666 1698 οὗ
2713 1645 2922 1706 πάντας
2975 1644 3281 1714 συλλήϐδην
3317 1643 3480 1714 βιαίῳ
3523 1643 3714 1710 θανάτῳ

2169 1733 2374 1788 δοῦναι.
2409 1734 2483 1786 Οὐ
2523 1734 2628 1802 γὰρ
2655 1733 2736 1786 ὅτι
2761 1733 2836 1802 μὴ
2861 1733 3110 1802 σιδηραῖς
3135 1731 3227 1784 καὶ
3264 1731 3420 1792 αὐτὸς
3447 1729 3586 1782 κατὰ
3607 1729 3714 1790 τοὶς

2171 1827 2526 1896 ἀνδροφόνους
2561 1827 2836 1898 ἐχρήσατο
2888 1826 3112 1898 λόγχαις
3163 1828 3226 1876 ἐκ
3273 1822 3368 1878 τοῦ
3401 1819 3712 1890 προφανοῦς,

507 1908 622 1963 Rex
651 1919 832 1965 autem
866 1911 960 1978 qui
991 1919 1046 1966 et
1073 1912 1188 1982 ipse
1211 1911 1428 1967 silentio
1452 1913 1700 1968 convicia
1728 1913 1855 1968 talia
1876 1925 2066 1970 contra
2095 1932 2096 1935 η

2171 1914 2513 1982 ὑποϐεϐηκός
2554 1930 2610 1966 τι
2643 1914 2704 1964 τὸ
2745 1913 2910 1984 βάρος
2955 1913 3099 1981 ἔχειν
3131 1911 3258 1981 δόξῃ
3305 1908 3422 1960 τῶν
3453 1908 3715 1982 ἐγκλημά-

507 1999 783 2055 Palamam
825 2003 968 2056 dicta
1013 2003 1316 2058 audivisset
1357 2012 1410 2058 et
1445 2012 1635 2060 contra
1675 2021 1801 2060 eum
1835 2004 2073 2074 castiga-

509 2089 716 2146 tionem
769 2109 944 2162 preme
993 2095 1262 2165 imperare
1313 2097 1600 2160 voluisset,
1636 2105 1818 2152 tamen
1854 2106 2074 2166 propter

513 2179 752 2234 innatam
785 2183 1132 2238 clementiam
1169 2201 1396 2255 parcere
1437 2187 1488 2242 ei
1519 2187 1692 2242 voluit
1723 2197 1776 2242 et
1803 2185 2072 2258 judicium

507 2277 738 2338 propter
767 2285 1052 2328 sermones
1081 2283 1134 2328 et
1167 2274 1304 2329 facta
1336 2275 1483 2330 illius
1509 2275 1716 2330 editum
1747 2277 2070 2347 prolatavit:

507 2371 672 2428 atque
701 2361 804 2417 bac
835 2364 892 2418 in
928 2366 1198 2420 sententia
1227 2367 1554 2436 permansit,
1591 2383 1902 2438 quanquam
1931 2383 2074 2439 aegre

503 2453 772 2508 ferentem
791 2453 956 2528 348
982 2465 1038 2510 et
1064 2469 1376 2528 gravantem
1402 2459 1539 2514 vidit
1559 2459 1865 2514 Palamam:
1893 2473 2070 2530 neque

505 2545 888 2600 eonviciantes
927 2547 1215 2615 prohibuit
1252 2548 1321 2602 ab
1351 2547 1556 2620 impetu
1577 2592 1592 2616 ,
1636 2549 1909 2618 simulque
1941 2566 2070 2622 gau-

505 2633 656 2688 dium
692 2637 862 2690 animi
891 2637 974 2692 sui
1010 2639 1126 2693 risu
1153 2639 1387 2694 obscuro
1421 2639 1561 2695 clam
1596 2643 1841 2712 aperuit:
1884 2651 1938 2694 et
1973 2657 2072 2710 per

509 2725 742 2780 multum
800 2737 1019 2798 tempus
1065 2729 1350 2798 sustinuit,
1379 2732 1622 2786 convicia
1679 2741 1870 2786 contra
1919 2731 2072 2786 Pala-

505 2831 652 2869 mam
683 2817 828 2873 dicta
863 2817 1098 2877 libenter
1136 2820 1397 2876 audiens:
1425 2833 1588 2892 atque
1633 2824 1732 2878 hoc
1775 2834 1888 2880 erat
1925 2823 2072 2894 judi-

508 2909 657 2962 cium
691 2918 786 2962 aut
837 2909 1032 2982 judicii
1081 2913 1406 2982 prommium
1454 2923 1509 2968 et
1553 2913 1901 2970 adumbratio
1947 2929 2072 2969 eru-

509 3001 817 3072 pturaajam
853 3001 905 3056 in
953 3002 1228 3060 Palamam
1274 3005 1748 3060 condemnationis
1791 3007 2000 3076 prolata
2039 3021 2067 3059 a

510 3107 638 3161 rege
689 3103 743 3148 et
787 3093 1092 3149 illustribus
1145 3097 1252 3152 illis
1305 3098 1442 3152 viris
1479 3098 1547 3152 de
1590 3098 1862 3168 colloquio
1897 3113 2071 3168 nuper

510 3197 635 3237 cum
669 3184 908 3255 Gregora
945 3189 1218 3243 instituto.

505 3277 692 3346 χαῖρον
733 3277 998 3346 ὑπέφαινε
1050 3279 1150 3348 τῆς
1203 3279 1394 3334 ἑαυτοῦ
1445 3279 1624 3351 ψυχῆς
1661 3283 1924 3350 ἀμυδροῖς
1956 3297 2066 3334 τισι
2109 3281 2449 3352 μειδιάμασι,
2501 3281 2597 3335 καὶ
2649 3279 3042 3350 διεκαρτέρησε
3113 3281 3274 3348 μέχρι

2175 2023 2306 2072 των,
2337 2005 2452 2058 ἀλλ’
2487 2007 2568 2058 ὅτι
2612 2003 2794 2073 φιλίαν
2827 2002 3294 2074 σχηματιζόμενος
3336 1999 3458 2052 ὅλον
3507 1997 3715 2067 δολερῶς

2175 2100 2414 2152 ἐκένωσε
2449 2100 2562 2161 τοῖς
2593 2099 2802 2160 ἀδόλως
2853 2093 3066 2164 φιλοῦσι
3121 2093 3212 2146 τὸν
3256 2089 3352 2144 τοῦ
3405 2089 3712 2160 δηλητηρίου

2175 2184 2450 2254 κρατῆρα,
2487 2185 2618 2254 πρὶν
2666 2183 2766 2253 τῆς
2821 2181 3113 2251 ἐπιϐουλῆς
3149 2179 3434 2234 αἰσθέσθαι
3474 2177 3592 2240 τοὺς
3623 2177 3712 2230 πά-

2177 2291 2428 2345 σχοντας.
2481 2275 2592 2328 Καὶ
2639 2275 2688 2328 οἱ
2753 2275 2854 2344 μὲν
2903 2275 3052 2342 γένει
3106 2274 3201 2326 καὶ
3246 2271 3376 2344 δόξῃ
3409 2267 3713 2338 προῦχοντες

2173 2369 2364 2436 ἄνδρες
2391 2368 2586 2421 ἐκεῖνοι
2618 2365 2761 2420 οὕτω
2793 2366 3247 2438 προσηνέχθησαν
3291 2364 3370 2436 τῷ
3405 2361 3584 2434 μιαρῷ
3619 2361 3712 2413 Πα-

2171 2459 2343 2532 λαμᾷ,
2391 2459 2486 2513 καὶ
2515 2459 2722 2524 ταύτας
2761 2459 2954 2530 ἐκεινῳ
2984 2459 3084 2522 τὰς
3121 2457 3330 2528 κρίσεις
3375 2455 3660 2510 ἀπέτισαν·
3687 2450 3712 2500 6

2171 2551 2228 2604 δέ
2265 2549 2524 2620 βασιλεὺς
2546 2550 2643 2603 καὶ
2679 2549 2842 2612 αὐτὸς
2875 2551 3003 2621 σιγῇ
3053 2547 3165 2602 τῶν
3191 2547 3332 2602 κατά
3367 2545 3464 2599 τοῦ
3499 2543 3712 2612 “alapa

2169 2642 2430 2696 τοιούτων
2453 2641 2731 2714 λοιδοριῶν
2753 2640 3021 2711 αὐτήκοος
3047 2641 3310 2710 γεγονὼς,
3332 2638 3426 2691 καὶ
3453 2635 3712 2708 βουληθεὶς

2175 2739 2273 2808 μέν
2296 2756 2412 2801 πως
2435 2737 2533 2808 τὴν
2559 2739 2659 2806 τῆς
2691 2735 3026 2806 ἐκδικήσεως
3053 2734 3484 2806 προστεταχέναι
3514 2728 3711 2780 κόλασιν

2171 2829 2292 2880 κατ’
2347 2827 2534 2892 αὐτοῦ,
2593 2825 2923 2896 φεισάμενος
2961 2823 3007 2876 δ’
3059 2821 3152 2876 οὖν
3215 2822 3302 2874 διὰ
3360 2821 3459 2888 τὴν
3493 2817 3710 2885 ἔμφυτον

2171 2919 2490 2986 ἐπιείκειαν,
2527 2919 2663 2982 τέως
2705 2918 2805 2988 μὲν
2839 2917 2935 2987 τὴν
2967 2917 3075 2970 ἀπὸ
3107 2915 3351 2986 γλώττης
3381 2911 3480 2964 καὶ
3509 2909 3610 2962 τῶν
3637 2907 3710 2976 ἐρ-

2171 3029 2285 3078 γιον
2320 3009 2616 3080 ὑπερέθετο
2655 3009 2854 3080 ψῆφον,
2903 3009 3133 3076 ἐπέμενε
3163 3007 3206 3060 δ’
3237 3005 3330 3059 οὖν
3371 3003 3518 3072 ὅμως
3547 2998 3708 3067 669m-

2173 3099 2454 3154 παθοῦντα
2481 3100 2623 3168 δρῶν
2657 3100 2753 3154 καὶ
2801 3099 3101 3170 ἀχθόμενον
3133 3095 3427 3166 Παλαμᾶν,
3486 3092 3574 3144 καὶ
3599 3087 3708 3140 οὔτε

2171 3191 2296 3254 τοὺς
2331 3190 2704 3260 λοιδοροῦντας
2731 3189 2992 3244 ἀνέκοπτε
3025 3188 3124 3257 τῆς
3154 3186 3356 3256 ὁρμῆς,
3380 3185 3476 3236 καὶ
3514 3183 3620 3250 ἃμα
3653 3177 3707 3228 τὸ

3357 3273 3543 3328 πολλοῦ
3583 3286 3708 3332 τινος

503 3370 695 3438 χρόνον
719 3371 985 3425 διακούων
1053 3374 1220 3443 ήδέως
1287 3375 1398 3429 τῶν
1443 3374 1588 3428 κατὰ
1627 3373 1721 3428 τοῦ
1791 3375 2026 3444 Παλαμᾶ
2077 3373 2381 3444 λοιδοριῶν.
2405 3373 2516 3426 Καὶ
2549 3369 2618 3442 ἦν
2645 3371 2819 3426 ταῦτα
2849 3371 3028 3442 ψῆφος
3054 3371 3088 3440 ἢ
3127 3371 3309 3440 ψήφου
3339 3363 3708 3438 προαναφώνηο

505 3465 588 3530 ei;
622 3483 705 3530 τις
756 3467 847 3519 καὶ
894 3469 1228 3533 διατύπωσις
1281 3473 1382 3540 τῆς
1440 3471 1742 3542 μελλούσης
1797 3471 1878 3524 ἔτι
1953 3471 2098 3524 κατὰ
2135 3470 2232 3524 τοῦ
2313 3469 2550 3538 Παλαμᾶ
2583 3468 2907 3538 καταδίκης,
2964 3465 3307 3536 ἐξενεχθεῖσα
3353 3463 3486 3534 πρός
3523 3479 3576 3515 τε
3626 3457 3708 3512 τοῦ

504 3563 767 3634 βασιλέως
823 3569 913 3618 καὶ
973 3565 1084 3620 τῶν
1147 3566 1372 3632 ἐνδόξων
1425 3567 1646 3620 ἐκείνων
1683 3567 1888 3638 ἀνδρῶν
1937 3567 2034 3637 τῆς
2073 3569 2300 3636 ἔναγχος
2337 3561 2622 3634 διαλέξεως
2669 3567 2736 3636 ἢν
2771 3565 3068 3634 ἐποιήσατο
3113 3566 3249 3636 πρὸς
3280 3565 3368 3620 τὸν
3415 3559 3701 3636 Γρηγορᾶνι

2157 3697 2202 3738 ἢ

1741 3905 1877 3959 ΤΟΥ
1917 3906 2152 3960 ΑΥΤΟΥ
2189 3907 2528 3960 ΜΟΝΛΧΟΥ

945 4071 1942 4204 ΝΙΚΗΦΟΡΟΥ
2049 4073 2394 4204 ΤΟΥ
2489 4074 3274 4209 ΓΡΗΓΟΡΑ

1829 4285 2002 4337 ΠΕΡΙ
2043 4285 2180 4338 ΤΩΝ
2215 4287 2454 4342 ΑΥΤΩΝ

1197 4424 1565 4514 ΛΟΓΟΣ
1636 4427 2200 4516 ΔΕΥΤΕΡΟΣ
2277 4431 3026 4520 ΔΟΓΜΛΤΙΚΟΣ.

1749 4645 2102 4732 EIUSDEM
2147 4671 2510 4734 MONACHI

1321 4862 2100 4977 NlCEPHORl
2199 4867 2914 4984 GREGOR/E

1931 5101 2012 5143 DE
2057 5099 2291 5146 EISDEI

1143 5255 1542 5348 SEBMO
1615 5255 2225 5347 SECUNDUS
2306 5258 3100 5351 DOGMA'HCUS.

563 5553 728 5625 3&9
747 5553 786 5607 Ι.
803 5551 934 5619 Qua-
949 5548 1130 5605 adhnc
1151 5550 1292 5606 dicta
1313 5556 1440 5603 sunt
1456 5561 1486 5601 ε
1507 5557 1580 5612 te,
1594 5543 1920 5600 amicissime
1931 5545 2071 5612 Ago-

2243 5543 2323 5600 A'.
2361 5546 2440 5598 Τὰ
2485 5547 2584 5614 μὲν
2617 5549 2680 5614 δὴ
2729 5548 2888 5620 μέχρι
2927 5551 3020 5602 καὶ
3047 5550 3108 5612 ἐς
3144 5549 3264 5604 τόδε
3307 5567 3390 5603 σοι
3427 5547 3689 5619 εἰρημέναι

497 5648 740 5713 tlmniee,
759 5646 893 5700 satis
917 5645 1148 5698 multum
1170 5651 1228 5696 et
1251 5655 1412 5710 quam
1429 5637 1684 5708 equidem
1706 5635 1952 5690 volebam
1975 5651 2070 5691 eo-

495 5759 614 5794 rum
666 5755 785 5809 qua:
826 5738 1180 5800 qumsivermn
1230 5733 1594 5802 cognitionem
1626 5729 1755 5783 mihi
1807 5729 2067 5796 pra-stite-

493 5840 642 5886 runt.
669 5835 844 5898 Quare
877 5831 1046 5900 gratia
1079 5829 1174 5883 tibi
1203 5843 1230 5880 a
1263 5827 1392 5880 Deo.
1417 5825 1838 5880 Suntautemex
1861 5821 2058 5878 ibidem

2183 5639 2352 5704 φίλων
2387 5640 2577 5710 ἄριστε
2619 5641 2956 5718 Ἀγαθόνικε,
2993 5641 3194 5712 δαψιλῆ
3219 5659 3312 5708 μοι
3345 5639 3595 5712 παρέσχον
3619 5634 3692 5686 καὶ

2185 5730 2258 5790 ὡς
2304 5729 2482 5796 ἔγωγε
2542 5730 2842 5799 ἐϐουλόμην
2891 5731 2989 5799 τὴν
3045 5730 3182 5793 τέως
3229 5731 3340 5784 τῶν
3389 5725 3692 5795 ζητουμένων

2185 5824 2422 5887 σύνεσιν,
2461 5825 2550 5876 καὶ
2590 5826 2742 5893 χάρις
2785 5823 2870 5892 εἴη
2913 5839 2994 5876 σοι
3035 5822 3169 5894 πρὸς
3203 5822 3368 5875 Θεόνδ
3401 5822 3691 5875 uiuam:
