3966 6592
252 460 368 521 309

1240 462 1685 527 ΒΥΖΑΝἹῚΝίΕ
1726 466 2109 527 ΠῘΒΤΟίίΗί
2145 470 2290 528 LIB.
2339 472 2551 534 XXXI.

3402 470 3509 532 320

250 570 296 623 δ’
327 566 436 625 οὗν
477 588 556 627 σοι
587 572 699 626 τῶν
746 575 865 627 ἐκεί
912 575 1049 645 πρὸς
1084 577 1178 630 τού
1213 577 1447 648 Παλαμᾶ
1493 578 1837 650 λαληθέντων

1953 595 1972 634 ι
2000 581 2213 636 Palama
2245 580 2409 636 dictis
2440 581 2700 636 nonnulla
2736 580 2832 634 tibi
2852 579 3037 635 relicta
3057 596 3077 645 ;ν
3099 588 3158 634 ιιι
3182 594 3211 632 a
3230 579 3508 633 nonnuHés

252 662 407 729 ινια,
434 664 511 726 ὡς
532 663 699 718 ἐνίων
725 667 841 719 ἐκεῖ
870 668 1155 737 παρόντων
1179 671 1395 739 ἀκήκοα
1428 670 1626 739 φίλων,
1658 671 1839 741 σαθρὰ

258 755 364 823 μὶν
404 756 504 809 καὶ
548 757 723 811 πλείω
754 758 856 827 τῆς
884 759 1147 823 ἀσεϐείας
1186 760 1289 830 τὴν
1331 762 1575 832 ἀμαθίαν
1623 762 1837 832 ἔχοντα,

257 846 613 901 ὲλλὶλειπται
635 849 684 902 δ’
715 843 833 913 οὖν,
860 850 1096 921 ῥηθῆναί
1122 868 1204 904 σοι
1232 852 1351 905 δέον
1377 853 1473 906 καὶ
1504 853 1677 907 ταῦτα
1703 855 1838 922 πρὸς

258 939 323 993 τὸ
350 941 702 1012 σαφέστερον
736 941 960 996 ἀκούειν
987 945 1293 1013 ἐφιεμένων
1325 945 1505 1015 ἡμῶν.
1548 945 1843 1001 Ἀνατεθο-·

255 1032 476 1086 λῶσθτι
510 1033 623 1102 γὰρ
652 1034 739 1087 ἀεὶ.
765 1034 833 1086 τὰ
861 1035 960 1104 τῆς
994 1035 1163 1091 αὑτοῦ
1209 1036 1535 1101 δυσσεϐείας
1584 1039 1742 1106 φασὶ,
1769 1044 1837 1112 τῇ

257 1119 494 1186 συνήθει
523 1119 624 1188 τῆς
655 1118 902 1189 γλώττης
929 1121 1108 1194 ἀωρίᾳ
1154 1122 1339 1192 πάσης
1368 1123 1448 1185 ὡς
1498 1127 1839 1195 πορρωτάτω

258 1209 582 1276 βαδίζοντος
614 1210 869 1280 ἀληθείας
895 1213 992 1266 καὶ
1024 1214 1372 1284 ἐπιστήμης,
1407 1214 1644 1282 μάλιστα
1675 1216 1723 1270 δ’
1748 1212 1842 1277 οὖν

255 1303 317 1352 ἐν
351 1301 596 1370 τούτοις,
622 1303 736 1356 είτε
763 1304 852 1357 διὰ
881 1305 999 1367 δέος
1029 1300 1098 1377 ἧς
1126 1309 1376 1361 πείσεται
1408 1310 1630 1377 μακρᾶς
1649 1307 1843 1378 αίσχύ-

256 1405 382 1459 νης,
413 1389 533 1443 εὖτε
567 1391 664 1445 καὶ
713 1392 1030 1461 συμπίπτειν
1065 1392 1211 1448 οὕτω
1239 1394 1332 1447 διά
1360 1396 1421 1448 τὸ
1466 1397 1565 1465 τῆς
1594 1397 1840 1467 ἐμφύτου

259 1480 582 1552 μοχθηρίας
615 1483 907 1553 ἀλόγιστον
938 1483 1081 1548 ἔθος.
1139 1485 1249 1539 Kal.
1296 1486 1382 1540 ίνα
1418 1487 1485 1541 τά
1517 1488 1747 1542 πλείστα
1774 1490 1842 1543 δι’

255 1575 533 1644 ἀκαιρίαν
559 1574 757 1646 παρεὶς
790 1577 1028 1647 μετρίων
1062 1578 1310 1650 μνησθῶ.
1340 1579 1398 1632 ἓν
1427 1579 1535 1657 μιν)
1557 1580 1655 1635 καὶ
1688 1581 1842 1649 πρῶ-

256 1680 352 1717 τον
383 1667 571 1720 ἐκεῖνο
597 1666 710 1721 τῶν
742 1670 1096 1738 παρειμένων
1145 1670 1301 1738 φασί.
1334 1670 1520 1724 Θέλων
1568 1673 1679 1743 γὰρ
1709 1674 1841 1726 ἑαυ-

254 1757 352 1810 τὸν
378 1758 766 1815 ἀπολύσασθαι
797 1764 896 1832 τῆς
923 1764 1076 1832 αὐτῷ
1119 1765 1256 1833 πρὸς
1286 1766 1381 1818 τοῦ
1420 1765 1680 1837 Γρηγορᾶ
1707 1784 1844 1838 προ-

259 1853 650 1921 ενηνεγμένης
684 1855 1038 1924 κατηγορίας,
1078 1855 1154 1929 ὥς
1186 1858 1252 1910 ὲκ
1283 1857 1500 1911 πολλῶν
1524 1856 1621 1913 καὶ
1655 1859 1842 1930 διαφό-

158 2018 177 2025 n
262 1958 376 2008 ρων
395 1941 682 2016 θεοτήτων
706 1945 805 1999 εἰτ’
830 1946 924 2000 οὖν
946 1949 1249 2017 ποιοτήτων
1280 1950 1604 2018 συγκεῖσθαι
1625 1950 1841 2019 λέγοντι

256 2031 353 2085 τδν
386 2033 554 2101 Θεὸν,
584 2037 680 2090 καὶ
710 2038 973 2108 ἄντικρυς
1017 2040 1407 2110 περιπίπτοντι
1455 2045 1571 2107 τοῖς
1600 2044 1679 2116 τῷ
1711 2044 1843 2117 θείῳ

259 2123 623 2194 Δαμασκηνῷ
670 2125 1010 2196 λεγομένοις,
1058 2129 1140 2182 δτι
1179 2129 1240 2183 τὸ
1270 2132 1427 2185 Θείον
1468 2132 1679 2186 ἁπλοῦν
1720 2134 1841 2188 ἐστι

258 2214 354 2267 καὶ
387 2214 716 2284 ἀσύνθετον,
750 2218 811 2270 τὸ
842 2218 899 2271 δὲ
929 2220 993 2273 ἑκ
1018 2219 1232 2274 πολλῶν
1266 2224 1359 2276 καὶ
1396 2221 1672 2295 διαφόρων
1711 2240 1841 2292 συγ-ο

258 2302 532 2381 κείμενον
566 2305 826 2359 σύνθετόν
858 2306 978 2360 ἐστι
1029 2309 1123 2361 καὶ
1147 2307 1212 2380 [ί.
1245 2308 1348 2364 165
1370 2307 1450 2383 0.]
1485 2309 1554 2364 τά
1607 2310 1755 2380 ἑξῆς,
1778 2311 1839 2364 οὐ

262 2395 417 2453 κατὰ
450 2398 552 2466 τὴν
580 2396 733 2452 θέσιν
766 2399 985 2472 ἐκείνης
1013 2400 1115 2471 τῆς
1150 2402 1387 2472 ρήσεως,
1428 2401 1569 2456 ἀλλά
1597 2404 1844 2473 διαφθεί-

263 2505 390 2561 ρας,
432 2490 511 2555 ὡς
541 2491 722 2560 είωθε,
748 2492 921 2546 τοιάδ’
963 2494 1320 2560 ἀπεκρίνατο.
1357 2495 1477 2550 Πᾶν
1524 2495 1587 2550 τὸ
1623 2495 1844 2566 συγκεί-

263 2598 445 2648 μενον
472 2583 567 2636 καὶ
598 2583 883 2649 οὑσιὼδεις
911 2584 1181 2657 διαφορὰς
1211 2585 1336 2656 ἔχον
1367 2586 1625 2641 σύνθετόν
1667 2589 1839 2641 ἐστιν⁸

259 2672 290 2723 ό
326 2671 393 2726 Si
427 2673 565 2738 Θεὸς
613 2673 738 2727 οὔτε
769 2674 880 2728 τῶν
930 2675 1308 2747 συγκειμίνων
1349 2677 1501 2730 ἐστὶν
1549 2675 1676 2731 οὔτε
1730 2678 1845 2731 τῶν

260 2764 559 2829 οὐσιώδεις
606 2765 872 2837 διαφορὰς
922 2767 1181 2836 ἐχόντων.
1233 2767 1517 2840 Οὒσιώδης
1574 2771 1684 2840 γάρ
1724 2771 1843 2825 ἐστι

261 2857 512 2927 διαφορά
534 2856 659 2910 καθ’
687 2859 753 2926 ἢν
779 2859 1027 2930 διαφέρει
1073 2860 1238 2915 οὐσία
1276 2861 1488 2927 οὐσίας,
1516 2861 1659 2916 ὥστε
1704 2864 1848 2919 κατὰ

265 2949 543 3005 πλειόνων
567 2952 722 3005 εἰδῶν
752 2951 847 3005 καὶ
879 2951 1077 3006 οὐσιῶν
1112 2952 1251 3006 είσιν
1284 2952 1339 3005 αί
1363 2951 1643 3025 διαφοραί.
1693 2955 1849 3011 Ἐπεὶ

263 3043 363 3098 οὖν
398 3045 505 3115 μία
538 3045 635 3099 καὶ
661 3045 875 3116 ἀμερὴς
908 3045 1258 3100 παντάπασιν
1297 3046 1332 3117 ἠ
1367 3046 1463 3101 τοῦ
1500 3046 1637 3102 Θεοῦ
1668 3046 1847 3112 οὐσία,

265 3136 356 3190 διὰ
385 3136 554 3191 τοῦτο
583 3137 846 3211 διαφορὰς
875 3137 977 3192 οὐκ
1003 3136 1117 3208 ἔχει
1143 3132 1624 3202 οὐσιῶδειςῖΜίαν
1659 3138 1760 3210 μὲν
1784 3140 1850 3211 δὴ

1940 672 2032 741 qui
2062 672 2263 727 ibidem
2300 680 2526 727 aderant
2572 673 2763 727 amicis
2816 671 3025 733 audivi,
3080 672 3263 725 inania
3301 680 3358 725 et
3387 674 3509 737 plus

1942 758 2260 831 ignorantiae
2306 778 2470 831 quam
2545 763 2841 832 impietatis
2907 761 3239 816 atlestantia.
3320 761 3510 816 Restat

1943 854 2129 925 igitur,
2173 863 2232 909 ιιι
2299 853 2414 910 haec
2453 855 2700 926 proferas
2754 853 2912 908 nobis
2972 853 3283 907 accuratius
3319 853 3511 906 audire

1941 945 2310 1013 cupientibus.
2391 946 2731 1016 lmpietatem
2790 947 2939 999 enim
3006 944 3199 998 dicunt
3289 944 3508 997 mistam

1943 1047 2162 1103 semper
2182 1035 2371 1089 innata
2390 1036 2593 1105 lingua;
2615 1035 2923 1091 insulsitate
2947 1050 3068 1102 quae
3088 1048 3303 1088 omnem
3334 1042 3510 1087 trans-

1945 1126 1985 1181 it
2018 1128 2301 1182 veritatem
2332 1138 2388 1183 et
2440 1128 2749 1190 scientiam,
2783 1126 3079 1196 praisertim
3108 1129 3159 1179 in
3203 1125 3287 1180 bis
3323 1124 3509 1188 rebus,

1944 1219 2062 1275 sive
2116 1228 2339 1290 propter
2396 1220 2517 1289 ejus
2545 1235 2708 1288 quam
2748 1234 3011 1287 passurus
3039 1227 3123 1272 est
3163 1218 3513 1271 contumeliae

1944 1318 2178 1376 metum,
2231 1310 2348 1366 sive
2403 1308 2607 1363 accidit
2636 1309 2818 1363 insitae
2858 1308 3144 1377 pravitatis
3178 1305 3510 1360 temeritate.

1948 1404 2015 1459 Et
2045 1414 2104 1460 ut
2134 1403 2387 1474 plurimis
2416 1395 2487 1458 ob
2525 1402 2790 1472 temporis
2832 1401 3337 1456 incommoditatem
3383 1400 3515 1453 reli-

1945 1497 2053 1553 ctis
2087 1510 2261 1567 pauca
2296 1495 2665 1558 meminerim,
2709 1510 2878 1548 unum
2923 1501 2974 1547 et
3010 1494 3251 1562 primum
3287 1490 3514 1545 relicto-

1946 1602 2068 1642 rum
2134 1587 2271 1642 illud
2320 1589 2524 1642 lerunt.
2582 1585 2745 1656 350
2803 1584 3016 1639 Etenim
3078 1598 3136 1637 se
3177 1583 3511 1637 liberaturus

1948 1681 2153 1751 probro
2168 1694 2197 1735 a
2220 1679 2457 1749 Gregora
2479 1679 2692 1749 obiecto
2709 1678 2851 1748 quod
2877 1677 3064 1731 multis
3082 1676 3324 1739 etfvarlis
3347 1675 3518 1729 deita-

1951 1772 2096 1827 tibus
2121 1780 2175 1825 et
2192 1770 2548 1841 qualitatibus
2574 1768 3036 1836 contineribeum
3062 1766 3291 1821 dixisset
3313 1775 3367 1820 et
3390 1780 3521 1820 conv

1951 1871 2032 1917 tra
2053 1860 2405 1916 incidissetin
2428 1876 2492 1915 ea
2511 1874 2632 1929 qme
2651 1859 2821 1913 adivo
2838 1859 3169 1912 Damasceno
3181 1858 3323 1913 dicta
3338 1866 3515 1916 erant,

1947 1954 2120 2010 Deum
2142 1969 2263 2009 esse
2293 1953 2521 2022 simplex
2550 1959 2605 2006 et
2638 1951 3063 2019 incompositum
3099 1968 3111 2015 ;
3152 1949 3299 2019 quod
3333 1955 3516 2003 autem

1948 2044 2139 2101 multis
2168 2054 2223 2098 et
2243 2043 2407 2098 variis
2428 2042 2745 2097 continetur
2764 2041 3129 2111 compositum
3157 2048 3276 2105 est;
3308 2037 3515 2107 reliqua

1948 2151 2055 2192 non
2082 2135 2148 2192 ad
2172 2135 2317 2191 illius
2346 2134 2614 2189 orationis
2641 2143 3050 2202 argumentum,
3086 2131 3180 2187 sed
3213 2139 3518 2200 permutata

1946 2230 2022 2284 ita
2039 2238 2101 2283 ut
2118 2229 2277 2294 solet,
2290 2226 2518 2299 protulit
2539 2225 2835 2296 :Quidquid
2849 2226 3161 2280 continetur
3180 2232 3236 2277 et
3256 2221 3519 2277 essentia-

1945 2322 2029 2378 les
2045 2321 2341 2375 varietates
2357 2318 2544 2382 habet,
2558 2318 2920 2387 compositum
2945 2317 3201 2370 est.l)eus
3217 2321 3395 2369 autem
3412 2327 3521 2365 non

1945 2427 2012 2469 ex
2034 2411 2100 2466 iis
2121 2425 2243 2480 quae
2270 2409 2626 2465 continentur
2643 2413 2740 2461 aut
2766 2403 3090 2462 essentiales
3108 2404 3407 2458 varietates
3430 2404 3523 2455 ba-

1946 2502 2100 2559 bent.
2114 2498 2443 2556 'Essentialis
2459 2499 2603 2551 enim
2620 2496 2864 2551 varietas
2882 2502 2989 2559 est,
3007 2510 3115 2566 qua
3133 2492 3316 2549 dil’fert
3331 2506 3524 2546 essen-

1950 2592 2022 2648 tia
2037 2590 2352 2650 abessentia
2375 2589 2449 2643 ita
2468 2598 2526 2641 ut
2546 2589 2730 2658 plures
2747 2586 2933 2660 lprma:
2947 2593 3003 2640 et
3016 2585 3269 2641 essentiae
3286 2582 3521 2638 elliciant

1874 2743 1879 2747 ,
1947 2684 2267 2741 varietates.
2328 2680 2466 2737 Cum
2519 2679 2686 2751 igitur
2738 2694 2849 2735 una
2903 2686 2960 2735 et
3013 2676 3291 2748 impartita
3322 2676 3394 2730 sit
3429 2674 3520 2728 Dei

1949 2776 2215 2839 essentia,
2265 2783 2560 2844 propterea
2609 2773 2904 2828 varietates
2954 2784 3063 2824 non
3112 2769 3279 2827 habet
3332 2783 3525 2823 esseu-

1953 2867 2131 2923 tiales.
2161 2866 2336 2923 Unam
2367 2866 2514 2922 illius
2538 2881 2758 2922 causam
2781 2865 2847 2919 ad
2880 2863 3214 2918 narrationis
3251 2872 3356 2917 tua:
3378 2862 3522 2917 viam

1952 2972 2119 3028 pono,
2174 2958 2401 3012 alteram
2460 2955 2567 3011 divi
2644 2955 2923 3010 Athanasii
2979 2951 3304 3014 orationem,
3358 2965 3522 3020 quam

1954 3050 2074 3105 sine
2113 3046 2285 3104 dubio
2308 3047 2776 3117 religiosissimum
2806 3045 2928 3117 ipse
2962 3046 3019 3099 in
3054 3042 3403 3114 polytheismi
3437 3059 3527 3095 ar-

1957 3147 2277 3212 gumentum
2307 3139 2639 3193 immutavit.
2702 3136 2848 3192 Dixit
2873 3139 3020 3191 enim
3050 3137 3106 3191 in
3137 3136 3353 3204 dialogo
3394 3149 3527 3188 con-

265 3228 382 3281 τῶν
420 3230 637 3283 ἐκείνου
660 3229 865 3299 ταύτην
895 3229 1200 3300 προτίθημί
1225 3247 1321 3284 σου
1351 3232 1418 3301 τῇ
1445 3232 1698 3303 διηγήσει
1720 3232 1847 3304 πρό‹

1958 3242 2039 3286 tra
2076 3232 2305 3286 Arium:
2337 3231 2457 3287 Non
2483 3245 2668 3285 rerum
2705 3239 3015 3284 creatarum
3046 3243 3209 3282 causa
3240 3228 3381 3284 dixit
3408 3226 3528 3282 Sal.

268 3338 446 3391 φασιν
474 3320 699 3390 ἐφεξῆς,
720 3319 987 3390 δευτέραν
1019 3319 1075 3374 δὲ
1101 3321 1202 3391 τὴν
1238 3319 1565 3375 Ἀθανασίου
1589 3321 1681 3376 τοῦ
1705 3322 1853 3376 θείου

271 3414 467 3483 ῥῆσιν,
503 3413 573 3485 ην
611 3413 1012 3483 εὐσεϐεστάτην
1043 3412 1432 3487 ἀναμφιϐόλως
1457 3408 1625 3469 οὖσαν
1656 3416 1738 3478 είς
1759 3431 1857 3467 πο-

271 3505 504 3569 λυοεῖας
551 3505 715 3568 αὐτὸς
752 3503 1014 3558 ὑπόθεσιν
1043 3505 1420 3576 μετενήνοχεν.
1470 3506 1622 3576 Ἔφη
1657 3506 1767 3575 γὰρ
1797 3506 1855 3558 ὲν

271 3598 340 3666 τῇ
381 3593 528 3667 πρὸς
571 3592 792 3661 ’Δρειον
848 3590 1080 3658 διαλέξει
1132 3591 1209 3655 ὡς
1258 3593 1356 3660 οὐχ
1387 3590 1577 3646 ἕνεκεν
1616 3593 1854 3648 κτιστῶν

272 3684 628 3757 πραγμάτων
660 3682 764 3752 ἔφη
788 3683 816 3737 ό
837 3683 1048 3753 Σωτὴρ,
1084 3701 1104 3732 ι
1138 3683 1321 3737 Πάντα
1338 3686 1437 3737 ὅσα
1470 3684 1585 3754 ἔχει
1615 3685 1643 3738 ό
1666 3687 1857 3765 Πατὴρ

1952 3332 2144 3379 vator:
2197 3323 2422 3379 «Omnia
2470 3337 2591 3394 quae
2619 3322 2781 3378 Pater
2823 3321 3009 3384 habet,
3044 3335 3163 3375 mea
3195 3329 3376 3385 suum
3428 3319 3525 3374 sed

1953 3428 2075 3486 qua:
2100 3413 2291 3469 deitati
2332 3412 2512 3468 Patris
2544 3410 2823 3475 attribuit,
2875 3425 2940 3465 ea
2980 3410 3208 3479 pr0pria
3242 3410 3381 3463 dixit
3412 3410 3518 3464 Do-

1956 3508 2157 3570 minus,
2189 3506 2341 3561 velut
2369 3501 2804 3573 incorruptibile,
2831 3498 3191 3565 immutabile,
3221 3498 3522 3562 inﬁnitum,

1954 3596 2328 3666 omnipotens,
2369 3593 2685 3664 providens,
2708 3599 2766 3647 et
2794 3604 3138 3662 quascunque
3167 3598 3295 3646 sunt
3322 3588 3524 3652 Patris,

1955 3687 2145 3742 eadem
2176 3685 2398 3755 propria
2433 3684 2554 3739 Filii
2579 3690 2728 3737 sunt.

273 3781 386 3850 ὲμά
416 3782 593 3833 ἐστιν.
633 3796 654 3830 ι
718 3774 858 3830 Ἀλλ’
926 3775 1029 3829 ὃσα
1096 3775 1268 3845 ἀνῆκε
1294 3778 1361 3846 τῇ
1405 3775 1619 3847 θεότητι
1666 3777 1761 3832 τοῦ
1804 3779 2040 3848 Πατρός,
2107 3779 2285 3832 ταῦτα
2321 3777 2429 3831 ἴδια
2490 3777 2595 3846 ἔφη
2635 3777 2664 3829 ό
2716 3774 2940 3846 Κύριος,
2985 3772 3098 3830 οἷον
3132 3775 3194 3828 τὸ
3225 3775 3526 3845 ἄφθαρτον,

272 3875 332 3926 τὸ
371 3874 669 3943 ἄτρεπτον,
702 3872 762 3925 τὸ
823 3866 1229 3941 ἀκατάληπτον,
1291 3870 1354 3924 τὸ
1386 3870 1634 3938 δυνατὸν,
1662 3872 1725 3926 τὸ
1784 3874 2213 3942 προγνωστικόν.
2278 3873 2388 3937 καὶ
2437 3873 2537 3925 ὅσα
2590 3873 2737 3924 ἐστὶν
2760 3872 2788 3924 ό
2825 3871 3036 3942 Πατὴρ,
3069 3870 3244 3923 ταῦτα
3281 3871 3388 3923 ἴδια
3432 3866 3527 3921 τοῦ

274 3969 415 4023 Υίοῦ
454 3967 738 4037 τυγχάνει.

345 4154 432 4208 B'.
467 4151 613 4223 Πρὸς
636 4149 769 4219 γοῦν
808 4149 1011 4220 φιλίου,
1075 4147 1322 4219 βέλτιστε
1369 4149 1716 4219 Ἀγαθόνικε,
1771 4150 1848 4222 μὴ

277 4244 520 4319 ζημιοῦν
559 4243 718 4309 ἀξίου
752 4258 819 4311 με
847 4240 937 4294 τὸν
965 4240 1120 4310 φίλον
1142 4239 1286 4294 οὕτω
1317 4240 1604 4311 βελτίστην
1646 4242 1851 4312 ἀν-ρόαο

278 4351 392 4398 σιν,
448 4332 693 4403 σχήματι
726 4331 953 4387 εὐλαόεί
1005 4332 1066 4384 τὸ
1121 4332 1371 4402 ῥᾴθυμον
1423 4331 1851 4401 όπωςδηποτοῦν

278 4422 772 4493 ὑποκοριζόμενος,
800 4420 874 4485 ὡς
903 4422 1006 4475 κάν
1029 4418 1245 4485 πολλοῖς
1264 4419 1481 4486 είώθεις
1498 4422 1671 4474 ἐνίοτε
1695 4421 1849 4492 δρᾷν.

286 4514 438 4585 Ὀρῶ
468 4513 581 4585 γάρ
615 4530 677 4566 σε
708 4513 845 4584 προς
885 4512 1052 4583 ’ἐτερα
1079 4513 1281 4584 τρόπον
1303 4511 1430 4564 τινὰ
1460 4512 1553 4565 τὸν
1578 4510 1706 4565 νοῦν
1746 4526 1850 4564 πε-

2024 4150 2181 4222 351
2208 4150 2274 4205 ll.
2302 4150 2521 4214 Precor,
2548 4147 2757 4218 optime
2796 4146 3154 4216 Agathonice,
3182 4162 3247 4203 ne
3280 4162 3366 4201 me
3388 4147 3528 4201 ami-

1956 4258 2081 4299 cum
2109 4241 2359 4311 castiges,
2386 4240 2596 4311 optimo
2622 4254 2876 4294 sermone
2906 4253 3006 4308 per
3041 4238 3266 4292 nimiam
3300 4250 3528 4293 cuncta-

1957 4336 2160 4389 tionem
2209 4332 2390 4386 obiter
2460 4320 2691 4384 tantum‘
2738 4328 3177 4401 perstringendo,
3236 4336 3298 4383 ut
3340 4329 3527 4384 multis

1957 4425 2285 4497 quibusdam
2319 4423 2442 4478 aliis
2474 4423 2653 4478 facere
2680 4422 2956 4477 interdum
2998 4422 3161 4478 soles.
3202 4421 3335 4477 Nam
3368 4421 3527 4476 video

1957 4527 2196 4574 mentem
2241 4527 2385 4571 tuam
2425 4515 2478 4569 in
2510 4514 2795 4569 adversam
2829 4522 3036 4583 partem
3080 4514 3398 4568 distractam
3428 4523 3524 4576 et,

281 4606 638 4679 ρισπώμενον
666 4606 762 4659 καὶ
785 4605 911 4659 ὅσον
931 4604 1152 4658 είκάσαι
1179 4602 1457 4675 λογισμῶν
1492 4604 1847 4658 πολυπλόκων

1956 4621 2220 4680 quantum
2265 4608 2521 4679 coniicio,
2554 4607 2828 4662 variarum
2862 4608 3081 4677 plenam
3129 4608 3526 4679 cogitationum

278 4700 494 4771 μεστὸν
525 4699 627 4769 τὴν
658 4700 855 4769 ὀφρύν.

350 4792 435 4847 Γ.
480 4791 645 4860 Ἐμὸν
674 4792 825 4844 τουτὶ
848 4789 1041 4853 πάθος,
1073 4782 1117 4845 ὦ
1144 4790 1265 4858 φίλε
1295 4789 1547 4860 Θεότιμε,
1575 4793 1672 4842 καὶ
1710 4788 1853 4843 πάνυ

277 4902 343 4953 γε
373 4884 617 4954 ἄχθομαι
651 4882 729 4953 τῷ
757 4881 1163 4955 συμΰεόηκότι·
1186 4882 1255 4954 [ί.
1293 4882 1394 4938 166
1431 4881 1505 4949 1,]
1534 4881 1689 4935 ἐοικα
1742 4882 1854 4952 γάρ

278 4993 401 5040 πως
432 4975 717 5044 ἀγνοοῦντι
747 4974 1010 5036 πολλάκις
1053 4976 1150 5028 καὶ
1174 4969 1286 5027 οἷον
1335 4974 1436 5027 οὐκ
1476 4975 1723 5027 ὲπαῒοντι
1778 4966 1853 5027 ὢν

280 5068 459 5123 ἐνίοτε
502 5065 711 5136 ὁμιλεῖν
752 5084 845 5137 μοι
908 5067 1262 5137 προσγίνεται
1299 5065 1472 5136 λήθης
1519 5064 1852 5136 ἐξορχούμε-

280 5173 380 5227 νης
413 5154 493 5217 ὡς
528 5154 599 5206 τὰ
631 5153 807 5207 πολλὰ
834 5155 975 5206 κατὰ
1002 5153 1097 5205 τοῦ
1139 5152 1535 5221 φανταστικοῦ,
1570 5152 1598 5205 ὃ
1644 5155 1737 5207 καὶ
1771 5153 1856 5224 βι-

282 5247 436 5299 ϐλίον
470 5246 638 5316 φασὶν
667 5248 715 5299 oi
751 5247 907 5318 σοφοὶ
936 5245 1038 5314 τῆς
1063 5244 1264 5314 ψυχῆς.
1296 5244 1386 5297 Διὸ
1416 5245 1513 5297 καί
1562 5244 1695 5315 πρὸς
1754 5245 1853 5309 τὰς

283 5338 384 5400 σὶις
424 5338 506 5389 ἔτι
537 5334 825 5402 διεξιόντος
855 5337 1418 5407 παρασκευαζόμενος
1450 5336 1702 5403 πεύσεις,
1730 5340 1856 5391 ἀνε-

282 5427 585 5498 λογιζόμην
608 5444 668 5479 τε
698 5430 791 5481 καὶ
820 5428 1059 5496 συνῆγον
1091 5427 1191 5481 ὅσα
1237 5427 1300 5497 δὴ
1339 5427 1437 5497 τὴν
1501 5429 1726 5496 μνήμην
1772 5427 1854 5481 ἔτι

285 5522 574 5595 περιέρρει
600 5520 807 5590 κύκλῳ,
840 5519 935 5573 καὶ
971 5519 1143 5573 ὁπόσα
1171 5519 1377 5589 ταύτης
1421 5514 1487 5573 αὖ
1530 5520 1853 5591 παρερῤυήυ

284 5630 371 5666 κει
397 5613 592 5687 πόρρω
614 5614 708 5667 τοῦ
744 5614 1006 5687 βήματος,
1029 5616 1161 5677 ἴσως
1186 5613 1429 5683 μείζοσιν
1462 5613 1642 5675 ἄλλοις
1671 5631 1851 5683 παρα-

284 5706 603 5775 χωροῦντι-ι’
645 5707 742 5759 καὶ
783 5706 927 5763 τοῦτ’
964 5702 1032 5776 ἦν
1056 5709 1083 5759 ὅ
1112 5725 1204 5775 μοι
1246 5705 1343 5775 τὴν
1382 5706 1477 5760 τοῦ
1529 5707 1693 5777 ἤθους
1716 5707 1856 5767 τέως

285 5797 460 5849 ἐποίει
490 5797 849 5865 παράλλαξιν.
885 5797 1053 5853 Ὅθεν
1090 5801 1181 5850 καὶ
1205 5798 1371 5869 ἄλλης
1422 5800 1481 5864 ἒξ
1512 5799 1673 5853 ἄλλον
1718 5815 1856 5867 φαν-

287 5890 482 5953 τασίας
516 5892 647 5961 ἡμῖν
682 5890 1109 5961 όπωσδηποτοῦν
1137 5891 1521 5963 ἀθροισθείσης
1568 5891 1705 5961 πρὸς
1737 5892 1853 5946 ἔδαο

1954 4699 2212 4755 frontem.

2023 4792 2112 4847 Ιῐί.
2154 4791 2266 4847 Iloc
2316 4792 2448 4847 mihi
2485 4792 2771 4855 accidisse,
2807 4791 3141 4846 amicissime
3187 4791 3482 4848 Theotime
3511 4834 3526 4855 ,

1953 4887 2183 4941 moleste
2210 4886 2359 4947 tero;
2384 4885 2444 4939 lit
2463 4884 2610 4939 enim
2642 4883 2843 4953 quibus
2871 4883 3138 4938 intersum
3165 4890 3221 4935 ut
3254 4897 3398 4952 saepe
3420 4898 3529 4936 non

1954 4975 2390 5037 animadvertere
2434 4990 2617 5045 neque
2659 4975 2854 5030 audire
2889 4974 3099 5039 videar,
3148 4974 3279 5028 dum
3324 4974 3531 5029 oblivio

1954 5067 2125 5121 multa
2157 5067 2382 5137 depellit
2411 5082 2442 5122 e
2477 5067 2763 5131 memoria,
2791 5083 2951 5136 quam
2986 5065 3152 5121 animi
3186 5066 3385 5119 librum
3412 5066 3534 5135 pbi-

1953 5156 2169 5226 losopbi
2205 5156 2419 5212 dicunt.
2477 5157 2843 5222 Quamobrem
2895 5156 2961 5210 ad
3014 5148 3345 5226 qutﬁtiones
3396 5171 3533 5224 quas

1955 5248 2273 5319 proferebas
2304 5257 2566 5313 attentus,
2591 5248 2983 5303 eoncludebam
3020 5248 3162 5317 apud
3199 5262 3287 5300 me
3320 5255 3375 5302 et
3401 5260 3533 5300 eon-

1956 5342 2193 5396 l'crebam
2231 5356 2353 5411 qua:
2382 5356 2482 5411 per
2512 5342 2829 5395 memoriam
2862 5342 3105 5410 tliSpersa
3140 5349 3297 5394 erant
3327 5347 3382 5393 et
3411 5355 3533 5407 ηιιίε

1954 5433 2078 5486 aliis
2106 5432 2247 5488 forte
2276 5442 2331 5487 et
2361 5431 2707 5502 gravioribus
2732 5442 3032 5487 cesserant.
3088 5431 3200 5484 Hoc.
3229 5436 3351 5485 erat
3388 5432 3533 5496 quod

1956 5525 2199 5577 animum
2244 5538 2424 5576 meum
2458 5522 2952 5579 mutaveratUnde
2981 5535 3105 5576 cum
3141 5520 3247 5573 alia
3278 5519 3438 5575 nobis
3465 5534 3534 5573 ex

1956 5613 2059 5668 alia
2122 5615 2401 5683 cogitatio,
2470 5624 2529 5668 ut
2594 5614 2752 5678 solet,
2806 5614 2861 5667 in
2912 5622 3148 5666 mentem
3198 5612 3533 5681 pervenerit,

1956 5708 2085 5761 licet
2136 5708 2235 5762 tibi
2288 5708 2558 5777 reliquum
2601 5706 2868 5761 orationis
2924 5715 3268 5759 momentum
3334 5704 3527 5758 videre

1958 5801 2023 5851 ad
2071 5800 2412 5876 voluntatem.
2464 5807 2611 5852 tuam
2658 5798 2833 5851 ιθιέιιι
2888 5811 3095 5851 moram
3161 5779 3539 5852 τθιιιοῖιεῐιιειη

1961 5906 2106 5947 nunc
2140 5891 2286 5947 sicut
2315 5898 2496 5958 antea,
2532 5896 2841 5962 promptam
2873 5904 3006 5947 vero
3030 5897 3219 5959 aperte
3267 5886 3536 5956 recipien-
