3856 6564
463 419 562 482 3ἶί
1685 425 2105 486 NICEPIIORI
2145 429 2525 490 GREGORA'}
3559 432 3667 498 -ΊῙΞ

467 533 593 588 tem'
615 531 976 590 alacritatem.
1023 533 1266 604 Utraque
1315 535 1367 588 in
1409 537 1755 592 sermonibus
1785 547 1841 593 et
1866 539 2025 594 rebus

2139 560 2236 611 φης
2268 543 2394 614 ἄρτι
2427 543 2678 615 βαλϐῖδος
2710 545 2880 609 φάναι
2931 553 3089 612 μιᾶς,
3119 540 3418 612 προσέσται
3469 555 3556 596 σοι
3583 541 3666 596 λοι-

463 625 726 694 gcrcndis
754 624 1063 679 necessaria
1105 639 1228 678 cum
1272 624 1366 691 sit,
1402 634 1694 694 utramque
1721 629 1863 698 aptis
1897 640 2032 682 tem-

465 719 694 784 poribus
730 731 1096 771 memoramus
1123 727 1174 770 et
1207 717 1392 772 habita
1423 720 1634 774 ratione
1671 731 1984 790 reputamus
2017 739 2030 774 :

464 815 672 860 tnotum
706 817 768 860 ut
817 807 1020 876 quietis
1075 809 1414 877 negationem
1463 819 1519 865 et
1561 813 1842 878 exstasim,
1881 814 2032 880 quie-

467 909 572 951 tem
606 907 788 952 autem
833 909 884 950 ut
923 899 1181 954 motionis
1211 901 1446 968 speciem
1463 910 1517 954 et
1547 905 2029 972 complementum,

462 990 624 1059 352
665 1005 981 1060 quanquam
1012 1007 1174 1046 omne
1207 993 1351 1047 illius
1375 993 1608 1048 elfnsum
1631 1006 1683 1048 et
1705 996 2031 1068 dissolutum

462 1091 518 1135 it
549 1099 654 1135 non
693 1083 904 1136 (initum
937 1083 1320 1139 terminantem
1365 1093 1420 1138 et
1461 1085 1660 1140 ﬁnibus
1689 1087 2034 1142 circumscri-

465 1172 702 1225 leuZem.
721 1173 1020 1242 Utrumque
1038 1181 1216 1227 autem
1247 1174 1614 1229 adhibendum
1635 1185 1716 1230 est
1732 1177 2029 1230 secundum

465 1264 752 1331 utriusque
778 1265 1044 1318 rationem
1073 1276 1126 1318 et.
1159 1264 1402 1318 modum.
1425 1265 1766 1334 Cognoscere
1789 1267 1952 1336 igitur
1981 1275 2031 1320 te

461 1363 882 1422 eportet,quam
919 1355 1088 1408 multa
1122 1356 1388 1424 ejusmodi
1423 1357 1612 1410 relicta
1646 1358 1757 1410 sint
1787 1367 1880 1411 aut
1909 1373 2032 1410 ora-

462 1447 614 1498 tione
655 1461 760 1498 non
795 1444 1090 1514 di-gna,aut
1135 1461 1257 1514 quae
1282 1447 1550 1500 comicum
1583 1449 1751 1501 risum
1791 1447 2030 1516 eﬂ‘ugere

459 1551 570 1590 non
608 1535 840 1604 possint.
881 1533 1076 1590 Statim
1109 1537 1254 1590 enim
1287 1537 1354 1592 de
1381 1538 1682 1606 quaestione
1709 1541 1885 1606 prima
1911 1555 1940 1592 a
1977 1549 2028 1594 te

459 1625 693 1692 prolata,
723 1623 996 1692 Gregoras
1028 1626 1216 1693 paucis
1251 1626 1574 1694 quibusdam
1611 1627 1774 1682 dictis
1793 1629 2027 1693 abstitit,

459 1715 800 1783 superﬂuum
835 1716 1109 1768 arbitrans
1153 1715 1389 1770 indoctis
1415 1717 1641 1770 omnino
1683 1719 2031 1774 sermonibus

459 1821 490 1860 c
547 1805 794 1859 doctrina
849 1807 1177 1874 respondere
1247 1807 1455 1862 conari.
1501 1807 1570 1862 Ut
1619 1809 1788 1874 enim,
1829 1811 2025 1879 inquit,

2137 637 2238 690 πὺν
2278 637 2411 707 όρᾷν
2439 635 2531 690 τὸν
2563 636 2656 690 τοῦ
2689 635 2850 704 λόγου
2897 634 3100 688 σκοπὸν
3147 633 3290 687 κατά
3328 635 3449 702 σὴν,
3481 632 3558 694 ὡς
3607 631 3664 688 oi-

2139 743 2259 794 μαι,
2325 724 2599 796 βούλησιν,
2657 725 2908 795 ῥᾴθυμον
2963 723 3064 792 μὲν
3110 723 3346 792 ἠρεμίαν
3393 724 3663 779 ἀπειπόντα

2135 817 2450 871 παντάπασι
2478 816 2570 870 νῦν
2589 817 2665 878 ὡς
2691 819 2787 870 καὶ
2810 817 3097 886 πρότερον,
3129 816 3344 884 κίνησιν
3372 817 3418 868 δ’
3439 815 3508 868 αὖ
3543 817 3664 870 τοῦν-

2137 907 2320 962 αντίον
2380 908 2660 978 πρόθυμον
2699 905 3017 978 περιφανῶς
3049 906 3426 975 ἀνθελόμενον.
3473 905 3662 960 Ἐκατέ-

2136 1017 2234 1071 ρας
2273 999 2380 1070 γὰρ
2418 1002 2714 1068 γινομένης
2772 1002 2828 1051 ἐν
2885 999 3046 1068 χρεία
3095 1000 3203 1060 τοῖς
3260 1015 3320 1049 τε
3373 997 3553 1062 λόγοις
3595 999 3666 1050 καὶ

2135 1094 2481 1164 πράγμασιν,
2550 1091 2828 1160 ἑκατέρων
2873 1089 2949 1151 ὡς
2989 1089 3138 1152 εἰκὸς
3189 1091 3303 1150 τοῖς
3363 1087 3664 1155 προσήκουσι

2135 1187 2349 1254 χρόνοις
2387 1184 2738 1254 μεμνήμεθα,
2772 1183 2864 1236 καὶ
2895 1181 3178 1248 ἀναλόγως
3211 1179 3529 1248 ἀμφοτέρας
3568 1177 3665 1227 ἀνε-

2134 1276 2433 1345 λεγόμεθα,
2495 1276 2710 1343 κίνησιν
2779 1279 2878 1342 μὲν
2905 1275 3000 1328 ἆτε
3039 1272 3278 1342 ἠρεμίας
3322 1266 3592 1338 ἀπόφασίν
3621 1285 3666 1322 τε

2133 1366 2230 1416 καὶ
2261 1362 2519 1416 ἔκστασιν
2555 1357 2744 1424 οὖσαν,
2792 1360 3031 1430 ἠρεμίαν
3061 1357 3106 1410 δ’
3145 1356 3212 1410 αὖ
3243 1358 3510 1426 κινήσεως
3557 1350 3667 1418 εἶδος

2133 1455 2231 1508 κοιλ¹
2262 1453 2627 1522 ἐντελέχειαν,
2651 1452 2944 1521 όρίζουσάν
2999 1466 3060 1501 τε
3117 1447 3214 1502 καὶ
3245 1447 3666 1516 περιγράφουσαν

2131 1543 2192 1596 τὸ
2221 1543 2522 1612 κεχυμένον
2549 1542 2760 1612 ὲκείνης
2792 1541 2886 1594 καὶ
2915 1541 3110 1606 ἄφετον
3148 1541 3242 1590 καὶ
3282 1535 3552 1605 ἀόριστον.
3587 1535 3668 1587 Καὶ

2130 1633 2240 1686 δεῖν
2269 1633 2555 1700 ἑκατέροις
2584 1631 2886 1702 κεχρῆσθαι
2921 1630 3064 1684 κατά
3099 1629 3189 1681 τὴν
3211 1627 3495 1696 ἑκατέροις
3529 1641 3666 1692 προσ-

2133 1721 2338 1788 ήκοντα
2373 1719 2534 1786 λόγον
2565 1721 2658 1772 καὶ
2687 1718 2907 1788 τρόπον.
2953 1715 3248 1768 Γινώσκειν
3277 1708 3372 1768 οὖν
3411 1728 3470 1764 σε
3517 1713 3665 1780 χρεὼν

2135 1810 2207 1873 ὡς
2241 1809 2412 1862 πολλά
2443 1827 2506 1878 γε
2539 1810 2764 1862 τοιαῦτα
2794 1809 3072 1875 παρεῖται,
3113 1805 3252 1876 μήτε
3307 1803 3467 1870 λόγου
3531 1799 3669 1869 μηδε-

459 1897 603 1951 inter
626 1898 808 1950 lumen
827 1905 880 1950 et
904 1899 1178 1960 tenebras,
1198 1897 1272 1950 ita
1295 1913 1472 1967 neque
1492 1899 1634 1952 inter
1655 1901 1956 1954 doctrinam
1977 1911 2025 1955 et

2135 1902 2222 1964 νὸς
2256 1899 2378 1964 ἄξια
2402 1899 2531 1953 ὄντα
2563 1899 2626 1972 [ί.
2653 1899 2754 1954 166
2867 1899 3002 1968 μήτε
3035 1897 3244 1966 γέλωτα
3265 1893 3491 1961 φεύγειν
3521 1908 3668 1959 κωμι-

461 1988 728 2042 insciliam
771 1989 874 2042 ulla
911 1989 1163 2042 societas.
1188 1986 1269 2042 0b
1328 1989 1469 2044 hanc
1499 1991 1662 2059 igitur
1703 1991 1780 2044 rei
1840 1993 2030 2046 confu-

459 2077 674 2132 sioaern
739 2094 824 2132 me
887 2079 1008 2148 ejus
1055 2079 1285 2134 rationis
1317 2089 1696 2149 argumentum
1729 2097 1836 2134 non
1867 2083 2026 2150 plane

461 2169 772 2238 percepisse
803 2171 957 2224 valde
984 2170 1162 2224 doleo.
1193 2171 1398 2226 Tamen
1423 2187 1489 2226 ett
1520 2172 1588 2226 iis
1609 2188 1729 2242 qum
1761 2173 1942 2228 adhuc
1974 2177 2025 2229 in

461 2259 724 2312 memoria
753 2268 1135 2314 remanserunt
1160 2260 1656 2330 quomodocunque
1679 2273 1871 2330 potero
1901 2264 2026 2318 bre-
2055 2279 2070 2288 ‘

457 2347 600 2402 riter
620 2351 906 2414 enarrabo,
938 2365 1044 2406 non
1077 2351 1403 2420 quoineptis
1429 2353 1606 2406 verbis
1642 2353 1872 2406 Palamae
1902 2369 2027 2404 nar-

457 2440 724 2494 rationem
773 2441 1018 2504 alleram,
1051 2457 1238 2495 verum
1273 2443 1416 2511 quod
1453 2443 1545 2496 tibi
1581 2445 1756 2498 amico
1808 2446 2024 2512 aegritu-

458 2533 642 2588 dinem
685 2534 882 2588 ad‘erre
919 2535 1108 2589 nolim.

2135 1993 2230 2047 κὸν
2255 1993 2552 2064 δυνάμενα.
2583 1993 2792 2045 Αὐτίκα
2819 1991 2926 2058 γὰρ
2955 1989 3084 2058 περὶ
3113 1987 3207 2040 τοῦ
3247 1984 3343 2039 νῦν
3384 2001 3466 2035 σοι
3501 1998 3666 2049 προτε-

2135 2085 2572 2155 θέντοςιπρὼτου
2620 2084 2934 2155 ζητήματος
2971 2081 2998 2133 ὁ
3033 2079 3322 2150 Γρηγορᾶς
3365 2072 3536 2142 μικρά
3572 2089 3666 2123 τινα

2134 2174 2305 2228 εἰπὼν
2349 2175 2720 2244 ἀπήλλακται,
2782 2171 3034 2243 περιττὸν
3079 2170 3423 2238 ἡγησάμενος
3458 2163 3667 2231 ἀμαθέσι

2136 2267 2460 2320 παντάπασι
2509 2265 2690 2334 λόγοις
2721 2263 3046 2334 ἀποκρίσεις
3069 2262 3190 2312 κατ’
3217 2257 3529 2324 ἐπιστήμην
3547 2253 3668 2305 ἀντι-

2131 2357 2334 2410 διδόναι
2372 2353 2554 2425 ζητεῖν
2575 2372 2588 2387 ο
2624 2354 2758 2426 μηδὲ
2791 2355 2900 2423 γὰρ
2931 2346 3069 2406 εἷναί
3103 2365 3238 2419 φησι
3269 2344 3549 2400 κοινωνίαν
3579 2359 3666 2411 μη-

2133 2449 2322 2518 δεμίαν
2349 2449 2538 2518 ὥσπερ
2565 2447 2691 2500 οὔτε
2728 2447 2870 2516 φωτὶ
2921 2445 3056 2515 πρὸς
3113 2443 3323 2503 σκότος,
3363 2437 3536 2497 οὕτως
3579 2433 3666 2486 οὐδ’

2131 2542 2412 2612 ἐπιστήμῃ
2457 2541 2591 2610 πρὸς
2622 2540 2883 2609 ἀμαθίαν.
2925 2538 3089 2591 Ὅθεν
3115 2537 3215 2589 καὶ
3237 2533 3325 2588 διὰ
3360 2529 3459 2600 τὴν
3487 2526 3666 2580 τοιάνδε

458 2631 552 2681 καὶ
583 2630 756 2690 οὕτως
789 2629 1020 2695 ἔχουσαν
1068 2625 1333 2698 σύγχυσιν
1365 2628 1472 2681 οὐδ’
1529 2629 1718 2698 ἔμοιγε
1776 2629 2024 2698 ἀκριϐῶς
2084 2632 2366 2702 εἰληφέναι
2437 2633 2536 2701 τὴν
2567 2633 2676 2684 τῶν
2705 2631 3015 2702 εἰρημένων
3053 2628 3247 2694 ἐκείνῳ
3296 2626 3430 2685 τέως
3461 2619 3666 2673 ὲπὶτού-

455 2733 569 2777 τοις
603 2717 914 2787 κατάληψιν
941 2717 1202 2788 ἐπιμελὲς
1260 2717 1526 2784 ἐγεγόνει.
1593 2719 1699 2788 Σὴν
1761 2719 1804 2770 δ”
1833 2720 1982 2788 ὅμως
2025 2719 2184 2790 χάριν
2217 2723 2326 2790 ὲρῶ
2381 2723 2494 2776 τεῶν
2522 2723 2732 2776 ἐκείνου
2769 2720 3000 2791 βραχέα,
3045 2721 3138 2772 καὶ
3174 2718 3274 2769 ὅσα
3305 2717 3362 2778 ἐς
3399 2713 3514 2765 τόδε
3551 2729 3668 2780 παρ-

457 2813 642 2878 έμεινε
671 2813 735 2880 τῇ
762 2809 973 2880 διανοίᾳ
1031 2827 1134 2879 μου
1187 2809 1608 2880 ὀπωσδηποτοῦν
1647 2811 2020 2882 ἐπιτρέχοντα,
2059 2816 2118 2865 οὐ
2189 2819 2302 2878 τοῖς
2333 2815 2666 2885 παραλόγοις
2701 2815 2880 2881 λόγοις
2939 2811 3033 2865 τοῦ
3070 2809 3309 2878 ﬁala.de
3345 2807 3447 2876 τὴν
3473 2805 3666 2872 ἀφήγη-

459 2921 546 2956 σιν
591 2901 972 2971 χαριζόμενος,
1022 2900 1157 2954 ἀλλὰ
1193 2900 1290 2970 τὴν
1333 2903 1433 2966 σὴν
1487 2901 1670 2968 φιλίαν
1733 2904 1922 2954 λυπεῖν
1963 2903 2022 2956 οὐ
2067 2904 2410 2976 βουλόμενος.

529 2995 620 3050 ιν.
667 2995 946 3064 Gregoras
985 2995 1052 3050 ad
1089 3011 1186 3050 eos
1220 2996 1314 3066 qui
1361 2996 1586 3051 aderant
1637 3013 1934 3052 conversus
1973 3009 2027 3052 ct

457 3087 648 3140 oculos
709 3085 1024 3150 intendens,
1077 3105 1096 3138 ι
1135 3089 1328 3142 Nonne
1387 3088 1574 3153 stulta,
1610 3087 1806 3156 inquit,
1831 3096 1885 3141 et
1911 3102 2026 3142 om-

459 3177 594 3228 nino
631 3175 811 3228 inanis
853 3175 968 3230 haec
1011 3192 1038 3228 a
1067 3175 1282 3230 Palama
1315 3177 1458 3231 dicta
1499 3177 2020 3246 propositiopquod

2204 3005 2276 3055 A'.
2326 3004 2381 3055 Ὀ
2411 3001 2518 3072 γάρ
2549 3019 2632 3055 τοι
2665 3001 2950 3070 Γρηγορᾶς
3009 2998 3143 3066 πρὸς
3197 2995 3323 3058 τοὺς
3377 2996 3492 3046 ἐ,κεῖ
3540 3011 3666 3060 τηνι-

2131 3093 2309 3148 καῦτα
2357 3093 2628 3161 παρόντας
2695 3092 2976 3160 στραφεὶς,
3018 3089 3112 3141 καὶ
3163 3085 3372 3147 τούτοις
3417 3083 3665 3152 ἐνερείσας

2129 3188 2258 3250 τοὺς
2293 3185 2627 3254 ὀφθαλμοὺς,
2677 3203 2695 3236 ι
2739 3179 2804 3234 Ἀ
2819 3185 2872 3252 ρ’.
2897 3183 2998 3234 οὑκ
3031 3179 3257 3248 ἠλίθιος,
3301 3196 3319 3227 ι
3355 3175 3508 3245 φησὶ,
3541 3194 3558 3226 ι
3589 3175 3667 3226 καὶ

459 3283 621 3322 omne
652 3265 797 3336 qunti
825 3269 1140 3322 continetur
1173 3279 1226 3322 et
1258 3268 1580 3324 essentiales
1611 3267 1902 3320 varietates
1934 3267 2024 3320 ba-

459 3356 614 3377 1,-.·-
819 3361 850 3377 ..
979 3360 1132 3377 η-..
1183 3360 1327 3377 ..μη
1387 3376 1390 3377 ν
1903 3358 2021 3377 με.

2133 3278 2450 3330 παντάπασι
2481 3274 2758 3344 νηπιώδης
2781 3275 2812 3342 ἡ
2839 3271 2980 3324 οὕτω
3011 3270 3058 3337 γ’
3079 3269 3240 3330 εὐθὺς
3263 3267 3522 3337 εἰρημένη
3551 3263 3664 3333 πρό-

459 3356 572 3422 bet',
593 3361 950 3428 compositum
976 3360 1222 3430 3535it
1244 3361 1266 3414 ?
1289 3360 1400 3414 Non
1457 3359 1602 3414 enim
1653 3359 1758 3414 hoc
1793 3359 1862 3412 ita
1891 3358 2028 3412 dixit

457 3453 697 3506 .laoatmcs
745 3455 1138 3517 Damasccnus,
1191 3453 1284 3506 sed
1313 3493 1327 3518 ,
1378 3451 1532 3518 Quod
1567 3452 1754 3506 multis
1780 3463 1834 3506 et
1863 3451 2029 3504 variis

459 3547 800 3608 continetur,
839 3548 1206 3615 compositum
1237 3557 1340 3602 est.
1371 3547 1620 3600 Palamas
1645 3557 1824 3600 autem
1848 3546 1918 3599 ob
1949 3545 2028 3597 in-

460 3638 674 3691 scitiam
709 3648 765 3693 ct
803 3638 1092 3706 perﬁdam
1153 3638 1312 3692 (luela
1359 3649 1414 3692 et
1469 3638 1554 3706 pia
1623 3637 1794 3692 sancti
1853 3635 2026 3690 nostri

463 3729 714 3781 oratione
746 3729 940 3782 leviter
963 3727 1364 3798 quodammodo
1407 3740 1608 3786 mutata
1648 3741 1814 3785 totam
1865 3723 2028 3782 simul

462 3820 796 3874 sententiam
829 3823 1052 3875 evertit.
1099 3820 1284 3890 Neque
1325 3823 1470 3875 enim
1507 3820 1660 3876 aliud
1688 3821 1907 3874 videtur
1944 3819 2026 3873 di-

459 3923 606 3966 ctum
642 3915 709 3965 ab
736 3927 802 3966 eo
832 3927 972 3974 esse,
1009 3928 1170 3980 quam
1209 3913 1251 3967 si
1295 3912 1416 3982 quis
1455 3913 1656 3966 dixerit
1697 3927 1914 3966 omnem
1947 3913 2028 3966 ni-

457 4018 582 4056 vem
630 4003 838 4066 albam,
879 4003 968 4056 cui
1017 4011 1101 4057 est
1150 4004 1458 4057 esscntialis
1499 4003 1726 4066 albedo;
1762 4003 1867 4058 ltoc
1910 4018 2028 4058 esse

457 4095 632 4148 ntulto
668 4094 820 4164 pejus
853 4107 1014 4163 quam
1044 4094 1112 4148 ab
1139 4095 1296 4148 initio
1329 4095 1611 4164 postulari.
1649 4095 1780 4148 Dein
1833 4097 2024 4147 miram

459 4188 607 4240 illam
635 4185 1044 4240 conclusionem
1083 4185 1293 4240 addidit
1321 4201 1334 4236 :
1363 4185 1508 4239 Deus
1541 4198 1720 4254 neque
1747 4199 1812 4238 ex
1847 4183 1913 4237 iis
1944 4191 2028 4237 est

457 4291 582 4346 quae
607 4276 981 4338 continentur,
1005 4291 1181 4345 neque
1207 4292 1272 4330 ex
1301 4275 1366 4330 iis
1391 4290 1510 4344 quae
1530 4275 1848 4329 essentialcs
1872 4272 2028 4326 diffe-

457 4371 662 4423 rentias
691 4366 912 4422 habent.
945 4366 1059 4424 Jam
1079 4367 1222 4420 dicat.
1247 4366 1379 4420 mibi
1408 4365 1678 4436 quispiam
1709 4379 1804 4434 per
1831 4363 2022 4429 Deum,

457 4460 768 4531 cujusmodi
799 4459 868 4514 sit
893 4460 1020 4514 talis.
1037 4459 1302 4513 mirabilis
1323 4458 1601 4514 conclusio
1625 4468 1678 4512 ct
1699 4473 1728 4512 e
1757 4473 1861 4526 qua
1887 4471 2024 4511 nova

2131 3387 2288 3432 τασις
2317 3369 2456 3438 πρὸς
2493 3367 2586 3419 τοῦ
2617 3365 2856 3433 Παλαμᾶ
2889 3359 3124 3422 τουτουῒ,
3160 3359 3235 3422 ὡς
3290 3359 3398 3410 πᾶν
3442 3357 3498 3408 τὸ
3547 3370 3662 3420 συγ-

2132 3460 2386 3529 κείμενον
2433 3459 2526 3511 καὶ
2592 3454 2872 3514 οὐσιώδεις
2940 3449 3204 3518 διαφορὰς
3253 3447 3376 3514 ἕχον
3437 3441 3662 3495 σύνθετόν

2131 3553 2280 3604 ἐστιν
2307 3569 2322 3616 ς
2365 3551 2438 3602 Οὐ
2469 3549 2626 3601 τοῦτο
2659 3545 2787 3614 γὰρ,
2828 3543 2939 3595 οὐδ’
2959 3541 3132 3602 οὕτως
3162 3541 3186 3590 ὁ
3209 3539 3353 3596 θεῖος
3397 3537 3458 3586 ἐκ
3501 3535 3664 3600 Δαμα-

2133 3644 2264 3698 σκοῦ
2299 3658 2464 3712 φησιν
2509 3638 2784 3706 Ἰωάννης,
2829 3635 2967 3688 ἀλλὰ
2995 3633 3053 3685 ἰδ
3083 3635 3144 3684 ἐκ
3171 3628 3386 3682 πολλῶν
3419 3629 3528 3680 καὶ¹
3559 3625 3662 3678 ἔνια·

2133 3739 2310 3807 φόρων
2341 3735 2702 3802 συγκείμενον
2735 3727 2986 3781 σύνθετόν
3015 3727 3182 3778 ἐστιν.
3225 3723 3287 3776 ’0
3340 3721 3396 3774 δὲ
3431 3715 3662 3784 Παλαμᾶς

2131 3832 2189 3896 ἐξ
2227 3828 2472 3899 ἀμαθίας
2498 3825 2614 3895 ἆμα
2639 3825 2731 3877 καὶ
2757 3818 3100 3890 κακουργίας
3155 3815 3350 3886 μικρὸν
3378 3807 3662 3874 ὑπαλλάξας

2128 3923 2229 3994 τὴν
2253 3916 2688 3988 έπιστημονικὴν
2717 3916 2810 3966 καὶ
2837 3910 3115 3980 θεοπρεπῆ
3161 3911 3320 3979 ρἦιν
3375 3903 3468 3958 τοῦ
3504 3901 3662 3968 ἁγίου.

2128 3989 2258 4080 ὃλην
2310 4007 2446 4076 ὁμοῦ
2503 4007 2596 4056 καὶ
2635 4002 2734 4073 τὴν
2767 4001 2978 4053 ἔννοιαν
3043 3995 3488 4063 συνδιέφθαρκεν.
3520 3989 3662 4080 Οὐδὲν

2127 4079 2237 4170 γὰρ
2269 4099 2460 4166 ἕτερον
2491 4095 2666 4147 ἔοικεν
2699 4087 2844 4144 εἶναι
2865 4090 2928 4142 τὸ
2961 4087 3152 4157 λεχθὲν
3184 4085 3276 4138 ὑπ’
3307 4082 3470 4136 αὐτοῦ
3501 4081 3530 4150 ἢ
3568 4079 3662 4130 ῶσ-

2129 4210 2237 4262 περ
2265 4191 2332 4244 ἂν
2369 4187 2422 4241 εἴ
2451 4204 2535 4250 τις
2559 4186 2710 4254 λέγοι
2729 4185 2910 4238 πᾶσαν
2941 4183 3099 4252 χιόνα
3125 4177 3433 4246 λευκότητα
3458 4175 3661 4262 ἔχουσαν

2127 4259 2391 4354 οὐσιὼδη,
2421 4281 2575 4352 χιόνα
2603 4274 2743 4331 εἶναι
2767 4272 3173 4343 λευκήν.Τοῦτο
3195 4271 3238 4324 δ’
3259 4267 3396 4322 εἶναι
3415 4267 3460 4331 Ιί
3483 4259 3656 4354 Πῦρ]

2127 4379 2222 4432 καὶ
2249 4351 2433 4442 τοῦνὲν
2457 4373 2602 4443 ἀρχῇ
2629 4368 2902 4424 αἰτεῖσθαι
2927 4364 3106 4434 πολλῷ
3134 4365 3308 4433 δήπου
3335 4351 3660 4430 χεῖρον.Είτα

2127 4471 2380 4540 ἐπήγαγε
2411 4465 2470 4519 τδ
2497 4461 2812 4533 θαυμαστὸν
2865 4459 3044 4510 έκεῖνο
3093 4453 3489 4524 συμπέρασμα,
3544 4445 3660 4540 ὡςΔό

457 4560 518 4607 et
554 4551 760 4605 recenti
795 4550 975 4604 radice
1007 4561 1122 4604 orta
1147 4590 1160 4602 .
1195 4549 1327 4603 Dein
1361 4549 1592 4602 alienam
1623 4557 1676 4602 ct
1707 4547 1847 4601 male
1870 4561 2021 4601 com-

2131 4537 2262 4622 est;
2291 4556 2416 4611 οὔτε
2451 4555 2561 4609 τῶν
2600 4550 2979 4622 συγκειμένων
3002 4545 3150 4600 ἐστὶν
3193 4543 3316 4597 οὔτε
3345 4543 3447 4598 τῶν
3489 4537 3662 4593 oricula-

461 4653 703 4713 paratam
743 4641 969 4696 alteram
1019 4641 1424 4696 conclusionem
1476 4639 1836 4708 comparavit.
1883 4639 2022 4692 Cum

460 4735 609 4788 enim
639 4749 766 4796 una,
799 4734 996 4802 inquit,
1028 4742 1082 4787 et
1111 4733 1383 4802 impartita
1413 4732 1636 4784 omnino
1667 4730 1762 4784 Dei
1788 4729 2026 4783 essentia

460 4836 566 4889 est,
599 4824 936 4878 diderentias
985 4824 1307 4878 essentialcs
1354 4839 1461 4876 non
1501 4822 1682 4874 habet.
1709 4819 2028 4876 Essentialis

457 4917 603 4970 enim
635 4915 942 4969 differentia
968 4923 1051 4968 est
1071 4955 1086 4977 ,
1115 4931 1218 4983 qua
1251 4913 1430 4967 dill‘ert
1458 4914 1685 4967 essentia
1734 4913 1803 4966 ab
1841 4927 2025 4966 esseu-

459 5011 552 5062 tia.
579 5009 642 5062 Et
665 5007 1031 5070 concluditur,
1071 5007 1252 5075 plures
1287 5006 1488 5060 formas
1519 5016 1572 5058 et
1613 5004 1876 5058 cssentias
1909 5002 2025 5056 ciii-

459 5117 585 5154 ccre
611 5099 921 5152 varietates.
945 5098 1327 5152 Verumtamen
1352 5099 1400 5150 ei
1425 5097 1762 5166 propesitum
1791 5096 1908 5157 fuit,
1934 5113 2020 5160 eo,

457 5192 603 5262 quod
638 5191 744 5244 sibi
775 5190 1049 5258 objectum
1081 5201 1220 5250 erat.
1249 5205 1309 5244 se
1345 5190 1580 5242 liberare
1613 5199 1670 5241 et
1704 5188 1924 5240 minime
1965 5188 2019 5240 in

455 5301 518 5338 ea
552 5299 673 5353 quae
701 5299 729 5336 a
759 5291 946 5337 sancto
973 5293 1164 5350 negata
1197 5291 1369 5344 erant,
1397 5280 1678 5341 incidisse,
1706 5279 2016 5332 ostendere.

455 5377 626 5445 Negat
663 5376 808 5428 enim
841 5374 1208 5426 Datnascenus
1235 5373 1524 5425 dicendum
1573 5387 1711 5433 esse,
1747 5369 2019 5436 composi-

455 5478 570 5519 tum
607 5467 776 5520 Deum
813 5479 932 5520 esse
972 5475 1026 5518 ct
1059 5463 1244 5517 multis
1277 5478 1340 5516 ac
1371 5463 1534 5515 variis
1569 5460 1866 5521 contineri,
1897 5475 2018 5528 quae

452 5564 613 5608 erant
647 5558 973 5618 increatum,
1005 5569 1294 5618 aeternum,
1317 5551 1686 5620 omnipotens,
1721 5551 2016 5616 inlinitum,

454 5660 576 5712 qum
627 5629 790 5716 354.
837 5647 1110 5700 Palamitae
1165 5647 1430 5702 multaet
1461 5643 1612 5696 varia
1663 5643 1902 5697 incrcata
1950 5645 2014 5696 ad

395 5793 404 5798 _
453 5737 620 5788 unam
655 5741 949 5792 incrcatatn
983 5747 1035 5791 et
1066 5737 1368 5806 simplicem
1397 5735 1690 5789 essentiam
1743 5735 2012 5792 referunt.

454 5825 576 5895 Ipse
613 5829 788 5884 nescit
816 5829 870 5886 in
909 5829 1016 5884 duo
1049 5833 1228 5901 inepta
1261 5846 1318 5886 se
1353 5829 1832 5904 incidere.ll‘lcquc
1865 5832 2010 5886 enim

2126 4652 2236 4714 δεις
2263 4649 2532 4718 διαφορὰς
2563 4647 2819 4715 ἑχόντων.
2862 4639 3132 4695 Ἐνταῦθα
3181 4635 3396 4704 λεγέτω
3455 4632 3536 4702 μοί
3587 4645 3658 4689 τις

2128 4745 2264 4814 πρὸς
2298 4740 2458 4804 Θεοῦ,
2482 4741 2637 4792 ποίου
2667 4737 2946 4808 σχήματος
2993 4735 3020 4786 ὀ
3047 4729 3293 4790 τοιοῦτος
3357 4727 3420 4780 ἂν
3457 4725 3536 4814 εἴη
3583 4736 3658 4814 cc-

2129 4830 2374 4900 ρατὼδης
2410 4825 2793 4894 συλλογισμὸς.
2834 4825 2945 4876 κάκ
2996 4820 3157 4882 ποίας
3199 4809 3657 4900 καινοφανοῦς-καί

2126 4895 2378 4986 νεήλυδος
2407 4916 2562 4988 ῥίζης
2591 4915 2777 4982 ἐξέφυ.
2837 4907 2970 4962 Εἶτα
3026 4909 3274 4986 ἐπήγαγε
3323 4905 3476 4973 ξένην
3521 4895 3656 4988 αὖθις

2127 4985 2220 5058 καί
2262 4985 2642 5057 ἁκατάσκευον
2677 4997 3028 5066 κατασκευὴν
3059 4985 3254 5065 ἐτέρου
3287 4991 3446 5058 δῆθεν
3489 4985 3656 5041 συλλου

2125 5095 2348 5164 γισμοῡ.
2404 5096 2558 5147 Ἐπεὶ
2591 5096 2720 5162 γὰρ,
2755 5091 2910 5160 φησὶ,
2947 5089 3045 5157 μία
3097 5089 3190 5140 καὶ
3219 5085 3431 5154 ἀμερὴς
3476 5077 3653 5132 παντά-

2125 5204 2292 5240 πασιν
2324 5188 2356 5254 ἡ
2390 5188 2484 5236 τοῦ
2519 5185 2651 5237 Θεοῦ
2681 5185 2859 5244 οὐσία,
2919 5181 3008 5234 διὰ
3054 5177 3214 5232 τοῦτο
3260 5173 3515 5244 διαφορὰς
3569 5169 3652 5222 οὐκ

2123 5282 2233 5350 ἔχει
2262 5279 2562 5340 οὐσιὼὃεις.
2597 5276 2884 5344 Οὑσιώδης
2916 5273 3023 5342 γάρ
3055 5273 3194 5334 ἐστι,
3236 5270 3395 5338 φησι,
3449 5264 3652 5332 διαφορὲι

2123 5373 2246 5427 καθ’
2280 5374 2344 5444 ἣν
2367 5371 2612 5439 διαφέρει
2673 5369 2829 5422 οὐσία
2869 5366 3080 5426 οὐσίας.
3133 5367 3244 5418 Καὶ
3291 5366 3354 5415 τὸ
3397 5359 3650 5429 συμπέραι

2125 5485 2239 5535 σμα
2263 5467 2346 5518 ὅτι
2379 5464 2518 5518 κατὰ
2546 5464 2808 5534 πλειόνων
2841 5461 2947 5532 ἄρα
2981 5459 3139 5512 εἱδῶν
3170 5459 3266 5511 καὶ
3299 5455 3494 5508 οὐσιῶν
3533 5450 3650 5535 εἰσιν

2124 5533 2178 5613 ai
2203 5555 2479 5624 διαφοραί.
2509 5555 2618 5606 Καὶ
2655 5533 2762 5624 μὴν
2785 5555 2846 5606 τὸ
2899 5551 3263 5622 προκείμενον
3311 5543 3379 5616 ἦν
3412 5539 3546 5610 αὐτῷ
3569 5533 3648 5590 τῡῦ

2122 5651 2556 5717 έπενηνεγμέ.ου
2627 5648 2818 5700 ἑαυτὸν
2869 5643 3250 5698 ἀπολύσασθαι
3313 5639 3645 5708 ἐγκλήματος,

2124 5741 2216 5794 καὶ
2247 5741 2419 5804 δεῖξαι
2447 5741 2671 5810 μηδαμῆ
2703 5742 2813 5802 τοῖς
2843 5739 2918 5809 τῷ
2941 5737 3081 5806 ἁγίῳ
3113 5734 3506 5803 περιπίπτοντα
3527 5725 3626 5788 ἀπη
3687 5760 3692 5764 -

2121 5834 2499 5902 γορευμένοις.
2539 5835 2905 5902 Ἀπαγορευει
2939 5829 3044 5900 γὰρ
3104 5833 3129 5880 ὀ
3186 5819 3532 5896 Δαμασκηνδς
3581 5812 3643 5884 μὴ
