3966 6558
292 394 397 459 3ιῖ

1247 400 1695 465 ΒῩΖΑΝΤΙΝᾸΞ
1734 402 2123 466 HISTORIA!
2164 409 2321 471 LIB.
2360 411 2582 471 XXXI.

3420 411 3526 478 314

288 512 473 580 λέγειν
494 510 639 570 εἶναι
663 515 921 572 σύνθετον
945 517 1006 572 τδ
1033 518 1213 586 Θεῖον,
1248 519 1372 591 μηδ’
1401 522 1466 577 ἐκ
1517 519 1727 574 πολλῶν
1754 519 1851 572 καλ⁸

1965 523 2021 576 ad
2055 524 2283 578 verbum
2314 525 2648 594 respondere
2668 524 2904 592 videtur,
2934 525 3029 582 sed
3053 525 3215 581 aliam
3245 525 3530 596 ingressus

288 600 566 672 διαφόρων
624 606 1008 674 συγκείμενον,
1064 607 1103 662 ἃ.
1156 605 1297 679 ἦσαν
1352 611 1416 663 τὸ
1474 609 1747 673 ἄκτιστον,
1791 607 1852 662 τὸ

287 690 552 762 ἄναρχον,
590 695 654 748 τὸ
706 696 1124 768 δημιουργικὸν,
1186 700 1249 753 τὸ
1276 700 1718 771 ἁπερίγραπτον,
1756 700 1852 754 καὶ

286 782 390 836 ὅσα
411 784 686 853 δήπουθεν
724 789 773 840 οί
800 789 945 858 ἀμφὶ
975 790 1068 842 τὸν
1116 791 1380 861 Παλαμᾶν
1425 792 1600 846 πολλά
1632 808 1692 844 τε
1754 791 1854 845 καὶ

289 873 530 943 διάφορα
560 876 629 928 τὰ
657 876 889 930 ἀκτιστα
923 879 1014 931 ἐπὶ
1037 882 1103 950 τῇ
1141 880 1277 950 μόνῃ
1311 881 1548 949 ἀκτίστῳ
1584 880 1676 934 καὶ
1703 881 1852 951 ἁπλῇ

293 966 727 1036 συναριθμοῦσιν
778 970 957 1041 οὐσίᾳ.
994 972 1061 1025 '0
1107 971 1166 1024 δὲ
1198 972 1419 1042 λέληθεν
1472 973 1665 1025 ἑαυτὸν
1710 973 1855 1027 δυοῖν

291 1060 649 1125 περιπίπτων
677 1061 919 1126 ἀτόποις.
975 1063 1114 1117 Οῦτε
1161 1063 1270 1134 γὰρ
1324 1063 1478 1117 οὐδέν
1528 1065 1666 1132 πρὸς
1724 1063 1856 1126 ἔπος

288 1150 440 1203 ἔοικε
466 1149 677 1220 λέγειν,
710 1154 827 1208 ἀλλ’
866 1155 1037 1226 ἀλλην
1087 1159 1305 1227 τρέχων
1357 1157 1525 1224 ἄλλην
1557 1156 1622 1228 Lf.
1670 1157 1772 1210 167
1803 1155 1855 1228 v]

287 1241 576 1310 ὲόἁδισεν,
604 1244 729 1298 οῦτε
783 1247 833 1299 εί
871 1247 1183 1315 ἀντιλέγειν
1238 1247 1514 1309 ἐϐούλετο,
1553 1247 1652 1310 τάς
1690 1247 1857 1316 ὁμόσε

289 1334 683 1405 προσηκούσας
756 1337 1056 1403 ἀντιθέσεις
1109 1340 1439 1408 ἐπήνεγκεν,
1510 1338 1626 1391 ἀλλ’
1671 1339 1859 1407 ὅμοιον

288 1432 441 1480 ποιεῖ
478 1429 670 1501 ὥσπερ
715 1431 782 1484 ἂν
815 1433 864 1484 εί
891 1431 990 1503 τὴν
1034 1432 1171 1505 πρὸς
1218 1432 1293 1487 ἕω
1336 1431 1446 1486 τῶν
1474 1449 1538 1485 τε
1586 1431 1859 1485 Αἰθιόπων

291 1520 389 1573 καὶ
415 1521 600 1573 Ἰνδῶν
658 1523 834 1576 είπεῖν
878 1522 1281 1593 ἀπαιτούμενος
1333 1524 1566 1593 οῐκησιν,
1634 1524 1665 1576 ό
1699 1522 1743 1576 δ’
1795 1525 1861 1576 ἐκ

286 1610 592 1677 διαμέτρου
624 1609 752 1672 τοὺς
790 1609 1086 1679 ἑσπερίους
1131 1611 1396 1680 ἐπειρᾶτο
1423 1612 1697 1665 δεικνύειν
1723 1611 1862 1665 Κελ-

288 1699 448 1762 τοὺς,
477 1699 574 1753 καὶ
604 1700 901 1753 *ὃπου-τάκ
926 1700 1207 1772 Βρετανῶν
1267 1702 1654 1770 προσοικοῦσιν
1707 1703 1860 1772 ἔθνη.

292 1789 411 1843 Ποῦ
444 1791 551 1860 γὰρ
590 1791 621 1859 ἢ
652 1790 945 1856 ἀκόλουθος
980 1794 1012 1862 ἢ
1046 1795 1322 1859 ἁντίθετος
1362 1796 1395 1866 ή
1446 1795 1601 1859 λύσις
1636 1794 1772 1865 πρὸς
1799 1795 1860 1848 τὸ

289 1880 587 1951 προτεθὲν,
615 1884 697 1936 ὅτι
721 1884 782 1934 τὸ
814 1885 879 1936 ἐκ
901 1883 1114 1938 πολλῶν
1165 1886 1262 1940 καὶ
1324 1886 1598 1959 διαφόρων
1643 1888 1863 1956 συγκεί-
1891 1870 1933 1925 Β

294 1986 467 2038 μενον
522 1970 776 2025 σύνθετόν
822 1974 995 2039 ἐστιν,
1029 1975 1096 2045 ῆν
1138 1975 1300 2039 αὐτὸς
1348 1977 1564 2045 ἐπάγει,
1606 1976 1749 2045 λέγω
1797 1977 1862 2048 δὴ

288 2064 396 2130 τὴν
424 2063 816 2119 ἀναπὸὃεικτον
851 2065 1128 2133 ἀπόδειξιν
1186 2068 1283 2121 καὶ
1328 2068 1427 2140 τήν
1484 2068 1865 2124 ἀκατάσκευον

291 2155 652 2225 κατασκευήν
704 2157 799 2210 καὶ⁵
834 2157 926 2211 τὸν
990 2158 1385 2228 ἀσυλλόγιστον
1477 2159 1863 2230 συλλογισμὸν,

295 2242 510 2312 μᾶλλον
539 2245 811 2316 δ’ἄμεσόν
859 2265 918 2302 τε
978 2250 1074 2303 καὶ
1122 2250 1522 2322 διεσπασμένον
1583 2252 1870 2323 συμπέρα-

296 2350 448 2403 σμα;
496 2337 648 2401 Ἐπε)
677 2339 808 2410 γὰρ,
835 2341 989 2411 φησὶ,
1029 2343 1128 2411 μία
1157 2342 1253 2396 καὶ
1288 2342 1506 2415 ἀμερής
1533 2344 1569 2409 ἡ
1589 2342 1683 2397 τοῦ
1730 2342 1867 2396 Θεοῦ

291 2427 486 2490 οὐσία,
511 2430 649 2483 κατὰ
677 2431 944 2487 πλειόνων
972 2433 1082 2505 ἄρα
1117 2434 1277 2488 εἰδῶν
1302 2437 1398 2490 καὶ
1420 2436 1622 2491 οὐσιῶν
1649 2437 1791 2491 εἰσιν
1809 2438 1866 2489 αι

291 2519 579 2591 διαφοραί.
604 2518 734 2594 'Ap’
755 2526 817 2578 ού
840 2528 1182 2598 Δημοκρίτου
1212 2529 1295 2582 δεῖ
1317 2529 1386 2583 τὰ
1436 2528 1683 2595 τοιαῦτα,
1720 2530 1865 2583 πάνυ

293 2611 572 2677 γελῶντος
594 2613 694 2686 τήν
716 2615 811 2670 τοῦ
843 2616 1037 2689 ἀνδρὸς
1090 2619 1352 2689 ἀμαθίαν,
1388 2621 1420 2691 ή
1459 2622 1663 2690 μᾶλλον
1696 2622 1869 2692 Ἥρα-

307 2702 530 2757 κλείτου
566 2704 892 2774 θρηνοῦντος
913 2709 1010 2779 τὴν
1030 2709 1199 2762 αὑτοῦ
1239 2728 1302 2778 γε
1331 2712 1626 2778 ἀπόνοιαν;
1658 2712 1870 2764 Τοσαύ-

304 2811 413 2864 της
445 2796 552 2864 γὰρ
578 2797 614 2851 ἃ
642 2796 791 2866 λέγει
821 2799 920 2868 τῆς
972 2798 1197 2868 ἀλογίας
1259 2802 1441 2872 γέμει,
1493 2803 1567 2865 ὡς
1621 2804 1756 2873 μήτε
1791 2803 1870 2874 τῷ

299 2886 519 2954 λέγοντι
546 2889 782 2954 ξυνιέντι
810 2890 948 2944 εἶναι
976 2885 1051 2946 ὧν
1076 2892 1249 2961 λέγει,
1288 2895 1430 2965 μήτε
1466 2897 1577 2958 τοῖς
1605 2894 1868 2950 ἀκούουσι

302 2978 569 3041 ξυνιείσιν
596 2979 671 3035 ῶν
696 2983 1012 3039 ἀκούουσιν.
1046 2985 1165 3038 Ἵνα
1188 2987 1302 3056 γὰρ
1337 2987 1504 3041 τᾶλλα
1532 2990 1659 3060 σιγῇ
1692 3006 1873 3059 παρα-

298 3072 624 3141 δράμωμεν,
657 3073 778 3129 τίνα
829 3079 1119 3132 κοινωνίαν
1174 3078 1413 3132 ἐνταῦθα
1458 3079 1575 3148 ἔχει
1619 3082 1691 3134 τά
1742 3081 1873 3135 νόθα

300 3162 464 3216 ταυτὶ
498 3166 594 3216 καὶ
639 3164 872 3237 διάφορα
921 3168 1031 3221 τῶν
1092 3169 1258 3223 αὐτοῦ
1311 3173 1632 3242 προτάσεων
1679 3172 1866 3243 ἀμαθῆ

304 3257 758 3327 συμπεράσματα
786 3259 924 3327 πρὸς
972 3262 1069 3323 τὰς
1112 3246 1474 3331 προτεθείσας
1526 3265 1712 3333 ῥήσεις
1772 3265 1868 3318 τοῦ

302 3344 499 3413 ἀγίου;
542 3346 605 3400 Ὀ
630 3348 677 3401 δ’
705 3349 921 3413 ὲκείνας
950 3351 1283 3423 ζητούμενος
1315 3356 1475 3407 ταυτὶ
1500 3356 1860 3425 συνεπέρανε,

302 3439 827 3510 παραπαιδαγωγῶν
864 3444 961 3497 καὶ
989 3443 1392 3516 μεθαρμόττων
1416 3447 1633 3511 ἀσεϐῶς
1671 3449 1752 3510 είς
1779 3449 1871 3513 τὸν

305 3525 508 3579 οἰκεῖον
558 3525 657 3595 τῆς
715 3529 953 3596 ἀμαθίας
981 3531 1250 3602 κρημνόν.
1306 3531 1482 3586 Βαὸαὶ
1524 3533 1624 3602 τῆς
1677 3536 1873 3603 καινῆς

306 3620 619 3688 ἐπιστήμης
645 3619 741 3671 καὶ
755 3620 854 3691 τῆς
880 3638 944 3689 γε
968 3622 1076 3676 τῶν
1099 3625 1313 3697 φρενῶν
1343 3626 1669 3699 λεπτότητος
1692 3631 1706 3683 l
1737 3630 1873 3683 Καί-

230 3715 241 3725 ·
304 3726 388 3761 τοι
411 3711 458 3760 εί
498 3710 806 3781 ἀντιλέγειν
839 3712 1096 3770 ἐϐούλετο
1130 3716 1407 3790 ἄντικρυς,
1436 3720 1873 3791 φιλονεικότερον

312 3798 411 3866 μὶν
446 3798 601 3865 ἴσως,
636 3800 1068 3874 ὲλλογιμὼτερᾳν
1098 3804 1144 3858 δ’
1172 3801 1288 3872 οὖν,
1319 3809 1369 3860 εί
1416 3809 1511 3862 καὶ
1565 3810 1643 3880 μὴ
1669 3810 1869 3878 ὀρθῶς,

308 3884 459 3942 εἶπεν
488 3890 555 3944 ἂν
589 3890 684 3944 καὶ
705 3892 868 3956 αὐτὸς
893 3893 928 3948 ἂ
957 3894 1219 3958 πολλάκις
1255 3897 1389 3953 ἔνιοι
1432 3901 1531 3970 τῆς
1562 3899 1627 3972 [ί.
1663 3902 1763 3957 168
1793 3901 1870 3976 r.]

313 3983 591 4052 μοχθηρᾶς
622 3984 787 4039 αὐτοῦ
826 3988 1061 4057 φατρίας
1115 3989 1444 4058 προῦτειναν
1478 3995 1556 4057 είς
1596 3995 1873 4049 ἀντίθεσιν

312 4076 538 4145 ῥήματα
562 4075 655 4128 τοῦ
686 4077 842 4144 ἁγίου
870 4079 1039 4134 αὐτοῦ
1067 4082 1211 4135 κατὰ
1248 4083 1357 4136 τῶν
1390 4084 1558 4139 αὐτοῦ
1615 4084 1873 4159 (δεδόχθω

310 4168 420 4238 γὰρ
444 4168 530 4231 ἂν,
561 4161 643 4231 οἷς
662 4168 942 4233 ἀσυνέτως
972 4172 1217 4240 μετιέναι
1259 4172 1463 4233 ἔπεισι.
1512 4175 1684 4230 ταῦτα
1723 4179 1874 4230 ἀντί-

313 4258 455 4311 παλα
498 4254 640 4310 εἶναι
670 4258 921 4329 ἀλλήλοις
969 4259 1219 4333 ἄλληλα),
1262 4263 1449 4317 ὲκεϊνα
1506 4265 1571 4336 δή
1603 4283 1748 4336 φημι
1804 4267 1873 4321 τὰ

316 4350 443 4418 περὶ
471 4349 581 4400 τῶν
626 4347 722 4401 τοῦ
762 4349 999 4420 Χριστοῦ
1051 4350 1145 4405 δύο
1200 4354 1417 4423 φύσεων
1470 4355 1549 4424 τῷ
1600 4358 1740 4429 ἁγίῳ
1786 4359 1875 4413 λε-

313 4444 528 4513 χθέντα.
555 4444 692 4500 Τίνα
715 4444 779 4514 δή
806 4444 1016 4512 ταῦτα;
1054 4447 1293 4501 Ἀνωθεν
1325 4450 1435 4522 γὰρ
1456 4450 1766 4521 ἀρξάμενος
1779 4455 1876 4511 καὶ

1950 615 2096 669 viam
2132 615 2295 669 aliam
2326 616 2601 685 sequitur,
2627 632 2729 671 nec
2750 617 2796 672 si
2826 630 3013 671 contra
3037 618 3217 672 dicere
3247 618 3403 681 velit,
3427 634 3531 688 op-

1953 708 2256 777 positiones
2285 708 2352 762 ad
2390 723 2505 763 rem
2553 709 2800 764 eamdem
2836 710 3173 778 pertinentes
3215 709 3394 771 aﬂ‘ert,
3431 709 3527 763 sed

1955 799 2134 854 simile
2154 799 2286 855 facit
2316 817 2379 856 ac
2399 802 2443 855 si
2469 802 2532 856 ad
2560 802 2826 858 orientem
2852 801 3172 870 Ethiopum
3195 812 3249 856 et
3271 801 3528 855 ludorum

1953 905 2207 962 quaerens
2232 892 2644 960 habitationem,
2670 894 2835 963 ipsee
2859 894 3131 947 contrario
3156 893 3530 948 occidentales

1906 1045 1913 1051 ι
1956 982 2116 1036 vellet
2159 985 2450 1038 ostendere
2482 983 2662 1037 Celtas
2682 992 2734 1037 et
2764 996 2886 1051 qua;
2913 981 3248 1035 Britanniam
3272 981 3528 1034 incolunt

1954 1082 2165 1141 gentes.
2201 1072 2488 1139 Quomodo
2513 1075 2660 1128 enim
2699 1081 2791 1127 aut
2823 1086 3165 1142 consequens
3193 1077 3281 1126 est
3309 1082 3405 1125 aut
3433 1086 3531 1138 op-

1955 1165 2132 1235 posita
2165 1166 2369 1220 solutio
2394 1167 2473 1221 ad
2508 1167 2869 1235 propositum.
2893 1166 3035 1234 quod
3067 1165 3254 1218 multis
3278 1173 3334 1218 et
3363 1165 3531 1217 variis

1955 1257 2324 1317 contineatur,
2358 1257 2411 1311 id
2445 1272 2565 1312 esse
2600 1256 2983 1326 compositum,
3007 1256 3151 1324 quod
3187 1255 3304 1323 ipse
3343 1252 3529 1314 all'ert,

1957 1347 2082 1401 dico
2105 1348 2632 1417 argumentationem
2658 1347 2805 1403 illam
2835 1347 2955 1401 sine
2984 1355 3329 1416 argumento.
3355 1352 3528 1397 artem

1957 1439 2076 1493 sine
2101 1450 2240 1502 arte,
2265 1439 2641 1492 irrationalem
2672 1438 3171 1496 ratiocinationem.
3203 1436 3322 1489 sine
3348 1433 3532 1488 medio

1957 1538 2015 1583 et
2042 1529 2431 1600 conjunctione
2462 1529 2905 1583 conclusionem?
2932 1527 3069 1582 Cum
3097 1528 3243 1580 enim
3277 1541 3382 1578 una
3405 1564 3419 1585 ,
3450 1527 3534 1577 in-

1959 1620 2118 1688 quit,
2151 1629 2207 1674 et
2251 1620 2487 1675 indivisa
2552 1631 2636 1675 est
2667 1606 2773 1676 'Dei
2831 1622 3092 1683 essentia,
3134 1619 3322 1688 plures
3367 1616 3533 1686 igitur

1960 1712 2148 1766 formae
2179 1721 2236 1767 et
2267 1715 2519 1768 essentia:
2563 1713 2803 1768 elliciunt
2834 1713 3147 1766 varietates.
3186 1710 3376 1764 Nonne
3406 1708 3534 1761 talia

1962 1803 2121 1873 digna
2142 1803 2448 1864 Democrito
2469 1803 2561 1872 qui
2587 1804 2877 1858 cavillatur
2894 1801 3535 1871 hominisignorantiam,

1964 1902 2060 1948 aut
2103 1895 2287 1964 potius
2317 1895 2613 1959 Heraclito,
2649 1895 2741 1963 qui
2769 1897 2887 1965 ejus
2920 1894 3218 1948 amentiam
3250 1889 3538 1961 deplorat?

1963 1985 2116 2041 Adeo
2145 1986 2291 2040 enim
2332 2002 2392 2039 ea
2425 2002 2546 2055 quae
2574 1986 2818 2054 loquitur
2861 1986 3109 2041 stultitim
3151 1985 3310 2052 plena
3362 1969 3492 2035 sunt
3517 2019 3535 2043 ,

1972 2089 2033 2133 ut
2069 2092 2170 2133 nec
2197 2078 2290 2146 qui
2339 2078 2584 2146 loquitur
2634 2077 2902 2147 intelligat
2949 2093 3070 2145 qua:
3116 2076 3383 2144 loquitur,
3438 2087 3537 2126 nec

1964 2171 2056 2240 qui
2085 2171 2312 2225 audiunt
2345 2170 2652 2240 intelligant
2680 2185 2802 2240 quae
2828 2170 3073 2224 audiant.
3100 2168 3232 2222 Nam
3259 2174 3534 2220 utcmtera
3603 2216 3612 2224 ,

1966 2263 2188 2317 silentio
2219 2271 2641 2334 praetereamus,
2675 2262 2891 2330 qualem
2940 2257 3382 2329 coniunctionem
3431 2256 3533 2307 ba-

1966 2354 2100 2408 bent
2147 2353 2280 2406 l’alsa
2312 2361 2368 2406 et
2397 2352 2764 2420 discrepantia
2796 2353 2918 2420 ejus
2952 2347 3392 2420 propositionum
3444 2346 3535 2399 in-

1967 2448 2127 2503 docte
2154 2446 2410 2501 conclusa
2430 2446 2494 2499 ad
2528 2443 2686 2514 355
2704 2441 3110 2512 proposita.viri
3133 2439 3302 2494 sancti
3327 2438 3492 2492 verba
3515 2436 3539 2490 ’ί

1966 2538 2092 2592 Illas
2126 2537 2273 2591 enim
2305 2537 2641 2606 quaesiturus
2670 2536 2785 2589 haec
2824 2534 2988 2602 impie
3020 2533 3077 2587 iu
3118 2533 3355 2600 propriae
3386 2530 3541 2598 igno.

1970 2628 2159 2683 rentia:
2190 2628 2501 2698 voraginem
2545 2627 2766 2683 seduxit
2798 2626 3231 2693 transvexitque.
3259 2623 3304 2677 0
3339 2635 3537 2675 novam

1969 2720 2277 2776 doctrinam
2309 2728 2366 2773 et
2412 2719 2615 2789 ingenii
2646 2717 3039 2773 acrimoniam!
3073 2714 3238 2783 Atqui
3266 2712 3311 2768 si
3340 2719 3539 2766 contra

1968 2812 2141 2868 voluit
2159 2813 2364 2877 dicere,
2386 2810 2524 2867 forte
2545 2810 2832 2880 litigiosius
2857 2808 3101 2878 quidem,
3122 2815 3180 2860 at
3204 2804 3417 2860 doctius
3434 2801 3539 2857 etsi

1971 2922 2082 2961 non
2103 2915 2273 2969 recte,
2294 2903 2521 2957 dixisset
2544 2919 2666 2972 quae
2687 2915 2829 2970 saape
2861 2899 3110 2953 nonnulli
3141 2896 3402 2965 improba
3428 2908 3541 2948 sua:

1971 2996 2151 3067 gentis
2177 2995 2232 3049 in
2260 2994 2661 3064 oppositionem
2692 2991 3043 3061 protulerunt
3068 2990 3183 3057 ipsa
3210 2986 3385 3042 sancti
3418 2998 3542 3039 vor-

1973 3088 2061 3150 ba,
2089 3088 2253 3157 (quin.
2291 3087 2337 3141 si
2368 3086 2496 3155 quis
2538 3083 2915 3153 imprudenter
2946 3081 3101 3150 sequi
3136 3079 3301 3142 volet,
3329 3077 3538 3133 utinam

1895 3205 1938 3263 ο
1972 3176 2115 3231 inter
2130 3190 2249 3231 sese
2273 3190 2516 3244 pugnare
2535 3171 2877 3243 videantur!)
2900 3172 3024 3227 dico
3037 3186 3098 3226 ea
3111 3187 3233 3239 quze
3246 3170 3315 3224 de
3331 3166 3538 3222 Christi

1971 3267 2187 3320 duabus
2217 3266 2427 3319 naturis
2453 3264 2598 3319 dicta
2637 3280 2667 3319 a
2698 3274 2889 3317 sancto
2935 3269 3082 3317 sunt.
3115 3259 3373 3327 Quaenam
3407 3255 3540 3310 illa?

1970 3356 2104 3412 Inde
2129 3357 2199 3412 ab
2232 3357 2391 3412 initio
2422 3356 2711 3425 incipiens,
2739 3354 2992 3409 oratione
3030 3351 3208 3407 doctis
3228 3359 3282 3403 et
3322 3348 3540 3416 religio.

1972 3448 2049 3504 sis
2093 3446 2657 3517 argumentationibus
2698 3446 2908 3500 intenta
2944 3443 3103 3498 divus
3145 3442 3384 3497 Joannes
3431 3439 3539 3492 Dav

1970 3553 2261 3594 mascenus
2288 3556 2303 3593 :
2338 3556 2355 3589 ι
2389 3538 2717 3593 Naturarum
2735 3537 2990 3601 duarum,
3014 3533 3213 3604 inquit,
3237 3532 3305 3586 ad
3334 3533 3540 3585 verita-

1975 3641 2083 3690 tem
2122 3630 2267 3684 iuter
2294 3643 2353 3685 se
2396 3629 2449 3682 in
2482 3643 2645 3682 unam
2690 3626 2814 3680 Filii
2852 3626 2949 3681 Dei
2982 3639 3273 3696 personam
3307 3624 3541 3692 conjun-

1973 3729 2184 3774 clarum
2210 3732 2428 3772 manere
2472 3716 2818 3772 essentialem
2848 3713 3213 3770 dill'erentiam
3251 3711 3545 3768 constitui-

1972 3826 2115 3866 mus.
2134 3810 2268 3864 Nam
2288 3818 2532 3865 creatum
2557 3809 2757 3863 mansit
2785 3815 3053 3871 creatura,
3077 3807 3381 3861 iucreatum
3406 3818 3549 3856 vero

1974 3902 2298 3966 increatum,
2327 3892 2554 3956 mortale
2590 3900 2788 3956 mansit
2806 3899 3055 3963 mortale,
3079 3896 3383 3952 immortale
3408 3909 3547 3949 vero

1975 3994 2312 4055 immortale,
2352 3992 2565 4047 [initum
2596 3991 2813 4045 ﬁnitum
2840 4030 2855 4055 ,
2898 3990 3174 4043 inﬁnitum
3220 3987 3495 4042 inﬁnitum
3521 4027 3546 4052 ,

1977 4085 2191 4139 visibile
2222 4083 2437 4137 visibile
2462 4122 2477 4147 ,
2514 4081 2794 4137 invisibile
2846 4079 3144 4134 invisibile.
3181 4097 3202 4130 ι
3256 4078 3322 4132 Ει
3349 4078 3548 4146 paucis

1975 4176 2301 4246 interjectis,
2324 4193 2342 4225 ι
2373 4172 2586 4229 Scimus
2607 4171 2953 4235 enim,dixit,
2971 4171 3115 4240 quod
3166 4177 3227 4224 ut
3284 4183 3392 4223 una
3418 4166 3542 4237 ejus

1975 4280 2230 4337 persona.
2290 4265 2365 4320 ita
2409 4261 2715 4318 essentialis
2767 4262 2930 4317 etiam
2982 4270 3306 4316 naturarum
3360 4257 3540 4312 varie-

1978 4369 2059 4415 tas
2114 4365 2319 4412 manet.
2351 4373 2371 4406 ι
2408 4351 2692 4422 Quomodo
2756 4360 2940 4407 autem
3008 4359 3225 4406 maneat
3299 4349 3545 4411 varietas

1970 4465 2087 4507 non
2119 4447 2468 4504 manentibus
2506 4446 2573 4501 iis
2596 4461 2718 4516 quae
2764 4445 3083 4511 varietatem
3121 4441 3286 4512 356
3313 4440 3454 4496 inter
3481 4453 3546 4494 se

311 4534 638 4601 ἀποδείξεων
660 4537 1103 4607 ὲπιστημονικῶν
1132 4539 1227 4593 καὶ
1267 4540 1589 4613 θεοπρεπῶν
1627 4546 1719 4599 τὸν
1771 4547 1861 4601 λό-

1965 4541 2205 4598 habent?
2236 4539 2419 4605 Vides,
2457 4547 2516 4593 ut
2543 4538 2702 4593 divus
2725 4537 2963 4591 Joannes
2997 4535 3365 4588 Damascenus
3403 4530 3549 4585 nihil

312 4643 409 4695 γον
447 4626 819 4697 ἔμπεπληκὼς
843 4629 873 4682 ό
892 4629 1031 4694 θεῖος
1059 4633 1267 4697 ἐκεῖνος
1289 4636 1653 4710 Δαμασκηνὸς
1691 4641 1876 4697 Ἰωάν-

313 4731 409 4785 νης
444 4711 546 4783 (l),
571 4731 590 4764 ι
626 4711 742 4768 Εἶθ’
765 4713 1093 4785 ἐνωθεισῶν,
1125 4736 1144 4770 ι
1180 4721 1369 4792 φησιν,
1396 4739 1415 4773 ι
1442 4723 1708 4795 ἀλλήλαις
1733 4731 1874 4784 κατὰ

312 4804 576 4877 ἀλήθειαν
598 4806 704 4859 τῶν
727 4806 821 4860 δύο
851 4807 1068 4875 φύσεων
1094 4811 1174 4874 εἰς
1240 4813 1373 4881 μίαν
1432 4813 1732 4870 ὑπόστασιν
1777 4817 1876 4871 τοῦ

315 4896 448 4951 Υῐοῦ
469 4895 564 4950 τοῦ
601 4896 760 4963 Θεοῦ,
789 4900 1058 4965 σώζεσθαι
1088 4903 1269 4958 αὐτῶν
1322 4905 1421 4976 τὴν
1467 4906 1703 4978 οὐσιὼδη
1756 4908 1875 4962 δια-

315 4986 494 5056 φορὰν
519 4988 839 5059 ὁριζόμεθα.
873 4990 947 5045 Τὸ
977 4993 1083 5063 γὰρ
1136 4996 1354 5048 κτιστδν
1400 4996 1682 5068 μεμένηκε
1749 5017 1876 5055 κτι-

317 5078 439 5130 στδν
466 5080 563 5131 καὶ
584 5079 644 5131 τὸ
670 5080 925 5133 ἄκτιστον
954 5081 1232 5149 ἄκτιστον,
1262 5090 1355 5138 καὶ
1383 5087 1443 5140 τὸ
1468 5087 1660 5158 θνητὸν
1685 5088 1876 5159 ἔμεινε

317 5168 512 5235 θνητὸν
543 5173 636 5222 καὶ
667 5171 726 5224 τὸ
764 5172 1038 5227 ἀθάνατον
1064 5173 1359 5241 ἀθάνατον,
1390 5180 1487 5231 καὶ¹
1519 5180 1580 5233 τὸ
1610 5199 1881 5253 περιγρα-

317 5258 450 5310 πτδν
476 5261 851 5331 περιγραπτδν
874 5265 969 5317 καὶ
999 5266 1060 5317 τὸ
1111 5265 1527 5339 ἀπερίγραπτον
1572 5274 1880 5344 ἀπερίγρα-

319 5364 478 5415 πτον,
513 5351 609 5403 καὶ
633 5352 695 5404 τὸ
729 5352 923 5423 ὁρατὸν
960 5355 1156 5425 ὁρατὸν
1187 5359 1281 5410 καλ⁸
1312 5358 1376 5410 τὸ
1418 5360 1648 5430 ἀόρατον
1708 5365 1879 5434 ἀόρα-

316 5456 429 5494 τον.
469 5459 490 5492 ι
548 5443 661 5495 Καὶ
700 5443 818 5513 μετ’
873 5445 1053 5514 όλίγα,
1120 5465 1139 5498 ι
1183 5450 1373 5519 ἰσμεν
1425 5451 1557 5520 γὰρ,
1598 5471 1619 5504 ι
1686 5457 1874 5527 φησιν,

326 5545 345 5581 ι
368 5530 560 5604 ῶσπερ
589 5536 721 5605 μίαν
746 5537 912 5591 αὐτοῦ
940 5539 1036 5609 τὴν
1071 5540 1396 5604 ὑπόστασιν,
1449 5542 1591 5597 οὕτω
1628 5548 1721 5598 καὶ
1777 5547 1876 5613 τὴν

318 5621 425 5675 τῶν
470 5624 686 5695 φύσεων
719 5628 955 5702 οὐσιὼδη
1005 5632 1272 5702 διαφορὰν
1318 5634 1608 5700 σώζεσθαι.
1669 5655 1687 5689 ι
1752 5637 1874 5701 Πῶς

1974 4646 2200 4704 prorsus
2243 4630 2462 4701 quidem
2542 4628 2823 4684 contendit
2878 4642 3070 4681 eorum
3124 4639 3246 4694 qua:
3276 4637 3425 4677 nunc
3488 4623 3551 4675 in

1975 4739 2101 4779 eum
2135 4719 2522 4787 conferuntur?
2552 4720 2803 4773 Proiecto
2842 4717 2997 4772 enim
3046 4715 3169 4785 ipse
3215 4728 3403 4768 secum
3440 4727 3546 4781 pu»

1974 4824 2200 4885 gnaret;
2240 4812 2339 4867 sed
2386 4811 2453 4864 iis
2489 4812 2586 4880 qui
2630 4811 2831 4865 talibus
2865 4806 3226 4862 varietatibus
3263 4802 3543 4859 contineri

1976 4906 2219 4961 divinam
2250 4903 2547 4959 essentiam
2578 4901 2772 4957 dicunt
2802 4900 2993 4971 objicit
3025 4909 3081 4953 et
3123 4904 3427 4968 repugnat,
3473 4909 3551 4951 ne

1975 4997 2304 5054 essentiales
2336 4996 2392 5049 in
2423 4995 2532 5050 Deo
2566 4995 2860 5048 varietates
2889 5007 3008 5048 esse
3041 4992 3250 5052 dicant,
3299 5002 3421 5057 qua:
3447 5001 3542 5041 es-

1977 5089 2205 5144 sentiam
2236 5088 2501 5152 elliciant,
2524 5096 2583 5140 ut
2615 5085 2674 5139 in
2705 5085 2882 5147 nobis,
2906 5082 3001 5136 sed
3027 5097 3149 5151 quae
3173 5097 3204 5134 a
3232 5079 3434 5135 creatis
3455 5091 3547 5131 es.

1977 5180 2170 5235 sentiis
2201 5179 2561 5248 distinguant,
2603 5176 2796 5231 Divina
2839 5174 2986 5228 enim
3031 5172 3269 5227 essentia
3294 5210 3310 5234 ,
3341 5184 3449 5224 una
3487 5176 3548 5223 et

1976 5270 2214 5339 simplex
2241 5310 2256 5335 ,
2292 5268 2471 5322 omnis
2515 5276 2572 5321 et
2602 5264 2931 5321 omnimoda:
2963 5264 3243 5317 varietatis
3293 5259 3545 5329 imparti-

1974 5375 2102 5429 ceps
2136 5366 2240 5413 est.
2278 5356 2412 5411 Nam
2442 5354 2675 5409 varietas
2697 5367 2815 5422 qua
2840 5349 3342 5406 dissimilitudinem
3376 5344 3551 5399 habet

1975 5461 2169 5504 natura
2194 5448 2412 5511 factam,
2449 5444 2717 5516 pluralem
2747 5444 2930 5498 statim
2966 5454 3256 5495 numerum
3289 5436 3551 5491 involvit.

1973 5542 2078 5599 Ubi
2100 5554 2364 5599 numerus
2382 5548 2438 5593 et
2462 5536 2761 5593 multitudo
2776 5545 2880 5600 est,
2904 5535 3080 5588 unica:
3106 5528 3441 5603 simplicitati
3463 5527 3547 5582 lo-

1973 5649 2072 5689 cus
2108 5633 2292 5688 nullus
2326 5629 2651 5687 est.Eodem
2679 5627 2841 5684 modo
2865 5627 3032 5684 etiam
3065 5625 3126 5681 ι).
3143 5622 3412 5679 Maximus
3434 5620 3544 5676 im-

386 5806 469 5881 (ι)
512 5810 877 5884 Δαμασκηνοῦ
909 5817 970 5869 ἐκ
1000 5813 1093 5871 τοῦ
1128 5817 1251 5885 περὶ
1300 5813 1403 5866 τῶν
1435 5813 1480 5884 β’
1504 5814 1716 5882 φύσεων
1749 5812 1841 5867 τοῦ
1871 5812 2134 5885 Χριστοῦ.
