3856 6612
389 415 500 480 315
1591 423 1965 486 NICEPHOI

2072 428 2448 492 BREGORAE
3529 438 3619 502 3l6

389 525 658 596 partitum
691 527 864 584 Deum
895 527 1029 584 dicit
1060 540 1116 586 et
1152 529 1450 588 inﬁnitum.
1480 532 1545 587 Et
1571 534 1705 592 alias
1737 551 1751 590 :
1781 536 1965 591 Omnis

2073 537 2130 591 δέ
2160 539 2357 610 σωθείη
2381 540 2634 609 διαφορὰ,
2672 539 2744 614 μὴ
2771 541 3097 610 σωζομένων
3114 543 3224 597 τῶν
3247 561 3340 612 την
3370 545 3620 618 διαφοράν

387 618 628 674 varietas
671 636 792 690 quze
822 636 1005 679 rerum
1041 624 1184 682 inter
1217 640 1276 680 se
1311 624 1737 696 discrepantiam
1767 637 1823 682 et
1858 627 1973 681 dis-

390 709 813 767 similitudinem
838 714 905 769 ad
930 715 1217 784 qualitatis
1239 717 1505 772 rationem
1533 719 1770 786 explicat
1792 734 1972 788 quam

393 806 610 859 titatem
649 821 832 861 rerum
866 808 1220 863 dissimilium
1258 823 1444 864 secum
1476 808 1708 872 inducit.
1736 810 1853 864 sive
1881 825 1973 864 es.

391 897 698 954 sentiarum
727 896 843 953 sive
877 899 1227 968 qualitatum,
1257 900 1371 956 sive
1401 901 1816 970 proprietatum.
1843 901 1976 968 Quae

389 988 536 1041 enim
583 1005 691 1044 non
737 992 965 1047 omnino
1003 991 1193 1048 eadem
1231 992 1377 1051 inter
1419 1009 1479 1048 se
1529 1003 1678 1057 sunt,
1712 1010 1878 1048 unam
1909 1003 1966 1050 et

390 1077 637 1132 eamdem
661 1081 915 1136 essentia:
938 1084 1206 1144 rationem
1231 1099 1336 1140 non
1359 1083 1812 1154 admittunt,quse
1835 1101 1965 1142 vero

393 1167 539 1223 inter
569 1185 627 1226 se
663 1171 878 1238 eadem,
913 1174 1198 1230 varietatis
1229 1176 1597 1245 imparticipia
1644 1187 1791 1233 sunt.
1828 1178 1963 1238 Nam

2046 628 2304 697 ’ἐχόντων
2329 631 2465 699 πρὸς
2504 631 2747 700 ἀλλήλας
2805 632 2969 702 Ὀρᾷς
3010 632 3089 696 ὡς
3144 634 3245 686 οὐκ
3296 636 3621 706 ἀπαγορεύει

2081 721 2341 791 Ἰωάννης
2368 723 2396 774 ὁ
2426 722 2569 785 θεῖος
2596 724 2657 775 ἐκ
2687 723 2982 791 Δαμασκοῦ
3039 724 3150 776 οὐδ’
3173 727 3290 778 ἐκεῖ
3328 727 3455 779 κατ’
3483 729 3619 782 οὐδὲν

2071 811 2132 862 τὸ
2169 811 2431 881 παράπαν
2456 809 2492 864 ἃ.
2519 810 2613 865 νῦν
2642 815 2731 864 ἐπὶ
2754 813 2911 867 τοῦδε
2969 814 3320 880 συντίθεται;
3368 811 3405 886 ἧ
3433 817 3539 887 γὰρ
3564 820 3620 874 ἂν

2069 897 2139 972 ἦν
2167 902 2330 966 αὐτὸς
2355 903 2538 972 ἐαυτῳ
2568 905 2903 972 μαχόμενος.
2957 905 3117 958 Ἀλλὰ
3149 907 3263 969 τοῖς
3302 909 3361 959 ἐκ
3386 907 3499 959 τῶν
3522 927 3620 961 τοι-

2071 994 2246 1047 ούτων
2270 993 2545 1065 διαφορῶν
2609 995 2928 1058 συγκεῖσθαι
2983 995 3082 1064 τὴν
3123 996 3276 1050 θείαν
3334 997 3622 1066 φάσκουσιν

2071 1084 2260 1136 οὐσίαν
2287 1085 2536 1156 ἐπιτιμᾷ,
2564 1088 2658 1138 καὶ
2689 1088 2948 1140 ἀνασοσεῖ
2988 1089 3063 1160 μὴ
3115 1089 3298 1157 λέγειν
3359 1090 3623 1152 οὐσιῶδεις

2071 1175 2338 1243 διαφορὰς
2383 1177 2476 1229 ἐπὶ
2513 1177 2671 1242 Θεοῦ,
2711 1178 2770 1231 αἳ
2818 1181 2920 1250 τὴν
2964 1179 3153 1234 οὐσίαν
3210 1181 3515 1234 συντιθέναι
3547 1183 3625 1233 λέ-

392 1274 518 1314 cum
553 1263 856 1332 simplicem
885 1274 1043 1323 antea
1063 1265 1199 1321 dixit
1227 1266 1416 1332 Deum,
1448 1267 1576 1322 dein
1603 1269 1837 1338 simplex
1867 1285 1965 1325 va-

2072 1283 2252 1335 γονται
2276 1267 2350 1329 ὡς
2381 1267 2466 1336 ἐφ’
2521 1271 2676 1341 ήμῐν,
2709 1271 2828 1325 ἀλλ’
2859 1272 2916 1325 αϊ
2965 1274 3376 1326 διαστέλλουσιν
3413 1275 3476 1326 ἐκ
3530 1275 3625 1326 τῶν

393 1350 608 1407 rietatis
636 1369 757 1409 esse
785 1356 1006 1412 omnino
1031 1358 1382 1428 im‘partlceps
1410 1358 1566 1413 dixit.
1593 1358 1720 1415 ldeo
1746 1360 1965 1416 omnino

2072 1358 2303 1412 κτιστῶν
2345 1359 2563 1415 οὐσιῶν.
2609 1363 2682 1414 Τὸ
2717 1363 2827 1432 γὰρ
2867 1365 2968 1432 τῆς
3008 1365 3162 1428 θείας
3196 1365 3387 1428 οὐσίας
3432 1367 3622 1419 ένιαῖον

393 1441 500 1496 sibi
555 1444 699 1500 idem
750 1446 911 1517 357
963 1457 1018 1505 et
1075 1450 1296 1507 unicum
1322 1458 1380 1505 et
1423 1459 1716 1514 constans,
1771 1451 1965 1520 quippe

2072 1450 2382 1504 παντάπασι
2425 1453 2522 1506 καὶ
2555 1453 2764 1508 ἁπλοῦν
2794 1454 2857 1527 [ί.
2890 1455 2990 1511 168
3021 1455 3100 1528 υ.]
3134 1458 3317 1526 πάσης
3358 1459 3452 1509 καὶ
3502 1475 3627 1509 παν.

393 1536 718 1603 quantitatis
748 1554 924 1607 genus
955 1556 1061 1595 non
1095 1542 1326 1607 habens,
1359 1557 1487 1614 ergo
1519 1543 1680 1612 plane
1719 1558 1830 1598 non
1872 1559 1965 1598 nu-

2072 1543 2222 1605 τοίας
2251 1543 2430 1613 πάντη
2453 1544 2721 1616 διαφορᾶς
2745 1548 3116 1603 ἀνεπίδεκτον.
3157 1549 3222 1602 Ἦ
3265 1550 3377 1620 γὰρ
3409 1550 3627 1619 διαφορὰ

394 1628 658 1684 merabile
688 1645 792 1686 nec
822 1630 1163 1690 dissolubile.

2072 1635 2321 1705 φυσικῶς
2348 1636 2623 1706 ἑπομένην
2654 1638 2854 1708 ἔχουσα
2885 1641 2983 1711 τήν
3040 1623 3360 1710 ἑτερότητα,
3403 1642 3626 1710 πληθυν-

393 1723 544 1773 τικζν
566 1723 730 1789 εὐθὺς
757 1726 990 1794 ἀριθμὸν
1016 1728 1362 1795 συνεισάγει·
1387 1727 1542 1781 ὅπου·
1579 1727 1627 1784 δ’
1685 1727 1919 1799 ἀριθμὸς
1937 1730 2034 1781 καὶ
2078 1727 2305 1798 πλῆθος,
2351 1729 2588 1802 ἁπλότης
2641 1728 2783 1786 εἶναι
2818 1733 2878 1786 οὐ
2931 1736 3304 1805 συγχωρεϊται
3339 1733 3622 1804 μοναδιγή·

393 1815 652 1886 καθάπερ
677 1821 770 1872 καὶ
793 1821 824 1872 ὁ
857 1819 998 1883 θεῖος
1027 1821 1281 1890 Μάξιμος
1307 1821 1512 1892 ἀμερές
1542 1838 1678 1891 φησι
1706 1821 1769 1873 τὸ
1795 1821 1971 1884 Θεῖον,
2013 1821 2154 1874 διότι
2190 1821 2288 1874 καὶ
2324 1822 2549 1877 ᾶποσον.
2591 1823 2701 1877 Καὶ
2768 1825 2951 1890 πάλιν,
3001 1827 3178 1890 Πᾶσα,
3212 1829 3369 1898 φησὶ,
3414 1826 3630 1893 διαφορᾶ

393 1907 492 1974 τῆς
529 1909 705 1965 ἄλλων
723 1913 859 1979 πρὸς
882 1914 1018 1968 ἄλλα
1052 1917 1194 1968 κατὰ
1221 1916 1313 1969 τὸν
1343 1915 1437 1968 τοῦ
1465 1916 1583 1979 πῶς
1608 1912 1746 1969 εἶναι
1772 1915 2331 1986 λόγονάνομοιότητὸς
2360 1933 2421 1970 τε
2449 1921 2540 1971 καὶ
2562 1919 2882 1990 ἑτερότητος
2906 1917 3040 1975 οὖσα
3067 1921 3363 1992 δηλωτικὴ,
3392 1922 3454 1974 τὸ
3483 1923 3629 1974 ποσὶν

392 2005 499 2056 τῶν
523 2004 887 2074 διαφερόντων
909 2009 1250 2077 πραγμάτιον
1284 2009 1634 2074 συνεισάγειν
1651 2009 1818 2078 ἑαυτῇ
1840 2008 2106 2077 πέφυκεν,
2137 2007 2238 2061 εἶτ’
2260 2010 2462 2064 οὐσιῶν
2485 2011 2598 2063 εἴτε
2654 2013 2958 2082 ποιοτήτων
2981 2014 3078 2068 εἴτ’
3107 2015 3388 2084 ίδιοτήτων
3404 2029 3418 2043 ·
3448 2015 3512 2066 τὰ
3548 2013 3631 2080 μὲν

393 2097 503 2166 γὰρ
537 2097 612 2165 μή
645 2097 893 2166 ἀλλήλοις
919 2100 1095 2168 πάντη
1119 2102 1291 2155 ταυτά
1321 2102 1417 2155 ἕνα
1453 2102 1546 2155 καὶ
1581 2101 1671 2155 τὸν
1704 2102 1866 2155 αὐτὸν
1895 2101 1988 2154 τοῦ
2007 2097 2144 2155 εῖναι
2175 2103 2430 2174 οὐδαμῶς
2456 2106 2761 2178 ἐπιδέχεται
2785 2107 2966 2178 λόγον,
3001 2108 3069 2162 τὰ
3092 2108 3147 2161 δὲ
3181 2107 3359 2176 πάντη
3396 2106 3630 2176 ἀλλήλοις

390 2193 563 2244 ταυτά
619 2193 882 2263 διαφορᾶς
939 2197 1290 2253 ἀνεπίδεκτα.
1363 2199 1474 2252 Kal
1505 2199 1615 2267 γὰρ
1641 2198 1848 2252 ἁπλοῦν
1880 2198 2252 2268 ὡμολογηκὼς
2281 2201 2544 2272 πρότερον
2573 2197 2797 2258 εἶναιτὸ
2823 2203 2997 2267 Θεῖον,
3022 2197 3142 2256 εἶτα
3175 2205 3235 2256 τὸ
3275 2204 3455 2277 πάντη
3486 2205 3632 2270 φησὶν

393 2285 595 2339 ἁπλοῦν
624 2286 888 2357 διαφορᾶς
931 2284 1070 2342 εἶναι
1096 2291 1454 2346 ἀνεπίδεκτον
1475 2308 1488 2324 ·
1519 2293 1651 2347 διότι
1677 2295 1772 2346 καὶ⁵
1800 2295 1978 2362 πάντη
2011 2295 2210 2348 ταυτὸν
2240 2295 2418 2364 ἐαυτῷ
2445 2295 2539 2348 καὶ
2567 2296 2856 2365 μοναδικέν
2877 2297 2972 2351 καὶ
3002 2295 3123 2350 ὅλον
3145 2295 3279 2358 ὅλως
3297 2297 3542 2366 ἄσχετον,
3567 2297 3630 2357 ὡς

389 2383 453 2434 τὸ
481 2383 538 2430 ἐν
581 2380 732 2449 ποσῷ
762 2383 915 2448 γένος
939 2382 1038 2438 οὐκ
1065 2383 1187 2452 ἔχον
1222 2385 1738 2456 κατηγορούμενον,
1769 2386 1864 2441 καὶ
1894 2386 1983 2440 διὰ
2001 2386 2162 2441 τοῦτο
2191 2388 2471 2453 παντελῶς
2508 2389 2609 2442 οὐκ
2650 2389 3058 2460 ἀριθμούμενον
3081 2388 3204 2442 ούδέ
3231 2389 3622 2460 διαιρούμενον.

465 2471 792 2537 ν.ὶ⁷ἰ‹1εεηθ,
816 2482 878 2526 ut
901 2473 992 2526 ubi
1020 2473 1324 2544 duplicatio
1353 2485 1672 2530 naturarum
1702 2485 1759 2531 et
1781 2491 1965 2530 nume-

2154 2472 2231 2531 E‘.
2279 2475 2444 2547 Ὁρᾷς
2477 2477 2593 2537 πῶς
2623 2477 2759 2530 ὅπου
2787 2475 2982 2549 διπλόη
3023 2477 3242 2547 φύσεων
3265 2478 3360 2534 καὶ
3391 2477 3628 2546 ἀριθμὸς.

393 2578 490 2616 rus
515 2574 621 2623 est.
661 2565 910 2622 varietati
942 2566 1063 2621 loco
1099 2566 1249 2630 dato,
1277 2566 1567 2621 dissolutio
1594 2576 1678 2621 est
1711 2575 1764 2621 et
1800 2565 1977 2636 parti-

394 2657 496 2717 tio.
546 2657 639 2710 ubi
669 2667 848 2711 autem
876 2657 1040 2712 unica
1073 2657 1399 2728 simplicitas
1421 2697 1435 2720 ,
1468 2658 1645 2712 aliena
1676 2668 1732 2713 et
1776 2658 1976 2713 intole-

394 2745 588 2801 rabilis
636 2747 874 2803 varietas
925 2757 981 2802 et
1025 2749 1508 2819 partitio?ltaque
1531 2749 1972 2805 concludendum

394 2849 481 2891 cst
505 2837 769 2892 Joannem
799 2839 1200 2894 Damascenum
1233 2839 1458 2894 minime
1493 2855 1676 2896 secum
1707 2856 1971 2911 pugnare,

395 2929 489 2996 qui
527 2928 616 2982 hic
644 2929 791 2983 dicat
821 2928 1148 2996 increatum,
1170 2930 1502 2997 immortale,
1520 2941 1576 2987 et
1600 2933 1810 3001 reliqua
1829 2933 1974 3002 ejus-

395 3020 546 3075 modi
577 3035 685 3074 non
726 3035 848 3077 esse
875 3023 1169 3077 varietates
1193 3023 1537 3088 essentiales,
1580 3023 1694 3078 illic
1725 3039 1857 3077 vero
1888 3039 1972 3078 es»

396 3112 682 3166 sentialem
719 3127 1008 3168 remanere
1037 3114 1357 3170 varietatem
1391 3115 1445 3170 in
1469 3116 1703 3171 duarum
1731 3116 1852 3171 Filii
1875 3116 1968 3171 Dei

395 3209 719 3254 naturarum
773 3201 828 3255 in
881 3217 1046 3257 unam
1102 3219 1391 3272 personam
1449 3207 1862 3277 conjunctione,
1914 3214 1971 3261 et

394 3304 620 3344 manere
652 3299 898 3346 creatum
945 3302 1214 3356 creatum,
1265 3293 1572 3348 increatum
1623 3295 1967 3355 increatum,

396 3385 626 3438 mortale
649 3385 900 3450 mortale,
924 3385 1230 3441 immortale
1260 3386 1589 3449 immortale,
1615 3396 1672 3440 et
1695 3384 1967 3456 ejusmodi

396 3475 648 3529 similiter
677 3475 883 3530 omnia.
917 3476 1023 3532 Sed
1060 3491 1186 3530 cum
1229 3477 1456 3546 utrique
1501 3474 1766 3529 doctrina)
1805 3488 1966 3528 suum

397 3567 622 3626 tribuat.
655 3567 1121 3637 loquitur'secum
1154 3577 1209 3623 et
1239 3582 1367 3622 cum
1401 3568 1634 3620 veritate
1659 3580 1969 3636 congruen-

300 3721 311 3732 δ
394 3659 494 3713 tia.
521 3658 626 3712 Sed
654 3659 961 3714 audiendus
987 3668 1071 3715 est
1099 3659 1264 3716 etiam
1293 3660 1455 3713 divus
1480 3658 1746 3712 Maximus
1767 3656 1862 3710 ubi
1895 3654 1965 3709 ob

395 3748 540 3804 dicta
565 3751 763 3804 refutat
786 3751 1080 3816 Palamam,
1111 3752 1314 3821 quippe
1333 3751 1564 3820 simplex
1581 3749 1802 3804 deitatis
1822 3747 1971 3802 aufe-

2077 2567 2196 2621 ἐκεῖ
2223 2567 2314 2621 καὶ
2343 2568 2446 2638 τῆς
2485 2567 2748 2639 διαφορᾶς
2774 2567 2958 2639 χώραν
2990 2567 3224 2640 ἐχούσης
3253 2569 3368 2622 ἔστι
3387 2561 3484 2622 καὶ
3507 2571 3631 2624 διαξ-

2078 2676 2228 2729 ρεσις
2278 2659 2442 2722 εὐθὺς
2474 2659 2572 2712 καὶ
2600 2659 2897 2730 μερισμὸς,
2938 2659 3073 2712 ὅπου
3106 2660 3153 2712 δ’
3199 2659 3450 2737 ἁπλότης
3483 2678 3630 2728 μονα-

2075 2751 2224 2820 δικὴ,
2253 2750 2381 2820 ξένη
2432 2749 2494 2803 τδ
2522 2752 2816 2821 παράπαν,
2851 2753 2965 2803 ἐκεῖ
2993 2751 3086 2804 καὶ
3111 2751 3390 2821 ἀφόρητός
3440 2751 3575 2803 ἐστιν
3601 2753 3627 2819 ἡ

2072 2840 2308 2909 διαφορὰ
2333 2841 2428 2894 καὶ
2452 2841 2480 2893 ὁ
2517 2842 2825 2912 μερισμός;
2858 2841 2997 2896 ὥστε
3030 2841 3411 2914 συλλογιστέον
3442 2842 3628 2895 καὶτὸν

2074 2929 2438 2998 Δαμασκηνὸν
2487 2930 2743 2998 Ἰωάννην
2781 2927 3008 2998 μηδαμῆ
3056 2930 3364 2998 μαχόμενον
3394 2924 3529 2980 εἶναι
3556 2930 3627 2980 δο-

2072 3023 2190 3074 κεῖν
2219 3021 2383 3073 αὐτὸν
2432 3020 2636 3089 ἑαυτῷ,
2669 3019 2747 3073 ὅτ’
2798 3020 2915 3072 ἐκεῖ
2976 3019 3075 3088 μὲν
3105 3019 3255 3089 λέγει
3300 3019 3360 3072 τὸ
3394 3021 3627 3074 ἄκτιστον

2071 3110 2166 3164 καὶ
2203 3109 2474 3162 ἀθάνατον
2509 3109 2605 3162 καὶ
2631 3108 2698 3162 τὰ
2726 3105 2954 3161 τοιαῦτα
2988 3109 3063 3176 μὴ
3093 3104 3233 3161 εἶναι
3257 3108 3523 3180 διαφορὰς
3550 3111 3625 3161 ού-

2073 3199 2302 3264 σιῶδεις,
2330 3200 2564 3253 ἐνταῦθα
2588 3199 2644 3252 δὲ
2676 3198 2774 3269 τὴν
2815 3198 3052 3270 οὐσιὼδη
3087 3199 3354 3264 σώζεσθαι
3381 3199 3625 3270 διαῳοράν

2070 3292 2163 3344 ἐπὶ
2193 3291 2291 3360 τῆς
2313 3292 2394 3353 εἰς
2413 3291 2545 3360 μίαν
2577 3289 2880 3343 ὑπόστασιν
2899 3288 3146 3354 ένὼσεως
3164 3292 3270 3343 τῶν
3304 3291 3400 3348 δύο
3435 3294 3626 3364 φύσεων

2068 3383 2162 3436 τοῦ
2191 3381 2364 3454 [H69
2388 3381 2460 3453 r.]
2488 3382 2624 3436 Υίοῦ
2647 3382 2742 3436 τοῦ
2765 3380 2921 3450 Θεοῦ,
2942 3375 3037 3436 καὶ
3064 3385 3248 3454 μένειν
3264 3385 3323 3437 τό
3351 3403 3412 3438 τε
3435 3387 3628 3438 κτιστδν

2067 3476 2284 3528 κτιστδν
2315 3475 2411 3528 καὶ
2437 3473 2498 3526 τὸ
2531 3474 2787 3528 ἀκτιστον
2832 3476 3107 3538 ἀκτιστον,
3142 3476 3238 3528 καὶ
3260 3477 3340 3529 ἔτι
3365 3475 3428 3528 τὸ
3456 3475 3627 3545 θνητὸν

2067 3565 2261 3634 θνητὸν
2293 3565 2387 3618 καὶ
2428 3565 2491 3617 τὸ
2550 3565 2824 3618 ἀθάνατον
2879 3565 3167 3628 ἀθάνατον,
3198 3567 3293 3619 καὶ
3338 3567 3408 3619 τὰ
3441 3565 3626 3620 τοιαῦτ’

2072 3657 2277 3724 ὁμοίως
2308 3657 2528 3709 ᾶπαντα
2549 3669 2564 3684 ·
2599 3656 2736 3709 ἀλλὰ
2762 3651 2821 3708 τὸ
2853 3659 3131 3727 προσῆκον
3159 3657 3401 3728 ἑκατέρα
3437 3658 3625 3710 διδόντα

2027 3747 2420 3817 ,Αδιδασκαλίῳ
2479 3748 2749 3817 σύμφωνα
2795 3749 3130 3818 φθέγγεσθαι
3175 3751 3434 3817 καθάπαξ
3467 3750 3625 3824 ἐαυτῷ

395 3851 604 3895 rentem
625 3850 683 3895 et
709 3843 907 3897 multas
946 3843 1246 3898 varietates
1270 3851 1323 3897 et
1346 3839 1778 3910 compositiones
1801 3840 1965 3896 deita-

2075 3839 2172 3892 καὶ
2198 3843 2264 3910 τῇ
2298 3841 2549 3911 ἀληθεία.
2579 3843 2919 3912 Προσεκτέον
2946 3841 3001 3894 δέ
3021 3844 3114 3898 καὶ
3142 3843 3219 3912 τῷ
3254 3843 3386 3912 θείῳ
3411 3843 3627 3910 Μαξίμῳ

393 3934 540 3989 tibus
578 3934 692 3989 suis
721 3945 815 3990 aut
841 3935 1022 4006 potius
1053 3935 1171 3990 deis
1198 3934 1516 4004 deabusque
1541 3933 1896 3988 tribuentem.

2063 3933 2156 3986 τὸν
2180 3931 2446 4002 Παλαμᾶν
2471 3933 2558 3987 διὰ
2581 3934 2688 3986 τῶν
2713 3935 2833 4004 είρη
2844 3935 3018 4002 μένων
3035 3936 3294 4004 ἄντικρυς
3349 3933 3625 4004 ἐλέγχοντι,

393 4028 455 4106 τό
485 4045 545 4081 τε
591 4028 796 4083 ἁπλοῦν
832 4031 932 4092 τῆς
965 4030 1093 4097 μιᾶς
1124 4028 1428 4092 ἐξωθοῦντα
1479 4027 1756 4096 θεότητος,
1809 4028 1906 4081 καὶ
1934 4025 2137 4089 πολλὰς
2168 4025 2268 4088 τὰς
2303 4024 2567 4095 διαφορὰς
2612 4027 2705 4077 καὶ
2737 4026 3014 4088 συνθέσεις
3049 4027 3170 4088 ταῖς
3201 4025 3367 4078 αὐτοῦ
3427 4027 3625 4098 χαριζό-

394 4134 559 4187 μενον
626 4118 865 4190 θεότησι,
939 4119 1140 4189 μᾶλλον
1207 4118 1252 4172 δ’
1293 4120 1471 4171 εἰπεῖν
1505 4117 1657 4181 θεαῖς
1678 4118 1777 4172 καὶ
1804 4118 1948 4183 θεοῖς
1974 4118 2324 4185 οίκειότερον.

467 4213 552 4267 Vl.
583 4211 688 4266 Sed
725 4212 1039 4281 recipienda
1065 4221 1152 4268 est
1182 4213 1382 4268 oratio.
1430 4201 1588 4279 Quod
1623 4215 1774 4268 enim
1812 4229 1964 4269 com-

391 4305 567 4375 posita
596 4316 783 4359 nostra
815 4305 1032 4366 attinet.
1080 4305 1404 4359 essentiales
1452 4306 1745 4360 varietates
1779 4305 1966 4374 dupli-

391 4411 510 4451 cem
541 4397 818 4452 notionem
850 4396 1112 4452 eﬂiciuut.
1135 4397 1355 4452 Formas
1368 4397 1514 4452 enim
1531 4397 1964 4467 358animan-

389 4489 530 4544 tium
595 4498 791 4559 sponte
835 4490 1120 4545 formando
1179 4499 1518 4559 componunt
1553 4499 1608 4544 et
1653 4505 1683 4542 a
1729 4489 1965 4545 diversis

393 4583 652 4638 essentiis
681 4583 993 4654 seiungunt.
1023 4583 1214 4650 Quoad
1251 4594 1431 4638 autem
1481 4583 1692 4637 beatam
1728 4582 1875 4637 illam
1907 4591 1964 4637 et

388 4675 612 4728 unicam
639 4678 956 4739 essentiam,
982 4677 1156 4731 altera
1185 4675 1513 4745 compositio
1535 4675 1645 4744 jam
1674 4689 1705 4729 α
1731 4673 1828 4729 SS.
1863 4674 1962 4728 l’a—

395 4764 576 4818 tribus
623 4764 850 4833 probata
893 4773 998 4829 est,
1034 4767 1204 4820 altera
1238 4765 1306 4819 ab
1343 4763 1600 4818 omnibus
1634 4763 1832 4819 creatis
1875 4779 1962 4820 es-

385 4855 586 4909 ‘sentiis
617 4855 888 4925 sejunctio
913 4857 1271 4912 vehementer
1286 4854 1542 4925 quadrat.
1562 4855 1696 4910 Nam
1730 4855 1963 4911 duarum

392 4946 519 5000 Filii
559 4947 652 5002 Del
699 4958 1018 5002 naturarum
1074 4950 1218 5002 inter
1263 4963 1322 5002 se
1358 4947 1416 5000 in
1460 4961 1627 5000 unam
1674 4963 1964 5016 personam

391 5038 812 5108 conjunctarum
847 5056 1068 5096 manere
1103 5040 1182 5095 ait
1203 5037 1546 5095 essentialem
1568 5039 1964 5107 diilerentiam,

394 5127 617 5185 deitatis
652 5141 710 5186 et
742 5133 1122 5189 humanitatis.

465 5405 570 5458 νη.
605 5405 745 5471 Quid
792 5405 858 5458 ad
909 5406 1025 5459 haec
1072 5406 1228 5467 dicis,
1263 5405 1594 5460 amicissime
1627 5405 1963 5460 Tlicotime?

390 5497 585 5552 Nonne
621 5499 717 5552 tibi
752 5500 964 5553 videtur
998 5499 1244 5553 Palamas
1289 5502 1597 5562 evidenter,
1657 5500 1784 5554 licet
1847 5500 1962 5551 ins-

392 5589 830 5650 cius,bacrhico
895 5593 1210 5644 insanorum
1271 5606 1421 5643 more
1477 5606 1664 5643 sacras
1717 5590 1966 5657 Scriptu-

393 5695 485 5734 ηε
519 5682 672 5734 adire
715 5693 771 5735 ct
815 5681 1063 5736 inductas
1099 5681 1483 5735 conclusiones
1529 5682 1818 5751 proferre?
1853 5692 1964 5734 tum

393 5782 729 5840 spontanee.
762 5781 874 5824 ωιιι
919 5788 1027 5825 non
1074 5782 1288 5841 sponte,
1337 5788 1484 5826 nunc
1514 5789 1637 5826 CUI“
1687 5786 1964 5841 quoquam

390 5865 765 5929 consentiens,
787 5879 936 5918 nunc
962 5878 1061 5919 ncc
1092 5879 1215 5920 cum
1264 5863 1627 5919 fatniliaribus
1648 5879 1750 5920 nec
1781 5864 1972 5933 impie-

2141 4211 2236 4280 ς’.
2277 4209 2420 4264 Ἀλλ’
2464 4210 2801 4264 ἐπανακτέον
2847 4212 2942 4264 τὶν
2993 4210 3168 4282 λόγον.
3210 4209 3333 4263 Ἐπὶ
3390 4211 3490 4280 μὲν
3532 4209 3624 4276 γὰρ

2070 4306 2181 4358 τῶν
2236 4304 2509 4357 συνθέτων
2542 4305 2698 4375 ήμῶν
2731 4304 2786 4356 αἱ
2817 4302 3097 4366 οὐσιώδεις
3141 4301 3399 4371 διαφοραὶ
3450 4301 3625 4365 διπλῆν

2074 4395 2288 4450 ποιοῦσι
2313 4399 2410 4451 καὶ
2449 4395 2548 4465 τὴν
2582 4395 2879 4464 σημασίαν.
2915 4393 2997 4447 Τά
3035 4410 3093 4446 τε
3121 4392 3233 4462 γὰρ
3271 4393 3375 4450 ὑπὸ
3407 4392 3466 4444 τὸ
3498 4389 3622 4455 ζῶον

2070 4488 2188 4558 εἴδη
2221 4489 2570 4541 συντιθέασιν
2614 4485 3004 4550 εἰδοποιοῦσαι,
3033 4482 3128 4536 καὶ
3161 4485 3295 4550 πρός
3334 4499 3396 4548 γε
3425 4482 3503 4534 ἔτι
3530 4479 3623 4532 τῶν

2071 4579 2384 4649 ἐτεροφυῶν
2433 4578 2837 4630 διαστέλλουσιν
2869 4575 3088 4628 οὐσιῶν.
3137 4575 3263 4651 Ἐ’πλ,
3307 4574 3361 4626 δέ
3393 4573 3492 4642 τῆς
3532 4590 3621 4643 μα-

2069 4671 2268 4741 καρίας
2312 4668 2528 4740 ἐκείνης
2559 4667 2656 4721 καὶ
2702 4667 2914 4730 ἐνιαίας
2946 4667 3135 4729 οὐσίας
3165 4667 3395 4736 θάτερον
3428 4664 3544 4735 μὲν,
3568 4661 3620 4713 rb

2068 4763 2168 4833 τῆς
2204 4762 2501 4833 συνθήκης,
2537 4761 2989 4832 ἀπηγορευμένον
3024 4762 3136 4820 τοῖς
3176 4759 3343 4822 θείοις
3372 4753 3618 4825 ἐνομίσθη

2068 4853 2339 4924 Πατράσι,
2374 4854 2602 4922 θάτερον
2627 4853 2706 4913 δὲ.
2730 4852 2790 4906 τὺ
2820 4851 2921 4921 τῆς
2948 4852 3010 4904 ἐκ
3035 4850 3227 4904 πασῶν
3261 4849 3367 4904 τῶν
3399 4845 3618 4899 κτιστὼν

2067 4948 2357 5016 διαστολῆς
2421 4946 2643 5008 οὐσιῶν,
2679 4946 2776 4998 καὶ
2831 4944 3038 5016 σφόδρα
3098 4941 3619 4996 συνδέδοκταιθένω-

2068 5039 2267 5092 θεισῶν
2309 5041 2420 5106 γὰρ
2468 5035 2752 5106 ἀλλήλαις,
2811 5037 2966 5106 φησὶ,
3020 5035 3126 5088 τῶν
3166 5034 3260 5087 δύο
3300 5034 3512 5102 φύσεων
3549 5033 3618 5093 είς

1996 5175 2040 5229 D
2074 5128 2206 5197 μίαν
2246 5127 2551 5180 ὑπόστασιν
2587 5126 2682 5178 τοῦ
2715 5127 2846 5180 Υἱοῦ
2878 5125 2972 5178 τοῦ
3031 5125 3189 5184 Θεοῦ.
3241 5125 3506 5188 σώζεσθαι
3537 5123 3610 5176 αὐ-

2066 5219 2177 5274 τῶν
2228 5220 2329 5289 τὴν
2381 5218 2612 5289 οὐσιώδη
2667 5219 2934 5290 διαφορὰν
2965 5217 3217 5290 ὁρίζοντα
3265 5217 3512 5288 θεότητος
3535 5215 3617 5272 καὶ

2061 5309 2162 5364 ἀνθ
2172 5310 2505 5380 ρωπότητος.

2132 5399 2212 5456 Z'.
2241 5400 2309 5454 Τί
2341 5402 2476 5471 πρὸς
2505 5401 2679 5454 ταῦτα
2712 5403 2840 5473 φῂς,
2868 5397 2912 5455 ὦ
2950 5403 3070 5469 φίλε
3118 5401 3390 5469 Θεότιμες
3421 5394 3492 5462 Ἶί
3522 5394 3614 5463 γὰρ

2064 5493 2126 5546 οὐ
2153 5492 2436 5561 λεληθέναι
2461 5493 2608 5545 δοκεῖ
2636 5511 2718 5546 σοι
2743 5495 2927 5564 σαφῶς
2954 5494 3143 5546 ἑαυτὸν
3165 5497 3192 5544 ὁ
3218 5493 3478 5560 ῐῐαλαμᾶς
3501 5488 3616 5558 β²κ’

2068 5585 2368 5654 χικὼτερον
2437 5585 2579 5635 κατὰ
2632 5586 2766 5647 τοὺς,
2820 5587 3177 5653 μαινομένους
3243 5584 3445 5656 τρόπον
3502 5579 3608 5636 ταῖς

2071 5677 2244 5739 θείαις
2272 5676 2514 5747 Γραφαῖς
2545 5678 2814 5746 προσιὼν,
2845 5677 2942 5730 καὶ
2984 5675 3348 5746 μεθαρμόζων
3384 5671 3612 5743 ἀμούσως

2074 5768 2170 5821 καὶ
2217 5767 2410 5838 πόρρω
2459 5767 2598 5819 θέων
2646 5769 2895 5838 βαλϐῖδος
2940 5772 3140 5831 εἰπεῖν,
3201 5768 3318 5830 πῶς
3347 5766 3446 5835 μὲν
3473 5759 3612 5816 ἑκὼν.

2075 5859 2192 5922 πῶς
2223 5856 2287 5929 [ί.
2319 5857 2418 5912 169
2441 5855 2491 5928 ιι]
2525 5857 2569 5911 δ’
2595 5860 2690 5930 οὐχ
2735 5863 2894 5929 ἑκὼν,
2937 5861 3030 5916 καὶ
3067 5859 3259 5932 μηδέσι
3311 5850 3612 5926 συμφωνῶν,

3790 1633 3800 1668 1
