3966 6556
200 380 291 447 3Ξ1

1145 372 1600 435 ΒΥΖΛΝΤΙΝᾸΞ
1646 370 2035 432 ΠΙΞΊῸΒΗΞ
2077 373 2227 434 LIB.
2271 373 2490 435 XXXI.

3362 375 3466 445 322

201 497 319 549 ἄνευ
368 491 536 547 αὐτοῦ
590 490 834 544 νοεῖσθαι
882 491 986 545 οὐκ
1033 488 1297 561 ἔχει,ἀτε
1337 503 1602 557 σχετικην
1645 502 1769 538 τινα

1890 496 2042 551 posse
2082 483 2337 554 cogitari,
2375 482 2524 553 quod
2559 483 2927 555 capulativam
2964 494 3021 541 et
3053 486 3465 555 conjunctivam

201 593 287 644 καὶ
315 584 633 656 ουνδετικὴν
675 584 908 653 δύναμιν
956 583 1164 654 ταύτην
1214 582 1352 653 προς
1399 578 1610 651 ἄλληλα
1654 577 1768 630 τῶν

202 682 380 749 άκρων
416 678 705 749 ἐχόντων’
755 673 868 730 οἷον
919 677 996 741 ὡς
1045 679 1104 731 ὲν
1149 675 1516 743 ὑποδείγματι
1552 671 1768 744 βραχεῖ,

205 769 477 839 πολλαχῶς
525 767 830 837 λεγομένου
871 767 968 821 τοῦ
1004 765 1201 829 αίτίου,
1264 763 1552 833 ποιητικόν
1620 764 1771 815 ἐστιν

203 864 387 923 αἴτιον,
435 860 512 921 ὡς
548 861 578 913 6
621 859 907 929 οἰκοδόμος
952 856 1046 911 τοῦ
1093 857 1245 910 οἴκου
1275 871 1289 885 ·
1343 853 1582 915 τελικὸν,
1624 853 1700 915 ὡς
1737 851 1771 920 ἡ

206 954 372 1024 σκέπη
403 952 474 1006 δι’
503 954 572 1024 ἢν
602 954 630 1007 6
665 948 815 1017 οίκος
836 968 852 984 ·
880 949 1089 1017 ὑλικὸν,
1132 950 1209 1014 ὥς
1240 948 1383 1003 λίθοι
1424 948 1521 1002 καὶ
1549 946 1681 1012 ξύλα
1712 944 1775 1010 ἐξ

204 1042 274 1100 ὦν
322 1049 349 1099 6
394 1043 545 1109 οἶκος
572 1061 587 1077 ’
624 1045 850 1112 είδικδν,
887 1046 964 1109 ὠς
995 1044 1029 1112 ἠ
1061 1041 1470 1112 διατυπουμένη
1505 1039 1605 1094 καὶ
1631 1039 1772 1092 εἰδο-

205 1135 494 1207 ποιουμένη
527 1134 813 1205 μόρφωσις
843 1136 902 1189 ὲν
938 1134 1019 1205 τῷ
1052 1130 1411 1203 φανταστικῷ
1448 1131 1544 1186 τοῦ
1591 1131 1774 1200 τεχνῖ-

201 1243 319 1280 τουο
375 1226 910 1297 παραδειγματικδν,
940 1226 1018 1289 ῶς
1067 1226 1261 1296 ἕτερος
1312 1220 1460 1288 οἶκος
1516 1223 1658 1294 πρὸς
1710 1222 1772 1276 ὃν

201 1317 410 1389 ἀφορῶν
437 1319 468 1372 6
499 1318 751 1388 τεχνίτης
771 1318 834 1371 τὸ
855 1318 960 1372 ἀνά
991 1316 1182 1388 χεῖρας
1212 1316 1375 1384 ἔργον
1402 1315 1582 1368 τελεῖ*
1617 1329 1778 1382 φυσι·

206 1412 308 1475 κᾶν,
330 1410 406 1473 ὡς
446 1412 476 1463 6
502 1409 689 1482 πατὴρ
729 1408 824 1463 τοῦ
855 1407 1001 1463 υίοῦ.
1037 1407 1162 1462 Εἰσὶ
1193 1408 1289 1461 καὶ
1316 1406 1568 1476 ἀλλήλων
1598 1405 1771 1485 αἰτία,

200 1501 267 1563 ὡς
296 1501 394 1570 τῆς
431 1499 653 1566 εὐεξίας
680 1498 743 1553 τὸ
782 1502 973 1554 πονεῖν
1006 1502 1102 1555 καὶ
1147 1498 1241 1554 τοῦ
1291 1499 1477 1551 πονεῖν
1505 1499 1538 1568 ὴ
1567 1494 1777 1563 εὐεξία.

201 1596 424 1661 Λέγουσι
475 1595 521 1648 δ’
560 1595 693 1651 ἔνιοι
731 1594 842 1649 τῶν
890 1597 1075 1664 σοφῶν
1108 1595 1211 1649 καὶ
1263 1594 1365 1664 τὴν
1413 1592 1587 1663 τύχην
1630 1590 1778 1646 κατά

202 1685 547 1755 συμϐεϐηκὸς
580 1686 856 1741 συναίτιον
886 1685 1063 1739 ἐνίοτε
1102 1685 1163 1739 ὲν
1190 1686 1305 1748 τοῖς
1347 1683 1492 1737 κατά
1521 1681 1779 1752 προαίρε-

205 1797 282 1834 σεν
336 1780 506 1836 ἕνεκά
557 1798 651 1835 του
714 1780 1048 1851 γινομένοις.
1105 1776 1397 1833 Τοσούτων
1442 1777 1625 1831 τοίνυν
1679 1777 1776 1829 καί

204 1868 455 1922 πλειόνων
504 1868 676 1923 ὄντων
713 1869 812 1922 τοῦ
868 1867 1047 1921 αἰτίου
1096 1866 1273 1930 εἱδῶν,
1324 1864 1388 1937 [ί.
1432 1866 1539 1920 ΗΞ
1573 1862 1650 1938 r.]
1679 1867 1777 1921 καὶ

206 1959 409 2011 πάντων
459 1957 611 2026 σαφῆ
638 1956 738 2027 τὴν
786 1955 924 2026 πρὸς
954 1954 1166 2025 ἀλληλα
1209 1954 1568 2025 κεκτημένων
1608 1953 1774 2008 συνά-

206 2068 373 2121 φιιαν,
419 2050 634 2119 λεγέτω
695 2068 789 2121 μοι
846 2050 1139 2122 παρελθὼν
1184 2051 1399 2111 ἐκεῖνος
1445 2050 1551 2104 ὐπὸ
1608 2050 1779 2105 ποίων

205 2142 395 2197 τούτων
435 2143 635 2211 ἀνάγει
694 2142 792 2214 τὴν
853 2144 964 2197 τῶν
1018 2143 1170 2213 αὐτῷ
1229 2160 1293 2210 γε
1332 2141 1428 2196 νῦν
1473 2142 1778 2213 εἰρημένην

207 2238 399 2308 σχέσιν.
438 2236 624 2307 Τριῶν
670 2236 779 2304 γὰρ
829 2236 1181 2305 τούλάχιστον
1217 2238 1361 2308 ὅρων
1413 2240 1472 2293 ὲν
1505 2238 1617 2300 τοῖς
1654 2237 1781 2290 auit-

206 2332 476 2399 λογισμοῖς
528 2330 618 2383 ἀεὶ
666 2328 1123 2399 λαμϐανομένων,
1154 2329 1255 2398 τὴν
1305 2330 1628 2398 συνδετικὴν
1670 2329 1781 2382 τῶν

206 2423 380 2490 ἄκρων
423 2420 484 2485 ἐξ
536 2418 781 2489 ἀνάγκης
840 2420 986 2488 ἔχειν
1041 2419 1070 2472 6
1107 2419 1270 2489 μέσος
1326 2419 1511 2473 αίτίαν
1550 2419 1778 2488 ὀφείλει.

217 2510 349 2563 Ἀλλ’
379 2512 483 2579 οὐχ
504 2508 650 2562 οὓτω
696 2509 795 2561 καὶ
822 2511 890 2579 τῇ
924 2507 1018 2561 τοῦ
1056 2508 1292 2578 Παλαμᾶ
1341 2508 1492 2561 δοκεῖ
1523 2507 1737 2580 ἀμαθίᾳ
1764 2524 1780 2541 ν

208 2604 385 2672 ὅμοιον
430 2603 539 2673 γάρ
577 2600 640 2655 τὸ
678 2599 812 2670 παρ’
843 2599 1012 2653 αὐτοῦ
1052 2598 1349 2670 λεγόμενόν
1402 2602 1550 2655 ἔστιν
1593 2600 1786 2670 ῶσπερ

209 2699 269 2751 ἂν
313 2696 367 2750 εῖ
410 2711 495 2759 τις
540 2693 727 2761 ἔλεγεν
751 2693 857 2756 ὅτι,
897 2692 1134 2763 ἐπείπερ
1181 2693 1215 2764 ἡ
1266 2691 1399 2763 χιὼν
1432 2692 1601 2765 λευκή
1642 2694 1783 2757 ἐστι,

208 2792 288 2843 δια
331 2788 494 2842 τοῦτο
537 2787 638 2840 οὐκ
689 2785 840 2839 ἐστιν
887 2783 1252 2853 αἰσθητικόν
1284 2784 1363 2848 ῶς
1416 2784 1525 2855 γὰρ
1554 2785 1786 2838 ἐνταῦθα

212 2882 503 2948 συνάφειαν
551 2878 758 2948 μεταξῦ
816 2877 1082 2948 σχετικὴν
1129 2877 1393 2948 οὐδεμίαν
1437 2879 1470 2947 ἡ
1518 2877 1789 2946 λευκότης

210 2975 314 3044 ἔχει
344 2973 480 3042 πρὸς
504 2972 564 3025 τὸ
592 2970 935 3040 αἰσθητικὸν,
955 2968 1271 3038 ἀναγκαίως
1305 2967 1683 3038 ἐφελκομένην
1721 2969 1789 3023 τὰ

211 3067 345 3136 άκρα
360 3067 493 3133 πρὸς
509 3064 712 3133 ἑαυτὴν
724 3063 833 3136 (ἑτε
843 3061 1062 3131 ρογενὶς
1078 3062 1147 3129 γά
1158 3077 1187 3133 ρ
1204 3061 1461 3131 ἑκάτερον
1476 3062 1635 3114 ἑκατέ
1645 3066 1785 3131 ρου),

1874 575 1982 627 vim
2036 574 2183 629 inter
2230 590 2292 630 se
2323 591 2539 630 summa
2570 577 2664 631 illa
2697 577 2917 633 habent.
2950 579 3237 635 Addamus
3297 580 3467 635 breve

1873 667 2210 737 exemplum,
2228 683 2353 722 cum
2382 682 2529 737 szepe
2552 683 2715 724 causa
2740 669 2997 734 addatur,
3024 684 3191 725 causa
3215 669 3463 726 elﬁciens

1872 766 1978 825 est,
2002 770 2060 813 ut
2080 762 2278 815 domus
2317 759 2679 827 architectus;
2700 759 2847 827 ﬁnis.
2868 762 3041 817 tutela
3063 772 3289 833 propter
3305 777 3469 832 quam

1872 858 2018 905 mdes
2047 850 2314 906 aediﬁcata
2338 861 2418 905 est
2442 868 2457 917 ;
2492 854 2745 918 materia,
2766 851 2983 922 lapides
3007 861 3063 909 et
3094 854 3236 924 ligna
3267 854 3473 923 quibus

1873 949 2189 1005 exstructa;
2244 940 2452 1010 ﬁgura,
2503 941 2676 996 forma
2731 943 2786 996 in
2831 943 3063 998 artilicis
3108 943 3295 999 animo
3332 957 3473 997 con-

1875 1041 2031 1100 cepta
2063 1040 2119 1086 et
2152 1033 2312 1098 ﬁcta;
2342 1033 2647 1102 exemplar,
2674 1032 2823 1087 aliud
2850 1033 3144 1089 aedilicium
3189 1035 3257 1090 ad
3310 1034 3473 1103 cujus

1874 1124 2153 1195 exemplar
2171 1124 2366 1180 artifex
2395 1125 2448 1180 id
2470 1126 2618 1195 quod
2645 1126 2700 1181 in
2726 1127 2983 1182 manibus
3008 1123 3176 1183 habet
3208 1126 3418 1197 perﬁcit
3448 1144 3465 1192 ;

1874 1214 2148 1281 naturale,
2177 1223 2236 1269 ut
2262 1225 2418 1286 pater
2446 1215 2564 1271 ﬁlii.
2596 1215 2737 1272 Sunt
2768 1217 2915 1274 enim
2943 1217 3048 1274 sibi
3072 1219 3310 1273 invicem
3345 1234 3476 1273 cau-

1876 1307 2040 1377 salia,
2077 1318 2138 1363 ut
2192 1308 2414 1364 sanitati
2480 1309 2747 1366 insanitas
2795 1322 2853 1365 et
2893 1312 3175 1366 insanitati
3241 1313 3470 1367 sanitas.

1876 1400 2136 1459 Nonnulli
2177 1401 2327 1457 doeti
2367 1417 2497 1459 casu
2539 1404 2811 1459 causalem
2846 1405 3125 1460 interdum
3173 1404 3367 1460 dicunt
3414 1404 3470 1458 in

1878 1495 2047 1551 rebus
2065 1495 2299 1551 consilio
2326 1496 2564 1565 quodam
2595 1497 2674 1555 rei
2692 1498 2927 1568 alicujus
2949 1511 3115 1553 causa
3136 1496 3315 1553 factis.
3332 1497 3472 1554 Cum

1879 1584 2050 1656 igitur
2081 1584 2269 1655 plures
2289 1586 2404 1640 sint
2429 1601 2608 1642 causae
2643 1586 2835 1643 formae
2862 1602 2983 1658 quae
3008 1602 3200 1645 omnes
3220 1601 3470 1660 apertam

1881 1676 2029 1731 inter
2068 1690 2128 1732 se
2176 1678 2630 1748 conjunctionctn
2667 1677 2912 1744 habent,
2967 1679 3119 1735 dicat
3158 1681 3296 1735 mihi
3336 1681 3468 1744 ille.

1885 1767 1990 1823 sub
2014 1782 2153 1838 quas
2182 1767 2396 1838 redigat
2428 1768 2706 1824 dictarunt
2733 1784 2963 1824 suorum
3012 1772 3304 1826 rationem.
3335 1772 3478 1828 Tres

1881 1858 2030 1912 enim
2083 1856 2151 1911 ad
2209 1858 2498 1911 minimum
2554 1860 2692 1912 lines
2733 1858 2789 1912 in
2848 1857 3305 1914 conclusionibus
3349 1875 3475 1915 cum

1880 1967 2101 2022 semper
2166 1952 2556 2017 admittantur,
2604 1953 3058 2023 coniunctionum
3128 1927 3475 2009 summorum

1879 2058 2102 2098 causam
2135 2042 2345 2099 habere
2373 2044 2592 2099 medius
2624 2044 2941 2100 necessario
2974 2044 3159 2099 debet.
3191 2045 3311 2100 Non
3343 2061 3477 2100 vero

1881 2136 1955 2190 ita
1988 2135 2220 2191 Palatina:
2245 2136 2478 2191 inscitiae
2505 2138 2704 2206 placet.
2735 2135 2894 2204 Nam,
2919 2138 3065 2207 quod
3097 2137 3255 2198 dicit.
3285 2137 3470 2193 simile

1880 2241 1965 2286 est
2000 2247 2065 2286 ac
2103 2231 2148 2286 si
2187 2232 2313 2300 quis
2352 2230 2591 2285 dixerit:
2657 2231 2818 2297 Quod
2874 2232 2967 2284 nix
3019 2230 3142 2285 alba
3185 2239 3290 2296 est,
3344 2245 3479 2299 ergo

1884 2338 1996 2377 non
2028 2334 2113 2380 est
2142 2323 2444 2380 sensibilis.
2484 2325 2556 2379 Ut
2592 2326 2741 2379 enim
2787 2325 2986 2378 albedo
3031 2322 3198 2395 364
3236 2322 3476 2394 conjun-

1883 2417 2122 2470 ctionetn
2158 2433 2280 2486 qua:
2310 2432 2525 2472 summa
2556 2416 2644 2470 illa
2696 2432 2793 2485 per
2815 2432 2873 2472 se
2903 2415 2970 2471 ad
3022 2430 3249 2472 sensum
3294 2415 3480 2470 trahat

1883 2509 2087 2563 nullam
2113 2508 2301 2572 habet,
2335 2510 2617 2563 diversum
2646 2509 2796 2563 enim
2832 2519 3153 2578 utrumque,
3182 2508 3258 2564 ita
3288 2522 3476 2577 neque

1883 2598 1954 2653 ad
1996 2598 2375 2655 essentialiter
2418 2597 2762 2668 impartitutn
2823 2612 2953 2655 esse
2994 2606 3209 2668 spectat
3246 2597 3479 2652 minime

1884 2691 2094 2746 habere
2125 2690 2459 2747 essentiales
2489 2691 2809 2747 varietates.
2846 2690 2981 2746 Dein
3010 2691 3254 2746 divinam
3288 2706 3479 2744 eSsell-

1887 2782 2020 2838 tiam
2062 2781 2291 2840 dtﬁerre
2327 2783 2582 2838 dicentes
2606 2783 2676 2842 ab
2723 2784 3076 2839 naturalibus
3106 2793 3164 2839 et
3206 2797 3481 2854 syperna-

1888 2874 2167 2931 turalibus
2197 2876 2461 2931 omnibus
2516 2876 2798 2943 essentiis,
2835 2876 3087 2947 ejusdem
3137 2876 3481 2946 impartitum

1888 2970 2115 3026 minime
2146 2971 2474 3040 premimus.
2507 2968 2858 3040 [inpartitum
2891 2978 2980 3025 est
3009 2985 3119 3025 non
3171 2967 3481 3025 secundum

1888 3066 1990 3118 has
2019 3064 2073 3119 in
2106 3063 2313 3120 mundo
2364 3064 2723 3120 eletnentales
2762 3064 3041 3120 essentias
3081 3065 3352 3135 (stultum
3399 3076 3486 3119 est

210 3158 371 3220 οὕτως
417 3156 530 3211 οὐδ’
581 3157 702 3209 ἐκεῖ
757 3154 896 3221 πρὸς
957 3152 1020 3206 τὸ
1075 3154 1176 3221 τῆς
1234 3153 1427 3216 οὐσίας
1469 3153 1680 3223 ἀμερὲς
1724 3152 1785 3204 τὸ

1892 3157 1995 3211 hoc
2023 3157 2269 3226 cogitare
2299 3166 2395 3211 aut
2429 3155 2674 3225 dicere),
2703 3155 2798 3209 sed
2831 3154 2979 3225 quod
3005 3146 3393 3226 incorporeum
3426 3165 3486 3212 et

213 3251 382 3321 ἥκιστ’
413 3249 559 3320 ἔχειν
611 3245 896 3308 οὐσιῶδεις
937 3243 1229 3315 διαφοράς.
1269 3242 1504 3297 Ἔπειτα
1544 3246 1636 3295 καὶ
1685 3242 1784 3312 τὴν

214 3342 360 3395 θείαν
388 3341 579 3394 οὐσίαν
601 3338 887 3409 διαφέρειν
918 3336 1224 3406 φάσκοντες
1245 3336 1357 3389 τῶν
1382 3352 1441 3388 τε
1470 3334 1786 3405 ἐγκοσμίων

216 3435 301 3484 καὶ
334 3431 723 3500 ὐπερκοσμίων
781 3425 973 3480 πασῶν
1019 3426 1242 3490 οὐσιῶν,
1276 3425 1490 3497 οὐδαμῆ
1539 3424 1617 3495 τῷ
1658 3422 1789 3477 ταύ-

214 3539 307 3591 της
356 3521 555 3592 ἀμερεῖ
589 3516 920 3589 ἐνοχλοῦμεν
943 3532 959 3547 ο
1007 3514 1215 3584 ταύτης
1243 3516 1352 3586 γὰρ
1388 3515 1450 3568 τὺ
1483 3513 1693 3585 ἀμερὲς
1727 3512 1786 3565 οὐ

216 3613 350 3667 κατά
407 3614 505 3675 τὰς
540 3612 601 3664 ἐν
635 3609 827 3680 κόσμῳ
883 3606 1087 3672 ταύτας
1115 3605 1352 3675 ἀτόμους
1404 3606 1553 3659 ἐστίν
1598 3605 1788 3668 οὐσίας

220 3705 440 3776 (ἠλίθιον
491 3704 603 3776 γὰρ
643 3704 740 3757 καὶ
776 3703 917 3755 νοεῖν
946 3699 1039 3754 καὶ
1093 3698 1276 3767 λέγειν
1322 3699 1521 3767 τουτὶ),
1562 3697 1682 3751 ἀλλ’
1707 3700 1790 3751 ὅτι

219 3796 499 3867 ἀσώματόν
538 3813 599 3848 τε
658 3795 750 3847 καὶ
785 3794 985 3861 άογκον
1044 3793 1137 3845 κοιλ⁸
1187 3792 1424 3861 ἄναρχον
1458 3790 1556 3845 καὶ
1599 3790 1794 3858 ἀπερί-

218 3905 449 3959 γραπτον
471 3891 568 3941 καὶ
590 3884 917 3956 ὑπερούσιον
939 3884 1033 3937 καὶ
1062 3884 1282 3939 πάντων
1304 3882 1508 3952 ἥκιστα
1533 3883 1786 3954 ὁρισμοῖς

220 3981 310 4034 καὶ
336 3981 619 4051 μερισμοῖς
651 3977 923 4046 τεχνικοῖς
958 3976 1290 4038 ὐποπίπτον,
1336 3972 1476 4046 πλὴν
1516 3976 1565 4026 εί
1600 3972 1674 4043 μὴ
1702 3972 1791 4025 διὰ

220 4071 313 4143 την
352 4072 430 4143 τῷ
483 4071 613 4140 θείῳ
669 4069 936 4136 Βασιλείῳ
999 4064 1630 4134 συγκαταϐατικώτερον
1693 4064 1794 4135 μέν

220 4184 342 4220 τινα
383 4165 596 4231 τρόπον,
630 4161 1015 4231 ὲμφιλοσόφως
1063 4161 1108 4213 δ’
1156 4160 1252 4216 οὖν
1288 4160 1384 4214 καὶ
1409 4161 1533 4212 κατ’
1560 4158 1794 4228 ἐπιστή-

226 4276 334 4325 μην
359 4255 784 4325 ἑξενηνεγμὲνην
831 4255 1212 4323 ἀποφαντικὴν
1246 4252 1429 4321 ῥῆσιν,
1458 4250 1535 4312 ὡς
1568 4251 1663 4305 επὶ
1695 4251 1793 4319 τῆς

224 4349 395 4418 ἁπλῆς
423 4350 519 4403 καὶ
550 4347 845 4418 ἀσωμάτου
879 4346 1096 4416 φύσεως
1125 4344 1216 4398 τὸν
1259 4342 1423 4397 αὐτὸν
1454 4345 1487 4410 ἡ
1530 4342 1689 4395 οὐσία
1726 4343 1789 4412 τῇ

226 4440 460 4513 ἐνεργείᾳ
486 4440 701 4510 δέχεται
732 4438 919 4506 λόγον,
957 4438 1093 4507 φαίη
1133 4453 1216 4499 τις
1252 4434 1319 4489 ἂν
1364 4436 1685 4507 ὁριζόμενος
1715 4437 1789 4499 ὼς

1891 3249 2255 3304 immateriale
2289 3258 2347 3304 et
2397 3258 2670 3304 aeternum
2701 3254 2758 3302 et
2788 3246 3138 3303 indefinitum
3195 3260 3253 3304 et
3286 3264 3484 3319 super-

1890 3343 2258 3398 suhstantiale
2284 3351 2342 3397 et
2373 3342 2544 3397 nullis
2593 3340 2824 3396 omnino
2869 3341 3073 3395 ﬁnibus
3098 3349 3156 3396 et
3178 3342 3315 3395 artis
3337 3342 3485 3395 divi-

1890 3433 2146 3488 sionibus
2194 3432 2498 3489 obnoxium
2551 3438 2658 3486 est.
2716 3429 2833 3484 Nisi
2876 3445 3105 3501 propter
3154 3428 3486 3500 explicatio-

1890 3539 2017 3580 nem
2045 3523 2109 3578 D.
2140 3522 2324 3577 Basilii
2361 3524 2429 3579 ad
2463 3523 2869 3594 philosOphiam
2888 3533 2944 3578 et
2971 3520 3279 3577 doctrinam
3313 3521 3489 3591 magis

1892 3612 2368 3668 accommodatam
2396 3651 2413 3679 ,
2471 3613 2528 3667 in
2569 3613 2803 3685 simplici
2851 3622 2909 3668 et
2932 3613 3259 3681 incorporea
3288 3618 3488 3663 natura

1892 3706 2189 3762 essentiam
2219 3704 2472 3761 eamdem
2535 3708 2588 3762 vi
2636 3722 2734 3762 sua
2767 3705 3152 3761 deﬁnitionem
3189 3703 3442 3773 accipere
3472 3744 3488 3767 ,

1892 3798 2169 3870 quispiam
2211 3797 2540 3855 deﬁniturus
2573 3799 2812 3862 dixerit,
2859 3801 3151 3855 essentiam
3186 3811 3312 3854 esse
3363 3812 3480 3852 rem

1893 3908 1994 3964 per
2033 3907 2093 3947 se
2117 3892 2500 3956 exsistentem.
2525 3908 2635 3947 non
2658 3891 2835 3948 altero
2857 3892 2923 3946 ad
2943 3891 3325 3947 exsistentiam
3353 3903 3494 3958 Opus

1894 3985 2217 4041 habentem.
2256 3983 2373 4040 Soli
2418 3986 2566 4040 enim
2600 3984 2802 4040 divina:
2836 3985 2914 4040 illi
2963 3994 3021 4039 et
3066 3983 3493 4053 simplicissima:

1893 4084 2108 4131 natura:
2144 4075 2307 4130 talem
2337 4089 2459 4130 esse
2489 4075 2864 4129 deﬁnitionem
2890 4075 3148 4137 dicimus,
3180 4073 3338 4129 alteri
3370 4089 3491 4127 om-

1894 4167 2047 4222 nium
2100 4164 2422 4219 creatorum’
2471 4163 2631 4218 nulli.
2681 4162 3018 4233 Composita
3064 4160 3215 4216 enim
3270 4175 3488 4213 omnes.

1895 4258 2071 4315 Omne
2100 4267 2289 4313 autem
2315 4257 2688 4327 compositum
2728 4272 2797 4311 ex
2826 4255 2997 4310 variis
3020 4254 3191 4308 habet
3230 4265 3378 4319 esse,
3409 4251 3495 4305 al-

1896 4359 2079 4406 terum
2105 4349 2284 4404 altero
2315 4349 2547 4419 indiget.
2590 4347 2708 4403 Non
2762 4348 2931 4419 igitur
2968 4363 3079 4403 non
3115 4346 3312 4418 indigne
3361 4354 3495 4400 sunt

1896 4450 2107 4511 partes,
2136 4454 2237 4494 nec
2259 4449 2433 4495 totum
2468 4456 2536 4496 ex
2567 4440 2769 4511 indigis
2802 4440 3191 4510 compositum.
3222 4441 3490 4509 Apertum

228 4533 450 4602 πρᾶγμά
480 4548 543 4601 γε
573 4529 638 4603 [ῖ.
673 4530 778 4585 ΗΞ
806 4528 886 4601 tu]
917 4530 1004 4599 εἴη
1055 4529 1441 4597 αὐθύπαρκτον
1470 4530 1500 4599 η
1527 4529 1688 4582 οὐσία
1724 4527 1785 4598 μί

1906 4532 2051 4587 enim
2077 4540 2461 4603 argumentum
2498 4532 2689 4599 habet,
2724 4548 2785 4588 se
2808 4542 2966 4587 antea
2998 4533 3244 4586 omnium
3274 4532 3492 4586 illorum

228 4622 464 4693 δεόμενον
495 4624 683 4693 ἐτέρου
730 4623 867 4692 πρὸς
916 4618 1198 4674 σύστασιν.
1250 4620 1468 4691 Ἐκείνῃ
1510 4621 1621 4689 γὰρ
1655 4618 1791 4691 μόνῃ

233 4719 295 4785 τῇ
324 4717 436 4787 θείᾳΔ
463 4717 556 4770 καὶ
586 4715 942 4784 ἁπλουστάτη
984 4711 1148 4780 φύσει
1207 4711 1300 4765 τὸν
1352 4711 1593 4765 τοιοῦτον
1626 4728 1795 4779 προσ-

233 4812 376 4877 ήκειν
399 4808 574 4879 φαμὲν
599 4806 850 4878 ὁρισμὸν.
878 4805 1043 4876 ἑτέρᾳ
1073 4803 1120 4856 δ’
1157 4804 1383 4874 οὐδεμιᾷ
1412 4804 1520 4858 τῶν
1561 4806 1797 4858 κτιστῶν

234 4902 467 4956 ἁπασῶν.
493 4901 751 4954 Σύνθετοι
789 4902 898 4970 γὰρ
931 4899 1171 4965 ἅπασαι,
1204 4899 1313 4951 πᾶν
1345 4898 1404 4952 δὲ,
1430 4897 1685 4951 σύνθετον
1730 4899 1795 4951 ὲκ

233 4993 489 5064 διαφόρων
517 4995 631 5065 ἔχει
664 4993 727 5046 τὸ
757 4987 897 5045 εἶναι
926 5008 940 5025 ·
964 4985 1041 5045 ὧν
1069 4992 1279 5045 ἕκαστα
1307 4992 1481 5043 δεῖται
1524 4989 1795 5060 ἀλλήλων.

237 5084 340 5138 Οὐκ
382 5085 444 5138 ἂν
474 5084 566 5138 οὖν
608 5084 837 5138 ἀνενδεᾶ
876 5084 963 5153 εῖη
994 5081 1121 5135 οὐτε
1162 5083 1231 5135 τά
1262 5082 1402 5151 μέρη
1436 5079 1554 5133 οὔθ’
1587 5082 1709 5133 ὅλον
1738 5078 1798 5143 ἐξ

240 5176 414 5229 ἐνδεῶν
460 5176 981 5248 συμπληρούμενον.
1038 5176 1195 5244 Σαφῆ
1244 5178 1352 5247 γὰρ
1384 5178 1484 5247 τὴν
1516 5177 1799 5243 ἀπόδειξιν

241 5268 341 5338 [χει
368 5271 456 5322 τοῦ
486 5269 616 5340 πρὶν
640 5270 739 5340 τῆς
770 5269 1017 5322 ἑκάστων
1074 5269 1301 5322 ἐκείνων
1342 5271 1668 5342 προσθήκης
1710 5274 1799 5323 ὲν-

240 5361 342 5424 te;
380 5359 535 5415 εἶναι.
575 5363 686 5415 Καὶ
737 5362 857 5429 ἅμα
888 5361 1215 5431 ἀρχόμενον,
1243 5363 1345 5416 οὐκ
1382 5363 1552 5434 ἄρχον
1576 5380 1590 5395 ·
1629 5365 1798 5433 ἡττᾶ-

243 5452 353 5507 σθαι
374 5455 475 5524 γάρ
508 5457 723 5524 ἀνάγίη
753 5449 814 5508 οὐ
846 5452 1018 5507 δεῖται
1042 5456 1103 5508 τὸ
1131 5456 1330 5517 ἐνδεές.
1366 5450 1437 5526 ᾯ
1460 5456 1517 5508 δέ
1539 5472 1593 5508 τι
1628 5457 1797 5527 ἥττηο

241 5560 341 5610 ται,
370 5548 540 5618 τούτῳ
591 5550 685 5601 καὶ
722 5546 1072 5600 δεδούλωται.
1115 5547 1181 5599 'O
1238 5547 1297 5601 δὲ
1344 5546 1560 5614 δοῦλον,
1594 5548 1696 5602 οὐκ
1731 5550 1800 5601 ἂν

244 5636 318 5707 εῖη
345 5637 529 5708 κύριον
551 5637 658 5692 οὐδ’
687 5636 1100 5706 αὐούπαρκτον.
1128 5638 1244 5691 Οὐκ
1274 5637 1404 5706 ἄρα,
1444 5639 1587 5709 πλὴν
1632 5639 1802 5709 μόνης

248 5730 333 5798 τῆς
386 5729 532 5793 θείας
570 5727 782 5792 οὐσίας,
835 5728 948 5781 τῶν
998 5727 1177 5783 ἄλλων
1210 5729 1444 5801 οὐδεμιᾷ
1488 5730 1551 5783 τὸ
1599 5731 1804 5801 κυρίως

252 5819 494 5891 ἁρμόττει
538 5821 947 5894 αὐθύπαρκτον.
1004 5820 1219 5878 Οὺσιῶν
1266 5823 1375 5898 γὰρ
1407 5824 1804 5897 πεποιωμένων

1900 4625 2237 4681 accessionis
2255 4624 2426 4681 fuisse
2446 4626 2696 4696 indigum
2716 4635 2772 4681 et
2794 4626 2958 4681 simul
2982 4625 3309 4696 inemptum,
3329 4624 3499 4696 365'

1904 4733 2018 4772 non
2053 4717 2348 4787 incipiens.
2383 4718 2619 4774 Inferius
2670 4718 2819 4774 enim
2869 4733 2990 4774 esse
3035 4732 3262 4774 necesse
3311 4729 3394 4772 est
3441 4718 3499 4772 id

1904 4826 2015 4881 quo
2052 4809 2301 4879 indigum
2335 4809 2568 4881 indiget.
2599 4810 2670 4867 Ut
2709 4810 2943 4865 inferius
2976 4810 3053 4874 lit,
3103 4811 3176 4865 ita
3213 4812 3269 4864 in
3323 4811 3499 4864 servi-

1905 4913 2077 4959 tutem
2114 4902 2285 4958 venit.
2331 4898 2489 4968 Quod
2549 4903 2738 4969 servit,
2768 4919 2877 4957 non
2930 4912 3016 4957 est
3065 4904 3348 4974 proprium
3386 4907 3496 4965 sui,

1905 5009 2008 5049 nec
2043 5009 2143 5064 per
2178 5008 2238 5048 se
2267 4994 2569 5049 exsistens.
2605 4994 2728 5049 Non
2759 4993 2931 5063 igitur
2976 5005 3174 5063 praeter
3217 5009 3379 5047 unam
3410 4994 3491 5045 di-

1908 5085 2091 5140 vinant
2116 5086 2439 5152 essentiam,
2488 5087 2723 5143 aliarum
2764 5087 2862 5142 ulli
2895 5096 2981 5141 est
3004 5103 3102 5156 per
3128 5101 3187 5142 se
3229 5087 3498 5142 exsisten-

1908 5176 2006 5232 tia.
2041 5177 2419 5232 Essentiarum
2453 5180 2601 5233 enim
2648 5178 2914 5248 qualitate
2963 5178 3316 5247 prarditat-nm
3348 5194 3501 5232 exea-

1912 5276 2088 5323 torent
2124 5283 2250 5324 esse
2308 5268 2480 5324 Deum
2528 5269 2592 5322 Ι).
2627 5268 2898 5323 Maximus
2952 5267 3275 5333 declaravit,
3310 5275 3367 5320 et
3408 5284 3502 5320 tta-

1911 5369 2034 5415 tura
2065 5361 2183 5432 ipsa
2214 5361 2377 5415 docet
2404 5359 2859 5432 perceptionibus
2911 5367 3150 5416 mentem
3183 5358 3502 5429 adjuvanti-

1912 5454 2035 5509 bus.
2070 5452 2187 5509 Una
2229 5453 2399 5520 enim,
2425 5453 2625 5521 inquit,
2652 5462 2708 5508 et
2738 5453 2970 5521 simplex
3010 5461 3068 5505 et
3099 5467 3208 5504 non
3246 5450 3502 5521 indigens

1912 5556 1970 5601 et
2012 5545 2311 5600 immobilis
2336 5546 2573 5601 creatrix
2603 5545 2845 5600 universi
2866 5542 3111 5598 essentia
3139 5552 3344 5598 sanetae
3375 5542 3501 5596 Tri-

1918 5636 2147 5699 nitatis.
2171 5637 2362 5693 Omnis
2413 5648 2598 5692 autem
2648 5646 2904 5694 creatura
2949 5635 3257 5706 composita
3297 5646 3387 5691 est
3436 5653 3500 5691 ex

1913 5731 2154 5784 essentia
2189 5740 2243 5783 et
2275 5730 2567 5799 qualitate.
2604 5729 2798 5786 Omnis
2836 5729 3079 5800 qualitas
3113 5741 3200 5786 es:
3250 5730 3502 5786 essentia

1915 5822 2142 5879 omnino
2167 5824 2439 5895 subjecta,
2480 5823 2665 5894 inqua
2693 5823 2942 5879 cernitur
2962 5834 3018 5879 et
3056 5824 3285 5887 dicitur.
3338 5824 3499 5878 mini-
