3966 6574
276 357 398 420 3ῗῦ
1262 361 1713 425 BYZANTlN/E
1753 361 2149 423 HISTORIA;
2191 363 2342 419 LIB.
2391 363 2611 422 XXXI.
3451 360 3556 422 3‘36

279 471 382 521 καὶ
407 469 527 540 ἅμα
557 470 792 524 άκτιστα
841 469 1048 524 οἴονται
1086 473 1156 525 τά
1185 472 1470 543 θεοπρεπῆ
1501 491 1559 526 τε
1589 474 1684 527 καὶ
1720 472 1862 524 κατὰ

1977 482 2071 524 est.
2109 469 2244 524 Dicit
2271 469 2437 522 etiam
2475 469 2791 523 lLJoannt-s
2827 468 3222 524 Damascenus:
3257 468 3314 524 Si
3350 473 3556 530 multos

275 560 387 629 τὴν
446 563 734 631 προφορὰν
798 560 971 613 πολλὰ
1021 561 1132 613 τῶν
1179 561 1504 631 ὀνομάτωνο
1543 562 1656 631 υύχ
1686 563 1870 614 ἕνεκεν

1977 560 2110 614 deos
2160 560 2576 630 appellaremus,
2610 576 2830 614 necesse
2871 569 3017 615 esset
3048 569 3107 615 ut
3139 565 3374 617 varietas
3409 551 3551 619 inter

277 652 418 720 γὰρ,
453 652 613 720 φησὶ,
647 653 993 722 πραγμάτων
1024 653 1238 706 πολλῶν
1263 654 1370 725 ἔφη
1402 657 1429 707 ὁ
1464 654 1659 724 Σωτὴρ
1693 656 1870 707 ἐκεῖνα

1979 652 2182 708 multos
2205 660 2546 706 cerneretur.
2572 650 2627 704 Si
2658 651 2803 705 nulla
2833 650 2977 705 inter
3001 667 3096 706 eos
3119 651 3430 710 diﬂ‘erentia
3449 664 3554 714 est.

281 744 360 797 τὰ
395 745 595 798 πάντα.
639 744 932 798 Ἀδύνατον
959 747 1067 818 γὰρ
1101 748 1176 816 μὴ
1203 747 1403 800 κτιστά
1440 742 1604 811 εἶναι,
1632 746 1668 801 ἃ
1697 747 1870 800 πολλά

1977 759 2120 801 unus
2151 754 2256 806 est,
2287 759 2395 798 non
2429 743 2608 796 multi.
2654 743 2772 796 Non
2814 744 2959 796 enim
2984 743 3268 798 diderrent
3320 745 3462 799 inter
3495 761 3557 799 se

281 838 349 890 τέ
416 840 536 891 ἐστι
590 838 684 891 καὶ
742 839 1126 908 πληθυντικῶς
1165 840 1406 908 λέγεται.
1437 841 1625 904 Μονάς
1675 841 1786 909 γάρ
1831 841 1865 910 ἠ

1978 852 2098 906 quae
2131 835 2399 891 dtﬂ'erunt
2429 834 2571 904 apud
2622 833 2683 887 D.
2737 834 3055 899 Maximum,
3091 835 3196 889 nisi
3233 851 3410 890 causa;
3434 838 3560 905 qui-

285 926 413 978 θεῖα
477 926 640 994 φύσις
692 927 872 980 εῐτυυν
919 929 952 997 ἡ
1010 929 1139 996 ἁγία
1177 927 1370 998 Τριὰς,
1413 930 1507 982 καὶ
1559 927 1618 982 ἓν
1663 929 1757 982 καὶ
1807 930 1867 981 οὐ

284 1018 486 1080 πολλὰ,
518 1019 592 1080 ὡς
651 1018 915 1082 πολλάκις
955 1021 1088 1090 ἡμῖν
1127 1021 1386 1090 ἀνωτέρω
1434 1020 1523 1076 διὰ
1574 1020 1871 1090 γραφικῶν

286 1110 676 1181 συνεπερὰνθη
744 1111 986 1194 δείξεων.
1034 1111 1174 1180 Φησὶ
1236 1111 1345 1182 γὰρ
1401 1113 1496 1167 καὶ
1540 1115 1567 1166 ό
1619 1113 1763 1176 θεῖος
1811 1115 1874 1166 ὲκ

1980 929 2084 984 bus
2113 929 2222 982 nati
2249 935 2397 990 sunt,
2433 925 2885 996 baberent368
2909 927 3248 980 varietatem.
3280 927 3389 981 Nec
3408 929 3556 982 enim

1980 1020 2282 1090 perfectum
2314 1035 2416 1074 nec
2447 1018 2774 1074 immensum
2796 1034 2898 1074 nec
2921 1018 3263 1074 indefinitum
3294 1018 3347 1073 in
3371 1021 3560 1076 multis

1985 1112 2198 1168 servari
2238 1120 2445 1181 potest.
2941 1109 2944 1112 ’

283 1205 588 1274 Δαμασκοῦ
652 1207 932 1277 Ἰωάννης,
996 1205 1062 1279 [1⁵.
1102 1208 1206 1264 174
1228 1207 1280 1282 r]
1311 1209 1387 1273 ὡς
1455 1211 1504 1262 εί
1533 1208 1764 1272 πολλοὺς
1827 1207 2060 1279 ἐροῦμεν
2101 1207 2283 1273 θεοὺς,
2339 1207 2558 1277 ἀνάγκη
2591 1206 2870 1288 ,διαφορὰν
2917 1207 2974 1259 ὲν
3019 1209 3130 1270 τοῖς
3174 1205 3389 1270 πολλτῖς
3424 1205 3558 1258 θεωο

287 1300 530 1368 ρεῖσθαι.
568 1299 628 1351 Εί
669 1299 714 1353 δ’
744 1298 973 1369 οὐδεμία
1001 1299 1239 1370 διαφορὰ
1274 1302 1332 1353 ὲν
1365 1301 1571 1366 αὐτοῖς,
1645 1294 1726 1363 εἷς
1769 1298 1972 1370 μᾶλλον
2039 1297 2133 1351 καὶ
2170 1297 2232 1350 οὐ
2264 1297 2474 1351 πολλοί.
2541 1298 2617 1350 Οὐ
2679 1298 2791 1366 γὰρ
2842 1295 2908 1348 ἂν
2934 1295 3183 1364 διέφερον
3214 1295 3462 1364 ἀλλήλων
3491 1296 3559 1348 τὰ

283 1395 618 1464 διαφέροντα
674 1395 819 1449 κατὰ
880 1396 972 1449 τὸν
1027 1395 1172 1449 θεῖον
1232 1396 1511 1466 Μάξιμον,
1573 1397 1621 1449 εί
1675 1394 1750 1466 μὴ
1798 1393 1908 1448 τῶν
1946 1394 2123 1462 λόγων
2173 1386 2258 1457 οἷς
2331 1393 2623 1462 γεγόνασιν
2659 1392 2894 1460 ἐχόντων
2955 1391 3260 1462 διαφορά-ιο
3293 1391 3418 1446 οὔτε
3449 1395 3560 1462 γὰρ

283 1490 352 1542 τὸ
379 1489 585 1543 τέλειον
641 1488 765 1543 οὔτε
798 1491 860 1544 τὸ
912 1491 1145 1562 ἄπειρον
1177 1492 1301 1546 οὔτε
1342 1494 1404 1546 τὸ
1433 1495 1848 1564 ἀπερίγραπτον
1884 1493 1942 1545 ὲν
1974 1492 2089 1552 τοῖς
2121 1491 2339 1553 πολλοῖς
2385 1489 2756 1558 φυλάττεσθαι
2783 1487 3032 1543 δύναται.

364 1585 467 1638 ΙΒ⁹.
511 1584 675 1655 Ὁρᾷς
714 1585 854 1650 πῶς,
902 1587 1038 1641 ὅπου
1088 1589 1357 1658 διαφορᾶς
1401 1591 1428 1641 ὁ
1468 1589 1627 1656 λόγος
1664 1590 1874 1642 ἔννοιαν

286 1677 644 1745 παρεισάγει,
676 1677 872 1731 ἕπεται
900 1682 999 1750 μὲν
1028 1681 1194 1744 εὐθὺς
1225 1683 1284 1736 τὸ
1317 1681 1546 1749 πλῆθος,
1583 1685 1873 1738 ἐλαύνεται

2052 1585 2172 1640 ΧΠ.
2206 1585 2468 1646 Videsne,
2496 1584 2798 1653 quomodo,
2829 1583 2922 1637 ubi
2955 1599 3119 1639 causa
3152 1583 3434 1638 varietatis
3462 1600 3558 1638 no-

1983 1678 2187 1731 tionem
2221 1676 2410 1735 infert.
2437 1685 2702 1744 seqnatur
2730 1677 2912 1730 statim
2941 1677 3257 1742 multitudo,
3290 1685 3345 1731 et
3369 1677 3556 1745 depel-

285 1768 348 1821 δὲ
381 1769 442 1820 τὸ
476 1769 535 1820 ἓν
577 1769 724 1839 μετὰ·
748 1769 844 1823 τοῦ
877 1771 1091 1826 τελείου
1139 1775 1232 1827 καὶ
1281 1775 1515 1845 ἀπείρου
1553 1776 1648 1830 καὶ
1673 1777 1870 1847 ἀπερι-

1977 1767 2124 1822 latur
2161 1783 2329 1821 unum
2354 1782 2480 1822 cum
2516 1767 2770 1821 absoluto
2795 1777 2848 1820 et
2879 1767 3148 1822 immenso
3177 1781 3233 1823 et
3263 1768 3476 1823 infinito
3502 1777 3555 1821 it

287 1860 542 1928 ’(ράπτου
589 1861 685 1913 καὶ
726 1861 826 1915 ὅσα
875 1864 978 1932 τῆς
1024 1865 1177 1929 θείας
1206 1866 1395 1930 οὐσίας
1426 1868 1556 1934 ἴδια,
1596 1867 1801 1934 μᾶλλον
1828 1869 1874 1921 δ’

288 1950 397 2003 ὅσα
431 1951 644 2019 πέφυκέ
691 1969 750 2005 το
795 1954 892 2007 καὶ
921 1955 1070 2010 ἔστιν
1104 1959 1137 2026 ἡ
1170 1958 1290 2011 θεία
1319 1959 1476 2012 οὐσία
1504 1978 1518 2026 ;
1551 1960 1708 2014 Ὠσθ’
1739 1962 1875 2014 ὅπου

288 2039 358 2091 τὸ
385 2039 595 2108 κυρίως
624 2040 746 2104 ἓν,ό
775 2041 908 2105 Θεὸς
929 2043 1155 2113 δηλαδὴ,
1192 2045 1348 2115 χώρα
1386 2049 1498 2109 τοῖς
1527 2049 1744 2112 πολλοῖς
1779 2049 1875 2102 καὶ

286 2130 572 2200 διαφόροις
595 2133 698 2186 οὐκ
731 2132 877 2186 ἔστιν
917 2136 1026 2189 οὐδ’
1060 2138 1394 2209 ἡτισοῦν.ού
1421 2140 1531 2210 γὰρ
1564 2141 1713 2195 θέσιν
1747 2144 1870 2197 τινὰ

285 2221 356 2274 τὸ
393 2223 534 2276 θεῖον
567 2225 746 2278 έκεῖνο
778 2226 837 2280 ἓν
880 2227 1052 2298 δηλοῖ,
1088 2230 1338 2302 καθάπερ
1393 2231 1455 2286 τὸ
1508 2235 1562 2287 ὲν
1602 2237 1718 2298 τοῖς
1750 2236 1872 2290 κτί-

289 2329 464 2380 σμασι
488 2317 941 2386 καταχρηστικῶς
969 2319 1264 2390 λεγόμενον
1300 2322 1394 2374 καὶ
1428 2323 1484 2374 ὲν
1517 2325 1631 2386 τοῖς
1659 2324 1876 2388 πολλοῖς

287 2407 674 2478 θεωρούμενον
707 2409 785 2466 ἓν.
817 2413 883 2464 ⁸0
920 2413 1014 2466 καὶ
1054 2414 1231 2484 ἀρχὴν
1281 2409 1426 2468 εἷναί
1480 2434 1616 2484 φασι
1670 2419 1873 2482 παντὸς

289 2498 492 2563 ποσοῦ,
528 2502 622 2554 καὶ
656 2501 796 2572 πλὴν
835 2504 1031 2557 οὐσίαν
1058 2506 1156 2575 οὐχ
1187 2506 1524 2574 ὑφίστασθαι
1559 2510 1680 2564 καθ’
1717 2514 1870 2577 αὐτὸ.

286 2591 388 2642 καὶ
430 2588 560 2641 ἄνευ
591 2590 686 2642 τοῦ
717 2591 836 2654 ἑνὸς
860 2592 1051 2645 τούτου
1087 2595 1164 2664 μὴ
1211 2591 1354 2650 εῖναι
1392 2598 1618 2668 πλῆθος.
1659 2601 1725 2654 Ἦ
1765 2602 1874 2673 γὰρ

290 2678 603 2747 μετάληψις
629 2679 722 2732 τοῦ
755 2681 873 2743 ἐνὸς
905 2682 998 2734 καὶ
1033 2683 1094 2735 τὸ
1131 2677 1274 2747 εἶδος
1303 2687 1469 2741 αὑτοῦ
1494 2688 1552 2742 τὸ
1583 2689 1694 2743 τῶν
1743 2693 1875 2745 πολ-

289 2770 406 2822 λῶν
438 2770 696 2841 ὑφίστησι
727 2773 914 2824 ποσόν.
950 2773 1116 2827 Ὅθεν
1149 2775 1248 2828 καὶ
1273 2777 1442 2842 δεκὰς
1492 2779 1592 2848 μία
1623 2780 1869 2849 λέγεται,

288 2863 394 2916 καὶ
417 2861 592 2930 χιλιὰς
623 2863 716 2915 καὶ
740 2863 943 2931 μυριὰς
968 2867 1062 2918 καὶ
1091 2867 1160 2920 τὰ
1193 2866 1276 2921 ἔτι
1308 2869 1515 2925 τούτων
1544 2872 1872 2944 λεπτότερα,

284 2953 496 3019 τετράς
528 2969 585 3006 τε
632 2954 728 3021 μία
768 2959 860 3009 καὶ
907 2957 1110 3021 πεντὰς
1141 2962 1236 3013 καὶ
1273 2961 1342 3013 τά
1365 2963 1608 3028 τοιαῦτα,
1645 2967 1740 3018 καὶ
1769 2965 1871 3018 ὅσα

288 3045 365 3112 τῇ
394 3041 488 3096 τοῦ
514 3043 685 3110 εἴδους
719 3050 923 3117 μετοχῇ
955 3048 1303 3113 ταυτῐζονταί
1334 3070 1394 3106 τε
1425 3055 1523 3110 καὶ
1552 3057 1690 3126 πρὸς
1721 3057 1782 3109 τὸ
1809 3057 1869 3109 ἓν

1978 1874 2100 1928 quae
2121 1858 2324 1913 divina:
2343 1859 2600 1912 essentia:
2624 1858 2846 1928 propria
2869 1866 2998 1912 sunt
3025 1867 3122 1911 aut
3143 1861 3326 1927 petius
3353 1861 3556 1929 quibus

1977 1961 2105 2004 nata
2129 1957 2216 2005 est
2245 1958 2303 2004 et
2333 1957 2416 2005 est
2450 1949 2634 2002 divina
2667 1951 2909 2004 essentia
2933 1950 2953 2001 ?
2977 1949 3164 2019 itaque
3196 1950 3289 2004 ubi
3316 1962 3399 2005 est
3428 1968 3554 2020 pro-

1975 2043 2093 2112 prie
2124 2057 2318 2108 unum,
2356 2032 2571 2095 scilicet
2617 2041 2782 2107 Deus,
2812 2041 3001 2095 multis
3049 2051 3108 2096 et
3137 2043 3369 2098 diversis
3399 2045 3556 2098 locus

1978 2134 2162 2188 nullus
2193 2144 2296 2189 est.
2334 2135 2453 2189 Non
2505 2137 2654 2190 enim
2700 2135 3028 2204 positionem
3070 2136 3359 2204 quamdam
3416 2137 3553 2192 divi-

1976 2241 2107 2279 num
2137 2226 2269 2282 illud
2303 2242 2470 2282 unum
2506 2227 2761 2290 involvit,
2795 2227 3258 2296 quemadmodum
3294 2230 3345 2281 in
3395 2243 3553 2283 crea-

1978 2317 2047 2372 tis
2081 2333 2188 2371 non
2214 2317 2436 2388 proprie
2466 2319 2669 2372 dicitur
2703 2327 2756 2372 et
2785 2318 2840 2372 in
2873 2319 3061 2373 multis
3085 2320 3333 2373 cernitur
3355 2335 3552 2380 unum,

1977 2409 2124 2478 quod
2160 2411 2494 2480 principium
2534 2425 2656 2465 esse
2712 2409 2903 2464 dicunt
2951 2412 3132 2466 omnis
3185 2412 3504 2480 quantitatis
3537 2448 3553 2476 ,

1976 2515 2078 2555 nec
2101 2501 2221 2556 sine
2255 2503 2494 2557 essentia
2531 2502 2800 2557 exsistere
2824 2517 2922 2572 per
2951 2518 3031 2568 se,
3053 2519 3156 2558 nec
3177 2504 3296 2558 sine
3318 2503 3422 2558 hoc
3444 2519 3554 2558 uno

1973 2607 2096 2647 esse
2130 2593 2566 2648 multitudinem.
2631 2593 2808 2650 Unius
2857 2595 3006 2649 enim
3062 2595 3456 2665 consequentia
3499 2612 3556 2654 et

1973 2683 2148 2740 forma
2183 2685 2407 2754 subiicit
2441 2686 2738 2740 multarum
2783 2702 2966 2740 rerum
2997 2687 3382 2756 quantitatem,
3409 2691 3554 2743 unde

1977 2789 2086 2828 una
2117 2775 2280 2830 decas
2314 2775 2520 2830 dicitur
2567 2786 2624 2831 et
2678 2777 2878 2831 millias
2913 2787 2970 2830 et
3004 2779 3208 2832 decies.
3240 2779 3440 2834 millias
3496 2789 3555 2836 et

1974 2881 2097 2935 qua:
2121 2866 2208 2921 his
2231 2877 2359 2922 sunt
2382 2867 2608 2934 leviora,
2632 2883 2739 2922 una
2767 2868 3081 2937 quaternio,
3103 2869 3296 2937 quinio
3319 2879 3372 2922 et
3394 2870 3554 2923 simi-

1977 2957 2047 3011 lia
2071 2973 2193 3028 qtm
2214 2959 2281 3012 ad
2313 2957 2504 3012 forma:
2535 2960 3015 3028 participationem
3063 2959 3254 3013 eadem
3284 2960 3556 3014 habentur

1978 3062 2034 3105 et
2066 3051 2133 3104 ad
2154 3066 2322 3105 unum
2355 3051 2692 3105 referuntur.
2721 3052 2885 3106 Multa
2909 3054 3056 3106 enim
3087 3057 3355 3122 partibus,
3382 3071 3555 3109 imum

286 3133 684 3204 ἀναφέρονται.
722 3139 833 3190 Καὶ
866 3140 974 3210 γάρ
1006 3142 1067 3193 τὸ
1095 3143 1263 3196 πολλὰ
1296 3146 1406 3207 τοῖς
1435 3145 1666 3216 μέρεσιν
1699 3147 1758 3200 ἓν
1791 3149 1867 3220 τῷ

1977 3141 2312 3211 integritate,
2360 3142 2529 3196 multa
2573 3143 3023 3204 cirenn'istantiis,
3058 3159 3224 3196 unum
3278 3145 3551 3214 subjecto,

286 3225 423 3295 ὅλῳ,
456 3228 550 3280 καὶ
595 3229 658 3280 τὸ
693 3229 864 3283 πολλὰ
897 3233 1013 3294 τοίς
1063 3233 1474 3307 συμϐεϐηκόσιν
1509 3236 1569 3291 ἓν
1623 3240 1702 3310 τῷ
1739 3241 1872 3294 ὑπο-

289 3319 557 3388 κειμένῳ,
591 3320 685 3373 καὶ¹
715 3321 775 3372 τὸ
803 3321 976 3376 πολλὰ
1004 3327 1116 3385 τοῖς
1148 3325 1346 3378 εἴδεσιν
1374 3325 1434 3380 ἓν
1464 3327 1542 3398 τῷ
1566 3329 1738 3396 γένει,
1762 3332 1870 3384 ’καὶ

286 3402 358 3457 τὸ
387 3403 556 3458 πολλὰ
583 3409 704 3469 ταῖς
750 3404 812 3478 [Γ.
863 3406 1068 3482 1741).]
1106 3411 1358 3481 προόδοις
1379 3411 1438 3465 ἒν
1468 3417 1532 3483 τῇ
1568 3415 1729 3484 ἀρχῇ.
1764 3418 1872 3470 Καὶ

288 3497 361 3549 οὑ
393 3498 552 3566 μόνον
582 3500 806 3552 ἐπὶτῶν
833 3501 1227 3570 διωρισμένων,
1259 3503 1395 3558 ἀλλὰ
1423 3507 1518 3558 καὶ
1548 3506 1618 3560 τά
1669 3508 1871 3577 συνεχῆ

291 3587 480 3641 πάντα
537 3587 766 3660 μεγέθη,
816 3592 866 3643 εί
917 3591 1110 3660 φεύγει
1153 3592 1213 3646 τὸ
1250 3592 1328 3658 έν,
1368 3594 1448 3656 εἰς
1485 3594 1690 3666 πλῆθος
1728 3595 1872 3651 κατὰ

288 3678 758 3750 ἀντιπεπόνθησιν
826 3678 1202 3752 θρυπτόμενα,
1253 3685 1348 3736 καὶ
1402 3687 1502 3751 τὴν
1558 3685 1754 3739 οὐσίαν
1807 3689 1872 3758 ἣν

290 3765 445 3840 εἶχεν
483 3769 806 3835 ἀπόλλυσιν,
833 3773 1015 3825 οὐκέτι
1053 3773 1183 3826 ὄντα
1234 3773 1262 3826 ὃ
1304 3769 1395 3846 ἦν.
1431 3776 1569 3830 Καθ’
1600 3777 1725 3830 ὅσον
1757 3779 1867 3849 γὰρ

291 3861 362 3912 τὸ
389 3859 447 3911 ἒν
481 3859 794 3926 ἀπόλλυσιν,
827 3860 1084 3914 ἀλλάσσει
1133 3865 1230 3915 καὶ
1263 3863 1324 3915 τὸ
1370 3857 1510 3917 εἶναι
1565 3865 1870 3936 τμηθέντα,

295 3951 394 4004 διὰ
421 3953 482 4006 τὸ
511 3947 652 4006 εἶναι
682 3953 743 4006 τὸ
779 3951 837 4006 έν
895 3952 1150 4009 ἁπάντων
1205 3957 1490 4020 στοιχείων
1519 3958 1775 4013 ὲνωτικόν
1810 3975 1871 4011 τε

299 4043 403 4094 καλ⁵
462 4043 847 4113 συλληπτικὸν,
903 4043 1077 4097 ὁπόσα
1141 4045 1352 4112 γένεσίς
1407 4063 1469 4098 τε
1534 4046 1717 4116 βόσκει
1776 4050 1872 4100 καὶ

301 4132 507 4201 φθορά.
545 4135 611 4186 Ἦ
641 4135 749 4204 γάρ
793 4135 1048 4205 ἑτερότης
1071 4135 1335 4206 διαφορὰν
1372 4133 1467 4188 τοῦ
1512 4137 1668 4200 ὄντος
1719 4139 1870 4191 εἰσά-

301 4237 502 4293 γουσα,
530 4227 662 4296 πρὸς
700 4227 906 4279 ἔννοιαν
930 4227 1021 4279 τοῦ
1056 4231 1133 4298 μὴ
1164 4229 1315 4289 ὄντος
1350 4228 1547 4299 ρᾳδῖως
1577 4229 1869 4299 ἐξίστησιν.

302 4318 382 4370 Οὐ
426 4319 535 4386 μὴν
569 4319 629 4370 τὸ
667 4318 824 4370 Θεῖον
847 4313 909 4372 ’ἓν
935 4318 1108 4372 ἐκεῖνο
1138 4317 1380 4372 τοιοῦτον
1403 4335 1419 4351 ο
1449 4320 1733 4388 ποιητικὸν
1765 4321 1872 4390 γὰρ

297 4406 510 4459 τούτων
567 4408 840 4461 συνθέτων
891 4407 1083 4474 ὄντων,
1145 4407 1356 4461 ἁπλοῦν
1414 4409 1768 4462 παντάπασιν
1813 4410 1872 4463 ὃν

294 4502 479 4553 ἐκεῖνο
521 4500 616 4552 καὶ
662 4500 1057 4570 ύπερκόσμιον.
1101 4501 1237 4555 Οὐδὲ
1274 4503 1424 4555 θέσιν
1453 4503 1664 4556 τοιάνδε
1694 4503 1868 4573 δηλοῖ,
1905 4479 1947 4534 D

294 4592 415 4646 ἀλλ’
445 4591 606 4662 άρτιν
638 4594 702 4644 ὲκ
743 4589 853 4644 τῶν
885 4591 1116 4656 πολλῶν,
1142 4594 1241 4645 ὅσα
1272 4610 1330 4646 τε
1364 4593 1601 4662 αἰσθητὰ
1638 4595 1730 4647 κα)⁸
1765 4596 1871 4648 ὅσα

295 4683 492 4752 νοητά.
526 4684 589 4736 Et
623 4685 730 4754 γὰρ
757 4683 815 4735 τὸ
844 4685 1048 4753 κυρίως
1077 4681 1136 4736 δν
1168 4684 1249 4748 ἓν,
1273 4685 1425 4738 ἔσται
1460 4685 1569 4752 άρα
1600 4686 1777 4737 καὶτὸ
1811 4683 1870 4738 ἓν

294 4776 509 4843 κυρίως
538 4773 598 4827 ὃν
629 4778 720 4828 καὶ
777 4774 870 4828 νοῦ
925 4776 1129 4839 παντὸς
1178 4776 1458 4830 ἐπέκεινα.
1490 4776 1597 4829 Τοῦ
1649 4775 1694 4830 δ’
1750 4778 1870 4841 ἑνὸς

291 4870 554 4921 ἐπέκεινα
589 4868 697 4922 τῶν
727 4870 944 4923 πάντων
975 4869 1147 4924 οὐδέν.
1179 4871 1342 4923 Ὅθεν
1375 4876 1465 4924 καὶ
1495 4869 1662 4923 είκῶν
1691 4871 1720 4922 ὁ
1748 4868 1870 4935 νοῦς

289 4959 396 5011 τοῦ
454 4961 571 5023 ἑνὸς
627 4962 835 5014 ἐκείνου
871 4962 1112 5028 λέγεται.
1148 4957 1301 5014 Εἶναι
1346 4967 1456 5031 γὰρ
1507 4962 1720 5014 καὶτὸν
1745 4963 1868 5014 νοῦν

293 5052 418 5118 φῶς
477 5052 682 5104 ἄυπνον
731 5053 825 5104 καὶ
887 5051 1033 5122 ζωὴν
1090 5055 1362 5120 μένουσαν
1395 5053 1488 5105 καὶ
1544 5055 1732 5116 νόησιν
1769 5055 1870 5106 οὐκ

293 5143 629 5211 ἐνεργοῦσαν
657 5143 737 5206 είς
778 5143 836 5195 τὺ
873 5144 1088 5212 μέλλον,
1122 5143 1236 5196 ἁλλ’
1276 5149 1356 5205 εἰς
1399 5147 1466 5198 τά
1501 5146 1748 5215 παρόντα
1781 5147 1869 5210 ἀεὶ

294 5235 397 5287 καὶ
425 5235 683 5297 ὡσαύτως
729 5234 944 5305 ἔχοντα,
974 5235 1242 5306 σύμφωνά
1265 5254 1325 5288 τε
1363 5236 1493 5290 ὅντα
1527 5238 1742 5300 ἑαυτοῖς
1772 5239 1868 5290 καὶ

290 5326 509 5394 οὐδαμῆ
567 5343 699 5378 ποτε
738 5326 1039 5396 μαχόμενα.
1072 5327 1216 5398 Πρὸς
1267 5327 1331 5397 δὴ
1385 5328 1444 5380 τὸ
1489 5328 1729 5381 τοιοῦτον
1784 5327 1865 5392 ἓν,

287 5422 389 5474 τὸν
419 5421 549 5473 θεὸν
592 5421 810 5492 δηλαδὴ,
851 5421 1004 5475 πάντ’
1039 5424 1221 5475 ἐκεῖνα
1269 5423 1339 5475 τὰ
1390 5421 1562 5474 πολλὰ
1609 5420 1718 5472 τῶν
1747 5421 1865 5472 ὀνο-

294 5511 488 5580 μάτων
520 5514 661 5564 κατὰ
716 5515 808 5564 τὴν
859 5512 998 5564 θεῖον
1051 5512 1306 5581 φέροιται
1363 5513 1701 5575 Ἀθανάσιον,
1735 5510 1770 5562 ἃ
1807 5525 1865 5560 τε

293 5605 567 5673 πρζτερον
620 5605 674 5654 ὲν
708 5603 886 5666 ἄλλοις
933 5605 1122 5675 εἴρηκε
1182 5605 1381 5670 λόγοις,
1416 5605 1510 5654 καὶ
1562 5601 1598 5655 ἂ
1651 5601 1763 5662 νῦν,
1801 5599 1862 5652 τὸ

291 5693 576 5762 ἄφθαρτον
642 5693 861 5764 δηλαδὴ,
893 5693 953 5746 τὸ
1024 5696 1313 5764 ἄτρεπτον,
1345 5693 1406 5746 τὺ
1455 5693 1860 5758 ἀκατάληπτον,

291 5786 358 5837 τὸ
391 5783 640 5848 δυναιδν,
671 5784 728 5836 τὺ
782 5784 1207 5854 προγνωστικὸν,
1245 5786 1338 5838 καὶ
1381 5786 1472 5838 ὅσα
1515 5784 1659 5836 ἐστὶν
1693 5783 1720 5836 δ
1756 5783 1863 5833 llat-

1977 3235 2146 3288 multa
2180 3233 2394 3299 formis,
2431 3250 2602 3288 unum
2637 3250 2858 3304 genere,
2893 3236 3061 3289 multa
3112 3248 3335 3301 eventu,
3379 3254 3549 3291 unum
3625 3253 3630 3256 ·

1974 3322 2270 3394 principio,
2299 3334 2355 3378 et
2380 3340 2486 3378 non
2519 3323 2681 3379 modo
2710 3323 2765 3378 in
2802 3325 3088 3394 separatis,
3113 3327 3204 3379 sed
3233 3329 3396 3380 etiam
3420 3342 3554 3381 Cttl-

1973 3427 2075 3472 ctaa
2103 3415 2527 3485 magnitudines,
2562 3415 2606 3470 si
2639 3415 2858 3484 fugiunt
2889 3431 3082 3481 unum,
3121 3415 3191 3470 ad
3238 3417 3549 3471 multitudi.

1975 3523 2099 3560 nem
2157 3505 2614 3575 compensatione
2673 3505 2838 3576 369
2875 3507 3084 3560 minuta
3136 3516 3190 3562 et
3243 3509 3542 3564 essentiam

1973 3613 2136 3667 quam
2184 3595 2460 3650 habebant
2499 3595 2780 3660 amittunt,
2804 3611 2906 3652 nec
2937 3597 3083 3666 quod
3106 3606 3269 3652 erant
3315 3599 3553 3666 amplius

1974 3688 2242 3746 sunt.Ubi
2274 3689 2422 3744 enim
2446 3704 2614 3743 unum
2638 3689 2920 3755 amittunt,
2948 3689 3022 3742 ita
3051 3691 3408 3760 consequitur
3429 3705 3554 3745 esse

1975 3783 2196 3851 partita,
2233 3791 2458 3852 propter
2485 3796 2608 3837 esse
2637 3797 2830 3848 unum,
2862 3783 3170 3838 concilians
3220 3793 3277 3838 et
3303 3784 3544 3851 comple-

1986 3881 2146 3926 ctens
2170 3873 2354 3926 omnia
2380 3873 2650 3927 elementa
2675 3888 3013 3943 quaecunque
3043 3884 3201 3929 ortus
3239 3885 3292 3929 et
3320 3889 3550 3930 occasus

1975 3965 2105 4018 fert.
2144 3964 2460 4020 Dill'erentia
2514 3967 2661 4020 enim
2715 3968 3033 4021 varietatem
3078 3967 3172 4019 τοῦ
3212 3983 3334 4023 esse
3372 3969 3549 4021 invol-

1974 4069 2131 4116 vens,
2165 4054 2232 4108 ad
2271 4055 2363 4108 τοῦ
2397 4070 2508 4110 non
2544 4071 2666 4111 esse
2704 4056 2862 4110 facile
2888 4058 3155 4126 pervenit.
3195 4058 3417 4113 Minime
3461 4058 3514 4112 di
3538 4092 3550 4100 -

1973 4142 2161 4196 vinum
2197 4144 2327 4197 illud
2357 4160 2546 4203 unum,
2577 4157 2772 4200 creatis
2810 4148 3114 4214 composita
3164 4147 3276 4212 illa,
3315 4147 3548 4216 simplex

1974 4235 2196 4288 omnino
2228 4243 2284 4288 et
2337 4237 2756 4304 supernaturale
2784 4275 2800 4300 ,
2834 4253 2944 4291 non
2988 4238 3148 4292 talem
3213 4239 3549 4308 positionem

1973 4326 2370 4394 expositionem
2403 4326 2660 4394 explicat,
2693 4328 2788 4382 sed
2818 4329 3226 4398 exemptionem
3281 4346 3312 4383 e
3358 4331 3550 4384 multis

1975 4431 2096 4487 quae
2128 4427 2259 4472 sunt
2281 4417 2566 4472 sensibilia
2601 4429 2657 4474 et
2689 4419 3079 4490 intelligibilia.
3109 4419 3164 4474 Si
3185 4423 3358 4483 enim,
3399 4423 3546 4490 quod

1983 4508 2203 4579 proprie
2223 4518 2325 4574 est,
2361 4525 2530 4564 unum
2565 4521 2672 4575 est,
2715 4525 2885 4565 unum
2910 4527 3042 4580 ergo
3063 4512 3167 4566 erit
3201 4513 3422 4582 proprie
3449 4529 3547 4567 ex-

1979 4600 2178 4654 sistens
2226 4607 2284 4654 et
2342 4601 2482 4654 ultra
2543 4615 2762 4654 omnem
2805 4601 3094 4655 rationem.
3137 4601 3309 4657 Unius
3365 4614 3550 4656 autem

1979 4689 2116 4743 nihil
2147 4689 2283 4743 ultra
2314 4693 2652 4754 universum,
2691 4692 2838 4746 unde
2867 4692 3007 4747 ratio
3057 4692 3235 4762 imago
3269 4693 3432 4748 unius
3479 4694 3546 4748 il-

1978 4779 2087 4833 lius
2115 4779 2336 4834 dicitur.
2367 4780 2500 4835 Esse
2555 4781 2705 4836 enim
2760 4784 3026 4838 rationem
3075 4782 3261 4836 lumen
3318 4784 3448 4851 vigil
3492 4795 3551 4838 et

1979 4873 2122 4924 viam
2157 4884 2468 4928 manentem
2497 4881 2554 4928 et
2611 4882 2849 4926 mentem
2878 4889 2986 4930 non
3024 4873 3091 4926 ad
3143 4873 3386 4927 futurum
3416 4877 3550 4929 acti-

1975 4979 2122 5027 vam,
2157 4965 2249 5018 sed
2275 4963 2342 5018 ad
2375 4963 2662 5034 praesentia
2695 4977 2750 5019 et
2787 4980 2909 5034 quae
2944 4965 3143 5020 similia
3177 4976 3306 5019 sunt
3335 4975 3388 5018 et
3437 4967 3550 5020 sibi-

1975 5053 2290 5116 coneordia,
2335 5054 2558 5107 minime
2605 5068 2844 5122 unquam
2895 5056 3275 5121 repugnantia.
3325 5055 3404 5106 Ad
3439 5055 3556 5108 tale

1977 5159 2168 5205 unum,
2199 5144 2407 5198 sciliCct
2439 5143 2631 5208 Deum,
2661 5143 2844 5196 omnia
2879 5143 2968 5196 illa
2992 5143 3215 5198 nomina
3240 5146 3552 5198 secundum

1975 5233 2038 5287 D.
2080 5235 2439 5294 Athanasium
2478 5234 2748 5300 feruntur,
2785 5251 2907 5305 qua:
2938 5245 3096 5289 antea
3139 5237 3190 5287 in
3224 5234 3347 5287 aliis
3392 5235 3554 5289 libris

1975 5326 2204 5394 protulit
2225 5335 2277 5380 et
2299 5341 2421 5394 quas
2451 5341 2617 5387 nunc,
2652 5341 2844 5394 nempe
2893 5324 3330 5394 incorruptibile,
3361 5325 3552 5380 immu-

1976 5417 2157 5480 tabile,
2209 5415 2789 5485 incomprehensibile,
2834 5418 3553 5488 omnipotens,providens,

1973 5521 2311 5575 quaecunque
2332 5506 2491 5561 Pater
2515 5517 2643 5562 sunt
2691 5517 2746 5562 et
2785 5524 2905 5578 qua:
2956 5509 3174 5578 propria
3213 5512 3375 5563 etiam
3429 5509 3556 5566 Fili

1971 5613 2090 5653 esse
2143 5598 2296 5662 dicit,
2335 5599 2380 5653 si
2430 5600 2649 5668 quidem
2705 5601 2974 5654 naturalia
3011 5611 3067 5654 et
3111 5601 3443 5667 essentialia,
3486 5618 3560 5658 ne

1971 5691 2147 5744 diram
2187 5692 2364 5760 ipsum
2398 5706 2517 5746 es:e
2549 5691 2762 5747 Filium.
2795 5695 3143 5763 Qumcunqne
3177 5695 3556 5750 attribuuntur

1974 5781 2117 5836 Patri
2141 5780 2463 5836 naturaliter
2483 5790 2535 5838 ct
2555 5784 2941 5851 essentialitcr,
2960 5786 3184 5855 370m
3215 5787 3345 5841 dit-it
3362 5787 3423 5843 ι).
3445 5789 3554 5855 (Zy-
