3856 6564
437 381 545 447 r27
1603 379 2024 440 NICEPIIORI
2072 375 2458 436 noscens
2907 341 2912 344 ’
3544 378 3626 444 323

439 497 745 562 rillus,li:ec
789 497 972 550 omnia
1015 503 1137 549 sunt
1164 495 1216 548 in
1239 495 1398 549 Filio.
1429 495 1570 566 Ergo
1605 495 2001 563 incorruptum.

2111 495 2238 560 ﬁ”).
2276 495 2338 544 ..Α
2389 493 2480 544 καὶ
2530 490 2636 544 ἴδια
2675 491 2768 542 καὶ
2795 487 2888 542 τοῦ
2923 487 3049 540 Υἱοῦ
3092 503 3254 556 φησιν
3291 481 3450 552 εἶναι,
3483 491 3626 548 εῐτουν

439 591 802 654 immutabile,
831 588 1400 658 incumprehensibile,
1437 601 1663 658 petens,
1688 587 2002 652 providens,

437 697 774 751 quaecunque
801 681 959 734 Pater
988 657 1268 736 sunt,h;rc
1293 679 1473 730 omnia
1506 686 1632 728 sunt
1653 657 1808 736 ‘Filii,
1831 677 1910 730 vel
1938 676 2004 728 ad

439 783 678 827 nostrain
707 771 1193 826 circumscribendi
1231 769 1703 828 consuetudinem,
1736 781 1844 818 non
1875 766 2004 818 falsa

436 875 491 918 et
523 863 754 916 ascititia
801 861 915 914 Filii
949 863 1188 930 pmpria.
1219 859 1396 914 Unum
1453 858 1596 910 enim
1641 855 1892 922 idemque
1921 855 2006 907 di-

439 959 578 1010 vinae
595 967 646 1010 et
669 955 904 1024 simplici
933 954 1156 1008 omnino
1175 965 1378 1005 naturae
1408 949 1781 1016 intelliguntur
1803 955 1856 1000 et
1881 955 2006 1000 sunt

438 1057 492 1100 et
521 1049 779 1100 dir-untur
816 1045 1392 1118 omnia.Qumcnnqne
1420 1041 1564 1094 cnim
1607 1039 1794 1093 deitati
1851 1038 2006 1092 attri-

439 1143 707 1204 buuntur,
743 1139 946 1208 inquit,
997 1140 1154 1190 unice
1193 1146 1246 1188 et
1281 1137 1499 1204 proprie
1543 1133 1634 1186 uni
1675 1145 1728 1186 et
1769 1131 2002 1200 simplici

438 1242 492 1286 et
523 1233 648 1294 soli,
676 1232 790 1286 hiec
819 1229 1131 1286 communia
1166 1227 1436 1280 naturalia
1469 1225 1648 1280 Patris
1681 1233 1736 1278 et
1787 1222 1910 1276 Filii
1951 1229 2007 1275 et

439 1341 608 1378 unum
661 1325 936 1392 idemque,
987 1319 1132 1388 quod
1184 1319 1358 1372 deitas
1399 1335 1504 1372 una
1537 1325 1638 1376 est,
1699 1326 1754 1370 ot
1791 1325 2004 1368 natura.

436 1416 681 1470 Assentit
726 1411 1024 1468 Athanasio
1056 1411 1290 1480 Cyrillus
1328 1415 1380 1462 in
1421 1409 1703 1462 Thesauri:
1739 1406 2004 1474 Spiritum

439 1507 562 1561 Filii
595 1505 874 1574 pmprium
911 1503 1226 1556 nominans.
1269 1499 1422 1564 Vide,
1465 1499 1740 1568 quomodo
1791 1502 1842 1550 in
1879 1511 2008 1566 pro-

439 1597 712 1666 positione
740 1609 862 1648 cum
893 1593 1077 1646 multis
1094 1591 1360 1644 dixisset:
1411 1611 1428 1640 ι
1463 1589 1656 1644 Omnia
1699 1605 1820 1658 qua:
1848 1589 2006 1643 habet

439 1691 624 1746 Pater,
681 1705 699 1737 ι
756 1695 810 1739 ct
857 1701 978 1752 qua:
1030 1682 1288 1736 attribuit
1319 1682 1504 1734 dcitati
1543 1681 1732 1745 Patris,
1769 1679 1894 1732 dein
1952 1681 2006 1732 in

440 1795 608 1831 ttnttm
634 1775 1106 1844 comprehenderis
1131 1789 1238 1826 non
1271 1773 1427 1836 dicit,
1461 1792 1477 1822 ‹
1521 1773 1868 1840 Quaecunque
1913 1770 2006 1824 ha-

2111 586 2311 652 φυσικὰ
2335 585 2426 636 rei
2448 583 2702 652 ούσιὼδη,
2719 581 2918 650 μᾶλλον
2937 581 2981 632 δ’
3009 582 3182 633 εἰπεῖν
3203 579 3358 633 αύτδν
3383 579 3441 652 [ι.
3464 583 3552 639 I75
3569 587 3626 658 r.]

2107 673 2244 730 εῖναι
2312 677 2404 728 τὸν
2467 676 2611 728 Υιόν.
2647 675 2786 726 Ὅσα
2838 677 2944 741 γὰρ
3004 673 3285 742 προσεῖναι
3339 673 3543 742 λέγεται
3567 679 3629 746 τῷ

2111 769 2282 837 "arpi
2339 767 2582 836 φυσικῶς
2641 781 2700 816 τε
2739 765 2832 817 καὶ
2887 763 3188 830 ούσιωδῶς,
3237 763 3374 814 κατὰ
3405 761 3491 816 τὸν
3515 757 3632 822 θεῖον

2109 858 2398 927 Κύριλλον,
2461 857 2634 910 ταῦτα
2695 857 2872 909 πάντα
2938 856 3083 908 ἐστὶν
3131 855 3158 907 6
3221 853 3368 916 Υἱός.
3425 853 3493 907 Τδ
3543 858 3630 928 ἄρα

2107 951 2385 1020 ἄφθαρτον
2415 950 2506 1002 καὶ
2535 951 2802 1016 ἄτρεπτον
2837 949 2928 999 καὶ
2968 945 3352 1014 ἀκατάληπτον
3392 947 3479 999 καὶ
3509 947 3636 1002 δυνα-

2107 1046 2195 1095 τὸν
2225 1043 2320 1094 καὶ
2357 1041 2764 1108 προγνωστικὸν
2793 1039 2889 1092 καὶ
2917 1039 3018 1092 ὅσα
3047 1039 3192 1090 ὲστίν
3223 1040 3250 1090 6
3273 1038 3634 1108 Πατὴρ,ταῦτα

2108 1134 2266 1190 πάντ’
2297 1133 2443 1186 ἐστὶν
2480 1135 2506 1186 6
2539 1133 2691 1196 Υἱός.
2723 1133 2784 1184 El
2831 1131 2939 1198 γὰρ
2969 1133 3060 1184 καὶ
3092 1131 3532 1201 περιφραστικῶς
3560 1135 3636 1187 καὶ

2109 1228 2248 1280 κατὰ
2277 1229 2377 1296 τήν
2421 1243 2484 1295 γε
2534 1226 2807 1295 ἡμετέραν
2861 1225 3071 1290 λέγοιτο
3119 1225 3426 1292 συνήθειαν,
3455 1225 3556 1276 ἀλλ’
3588 1229 3635 1278 οὑ

2107 1319 2235 1372 νόθα
2275 1319 2368 1371 καὶ
2424 1319 2692 1386 ἐπίκτητα
2723 1319 2790 1370 τὰ
2843 1316 2938 1369 τοῦ
2983 1316 3114 1368 Υίοῦ
3153 1317 3295 1368 ἴδια·
3327 1315 3385 1367 ἐν
3423 1318 3524 1386 γὰρ
3564 1322 3638 1371 και

2107 1409 2300 1460 ταυτὸν
2346 1411 2411 1476 τῇ
2456 1408 2578 1479 θείᾳ
2611 1408 2706 1460 xai
2755 1407 3110 1476 ἁπλουστάτη
3153 1407 3314 1474 φύσει
3347 1409 3536 1460 νοεῖται
3563 1411 3638 1462 καὶ

2107 1499 2222 1552 ἐστι
2253 1499 2350 1553 καὶ¹
2381 1501 2599 1566 λέγεται
2633 1499 2834 1552 πάντα.
2864 1499 3004 1550 Ὅσα
3057 1499 3165 1566 γὰρ
3217 1497 3410 1565 ἀνήκει
3443 1499 3506 1565 τῇ
3545 1497 3640 1550 θεό-

2106 1612 2253 1664 τητι,
2293 1597 2478 1664 φησιν,
2517 1594 2714 1656 ἑνικῶς
2765 1593 2860 1646 καὶ
2891 1593 3202 1662 μονοειδῶς,
3237 1595 3304 1662 τῇ
3345 1593 3440 1662 μιᾷ
3471 1592 3638 1664 δηλαδὴ

2109 1687 2202 1739 καὶ
2235 1687 2377 1755 ἁπλῇ
2403 1686 2496 1740 καὶ
2527 1686 2683 1756 μόνῃ,
2715 1683 2890 1736 ταῦτα
2919 1681 3075 1734 κοινὰ
3105 1682 3201 1734 καὶ
3233 1683 3436 1748 φυσικὰ
3465 1681 3640 1750 "arpi;

2111 1781 2202 1832 και⁸
2245 1778 2374 1831 Υιοῦ
2411 1779 2501 1830 καὶ
2543 1777 2599 1830 ἓν
2627 1777 2719 1830 καὶ
2767 1775 2986 1836 ταυτὸν,
3017 1773 3141 1826 ἐπεὶ
3185 1773 3277 1824 καὶ
3330 1772 3512 1840 θεότης
3544 1775 3638 1841 μία,

439 1869 534 1922 bet
561 1910 575 1930 ,
631 1886 648 1916 ι
690 1866 809 1928 sed,
844 1885 862 1916 ι
917 1865 1266 1932 Ουιιδοιιιιίιυρ
1304 1871 1432 1918 sunt
1488 1864 1667 1916 Pater.
1725 1881 1742 1913 ι
1783 1863 2001 1914 Sublata

2110 1871 2364 1940 καθάπερ
2399 1871 2496 1922 καὶ
2537 1867 2726 1938 φύσις.
2761 1867 3067 1936 Συνηγορεῖ
3096 1867 3150 1916 δὲ
3185 1863 3280 1915 καὶ
3335 1864 3574 1933 Κύριλλος
3599 1867 3642 1918 ὲν

437 1962 586 2014 enim
613 1958 1151 2026 circumscriptione.
1194 1975 1212 2006 ι
1255 1955 1423 2010 habet
1461 1973 1478 2006 ι
1525 1965 1578 2006 et
1634 1973 1652 2006 ι
1711 1956 2005 2007 multarum

439 2059 856 2118 creatarumque
879 2062 1060 2100 rerum
1103 2064 1120 2096 ι
1150 2048 1374 2100 notione
1414 2045 1548 2100 dicit
1585 2061 1714 2110 non,
1740 2044 2010 2110 Quaecun-

438 2155 546 2209 que
573 2150 722 2202 sunt,
755 2153 852 2192 nec
890 2139 1236 2205 Qnaacuuque
1295 2136 1460 2188 habet
1527 2137 1702 2198 Pater,
1734 2136 1826 2190 sed
1887 2135 2008 2203 qui-

441 2231 546 2286 bus
597 2241 680 2285 est
721 2249 749 2284 a
785 2231 940 2285 nobis
997 2230 1308 2284 nominatus
1361 2237 1420 2282 ut
1464 2227 1640 2298 dignis
1671 2229 2004 2290 nominibus,

439 2339 562 2378 cum
597 2323 782 2376 divina
835 2323 920 2375 illa
962 2321 1281 2390 simplicitas
1329 2321 1592 2390 pluralem
1645 2321 1868 2374 omnino
1911 2335 2008 2372 no-

439 2414 643 2467 tionem
679 2429 784 2465 non
816 2413 1072 2478 postulet.
1103 2409 1358 2470 Videsne,
1405 2419 1465 2464 ut
1516 2427 1742 2478 magnus
1769 2410 2006 2462 Athana-

438 2501 552 2555 sius
583 2501 960 2556 doctrin-aliter
1019 2501 1072 2553 in
1112 2515 1280 2552 unum
1319 2499 1528 2568 redegit
1555 2499 1686 2552 illud
1725 2499 2008 2564 pluraliter

439 2595 680 2648 dierum:
717 2595 1076 2659 Quwcnnque
1105 2591 1272 2643 habet
1304 2589 1484 2650 Pater,
1513 2603 1630 2642 mea
1669 2598 1828 2648 sunt.
1879 2604 2006 2643 cum

441 2693 598 2738 antea
650 2691 902 2748 negasset
940 2681 1007 2734 de
1059 2679 1246 2732 multis
1296 2686 1350 2730 cl.
1383 2679 1584 2731 creatis
1616 2677 1780 2730 rebus
1826 2676 2008 2732 dicere

436 2775 595 2846 371
659 2774 904 2826 divinam
956 2771 1102 2824 illam
1158 2771 1462 2844 orationem
1517 2783 1638 2822 esse
1689 2769 2004 2838 potandam.

437 2869 572 2921 Nam
595 2866 660 2920 de
688 2881 774 2926 eo,
809 2863 950 2933 quod
981 2863 1291 2932 possidetur
1327 2869 1383 2915 et
1443 2861 1588 2929 quod
1641 2859 1902 2928 possidet,
1939 2859 2006 2914 de

437 2959 628 3014 eodem
665 2968 718 3010 et
743 2957 936 3016 altero.
969 2955 1034 3008 de
1063 2954 1339 3008 similibus
1366 2955 1482 3021 ipse
1529 2951 1854 3010 meministi.
1885 2967 2008 3019 qua:

438 3063 602 3116 supra
635 3047 874 3100 breviter
916 3045 982 3098 ad
1008 3045 1159 3099 locos
1189 3044 1492 3112 unicuique
1547 3041 1774 3096 idoneos
1821 3041 2008 3112 dispu-

441 3151 551 3194 tata
584 3149 733 3194 sunt.

2115 1959 2454 2027 Θησιιινροῖς
2489 1958 2811 2026 ’Δθανασίῳ,
2847 1957 2974 2008 ίδιον
2993 1953 3123 2006 Υιοῦ
3153 1953 3213 2005 τδ
3237 1951 3458 2022 Πνεῦμα
3478 1953 3638 2020 λέγων,

2109 2053 2252 2120 Ὅρα
2292 2051 2349 2104 δὲ
2409 2051 2508 2102 καὶ
2575 2050 2692 2110 πῶς
2755 2049 2810 2100 ὲν
2871 2050 2936 2116 τῇ
2989 2046 3252 2116 προτάσει
3295 2044 3642 2114 πληθυντικῶς

2106 2139 2274 2194 είπὼν
2333 2139 2510 2192 πάντα
2553 2139 2652 2190 ὅσα
2701 2139 2870 2206 ἔχειὸ
2925 2139 3109 2206 Πατὴρ
3151 2137 3242 2187 καὶ
3271 2136 3374 2187 ὅσα
3403 2135 3556 2204 ἀνῆκε
3583 2139 3634 2204 τῇ

2107 2231 2320 2300 θεότητι
2377 2229 2472 2282 τοῦ
2531 2230 2763 2298 ιιατρδς,
2807 2229 2977 2282 ἔπειτ’
3032 2231 3112 2292 εἰς
3159 2227 3217 2281 ἓν
3271 2226 3492 2294 ἀγαγὼν
3521 2245 3644 2280 συνε-

2107 2323 2362 2392 πὲρανεν,
2397 2323 2494 2390 οὐχ
2547 2321 2646 2373 ὅσα
2699 2321 2812 2388 ἔχει
2859 2321 2888 2372 6
2931 2319 3138 2388 Πατὴρ,
3172 2317 3292 2372 ἀλλ’
3345 2319 3442 2372 ὃσα
3473 2319 3644 2371 ἐστινὸ

2109 2413 2315 2484 Πατήρ.
2355 2413 2463 2466 Καὶ
2491 2411 2597 2482 γὰρ
2633 2409 2850 2477 ἀφελὼν
2885 2413 2984 2480 τήν
3015 2427 3074 2463 τε
3107 2411 3199 2462 τοῦ
3232 2411 3385 2479 ἔχειν
3413 2411 3646 2480 περιφρα-

2109 2523 2192 2558 σιν
2223 2509 2319 2558 καὶ
2349 2505 2444 2572 τῆν
2489 2503 2598 2556 τῶν
2645 2503 2856 2556 πολλῶν
2909 2505 2998 2556 καὶ
3049 2503 3291 2556 κτιστῶν
3339 2506 3644 2571 πραγμάτων

2110 2597 2387 2656 ὑπόνοιαν,
2419 2596 2518 2666 οὐχ
2545 2597 2644 2648 ὃσα
2677 2597 2838 2660 εἰσὶν,
2878 2591 3054 2658 εἶπεν,
3087 2597 3200 2648 οὐδ’
3231 2597 3336 2649 ὅσα
3364 2595 3474 2664 ἔχει
3501 2598 3525 2648 ὸ
3555 2596 3644 2647 Πι-

2106 2685 2231 2755 τὴρ,
2265 2685 2376 2736 ἀλλ’
2405 2685 2504 2738 ὅσα
2535 2685 2684 2736 ἐστὶν
2735 2683 3144 2752 ὀνομαζόμενος
3171 2683 3454 2754 θεοπρεπῆ
3476 2683 3646 2752 δηλαδὴ

2107 2778 2238 2845 παρ’
2266 2777 2422 2847 ἡμῶν
2453 2777 2713 2844 ὀνόματα,
2749 2775 2842 2830 ἆτε
2897 2777 2991 2829 καὶ
3029 2777 3126 2852 τῆς
3159 2775 3316 2838 θείας
3355 2777 3414 2828 οὗ
3455 2791 3646 2846 προσιε-

2110 2873 2278 2940 μένης
2319 2868 2536 2936 ἐκείνης
2591 2869 2894 2938 ἁπλότητος
2945 2869 3324 2938 πληθυντικήν
3371 2887 3489 2922 τινα
3537 2869 3644 2930 ὅλως

2107 2957 2340 3010 ἔννοιαν.
2390 2957 2560 3028 Ὁρᾷς
2607 2958 2728 3021 πῶς
2761 2960 2788 3011 6
2821 2959 2996 3026 μέγας
3041 2957 3370 3017 Ἀθανὰσιος
3405 2955 3518 3008 κατ’
3547 2957 3645 3008 ἐπι-

2111 3049 2321 3116 στήμην
2361 3051 2440 3111 είς
2471 3049 2532 3101 τὸ
2553 3050 2610 3101 ἓν
2643 3051 2972 3116 συνεπέρανε
3005 3047 3067 3102 τὺ
3103 3047 3483 3118 πληθυντικῶς
3518 3049 3643 3116 είρη·

2038 3120 2080 3178 c
2117 3140 2299 3209 μένον,
2333 3159 2350 3191 ι
2393 3141 2576 3196 Πάντα
2605 3141 2706 3194 ὃσα
2737 3142 2848 3210 ἔχει
2873 3141 2903 3194 6
2925 3141 3117 3212 Πατὴρ
3157 3141 3268 3211 ὲμά
3293 3145 3434 3204 ἔστι,
3479 3159 3496 3190 ι
3530 3141 3648 3208 ἀπη-

363 3245 374 3258 '
435 3233 718 3303 γορευκὼς
759 3233 1026 3304 πρότερον
1113 3231 1186 3302 μὴ
1239 3229 1366 3300 περὶ
1419 3231 1764 3300 πραγμάτων
1857 3229 2070 3283 πολλῶν
2107 3233 2201 3286 καὶ
2241 3235 2476 3287 κτιστῶν
2510 3234 2718 3288 οἴεσθαι
2767 3235 2948 3304 λέγειν
2979 3234 3194 3305 ἐκείνην
3241 3237 3346 3304 τὴν
3379 3234 3524 3288 θείαν
3558 3253 3648 3302 φω,

435 3327 720 3396 νήν.11ερὶ
755 3328 863 3394 γὰρ
897 3324 1053 3376 ὲκτοῦ
1103 3325 1197 3376 καὶ
1235 3323 1445 3394 ἔχοντος
1501 3325 1596 3376 καὶ
1651 3323 1848 3376 ταυτοῦ
1909 3326 2003 3378 καὶ
2042 3327 2231 3396 ἐτέρου
2275 3327 2370 3380 καὶ
2409 3327 2520 3380 τῶν
2566 3328 2826 3382 τοιούτων
2875 3329 3153 3398 μέμνησαι
3223 3329 3320 3381 καὶ
3395 3329 3546 3392 αὐτὸς
3587 3329 3647 3390 ὼς

432 3419 688 3486 ἀνωτέρω
717 3417 888 3486 βραχὺ
923 3417 982 3487 [ι.
1019 3416 1120 3469 175
1144 3413 1221 3486 υ.]
1250 3416 1393 3468 κατὰ
1421 3417 1608 3488 χώραν
1631 3417 1842 3486 ἑκάστῳ
1871 3419 2254 3488 προσήκουσαν
2287 3421 2542 3492 τεχνικὴν
2567 3422 2976 3475 ἀποδέδεικται.

511 3513 643 3566 λιιι.
672 3513 789 3566 Jam
821 3527 973 3575 vero,
1005 3513 1050 3564 si
1083 3511 1276 3580 placet,
1305 3528 1538 3566 concors
1569 3513 1658 3567 ille
1691 3513 2000 3568 advocetur

441 3603 500 3655 ξ).
551 3601 824 3664 Basilius,
868 3600 961 3668 qui
1011 3600 1235 3652 nomina
1275 3611 1330 3654 et
1371 3602 1627 3656 notiones
1662 3605 1769 3656 Deo
1807 3603 2000 3672 dignas

437 3693 578 3744 idem
615 3691 792 3744 \alere
825 3692 968 3744 inter
995 3705 1052 3744 se
1077 3705 1270 3743 omnes
1297 3691 1470 3758 dicit,
1499 3693 1642 3760 quod
1671 3693 1739 3746 ab
1767 3693 1994 3764 subjecti

435 3781 832 3852 significatione
867 3795 973 3834 non
997 3781 1331 3849 discrepent.
1355 3781 1704 3853 Quaecunque
1727 3787 1893 3846 enim,
1917 3785 1998 3839 in-

437 3876 593 3943 quit,
623 3873 692 3928 de
727 3873 836 3927 Deo
863 3873 1071 3926 dixeris
1101 3874 1318 3927 nomina
1349 3875 1718 3944 adjndieantia
1749 3885 1804 3931 et
1838 3877 1996 3948 abiu-

447 3965 724 4029 dicantia,
777 3964 1012 4034 positiva
1054 3974 1111 4018 et
1155 3965 1440 4034 negativa,
1491 3981 1612 4035 quae
1645 3977 1766 4037 apta
1799 3980 1853 4023 et
1889 3983 1998 4022 non

433 4068 556 4122 apta
607 4057 882 4110 interdum
927 4071 956 4110 a
1001 4057 1206 4111 sanctis
1252 4057 1532 4120 dicuntur,
1584 4075 1752 4112 unum
1782 4071 1864 4114 cst
1897 4077 1996 4130 per

433 4149 614 4202 omnia
645 4147 1032 4216 signiﬁcatum,
1063 4149 1176 4202 sive
1211 4148 1438 4214 bonum,
1469 4149 1582 4204 sive
1606 4149 1837 4220 justum,
1875 4167 1996 4220 quae

433 4241 838 4310 adjudicantia,
875 4241 988 4294 sive
1035 4241 1343 4294 immortale
1389 4241 1504 4296 sive
1543 4243 1989 4311 incorruptibile,

433 4347 552 4399 quae
583 4331 949 4400 abjudieantia
977 4332 1262 4384 dicuntur.
1303 4331 1418 4384 Illis
1464 4331 1611 4384 enim
1634 4371 1649 4396 ,
1683 4349 1804 4400 qua:
1839 4333 1994 4386 attri-

435 4422 702 4484 buuntur,
737 4423 1132 4490 exprimimus,
1163 4422 1249 4474 his
1295 4437 1416 4490 quae
1461 4437 1572 4475 non
1619 4424 2000 4477 attribuuntur

2177 3517 2275 3570 ll".
2334 3517 2474 3570 Ἀλλ’
2505 3519 2554 3570 εί
2585 3517 2784 3587 βούλει,
2819 3519 3118 3588 συνήγορος
3149 3521 3286 3590 ἡμῖν
3337 3520 3430 3574 καὶ
3462 3521 3489 3576 6
3531 3521 3648 3583 θεῖος

2107 3609 2392 3678 κεκλήσθω
2445 3610 2754 3674 Βασίλειος,
2797 3611 3006 3678 Πάντα,
3043 3611 3240 3680 λέγων,
3277 3613 3348 3666 τὰ
3397 3613 3646 3684 θεοπρεπῆ

2104 3700 2345 3772 ὀνόματά
2370 3719 2428 3754 τε
2459 3705 2552 3756 καὶ
2577 3704 2828 3774 νοήματα
2850 3705 2874 3756 6
2883 3706 3128 3775 μοτξμως
3157 3706 3272 3775 ἔχει
3308 3707 3444 3772 πρὸς
3467 3707 3644 3776 ἄλληλα

2103 3793 2180 3862 τῷ
2205 3793 2371 3864 μηδὲν
2403 3795 2554 3864 παρὰ
2581 3797 2680 3866 τὴν
2715 3797 2810 3849 τοῦ
2855 3798 3219 3867 ὑποκειμένου
3253 3801 3540 3870 διαφωνεῖν
3567 3819 3650 3872 ση-

2103 3883 2327 3952 μασίαν.
2367 3885 2506 3938 Ὅσα
2549 3887 2656 3956 γὰρ
2706 3887 2795 3950 ἂν,
2835 3893 3023 3956 φησιν,
3060 3891 3224 3962 είπῃς
3255 3893 3354 3945 ἐπὶ
3385 3893 3516 3947 Θεοῦ
3545 3895 3646 3947 ὀνό-

2101 3993 2269 4044 ματα,
2298 3981 2648 4045 καταφατικὰ
2671 3996 2729 4032 τε
2761 3979 2962 4050 δηλαδὴ
2988 3984 3081 4035 xai
3106 3983 3451 4053 ἀποφατικὰ,
3489 3989 3642 4040 είτουν

2099 4067 2512 4140 ἁπαγορευτικὰ
2551 4073 2645 4124 καὶ
2677 4073 2969 4142 ἁρνητικὰ,
2999 4075 3034 4128 ἃ
3079 4076 3142 4148 δὴ
3174 4080 3454 4147 προσόντα
3481 4098 3536 4134 τε
3565 4083 3646 4132 καὶ

2103 4156 2178 4226 μὴ
2223 4159 2492 4226 προσόντα
2546 4159 2766 4228 λέγεται
2821 4163 2956 4234 πρὸς
2993 4166 3103 4218 τῶν
3151 4167 3326 4236 ἁγίων
3355 4169 3522 4224 ἐνίοτε
3565 4173 3646 4224 καὶ

2101 4249 2359 4320 ἀλλαχοῦ,
2392 4250 2450 4304 ἓν
2487 4253 2574 4305 διὰ
2605 4255 2825 4306 πάντων
2855 4257 2974 4309 ἐστι
3003 4257 3062 4310 τὸ
3095 4264 3528 4332 σημαινόμενον,
3563 4263 3646 4318 εἰτ’

2101 4342 2427 4408 ἀγαθὸνκαὶ
2457 4343 2668 4398 δίκαιον
2703 4349 2796 4400 καὶ
2829 4349 2896 4402 τὰ
2942 4349 3088 4404 οὕτω
3113 4353 3386 4422 λεγόμενα
3417 4376 3647 4427 καταφα-

2105 4431 2248 4497 τικὰ,
2287 4431 2386 4484 εἴτ’
2424 4433 2693 4488 ἀθάνατον
2733 4437 2826 4490 καὶ
2869 4439 3148 4512 ἄφθαρτον
3178 4446 3275 4498 καὶ
3305 4448 3374 4498 τὰ
3403 4447 3538 4500 οὕτω
3573 4450 3648 4500 λε-

431 4513 832 4584 abjndicamus.
859 4513 1080 4580 Itaque,
1113 4523 1172 4566 ut
1201 4512 1505 4568 Eunomius
1533 4512 1700 4580 dicit,
1734 4515 1788 4568 in
1823 4517 2000 4569 nomi-

2106 4522 2308 4590 γόμενα
2363 4524 2655 4594 ἁρνητικά.
2706 4527 2805 4581 Διὰ
2855 4533 2964 4600 γὰρ
3017 4533 3265 4600 ἐκείνων,
3307 4536 3343 4588 ἃ
3385 4543 3648 4606 προσεῖναι

433 4607 595 4658 nibus
621 4607 686 4658 de
707 4605 818 4658 Deo
841 4604 1006 4658 dictis
1033 4604 1150 4672 ipse
1177 4607 1374 4659 fertur.
1397 4605 1662 4670 Quocirca
1691 4607 1998 4662 innomina-

435 4705 522 4749 tus
559 4695 648 4749 ille
686 4695 874 4750 multis
909 4711 940 4748 a
977 4695 1135 4749 nobis
1168 4697 1490 4750 nominibus
1523 4707 1768 4763 vocatur,
1798 4700 2000 4769 quippe

432 4787 524 4853 qui
557 4787 784 4840 nomine
817 4789 1034 4856 proprie
1079 4788 1384 4856 quadrante
1431 4789 1778 4857 indigeamus
1818 4803 1907 4858 et,
1941 4802 2002 4846 ut

433 4880 682 4948 plurimis
707 4879 988 4933 nominum
1021 4881 1382 4935 varietatibus
1410 4882 1688 4936 notionem
1717 4885 1810 4938 Dei
1841 4885 1999 4939 nobis

435 4972 652 5022 insitam
681 4969 1020 5036 aperiamus,
1051 4985 1332 5040 cogamur.
1361 4971 1570 5026 Nomen
1607 4973 1752 5026 enim
1797 4973 1998 5029 divinae

433 5073 642 5114 natura:
671 5075 1002 5130 congruens,
1023 5061 1319 5130 Gregorius
1346 5061 1622 5132 Nysscnus
1650 5065 1745 5130 ait,
1773 5081 1878 5118 non
1904 5081 1998 5119 au-

431 5153 687 5208 divimus.
727 5154 1165 5222 Explicationem
1211 5155 1375 5226 hujus
1419 5159 1842 5228 appellationis,
1889 5175 1996 5229 qua

430 5247 920 5313 comprehenditur
950 5247 1317 5316 intelligibilis
1351 5258 1404 5302 ct
1438 5249 1600 5319 372
1633 5251 1999 5305 invisibisna-

431 5345 572 5402 tura,
597 5353 702 5389 non
727 5353 950 5405 prorsus
973 5339 1310 5405 incognitum
1338 5343 1497 5394 nobis
1523 5341 1996 5410 putaiiius.§Atque

428 5427 737 5478 divinorum
771 5427 1056 5480 nominum
1094 5429 1394 5483 multitudo
1429 5431 1624 5483 similis
1657 5441 1739 5484 est
1771 5433 1929 5485 lineis
1963 5448 1994 5486 a

427 5515 628 5571 ﬁnibus
645 5519 832 5573 circuli
861 5521 912 5573 in
937 5529 1184 5574 centrum
1211 5531 1356 5576 recta
1379 5525 1854 5593 convergentibus,
1875 5539 1995 5593 qua:

428 5611 612 5663 divisze
641 5613 770 5680 ipsae
803 5625 954 5666 extra
977 5654 992 5678 ,
1023 5624 1274 5667 centrum
1311 5615 1558 5668 dividere
1591 5633 1700 5669 non
1739 5627 1988 5684 possunt.

429 5698 644 5752 Etenim
691 5701 742 5756 in
789 5702 1144 5772 disquirenda
1189 5704 1519 5772 intelligibili
1566 5717 1800 5770 natura,
1845 5723 1987 5775 quo-

427 5787 572 5840 niam
593 5807 754 5859 supra
779 5809 1036 5846 scnsnutn
1062 5796 1466 5862 perceptionem
1491 5797 1662 5866 posita
1688 5807 1790 5862 est,
1811 5809 1988 5851 mente

2106 4611 2378 4680 λέγονται,
2409 4618 2858 4688 καταφάσκομεν,
2891 4622 2980 4674 διὰ
3018 4622 3074 4676 δὲ
3105 4625 3310 4680 τούτων
3339 4631 3648 4700 ἀπαγορεύο-

2107 4723 2204 4775 μεν
2238 4707 2274 4760 ἃ
2311 4707 2386 4776 μὴ
2419 4709 2735 4778 πρόσεστιν,
2769 4713 2843 4776 ὡς
2885 4713 3046 4778 αὐτὸς
3087 4719 3144 4770 ἐν
3201 4723 3312 4784 τοῖς
3357 4725 3487 4794 περὶ
3531 4725 3646 4778 Θεοῦ

2103 4799 2417 4869 λεγομένοις
2449 4804 2614 4871 φησιν
2642 4804 2867 4874 ὀνόμασι
2889 4809 3011 4860 κατ’
3047 4809 3314 4880 Εὐνομίου
3348 4817 3644 4884 φερόμενος.

2105 4890 2269 4943 ’Ὅθεν
2294 4893 2322 4944 6
2350 4891 2633 4962 ἀνώνυμος
2675 4896 3026 4968 πολυώνυμος
3055 4901 3184 4970 ἡμῖν
3221 4907 3519 4976 ἀποροῦσιν
3543 4909 3646 4962 6V6-

2105 4993 2274 5046 ματος
2325 4979 2416 5032 τοῦ
2450 4982 2650 5050 κυρίως
2701 4985 3068 5052 ἁρμόττοντος
3121 4991 3354 5058 γίνεται,
3390 4997 3646 5058 πλείστοις

2099 5067 2382 5137 διαφοραῖς
2425 5071 2703 5138 ὀνομάτων
2765 5077 3111 5149 ἁνακαλύῲαι
3161 5081 3510 5155 βιαζομένοις
3561 5087 3645 5158 τὴν

2101 5161 2229 5227 περὶ
2259 5159 2352 5212 τοῦ
2399 5163 2540 5215 θείου
2589 5168 2720 5234 ἡμῖν
2757 5171 3117 5242 ὲγγινομένην
3142 5175 3424 5232 ὑπόνοιαν.
3461 5183 3648 5248 ὀνομα

2099 5253 2204 5322 γὰρ
2259 5257 2618 5323 σημαντικὸν,
2651 5261 2679 5310 6
2731 5261 3028 5317 Νυσσαέων
3079 5267 3282 5334 φάσκει
3337 5269 3644 5341 Γρηγόριος,

2097 5344 2196 5412 τῆς
2222 5345 2370 5406 θείας
2404 5347 2616 5414 φῦπεως
2645 5352 2742 5403 οὐκ
2785 5355 3096 5426 ἐμάθομενο
3121 5359 3359 5429 δήλωσιν
3397 5365 3454 5416 δὲ
3493 5382 3643 5436 προσ-

2096 5435 2328 5504 ηγορίας
2359 5439 2612 5507 τοιαύτης
2643 5441 2708 5494 δι’
2741 5437 2806 5514 ἧς
2837 5447 3390 5517 ἑμπεριλαμϐἀνεται
3427 5457 3462 5524 ἡ
3487 5435 3646 5523 ἄφρα-

2097 5527 2222 5590 στός
2249 5545 2309 5580 τε
2339 5529 2430 5582 καὶ
2459 5533 2688 5600 ἀόρατος
2727 5537 2888 5602 φύσις
2922 5537 2951 5608 ἢ
2992 5541 3092 5592 οὐκ
3121 5539 3258 5594 εἶναι
3299 5547 3526 5600 καθόλου
3557 5561 3646 5614 φα-

2098 5619 2216 5686 μὲν,
2249 5617 2282 5688 ἢ
2315 5621 2532 5682 πάντως
2577 5626 2710 5692 ἡμῖν
2739 5627 3020 5695 ἄγνωστον
3073 5627 3232 5687 εἶναι.
3267 5635 3382 5688 Καὶ
3418 5637 3558 5689 ἔοικε
3591 5635 3644 5688 τὸ

2093 5711 2200 5762 τῶν
2228 5713 2543 5781 θεοπρεπῶν
2572 5717 2852 5785 ὀνομάτων
2883 5721 3081 5793 πλῆθος
3118 5729 3234 5790 ταῖς
3265 5728 3328 5780 ὲκ
3351 5729 3460 5781 τῶν
3495 5729 3646 5798 περά-

2094 5817 2199 5851 των
2233 5799 2328 5852 τοῦ
2357 5803 2553 5858 κύκλου
2591 5810 2722 5878 πρὸς
2772 5813 2832 5864 τὸ
2863 5807 3108 5883 κέντρον’
3141 5821 3538 5888 συναγομέναις
3567 5821 3644 5872 εύ-
