3856 6570
425 451 534 515 335

1637 440 2062 504 NICEPIIORI
2085 439 2489 501 'GREGORE
3555 433 3641 504 336

419 539 716 616 utilitatem
749 557 860 614 sint
889 555 1234 626 conscripti?
1265 557 1408 626 Ergo
1439 551 1800 607 omittendum
1833 549 1994 604 nobis

2104 550 2523 620 Χρυσορρήμων
2551 543 2751 600 αὐτίκα
2779 543 3024 616 ποιήσει.
3069 562 3089 596 ι
3126 541 3388 613 Ἑτίμησε
3419 543 3521 614 γάρ
3552 551 3642 602 σεὸ
3665 545 3680 562 ⁸

418 657 668 712 divinum
699 655 1054 724 Evangelium
1082 653 1227 723 quod
1255 653 1568 722 Scriptnras
1602 657 1656 702 ut
1687 658 2002 718 pcta-scrute—

418 763 544 802 mur
581 763 681 802 nos
709 745 1084 802 adhortatur?

2105 643 2262 705 Θεὸς,
2305 642 2492 713 φησὶν,
2531 641 2631 712 οὐχ
2663 639 2751 693 ἵνα
2785 639 2952 693 αὐτὸν
3001 636 3269 708 ὑϐρίζῃςο
3320 636 3528 704 ὑϐρίζει
3556 643 3643 714 γὰρ

2109 733 2316 786 αὑτὺνό
2335 733 2434 802 τὴν
2465 733 2656 785 οὐσίαν
2681 728 2846 782 αὐτοῦ
2877 745 3035 798 περιε
3047 726 3643 801 ργαξόμενος.ιτούτοις

429 843 630 894 ἐκεῖνοι
658 839 719 890 τδ
756 835 950 899 εἰωθὸς
992 835 1317 904 ἀντεισῆγον
1351 833 1547 884 ἐκεῖνο·
1581 827 1713 883 Εἶτα
1744 826 2024 898 ἐρρῶσθαι
2057 825 2373 896 φράσομεν,
2405 821 2540 892 φησὶ
2562 860 2576 886 ,
2627 821 2725 884 τὰς
2759 818 3076 886 θεολογικὰς
3105 818 3214 872 τῶν
3245 818 3421 888 ἁγίων
3461 819 3646 888 βίϐλους

419 939 494 1000 ὡς
545 937 611 990 ἂν
651 937 700 988 εἰ
767 933 854 987 ἐπ’
884 931 1060 986 οὐδενὶ
1092 932 1350 1002 χρησίμῳ
1387 933 1502 993 τοῖς
1564 927 1900 996 πεπονηκόσι
1941 921 2279 994 γραφεέσας;
2341 921 2572 990 Χαίρειν
2608 919 2656 972 δ’
2703 919 2938 988 ἐάσομεν
2993 919 3055 970 τδ
3095 917 3238 970 θεῖον
3273 915 3463 984 Εῠιγγ
3491 915 3592 969 λιον
3627 925 3650 980 δ

416 1031 514 1093 τὰς
547 1027 792 1097 ,Γραφὰς
845 1027 978 1096 ἡμῖν
1025 1025 1254 1096 ὲρευνᾷν
1303 1023 1592 1092 παραινεῖ;

485 1167 574 1222 Ill.
599 1167 680 1222 Ad
700 1165 812 1222 haec
831 1163 1100 1234 Gregoras
1113 1163 1192 1218 sic
1209 1162 1322 1216 fere
1355 1159 1670 1228 respondit:
1694 1157 1802 1212 Vos
1821 1157 1998 1212 haere-

416 1259 650 1315 ticorum
676 1259 823 1314 dicta
853 1257 986 1312 mihi
1018 1255 1294 1326 profertis.
1329 1252 1394 1308 lli
1421 1267 1550 1307 vero
1577 1251 1802 1321 quinam
1823 1249 1998 1304 sunt?

414 1367 560 1405 anne
589 1350 786 1404 horum
815 1349 1056 1416 ineptam
1088 1344 1482 1400 scrutationem
1524 1351 1579 1396 et
1605 1341 1880 1396 curiosum
1913 1341 1998 1392 in-

415 1442 679 1497 dustriam
703 1441 878 1509 palam
901 1455 928 1492 a
945 1439 1338 1509 Chrysostomo
1357 1433 1692 1503 deprehendi
1711 1445 1994 1500 nunquam

416 1533 750 1590 audivistis?
778 1533 884 1588 Sed
910 1531 1148 1586 audietis
1172 1545 1318 1584 nunc
1363 1530 1528 1582 etiam
1574 1539 1802 1596 prorsus
1835 1523 1997 1577 nobis

417 1625 603 1680 invitis
630 1623 908 1695 quomodo
929 1623 1020 1678 hic
1046 1622 1431 1676 litereticorum
1456 1615 1832 1687 oppositiones
1859 1629 1996 1668 con-

420 1718 572 1772 tinno
593 1733 655 1770 ac
689 1727 916 1772 strenue
945 1714 1231 1770 rel'ellerit.
1277 1710 1570 1776 Proﬁtere,
1606 1707 1804 1777 inquit,
1833 1705 1998 1776 380

418 1807 820 1862 confessionem
841 1816 1013 1872 tuam,
1045 1804 1322 1860 literetice.
1349 1805 1487 1858 Cum
1512 1801 1578 1856 ad
1609 1797 1996 1870 baptisterium

2175 1155 2246 1208 F'.
2279 1155 2422 1216 Πρὸς
2451 1153 2624 1206 ταῦτα
2659 1153 2686 1205 ὁ
2709 1150 3002 1220 Γρηγορᾶς
3029 1147 3234 1202 οὑτωσί
3272 1163 3392 1209 πως
3435 1147 3654 1220 ἀπήντη.

2105 1261 2220 1299 σενο
2251 1243 2557 1314 Δίρετικῶν
2589 1259 2682 1312 μοι
2706 1242 3036 1311 προφέρετε,
3089 1237 3392 1308 ἄνθρωποι,
3431 1237 3653 1308 ῥήματα.

2103 1339 2278 1392 Τίνων
2309 1338 2374 1406 δὴ
2399 1335 2644 1402 τούτωνς
2695 1328 2768 1387 ὧν
2819 1335 2919 1403 τὴν
2969 1331 3173 1386 ἄτοπον
3223 1331 3455 1400 ἐρευνάν
3495 1347 3548 1384 τε
3575 1334 3654 1386 καὶ

2105 1430 2644 1500 πολυπραγμοσύνην
2669 1427 2908 1500 δημοσίᾳ
2939 1426 3032 1480 τοῦ
3061 1425 3528 1496 Χρυσορρήμονος
3555 1425 3650 1492 ἔξεο
3694 1469 3710 1502 ι

2103 1525 2388 1596 λέγχοντος
2421 1523 2579 1578 οὔπω
2613 1539 2676 1592 γε
2707 1521 3028 1591 ἠκηκόειτε,
3059 1518 3136 1582 ὡς
3165 1518 3366 1571 ἔοικεν.
3423 1517 3651 1572 Ἀκούσι-

2105 1621 2200 1674 σθε
2226 1619 2283 1673 δὲ
2315 1619 2430 1686 νῦν,
2466 1619 2562 1672 καὶ
2591 1619 2640 1669 εί
2675 1617 2752 1688 μὴ
2781 1615 2924 1670 πάνυ
2957 1631 3010 1668 τι
3039 1611 3285 1682 σφοδρῶς
3335 1628 3398 1680 γε
3429 1610 3514 1682 εἴη
3544 1612 3651 1682 ὑμῖν

2105 1715 2244 1786 πρὸς
2279 1712 2610 1783 βουλήσεως,
2640 1710 2738 1772 τὰς
2771 1707 2880 1760 τῶν
2913 1705 3212 1776 αῑρετικῶν
3241 1703 3546 1766 ἀντιθέσεις
3573 1721 3652 1758 συ-

2105 1809 2208 1880 χνά
2236 1825 2298 1860 τε
2323 1807 2433 1860 κάκ
2453 1804 2547 1859 τοῦ
2598 1803 2866 1871 σύνεγγυς
2901 1802 3328 1872 ἀνατρέποντος.
3379 1797 3651 1866 ’Δνάγνωθί

418 1900 720 1967 accessisti,
749 1899 880 1969 quid
911 1897 1192 1954 confessus
1221 1895 1317 1950 es?
1341 1893 1640 1948 llorrendis
1664 1893 1770 1946 illis
1799 1897 1996 1961 myste-

2104 1922 2226 1970 σου,
2285 1903 2422 1974 φησὶ
2453 1903 2554 1974 (1),
2593 1901 2693 1971 τὴν
2721 1899 3038 1970 ὁμολογίαν,
3057 1895 3327 1968 αἱρετικὲ.
3353 1895 3484 1947 Ὅτε
3509 1907 3654 1962 προτί

421 1994 521 2060 riis
543 1992 702 2046 [idem
735 1991 975 2044 habuisti
1002 2008 1016 2044 :
1057 2005 1207 2044 nunc
1237 2003 1368 2044 vero
1397 1986 1492 2041 Dei
1519 1985 1814 2040 essentiam
1845 1997 2000 2038 scru-

421 2087 523 2140 tari
557 2083 888 2154 praesumis?
919 2081 1024 2137 Sed
1067 2081 1192 2136 vide
1223 2095 1344 2150 qua:
1366 2077 1612 2133 veritatis
1651 2073 2000 2130 adversarius

417 2185 612 2232 contra
664 2175 831 2230 dicat.
870 2173 1055 2240 Quid?
1092 2173 1292 2242 inquit,
1327 2186 1510 2226 nonne
1563 2169 1808 2222 inertem
1839 2165 2000 2232 nobis

419 2279 660 2324 mentem
690 2267 843 2322 dedit
873 2267 1018 2320 Deus
1044 2265 1067 2319 ?
1096 2263 1290 2320 Nonne
1325 2278 1515 2318 revera
1549 2259 1870 2330 accepimus
1915 2275 2000 2314 ra-

417 2363 584 2416 tionis
609 2359 934 2414 criterium?
963 2359 1105 2428 Ergo
1147 2365 1330 2412 mente
1365 2371 1464 2410 nos
1500 2353 1660 2408 [idem
1687 2361 2000 2422 perscrute-

417 2469 542 2506 mur
567 2461 802 2520 oportet,
832 2465 1010 2518 neque
1041 2449 1216 2518 pietas
1247 2449 1586 2518 inexplorata
1617 2461 1738 2501 esse
1762 2445 1944 2500 debet.
1975 2463 1992 2495 ι

414 2543 618 2600 Contra
675 2543 812 2598 ille:
848 2542 1078 2610 Oportet
1128 2549 1334 2604 autem,
1384 2555 1416 2593 ο
1449 2538 1696 2594 veritatis
1753 2536 1995 2604 inimice,

417 2637 740 2694 scrutationi
795 2643 1000 2688 nostra:
1063 2619 1331 2688 terminos
1390 2629 1752 2702 prtescribant
1813 2628 1998 2682 divina

417 2735 690 2800 przecepta
731 2734 788 2781 et
817 2740 848 2779 a
883 2726 994 2780 Deo
1031 2725 1174 2780 datae
1217 2723 1376 2778 nobis
1434 2721 1656 2792 pietatis
1711 2720 1876 2788 leges.
1916 2719 1998 2773 Tu

415 2833 546 2876 vero
590 2815 948 2872 transiliendo
994 2816 1050 2870 in
1114 2812 1396 2868 veritatem
1461 2825 1674 2880 peccas.
1721 2809 1826 2864 Sed
1877 2809 2000 2864 vide

419 2927 543 2984 quae
567 2912 674 2965 alia
695 2916 918 2979 insuper
943 2908 1152 2978 profert
1181 2906 1506 2960 haereticus:
1531 2904 1648 2958 Non
1665 2903 1997 2968 invenimus,

417 3003 618 3074 inquit,
651 3003 814 3056 ﬁdem
875 3011 1044 3054 tutam
1092 2999 1317 3068 ubique.
1361 2997 1578 3052 Scimus
1627 2996 1772 3049 enim
1823 2995 1997 3048 Adam

417 3097 583 3152 etiam
611 3110 680 3150 ex
701 3097 804 3150 [ide
826 3096 1059 3164 lapsum.
1083 3091 1192 3146 Sed
1215 3091 1336 3144 vide
1359 3093 1524 3144 etiam
1543 3086 1999 3158 quirChrysosto-

2101 1996 2264 2069 ἦλθες
2325 1994 2716 2067 βαπτισθῆναι,
2777 1991 2832 2046 τί
2893 1987 3083 2056 shaec;
3139 1989 3250 2042 Καὶ
3299 1987 3396 2041 ἐπὶ
3433 1985 3530 2055 μὲν
3557 1983 3648 2036 τῶν

2101 2088 2351 2160 φρικτῶν
2403 2086 2630 2140 ἐκείνων
2670 2083 2992 2158 μυστηρίων
3039 2082 3143 2152 τὴν
3173 2082 3362 2134 πίστιν
3391 2079 3651 2148 προσήγα-

2099 2197 2218 2250 γες,
2253 2181 2348 2234 νῦν
2375 2179 2432 2234 δὲ
2461 2178 2557 2232 τοῦ
2587 2177 2726 2232 Θεοῦ
2783 2175 3272 2248 πολυπραγμονεῖς
3313 2171 3416 2239 τὴν
3445 2167 3648 2230 οὑσίανς

2113 2271 2256 2326 Ἀλλ’
2276 2271 2380 2340 ὅρα
2410 2269 2463 2322 τί
2491 2269 2656 2324 πάλιν
2681 2270 2710 2322 ὁ
2737 2267 2928 2338 ἐχθρὸς
2957 2266 3236 2333 ἀντιλέγει
3265 2263 3367 2333 τῆς
3394 2260 3648 2330 ἀληθείας·

2100 2364 2192 2433 Μὴ
2214 2361 2324 2430 γὰρ
2357 2361 2563 2434 ἀργοὺς
2594 2363 2728 2432 ἡμῖν
2761 2361 2792 2414 ό
2819 2359 2950 2422 Θεδς
2993 2357 3190 2412 δέδωκε
3226 2354 3560 2423 λογισμούς;
3587 2353 3650 2422 μὴ

2101 2457 2210 2527 γὰρ
2249 2454 2787 2523 ἁπλῶς-εἰλήφαμεν
2837 2451 2931 2506 τοῦ
2987 2450 3082 2505 νοῦ
3133 2455 3196 2502 το
3229 2448 3515 2518 κριτήριον
3541 2445 3652 2512 ςΔεῐ

2103 2547 2198 2600 καὶ
2225 2546 2510 2616 λογισμοῖς
2544 2545 2774 2616 ἐρευνᾷν
2799 2547 2903 2614 τὴν
2933 2543 3140 2605 πίστιν,
3191 2541 3284 2594 καὶ
3315 2539 3394 2610 μὴ
3421 2537 3652 2601 ἀνεξέτα-

2103 2655 2228 2693 στον
2267 2633 2531 2708 εἶναιτὴν
2556 2636 2859 2690 εὐσέϐειαν.
2897 2634 3057 2688 Ἀλλὰ
3085 2632 3282 2704 χρεὼν,
3309 2631 3492 2699 φησιν,
3513 2626 3651 2698 ἐχθρὲ

2101 2729 2201 2800 τῆς
2230 2728 2510 2799 ἀληθείας,
2551 2726 2614 2800 [ί.
2649 2726 2746 2782 157
2771 2725 2850 2798 v.]
2905 2725 3005 2794 τῆς
3035 2724 3340 2790 ἐξετάσεως
3373 2722 3496 2788 ὅρον
3525 2716 3644 2770 εἶναι

2100 2822 2168 2874 τά
2199 2821 2320 2874 θεῖα
2359 2821 2518 2889 λόγια
2548 2820 2644 2876 καὶ⁵
2694 2821 2823 2882 τοὺς
2857 2817 2990 2887 παρ’
3035 2815 3200 2869 αὑτοῦ
3235 2815 3488 2875 δοθέντας
3533 2813 3646 2880 ἡμῖν

2099 2915 2200 2986 τῆς
2239 2915 2521 2978 εὐσεϐείας
2543 2913 2794 2974 κανόνας.
2821 2913 2894 2966 Σὺ
2933 2910 2979 2964 δ’
3009 2909 3361 2980 ὑπερϐαίνων
3389 2907 3546 2976 βιάζῃ
3567 2905 3650 2975 τὴν

2099 3009 2384 3078 ἀλήθειαν.
2421 3008 2532 3062 Καὶ
2567 3007 2666 3078 ὅρα
2697 3007 2858 3060 πάλιν
2879 3005 3032 3068 τίνας
3055 3006 3082 3057 ό
3105 3002 3384 3074 αἱρετικος
3414 2999 3650 3066 ὑποφέρει

2101 3099 2312 3169 λόγους.
2365 3101 2475 3170 Οὐχ
2517 3097 3077 3170 εὑρίσκομεν,η,φησὶ,
3109 3097 3205 3164 τὴν
3241 3093 3424 3146 πίστιν
3453 3088 3648 3158 ἀσφαῗπςῆ

419 3205 543 3244 mus
572 3187 640 3242 ad
676 3187 792 3242 haec
818 3185 1149 3255 respondeat
1175 3198 1188 3236 :
1226 3182 1546 3246 Considera,
1576 3181 1778 3250 inquit,
1807 3194 1996 3235 rursus

2104 3193 2378 3264 πανταχῆ.
2429 3193 2774 3264 Εὑρίσκομεν
2825 3192 2932 3259 γὰρ
2969 3193 3060 3244 τὸν
3097 3187 3274 3257 Ἀδὰμ
3322 3181 3550 3256 ἀπὸ”τῆς
3568 3189 3647 3238 πί-

418 3282 642 3354 maligni
665 3281 932 3336 dannonis
957 3278 1100 3332 dicta
1133 3277 1318 3332 omnia
1343 3275 1548 3345 ubique
1573 3273 1852 3329 tentantis.
1877 3274 1996 3328 Non

2107 3255 2570 3348 ussing-"iteodvriz.
2601 3255 2744 3354 Ὅρα
2765 3283 2822 3336 δὲ
2837 3255 2948 3336 καὶ
2979 3282 3069 3334 τοῦ
3091 3255 3548 3351 Χρυσορῤήμονος
3567 3275 3647 3345 τὴν

417 3377 774 3446 quiQui-tunae
803 3371 1032 3426 conlidit
1063 3370 1240 3426 ﬁdelis
1271 3377 1378 3433 est,
1413 3367 1509 3423 sed
1539 3368 1632 3437 qui
1680 3365 1788 3422 Deo
1827 3367 1998 3422 conti-

419 3470 502 3523 dit
531 3469 584 3522 in
609 3467 860 3522 veritate.
893 3464 978 3518 An
1007 3461 1403 3520 demonstrasti
1465 3459 1617 3514 illum
1673 3459 1784 3514 Deo
1825 3459 1998 3514 conii—

417 3575 542 3616 sum
616 3557 926 3614 interiisse?
1011 3555 1236 3610 Diabolo
1294 3551 1521 3607 conlidit
1597 3559 1654 3606 et
1723 3551 1994 3616 interiit;

421 3654 532 3708 Deo
555 3666 662 3708 non
693 3650 920 3706 conﬁdit
939 3656 994 3703 et
1015 3648 1200 3716 lapsus
1228 3654 1330 3700 est.
1365 3643 1460 3700 His
1491 3643 1656 3714 igitur
1673 3643 1858 3698 verbis
1885 3643 1996 3698 ha:-

423 3747 594 3802 retico
636 3755 699 3798 os
743 3741 1044 3796 obturavit.
1080 3738 1186 3793 Sed
1245 3749 1356 3790 non
1411 3735 1586 3788 solum
1633 3735 1740 3800 hic,
1801 3749 1993 3790 verum

419 3837 588 3892 etiam
617 3834 803 3892 ca'teri
831 3839 1104 3902 quotquot
1133 3830 1200 3883 ad
1239 3829 1386 3882 hunc
1439 3827 1582 3881 diem
1635 3825 1830 3881 eadem
1877 3842 2000 3897 quae

421 3928 666 3986 lm-retici
711 3927 802 3982 isti
858 3925 1088 3988 faciunt,
1129 3937 1324 3978 omnes
1380 3919 1572 3976 iisdem
1619 3919 1996 3991 Cbrysostomi

421 4019 592 4076 armis
621 4025 1078 4090 prosternuntur.

385 4389 396 4406 ‘
489 4315 650 4386 381
679 4313 765 4369 ιν.
798 4313 928 4368 Post
959 4311 1064 4365 hoc
1107 4311 1272 4364 verba
1303 4311 1626 4378 inceperunt
1651 4309 1874 4379 quidam
1899 4325 1998 4378 pa-

421 4425 546 4465 rare
575 4409 823 4463 insidias.
852 4405 1156 4459 Consuerat
1177 4403 1326 4457 enim
1355 4401 1770 4456 Cantacuzenus
1817 4403 1874 4456 in
1897 4403 1999 4456 bu-

417 4501 662 4574 jusmodi
694 4501 856 4555 rebus
884 4499 1232 4553 insidiatores
1269 4496 1542 4550 instruere
1576 4505 1632 4550 et
1657 4510 1722 4550 ex
1781 4497 1996 4551 occulto

420 4594 812 4648 'I'elcbinorum
836 4590 1022 4660 copias
1042 4589 1383 4658 protrahere,
1408 4587 1508 4657 ipsi
1529 4587 1750 4657 quidem
1775 4587 1990 4640 lirmum

2104 4591 2372 4661 Τελχίνων
2431 4591 2690 4644 τοιούτων
2745 4593 3030 4660 ἑπιφερειν
3061 4591 3122 4655 ἐξ
3180 4592 3417 4661 ἀφανοῦς
3447 4589 3648 4662 στρατό-

421 4683 751 4748 subsidium,
783 4681 1110 4735 adversariis
1135 4693 1266 4732 vero
1312 4685 1578 4732 terrorem
1642 4692 1920 4748 magnum.
1952 4675 1994 4731 E

421 4773 620 4844 quibus
643 4773 734 4841 qui
761 4772 970 4842 primus
1001 4769 1319 4824 surrexitet
1359 4769 1449 4822 hic
1490 4768 1710 4837 quidem
1752 4784 1874 4822 cum
1903 4783 1991 4822 re-

421 4867 590 4936 liquis
643 4863 900 4919 omnlbus
953 4861 1186 4915 maxime
1239 4860 1575 4929 conspiravit
1625 4871 1682 4915 et
1743 4861 1990 4914 eamdem

419 4967 658 5014 mentem
689 4956 883 5010 habuit
910 4962 963 5009 et
989 4953 1148 5007 valde
1179 4953 1438 5007 omnibus
1463 4952 1704 5032 dilectus
1724 4963 1865 5019 erat,
1900 4969 1992 5006 ar-

421 5052 590 5122 ripuit
617 5063 924 5103 sermonem
953 5045 1020 5099 de
1053 5045 1174 5100 luce
1207 5046 1294 5098 illa
1333 5045 1386 5099 in
1417 5054 1600 5100 monte
1627 5045 1902 5108 Thabore,
1935 5055 1992 5099 et

419 5143 768 5199 contumeliis
795 5141 988 5196 obruit
1037 5137 1386 5193 Theodorum
1424 5140 1518 5207 qui
1553 5152 1649 5207 pro
1682 5137 1903 5192 Christo
1937 5147 1993 5192 et

418 5235 620 5292 divinis
645 5233 897 5288 Ecclesia;
929 5233 1215 5301 prmceptis
1249 5229 1528 5284 cruciatus
1575 5245 1817 5284 summos
1873 5245 1994 5298 per-

418 5343 612 5399 pessus
641 5339 790 5390 erat;
823 5325 915 5394 qui
953 5323 1022 5376 ab
1072 5323 1448 5376 Iconomachis
1499 5322 1642 5376 inter
1673 5321 1906 5390 plurima
1935 5331 1993 5376 et

417 5420 568 5474 saria
607 5419 832 5472 verbera
869 5417 1016 5470 velut
1066 5431 1238 5485 agnus
1287 5415 1434 5467 humi
1483 5423 1743 5468 extensus
1789 5415 1994 5468 acubus

417 5514 613 5569 ferreis
645 5521 880 5583 punctns
939 5519 1129 5566 eratet
1187 5511 1462 5564 laceratus
1509 5517 1678 5560 totum
1749 5508 1990 5570 faciem;

2100 3374 2508 3446 ἀνθυποφοράν.
2541 3374 2738 3439 Βλέπε,
2775 3373 2934 3444 φησι,
2966 3373 3132 3426 πάλιν
3163 3371 3259 3424 τοῦ
3284 3367 3518 3440 πονηροῦ
3545 3367 3646 3420 δι(-

2102 3483 2264 3537 μονος
2296 3467 2364 3520 τὰ
2403 3468 2628 3537 ῥήματα
2655 3467 2751 3522 τοῦ
2783 3467 2962 3520 πάντα
2985 3465 3316 3535 τολμῶντος.
3357 3462 3494 3516 Ἀλλ’
3515 3462 3604 3531 οὐχ
3623 3461 3648 3512 6

2101 3557 2375 3610 πιστεύων
2409 3557 2488 3628 τῷ
2517 3558 2737 3628 τυχόντι
2779 3557 2992 3622 πιστὸς,
3049 3555 3166 3610 ἀλλ’
3197 3557 3225 3609 ὁ
3255 3555 3378 3626 Θεῷ
3401 3554 3648 3608 πιστεύων

2099 3650 2340 3721 ἀληθῶς.
2368 3651 2461 3721 Μὴ
2497 3653 2603 3722 γὰρ
2625 3651 2832 3716 ἔδειξας
2863 3651 2946 3706 ὅτι
2999 3651 3122 3721 Θεῷ
3171 3650 3472 3712 πιστεύσας
3513 3646 3652 3702 ἀπώ-

2101 3741 2261 3810 λετο;
2300 3741 2548 3810 Διαϐόλῳ
2587 3741 2886 3805 πιστεύσας
2914 3739 3183 3806 ἀπώλετο,
3209 3739 3330 3808 Θεῷ
3363 3739 3648 3808 ἀπιστήσας

2098 3835 2394 3907 ὡλίσθησε.
2431 3835 2654 3899 Τούτοις
2679 3835 2780 3904 μὲν
2803 3835 2867 3904 δὴ
2897 3829 2990 3888 οὖν
3017 3836 3130 3896 τοῖς
3159 3835 3372 3904 ῥήμασι
3403 3833 3492 3884 τὸν
3513 3832 3647 3899 alpe-

2101 3929 2248 3984 τικὸν
2299 3928 2633 3998 ὲπεστόμισε
2679 3928 2832 3980 τότν
2873 3926 2950 3998 μὴ
2989 3927 3154 3988 μόνον
3191 3926 3235 3978 δ’
3261 3919 3376 3991 οὖν,
3411 3924 3540 3978 ἀλλὰ
3563 3921 3647 3975 καὶ

2099 4022 2218 4076 ὅσοι
2251 4019 2464 4076 ἐκεῖθεν
2505 4022 2560 4084 ἐς
2588 4019 2707 4073 τόδε
2755 4019 2930 4074 ταυτά
2961 4021 3076 4082 τοῖς
3107 4019 3410 4086 αἱρετικοῐς
3439 4015 3648 4074 ἐκείνοις
3677 4045 3686 4054 ο

2097 4114 2472 4184 προφέρουσιν
2506 4111 2706 4182 ἕτεροι,
2736 4113 2850 4175 τοῖς
2877 4113 3062 4174 αὐτοῐς
3082 4110 3175 4164 τοῦ
3202 4110 3646 4180 Χρυσορρήμονος

2097 4205 2338 4270 ἅπαντες
2367 4204 2550 4275 βέλεσι
2579 4205 2928 4274 πλήττονται.

2169 4321 2242 4371 Δ’.
2275 4315 2494 4370 Τούτων
2521 4314 2568 4366 δ’
2593 4315 2737 4368 οὕτω
2785 4315 3100 4384 λεγομένων
3129 4313 3368 4386 ἣρξαντό
3391 4331 3528 4374 τινες
3557 4313 3648 4380 τῆς

2095 4407 2382 4480 ἐφεδρείας
2414 4409 2742 4462 ἐπεισιέναι.
2771 4405 3006 4476 Σύνηθες
3036 4408 3143 4476 γὰρ
3175 4407 3326 4462 τουτὶ
3350 4407 3648 4464 Καντακου-

2099 4501 2246 4571 ζηνῷ
2273 4497 2622 4570 προλοχίζειν
2661 4498 2947 4568 ἐφεδρείας
2987 4499 3044 4552 ὲν
3101 4501 3218 4562 τοϊς
3273 4500 3530 4560 τοιούτοις
3561 4497 3648 4550 καὶ

2101 4684 2261 4749 πεδα,
2297 4682 2446 4754 αὐτῷ
2495 4683 2594 4754 μὲν
2627 4683 2965 4753 συμμαχίαν,
3013 4685 3128 4745 τοῖς
3153 4683 3199 4734 δ’
3233 4683 3527 4746 ἀντιθέτοις
3561 4681 3642 4734 ἕκ-

2101 4775 2298 4843 πληξιν
2319 4793 2332 4806 ·
2359 4770 2434 4828 ὧν
2469 4777 2495 4828 ό
2527 4775 2744 4844 πρῶτος
2765 4775 2859 4828 καὶ
2896 4775 3133 4845 μάλιστα
3157 4777 3374 4831 πάντων
3393 4775 3640 4846 ὀμόψυχὸς

2097 4883 2156 4920 τε
2193 4869 2286 4920 καὶ
2313 4867 2652 4938 ὁμογνώμων
2685 4869 2780 4920 καὶ
2814 4869 2996 4922 πάντα
3026 4870 3394 4940 στεργόμενος
3429 4871 3640 4938 ἀνελάμ-

2097 4961 2260 5014 ϐανεν
2281 4961 2444 5024 εὐθὺς
2467 4962 2532 5014 τὰ
2547 4961 2640 5014 τοῦ
2665 4963 2720 5014 ἐν
2739 4961 3007 5032 Θαϐωρίῳ
3027 4963 3106 5033 τῷ
3125 4963 3240 5034 ὄρει
3261 4964 3438 5033 φωτὸς
3457 4966 3638 5026 ἐκεῖνα,

2093 5055 2188 5107 καὶ
2218 5053 2478 5126 ἐλοιδόρει
2525 5057 2621 5107 τὸν
2649 5055 2792 5126 ὑπὲρ
2821 5055 3062 5125 Χριστοῦ
3093 5057 3189 5109 καὶ
3245 5057 3354 5111 τῶν
3383 5058 3530 5112 θείων
3553 5059 3640 5126 τῆς

2111 5145 2442 5216 Ἐκκλησίας
2474 5145 2763 5216 δογμάτων
2815 5148 2984 5218 μυρία
3013 5149 3255 5202 παθόντα
3281 5152 3428 5204 δεινά
3453 5151 3635 5204 Θεόδω-

2101 5253 2214 5308 ρον,
2247 5238 2304 5299 ὃς
2333 5240 2470 5306 πρὸς
2506 5239 2612 5290 τῶν
2645 5241 3031 5310 Είκονομάχων
3062 5243 3201 5310 μετὰ
3253 5244 3507 5308 πλείστας
3527 5245 3638 5312 πρό-

2098 5345 2256 5397 τερον
2286 5330 2380 5381 καὶ
2409 5329 2700 5398 διαφόρους
2729 5331 2979 5394 κολάσεις
3035 5334 3290 5403 καθάπερ
3333 5335 3496 5404 ἀμνὸς
3515 5335 3634 5387 κατὰ

2095 5420 2200 5487 γῆξ
2237 5421 2710 5491 ὲκταθεὶςὰκμαίς
2755 5423 2994 5494 σιδήρων
3044 5425 3286 5488 ἐστίζετο
3315 5431 3630 5496 γραφόμενος

2097 5512 2244 5564 ἅπαν
2277 5515 2338 5564 τὸ
2369 5514 2678 5578 πρόσωπον,
2741 5515 2900 5585 ἔμενε
2939 5517 2996 5568 δὲ
3041 5517 3140 5588 τὴν
3181 5517 3357 5590 ψυχὴν
3410 5519 3625 5588 ἀκλινὴς.

423 5619 600 5662 tamen
635 5608 872 5661 animam
914 5621 1022 5659 non
1069 5605 1365 5674 :tbjeccrat,
1415 5603 1589 5656 donec
1620 5603 1772 5654 exsul
1815 5601 1988 5671 judici

2104 5603 2200 5665 ἕως
2233 5605 2308 5666 εἰς
2355 5603 2572 5674 ἐξορίαν
2625 5607 2948 5676 ἀπενεχθεὶς
2983 5611 3062 5681 τῷ
3097 5613 3376 5684 ἀδεκάστῳ
3428 5614 3630 5666 δέδωκεν

421 5699 738 5765 incorrUpto
768 5700 875 5752 Deo
899 5713 1020 5751 eam
1060 5697 1394 5750 tradidisset.
1423 5694 1787 5748 Gontumeliis
1807 5705 1988 5748 autem

2097 5699 2267 5764 αὐτὴν
2295 5696 2560 5768 ἁθλοθέτῃ
2587 5699 2723 5768 Θεῷ.
2771 5700 3060 5772 Ἐλοιδόρει
3097 5703 3140 5756 δ’
3176 5707 3380 5760 ἐκεῖνον
3413 5708 3488 5760 ὅτι
3519 5704 3632 5773 ﬁeri-

493 5898 566 5971 Η)
597 5899 701 5952 ’1ὀῦ
737 5899 1124 5972 Χρυσοστόμου
1158 5905 1220 5954 ἐκ
1255 5899 1346 5952 τοῦ
1381 5903 1458 5963 εἷς
1493 5899 1549 5951 τὸ
1583 5902 1746 5970 ῥητὸν
1775 5899 1854 5962 τὸ,
1895 5917 1912 5950 ι
1935 5899 2034 5973 Ἐν,
2068 5902 2194 5972 ποίᾳ
2227 5901 2442 5975 ἐξουσίᾳ
2473 5903 2641 5956 ταῦτα
2677 5909 2890 5971 ποιεῖς;
2925 5927 2943 5960 ι

2599 5975 2630 6000 Κ.
