3966 6568
272 408 367 473 337

1121 400 1560 462 BYZANTIN/E
1598 399 1976 458 lllSTURle
2010 400 2150 459 LIB.
2186 398 2427 458 XXX”.

3359 387 3472 452 318

225 557 250 584 δ
274 528 368 580 θῶν
387 523 675 594 ὀρθοδὸξοις
701 523 878 592 βιϐλία
907 523 1050 576 κατά
1078 523 1186 576 τῶν
1213 521 1602 590 Εἰκονομάχων
1624 521 1800 588 ἀφῆκε

1925 533 2026 569 rum
2059 517 2238 571 affecit
2271 515 2416 585 quod
2455 512 2695 568 fidelium
2750 511 2935 566 socius
2967 489 3170 580 scripta
3218 508 3468 564 ediderat

270 619 339 688 τῷ
364 618 476 688 βίῳ,
516 616 612 686 τὴν
643 617 867 669 ἐκείνων
910 615 1030 668 τότε
1067 614 1420 683 ἐξελέγχοντα
1457 612 1799 675 δυσσέϐειαν,

273 710 356 763 νῦν
378 709 432 762 δὲ
461 707 556 776 τὴν
593 707 939 776 Παλαμικὴν,
991 709 1053 760 ἐκ
1081 708 1210 775 μιᾶς
1249 704 1570 777 ἀρξαμένων
1595 706 1802 775 ἀμφοῖν
1827 735 1831 738 ~

272 800 593 870 προφάσεως,
648 798 743 852 τοῦ
774 801 831 850 ἐν
862 799 1127 868 Θαϐωρίῳ
1169 799 1314 867 λέγω
1339 799 1416 869 τῷ
1450 799 1568 870 δρει
1604 796 1800 866 φωτὸς,

273 894 338 956 ὡς
375 890 711 962 δειχθήσεται
765 891 1100 962 πλατύτερον
1139 892 1426 958 προϊόντος
1473 890 1566 944 τοῦ
1616 890 1801 957 λόγου.

273 985 366 1039 Καὶ
389 985 507 1036 ποία
530 981 740 1047 τοῦτον,
768 981 1026 1051 ἔφασκεν,
1055 979 1197 1036 οἶδεν
1234 983 1566 1053 Ἐκκλησία;
1611 984 1703 1035 καὶ
1725 984 1806 1044 τίς

272 1077 419 1132 αὐτοῦ
447 1092 571 1128 ποτε
628 1077 852 1144 μνήμην
912 1075 1207 1143 πεποίηται
1245 1075 1354 1127 τῶν
1413 1077 1662 1144 ἡμερῶν;
1700 1075 1808 1128 Καὶ

273 1168 424 1222 πολλά
449 1164 668 1221 τοιαῦτα
706 1166 969 1235 συνείρων
1007 1169 1106 1234 τὴν
1146 1165 1255 1218 τῶν
1277 1166 1636 1238 βλασφημιῶν
1673 1169 1808 1238 ἐπή-

275 1277 413 1326 νεγκε
442 1259 727 1328 κορωνίδα.
777 1259 857 1311 ὅτι
916 1257 1076 1310 πάνθ’
1121 1260 1219 1310 ὅσα
1268 1257 1446 1326 βιϐλία
1473 1260 1834 1330 πεποιῆσθαι

273 1354 464 1421 λέγεται
494 1353 633 1405 κατά
680 1351 790 1403 τῶν
816 1351 1201 1421 Εἱκονομάχων
1231 1349 1380 1419 αὐτῷ
1418 1351 1688 1422 αἱρέσεων
1718 1353 1810 1420 γέ-

276 1461 352 1516 μει
380 1443 620 1514 μακρῶν.
657 1445 770 1498 Καὶ
815 1443 864 1495 εί
919 1442 1020 1512 μὲν
1050 1441 1232 1512 ἕτεροί
1265 1458 1412 1504 τινες
1440 1441 1809 1512 ὑποϐολιμαῖα

273 1535 779 1605 παρεισενέγκαντες
831 1533 891 1586 τὸ
930 1532 1096 1586 αὐτοῦ
1137 1550 1200 1602 γε
1241 1533 1564 1603 ἐπέγραψαν
1614 1534 1808 1604 δνομα,

274 1629 577 1697 ἀνέγκλητος
606 1627 708 1696 μὲν
741 1624 1100 1688 ἐσταιαύτδς,
1143 1625 1209 1677 τὰ
1239 1624 1298 1677 δέ
1347 1624 1530 1694 βιϐλία
1558 1625 1658 1678 οὐ·
1691 1632 1740 1681 εί
1766 1631 1812 1681 δ’

273 1720 419 1776 αὐτού
438 1719 510 1789 τῷ
531 1718 648 1771 δντι
685 1717 922 1788 βεϐαίως
954 1717 1112 1781 εἰσὶν,
1143 1717 1280 1786 ὁμοῦ
1305 1721 1417 1782 τοῖς
1453 1718 1678 1788 βιϐλίοις
1703 1721 1814 1790 ἄρα

274 1809 554 1882 ἀπόϐλητος
601 1812 698 1864 καὶ
753 1810 916 1874 αὐτὸς
973 1810 1068 1862 καὶ
1111 1811 1225 1872 τοῖς
1282 1811 1466 1874 ἄλλοις
1512 1814 1816 1883 αίρετικοῖς

277 1905 589 1976 ἐναρίθμιος.
1611 1891 1616 1896 ’

337 2001 406 2052 E’.
437 1997 722 2055 Τοσούτων
753 1993 848 2051 οὖν
905 1999 1000 2050 καὶ
1057 1995 1201 2051 οὕτω
1263 1999 1533 2068 μεγέθους
1565 2003 1819 2068 ἀσεϐείας

276 2089 484 2161 ίχόντων
513 2088 688 2158 λόγων
720 2087 991 2158 αὐτήκοος
1023 2089 1051 2142 ὁ
1082 2088 1370 2159 Γρηγορᾶς
1413 2091 1653 2159 γεγονὼς
1687 2095 1822 2159 acad-

277 2183 364 2251 δρα
397 2197 452 2234 τε
493 2179 767 2250 ἐξεπλάγη
823 2183 919 2235 κοιλ⁵
953 2185 1170 2253 ἄφωνος
1219 2183 1441 2250 ἔμεινεν
1486 2185 1616 2255 ἄχρι
1639 2189 1729 2240 καὶ
1762 2190 1819 2253 ἐς

277 2275 406 2346 ὥρας
428 2274 634 2344 μακρόν
661 2291 712 2327 τι
741 2274 1042 2346 διάστημα.
1070 2277 1301 2330 Ἔπειτα
1331 2279 1505 2350 θυμοῦ
1540 2284 1633 2336 καὶ
1654 2282 1818 2354 ζήλου

279 2368 405 2419 θείου
437 2366 631 2436 μεστὸς
669 2366 913 2436 γεγονὼς
950 2367 1154 2433 τοιάδε,
1213 2371 1476 2439 στραφεὶς
1535 2373 1671 2444 πρὸς
1729 2375 1820 2428 τὸν

281 2456 734 2529 Καντακουζηνδν,
798 2458 963 2530 φησί’
1017 2459 1083 2513 Τί
1145 2477 1250 2530 μου
1282 2463 1346 2514 τὸ
1385 2464 1562 2534 γῆρας
1592 2467 1692 2520 οὐκ
1725 2469 1819 2537 ἐᾷς

279 2552 504 2620 ἠρεμεῖν,
540 2551 656 2606 ἀλλ’
690 2552 1070 2617 ἐπιϐουλεύεις
1098 2549 1222 2620 dei;
1255 2556 1320 2609 Τί
1345 2573 1412 2626 με
1441 2559 1564 2622 ταῖς
1596 2563 1714 2624 σαῖς
1735 2562 1821 2614 ἀεὶ

280 2646 497 2714 μερίζων
525 2645 813 2718 αίρέσεσιν
842 2647 942 2701 οὐκ
972 2647 1281 2719 ὲνάρκησας
1304 2651 1416 2704 οὐδ’
1449 2651 1547 2722 ὀψὲ
1577 2654 1674 2724 τῆς
1705 2655 1821 2724 ἠλι-

281 2737 388 2798 κίας
413 2736 506 2806 τῆς
548 2738 646 2804 σῆς
681 2739 776 2793 καὶ
796 2741 897 2809 τῆς
940 2739 1035 2793 νῦν
1066 2740 1458 2813 βαρυδαίμονος
1503 2745 1706 2817 τύχης;
1755 2747 1822 2801 Τί

282 2829 329 2899 μ’
355 2829 518 2910 ἄλλοτ’
549 2831 780 2885 ἄλλοθεν
835 2832 908 2895 ὡς
945 2834 1007 2886 ὲκ
1041 2834 1251 2906 λόχμης
1280 2837 1373 2889 καὶ
1403 2836 1615 2908 δρυμοῦ
1650 2856 1821 2910 προσο-

279 2909 487 2985 ϐάλλωίι,
517 2924 577 2974 οὐ
606 2924 816 2994 τολμᾷς
853 2925 994 2978 κατά
1027 2926 1281 2995 μέτωπον
1313 2927 1573 3001 ἄντικρυς
1613 2909 1705 2985 τὸν
1731 2934 1823 2988 σὸν

281 3010 336 3083 [ί.
370 3013 463 3068 158
493 3014 564 3086 r.]
603 3017 897 3087 ἐπιῳέρειν
933 3017 1191 3086 πόλεμον,
1246 3019 1363 3071 ἀλλ’
1401 3021 1501 3075 οὐκ
1535 3021 1684 3075 ἔστιν
1708 3023 1822 3077 οὐθ’

277 3101 384 3155 ὅθεν
404 3102 510 3156 οὐθ’
536 3105 625 3158 ὅτε
653 3105 736 3176 μὴ
763 3105 861 3174 τὴν
898 3107 997 3176 σήν
1025 3123 1115 3176 μοι
1145 3108 1442 3177 προσάγεις
1475 3111 1822 3180 ἀτέκμαρτον

1903 609 2104 677 quibus
2140 607 2622 662 leonomachorum
2655 603 2902 674 impietas
2931 601 3468 672 deprehendebatur,

1906 715 2053 753 nunc
2074 715 2206 754 vero
2227 699 2391 753 etiam
2416 697 2802 750 Palamitarum
2826 695 3124 764 qtt'teodem
3151 699 3472 761 argumento

1906 805 1964 845 se
1995 789 2336 856 fulciebant;
2371 789 2438 844 de
2490 790 2614 844 luce
2663 797 2850 842 autem
2886 801 3194 840 sermonem
3229 783 3366 839 facio
3417 783 3472 837 in

1907 891 2091 934 monte
2145 866 2419 946 Thabore,
2462 895 2626 950 quam
2673 880 2813 933 infra
2852 891 3189 947 exponemus
3235 873 3472 946 planius.

1909 972 2039 1038 Quae
2069 973 2226 1028 vero?
2247 974 2425 1043 inquit
2452 973 2562 1036 ille,
2599 972 2843 1027 Ecclesia
2886 971 3034 1026 hunc
3057 969 3276 1037 agnovit
3301 969 3324 1021 ?
3353 967 3477 1036 quis

1911 1065 2227 1119 memoriam
2301 1066 2423 1134 ejus
2499 1064 2851 1119 observavit?
2913 1063 3007 1118 llis
3081 1062 3306 1130 insuper
3371 1062 3478 1115 alia

1912 1155 2079 1209 multa
2101 1155 2312 1209 addidit
2336 1166 2391 1210 et
2418 1156 2872 1210 contumeliarum
2894 1170 3153 1208 acervum
3182 1153 3481 1222 complevit

1911 1261 2034 1301 cum
2078 1246 2248 1300 libros
2285 1256 2556 1317 quotquot
2605 1247 2828 1301 omnino
2877 1246 3185 1314 conscripti
3205 1245 3479 1299 ferrentur

1912 1349 2102 1394 contra
2153 1340 2559 1406 lconomachos,
2619 1340 2781 1410 382
2850 1339 3016 1394 nimis
3057 1338 3291 1392 refertos
3358 1351 3481 1394 esse

1913 1431 2094 1500 pravis
2123 1431 2727 1501 Opinionibus-diceret,
2750 1443 2806 1486 et
2830 1431 2934 1485 nisi
2982 1431 3052 1485 ab
3079 1431 3200 1485 aliis
3247 1429 3478 1500 quibus-

1914 1523 2040 1578 dam
2071 1523 2559 1594 interpolatoribus
2591 1540 2790 1578 nomen
2815 1525 2935 1596 ejus
2971 1524 3294 1594 inscriptum
3334 1534 3484 1580 esset

1913 1616 2089 1682 libris,
2115 1618 2361 1688 ignotum
2389 1617 2524 1672 illud
2553 1632 2868 1671 mansurum
2906 1617 3108 1679 fuisse;
3147 1632 3254 1670 non
3301 1624 3480 1671 tamen

1916 1707 2042 1762 libri
2085 1708 2186 1776 ipsi
2217 1726 2230 1774 ;
2261 1708 2353 1777 qui
2382 1723 2571 1763 revera
2629 1707 2850 1778 quidem
2891 1717 3192 1771 exstarent,
3230 1707 3325 1762 sed
3377 1723 3482 1762 nua

1919 1811 2040 1850 cum
2076 1797 2163 1850 his
2195 1814 2394 1853 nomen
2433 1799 2553 1868 ejus
2588 1799 2958 1868 abjiciendum
2984 1813 3105 1855 esse
3133 1810 3189 1854 et
3220 1797 3486 1853 adnume-

1917 1889 2148 1946 randum
2175 1892 2401 1962 reliquis
2428 1892 2722 1948 haereticis.

1985 1981 2050 2036 V.
2085 1981 2216 2047 Quae
2240 1983 2406 2039 verba
2447 1993 2610 2040 tanta:
2662 1985 2818 2054 plena
2871 1984 3166 2055 impietatis
3194 1999 3319 2041 cum
3351 1985 3488 2041 Gre-

1917 2087 2076 2141 goras
2107 2073 2367 2141 audisset,
2406 2076 2766 2131 vehementer
2793 2077 2977 2130 animo
3016 2076 3299 2146 perculsus
3329 2086 3490 2132 estet

1917 2165 2195 2220 obmutuit
2230 2183 2325 2236 per
2351 2157 2570 2239 longum
2598 2168 2749 2224 horae
2774 2167 3146 2223 intervallum.
3181 2168 3254 2223 At
3284 2167 3487 2222 deinde

1916 2256 2100 2313 animo
2122 2266 2177 2312 et
2203 2258 2384 2314 divina
2436 2260 2858 2329 condignatione
2901 2259 3157 2329 impletus
3205 2258 3377 2314 vertit
3427 2273 3490 2316 se

1919 2347 2451 2403 in.Cantacuzenum
2482 2349 2665 2404 verbis
2704 2350 2893 2404 hisee:
2935 2351 3047 2404 Cur
3075 2364 3182 2404 non
3205 2359 3484 2405 senectam

1920 2439 2055 2493 mihi
2138 2439 2276 2495 sinis
2358 2441 2762 2510 tranquillam?
2820 2440 2932 2496 Cur
3000 2456 3218 2510 semper
3290 2441 3486 2496 ha'resi

1920 2539 2012 2584 tua
2046 2530 2317 2601 inquietas
2339 2547 2424 2587 me
2454 2548 2630 2603 neque
2677 2534 2955 2588 succurris
2999 2533 3132 2587 mihi
3191 2533 3283 2604 qui
3327 2543 3488 2592 :etate

1914 2623 2024 2694 jam
2060 2624 2346 2680 confectus
2375 2641 2496 2680 sum
2524 2635 2730 2682 etcum
2781 2635 2928 2692 tanta
2965 2641 3113 2681 nunc
3156 2626 3486 2697 ingravescit

1921 2715 2138 2770 miseria
2161 2715 2313 2771 ?Cur
2343 2715 2505 2770 modo
2537 2716 2662 2771 hinc
2692 2716 2856 2770 modo
2908 2715 3055 2770 illinc
3087 2725 3346 2785 tanquam
3399 2715 3485 2770 in-

1919 2806 2076 2862 sidiis
2124 2817 2179 2862 et
2218 2808 2445 2863 latebris
2496 2823 2881 2878 prorumpens,
2918 2807 3053 2861 mihi
3086 2823 3195 2862 non
3257 2807 3485 2862 adversa

1921 2900 2102 2955 fronte
2126 2901 2339 2972 justum
2386 2901 2589 2955 bellum
2627 2901 2843 2958 infers?
2887 2901 3074 2970 Neque
3108 2902 3263 2956 locus
3311 2917 3488 2969 neque

1924 3004 2141 3064 tempus
2170 3003 2254 3048 est
2285 3009 2393 3064 quo
2421 3010 2529 3048 non
2563 2994 3020 3050 insolentissimas
3050 3004 3172 3051 tuas
3227 2994 3489 3050 tentatio-

1923 3102 2022 3141 nes
2042 3088 2095 3141 in
2122 3103 2208 3143 me
2237 3096 2440 3144 vertas.
2465 3088 2578 3143 Cur
2610 3089 2663 3142 in
2692 3087 2876 3144 divina
2925 3089 3176 3158 dogmata
3204 3090 3364 3145 modo
3391 3091 3490 3145 hos

280 3195 484 3262 πεῖραν;
509 3197 574 3249 Τί
604 3198 753 3251 κατὰ
785 3197 894 3250 τῶν
927 3198 1086 3252 θείων
1116 3199 1401 3270 δογμάτων
1428 3201 1603 3256 ἄλλοτ’
1627 3203 1820 3270 ἄλλους

1924 3181 2092 3234 modo
2121 3180 2245 3235 illos
2281 3181 2520 3236 exstruis
2549 3179 2809 3251 Olympos
2861 3189 2918 3236 et
2963 3167 3263 3236 Parnassos
3297 3192 3490 3237 contu-

280 3285 490 3355 ἐγείρεις
561 3288 880 3359 ὐλύμπους
941 3292 1038 3344 καὶ
1095 3291 1416 3362 Παρνασούς
1473 3296 1825 3368 βλασφημίας

281 3380 598 3449 αὐτομαθοῦς
629 3382 728 3436 καὶ
754 3383 1096 3451 ὀψιμαθοῦςς
1132 3385 1197 3437 Τί
1230 3386 1370 3440 κατά
1400 3386 1504 3440 τῶν
1534 3387 1690 3441 θείων
1717 3391 1826 3442 [ία-

279 3473 433 3542 τέρων
481 3473 767 3545 χαράδρας
831 3475 1149 3546 άνορύττεις
1210 3477 1296 3530 ἀεὶ
1357 3481 1680 3549 καινοτέρας
1727 3484 1826 3536 καὶ

285 3563 406 3635 μόνῃ
424 3569 488 3635 τῇ
523 3568 587 3635 σῇ
616 3582 694 3620 πα
705 3566 1050 3636 ρευρημένας
1083 3566 1366 3622 αὐτοθελεῖ
1393 3570 1609 3640 ἐπινοίᾳ
1638 3587 1653 3636 ;
1691 3572 1823 3627 Τίνα

281 3657 449 3711 τοῦτον
478 3658 536 3723 ἐξ
582 3657 938 3729 αὐτοσχεδίου
990 3659 1070 3729 τῷ
1109 3659 1236 3730 θείῳ
1271 3661 1466 3732 ἐκείνῳ
1505 3663 1680 3734 Πατρὶ
1729 3665 1824 3718 καί⁵

284 3749 414 3817 σοφῴ
443 3749 748 3821 διδασκάλῳ
777 3751 874 3821 τῆς
909 3751 1237 3822 Ἐκκλησίας
1265 3753 1382 3807 νέον
1404 3754 1649 3820 δπλίζεις
1701 3757 1825 3830 Ἀρ-

283 3840 537 3914 χίλοχονῆ
584 3845 789 3916 μᾶλλον
855 3845 1170 3916 Ἀρχιλόχου
1223 3847 1479 3918 πίθηκον,
1514 3848 1572 3912 ὃς
1627 3852 1821 3924 πρὶνῆ

286 3930 457 3994 μαθεῖν
480 3932 680 3986 ἄπονον
709 3934 882 3987 οῖεται
910 3933 1193 4001 εἰληφέναι
1242 3936 1447 4002 ταμίαν
1499 3936 1694 4005 σοφίας
1725 3938 1825 4009 τὴν

293 4017 515 4075 Ἡσιόδου
552 4021 784 4092 δάφνην,
819 4023 916 4076 καὶ⁵
954 4024 1090 4095 μόνῃ
1130 4024 1347 4094 θελήσει
1375 4026 1435 4079 τὸ
1469 4027 1823 4099 δογματίζειν

283 4107 559 4178 ἀλώσιμον;
596 4114 667 4166 Ἠ
701 4113 800 4166 οὐκ
826 4113 1072 4178 ἀκούεις,
1104 4115 1156 4167 τί
1180 4116 1338 4169 ταῦτ’
1369 4117 1462 4170 ἐπὶ
1485 4118 1580 4170 σοῦ
1609 4120 1671 4172 τὸ
1700 4139 1825 4192 σχε-

283 4193 550 4253 τλιώτατον
585 4199 749 4254 τοῦτο
808 4203 903 4255 καὶ
936 4204 1180 4272 μεμηνὸς
1239 4206 1530 4277 ἀνδράριον
1592 4210 1825 4280 ἐξηρεύο

285 4284 428 4354 ξατο;
457 4287 580 4361 'Ap‘
612 4293 820 4348 ἀνεκτά
871 4294 1028 4347 ταῦτ’
1073 4296 1264 4357 ἀκοαῖς
1307 4295 1450 4368 λόγῳ
1483 4300 1578 4353 καὶ
1614 4301 1824 4375 διανοίᾳ

285 4379 698 4452 διοικουμέναιςς
736 4385 971 4455 Φθέγξαι
991 4403 1043 4440 τι
1070 4387 1208 4459 πρὸς
1237 4387 1412 4443 ταῦτα
1432 4433 1446 4456 ,
1484 4392 1571 4445 ἵνα
1603 4393 1825 4464 γνῶμεν

286 4471 327 4524 εί
353 4473 419 4543 μὴ
445 4476 750 4546 ὁμότροπον
778 4478 1001 4549 τρέφεις
1030 4478 1162 4547 γοῦν
1194 4481 1251 4534 ἐν
1281 4480 1494 4546 τούτοις
1525 4488 1620 4538 καὶ
1661 4486 1824 4550 αὐτὸς

285 4563 336 4614 τδ
359 4563 449 4633 τῆς
471 4566 695 4638 γνώμης
717 4567 1060 4638 βουλόμενον.
1106 4569 1173 4622 Ἥ
1211 4571 1320 4640 γὰρ
1356 4569 1424 4640 σὴ
1473 4573 1653 4645 σιωπὴ
1685 4592 1825 4644 σφα-

286 4653 429 4727 λιροΰ
452 4661 748 4724 συνειδότος
775 4661 1012 4729 ὑποψίαν
1035 4659 1362 4732 ἀνειληφυῖα
1390 4665 1616 4732 πολλὰς,
1645 4661 1824 4736 οἶμαι,

288 4749 447 4820 ἐγερεῖ
476 4754 612 4808 κατά
650 4753 744 4807 σοῦ
769 4755 867 4816 τὰς
917 4754 1025 4806 τῶν
1063 4753 1340 4822 λοιδοριῶν
1390 4757 1710 4826 τρικυμίας.
1745 4753 1820 4812 Ἦ

287 4841 383 4913 γὰρ
408 4843 500 4896 οὐκ
532 4845 694 4907 αὐτὸς
730 4845 925 4897 ἑαυτοῦ
965 4861 1020 4895 τε
1064 4844 1154 4897 καὶ
1205 4845 1299 4896 τοῦ
1336 4849 1600 4916 σφετέρου
1634 4848 1824 4905 θιάσου

288 4935 468 4996 παντὸς
509 4937 770 5006 ἄντικρυς
815 4938 1230 5006 καταμαρτυρεῖ
1279 4939 1376 4989 καὶ
1410 4939 1520 4990 τῶν
1557 4940 1827 4994 ἀσεϐειῶν

289 5026 657 5098 ἐπ.ψηφίζεται
683 5029 780 5100 τὴν
809 5030 1074 5099 μεγίστην
1099 5047 1114 5094 ς
1139 5031 1236 5082 ’ον
1267 5031 1374 5100 γὰρ
1404 5035 1575 5086 πᾶσαι
1601 5034 1828 5105 διαῤῥήο

288 5118 373 5189 δην
405 5125 628 5193 τιμῶσιν
683 5123 922 5177 εὐσεϐῶν
979 5123 1292 5191 ἐκκλησίαι,
1357 5128 1473 5178 καὶΔ
1502 5124 1561 5178 ὃν
1592 5125 1826 5196 ὐμνοῦσι

287 5211 620 5288 λογογράφων
663 5220 748 5270 καὶ
784 5216 1138 5287 μουσουργῶν
1174 5218 1335 5270 ὁσίων
1367 5221 1517 5288 χοροὶ
1547 5219 1688 5272 κατὰ
1719 5223 1827 5275 πᾶ-

291 5316 378 5354 σαν
410 5306 590 5374 χρόνου
643 5305 914 5374 περίοδον,
967 5297 1168 5382 καὶκοῦ
1228 5305 1355 5367 τοὺς
1410 5304 1606 5365 ἄθλους
1639 5308 1828 5363 καὶτὰ

291 5395 415 5462 σοφὰ
445 5398 789 5466 παλαίσματα
819 5398 905 5452 διΞι
927 5397 1108 5463 πάσης
1144 5396 1348 5466 ὴχῆσαι
1392 5397 1495 5464 γῆς
1523 5397 1826 5467 διαγέγονε,

289 5485 461 5542 τοῦτον
490 5483 636 5555 οὗτος
684 5491 1017 5562 ἰσχυρίζεται
1080 5489 1156 5560 μὴ
1194 5491 1412 5557 εἰδέναι,
1461 5491 1574 5544 ἀλλ’
1600 5492 1680 5554 είς
1719 5494 1826 5550 τόδ’

290 5576 486 5644 ἡλικίας
517 5585 856 5636 παντάπασιν
907 5583 1220 5652 ἀμφότερον
1273 5583 1569 5652 διαμεῖναι,
1616 5586 1824 5639 καὶτυο

291 5663 411 5731 φλδς
454 5670 559 5722 τῶν
612 5673 915 5742 γινομένων
949 5674 1042 5726 καὶ
1095 5673 1279 5739 κωφὸς
1331 5674 1440 5727 τῶν
1491 5675 1824 5744 λεγομένων,

292 5754 460 5822 ὅμοιον
491 5757 674 5832 ἅσπερ
705 5761 770 5816 ἂν
803 5764 850 5815 εί
877 5764 970 5816 καὶ
1006 5762 1134 5831 περὶ
1165 5763 1258 5816 τοῦ
1295 5765 1640 5832 παγκοσμίου
1673 5765 1825 5818 τοῦδε

291 5850 473 5915 (ξωτδς,
527 5853 623 5923 τῆς
688 5855 923 5926 ἡλιακῆς
977 5857 1195 5928 ἐκείνης
1247 5857 1551 5929 λαμπάδος,
1612 5860 1826 5928 ἀγνοεῖν

1926 3273 2216 3329 meliarum
2243 3289 2272 3328 a
2305 3282 2357 3330 te
2387 3273 2746 3331 confictarum
2775 3283 2832 3330 et
2876 3289 3026 3330 sero-
3059 3287 3241 3331 tamen
3287 3275 3490 3332 frustra

1923 3367 2404 3435 excogitatarum?
2455 3368 2587 3436 quid
2642 3367 2699 3422 in
2760 3375 2980 3422 sanctos
3034 3368 3222 3423 Patres
3273 3383 3491 3438 semper

1925 3459 2058 3514 facis
2096 3460 2279 3514 foveas
2328 3475 2448 3529 qua:
2481 3460 2598 3514 solo
2643 3469 2738 3514 tuo
2767 3460 2997 3516 consilio
3031 3460 3352 3515 fodiuntur?
3377 3459 3491 3516 Cur

1923 3567 1991 3605 ex
2024 3537 2265 3620 tempore
2292 3552 2344 3604 in
2379 3553 2625 3607 divinum
2669 3553 2882 3607 Patrem
2909 3551 3062 3608 illum
3105 3561 3154 3608 et
3192 3561 3492 3623 praecepto-

1925 3657 2037 3696 rem
2065 3643 2553 3713 sapientissimum,
2594 3659 2797 3699 novum
2844 3645 3072 3700 exhibes
3099 3645 3491 3700 Archilochum

1923 3733 2010 3787 vel
2039 3734 2220 3802 potius
2244 3733 2558 3789 Archilochi
2585 3735 2798 3789 simiam
2823 3751 2839 3801 ;
2865 3736 2957 3805 qui
2985 3735 3146 3806 383
3169 3735 3490 3805 priusquam

1925 3825 2054 3894 quid
2105 3825 2363 3881 didicerit
2396 3827 2514 3882 sine
2543 3827 2732 3882 labore
2763 3829 3021 3898 opinatur
3060 3829 3385 3899 adepturum
3436 3845 3496 3884 se

1925 3917 2208 3987 sapientiae
2244 3917 2464 3974 Hesiodi
2498 3920 2766 3985 lauream,
2788 3930 2844 3976 et
2875 3935 2976 3990 pro
3031 3921 3165 3975 solis
3191 3921 3335 3975 votis
3376 3921 3493 3976 suis

1925 4008 2166 4064 delatum
2214 4010 2280 4064 iri
2321 4012 2638 4066 certaminis
2689 4012 2981 4081 dogmatici
3030 4012 3134 4066 sibi
3188 4015 3492 4081 praamium.

1925 4099 2125 4156 Annon
2155 4102 2410 4158 audivisti
2439 4117 2558 4174 quas
2607 4103 2661 4156 in
2694 4113 2745 4156 te
2794 4103 3122 4158 miserabilis
3153 4113 3209 4157 et
3247 4103 3492 4160 furiosus

1926 4193 2293 4249 homunculus
2345 4193 2445 4249 iste
2487 4193 2790 4249 evomuerit
2815 4193 2838 4246 ’ί
2867 4191 3034 4258 Quid,
3085 4208 3192 4247 non
3231 4193 3496 4249 abhorre-

1925 4286 2058 4342 bant
2091 4286 2207 4342 haae
2236 4294 2303 4341 ab
2329 4285 2554 4342 auribus
2579 4293 2636 4340 et
2670 4285 2852 4340 verbis
2883 4286 2992 4340 tuis
3041 4300 3106 4340 ac
3142 4286 3367 4341 mente?
3394 4285 3494 4340 Lo-

1926 4394 2099 4450 quere
2127 4377 2194 4433 ad
2237 4379 2352 4434 haec
2411 4386 2470 4432 ut
2519 4392 2914 4447 cognoscamus
2969 4392 3036 4431 an
3089 4378 3333 4432 eamdem
3380 4379 3493 4433 alas

1929 4473 2118 4527 saltem
2139 4472 2192 4526 in
2219 4472 2302 4526 his
2323 4472 2437 4538 ipse
2456 4469 2855 4526 mentem.Nam
2877 4469 3152 4524 silentium
3171 4478 3321 4525 tuum
3342 4471 3496 4526 mala:

1933 4560 2282 4615 conscientia:
2337 4562 2709 4630 suspicionem
2744 4568 2927 4613 movet
2952 4567 3007 4613 et
3036 4560 3236 4614 multos
3301 4577 3496 4616 vereor

1934 4667 2003 4705 ne
2028 4651 2081 4704 in
2112 4659 2162 4704 te
2187 4651 2582 4706 malediceniize
2628 4649 2829 4704 fluctus
2856 4651 3080 4704 excitet.
3105 4649 3272 4717 Quid?
3313 4667 3495 4708 nonne

1935 4743 2111 4814 palam
2165 4742 2266 4797 iste
2323 4743 2494 4813 ipsius
2539 4750 2594 4798 et
2647 4757 2874 4796 suorum
2936 4743 3145 4797 cultum
3197 4744 3490 4799 fanaticum

1935 4833 2200 4888 adversus
2260 4848 2359 4885 nos
2422 4841 2654 4887 testatur
2712 4841 2768 4886 et
2810 4831 3148 4904 impietatem
3196 4834 3494 4886 maximam

1934 4921 2264 4995 profitetur?
2293 4923 2427 4976 Nam
2461 4937 2622 4992 quem
2652 4936 2842 4974 omnes
2875 4920 3018 4974 clara
3048 4936 3182 4976 voce
3228 4924 3491 4977 honorant

1935 5020 2150 5088 piorum
2177 5017 2370 5088 synodi
2413 5025 2470 5070 et
2519 5013 2797 5070 celebrant
2826 5014 3162 5082 scriptorum
3191 5024 3248 5069 et
3277 5017 3494 5085 piorum

1937 5112 2222 5168 doctorum
2252 5109 2406 5164 chori
2458 5123 2556 5179 per
2595 5122 2757 5162 omne
2789 5114 3024 5176 tempus,
3059 5117 3115 5161 et
3157 5107 3316 5177 cujus
3343 5109 3502 5165 labo—

1938 5222 2026 5262 res
2056 5213 2111 5259 et
2135 5205 2392 5276 praeclara
2425 5200 2721 5257 certamina
2751 5215 2849 5269 per
2893 5214 3126 5254 omnem
3158 5209 3360 5256 terram
3410 5204 3496 5257 in-

1936 5301 2288 5364 crebuerunt,
2319 5297 2466 5349 hunc
2520 5295 2620 5348 iste
2653 5299 2926 5347 asseverat
2947 5307 3008 5346 se
3042 5292 3315 5363 ignorare,
3340 5293 3496 5363 quasi

1937 5389 2028 5462 qui
2061 5401 2170 5444 tam
2203 5395 2473 5457 provecta:
2507 5385 2684 5440 aetatis
2714 5384 2883 5438 fuerit
2912 5395 3208 5454 utrumque
3236 5391 3495 5453 expertus

1935 5489 2212 5547 esset,tnt
2236 5495 2356 5549 quae
2390 5487 2515 5532 ante
2552 5477 2719 5546 pedes
2747 5485 2910 5531 erant
2962 5491 3137 5531 caecus
3170 5491 3278 5530 non
3330 5476 3495 5530 vidis-

1935 5587 2037 5639 set,
2071 5583 2125 5631 et
2163 5590 2283 5645 qua:
2317 5573 2374 5626 in
2408 5586 2503 5627 ore
2532 5571 2800 5637 omnium,
2841 5569 3040 5624 surdus
3085 5585 3194 5623 non
3228 5569 3492 5626 audisset.

1935 5669 2087 5736 Quod
2123 5666 2348 5737 perinde
2383 5674 2467 5720 est
2501 5678 2564 5718 ac
2594 5663 2640 5716 si
2680 5662 2804 5732 quis
2827 5661 2894 5716 de
2929 5661 3059 5716 solis
3086 5661 3208 5716 luce
3237 5677 3343 5732 qua
3386 5671 3497 5716 ter-

1936 5779 2121 5818 rarum
2147 5770 2342 5815 cuncta
2372 5759 2766 5813 collustrantur
2786 5742 2996 5810 ιιοερίτθ
3017 5769 3076 5810 50
3107 5754 3340 5811 aﬂirmet
3361 5769 3494 5810 nunt

1934 5855 2059 5926 quis
2099 5867 2130 5909 e
2160 5851 2300 5908 vivis
2330 5865 2397 5906 ea
2431 5849 2727 5906 frueretur.
2760 5847 2868 5906 Sed
2912 5863 2944 5906 ε
2989 5847 3236 5904 duobus.
3264 5848 3515 5905 alterum.
