3840 6554
236 360 331 424 345

295 472 367 525 6‘.
408 470 591 536 Ἕξιών
622 488 682 540 γε
717 471 824 543 μὴν
855 472 1067 527 ἐκεῖθεν
1103 477 1431 546 ἐνετύγχανε
1482 486 1631 550 παρὰ
1675 482 1775 552 τὴν
1803 486 1848 543 Λ

234 564 337 619 ὀξὺν
384 563 653 634 σποράδην
702 563 879 618 ἄλλοτ’
939 566 1121 629 ἀλλοις
1170 570 1272 637 τῆς
1314 572 1645 641 Παλαμικῆς
1681 592 1785 641 φα-

234 657 392 725 τρίας,
427 655 515 706 ἐπὶ
559 654 618 707 τὸ
650 654 739 707 τού
783 658 1245 727 Καντακουςηνοῦ
1296 662 1572 729 βαδίζουσι
1620 683 1785 735 φρον-

233 747 511 817 τιστήριον,
538 746 631 801 ὑπ’
665 749 876 802 ἐκείνου
927 752 1033 822 πρὸ
1078 755 1187 805 τῶν
1220 755 1461 808 ἐωϐινῶν
1504 758 1685 809 αὐτῶν
1715 759 1783 810 δι’

233 838 521 891 ἀποστόλων
581 843 828 909 κρυφίως
898 844 1146 914 κληθεῖσι
1219 847 1357 913 πρὸς
1439 848 1782 912 διαλεκτικὴν

235 932 431 985 σύνοδον
486 934 654 988 πάλαι
707 937 1099 1007 μελετηθείσαν
1151 942 1291 993 κατὰ
1328 941 1447 993 ’τοῦ
1500 944 1778 1014 Γρηγορᾶ,

235 1025 545 1091 ἐπαγγελίας
604 1031 991 1099 προειληφόσιν
1042 1033 1249 1086 ἐκεῖθεν
1300 1036 1435 1105 παρ’
1489 1038 1639 1105 αὐτῷ
1680 1041 1781 1108 τὴν

234 1117 426 1185 ἡμέραν
481 1118 698 1188 ἐκείνην
756 1121 1088 1175 διατελέσειν
1138 1124 1378 1180 ἅπασαν.
1436 1127 1781 1194 Ἐοαύμαζον

232 1200 312 1257 οὖν
338 1207 524 1259 ἐκεῖνοι
562 1210 713 1277 παρὰ
749 1212 1079 1281 προσδοκίαν
1115 1215 1277 1268 αὐτὸν
1331 1218 1560 1271 ἀπιόντα
1611 1222 1781 1289 ὀρῶν-

228 1310 308 1353 τες
335 1292 530 1361 ἀρτίως
568 1299 660 1347 τὸν
698 1297 1007 1368 Γρηγορᾶν,
1041 1302 1135 1353 τοῦ
1187 1303 1339 1373 ἡλίου
1387 1306 1486 1367 τάς
1537 1308 1781 1376 πρω,νὰς

229 1386 463 1447 ἀνύοντος
500 1387 584 1439 ἔτι
618 1391 871 1457 πορείας.
902 1392 1013 1444 Καὶ
1048 1395 1229 1447 τοίνυν
1258 1395 1389 1449 ἔνιοι
1439 1398 1646 1451 τούτων
1674 1417 1777 1451 κα-

228 1477 366 1528 τόπιν
397 1478 699 1547 δραμόντες
744 1481 975 1549 ἠρώτων
1009 1486 1107 1556 τῆς
1154 1486 1297 1540 οὕτω
1325 1489 1549 1557 ταχείας
1585 1492 1779 1543 ἐπανό-

227 1567 307 1619 δου
334 1569 424 1637 τὴν
458 1571 657 1626 αίτίαν.
701 1574 1035 1644 Ἀρξαμένου
1086 1577 1134 1629 δ’
1164 1579 1370 1632 ἐκείνου
1417 1580 1541 1634 καθ’
1572 1582 1777 1635 ἕκαστα

227 1652 529 1727 διηγεῖσθαι,
567 1663 706 1734 ἔρως
752 1667 1015 1735 κατέσχεν
1066 1670 1264 1733 αὐτοὺς
1309 1671 1537 1726 ἕπεσθαί
1580 1691 1639 1725 τε
1681 1674 1777 1727 καὶ

227 1750 505 1819 ἀντιλέγειν
527 1754 626 1807 ὅσα
654 1758 854 1810 εἰδέναι
884 1760 1066 1826 σφίσιν
1090 1760 1247 1832 ἐπῄει
1274 1764 1338 1831 τῇ
1369 1764 1644 1833 κοινότητι
1675 1765 1774 1832 τῆς

225 1841 438 1912 φατρίας
458 1845 699 1913 ὁμόλογα
726 1848 817 1901 καὶ
845 1850 1158 1920 ὀμόστοιχα.
1212 1853 1368 1906 Ἐπεὶ
1401 1855 1459 1907 δὲ
1494 1856 1584 1908 καὶ
1624 1855 1774 1924 παρὰ

223 1937 307 1999 τὴν
349 1937 519 1988 οἰκίαν
576 1938 681 2009 ήδη
751 1940 829 2009 τῷ
895 1942 1151 2013 Γρηγορᾲ
1202 1946 1659 2013 συνεληλύθεσαν,
1711 1948 1772 1999 τὸ

224 2027 424 2096 συνεχές
471 2029 694 2097 ἐκείνης
726 2031 824 2102 τῆς
869 2032 1160 2100 διαλέξεως
1210 2035 1527 2109 πλατυτέρα
1555 2038 1771 2109 γλώττῃ

222 2119 437 2190 διήνυον,
467 2124 563 2176 καὶ
591 2124 693 2193 τὴν
726 2126 881 2178 νόσον
904 2126 1004 2194 τῆς
1035 2126 1348 2189 δυσσεϐείας
1371 2130 1449 2188 είς
1489 2128 1770 2197 προῦπτον

223 2209 414 2278 ἐξῆγον.
450 2214 561 2265 Καὶ
615 2208 687 2284 ἦν
731 2215 859 2267 ἰδεῖν
900 2216 998 2283 τῆς
1049 2215 1208 2268 νόσου
1274 2217 1659 2287 χαλεπώτερον
1711 2218 1773 2272 τὸ

225 2305 381 2357 νοσεῖν
406 2305 682 2373 ἐφίεσθαι.
724 2309 793 2360 ’Λ
832 2308 942 2377 γὰρ
972 2307 1192 2377 ᾔδεσαν,
1230 2311 1290 2363 ού
1333 2309 1514 2372 καλῶς
1547 2308 1770 2379 ᾔδεσαν,

224 2395 306 2446 καὶ
350 2394 385 2448 ἀ
433 2396 772 2468 προύφερον,
800 2400 948 2468 ἀπῆν
1005 2402 1188 2454 αὐτῶν
1251 2402 1284 2469 ἡ
1350 2401 1449 2453 σὺν
1500 2400 1771 2471 εὐκοσμίᾳ

223 2484 448 2552 πρόοδος.
484 2486 606 2538 Τῶν
666 2488 773 2556 γὰρ
826 2487 1046 2555 βιϐλίων
1096 2491 1470 2558 ἀνοιγομένων
1524 2490 1687 2553 εὐθὺς
1732 2489 1772 2545 ἆ

224 2575 373 2627 πάλαι
402 2577 511 2639 τοῖς
543 2578 716 2641 Θείοις
744 2581 1017 2650 Πατράσιν
1050 2581 1378 2647 ἐκτέοειται,
1408 2582 1768 2653 ἠναγκασμέ-

222 2684 307 2736 νης
335 2668 520 2739 τέχνης
546 2669 759 2723 δεῖσθαι
794 2671 891 2740 τὴν
920 2671 1180 2741 ἀλήθειαν
1221 2674 1320 2726 ούκ
1346 2674 1424 2725 ἐτι
1455 2677 1579 2744 ἐνῆν
1607 2694 1622 2707 ο
1668 2678 1770 2731 αύ-

220 2760 435 2827 τόματος
483 2760 593 2831 γὰρ
646 2763 711 2814 ἐκ
758 2761 851 2814 τοῦ
886 2762 1083 2832 ῥᾴστου
1136 2764 1271 2833 πρὸς
1330 2765 1441 2833 φῶς
1468 2767 1713 2832 ἐϐάδιζεν
1743 2769 1771 2820 ό

223 2850 303 2903 τοῦ
333 2851 551 2920 ψεύδους
598 2854 841 2923 ἐλεγχος.
872 2851 964 2917 Οἷς
1011 2854 1103 2907 οὖν
1150 2856 1451 2923 ἀνέλεγκτα
1480 2858 1770 2925 ψεύδεσθαι

222 2942 434 3011 ἣδιστον.
490 2945 709 3005 τούτοις
747 2943 809 3009 Π·
872 2945 971 3001 160
1009 2944 1078 3016 r.]
1136 2947 1381 3016 ἀψευδῶς
1449 2948 1769 3020 ἐλέγχεσθαι

222 3033 444 3101 ἔχοιστόν
502 3053 557 3087 τε
630 3036 723 3087 λαὶ
789 3036 1079 3104 Ὀνιείμπων
1133 3039 1387 3093 ἁπάντων
1444 3041 1766 3110 βαρύτερον.

220 3127 739 3195 Δυσανασχετοῦντες
778 3127 943 3181 ἐϐόων
1000 3129 1355 3201 παγγλωσσίᾳ
1401 3132 1631 3199 κόρακες
1686 3130 1761 3192 ῶς

220 3218 345 3270 κατὰ
380 3219 661 3289 Πίνδαρον.
687 3219 769 3272 ἵνα
814 3221 889 3292 μὴ
927 3221 1070 3289 λέγω
1099 3222 1256 3290 δίκην
1283 3221 1509 3279 κολοιῶν
1526 3217 1636 3288 ’ἀσή
1648 3240 1768 3289 μοις

220 3310 465 3374 κραυγαῖς
499 3308 897 3371 παταγούντων
926 3310 1020 3362 καὶ
1052 3308 1328 3379 ὁμιχλώδη
1358 3310 1479 3362 τινὰ
1509 3312 1601 3362 τὸν
1625 3311 1763 3378 ἀέρα

218 3401 273 3467 τῇ
300 3402 427 3470 ἀκοῇ
462 3403 555 3453 καὶ
592 3401 741 3453 πάνυ
765 3418 817 3452 τι
846 3400 1076 3471 δύσηχον
1111 3401 1665 3473 παρασκευαζόντων.
1699 3404 1765 3453 Ἀ

219 3496 377 3544 πάντα
402 3493 521 3545 κατ’
551 3493 795 3563 ἐμαυτὸν
823 3495 1144 3547 ἀνακυκλῶν
1176 3495 1271 3547 καὶ
1308 3494 1604 3549 ἀνελίττων
1631 3493 1764 3562 ἐγὼ,

219 3584 302 3635 καὶ
323 3582 614 3637 διευθύνειν
650 3587 742 3637 καὶ
772 3586 1068 3656 ἀναφέρειν
1092 3586 1294 3640 ἐθέλων
1325 3586 1405 3650 είς
1448 3585 1538 3642 τὸν
1566 3588 1764 3657 εἱρμὸν

217 3675 403 3729 ἐκεῖνον
458 3678 552 3730 καὶ
612 3677 905 3733 συνάπτειν
967 3679 1043 3740 είς
1094 3677 1151 3729 ἓν
1206 3679 1303 3741 τὰς
1350 3677 1625 3748 ἐκδρομὰς
1673 3677 1769 3729 καὶ

216 3763 531 3835 ἀναστροφὰς
556 3769 779 3833 ἐκείνας
809 3771 905 3824 καὶ
935 3768 1230 3840 ἀναλήψεις
1259 3769 1367 3821 τῶν
1399 3767 1519 3820 καθ’
1554 3768 1767 3825 ἕκαστα

1124 363 1569 425 ΒΥΖᾹΝΤΙΝᾸΞ
1611 367 1996 428 HISTORIA!
2035 371 2179 431 LIB.
2216 372 2462 432 XXXII.

3351 368 3456 431 346

1949 484 2039 538 IX.
2070 485 2257 555 ltaque
2291 501 2416 540 cum
2466 486 2714 552 abiisset,
2751 484 2869 554 ipsa
2896 486 2948 540 in
2980 486 3063 540 via
3097 482 3297 554 passim
3329 485 3450 537 sin-

1886 577 2045 644 gulos
2080 577 2228 631 viros
2254 577 2483 632 olfeudit
2514 595 2542 632 e
2573 578 2775 632 familia
2810 578 3224 648 Palamitarum,
3254 577 3345 645 qui
3381 575 3448 627 ad

1884 668 2246 722 (lantacuzeni
2301 669 2693 722 monasterium
2746 669 3064 739 pergebant,
3102 668 3172 721 ab
3213 668 3305 719 illo
3347 668 3455 733 jam

1883 768 2009 812 ante
2070 760 2302 827 primam
2360 759 2537 813 lucem
2591 776 2688 827 per
2728 776 3011 829 praecones
3041 759 3176 811 clam
3211 757 3455 809 advocati

1882 850 1947 902 ad
2002 851 2275 921 synodum
2339 850 2682 905 dialecticam
2718 867 2839 920 quae
2881 852 2990 920 jam
3041 850 3213 902 multo
3241 858 3367 901 ante
3405 848 3458 899 in

1880 940 2178 1010 Grcgoram
2212 941 2434 996 decreta
2465 952 2603 995 erat.
2664 943 2728 996 lli
2756 943 2893 1011 jussl
2921 952 3077 995 erant
3108 950 3279 995 totum
3312 940 3453 992 diem

1882 1032 2033 1084 illum
2092 1032 2147 1086 in
2203 1033 2335 1087 cella
2399 1049 2645 1088 manere.
2699 1035 2882 1100 Quare
2940 1040 3274 1103 stupuerunt
3328 1048 3453 1085 eum

1883 1133 2084 1190 przetcr
2121 1125 2436 1192 opinionem
2473 1126 2623 1181 abire
2671 1128 2927 1181 viderent
2958 1126 3259 1194 Gregoram
3322 1133 3459 1177 lf‘lll-

1882 1230 2014 1281 pore
2047 1230 2157 1281 quo
2209 1216 2288 1268 sol
2331 1216 2487 1284 391
2526 1218 2731 1284 primas
2783 1219 2936 1271 luces
2984 1217 3275 1285 pandebat.
3335 1217 3454 1269 Jam

1883 1304 2133 1357 nonnulli
2183 1305 2401 1359 obviam
2443 1308 2493 1361 ei
2531 1308 2894 1376 procedentes
2929 1307 3194 1376 rogabant
3223 1322 3323 1360 cur
3347 1317 3455 1360 tam

1881 1405 2104 1462 repente
2132 1395 2383 1450 abiisset.
2440 1397 2537 1452 llic
2560 1398 2730 1467 igitur
2751 1413 2877 1453 cum
2907 1399 3169 1467 cmpisset
3198 1412 3457 1450 enarrare

1879 1485 2117 1553 singula,
2147 1486 2488 1540 desiderium
2539 1503 2636 1543 eos
2692 1487 2896 1543 invasit
2940 1488 3155 1558 longius
3186 1487 3454 1558 sequendi

1875 1590 2000 1628 cum
2046 1585 2101 1629 et
2131 1577 2444 1644 opponendi
2478 1593 2820 1648 quaecunque
2853 1580 3128 1633 sociorum
3164 1579 3455 1632 sententiis

1877 1667 2261 1721 convenientia
2293 1678 2347 1720 et
2371 1670 2682 1721 communia
2710 1670 2983 1736 sciebant;
3015 1681 3072 1724 et
3101 1686 3222 1724 cmn
3254 1680 3454 1739 praeter

1877 1758 2100 1811 domum
2133 1759 2243 1827 jam
2277 1759 2523 1813 comitati
2568 1770 2751 1815 essent
2782 1760 3104 1830 Gregnram.
3137 1776 3449 1814 sermonem

1876 1850 1995 1919 ejus
2023 1864 2186 1918 supra
2221 1858 2444 1903 modum
2482 1851 2769 1905 mutabant
2810 1862 2867 1905 et
2905 1852 3201 1921 impietatis
3239 1864 3449 1919 pestem

1875 1941 1952 1995 sic
1975 1941 2146 2002 palam
2174 1940 2549 2009 proferebant.
2582 1941 2749 1995 etiam
2776 1941 2922 2011 quod
2946 1952 3097 2011 peste
3129 1943 3284 2012 pejus
3314 1957 3449 1995 con-

1875 2032 2128 2101 spieuum
2157 2040 2278 2086 erat
2310 2033 2362 2086 in
2391 2042 2600 2102 pestem
2642 2033 2812 2103 arripi
2857 2034 3099 2088 libenter
3128 2050 3248 2088 sese
3277 2032 3450 2102 patie-

1876 2122 2096 2176 bantur.
2128 2124 2260 2188 Qua:
2282 2134 2465 2178 autem
2489 2126 2736 2179 sciebant
2768 2142 2877 2179 non
2912 2127 3052 2180 bene
3072 2125 3356 2187 sciebant;
3389 2136 3450 2177 et

1872 2230 1993 2281 quse
2024 2215 2331 2268 afl'erebant
2356 2214 2425 2268 ab
2449 2216 2596 2268 omni
2624 2215 2821 2270 decore
2846 2216 3021 2270 aliena
3058 2225 3232 2271 erant.
3260 2216 3449 2284 Neque

1874 2302 2286 2372 Scripturarum
2318 2319 2441 2373 quae
2467 2304 2597 2358 olim
2629 2321 2658 2358 a
2686 2307 2891 2359 sanctis
2922 2305 3173 2359 Patribus
3200 2307 3447 2375 exposita

1873 2404 2003 2451 sunt
2033 2395 2236 2449 veritas
2266 2396 2589 2451 defensione
2619 2413 2727 2450 non
2761 2398 2996 2466 amplius
3026 2398 3223 2466 egebat
3248 2415 3262 2461 ;
3320 2413 3445 2450 nam

1871 2498 2068 2558 sponte
2116 2488 2375 2543 facillime
2426 2491 2480 2543 in
2534 2489 2712 2544 lucem
2752 2491 2955 2559 prodiit
3001 2490 3211 2545 fraudis
3248 2504 3447 2558 oppro-

1873 2581 2078 2635 brium.
2140 2580 2351 2648 Quibus
2384 2582 2667 2635 verissima
2725 2584 2778 2636 in
2828 2582 3072 2636 fraudem
3110 2592 3329 2637 vertere
3356 2583 3448 2653 ju-

1870 2674 2287 2737 cundissimum,
2326 2673 2395 2726 iis
2429 2673 2754 2741 simpliciter
2792 2673 3117 2741 reprehendi
3153 2672 3443 2729 odiosissi-

1871 2780 2017 2817 mum
2051 2772 2107 2818 et
2144 2762 2405 2817 omnibus
2433 2764 2677 2834 Olympis
2708 2763 2991 2815 molestius
3021 2772 3123 2814 est.
3186 2761 3249 2813 lli
3281 2761 3445 2829 igitur

1870 2854 2109 2908 subirati
2142 2854 2456 2908 clamabant
2508 2864 2566 2907 ut
2597 2853 2817 2907 Pindari
2858 2854 3005 2905 curvi
3046 2853 3443 2920 multilingues,

1869 2962 1938 3000 ne
1976 2946 2153 3000 dicam
2186 2954 2246 3000 ut
2291 2946 2499 3015 graculi
2531 2945 2621 3014 qui
2663 2944 2905 3000 dissonis
2935 2943 3269 2998 clamoribus
3296 2954 3437 2997 stre-

1872 3039 2044 3107 pitum
2099 3036 2271 3092 edunt
2318 3049 2374 3092 et
2417 3052 2577 3091 aures
2626 3036 2982 3091 vehementer
3041 3036 3436 3105 perstringunt.

1869 3130 2047 3196 Quare
2081 3129 2124 3183 si
2151 3136 2347 3183 cuncta
2379 3128 2566 3182 animo
2591 3128 2839 3181 volutare
2872 3137 2927 3181 et
2957 3127 3234 3197 explicare
3264 3136 3321 3180 et
3350 3141 3441 3179 or-

1874 3223 2066 3277 dinare
2100 3232 2153 3275 et
2184 3219 2391 3274 referre
2425 3221 2550 3273 volo
2581 3218 2646 3272 ad
2676 3218 2925 3271 ordinem
2985 3234 3037 3271 et
3075 3217 3438 3286 comprehen-

1875 3315 2005 3368 dere
2033 3314 2084 3366 in
2118 3329 2286 3366 unum
2329 3326 2645 3367 sermonum
2696 3311 3024 3364 deverticula
3073 3320 3129 3363 et
3176 3309 3437 3365 ﬂexiones

1869 3405 1992 3459 illas
2051 3418 2108 3459 et
2168 3404 2465 3458 tentamina
2518 3401 3041 3469 observationesque
3097 3401 3162 3453 ad
3218 3398 3430 3468 singula

1868 3493 2152 3547 institutas
2180 3502 2236 3548 et
2260 3508 2381 3563 qua:
2411 3495 2465 3546 in
2488 3492 2989 3546 concertationibus
3020 3491 3075 3545 in
3102 3489 3433 3545 contrariam

1869 3595 2085 3653 partem
2133 3583 2320 3638 allerri
2374 3583 2551 3639 solent
2601 3591 2655 3637 et
2701 3582 2920 3652 exponi,
2976 3581 3027 3634 id
3083 3581 3245 3651 392
3298 3578 3432 3632 mibi

1869 3677 2038 3731 nimis
2067 3676 2287 3731 difﬁcile
2318 3675 2377 3729 lit
2404 3685 2460 3730 et
2487 3676 2691 3745 recipio
2720 3688 2804 3727 me
2834 3674 2890 3727 in
2918 3673 3123 3727 silentii
3176 3672 3351 3725 otium
3378 3678 3435 3724 et.

1871 3771 2349 3840 tranquillitatem.

214 3855 641 3932 ἱπικειρηματων
702 3881 762 3918 τε
818 3864 911 3917 καὶ
982 3864 1276 3932 ἐργασιῶν,
1310 3864 1403 3915 καὶ
1447 3863 1569 3915 ὅσαι
1612 3862 1733 3916 κατ’
1806 3862 2057 3917 ἔνστασιν
2094 3866 2373 3933 ύποφοραὶ
2418 3865 2511 3916 καὶ
2565 3862 2941 3932 ἀνθυποφοραὶ
2999 3864 3092 3915 καὶ
3140 3862 3323 3923 λύσεις
3374 3860 3434 3925 ἐξ

214 3950 435 4022 ἀνάγκης
480 3956 709 4009 ἕπονται
749 3956 1006 4021 τουτοισὶ,
1074 3955 1196 4007 λίαν
1246 3955 1483 4025 ἐργῶδες
1531 3956 1639 4024 δρῶ
1692 3956 1786 4009 καὶ
1820 3956 2089 4028 ἀναχωρῶ
2118 3960 2253 4028 πρὸς
2321 3958 2658 4027 sentinae},
2688 3958 2783 4026 τῆς
2816 3956 3024 4025 σιωπῆς
3057 3955 3431 4022 ἀσπαζόμενος

214 4043 482 4118 ἄπραγμόν
517 4067 578 4102 τε
613 4050 710 4101 καὶ
739 4050 1119 4119 ἀνεπίφθονον.
1164 4096 1167 4099 .

276 4144 329 4199 l'.
374 4150 462 4218 Μή
522 4164 620 4217 μοι
677 4146 906 4198 τοιαῦτα
950 4146 1075 4213 λέγε
1130 4145 1224 4197 καὶ
1272 4145 1550 4215 πρότεινε,
1589 4145 1760 4213 φίλων

214 4239 386 4308 ἄριστε
435 4237 798 4308 Πρωταγόρα.
842 4238 986 4290 Μίαν
1031 4236 1141 4307 γάρ
1187 4236 1447 4306 οὐδεμίαν
1493 4236 1761 4307 οὐδετέρῳ

214 4333 352 4400 φέρει
397 4334 494 4400 τὴν
543 4332 731 4399 ὄνησιν
780 4330 847 4382 τὰ
902 4330 1001 4398 τῆς
1054 4328 1288 4399 σιωπῆς.
1352 4328 1505 4398 Ἐμοί
1546 4345 1607 4397 τε
1653 4333 1760 4398 γαρ

211 4422 446 4483 ἐπιεικῶς
496 4422 771 4490 ἀφόρητον
811 4421 910 4489 τὴν
961 4420 1165 4488 ζημίαν
1219 4420 1457 4487 κομίζει,
1504 4408 1597 4471 atad.
1644 4422 1756 4472 ὅσοι

1934 4143 2001 4200 Χ.
2031 4144 2150 4199 Noli
2180 4142 2296 4198 hare
2319 4142 2503 4197 dicere
2532 4143 2665 4197 mihi
2690 4153 2744 4197 et
2770 4142 3087 4206 obtrudere,
3110 4142 3433 4198 cbarissime

1856 4236 2176 4302 Protagora.
2238 4233 2377 4287 Nam
2433 4232 2615 4287 neutri
2682 4245 2933 4287 nostrum
2994 4234 3101 4286 ulla
3160 4233 3367 4289 utilitas
3401 4249 3431 4286 e

1865 4324 2088 4379 silentio
2119 4322 2336 4380 evadet.
2377 4321 2505 4376 Mihi
2531 4320 2754 4391 quidem
2794 4323 3137 4377 intolerabile
3166 4325 3429 4377 damnum

1859 4416 2052 4471 afferet
2085 4431 2299 4485 unaque
2331 4415 2397 4471 iis
2425 4430 2662 4484 quorum
2697 4430 2859 4469 aures
2889 4431 3070 4469 rerum
3099 4416 3427 4486 optimarum

210 4510 371 4579 λίχνον
407 4513 525 4565 κατ’
547 4484 675 4579 ἐμὲ.
707 4514 836 4580 περὶ
865 4484 942 4564 .τά
978 4484 1173 4581 βελτίω
1199 4484 1301 4581 τὴν
1338 4484 1509 4578 ἁκοῇν
1540 4512 1755 4579 ἐξέθρε-

1872 4509 2092 4564 curiosa:
2124 4517 2275 4561 sunt.
2336 4506 2456 4561 Tibi
2514 4522 2647 4561 vero
2697 4516 2961 4577 quantum
2998 4524 3085 4561 res
3121 4508 3425 4577 periculum

210 4602 323 4669 ψαν.
358 4607 444 4658 Σοὶ
469 4607 515 4659 δ’
564 4608 691 4659 ὅσον
717 4606 930 4659 ἀπειλεῖ
976 4606 1072 4674 τῆς
1097 4604 1275 4675 ψυχῆς
1307 4604 1364 4658 τὸ
1395 4606 1632 4675 πρᾶγμα
1668 4610 1756 4659 τον

208 4696 454 4761 κῗνδυνσν,
484 4699 647 4761 αὐτός
680 4697 725 4748 τ’
771 4695 837 4750 ἂν
885 4696 1083 4765 εἰδείης
1119 4696 1365 4763 ἐξετάσει
1406 4699 1502 4751 καὶ
1536 4698 1757 4768 βασάνῳ

207 4786 492 4858 τελεωτέρα
519 4790 717 4850 διδοὺς,
755 4790 850 4841 καὶ
878 4788 993 4855 ἅμα
1026 4789 1478 4857 συλλογιζόμενος
1502 4791 1617 4853 πῶς
1653 4789 1754 4855 μὲν

209 4877 304 4928 τῶν
334 4878 626 4933 ἀντιθέτων
680 4883 954 4948 αἰσχυνείς
1010 4880 1107 4941 τὰς
1176 4880 1421 4944 γλώττας
1472 4881 1631 4946 λέξας
1686 4881 1751 4932 τὰ

208 4970 408 5037 καίρια,
462 4973 577 5034 πῶς
637 4972 693 5023 δὲ
748 4971 855 5024 τῶν
913 4972 1200 5041 ἡμετέρων
1258 4972 1588 5041 ἐπιρόώσεις
1653 4975 1753 5032 τὰς

209 5063 415 5129 φρένας,
450 5063 819 5131 ἀμεριρῥεπεῖς
873 5062 1028 5114 ἐνίων
1073 5063 1287 5133 ἐνιαχοῦ
1344 5065 1633 5129 γινομένας
1683 5062 1751 5115 δι’

207 5149 540 5221 ὀλιγομαηίτν
579 5153 709 5213 ἴσως
734 5166 748 5181 ·
780 5153 840 5201 ού
869 5152 977 5218 γὰρ
1007 5150 1069 5202 ἄν
1096 5168 1224 5202 ποτε
1254 5152 1419 5221 φαίην
1448 5150 1601 5218 κάγὼ
1629 5152 1750 5204 κατ’

209 5238 366 5303 ἐνίους
405 5242 499 5309 τὴν
543 5242 697 5293 νόσον
742 5240 1041 5303 καλοῦντας
1071 5241 1328 5309 ἀγκυρῶν
1357 5242 1599 5309 ὀρφανὴν
1628 5258 1750 5295 τινα

205 5328 389 5398 οἴησιν,
420 5331 659 5398 εὐχερῶς
714 5330 801 5395 ἐφ’
854 5328 1092 5394 ἔκαε-ρὰ.
1135 5328 1632 5397 ταλαντευομένην,
1663 5331 1749 5382 ό).-

207 5420 322 5471 κάσι
368 5422 779 5491 παραπλησίως,
817 5420 879 5482 ἃς
912 5420 1247 5489 ταραχώδεις
1277 5421 1511 5487 ἀγκάλαι
1549 5422 1745 5475 θαλάτο

206 5526 294 5577 της
324 5514 691 5566 ἀπολαϐοῦσαι
739 5513 930 5572 νυκτὸς
980 5511 1252 5579 ἀλιμένοις
1284 5513 1477 5575 ἀκταῖς
1509 5515 1602 5565 καὶ
1635 5531 1742 5582 χω-

210 5601 333 5669 ρίοις
385 5606 703 5673 ἐπέρριψαν.
742 5606 970 5658 "Etuta
1026 5604 1143 5655 οὐδὲ
1195 5604 1450 5673 φορτικός
1500 5622 1583 5667 τις
1631 5604 1741 5669 ἐγώ

211 5708 285 5742 σοι
323 5696 608 5764 φανοῦμαι,
643 5695 813 5749 πάντα
842 5695 962 5746 καθ’
991 5694 1197 5746 ’ἐκαστα
1231 5697 1407 5761 λέγειν
1438 5696 1617 5748 ἐκεῖνα
1646 5698 1741 5749 καὶ

213 5785 587 5854 ἀπαράλλακτα
649 5788 888 5858 τήμερον
963 5788 1056 5855 τῆν
1119 5788 1421 5856 ἀνάμνησιν
1482 5790 1738 5856 ἐπᾶιγων·

1860 4597 2207 4651 minitaretur
2241 4595 2459 4651 videres
2503 4595 2665 4651 facile
2710 4599 2753 4651 si
2792 4612 2904 4652 rem
2942 4599 3185 4667 penitius
3216 4610 3270 4652 et
3312 4616 3428 4651 utc-
3517 4656 3527 4664 ,

1858 4686 1967 4740 lius
2015 4686 2324 4754 iuquireres
2360 4694 2416 4740 et
2453 4698 2736 4756 reputarcs
2777 4689 3052 4756 quomodo
3079 4688 3425 4742 adversario-

1859 4796 1980 4833 rum
2014 4779 2258 4849 liuguam
2311 4790 2518 4833 mutam
2558 4781 2819 4835 redderes
2866 4782 3205 4851 argumentis
3235 4781 3425 4835 electis

1856 4872 2299 4941 gravioribus.ct
2327 4872 2602 4940 quomodo
2638 4873 2851 4927 animos
2886 4883 3103 4927 uestros
3132 4874 3421 4928 confirma-

1857 4974 2017 5017 turus
2052 4978 2205 5017 esses
2259 4979 2384 5018 cum
2448 4965 2695 5018 nonnulli
2739 4965 2850 5033 jam
2909 4964 3145 5017 titubcnt
3200 4972 3424 5032 propter

1855 5071 2038 5109 rerum
2076 5055 2475 5124 ignorantiam;
2514 5072 2581 5109 ne
2599 5057 2770 5109 dicam
2794 5064 2853 5109 ut
2886 5056 3133 5110 nonnulli
3169 5058 3418 5110 morbum

1854 5160 2051 5201 vocant
2104 5150 2419 5218 opinionem
2475 5150 2693 5201 ancoris
2741 5150 2985 5207 orbatam
3031 5148 3278 5204 etmodo
3310 5148 3419 5202 huc

1852 5238 2013 5291 modo
2035 5239 2164 5292 illuc
2191 5238 2544 5292 fluctuantem
2582 5238 2753 5291 instar
2772 5240 2991 5292 navium
3029 5255 3147 5307 qua:
3174 5239 3417 5293 remulco

1850 5329 2179 5394 trahuntur;
2236 5344 2372 5397 quas
2433 5330 2599 5383 maris
2651 5330 2855 5384 turbedi
2909 5330 3108 5385 ﬂuctus
3131 5330 3415 5398 abripiunt

1848 5431 2010 5475 noctu
2030 5431 2084 5473 et
2112 5419 2164 5472 in
2194 5420 2603 5489 proximasoras
2633 5430 2684 5473 el
2706 5423 3072 5477 continentem
3094 5420 3408 5489 projiciunt.
3452 5478 3453 5481 η

1850 5513 1954 5568 Sed
1994 5515 2088 5567 tibi
2115 5528 2181 5568 ne
2209 5513 2473 5567 molestus
2506 5514 2692 5568 videar
2729 5514 2855 5567 nolo
2890 5524 2940 5569 te
2978 5514 3187 5583 singula
3217 5514 3404 5567 omnia

1850 5604 2244 5669 mihinarrare,
2282 5604 2598 5658 continuam
2644 5605 2803 5657 bodie
2849 5622 3028 5659 rerum
3086 5605 3407 5660 memoriam

1848 5697 2310 5752 excitando.1\'am
2340 5696 2641 5751 secundum
2672 5697 2976 5761 oraculum,
3012 5697 3237 5752 nimium
3273 5712 3411 5750 nun-

1848 5805 2007 5858 quam
2039 5788 2293 5843 desidero
2322 5798 2381 5847 et
2423 5788 2624 5855 quibus
2671 5802 2890 5857 semper
2923 5790 3188 5845 intersum
3216 5804 3313 5843 eos
3340 5804 3410 5845 ne
