3780 6554
437 351 538 415 351

441 475 609 544 γίαις.
665 475 1119 550 ἀλληλογαμίαις,

1603 370 1778 430 NltJE
1791 371 2000 432 P110111

2103 371 2436 432 unseen-1?
3543 379 3624 460 353

1208 485 1304 536 καὶ
1387 486 1720 552 ἁπαξαπλῶς
1767 491 1826 540 ὲν
1881 490 2081 552 πάσαις
2118 491 2380 554 ἀσωτίαις
2440 490 2942 560 ἑγκυλινδούμενοι.
3005 491 3073 544 τά
3134 491 3355 546 τοιαῦτα
3407 497 3626 562 πράττειν

442 567 670 632 ἀπαθῶς
719 572 1125 639 τερατεύονται,
1205 577 1547 650 ἀναισθήτως
1609 581 1890 644 νοσοῦντες
1939 581 2039 648 τὴν
2079 583 2404 650 ὲμπάοειαν,
2445 585 2536 640 καὶ
2591 585 2912 654 ἀναλγήτως
2959 583 3052 652 ὑφ’
3117 583 3329 638 ἑαυτῶν
3371 587 3624 659 πάσχοντες

443 665 539 716 καὶ
578 666 686 718 τῶν
731 669 788 736 ὲν
821 670 1002 734 αὐτοῖς
1047 671 1340 726 οἰκούντων
1385 676 1674 746 δαιμῶνων,
1706 679 1894 748 ὥσπερ
1923 673 1996 730 ὀἱ
2035 681 2299 747 φρενίτιδι
2332 682 2689 752 κατεχόμενοι
2717 685 2877 750 νόσῳ.

517 755 658 810 ΧΙΙΙ.
715 757 965 814 Inveniet
1004 771 1188 814 autem
1213 764 1528 834 quicunque
1557 769 1848 824 consulere
1879 767 2000 822 velit

2179 771 2276 825 ll".
2291 771 2360 824 Εύ
2371 769 2434 842 ρῆ
2443 789 2522 824 σει
2545 773 2588 824 δ⁴
2606 775 2632 825 ό
2649 774 2973 843 βουλόμενος
2991 775 3334 846 περὶτούτων
3354 775 3450 827 κάν
3463 775 3530 846 τῷ
3541 779 3624 852 ὅρῳ

445 847 500 900 in
551 847 838 916 disciplina
889 851 958 905 de
1011 853 1266 920 practicis
1313 867 1514 912 sancta:
1557 869 1611 913 et
1649 859 2002 914 mcumenicze

446 940 621 992 tertia:
649 941 867 1009 synodi,
903 943 1067 998 etiam
1116 949 1380 1014 septimm,
1418 951 1692 1016 quomodo
1723 951 2006 1006 diﬂ‘ament

443 1041 498 1084 et
531 1032 904 1090 condcmncnt
934 1039 1112 1105 turpia
1161 1039 1356 1094 lterum
1383 1041 1622 1096 facinora
1645 1053 1700 1098 et
1729 1045 2008 1112 quomodo

443 1121 802 1180 Massalianos
839 1127 973 1182 laltls
1004 1131 1278 1198 appellent
1305 1141 1362 1185 et
1389 1133 1789 1190 Marcionis-tas.
1841 1135 2008 1190 Satis-

443 1212 644 1270 facient
669 1229 854 1272 autem
884 1237 1031 1276 nunc
1059 1223 1122 1276 ad
1150 1223 1480 1279 evidentiam
1513 1228 1618 1281 alia
1647 1229 1880 1296 plurima
1925 1239 2004 1282 te.

441 1304 699 1360 minionia
742 1309 1018 1364 luculenta
1071 1323 1125 1366 et
1173 1330 1280 1380 pra:
1329 1316 1454 1370 aliis
1497 1317 1754 1372 erunibus
1795 1335 1914 1387 qua:
1939 1320 2007 1374 ab

443 1395 586 1448 Atho
612 1410 796 1454 monte
827 1401 908 1455 bis
932 1413 987 1456 et
1016 1413 1098 1458 ter
1121 1416 1176 1460 ct
1204 1408 1401 1475 smpius
1425 1409 1491 1462 ad
1519 1424 1618 1464 nos
1637 1421 2008 1478 pervenerunt

439 1487 692 1557 evulgata
715 1501 766 1543 et
791 1491 962 1548 libere
981 1496 1154 1562 palam
1173 1499 1421 1566 exposita
1437 1499 1786 1567 documenta,
1809 1503 2006 1571 quibus

441 1579 664 1634 illorum
700 1584 912 1654 singula
959 1585 1162 1656 ﬂagitia
1211 1590 1544 1646 indicantur.
1604 1591 1674 1647 At
1717 1596 1762 1648 si
1793 1595 2006 1662 pietatis

439 1681 640 1726 nostrze
661 1685 715 1728 et
741 1689 944 1731 sancta:
963 1678 1230 1734 doctrina:
1247 1683 1508 1738 intererat
1531 1684 1834 1754 intelligere
1868 1701 2006 1754 quo-

441 1764 605 1815 modo
647 1765 871 1820 Tbabor
911 1777 966 1822 et
1015 1769 1250 1826 llermon
1297 1773 1350 1826 in
1381 1773 1600 1828 nomine
1627 1775 1836 1836 Domini
1859 1778 2004 1832 cele—

439 1857 580 1912 brati
605 1871 812 1926 essent,
848 1871 904 1916 et
951 1866 994 1920 si
1033 1865 1136 1920 bac
1169 1866 1238 1920 de
1273 1881 1330 1920 re
1369 1869 1741 1922 necessarium
1781 1871 2003 1924 omnino

439 1961 558 2006 erat
579 1969 700 2021 quae
723 1969 848 2008 eum
875 1955 1156 2012 miraculis
1183 1957 1258 2012 ibi
1279 1957 1442 2012 editis
1465 1960 1755 2027 conjuncta
1779 1961 2006 2016 fuissent

440 2043 744 2112 inquirere,
777 2047 954 2116 iisque
977 2051 1388 2104 venerationem
1413 2065 1678 2106 summam
1721 2053 1964 2108 tribuere
1989 2071 2002 2106 :

440 2137 677 2205 primum
701 2153 840 2205 opus
865 2147 983 2194 erat
1009 2149 1068 2194 ut
1107 2155 1137 2196 a
1165 2142 1296 2196 viris
1323 2142 1498 2197 doctis
1538 2159 1658 2212 quae
1703 2154 1848 2200 certa
1897 2146 2004 2200 sint

439 2243 692 2288 accurate
726 2235 1156 2303 inquirerentur,
1189 2237 1352 2307 398
1376 2253 1554 2308 neque
1595 2239 1888 2309 quidquam
1921 2241 2005 2294 in.

433 2323 635 2392 iustius
691 2335 804 2378 erat
863 2341 1026 2394 quam
1079 2327 1146 2382 de
1179 2342 1245 2382 eo
1280 2329 1372 2398 qui
1407 2329 1474 2383 de
1521 2341 1706 2384 nostra
1759 2331 2004 2386 doctrina

437 2413 766 2481 loquebatur
789 2415 832 2470 si
865 2431 1054 2472 revera
1094 2417 1196 2471 viri
1223 2418 1371 2472 docti
1414 2419 1706 2488 plurimum
1755 2421 2006 2474 valebant

437 2525 749 2577 quanquam
809 2525 916 2561 non
965 2509 1156 2564 eadem
1208 2511 1438 2566 facultas
1483 2512 1694 2566 cmtcris
1751 2513 2006 2568 omnibus

439 2599 616 2654 inerat
647 2603 736 2668 qui
773 2601 1054 2656 nobiscum
1081 2603 1284 2656 faciunt
1319 2604 1674 2672 eamdemque
1699 2605 2003 2659 doctrinam

441 2691 671 2756 habent,
711 2707 980 2760 quzcrere,
1009 2709 1140 2746 num
1172 2709 1202 2748 e
1235 2709 1466 2750 numero
1496 2705 1742 2750 sutorum
1765 2706 1860 2751 aut
1900 2697 2007 2750 fos-

439 2798 624 2838 sorum
659 2791 752 2836 aut
779 2785 1150 2852 sephistarum
1181 2795 1346 2841 esset.
1389 2785 1592 2841 Deinde
1623 2795 1802 2842 autem
1833 2791 2005 2842 fateor

441 2877 486 2928 si
547 2877 698 2930 nullo
761 2876 920 2930 modo
963 2877 1216 2933 evitabile
1269 2887 1328 2932 et
1379 2893 1604 2948 prorsus
1637 2881 2002 2934 necessarium

439 2964 652 3028 fuisset,
706 2981 794 3020 me
847 2983 1188 3036 nequaquam
1265 2969 1339 3024 ibi
1415 2970 1748 3024 omissurum
1835 2972 2004 3024 fuisse

435 3058 604 3114 verba
639 3059 837 3122 facere,
865 3076 930 3114 eo
963 3071 1019 3114 ut
1049 3075 1296 3117 caverem
1331 3063 1464 3116 mihi
1495 3079 1562 3116 ne
1595 3063 1848 3116 ludibriis
1867 3063 2000 3116 mibi

437 3150 812 3206 obtrectarent
835 3167 1048 3222 unaque
1077 3153 1200 3207 aliis
1222 3155 1314 3224 qui
1349 3153 1555 3209 indocti
1585 3162 1712 3208 sunt
1741 3169 1810 3208 ne
1845 3154 2004 3210 facile

437 3257 469 3297 a
543 3243 792 3299 scelestis
869 3244 1160 3316 impietatis
1217 3246 1542 3316 praesidibus
1593 3247 2000 3315 deciperentur.

433 3334 594 3390 Nunc
633 3349 766 3390 vero
823 3350 946 3391 cum
1003 3352 1200 3390 vanam
1245 3352 1438 3398 eorum
1483 3337 1998 3392 demonstrationem

2107 863 2216 916 τῶν
2254 865 2575 933 Πρακτικῶν
2605 865 2700 934 τῆς
2733 867 2896 932 ἁγίας
2929 869 3022 920 καὶ
3052 867 3440 937 οίκουμενικῆς
3466 871 3622 942 τρίτης

2111 957 2352 1024 συνόδου,
2383 958 2477 1010 καὶ
2509 959 2706 1026 ὁμοίως
2741 960 2838 1028 τῆς
2879 959 3136 1030 ἑϐδόμης,
3171 961 3320 1022 ὅπως
3367 977 3422 1012 τε
3451 962 3622 1030 ἐκπομο

2111 1051 2337 1104 πεύουσι
2395 1052 2484 1103 καὶ
2541 1051 3000 1121 ἀναθεματίζουσι
3049 1052 3146 1114 τὰς
3183 1051 3432 1122 μυσαρὰς
3479 1055 3623 1108 αὐτῶν

2109 1143 2395 1210 ἐργασίας,
2449 1144 2541 1196 καὶ
2578 1143 2726 1205 ὅπως
2774 1145 2900 1202 τοὺς
2940 1143 3134 1206 αὐτοὺς
3177 1143 3546 1206 Μασαλιανούς
3577 1163 3622 1198 τε

2109 1233 2334 1287 καλοῦσι
2383 1237 2474 1288 καὶ
2513 1235 2958 1302 Μαρκιωνιστάς.
3001 1235 3316 1306 ’Δρκέσουσι
3369 1235 3416 1287 δ’
3443 1236 3513 1288 ἔτι
3555 1239 3627 1289 καὶ

2109 1325 2203 1379 νῦν
2232 1328 2286 1382 ἐς
2315 1326 2548 1396 δήλωσιν
2573 1327 2708 1380 ἄλλα
2731 1346 2790 1381 τε
2813 1329 3036 1381 πλεῖστα
3071 1327 3350 1398 μαρτύρια
3377 1329 3467 1382 καὶ
3489 1333 3624 1398 σαφῆ,

2107 1421 2198 1473 καὶ
2224 1420 2331 1487 πρό
2359 1439 2420 1488 γε
2456 1423 2672 1474 πάντων
2702 1423 2748 1474 oi
2775 1423 2838 1474 ὲκ
2870 1422 2962 1476 τοῦ
2991 1422 3142 1476 Ἄθω
3169 1422 3260 1476 τοῦ
3283 1423 3442 1492 ὅρους
3464 1423 3544 1476 καὶ
3565 1423 3627 1488 δὶς

2109 1511 2204 1564 καὶ
2238 1509 2356 1576 τρὶς
2387 1511 2481 1564 καὶ
2523 1511 2784 1574 πολλάκις
2817 1513 3136 1583 ἐληλυθότες
3169 1515 3628 1584 πεπαρῤησιασμέ-

2105 1623 2190 1656 νοι
2231 1605 2327 1658 καὶ
2365 1603 2620 1674 ὕπαιθροι
2651 1605 2826 1673 τόμοι,
2868 1605 2936 1658 τὰ
2985 1605 3186 1660 τούτων
3215 1607 3418 1675 αἰσχρά
3457 1605 3628 1660 καθ’ἒ-

2107 1711 2288 1749 mare
2327 1697 2720 1764 παριστῶντες.
2754 1697 2896 1751 Ἀλλ’
2929 1699 2976 1752 ει
3011 1699 3108 1768 μὲν
3153 1698 3300 1750 τοῦτ’
3327 1693 3396 1767 ἦν
3419 1699 3446 1751 ὁ
3471 1698 3555 1766 τῆς
3579 1701 3621 1768 ή-

2112 1784 2232 1852 μῶν
2277 1783 2563 1848 εὐσεϐείας
2593 1787 2690 1841 καὶ
2725 1787 2962 1850 πίστεως
2996 1789 3142 1857 ὅρος,
3177 1787 3377 1842 εἰδέναι
3409 1788 3516 1850 πῶς
3545 1789 3628 1842 Θα-

2107 1873 2226 1943 δὼρ
2275 1876 2367 1930 καὶ
2413 1877 2635 1946 Ἐρμὼν
2678 1881 2736 1932 ὲν
2769 1879 2846 1946 τῷ
2883 1881 3106 1949 ὀνόματι
3155 1881 3363 1948 Κυρίου
3407 1883 3629 1949 ἠγαλλιά-

2107 1983 2292 2033 σαντο,
2327 1967 2422 2022 καὶ
2461 1970 2540 2032 είς
2567 1969 2714 2023 τοῦτ’
2757 1970 3004 2038 ἀνάγκης
3051 1966 3121 2042 ἣν
3159 1972 3218 2025 τὸ
3247 1973 3629 2042 περιιστάμενον

2107 2055 2208 2119 τὰς
2257 2057 2372 2109 ἐκεῖ
2417 2057 2854 2126 θαιματοποιίας
2889 2059 3087 2113 εἰδέναι
3141 2061 3237 2114 καὶ
3281 2059 3504 2123 ταύταις
3549 2063 3628 2130 τῆς

2109 2146 2534 2215 προσκυνήσεως
2561 2147 2746 2215 νέμειν
2767 2148 2826 2200 τὺ
2855 2147 2918 2218 [ί.
2947 2147 3041 2202 161
3077 2149 3154 2220 v.1
3182 2151 3494 2218 κράτιστον,
3513 2153 3629 2218 πρῶ-

2105 2251 2198 2286 τον
2229 2235 2328 2305 μὲν
2357 2237 2537 2302 σοφῶν
2581 2239 2792 2305 ἀνδρῶν
2821 2239 2990 2292 ἐδεῖτο
3031 2241 3166 2309 πρὸς
3192 2241 3420 2310 ἔρευναν
3457 2243 3629 2310 τάσφα·

2103 2329 2228 2392 λοῦς
2255 2329 2482 2399 ἀκριϐῆ,
2521 2331 2616 2386 καὶ
2655 2330 2806 2384 οὐδὲν
2855 2333 2922 2386 ἂν
2944 2329 3014 2403 ἦν
3043 2334 3374 2402 ἀδικώτερον
3405 2335 3534 2388 κατά
3557 2337 3628 2389 τὸν

2107 2421 2330 2475 εἰπόντα
2354 2421 2454 2489 τῆς
2481 2423 2760 2492 ἡμετέρας
2787 2423 3044 2488 πίστεως,
3075 2427 3123 2478 εί
3152 2425 3211 2478 τδ
3247 2427 3412 2479 πλέον
3447 2422 3572 2494 εἶχον
3590 2429 3627 2479 οἱ

2105 2515 2279 2580 σοφοὶ,
2333 2513 2424 2565 καὶ
2469 2513 2568 2566 οὐκ
2607 2513 2696 2568 ἐπ’
2725 2513 2848 2586 ῐσης
2885 2513 2978 2568 τοῦ
3014 2517 3283 2580 σώζεσθαι
3323 2520 3459 2572 πᾶσι
3491 2519 3628 2587 μετῆν

2103 2603 2404 2671 ὁμοφύλοις
2433 2605 2526 2657 καὶ
2559 2607 2908 2676 ὁμογνώμοσι
2943 2609 3039 2676 τὴν
3079 2611 3386 2672 εὐσέϐειαν,
3417 2611 3520 2663 εἴτε
3544 2611 3630 2664 τῶν

2106 2699 2352 2748 σκυτέων
2397 2713 2482 2760 τις
2517 2699 2602 2766 εἴη
2629 2700 2724 2752 καὶ
2757 2701 3080 2753 σκαπανέων
3109 2704 3202 2756 καὶ
3249 2701 3304 2752 εί
3323 2719 3406 2764 τις
3439 2703 3539 2754 τῶν
3561 2721 3630 2754 σοι

2105 2787 2334 2855 φιστῶν.
2367 2789 2632 2860 Δεύτερον
2667 2791 2714 2843 δ’
2734 2793 2944 2860 εἴποιμι
2971 2791 3036 2845 ἂν
3067 2793 3140 2854 ὡς
3167 2795 3244 2855 εἰς
3273 2793 3446 2861 βίαιόν
3475 2811 3522 2846 τι
3555 2797 3631 2848 καὶ

2103 2882 2511 2950 ἀναπόδραστον
2541 2881 2600 2934 τὺ
2635 2883 2734 2950 τῆς
2766 2883 3010 2954 ἀνάγκης
3053 2884 3300 2938 ἐνταυθοῖ
3345 2887 3630 2952 περιίστατο

2101 2973 2386 3038 τρόπαιον,
2421 2975 2548 3040 περὶ
2579 2971 2774 3026 πολλοῦ
2823 2973 2976 3042 μέντ’
3011 2976 3076 3026 ἀν
3105 2979 3200 3028 καὶ
3231 2976 3412 3044 αὐτὸς,
3457 2977 3628 3046 μᾶλλον

2101 3063 2158 3116 δὲ
2185 3064 2280 3116 τοῦ
2323 3065 2522 3127 παντὸς
2551 3063 2854 3135 ἐποιούμην
2881 3067 2943 3118 τὺ
2989 3067 3168 3134 λέγειν
3197 3067 3448 3133 ἐνταῦθα,
3493 3071 3632 3136 ἐμαυ-

2101 3157 2196 3210 τοῦ
2233 3174 2292 3210 τε
2327 3157 2805 3228 προμηθούμενος,
2859 3157 2934 3220 ὡς
2989 3159 3064 3228 μὴ
3115 3159 3502 3231 διαϐαλλοεμην
3541 3163 3628 3222 τοῖς

2103 3249 2543 3317 φιλοσκώμμοσι,
2589 3251 2682 3302 καὶ
2713 3249 2830 3316 ἅμα
2869 3249 2980 3302 τῶν
3023 3251 3419 3321 ἀφελεστέρων,
3467 3253 3537 3314 ὡς
3569 3253 3628 3320 μὴ

2103 3341 2302 3414 ῥᾳδίως
2333 3341 2682 3410 ὲξαπατῷντο
2711 3341 2846 3410 πρὶς
2869 3343 2976 3394 τῶν
3007 3343 3238 3396 ἀνοσίων
3271 3344 3368 3408 τῆς
3403 3345 3628 3404 ἀσεϐείας

433 3447 556 3488 esse
581 3432 740 3487 nobis
763 3429 897 3485 satis
909 3431 1146 3494 eluceat,
1163 3441 1219 3485 et
1247 3431 1450 3486 frustra
1469 3447 1565 3485 eos
1583 3441 1634 3486 et
1655 3430 1772 3486 sine
1797 3439 1996 3485 eventu

2103 3436 2402 3504 προέδρων.
2435 3434 2548 3488 Νὗν
2583 3434 2628 3486 δ’
2649 3434 2838 3502 ἐπειδὴ
2873 3434 3110 3501 ματαίαν
3132 3435 3394 3501 ἐπίδειξιν
3424 3431 3554 3488 εἶναι
3579 3435 3628 3487 sl

433 3527 864 3582 concertationis
887 3526 1120 3579 multum
1143 3525 1319 3578 lutum
1353 3525 1684 3588 concitasse,
1709 3533 1910 3590 tacere,
1935 3531 1995 3578 ut

2103 3525 2336 3594 πρᾶγμα
2397 3527 2686 3578 κατανοεῖν
2734 3527 2866 3593 ἡμῖν
2924 3527 3310 3594 παραγίνεται,
3347 3528 3435 3578 καὶ
3489 3526 3628 3578 πολὺν

433 3616 567 3682 dixi,
601 3615 868 3669 malebam
898 3629 1060 3682 (piam
1091 3613 1294 3675 dicere,
1333 3626 1438 3666 nec
1477 3627 1612 3667 vero
1637 3627 1701 3666 ea
1733 3611 1800 3666 de
1829 3627 1990 3666 causa

435 3721 499 3760 ac
527 3705 569 3760 si
602 3705 787 3759 dicere
811 3703 1036 3759 omnino
1070 3717 1168 3772 per
1199 3719 1258 3758 se
1289 3703 1482 3758 inutile
1527 3713 1694 3768 esset,
1725 3704 1819 3759 sed
1865 3705 1994 3774 quia

431 3798 594 3854 nobis
617 3798 736 3867 ipso
759 3813 826 3852 eo
855 3807 1100 3865 tempore
1130 3795 1324 3850 inutile
1359 3795 1473 3851 fore
1499 3797 1807 3851 videbatur.
1842 3795 1996 3862 Quod

433 3887 868 3958 iuopportunum
893 3903 1015 3942 esse
1044 3895 1098 3942 et
1131 3887 1291 3942 nobis
1343 3896 1599 3956 tanquam
1633 3889 1834 3956 probro
1881 3887 1997 3942 fore

435 3983 612 4054 ipsum
647 3979 779 4036 illud
813 3989 1030 4048 tempus
1067 3979 1200 4032 satis
1224 3978 1498 4034 monebat.
1523 3978 1598 4032 De
1623 3978 1824 4047 quibus
1847 3978 1992 4033 enim

431 4074 790 4145 quaestionem
823 4081 1140 4142 proponunt
1169 4086 1279 4124 non
1325 4070 1690 4124 necessariam
1709 4109 1724 4132 ,
1755 4071 1872 4125 haec
1903 4086 1992 4126 re-

430 4166 778 4235 sponsionem
799 4163 1166 4218 necessariam
1189 4177 1296 4222 non
1331 4161 1626 4231 postulant.
1645 4160 1822 4216 Audio
1843 4164 1992 4219 enim

435 4273 690 4328 magnum
739 4255 1000 4310 Basilium
1045 4253 1264 4323 quando
1327 4252 1396 4307 ab
1447 4253 1664 4308 Arianis
1715 4245 1998 4325 rogaretur

433 4362 492 4407 ut
517 4353 864 4408 enuntiatum
923 4349 1099 4402 :Deus
1149 4345 1357 4400 creavit
1411 4361 1528 4400 me:
1569 4347 1889 4416 .explicaret
1940 4347 1994 4402 id

435 4444 754 4514 repudiasse
787 4449 844 4494 et
871 4438 1074 4492 silentii
1112 4453 1332 4491 causam
1359 4452 1478 4490 eam
1511 4435 1818 4526 professum
1847 4453 1994 4503 esse,

433 4535 582 4608 quod
613 4536 764 4589 nulla
783 4531 885 4588 sibi
916 4531 983 4585 de
1013 4529 1280 4598 ejusmodi
1305 4531 1576 4583 sententia
1605 4529 1820 4583 dicendi
1849 4539 1999 4585 esset

433 4629 753 4692 necessitas,
777 4624 1078 4695 prtesertim
1099 4639 1222 4676 cum
1245 4637 1342 4691 per
1367 4621 1994 4690 parabolametobscura

433 4719 600 4774 verba
632 4725 688 4772 et
717 4717 1000 4784 aenigmata
1033 4714 1241 4782 prolata
1281 4719 1486 4777 essent,
1546 4727 1614 4766 ne
1663 4712 1756 4782 qui
1783 4713 1998 4766 audiret

2104 3619 2222 3687 μὲν,
2271 3617 2528 3687 ἀνόνητον
2557 3617 2610 3670 δὲ
2641 3617 2737 3670 καὶ
2782 3617 2902 3685 εἰκῇ
2949 3617 3042 3668 τὴν
3071 3617 3170 3685 τῆς
3207 3617 3384 3684 ἔριδος
3409 3616 3629 3668 ἐντεῦθεν

2099 3711 2372 3780 κονιορτὸν
2407 3709 2780 3778 ἐγειρόμενον,
2827 3709 3006 3778 σιγᾷν,
3041 3707 3116 3766 ὡς
3159 3710 3396 3776 εἴρηται,
3441 3709 3628 3760 £60016-

2103 3819 2212 3872 μην
2243 3800 2309 3852 ἂν
2339 3799 2596 3868 μᾶλλονῆ
2633 3799 2836 3868 λέγειν,
2871 3800 2932 3852 ού
2975 3801 3036 3852 τὸ
3078 3799 3260 3866 λέγειν
3295 3799 3370 3862 ὡς
3401 3801 3630 3870 ἀνόνητον

2101 3894 2242 3947 κατὰ
2289 3897 2454 3960 φύσιν
2496 3893 2740 3963 ὕπαρχον
2785 3893 3194 3962 ἀποσειόμενος,
3249 3894 3365 3947 ἀλλ’
3401 3894 3476 3957 ὡς
3517 3897 3629 3963 ἡμῖν

2099 3987 2344 4056 ὑπάρχον
2386 3987 2644 4056 ἀνόνητον
2675 3987 2822 4053 ἄρτι,
2867 3986 2966 4054 τὴν
3001 3986 3206 4054 ἀωρίαν
3239 3989 3376 4048 τέως
3411 3987 3498 4040 τοῦ
3527 3987 3632 4056 χρό-

2096 4095 2190 4131 νου
2225 4077 2475 4145 καθάπερ
2495 4077 2620 4130 τινὰ
2641 4077 2834 4145 κηλῖδα
2855 4079 3628 4145 συμπεπτωκυῖανόθενδηποτ-

2099 4170 2192 4225 οὖν
2235 4168 2390 4237 παρά
2427 4169 2488 4221 τὸ
2516 4167 2660 4230 εἰκὸς
2699 4167 3102 4236 ἀναδεξαμένου
3125 4185 3139 4199 ·
3175 4169 3210 4221 ἀ
3241 4172 3348 4238 γὰρ
3375 4169 3630 4238 ἐνδεχομέ-

2098 4279 2198 4330 νην
2221 4261 2318 4313 οὐκ
2353 4259 2660 4327 ἀναγκαίαν
2697 4259 2753 4310 δὲ
2775 4257 3174 4325 προὸἀλλφθται
3209 4260 3455 4329 ζήτησιν,
3485 4261 3632 4312 ταῦτα

2101 4353 2319 4412 πάντως
2345 4349 2455 4402 οὐδ’
2487 4347 2792 4415 ἀναγκαίαν
2833 4347 2955 4400 Ιτινά
2981 4347 3078 4416 τὴν
3107 4349 3402 4416 ἀπόκρισιν
3437 4351 3632 4403 ἀπαιτεῖ

2101 4440 2402 4512 πανταχοῦ.
2439 4439 2648 4495 Ἀκούω
2675 4439 2784 4508 γάρ
2815 4441 2906 4492 καὶ
2957 4439 3052 4492 τοῦ
3095 4441 3337 4509 μεγάλου
3381 4441 3629 4494 Βασιὶιίου

2100 4533 2579 4606 περιφρονοῦντος,
2609 4531 2770 4585 ὁπότε
2813 4533 2949 4601 πρὸς
2991 4532 3100 4584 τῶν
3149 4533 3448 4602 ’Δρειανῶν
3487 4535 3632 4586 ἀπαι-

2099 4630 2242 4682 τοίτο
2271 4625 2370 4695 τὴν
2385 4624 2505 4688 τοῦ,
2545 4644 2564 4676 ι
2595 4624 2804 4692 Κύριος
2834 4621 3016 4678 ἐκτισέ
3049 4641 3141 4692 με,
3183 4644 3202 4675 ι
3243 4626 3427 4694 φωνὴν
3449 4625 3632 4694 ἑξηγεῖ-

2101 4719 2249 4776 σῢαι,
2283 4716 2379 4769 καὶ
2407 4715 2508 4783 τῆς
2531 4717 2694 4784 σιγῆς
2721 4715 2820 4782 τὴν
2843 4713 3022 4768 αίτίαν
3053 4715 3376 4783 φάσκοντος,
3407 4718 3478 4785 μὴ
3511 4712 3629 4768 εἶναι

432 4810 596 4882 399
625 4809 864 4878 ambigui
895 4807 1156 4876 quiddam
1180 4806 1306 4860 inde
1329 4797 1996 4874 concipereLﬁEadcmque

2103 4807 2298 4877 δηλαδὴ
2353 4806 2624 4876 μηδεμίαν
2679 4806 2926 4874 ἀνάγκην
2983 4805 3114 4874 περὶ
3175 4805 3430 4875 τοιαύτης
3479 4805 3630 4874 λέγειν

431 4907 502 4960 de
529 4921 692 4959 causa
737 4919 838 4974 ego
882 4915 1098 4971 quoque
1155 4911 1335 4956 tacere
1385 4900 1457 4954 ibi
1515 4899 1804 4962 malebam,
1835 4899 1996 4968 idque

433 5011 541 5050 non
569 4995 743 5049 solum
771 5003 994 5062 propter
1023 5007 1084 5045 ea
1109 5006 1230 5060 quae
1252 5005 1414 5058 supra
1437 4990 1684 5058 exposui,
1713 4987 1808 5044 sed
1831 4989 1996 5043 etiam

433 5099 657 5158 propter
691 5087 922 5156 plurima
962 5085 1088 5139 alia.
1141 5083 1279 5138 Sunt
1303 5083 1447 5138 enim
1475 5084 1568 5152 qui
1594 5097 1848 5136 sermone
1865 5087 1999 5151 per-

433 5183 623 5252 spicuo
661 5191 907 5248 utantur,
961 5181 1050 5234 alii
1103 5181 1194 5247 qui
1221 5191 1449 5248 prorsus
1503 5191 1610 5230 non
1663 5175 1994 5247 perspicuo;

433 5277 526 5341 qui
561 5275 663 5328 etsi
717 5274 1052 5344 argumentis
1107 5288 1214 5326 non
1252 5270 1510 5324 differunt
1539 5285 1568 5322 a
1605 5269 1783 5356 nobis,
1813 5277 1992 5323 tamen

427 5367 618 5422 verbis
652 5378 706 5421 et
737 5367 962 5421 vocibus
996 5365 1110 5418 suis
1141 5361 1518 5433 peculiaribus
1548 5361 1772 5415 dill'erre
1797 5359 1992 5414 viden-

439 5469 526 5514 tur
557 5460 622 5514 iis
651 5459 742 5528 qui
773 5459 977 5512 indocti
1010 5465 1138 5510 sunt
1165 5463 1222 5509 et
1254 5455 1451 5524 quibus
1479 5468 1660 5507 sacras
1685 5451 2001 5522 Scripturas

439 5551 494 5604 in
523 5533 954 5604 controversiam
989 5545 1191 5599 ducere
1223 5545 1398 5612 placet
1485 5543 1602 5595 Alio
1631 5551 1812 5596 autem
1843 5539 2004 5594 modo

441 5639 754 5709 intelligunt
784 5640 876 5707 qui
913 5638 968 5692 in
1003 5633 1316 5705 bujusmodi
1346 5634 1508 5686 rebus
1539 5631 1764 5685 nimium
1789 5646 2004 5699 semper

439 5731 734 5800 exquirere
791 5738 846 5783 ct
897 5743 994 5797 per
1043 5725 1332 5794 allegorias
1381 5723 1566 5778 dicere
1607 5722 1840 5786 volunt;
1897 5719 2004 5776 alio

447 5823 612 5878 modo
637 5821 730 5889 qui
766 5819 1088 5888 simpliciter
1116 5816 1464 5886 interpretari
1492 5821 1546 5869 et
1581 5813 1854 5870 illu:-trarc
1885 5821 2002 5866 stu-

2101 4899 2308 4969 φωνῆς,
2339 4899 2430 4950 καὶ
2460 4895 2632 4949 ταῦτα
2655 4895 2741 4950 διὰ
2766 4895 3091 4965 παραϐολῶν
3129 4897 3224 4950 καὶ
3253 4897 3536 4950 σκοτεινῶν
3557 4895 3628 4948 λό-

2101 5009 2212 5059 γων
2236 4991 2328 5044 καὶ
2352 4989 2692 5056 αἰνιγμάτων
2738 4987 3233 5056 προενηνεγμὲνης,
3257 4987 3334 5050 ὡς
3361 4989 3524 5058 μηδὲν
3547 4990 3626 5041 ἀν-

2100 5083 2512 5152 αμφισϐήτητον
2537 5076 2680 5133 εἶναι
2709 5079 2897 5132 λαϐεῖν
2927 5079 2986 5144 ἐξ
3037 5081 3210 5148 αὐτῆς
3245 5081 3338 5134 τὸν
3369 5083 3624 5134 ἀκούοντα.

2102 5175 2202 5226 Διά
2227 5173 2360 5240 γοῦν
2387 5171 2558 5224 ταῦτα
2603 5169 2758 5236 κάγὼ
2795 5173 3008 5240 σιωπᾷν
3051 5171 3356 5241 ἐϐουλόμην
3385 5173 3536 5234 αὐτὸς
3557 5171 3630 5222 ὲν-

2101 5265 2312 5320 ταιιθοῖ.
2343 5265 2448 5314 Καὶ
2483 5261 2556 5332 μὴ
2589 5261 2750 5329 μόνον
2776 5261 2842 5314 δι’
2870 5260 2904 5316 ἃ
2937 5263 3537 5332 προαπριθμησάμην,
3561 5263 3628 5314 ὅτι

2107 5356 2181 5426 μὴ
2205 5355 2299 5408 καὶ
2333 5354 2508 5406 ἄλλων
2535 5354 2706 5421 δήπου
2734 5353 3002 5405 πλείστων
3027 5352 3216 5406 ἕνεκα.
3249 5356 3360 5406 Καὶ
3395 5357 3497 5424 γὰρ
3524 5355 3628 5406 ἔνιοι

2106 5446 2204 5514 μὲν
2237 5441 2506 5511 σαφηνείᾳ
2549 5439 2818 5510 γλώττης,
2853 5439 2986 5492 ἔνιοι
3039 5441 3081 5493 δ’
3119 5442 3320 5509 ἥκιστα
3347 5443 3625 5512 κέχρηνται,

2105 5537 2200 5590 καὶ
2225 5537 2275 5589 εἰ
2307 5536 2382 5604 μὴ
2412 5535 2532 5594 ταῖς
2557 5533 2810 5596 ἐννοίαις,
2835 5533 2950 5586 ἀλλ’
2973 5532 3067 5584 οὖν
3105 5537 3169 5602 τῇ
3207 5551 3268 5600 γε
3304 5533 3444 5598 λέξει
3471 5535 3552 5585 καὶ
3568 5526 3626 5594 τῷ

2101 5629 2201 5696 τῆς
2233 5627 2488 5697 φράσεως
2525 5625 2766 5693 σχήματι
2799 5625 3138 5694 διενηνὲχοαι
3173 5625 3422 5678 δοκοῦσιν
3445 5617 3624 5690 ἐνιαχοῦ

2103 5719 2212 5778 τοῖς
2239 5715 2468 5784 ἀμαθῶς
2489 5731 2546 5767 τε
2573 5715 2668 5766 καὶ
2701 5713 2992 5780 ἐριστικῶς
3023 5715 3144 5775 ταῖς
3175 5713 3418 5784 Γραφαίς
3445 5705 3628 5780 ὀμιλοῦ-

2105 5827 2210 5864 σιν.
2245 5807 2352 5863 Καὶ
2389 5808 2563 5872 ἀλλως
2617 5807 2714 5880 μὲν
2755 5802 2836 5870 οἷς
2889 5807 2956 5861 τὰ
3018 5805 3148 5877 περὶ
3199 5805 3390 5862 τούτου
3418 5803 3523 5866 πῶς
3547 5797 3628 5874 μὲν
