3840 6562
201 392 314 456 353

1146 397 1587 459 BYZAN'TINE
1627 394 2011 455 ΠΙδΤΟΡιΙίΕ
2057 389 2204 453 Lm.
2247 397 2489 456 XXXII.

3342 398 3448 462 εδι

205 509 605 579 ἐγκωμιάζειν.
627 513 742 577 πῶς
765 513 810 568 δ’
830 514 1174 584 ἀναγωγικόν
1200 535 1323 570 τινα
1348 517 1528 583 λέγειν
1567 515 1770 585 τρόπον

1889 511 2019 565 dent
2072 511 2185 579 ipsa
2243 521 2448 567 tantum
2483 513 2626 567 nuda
2660 513 2936 582 Evangelii
2979 512 3142 568 verba
3176 513 3293 568 sine
3334 516 3454 570 ulla.

206 601 304 654 καὶ
333 601 777 674 ἀλληγοροῦντας
801 606 1057 671 διεξιέναι
1090 610 1324 672 ἔπεισιν,
1361 608 1536 669 ἄλλως
1582 608 1638 660 δὲ
1665 609 1776 668 τοῖς

207 691 400 754 ἁπλῶς
427 695 756 763 ἑρμηνεύειν
791 699 884 749 καὶ
919 699 1230 766 ἐξηγεῖσθαι
1263 697 1654 769 προελομένοις
1683 696 1779 765 μόο

207 798 308 845 νας
360 787 530 848 αὐτᾶς
589 788 684 840 τοῦ
722 789 1062 857 Εὐαγγελίου
1097 790 1196 850 τὰς
1232 791 1418 860 ῥήσεις
1466 787 1780 856 φιλοτιμίας

205 873 432 944 ἀπάσης
457 877 634 940 ἐκτὸς,
667 880 762 932 καὶ
788 879 1214 944 ἀνακαλύπτειν,
1253 881 1374 932 ὅσον
1406 876 1650 947 ἐφικτὸν,
1687 876 1782 928 τὸν

205 966 533 1035 ἐγκείμενον
560 972 682 1033 ταῖς
717 970 896 1032 λέξεσι
929 971 1056 1024 νοῦν
1085 971 1351 1042 ἀκριϐῶς,
1381 972 1476 1025 καὶ
1506 970 1670 1023 πλέον
1693 970 1784 1020 οὐ·

203 1058 296 1110 δὲν
343 1061 660 1130 περαιτέρω
687 1062 871 1130 ζητεῖν
893 1077 907 1092 ’
953 1062 1131 1125 ἄλλως
1159 1063 1218 1117 δὲ
1248 1064 1361 1125 τοῖς
1391 1061 1486 1114 νῦν
1523 1061 1614 1113 ἐπὶ
1648 1076 1781 1128 συγ-

206 1151 369 1219 χύσει
393 1153 489 1221 τῆς
505 1153 788 1218 εὐσεϐείας
812 1157 1122 1223 ὲπιφυεῖσιν
1147 1155 1425 1215 ἀσεϐέσιν.
1454 1153 1504 1207 οἳ
1527 1153 1625 1223 τὴν
1655 1152 1784 1222 μίαν

204 1243 472 1296 ἀκτιστον
497 1245 727 1316 θεότητα
773 1249 910 1317 πρὸς
939 1249 1202 1318 ἀπείρους
1256 1249 1349 1300 καὶ
1376 1246 1662 1315 διαφόρους
1695 1245 1782 1297 τέ-

208 1346 433 1399 μνουσι,
464 1336 558 1386 καὶ
584 1335 703 1403 ἀμα
753 1338 886 1407 όρᾷν
915 1337 1194 1407 αἰσθητοῖς
1251 1336 1547 1405 ὀφθαλμοῖς
1583 1336 1782 1402 ἐγκαυ-

204 1417 417 1486 χῶνται
443 1420 540 1474 καὶ
565 1424 774 1491 ὁμιλεῖν
803 1425 862 1488 ἐξ
893 1427 1036 1478 οῖνου
1067 1426 1164 1479 καὶ
1197 1424 1409 1494 τρυφῆς
1438 1423 1778 1490 Παλαμικῆς.

203 1510 264 1562 ὃν
283 1511 556 1566 ἀδύνατον
587 1513 715 1567 ιδεῖν
738 1517 1145 1588 μεμαθήκαμεν
1170 1517 1298 1588 μήτ’
1325 1517 1629 1584 ἀνθρώπων
1658 1515 1784 1587 μήτ’

204 1602 461 1668 ἀγγέλων
487 1603 708 1656 οὐδένα·
740 1605 918 1670 ἄλλως
947 1609 991 1660 δ’
1026 1603 1182 1671 αὖθις
1216 1610 1328 1671 τοῖς
1349 1608 1638 1676 ἑπομένοις
1689 1606 1787 1675 βα-

207 1693 441 1756 ναύσοις
471 1697 569 1749 καὶ
598 1697 1041 1768 τριωϐολιμαίοις
1071 1688 1448 1768 γυναικαρίοις
1474 1701 1565 1752 καὶ
1590 1699 1784 1767 ἀνδρα-

207 1785 371 1855 ρίοις.
416 1786 509 1851 Ὠς
561 1783 703 1843 εἶναι
766 1792 1108 1857 πολλαπλοῦς
1160 1793 1255 1846 καὶ
1303 1793 1601 1854 πολυειδεῖς
1654 1792 1783 1852 τοὺς

1882 604 2246 659 aestimatione
2275 613 2331 658 et
2370 606 2620 675 detegere
2651 616 2916 674 quantum
2951 605 3066 660 ﬁeri
3097 607 3268 676 possit
3294 623 3448 662 aecu-

1896 702 2012 748 rate
2041 709 2163 763 qua:
2196 694 2378 748 verbis
2407 694 2596 749 subest
2629 696 2983 760 sententiam,
3013 712 3193 766 neque
3227 697 3319 765 qui
3369 698 3450 750 ul-

1883 784 2056 840 terius
2091 784 2390 854 quidquam
2421 784 2788 854 indagandum
2821 801 2940 842 esse
2973 796 3188 856 putant.
3236 787 3451 841 Rursus

1881 876 1988 930 alio
2028 877 2188 930 modo
2209 875 2437 932 dill'erre
2460 877 2716 931 videntur
2746 878 2834 943 iis,
2869 878 2961 948 qui
2990 879 3152 934 hodie
3185 881 3305 949 pios
3335 881 3452 934 ani-

1883 981 2002 1020 mos
2040 967 2362 1036 perturbare
2403 967 2625 1022 student
2672 968 2876 1038 impiis,
2914 970 3118 1040 quique
3152 986 3312 1024 unam
3369 973 3452 1024 in-

1883 1064 2120 1108 creatam
2177 1055 2435 1110 deitatem
2487 1055 2540 1108 in
2577 1055 2822 1110 infinitas
2872 1065 2926 1110 et
2985 1057 3336 1110 multimodas
3367 1058 3452 1110 di-

1884 1145 2164 1210 scindunt,
2201 1146 2472 1215 simulque
2505 1147 2693 1202 videre
2726 1163 2844 1202 eam
2878 1148 3040 1203 claris
3070 1148 3244 1202 OCUIIS
3267 1164 3324 1202 se
3366 1149 3450 1218 ja-

1885 1244 2038 1288 etattt
2076 1244 2132 1288 et
2153 1237 2478 1304 conjunctos
2507 1252 2566 1292 se
2596 1253 2715 1292 esse
2747 1247 2869 1306 post
2922 1239 3108 1292 vinum
3145 1247 3199 1292 et
3230 1254 3447 1292 comes-

1887 1326 2155 1379 sationcm
2186 1325 2511 1380 Palamicam
2541 1343 2664 1381 cum
2696 1344 2758 1383 ea
2786 1344 2946 1394 quant
2976 1345 3075 1382 nos
3106 1345 3448 1398 nequaquam

1886 1416 2039 1470 cerni
2070 1432 2231 1486 posse
2268 1418 2563 1474 didicimus
2590 1436 2766 1489 neque
2797 1421 2864 1474 ab
2887 1421 3108 1476 homine
3134 1422 3242 1492 ullo
3274 1436 3451 1490 neque

1885 1508 1952 1560 ab
1991 1510 2220 1577 angelis.
2260 1510 2506 1580 Denique
2542 1512 2648 1565 alio
2678 1513 2838 1566 niodo
2871 1513 3205 1581 intelligunt,
3235 1492 3356 1582 ιῖυιιι
3394 1514 3450 1565 in

1886 1601 2146 1655 comitatu
2215 1617 2438 1671 semper
2485 1611 2572 1657 est
2603 1603 2755 1672 plebs
2789 1619 2818 1657 e
2866 1605 3106 1658 talzernis
3135 1613 3192 1658 et
3227 1605 3451 1673 perdita:

1885 1692 2130 1762 vilesque
2206 1693 2465 1748 mulieres
2530 1704 2586 1749 et
2640 1695 2981 1750 homunculi.
3038 1696 3225 1764 Itaque
3276 1695 3333 1748 lit
3391 1703 3452 1748 ut

1890 1785 2218 1852 multiplices
2267 1785 2392 1839 inde
2427 1795 2483 1839 et
2531 1787 2696 1840 varia:
2727 1784 2916 1841 forma:
2963 1795 3162 1842 sancta:
3188 1786 3452 1842 doctrinae

206 1877 468 1932 ιντεῦθεν
509 1881 918 1946 ἀποδλύζοντας
961 1885 1062 1955 τῆς
1093 1885 1389 1956 θρησκείας
1425 1885 1654 1954 ῥύακας,
1690 1883 1783 1936 καὶ

1889 1884 2142 1945 tanquam
2208 1876 2370 1931 rivnli
2432 1877 2744 1946 proﬂuant;
2805 1887 2862 1933 et
2919 1878 3168 1947 profecto
3210 1880 3452 1948 cogitare

206 1969 484 2038 Πρωτέως
496 1975 738 2043 τήμερον
751 1975 960 2030 δεῖσθαί
975 1993 1137 2039 τινος,
1153 1974 1493 2028 ἀλλοιοῦσθαι
1511 1973 1572 2046 [ί.
1593 1974 1694 2028 162
1709 1972 1783 2045 r.]

208 2060 520 2132 δυναμένου
564 2067 734 2134 συχνὰ
760 2068 898 2139 πρὸς
928 2069 998 2122 τὰ
1028 2067 1260 2139 διάφορα
1305 2068 1415 2122 τῶν
1447 2069 1784 2138 ὁμιλούντων

205 2154 314 2224 ἤδη
339 2157 438 2208 καὶ
466 2155 584 2226 ἅμα
607 2157 705 2220 τάς
731 2175 792 2212 τε
824 2161 1056 2228 γνώσεις
1080 2161 1175 2214 καὶ
1203 2159 1625 2230 διχοστατούσας
1646 2157 1786 2228 γνώ-

209 2263 345 2313 μας.
690 2295 705 2323 θ

280 2336 380 2392 ΙΔ’.
413 2341 515 2393 Διά
543 2340 609 2413 δὴ
639 2341 814 2398 ταῦτα
859 2347 954 2397 καὶ
984 2345 1054 2396 τὰ
1103 2343 1330 2398 τοιαῦτα
1369 2343 1592 2414 βαθείας
1629 2342 1787 2411 σιγῆς

208 2429 499 2484 ἀνθεῖλκον
536 2432 738 2503 ἔρωτες
783 2434 846 2488 τὸ
888 2438 986 2504 τῆς
1017 2437 1159 2507 ὲμῆς
1195 2435 1374 2506 ψυχῆς
1413 2433 1784 2504 λογιζόμενον,

210 2519 310 2572 καὶ
345 2521 626 2587 τοιούτους
669 2525 734 2596 δή
766 2543 918 2588 τινας
948 2529 1005 2579 ἐν
1047 2528 1276 2597 ἐμαυτῷ
1321 2527 1449 2589 τοὺς
1491 2525 1788 2595 λογισμοὺς

207 2609 485 2680 ἐξήσκουν
517 2614 649 2682 ἐγὼ,
701 2616 892 2679 δεδιὼς
949 2619 1024 2690 μὴ
1080 2619 1260 2689 μάτην
1303 2619 1539 2688 ἀορίστῳ
1582 2635 1643 2670 τε
1692 2615 1789 2669 καὶ

207 2701 438 2772 ἀστάτῳ
468 2706 715 2777 στοιχείῳ
744 2707 822 2778 τῷ
845 2709 965 2780 ἀέρι
999 2710 1136 2774 δόξω
1163 2711 1431 2775 δανείζειν
1463 2711 1656 2778 λόγους
1689 2711 1789 2764 αὐ-

205 2793 342 2847 τίκα
379 2795 530 2862 μάλα
559 2798 1154 2870 λυθησομένους.Ἐπεὶ
1184 2803 1239 2856 δὲ
1269 2802 1606 2872 πανταχόθεν
1639 2803 1786 2872 ἡμᾶς

207 2889 567 2959 περιθέοντες
621 2890 716 2944 νῦν
747 2894 797 2946 οί
849 2893 949 2962 τῆς
1004 2895 1286 2958 εὐσεϐείας
1336 2895 1637 2964 ἀγωνισταὶ
1690 2896 1787 2949 καὶ

208 2981 427 3050 σφόδρα
458 2981 556 3051 τῆς
581 2983 818 3047 πίστεως
849 2986 1204 3056 ἀντεχόμενοι
1232 2978 1624 3057 πιθανωτέροις
1653 3005 1789 3058 χρη·

208 3071 447 3140 σάμενοι
482 3073 664 3142 λόγοις
700 3076 954 3145 ἐκθύμως
981 3095 1040 3130 τε
1068 3077 1279 3143 ἀξιοῦσι
1317 3081 1410 3131 καὶ
1445 3079 1696 3146 ἀνάγκην
1721 3080 1786 3146 τῇ

1885 1965 2048 2038 400
2095 1967 2258 2021 liceat
2309 1967 2474 2020 hodie
2532 1967 2600 2022 de
2637 1968 2833 2023 Proteo
2878 1969 2970 2038 qui
3011 1970 3204 2022 crebro
3251 1969 3450 2022 mutari

1887 2068 2067 2128 potest
2125 2058 2182 2112 in
2239 2060 2422 2114 varios
2479 2073 2544 2112 ac
2602 2058 2850 2115 diversos
2924 2061 3206 2114 hominum
3269 2075 3453 2114 mores

1884 2164 2184 2220 eorumque
2213 2151 2556 2220 cognitiones
2604 2160 2658 2228 _et
2693 2151 3024 2207 dissidentes
3070 2153 3212 2206 inter
3244 2168 3301 2207 se
3329 2167 3454 2206 sen-

1895 2244 2120 2299 tentias.

1957 2344 2099 2404 XlV.
2161 2348 2395 2418 Propter
2423 2349 2542 2404 haec
2595 2359 2651 2404 et
2696 2349 2896 2403 similia
2941 2347 3034 2402 alti
3065 2347 3269 2420 silentii
3299 2363 3455 2404 amor

1889 2439 2130 2494 animum
2183 2455 2363 2493 meum
2396 2440 2690 2495 tenebatet
2722 2440 2854 2494 tales
2883 2439 3000 2494 fere
3033 2441 3176 2508 apud
3213 2455 3298 2494 me
3329 2456 3454 2496 sen-

1889 2529 2087 2584 tentias
2117 2530 2475 2584 conformavi.
2538 2530 2819 2585 Timebam
2861 2529 3008 2585 enim
3040 2515 3127 2585 ne
3157 2539 3363 2586 temere
3397 2533 3453 2586 iu

1887 2635 2071 2675 aerem
2098 2621 2428 2673 elementum
2485 2619 2759 2673 inﬁnitum
2814 2629 2868 2673 et
2915 2618 3078 2674 inane
3129 2619 3452 2688 projicerem

1886 2713 2160 2768 orationes
2181 2712 2362 2766 statim
2384 2713 2435 2764 in
2461 2711 2690 2765 nihilum
2713 2712 2975 2764 abituras.
2998 2711 3452 2779 Quandoquidem

1889 2812 2070 2858 autem
2113 2803 2353 2870 undique
2405 2818 2505 2856 nos
2554 2804 2975 2857 circumstantes
3031 2817 3179 2857 nunc
3237 2803 3455 2872 pictatis

1889 2893 2133 2946 vindices
2177 2901 2232 2946 et
2277 2893 2620 2946 tenacissime
2648 2892 2806 2946 tidem
2832 2893 3224 2961 amplectentes
3249 2872 3455 2947 ﬁrmio-

1889 2985 2041 3039 ribus
2073 2986 2146 3038 uti
2177 2985 2517 3053 argumentis
2551 2999 2648 3052 par
2690 2999 2812 3036 esse
2843 2991 3036 3051 putant
3066 2993 3122 3037 et
3157 2985 3455 3038 necessita-

1889 3083 1997 3130 tem
2048 3075 2509 3144 argnmentationi
2569 3074 2852 3128 adducunt
2908 3074 3150 3143 undique
3197 3074 3453 3128 collatam

207 3163 442 3226 ἀξιώσει
496 3165 764 3230 ὲπάγουσι
805 3168 1156 3238 παντοδαπὴν
1208 3183 1333 3220 τινα
1389 3167 1481 3220 καὶ
1542 3169 1675 3218 πολὺ
1724 3167 1783 3217 τὸ

1889 3177 1942 3222 et
1981 3167 2210 3220 multum
2259 3168 2474 3222 roboris
2541 3167 2834 3220 habentem
2883 3176 2938 3220 et
2985 3177 3110 3221 vota
3139 3167 3452 3222 necessitati

207 3254 476 3323 διάπυρον
513 3255 881 3325 κεκτημένην,
911 3259 1007 3312 καὶ
1038 3258 1172 3325 ἀρὰς
1202 3257 1780 3328 προσεπιδαψιλεύοιισι

206 3349 276 3418 τῇ
306 3346 524 3419 ἀνάγκη
561 3349 636 3420 μὴ
673 3351 930 3420 περιιδεῖν
959 3351 1472 3421 ἀναμοχλευομένην
1517 3351 1616 3420 τὴν
1643 3349 1779 3417 ἀλή-

211 3439 391 3504 θειαν,
425 3441 835 3504 κινδυνεύοντας
867 3443 924 3497 δὲ
954 3445 1081 3505 τοὺς
1129 3443 1380 3507 πολλοὺς,
1415 3443 1539 3502 τοὺς
1577 3443 1673 3510 μὲν
1702 3441 1781 3502 είς

209 3533 283 3584 τὰ
317 3530 523 3603 ἔσχατα
562 3535 662 3603 τῆς
709 3537 977 3603 κακίστης
1021 3537 1130 3588 τῶν
1157 3534 1524 3589 Μοισαλιανῶν
1563 3530 1783 3603 περιπίο

214 3638 374 3676 πτειν
405 3624 695 3694 αίρέσεως,
723 3627 850 3688 τοὺς
877 3627 925 3678 δ’
957 3629 1036 3688 είς
1079 3626 1148 3678 τὰ
1187 3626 1296 3678 τῶν
1336 3625 1685 3679 Ἀκτιστιτῶν
1720 3641 1779 3677 τε

213 3713 311 3766 καὶ
341 3714 911 3786 ’Δνθρωπομορφιτῶν
951 3717 1224 3788 βάραθρα,
1258 3720 1383 3780 τοὺς
1414 3717 1460 3772 δ’
1506 3718 1585 3779 είς
1623 3717 1782 3798 ἀλλο-

213 3811 412 3867 κότους
449 3809 540 3860 καὶ
585 3809 910 3878 τερατώδεις
940 3810 1132 3874 ἄλλους
1168 3811 1467 3881 κρημνοὺς,
1511 3810 1602 3862 καὶ
1631 3809 1782 3864 ἄκων

214 3899 487 3970 ὶξάγομαι
520 3900 700 3968 λέγειν
727 3900 764 3954 ἀ
797 3901 872 3972 μὴ
897 3903 1241 3974 προῄρημαι,
1273 3901 1373 3974 τὴν
1405 3901 1501 3956 τοῦ
1537 3900 1782 3972 κρύψαν-

212 4006 308 4054 τος
341 3990 404 4044 τὸ
436 3992 607 4061 δῶρον
643 3992 765 4046 καθ’
799 3993 987 4064 ἕτερον
1015 3995 1214 4065 τρόπον
1261 3992 1446 4056 δεδιὼς
1480 3993 1780 4060 καταδίκην

213 4079 452 4140 ἐκείνου,
493 4079 589 4132 an
631 4081 986 4151 στενοχωρῶν
1013 4082 1106 4134 καὶ
1150 4082 1354 4136 ἀδικῶν
1385 4083 1446 4135 τὸ
1474 4081 1581 4134 τῶν
1608 4080 1781 4148 λόγων

215 4172 457 4240 χρηστὸν
507 4171 570 4224 οὐ
601 4172 750 4242 μάλα
789 4173 960 4236 ἄκων,
997 4174 1210 4227 πλείοσι
1230 4172 1517 4242 φαίνεσθαι
1546 4171 1782 4242 χρηστὸν

215 4264 626 4333 ἀφαιρούμενος
673 4263 763 4317 διὰ
825 4265 922 4334 τῆς
981 4265 1163 4334 σιγῆς.
1196 4264 1467 4334 Τρέποιτο
1495 4263 1540 4317 δ’
1575 4266 1654 4326 είς
1685 4263 1782 4326 τὰς

215 4351 328 4404 τῶν
355 4352 547 4405 αἰτίων
573 4353 819 4423 κεφαλὰς
851 4355 922 4408 τὰ
956 4357 1056 4426 τῆς
1092 4353 1372 4424 μέμψεως,
1404 4356 1461 4406 ὲν
1500 4354 1563 4406 οὐ
1603 4353 1782 4422 καιρῷ

219 4438 571 4510 βιασαμένων
613 4442 793 4510 λέγειν
836 4442 905 4496 τὰ
949 4445 1016 4513 τῇ
1050 4442 1212 4512 φύσει
1257 4441 1356 4511 μὲν
1386 4441 1599 4511 καίρια,
1627 4439 1782 4494 οὐπω

1889 3256 2150 3326 adjiciunt
2177 3272 2242 3310 ne
2256 3257 2595 3326 negligamus
2624 3254 2871 3309 veritatis
2895 3256 3184 3310 cernendas
3209 3255 3450 3310 studium

1887 3356 1945 3399 et
1993 3345 2296 3416 periculum
2344 3361 2374 3398 a
2409 3346 2688 3414 plerisque
2734 3345 3093 3399 defendamus
3142 3361 3208 3399 ne
3262 3347 3356 3399 alii
3397 3347 3452 3400 in

1888 3453 2153 3492 summam
2180 3437 2737 3507 nequitiamjneidant
2758 3436 3183 3494 Masalianorum
3205 3439 3453 3505 haeresis,

1888 3528 1977 3583 alii
1999 3529 2050 3582 in
2073 3529 2254 3584 foveas
2273 3528 2640 3583 Actistitarum
2667 3539 2722 3583 et
2747 3515 3452 3599 Anthropomorphitarum,

1889 3621 1980 3675 alii
2013 3621 2066 3675 in
2097 3620 2201 3675 alia
2236 3621 2506 3692 pestifera:
2542 3630 2598 3675 et
2626 3631 2950 3676 monstrosa:
3001 3621 3225 3679 haeresis
3255 3623 3450 3690 praeci-

1888 3710 2062 3781 pitia,
2106 3710 2166 3764 lit
2217 3721 2278 3765 ut
2325 3711 2412 3766 vel
2469 3710 2674 3765 invitus
2721 3725 2883 3780 cogar
2929 3709 3112 3766 dicere
3142 3727 3262 3780 qum
3293 3720 3454 3767 antea

1889 3800 2022 3855 mihi
2055 3816 2161 3856 non
2193 3802 2472 3872 proposui,
2507 3803 2716 3856 veritus
2745 3804 2854 3856 alio
2877 3805 3036 3856 modo
3064 3817 3279 3872 pmnam
3311 3805 3453 3869 ejus,

1887 3891 1981 3961 qui
2018 3891 2221 3946 donum
2259 3892 2478 3956 celavit,
2509 3899 2696 3960 utpote
2729 3899 3015 3946 coarctaus
3053 3900 3216 3960 atque
3253 3892 3452 3963 injuria

1885 3979 2127 4036 alliciens
2175 3979 2348 4035 bonas
2403 3980 2643 4034 rationes
2698 3994 2805 4034 non
2870 3979 3094 4044 invitus,
3147 3981 3453 4049 impediens

1885 4072 2106 4128 silentio
2137 4086 2280 4136 meo,
2317 4086 2386 4127 ne
2415 4071 2666 4140 pluribus
2693 4079 2984 4139 appareret
3012 4071 3241 4126 bonum.
3300 4072 3453 4126 Vitu-

1887 4164 2099 4234 perium
2131 4171 2314 4218 autem
2367 4177 2426 4217 se
2452 4170 2630 4216 vertat
2676 4162 2730 4216 in
2777 4161 2956 4232 capita
2999 4174 3324 4225 auctorum,
3357 4167 3450 4234 qui

1887 4255 2044 4327 401
2072 4269 2159 4310 me
2198 4261 2494 4325 coegerunt
2520 4254 2698 4308 alieno
2743 4261 2988 4323 tempore
3013 4254 3198 4309 dicere
3231 4272 3293 4310 ea
3332 4272 3452 4326 quas

1889 4362 1990 4416 per
2033 4360 2094 4400 se
2142 4353 2452 4414 opportuna
2490 4352 2641 4407 sunt,
2691 4344 2788 4399 sed
2829 4344 3074 4398 nondum
3119 4361 3296 4414 neque
3352 4363 3450 4416 pro

1893 4437 2146 4508 praesenti
2194 4451 2377 4490 rerum
2424 4435 2739 4490 conditione
2770 4449 2946 4504 neque
2977 4450 3079 4504 pro
3110 4437 3451 4492 auditoribus

217 4531 262 4584 δ’
283 4531 412 4585 οὐτε
439 4536 555 4597 τοῖς
583 4533 955 4604 καθεστηκόσι
987 4537 1311 4604 πράγμασιν
1349 4535 1479 4588 ὂντα
1513 4533 1637 4586 οὔτε
1667 4537 1781 4597 τοῖς

1889 4538 2216 4597 opportuna.
2247 4526 2380 4581 Nam
2418 4527 2472 4580 in
2502 4525 2816 4580 auditorum
2849 4527 3110 4595 opinione
3142 4528 3448 4582 vincentem

221 4625 480 4678 ἀκούουσι
513 4627 728 4697 καίρια.
770 4627 858 4679 Ἐν
887 4629 994 4696 γὰρ
1027 4629 1090 4697 τῇ
1123 4628 1231 4678 τῶν
1255 4626 1562 4679 ἀκουόντων
1587 4625 1783 4697 γνώμῃ

217 4721 314 4788 τὴν
347 4719 589 4773 νικῶσαν
629 4720 773 4789 ἔχειν
805 4721 1148 4789 πεπείσμεθα
1179 4720 1359 4790 ψῆφον
1389 4718 1463 4782 ώς
1498 4722 1567 4772 τὰ
1615 4720 1784 4772 πολλὰ

221 4816 486 4883 κειμένην
509 4812 608 4884 τὴν
636 4814 742 4866 τῶν
771 4812 1038 4881 λεγόντων
1063 4813 1340 4883 ἀλήθειαν.

289 4903 388 4956 IE'.
413 4902 633 4955 Βέλτιον
668 4901 763 4970 μὲν
793 4900 884 4954 οὖν
906 4897 974 4972 ἦν
999 4901 1064 4955 ἂν
1093 4905 1148 4954 ὲν
1178 4905 1291 4964 τοῖς
1315 4900 1574 4962 τοιούτοις
1601 4902 1784 4972 σιγᾷν,

223 4995 290 5057 ib;
323 4995 636 5063 διείληπται
657 5009 670 5023 ⁸
699 4994 816 5048 ἀλλ’
851 4997 937 5046 ὅτε
977 4995 1042 5064 δὴ
1071 4997 1163 5046 καὶ
1191 4996 1292 5062 τῆς
1323 4995 1480 5063 σιγῆς
1509 4995 1558 5046 οί
1606 4997 1787 5066 καιροὶ

223 5092 314 5158 τὴν
347 5087 458 5139 τῶν
512 5088 818 5156 λεγομὲνων
871 5087 1274 5156 ξενοδοκοῦντες
1330 5081 1473 5157 ἦσαν
1527 5087 1784 5154 ἀσμένως

228 5184 419 5252 φιράν,
455 5180 550 5232 καὶ
583 5181 642 5231 οὐ
671 5179 768 5248 τὴν
793 5177 1099 5246 ἀναγκαίαν
1126 5177 1220 5230 τοῦ
1243 5179 1421 5246 λέγειν
1451 5176 1785 5246 προύϐαλλον

229 5273 526 5341 πρόφασιν.
560 5269 715 5321 Ἐστι
771 5268 867 5335 μὲν
915 5267 1026 5337 γὰρ
1062 5267 1155 5318 καὶ
1210 5267 1367 5334 σιγῆς
1415 5265 1627 5334 καιρὸς,
1670 5265 1786 5317 ἀλλ’

227 5362 310 5414 ὅτε
353 5359 418 5428 δὴ
457 5357 616 5428 σιγῆς
656 5358 928 5427 δεομένοις
975 5357 1272 5425 ἀκροαταῖς
1315 5357 1665 5422 ἐντυγχάνει·
1698 5356 1784 5406 ὅτε

227 5452 266 5504 δ’
297 5450 467 5518 ἀξίοις
503 5451 597 5502 καὶ
628 5450 766 5503 πάνυ
798 5466 852 5501 τι
897 5447 1182 5518 χρῄζουσι.
1220 5447 1354 5498 Τότε
1385 5445 1430 5497 δ’
1477 5442 1573 5498 οὖν
1609 5445 1783 5498 καὶτὸ

229 5545 570 5614 ἐνδεχόμενον
622 5546 699 5604 είς
746 5543 843 5612 τὴν
888 5542 980 5595 νού
1024 5539 1325 5607 ἀναγκαίου
1376 5540 1568 5608 μοῖραν
1600 5536 1784 5605 σαφῶς

231 5639 682 5706 ἀποκεκριμένον,
713 5635 902 5706 λέληθε
934 5637 1030 5703 τὴν
1061 5633 1152 5685 τοῦ
1183 5632 1528 5701 ἐνδεχομένου
1555 5629 1783 5698 δύναμιν

232 5729 589 5792 ἀπολωλεκὸς,
620 5729 725 5782 ὑπὸ
749 5729 843 5797 τῆς
875 5727 1118 5797 ἀνάγκης
1153 5722 1458 5777 καταποθὲν
1484 5721 1557 5785 ὡς
1585 5722 1780 5776 εἰπεῖν.

244 5823 531 5877 ’Δθανάτου
557 5823 660 5893 γὰρ
698 5821 793 5891 τῆς
824 5821 1096 5891 ἡμετέρας
1123 5816 1288 5887 οΰσης
1311 5814 1488 5888 ψυχῆς
1526 5813 1617 5867 ml
1650 5814 1784 5868 ἀθα-

1887 4631 2088 4674 sortem
2119 4619 2350 4688 positam
2383 4632 2504 4672 esse
2537 4617 2891 4684 arbitramur,
2921 4618 2993 4672 ita
3023 4631 3080 4672 ut
3112 4633 3253 4689 smpe
3274 4619 3453 4689 jaceat

1887 4710 2187 4766 dicentium
2220 4710 2444 4766 veritas.

1958 4900 2072 4956 XV.
2098 4899 2153 4954 ln
2187 4899 2273 4954 his
2297 4900 2461 4970 igitur
2491 4902 2683 4956 melius
2712 4913 2847 4970 erat,
2875 4911 2934 4957 ut
2972 4920 3341 4969 senseramus,
3377 4905 3452 4960 si-

1888 4992 2115 5048 lentium
2177 5001 2382 5056 tenere,
2446 4995 2664 5062 quando
2709 4996 2918 5050 scilicet
2958 4996 3161 5050 silentii
3205 5007 3448 5066 tempora

1891 5085 2158 5138 dirtorunt
2196 5084 2301 5135 vim
2334 5084 2570 5137 libenter
2603 5087 2654 5138 in
2688 5101 2743 5139 se
2778 5087 3106 5155 reciperent.
3151 5103 3325 5157 neque
3366 5089 3452 5143 di-

1888 5176 2044 5230 cendi
2077 5175 2436 5230 necessariam
2465 5192 2682 5230 causam
2733 5178 3124 5234 obtenderent.
3176 5179 3271 5234 Est
3298 5182 3446 5236 enim

1888 5267 2088 5322 silentii
2114 5277 2327 5336 tempus
2348 5279 2742 5336 opportunum,
2785 5270 2876 5324 ubi
2907 5270 3186 5327 auditores
3227 5275 3448 5330 silentio

1887 5370 2077 5429 egeant
2109 5357 2274 5426 hique
2305 5373 2371 5411 eo
2402 5359 2547 5428 digni
2578 5360 2687 5412 sint
2715 5371 2772 5414 et
2797 5361 2954 5416 valde
2979 5363 3029 5415 id
3056 5364 3300 5433 cupiant.
3328 5364 3448 5432 Quo

1889 5459 2044 5518 pacto
2065 5449 2119 5502 id
2149 5449 2294 5518 quod
2326 5448 2533 5502 licitum
2573 5460 2673 5512 est,
2712 5456 2763 5504 in
2795 5453 3136 5508 necessitatis
3159 5455 3264 5507 vim
3289 5457 3448 5524 plane

1887 5543 2188 5612 sejunelam
2219 5542 2436 5602 transit.
2474 5542 2522 5593 vi
2561 5543 2690 5597 liciti
2726 5545 2936 5614 ahjecta
2970 5555 3227 5615 tanquam
3268 5565 3294 5600 a
3355 5563 3448 5601 ne.

1887 5633 2138 5686 cessitate
2166 5630 2442 5684 devorata.
2499 5631 2632 5686 Cum
2695 5635 2838 5688 enim
2891 5635 3070 5690 anima
3121 5649 3299 5691 nostra
3350 5637 3450 5691 im-

1887 5725 2132 5778 mortalis
2166 5723 2235 5776 sit
2257 5734 2310 5778 et
2345 5725 2678 5779 immortales
2697 5743 2779 5778 em
2800 5744 2888 5780 nm
2917 5745 3036 5796 quae
3063 5740 3297 5798 aguntur
3319 5746 3449 5784 eon-

1889 5811 2056 5867 tincat
2088 5811 2458 5879 necessitates,
2489 5813 2579 5868 uni
2639 5831 2763 5872 vero
2803 5815 2994 5872 anian
3046 5823 3221 5888 ipsum
3279 5830 3449 5874 totum
