3840 6554
185 400 276 463 3ὀῖ

1107 393 1544 454 ΒΥΖΑΝΤῘΝᾹΞ
1587 392 1967 452 llISTORI/E
2003 394 2150 456 LIB.
2202 393 2453 456 XXXIII

3297 397 3403 462 338

182 509 280 574 δος,
297 503 539 575 δεύτερον
563 503 623 557 δὲ
647 501 758 573 φῶς
781 501 1014 573 ἄγγελον
1043 505 1272 574 μηδενὸς
1304 505 1492 574 ἑτέρου
1524 505 1728 573 μεταξῦ

1847 517 2034 561 antem
2087 507 2236 562 nullo
2269 508 2378 562 alio
2433 509 2837 574 intercedente;
2880 519 2933 564 et
2984 524 3175 574 rursus
3230 525 3403 566 unum

187 594 559 668 μεσιτεύοντος,
593 594 692 648 καὶ
735 595 897 650 πάλιν
938 596 1036 648 ’ἐνα
1080 595 1213 648 Θεδν
1243 593 1410 659 εἶναι,
1456 597 1593 650 διότι
1629 597 1730 664 μία

182 691 373 758 θεότης.
408 689 712 753 ἀναγκαίαν
759 690 941 744 αἰτίαν
977 690 1072 742 τοῦ
1130 690 1309 742 σέϐειν
1333 689 1429 742 ἕνα
1470 689 1602 743 Θεὸν
1630 689 1730 761 τὴν

181 781 269 848 τῆς
302 779 423 848 μιᾶς
471 777 729 847 θεότητος
775 778 1000 849 πρώτην
1042 778 1338 847 ὁμολογίαν
1371 780 1649 842 τιθέντων,
1678 780 1728 831 εί

186 869 252 939 μή
278 885 355 930 τις
383 869 439 919 ὲν
465 866 784 937 ἀθύρματος
821 871 987 941 μοίρᾳ
1025 871 1122 924 καὶ
1153 869 1389 938 γέλωτος
1434 867 1577 922 ἑκὼν
1605 869 1731 923 ἑαυ-

186 947 267 1018 τοῦ
304 962 561 1033 προδότης
591 967 703 1027 τοῖς
736 966 791 1018 ἐν
819 967 1045 1035 ἀγοραῖς
1085 963 1529 1035 καλινδουμένοις
1567 979 1731 1032 παιγ-

189 1056 304 1118 νίοις
333 1055 647 1108 καθίσταιτο
670 1056 1049 1126 ἐθελοκωςρῶν.
1201 1053 1208 1066 ”

246 1151 312 1203 B’.
347 1151 549 1202 Τούτου
581 1167 643 1219 γε
680 1153 788 1221 μὴν
829 1153 1280 1223 ὁμολογηθέντος,
1322 1153 1578 1222 δεύτερόν
1614 1155 1729 1205 ἐστι

186 1243 430 1297 πυθέσθαι
477 1243 636 1308 ἄξιον
673 1245 722 1296 εί
764 1245 876 1297 δέοι
907 1247 1370 1316 παραδραμόντας
1408 1246 1506 1316 τὴν
1539 1244 1727 1315 κοινὴν

187 1335 323 1400 αὖθις
350 1338 446 1405 τῆς
475 1337 572 1391 τοῦ
601 1337 738 1390 Θεοῦ
780 1339 1104 1407 Ἐκκλησίας
1146 1339 1356 1392 ἔννοιαν
1394 1339 1597 1408 μεταξῦ
1631 1354 1732 1390 κα-

188 1429 343 1497 θάπερ
386 1427 577 1497 λύχνον
612 1428 700 1482 ἐπ’
753 1429 912 1499 ὅρους
949 1431 1238 1501 κειμένην,
1287 1431 1477 1484 ἔπειτα
1532 1428 1731 1500 ὁρατὴν

189 1519 311 1578 εἶναι
359 1523 538 1591 λέγειν
591 1525 690 1592 τὴν
724 1521 852 1592 μίαν
895 1522 1105 1590 ταύτην
1134 1523 1228 1576 καὶ
1264 1522 1434 1591 μόνην
1478 1519 1731 1574 ἄκτιστον

194 1615 433 1683 Θεότητα,
466 1616 645 1668 εῐτουν
676 1617 736 1666 τὸ
767 1614 825 1666 ἓν
857 1613 932 1685 (1)
962 1614 1076 1682 φῶς
1107 1614 1284 1667 ἐκεῖνο
1317 1616 1375 1665 τὸ
1424 1611 1733 1680 ἀειλαμπὲς

189 1709 269 1761 καὶ
295 1707 583 1776 ἀπρόσιτον
604 1708 702 1759 κα)⁵
727 1706 1004 1775 ἀδιάδοχον
1025 1718 1041 1734 ’
1063 1705 1240 1759 κοινὸν
1263 1704 1371 1775 γὰρ
1392 1700 1533 1758 εἶναι
1554 1703 1732 1772 δόγμα

185 1801 271 1869 τῆς
309 1799 631 1869 Ἐκκλησίας
683 1802 774 1852 καὶ
808 1799 953 1852 τοῦτ’
998 1799 1318 1869 εἰλήφειμεν
1364 1799 1498 1868 πρός
1536 1814 1595 1850 τε
1636 1797 1731 1848 τοῦ

188 1890 307 1945 Θεοῦ
357 1892 446 1944 καὶ
486 1891 744 1960 Σωτῆρος
793 1892 951 1960 ἡμῶν
990 1890 1170 1960 Ἰησοῦ
1207 1889 1444 1961 Χρτστυῦ
1481 1888 1576 1941 καὶ
1622 1888 1732 1941 τῶν

187 1983 331 2040 αὐτοῦ
367 1981 664 2052 φοιτητῶν,
688 1984 995 2053 ἑωρακέναι
1027 1983 1159 2037 Θεὸν
1183 1983 1448 2051 ὑπάρχειν
1473 1979 1734 2034 ἀδύνατον

187 2076 360 2140 amet,
387 2075 530 2144 πλὴν
571 2075 663 2128 διὰ
709 2075 996 2144 συμϐόλων
1024 2077 1117 2130 καὶ
1154 2074 1343 2128 τύπων
1380 2073 1733 2143 σωματικῶν.

193 2188 208 2220 ι
236 2165 360 2222 Οῦτε
383 2167 509 2238 γάρ,
547 2187 564 2220 ι
595 2173 761 2236 φησιν
781 2209 798 2233 ,
841 2187 859 2220 ι
902 2164 1008 2221 εἶδε
1046 2167 1179 2220 Θεὸν
1203 2167 1314 2220 οὒτ’
1347 2167 1475 2220 ἰδεῖν
1506 2165 1731 2218 δύναται

187 2259 278 2312 τῶν
306 2259 556 2312 ἁπάντων
596 2259 795 2322 οὐδείς.
853 2279 870 2311 ι
919 2260 1097 2331 "Amp
1130 2260 1159 2312 ὁ
1195 2257 1367 2311 εἰπὼν
1404 2257 1562 2318 αὐτὸς
1613 2257 1738 2308 ὲττι-

190 2352 478 2423 σφραγίξων
501 2351 662 2414 αὖθις
692 2351 834 2416 θεῖος
861 2351 1092 2415 Παῦλος,
1130 2368 1149 2402 ι
1185 2350 1251 2404 Εἴ
1277 2368 1360 2413 τις
1386 2346 1738 2417 εὐαγγελίζε-

193 2461 291 2509 ται,
325 2462 344 2496 ι
379 2444 533 2514 φησὶ,
579 2461 598 2494 ι
645 2444 774 2512 παρ’
814 2443 842 2494 ὃ
883 2441 1245 2512 παρελάϐετε,
1284 2440 1345 2512 [f.
1379 2440 1476 2496 165
1502 2438 1576 2512 r.]
1609 2440 1740 2492 ἀνά-

192 2533 313 2602 θεμα
335 2533 493 2597 ἔστω,
535 2551 553 2584 ι
594 2531 772 2586 ταῦτα
804 2533 868 2604 δὴ
894 2532 1070 2600 λέγων
1100 2531 1169 2585 τὰ
1201 2531 1494 2601 εἰρημένα,
1520 2533 1579 2583 τὸ
1609 2531 1740 2600 μίαν

192 2640 241 2677 τε
271 2622 439 2676 σέϐειν
469 2623 734 2677 ἄκτιστον
774 2623 1016 2692 Θεότητα
1065 2624 1160 2678 καὶ
1209 2623 1325 2691 φῶς
1365 2621 1424 2674 ἓν
1471 2626 1530 2676 ὲν
1562 2623 1740 2694 τρισὶν

194 2715 524 2781 ὑποστάσεσι,
559 2717 658 2769 καὶ
689 2717 808 2785 ἅμα
849 2716 1056 2786 ταύτην
1083 2717 1316 2786 ἀόρατον
1354 2711 1494 2768 εἶναι
1538 2715 1739 2784 ὁμολο-

191 2808 312 2874 γεῖν,
340 2805 412 2878 μὴ
435 2809 519 2862 ὅτι
548 2807 890 2878 ἀνθρώποις,
937 2809 1076 2862 ἀλλά
1109 2810 1202 2862 καὶ
1245 2809 1500 2877 ἀγγέλοις
1533 2808 1738 2871 αὐτοῖς.

195 2898 276 2961 Τις
301 2897 402 2966 γὰρ
451 2897 628 2962 οὕτως
661 2898 870 2968 ἠλίθιος
915 2899 1012 2952 καὶ
1063 2898 1234 2970 μανίᾳ
1270 2898 1520 2960 σύνοικος
1555 2899 1742 2968 μακρᾷ

195 2987 316 3041 ὥστε
347 2990 664 3059 κτισμάτων
692 2989 942 3061 ἀοράτων
963 2989 1154 3056 ὄντων,
1184 2991 1436 3059 ἀγγέλων
1469 2990 1613 3060 φημὶ
1647 2990 1744 3042 καὶ

197 3081 363 3152 ψυχῶν
391 3084 482 3136 καὶ
520 3083 820 3152 δαιμόνων,
851 3083 1031 3152 λέγειν
1059 3083 1236 3137 ’ἔπειτ’
1272 3083 1581 3154 ἀνθρώποις
1621 3082 1744 3136 τολ-

1831 599 2000 653 Deum
2035 615 2183 666 esse,
2213 601 2417 671 quippe
2455 617 2615 655 ouant
2667 601 2947 667 deitatem,
2976 613 3404 658 consentauezun

1831 700 2012 745 autem
2039 692 2159 746 esSe
2186 706 2352 746 unum
2393 691 2624 748 adorare
2649 692 2840 758 Deum,
2871 695 2961 748 ubi
3007 693 3239 763 primum
3278 709 3407 746 con-

1832 782 2044 838 venerit
2069 799 2231 837 unam
2259 799 2379 840 esse
2405 783 2689 846 deitatem.
2731 786 2835 840 nisi
2881 786 3027 855 quis,
3063 801 3187 842 cum
3225 785 3408 842 Surdis

1836 872 2066 927 auribus
2094 876 2164 927 sit
2196 874 2332 942 ipse,
2368 884 2426 928 ut
2458 873 2756 930 ludibrium
2781 885 2836 936 et
2863 874 3156 932 ridiculum
3196 889 3255 932 se
3296 885 3408 928 ira.

1831 963 1962 1019 dere
1996 965 2129 1020 velit
2162 965 2332 1020 totius
2363 965 2470 1022 fori
2506 967 2774 1022 irrisioni.
2979 945 2991 957 ’

1902 1151 1970 1206 ll.
2029 1150 2159 1216 Quae
2229 1151 2276 1206 si
2345 1165 2607 1206 concessa
2684 1160 2887 1216 erunt,
2959 1149 3203 1205 secundo
3291 1151 3412 1204 loco

1830 1259 2157 1312 quaeramus,
2207 1258 2335 1296 num
2395 1243 2594 1297 divina:
2645 1242 2901 1297 Ecclesia:
2959 1243 3151 1310 dogma
3221 1241 3410 1310 vulga-

1834 1341 1947 1386 tum
1993 1342 2372 1387 transcurrere
2423 1344 2682 1402 tanquam
2732 1333 2787 1386 in
2824 1341 3010 1388 monte
3057 1331 3287 1400 positam
3322 1331 3410 1384 lu-

1833 1438 2080 1486 cernam,
2103 1433 2160 1478 et
2195 1423 2391 1479 deinde
2417 1425 2603 1480 dicere
2637 1425 2800 1478 liceat
2848 1423 3000 1478 cerni
3034 1436 3195 1492 posse
3243 1436 3409 1474 unam

1833 1516 1976 1572 hanc
2007 1525 2061 1571 et
2092 1516 2260 1571 solam
2303 1519 2599 1572 increatam
2637 1516 2923 1571 Deitatem.
2951 1513 3007 1570 Si
3041 1515 3155 1570 hmc
3182 1528 3288 1570 una
3313 1513 3410 1568 lux

1833 1611 1926 1666 illa
1951 1627 2168 1681 semper
2192 1613 2404 1673 lucens,
2441 1611 2862 1676 inaccessibilis,
2913 1609 3250 1678 sempiterna
3285 1615 3406 1672 est,

1834 1703 2026 1773 dogma
2063 1705 2166 1760 hoc
2202 1704 2458 1759 Ecclesia:
2491 1705 2766 1774 vulgatum
2809 1711 2896 1758 est
2947 1701 3203 1770 idemque
3232 1716 3262 1754 a
3299 1699 3408 1754 Deo

1834 1805 2026 1850 nostro
2049 1806 2101 1850 et
2136 1795 2419 1852 Salvatore
2449 1796 2578 1852 Jesu
2609 1795 2833 1850 Christo
2864 1796 3094 1866 ejusque
3123 1791 3411 1863 discipulis

1835 1889 1996 1945 nobis
2016 1889 2298 1954 traditum,
2324 1889 2490 1944 Deum
2531 1903 2759 1943 eernere
2783 1902 2942 1958 posse
2973 1887 3250 1941 neminem
3300 1882 3406 1938 nisi

1836 1996 1936 2050 per
1957 1980 2202 2051 symbols
2221 1988 2275 2034 et
2298 1989 2452 2052 typos
2471 1980 2998 2048 corporeos.cNemo
3019 1978 3189 2046 enim,
3208 1977 3409 2047 inquit,

1836 2075 2006 2128 Deum
2038 2072 2195 2138 vidit,
2233 2088 2411 2142 neque
2447 2080 2625 2144 potest
2652 2073 2946 2146 quisquam
2972 2087 3097 2126 eum
3135 2071 3344 2126 videre.
3381 2088 3400 2120 ι

1835 2167 1990 2234 Quod
2012 2167 2276 2220 Dominus
2300 2166 2414 2235 ipse
2439 2165 2798 2235 proclamavit
2823 2175 2881 2219 et
2903 2166 3191 2220 conlirmat
3221 2178 3411 2220 rursus

1837 2267 2061 2314 sanctus
2088 2258 2283 2311 Paulus
2310 2257 2404 2327 qui
2449 2258 2622 2312 dicit:
2668 2276 2686 2308 ι
2733 2239 2938 2326 Siquis
2980 2257 3135 2312 vobis
3177 2270 3412 2324 evange-

1837 2351 2085 2406 lizaverit
2113 2357 2312 2419 praeter
2337 2349 2387 2402 id
2420 2347 2563 2417 quod
2593 2347 2910 2418 accepistis,
2944 2347 3231 2401 anathema
3256 2345 3327 2400 sit
3385 2363 3407 2397 ι

1838 2443 1981 2499 Dicit
2023 2453 2208 2496 autent
2250 2440 2340 2498 ille
2383 2440 2517 2511 ipsis
2572 2439 2660 2494 his
2689 2439 2874 2494 verbis
2909 2437 3240 2491 adorandum
3291 2450 3414 2490 esse

1841 2535 2145 2606 incrcatam
2181 2533 2451 2588 Deitatem
2483 2533 2744 2587 et'luceni
2791 2546 2958 2586 unam
3000 2531 3053 2584 in
3089 2529 3250 2584 trinis
3284 2528 3419 2583 sub-

1840 2625 2274 2697 stantiis,}505
2299 2640 2532 2694 eamque
2568 2624 2905 2680 invisibilem
2951 2637 3075 2680 esse
3102 2638 3207 2677 non
3237 2623 3415 2677 solum

1842 2720 2187 2784 hominibus,
2219 2718 2314 2774 sed
2341 2719 2504 2773 etiam
2535 2718 2670 2788 ipsis
2691 2718 2926 2787 angelis.
2945 2716 3082 2784 Quis
3106 2715 3275 2785 igitur
3308 2728 3418 2769 tam

1845 2813 2174 2870 temerarius
2212 2814 2321 2868 erit
2356 2820 2614 2880 tantaque
2657 2811 2896 2866 amentia
2944 2819 3163 2880 captus,
3200 2820 3260 2863 ut
3291 2824 3418 2862 cum

1843 2915 2111 2962 creaturas
2145 2903 2450 2960 invisibiles
2504 2902 2652 2969 sint,
2704 2902 2828 2957 dico
2877 2903 3137 2970 angelos,
3171 2899 3419 2962 animas.

1844 2999 2144 3061 daemones,
2177 2995 2496 3050 hominibus
2526 2993 2716 3050 dicere
2745 2993 2945 3048 audeat
2973 2993 3246 3048 visibilem
3297 3007 3419 3048 esse

1844 3099 2100 3146 naturam
2131 3088 2226 3145 Dei
2255 3088 2349 3158 qui
2379 3100 2578 3144 cuneta
2605 3087 2922 3157 procreavit
2948 3085 2972 3138 ?
2997 3086 3188 3156 Neque
3239 3085 3418 3142 solum

201 3177 293 3244 μᾷν
337 3175 533 3250 όρατὴν
567 3173 838 3247 εἶναιτὴν
869 3177 1032 3244 φύσιν
1078 3193 1173 3230 του
1207 3176 1316 3230 τῶν
1361 3177 1617 3230 ἁπάντων
1645 3175 1741 3244 δη-

1848 3185 1905 3242 in
1929 3183 2309 3240 misericordia
2333 3194 2521 3240 nostra
2554 3189 2612 3236 et
2645 3179 2832 3236 ruultis
2866 3181 3123 3258 lacrymis
3153 3188 3278 3232 sunt
3325 3178 3419 3246 qui

201 3267 442 3337 μιουργοῦ
475 3269 656 3332 Θεοῦς
701 3269 793 3339 Μὴ
834 3265 928 3323 οῦν
967 3270 1049 3321 ὅτι
1094 3269 1314 3339 θρήνων
1347 3268 1443 3320 καὶ
1490 3266 1744 3338 δακρύων

196 3359 330 3422 ἄξιον
376 3359 718 3429 παμπόλλων
774 3361 1005 3430 πάτριον
1042 3359 1223 3430 δόγμα
1276 3360 1374 3429 τῆς
1415 3358 1745 3428 Ἐκκλησίας

197 3447 455 3511 κινοῦντας
515 3451 640 3511 τοῖς
695 3449 1078 3510 ἀποστολικοίς
1133 3447 1348 3518 ἐκείνης
1404 3447 1746 3517 ἁναθὲμασιν

196 3539 400 3603 ἑαυτοὺς
426 3542 616 3594 ἑκοντὶ
645 3541 930 3611 παρέχειν,
965 3539 1100 3594 ἀλλὰ
1129 3541 1224 3594 καὶ
1257 3540 1454 3608 μανίας
1483 3539 1620 3608 όμοῦ
1649 3539 1746 3592 καὶ

199 3630 516 3702 ἠλιθιότητος
581 3617 1026 3702 γέμειτοιαῦτα
1073 3631 1412 3702 λογίζεσθαι.
1461 3632 1586 3690 Ἐπὶ
1640 3633 1748 3703 γὰρ

202 3725 360 3776 πᾶσαν
378 3725 737 3778 διδασκαλίαν
765 3727 861 3778 καὶ
891 3727 1074 3779 πᾶσαν
1105 3726 1343 3795 μάθησιν
1367 3728 1431 3778 ὲκ
1463 3728 1749 3796 προϋπαρ-

200 3813 380 3886 χούσης
403 3815 661 3883 γίνεσθαι
683 3817 958 3885 φάσκουσι
981 3805 1255 3886 γνώσεως.
1281 3819 1370 3870 Δεῖ
1399 3817 1508 3888 γάρ
1541 3834 1752 3889 μαρτυ-

202 3910 308 3976 ρίας
336 3913 391 3964 ὲν
412 3915 524 3970 τοῖς
567 3911 826 3974 τοιούτοις
859 3911 1072 3976 ὲκείνας
1104 3911 1432 3984 προϐάλλειν
1466 3915 1546 3977 είς
1577 3913 1750 3983 προῦ-

205 4017 321 4053 πτον
349 4005 438 4055 καὶ
467 4001 818 4071 σαφεστέραν
850 4001 1086 4071 δήλωσιν
1120 4002 1228 4055 τῶν
1255 4002 1649 4072 ἀτελεστέρων,
1693 4003 1752 4056 αϊ

203 4093 260 4160 τῇ
283 4092 382 4146 τῶν
405 4093 770 4165 ἀνθρωπίνων
799 4093 1108 4164 αἰσθήσεων
1137 4095 1202 4148 ἐκ
1236 4092 1458 4165 πρώτης
1486 4095 1754 4164 γενέσεως

208 4183 446 4256 συνηθείᾳ
483 4184 713 4238 κανόσιν
754 4183 1052 4248 ἀθανάτοις
1097 4183 1363 4253 μαθήσεις
1416 4182 1755 4254 ἡλικιῶτιδες

208 4277 448 4342 γίνονται,
485 4275 786 4330 κάντεῦθεν
812 4276 1118 4347 ἁμοιὸαίοις
1145 4276 1347 4346 ἴχνεσιν
1383 4275 1755 4345 ἀναγομένους

207 4367 461 4438 βαθμίδων
491 4368 652 4439 δίκην
683 4371 804 4431 ταῖς
850 4369 993 4422 κατά
1039 4371 1240 4441 μικρὸν
1279 4368 1617 4438 ὑπαλλαγαίς
1646 4369 1756 4423 τῶν

205 4461 464 4530 ἀναλόγων
501 4461 854 4533 προσθέσεών
882 4477 941 4514 τε
977 4461 1070 4514 καὶ
1109 4461 1451 4532 ὑφαιρέσεων
1487 4460 1758 4530 συμϐιϐά-

207 4550 308 4614 ζειν
337 4553 428 4606 καὶ
459 4551 539 4622 τῷ
583 4551 681 4622 τῆς
712 4552 1024 4624 ἐπιστήμης
1057 4551 1188 4621 ἡλίῳ
1230 4551 1616 4623 καθαρώτερον
1654 4553 1754 4622 ἤδη

210 4647 512 4712 προσάγειν,
563 4644 742 4716 χρεὼν
784 4643 1042 4712 διδακτῆς
1087 4640 1254 4710 οὔσης
1295 4643 1394 4713 τῆς
1445 4645 1755 4712 ἐπιστήμης

211 4740 665 4810 προϋπάρχουσαν
710 4733 854 4790 εἶναι
896 4737 1212 4805 λογίζεσθαι
1254 4737 1458 4806 γνῶσιν
1506 4738 1602 4808 τὴν
1645 4735 1756 4791 τῶν

213 4829 498 4901 αἰσθήσεων
539 4830 920 4890 αὐτοδίδακτον
949 4829 1174 4900 πρώτην
1207 4828 1534 4898 κατάληψιν,
1568 4826 1662 4897 ἀφ’
1688 4822 1757 4900 ἦς

214 4921 281 4984 ὼς
307 4924 367 4976 ὲκ
400 4925 624 4992 πρώτης
664 4923 841 4992 ἀρχῆς
873 4923 970 4976 καὶ
1008 4925 1192 4993 πηγῆς
1223 4921 1274 4974 οι
1315 4922 1500 4990 πάσης
1531 4921 1756 4990 ἐπιστή-

217 5033 312 5084 tut;
356 5017 719 5082 ἀποδλύζουσι
753 5015 956 5086 ρύακες
987 5015 1092 5068 τῶν
1127 5033 1183 5069 τε
1219 5017 1330 5078 τοίς
1356 5015 1633 5084 αἰσθητοῖς
1666 5014 1760 5067 καὶ

213 5105 488 5177 διινοητοῖς
544 5108 639 5162 καὶ
681 5110 890 5177 νοητοῖς
921 5107 1339 5178 ἐνυπαρχόντων
1378 5107 1522 5178 ὅρων
1550 5106 1643 5160 καὶ
1671 5105 1759 5159 λό-

215 5213 334 5262 γων.
363 5200 434 5254 Τὸ
466 5200 574 5271 γὰρ
600 5201 815 5270 βλέπειν
849 5199 995 5269 ἡμᾶς
1031 5200 1123 5254 καὶ
1150 5197 1390 5264 ἀκούειν,
1415 5197 1508 5250 καὶ
1532 5195 1628 5250 νῦν
1660 5195 1760 5264 μὲν

217 5291 440 5356 γλυκέων
470 5295 562 5346 καὶ
593 5291 806 5363 πικρῶν
845 5291 1200 5345 αἰσθάνεσθαι
1234 5290 1322 5344 διὰ
1361 5288 1460 5358 τῆς
1492 5288 1760 5357 γεύσεως,

168 5433 170 5436 ,
219 5379 303 5432 νῦν
326 5383 378 5435 δὲ
405 5386 646 5453 τραχέων
671 5401 731 5436 τε
782 5384 877 5436 καὶ
902 5383 1060 5436 λείων
1089 5381 1178 5435 διά
1227 5381 1322 5452 τῆς
1351 5381 1517 5450 ἁφῆς,
1557 5380 1652 5432 καὶ
1679 5380 1762 5433 ὅτι

220 5469 402 5538 θερμὸν
432 5473 523 5526 καὶ
566 5473 862 5527 καυστικὸν
896 5473 955 5526 τὸ
986 5470 1099 5540 πῦρ
1149 5473 1243 5524 καὶ
1274 5469 1484 5542 ψυχρὸν
1535 5472 1568 5540 ἡ
1603 5469 1759 5542 χιὼν,

220 5565 380 5615 κοιναί
405 5566 543 5618 εἰσιν
572 5565 773 5620 ἔννοιαι
799 5568 976 5620 πάντα
996 5564 1098 5618 καὶ
1131 5562 1487 5618 αὐτοδίδακτα
1525 5565 1638 5626 τοῖς
1669 5563 1756 5616 αἰ-

222 5652 538 5725 σθητηρίοις.
575 5659 650 5710 Οὐ
686 5662 792 5725 γὰρ
825 5652 1197 5726 διδασκόμεθα
1234 5652 1367 5724 παρ’
1399 5654 1611 5718 οὐδενὸς
1639 5653 1760 5725 βλέ-

286 5817 357 5884 (ι)
388 5818 440 5868 Εἰ
467 5817 620 5870 τοῦτο
660 5815 714 5868 Ξν
747 5815 882 5871 Cod.

1848 3279 2024 3348 patrio
2054 3275 2308 3345 dogmate
2338 3273 2591 3332 Ecclesiae
2622 3274 2750 3328 laeso
2790 3271 3148 3341 apostolicum
3189 3272 3420 3326 anathe-

1846 3381 1931 3420 ma
1967 3365 2186 3421 sibimet
2215 3364 2316 3432 ipsi
2339 3361 2734 3428 contraxerint;
2758 3362 2851 3416 sed
2885 3371 3032 3430 patet
3063 3362 3224 3416 etiam
3251 3361 3419 3420 multa

1845 3471 1944 3514 eos
1987 3457 2043 3512 in
2077 3456 2386 3512 temeritate
2435 3464 2492 3511 et
2524 3455 2767 3511 amentia
2800 3456 3030 3520 versari,
3084 3455 3286 3523 quippe
3325 3454 3420 3522 qui

1847 3560 2065 3602 omnem
2097 3544 2282 3600 dicant
2329 3543 2638 3600 doctrinam
2687 3553 2746 3600 et
2775 3559 2994 3600 omnem
3048 3543 3421 3613 cognitionem

1848 3637 1969 3694 ﬁeri
2023 3652 2091 3692 ex
2125 3645 2312 3692 nostra
2352 3637 2586 3692 ratione.
2629 3635 2764 3690 Nam
2810 3636 2865 3692 in
2900 3635 3220 3706 huiusmodi
3259 3615 3425 3690 rarus

1849 3728 1923 3784 iis
1957 3728 2222 3783 utendum
2258 3740 2345 3784 est
2377 3727 2713 3784 testimoniis
2744 3725 2816 3782 ad
2841 3727 3190 3802 conspicpam
3217 3735 3274 3781 et
3313 3725 3424 3795 pla-

1849 3822 2061 3876 niorem
2091 3819 2436 3875 inlinitorum
2465 3819 2883 3884 revelationem,
2908 3833 3030 3888 quae
3057 3833 3124 3872 ex
3153 3817 3425 3872 humano-

1853 3930 1973 3970 rum
2004 3928 2267 3968 sensuum
2316 3913 2445 3968 inde
2493 3928 2524 3967 a
2583 3911 2779 3978 primis
2829 3926 2860 3965 a
2913 3910 3147 3980 pueritia
3189 3909 3426 3964 motibus

1853 4005 2252 4062 consuetudine
2285 4005 2634 4074 cognitiones
2662 4003 2897 4060 evadant
2918 3989 3320 4058 immortalibus
3343 4017 3426 4055 rc-

1853 4097 1994 4168 gulis
2019 4097 2283 4166 mquales.
2316 4095 2526 4150 Deinde
2557 4094 3025 4165 progrediendum
3079 4102 3164 4147 est
3213 4094 3426 4146 alterno

1853 4189 2088 4259 vestigio
2117 4189 2384 4259 gradatim
2429 4197 2485 4242 ct
2536 4188 2591 4240 in
2633 4186 2875 4255 analogis
2917 4185 3182 4240 addendis
3225 4195 3280 4238 et
3331 4186 3422 4238 dt-

1859 4282 2072 4336 mendis
2109 4278 2551 4336 concludendum
2585 4293 2650 4333 ex
2693 4278 2904 4348 exiguis
2931 4293 3051 4347 quae
3081 4277 3426 4330 intercedatt

1857 4371 2205 4436 differentiis,
2237 4380 2292 4426 et
2327 4379 2387 4424 ut
2418 4369 2666 4426 scientia:
2688 4371 2769 4426 sol
2795 4370 2997 4425 clarior
3021 4370 3132 4436 ﬁat,
3165 4369 3424 4438 quoniam

1859 4463 2091 4520 scientia
2122 4463 2307 4519 doceri
2340 4473 2542 4534 potest,
2581 4463 2961 4520 demonstrare
2989 4479 3130 4532 opus
3180 4471 3263 4520 est
3295 4463 3428 4518 sub-

1789 4536 1978 4611 l)esse
2011 4556 2303 4620 rationem,
2356 4569 2618 4610 sensuum
2670 4557 2946 4624 propriam
2995 4567 3060 4608 ac
3098 4551 3430 4620 primitivam

1861 4647 2294 4717 perceptionem.
2329 4645 2372 4700 E
2397 4663 2506 4716 qua
2557 4655 2815 4714 tanquam
2863 4662 2893 4701 e
2924 4646 3100 4716 prima
3129 4645 3336 4714 origine
3369 4658 3431 4698 ac

1864 4741 2013 4794 fonte
2043 4738 2290 4794 scientia!
2335 4738 2516 4795 omnis
2571 4739 2864 4806 prosiliunt
2912 4738 3071 4791 rivuli
3099 4746 3156 4792 et
3197 4737 3266 4790 iis
3311 4752 3433 4804 qua:

1864 4829 2244 4898 percipiuntur
2271 4869 2286 4893 ,
2334 4829 2650 4899 cegitantur
2675 4869 2690 4893 ,
2726 4839 3155 4898 cognoscuntur,
3202 4831 3284 4881 sul
3307 4838 3430 4882 sunt

1863 4920 2053 4989 prima:
2079 4919 2244 4991 506
2267 4921 2518 4976 notiones
2535 4932 2589 4974 et
2613 4921 2839 4974 notitiai.
2864 4920 2998 4974 Nam
3021 4919 3164 4987 quod
3188 4919 3433 4972 videmus

1863 5025 1964 5063 nos
1989 5018 2046 5064 et
2075 5011 2350 5078 audimus,
2389 5013 2551 5066 modo
2579 5013 2760 5081 palato
2785 5012 2964 5065 dulcia
3009 5020 3060 5064 et
3090 5025 3274 5063 amara
3309 5026 3434 5075 per-

1861 5103 2118 5171 cipimus,
2145 5105 2308 5160 modo
2330 5119 2525 5174 aSpera
2551 5115 2607 5159 et
2635 5104 2774 5159 levia
2797 5111 2964 5167 tactu,
2984 5102 3204 5172 etquod
3224 5101 3438 5158 calidus

1861 5203 1918 5252 et
1945 5196 2147 5250 ardens
2182 5197 2321 5266 ignis
2343 5208 2450 5259 est.
2489 5198 2578 5252 nix
2607 5196 2824 5268 frigida,
2851 5195 3256 5266 perceptiones
3286 5214 3435 5268 com-

1865 5303 2061 5342 munes
2092 5298 2220 5343 sunt
2251 5298 2304 5342 et
2363 5291 2597 5360 propriae
2648 5306 2929 5345 sensuum.
2971 5290 3162 5359 Neque
3210 5288 3357 5344 enim
3402 5304 3433 5342 a

1863 5393 2136 5447 quoquam
2170 5378 2468 5434 edocemur
2515 5379 2702 5434 videre
2758 5389 2813 5434 et
2867 5379 3057 5436 audire
3103 5391 3194 5435 aut
3256 5381 3435 5448 ignem

1862 5471 2080 5535 ardere,
2109 5469 2308 5539 frigere
2333 5472 2537 5534 nivem,
2573 5473 2676 5528 mel
2713 5473 2871 5527 dulce
2903 5488 3048 5528 esse.
3091 5473 3196 5527 Sua
3240 5485 3437 5541 sponte

1861 5562 2009 5617 enim
2043 5577 2239 5618 sensus
2261 5562 2327 5617 ad
2351 5563 2456 5622 alia
2483 5562 2730 5627 inclinat,
2760 5566 2864 5619 alia
2901 5565 3058 5634 fugit,
3093 5565 3238 5620 nulla
3261 5564 3435 5620 ascita

1861 5654 2189 5726 geometrica
2223 5655 2555 5711 necessitate
2587 5657 2669 5712 vel
2719 5656 2825 5712 alia
2853 5657 3099 5726 qualibet
3144 5672 3435 5729 argumen-
