3840 6554
165 385 258 449 361

1105 391 1547 454 BYZANTN‘E
1593 358 1972 461 erom-E
2016 404 2163 464 LIB.
2226 407 2506 472 xxxut.

3296 422 3400 485 3.2

168 499 440 565 ἀναλόγως
466 498 525 550 τι
546 500 743 553 ἑαυτοῦ
767 500 881 568 φῶς
917 501 1131 569 πολλοῖς
1170 508 1479 579 ἐνσπεῐρων
1505 513 1699 565 ὐποκει

1806 513 1933 590 ’bus
1966 516 2032 570 ad
2071 528 2129 571 s‘c
2165 520 2361 576 referat
2384 534 2446 585 et
2481 540 2581 593 pro
2634 526 2842 583 ratione
2887 530 3056 599 ipsius
3089 534 3266 594 lucem
3316 544 3402 597 itt-

168 589 404 655 τμένοις,
445 590 538 643 καὶ
567 589 758 659 ὥσπερ
814 593 1036 657 πολλοῖς
1071 597 1270 665 ἑφεξῆς
1324 601 1599 669 κειμένοις
1624 620 1723 657 κα-

163 677 374 745 ἐπτροις
398 678 455 730 ἓν
481 681 796 749 ἐμφανίζων
827 678 1135 749 πρόσωπον.
1175 691 1270 742 καὶ
1317 691 1378 743 τὸ
1405 693 1708 761 κεχυμένον

164 767 255 832 τῆς
279 767 407 836 ὕλης
440 768 669 840 ἄπειρον
704 774 799 825 καὶ
856 774 1111 845 ἀόριστον
1137 779 1365 844 οὲκείοις
1413 781 1619 853 πέρασι
1650 800 1711 836 τε

164 858 251 909 καὶ
280 859 525 927 σχήμασι
554 863 781 932 μορφῶν
797 864 891 930 καὶ
919 868 1156 937 συνδέων
1184 871 1277 923 καὶ
1308 874 1719 943 συναρμόττων.

164 951 264 1003 Καὶ
295 951 327 1018 ἠ
360 950 494 1022 πρὶν
521 954 914 1024 περιοδεύουσα
942 959 1247 1020 τοὺς-ἔνδον
1273 963 1570 1034 λογισμοὺς
1609 966 1720 1021 τῶν

164 1041 493 1112 ἀπορρήτων
553 1045 649 1098 καὶ
682 1043 845 1102 θείων
916 1051 1262 1119 πραγμάτων
1307 1053 1559 1125 ζήτησις,
1607 1058 1717 1112 τῶν

160 1131 432 1200 αἰσθητῶν
461 1134 561 1205 ἤδη
608 1137 970 1208 ἀναχωροῦσα
1000 1143 1064 1211 τῇ
1088 1143 1187 1213 mp
1241 1143 1318 1214 νῷ
1358 1150 1718 1224 προσηκούσῃ

159 1223 352 1289 γνώσει
383 1226 691 1283 ἀκολουθεῖ.
727 1230 1014 1284 Ἐντεῦθεν
1040 1235 1150 1303 γὰρ
1187 1236 1281 1289 καὶ
1310 1237 1411 1301 τὰς
1442 1237 1592 1303 θείας
1620 1223 1717 1296 καὶ

158 1315 340 1385 νοερᾶς
364 1318 627 1385 προόδους
652 1319 929 1384 ἐθέλοντες
960 1323 1158 1392 δηλοῦν
1189 1327 1240 1377 οἱ
1274 1326 1410 1381 θεῖοι
1467 1330 1715 1402 Πατέρες

158 1403 562 1474 παραδείγματι
589 1410 908 1481 φαινομένῳ
928 1414 1050 1475 ταῖς
1094 1414 1247 1483 ἡλίου
1286 1417 1530 1487 χρῶνται
1564 1421 1717 1472 ἀκτῖ-

155 1513 253 1558 σιν,
290 1497 349 1550 αἳ
390 1498 491 1568 τὴν
523 1500 883 1568 ὲτυμολοτέαν
915 1504 1023 1556 ἀπὸ
1059 1506 1150 1557 τοῦ
1187 1508 1526 1562 ἐκτείνεσθαι
1564 1509 1717 1581 έχου-

156 1605 238 1640 σαι
266 1588 485 1657 χέονται
512 1591 636 1658 μὲν,
657 1592 758 1644 οὐκ
792 1593 1077 1662 ἐκχέονται
1110 1596 1188 1660 δὲ,
1235 1597 1352 1650 ἀλλ’
1381 1600 1712 1659 ὲκτείνονται

154 1678 307 1747 πέριξ
329 1680 474 1732 κατὰ
497 1681 555 1733 τὸ
587 1683 851 1749 ἀνάλογον
881 1687 979 1754 τῆς
1042 1686 1149 1738 τῶν
1201 1687 1511 1758 δεχομένων
1553 1691 1714 1762 εὐρυ-

151 1770 370 1837 χωρίας.
411 1771 787 1842 Πληθύνεσθαι
842 1779 951 1846 γὰρ
981 1778 1009 1829 ὁ
1048 1776 1190 1837 θεῖος
1240 1764 1410 1851 ἔφησε
1457 1782 1711 1852 Μάξιμος

149 1864 232 1915 τον
258 1863 394 1918 Θεὸν
422 1866 503 1935 τῷ
528 1866 653 1920 καθ’
680 1867 913 1924 ἕκαστον
938 1872 1021 1933 είς
1050 1874 1390 1945 παραγωγὴν
1414 1876 1521 1929 τῶν
1538 1878 1711 1932 ὄντων
1743 1857 1786 1912 Β

150 1954 467 2025 βουλήματι,
497 1958 619 2021 ταῖς
674 1965 1064 2030 προνοητικαῖς
1113 1965 1364 2034 προόδοις
1396 1968 1710 2024 πολλαπλα-

151 2046 487 2116 σιαζόμενον,
525 2050 709 2118 μένειν
743 2050 789 2103 δ’
822 2053 1137 2118 ἀμερίστως
1180 2055 1277 2109 ἕνα
1324 2058 1578 2130 καθάπερ
1615 2061 1707 2113 τὸν

147 2135 287 2203 ἣλιον
320 2138 552 2202 ἀκτῖνας
590 2139 691 2209 μὲν
737 2141 940 2205 πολλὰς
999 2145 1420 2216 προπέμποντα,
1477 2150 1707 2220 μένοντα

145 2227 187 2280 δ’
213 2230 267 2281 ἐν
293 2233 360 2298 τῇ
392 2232 628 2302 ἑνότητι.
678 2233 849 2287 Ὅταν
905 2236 1014 2306 γὰρ
1071 2237 1128 2299 ἐς
1178 2237 1275 2307 τὴν
1336 2242 1706 2314 προδλητικὴν

146 2320 545 2388 ἀποσκοπῶμεν
612 2324 847 2393 δύναμιν
897 2325 991 2379 τοῦ
1042 2327 1220 2397 ἡλίου,
1283 2331 1555 2397 μονοειδὲς
1611 2335 1706 2387 καὶ

147 2410 332 2465 ἔνιαῖον
369 2412 433 2464 τὸ
479 2411 587 2465 τῶν
630 2415 866 2469 ἀκτίνων
900 2417 1398 2489 καταλαμῦάνομεν
1453 2422 1659 2493 πλῆθος
1687 2440 1702 2455 ’

146 2499 328 2554 ὅτανδ’
351 2503 434 2565 είς
467 2503 567 2573 τὴν
586 2505 940 2578 ἀστάθμητον
985 2509 1082 2562 καὶ
1121 2511 1390 2582 μεριστὴν
1426 2514 1701 2593 ποικιλίαν

146 2590 232 2659 τῆς
278 2592 375 2644 τοῦ
404 2593 610 2663 κόσμου
640 2595 933 2662 γενέσεως,
960 2597 1060 2658 τὰς
1114 2599 1341 2664 ἀκτῖνας
1393 2601 1704 2674 ἐκτεινομέ-

145 2696 232 2742 νας
254 2683 416 2736 οἱονεὶ
443 2699 597 2746 τινας
631 2686 824 2757 χεῖρας
845 2687 1144 2756 ἐργατικὰς
1179 2689 1240 2742 τό
1288 2707 1348 2744 τε
1394 2692 1496 2757 τῆς
1545 2695 1702 2764 ἀριθ-

143 2774 370 2841 μητικῆς
398 2774 711 2846 ἐπιστήμης
765 2777 832 2849 μ’.
868 2778 971 2833 164
1006 2778 1079 2852 r.]
1136 2781 1571 2857 ἀναλισκομένης
1629 2788 1701 2840 δι’

144 2866 388 2934 ἀπορίαν,
413 2867 475 2920 τὸ
500 2866 565 2920 ἓν
595 2871 674 2931 είς
716 2870 1092 2943 ἀναρίθμητον
1119 2874 1331 2945 πλῆθος
1381 2878 1702 2948 σχιζόμενόν

143 2972 197 3007 τε
222 2959 315 3009 καὶ
354 2958 714 3028 μεριζόμενον
756 2961 1052 3039 βλέπομεν.
1099 2964 1255 3020 Οὕτω
1289 2968 1354 3039 δὴ
1409 2971 1547 3023 κάπὶ
1601 2971 1706 3042 τῆς

141 3048 311 3118 ψυχῆς
338 3054 432 3105 καὶ
464 3052 573 3105 τῶν
600 3054 804 3125 ταύτης
829 3055 1115 3123 δυνάμεων
1154 3060 1250 3113 καὶ
1310 3062 1474 3131 ἡμεῖς
1527 3063 1701 3117 τοιού-

141 3155 247 3203 τοις
275 3142 538 3211 χρώμεθα
567 3144 1030 3214 παραδείγμασιν,
1060 3150 1231 3203 ἐνίοτε
1272 3151 1373 3220 μὲν
1402 3152 1494 3205 τὸν
1509 3153 1699 3220 ὅμοιον

138 3231 353 3300 τρόπον,
389 3233 561 3286 ἐνίοτε
590 3234 645 3288 δὲ
675 3237 766 3289 τὸν
787 3237 1147 3309 ἀντίστροφον
1173 3254 1189 3271 σ
1214 3241 1362 3295 δυσίν
1393 3244 1501 3311 γὰρ
1523 3231 1730 3313 ὀργά-’

142 3339 238 3373 νων
260 3323 427 3376 ὄντων
453 3324 531 3394 τῷ
562 3324 664 3395 τῆς
690 3327 872 3398 ψυχῆς
901 3330 1165 3402 ὀφθαλμῷ
1194 3332 1274 3402 τῷ
1300 3332 1378 3403 νῷ
1398 3336 1532 3406 πρὸς
1558 3337 1698 3403 γνῶ.

143 3430 220 3466 σιν
248 3414 356 3466 τῶν
410 3416 684 3487 αἰσθητῶν
722 3422 1089 3491 πραγμάτων,
1138 3423 1236 3492 τῆς
1274 3441 1334 3478 τε
1388 3425 1698 3497 αίσθήσεως

144 3506 253 3574 ἅμα
284 3507 375 3560 καὶ
406 3507 666 3577 διανοίας,
706 3510 771 3563 ὲκ
796 3511 1011 3566 τούτων
1057 3515 1208 3586 αὐτῷ
1232 3516 1334 3591 τὴν
1384 3518 1699 3589 ἐπιστήμην

142 3598 221 3649 ἀεὶ
257 3601 737 3673 συσκευαζομένην
775 3605 992 3675 ὁρῶμεν
1026 3608 1129 3675 κάξ
1179 3609 1402 3673 ἀτελοῦς
1427 3610 1697 3682 διχονοίας

144 3691 213 3750 εἰς
229 3690 477 3758 ὁμόνοιαν
504 3696 740 3764 συγγενῆ
772 3698 1084 3764 συνιοῦσαν,
1108 3700 1207 3767 τῆς
1238 3702 1339 3771 μὲν
1362 3702 1696 3773 ἀναλήψεσιν

142 3776 613 3849 ὁλοσχερεστέραις
642 3782 842 3848 ἔξωθεν
871 3785 1198 3854 είσᾱγούσης
1218 3789 1316 3850 τὰς
1345 3788 1571 3858 πρώτας
1597 3791 1697 3855 ἀρ-

142 3867 256 3936 χὰς,
287 3870 349 3921 ὲκ
374 3869 474 3938 τῆς
501 3872 610 3925 τῶν
654 3876 933 3944 αἰσθητῶν
982 3871 1489 3951 συμπεφορημένης
1518 3897 1577 3933 τε
1603 3883 1697 3935 καὶ

142 3960 393 4034 διηνεκῶς
446 3967 930 4036 μεταϐαλλομένης
986 3970 1331 4037 πολυφωνίας
1375 3970 1475 4041 (Ι),
1506 3973 1606 4041 τῆς
1638 3973 1695 4027 δὲ

145 4055 577 4127 παραδεχομένης
605 4073 663 4108 τε
699 4056 795 4108 καὶ
829 4057 1313 4128 παραπεμπούσης
1347 4061 1426 4121 είς
1460 4057 1517 4109 ἓν
1540 4060 1699 4130 ἀκρι-

144 4147 385 4217 6ἐστερον
413 4144 754 4215 ἐπισκέψεως
785 4145 1150 4215 ἐργαστήριον
1175 4147 1266 4199 τὸν
1283 4148 1424 4210 νοῦν,
1450 4150 1543 4202 καὶ
1566 4151 1695 4202 ἅνα-

142 4330 375 4400 ὲνότητα.
410 4326 506 4392 Οἷς
545 4331 652 4400 γὰρ
692 4328 947 4399 ἑτερότης
977 4330 1234 4399 πάρεστι,
1271 4330 1477 4384 τούτων
1496 4333 1693 4385 ἄπεστι

146 4426 371 4493 σαφώςη
406 4425 664 4492 ὁμόνοια·
700 4417 782 4486 οἷς
816 4423 873 4476 δὲ
917 4424 1012 4492 μὴ,
1050 4424 1264 4485 τούτοις
1299 4424 1355 4476 δὲ
1385 4425 1480 4477 καὶ
1508 4428 1576 4479 τὰ
1593 4426 1692 4494 τῆς

140 4511 372 4576 ὁμονοίας
407 4513 579 4582 ῥᾷστα
599 4511 893 4580 ἐμφύεται.
934 4511 1044 4563 Καὶ
1076 4512 1107 4563 ὁ
1134 4511 1228 4563 τοῦ
1263 4513 1487 4584 ἡλιακοῦ
1514 4530 1692 4584 παρα·
1725 4515 1767 4569 D

138 4600 409 4667 δείγματος
445 4601 644 4666 ξυνιεὶς
695 4602 914 4671 εὐφυῶς
944 4603 1042 4672 τῆς
1073 4605 1195 4656 κατ’
1225 4605 1476 4677 αἴσθησιν
1506 4606 1691 4671 ἐξεκε-

144 4696 369 4761 χωρήκει
391 4695 675 4764 συνηθείας
697 4695 879 4757 εὐθὺς,
904 4695 997 4747 καὶ
1017 4695 1114 4765 τὴν
1137 4696 1233 4763 τῆς
1256 4696 1502 4766 ὁράσεως
1522 4715 1690 4769 προσ-

138 4784 333 4853 εδρείαν
352 4787 428 4849 είς
451 4788 576 4848 τοὺς
606 4788 829 4856 νοητοὺς
861 4787 1055 4857 ῥᾳδίως
1091 4786 1404 4858 ὀφθαλμοὺς
1460 4788 1693 4859 μετενή-

140 4890 300 4942 νοχεν,
346 4876 620 4945 ἡγεμόνας
650 4877 746 4945 τῆς
793 4877 1050 4947 τοιαύτης
1108 4879 1384 4945 εὑρίσκων
1416 4878 1536 4931 ὀδοῦ
1570 4879 1695 4942 τοὺς

136 4966 331 5032 ἁγίους,
362 4971 472 5031 τοῖς
499 4970 597 5037 μὲν
626 4969 905 5037 αίσθητοίς
929 4970 1401 5037 ὲνείναιλὲγοντας
1434 4969 1690 5025 ἔκστασιν

140 5058 385 5125 γίνεσθαι,
412 5060 532 5130 Θεῷ
573 5062 621 5113 δ’
644 5061 847 5131 ἥκιστα
881 5061 1100 5114 πάντων
1139 5062 1371 5131 παρόντι
1411 5061 1689 5131 πανταχοῦ

148 5152 237 5203 καὶ
274 5154 338 5205 τὰ
367 5157 546 5208 πάντα
606 5155 904 5225 πληροῦντι
947 5155 1040 5209 καὶ
1085 5155 1313 5224 μηδενὸς
1366 5156 1686 5225 λειπομένου

140 5243 292 5297 τόπου
311 5247 366 5309 ὃς
392 5248 488 5318 τὴν
506 5248 659 5301 θείαν
702 5248 922 5302 ἔκτασιν
965 5246 1294 5310 δέξασθαιῶ
1346 5249 1684 5320 ἐπινοηθείη.

208 5334 515 5406 Ε¹.Ὀμοιον
540 5339 650 5408 γὰρ
688 5339 915 5407 ἠχοῦσιν
953 5339 1010 5391 αἱ
1049 5337 1246 5402 λέξεις,
1278 5339 1376 5408 οὐχ
1418 5339 1605 5407 ὅμοιον
1639 5339 1687 5393 δ’

141 5420 391 5492 έχουσιτὸ
413 5431 507 5498 τῆς
558 5429 854 5498 ἀναγωγῆς
902 5431 999 5481 καὶ
1049 5428 1378 5499 καταγωγῆς
1440 5431 1685 5501 ὀρμητή-

1829 606 2236 665 fundatinultis
2259 626 2451 667 eorum
2481 631 2602 684 quae
2625 616 2997 691 ipsi‘sulijecta
3028 638 3179 682 sunt.
3206 629 3398 702 Itaque

1824 700 2285 762 quemadmodum
2338 704 2528 760 multis
2580 722 2611 763 e
2664 712 2903 779 speculis
2944 730 3054 771 una
3097 700 3402 793 eademque

1817 781 1992 842 'facics
2025 801 2268 859 apparet,
2300 803 2354 849 et
2397 799 2651 854 materias
2676 815 2796 871 qure
2818 803 2991 860 effuse
3024 808 3249 866 infinitae
3271 781 3403 871 sunt

1819 889 1878 933 et
1906 880 2270 959 interminata!
2294 901 2448 942 mens
2469 890 2535 944 ad
2587 905 2739 948 suam
2766 896 3032 955 rationem
3057 917 3121 957 ac
3146 913 3397 962 naturam

1824 968 2021 1024 format
2048 956 2103 1026 et
2149 975 2291 1029 inter
2318 990 2378 1032 se
2420 981 2699 1053 coniungit
2749 995 2805 1041 et
2841 991 3139 1057 componit.
3166 990 3397 1052 investi-

1817 1062 1969 1132 gatio
2027 1070 2215 1120 autem
2240 1084 2360 1138 qua:
2393 1072 2546 1141 prius
2583 1073 2637 1129 in
2673 1078 2838 1135 rebus
2879 1083 3097 1139 arcanis
3139 1101 3204 1142 ac
3256 1090 3397 1147 divi-

1822 1153 1909 1208 nis
1948 1156 2289 1226 Versabatur,
2316 1175 2347 1215 e
2377 1165 2731 1223 sensibilibus
2770 1171 2883 1241 jam
2927 1189 3145 1246 egressa
3196 1183 3396 1239 mentis

1819 1256 2203 1303 consentanea
2228 1252 2420 1309 rationi
2440 1271 2503 1310 se
2518 1258 2780 1329 adjungit.
2798 1261 2982 1329 Quare
3002 1270 3175 1323 sancti
3196 1271 3394 1328 Patres

1815 1333 1949 1389 dum
1992 1338 2175 1393 divina
2215 1357 2280 1396 ac
2314 1346 2622 1414 spiritualia
2656 1351 2802 1407 facta
2836 1356 3111 1425 explicare
3148 1362 3392 1431 student,

1818 1439 1919 1493 pro
1971 1431 2223 1499 exemplo
2269 1426 2549 1494 luculento
2604 1451 2838 1498 utuntur
2891 1448 3062 1504 radiis
3104 1452 3262 1517 solis,
3297 1459 3394 1525 qui

1814 1519 2175 1592 etymdlogice
2230 1542 2260 1579 a
2312 1529 2577 1586 radiando
2626 1536 2879 1604 explicati
2925 1539 3233 1598 funduntur
3269 1519 3395 1617 qui-

1814 1608 1961 1674 dem,
2017 1629 2115 1667 nec
2178 1623 2358 1673 tamen
2423 1625 2645 1681 omnino
2699 1627 3081 1701 effunduntur,
3135 1637 3231 1691 sed
3296 1653 3394 1693 ex-

1818 1703 1957 1756 tensi
2001 1705 2603 1770 radiautcircumcirea
2654 1732 2756 1787 pro
2785 1719 3035 1777 locorum
3075 1726 3388 1788 latitudine.

1815 1792 1950 1846 Nam
2005 1796 2226 1870 plenum
2276 1817 2398 1857 esse
2446 1806 2580 1861 dicit
2630 1822 2856 1877 sanctus
2904 1813 3171 1874 Maximus
3216 1814 3390 1880 Deum

1820 1886 2084 1958 cujusque
2122 1892 2202 1946 rei
2233 1907 2411 1950 causae
2441 1900 2678 1968 propriae
2698 1913 2756 1958 et
2777 1907 2926 1962 varia
2956 1912 3125 1965 multa
3159 1919 3394 1973 transire

1816 1978 2058 2035 rationes
2092 1982 2210 2053 ejus
2241 1989 2638 2058 providentiae;
2670 2001 2849 2052 tamen
2889 1999 3233 2061 individuum
3263 2025 3390 2065 eum

1807 2066 1974 2141 409
2023 2087 2189 2128 unum
2236 2093 2478 2146 manere,
2522 2092 2581 2137 ut
2636 2087 2738 2153 sol,
2769 2091 2860 2159 qui
2894 2107 3205 2167 quanquam
3242 2104 3390 2159 mu!»

1811 2169 1897 2216 tos
1922 2162 2170 2221 effundat
2204 2170 2407 2239 radios,
2436 2181 2613 2231 tamen
2646 2191 2867 2238 maneat
2901 2185 2954 2239 in
2991 2162 3221 2246 unitate.
3248 2193 3386 2251 Cum

1808 2254 1953 2309 enim
1987 2258 2119 2312 solis
2157 2260 2267 2315 vim
2298 2270 2418 2334 qum
2445 2266 2680 2325 etiandit
2704 2272 2888 2330 radios
2920 2282 3266 2351 respicimus,
3297 2296 3384 2343 to-

1810 2352 1924 2400 tum
1957 2349 2161 2420 aliquid
2187 2341 2241 2407 et
2275 2370 2442 2411 unum
2477 2374 2597 2416 esse
2638 2366 2781 2433 quod
2828 2369 3011 2426 radios
3055 2374 3105 2427 in
3137 2390 3196 2430 se
3226 2393 3386 2433 eom-

1806 2436 2077 2506 plectatur
2099 2441 2376 2511 dicemus;
2414 2448 2498 2503 sin
2538 2461 2721 2507 autem
2760 2471 2950 2528 vagam
2985 2471 3040 2516 et
3082 2467 3384 2533 particula-

1808 2541 1919 2581 rem
1950 2530 2084 2585 solis
2120 2531 2171 2586 in
2211 2537 2414 2593 mundo
2439 2540 2786 2601 efficientiam
2821 2530 3153 2623 spectamus,
3187 2562 3374 2619 radios

1806 2617 1901 2686 qui
1927 2620 2294 2678 effunduntur
2347 2638 2609 2699 tanquam
2647 2651 2845 2694 manus
2872 2648 3156 2711 operarias
3181 2652 3247 2705 ad
3281 2670 3382 2707 nn-

1805 2723 2019 2766 merum
2040 2714 2337 2791 referemus
2350 2714 2576 2792 propter
2593 2726 2830 2797 inopiam
2847 2748 3111 2803 nostram,
3138 2749 3191 2795 et
3212 2758 3382 2800 unum

1806 2802 1942 2857 illud
1973 2808 2119 2876 quod
2158 2809 2225 2864 ad
2255 2828 2542 2870 numerum
2573 2820 2763 2877 referri
2789 2802 3010 2897 proprie
3046 2846 3152 2887 non
3199 2846 3383 2905 potest

1807 2894 2094 2951 dividuum
2147 2901 2355 2972 aliquid
2380 2915 2436 2960 et
2465 2908 2517 2962 in
2565 2922 2749 2980 partes
2773 2894 3006 2974 divisum
3038 2894 3371 2992 putabimus.

1804 2985 1896 3042 Sic
1928 2988 1997 3045 de
2028 2992 2209 3048 anima
2241 3007 2426 3053 nostra
2452 3001 2684 3071 ejusque
2724 3006 3080 3067 facultatibus
3109 3033 3208 3073 nos
3238 3036 3381 3089 quo-

1803 3093 1910 3147 que
1939 3081 2253 3153 bujusmodi
2284 3092 2553 3161 exemplis
2609 3099 2836 3166 utimur,
2871 3104 3145 3161 interdum
3185 3081 3378 3170 att-ra-

1724 3170 2007 3250 gtionc-m
2069 3185 2827 3249 consentaneam,interdum
2886 3195 2953 3249 ad
3016 3203 3372 3261 contrariam.

1798 3259 1932 3316 Nam
1966 3281 2089 3319 eum
2123 3272 2230 3323 duo
2264 3287 2466 3341 organa
2503 3278 2671 3332 animi
2705 3268 2903 3349 nostri,
2944 3290 3158 3358 oculus,
3195 3311 3372 3359 mens,

1802 3356 2035 3412 habeant
2061 3364 2127 3415 ad
2178 3379 2266 3419 res
2298 3378 2553 3425 externas
2597 3379 3027 3445 cognoscendas“
3065 3400 3286 3442 sen~um
3317 3400 3374 3444 et

1800 3449 2091 3520 rationem,
2124 3454 2212 3510 his
2245 3459 2296 3512 ei
2333 3474 2551 3529 semper
2596 3466 2775 3535 parari
2811 3470 3060 3530 videmus
3085 3481 3373 3536 scientiam

1797 3555 2028 3613 eamque
2052 3561 2116 3621 ex
2149 3547 2470 3619 imperfecto
2502 3555 2758 3613 dissensu
2789 3560 2843 3616 in
2875 3566 3144 3622 unitatem
3172 3581 3376 3630 etcou—

1798 3652 2019 3692 sensum
2071 3654 2387 3703 coeuntem.
2447 3649 2636 3706 Altera
2689 3654 2834 3709 enim
2893 3657 2977 3714 via
3031 3643 3373 3722 extrinsecus

1799 3728 1988 3796 prima:
2011 3730 2191 3787 rerum
2218 3736 2485 3808 imagines
2502 3750 2788 3810 petuntur,
2807 3745 2880 3801 ita
2901 3750 3122 3819 quidem
3148 3766 3207 3809 ut
3239 3774 3374 3813 con-

1799 3822 2080 3892 templatio
2113 3842 2199 3881 res
2226 3828 2370 3898 ipsas
2401 3831 2595 3900 plenas
2641 3838 2912 3909 concipiat
2949 3857 3250 3914 earn-nque
3275 3866 3372 3905 na-

1787 3920 1973 3985 _turam
1993 3917 2044 3968 in
2079 3918 2339 3974 varietate
2366 3922 2523 3976 sistat
2550 3933 2605 3979 et
2638 3928 2903 3986 continuo
2930 3937 3256 3993 contrahat:
3285 3943 3370 3995 al-

1798 4012 1911 4058 tera
1929 4015 2109 4061 autem
2126 4009 2209 4063 via
2222 4020 2275 4064 et
2291 4013 2486 4080 recipit
2502 4020 2890 4087 contemplatio
2909 4033 2959 4078 et
2983 4027 3239 4082 transfert
3257 4045 3367 4097 res,

1796 4097 1861 4149 ad
1899 4113 2063 4150 unam
2098 4101 2225 4153 dico
2254 4104 2549 4160 firmiorem
2585 4112 2961 4178 operationem
2997 4120 3213 4183 mentis,
3267 4123 3386 4175 iiii:

1188 4193 1445 4307 ὁμόνοιάν
1500 4257 1561 4292 τε
1598 4242 1695 4293 καὶ

1806 4204 1903 4256 que
1930 4193 2178 4246 recondit
2207 4195 2275 4247 ad
2303 4212 2484 4251 rerum
2517 4216 2846 4258 consensum
2883 4216 2941 4262 et
2974 4213 3238 4266 unitatem
3286 4216 3368 4269 ef-

1806 4277 2081 4307 ῐὶυζηηιιη...
2169 4284 2370 4307 nun..-‘
2442 4303 2458 4307 -
2512 4291 2525 4307 ε
2654 4306 2657 4307 ,
2748 4304 2758 4307 _
2863 4294 2875 4306 .
2961 4297 2973 4307 .

142 4238 471 4309 χωνευούσης
531 4240 649 4291 ἐκεῖ
686 4238 817 4305 πρὸς
852 4238 1017 4306 εμπει

1796 4277 2105 4335 ﬁciendam.
2167 4284 2377 4349 Quibus
2434 4291 2582 4343 enim
2637 4294 2912 4351 contraria
2959 4297 3172 4366 insunt,
3234 4318 3366 4362 sane

1795 4388 2093 4428 consensus
2128 4375 2220 4429 ille
2247 4376 2441 4449 deest;
2497 4381 2697 4450 quibus
2751 4399 2905 4455 non,
2964 4389 3049 4445 his
3108 4393 3366 4452 facillime

1795 4480 2012 4535 quoque
2030 4485 2330 4526 consensus
2354 4473 2618 4530 adhaeret.
2635 4474 2738 4542 Qui
2757 4477 2895 4534 bene
2911 4482 3043 4538 solis
3064 4483 3368 4559 illud410
3442 4479 3452 4490 ’

1795 4560 2102 4628 exemplum
2177 4564 2549 4633 intellexerit,
2612 4583 2643 4624 e
2706 4585 2856 4626 mera
2918 4589 3180 4631 sensuum
3243 4595 3368 4648 per-

1796 4650 2054 4717 (cptioue
2111 4652 2270 4708 facile
2313 4659 2654 4726 egredietur,
2683 4671 2739 4716 et
2785 4678 2875 4719 res
2910 4675 3167 4723 externas
3207 4668 3365 4725 facile

1794 4740 2086 4795 transferet
2107 4743 2173 4796 ad
2199 4746 2389 4816 oculos
2430 4751 2648 4815 memis,
2675 4767 2813 4822 quos
2851 4762 3109 4826 tanquam
3145 4758 3364 4816 divinos

1794 4832 1970 4888 hacin
2010 4835 2093 4890 via
2121 4838 2290 4893 duces
2313 4840 2755 4911 deprehenderit,
2787 4849 2990 4918 quippe
3038 4851 3132 4920 qui
3182 4852 3236 4907 in
3275 4869 3364 4909 re-

1794 4924 1896 4978 bus
1931 4930 2169 4984 externis
2190 4930 2374 4986 dicant
2398 4950 2521 4990 esse
2544 4938 2948 5005 confusionem,
2976 4952 3166 4998 contra
3188 4943 3357 5000 Deum

1793 5030 1914 5069 esse
1943 5016 2376 5085 pulcherrimum
2427 5025 2631 5096 ubique
2670 5027 2918 5084 locorum
2950 5042 3005 5087 et
3034 5047 3359 5102 permanare

1792 5106 1992 5169 onmia,
2017 5124 2193 5180 neque
2232 5113 2403 5168 ullum
2438 5129 2557 5173 esse
2604 5118 2784 5174 locum
2825 5121 2920 5191 qui
2957 5123 3103 5180 solus
3132 5125 3228 5182 Dei
3264 5143 3360 5184 ex-

1795 5199 2097 5254 tensionem
2118 5203 2413 5259 contineat.

1866 5335 1929 5391 ν.
1959 5339 2173 5395 Sonant
2192 5340 2416 5410 quidem
2443 5343 2609 5398 verba
2628 5347 2912 5403 notionem
2934 5350 3186 5406 eamdem
3215 5370 3230 5407 :
3258 5354 3357 5409 sed

1789 5445 1900 5485 non
1931 5433 2182 5488 eamdem
2219 5434 2426 5490 habent
2450 5436 2560 5491 vim
2586 5437 2940 5497 deductionis
2968 5452 3022 5497 et
3044 5445 3352 5513 relationis,

144 5529 267 5582 ριον,
297 5519 409 5572 ἀλλ’
444 5520 618 5583 ἄλλως
650 5520 750 5590 μὲν
782 5523 873 5573 ἐπὶ
901 5520 1060 5587 θεοῦ,
1083 5519 1259 5583 ἄλλως
1284 5521 1330 5572 δ’
1355 5521 1443 5574 ἐπ’
1467 5523 1681 5592 ἀνθρώ⁴

1806 5523 1882 5576 ίοιι
1913 5523 2021 5576 alio
2039 5525 2201 5578 modo
2223 5523 2292 5579 de
2326 5526 2464 5591 Deo,
2494 5528 2605 5584 alio
2627 5529 2696 5585 de
2723 5530 3044 5589 hominibus
3072 5536 3356 5605 accipiun-

146 5620 249 5661 πων
267 5614 369 5674 τοῖς
400 5612 576 5681 ὀρθῶς
600 5630 658 5666 τε
682 5617 777 5669 καὶ
810 5612 1055 5678 εὐσεϐῶς
1092 5612 1353 5684 φρονοῦσι
1373 5614 1683 5685 λαμϐάνον-

212 5780 282 5851 (i)
309 5783 671 5854 πολυφωνίαις
704 5782 829 5841 cod.

441 5881 709 5943 l’M‘ttoL.
755 5882 870 5943 Gtt.
916 5881 1190 5951 CXLIX.

1787 5627 1879 5672 tur
1906 5617 1978 5673 ab
2009 5616 2077 5672 iis
2120 5617 2218 5688 qui
2256 5627 2316 5675 ut
2343 5618 2532 5676 ﬁdeles
2581 5636 2647 5678 ac
2694 5625 2774 5695 pii
2826 5628 3089 5697 cogitant.
3140 5627 3356 5686 Rursus

2889 5867 3036 5958 '12
