3780 6554
463 397 564 462 367

1665 394 2088 457 NiCEPI—IORI
2123 395 2504 456 GREGORIE
3583 403 3658 464 368

471 514 921 570 demonstramus
947 529 1111 586 quam
1143 531 1173 572 e
1204 515 1328 570 luce
1355 513 1548 585 quain
1579 523 1766 569 monte
1821 509 2013 566 Thabo

2151 512 2184 581 ἡ
2223 510 2520 584 πρόφασις,
2555 509 2782 564 αὐτόθεν
2814 508 3138 581 αὐτομάτως
3197 509 3418 572 πάντως
3477 509 3662 584 ἑκάτερα

468 605 596 658 olim
637 607 848 662 circum
893 606 1108 662 Domini
1165 621 1374 677 corpus
1417 606 1715 676 apparuit,
1763 602 1926 674 [.15
1969 601 2015 655 dt

2143 599 2353 670 ἕψεται,
2377 599 2477 670 τῆς
2515 617 2576 652 τε
2620 599 2886 670 μέμψεως
2933 601 2966 670 ἠ
3011 601 3291 670 ἀπόφασις
3358 600 3456 655 καὶ
3499 601 3593 670 ἅμα
3637 609 3660 676 η

468 713 576 766 qua
608 699 778 752 etiam
814 713 1044 769 magnus
1093 699 1186 754 ille
1216 699 1502 770 theologus
1534 695 1830 766 Gregorius
1861 693 1998 748 dicit
2021 731 2036 757 ,

465 789 704 844 eluxisse
733 790 786 842 in
818 805 1052 860 corpore
1083 799 1140 846 et
1167 789 1428 846 deitatem
1468 785 1955 844 submanil‘estasse
1983 792 2040 839 et

469 882 740 935 revelasse
763 881 936 935 Deum
966 882 1020 936 in
1047 897 1216 938 carne
1239 881 1500 937 latentem
1525 897 1546 946 ;-
1563 890 1618 934 et
1643 878 1844 934 iterum
1873 889 2036 946 quam

466 972 602 1026 dicit
650 973 830 1028 lucem
862 973 918 1028 in
953 983 1139 1029 monte
1177 973 1440 1029 deitatem
1469 970 1648 1026 oculis
1673 967 2034 1025 clarissimam

465 1065 814 1132 prodentem,
844 1081 966 1134 quas
1000 1065 1131 1120 olim
1155 1065 1269 1122 visa
1293 1063 1364 1120 sit
1391 1061 1656 1134 apostolis
1683 1103 1698 1128 ,
1734 1074 1878 1116 nunc
1908 1075 2038 1114 vero

469 1157 537 1210 iis
565 1157 660 1224 qui
693 1157 968 1212 Palamam
999 1167 1328 1226 sequuntur,
1355 1165 1414 1211 et
1449 1163 1574 1210 ante
1607 1155 1706 1208 hos
1740 1151 1862 1206 aliis
1893 1166 2034 1221 pau-

464 1249 562 1302 cis.
595 1249 775 1314 Quare
806 1248 994 1304 dicere
1041 1249 1210 1313 licet,
1259 1248 1403 1302 hanc
1459 1243 1792 1302 invisibilem
1829 1241 2034 1296 essein

466 1343 595 1407 Deo,
630 1343 774 1396 illam
799 1340 1100 1406 visibilem,
1128 1341 1222 1396 sed
1261 1342 1597 1404 increatam;
1632 1337 1774 1392 hanc
1795 1335 2038 1406 imparti-

463 1433 794 1501 cipabilem,
859 1432 1007 1486 illam
1067 1431 1537 1502 participabilem;
1590 1429 1732 1483 hanc
1781 1427 2036 1496 superio-

466 1541 604 1592 rt-m,
643 1525 790 1578 illam
850 1525 1189 1580 inferiorem.
1230 1524 1483 1593 ineptum
1521 1522 1670 1576 enim
1701 1535 1822 1576 esse
1855 1518 2032 1585 dicit,

461 1619 687 1672 credere
723 1617 848 1672 coeli
890 1618 1116 1686 regione
1147 1615 1338 1672 relicta
1396 1622 1568 1670 totum
1605 1612 1742 1668 illud
1783 1609 2030 1666 divinum

464 1713 701 1776 terrenis
745 1710 902 1766 hisce
935 1708 1261 1764 hominibus
1297 1707 1527 1762 rudibus
1575 1707 1864 1759 [unanimam
1908 1718 2032 1773 par-

467 1814 574 1858 tem
604 1813 658 1857 et
703 1802 944 1857 sordidis
973 1809 1030 1856 et
1064 1799 1354 1855 maculatis
1387 1801 1674 1853 interesse.
1707 1795 1811 1862 Qui
1841 1795 1988 1848 enim
2012 1833 2029 1860 ,

2141 691 2238 746 τοῦ
2274 692 2729 763 ἀναθεματισμοῦ
2781 693 3155 764 ἀναχώρησις.
3205 693 3280 745 Οὐ
3333 692 3445 761 γὰρ
3491 694 3664 751 ἂλλοθεν

2141 787 2258 840 ἀλλ’
2291 789 2324 857 ἢ
2360 789 2422 840 ἐκ
2449 787 2546 840 τοῦ
2567 789 2624 840 ὲν
2647 787 2918 857 Θαὸωρίῳ
2957 786 3126 841 πάλαι
3163 784 3242 854 τῷ
3287 784 3414 851 ὄρει
3475 789 3584 857 περὶ
3621 791 3662 843 τὸ

2140 879 2235 934 τοῦ
2270 879 2479 946 Κυρίου
2514 879 2674 948 σῶμα
2699 878 2996 948 γενομένου
3055 895 3116 932 τε
3145 878 3242 929 καὶ
3297 876 3548 944 φανέντος
3582 897 3663 948 φω-

2139 969 2256 1032 τὸς,
2284 969 2414 1038 περὶ
2447 961 2508 1020 οὗ
2543 967 2634 1020 καὶ
2661 965 2752 1019 τὸν
2775 967 2835 1019 ἐν
2857 965 3114 1036 θεολογίᾳ
3170 966 3346 1035 μέγαν
3410 968 3664 1039 συνηνέχθη

2137 1059 2319 1127 λέγειν
2343 1059 2646 1130 Γρηγὸριον
2677 1057 2888 1128 λάμψαι
2931 1059 2998 1128 τῇ
3059 1059 3242 1128 μορφῇ
3299 1055 3399 1110 καὶ
3444 1055 3540 1127 τὴν
3579 1061 3665 1112 θεό-

2136 1168 2276 1221 τητα
2307 1150 2654 1220 παραδεῖξαι,
2687 1150 2790 1203 καὶ
2839 1149 3134 1218 γυμνῶσαι
3189 1149 3287 1200 τὸν
3335 1150 3392 1200 ὲν
3445 1151 3512 1218 τῇ
3543 1156 3665 1220 σαρκὶ

2137 1242 2541 1312 κρυπτόμενον.
2577 1243 2688 1295 Καὶ
2719 1242 2881 1294 πάλιν
2905 1257 2921 1274 ·
2943 1239 3007 1313 μ’.
3035 1239 3142 1294 2ὶ6
3161 1238 3218 1310 b]
3251 1259 3272 1292 ι
3303 1240 3425 1304 Φῶς
3461 1241 3664 1310 ήξπιρα-

2133 1333 2417 1404 δειχθεῖσα
2439 1334 2631 1404 θεότης
2653 1335 2748 1388 ἐπὶ
2784 1333 2880 1387 τοῦ
2914 1335 3073 1404 ὅρους
3113 1333 3314 1405 μικροῦ
3373 1335 3666 1404 στερροτέρα

2135 1429 2230 1480 καὶ
2254 1427 2432 1497 ὅψεως
2453 1443 2466 1457 ·
2496 1427 2523 1480 ὃ
2556 1427 2678 1479 τότε
2709 1427 2808 1497 μὲν
2841 1426 3062 1496 ἑωράθη
3093 1429 3208 1489 τοῖς
3237 1425 3570 1490 ἀποστόλοις.
3595 1427 3664 1480 νῦν

2133 1517 2192 1572 δὲ
2215 1521 2329 1582 τοῖς
2351 1515 2503 1588 ¹ἀμιιςὶ
2531 1517 2620 1572 τὸν
2653 1517 2922 1588 Παλαμᾶν
2955 1519 3062 1584 ἀεὶ,
3095 1519 3192 1571 καὶ
3247 1519 3354 1588 πρό
3405 1533 3470 1585 γε
3501 1518 3666 1572 τούτων

2135 1609 2318 1670 ἄλλοις
2354 1610 2456 1662 οὐκ
2489 1609 2720 1678 ὀλίγοις,
2755 1610 2829 1668 ὡς
2861 1609 3065 1674 ἐξεῖναι
3119 1611 3300 1676 λέγειν
3335 1609 3578 1664 ἐντεῦθεν
3622 1612 3665 1664 τὸ

2137 1701 2238 1773 μὲν
2265 1702 2499 1773 ἀόρατον
2530 1701 2625 1757 τοῦ
2670 1701 2830 1767 Θεοῦ,
2863 1703 2924 1756 τὺ
2975 1702 3020 1755 δ’
3051 1702 3248 1772 ὁρατὸν
3300 1703 3424 1771 μὲν,
3453 1702 3665 1757 autem

2133 1795 2212 1858 δὲ,
2247 1796 2339 1848 καὶ
2368 1795 2427 1846 τὸ
2459 1793 2562 1864 μὲν
2593 1794 2926 1862 ἀμέθεκτον,
2959 1793 3020 1847 τὸ
3073 1793 3128 1846 δὲ
3161 1793 3449 1863 μεθεκτδν,
3505 1795 3585 1847 καὶ
3621 1795 3664 1846 τδ

467 1896 670 1964 inquit,
705 1895 848 1948 Deus
892 1893 984 1947 ille
1023 1891 1300 1946 nominari
1355 1899 1533 1960 potest
1578 1901 1890 1956 supremus,
1932 1883 2015 1954 qui

2136 1888 2234 1958 μὲν
2263 1887 2681 1972 ὑπερκείμενον,
2709 1886 2770 1938 τὸ
2799 1885 2843 1938 δ’
2868 1885 3183 1954 ὑφειμένον.
3209 1885 3446 1938 ’Ἄτοπον
3479 1885 3576 1954 γὰρ
3597 1887 3664 1938 τὶν

463 1986 814 2042 descenderit
848 1984 975 2040 inde
1009 1994 1066 2038 et
1107 1983 1160 2036 in
1189 1992 1336 2036 terra
1378 1980 1696 2036 hominibus
1727 1980 1902 2048 iisque
1931 1977 2028 2029 lla-

463 2075 678 2146 giliosis
724 2074 986 2128 intersit?
1017 2074 1111 2128 Est
1148 2071 1318 2142 igitur
1350 2071 1594 2126 essentia
1625 2070 1744 2139 ejus
1777 2067 2032 2138 superior

459 2166 635 2218 dcitas
673 2164 916 2218 increata
947 2177 1166 2231 semper
1193 2162 1247 2216 in
1289 2159 1608 2216 caelestibus
1658 2157 1932 2218 thalamis,
1977 2163 2033 2210 et

459 2257 562 2310 hae
613 2256 680 2310 de
732 2269 898 2310 causa
955 2268 1174 2322 semper
1219 2251 1516 2306 invisibilis
1567 2257 1622 2304 et
1655 2247 2030 2319 imparticipa-

457 2347 584 2402 bilis
607 2385 623 2413 ,
656 2346 750 2401 sed
785 2354 987 2399 natura:
1033 2343 1196 2414 hujus
1242 2343 1530 2397 inferiores
1567 2341 1729 2394 varia:
1777 2337 2030 2393 essentia:

457 2449 588 2492 sunt
617 2438 851 2493 deitates
873 2477 888 2502 ,
919 2450 1092 2504 caque
1141 2435 1208 2489 de
1256 2449 1418 2489 causa
1455 2431 1834 2488 inessentiales
1867 2428 2028 2485 simul

455 2519 864 2598 participabiles
907 2539 959 2584 et
994 2526 1244 2582 visibiles
1271 2526 1451 2580 nobis.
1487 2543 1506 2575 ι

2126 1979 2384 2050 οὐράνιον
2413 1979 2590 2051 χῶρον
2629 1979 3010 2049 ἁπολιμπάνον
3032 1979 3154 2032 ὅλον
3185 1980 3445 2045 παρεῖναι
3467 1976 3528 2029 τὸ
3545 1977 3664 2030 Θείον

2127 2071 2240 2130 τοῖς
2271 2067 2536 2134 ἐπιγείοις
2580 2067 2815 2130 τούτοις,
2845 2061 2966 2119 οὖσι
3023 2068 3294 2137 ῥυπαροῖς
3345 2067 3408 2118 τὺ
3453 2065 3663 2120 πλεῖστον

2130 2161 2306 2212 εἰπεῖν
2333 2161 2428 2212 καὶ
2453 2158 2715 2213 δυσώδεσι
2746 2159 2838 2212 καὶ
2874 2158 3332 2228 μεμυλυσμένοις.
3364 2159 3438 2212 Ἢ
3485 2158 3589 2222 πῶς
3615 2161 3664 2213 ἂν

2131 2245 2354 2316 ὕψιστος
2385 2246 2597 2316 λέγοιτο
2645 2247 2776 2311 Θεὸς
2803 2248 3012 2302 κατιὼν
3045 2248 3257 2302 ἐκεῖθεν
3290 2250 3386 2303 καὶ
3415 2252 3532 2312 τοῖς
3573 2253 3664 2304 ἑπι-

2129 2339 2302 2408 γείοις
2349 2339 2446 2394 καὶ
2499 2340 2840 2412 ὲφαμάρτοις
2889 2340 3324 2412 συνδιατρίϐων;
3369 2342 3518 2394 Ἀλλ’
3552 2339 3664 2400 εἶναι

2130 2433 2230 2500 τὴν
2267 2433 2366 2502 μὲν
2411 2433 2600 2488 οὐσίαν
2633 2432 2799 2486 αὐτοῦ
2829 2432 3244 2504 ὑπερκειμένην
3277 2433 3512 2505 θεότητα
3547 2437 3666 2490 duti-

2129 2541 2274 2591 στον,
2295 2525 2384 2578 ἀεὶ
2409 2526 2522 2589 τοῖς
2537 2525 2810 2594 οὐρανίοις
2825 2525 3090 2592 θαλάμοις
3120 2525 3574 2597 ἐνδιατρίϐουσαν,
3595 2529 3664 2581 καί

451 2622 540 2677 διὰ
569 2621 732 2674 τοῦτο
759 2622 1028 2691 μένουσαν
1049 2621 1284 2689 ἀόρατον
1315 2619 1491 2686 πάντη
1525 2615 1618 2669 καὶ
1667 2615 1975 2684 ἀμέθεκτον
2005 2627 2019 2644 ⁶
2059 2615 2159 2680 τὰς
2189 2617 2246 2670 δὲ
2281 2617 2567 2688 ἐνεργείας
2633 2617 2804 2688 αὐτῆς
2865 2617 3170 2689 ὕφειμένας
3205 2617 3488 2687 θεότητας,
3517 2619 3664 2690 διαφι-

455 2739 578 2791 ρους
605 2721 705 2787 τῆς
737 2718 945 2780 οὐσίας,
975 2717 1068 2768 καὶ
1095 2715 1184 2768 διὰ.
1212 2713 1356 2766 τοῦτ’
1397 2711 1677 2774 ἀνουσίους
1742 2711 1836 2764 καὶ
1885 2711 2003 2780 ἅμα
2044 2710 2316 2781 μεθεκτὰς
2344 2715 2438 2770 καὶ
2474 2713 2677 2785 ὁρατὰς
2706 2715 2861 2785 ἡμῖν.
2899 2734 2918 2768 ι

433 2825 436 2828 ‘
523 2813 659 2867 Vlll.
683 2811 759 2865 Ad
793 2811 908 2865 haec
927 2808 1218 2879 Gregoras,
1246 2827 1262 2858 ι
1290 2806 1594 2871 Quomodo,
1615 2805 1813 2874 inquit,
1836 2804 2032 2859 melius

452 2910 576 2977 quis
613 2907 972 2960 convincatur
1011 2918 1068 2956 se
1097 2915 1221 2954 cum
1259 2908 1433 2954 semet
1485 2903 1602 2968 ipso
1641 2912 1858 2967 unaque
1889 2911 2013 2950 cum

2210 2807 2294 2861 H'.
2337 2807 2482 2878 Πρδς
2511 2807 2683 2861 ταῦτα
2720 2810 2748 2861 ό
2779 2809 3085 2880 Γρηγορᾶς,
3129 2827 3148 2862 ι
3185 2811 3295 2865 Καὶ
3321 2812 3438 2876 πῶς
3471 2813 3533 2866 ἄν
3549 2825 3658 2880 sig,»

2123 2901 2312 2970 φησὶν,
2350 2917 2369 2951 ι
2403 2901 2689 2972 ἐλεγχθείη
2745 2902 2948 2972 μᾶλλον
3001 2905 3098 2957 καὶ
3153 2904 3332 2975 ἑαυτῷ
3389 2907 3661 2976 μαχόμενος

449 3001 652 3054 deitate
693 2997 968 3067 pugnare?
1003 3005 1061 3049 ut
1089 2993 1334 3063 ejusdem
1365 2991 1608 3061 Gregorii
1650 2991 1718 3045 de
1757 2989 1861 3042 huc
1897 3003 2015 3042 vor-

2126 2991 2222 3044 καὶ
2251 2994 2317 3064 τῇ
2348 2991 2596 3063 Osci-rust;
2631 2993 2718 3047 ἴνα
2737 2996 2851 3058 τοῖς
2877 2995 3046 3050 αὑτοῦ
3081 2996 3389 3068 Γρηγορίου
3420 3001 3544 3068 περὶ
3585 3000 3664 3052 αὺ-

437 3093 534 3146 ·1›ἱδ
563 3099 704 3144 utar.
738 3089 872 3143 Nam
901 3087 948 3143 si
991 3088 1136 3156 quis,
1177 3099 1300 3154 qua:
1335 3083 1498 3136 modo
1531 3083 1881 3136 fundamenta
1913 3077 2015 3133 sibi

2126 3084 2218 3138 τοῦ
2253 3085 2426 3154 λέγων
2453 3089 2772 3158 χρήσωμαι.
2815 3089 2879 3141 El
2905 3089 3016 3159 γὰρ
3041 3090 3184 3160 ἅπερ
3231 3090 3398 3154 αὐτὸς
3431 3091 3661 3162 θεμελίων

447 3177 1215 3252 posuitElecmmuunibus
1243 3185 1298 3228 et
1324 3176 1427 3244 piis
1461 3175 1709 3228 l-lct-lesize
1733 3169 2015 3242 praeceptis

2126 3177 2370 3248 ὑπέθηκε
2405 3180 2631 3250 τρόπον,
2651 3183 2772 3244 ταῖς
2805 3184 3015 3242 κοιναῖς
3039 3185 3134 3236 καὶ
3161 3184 3415 3238 εὐσεϐέσι
3439 3186 3538 3254 τῆς
3565 3185 3665 3238 Ἐκ-

447 3273 683 3338 inuisus,
713 3273 828 3325 hinc
859 3268 1022 3339 paulo
1056 3279 1178 3337 post
1215 3277 1462 3338 tunporc
1499 3263 1655 3333 quasi
1699 3261 2015 3331 paenitentia

2126 3265 2354 3335 κλησίας
2381 3267 2616 3332 ἐννοίαις
2671 3269 2962 3338 ἑπόμενος,
3022 3269 3178 3322 ταῦθ’
3209 3269 3401 3340 ὥσπερ
3435 3274 3494 3325 ἐν
3525 3291 3664 3342 μετα-

445 3374 756 3420 commotus
812 3362 928 3431 ipse
972 3359 1198 3414 sulIodit
1227 3367 1283 3412 et
1312 3357 1492 3410 aufert
1530 3375 1543 3410 :
1577 3369 1760 3408 nonne
1814 3353 2019 3422 prince-

445 3467 662 3524 ptorum
695 3455 1016 3508 violatorem
1070 3465 1129 3506 se
1163 3450 1366 3514 reddit,
1399 3457 1458 3503 ut
1489 3457 1711 3502 sanctus
1741 3445 2021 3516 apostolus

445 3548 614 3610 dicit,
660 3561 878 3615 unaque
913 3545 1006 3616 qui
1043 3551 1216 3598 semet
1249 3543 1426 3612 ipsum
1457 3552 1512 3595 et
1541 3540 1799 3594 deitatem
1842 3538 2018 3606 impu-

445 3637 614 3710 gnet?
655 3637 958 3690 Allirmavit
1001 3635 1146 3688 enim
1203 3635 1318 3703 ipse
1367 3635 1421 3688 in
1463 3631 1768 3702 prommiis,
1816 3629 2020 3683 docens

447 3733 628 3786 lucem
657 3743 820 3782 unam
881 3726 1317 3782 inaccessibilcm
1369 3735 1492 3780 esse
1547 3739 1710 3778 unam
1742 3722 1887 3776 illam
1933 3722 2018 3775 in-

444 3833 684 3879 creatam
747 3822 920 3876 beata:
947 3819 1235 3874 Trinitatis
1277 3817 1576 3872 essentiam
1625 3827 1682 3870 et
1715 3815 2014 3878 deitatem;

443 3925 498 3973 et
527 3915 656 3986 quia
693 3911 1127 3968 inacccssibilem
1168 3909 1306 3964 dixit
1340 3919 1398 3964 et
1433 3908 1762 3962 invisibilem
1789 3945 1802 3970 ,
1833 3903 2015 3960 deela-

443 4005 584 4060 ravit
621 4004 788 4060 etiam
838 4001 1012 4055 multo
1051 4002 1488 4070 praestantiorem
1519 4013 1533 4064 ;
1579 4012 1702 4067 quae
1736 4009 1866 4050 vero
1891 3993 2014 4048 luce

441 4101 545 4155 hac
577 4097 840 4153 inferiora
875 4095 1107 4159 lumina,
1133 4109 1253 4150 esse
1284 4101 1495 4147 creata.
1523 4090 1664 4146 Sunt
1693 4099 1876 4144 autem
1901 4088 2014 4142 haec

441 4193 548 4247 alia
577 4192 870 4249 innumera
905 4197 963 4242 et
985 4195 1259 4256 quotquot
1290 4183 1380 4238 ille
1423 4184 1539 4252 ipse
1571 4183 1764 4248 eodem
1794 4179 2012 4234 nomine

449 4283 752 4339 secundum
785 4280 922 4333 lucis
963 4283 1016 4332 in
1049 4276 1302 4345 pluribus
1335 4273 1828 4328 tnanil‘estationem
1860 4285 2012 4324 cum-

2126 3359 2274 3428 μέλῳ
2301 3361 2597 3429 γενόμενος
2627 3359 2858 3431 γνώμης
2889 3361 3163 3429 διορύττει
3191 3365 3285 3416 καὶ
3315 3366 3549 3434 ἀναιρεῖ,
3567 3365 3664 3428 πῶς

2121 3445 2182 3498 οὐ
2202 3446 2528 3516 παρασάτην
2555 3447 2749 3502 ἑαυτὸν
2773 3449 3042 3512 δείκνυσι,
3096 3453 3238 3504 κατὰ
3277 3452 3370 3506 τὸν
3403 3453 3542 3506 θεϊον
3581 3455 3666 3522 φά-

2121 3553 2209 3590 ναι
2274 3538 2594 3607 ἀπόστολον,
2645 3541 2742 3594 καὶ
2803 3541 2921 3610 ἅμα
2975 3543 3156 3612 ἑαυτῷ
3225 3545 3538 3614 μαχόμενον
3589 3546 3666 3599 καὶ

2121 3628 2374 3700 θεότητις
2402 3629 2683 3684 Δέδεικται
2713 3631 2822 3701 γὰρ
2871 3633 3035 3698 αὐτὸς
3087 3635 3144 3686 ἐν
3178 3637 3491 3706 προοιμίοις
3545 3637 3666 3691 διδά-

2122 3737 2271 3774 σκων
2303 3723 2448 3793 ἡμᾶς
2486 3722 2602 3791 φῶς
2633 3722 2694 3777 ἓν
2725 3725 3022 3795 ἀπρόσιτον
3053 3722 3196 3780 εἶναι
3225 3730 3327 3797 τὴν
3353 3731 3516 3800 μόνην
3543 3731 3664 3784 ἐκεί-

2119 3829 2217 3882 νην
2245 3811 2504 3867 ἄκτιστον
2534 3815 2634 3882 τῆς
2663 3818 2942 3886 μακαρίας
2973 3819 3206 3888 Τριάδος
3251 3822 3446 3876 οὐσίαν
3479 3841 3536 3876 τε
3587 3827 3662 3877 καὶ

2120 3904 2368 3974 θεότητα.
2412 3905 2733 3977 Ἀπρόσιτον
2763 3907 2807 3960 δ’
2835 3909 3006 3963 εἰπὼν
3055 3914 3146 3966 καὶ
3193 3913 3430 3980 ἀόρατον
3457 3915 3663 3986 δεδήλω-

2117 4013 2212 4049 κεν
2236 3992 2376 4050 εἷναι
2415 3999 2556 4066 μετὰ
2590 3998 2787 4051 πολλοῦ
2826 4001 2920 4053 τοῦ
2975 4003 3282 4071 κρείττονος
3311 4021 3328 4036 ο
3361 4006 3428 4060 τὰ
3479 4009 3535 4060 δὲ
3563 4011 3662 4078 μετ’

2117 4089 2249 4141 αὐτὸ
2273 4091 2451 4141 πάντα
2476 4089 2630 4158 φῶτα
2666 4092 2882 4145 κτιστά.
2919 4088 3042 4145 Εἶεν
3066 4093 3112 4146 δ’
3147 4094 3215 4149 ἂν
3237 4096 3376 4150 ἄλλα
3403 4116 3458 4151 τε
3487 4099 3659 4168 μυρία,

2115 4185 2212 4237 καὶ
2243 4185 2344 4238 ὅσα
2383 4183 2586 4255 μᾶλλον
2614 4183 2776 4247 αὐτὸς
2799 4185 2900 4256 τὴν
2928 4188 3221 4258 ὁμώνυμον
3245 4190 3432 4261 φωνὴν
3457 4193 3544 4245 τοῦ
3568 4209 3664 4259 φω-

2113 4278 2204 4339 τὸς
2237 4277 2381 4329 κατὰ
2404 4277 2502 4346 τὴν
2526 4278 2606 4339 είς
2653 4277 2824 4330 πλείω
2875 4281 3255 4350 σημαινόμενα
3317 4285 3662 4354 ποιησάμενος

448 4383 710 4430 memorat
739 4373 794 4426 in
824 4371 964 4424 libro
989 4369 1057 4422 de
1083 4365 1580 4436 haptismaleﬂuid
1605 4363 1805 4433 igitur?
1833 4375 2012 4414 nonne

2126 4365 2336 4418 ἔκτασιν
2362 4369 2418 4418 ἐν
2457 4365 2534 4436 τῷ
2563 4367 2692 4436 περὶ
2725 4367 3104 4438 βαπτίσματος
3139 4370 3356 4435 ἐξέθετο
3413 4375 3572 4442 λόγῳ.
3601 4375 3661 4426 05

449 4479 676 4534 magnus
709 4463 798 4516 hic
853 4467 1152 4532 pra-ceptor
1197 4466 1371 4512 semet
1421 4457 1596 4525 ipsum
1648 4467 1704 4508 ct
1753 4454 2009 4508 deitatem

2126 4459 2298 4510 τοίνυν
2365 4429 2566 4526 tatu-tt}.
2709 4429 2814 4510 2-27
2849 4457 2906 4531 α]
2933 4429 3270 4531 ’μαχόμενος
3327 4465 3424 4517 καὶ
3470 4429 3662 4534 θεότητι

433 4560 760 4627 -'impuguare
789 4553 1042 4607 videtur?
1076 4551 1276 4619 Apage,
1323 4551 1436 4601 hinc
1473 4547 1706 4601 amentis
1747 4545 2010 4599 doctrina:

2126 4549 2350 4618 φαίνοιτ’
2391 4549 2460 4602 ἂν
2509 4551 2537 4602 ὁ
2594 4551 2767 4620 μέγας
2817 4546 2973 4615 οὗτος
3028 4554 3398 4621 διδάσκαλος;
3446 4558 3660 4623 Ἄπαγε.

416 4634 720 4715 ’.δι’ὶὶηιζυῖρ
749 4655 968 4716 peccata
1003 4643 1058 4697 in
1087 4641 1352 4710 Spiritum
1391 4639 1636 4693 divinum
1664 4676 1680 4702 ,
1733 4636 1920 4692 dolose
1949 4637 2004 4689 in

440 4743 625 4798 verbis
668 4737 992 4810 quibusdam
1047 4733 1293 4805 pulchris
1347 4730 1650 4786 recondita.
1699 4729 1832 4783 Nam
1880 4744 2003 4782 cum

441 4835 608 4891 multa
643 4834 732 4886 hic
758 4838 1046 4886 enunieret
1078 4827 1286 4882 lumina
1320 4835 1376 4878 et
1419 4823 1612 4877 horum
1647 4837 1814 4876 unum
1859 4821 2004 4875 dicat

439 4927 572 4982 illud
610 4941 720 4996 quo
771 4925 1032 4978 deitatem
1073 4919 1234 4974 nobis
1289 4933 1399 4971 non
1437 4919 1608 4985 ipsam
1641 4915 1999 4978 manifestari,

437 5020 534 5074 sed
575 5029 783 5071 tantum
816 5011 1263 5070 submanil‘estnri
1308 5027 1323 5063 :
1362 5011 1476 5079 ipsa
1523 5009 1638 5062 hate
1671 5007 1765 5060 sub
1797 5020 2006 5076 praepo-

439 5112 566 5166 sitio
603 5109 967 5163 temeritatem
1000 5113 1221 5159 coercet
1248 5117 1440 5156 eorum
1473 5103 1565 5171 qui
1603 5111 1708 5154 tam
1733 5099 1895 5152 stulte
1927 5095 2004 5148 ui-

437 5203 562 5257 vina
597 5201 788 5254 ludere
835 5199 1101 5262 student,
1141 5205 1201 5250 ut
1249 5211 1278 5248 a
1323 5195 1482 5249 nobis
1530 5194 1581 5246 in
1631 5191 1756 5245 aliis
1816 5191 2002 5246 multis

437 5295 647 5350 dictum
680 5302 787 5358 est,
814 5301 869 5348 et
900 5307 1021 5345 cum
1053 5290 1326 5360 progressi
1359 5289 1567 5342 erimus
1593 5287 1713 5340 loco
1757 5301 1856 5339 suo
1889 5285 2003 5354 pla-

437 5387 564 5442 nius
596 5394 924 5456 exponetur.
955 5383 1206 5437 Breviter
1229 5397 1374 5436 nunc
1403 5381 1549 5434 dicat
1577 5380 2003 5448 Chrysostomus

437 5489 624 5536 noster
649 5478 886 5533 Joannes
921 5495 933 5530 :
969 5495 986 5526 ι
1030 5475 1203 5542 Saepe,
1245 5473 1406 5543 417
1447 5471 1649 5541 inquit,
1684 5471 1888 5524 dictum
1917 5481 2002 5524 est

436 5571 680 5639 divinam
707 5579 958 5626 naturam
995 5584 1099 5622 non
1130 5566 1306 5636 qualis
1338 5579 1524 5616 revera
1557 5564 1626 5616 sit
1655 5561 1818 5616 nobis
1839 5576 2001 5631 aper-

437 5673 544 5716 tam
576 5664 716 5727 ﬁeri,
749 5663 842 5717 sed
873 5661 1049 5730 qualis
1074 5658 1248 5712 oculis
1270 5655 1352 5710 vel
1375 5653 1600 5710 auribus
1619 5661 1829 5707 natura:
1861 5667 2002 5708 mov-

2113 4641 2650 4710 Μαινομένηςταυτὶ
2676 4643 2914 4708 διανοίας
2965 4648 3061 4698 καὶ
3117 4647 3370 4719 γλώττης
3415 4651 3515 4702 elei
3569 4666 3662 4699 πα-

2119 4735 2442 4803 ρευρήματα
2480 4733 2621 4788 κατὰ
2649 4735 2745 4788 τοῦ
2777 4735 2960 4810 ᾁγίου,
2991 4739 3150 4808 qam
3195 4741 3664 4810 χρηστοτέροιςδο-

2113 4826 2290 4895 λερῶς
2321 4827 2701 4896 κρυπτόμενα.
2765 4827 2942 4882 Πολλὰ
2971 4833 3080 4898 γὰρ
3105 4830 3316 4894 ἐκεῖνος
3368 4831 3662 4900 ἀπαριθμη-

2113 4913 2346 4982 σάμενος
2379 4915 2634 4983 λέγεσθαι
2673 4917 2851 4984 φῶτα,
2885 4915 2944 4968 ἓν
2963 4919 3071 4970 τῶν
3093 4919 3304 4971 πολλῶν
3339 4917 3473 4972 εἶναι
3529 4919 3661 4985 λέγει

2112 5011 2337 5061 κάκεῖνο
2369 5009 2428 5062 τὸ
2459 5009 2595 5076 φῶς,
2644 5011 2703 5062 ὲν
2739 5005 2783 5078 ᾧ
2837 5011 2913 5082 μὴ
2967 5011 3233 5082 δεδεῖχθαί
3293 5031 3472 5084 φησιν,
3535 5013 3662 5066 ἀλλὰ

2115 5101 2534 5172 παραδεδεῖχθαι
2571 5103 2881 5172 τηνικαῦτα
2911 5104 3009 5174 τὴν
3059 5105 3314 5176 θεότητα,
3371 5109 3462 5176 τῆς
3513 5105 3662 5174 παρὰ

2113 5193 2424 5263 προθέσεως
2449 5194 2782 5267 κολαζούσης
2797 5197 2858 5249 τὸ
2874 5195 3103 5260 αὕθαδες
3118 5199 3224 5250 τῶν
3245 5181 3538 5261 ἀτόπωςτὰ
3551 5199 3660 5250 θεῖα

2114 5283 2446 5352 βωμολοχεῖν
2469 5282 2842 5353 ὡρμημένων,
2863 5285 2938 5348 ὡς
2958 5288 3198 5356 καὶὴμῖν
3235 5289 3292 5340 ὲν
3315 5287 3486 5350 ἄλλοις
3509 5287 3658 5356 sign?

2111 5375 2197 5428 ταί
2231 5392 2285 5427 τε
2311 5377 2400 5426 καὶ
2435 5374 2502 5427 αὖ
2527 5375 2781 5445 προϊοῦσι
2828 5379 3154 5447 τρανότερον
3201 5379 3476 5449 είρὴσεται
3527 5377 3658 5430 κατά

2110 5467 2794 5539 χώραν.Παρίτωδ⁹ὅμως
2839 5471 2900 5523 ἐν
2949 5470 3142 5542 βραχεῖ
3185 5475 3213 5524 ό
3259 5473 3658 5542 Χρυσορρήμων

2111 5561 2244 5631 ἡμῖν
2267 5563 2577 5630 συμμαχῶν
2599 5562 2882 5632 Ἰωάννης,
2909 5563 3157 5633 Εἴρηται,
3177 5564 3349 5631 λέγων
3369 5566 3440 5634 (l;
3469 5564 3658 5616 πολλά-

2110 5671 2196 5715 κις
2230 5651 2302 5713 ὡς
2339 5655 2371 5721 ἠ
2400 5653 2516 5704 θεία
2548 5653 2710 5722 φύσις
2756 5655 2814 5704 οὐ
2851 5655 3095 5721 φαίνεται
3147 5657 3221 5718 ὡς
3258 5655 3415 5718 ἔστιν,
3453 5655 3658 5715 ἀλλ’ὡς

505 5849 582 5920 (l)
615 5849 712 5900 ’.Εκ
743 5845 832 5900 τοῦ
863 5845 952 5910 Εἰς
978 5845 1039 5900 τὸ
1065 5845 1414 5916 Εὐαγγέλιον,
1449 5847 1543 5900 καὶ
1571 5845 1712 5908 τίνος
1735 5843 1895 5915 χάριν
1915 5842 1976 5899 ὲν
2005 5843 2070 5914 τῇ
2090 5839 2219 5912 ἁγίᾳ
2257 5841 2600 5915 Πεντηκοστῇ
2633 5839 2761 5913 ἦλθε
2789 5842 2850 5896 τὸ
2881 5843 3103 5915 Πνεῦμα
3131 5841 3193 5896 τὸ
3219 5842 3384 5910 ἅγιον.
