3840 6618
183 472 303 532 3ῡ9

1106 471 1549 533 BYZANTINIE
1586 470 1971 533 HlSI'ORi/E
1997 468 2158 550 LIB.
2200 465 2482 529 XXXIII.

3329 466 3435 527 3'70

183 586 283 636 ἐπι
292 585 494 655 μετρεῖ
506 585 573 654 τῇ
596 582 718 652 ὄψει
746 583 781 656 ἢ
807 585 871 655 τῇ
901 583 1037 654 ἀκοῇ
1060 584 1160 646 τῆς
1185 583 1387 655 θνητῆς
1410 586 1645 654 φύσεως·
1675 588 1771 638 καὶ

1878 584 2006 640 talis
2033 592 2314 653 appareat.
2361 579 2429 635 Et
2468 594 2536 633 ne
2583 577 2972 634 scandalizeris
3001 579 3146 647 quod
3175 578 3356 639 divina
3380 591 3438 632 et

183 676 279 728 ῖιοι
322 676 405 747 μὴ
436 677 516 739 εἰς
564 676 723 747 ὕϐριν
760 675 1000 747 ὲκλάϐῃς
1044 677 1105 729 τδ
1140 676 1239 746 τὴν
1278 674 1444 745 ἁγίαν
1474 676 1569 730 καὶ
1597 693 1768 746 προσ-

189 767 442 839 ιυνητὴν
490 767 656 837 φύσιν
701 767 872 839 πυρὸς
926 767 1049 837 ὄψει
1114 767 1381 837 φανῆναι,
1425 784 1444 818 ι
1485 765 1768 836 Ὠφθησαν

184 859 326 928 γὰρ,
374 864 510 928 φησι
532 900 548 925 ,
579 858 1028 930 διαμεριζόμεναι
1057 858 1300 926 γλῶσσαι
1343 858 1475 911 ώσεὶ
1523 858 1713 930 πυρὸς,
1742 876 1760 910 ι

183 948 497 1019 ἐρμηνεύει
524 950 593 1003 τὰ
619 949 716 1002 νέοι
746 949 814 1002 τά
837 949 926 1003 διὰ
961 949 1244 1012 Μωῦσέως
1277 947 1449 1002 πάλαι
1473 948 1766 1017 γενόμενα.

184 1042 363 1110 Λέγει
394 1046 506 1113 γὰρ
545 1042 813 1113 Μωῦσῆς,
851 1062 872 1097 ι
918 1044 1028 1098 Καὶ
1084 1039 1155 1115 ἦν
1203 1043 1265 1097 τὸ
1315 1039 1455 1106 εἶδος
1499 1042 1593 1097 τοῦ
1632 1041 1770 1097 Θεοῦ

194 1134 427 1206 Ἰσραὴλ
457 1137 513 1189 ἐν
542 1135 621 1204 τῷ
646 1134 764 1203 ὄρει
802 1135 935 1189 Σινᾶ
956 1134 1032 1199 ὡς
1061 1133 1173 1206 πῦρ
1211 1136 1529 1205 καιόμενον.
1560 1155 1580 1188 ι
1625 1133 1767 1188 Ἀλλ’

181 1227 320 1294 δρα,
372 1229 548 1298 φησὶ,
610 1226 706 1279 καὶ
760 1228 864 1296 τὴν
898 1226 1045 1291 λέξιν
1093 1222 1312 1296 ὲκέίνην
1366 1227 1769 1295 ’συμφωνοῦσαν

181 1317 370 1392 ταύτῃ
397 1323 468 1390 τῇ
503 1319 700 1390 νέᾳ.θοῦ
732 1320 841 1387 γάρ
878 1313 1003 1373 εἷπε
1053 1319 1199 1390 πῦρ,
1222 1319 1340 1374 ἀλλ’
1373 1319 1449 1383 ὡς
1484 1319 1617 1391 πῦρ.
1658 1318 1769 1381 Καὶ

180 1409 728 1482 ἐνταῦθα’ῶφθησαν
762 1409 1010 1480 γλῶσσαι
1032 1409 1166 1464 ώσεὶ
1198 1408 1423 1481 πυρός.ι
1455 1410 1567 1464 Καὶ
1595 1408 1771 1464 ταῦτα

184 1500 293 1569 μιν
359 1501 390 1554 δ
454 1502 882 1574 Χρυσορρήμων
936 1503 1000 1559 ὲκ
1063 1486 1277 1556 πολλῶν
1339 1502 1768 1575 ἀπολεξαμένοις

182 1593 325 1659 ἡμῖν
349 1591 517 1660 ὀλίγα
541 1593 818 1660 διέξεισιν·
846 1594 1013 1664 ὁρᾶτε
1044 1593 1099 1647 δὲ
1137 1594 1254 1658 πῶς
1281 1595 1545 1665 βραχείας
1573 1595 1771 1660 λέξεως

181 1685 492 1754 προσθήκη
524 1685 585 1738 τὸ
627 1684 859 1749 αὔθαδες
905 1685 1001 1739 καὶ
1034 1686 1310 1757 τολμηρὸν
1349 1686 1647 1757 θεραπεύει
1670 1687 1770 1759 τῆς

181 1775 433 1839 ἐννοίας,
472 1779 566 1829 καὶ
584 1777 906 1830 ἀναστέλλει
936 1778 996 1831 τὸ
1018 1779 1379 1849 ἀχαλίνωτον,
1406 1780 1459 1832 εί
1482 1797 1628 1844 τινες
1656 1775 1770 1835 εἷεν

1869 678 2144 733 adoranda
2168 686 2362 730 natura
2386 665 2527 744 ignis
2547 672 2727 744 specie
2748 674 2860 727 visa
2892 673 2984 738 sit;
3006 686 3125 726 nam
3150 691 3166 722 ι
3193 671 3437 741 Linguae.

1872 782 1929 827 ut
1954 771 2207 842 legimus,
2226 770 2483 836 dispersae
2515 780 2771 836 tanquam
2796 766 2966 836 igneae
2993 762 3384 835 apparuerunt,
3415 785 3433 817 ι

1868 865 2209 934 explicantur
2257 862 2370 918 haec
2406 860 2542 916 Novi
2596 858 2928 914 Testamenti
2975 859 3138 913 verba
3190 858 3276 910 his
3318 874 3439 926 quae

1871 958 2047 1013 Moses
2067 956 2233 1012 tradit
2249 972 2294 1010 ιι
2316 956 2375 1010 Et
2393 953 2678 1008 videbatur
2697 951 2870 1007 forma
2890 951 2982 1005 Dei
2999 951 3162 1004 Israel
3182 951 3234 1003 in
3255 961 3440 1011 monte,

1870 1049 2021 1106 Sinai
2061 1059 2318 1119 tanquam
2371 1047 2512 1117 ignis
2559 1045 2813 1109 ﬂagrans.
2860 1063 2879 1096 ι
2915 1044 3052 1098 Vide
3092 1053 3274 1096 autem
3319 1043 3434 1097 [nec

1870 1139 2033 1194 verba
2076 1136 2366 1211 quomodo
2424 1150 2551 1190 cum
2605 1134 2757 1189 Novo
2812 1132 3166 1187 Testamento
3199 1146 3433 1186 consen-

1872 1230 2026 1286 tiant.
2046 1229 2180 1284 Nam
2211 1244 2321 1283 non
2351 1247 2369 1279 ι
2411 1228 2589 1299 ignem
2625 1245 2643 1278 ι
2678 1225 2767 1281 hic
2808 1224 2963 1289 dicit,
2994 1223 3091 1279 sed
3126 1243 3144 1275 ι
3182 1233 3437 1292 tauquam

1872 1321 2087 1393 ignem;
2140 1340 2159 1374 ι
2205 1322 2444 1390 itemque
2483 1319 2683 1390 linguae
2730 1317 3063 1372 videbantur
3117 1336 3136 1367 ι
3182 1327 3438 1403 tanquam

1871 1413 2066 1484 igneae.
2108 1431 2127 1465 ι
2160 1410 2287 1467 Haec
2342 1411 2508 1480 igitur
2563 1425 2686 1480 quae
2736 1425 2800 1464 ex
2855 1408 2981 1464 aliis
3036 1408 3220 1464 multis
3266 1423 3441 1478 pauca

1871 1505 2009 1575 elegi
2043 1503 2180 1559 dicit
2216 1503 2661 1575 Chryso'stomus.
2688 1502 2971 1559 Videtisne
3001 1516 3131 1572 ergo
3161 1498 3440 1571 quomodo

1872 1596 2039 1652 breve
2070 1597 2234 1650 etiam
2267 1594 2575 1649 verborum
2602 1593 3036 1648 additamentum
3072 1591 3438 1647 temeritatem

1871 1696 1927 1743 et
1952 1686 2233 1741 licentiam
2265 1684 2464 1739 mentis
2488 1684 2737 1752 castiget,
2769 1692 2825 1736 et
2867 1681 3043 1737 frenet
3068 1681 3436 1741 insolentiam.

1873 1778 1917 1833 si
1956 1779 2092 1832 fines
2138 1775 2363 1847 quidam
2415 1757 2691 1830 transilire
2724 1782 2950 1843 pr0pter
2989 1772 3350 1842 ignorantiam
3385 1780 3442 1826 et

183 1869 333 1938 ὑπὲρ
372 1869 443 1921 τά
476 1870 801 1940 ἐσκαμμένα
855 1870 1033 1941 πηδᾷν
1062 1871 1383 1941 ὡρμημένοι
1431 1872 1498 1926 δι’
1530 1873 1772 1942 ἀμαθίαν

1874 1884 2096 1939 pravam
2127 1869 2377 1924 certandi
2406 1867 2687 1923 libidinem
2737 1866 3041 1923 studeant?
3071 1864 3205 1920 Nam
3231 1863 3443 1935 adjecta

183 1958 216 2028 ἦ
244 1958 563 2021 δυστοπίαν
593 1959 989 2030 κακοδαίμονος
1046 1962 1293 2033 γνώμης.
1331 1963 1625 2017 Κάνταῦθα
1656 1981 1772 2017 τοι·

1875 1959 1968 2014 illa
1998 1960 2093 2016 sub
2125 1959 2543 2032 pra'positione,
2581 1959 2902 2029 gravissima
2952 1966 3071 2012 orta
3109 1965 3196 2012 cst
3230 1956 3445 2024 inepto-

182 2047 407 2116 γαροῦν
439 2051 538 2120 τῆς
560 2050 721 2118 παρὰ
744 2051 1055 2122 προθέσεως
1089 2053 1506 2123 προστεθείσης,
1537 2054 1770 2125 μεγίστη

1875 2066 1995 2105 rum
2052 2060 2498 2122 argumentorum
2537 2050 2859 2120 publicatio,
2910 2057 2967 2105 et
3016 2046 3443 2125 breve\addita-

183 2137 389 2204 γέγονε
435 2139 532 2191 καὶ
569 2140 680 2194 τῶν
730 2140 948 2194 ἀτόπων
984 2142 1205 2195 ἐννοιῶν
1245 2141 1497 2212 συστολὴ,
1546 2144 1640 2197 καὶ⁵
1681 2144 1772 2197 διά

1873 2150 2117 2198 mentum
2154 2142 2288 2197 illud
2304 2142 2370 2211 ad
2395 2157 2577 2197 veram
2611 2142 2937 2197 sententiam
2972 2138 3355 2194 declarandam
3382 2146 3442 2190 et

180 2227 285 2296 τῆς
329 2227 599 2299 βραχείας
660 2234 894 2303 ταυτησὶ
952 2232 1275 2304 προσθήκης
1329 2232 1594 2305 μεγίστην
1644 2235 1769 2307 ἔσχε

1873 2232 2301 2288 confirmandam
2347 2234 2546 2289 summi
2594 2232 2857 2287 momenti
2909 2242 3028 2297 est;
3084 2248 3195 2300 quo
3238 2245 3437 2299 nempe

186 2321 373 2391 ῥοπὴν
409 2324 446 2393 ἡ
497 2323 599 2392 τῆς
643 2322 879 2393 ἀληθοῦς
940 2325 1152 2387 ἑννοίας
1211 2325 1437 2393 ἔνδειξις
1484 2327 1622 2396 ὁμοῦ
1674 2330 1771 2381 καὶ

1874 2320 2167 2376 manifesto
2216 2336 2355 2374 vana
2410 2322 2750 2376 concertatio
2807 2336 3054 2391 repressa
3115 2330 3201 2374 est
3247 2335 3439 2374 eorum

183 2412 475 2478 εὐγένεια,
521 2415 836 2485 περιφανῶς
876 2416 1258 2487 ἀνατρέπουσα
1301 2417 1405 2488 τὴν
1452 2418 1772 2487 πολύγλωσ-

1873 2414 2076 2484 quibus
2105 2429 2213 2468 non
2244 2413 2423 2483 pudor
2447 2422 2531 2468 est
2560 2410 2750 2469 divina
2785 2415 3120 2484 turpissimis
3154 2415 3444 2470 sententiis

183 2517 281 2554 σον
335 2504 553 2573 ἀωρίαν
594 2501 675 2569 οἷς
713 2506 813 2559 οὐκ
857 2506 1020 2571 αίδὼς
1061 2508 1128 2562 τά
1162 2507 1280 2562 θεῖα
1321 2508 1772 2581 βοσκηματώδεσι

1873 2505 2186 2577 profanare.
2215 2504 2323 2559 Sed
2348 2505 2515 2561 liccat
2550 2506 2684 2561 mihi
2708 2507 2873 2560 etiam
2905 2508 3273 2576 perstringere
3292 2507 3441 2576 quod

186 2592 473 2662 βεϐηλοῦν
498 2595 748 2658 ἐννοίαις.
808 2596 872 2650 El
925 2597 984 2651 δέ
1039 2615 1117 2671 τῳ
1169 2599 1307 2671 πρὸς
1348 2600 1654 2671 βουλήσεως
1683 2604 1771 2674 ετη

1873 2596 1952 2653 illi
1987 2596 2165 2651 lucem
2215 2596 2360 2659 illam
2415 2595 2546 2650 dum
2586 2596 2742 2651 nimii
2790 2597 3087 2664 aestiment,
3127 2596 3294 2668 418
3321 2599 3442 2659 plus

185 2682 445 2738 ἐνταῦθα
491 2689 587 2741 καὶ
629 2687 778 2742 τοῦτ’
828 2689 1009 2744 αὐτῶν
1063 2690 1455 2757 ἐπισκώπτειν,
1488 2693 1568 2747 ὅθ’
1606 2694 1773 2766 ὑπερ·

182 2779 371 2848 τιμᾷν
401 2777 685 2844 δοκοῦντες
728 2781 909 2836 ἐκεῖνο
937 2781 1000 2836 τὸ
1041 2784 1157 2853 φῶς
1193 2785 1535 2856 ’ἀτιμάζουσι
1567 2788 1770 2857 μᾶλλον

185 2867 340 2937 ὑπὲρ
379 2869 446 2920 τὸ
486 2864 628 2935 δέον,
680 2870 1042 2941 κεραννύντες
1075 2873 1170 2927 καὶ
1204 2875 1609 2945 συμμιγνύντες
1656 2881 1772 2943 τοῖς

184 2960 250 3010 ὲκ
300 2959 614 3030 διαμέτρου
668 2964 833 3017 πᾶσιν
872 2965 1288 3037 ἐναντιώμασιν,
1324 2969 1520 3039 ὁρατὸν
1562 2969 1626 3042 [f.
1665 2972 1775 3028 2‘27

168 3048 241 3124 ρ]
273 3050 556 3105 ἄκτιστον
603 3053 856 3123 λέγοντες
905 3058 999 3111 καὶ
1044 3057 1310 3129 μεθεκτὸν
1342 3063 1639 3132 ἀπρόσιτον
1675 3064 1771 3117 καὶ

185 3142 365 3195 ἇῦλον
405 3143 531 3197 καθ’
567 3146 698 3200 αὐτὸ
760 3150 1019 3218 μεριστὸν
1067 3150 1165 3205 καὶ
1225 3152 1326 3205 ὅσα
1377 3152 1623 3219 τοιαῦτα,
1670 3155 1770 3208 οὑκ

1868 2703 2027 2758 aequo
2073 2687 2257 2757 potius
2314 2686 2580 2757 abjiciuut
2612 2725 2629 2752 ,
2690 2676 2814 2740 cum
2885 2687 3226 2742 confundant
3265 2688 3345 2743 sic
3386 2696 3442 2741 et

1873 2779 2263 2833 commisceant
2287 2793 2412 2832 cum
2445 2777 2515 2831 iis
2551 2792 2672 2847 quae
2703 2791 2933 2848 prorsus
2960 2777 3138 2831 aliena
3171 2787 3324 2839 sunt,
3354 2778 3438 2832 vi-

1872 2867 2089 2923 sibilem
2133 2866 2381 2922 dicentes
2423 2880 2545 2936 quae
2580 2866 2673 2918 lux
2712 2864 2977 2930 increata,
3005 2863 3440 2933 participabilcm

1872 2974 1998 3029 qua;
2018 2956 2437 3021 inaccessibilis,
2458 2956 2738 3011 dividuam
2769 2970 2890 3025 qua:
2919 2955 3039 3009 sine
3072 2955 3303 3009 materia
3334 2962 3440 3009 est.

1872 3049 2195 3121 llnjusmodi
2234 3050 2347 3120 jam
2388 3048 2493 3104 alia
2528 3059 2658 3103 sunt
2691 3048 2863 3103 multa
2902 3062 3023 3118 quae
3069 3062 3221 3101 nunc
3260 3055 3435 3103 taceo.

1870 3142 2057 3212 Neque
2101 3141 2354 3196 consulto
2398 3139 2479 3195 illi
2528 3154 2903 3203 succenseam,
2963 3139 3074 3193 imo
3125 3137 3272 3208 quod
3316 3138 3441 3208 qui-

183 3232 374 3302 ἐγωγε
415 3232 711 3306 διοίσομαι,
745 3238 854 3292 οὐδ’
887 3239 1028 3294 ἑκών
1077 3258 1142 3309 γε
1192 3238 1335 3297 εἶναι
1366 3245 1569 3316 τουτῳῒ
1600 3263 1763 3316 νεμε-

1873 3234 1993 3290 dem
2019 3234 2085 3288 ad
2116 3249 2201 3288 me
2221 3232 2439 3297 attinet,
2468 3232 2620 3286 illum
2639 3230 2868 3285 omnino
2897 3247 3007 3286 non
3031 3230 3439 3301 reprehendam

187 3324 350 3395 σῴην
383 3325 473 3380 ἄν.
518 3327 681 3381 Ἀλλά
733 3330 826 3382 καὶ
866 3330 926 3383 τὸ
968 3332 1290 3404 ἀνεγκλῆτῳ
1338 3334 1525 3404 μένειν
1568 3338 1774 3392 παντά-

187 3433 336 3470 πασι
367 3416 433 3469 τό
460 3418 513 3487 γ’
535 3419 670 3500 ἐμὸν
714 3421 878 3490 μέρος
908 3422 1163 3493 ἀσμένως
1193 3425 1342 3496 αὐτῷ
1375 3427 1571 3498 κομιδῇ
1612 3447 1773 3500 χαρι-

191 3502 442 3573 σαίμην·
472 3504 568 3558 καὶ
613 3499 760 3560 οὗτοι
796 3510 900 3578 γὰρ
933 3509 969 3563 ἀ
1004 3511 1140 3581 μηδὲ
1187 3515 1299 3575 τοῖς
1343 3499 1642 3585 κτίσμασιν
1674 3519 1775 3573 οὐκ

191 3591 259 3645 ἀν
321 3609 413 3656 τις
464 3594 680 3666 τολμῴη
742 3598 1104 3669 παρέχεσθαι,
1161 3601 1381 3674 δαίμοσι
1433 3605 1635 3679 δηλαδὴ
1681 3609 1773 3662 καὶ

187 3680 406 3752 ψυχαῖς
457 3687 554 3740 καὶ
607 3687 863 3755 ἀγγέλοις
928 3689 1184 3762 (ἀόρατος
1245 3694 1354 3766 γὰρ
1408 3696 1504 3750 καὶ
1568 3697 1778 3754 τούτοιν

194 3773 529 3845 ἀπάντωνή
563 3778 748 3845 φύσις,
789 3782 840 3834 εί
862 3782 951 3852 μὴ
988 3782 1075 3837 διὰ
1108 3785 1396 3855 συμϐόλων
1449 3791 1545 3845 καὶ
1586 3789 1775 3845 τύπων

192 3866 539 3934 σωματικῶν
593 3870 765 3924 ἐνίοτε
831 3874 1114 3940 φαίνοιντο
1162 3875 1255 3928 τὸν
1302 3877 1554 3940 ἑκάστοις
1605 3898 1777 3951 προσ-

193 3957 412 4022 ήκοντα
456 3958 705 4030 τρόπον),
743 3961 955 4025 τούτοις
1000 3964 1258 4032 ἀσμένως
1311 3968 1773 4039 συναριθμεῖσθαι

192 4043 301 4105 τάς
334 4043 547 4107 οίκείας
578 4047 842 4117 θεότητας
876 4049 1179 4103 συνωθοῡσι
1222 4052 1322 4116 τὰς
1350 4054 1637 4120 ἀκτίστους
1678 4058 1774 4112 καὶ

193 4134 559 4205 ἀπροσίτους,
616 4137 714 4191 καὶ
769 4140 1008 4207 μάλιστα
1061 4142 1252 4195 πισῶν
1301 4144 1360 4196 τὸ
1393 4146 1774 4216 διειλημμένον

195 4228 382 4280 έκεῖνο
431 4228 566 4296 φῶς.
625 4230 838 4302 ’Ὠσπερ
911 4232 1020 4303 γὰρ
1080 4235 1368 4305 ἀνανδρίας
1429 4238 1774 4310 ἑκατέρωθεν

195 4319 429 4389 ἔλεγχον
459 4321 661 4389 ἀμφοῖν
692 4321 862 4391 ἄμφω
922 4326 1162 4393 κομίζει,
1209 4327 1289 4398 τῷ
1330 4345 1389 4380 τε
1434 4331 1510 4399 μὴ
1565 4331 1773 4386 θέλοντι

198 4411 467 4481 θνήσκειν
494 4414 582 4465 ὅτε
611 4413 715 4480 δεῖ,
747 4416 842 4468 καὶ
880 4416 957 4488 τῷ
1000 4404 1206 4472 θέλοντι
1257 4422 1419 4474 πάλιν
1448 4423 1537 4476 ὅτε
1566 4424 1641 4495 μὴ
1669 4425 1770 4491 δεῖ,

200 4500 352 4554 οὕτω
389 4503 495 4555 κάν
523 4506 646 4567 ταῖς
679 4504 856 4570 θείαις
892 4509 1083 4576 τιμαῖς
1118 4510 1179 4562 τὸ
1216 4510 1556 4581 ὑπερϐάλλον
1585 4510 1646 4568 οὗ
1678 4515 1770 4587 ,μὴ

1873 3322 2003 3378 dum
2046 3338 2170 3379 esse
2225 3324 2437 3379 malim.
2490 3321 2598 3386 Sed
2646 3322 2701 3377 lii
2750 3322 2899 3393 quod
2939 3322 3065 3392 quis
3118 3338 3228 3376 non
3280 3320 3440 3377 facile

1872 3415 2140 3469 creaturis
2166 3414 2409 3469 tribuere
2435 3414 2590 3478 velit,
2638 3413 2982 3468 daemonibus
3018 3423 3209 3482 aperte
3233 3420 3290 3467 et
3315 3412 3441 3468 ani-

1871 3506 1978 3561 mis
2009 3516 2063 3561 et
2097 3507 2327 3578 angelis,
2348 3523 2584 3579 quorum
2632 3522 2763 3564 sane
2793 3506 3041 3562 omnium
3076 3516 3270 3561 natura
3300 3505 3443 3560 invi-

1871 3595 2047 3651 sibilis
2072 3606 2177 3664 est,
2212 3607 2415 3667 praeter
2441 3596 2587 3667 quod
2614 3595 2878 3670 symbolis
2896 3606 2955 3652 et
2986 3596 3128 3668 typis
3157 3593 3442 3665 corporeis

1871 3688 2150 3744 interdum
2184 3705 2286 3760 pro
2314 3691 2563 3762 ipsorum
2590 3690 2790 3760 singuli
2816 3689 3023 3761 quique
3053 3698 3248 3744 natura
3281 3688 3445 3745 nobis

1873 3788 2172 3848 apparent.
2205 3764 2573 3834 annumerant
2598 3779 2745 3849 ipsas
2791 3779 3024 3835 deitales
3076 3779 3350 3834 increatas
3388 3791 3445 3835 et

1873 3869 2284 3926 inaccessibiles
2344 3878 2402 3925 et
2450 3886 2564 3942 pra:
2595 3872 2719 3928 aliis
2765 3872 3024 3928 omnibus
3072 3872 3251 3927 lucem
3292 3872 3443 3927 illam

1871 3975 2036 4031 quam
2065 3960 2326 4018 diximus.
2366 3960 2836 4028 Quemadmodum
2860 3971 3042 4017 autem
3081 3963 3312 4032 ignaviae
3340 3977 3441 4032 op-

1870 4042 2100 4121 probrio
2133 4051 2332 4122 dignus
2355 4060 2439 4107 est
2472 4063 2724 4123 uterque,
2752 4060 2809 4108 et
2841 4055 2935 4119 qui
2975 4055 3115 4109 mori
3162 4070 3275 4109 non
3322 4055 3444 4109 vult

1871 4156 1995 4196 cum
2026 4142 2211 4205 debet,
2243 4150 2297 4197 et
2323 4142 2417 4212 qui
2452 4143 2568 4199 vult
2600 4159 2724 4198 cum
2760 4159 2869 4198 non
2903 4145 3085 4206 debet,
3114 4145 3189 4199 ita
3219 4160 3441 4214 quoque

1872 4232 1932 4287 in
1964 4232 2166 4287 divinis
2199 4234 2480 4289 attributis
2528 4234 2676 4305 quod
2731 4235 2967 4290 nimium
3012 4245 3095 4291 est
3124 4252 3233 4291 non
3265 4238 3441 4291 bono-

1871 4318 1986 4378 re'm
2016 4324 2124 4379 fert
2144 4325 2275 4389 Deo,
2300 4341 2427 4381 cum
2458 4341 2680 4397 semper
2708 4327 2755 4382 si
2788 4327 2919 4397 quid
2951 4327 3174 4383 additur
3207 4329 3259 4386 id
3287 4345 3443 4383 arro-

1871 4416 2068 4487 gantia:
2095 4417 2310 4488 culpam
2347 4418 2549 4473 habeat
2576 4428 2633 4474 et
2665 4435 2853 4475 secum
2885 4420 3045 4477 ferat.
3082 4422 3198 4488 Qua
3224 4423 3441 4476 ratione

1872 4526 1981 4569 non
2037 4511 2269 4566 multum
2314 4512 2472 4567 abest
2505 4512 2637 4584 quin
2676 4513 2747 4573 ad
2770 4513 2965 4570 Novati
3002 4514 3188 4570 odium
3225 4515 3446 4569 imitan—

200 4590 501 4661 προσήκει,
549 4594 612 4645 οὐ
648 4594 817 4665 τιμὴν
861 4597 1088 4667 παρέχει
1144 4598 1283 4669 Θεῷ,
1326 4603 1528 4656 σκοπὸν
1557 4602 1768 4675 ὕϐρεως

1873 4602 2002 4654 dum
2032 4602 2441 4672 compellantur,
2470 4604 2564 4674 qui
2598 4619 2720 4659 cum
2750 4604 3006 4660 virtutem
3030 4621 3190 4674 supra
3218 4606 3436 4660 modum

201 4681 518 4751 τηνικαῦτα
574 4682 675 4755 τῆς
728 4686 824 4739 τοῦ
871 4688 1136 4755 εὐλαϐοὗς
1173 4694 1596 4763 προσποιήσεως
1631 4712 1769 4766 συμ-

204 4774 584 4843 πορευόμενόν
617 4794 676 4830 τε
705 4778 804 4831 καὶ
843 4781 1191 4849 συμπλέοντα
1232 4787 1604 4857 κεκτημένης.
1638 4788 1773 4840 Πολ-

200 4866 298 4919 λοῦ
358 4866 515 4934 μέντ’
555 4868 623 4922 ἀν
655 4868 868 4940 δεήσειε
911 4871 986 4943 μὴ
1034 4874 1128 4927 καὶ
1183 4877 1321 4945 πρὸς
1378 4878 1478 4949 τὴν
1517 4879 1771 4933 Ναυάτου

207 4957 633 5029 μισανθρωπίαν
686 4962 853 5016 ὠθεῖν
899 4963 1002 5035 τὴν
1057 4965 1309 5038 μίμησιν,
1347 4968 1405 5033 ὃς
1444 4970 1541 5040 τὴν
1571 4971 1774 5041 ἀρετὴν

203 5053 259 5111 ἐς
291 5052 354 5103 τὸ
387 5051 733 5122 ὑπερϐάλλον
766 5056 947 5127 τιμᾷν-
976 5062 1472 5131 προσποιούμενος,
1506 5062 1675 5115 ’ἔλαθε
1715 5064 1775 5116 τὸ

204 5143 301 5196 τοῦ
335 5144 477 5198 Θεοῦ
517 5147 904 5219 φιλάνθρωπον
951 5152 1011 5215 ἐξ
1064 5152 1245 5205 αὐτῶν
1295 5154 1581 5224 κρηπίδων
1618 5154 1774 5209 ἀντιο

207 5251 347 5304 κρυς
386 5238 651 5305 ἀναιρῶν,
679 5240 779 5310 τὴν
809 5240 868 5307 ἐξ
897 5242 1174 5313 ἁμαρτίας
1203 5248 1496 5313 μετάνοιαν
1525 5246 1777 5315 οὐδαμῶς

209 5326 601 5395 προσιέμενος,
645 5330 739 5381 καὶ
778 5333 1152 5401 προσηγορίαν
1183 5334 1472 5398 εὐλαϐείας
1505 5337 1564 5388 ἐν
1596 5336 1777 5408 ἀωρίᾳ

212 5416 541 5485 προφάσεως
573 5417 755 5489 ἑαυτῷ
807 5414 1222 5493 προμνώμενος,
1270 5426 1341 5477 τὰ
1378 5426 1631 5495 χείριστα
1678 5426 1779 5496 τῆς

212 5511 414 5576 κακίας
440 5512 981 5586 τοῖίὴκολουθηκόσι
1009 5518 1400 5590 προύξένησεν·
1429 5518 1574 5572 οὕτω
1601 5519 1781 5589 χείρι-

214 5604 341 5655 στόν
382 5605 500 5655 ἐστι
532 5604 676 5676 ὑπὲρ
723 5606 783 5659 τὸ
835 5607 954 5662 δέον
1002 5607 1191 5681 ᾀττειν
1249 5615 1343 5663 καὶ
1380 5610 1610 5682 Πατρῶν
1656 5612 1780 5680 ὅρια

214 5696 409 5746 κινεῖν.
456 5695 804 5764 ’Δντιφωνεῖν
851 5699 963 5771 γὰρ
1010 5700 1225 5770 ἀνάγκη
1256 5703 1368 5765 τοῖς
1407 5699 1640 5770 ἀφανέσι
1670 5702 1781 5753 τῶν

216 5783 451 5852 ὀρέξεων
500 5786 738 5841 ἐνταῦθα
791 5790 992 5845 πάθεσι
1055 5794 1122 5845 τὰ
1166 5793 1348 5864 χειρὸς
1394 5798 1489 5847 καὶ
1534 5794 1783 5863 γλώττης

220 5871 440 5946 ἐμφανῆ
482 5878 793 5949 κνιήματα,
831 5881 925 5935 καὶ
970 5884 1261 5956 σφετέροις
1313 5886 1551 5964 σφέτερα
1590 5886 1780 5956 μέρεσι

1872 4692 2145 4747 astimare
2181 4693 2469 4756 simulans,
2502 4694 2595 4748 Dei
2627 4695 2909 4749 hominum
2940 4711 3181 4750 amorem
3222 4698 3274 4749 in
3307 4696 3443 4761 ipsis

1875 4784 2246 4838 fundamentis
2275 4785 2490 4840 evertit.
2505 4786 2638 4840 Nam
2655 4786 2953 4856 peccatoris
2968 4788 3343 4857 paenitentiam
3365 4790 3447 4843 ni~

1876 4873 1974 4928 bili
1997 4873 2219 4941 habuit;
2250 4884 2307 4930 et
2335 4891 2459 4929 cum
2487 4876 2727 4931 σουιίοηί
2755 4892 2855 4947 pro
2882 4878 3062 4932 inutili
3089 4880 3444 4934 excusatione
3502 4948 3507 4955 ι

1875 4964 2042 5036 419
2093 4973 2240 5020 totus
2293 4965 2634 5033 confideret,
2682 4968 2920 5037 posteris
2971 4967 3174 5038 ﬂagitia
3230 4983 3445 5025 summa

1877 5058 2224 5126 prmparavit.
2276 5056 2459 5124 Quare
2519 5060 2815 5129 pessimum
2874 5069 2959 5115 est
3008 5075 3169 5129 supra
3223 5062 3443 5115 modum

1876 5147 2151 5202 aestimare
2198 5147 2406 5216 aliquid
2458 5160 2515 5204 et
2548 5146 2771 5203 Patrum
2820 5154 3091 5218 praecepta
3128 5150 3440 5205 immutare.

1878 5239 1964 5293 Fit
1993 5239 2139 5293 enim
2174 5248 2234 5293 ut
2260 5241 2571 5310 discrepent
2608 5241 2677 5296 ab
2719 5241 2952 5296 occultis
2995 5240 3163 5296 animi
3205 5242 3447 5297 motibus

1882 5347 2078 5386 manus
2107 5341 2163 5386 et
2188 5333 2390 5403 linguae
2421 5340 2604 5387 motus
2633 5331 2938 5402 conspicui,
2972 5339 3030 5387 et
3063 5333 3206 5389 inter
3233 5333 3446 5403 singula

1880 5426 2123 5481 membra
2170 5424 2532 5495 repugnantia
2561 5424 2806 5495 quaedam
2853 5436 2910 5480 et
2939 5424 3212 5481 dissensio
3247 5426 3446 5489 alatur,

1881 5515 2054 5570 donec
2079 5523 2297 5585 tempus
2324 5514 2552 5586 justitim
2594 5524 2743 5575 certa
2773 5516 2979 5571 trutina
3003 5515 3251 5572 adhibita
3286 5534 3447 5589 aper-

1883 5615 1996 5661 tum
2028 5606 2388 5676 opprobrium
2420 5605 2475 5660 in
2518 5605 2699 5661 lucem
2742 5606 2882 5661 ferat
2910 5615 2968 5662 et
2994 5621 3089 5663 eos
3115 5608 3211 5679 qui
3237 5608 3446 5665 lionorc

1880 5700 2150 5755 fruituros
2179 5715 2240 5755 se
2269 5686 2557 5768 sperarent
2588 5698 2905 5771 ignominia
2930 5702 3147 5758 rimatus
3170 5703 3446 5758 ostendat.

1882 5792 2038 5858 Quod
2089 5791 2299 5862 experti
2332 5800 2464 5847 sunt
2492 5791 2585 5863 qui
2616 5786 2999 5847 Act'istitarum
3044 5793 3278 5854 ltmrcsin
3319 5793 3445 5866 pro:

1888 5883 2151 5940 tulerunt.
2203 5885 2267 5941 lli
2319 5884 2465 5941 enim
2517 5884 2720 5941 Christi
2759 5898 2959 5958 corpus
3009 5890 3339 5947 celebraturi
3368 5891 3444 5944 in-

3564 511 3593 528 Ι
