3780 6576
430 352 534 414 375

1587 367 2009 432 NICEPHORI
2047 373 2430 442 GREGORAB
2695 366 2698 368 ⁷
3544 383 3628 445 376

430 475 568 534 lecta
599 476 655 520 et
686 477 960 539 percepta,
999 481 1058 526 ut
1089 488 1280 530 omnes
1303 485 1359 530 et
1388 493 1484 532 vos
1517 478 1788 550 imprimis
1825 491 1992 537 testa-

2107 489 2328 560 σώματα
2363 506 2648 563 ποιοτητες
2699 492 2792 546 καὶ
2837 492 3142 561 ἀσώματοι,
3174 489 3426 559 αἰσθηταὶ
3461 489 3502 544 δ’
3535 493 3628 554 οὖν,

431 561 608 615 uiini?
637 563 742 616 Sed
763 565 918 619 vobis
939 577 1163 635 propter
1194 569 1465 626 inscitiam
1495 574 1801 628 tacentibus
1831 575 1997 630 inter-

433 661 684 718 pretatur
721 654 834 708 haec
867 666 1090 711 sanctus
1123 658 1363 714 Joannes
1401 660 1566 732 424
1603 663 1992 719 Damascenus.

435 763 453 794 ι
477 744 532 797 ln
567 743 816 800 'l'habore
849 757 1056 812 monte,
1077 748 1275 820 inquit,
1295 751 1428 806 solis
1456 753 1820 809 instarlucem
1850 755 1998 810 circa

436 833 641 888 \ultum
669 835 774 889 sibi
811 833 1071 893 Christus
1099 839 1366 905 incendit,
1407 852 1466 898 ut
1500 844 1643 898 sicut
1691 845 1833 900 Deus
1863 847 1997 900 sub-

440 925 820 982 manil‘estaret
867 928 1159 1000 discipulis
1201 932 1425 987 deitatis
1471 951 1582 989 sum
1634 937 1995 1006 maiestatem.

431 1015 620 1086 itaque
655 1018 858 1074 factum
893 1032 975 1086 ut,
1011 1039 1135 1078 cum
1163 1027 1329 1080 etiam
1363 1026 1524 1082 Mosis
1554 1028 1680 1082 olim
1705 1029 1884 1084 vultus
1911 1030 1996 1084 el-

431 1105 662 1174 fulserit,
685 1111 1136 1168 calumniatoretn
1161 1115 1406 1181 latuerit,
1442 1118 1794 1187 splendorem
1848 1119 1997 1174 hunc

431 1197 685 1252 sensibus
706 1202 1128 1271 perceptibilemv
1143 1203 1331 1261 fuisse.
1347 1224 1365 1258 ι
1396 1206 1561 1262 Vides
1587 1206 1753 1278 igitur
1774 1220 1827 1264 et
1851 1209 1997 1264 hunc

433 1286 619 1342 dicere
648 1305 850 1361 corpus
876 1303 930 1348 et
955 1297 1214 1351 sensibus
1243 1298 1551 1368 subjectum
1587 1308 1641 1354 et
1674 1309 1993 1370 perceptum

433 1377 603 1434 fuisse
628 1381 996 1439 illuminatum
1019 1387 1224 1442 Christi
1247 1389 1482 1444 vultum.
1502 1391 1619 1445 Non
1648 1393 1794 1446 enim
1823 1394 1999 1464 imago

437 1471 758 1538 mysterium
792 1475 1087 1531 incarnatae
1117 1487 1326 1533 naturae
1349 1492 1508 1548 erat;
1542 1483 1587 1536 si
1616 1499 1746 1538 vero
1775 1499 1996 1552 corpus.

431 1577 562 1626 ergo
591 1568 831 1641 essentia
860 1570 1086 1624 omnino
1132 1583 1336 1627 creata.
1373 1574 1818 1638 lncreatistarum
1851 1577 1997 1630 enim

438 1653 671 1711 haeresis
719 1659 935 1714 Domini
995 1678 1215 1718 carnem
1275 1665 1609 1720 existimavit
1671 1667 1995 1720 increatam.

431 1742 587 1799 Unde
641 1747 810 1816 igitur
861 1750 1140 1805 increatus
1188 1754 1452 1821 splendor
1514 1757 1602 1810 ille
1659 1757 1994 1811 sensualitcr

431 1839 776 1905 conceptus?
805 1838 936 1904 Quis
983 1850 1068 1896 est
1111 1844 1204 1912 qui
1252 1845 1367 1900 haec
1413 1847 1661 1916 proferre
1706 1863 1873 1901 ausus
1927 1850 1999 1903 sit
2032 1825 2076 1882 Β

433 1927 542 1980 nisi
609 1927 950 1986 lczmomaclti
1010 1945 1231 2002 postea,
1267 1938 1554 1993 Manichmi
1593 1949 1648 1992 et
1691 1939 1998 1996 Massaliaui

433 2031 618 2086 antea,
653 2039 797 2077 nunc
829 2033 1008 2079 autem
1045 2028 1359 2084 Palamitaz?
1388 2031 1578 2085 Nonne
1608 2032 1808 2086 auditis
1837 2049 2000 2102 quam

435 2113 885 2172 manifestissime
916 2129 1138 2174 sanctos
1159 2120 1482 2190 loquentes:
1513 2123 1657 2191 quod
1682 2122 1748 2178 ad
1776 2137 2000 2176 sensum

435 2206 594 2259 cadat
637 2222 760 2260 esse
805 2209 1063 2274 visibile;
1115 2212 1420 2267 incrcatum
1461 2227 1646 2268 autem
1699 2230 1806 2268 non
1840 2215 2004 2270 modo

436 2311 543 2353 non
566 2299 1011 2364 visibile,verum
1045 2303 1209 2358 etiam
1241 2315 1480 2360 mentem
1513 2323 1578 2361 ac
1607 2307 1874 2361 rationem
1907 2323 2002 2362 su-

437 2393 767 2459 perans?At
799 2409 927 2448 vero
957 2395 1087 2465 quid
1121 2397 1341 2452 tandem
1373 2398 1480 2454 erit
1511 2382 1576 2453 ex
1605 2390 1865 2454 omnibUs
1908 2399 2002 2452 al-

439 2495 620 2540 terum
655 2487 971 2556 quoddam,
1007 2488 1113 2544 nisi
1150 2489 1294 2559 quod
1327 2490 1421 2544 lux
1461 2507 1568 2544 una
1605 2491 2004 2546 inaccessibilis

434 2585 518 2630 est
548 2583 604 2629 et
633 2593 737 2630 una
773 2585 982 2632 tantum
1015 2581 1234 2648 proprie
1265 2579 1450 2636 Deus?
1477 2581 1794 2650 Quanquam
1817 2623 1832 2644 ,
1877 2598 2002 2636 cum

439 2669 626 2736 regula
662 2669 902 2738 quadam
933 2685 996 2724 ac
1025 2679 1228 2725 statera
1259 2686 1582 2727 communes
1609 2673 1728 2727 illas
1773 2682 1827 2727 et
1872 2690 2000 2742 pro-

437 2756 595 2811 batas
635 2757 897 2812 omnibus
935 2759 1229 2829 opiniones
1277 2761 1812 2826 exaniinaverimus,
1845 2774 1905 2818 ut
1935 2763 2003 2816 ad

439 2848 621 2916 priora
663 2849 754 2903 illa
799 2850 1156 2919 respicientes
1197 2850 1360 2922 425
1393 2852 1661 2906 rationum
1693 2869 1813 2921 quae
1863 2853 1990 2909 inde

437 2949 746 3008 sequuntur
769 2940 1118 3011 operationes
1138 2953 1190 2996 ct
1211 2929 1592 2998 conclusiones
1611 2944 2002 3014 gubernemus,

434 3032 598 3088 nobis
643 3033 995 3102 quaerendum
1050 3043 1134 3088 est
1181 3032 1455 3102 quomodo
1491 3049 1553 3087 ea
1598 3049 1719 3103 quae
1761 3050 2006 3089 commu-

2099 583 2350 652 καὶπερὶ
2393 584 2459 637 τὰ
2493 588 2556 657 τῇ
2588 585 2838 654 αἰσθήσει
2889 582 3229 651 ὑποκείμενα
3280 581 3507 650 σώματα
3551 586 3629 654 τὴν

2103 673 2399 727 ὑπόστασίν
2428 693 2486 728 τε
2534 676 2631 728 καὶ
2680 675 2942 728 σύστασιν
2990 675 3237 743 ἔχουσαι·
3276 674 3384 725 πᾶν
3414 673 3468 725 δὲ
3499 675 3553 728 τὸ
3575 679 3627 746 τῇ

2101 763 2352 832 αἰσθήσει
2396 766 2836 838 ὑποόαλλόμενον
2881 769 2910 820 ὁ
2943 767 3102 830 θεῖος.
3128 767 3325 834 φάσκει
3361 765 3630 833 Χρυσόστο-

2103 873 2203 925 μσς
2235 856 2310 926 (1)
2342 859 2465 926 μηδ’
2503 860 2691 912 οὐσίαν
2734 855 2874 912 εἶναι
2905 857 3140 927 ἀγγέλου
3177 857 3439 910 δύνασθαι
3464 857 3630 926 λέγειν,

2102 949 2260 1016 ἀλλὰ,
2295 951 2452 1018 σῶμα
2489 952 2674 1021 πάχος
2705 951 2827 1021 ἕχον
2881 951 2977 1004 καὶ
3006 951 3172 1020 τριχῆ
3196 950 3502 1002 διαστατόν.
3535 951 3631 1013 ηὼς

2100 1043 2192 1097 οὖν
2223 1044 2288 1096 ἂν
2320 1045 2406 1114 εῐη
2436 1044 2626 1111 θεότης
2650 1043 2908 1106 ἄκτιστος
2945 1043 3123 1095 ἐκεῖνο
3157 1041 3214 1094 τὸ
3245 1041 3385 1108 φῶς,
3416 1041 3631 1110 αἰσθήσει

2107 1135 2550 1203 ὑποϐαλλόμενον
2582 1137 2675 1188 καὶ
2712 1135 3011 1205 ὁρώμενον,
3051 1134 3126 1197 ὡς
3156 1134 3396 1192 ἅπαντες
3433 1131 3522 1199 μὲν
3560 1134 3634 1186 καὶ

2103 1229 2208 1300 πρό
2245 1247 2308 1298 γε
2355 1230 2573 1282 πάντων
2603 1231 2759 1299 ὑμεῖς
2796 1230 3174 1299 μαρτυρεῖτες
3212 1228 3285 1278 Ἢ
3317 1225 3531 1281 πάντως
3556 1227 3630 1277 καὶ

2103 1322 2257 1390 ὑμῶν
2307 1322 2640 1374 σιωπώντων
2690 1321 2749 1387 ἐξ
2807 1321 3044 1390 ἀπορίας
3086 1320 3114 1372 ὁ
3159 1320 3301 1381 θεῖος
3365 1310 3632 1383 ἐψηνεύει

2101 1411 2461 1479 Δαμασκηνός
2495 1413 2775 1482 Ἰωάννης,
2806 1429 2825 1462 r
2870 1413 2959 1464 Ἐν
2987 1411 3063 1479 τῷ
3100 1407 3322 1477 Θαὸὼρ,
3353 1407 3520 1472 λέγων
3549 1407 3629 1472 (‘2),

2100 1502 2175 1571 τῷ
2208 1487 2331 1570 ὄρει
2357 1503 2669 1571 ἐλάμπρυνε
2713 1503 2812 1569 μὲν
2857 1502 3012 1568 ἡλίου
3063 1502 3220 1570 δίκην
3263 1501 3326 1551 τὸ
3373 1499 3633 1566 πρόσωπον

2100 1590 2293 1643 ἑαυτοῦ
2327 1592 2354 1643 ὁ
2383 1589 2634 1658 Χριστός,
2668 1589 2735 1643 ἵν’
2781 1590 2854 1650 ὼς
2891 1590 3023 1651 Θεὸς
3057 1587 3368 1657 παραδείξῃ
3418 1589 3524 1646 τοῖς
3553 1604 3634 1656 μου

2102 1681 2292 1749 θηταῖς
2329 1681 2426 1746 τὴν
2478 1681 2578 1749 τῆς
2632 1681 2840 1742 οἰκείας
2905 1680 3160 1748 θεότητος
3222 1679 3493 1746 δύναμινο
3543 1679 3634 1731 ἀλλ’

2104 1771 2287 1840 ἐπειδὴ
2323 1771 2420 1823 καὶ
2451 1770 2688 1832 Μωσέως
2720 1771 3038 1839 ἐλάμπρυνε
3079 1771 3250 1823 πάλαι
3278 1771 3342 1822 τὸ
3375 1770 3633 1836 πρόσωπον

2105 1862 2322 1928 ἔξωθεν,
2375 1863 2532 1914 ἔλαθε
2581 1863 2676 1915 νῦν
2709 1864 2799 1916 τὸν
2835 1864 3078 1916 διάϐολον
3125 1862 3216 1914 διὰ
3257 1864 3361 1929 τῆς
3394 1861 3633 1928 αἰσθητῶς

2097 1954 2298 2022 δηλαδὴ
2328 1953 2609 2006 κάνταῦθα
2643 1955 2904 2022 φανείσης
2935 1953 3378 2021 λαμπρότητος.»
3401 1951 3522 2002 Ἰδοὺ
3558 1953 3633 2002 καὶ

2099 2039 2252 2108 οὗτος
2287 2046 2444 2115 σῶμα
2491 2046 2586 2097 καὶ
2618 2046 2869 2115 αἰσθήσει
2897 2043 3200 2112 ὑποϐληθὲν
3232 2045 3332 2096 καὶ
3379 2041 3562 2109 ὁραθὲν
3587 2044 3633 2094 τὸ

2099 2136 2452 2205 λαμπρυνθὲν
2473 2135 2568 2188 τοῦ
2594 2135 2834 2204 Χριστοῦ
2867 2151 2998 2203 φησι
3025 2133 3333 2203 τηνικαῦτα
3354 2133 3630 2202 πρόσωπον.

2100 2227 2174 2279 Οὐ
2207 2228 2316 2295 γὰρ
2349 2227 2623 2295 φαντασία
2651 2227 2711 2279 τὸ
2736 2228 2836 2296 τῆς
2872 2227 3140 2296 ὲνσάρκου
3179 2226 3486 2294 μυστήριον
3507 2225 3628 2276 οίκο-

2099 2318 2296 2387 νομίας
2331 2313 2421 2389 ἧνο
2456 2319 2502 2371 εί
2544 2318 2601 2371 δὲ
2650 2319 2831 2387 σῶμα,
2869 2319 2963 2370 καὶ
2993 2317 3154 2371 οὐσία
3189 2317 3410 2377 πάντως
3443 2318 3630 2380 artati;

2098 2412 2164 2480 τῇ
2209 2411 2316 2482 γὰρ
2345 2411 2453 2465 τῶν
2479 2409 2837 2465 ’Δκτιστιτῶν
2886 2410 3100 2479 αἱρέσει
3157 2406 3477 2477 περιφανῶς
3508 2407 3633 2476 Eppi-

2107 2519 2248 2555 πται
2283 2504 2384 2570 τὴν
2406 2501 2499 2556 τοῦ
2530 2503 2737 2572 Κυρίου
2767 2501 2946 2571 σάρκα
2972 2497 3217 2566 δοξάζειν
3240 2499 3513 2552 ἄκτιστον·
3542 2497 3634 2560 πῶς

2100 2594 2194 2647 οὖν
2229 2593 2484 2656 ἄκτιστος
2517 2594 2550 2662 ἠ
2579 2591 2854 2663 αἰσθητῶς
2903 2592 3139 2660 φανεῖσα
3181 2605 3489 2658 τηνικαυτα
3519 2579 3634 2656 λαμ-

2107 2685 2352 2756 πρότηςς
2385 2684 2496 2737 Καὶ
2541 2684 2625 2746 τίς
2671 2687 2698 2736 ό
2729 2682 2902 2736 ταῦτα
2949 2680 3164 2750 τολμῶν
3194 2679 3490 2751 κηρύττειν
3520 2677 3633 2747 πλὴν

2101 2778 2210 2829 τῶν
2239 2775 2637 2845 Είκονομάχων
2683 2775 2782 2843 μὲν
2813 2772 3062 2845 ὕστερον,
3093 2770 3423 2840 Μανιχαίων
3470 2770 3521 2822 δὲ
3559 2771 3634 2822 καὶ

2101 2867 2502 2922 Μασσαλιανῶν
2534 2866 2823 2938 πρότερον,
2875 2866 2971 2918 νῦν
3021 2865 3078 2918 δὲ
3134 2863 3244 2916 τῶν
3292 2861 3632 2928 Παλαμιτῶν;

2100 2953 2177 3012 Ἦ
2207 2958 2316 3028 γὰρ
2342 2956 2442 3010 οὐκ
2472 2955 2698 3010 ἀκούετε
2730 2954 3043 3023 σαφέστατα
3071 2953 3178 3005 τῶν
3198 2951 3377 3030 ᾁγίων
3402 2949 3635 3014 λεγόντων

2101 3049 2163 3102 τὸ
2216 3051 2281 3118 τῇ
2333 3047 2586 3115 αἰσθήσει
2640 3045 2738 3115 μὲν
2800 3042 3240 3110 ὑποϐαλλόμενον
3293 3041 3509 3111 ὁρατὸν,
3553 3037 3635 3090 ὅδ’

437 3125 600 3178 nibus
632 3124 740 3179 illis
771 3140 833 3180 ac
867 3125 1112 3194 probatis
1145 3126 1435 3180 sententiis
1463 3125 1709 3194 opposita
1743 3137 1892 3191 sunt,
1928 3127 1997 3181 li-

2107 3141 2381 3203 ἄκτιστον,
2419 3136 2497 3207 μὴ
2526 3137 2607 3190 ὅτι
2646 3135 2745 3204 οὐχ
2798 3134 3018 3204 ὁρατὸν,
3073 3131 3210 3184 ἀλλὰ
3251 3132 3350 3183 καὶ
3411 3127 3526 3180 νοῦν
3562 3127 3635 3178 ul

437 3225 560 3270 ceat
607 3215 848 3269 dilucide
895 3217 1174 3286 persequi.
1226 3216 1569 3272 Universitas
1616 3218 1766 3272 enim
1815 3235 2000 3274 rerum

436 3325 560 3364 cum
597 3315 654 3363 et
687 3309 757 3363 sit
787 3316 842 3362 et
877 3318 1100 3363 vocetur
1134 3308 1345 3372 deitas,
1384 3319 1616 3363 vocatur
1650 3311 1820 3364 etiam
1862 3312 1955 3366 lux
1985 3330 1999 3378 ;

435 3405 603 3474 igitur
631 3404 676 3460 si
711 3405 802 3458 lux
835 3420 939 3458 una
974 3404 1370 3459 inaccessibilis
1400 3413 1455 3459 et
1487 3405 1826 3474 sempiterna
1857 3407 2003 3462 Deus

410 3507 523 3553 “est
545 3507 601 3551 et
629 3497 850 3566 proprie
874 3513 1045 3551 unum
1072 3506 1127 3550 et
1155 3497 1328 3550 solum
1359 3495 1662 3552 incrcatum
1687 3539 1700 3562 ,
1726 3499 2004 3567 quomodo

435 3600 492 3645 ct
527 3591 672 3644 unde
705 3590 926 3643 inventa
965 3599 1052 3642 est
1084 3590 1196 3659 jam
1231 3605 1262 3644 a
1303 3590 1540 3645 Palama:
1577 3589 1782 3644 familia
1823 3591 2002 3645 altera

437 3682 684 3736 incrcata
712 3681 806 3735 lux
835 3697 865 3735 a
890 3680 1166 3735 Thaboria
1198 3682 1288 3736 illa
1322 3681 1538 3737 diversa
1573 3683 1773 3737 divinae
1807 3697 2000 3738 essen-

445 3774 552 3834 iiae,
619 3787 743 3842 quae
777 3789 843 3827 ex
878 3773 1180 3828 luminibus
1217 3775 1324 3829 illis
1362 3791 1390 3829 a
1425 3776 1690 3846 Gregorio
1725 3776 2005 3844 Theolego

437 3867 682 3922 collectis
717 3868 903 3922 multis
932 3869 1005 3923 sit
1037 3869 1184 3922 una?
1227 3869 1359 3935 Quae
1392 3871 1537 3924 enim
1581 3886 1685 3924 una
1724 3885 1791 3925 ex
1818 3871 2004 3925 multis

437 3967 523 4014 est
556 3973 665 4012 non
702 3941 930 4028 proprie
968 3975 1073 4013 una
1110 3969 1193 4015 est
1219 3977 1234 4024 ;
1264 3977 1388 4030 quae
1422 3971 1606 4016 autem
1643 3961 1864 4031 proprie
1896 3976 2004 4016 una

437 4059 540 4114 cst,
572 4065 636 4104 ea
660 4050 825 4104 etiam
860 4050 1216 4120 sen'ipiterna,
1245 4068 1420 4123 neque
1445 4068 1512 4108 ex
1539 4053 1724 4107 multis
1757 4068 1863 4106 una
1885 4068 2007 4108 esse

437 4151 636 4211 potest.
661 4141 945 4207 Quomodo
968 4143 1113 4197 enim
1144 4143 1381 4199 iucreata
1409 4145 1642 4214 amplius
1667 4161 1790 4200 esse
1837 4146 2009 4215 possit

438 4234 492 4286 in
522 4234 752 4288 aliarum
781 4243 837 4288 et
861 4234 1203 4290 diversarum
1253 4248 1626 4292 creaturarum
1662 4252 1892 4293 numero
1920 4253 2008 4291 re-

436 4320 586 4376 lata?
616 4322 698 4376 An
739 4322 1013 4391 quomodo
1053 4323 1104 4378 id
1145 4325 1290 4403 quod
1331 4341 1439 4379 non
1480 4331 1608 4390 est,
1668 4325 1808 4380 idem
1845 4335 2010 4396 atque

2105 3229 2262 3298 λόγον
2293 3228 2620 3298 ὑπερόαἴνον
2647 3243 2660 3290 ;
2708 3223 2886 3277 Τοῦτο
2918 3224 2974 3276 δὲ
3005 3222 3056 3275 τί
3091 3222 3155 3275 διν
3187 3221 3270 3289 είη
3308 3219 3422 3272 τῶν
3451 3219 3636 3270 πάντων

2103 3327 2290 3396 ἕτερον
2322 3323 2353 3394 ἦ
2382 3321 2411 3375 ὃ
2447 3321 2562 3387 φῶς
2606 3320 2668 3373 ἓν
2717 3316 3015 3386 ἀπρόσιτόν
3065 3316 3179 3367 ἐστι
3243 3314 3340 3365 καὶ
3395 3311 3548 3380 μόνον
3591 3307 3634 3357 ἓν

2104 3418 2306 3488 κυρίως
2337 3417 2364 3468 6
2387 3414 2519 3476 Θεός
2547 3431 2560 3478 ;
2597 3413 2810 3478 Ὅμως,
2842 3408 3034 3477 ἐπειδὴ
3067 3407 3256 3460 κανόνι
3285 3420 3344 3454 τε
3374 3403 3474 3453 καὶ
3502 3397 3637 3451 σταθ-

2107 3507 2193 3576 μῷ
2217 3509 2328 3560 ἄνω
2356 3505 2454 3567 τὰς
2483 3505 2669 3566 κοινὰς
2704 3501 2927 3562 ὲκείνας
2958 3498 3053 3553 καὶ
3095 3494 3520 3565 ὡμολογημένας
3548 3490 3637 3549 τοῖς

2105 3599 2271 3652 πᾶσιν
2309 3595 2517 3658 ἑννοίας
2545 3591 2991 3663 προεὸαλόμεθα.
3023 3588 3097 3652 ὡς
3121 3587 3186 3640 ἂν
3223 3585 3286 3657 [l'.
3311 3585 3422 3638 250
3451 3583 3501 3653 τι]
3527 3581 3638 3650 πρὸς

2105 3692 2290 3742 ἐκεῖνα
2316 3687 2601 3756 βλέποντες
2633 3685 2730 3747 τὰς
2777 3682 2905 3751 ἑξῆς
2948 3680 3056 3733 τῶν
3093 3679 3270 3746 λόγων
3298 3674 3637 3739 διευθύνωμεν

2107 3781 2372 3853 ἐργασίας
2407 3779 2504 3831 καὶ
2544 3778 2612 3830 τὰ
2661 3775 3066 3845 ἐπιχειρήματα
3090 3811 3106 3838 ,
3153 3768 3495 3838 ἀναληπτέον
3528 3767 3638 3834 ἡμῖν

2107 3877 2226 3928 ἔστι
2261 3873 2358 3926 καὶ
2411 3869 2672 3942 ζητητέον
2725 3866 2844 3931 πῶς
2889 3865 3108 3918 ἐναντία
3152 3864 3272 3924 ταῖς
3321 3861 3526 3916 κοιναῖς
3564 3857 3638 3907 καὶ

2108 3965 2565 4037 ὡμολογημέναις
2596 3961 2834 4023 ἐκείναις
2865 3959 3096 4020 ἐννοίαις
3139 3957 3318 4008 ἔνεστι
3355 3947 3639 4037 περιφανῶς

2112 4035 2528 4126 συμπεραίνειν.
2580 4051 2766 4104 Πάντα
2807 4042 2916 4118 γὰρ
2957 4047 3093 4101 οὖσα
3145 4045 3244 4096 καὶ
3291 4035 3639 4107 καλουμένηή

2111 4151 2303 4217 θεότης
2333 4148 2582 4200 καλεῖται
2617 4144 2714 4196 καὶ
2744 4141 2856 4210 φῶς
2878 4157 2893 4172 ο
2936 4142 2986 4192 εἰ
3012 4139 3106 4192 οὖν
3137 4137 3253 4206 φῶς
3281 4135 3340 4186 ἓν
3374 4131 3641 4201 ἀπρόσιτον

2112 4243 2205 4295 καὶ
2235 4240 2515 4309 ἀδιάδοχον
2545 4237 2572 4288 ὁ
2605 4235 2736 4296 Θεὸς
2759 4234 2852 4286 καὶ
2876 4231 3082 4301 κυρίως
3108 4229 3167 4280 ἓν
3200 4227 3296 4280 καὶ
3327 4228 3487 4296 μόνον
3514 4223 3642 4276 ἄκτι-

2115 4350 2259 4396 στον,
2305 4330 2422 4391 πῶς
2483 4327 2578 4381 καὶ
2632 4325 2796 4377 πόθεν
2852 4322 3082 4392 εὓρηται
3126 4318 3220 4371 νῦν
3261 4321 3328 4386 τῇ
3378 4314 3639 4381 Παλαμικῇ

437 4411 720 4466 essentia?
752 4410 809 4466 Si
842 4412 988 4466 enim
1026 4412 1168 4468 idem
1192 4452 1206 4478 ,
1238 4429 1350 4468 non
1387 4414 1702 4479 diversum;
1758 4415 1842 4470 sin
1874 4431 2002 4468 vero

2116 4420 2324 4493 φατρία
2358 4419 2612 4486 δεύτερον
2644 4414 2899 4467 ἀκτιστον
2948 4406 3373 4508 φῶςραίὶωρίῳ
3415 4403 3643 4508 ξιάφορέν

439 4504 752 4568 diversum,
812 4519 920 4558 non
954 4503 1134 4559 idem:
1169 4504 1387 4560 misceri
1421 4506 1564 4561 enim
1608 4498 1712 4574 per
1757 4517 2005 4559 naturam

441 4596 670 4650 omnino
709 4610 814 4660 non
844 4605 1072 4664 possunt
1099 4612 1275 4665 neque
1306 4612 1542 4666 unquam
1575 4597 1628 4650 in
1666 4612 1832 4650 unum
1875 4611 2011 4650 con-

441 4683 641 4743 ciliari.
675 4684 871 4738 Praeter
903 4685 1017 4739 haze
1077 4686 1308 4739 alterum
1339 4685 1612 4756 quoddam
1642 4693 2013 4753 opposuerunt

443 4791 686 4846 cumJe
729 4791 837 4830 non
879 4791 1038 4845 posse
1066 4776 1286 4831 liberari
1316 4776 1662 4830 damnatione
1695 4777 1781 4828 illa
1813 4776 1880 4830 ab
1926 4791 2012 4844 sy-

446 4867 592 4921 nodo
628 4875 776 4920 sexta
817 4865 1155 4921 (ecumenica
1206 4866 1312 4920 sibi
1374 4866 1519 4919 illata
1560 4865 1844 4920 sentirent.
1892 4865 2013 4918 llazc

447 4958 719 5028 oppositio
744 4957 818 5012 ita
841 4973 897 5012 se
926 4957 1159 5011 habebat
1183 4974 1195 5010 :
1218 4957 1421 5010 Deinde
1437 4973 1538 5010 nec
1565 4972 1818 5026 magnum
1845 4956 2012 5024 capis,

450 5050 729 5120 inquiunt,
752 5049 1068 5120 Dionysium
1103 5049 1193 5102 ubi
1225 5048 1399 5103 dicit:
1429 5067 1447 5099 ι
1479 5048 1709 5114 Quando
1735 5049 2018 5102 immorta-

451 5143 667 5197 litatem
700 5140 888 5211 adepti
937 5141 1148 5195 erimus
1194 5149 1250 5195 et
1304 5139 1371 5194 ad
1418 5138 1623 5194 Christi
1674 5139 1906 5194 similem
1959 5146 2016 5192 et

446 5235 665 5290 beatam
689 5247 876 5303 pacem
899 5230 1333 5302 pervenerimus,
1359 5243 1574 5300 semper
1601 5243 1726 5284 cum
1756 5230 2009 5294 Domino,

455 5335 516 5380 ut
553 5325 760 5383 dictum
797 5331 902 5385 est.
933 5323 1142 5378 erimus
1181 5321 1742 5391 contemplationibus
1778 5319 2016 5382 visibilis

453 5417 577 5485 ejus
610 5412 1074 5467 mauil‘estationis
1105 5409 1362 5481 completi
1386 5451 1400 5474 ,
1438 5426 1560 5478 quze
1599 5424 1700 5464 nos
1730 5409 2018 5478 magniﬁco

453 5505 747 5576 splendore
770 5502 1154 5568 circumdabit,
1179 5503 1321 5558 sicut
1342 5501 1507 5573 426
1527 5500 1828 5570 discipulos
1855 5501 1908 5555 in
1935 5503 2020 5556 di-

453 5601 580 5656 \‘ina
610 5599 701 5655 illa
724 5597 1224 5669 transﬁgurationc,
1254 5605 1310 5651 et
1341 5595 1644 5667 spiritualis
1680 5595 1827 5649 illius
1855 5595 2019 5650 clari-

423 5867 432 5872 _
528 5787 603 5858 (ί)
635 5788 791 5842 Κατὰ
819 5787 924 5840 Ἰω.
954 5785 1142 5856 ὁμιλία
1175 5781 1280 5858 κη’.

2114 4487 2213 4580 τῆς
2236 4487 2399 4569 ’θείας
2425 4506 2635 4565 οὐσίας,
2666 4502 2776 4555 τῶν
2823 4499 2900 4569 τῷ
2933 4495 3180 4563 Θεολόγῳ
3201 4491 3482 4564 Γρηγορίῳ
3512 4487 3642 4580 apis-

2118 4577 2396 4671 μηθέντων
2430 4596 2656 4648 ἐκείνων
2687 4590 2882 4659 φώτων
2909 4587 3118 4641 πολλῶν
3149 4587 3207 4638 ἓν
3241 4585 3299 4637 ὃν
3327 4600 3341 4647 ;
3379 4583 3406 4634 ὃ
3433 4582 3534 4649 γὰρ
3553 4577 3642 4671 τῶν

2114 4669 2323 4742 πολλῶν
2359 4687 2416 4739 ἓν
2443 4686 2525 4750 ὃν,
2555 4685 2653 4753 οὐχ
2690 4683 2746 4736 ἓν
2776 4684 3020 4752 κυρίως·
3060 4680 3088 4733 δ
3135 4678 3191 4730 δὲ
3221 4675 3426 4744 κυρίως
3475 4673 3528 4724 ἓν
3568 4669 3645 4720 καὶ

2116 4779 2416 4847 ἀδιάδοχον,
2447 4775 2553 4827 τῶν
2588 4774 2799 4826 πολλῶν
2847 4772 2906 4824 ἓν
2962 4767 3100 4824 εἶναι
3151 4769 3212 4822 οὐ
3264 4767 3499 4820 δύναται.
3543 4761 3643 4819 Πῶς

2115 4869 2222 4936 γὰρ
2252 4865 2318 4919 ἂν
2347 4865 2602 4918 ἄκτιστον
2656 4862 2732 4914 ἐτ’
2769 4856 2909 4914 εἶναι
2947 4859 3195 4922 δύναιτο,
3228 4858 3343 4918 τοῖς
3376 4853 3546 4913 ἄλλοις
3571 4849 3644 4901 καὶ

2117 4957 2393 5026 διαφόροις
2447 4953 2612 5007 αὑτοῦ
2665 4957 2936 5022 ποιήμασι
2997 4946 3532 5018 συναριθμούμενον;
3589 4941 3643 4990 Ἦ

2119 5047 2236 5108 πῶς
2260 5046 2321 5098 τὸ
2351 5045 2600 5098 ἁνούσιον
2629 5045 2693 5113 τῇ
2723 5044 2883 5112 οὐσίᾳ
2913 5041 3114 5094 ταυτόν
3141 5055 3157 5105 ;
3196 5039 3260 5090 Εἰ
3297 5037 3406 5105 γὰρ
3451 5030 3644 5089 ταυτὸν,

2119 5139 2180 5192 οὐ
2203 5137 2484 5207 διάφορον,
2513 5137 2561 5188 εἰ
2591 5135 2648 5189 δὲ
2677 5134 2958 5205 διάφορον,
2993 5133 3053 5184 οὐ
3085 5129 3301 5183 ταυτόν·
3335 5128 3532 5196 ἄμικτα
3561 5123 3646 5189 γὰρ

2121 5229 2282 5298 φύσει
2328 5229 2644 5280 παντάπασι
2694 5224 2893 5288 ταῦτα,
2941 5223 3037 5275 καὶ
3086 5221 3207 5274 λίαν
3253 5217 3535 5286 ἀσύμϐατα
3571 5210 3645 5263 καὶ

2120 5319 2374 5373 οὐδέποτε
2411 5316 2698 5386 σύμφωνα.
2743 5314 2866 5366 Ἐπὶ
2906 5312 2971 5384 δὴ
3023 5310 3236 5372 τούτοις
3289 5307 3440 5368 αὖθις
3485 5301 3645 5368 ἑτέραν

2122 5409 2434 5478 ἀντεπῆγον
2467 5407 2762 5472 ἀντίθεσιν,
2793 5406 2855 5459 οὐ
2895 5403 3231 5472 δυνηθέντας
3280 5396 3498 5456 ἑαυτοὺς
3537 5394 3647 5445 ἁπο-

2122 5500 2384 5569 νὸψασθαι
2415 5499 2508 5552 τὸν
2563 5499 2748 5566 σφίσιν
2799 5493 3236 5564 ὲπενηνεγμένον
3273 5488 3376 5543 ὑπὸ
3403 5489 3493 5556 τῆς
3521 5481 3644 5541 θείας

2127 5594 2222 5645 καὶ
2275 5591 2666 5659 οἰκουμενικῆς
2722 5589 2888 5656 ἕκτης
2963 5586 3184 5638 συνόδου
3237 5574 3644 5650 ἁναθεματισρὸν

2204 5776 2275 5845 (εὶ)
2311 5777 2406 5828 Ἐκ
2439 5766 2537 5828 ’τοῦ
2567 5778 2642 5838 εἰς
2673 5775 2767 5845 τὴν
2802 5775 3243 5844 Μεταμόρφωσιν
3270 5775 3441 5840 λόγου.
