3780 6550
441 407 468 462 .'-
477 405 546 467 3'3

1660 419 2078 482 NICEPIIOIII
2117 421 2500 484 GBEGOILE

3557 426 3634 487 3N

375 559 378 562 -
444 523 780 593 tarditatem,
813 544 920 598 qua
951 528 1136 584 divina
1160 543 1270 584 non
1301 529 1464 602 digne
1503 533 1780 603 explicare
1817 535 1990 604 possit

2116 535 2326 605 ἑώρακε
2351 536 2593 598 πώποτε,
2631 555 2650 586 ι
2681 536 3165 604 εὐαγγελιζόμενος
3194 533 3554 600 ἀποφαίνεται.
3579 541 3635 608 μὴ

443 630 545 668 nec
594 633 716 686 qme
747 633 848 674 nec
885 623 1164 690 quomodo
1201 621 1270 678 de
1303 624 1500 680 visibili
1535 625 1749 680 Domini
1778 627 2008 682 manife-

439 716 684 764 statmue
704 713 878 766 sancti
912 713 1061 768 varie
1091 715 1518 785 disputaverint.
1552 735 1652 774 nec
1680 736 1800 788 qua:
1831 722 1899 776 de
1925 723 2008 777 in-

437 807 622 852 creata
650 811 706 855 et
737 801 892 856 beata
924 805 1072 860 illius
1097 817 1318 880 natura,
1346 808 1490 864 sicut
1514 815 1808 866 concentui
1839 815 2010 870 musi-

436 903 626 942 corum
693 893 1186 952 instrumentorum
1245 909 1502 969 tanquam
1544 905 1742 958 artifex
1780 906 2008 960 harmo-

439 980 542 1033 nia:
575 981 684 1035 vim
713 993 876 1054 atque
903 997 1074 1042 artem
1119 990 1299 1043 alllatu
1335 993 1572 1060 quodam
1610 1011 1710 1048 suo
1747 997 2004 1066 inspirat.

434 1069 590 1134 Quod
617 1076 789 1142 capiet
812 1079 935 1144 quis
962 1079 1145 1144 credo,
1173 1083 1424 1148 quamvis
1462 1084 1613 1138 tarda
1645 1094 1698 1138 et
1733 1087 2002 1142 imLcciIla

436 1171 642 1227 mente,
665 1181 787 1220 eum
825 1168 1138 1239 Dionysium
1175 1173 1394 1239 planius
1417 1182 1474 1228 et
1499 1174 1614 1228 {usu
1644 1177 1710 1231 de
1735 1177 1818 1232 his
1845 1181 2006 1234 rebus

433 1251 793 1310 disserentem
813 1259 1047 1314 audierit
1075 1278 1088 1314 :
1127 1281 1144 1312 ι
1185 1262 1437 1317 Arbitror
1468 1265 1570 1320 hoc
1602 1269 1764 1322 etiam
1796 1287 2009 1326 sermo-

436 1359 558 1396 nem
587 1345 1168 1422 divinuminsinuare.
1219 1371 1417 1424 nempe
1470 1360 1884 1428 prephetarmn.
1937 1383 2004 1420 ex

434 1433 624 1488 abdito
647 1441 1237 1507 suprasubstantialem
1275 1443 1426 1500 illum
1463 1449 1517 1502 in
1555 1449 1717 1522 433
1759 1469 2000 1523 conspe—

437 1533 584 1580 ctum
619 1539 869 1585 nostrum
907 1533 1223 1589 Immanitus
1254 1537 1678 1596 substantiatum
1706 1546 2000 1622 prodiisse.

431 1618 686 1674 Attamen
726 1624 976 1678 occultus
1005 1627 1168 1680 etiam
1200 1629 1324 1697 po‘st
1355 1618 1850 1690 manifestationcm
1883 1649 2002 1702 aut,

433 1717 495 1761 ut
521 1709 764 1766 divinius
788 1713 992 1780 dicam,
1033 1719 1086 1771 i-n
1123 1720 1235 1788 ipsa
1272 1723 1736 1782 maluit-statione.
1787 1728 2000 1784 Etenim

433 1799 538 1854 hoc
567 1801 696 1857 Jesu
731 1809 1050 1876 mysterium
1083 1813 1364 1868 occultum
1398 1827 1503 1878 est,
1543 1833 1722 1888 neque
1754 1821 1864 1874 ullo
1885 1837 1998 1876 scr-

2111 631 2202 682 τοῦ
2236 631 2390 700 ἁγίου
2415 631 2680 700 διχόνοιαν
2707 631 3190 701 utetiam-azioma,
3225 629 3285 700 Π.
3315 629 3422 682 253
3453 627 3501 700 α]
3546 634 3634 684 ἀλλ’

2110 722 2304 777 ἑαυτοῦ
2337 723 2541 794 μᾶλλον
2571 725 2874 788 ἀσθένειαν,
2905 725 2988 780 ὅτι
3021 723 3095 792 μὴ
3129 722 3450 794 θεοπρεπῶς
3471 725 3530 776 τὰ
3545 724 3634 779 θεῖα

2109 811 2340 882 διαιρεῖν
2365 813 2612 882 δύναιτο,
2647 815 2777 884 μήθ’
2803 816 2902 868 ὅσα
2939 814 3070 884 μήθ’
3097 815 3246 875 ὅπως
3277 811 3516 883 περὶτῆς
3539 815 3635 882 ὀρσ-

2110 906 2207 972 τῆς
2237 904 2332 956 τοῦ
2371 905 2576 973 Κυρίου
2611 907 2928 975 θεοφανείας
2973 909 3020 959 οί
3061 906 3204 974 ἆγιοι
3234 903 3501 972 διαφόρους
3529 905 3635 958 ἀπε-

2111 999 2368 1064 φήναντο,
2407 999 2538 1068 μήθ’
2566 1001 2666 1053 ὅσα
2701 1001 2830 1069 περὶ
2867 1001 2964 1068 τῆς
2989 1001 3244 1052 ἀκτίστου
3279 1015 3336 1049 τε
3357 997 3456 1048 καὶ
3491 1015 3634 1066 μακα-

2111 1089 2230 1156 ρίας
2257 1091 2424 1142 αὑτοῦ
2447 1092 2684 1159 φύσεως,
2701 1091 2953 1161 καθάπερ
2977 1094 3032 1144 ὲν
3059 1089 3380 1160 πολυφωνίᾳ
3405 1091 3638 1157 μουσικῶν

2109 1182 2378 1248 ὀργάνων,
2421 1183 2551 1250 μίαν
2589 1183 2679 1234 τοῦ
2731 1184 2976 1254 τεχνίτου
3019 1181 3158 1235 Θεοῦ
3207 1183 3307 1252 τὴν
3361 1183 3640 1252 ἐναρμόνιον

2107 1273 2302 1342 τέχνην
2334 1275 2425 1326 καὶ
2461 1275 2693 1344 δύναμιν
2727 1277 3057 1343 ὲμττνὲοντός
3097 1294 3156 1328 τε
3205 1277 3302 1328 καὶ
3341 1275 3640 1344 ἑνηχοῦντος.

2109 1363 2336 1434 Συνήσει
2365 1365 2433 1431 δ’,
2467 1360 2640 1434 οἶμαι,
2675 1367 2768 1420 καὶ
2808 1369 2855 1420 εἰ
2903 1367 3024 1420 λίαν
3059 1369 3144 1436 εῐη
3172 1366 3384 1437 νωθρὸς
3437 1368 3520 1418 καὶ
3545 1369 3642 1438 εὐή-

2107 1451 2227 1519 θης,
2277 1454 2375 1522 τὴν
2428 1455 2656 1524 γνώμην
2705 1455 2985 1508 Διονυσίου
3038 1453 3428 1525 καθαρώτερόν
3476 1471 3528 1508 τε
3569 1461 3641 1512 καὶ

2105 1545 2384 1616 ἀποτάδην
2435 1547 2650 1599 ἀκούων
2676 1548 2964 1612 διεξιόντος
2991 1550 3150 1614 ταυτί
3183 1547 3262 1616 (l)
3283 1563 3300 1578 '
3337 1567 3356 1598 ι
3397 1547 3502 1600 Καὶ
3523 1547 3645 1604 τοῦτο

2106 1636 2214 1706 γὰρ
2266 1633 2440 1707 οἶμαι,
2490 1643 2644 1710 φησι,
2691 1641 2820 1709 τὴν.
2858 1641 3140 1708 θεολογίαν
3187 1640 3537 1707 αἰνίττεσθαι,
3567 1642 3644 1712 τὴν

2103 1729 2212 1780 τῶν
2245 1733 2542 1800 προφητῶν
2571 1732 2794 1802 δηλαδὴ,
2828 1735 2888 1786 τὸ
2915 1735 2977 1786 ἐκ
3001 1733 3095 1787 τοῦ
3129 1736 3364 1804 κρυφίου
3395 1733 3484 1786 τὸν
3507 1734 3645 1804 ὕπερ-

2107 1818 2288 1874 ούσιον
2343 1825 2419 1886 είς
2475 1824 2574 1893 τὴν
2611 1825 2735 1878 καθ’
2778 1825 2927 1894 ἡμᾶς
2967 1827 3270 1896 ἐμφάνειαν
3317 1827 3644 1896 ἀνθρωπικῶς

433 1907 594 1946 mone
642 1896 730 1948 vel
777 1899 1054 1956 intellectu
1115 1918 1488 1972 expressum:
1528 1909 1662 1976 quin
1725 1911 1836 1964 imo
1869 1912 1993 1966 dum

2105 1911 2442 1966 οὖσιωθέντα
2495 1891 2962 1988 ’ττροεληλυθείναι⁸
3001 1891 3247 1991 κρύφιος
3303 1919 3362 1971 δέ
3425 1891 3534 1972 εστι
3573 1922 3646 1974 καὶ

429 1985 712 2052 profertur
764 2005 1048 2057 arcanum,
1093 2006 1152 2048 et
1201 1997 1332 2050 dum
1395 2001 1718 2070 intelligitur
1753 2005 1998 2074 ignotum

430 2089 669 2134 manet.»
733 2082 796 2137 Et
845 2097 968 2150 post
1007 2091 1275 2144 nonnulla
1311 2109 1324 2145 :
1371 2113 1388 2144 ι
1423 2085 1566 2160 .latn,
1597 2109 1654 2152 ut
1685 2104 1998 2156 suuunatim

424 2167 696 2236 dicamus,
731 2191 800 2228 ne
836 2178 999 2234 homo
1032 2182 1252 2248 quidem
1277 2194 1415 2248 erat,
1449 2203 1558 2242 non
1591 2193 1735 2259 quod
1771 2209 1876 2246 non
1908 2211 1997 2248 cs-

423 2268 514 2316 set
541 2261 732 2329 homo,
779 2270 875 2323 sed
914 2274 1058 2340 quod
1086 2290 1152 2328 ex
1204 2276 1520 2333 hominibus
1551 2291 1712 2336 natus
1749 2285 1999 2342 homines

421 2353 584 2424 longe
613 2362 888 2427 superarit
907 2373 963 2418 et
989 2380 1152 2434 supra
1176 2368 1450 2426 hominem
1478 2387 1608 2428 vere
1635 2375 1799 2428 homo
1823 2371 2000 2432 tactos

421 2445 512 2504 sit.
539 2449 812 2505 Caeterum
845 2453 1032 2508 divina
1075 2473 1187 2512 non
1217 2470 1276 2513 ut
1307 2461 1474 2524 Deus,
1524 2481 1706 2534 neque
1757 2469 1996 2524 humana

419 2549 691 2606 quatenus
717 2541 882 2598 homo
903 2548 1148 2615 gerebat,
1171 2551 1268 2606 sed
1295 2563 1562 2621 quatenus
1587 2557 1728 2612 Deus
1747 2572 1803 2614 et
1833 2560 1997 2616 homo

421 2643 618 2682 navant
659 2635 934 2701 quandam
973 2641 1260 2696 nobiseum
1293 2649 1672 2704 conversando
1731 2652 1991 2708 dei-.viri-

417 2717 526 2774 lem
551 2727 928 2792 operationem
959 2731 1310 2790 exhibebat.»
1350 2739 1566 2796 Rursus
1597 2759 1610 2794 :
1645 2743 1730 2796 «In
1767 2746 1869 2799 hoc
1895 2763 1994 2816 ap-

419 2811 578 2879 paret
611 2816 698 2868 cui
735 2818 904 2874 Deum
937 2837 1280 2890 cognoscere
1340 2839 1398 2882 et
1451 2831 1760 2904 intelligere
1817 2840 1996 2894 conti-

419 2902 515 2970 git,
549 2906 693 2978 qupd
723 2925 900 2978 neque
932 2911 1186 2984 intelligit
1220 2935 1398 2989 neque
1433 2902 1714 2994 cognoscit
1751 2943 1810 2981 re
1843 2947 1994 2998 vera,

418 2995 624 3062 quippe
690 3000 782 3066 qui
839 3015 1006 3070 supra
1051 3005 1472 3078 intelligentiam
1513 3023 1570 3066 et
1623 2995 1994 3084 cognitionem

414 3079 546 3138 sit.»
589 3084 866 3143 Videtisne
893 3097 1246 3149 concordiam
1296 3101 1696 3172 discipulorum
1735 3108 1993 3176 pietatis?

418 3169 592 3239 Quam
624 3181 770 3234 enim
808 3183 1012 3240 Paulus
1047 3190 1312 3246 visionem
1373 3199 1678 3254 nominavit
1744 3202 1796 3256 in
1827 3204 1994 3274 amig-

419 3279 565 3325 mate
627 3290 725 3342 per
791 3281 1100 3347 speculum,
1151 3283 1206 3336 in
1261 3285 1450 3340 futuro
1501 3300 1684 3345 autem
1741 3293 1879 3348 facie
1925 3299 1990 3352 ad

425 3365 638 3434 iaciem,
671 3381 726 3424 et
751 3369 991 3429 Joannes
1017 3362 1310 3432 :lnondum
1345 3382 1503 3437 nobis
1539 3389 1858 3453 apparuisse
1893 3388 1994 3442 Do-

417 3461 650 3525 minum,
681 3463 772 3514 sed
807 3464 858 3516 in
886 3466 1073 3520 futuro
1106 3484 1274 3522 carne
1333 3477 1679 3542 corruptibili
1710 3479 1922 3548 ahjeeta
1962 3499 1988 3534 υ

419 3551 575 3606 nobis
621 3567 975 3622 conspectum
1016 3560 1104 3621 iri,
1151 3567 1400 3617 curulem
1437 3567 1526 3619 il'e
1576 3572 1640 3620 ad
1707 3571 1988 3628 hominum

417 3659 640 3697 sensum
672 3649 941 3700 Ot‘CUIltttlt
979 3651 1116 3704 dicit
1171 3654 1386 3708 Domini
1432 3661 1729 3714 essentiam
1783 3679 1904 3718 esse
1933 3665 1990 3718 in

419 3735 857 3791 omnin-statione
881 3749 1084 3808 etpost
1130 3745 1649 3816 manifestatiouem,
1685 3762 1741 3805 et
1794 3767 1991 3825 myste-

419 3823 561 3875 rium
609 3825 738 3879 illud
779 3830 1028 3896 quamvis
1059 3834 1401 3900 exprimatur
1455 3853 1554 3907 per
1585 3855 1642 3892 se
1691 3851 1872 3906 tanien
1905 3847 1990 3898 in-

419 3920 661 3987 fandum,
682 3932 736 3976 et
759 3927 1012 3993 quamvis
1031 3931 1326 3998 cogitetur,
1363 3949 1468 3988 non
1503 3945 1681 3990 tamen
1715 3953 1872 4007 posse
1897 3953 1990 3990 co-

417 4015 623 4080 gnosei.
658 4016 822 4088 434
850 4017 1110 4080 tNovam.
1153 4023 1350 4094 inquit,
1375 4029 1668 4095 (ιιιειιιιιιιιηι
1705 4032 1986 4084 uobiscum

415 4112 791 4161 euavt-rsando
839 4111 1175 4166 dei-virilem
1245 4119 1614 4184 operationem
1669 4121 1984 4186 exhibebat,

416 4207 470 4248 et
499 4214 658 4266 supra
699 4200 984 4254 hominum
1029 4205 1400 4260 conditionem
1429 4210 1590 4279 gessit
1622 4227 1684 4264 ea
1714 4228 1835 4280 qua:
1861 4221 1989 4266 sunt

415 4290 672 4344 hominis.
705 4295 860 4358 Quod
884 4295 1134 4350 deelarat
1169 4309 1222 4352 et
1251 4300 1403 4369 virgo
1429 4317 1550 4370 qua:
1587 4317 1748 4372 supra
1779 4316 1988 4358 natura:

412 4384 784 4438 eornlitionem
819 4388 982 4455 parit,
1019 4398 1074 4442 et
1125 4405 1262 4458 aqua
1296 4391 1572 4446 instabilis
1631 4409 1750 4462 quae
1786 4395 1986 4463 pedum

411 4492 477 4530 ex
515 4479 744 4532 materia
773 4491 827 4534 et
853 4489 996 4535 terra
1027 4485 1351 4551 gravitatem
1390 4488 1628 4542 sustinet
1659 4504 1836 4557 neque
1889 4505 1982 4544 ee-

413 4569 512 4630 dit,
543 4570 634 4623 sed
671 4571 720 4624 vi
743 4576 1148 4639 supernaturali
1181 4577 1299 4631 sine
1337 4577 1633 4632 diil‘usione
1669 4581 1977 4636 subsistit.»
2015 4593 2062 4650 ι)

415 4661 480 4712 Et
509 4661 678 4716 alias:
719 4681 737 4713 ι
778 4663 832 4718 Si
871 4666 996 4735 quis
1029 4668 1292 4726 visoDeo
1319 4671 1576 4738 cognovit
1609 4671 1658 4725 id
1719 4674 1866 4742 quod
1903 4676 1986 4730 vi-

411 4753 510 4816 dit,
545 4769 884 4824 nequaquam
937 4759 1113 4828 ipsum
1169 4761 1328 4824 vidit.
1360 4763 1454 4815 sed
1487 4763 1694 4833 aliquid
1745 4781 1776 4820 e
1821 4768 1986 4823 rebus

411 4861 529 4910 qum
567 4848 619 4898 iu
652 4863 718 4900 eo
749 4850 1022 4903 exsistunt
1051 4861 1107 4905 et
1127 4861 1578 4922 Cognoscuutur;
1630 4855 1747 4924 ipse
1800 4868 1984 4912 autem

409 4952 572 5006 supra
607 4952 840 4995 mentem
859 4953 914 4996 et
941 4945 1298 4999 substantiam
1319 4961 1567 5008 manens,
1605 4950 1729 5016 quia
1759 4951 1984 5004 (nnuino

409 5045 515 5082 non
535 5034 884 5100 cognoscitur
903 5041 1079 5104 neque
1096 5035 1314 5089 exsistit
1330 5051 1497 5104 supra
1517 5038 1878 5092 substantiam
1899 5051 1988 5095 est

407 5129 458 5174 el
482 5137 646 5190 supra
679 5135 912 5179 utentem
935 5131 1332 5196 cognosc-itur;
1367 5138 1422 5182 et
1458 5129 1544 5186 illa
1587 5133 1988 5199 perfectissima

409 5211 464 5267 in
497 5214 690 5267 Imnam
741 5225 948 5284 partem
983 5218 1250 5286 ignoratio
1281 5221 1470 5274 notitia
1503 5231 1584 5276 est
1615 5223 1734 5292 ejus
1780 5225 1872 5293 qui
1905 5235 1989 5280 est

407 5318 571 5372 supra
593 5309 778 5360 omnia
807 5325 926 5377 qua:
959 5309 1014 5363 iu
1049 5312 1414 5382 cognitionem
1443 5314 1698 5368 eadunt.)

479 5397 618 5453 XIII.
659 5401 846 5472 Itaque
877 5402 1112 5471 apostoli
1151 5419 1275 5458 cum
1324 5405 1378 5460 in
1425 5417 1614 5460 monte
1639 5407 1862 5462 Thabor
1888 5409 1972 5463 lu-

410 5507 526 5544 rem
565 5493 709 5546 illam
746 5495 1036 5556 vid'sseut,
1073 5512 1170 5549 nee
1203 5497 1466 5552 deitatem
1517 5499 1816 5552 increatam
1877 5515 1978 5554 nec

413 5582 580 5636 Deum
619 5585 898 5652 viderunt,
927 5587 1024 5642 sed
1057 5588 1266 5656 aliquid
1325 5605 1518 5640 eorum
1551 5605 1673 5656 qua:
1705 5590 1976 5643 exsistunt

409 5677 464 5731 in
497 5691 564 5731 eo
590 5688 645 5730 et
675 5691 1112 5748 cognoscuntur.
1148 5679 1334 5751 Neque
1363 5695 1426 5734 ea
1457 5697 1578 5750 qua:
1609 5691 1739 5736 sunt
1795 5691 1852 5736 et
1883 5701 1976 5738 eo-

479 5861 554 5922 (l)
591 5861 687 5913 Ἐκ
721 5863 812 5929 τῆς
848 5865 981 5928 πρὸς
1011 5863 1167 5919 Γάϊον
1204 5865 1486 5932 tumuli};
1517 5869 1720 5935 τρίτης.

2105 2005 2244 2071 μετὰ
2272 2005 2374 2073 τὴν
2403 2005 2688 2074 ἔκφανσιν,
2723 2008 2755 2080 ἥ
2785 2009 2872 2062 ἵνα
2896 2011 2960 2062 τὸ
3003 2011 3274 2079 θειότερον
3307 2012 3466 2074 εἴπω,
3497 2013 3576 2064 καὶ
3601 2015 3645 2063 ὲν

2101 2098 2167 2164 τῇ
2200 2098 2494 2163 ὲκφὰνσει·
2528 2100 2623 2154 καὶ
2665 2100 2823 2154 τοῦτο
2861 2105 2972 2171 γὰρ
3014 2105 3107 2157 τοῦ
3143 2105 3316 2173 Ἰησοῦ
3345 2105 3643 2172 κέκρυπται,

2103 2188 2198 2240 καὶ
2235 2189 2412 2242 οὐδενὶ
2464 2191 2608 2260 λόγῳ
2665 2191 2786 2247 οὔτε
2837 2194 2911 2264 νῷ
2959 2195 3020 2248 τὸ
3073 2195 3197 2250 κατ’
3235 2196 3400 2249 αὐτὸν
3451 2198 3644 2268 ὲξῆκτσι

2105 2281 2431 2350 μυστήριον,
2465 2283 2602 2338 ἀλλὰ
2639 2286 2734 2340 καὶ
2781 2287 3077 2358 λεγόμενον
3115 2289 3359 2360 ἄρρητον
3403 2290 3548 2359 μένει
3571 2295 3646 2345 καὶ

2102 2372 2390 2441 νοούμενον
2439 2375 2767 2442 ἄγνωστον.»
2797 2379 2906 2432 Καὶ
2960 2380 3082 2448 μετ’
3128 2382 3309 2448 ὀλίγα,
3351 2400 3370 2432 ι
3407 2384 3516 2436 Καὶ
3539 2384 3642 2451 γὰρ,

2100 2461 2191 2512 ἵνα
2223 2463 2534 2527 συνελόντες
2567 2466 2835 2534 εἴπωμεν,
2875 2469 2995 2522 οὐδὲ
3029 2471 3319 2540 ἄνθρωπος
3349 2468 3442 2541 ἦν,
3477 2473 3561 2540 οὒκ
3585 2476 3642 2535 ὼς

2103 2552 2178 2624 μὴ
2205 2554 2512 2625 ἄνθρωπος,
2545 2559 2662 2612 ἀλλ’
2691 2560 2766 2622 ὡς
2797 2562 2856 2626 ἑξ
2889 2563 3192 2632 ἀνθρώπων
3221 2564 3523 2633 ἀνθρώπων
3549 2569 3643 2620 ἐπέ-

2099 2662 2254 2698 κεινα
2287 2653 2380 2700 καὶ
2426 2650 2564 2720 ὑπὲρ
2613 2653 2904 2722 ἄνθρωπον
2939 2656 3228 2724 ἄνθρωπος
3265 2658 3484 2726 ἀληθῶς
3511 2675 3642 2726 γεγοσ

2100 2736 2224 2800 νὼς,
2256 2742 2348 2792 καὶ
2376 2741 2436 2793 τὸ
2467 2742 2651 2796 λοιπον
2677 2746 2736 2797 οὐ
2771 2747 2911 2800 κατὰ
2937 2748 3073 2800 Θεθιν
3112 2750 3178 2802 τὰ
3205 2749 3322 2802 θεῖα
3353 2750 3568 2819 δράσας,
3593 2755 3640 2803 οὐ

2099 2819 2240 2882 κατὰ
2290 2831 2580 2902 ἄνθρωπον
2633 2835 2702 2889 τὰ
2752 2839 3090 2908 ἀνθρώπινα,
3141 2841 3256 2894 ἀλλ’
3307 2843 3637 2911 ἀνδρωθέντος

2097 2921 2234 2975 Θεοῦ
2287 2927 2486 2995 καινήν
2535 2945 2656 2982 τινα
2699 2930 2800 3000 τὴν
2849 2931 3172 3003 θεανδρικὴν
3211 2935 3494 3004 ἐνέργειαν
3536 2936 3640 3004 ἡμῖν

2100 3015 2584 3086 πεπολιτευμένος.
2623 3040 2641 3073 ι
2679 3021 2788 3074 Καὶ
2835 3023 3018 3088 πάλιν,
3047 3043 3067 3076 ι
3109 3025 3200 3078 Ἐν
3247 3027 3427 3094 τούτῳ
3465 3029 3641 3092 γίνεται

2099 3106 2206 3166 πᾶς
2235 3106 2262 3156 ό
2291 3106 2424 3158 Θεὸν
2475 3110 2680 3174 γνῶναι
2713 3110 2805 3162 καὶ
2859 3111 2987 3164 ίδείν
3037 3111 3384 3182 ἀξιούμενος,
3415 3115 3557 3184 αὐτῴ
3583 3115 3642 3182 τῷ

2101 3197 2175 3266 μὴ
2207 3199 2342 3266 ὁρᾷν
2376 3199 2510 3268 μηδὲ
2535 3201 2830 3268 γινώσκειν
2867 3204 3084 3272 ἀληθῶς
3117 3205 3176 3256 ὲν
3204 3205 3283 3275 τῷ
3315 3208 3456 3277 ὑπὲρ
3485 3210 3644 3276 ὅρασιν

2097 3291 2192 3342 καὶ
2213 3291 2416 3358 γνῶσιν
2444 3292 2752 3361 γινόμενος.
2790 3313 2810 3348 ι
2853 3294 3050 3364 Ὅρᾶτε
3079 3296 3176 3367 τὴν
3218 3299 3538 3366 συμφωνίαν
3557 3299 3642 3350 τῶν

2092 3379 2431 3438 διδασκάλων
2461 3385 2560 3455 τῆς
2589 3386 2871 3450 εὐσεϐείας
2901 3406 2916 3452 ;
2954 3389 3058 3442 Ἢν
3089 3390 3198 3458 γὰρ
3227 3389 3441 3454 Παῦλος
3471 3393 3643 3460 ἔφησεν

2092 3476 2283 3541 ὅρασιν
2314 3478 2371 3528 ἐν
2399 3477 2684 3546 αἰνίγματι
2711 3479 2806 3532 νῦν
2839 3480 2908 3531 δι’
2935 3481 3228 3550 ἐσόπτρου,
3267 3485 3326 3536 ὲν
3357 3483 3412 3536 δὲ
3439 3487 3514 3552 τῷ
3541 3485 3644 3554 μέλ-

2091 3561 2238 3614 λοντι
2295 3564 2588 3632 πρόσωπον
2635 3565 2774 3634 πρὸς
2830 3567 3145 3630 πρόσωπον,
3193 3571 3292 3622 καὶ
3335 3572 3475 3642 ὅπερ
3511 3573 3644 3634 αὖθις

2106 3653 2378 3721 Ἰωάννης,
2410 3653 2565 3710 οὔπω
2599 3643 3032 3727 πεφανερῶσθαι
3053 3660 3145 3712 τὸν
3181 3661 3386 3732 Κύριον
3423 3666 3569 3733 ἡμῖν,
3591 3665 3639 3736 [1³.

2091 3746 2198 3799 9.53
2231 3745 2280 3816 ὸ]
2314 3747 2654 3816 ὀφθήσεσθαι
2711 3749 2755 3802 δ’
2785 3750 2864 3811 εἰς
2895 3755 2956 3802 τὸ
2995 3751 3187 3819 μέλλον
3223 3755 3572 3824 ἀποθεμένοις
3597 3757 3644 3809 τὸ

2089 3837 2190 3905 τῆς
2223 3838 2428 3908 σαρκὸς
2459 3839 2721 3908 φθαρτὸν,
2752 3841 2904 3894 ταῦθ’
2931 3831 3084 3906 οὗτος
3115 3845 3478 3916 ἀνθρωπικῶς
3503 3867 3642 3919 φησιν

2089 3930 2423 3984 ούσιωθέντα
2468 3933 2560 3986 τὸν
2617 3934 2822 4003 Κύριον
2875 3937 3110 4006 κρύφιον
3167 3933 3306 3994 εἶναι
3357 3944 3448 3995 καὶ
3493 3946 3546 3995 ἑν
3587 3946 3640 4011 τῇ

2089 4018 2348 4086 ἔκφάνσει
2377 4022 2470 4074 καὶ
2496 4023 2638 4091 μετὰ
2665 4025 2762 4094 τὴν
2797 4025 3080 4094 ἐκφανσιιη
3135 4029 3232 4080 καὶ
3267 4030 3324 4082 τὸ
3368 4033 3488 4084 κατ’
3503 4032 3642 4086 αὑτὸν

2093 4115 2394 4182 μυστήριον
2427 4113 2610 4183 μένειν
2650 4115 2946 4187 λεγόμενον
2975 4121 3215 4190 ἄρρητον
3250 4125 3347 4176 καὶ
3377 4125 3644 4194 νοούμενον

2089 4203 2386 4271 ἄγνωστον.
2442 4209 2654 4276 Καινὴν
2701 4211 2810 4279 γάρ
2845 4229 2966 4264 τινα
3011 4214 3107 4282 τὴν
3161 4214 3481 4287 θεανδρικὴν
3517 4219 3644 4286 ἐνέρ-

2088 4313 2247 4363 γειαν
2297 4300 2428 4367 ἡμῖν
2487 4300 2648 4353 αὐτὸν
2709 4304 3132 4358 πεπολιτεῦσθαί
3181 4325 3338 4377 φησι,
3395 4311 3484 4362 καὶ
3519 4312 3644 4378 ὑπὲρ

2088 4389 2375 4458 ἄνθρωπον
2427 4394 2792 4463 ἐνηργηκέναι
2831 4398 2902 4450 τὰ
2960 4399 3278 4470 ἀνθρώπιναι
3307 4419 3320 4432 ·
3377 4407 3464 4456 καὶ
3511 4405 3644 4473 δηλοί

2089 4479 2378 4548 παρθένος,
2409 4483 2596 4551 φησὶν,
2625 4484 2920 4555 ὑπερφυῶς
2949 4487 3176 4552 κύουσα,
3207 4493 3302 4542 καὶ
3334 4491 3472 4562 ὕδωρ
3495 4493 3642 4546 ἄστα-

2087 4585 2179 4620 τον
2211 4571 2413 4624 ὑλικῶν
2441 4573 2534 4624 καὶ
2568 4575 2784 4642 γεηρῶν
2821 4576 2998 4628 ποδῶν
3035 4577 3230 4648 ἀνέχον
3269 4577 3437 4650 βάρος
3463 4582 3550 4633 καὶ
3578 4579 3642 4650 μὴ

2089 4661 2336 4724 ὑπεῖκον,
2372 4663 2492 4716 ἀλλ’
2523 4665 2799 4734 ὑπερφυεί
2833 4667 3062 4737 δυνάμει
3111 4671 3250 4740 πρὸς
3292 4671 3356 4724 τὸ
3383 4674 3642 4742 ἀδιάχυτον

2089 4755 2506 4824 συνιστάμενον.
2526 4775 2545 4808 ι
2579 4758 2688 4811 Καὶ
2715 4759 2900 4824 πάλιν,
2927 4780 2945 4812 ι
2977 4760 3046 4814 Et
3069 4779 3152 4824 τις
3173 4761 3302 4816 ἰδὼν
3333 4766 3460 4817 Θεὸν
3498 4765 3646 4831 συνῆ-

2087 4863 2182 4900 κεν
2210 4847 2238 4899 ὃ
2263 4843 2424 4912 εἶδεν,
2457 4849 2560 4902 οὐκ
2589 4850 2753 4903 αὑτὸν
2797 4852 3069 4922 ἑώρακεν,
3102 4854 3240 4908 ἀλλά
3271 4873 3322 4909 τι
3361 4858 3464 4909 τῶν
3487 4856 3641 4908 αὖτοῦ

2086 4941 2194 4992 τῶν
2221 4937 2390 4994 ὄντων
2435 4943 2529 4995 καὶ
2579 4945 2999 5014 γινωσκομένων
3019 4963 3034 4976 ο
3069 4945 3236 5010 αὐτὸς
3267 4948 3325 5001 δὲ
3370 4949 3498 5017 ὑπὲρ
3523 4947 3639 5001 νοῦν

2086 5025 2392 5088 καὶοῦσίαν
2409 5036 2511 5089 una
2519 5037 2672 5106 ριδρυ
2680 5041 2842 5107 μένος
2859 5039 3010 5108 αὑτῷ
3025 5041 3102 5109 τῷ
3133 5042 3366 5096 καθόλου
3399 5045 3464 5112 μὴ
3481 5041 3634 5110 γινώ-

2089 5128 2314 5180 σκεσθαι
2341 5129 2464 5200 μηδ’
2487 5125 2628 5184 εἶναι
2645 5131 2736 5182 καὶ
2751 5131 2900 5184 ἔστιν
2915 5133 3016 5186 ύπε
3025 5139 3257 5203 ρουσίως
3275 5139 3368 5188 καὶ
3387 5137 3512 5205 ὑπὲρ
3529 5133 3639 5188 νοῦν

2087 5220 2417 5288 γινώσκεται
2439 5239 2456 5256 ο
2503 5224 2598 5274 καὶ
2639 5225 2670 5292 ἡ
2713 5225 2856 5277 κατὰ
2880 5225 2942 5276 τὸ
2968 5225 3220 5294 κρεῖττον
3255 5227 3515 5295 παντελὴς
3547 5227 3640 5292 ἁγ-

2089 5313 2258 5366 νωσία
2285 5313 2484 5376 γνῶσίς
2509 5315 2626 5366 ἐστι
2647 5313 2738 5366 τοῦ
2763 5315 2902 5386 ὑπὲρ
2926 5318 3102 5370 πάντα
3127 5317 3198 5370 τὰ
3229 5319 3634 5386 γινωσκόμενα.»

2151 5407 2250 5461 II".
2279 5406 2441 5458 Ὥστε
2473 5409 2569 5460 καὶ
2617 5409 2667 5460 οί
2700 5408 2986 5462 ἀπόστολοι
3033 5410 3112 5479 τῷ
3153 5411 3214 5464 ἑν
3265 5411 3638 5478 etii-0360:9219

2085 5498 2306 5566 sepem
2373 5499 2494 5550 τότε
2561 5499 2888 5570 θεασάμενοι
2924 5502 3042 5570 φῶς
3091 5501 3216 5555 οὔτε
3251 5505 3470 5571 θεότητα
3507 5500 3636 5555 εἶδον

2085 5595 2338 5646 ἄκτιστον
2379 5592 2502 5645 οὔτε
2551 5593 2703 5653 Θεὸν,
2742 5594 2877 5648 ἀλλὰ
2913 5613 2964 5648 τι
2999 5597 3106 5648 τιῖν
3136 5597 3308 5648 ὄντων
3365 5598 3450 5649 καὶ
3481 5613 3634 5663 γινω-

2087 5683 2386 5752 σκομέπιον.
2426 5687 2592 5740 Ὄντα
2613 5687 2667 5740 δὲ
2697 5688 2789 5740 καὶ
2813 5689 3189 5758 γινωσκόμενα
3225 5691 3450 5752 πάντως,
3477 5690 3523 5740 εἰ
3562 5689 3632 5757 μὴ
