  <div class='ocr_page' id='page_1' title='image "/cluster/home/n/w/nwhite01/storage/ocr_20150623/149/hvd.32044019208370/204.png"; bbox 0 0 3840 6582; ppageno 0'>
   <div class='ocr_carea' id='block_1_1' title="bbox 154 524 1659 610">
    <p class='ocr_par' dir='ltr' id='par_1_1' title="bbox 154 530 1659 610">
     <span class='ocr_line' id='line_1_1' title="bbox 154 530 1659 610; baseline -0.012 0"><span class='ocrx_word' id='word_1_1' title='bbox 154 544 238 610; x_wconf 83' lang='grc'><strong>393</strong></span> <span class='ocrx_word' id='word_1_2' title='bbox 1028 532 1476 597; x_wconf 61' lang='grc' dir='ltr'><strong>ΒΥΖΑΝΤιΝίΕ</strong></span> <span class='ocrx_word' id='word_1_3' title='bbox 1508 530 1659 595; x_wconf 66' lang='lat' dir='ltr'><strong>llIb&#39;l</strong></span> 
     </span>
    </p>
   </div>
   <div class='ocr_carea' id='block_1_2' title="bbox 1767 524 2479 610">
    <p class='ocr_par' dir='ltr' id='par_1_2' title="bbox 1772 524 2479 591">
     <span class='ocr_line' id='line_1_2' title="bbox 1772 524 2479 591; baseline -0.003 0"><span class='ocrx_word' id='word_1_4' title='bbox 1772 531 1896 591; x_wconf 60' lang='lat' dir='ltr'><strong>HAS</strong></span> <span class='ocrx_word' id='word_1_5' title='bbox 1936 530 2082 591; x_wconf 82' lang='lat' dir='ltr'><strong>LIB.</strong></span> <span class='ocrx_word' id='word_1_6' title='bbox 2121 525 2383 589; x_wconf 83' lang='lat' dir='ltr'><strong>XXXIV.</strong></span> <span class='ocrx_word' id='word_1_7' title='bbox 2470 524 2479 525; x_wconf 23' lang='grc' dir='ltr'><strong>ί</strong></span> 
     </span>
    </p>
   </div>
   <div class='ocr_carea' id='block_1_3' title="bbox 3239 525 3349 583">
    <p class='ocr_par' dir='ltr' id='par_1_3' title="bbox 3239 525 3349 583">
     <span class='ocr_line' id='line_1_3' title="bbox 3239 525 3349 583; baseline -0.018 0"><span class='ocrx_word' id='word_1_8' title='bbox 3239 525 3349 583; x_wconf 69' lang='grc'><strong>594</strong></span> 
     </span>
    </p>
   </div>
   <div class='ocr_carea' id='block_1_4' title="bbox 150 634 1659 723">
    <p class='ocr_par' dir='ltr' id='par_1_4' title="bbox 150 648 1659 723">
     <span class='ocr_line' id='line_1_4' title="bbox 150 648 1659 723; baseline -0.011 -7"><span class='ocrx_word' id='word_1_9' title='bbox 150 664 223 719; x_wconf 74' lang='grc' dir='ltr'>τὸν</span> <span class='ocrx_word' id='word_1_10' title='bbox 246 659 372 714; x_wconf 79' lang='grc' dir='ltr'>θετον</span> <span class='ocrx_word' id='word_1_11' title='bbox 404 655 574 708; x_wconf 68' lang='lat' dir='ltr'><strong>ein-civ</strong></span> <span class='ocrx_word' id='word_1_12' title='bbox 606 652 876 707; x_wconf 83' lang='grc' dir='ltr'>Διονύσιον</span> <span class='ocrx_word' id='word_1_13' title='bbox 916 651 1017 723; x_wconf 86' lang='grc' dir='ltr'><strong>(ι).</strong></span> <span class='ocrx_word' id='word_1_14' title='bbox 1053 652 1108 704; x_wconf 83' lang='grc' dir='ltr'>αἱ</span> <span class='ocrx_word' id='word_1_15' title='bbox 1141 651 1408 722; x_wconf 73' lang='grc' dir='ltr'>μυστ-ικαὶ</span> <span class='ocrx_word' id='word_1_16' title='bbox 1434 648 1544 700; x_wconf 80' lang='grc' dir='ltr'>τῶν</span> <span class='ocrx_word' id='word_1_17' title='bbox 1580 648 1659 700; x_wconf 71' lang='grc' dir='ltr'>λοι</span> 
     </span>
    </p>
   </div>
   <div class='ocr_carea' id='block_1_5' title="bbox 1767 634 3347 723">
    <p class='ocr_par' dir='ltr' id='par_1_5' title="bbox 1773 634 3347 713">
     <span class='ocr_line' id='line_1_5' title="bbox 1773 634 3347 713; baseline -0.004 -15"><span class='ocrx_word' id='word_1_18' title='bbox 1773 660 1935 713; x_wconf 86' lang='lat' dir='ltr'><strong>quam</strong></span> <span class='ocrx_word' id='word_1_19' title='bbox 1980 643 2186 698; x_wconf 79' lang='lat' dir='ltr'><strong>lumine</strong></span> <span class='ocrx_word' id='word_1_20' title='bbox 2226 638 2608 711; x_wconf 66' lang='lat' dir='ltr'><strong>esplendescit</strong></span> <span class='ocrx_word' id='word_1_21' title='bbox 2646 645 2701 694; x_wconf 89' lang='lat' dir='ltr'><strong>et</strong></span> <span class='ocrx_word' id='word_1_22' title='bbox 2731 636 2947 691; x_wconf 81' lang='lat' dir='ltr'><strong>vivifica</strong></span> <span class='ocrx_word' id='word_1_23' title='bbox 2979 634 3347 691; x_wconf 84' lang='lat' dir='ltr'><strong>illustratione</strong></span> 
     </span>
    </p>
   </div>
   <div class='ocr_carea' id='block_1_6' title="bbox 148 740 1664 823">
    <p class='ocr_par' dir='ltr' id='par_1_6' title="bbox 148 740 1664 823">
     <span class='ocr_line' id='line_1_6' title="bbox 148 740 1664 823; baseline -0.01 -17"><span class='ocrx_word' id='word_1_24' title='bbox 148 754 257 823; x_wconf 78' lang='grc' dir='ltr'>γῐων</span> <span class='ocrx_word' id='word_1_25' title='bbox 278 746 580 819; x_wconf 82' lang='grc' dir='ltr'>παραδόσεις</span> <span class='ocrx_word' id='word_1_26' title='bbox 608 747 697 799; x_wconf 74' lang='grc' dir='ltr'><strong>καὶ</strong></span> <span class='ocrx_word' id='word_1_27' title='bbox 724 745 797 809; x_wconf 79' lang='grc' dir='ltr'>ὥς</span> <span class='ocrx_word' id='word_1_28' title='bbox 821 744 936 814; x_wconf 81' lang='grc' dir='ltr'><strong>φῶς</strong></span> <span class='ocrx_word' id='word_1_29' title='bbox 961 743 1367 799; x_wconf 80' lang='grc' dir='ltr'><strong>ἀναπλάττουσι</strong></span> <span class='ocrx_word' id='word_1_30' title='bbox 1394 742 1490 793; x_wconf 79' lang='grc' dir='ltr'><strong>καὶ</strong></span> <span class='ocrx_word' id='word_1_31' title='bbox 1519 740 1664 810; x_wconf 78' lang='grc' dir='ltr'>ζωὴν</span> 
     </span>
    </p>
   </div>
   <div class='ocr_carea' id='block_1_7' title="bbox 148 838 486 898">
    <p class='ocr_par' dir='ltr' id='par_1_7' title="bbox 148 838 486 898">
     <span class='ocr_line' id='line_1_7' title="bbox 148 838 486 898; baseline -0.024 0"><span class='ocrx_word' id='word_1_32' title='bbox 148 838 486 898; x_wconf 80' lang='grc' dir='ltr'>ἀποκαλοῦσιν.</span> 
     </span>
    </p>
   </div>
   <div class='ocr_carea' id='block_1_8' title="bbox 202 927 1666 1003">
    <p class='ocr_par' dir='ltr' id='par_1_8' title="bbox 202 927 1666 1003">
     <span class='ocr_line' id='line_1_8' title="bbox 202 927 1666 1003; baseline -0.008 -15"><span class='ocrx_word' id='word_1_33' title='bbox 202 933 395 988; x_wconf 80' lang='grc' dir='ltr'><strong>Ε’.ὐτι</strong></span> <span class='ocrx_word' id='word_1_34' title='bbox 428 932 520 1003; x_wconf 80' lang='grc' dir='ltr'>μὲν</span> <span class='ocrx_word' id='word_1_35' title='bbox 556 927 646 985; x_wconf 81' lang='grc' dir='ltr'>οὖν</span> <span class='ocrx_word' id='word_1_36' title='bbox 681 931 767 984; x_wconf 79' lang='grc' dir='ltr'><strong>διὰ</strong></span> <span class='ocrx_word' id='word_1_37' title='bbox 810 929 1098 997; x_wconf 83' lang='grc' dir='ltr'>συμϐόλων</span> <span class='ocrx_word' id='word_1_38' title='bbox 1130 929 1224 982; x_wconf 68' lang='grc' dir='ltr'>καὶ</span> <span class='ocrx_word' id='word_1_39' title='bbox 1253 930 1442 982; x_wconf 83' lang='grc' dir='ltr'>τύπων</span> <span class='ocrx_word' id='word_1_40' title='bbox 1474 941 1666 993; x_wconf 73' lang='grc' dir='ltr'>σωμα-</span> 
     </span>
    </p>
   </div>
   <div class='ocr_carea' id='block_1_9' title="bbox 146 1017 1665 1094">
    <p class='ocr_par' dir='ltr' id='par_1_9' title="bbox 146 1017 1665 1094">
     <span class='ocr_line' id='line_1_9' title="bbox 146 1017 1665 1094; baseline -0.007 -13"><span class='ocrx_word' id='word_1_41' title='bbox 146 1029 279 1082; x_wconf 82' lang='grc' dir='ltr'>τικῶν</span> <span class='ocrx_word' id='word_1_42' title='bbox 301 1028 356 1078; x_wconf 85' lang='grc' dir='ltr'>οὐ</span> <span class='ocrx_word' id='word_1_43' title='bbox 386 1026 538 1094; x_wconf 81' lang='grc' dir='ltr'>μόνον</span> <span class='ocrx_word' id='word_1_44' title='bbox 570 1024 598 1076; x_wconf 99' lang='lat'><strong>6</strong></span> <span class='ocrx_word' id='word_1_45' title='bbox 633 1023 765 1085; x_wconf 74' lang='grc' dir='ltr'>Θεὸς</span> <span class='ocrx_word' id='word_1_46' title='bbox 788 1021 973 1091; x_wconf 82' lang='grc' dir='ltr'>ὁμιλεῖ</span> <span class='ocrx_word' id='word_1_47' title='bbox 1001 1023 1114 1085; x_wconf 86' lang='grc' dir='ltr'>τοῖς</span> <span class='ocrx_word' id='word_1_48' title='bbox 1141 1019 1474 1090; x_wconf 83' lang='grc' dir='ltr'>ἀνθρώποις,</span> <span class='ocrx_word' id='word_1_49' title='bbox 1527 1017 1665 1071; x_wconf 78' lang='grc' dir='ltr'>ἀλλὰ</span> 
     </span>
    </p>
   </div>
   <div class='ocr_carea' id='block_1_10' title="bbox 147 1112 1665 1186">
    <p class='ocr_par' dir='ltr' id='par_1_10' title="bbox 147 1112 1665 1186">
     <span class='ocr_line' id='line_1_10' title="bbox 147 1112 1665 1186; baseline -0.009 -10"><span class='ocrx_word' id='word_1_50' title='bbox 147 1122 221 1176; x_wconf 73' lang='grc' dir='ltr'><strong>καί</strong></span> <span class='ocrx_word' id='word_1_51' title='bbox 245 1120 285 1172; x_wconf 83' lang='lat' dir='ltr'><strong>oi</strong></span> <span class='ocrx_word' id='word_1_52' title='bbox 316 1118 518 1186; x_wconf 83' lang='grc' dir='ltr'>ἄγγελοι</span> <span class='ocrx_word' id='word_1_53' title='bbox 545 1117 749 1186; x_wconf 85' lang='grc' dir='ltr'>κτίσμα</span> <span class='ocrx_word' id='word_1_54' title='bbox 782 1114 955 1178; x_wconf 73' lang='grc' dir='ltr'>ὄντες,</span> <span class='ocrx_word' id='word_1_55' title='bbox 985 1114 1204 1185; x_wconf 72' lang='grc' dir='ltr'>εἴρηταί</span> <span class='ocrx_word' id='word_1_56' title='bbox 1226 1130 1287 1165; x_wconf 87' lang='grc' dir='ltr'><strong>τε</strong></span> <span class='ocrx_word' id='word_1_57' title='bbox 1312 1113 1406 1166; x_wconf 75' lang='grc' dir='ltr'>καὶ</span> <span class='ocrx_word' id='word_1_58' title='bbox 1438 1112 1533 1166; x_wconf 83' lang='grc' dir='ltr'>νῦν</span> <span class='ocrx_word' id='word_1_59' title='bbox 1563 1112 1665 1164; x_wconf 70' lang='grc' dir='ltr'>πά-</span> 
     </span>
    </p>
   </div>
   <div class='ocr_carea' id='block_1_11' title="bbox 147 1203 1665 1284">
    <p class='ocr_par' dir='ltr' id='par_1_11' title="bbox 147 1203 1665 1284">
     <span class='ocr_line' id='line_1_11' title="bbox 147 1203 1665 1284; baseline -0.007 -18"><span class='ocrx_word' id='word_1_60' title='bbox 147 1214 213 1268; x_wconf 87' lang='grc' dir='ltr'><strong>λιν</strong></span> <span class='ocrx_word' id='word_1_61' title='bbox 234 1214 308 1267; x_wconf 83' lang='grc' dir='ltr'>διὰ</span> <span class='ocrx_word' id='word_1_62' title='bbox 328 1211 562 1284; x_wconf 81' lang='grc' dir='ltr'>βραχέων</span> <span class='ocrx_word' id='word_1_63' title='bbox 599 1208 855 1282; x_wconf 79' lang='grc' dir='ltr'><strong>ἐροῦμεν.</strong></span> <span class='ocrx_word' id='word_1_64' title='bbox 891 1210 1033 1281; x_wconf 72' lang='grc' dir='ltr'>Φησὶ</span> <span class='ocrx_word' id='word_1_65' title='bbox 1062 1212 1171 1280; x_wconf 83' lang='grc' dir='ltr'><strong>γὰρ</strong></span> <span class='ocrx_word' id='word_1_66' title='bbox 1199 1210 1227 1262; x_wconf 92' lang='lat'><strong>6</strong></span> <span class='ocrx_word' id='word_1_67' title='bbox 1270 1207 1448 1278; x_wconf 82' lang='grc' dir='ltr'><strong>μέγας</strong></span> <span class='ocrx_word' id='word_1_68' title='bbox 1502 1203 1665 1267; x_wconf 81' lang='grc' dir='ltr'>εὐθὺς</span> 
     </span>
    </p>
   </div>
   <div class='ocr_carea' id='block_1_12' title="bbox 145 1299 1664 1373">
    <p class='ocr_par' dir='ltr' id='par_1_12' title="bbox 145 1299 1664 1373">
     <span class='ocr_line' id='line_1_12' title="bbox 145 1299 1664 1373; baseline -0.009 -11"><span class='ocrx_word' id='word_1_69' title='bbox 145 1307 374 1368; x_wconf 74' lang='grc' dir='ltr'>Διονύσιος</span> <span class='ocrx_word' id='word_1_70' title='bbox 407 1304 480 1367; x_wconf 86' lang='grc' dir='ltr'>ὡς</span> <span class='ocrx_word' id='word_1_71' title='bbox 506 1303 602 1358; x_wconf 72' lang='grc' dir='ltr'><strong>καὶ</strong></span> <span class='ocrx_word' id='word_1_72' title='bbox 646 1303 745 1366; x_wconf 80' lang='grc' dir='ltr'>τὰς</span> <span class='ocrx_word' id='word_1_73' title='bbox 779 1304 925 1367; x_wconf 82' lang='grc' dir='ltr'>θείας</span> <span class='ocrx_word' id='word_1_74' title='bbox 970 1303 1192 1373; x_wconf 76' lang='grc' dir='ltr'><strong>ὁράσεις</strong></span> <span class='ocrx_word' id='word_1_75' title='bbox 1218 1302 1270 1354; x_wconf 87' lang='grc' dir='ltr'>οί</span> <span class='ocrx_word' id='word_1_76' title='bbox 1308 1299 1513 1354; x_wconf 72' lang='grc' dir='ltr'>κλεινοὶ</span> <span class='ocrx_word' id='word_1_77' title='bbox 1550 1299 1664 1350; x_wconf 87' lang='grc' dir='ltr'><strong>Πα-</strong></span> 
     </span>
    </p>
   </div>
   <div class='ocr_carea' id='block_1_13' title="bbox 143 1391 1662 1471">
    <p class='ocr_par' dir='ltr' id='par_1_13' title="bbox 143 1391 1662 1471">
     <span class='ocr_line' id='line_1_13' title="bbox 143 1391 1662 1471; baseline -0.007 -16"><span class='ocrx_word' id='word_1_78' title='bbox 143 1403 267 1471; x_wconf 82' lang='grc' dir='ltr'>τέρες</span> <span class='ocrx_word' id='word_1_79' title='bbox 283 1397 426 1469; x_wconf 75' lang='grc' dir='ltr'>ἡμῶν</span> <span class='ocrx_word' id='word_1_80' title='bbox 446 1396 703 1467; x_wconf 81' lang='grc' dir='ltr'>ὲμυοῦντο</span> <span class='ocrx_word' id='word_1_81' title='bbox 728 1395 816 1449; x_wconf 80' lang='grc' dir='ltr'>διὰ</span> <span class='ocrx_word' id='word_1_82' title='bbox 850 1396 1032 1465; x_wconf 77' lang='grc' dir='ltr'>μέσων</span> <span class='ocrx_word' id='word_1_83' title='bbox 1059 1394 1166 1449; x_wconf 77' lang='grc' dir='ltr'>τῶν</span> <span class='ocrx_word' id='word_1_84' title='bbox 1201 1394 1468 1462; x_wconf 79' lang='grc' dir='ltr'><strong>οὐρανίων</strong></span> <span class='ocrx_word' id='word_1_85' title='bbox 1499 1391 1662 1445; x_wconf 77' lang='grc' dir='ltr'>δυνά-</span> 
     </span>
    </p>
   </div>
   <div class='ocr_carea' id='block_1_14' title="bbox 146 1486 1662 1564">
    <p class='ocr_par' dir='ltr' id='par_1_14' title="bbox 146 1486 1662 1564">
     <span class='ocr_line' id='line_1_14' title="bbox 146 1486 1662 1564; baseline -0.005 -19"><span class='ocrx_word' id='word_1_86' title='bbox 146 1511 279 1564; x_wconf 71' lang='lat' dir='ltr'><strong>pstor.</strong></span> <span class='ocrx_word' id='word_1_87' title='bbox 309 1490 410 1544; x_wconf 71' lang='grc' dir='ltr'><strong>Καὶ</strong></span> <span class='ocrx_word' id='word_1_88' title='bbox 434 1489 531 1560; x_wconf 82' lang='grc' dir='ltr'>τὴν</span> <span class='ocrx_word' id='word_1_89' title='bbox 562 1490 714 1561; x_wconf 76' lang='grc' dir='ltr'>ἱερὰν</span> <span class='ocrx_word' id='word_1_90' title='bbox 742 1489 834 1542; x_wconf 76' lang='grc' dir='ltr'>τοῦ</span> <span class='ocrx_word' id='word_1_91' title='bbox 868 1489 1037 1558; x_wconf 86' lang='grc' dir='ltr'>νόμου</span> <span class='ocrx_word' id='word_1_92' title='bbox 1067 1487 1435 1557; x_wconf 84' lang='grc' dir='ltr'>θεσμοθεσίαν</span> <span class='ocrx_word' id='word_1_93' title='bbox 1467 1486 1532 1539; x_wconf 77' lang='grc' dir='ltr'>δι’</span> <span class='ocrx_word' id='word_1_94' title='bbox 1559 1490 1662 1553; x_wconf 81' lang='grc' dir='ltr'>ἀγ·-</span> 
     </span>
    </p>
   </div>
   <div class='ocr_carea' id='block_1_15' title="bbox 142 1578 1664 1656">
    <p class='ocr_par' dir='ltr' id='par_1_15' title="bbox 142 1578 1664 1656">
     <span class='ocr_line' id='line_1_15' title="bbox 142 1578 1664 1656; baseline -0.007 -16"><span class='ocrx_word' id='word_1_95' title='bbox 142 1588 282 1656; x_wconf 80' lang='grc' dir='ltr'>γέλων</span> <span class='ocrx_word' id='word_1_96' title='bbox 304 1586 376 1648; x_wconf 88' lang='grc' dir='ltr'><strong>είς</strong></span> <span class='ocrx_word' id='word_1_97' title='bbox 404 1585 548 1653; x_wconf 77' lang='grc' dir='ltr'>ἡμᾶς</span> <span class='ocrx_word' id='word_1_98' title='bbox 579 1581 883 1653; x_wconf 60' lang='grc' dir='ltr'>προελθεῖν,</span> <span class='ocrx_word' id='word_1_99' title='bbox 914 1582 1161 1634; x_wconf 85' lang='grc' dir='ltr'><strong>διδάσκει</strong></span> <span class='ocrx_word' id='word_1_100' title='bbox 1195 1580 1383 1648; x_wconf 83' lang='grc' dir='ltr'><strong>σαφῶς</strong></span> <span class='ocrx_word' id='word_1_101' title='bbox 1421 1579 1454 1648; x_wconf 79' lang='grc' dir='ltr'>ἡ</span> <span class='ocrx_word' id='word_1_102' title='bbox 1485 1578 1664 1631; x_wconf 86' lang='grc' dir='ltr'>θεολο-</span> 
     </span>
    </p>
   </div>
   <div class='ocr_carea' id='block_1_16' title="bbox 142 1670 1660 1745">
    <p class='ocr_par' dir='ltr' id='par_1_16' title="bbox 142 1670 1660 1745">
     <span class='ocr_line' id='line_1_16' title="bbox 142 1670 1660 1745; baseline -0.006 -17"><span class='ocrx_word' id='word_1_103' title='bbox 142 1678 213 1745; x_wconf 61' lang='lat' dir='ltr'><strong>Tia</strong></span> <span class='ocrx_word' id='word_1_104' title='bbox 238 1675 302 1737; x_wconf 85' lang='grc' dir='ltr'>ὡς</span> <span class='ocrx_word' id='word_1_105' title='bbox 324 1674 412 1742; x_wconf 81' lang='grc' dir='ltr'>τῆς</span> <span class='ocrx_word' id='word_1_106' title='bbox 432 1673 779 1741; x_wconf 79' lang='grc' dir='ltr'>θεωνυμικῆς</span> <span class='ocrx_word' id='word_1_107' title='bbox 803 1673 1009 1739; x_wconf 84' lang='grc' dir='ltr'>τάξεως</span> <span class='ocrx_word' id='word_1_108' title='bbox 1033 1673 1209 1725; x_wconf 73' lang='grc' dir='ltr'>ἐκεῖνο</span> <span class='ocrx_word' id='word_1_109' title='bbox 1237 1670 1660 1740; x_wconf 78' lang='grc' dir='ltr'>νομοθετούσης,</span> 
     </span>
    </p>
   </div>
   <div class='ocr_carea' id='block_1_17' title="bbox 140 1759 1664 1837">
    <p class='ocr_par' dir='ltr' id='par_1_17' title="bbox 140 1759 1664 1837">
     <span class='ocr_line' id='line_1_17' title="bbox 140 1759 1664 1837; baseline -0.005 -17"><span class='ocrx_word' id='word_1_110' title='bbox 140 1772 185 1821; x_wconf 69' lang='grc' dir='ltr'><strong>ιδ</strong></span> <span class='ocrx_word' id='word_1_111' title='bbox 211 1768 283 1820; x_wconf 71' lang='grc' dir='ltr'>διὰ</span> <span class='ocrx_word' id='word_1_112' title='bbox 313 1765 413 1818; x_wconf 83' lang='grc' dir='ltr'><strong>τῶν</strong></span> <span class='ocrx_word' id='word_1_113' title='bbox 455 1765 689 1833; x_wconf 84' lang='grc' dir='ltr'>πρώτων</span> <span class='ocrx_word' id='word_1_114' title='bbox 725 1762 790 1837; x_wconf 74' lang='grc' dir='ltr'><strong>[ί.</strong></span> <span class='ocrx_word' id='word_1_115' title='bbox 828 1764 935 1820; x_wconf 72' lang='grc'>257</span> <span class='ocrx_word' id='word_1_116' title='bbox 965 1760 1030 1835; x_wconf 80' lang='lat' dir='ltr'><strong>a]</strong></span> <span class='ocrx_word' id='word_1_117' title='bbox 1067 1766 1128 1816; x_wconf 73' lang='grc' dir='ltr'><strong>τὰ</strong></span> <span class='ocrx_word' id='word_1_118' title='bbox 1163 1762 1394 1832; x_wconf 80' lang='grc' dir='ltr'>δεύτερα</span> <span class='ocrx_word' id='word_1_119' title='bbox 1428 1760 1566 1828; x_wconf 76' lang='grc' dir='ltr'>πρὸς</span> <span class='ocrx_word' id='word_1_120' title='bbox 1606 1759 1664 1812; x_wconf 70' lang='grc' dir='ltr'>τὸ</span> 
     </span>
    </p>
   </div>
   <div class='ocr_carea' id='block_1_18' title="bbox 142 1850 1664 1923">
    <p class='ocr_par' dir='ltr' id='par_1_18' title="bbox 142 1850 1664 1923">
     <span class='ocr_line' id='line_1_18' title="bbox 142 1850 1664 1923; baseline -0.007 -13"><span class='ocrx_word' id='word_1_121' title='bbox 142 1859 251 1910; x_wconf 78' lang='grc' dir='ltr'>θεῖον</span> <span class='ocrx_word' id='word_1_122' title='bbox 270 1855 574 1923; x_wconf 86' lang='grc' dir='ltr'>ἀνάγεσθαι.</span> <span class='ocrx_word' id='word_1_123' title='bbox 621 1856 736 1909; x_wconf 75' lang='grc' dir='ltr'>Καὶ</span> <span class='ocrx_word' id='word_1_124' title='bbox 791 1856 858 1923; x_wconf 80' lang='grc' dir='ltr'>τῇ</span> <span class='ocrx_word' id='word_1_125' title='bbox 917 1852 1183 1923; x_wconf 79' lang='grc' dir='ltr'>Παρθένῳ</span> <span class='ocrx_word' id='word_1_126' title='bbox 1212 1852 1269 1904; x_wconf 81' lang='grc' dir='ltr'>δὲ</span> <span class='ocrx_word' id='word_1_127' title='bbox 1296 1852 1355 1904; x_wconf 74' lang='grc' dir='ltr'>τὸ</span> <span class='ocrx_word' id='word_1_128' title='bbox 1387 1850 1532 1903; x_wconf 82' lang='grc' dir='ltr'>θεῖον</span> <span class='ocrx_word' id='word_1_129' title='bbox 1565 1866 1664 1918; x_wconf 88' lang='grc' dir='ltr'>μυ-</span> 
     </span>
    </p>
   </div>
   <div class='ocr_carea' id='block_1_19' title="bbox 143 1941 1659 2018">
    <p class='ocr_par' dir='ltr' id='par_1_19' title="bbox 143 1941 1659 2018">
     <span class='ocr_line' id='line_1_19' title="bbox 143 1941 1659 2018; baseline -0.005 -18"><span class='ocrx_word' id='word_1_130' title='bbox 143 1950 318 2018; x_wconf 66' lang='grc' dir='ltr'>στήριον</span> <span class='ocrx_word' id='word_1_131' title='bbox 342 1946 562 2011; x_wconf 77' lang='grc' dir='ltr'>ἄγγελος</span> <span class='ocrx_word' id='word_1_132' title='bbox 611 1941 681 2015; x_wconf 76' lang='grc' dir='ltr'>ἦν</span> <span class='ocrx_word' id='word_1_133' title='bbox 710 1945 946 2015; x_wconf 76' lang='grc' dir='ltr'><strong>κομίσας</strong></span> <span class='ocrx_word' id='word_1_134' title='bbox 992 1944 1322 2013; x_wconf 81' lang='grc' dir='ltr'>ἀνθρωπίνῳ</span> <span class='ocrx_word' id='word_1_135' title='bbox 1348 1941 1504 2012; x_wconf 84' lang='grc' dir='ltr'>τύπῳ</span> <span class='ocrx_word' id='word_1_136' title='bbox 1565 1941 1659 1993; x_wconf 55' lang='grc' dir='ltr'><strong>καὶ⁸</strong></span> 
     </span>
    </p>
   </div>
   <div class='ocr_carea' id='block_1_20' title="bbox 144 2034 1659 2107">
    <p class='ocr_par' dir='ltr' id='par_1_20' title="bbox 144 2034 1659 2107">
     <span class='ocr_line' id='line_1_20' title="bbox 144 2034 1659 2107; baseline -0.003 -17"><span class='ocrx_word' id='word_1_137' title='bbox 144 2042 357 2107; x_wconf 79' lang='grc' dir='ltr'>σχήματι.</span> <span class='ocrx_word' id='word_1_138' title='bbox 389 2040 496 2091; x_wconf 73' lang='grc' dir='ltr'>Καὶ</span> <span class='ocrx_word' id='word_1_139' title='bbox 541 2040 655 2100; x_wconf 85' lang='grc' dir='ltr'>τοῖς</span> <span class='ocrx_word' id='word_1_140' title='bbox 687 2038 945 2106; x_wconf 80' lang='grc' dir='ltr'><strong>ποιμέσιν</strong></span> <span class='ocrx_word' id='word_1_141' title='bbox 975 2034 1206 2106; x_wconf 82' lang='grc' dir='ltr'>ἄγγελος</span> <span class='ocrx_word' id='word_1_142' title='bbox 1259 2036 1468 2107; x_wconf 79' lang='grc' dir='ltr'>Κυρίου</span> <span class='ocrx_word' id='word_1_143' title='bbox 1515 2034 1659 2102; x_wconf 83' lang='grc' dir='ltr'>τότε,</span> 
     </span>
    </p>
   </div>
   <div class='ocr_carea' id='block_1_21' title="bbox 142 2128 1658 2197">
    <p class='ocr_par' dir='ltr' id='par_1_21' title="bbox 142 2128 1658 2197">
     <span class='ocr_line' id='line_1_21' title="bbox 142 2128 1658 2197; baseline 0.002 -19"><span class='ocrx_word' id='word_1_144' title='bbox 142 2129 521 2196; x_wconf 74' lang='grc' dir='ltr'>φησὶν,ὲπέστη,</span> <span class='ocrx_word' id='word_1_145' title='bbox 540 2129 636 2181; x_wconf 73' lang='grc' dir='ltr'>καὶ</span> <span class='ocrx_word' id='word_1_146' title='bbox 657 2128 783 2193; x_wconf 75' lang='grc' dir='ltr'>δόξα</span> <span class='ocrx_word' id='word_1_147' title='bbox 812 2129 1018 2197; x_wconf 84' lang='grc' dir='ltr'>Κυρίου</span> <span class='ocrx_word' id='word_1_148' title='bbox 1044 2128 1420 2197; x_wconf 79' lang='grc' dir='ltr'>περιέλαμψεν</span> <span class='ocrx_word' id='word_1_149' title='bbox 1440 2128 1658 2190; x_wconf 75' lang='grc' dir='ltr'>αὐτούς.</span> 
     </span>
    </p>
   </div>
   <div class='ocr_carea' id='block_1_22' title="bbox 140 2219 1662 2289">
    <p class='ocr_par' dir='ltr' id='par_1_22' title="bbox 140 2219 1662 2289">
     <span class='ocr_line' id='line_1_22' title="bbox 140 2219 1662 2289; baseline 0 -16"><span class='ocrx_word' id='word_1_150' title='bbox 140 2222 226 2273; x_wconf 77' lang='lat' dir='ltr'><strong>Kal</strong></span> <span class='ocrx_word' id='word_1_151' title='bbox 248 2220 326 2272; x_wconf 70' lang='grc' dir='ltr'>τὸν</span> <span class='ocrx_word' id='word_1_152' title='bbox 353 2219 413 2272; x_wconf 87' lang='grc' dir='ltr'>δι’</span> <span class='ocrx_word' id='word_1_153' title='bbox 434 2219 682 2288; x_wconf 77' lang='grc' dir='ltr'>ἀγγέλων</span> <span class='ocrx_word' id='word_1_154' title='bbox 726 2220 1058 2287; x_wconf 78' lang='grc' dir='ltr'>λαλούμενον</span> <span class='ocrx_word' id='word_1_155' title='bbox 1094 2220 1250 2288; x_wconf 89' lang='grc' dir='ltr'>λόγον</span> <span class='ocrx_word' id='word_1_156' title='bbox 1283 2224 1538 2288; x_wconf 83' lang='grc' dir='ltr'>γίνεσθαι</span> <span class='ocrx_word' id='word_1_157' title='bbox 1570 2219 1662 2289; x_wconf 76' lang='grc' dir='ltr'><strong>βέ-</strong></span> 
     </span>
    </p>
   </div>
   <div class='ocr_carea' id='block_1_23' title="bbox 140 2298 1662 2382">
    <p class='ocr_par' dir='ltr' id='par_1_23' title="bbox 140 2298 1662 2382">
     <span class='ocr_line' id='line_1_23' title="bbox 140 2298 1662 2382; baseline 0.001 -20"><span class='ocrx_word' id='word_1_158' title='bbox 140 2298 259 2363; x_wconf 67' lang='grc' dir='ltr'>ϐαῗον</span> <span class='ocrx_word' id='word_1_159' title='bbox 282 2311 537 2381; x_wconf 79' lang='grc' dir='ltr'>ἀκούομεν</span> <span class='ocrx_word' id='word_1_160' title='bbox 557 2328 570 2342; x_wconf 91' lang='grc'><strong>·</strong></span> <span class='ocrx_word' id='word_1_161' title='bbox 607 2313 708 2375; x_wconf 70' lang='grc' dir='ltr'><strong>τὰς</strong></span> <span class='ocrx_word' id='word_1_162' title='bbox 736 2313 848 2382; x_wconf 75' lang='grc' dir='ltr'><strong>γάρ</strong></span> <span class='ocrx_word' id='word_1_163' title='bbox 877 2312 1076 2375; x_wconf 76' lang='grc' dir='ltr'>ἀύλους</span> <span class='ocrx_word' id='word_1_164' title='bbox 1126 2312 1420 2382; x_wconf 82' lang='grc' dir='ltr'>ίεραρχίας</span> <span class='ocrx_word' id='word_1_165' title='bbox 1451 2312 1662 2374; x_wconf 69' lang='grc' dir='ltr'>ίιλαίοπς</span> 
     </span>
    </p>
   </div>
   <div class='ocr_carea' id='block_1_24' title="bbox 140 2400 1663 2472">
    <p class='ocr_par' dir='ltr' id='par_1_24' title="bbox 140 2400 1663 2472">
     <span class='ocr_line' id='line_1_24' title="bbox 140 2400 1663 2472; baseline 0.001 -21"><span class='ocrx_word' id='word_1_166' title='bbox 140 2402 339 2470; x_wconf 82' lang='grc' dir='ltr'>σχήμασι</span> <span class='ocrx_word' id='word_1_167' title='bbox 385 2401 475 2453; x_wconf 76' lang='grc' dir='ltr'>καὶ</span> <span class='ocrx_word' id='word_1_168' title='bbox 506 2405 885 2472; x_wconf 74' lang='grc' dir='ltr'>μορφωτικαῖς</span> <span class='ocrx_word' id='word_1_169' title='bbox 938 2401 1224 2455; x_wconf 76' lang='grc' dir='ltr'>συνθέσεσι</span> <span class='ocrx_word' id='word_1_170' title='bbox 1276 2400 1663 2455; x_wconf 82' lang='grc' dir='ltr'>διαποικίλασα</span> 
     </span>
    </p>
   </div>
   <div class='ocr_carea' id='block_1_25' title="bbox 140 2493 1662 2564">
    <p class='ocr_par' dir='ltr' id='par_1_25' title="bbox 140 2493 1662 2564">
     <span class='ocr_line' id='line_1_25' title="bbox 140 2493 1662 2564; baseline -0.001 -19"><span class='ocrx_word' id='word_1_171' title='bbox 140 2493 470 2563; x_wconf 67' lang='grc' dir='ltr'><strong>παραδέδωκεν</strong></span> <span class='ocrx_word' id='word_1_172' title='bbox 516 2497 549 2564; x_wconf 81' lang='grc' dir='ltr'>ὴ</span> <span class='ocrx_word' id='word_1_173' title='bbox 582 2495 864 2548; x_wconf 80' lang='grc' dir='ltr'><strong>Διονυσίου</strong></span> <span class='ocrx_word' id='word_1_174' title='bbox 897 2494 1169 2549; x_wconf 83' lang='grc' dir='ltr'>τοῦ’θείου</span> <span class='ocrx_word' id='word_1_175' title='bbox 1207 2493 1417 2564; x_wconf 74' lang='grc' dir='ltr'>βίϐλος·</span> <span class='ocrx_word' id='word_1_176' title='bbox 1461 2493 1522 2546; x_wconf 85' lang='grc' dir='ltr'><strong>ού</strong></span> <span class='ocrx_word' id='word_1_177' title='bbox 1555 2495 1662 2562; x_wconf 72' lang='grc' dir='ltr'><strong>γὰρ</strong></span> 
     </span>
    </p>
   </div>
   <div class='ocr_carea' id='block_1_26' title="bbox 136 2586 1663 2658">
    <p class='ocr_par' dir='ltr' id='par_1_26' title="bbox 136 2586 1663 2658">
     <span class='ocr_line' id='line_1_26' title="bbox 136 2586 1663 2658; baseline 0.001 -21"><span class='ocrx_word' id='word_1_178' title='bbox 136 2586 334 2652; x_wconf 82' lang='grc' dir='ltr'>δυνατὸν,</span> <span class='ocrx_word' id='word_1_179' title='bbox 370 2589 518 2656; x_wconf 67' lang='grc' dir='ltr'>φησὶ,</span> <span class='ocrx_word' id='word_1_180' title='bbox 551 2588 631 2658; x_wconf 85' lang='grc' dir='ltr'>τῷ</span> <span class='ocrx_word' id='word_1_181' title='bbox 682 2586 805 2641; x_wconf 84' lang='grc' dir='ltr'>καθ’</span> <span class='ocrx_word' id='word_1_182' title='bbox 832 2589 980 2658; x_wconf 79' lang='grc' dir='ltr'>ἡμᾶς</span> <span class='ocrx_word' id='word_1_183' title='bbox 1035 2587 1112 2658; x_wconf 82' lang='grc' dir='ltr'>νῷ</span> <span class='ocrx_word' id='word_1_184' title='bbox 1162 2586 1298 2658; x_wconf 77' lang='grc' dir='ltr'>πρὸς</span> <span class='ocrx_word' id='word_1_185' title='bbox 1358 2586 1456 2658; x_wconf 80' lang='grc' dir='ltr'><strong>τὴν</strong></span> <span class='ocrx_word' id='word_1_186' title='bbox 1497 2588 1663 2642; x_wconf 64' lang='lat' dir='ltr'><strong>eam</strong></span> 
     </span>
    </p>
   </div>
   <div class='ocr_carea' id='block_1_27' title="bbox 136 2677 1662 2751">
    <p class='ocr_par' dir='ltr' id='par_1_27' title="bbox 136 2677 1662 2751">
     <span class='ocr_line' id='line_1_27' title="bbox 136 2677 1662 2751; baseline 0.005 -22"><span class='ocrx_word' id='word_1_187' title='bbox 136 2677 311 2749; x_wconf 75' lang='grc' dir='ltr'>ἐκείνην</span> <span class='ocrx_word' id='word_1_188' title='bbox 335 2681 662 2749; x_wconf 78' lang='grc' dir='ltr'>ἀναταθῆναι</span> <span class='ocrx_word' id='word_1_189' title='bbox 689 2681 798 2735; x_wconf 76' lang='grc' dir='ltr'><strong>τῶν</strong></span> <span class='ocrx_word' id='word_1_190' title='bbox 851 2682 1121 2751; x_wconf 79' lang='grc' dir='ltr'>οὐρανίων</span> <span class='ocrx_word' id='word_1_191' title='bbox 1158 2680 1453 2749; x_wconf 81' lang='grc' dir='ltr'>ίεραρχιῶν</span> <span class='ocrx_word' id='word_1_192' title='bbox 1486 2680 1662 2750; x_wconf 79' lang='grc' dir='ltr'>μίμη-</span> 
     </span>
    </p>
   </div>
   <div class='ocr_carea' id='block_1_28' title="bbox 136 2765 1664 2839">
    <p class='ocr_par' dir='ltr' id='par_1_28' title="bbox 136 2765 1664 2839">
     <span class='ocr_line' id='line_1_28' title="bbox 136 2765 1664 2839; baseline 0.003 -21"><span class='ocrx_word' id='word_1_193' title='bbox 136 2765 202 2819; x_wconf 87' lang='grc' dir='ltr'><strong>σίν</strong></span> <span class='ocrx_word' id='word_1_194' title='bbox 224 2784 274 2819; x_wconf 86' lang='grc' dir='ltr'><strong>τε</strong></span> <span class='ocrx_word' id='word_1_195' title='bbox 301 2769 386 2819; x_wconf 79' lang='grc' dir='ltr'>καὶ</span> <span class='ocrx_word' id='word_1_196' title='bbox 417 2767 673 2837; x_wconf 78' lang='grc' dir='ltr'>Θεωρίαν,</span> <span class='ocrx_word' id='word_1_197' title='bbox 707 2769 755 2821; x_wconf 90' lang='grc' dir='ltr'><strong>εί</strong></span> <span class='ocrx_word' id='word_1_198' title='bbox 788 2768 864 2839; x_wconf 81' lang='grc' dir='ltr'>μὴ</span> <span class='ocrx_word' id='word_1_199' title='bbox 890 2768 957 2838; x_wconf 81' lang='grc' dir='ltr'>τῇ</span> <span class='ocrx_word' id='word_1_200' title='bbox 988 2768 1113 2822; x_wconf 76' lang='grc' dir='ltr'>κατ’</span> <span class='ocrx_word' id='word_1_201' title='bbox 1157 2769 1320 2821; x_wconf 77' lang='grc' dir='ltr'>αὑτὸν</span> <span class='ocrx_word' id='word_1_202' title='bbox 1352 2770 1513 2839; x_wconf 70' lang='grc' dir='ltr'>ύλαίᾳ</span> <span class='ocrx_word' id='word_1_203' title='bbox 1548 2788 1664 2839; x_wconf 82' lang='grc' dir='ltr'>χει-</span> 
     </span>
    </p>
   </div>
   <div class='ocr_carea' id='block_1_29' title="bbox 132 2858 1664 2933">
    <p class='ocr_par' dir='ltr' id='par_1_29' title="bbox 132 2858 1664 2933">
     <span class='ocr_line' id='line_1_29' title="bbox 132 2858 1664 2933; baseline 0.002 -22"><span class='ocrx_word' id='word_1_204' title='bbox 132 2859 339 2929; x_wconf 75' lang='grc' dir='ltr'>ραγωγὲᾳ</span> <span class='ocrx_word' id='word_1_205' title='bbox 366 2861 648 2929; x_wconf 76' lang='grc' dir='ltr'>χρήσαιτο.</span> <span class='ocrx_word' id='word_1_206' title='bbox 677 2860 1044 2928; x_wconf 83' lang='grc' dir='ltr'>Αειτουργίκὰ</span> <span class='ocrx_word' id='word_1_207' title='bbox 1079 2858 1187 2930; x_wconf 86' lang='grc' dir='ltr'>γὰρ</span> <span class='ocrx_word' id='word_1_208' title='bbox 1213 2861 1263 2911; x_wconf 87' lang='grc' dir='ltr'><strong>οί</strong></span> <span class='ocrx_word' id='word_1_209' title='bbox 1286 2860 1529 2927; x_wconf 75' lang='grc' dir='ltr'>ἄγγελοι,</span> <span class='ocrx_word' id='word_1_210' title='bbox 1563 2880 1664 2933; x_wconf 77' lang='grc' dir='ltr'><strong>φη-</strong></span> 
     </span>
    </p>
   </div>
   <div class='ocr_carea' id='block_1_30' title="bbox 132 2950 1659 3021">
    <p class='ocr_par' dir='ltr' id='par_1_30' title="bbox 132 2950 1659 3021">
     <span class='ocr_line' id='line_1_30' title="bbox 132 2950 1659 3021; baseline 0.005 -22"><span class='ocrx_word' id='word_1_211' title='bbox 132 2951 214 3014; x_wconf 78' lang='grc' dir='ltr'>σὶν,</span> <span class='ocrx_word' id='word_1_212' title='bbox 242 2951 334 3002; x_wconf 66' lang='lat' dir='ltr'><strong>eis!</strong></span> <span class='ocrx_word' id='word_1_213' title='bbox 361 2950 671 3020; x_wconf 82' lang='grc' dir='ltr'>πνεύματα,</span> <span class='ocrx_word' id='word_1_214' title='bbox 708 2953 845 3021; x_wconf 83' lang='grc' dir='ltr'>πρὸς</span> <span class='ocrx_word' id='word_1_215' title='bbox 873 2950 1150 3004; x_wconf 84' lang='grc' dir='ltr'>διακονίαν</span> <span class='ocrx_word' id='word_1_216' title='bbox 1191 2952 1659 3021; x_wconf 72' lang='grc' dir='ltr'>ἀποστελλόμενα.</span> 
     </span>
    </p>
   </div>
   <div class='ocr_carea' id='block_1_31' title="bbox 131 3042 1663 3117">
    <p class='ocr_par' dir='ltr' id='par_1_31' title="bbox 131 3042 1663 3117">
     <span class='ocr_line' id='line_1_31' title="bbox 131 3042 1663 3117; baseline 0.005 -24"><span class='ocrx_word' id='word_1_217' title='bbox 131 3042 218 3095; x_wconf 74' lang='grc' dir='ltr'><strong>Καὶ</strong></span> <span class='ocrx_word' id='word_1_218' title='bbox 242 3043 309 3112; x_wconf 89' lang='grc' dir='ltr'>τῷ</span> <span class='ocrx_word' id='word_1_219' title='bbox 337 3043 546 3115; x_wconf 76' lang='grc' dir='ltr'>Χριστῴ</span> <span class='ocrx_word' id='word_1_220' title='bbox 575 3046 637 3098; x_wconf 83' lang='grc' dir='ltr'><strong>δὲ</strong></span> <span class='ocrx_word' id='word_1_221' title='bbox 671 3044 894 3112; x_wconf 77' lang='grc' dir='ltr'>ἄγγελοι</span> <span class='ocrx_word' id='word_1_222' title='bbox 926 3044 1230 3114; x_wconf 83' lang='grc' dir='ltr'><strong>διηκόνουν,</strong></span> <span class='ocrx_word' id='word_1_223' title='bbox 1259 3046 1423 3115; x_wconf 75' lang='grc' dir='ltr'>φησὶν</span> <span class='ocrx_word' id='word_1_224' title='bbox 1452 3048 1484 3114; x_wconf 82' lang='grc' dir='ltr'>ἡ</span> <span class='ocrx_word' id='word_1_225' title='bbox 1518 3046 1663 3117; x_wconf 83' lang='grc' dir='ltr'>Γρα-</span> 
     </span>
    </p>
   </div>
   <div class='ocr_carea' id='block_1_32' title="bbox 130 3135 1662 3208">
    <p class='ocr_par' dir='ltr' id='par_1_32' title="bbox 130 3135 1662 3208">
     <span class='ocr_line' id='line_1_32' title="bbox 130 3135 1662 3208; baseline 0.004 -21"><span class='ocrx_word' id='word_1_226' title='bbox 130 3137 203 3206; x_wconf 64' lang='lat' dir='ltr'><strong>cpi}.</strong></span> <span class='ocrx_word' id='word_1_227' title='bbox 235 3139 329 3190; x_wconf 76' lang='lat' dir='ltr'><strong>Kal</strong></span> <span class='ocrx_word' id='word_1_228' title='bbox 355 3139 625 3207; x_wconf 79' lang='grc' dir='ltr'><strong>ἀγγέλους</strong></span> <span class='ocrx_word' id='word_1_229' title='bbox 656 3135 814 3202; x_wconf 82' lang='grc' dir='ltr'>αὖθις</span> <span class='ocrx_word' id='word_1_230' title='bbox 853 3136 1124 3208; x_wconf 80' lang='grc' dir='ltr'>ἐνισχύειν</span> <span class='ocrx_word' id='word_1_231' title='bbox 1166 3138 1315 3208; x_wconf 84' lang='grc' dir='ltr'>αύτῷ</span> <span class='ocrx_word' id='word_1_232' title='bbox 1340 3138 1558 3207; x_wconf 82' lang='grc' dir='ltr'>λέγεται</span> <span class='ocrx_word' id='word_1_233' title='bbox 1586 3138 1662 3202; x_wconf 82' lang='grc' dir='ltr'>ὡς</span> 
     </span>
    </p>
   </div>
   <div class='ocr_carea' id='block_1_33' title="bbox 128 3221 1662 3301">
    <p class='ocr_par' dir='ltr' id='par_1_33' title="bbox 128 3221 1662 3301">
     <span class='ocr_line' id='line_1_33' title="bbox 128 3221 1662 3301; baseline 0.005 -23"><span class='ocrx_word' id='word_1_234' title='bbox 128 3227 372 3300; x_wconf 82' lang='grc' dir='ltr'>ἀνθρώπῳ.</span> <span class='ocrx_word' id='word_1_235' title='bbox 404 3232 507 3283; x_wconf 76' lang='grc' dir='ltr'><strong>Καὶ</strong></span> <span class='ocrx_word' id='word_1_236' title='bbox 542 3221 734 3295; x_wconf 72' lang='grc' dir='ltr'>πάλιν,</span> <span class='ocrx_word' id='word_1_237' title='bbox 771 3248 789 3282; x_wconf 83' lang='grc' dir='ltr'><strong>ι</strong></span> <span class='ocrx_word' id='word_1_238' title='bbox 812 3230 1120 3300; x_wconf 81' lang='grc' dir='ltr'>Ἡδυνάμην</span> <span class='ocrx_word' id='word_1_239' title='bbox 1149 3230 1367 3295; x_wconf 87' lang='grc' dir='ltr'>πλείους</span> <span class='ocrx_word' id='word_1_240' title='bbox 1397 3230 1662 3301; x_wconf 82' lang='grc' dir='ltr'>ἢδώδεκα</span> 
     </span>
    </p>
   </div>
   <div class='ocr_carea' id='block_1_34' title="bbox 128 3316 1661 3391">
    <p class='ocr_par' dir='ltr' id='par_1_34' title="bbox 128 3316 1661 3391">
     <span class='ocr_line' id='line_1_34' title="bbox 128 3316 1661 3391; baseline 0.004 -24"><span class='ocrx_word' id='word_1_241' title='bbox 128 3316 353 3384; x_wconf 78' lang='grc' dir='ltr'>λεγεῶνας</span> <span class='ocrx_word' id='word_1_242' title='bbox 377 3320 735 3391; x_wconf 71' lang='grc' dir='ltr'>παραστῆσαι</span> <span class='ocrx_word' id='word_1_243' title='bbox 756 3320 1031 3387; x_wconf 82' lang='grc' dir='ltr'>ἀγγέλων,</span> <span class='ocrx_word' id='word_1_244' title='bbox 1067 3336 1087 3371; x_wconf 76' lang='grc' dir='ltr'><strong>ι</strong></span> <span class='ocrx_word' id='word_1_245' title='bbox 1122 3318 1307 3389; x_wconf 76' lang='grc' dir='ltr'>φησίν.</span> <span class='ocrx_word' id='word_1_246' title='bbox 1352 3320 1458 3372; x_wconf 75' lang='grc' dir='ltr'>Καὶ</span> <span class='ocrx_word' id='word_1_247' title='bbox 1488 3318 1661 3373; x_wconf 71' lang='grc' dir='ltr'>πολλὰ</span> 
     </span>
    </p>
   </div>
   <div class='ocr_carea' id='block_1_35' title="bbox 127 3408 1660 3482">
    <p class='ocr_par' dir='ltr' id='par_1_35' title="bbox 127 3408 1660 3482">
     <span class='ocr_line' id='line_1_35' title="bbox 127 3408 1660 3482; baseline 0.005 -24"><span class='ocrx_word' id='word_1_248' title='bbox 127 3408 309 3461; x_wconf 81' lang='grc' dir='ltr'>τοιαῦτα</span> <span class='ocrx_word' id='word_1_249' title='bbox 328 3410 708 3480; x_wconf 82' lang='grc' dir='ltr'>σωματοειδῶς</span> <span class='ocrx_word' id='word_1_250' title='bbox 738 3411 1012 3481; x_wconf 82' lang='grc' dir='ltr'>είρημένα</span> <span class='ocrx_word' id='word_1_251' title='bbox 1045 3413 1175 3482; x_wconf 81' lang='grc' dir='ltr'>περὶ</span> <span class='ocrx_word' id='word_1_252' title='bbox 1201 3410 1311 3464; x_wconf 84' lang='grc' dir='ltr'><strong>τῶν</strong></span> <span class='ocrx_word' id='word_1_253' title='bbox 1352 3413 1660 3482; x_wconf 80' lang='grc' dir='ltr'>ἀσωμάτων</span> 
     </span>
    </p>
   </div>
   <div class='ocr_carea' id='block_1_36' title="bbox 125 3498 1659 3573">
    <p class='ocr_par' dir='ltr' id='par_1_36' title="bbox 125 3498 1659 3573">
     <span class='ocr_line' id='line_1_36' title="bbox 125 3498 1659 3573; baseline 0.005 -23"><span class='ocrx_word' id='word_1_254' title='bbox 125 3498 362 3569; x_wconf 77' lang='grc' dir='ltr'>δυνάμεων</span> <span class='ocrx_word' id='word_1_255' title='bbox 411 3503 750 3573; x_wconf 77' lang='grc' dir='ltr'>σωματικῶς</span> <span class='ocrx_word' id='word_1_256' title='bbox 784 3503 1128 3573; x_wconf 77' lang='grc' dir='ltr'>φαινομένων</span> <span class='ocrx_word' id='word_1_257' title='bbox 1165 3506 1288 3565; x_wconf 83' lang='grc' dir='ltr'>ταῖς</span> <span class='ocrx_word' id='word_1_258' title='bbox 1336 3503 1510 3568; x_wconf 78' lang='grc' dir='ltr'>θείαις</span> <span class='ocrx_word' id='word_1_259' title='bbox 1564 3506 1659 3558; x_wconf 78' lang='grc' dir='ltr'><strong>καὶ</strong></span> 
     </span>
    </p>
   </div>
   <div class='ocr_carea' id='block_1_37' title="bbox 127 3590 1657 3667">
    <p class='ocr_par' dir='ltr' id='par_1_37' title="bbox 127 3590 1657 3667">
     <span class='ocr_line' id='line_1_37' title="bbox 127 3590 1657 3667; baseline 0.005 -26"><span class='ocrx_word' id='word_1_260' title='bbox 127 3590 265 3660; x_wconf 78' lang='grc' dir='ltr'>ἱεραῖς</span> <span class='ocrx_word' id='word_1_261' title='bbox 289 3595 574 3664; x_wconf 79' lang='grc' dir='ltr'>ἐμφέρεται</span> <span class='ocrx_word' id='word_1_262' title='bbox 613 3594 819 3666; x_wconf 85' lang='grc' dir='ltr'>βίϐλοις</span> <span class='ocrx_word' id='word_1_263' title='bbox 854 3597 1204 3665; x_wconf 72' lang='grc' dir='ltr'>οἰκονομικόν</span> <span class='ocrx_word' id='word_1_264' title='bbox 1240 3615 1360 3649; x_wconf 84' lang='grc' dir='ltr'>τινα</span> <span class='ocrx_word' id='word_1_265' title='bbox 1416 3598 1619 3667; x_wconf 81' lang='grc' dir='ltr'>τρόπον</span> <span class='ocrx_word' id='word_1_266' title='bbox 1642 3613 1657 3629; x_wconf 70' lang='grc' dir='ltr'><strong>ο</strong></span> 
     </span>
    </p>
   </div>
   <div class='ocr_carea' id='block_1_38' title="bbox 122 3682 1659 3759">
    <p class='ocr_par' dir='ltr' id='par_1_38' title="bbox 122 3682 1659 3759">
     <span class='ocr_line' id='line_1_38' title="bbox 122 3682 1659 3759; baseline 0.004 -23"><span class='ocrx_word' id='word_1_267' title='bbox 122 3682 268 3755; x_wconf 69' lang='grc' dir='ltr'>ἇσπερ</span> <span class='ocrx_word' id='word_1_268' title='bbox 290 3689 376 3741; x_wconf 74' lang='grc' dir='ltr'>καὶ</span> <span class='ocrx_word' id='word_1_269' title='bbox 411 3688 769 3759; x_wconf 66' lang='grc' dir='ltr'>μορφωτικὰς</span> <span class='ocrx_word' id='word_1_270' title='bbox 797 3687 1086 3758; x_wconf 78' lang='grc' dir='ltr'>δυνάμεων</span> <span class='ocrx_word' id='word_1_271' title='bbox 1119 3689 1336 3754; x_wconf 80' lang='grc' dir='ltr'>εἰκόνας</span> <span class='ocrx_word' id='word_1_272' title='bbox 1359 3689 1514 3743; x_wconf 87' lang='grc' dir='ltr'>καλεί</span> <span class='ocrx_word' id='word_1_273' title='bbox 1540 3690 1659 3742; x_wconf 92' lang='grc' dir='ltr'><strong>Διο-</strong></span> 
     </span>
    </p>
   </div>
   <div class='ocr_carea' id='block_1_39' title="bbox 123 3777 1656 3854">
    <p class='ocr_par' dir='ltr' id='par_1_39' title="bbox 123 3777 1656 3854">
     <span class='ocr_line' id='line_1_39' title="bbox 123 3777 1656 3854; baseline 0.008 -26"><span class='ocrx_word' id='word_1_274' title='bbox 123 3777 287 3844; x_wconf 59' lang='lat' dir='ltr'><strong>vilem,</strong></span> <span class='ocrx_word' id='word_1_275' title='bbox 318 3780 819 3851; x_wconf 76' lang='grc' dir='ltr'>ἀνθρωπομόρφους</span> <span class='ocrx_word' id='word_1_276' title='bbox 847 3783 1184 3851; x_wconf 82' lang='grc' dir='ltr'>ἀναγράφων</span> <span class='ocrx_word' id='word_1_277' title='bbox 1220 3782 1312 3835; x_wconf 83' lang='grc' dir='ltr'><strong>καὶ</strong></span> <span class='ocrx_word' id='word_1_278' title='bbox 1352 3782 1656 3854; x_wconf 87' lang='grc' dir='ltr'>θηριομόρ-</span> 
     </span>
    </p>
   </div>
   <div class='ocr_carea' id='block_1_40' title="bbox 123 3868 1657 3939">
    <p class='ocr_par' dir='ltr' id='par_1_40' title="bbox 123 3868 1657 3939">
     <span class='ocr_line' id='line_1_40' title="bbox 123 3868 1657 3939; baseline 0.004 -21"><span class='ocrx_word' id='word_1_279' title='bbox 123 3881 244 3931; x_wconf 68' lang='grc' dir='ltr'>φους,</span> <span class='ocrx_word' id='word_1_280' title='bbox 270 3868 486 3921; x_wconf 79' lang='grc' dir='ltr'>λεόντων</span> <span class='ocrx_word' id='word_1_281' title='bbox 517 3886 594 3939; x_wconf 83' lang='grc' dir='ltr'>φη</span> <span class='ocrx_word' id='word_1_282' title='bbox 609 3870 670 3937; x_wconf 77' lang='grc' dir='ltr'>μὶ</span> <span class='ocrx_word' id='word_1_283' title='bbox 703 3870 798 3922; x_wconf 68' lang='grc' dir='ltr'><strong>καὶ</strong></span> <span class='ocrx_word' id='word_1_284' title='bbox 836 3868 976 3939; x_wconf 83' lang='grc' dir='ltr'>βοῶν</span> <span class='ocrx_word' id='word_1_285' title='bbox 1014 3871 1114 3925; x_wconf 77' lang='grc' dir='ltr'><strong>καὶ</strong></span> <span class='ocrx_word' id='word_1_286' title='bbox 1147 3870 1332 3924; x_wconf 80' lang='grc' dir='ltr'>ἵππων</span> <span class='ocrx_word' id='word_1_287' title='bbox 1365 3874 1460 3924; x_wconf 78' lang='grc' dir='ltr'><strong>καὶ</strong></span> <span class='ocrx_word' id='word_1_288' title='bbox 1481 3872 1657 3925; x_wconf 79' lang='grc' dir='ltr'>ἀετὼν</span> 
     </span>
    </p>
   </div>
   <div class='ocr_carea' id='block_1_41' title="bbox 125 3960 1660 4032">
    <p class='ocr_par' dir='ltr' id='par_1_41' title="bbox 125 3960 1660 4032">
     <span class='ocr_line' id='line_1_41' title="bbox 125 3960 1660 4032; baseline 0.005 -24"><span class='ocrx_word' id='word_1_289' title='bbox 125 3961 301 4026; x_wconf 66' lang='grc' dir='ltr'>μορφὰς</span> <span class='ocrx_word' id='word_1_290' title='bbox 343 3961 523 4021; x_wconf 75' lang='grc' dir='ltr'>αὐτοῖς</span> <span class='ocrx_word' id='word_1_291' title='bbox 558 3960 889 4032; x_wconf 85' lang='grc' dir='ltr'>περιτιθείς.</span> <span class='ocrx_word' id='word_1_292' title='bbox 946 3961 1052 4014; x_wconf 86' lang='grc' dir='ltr'><strong>Ἐὦ</strong></span> <span class='ocrx_word' id='word_1_293' title='bbox 1103 3963 1283 4029; x_wconf 80' lang='grc' dir='ltr'>λέγειν</span> <span class='ocrx_word' id='word_1_294' title='bbox 1314 3965 1412 4026; x_wconf 77' lang='grc' dir='ltr'>τὰς</span> <span class='ocrx_word' id='word_1_295' title='bbox 1438 3964 1545 4016; x_wconf 86' lang='grc' dir='ltr'>τῶν</span> <span class='ocrx_word' id='word_1_296' title='bbox 1579 3964 1660 4017; x_wconf 87' lang='grc' dir='ltr'>λί-</span> 
     </span>
    </p>
   </div>
   <div class='ocr_carea' id='block_1_42' title="bbox 122 4046 1671 4125">
    <p class='ocr_par' dir='ltr' id='par_1_42' title="bbox 122 4046 1671 4125">
     <span class='ocr_line' id='line_1_42' title="bbox 122 4046 1671 4125; baseline 0.006 -25"><span class='ocrx_word' id='word_1_297' title='bbox 122 4046 206 4101; x_wconf 82' lang='grc' dir='ltr'><strong>θων</strong></span> <span class='ocrx_word' id='word_1_298' title='bbox 228 4052 678 4125; x_wconf 82' lang='grc' dir='ltr'>πολυχρωμάτους</span> <span class='ocrx_word' id='word_1_299' title='bbox 713 4054 859 4117; x_wconf 85' lang='grc' dir='ltr'>ίδέας</span> <span class='ocrx_word' id='word_1_300' title='bbox 908 4055 1006 4107; x_wconf 77' lang='grc' dir='ltr'>καὶ</span> <span class='ocrx_word' id='word_1_301' title='bbox 1035 4055 1204 4109; x_wconf 82' lang='grc' dir='ltr'>τᾶλλα</span> <span class='ocrx_word' id='word_1_302' title='bbox 1238 4056 1442 4121; x_wconf 68' lang='grc' dir='ltr'>πάντα,</span> <span class='ocrx_word' id='word_1_303' title='bbox 1477 4056 1671 4121; x_wconf 65' lang='grc' dir='ltr'>ζώνας.</span> 
     </span>
    </p>
   </div>
   <div class='ocr_carea' id='block_1_43' title="bbox 122 4142 1655 4217">
    <p class='ocr_par' dir='ltr' id='par_1_43' title="bbox 122 4142 1655 4217">
     <span class='ocr_line' id='line_1_43' title="bbox 122 4142 1655 4217; baseline 0.008 -27"><span class='ocrx_word' id='word_1_304' title='bbox 122 4142 422 4214; x_wconf 70' lang='grc' dir='ltr'>καὶτροχοὺς</span> <span class='ocrx_word' id='word_1_305' title='bbox 450 4149 546 4200; x_wconf 80' lang='grc' dir='ltr'>καὶ</span> <span class='ocrx_word' id='word_1_306' title='bbox 583 4147 821 4217; x_wconf 75' lang='grc' dir='ltr'>ῥάϐδους</span> <span class='ocrx_word' id='word_1_307' title='bbox 849 4147 994 4215; x_wconf 84' lang='grc' dir='ltr'>λέγω</span> <span class='ocrx_word' id='word_1_308' title='bbox 1028 4149 1123 4201; x_wconf 77' lang='grc' dir='ltr'><strong>καὶ</strong></span> <span class='ocrx_word' id='word_1_309' title='bbox 1176 4148 1456 4212; x_wconf 76' lang='grc' dir='ltr'>πελέκεις,</span> <span class='ocrx_word' id='word_1_310' title='bbox 1487 4149 1554 4202; x_wconf 82' lang='grc' dir='ltr'>δι’</span> <span class='ocrx_word' id='word_1_311' title='bbox 1578 4145 1655 4204; x_wconf 86' lang='grc' dir='ltr'>ὧν</span> 
     </span>
    </p>
   </div>
   <div class='ocr_carea' id='block_1_44' title="bbox 120 4232 1656 4311">
    <p class='ocr_par' dir='ltr' id='par_1_44' title="bbox 120 4232 1656 4311">
     <span class='ocr_line' id='line_1_44' title="bbox 120 4232 1656 4311; baseline 0.006 -26"><span class='ocrx_word' id='word_1_312' title='bbox 120 4232 356 4303; x_wconf 74' lang='grc' dir='ltr'>εὑρίσκειν</span> <span class='ocrx_word' id='word_1_313' title='bbox 402 4243 545 4311; x_wconf 73' lang='grc' dir='ltr'>ἡμᾶς</span> <span class='ocrx_word' id='word_1_314' title='bbox 578 4244 845 4308; x_wconf 83' lang='grc' dir='ltr'>παραινεί</span> <span class='ocrx_word' id='word_1_315' title='bbox 880 4242 982 4310; x_wconf 76' lang='grc' dir='ltr'><strong>τὴν</strong></span> <span class='ocrx_word' id='word_1_316' title='bbox 1011 4240 1119 4294; x_wconf 81' lang='grc' dir='ltr'>τῶν</span> <span class='ocrx_word' id='word_1_317' title='bbox 1149 4242 1398 4296; x_wconf 81' lang='grc' dir='ltr'>τοπικῶν</span> <span class='ocrx_word' id='word_1_318' title='bbox 1427 4242 1656 4295; x_wconf 75' lang='grc' dir='ltr'>εἰκόνων</span> 
     </span>
    </p>
   </div>
   <div class='ocr_carea' id='block_1_45' title="bbox 121 4326 1656 4403">
    <p class='ocr_par' dir='ltr' id='par_1_45' title="bbox 121 4326 1656 4403">
     <span class='ocr_line' id='line_1_45' title="bbox 121 4326 1656 4403; baseline 0.008 -30"><span class='ocrx_word' id='word_1_319' title='bbox 121 4326 466 4397; x_wconf 62' lang='grc' dir='ltr'>ἁνακάἹαρσιν,</span> <span class='ocrx_word' id='word_1_320' title='bbox 494 4332 693 4386; x_wconf 79' lang='grc' dir='ltr'>ὁποίαν</span> <span class='ocrx_word' id='word_1_321' title='bbox 718 4334 812 4385; x_wconf 83' lang='grc' dir='ltr'><strong>καὶ</strong></span> <span class='ocrx_word' id='word_1_322' title='bbox 834 4334 964 4402; x_wconf 82' lang='grc' dir='ltr'>ὅσην</span> <span class='ocrx_word' id='word_1_323' title='bbox 980 4333 1142 4397; x_wconf 82' lang='grc' dir='ltr'>αὐτὸς</span> <span class='ocrx_word' id='word_1_324' title='bbox 1162 4333 1486 4403; x_wconf 78' lang='grc' dir='ltr'>ἑρμηνεύων</span> <span class='ocrx_word' id='word_1_325' title='bbox 1509 4334 1656 4386; x_wconf 80' lang='grc' dir='ltr'>ἐκτί-</span> 
     </span>
    </p>
   </div>
   <div class='ocr_carea' id='block_1_46' title="bbox 120 4415 1656 4495">
    <p class='ocr_par' dir='ltr' id='par_1_46' title="bbox 120 4415 1656 4495">
     <span class='ocr_line' id='line_1_46' title="bbox 120 4415 1656 4495; baseline 0.008 -30"><span class='ocrx_word' id='word_1_326' title='bbox 120 4415 239 4481; x_wconf 79' lang='grc' dir='ltr'>θησι.</span> <span class='ocrx_word' id='word_1_327' title='bbox 269 4419 367 4489; x_wconf 82' lang='grc' dir='ltr'><strong>Τῆς</strong></span> <span class='ocrx_word' id='word_1_328' title='bbox 394 4421 484 4476; x_wconf 72' lang='grc' dir='ltr'>οὖν</span> <span class='ocrx_word' id='word_1_329' title='bbox 519 4425 748 4494; x_wconf 80' lang='grc' dir='ltr'>Γραφῆς</span> <span class='ocrx_word' id='word_1_330' title='bbox 789 4423 1075 4494; x_wconf 79' lang='grc' dir='ltr'>λεγούσης,</span> <span class='ocrx_word' id='word_1_331' title='bbox 1120 4443 1137 4474; x_wconf 81' lang='grc' dir='ltr'><strong>ι</strong></span> <span class='ocrx_word' id='word_1_332' title='bbox 1173 4423 1452 4495; x_wconf 86' lang='grc' dir='ltr'>Μακάριοι</span> <span class='ocrx_word' id='word_1_333' title='bbox 1480 4426 1529 4476; x_wconf 82' lang='lat' dir='ltr'><strong>ot</strong></span> <span class='ocrx_word' id='word_1_334' title='bbox 1558 4442 1656 4477; x_wconf 81' lang='grc' dir='ltr'>κα-</span> 
     </span>
    </p>
   </div>
   <div class='ocr_carea' id='block_1_47' title="bbox 119 4505 1653 4586">
    <p class='ocr_par' dir='ltr' id='par_1_47' title="bbox 119 4505 1653 4586">
     <span class='ocr_line' id='line_1_47' title="bbox 119 4505 1653 4586; baseline 0.005 -26"><span class='ocrx_word' id='word_1_335' title='bbox 119 4505 247 4577; x_wconf 69' lang='grc' dir='ltr'>θαροί</span> <span class='ocrx_word' id='word_1_336' title='bbox 265 4506 577 4584; x_wconf 52' lang='grc' dir='ltr'>τῇάαρδίᾳ,</span> <span class='ocrx_word' id='word_1_337' title='bbox 613 4515 696 4568; x_wconf 85' lang='grc' dir='ltr'>ὅτι</span> <span class='ocrx_word' id='word_1_338' title='bbox 728 4517 881 4569; x_wconf 77' lang='grc' dir='ltr'>αὐτοὶ</span> <span class='ocrx_word' id='word_1_339' title='bbox 909 4517 1001 4568; x_wconf 79' lang='grc' dir='ltr'><strong>τὸν</strong></span> <span class='ocrx_word' id='word_1_340' title='bbox 1035 4516 1168 4569; x_wconf 77' lang='grc' dir='ltr'>θεὸν</span> <span class='ocrx_word' id='word_1_341' title='bbox 1186 4515 1430 4586; x_wconf 69' lang='grc' dir='ltr'>ὄψονται,</span> <span class='ocrx_word' id='word_1_342' title='bbox 1473 4535 1493 4568; x_wconf 71' lang='grc' dir='ltr'><strong>ι</strong></span> <span class='ocrx_word' id='word_1_343' title='bbox 1554 4516 1653 4586; x_wconf 85' lang='grc' dir='ltr'>τὴν</span> 
     </span>
    </p>
   </div>
   <div class='ocr_carea' id='block_1_48' title="bbox 118 4602 1648 4678">
    <p class='ocr_par' dir='ltr' id='par_1_48' title="bbox 118 4602 1648 4678">
     <span class='ocr_line' id='line_1_48' title="bbox 118 4602 1648 4678; baseline 0.008 -29"><span class='ocrx_word' id='word_1_344' title='bbox 118 4603 230 4654; x_wconf 60' lang='grc' dir='ltr'>κατά</span> <span class='ocrx_word' id='word_1_345' title='bbox 260 4602 486 4659; x_wconf 83' lang='grc' dir='ltr'>διάνοιαν</span> <span class='ocrx_word' id='word_1_346' title='bbox 516 4606 644 4675; x_wconf 74' lang='grc' dir='ltr'>δψιν</span> <span class='ocrx_word' id='word_1_347' title='bbox 697 4609 724 4659; x_wconf 88' lang='lat'><strong>6</strong></span> <span class='ocrx_word' id='word_1_348' title='bbox 758 4606 897 4670; x_wconf 77' lang='grc' dir='ltr'>θεῖος</span> <span class='ocrx_word' id='word_1_349' title='bbox 924 4608 1205 4676; x_wconf 71' lang='grc' dir='ltr'>ἐξηγεῖται</span> <span class='ocrx_word' id='word_1_350' title='bbox 1236 4608 1648 4678; x_wconf 80' lang='grc' dir='ltr'>Χρυσόστομος.</span> 
     </span>
    </p>
   </div>
   <div class='ocr_carea' id='block_1_49' title="bbox 1766 744 2086 791">
    <p class='ocr_par' dir='ltr' id='par_1_49' title="bbox 1766 744 2086 791">
     <span class='ocr_line' id='line_1_49' title="bbox 1766 744 2086 791; baseline 0 0"><span class='ocrx_word' id='word_1_351' title='bbox 1766 744 2086 791; x_wconf 77' lang='lat' dir='ltr'><strong>exornatur.</strong></span> 
     </span>
    </p>
   </div>
   <div class='ocr_carea' id='block_1_50' title="bbox 1838 916 3345 994">
    <p class='ocr_par' dir='ltr' id='par_1_50' title="bbox 1838 916 3345 994">
     <span class='ocr_line' id='line_1_50' title="bbox 1838 916 3345 994; baseline -0.005 -16"><span class='ocrx_word' id='word_1_352' title='bbox 1838 923 1906 981; x_wconf 88' lang='lat' dir='ltr'><strong>V.</strong></span> <span class='ocrx_word' id='word_1_353' title='bbox 1934 924 1988 979; x_wconf 88' lang='lat' dir='ltr'><strong>Si</strong></span> <span class='ocrx_word' id='word_1_354' title='bbox 2020 924 2186 992; x_wconf 86' lang='lat' dir='ltr'><strong>igitur</strong></span> <span class='ocrx_word' id='word_1_355' title='bbox 2209 921 2312 976; x_wconf 88' lang='lat' dir='ltr'><strong>sub</strong></span> <span class='ocrx_word' id='word_1_356' title='bbox 2330 920 2592 994; x_wconf 80' lang='lat' dir='ltr'><strong>symbolis</strong></span> <span class='ocrx_word' id='word_1_357' title='bbox 2620 930 2674 974; x_wconf 89' lang='lat' dir='ltr'><strong>et</strong></span> <span class='ocrx_word' id='word_1_358' title='bbox 2700 919 2892 974; x_wconf 81' lang='lat' dir='ltr'><strong>formis</strong></span> <span class='ocrx_word' id='word_1_359' title='bbox 2925 916 3204 988; x_wconf 83' lang='lat' dir='ltr'><strong>corporeis</strong></span> <span class='ocrx_word' id='word_1_360' title='bbox 3233 931 3345 972; x_wconf 90' lang='lat' dir='ltr'><strong>non</strong></span> 
     </span>
    </p>
   </div>
   <div class='ocr_carea' id='block_1_51' title="bbox 1762 1011 3341 1075">
    <p class='ocr_par' dir='ltr' id='par_1_51' title="bbox 1762 1011 3341 1075">
     <span class='ocr_line' id='line_1_51' title="bbox 1762 1011 3341 1075; baseline -0.006 -2"><span class='ocrx_word' id='word_1_361' title='bbox 1762 1018 1941 1073; x_wconf 87' lang='lat' dir='ltr'><strong>solum</strong></span> <span class='ocrx_word' id='word_1_362' title='bbox 1977 1016 2122 1071; x_wconf 88' lang='lat' dir='ltr'><strong>Deus</strong></span> <span class='ocrx_word' id='word_1_363' title='bbox 2156 1016 2377 1070; x_wconf 90' lang='lat' dir='ltr'><strong>locutus</strong></span> <span class='ocrx_word' id='word_1_364' title='bbox 2433 1024 2518 1069; x_wconf 86' lang='lat' dir='ltr'><strong>est</strong></span> <span class='ocrx_word' id='word_1_365' title='bbox 2575 1028 2701 1069; x_wconf 91' lang='lat' dir='ltr'><strong>cum</strong></span> <span class='ocrx_word' id='word_1_366' title='bbox 2752 1011 3088 1075; x_wconf 85' lang='lat' dir='ltr'><strong>hominibus,</strong></span> <span class='ocrx_word' id='word_1_367' title='bbox 3147 1025 3341 1064; x_wconf 86' lang='lat' dir='ltr'><strong>verum</strong></span> 
     </span>
    </p>
   </div>
   <div class='ocr_carea' id='block_1_52' title="bbox 1764 1103 3343 1179">
    <p class='ocr_par' dir='ltr' id='par_1_52' title="bbox 1764 1103 3343 1179">
     <span class='ocr_line' id='line_1_52' title="bbox 1764 1103 3343 1179; baseline -0.004 -14"><span class='ocrx_word' id='word_1_368' title='bbox 1764 1108 1931 1165; x_wconf 89' lang='lat' dir='ltr'><strong>etiam</strong></span> <span class='ocrx_word' id='word_1_369' title='bbox 1962 1108 2140 1178; x_wconf 85' lang='lat' dir='ltr'><strong>angeli</strong></span> <span class='ocrx_word' id='word_1_370' title='bbox 2165 1107 2358 1169; x_wconf 90' lang='lat' dir='ltr'><strong>creati,</strong></span> <span class='ocrx_word' id='word_1_371' title='bbox 2388 1116 2449 1160; x_wconf 93' lang='lat' dir='ltr'><strong>ut</strong></span> <span class='ocrx_word' id='word_1_372' title='bbox 2477 1107 2587 1179; x_wconf 80' lang='lat' dir='ltr'><strong>jam</strong></span> <span class='ocrx_word' id='word_1_373' title='bbox 2613 1106 2871 1169; x_wconf 77' lang='lat' dir='ltr'><strong>diximus,</strong></span> <span class='ocrx_word' id='word_1_374' title='bbox 2903 1115 2957 1160; x_wconf 85' lang='lat' dir='ltr'><strong>et</strong></span> <span class='ocrx_word' id='word_1_375' title='bbox 2981 1118 3127 1159; x_wconf 91' lang='lat' dir='ltr'><strong>nunc</strong></span> <span class='ocrx_word' id='word_1_376' title='bbox 3156 1103 3343 1174; x_wconf 79' lang='lat' dir='ltr'><strong>paucis</strong></span> 
     </span>
    </p>
   </div>
   <div class='ocr_carea' id='block_1_53' title="bbox 1768 1194 3349 1268">
    <p class='ocr_par' dir='ltr' id='par_1_53' title="bbox 1768 1194 3349 1268">
     <span class='ocr_line' id='line_1_53' title="bbox 1768 1194 3349 1268; baseline -0.003 -13"><span class='ocrx_word' id='word_1_377' title='bbox 1768 1200 1970 1257; x_wconf 79' lang='lat' dir='ltr'><strong>iterum</strong></span> <span class='ocrx_word' id='word_1_378' title='bbox 2031 1200 2308 1253; x_wconf 86' lang='lat' dir='ltr'><strong>dicemus.</strong></span> <span class='ocrx_word' id='word_1_379' title='bbox 2378 1198 2525 1253; x_wconf 92' lang='lat' dir='ltr'><strong>Dicit</strong></span> <span class='ocrx_word' id='word_1_380' title='bbox 2569 1199 2715 1251; x_wconf 82' lang='lat' dir='ltr'><strong>enim</strong></span> <span class='ocrx_word' id='word_1_381' title='bbox 2775 1213 3004 1268; x_wconf 87' lang='lat' dir='ltr'><strong>magnus</strong></span> <span class='ocrx_word' id='word_1_382' title='bbox 3060 1194 3349 1268; x_wconf 81' lang='lat' dir='ltr'><strong>Dionysius</strong></span> 
     </span>
    </p>
   </div>
   <div class='ocr_carea' id='block_1_54' title="bbox 1769 1285 3344 1358">
    <p class='ocr_par' dir='ltr' id='par_1_54' title="bbox 1769 1285 3344 1358">
     <span class='ocr_line' id='line_1_54' title="bbox 1769 1285 3344 1358; baseline -0.003 -10"><span class='ocrx_word' id='word_1_383' title='bbox 1769 1295 1957 1348; x_wconf 84' lang='lat' dir='ltr'><strong>Patres</strong></span> <span class='ocrx_word' id='word_1_384' title='bbox 1989 1292 2235 1349; x_wconf 79' lang='lat' dir='ltr'><strong>illustres</strong></span> <span class='ocrx_word' id='word_1_385' title='bbox 2267 1290 2662 1358; x_wconf 77' lang='lat' dir='ltr'><strong>contemplatus</strong></span> <span class='ocrx_word' id='word_1_386' title='bbox 2695 1303 2815 1344; x_wconf 88' lang='lat' dir='ltr'><strong>esse</strong></span> <span class='ocrx_word' id='word_1_387' title='bbox 2872 1285 3042 1342; x_wconf 85' lang='lat' dir='ltr'><strong>Deum</strong></span> <span class='ocrx_word' id='word_1_388' title='bbox 3085 1303 3184 1357; x_wconf 90' lang='lat' dir='ltr'><strong>per</strong></span> <span class='ocrx_word' id='word_1_389' title='bbox 3229 1304 3344 1343; x_wconf 81' lang='lat' dir='ltr'><strong>me-</strong></span> 
     </span>
    </p>
   </div>
   <div class='ocr_carea' id='block_1_55' title="bbox 1767 1379 3349 1450">
    <p class='ocr_par' dir='ltr' id='par_1_55' title="bbox 1767 1379 3349 1450">
     <span class='ocr_line' id='line_1_55' title="bbox 1767 1379 3349 1450; baseline -0.003 -11"><span class='ocrx_word' id='word_1_390' title='bbox 1767 1384 1887 1439; x_wconf 88' lang='lat' dir='ltr'><strong>dias</strong></span> <span class='ocrx_word' id='word_1_391' title='bbox 1901 1385 2167 1440; x_wconf 65' lang='lat' dir='ltr'><strong>caelorum</strong></span> <span class='ocrx_word' id='word_1_392' title='bbox 2188 1384 2501 1443; x_wconf 88' lang='lat' dir='ltr'><strong>virtutes.et</strong></span> <span class='ocrx_word' id='word_1_393' title='bbox 2518 1396 2723 1436; x_wconf 80' lang='lat' dir='ltr'><strong>sacram</strong></span> <span class='ocrx_word' id='word_1_394' title='bbox 2742 1380 2878 1450; x_wconf 81' lang='lat' dir='ltr'><strong>legis</strong></span> <span class='ocrx_word' id='word_1_395' title='bbox 2894 1379 3349 1434; x_wconf 80' lang='lat' dir='ltr'><strong>constitutionem</strong></span> 
     </span>
    </p>
   </div>
   <div class='ocr_carea' id='block_1_56' title="bbox 1769 1471 3350 1547">
    <p class='ocr_par' dir='ltr' id='par_1_56' title="bbox 1769 1471 3350 1547">
     <span class='ocr_line' id='line_1_56' title="bbox 1769 1471 3350 1547; baseline -0.004 -16"><span class='ocrx_word' id='word_1_396' title='bbox 1769 1493 1864 1547; x_wconf 88' lang='lat' dir='ltr'><strong>per</strong></span> <span class='ocrx_word' id='word_1_397' title='bbox 1888 1475 2108 1546; x_wconf 88' lang='lat' dir='ltr'><strong>angelos</strong></span> <span class='ocrx_word' id='word_1_398' title='bbox 2142 1476 2207 1528; x_wconf 83' lang='lat' dir='ltr'><strong>ad</strong></span> <span class='ocrx_word' id='word_1_399' title='bbox 2234 1490 2333 1529; x_wconf 92' lang='lat' dir='ltr'><strong>nos</strong></span> <span class='ocrx_word' id='word_1_400' title='bbox 2353 1473 2567 1529; x_wconf 81' lang='lat' dir='ltr'><strong>venisse</strong></span> <span class='ocrx_word' id='word_1_401' title='bbox 2589 1481 2777 1542; x_wconf 89' lang='lat' dir='ltr'><strong>aperte</strong></span> <span class='ocrx_word' id='word_1_402' title='bbox 2797 1471 2958 1529; x_wconf 89' lang='lat' dir='ltr'><strong>docet</strong></span> <span class='ocrx_word' id='word_1_403' title='bbox 2980 1471 3249 1539; x_wconf 77' lang='lat' dir='ltr'><strong>theologia</strong></span> <span class='ocrx_word' id='word_1_404' title='bbox 3290 1480 3350 1525; x_wconf 88' lang='lat' dir='ltr'><strong>et</strong></span> 
     </span>
    </p>
   </div>
   <div class='ocr_carea' id='block_1_57' title="bbox 1767 1564 3345 1638">
    <p class='ocr_par' dir='ltr' id='par_1_57' title="bbox 1767 1564 3345 1638">
     <span class='ocr_line' id='line_1_57' title="bbox 1767 1564 3345 1638; baseline -0.003 -14"><span class='ocrx_word' id='word_1_405' title='bbox 1767 1569 1950 1624; x_wconf 76' lang='lat' dir='ltr'><strong>divina</strong></span> <span class='ocrx_word' id='word_1_406' title='bbox 1976 1568 2062 1622; x_wconf 80' lang='lat' dir='ltr'><strong>lex</strong></span> <span class='ocrx_word' id='word_1_407' title='bbox 2081 1567 2237 1638; x_wconf 86' lang='lat' dir='ltr'><strong>jubet</strong></span> <span class='ocrx_word' id='word_1_408' title='bbox 2267 1582 2332 1620; x_wconf 91' lang='lat' dir='ltr'><strong>ex</strong></span> <span class='ocrx_word' id='word_1_409' title='bbox 2355 1566 2644 1636; x_wconf 85' lang='lat' dir='ltr'><strong>principiis</strong></span> <span class='ocrx_word' id='word_1_410' title='bbox 2672 1567 3063 1635; x_wconf 85' lang='lat' dir='ltr'><strong>consequentia</strong></span> <span class='ocrx_word' id='word_1_411' title='bbox 3084 1564 3148 1619; x_wconf 89' lang='lat' dir='ltr'><strong>ad</strong></span> <span class='ocrx_word' id='word_1_412' title='bbox 3170 1564 3345 1619; x_wconf 82' lang='lat' dir='ltr'><strong>Deum</strong></span> 
     </span>
    </p>
   </div>
   <div class='ocr_carea' id='block_1_58' title="bbox 1767 1657 3353 1731">
    <p class='ocr_par' dir='ltr' id='par_1_58' title="bbox 1767 1657 3353 1731">
     <span class='ocr_line' id='line_1_58' title="bbox 1767 1657 3353 1731; baseline -0.003 -14"><span class='ocrx_word' id='word_1_413' title='bbox 1767 1662 1985 1717; x_wconf 84' lang='lat' dir='ltr'><strong>referri.</strong></span> <span class='ocrx_word' id='word_1_414' title='bbox 2016 1660 2224 1730; x_wconf 80' lang='lat' dir='ltr'><strong>Virgini</strong></span> <span class='ocrx_word' id='word_1_415' title='bbox 2249 1676 2473 1731; x_wconf 86' lang='lat' dir='ltr'><strong>quoque</strong></span> <span class='ocrx_word' id='word_1_416' title='bbox 2504 1657 2754 1715; x_wconf 84' lang='lat' dir='ltr'><strong>divinum</strong></span> <span class='ocrx_word' id='word_1_417' title='bbox 2786 1661 3106 1731; x_wconf 83' lang='lat' dir='ltr'><strong>mysterium</strong></span> <span class='ocrx_word' id='word_1_418' title='bbox 3162 1657 3353 1713; x_wconf 85' lang='lat' dir='ltr'><strong>attulit</strong></span> 
     </span>
    </p>
   </div>
   <div class='ocr_carea' id='block_1_59' title="bbox 1767 1750 3352 1825">
    <p class='ocr_par' dir='ltr' id='par_1_59' title="bbox 1767 1750 3352 1825">
     <span class='ocr_line' id='line_1_59' title="bbox 1767 1750 3352 1825; baseline -0.001 -16"><span class='ocrx_word' id='word_1_419' title='bbox 1767 1755 1994 1825; x_wconf 84' lang='lat' dir='ltr'><strong>angelus</strong></span> <span class='ocrx_word' id='word_1_420' title='bbox 2026 1754 2129 1809; x_wconf 87' lang='lat' dir='ltr'><strong>sub</strong></span> <span class='ocrx_word' id='word_1_421' title='bbox 2158 1753 2398 1807; x_wconf 89' lang='lat' dir='ltr'><strong>humana</strong></span> <span class='ocrx_word' id='word_1_422' title='bbox 2428 1752 2601 1809; x_wconf 86' lang='lat' dir='ltr'><strong>forma</strong></span> <span class='ocrx_word' id='word_1_423' title='bbox 2627 1762 2683 1808; x_wconf 89' lang='lat' dir='ltr'><strong>et</strong></span> <span class='ocrx_word' id='word_1_424' title='bbox 2710 1750 2914 1822; x_wconf 87' lang='lat' dir='ltr'><strong>specie,</strong></span> <span class='ocrx_word' id='word_1_425' title='bbox 2952 1763 3007 1806; x_wconf 79' lang='lat' dir='ltr'><strong>et</strong></span> <span class='ocrx_word' id='word_1_426' title='bbox 3032 1753 3352 1822; x_wconf 81' lang='lat' dir='ltr'><strong>pastoribus</strong></span> 
     </span>
    </p>
   </div>
   <div class='ocr_carea' id='block_1_60' title="bbox 1769 1844 3351 1923">
    <p class='ocr_par' dir='ltr' id='par_1_60' title="bbox 1769 1844 3351 1923">
     <span class='ocr_line' id='line_1_60' title="bbox 1769 1844 3351 1923; baseline -0.003 -21"><span class='ocrx_word' id='word_1_427' title='bbox 1769 1848 1995 1918; x_wconf 79' lang='lat' dir='ltr'><strong>angelus</strong></span> <span class='ocrx_word' id='word_1_428' title='bbox 2032 1847 2269 1923; x_wconf 85' lang='lat' dir='ltr'><strong>Domini,</strong></span> <span class='ocrx_word' id='word_1_429' title='bbox 2297 1845 2497 1917; x_wconf 86' lang='lat' dir='ltr'><strong>inquit,</strong></span> <span class='ocrx_word' id='word_1_430' title='bbox 2552 1847 2750 1908; x_wconf 82' lang='lat' dir='ltr'><strong>astitit,</strong></span> <span class='ocrx_word' id='word_1_431' title='bbox 2783 1857 2839 1900; x_wconf 91' lang='lat' dir='ltr'><strong>et</strong></span> <span class='ocrx_word' id='word_1_432' title='bbox 2898 1845 3071 1915; x_wconf 84' lang='lat' dir='ltr'><strong>gloria</strong></span> <span class='ocrx_word' id='word_1_433' title='bbox 3131 1844 3351 1899; x_wconf 90' lang='lat' dir='ltr'><strong>Domini</strong></span> 
     </span>
    </p>
   </div>
   <div class='ocr_carea' id='block_1_61' title="bbox 1768 1937 3475 2010">
    <p class='ocr_par' dir='ltr' id='par_1_61' title="bbox 1768 1937 3475 2010">
     <span class='ocr_line' id='line_1_61' title="bbox 1768 1937 3475 2010; baseline -0.002 -14"><span class='ocrx_word' id='word_1_434' title='bbox 1768 1940 2147 1996; x_wconf 83' lang='lat' dir='ltr'><strong>circumdabat</strong></span> <span class='ocrx_word' id='word_1_435' title='bbox 2169 1955 2289 2004; x_wconf 85' lang='lat' dir='ltr'><strong>eos,</strong></span> <span class='ocrx_word' id='word_1_436' title='bbox 2315 1946 2373 1993; x_wconf 93' lang='lat' dir='ltr'><strong>et</strong></span> <span class='ocrx_word' id='word_1_437' title='bbox 2413 1941 2639 1995; x_wconf 85' lang='lat' dir='ltr'><strong>verbum</strong></span> <span class='ocrx_word' id='word_1_438' title='bbox 2664 1955 2760 2009; x_wconf 86' lang='lat' dir='ltr'><strong>per</strong></span> <span class='ocrx_word' id='word_1_439' title='bbox 2784 1937 3004 2010; x_wconf 78' lang='lat' dir='ltr'><strong>angelos</strong></span> <span class='ocrx_word' id='word_1_440' title='bbox 3034 1937 3348 1992; x_wconf 89' lang='lat' dir='ltr'><strong>nuntiatum</strong></span> <span class='ocrx_word' id='word_1_441' title='bbox 3388 1937 3423 1952; x_wconf 85' lang='lat'>&#39;</span> <span class='ocrx_word' id='word_1_442' title='bbox 3450 1960 3475 1981; x_wconf 79' lang='grc' dir='ltr'>ο</span> 
     </span>
    </p>
   </div>
   <div class='ocr_carea' id='block_1_62' title="bbox 1771 2013 3349 2102">
    <p class='ocr_par' dir='ltr' id='par_1_62' title="bbox 1771 2013 3349 2102">
     <span class='ocr_line' id='line_1_62' title="bbox 1771 2013 3349 2102; baseline -0.003 -15"><span class='ocrx_word' id='word_1_443' title='bbox 1771 2048 1892 2087; x_wconf 89' lang='lat' dir='ltr'><strong>esse</strong></span> <span class='ocrx_word' id='word_1_444' title='bbox 1919 2049 2016 2102; x_wconf 92' lang='lat' dir='ltr'><strong>pro</strong></span> <span class='ocrx_word' id='word_1_445' title='bbox 2047 2042 2202 2087; x_wconf 85' lang='lat' dir='ltr'><strong>certo</strong></span> <span class='ocrx_word' id='word_1_446' title='bbox 2233 2032 2568 2091; x_wconf 79' lang='lat' dir='ltr'><strong>audivimus.</strong></span> <span class='ocrx_word' id='word_1_447' title='bbox 2617 2029 2751 2088; x_wconf 85' lang='lat' dir='ltr'><strong>Nam</strong></span> <span class='ocrx_word' id='word_1_448' title='bbox 2795 2046 2980 2086; x_wconf 88' lang='lat' dir='ltr'><strong>sacras</strong></span> <span class='ocrx_word' id='word_1_449' title='bbox 3011 2029 3192 2084; x_wconf 75' lang='lat' dir='ltr'><strong>liierar</strong></span> <span class='ocrx_word' id='word_1_450' title='bbox 3227 2013 3349 2082; x_wconf 77' lang='lat' dir='ltr'><strong>hias</strong></span> 
     </span>
    </p>
   </div>
   <div class='ocr_carea' id='block_1_63' title="bbox 1772 2121 3347 2194">
    <p class='ocr_par' dir='ltr' id='par_1_63' title="bbox 1772 2121 3347 2194">
     <span class='ocr_line' id='line_1_63' title="bbox 1772 2121 3347 2194; baseline -0.004 -16"><span class='ocrx_word' id='word_1_451' title='bbox 1772 2123 2130 2194; x_wconf 88' lang='lat' dir='ltr'><strong>incorporeas</strong></span> <span class='ocrx_word' id='word_1_452' title='bbox 2186 2124 2469 2194; x_wconf 76' lang='lat' dir='ltr'><strong>corporeis</strong></span> <span class='ocrx_word' id='word_1_453' title='bbox 2541 2123 2876 2191; x_wconf 81' lang='lat' dir='ltr'><strong>imaginibus</strong></span> <span class='ocrx_word' id='word_1_454' title='bbox 2928 2132 2985 2177; x_wconf 90' lang='lat' dir='ltr'><strong>et</strong></span> <span class='ocrx_word' id='word_1_455' title='bbox 3045 2121 3347 2176; x_wconf 85' lang='lat' dir='ltr'><strong>formarum</strong></span> 
     </span>
    </p>
   </div>
   <div class='ocr_carea' id='block_1_64' title="bbox 1772 2210 3351 2282">
    <p class='ocr_par' dir='ltr' id='par_1_64' title="bbox 1772 2210 3351 2282">
     <span class='ocr_line' id='line_1_64' title="bbox 1772 2210 3351 2282; baseline -0.004 -12"><span class='ocrx_word' id='word_1_456' title='bbox 1772 2213 2168 2282; x_wconf 87' lang='lat' dir='ltr'><strong>compositione</strong></span> <span class='ocrx_word' id='word_1_457' title='bbox 2218 2212 2480 2267; x_wconf 77' lang='lat' dir='ltr'><strong>variatam</strong></span> <span class='ocrx_word' id='word_1_458' title='bbox 2520 2210 2745 2267; x_wconf 82' lang='lat' dir='ltr'><strong>tradidit</strong></span> <span class='ocrx_word' id='word_1_459' title='bbox 2776 2213 2951 2267; x_wconf 85' lang='lat' dir='ltr'><strong>sancti</strong></span> <span class='ocrx_word' id='word_1_460' title='bbox 3010 2210 3252 2282; x_wconf 86' lang='lat' dir='ltr'><strong>Dionysii</strong></span> <span class='ocrx_word' id='word_1_461' title='bbox 3277 2211 3351 2265; x_wconf 86' lang='lat' dir='ltr'><strong>li-</strong></span> 
     </span>
    </p>
   </div>
   <div class='ocr_carea' id='block_1_65' title="bbox 1771 2304 3348 2378">
    <p class='ocr_par' dir='ltr' id='par_1_65' title="bbox 1771 2304 3348 2378">
     <span class='ocr_line' id='line_1_65' title="bbox 1771 2304 3348 2378; baseline -0.002 -16"><span class='ocrx_word' id='word_1_462' title='bbox 1771 2308 1891 2363; x_wconf 89' lang='lat' dir='ltr'><strong>ber.</strong></span> <span class='ocrx_word' id='word_1_463' title='bbox 1947 2305 2065 2361; x_wconf 87' lang='lat' dir='ltr'><strong>Non</strong></span> <span class='ocrx_word' id='word_1_464' title='bbox 2088 2309 2234 2361; x_wconf 86' lang='lat' dir='ltr'><strong>enim</strong></span> <span class='ocrx_word' id='word_1_465' title='bbox 2263 2322 2422 2378; x_wconf 87' lang='lat' dir='ltr'><strong>posse</strong></span> <span class='ocrx_word' id='word_1_466' title='bbox 2475 2304 2653 2376; x_wconf 83' lang='lat' dir='ltr'><strong>inquit</strong></span> <span class='ocrx_word' id='word_1_467' title='bbox 2686 2321 2783 2375; x_wconf 87' lang='lat' dir='ltr'><strong>per</strong></span> <span class='ocrx_word' id='word_1_468' title='bbox 2840 2313 3080 2360; x_wconf 88' lang='lat' dir='ltr'><strong>nostram</strong></span> <span class='ocrx_word' id='word_1_469' title='bbox 3111 2313 3348 2359; x_wconf 83' lang='lat' dir='ltr'><strong>mentem</strong></span> 
     </span>
    </p>
   </div>
   <div class='ocr_carea' id='block_1_66' title="bbox 1772 2396 3353 2468">
    <p class='ocr_par' dir='ltr' id='par_1_66' title="bbox 1772 2396 3353 2468">
     <span class='ocr_line' id='line_1_66' title="bbox 1772 2396 3353 2468; baseline -0.001 -16"><span class='ocrx_word' id='word_1_470' title='bbox 1772 2401 1837 2454; x_wconf 88' lang='lat' dir='ltr'><strong>ad</strong></span> <span class='ocrx_word' id='word_1_471' title='bbox 1875 2398 2277 2468; x_wconf 85' lang='lat' dir='ltr'><strong>incorporalem</strong></span> <span class='ocrx_word' id='word_1_472' title='bbox 2311 2399 2616 2453; x_wconf 64' lang='lat' dir='ltr'><strong>caelestium</strong></span> <span class='ocrx_word' id='word_1_473' title='bbox 2682 2398 3111 2453; x_wconf 82' lang='lat' dir='ltr'><strong>hierarchiarum</strong></span> <span class='ocrx_word' id='word_1_474' title='bbox 3166 2396 3353 2452; x_wconf 84' lang='lat' dir='ltr'><strong>imita-</strong></span> 
     </span>
    </p>
   </div>
   <div class='ocr_carea' id='block_1_67' title="bbox 1772 2487 3352 2560">
    <p class='ocr_par' dir='ltr' id='par_1_67' title="bbox 1772 2487 3352 2560">
     <span class='ocr_line' id='line_1_67' title="bbox 1772 2487 3352 2560; baseline -0.001 -15"><span class='ocrx_word' id='word_1_475' title='bbox 1772 2492 1976 2545; x_wconf 88' lang='lat' dir='ltr'><strong>tionem</strong></span> <span class='ocrx_word' id='word_1_476' title='bbox 2013 2498 2070 2543; x_wconf 92' lang='lat' dir='ltr'><strong>et</strong></span> <span class='ocrx_word' id='word_1_477' title='bbox 2104 2490 2621 2558; x_wconf 86' lang='lat' dir='ltr'><strong>contemplationem</strong></span> <span class='ocrx_word' id='word_1_478' title='bbox 2651 2489 2959 2558; x_wconf 77' lang='lat' dir='ltr'><strong>pervenire,</strong></span> <span class='ocrx_word' id='word_1_479' title='bbox 3014 2487 3121 2544; x_wconf 90' lang='lat' dir='ltr'><strong>nisi</strong></span> <span class='ocrx_word' id='word_1_480' title='bbox 3153 2504 3352 2560; x_wconf 84' lang='lat' dir='ltr'><strong>corpo-</strong></span> 
     </span>
    </p>
   </div>
   <div class='ocr_carea' id='block_1_68' title="bbox 1773 2580 3350 2645">
    <p class='ocr_par' dir='ltr' id='par_1_68' title="bbox 1773 2580 3350 2645">
     <span class='ocr_line' id='line_1_68' title="bbox 1773 2580 3350 2645; baseline -0.001 -9"><span class='ocrx_word' id='word_1_481' title='bbox 1773 2583 1870 2637; x_wconf 88' lang='lat' dir='ltr'><strong>rali</strong></span> <span class='ocrx_word' id='word_1_482' title='bbox 1896 2581 2103 2637; x_wconf 74' lang='lat' dir='ltr'><strong>auxilio</strong></span> <span class='ocrx_word' id='word_1_483' title='bbox 2126 2581 2396 2636; x_wconf 85' lang='lat' dir='ltr'><strong>adhibito.</strong></span> <span class='ocrx_word' id='word_1_484' title='bbox 2425 2580 2741 2635; x_wconf 81' lang='lat' dir='ltr'><strong>Servieutes</strong></span> <span class='ocrx_word' id='word_1_485' title='bbox 2785 2582 2932 2636; x_wconf 90' lang='lat' dir='ltr'><strong>enim</strong></span> <span class='ocrx_word' id='word_1_486' title='bbox 2985 2581 3203 2645; x_wconf 69' lang='lat' dir='ltr'><strong>animm,</strong></span> <span class='ocrx_word' id='word_1_487' title='bbox 3265 2583 3350 2636; x_wconf 63' lang='lat' dir='ltr'><strong>inv</strong></span> 
     </span>
    </p>
   </div>
   <div class='ocr_carea' id='block_1_69' title="bbox 1772 2670 3352 2744">
    <p class='ocr_par' dir='ltr' id='par_1_69' title="bbox 1772 2670 3352 2744">
     <span class='ocr_line' id='line_1_69' title="bbox 1772 2670 3352 2744; baseline 0.001 -17"><span class='ocrx_word' id='word_1_488' title='bbox 1772 2675 1913 2743; x_wconf 84' lang='lat' dir='ltr'><strong>quit,</strong></span> <span class='ocrx_word' id='word_1_489' title='bbox 1941 2682 2072 2728; x_wconf 88' lang='lat' dir='ltr'><strong>sunt</strong></span> <span class='ocrx_word' id='word_1_490' title='bbox 2104 2674 2281 2744; x_wconf 81' lang='lat' dir='ltr'><strong>angeli</strong></span> <span class='ocrx_word' id='word_1_491' title='bbox 2320 2679 2385 2726; x_wconf 87' lang='lat' dir='ltr'><strong>ad</strong></span> <span class='ocrx_word' id='word_1_492' title='bbox 2421 2672 2787 2727; x_wconf 77' lang='lat' dir='ltr'><strong>ministerium</strong></span> <span class='ocrx_word' id='word_1_493' title='bbox 2815 2674 3011 2741; x_wconf 72' lang='lat' dir='ltr'><strong>missze,</strong></span> <span class='ocrx_word' id='word_1_494' title='bbox 3048 2682 3102 2728; x_wconf 93' lang='lat' dir='ltr'><strong>et</strong></span> <span class='ocrx_word' id='word_1_495' title='bbox 3129 2670 3352 2728; x_wconf 85' lang='lat' dir='ltr'><strong>Christo</strong></span> 
     </span>
    </p>
   </div>
   <div class='ocr_carea' id='block_1_70' title="bbox 1771 2765 3349 2835">
    <p class='ocr_par' dir='ltr' id='par_1_70' title="bbox 1771 2765 3349 2835">
     <span class='ocr_line' id='line_1_70' title="bbox 1771 2765 3349 2835; baseline 0.002 -16"><span class='ocrx_word' id='word_1_496' title='bbox 1771 2766 1998 2835; x_wconf 87' lang='lat' dir='ltr'><strong>angelos</strong></span> <span class='ocrx_word' id='word_1_497' title='bbox 2026 2767 2265 2820; x_wconf 82' lang='lat' dir='ltr'><strong>servisse</strong></span> <span class='ocrx_word' id='word_1_498' title='bbox 2290 2765 2578 2835; x_wconf 85' lang='lat' dir='ltr'><strong>Scriptura</strong></span> <span class='ocrx_word' id='word_1_499' title='bbox 2612 2765 2800 2820; x_wconf 82' lang='lat' dir='ltr'><strong>refert.</strong></span> <span class='ocrx_word' id='word_1_500' title='bbox 2844 2766 3015 2820; x_wconf 85' lang='lat' dir='ltr'><strong>Porro</strong></span> <span class='ocrx_word' id='word_1_501' title='bbox 3069 2767 3247 2835; x_wconf 75' lang='lat' dir='ltr'><strong>angeli</strong></span> <span class='ocrx_word' id='word_1_502' title='bbox 3277 2768 3349 2822; x_wconf 85' lang='lat' dir='ltr'><strong>il-</strong></span> 
     </span>
    </p>
   </div>
   <div class='ocr_carea' id='block_1_71' title="bbox 1770 2859 3345 2918">
    <p class='ocr_par' dir='ltr' id='par_1_71' title="bbox 1770 2859 3345 2918">
     <span class='ocr_line' id='line_1_71' title="bbox 1770 2859 3345 2918; baseline 0.002 -3"><span class='ocrx_word' id='word_1_503' title='bbox 1770 2860 1877 2915; x_wconf 90' lang='lat' dir='ltr'><strong>lius</strong></span> <span class='ocrx_word' id='word_1_504' title='bbox 1909 2869 1968 2913; x_wconf 91' lang='lat' dir='ltr'><strong>ut</strong></span> <span class='ocrx_word' id='word_1_505' title='bbox 2024 2859 2265 2915; x_wconf 81' lang='lat' dir='ltr'><strong>hominis</strong></span> <span class='ocrx_word' id='word_1_506' title='bbox 2323 2860 2563 2913; x_wconf 87' lang='lat' dir='ltr'><strong>animum</strong></span> <span class='ocrx_word' id='word_1_507' title='bbox 2616 2860 2969 2915; x_wconf 81' lang='lat' dir='ltr'><strong>confirmasse</strong></span> <span class='ocrx_word' id='word_1_508' title='bbox 3024 2860 3345 2918; x_wconf 87' lang='lat' dir='ltr'><strong>traduntur.</strong></span> 
     </span>
    </p>
   </div>
   <div class='ocr_carea' id='block_1_72' title="bbox 1769 2951 3349 3024">
    <p class='ocr_par' dir='ltr' id='par_1_72' title="bbox 1769 2951 3349 3024">
     <span class='ocr_line' id='line_1_72' title="bbox 1769 2951 3349 3024; baseline 0.001 -16"><span class='ocrx_word' id='word_1_509' title='bbox 1769 2951 1933 3024; x_wconf 65' lang='grc'><strong>445</strong></span> <span class='ocrx_word' id='word_1_510' title='bbox 1956 2953 2165 3007; x_wconf 80' lang='lat' dir='ltr'><strong>Rursus</strong></span> <span class='ocrx_word' id='word_1_511' title='bbox 2190 2952 2391 3022; x_wconf 80' lang='lat' dir='ltr'><strong>legitur</strong></span> <span class='ocrx_word' id='word_1_512' title='bbox 2424 2969 2436 3004; x_wconf 90' lang='lat'><strong>:</strong></span> <span class='ocrx_word' id='word_1_513' title='bbox 2465 2952 2714 3007; x_wconf 63' lang='lat' dir='ltr'><strong>«Possem</strong></span> <span class='ocrx_word' id='word_1_514' title='bbox 2743 2953 2878 3006; x_wconf 86' lang='lat' dir='ltr'><strong>mihi</strong></span> <span class='ocrx_word' id='word_1_515' title='bbox 2904 2953 3025 3021; x_wconf 84' lang='lat' dir='ltr'><strong>plus</strong></span> <span class='ocrx_word' id='word_1_516' title='bbox 3056 2954 3349 3011; x_wconf 83' lang='lat' dir='ltr'><strong>duodecim</strong></span> 
     </span>
    </p>
   </div>
   <div class='ocr_carea' id='block_1_73' title="bbox 1770 3044 3350 3117">
    <p class='ocr_par' dir='ltr' id='par_1_73' title="bbox 1770 3044 3350 3117">
     <span class='ocr_line' id='line_1_73' title="bbox 1770 3044 3350 3117; baseline 0.002 -19"><span class='ocrx_word' id='word_1_517' title='bbox 1770 3045 2015 3116; x_wconf 78' lang='lat' dir='ltr'><strong>legiones</strong></span> <span class='ocrx_word' id='word_1_518' title='bbox 2040 3044 2359 3115; x_wconf 86' lang='lat' dir='ltr'><strong>angelorum</strong></span> <span class='ocrx_word' id='word_1_519' title='bbox 2403 3060 2704 3099; x_wconf 81' lang='lat' dir='ltr'><strong>arcessere.</strong></span> <span class='ocrx_word' id='word_1_520' title='bbox 2733 3063 2752 3096; x_wconf 79' lang='grc' dir='ltr'><strong>ι</strong></span> <span class='ocrx_word' id='word_1_521' title='bbox 2778 3044 2849 3100; x_wconf 85' lang='grc' dir='ltr'><strong>Ει</strong></span> <span class='ocrx_word' id='word_1_522' title='bbox 2875 3046 3043 3099; x_wconf 87' lang='lat' dir='ltr'><strong>multa</strong></span> <span class='ocrx_word' id='word_1_523' title='bbox 3077 3047 3350 3117; x_wconf 84' lang='lat' dir='ltr'><strong>ejusmodi</strong></span> 
     </span>
    </p>
   </div>
   <div class='ocr_carea' id='block_1_74' title="bbox 1770 3137 3339 3208">
    <p class='ocr_par' dir='ltr' id='par_1_74' title="bbox 1770 3137 3339 3208">
     <span class='ocr_line' id='line_1_74' title="bbox 1770 3137 3339 3208; baseline 0.002 -17"><span class='ocrx_word' id='word_1_524' title='bbox 1770 3137 2134 3206; x_wconf 86' lang='lat' dir='ltr'><strong>corporaliter</strong></span> <span class='ocrx_word' id='word_1_525' title='bbox 2162 3139 2305 3193; x_wconf 89' lang='lat' dir='ltr'><strong>dicta</strong></span> <span class='ocrx_word' id='word_1_526' title='bbox 2339 3137 2407 3191; x_wconf 91' lang='lat' dir='ltr'><strong>de</strong></span> <span class='ocrx_word' id='word_1_527' title='bbox 2442 3137 2743 3192; x_wconf 76' lang='lat' dir='ltr'><strong>virtutibus</strong></span> <span class='ocrx_word' id='word_1_528' title='bbox 2805 3139 3152 3208; x_wconf 87' lang='lat' dir='ltr'><strong>incorporeis</strong></span> <span class='ocrx_word' id='word_1_529' title='bbox 3215 3155 3339 3208; x_wconf 75' lang='lat' dir='ltr'><strong>qua:</strong></span> 
     </span>
    </p>
   </div>
   <div class='ocr_carea' id='block_1_75' title="bbox 1771 3224 3351 3296">
    <p class='ocr_par' dir='ltr' id='par_1_75' title="bbox 1771 3224 3351 3296">
     <span class='ocr_line' id='line_1_75' title="bbox 1771 3224 3351 3296; baseline -0.001 -15"><span class='ocrx_word' id='word_1_530' title='bbox 1771 3227 2131 3296; x_wconf 77' lang='lat' dir='ltr'><strong>Corporalitcr</strong></span> <span class='ocrx_word' id='word_1_531' title='bbox 2163 3237 2426 3296; x_wconf 87' lang='lat' dir='ltr'><strong>apparent</strong></span> <span class='ocrx_word' id='word_1_532' title='bbox 2451 3224 2655 3281; x_wconf 79' lang='lat' dir='ltr'><strong>divinis</strong></span> <span class='ocrx_word' id='word_1_533' title='bbox 2678 3237 2736 3282; x_wconf 89' lang='lat' dir='ltr'><strong>et</strong></span> <span class='ocrx_word' id='word_1_534' title='bbox 2774 3226 2949 3281; x_wconf 85' lang='lat' dir='ltr'><strong>sacris</strong></span> <span class='ocrx_word' id='word_1_535' title='bbox 3003 3227 3158 3282; x_wconf 89' lang='lat' dir='ltr'><strong>libris</strong></span> <span class='ocrx_word' id='word_1_536' title='bbox 3196 3228 3351 3282; x_wconf 49' lang='lat' dir='ltr'><strong>utili-</strong></span> 
     </span>
    </p>
   </div>
   <div class='ocr_carea' id='block_1_76' title="bbox 1691 3317 3348 3407">
    <p class='ocr_par' dir='ltr' id='par_1_76' title="bbox 1691 3317 3348 3407">
     <span class='ocr_line' id='line_1_76' title="bbox 1691 3317 3348 3407; baseline -0.001 -31"><span class='ocrx_word' id='word_1_537' title='bbox 1691 3350 1734 3407; x_wconf 72' lang='grc' dir='ltr'><strong>ο</strong></span> <span class='ocrx_word' id='word_1_538' title='bbox 1773 3330 1938 3376; x_wconf 87' lang='lat' dir='ltr'><strong>tatem</strong></span> <span class='ocrx_word' id='word_1_539' title='bbox 1968 3317 2259 3391; x_wconf 88' lang='lat' dir='ltr'><strong>quamdam</strong></span> <span class='ocrx_word' id='word_1_540' title='bbox 2295 3319 2564 3373; x_wconf 85' lang='lat' dir='ltr'><strong>tribuunt.</strong></span> <span class='ocrx_word' id='word_1_541' title='bbox 2595 3318 2744 3385; x_wconf 79' lang='lat' dir='ltr'><strong>Quas</strong></span> <span class='ocrx_word' id='word_1_542' title='bbox 2775 3318 3044 3372; x_wconf 84' lang='lat' dir='ltr'><strong>virtutum</strong></span> <span class='ocrx_word' id='word_1_543' title='bbox 3079 3317 3348 3388; x_wconf 79' lang='lat' dir='ltr'><strong>imagines</strong></span> 
     </span>
    </p>
   </div>
   <div class='ocr_carea' id='block_1_77' title="bbox 1771 3408 3347 3481">
    <p class='ocr_par' dir='ltr' id='par_1_77' title="bbox 1771 3408 3347 3481">
     <span class='ocr_line' id='line_1_77' title="bbox 1771 3408 3347 3481; baseline -0.003 -14"><span class='ocrx_word' id='word_1_544' title='bbox 1771 3421 1929 3467; x_wconf 88' lang='lat' dir='ltr'><strong>vocat</strong></span> <span class='ocrx_word' id='word_1_545' title='bbox 1958 3410 2252 3481; x_wconf 79' lang='lat' dir='ltr'><strong>Dionysius</strong></span> <span class='ocrx_word' id='word_1_546' title='bbox 2311 3408 2597 3464; x_wconf 87' lang='lat' dir='ltr'><strong>hominum</strong></span> <span class='ocrx_word' id='word_1_547' title='bbox 2652 3416 2711 3463; x_wconf 87' lang='lat' dir='ltr'><strong>et</strong></span> <span class='ocrx_word' id='word_1_548' title='bbox 2759 3408 3059 3463; x_wconf 88' lang='lat' dir='ltr'><strong>bestiarum</strong></span> <span class='ocrx_word' id='word_1_549' title='bbox 3118 3410 3347 3466; x_wconf 82' lang='lat' dir='ltr'><strong>formas.</strong></span> 
     </span>
    </p>
   </div>
   <div class='ocr_carea' id='block_1_78' title="bbox 1767 3488 3347 3576">
    <p class='ocr_par' dir='ltr' id='par_1_78' title="bbox 1767 3488 3347 3576">
     <span class='ocr_line' id='line_1_78' title="bbox 1767 3488 3347 3576; baseline 0.001 -17"><span class='ocrx_word' id='word_1_550' title='bbox 1767 3504 2014 3559; x_wconf 84' lang='lat' dir='ltr'><strong>Leonum</strong></span> <span class='ocrx_word' id='word_1_551' title='bbox 2039 3504 2186 3559; x_wconf 89' lang='lat' dir='ltr'><strong>enim</strong></span> <span class='ocrx_word' id='word_1_552' title='bbox 2227 3513 2283 3560; x_wconf 87' lang='lat' dir='ltr'><strong>et</strong></span> <span class='ocrx_word' id='word_1_553' title='bbox 2307 3506 2471 3560; x_wconf 88' lang='lat' dir='ltr'><strong>boum</strong></span> <span class='ocrx_word' id='word_1_554' title='bbox 2523 3513 2580 3560; x_wconf 84' lang='lat' dir='ltr'><strong>et</strong></span> <span class='ocrx_word' id='word_1_555' title='bbox 2623 3488 2902 3576; x_wconf 87' lang='lat' dir='ltr'><strong>equorum</strong></span> <span class='ocrx_word' id='word_1_556' title='bbox 2945 3512 3001 3559; x_wconf 89' lang='lat' dir='ltr'><strong>et</strong></span> <span class='ocrx_word' id='word_1_557' title='bbox 3037 3504 3347 3573; x_wconf 84' lang='lat' dir='ltr'><strong>aquilarum</strong></span> 
     </span>
    </p>
   </div>
   <div class='ocr_carea' id='block_1_79' title="bbox 1767 3582 3351 3667">
    <p class='ocr_par' dir='ltr' id='par_1_79' title="bbox 1767 3582 3351 3667">
     <span class='ocr_line' id='line_1_79' title="bbox 1767 3582 3351 3667; baseline 0.001 -16"><span class='ocrx_word' id='word_1_558' title='bbox 1767 3597 1961 3652; x_wconf 82' lang='lat' dir='ltr'><strong>formis</strong></span> <span class='ocrx_word' id='word_1_559' title='bbox 1996 3610 2089 3651; x_wconf 86' lang='lat' dir='ltr'><strong>eas</strong></span> <span class='ocrx_word' id='word_1_560' title='bbox 2117 3596 2443 3653; x_wconf 85' lang='lat' dir='ltr'><strong>circumdat.</strong></span> <span class='ocrx_word' id='word_1_561' title='bbox 2507 3596 2714 3652; x_wconf 85' lang='lat' dir='ltr'><strong>Omitto</strong></span> <span class='ocrx_word' id='word_1_562' title='bbox 2750 3597 2994 3667; x_wconf 84' lang='lat' dir='ltr'><strong>lapidum</strong></span> <span class='ocrx_word' id='word_1_563' title='bbox 3025 3598 3204 3651; x_wconf 87' lang='lat' dir='ltr'><strong>varias</strong></span> <span class='ocrx_word' id='word_1_564' title='bbox 3229 3582 3351 3653; x_wconf 73' lang='lat' dir='ltr'><strong>for-</strong></span> 
     </span>
    </p>
   </div>
   <div class='ocr_carea' id='block_1_80' title="bbox 1769 3689 3346 3762">
    <p class='ocr_par' dir='ltr' id='par_1_80' title="bbox 1769 3689 3346 3762">
     <span class='ocr_line' id='line_1_80' title="bbox 1769 3689 3346 3762; baseline 0.003 -18"><span class='ocrx_word' id='word_1_565' title='bbox 1769 3706 1887 3746; x_wconf 88' lang='lat' dir='ltr'><strong>mas</strong></span> <span class='ocrx_word' id='word_1_566' title='bbox 1939 3701 1994 3746; x_wconf 85' lang='lat' dir='ltr'><strong>et</strong></span> <span class='ocrx_word' id='word_1_567' title='bbox 2053 3702 2250 3746; x_wconf 67' lang='lat' dir='ltr'><strong>caetera</strong></span> <span class='ocrx_word' id='word_1_568' title='bbox 2303 3689 2509 3755; x_wconf 89' lang='lat' dir='ltr'><strong>omnia,</strong></span> <span class='ocrx_word' id='word_1_569' title='bbox 2550 3690 2787 3761; x_wconf 85' lang='lat' dir='ltr'><strong>cingula,</strong></span> <span class='ocrx_word' id='word_1_570' title='bbox 2837 3692 3109 3756; x_wconf 84' lang='lat' dir='ltr'><strong>annulus.</strong></span> <span class='ocrx_word' id='word_1_571' title='bbox 3141 3692 3346 3762; x_wconf 79' lang='lat' dir='ltr'><strong>virgas,</strong></span> 
     </span>
    </p>
   </div>
   <div class='ocr_carea' id='block_1_81' title="bbox 1769 3783 3352 3857">
    <p class='ocr_par' dir='ltr' id='par_1_81' title="bbox 1769 3783 3352 3857">
     <span class='ocr_line' id='line_1_81' title="bbox 1769 3783 3352 3857; baseline 0.002 -19"><span class='ocrx_word' id='word_1_572' title='bbox 1769 3799 2012 3849; x_wconf 85' lang='lat' dir='ltr'><strong>secures,</strong></span> <span class='ocrx_word' id='word_1_573' title='bbox 2043 3784 2243 3855; x_wconf 86' lang='lat' dir='ltr'><strong>quibus</strong></span> <span class='ocrx_word' id='word_1_574' title='bbox 2274 3799 2375 3838; x_wconf 89' lang='lat' dir='ltr'><strong>nos</strong></span> <span class='ocrx_word' id='word_1_575' title='bbox 2399 3783 2561 3839; x_wconf 89' lang='lat' dir='ltr'><strong>docet</strong></span> <span class='ocrx_word' id='word_1_576' title='bbox 2583 3784 2831 3839; x_wconf 83' lang='lat' dir='ltr'><strong>invenire</strong></span> <span class='ocrx_word' id='word_1_577' title='bbox 2861 3784 3157 3857; x_wconf 83' lang='lat' dir='ltr'><strong>imaginum</strong></span> <span class='ocrx_word' id='word_1_578' title='bbox 3176 3788 3352 3857; x_wconf 76' lang='lat' dir='ltr'><strong>expli-</strong></span> 
     </span>
    </p>
   </div>
   <div class='ocr_carea' id='block_1_82' title="bbox 1767 3875 3351 3949">
    <p class='ocr_par' dir='ltr' id='par_1_82' title="bbox 1767 3875 3351 3949">
     <span class='ocr_line' id='line_1_82' title="bbox 1767 3875 3351 3949; baseline 0.001 -18"><span class='ocrx_word' id='word_1_579' title='bbox 1767 3876 2066 3941; x_wconf 89' lang='lat' dir='ltr'><strong>cationem,</strong></span> <span class='ocrx_word' id='word_1_580' title='bbox 2090 3876 2306 3945; x_wconf 85' lang='lat' dir='ltr'><strong>qualem</strong></span> <span class='ocrx_word' id='word_1_581' title='bbox 2345 3875 2463 3944; x_wconf 87' lang='lat' dir='ltr'><strong>ipse</strong></span> <span class='ocrx_word' id='word_1_582' title='bbox 2495 3876 2910 3944; x_wconf 87' lang='lat' dir='ltr'><strong>interpretando</strong></span> <span class='ocrx_word' id='word_1_583' title='bbox 2957 3879 3202 3947; x_wconf 80' lang='lat' dir='ltr'><strong>exponit.</strong></span> <span class='ocrx_word' id='word_1_584' title='bbox 3242 3878 3351 3949; x_wconf 84' lang='lat' dir='ltr'><strong>lgi-</strong></span> 
     </span>
    </p>
   </div>
   <div class='ocr_carea' id='block_1_83' title="bbox 1770 3966 3344 4036">
    <p class='ocr_par' dir='ltr' id='par_1_83' title="bbox 1770 3966 3344 4036">
     <span class='ocr_line' id='line_1_83' title="bbox 1770 3966 3344 4036; baseline 0.003 -14"><span class='ocrx_word' id='word_1_585' title='bbox 1770 3979 1858 4022; x_wconf 90' lang='lat' dir='ltr'><strong>tur</strong></span> <span class='ocrx_word' id='word_1_586' title='bbox 1888 3967 2035 4036; x_wconf 88' lang='lat' dir='ltr'><strong>quod</strong></span> <span class='ocrx_word' id='word_1_587' title='bbox 2060 3967 2115 4021; x_wconf 91' lang='lat' dir='ltr'><strong>in</strong></span> <span class='ocrx_word' id='word_1_588' title='bbox 2134 3966 2422 4035; x_wconf 86' lang='lat' dir='ltr'><strong>Scriptura</strong></span> <span class='ocrx_word' id='word_1_589' title='bbox 2447 3967 2668 4035; x_wconf 86' lang='lat' dir='ltr'><strong>legitur,</strong></span> <span class='ocrx_word' id='word_1_590' title='bbox 2691 3986 2710 4019; x_wconf 81' lang='grc' dir='ltr'><strong>ι</strong></span> <span class='ocrx_word' id='word_1_591' title='bbox 2740 3967 2890 4021; x_wconf 89' lang='lat' dir='ltr'><strong>Beati</strong></span> <span class='ocrx_word' id='word_1_592' title='bbox 2918 3971 3125 4024; x_wconf 91' lang='lat' dir='ltr'><strong>mundo</strong></span> <span class='ocrx_word' id='word_1_593' title='bbox 3156 3973 3344 4034; x_wconf 86' lang='lat' dir='ltr'><strong>corde.</strong></span> 
     </span>
    </p>
   </div>
   <div class='ocr_carea' id='block_1_84' title="bbox 1767 4058 3343 4131">
    <p class='ocr_par' dir='ltr' id='par_1_84' title="bbox 1767 4058 3343 4131">
     <span class='ocr_line' id='line_1_84' title="bbox 1767 4058 3343 4131; baseline 0.002 -18"><span class='ocrx_word' id='word_1_594' title='bbox 1767 4058 2027 4129; x_wconf 87' lang='lat' dir='ltr'><strong>quoniam</strong></span> <span class='ocrx_word' id='word_1_595' title='bbox 2066 4060 2171 4128; x_wconf 90' lang='lat' dir='ltr'><strong>ipsi</strong></span> <span class='ocrx_word' id='word_1_596' title='bbox 2198 4060 2369 4114; x_wconf 90' lang='lat' dir='ltr'><strong>Deum</strong></span> <span class='ocrx_word' id='word_1_597' title='bbox 2401 4059 2698 4121; x_wconf 70' lang='lat' dir='ltr'><strong>videbunt,</strong></span> <span class='ocrx_word' id='word_1_598' title='bbox 2722 4078 2739 4110; x_wconf 79' lang='grc' dir='ltr'><strong>ι</strong></span> <span class='ocrx_word' id='word_1_599' title='bbox 2778 4060 2846 4113; x_wconf 91' lang='lat' dir='ltr'><strong>de</strong></span> <span class='ocrx_word' id='word_1_600' title='bbox 2874 4061 3343 4131; x_wconf 88' lang='lat' dir='ltr'><strong>contemplatione</strong></span> 
     </span>
    </p>
   </div>
   <div class='ocr_carea' id='block_1_85' title="bbox 1766 4149 3345 4222">
    <p class='ocr_par' dir='ltr' id='par_1_85' title="bbox 1766 4149 3345 4222">
     <span class='ocr_line' id='line_1_85' title="bbox 1766 4149 3345 4222; baseline 0 -14"><span class='ocrx_word' id='word_1_601' title='bbox 1766 4169 1865 4222; x_wconf 85' lang='lat' dir='ltr'><strong>per</strong></span> <span class='ocrx_word' id='word_1_602' title='bbox 1897 4161 2134 4206; x_wconf 87' lang='lat' dir='ltr'><strong>mentem</strong></span> <span class='ocrx_word' id='word_1_603' title='bbox 2189 4151 2462 4220; x_wconf 85' lang='lat' dir='ltr'><strong>intelligit</strong></span> <span class='ocrx_word' id='word_1_604' title='bbox 2507 4159 2729 4205; x_wconf 88' lang='lat' dir='ltr'><strong>sanctus</strong></span> <span class='ocrx_word' id='word_1_605' title='bbox 2779 4149 3223 4221; x_wconf 84' lang='lat' dir='ltr'><strong>Cbrysostomus.</strong></span> <span class='ocrx_word' id='word_1_606' title='bbox 3280 4153 3345 4208; x_wconf 85' lang='lat' dir='ltr'><strong>Et</strong></span> 
     </span>
    </p>
   </div>
   <div class='ocr_carea' id='block_1_86' title="bbox 1767 4240 3335 4312">
    <p class='ocr_par' dir='ltr' id='par_1_86' title="bbox 1767 4240 3335 4312">
     <span class='ocr_line' id='line_1_86' title="bbox 1767 4240 3335 4312; baseline -0.001 -14"><span class='ocrx_word' id='word_1_607' title='bbox 1767 4245 1923 4308; x_wconf 85' lang='lat' dir='ltr'><strong>illud,</strong></span> <span class='ocrx_word' id='word_1_608' title='bbox 1964 4262 1982 4295; x_wconf 83' lang='grc' dir='ltr'><strong>ι</strong></span> <span class='ocrx_word' id='word_1_609' title='bbox 2022 4242 2213 4312; x_wconf 81' lang='lat' dir='ltr'><strong>Angeli</strong></span> <span class='ocrx_word' id='word_1_610' title='bbox 2247 4258 2437 4296; x_wconf 89' lang='lat' dir='ltr'><strong>eorum</strong></span> <span class='ocrx_word' id='word_1_611' title='bbox 2465 4242 2713 4311; x_wconf 89' lang='lat' dir='ltr'><strong>quotidie</strong></span> <span class='ocrx_word' id='word_1_612' title='bbox 2741 4242 2927 4295; x_wconf 73' lang='lat' dir='ltr'><strong>vident</strong></span> <span class='ocrx_word' id='word_1_613' title='bbox 2955 4240 3148 4297; x_wconf 82' lang='lat' dir='ltr'><strong>faciem</strong></span> <span class='ocrx_word' id='word_1_614' title='bbox 3174 4243 3288 4305; x_wconf 74' lang='lat' dir='ltr'><strong>Dei,</strong></span> <span class='ocrx_word' id='word_1_615' title='bbox 3317 4263 3335 4296; x_wconf 78' lang='grc' dir='ltr'><strong>ι</strong></span> 
     </span>
    </p>
   </div>
   <div class='ocr_carea' id='block_1_87' title="bbox 1766 4331 3346 4402">
    <p class='ocr_par' dir='ltr' id='par_1_87' title="bbox 1766 4331 3346 4402">
     <span class='ocr_line' id='line_1_87' title="bbox 1766 4331 3346 4402; baseline 0.001 -16"><span class='ocrx_word' id='word_1_616' title='bbox 1766 4332 2010 4386; x_wconf 87' lang='lat' dir='ltr'><strong>eamdem</strong></span> <span class='ocrx_word' id='word_1_617' title='bbox 2042 4331 2369 4385; x_wconf 87' lang='lat' dir='ltr'><strong>sententiam</strong></span> <span class='ocrx_word' id='word_1_618' title='bbox 2405 4343 2668 4400; x_wconf 64' lang='lat' dir='ltr'><strong>prwstare</strong></span> <span class='ocrx_word' id='word_1_619' title='bbox 2696 4332 2851 4387; x_wconf 86' lang='lat' dir='ltr'><strong>dicit.</strong></span> <span class='ocrx_word' id='word_1_620' title='bbox 2880 4334 3060 4402; x_wconf 88' lang='lat' dir='ltr'><strong>Ipsum</strong></span> <span class='ocrx_word' id='word_1_621' title='bbox 3082 4335 3231 4391; x_wconf 87' lang='lat' dir='ltr'><strong>enim</strong></span> <span class='ocrx_word' id='word_1_622' title='bbox 3264 4335 3346 4388; x_wconf 79' lang='lat' dir='ltr'><strong>vi-</strong></span> 
     </span>
    </p>
   </div>
   <div class='ocr_carea' id='block_1_88' title="bbox 1765 4424 3345 4495">
    <p class='ocr_par' dir='ltr' id='par_1_88' title="bbox 1765 4424 3345 4495">
     <span class='ocr_line' id='line_1_88' title="bbox 1765 4424 3345 4495; baseline 0.002 -14"><span class='ocrx_word' id='word_1_623' title='bbox 1765 4427 1893 4481; x_wconf 85' lang='lat' dir='ltr'><strong>dere</strong></span> <span class='ocrx_word' id='word_1_624' title='bbox 1918 4439 2020 4480; x_wconf 90' lang='lat' dir='ltr'><strong>nec</strong></span> <span class='ocrx_word' id='word_1_625' title='bbox 2042 4424 2292 4479; x_wconf 81' lang='lat' dir='ltr'><strong>homines</strong></span> <span class='ocrx_word' id='word_1_626' title='bbox 2321 4432 2554 4493; x_wconf 81' lang='lat' dir='ltr'><strong>possunt</strong></span> <span class='ocrx_word' id='word_1_627' title='bbox 2576 4441 2753 4495; x_wconf 89' lang='lat' dir='ltr'><strong>neque</strong></span> <span class='ocrx_word' id='word_1_628' title='bbox 2774 4425 3094 4495; x_wconf 85' lang='lat' dir='ltr'><strong>angelorum</strong></span> <span class='ocrx_word' id='word_1_629' title='bbox 3118 4426 3345 4483; x_wconf 86' lang='lat' dir='ltr'><strong>ordines</strong></span> 
     </span>
    </p>
   </div>
   <div class='ocr_carea' id='block_1_89' title="bbox 1765 4515 3343 4587">
    <p class='ocr_par' dir='ltr' id='par_1_89' title="bbox 1765 4515 3343 4587">
     <span class='ocr_line' id='line_1_89' title="bbox 1765 4515 3343 4587; baseline 0.003 -17"><span class='ocrx_word' id='word_1_630' title='bbox 1765 4515 2125 4585; x_wconf 89' lang='lat' dir='ltr'><strong>contemplari</strong></span> <span class='ocrx_word' id='word_1_631' title='bbox 2152 4530 2279 4570; x_wconf 90' lang='lat' dir='ltr'><strong>eum</strong></span> <span class='ocrx_word' id='word_1_632' title='bbox 2304 4516 2530 4573; x_wconf 90' lang='lat' dir='ltr'><strong>audent.</strong></span> <span class='ocrx_word' id='word_1_633' title='bbox 2569 4515 2727 4581; x_wconf 87' lang='lat' dir='ltr'><strong>Quod</strong></span> <span class='ocrx_word' id='word_1_634' title='bbox 2778 4527 2966 4587; x_wconf 90' lang='lat' dir='ltr'><strong>aperte</strong></span> <span class='ocrx_word' id='word_1_635' title='bbox 3019 4518 3154 4573; x_wconf 89' lang='lat' dir='ltr'><strong>dicit</strong></span> <span class='ocrx_word' id='word_1_636' title='bbox 3200 4520 3343 4574; x_wconf 86' lang='lat' dir='ltr'><strong>Pau-</strong></span> 
     </span>
    </p>
   </div>
   <div class='ocr_carea' id='block_1_90' title="bbox 1767 4605 3339 4679">
    <p class='ocr_par' dir='ltr' id='par_1_90' title="bbox 1767 4605 3339 4679">
     <span class='ocr_line' id='line_1_90' title="bbox 1767 4605 3339 4679; baseline 0.004 -20"><span class='ocrx_word' id='word_1_637' title='bbox 1767 4607 1883 4660; x_wconf 89' lang='lat' dir='ltr'><strong>lus:</strong></span> <span class='ocrx_word' id='word_1_638' title='bbox 1913 4625 1931 4658; x_wconf 81' lang='grc' dir='ltr'><strong>ι</strong></span> <span class='ocrx_word' id='word_1_639' title='bbox 1960 4606 2226 4676; x_wconf 85' lang='lat' dir='ltr'><strong>Apparuit</strong></span> <span class='ocrx_word' id='word_1_640' title='bbox 2243 4605 2297 4661; x_wconf 93' lang='lat' dir='ltr'><strong>in</strong></span> <span class='ocrx_word' id='word_1_641' title='bbox 2317 4622 2497 4672; x_wconf 83' lang='lat' dir='ltr'><strong>carne,</strong></span> <span class='ocrx_word' id='word_1_642' title='bbox 2515 4619 2841 4677; x_wconf 89' lang='lat' dir='ltr'><strong>conspectus</strong></span> <span class='ocrx_word' id='word_1_643' title='bbox 2866 4618 2952 4664; x_wconf 88' lang='lat' dir='ltr'><strong>est</strong></span> <span class='ocrx_word' id='word_1_644' title='bbox 2979 4610 3048 4664; x_wconf 86' lang='lat' dir='ltr'><strong>ab</strong></span> <span class='ocrx_word' id='word_1_645' title='bbox 3064 4610 3339 4679; x_wconf 77' lang='lat' dir='ltr'><strong>angelis;s</strong></span> 
     </span>
    </p>
   </div>
   <div class='ocr_carea' id='block_1_91' title="bbox 119 4692 1659 4775">
    <p class='ocr_par' dir='ltr' id='par_1_91' title="bbox 119 4692 1651 4775">
     <span class='ocr_line' id='line_1_91' title="bbox 119 4692 1651 4775; baseline 0.007 -33"><span class='ocrx_word' id='word_1_646' title='bbox 119 4692 204 4744; x_wconf 72' lang='grc' dir='ltr'>Καὶ</span> <span class='ocrx_word' id='word_1_647' title='bbox 233 4696 306 4759; x_wconf 73' lang='grc' dir='ltr'><strong>τὸ,</strong></span> <span class='ocrx_word' id='word_1_648' title='bbox 348 4715 366 4747; x_wconf 87' lang='grc' dir='ltr'><strong>ι</strong></span> <span class='ocrx_word' id='word_1_649' title='bbox 396 4700 458 4751; x_wconf 80' lang='lat' dir='ltr'><strong>Ui.</strong></span> <span class='ocrx_word' id='word_1_650' title='bbox 487 4699 717 4775; x_wconf 79' lang='grc' dir='ltr'>ἄγγελοι</span> <span class='ocrx_word' id='word_1_651' title='bbox 750 4700 806 4752; x_wconf 83' lang='grc' dir='ltr'>δὲ</span> <span class='ocrx_word' id='word_1_652' title='bbox 860 4700 1039 4754; x_wconf 77' lang='grc' dir='ltr'>αὐτῶν</span> <span class='ocrx_word' id='word_1_653' title='bbox 1083 4700 1204 4753; x_wconf 87' lang='grc' dir='ltr'>καθ’</span> <span class='ocrx_word' id='word_1_654' title='bbox 1238 4701 1450 4770; x_wconf 70' lang='grc' dir='ltr'>ἡμέραν</span> <span class='ocrx_word' id='word_1_655' title='bbox 1480 4700 1651 4770; x_wconf 83' lang='grc' dir='ltr'>ὁρῶσι</span> 
     </span>
    </p>
   </div>
   <div class='ocr_carea' id='block_1_92' title="bbox 1767 4692 3349 4775">
    <p class='ocr_par' dir='ltr' id='par_1_92' title="bbox 1767 4698 3349 4771">
     <span class='ocr_line' id='line_1_92' title="bbox 1767 4698 3349 4771; baseline 0.003 -19"><span class='ocrx_word' id='word_1_656' title='bbox 1767 4708 1880 4754; x_wconf 65' lang='lat' dir='ltr'><strong>ante</strong></span> <span class='ocrx_word' id='word_1_657' title='bbox 1895 4698 2042 4754; x_wconf 90' lang='lat' dir='ltr'><strong>enim</strong></span> <span class='ocrx_word' id='word_1_658' title='bbox 2066 4698 2277 4753; x_wconf 89' lang='lat' dir='ltr'><strong>Domini</strong></span> <span class='ocrx_word' id='word_1_659' title='bbox 2306 4699 2736 4754; x_wconf 87' lang='lat' dir='ltr'><strong>incarnationem</strong></span> <span class='ocrx_word' id='word_1_660' title='bbox 2768 4714 2873 4754; x_wconf 90' lang='lat' dir='ltr'><strong>nec</strong></span> <span class='ocrx_word' id='word_1_661' title='bbox 2898 4702 2967 4756; x_wconf 88' lang='lat' dir='ltr'><strong>ab</strong></span> <span class='ocrx_word' id='word_1_662' title='bbox 2989 4701 3195 4771; x_wconf 86' lang='lat' dir='ltr'><strong>angelis</strong></span> <span class='ocrx_word' id='word_1_663' title='bbox 3215 4718 3349 4757; x_wconf 78' lang='lat' dir='ltr'><strong>cen-</strong></span> 
     </span>
    </p>
   </div>
   <div class='ocr_carea' id='block_1_93' title="bbox 116 4784 1652 4861">
    <p class='ocr_par' dir='ltr' id='par_1_93' title="bbox 116 4784 1652 4861">
     <span class='ocr_line' id='line_1_93' title="bbox 116 4784 1652 4861; baseline 0.009 -30"><span class='ocrx_word' id='word_1_664' title='bbox 116 4784 162 4833; x_wconf 74' lang='grc' dir='ltr'><strong>τὸ</strong></span> <span class='ocrx_word' id='word_1_665' title='bbox 189 4788 457 4854; x_wconf 77' lang='grc' dir='ltr'>πρόσωπον</span> <span class='ocrx_word' id='word_1_666' title='bbox 488 4790 584 4843; x_wconf 80' lang='grc' dir='ltr'>τοῦ</span> <span class='ocrx_word' id='word_1_667' title='bbox 645 4788 784 4843; x_wconf 80' lang='grc' dir='ltr'>Θεοῦ</span> <span class='ocrx_word' id='word_1_668' title='bbox 809 4830 823 4855; x_wconf 89' lang='grc'><strong>,</strong></span> <span class='ocrx_word' id='word_1_669' title='bbox 855 4808 874 4842; x_wconf 80' lang='grc' dir='ltr'>ι</span> <span class='ocrx_word' id='word_1_670' title='bbox 937 4789 1037 4860; x_wconf 81' lang='grc' dir='ltr'>τὴν</span> <span class='ocrx_word' id='word_1_671' title='bbox 1068 4790 1260 4861; x_wconf 74' lang='grc' dir='ltr'>αὐτὴν,</span> <span class='ocrx_word' id='word_1_672' title='bbox 1317 4790 1504 4860; x_wconf 73' lang='grc' dir='ltr'>φησὶν,</span> <span class='ocrx_word' id='word_1_673' title='bbox 1537 4788 1652 4860; x_wconf 77' lang='grc' dir='ltr'>ἔχει</span> 
     </span>
    </p>
   </div>
   <div class='ocr_carea' id='block_1_94' title="bbox 114 4873 1652 4953">
    <p class='ocr_par' dir='ltr' id='par_1_94' title="bbox 114 4873 1652 4953">
     <span class='ocr_line' id='line_1_94' title="bbox 114 4873 1652 4953; baseline 0.007 -28"><span class='ocrx_word' id='word_1_674' title='bbox 114 4873 343 4931; x_wconf 86' lang='grc' dir='ltr'>διάνοιαν·</span> <span class='ocrx_word' id='word_1_675' title='bbox 394 4882 483 4933; x_wconf 73' lang='grc' dir='ltr'>τὸν</span> <span class='ocrx_word' id='word_1_676' title='bbox 519 4883 629 4950; x_wconf 70' lang='grc' dir='ltr'><strong>γὰρ</strong></span> <span class='ocrx_word' id='word_1_677' title='bbox 663 4882 827 4935; x_wconf 78' lang='grc' dir='ltr'>αὑτὸν</span> <span class='ocrx_word' id='word_1_678' title='bbox 888 4882 1200 4953; x_wconf 85' lang='grc' dir='ltr'>ἀνθρώποις</span> <span class='ocrx_word' id='word_1_679' title='bbox 1232 4901 1290 4936; x_wconf 86' lang='grc' dir='ltr'><strong>τε</strong></span> <span class='ocrx_word' id='word_1_680' title='bbox 1340 4882 1488 4936; x_wconf 79' lang='grc' dir='ltr'>ἐστιν</span> <span class='ocrx_word' id='word_1_681' title='bbox 1524 4883 1652 4935; x_wconf 85' lang='grc' dir='ltr'>ἰδεῖν</span> 
     </span>
    </p>
   </div>
   <div class='ocr_carea' id='block_1_95' title="bbox 115 4967 1653 5047">
    <p class='ocr_par' dir='ltr' id='par_1_95' title="bbox 115 4967 1653 5047">
     <span class='ocr_line' id='line_1_95' title="bbox 115 4967 1653 5047; baseline 0.006 -29"><span class='ocrx_word' id='word_1_682' title='bbox 115 4967 358 5037; x_wconf 80' lang='grc' dir='ltr'>ἀδύνατον,</span> <span class='ocrx_word' id='word_1_683' title='bbox 388 4979 478 5030; x_wconf 74' lang='grc' dir='ltr'><strong>καὶ</strong></span> <span class='ocrx_word' id='word_1_684' title='bbox 507 4973 577 5031; x_wconf 81' lang='grc' dir='ltr'><strong>αὖ</strong></span> <span class='ocrx_word' id='word_1_685' title='bbox 606 4976 870 5047; x_wconf 38' lang='grc' dir='ltr'>μηδὲιτῶν</span> <span class='ocrx_word' id='word_1_686' title='bbox 899 4976 1151 5045; x_wconf 84' lang='grc' dir='ltr'>ἀγγέλων</span> <span class='ocrx_word' id='word_1_687' title='bbox 1183 4977 1389 5045; x_wconf 78' lang='grc' dir='ltr'>τολμᾷν</span> <span class='ocrx_word' id='word_1_688' title='bbox 1407 4976 1653 5029; x_wconf 78' lang='grc' dir='ltr'>ἀτενίσαι</span> 
     </span>
    </p>
   </div>
   <div class='ocr_carea' id='block_1_96' title="bbox 113 5059 1651 5138">
    <p class='ocr_par' dir='ltr' id='par_1_96' title="bbox 113 5059 1651 5138">
     <span class='ocr_line' id='line_1_96' title="bbox 113 5059 1651 5138; baseline 0.008 -30"><span class='ocrx_word' id='word_1_689' title='bbox 113 5059 167 5109; x_wconf 67' lang='grc' dir='ltr'><strong>τὰ</strong></span> <span class='ocrx_word' id='word_1_690' title='bbox 181 5062 437 5132; x_wconf 82' lang='grc' dir='ltr'>τάγματα.</span> <span class='ocrx_word' id='word_1_691' title='bbox 474 5067 585 5121; x_wconf 75' lang='grc' dir='ltr'>Καὶ</span> <span class='ocrx_word' id='word_1_692' title='bbox 609 5067 768 5138; x_wconf 75' lang='grc' dir='ltr'>δῆλον</span> <span class='ocrx_word' id='word_1_693' title='bbox 794 5066 955 5121; x_wconf 79' lang='grc' dir='ltr'>τοῦτο</span> <span class='ocrx_word' id='word_1_694' title='bbox 1005 5067 1190 5138; x_wconf 74' lang='grc' dir='ltr'>τίθησι</span> <span class='ocrx_word' id='word_1_695' title='bbox 1224 5067 1438 5130; x_wconf 82' lang='grc' dir='ltr'>Παῦλος</span> <span class='ocrx_word' id='word_1_696' title='bbox 1476 5068 1651 5136; x_wconf 79' lang='grc' dir='ltr'>λέγων</span> 
     </span>
    </p>
   </div>
   <div class='ocr_carea' id='block_1_97' title="bbox 122 5150 1652 5231">
    <p class='ocr_par' dir='ltr' id='par_1_97' title="bbox 122 5150 1652 5231">
     <span class='ocr_line' id='line_1_97' title="bbox 122 5150 1652 5231; baseline 0.007 -27"><span class='ocrx_word' id='word_1_697' title='bbox 122 5165 136 5197; x_wconf 80' lang='grc' dir='ltr'><strong>ι</strong></span> <span class='ocrx_word' id='word_1_698' title='bbox 164 5150 490 5229; x_wconf 76' lang='grc' dir='ltr'>Ἐφανερὼθη</span> <span class='ocrx_word' id='word_1_699' title='bbox 536 5162 597 5214; x_wconf 84' lang='grc' dir='ltr'>ὲν</span> <span class='ocrx_word' id='word_1_700' title='bbox 623 5161 808 5231; x_wconf 76' lang='grc' dir='ltr'>σαρκὶ,</span> <span class='ocrx_word' id='word_1_701' title='bbox 841 5158 996 5229; x_wconf 76' lang='grc' dir='ltr'>ὤφθη</span> <span class='ocrx_word' id='word_1_702' title='bbox 1029 5160 1318 5229; x_wconf 81' lang='grc' dir='ltr'>ἀγγέλοις·</span> <span class='ocrx_word' id='word_1_703' title='bbox 1352 5178 1371 5211; x_wconf 83' lang='grc' dir='ltr'>ι</span> <span class='ocrx_word' id='word_1_704' title='bbox 1413 5161 1519 5230; x_wconf 81' lang='grc' dir='ltr'>πρὸ</span> <span class='ocrx_word' id='word_1_705' title='bbox 1546 5161 1652 5229; x_wconf 77' lang='grc' dir='ltr'>γὰρ</span> 
     </span>
    </p>
   </div>
   <div class='ocr_carea' id='block_1_98' title="bbox 114 5239 1653 5321">
    <p class='ocr_par' dir='ltr' id='par_1_98' title="bbox 114 5239 1653 5321">
     <span class='ocr_line' id='line_1_98' title="bbox 114 5239 1653 5321; baseline 0.001 -20"><span class='ocrx_word' id='word_1_706' title='bbox 114 5239 195 5307; x_wconf 77' lang='grc' dir='ltr'><strong>τῆς</strong></span> <span class='ocrx_word' id='word_1_707' title='bbox 237 5246 325 5299; x_wconf 67' lang='lat' dir='ltr'><strong>tot}</strong></span> <span class='ocrx_word' id='word_1_708' title='bbox 370 5250 581 5321; x_wconf 77' lang='grc' dir='ltr'>Κυρίου</span> <span class='ocrx_word' id='word_1_709' title='bbox 627 5249 963 5320; x_wconf 86' lang='grc' dir='ltr'>σαρκώσεως</span> <span class='ocrx_word' id='word_1_710' title='bbox 1004 5252 1100 5304; x_wconf 61' lang='grc' dir='ltr'><strong>καί⁵</strong></span> <span class='ocrx_word' id='word_1_711' title='bbox 1127 5253 1383 5319; x_wconf 75' lang='grc' dir='ltr'>ἀγγέλοις</span> <span class='ocrx_word' id='word_1_712' title='bbox 1418 5253 1653 5314; x_wconf 72' lang='grc' dir='ltr'>ἀθέατος</span> 
     </span>
    </p>
   </div>
   <div class='ocr_carea' id='block_1_99' title="bbox 114 5325 1652 5413">
    <p class='ocr_par' dir='ltr' id='par_1_99' title="bbox 114 5325 1652 5413">
     <span class='ocr_line' id='line_1_99' title="bbox 114 5325 1652 5413; baseline 0.005 -27"><span class='ocrx_word' id='word_1_713' title='bbox 114 5325 189 5400; x_wconf 79' lang='grc' dir='ltr'>ἦν,</span> <span class='ocrx_word' id='word_1_714' title='bbox 210 5335 274 5396; x_wconf 74' lang='grc' dir='ltr'>ὼς</span> <span class='ocrx_word' id='word_1_715' title='bbox 301 5341 391 5391; x_wconf 70' lang='grc' dir='ltr'>καὶ</span> <span class='ocrx_word' id='word_1_716' title='bbox 419 5344 446 5392; x_wconf 84' lang='lat'><strong>6</strong></span> <span class='ocrx_word' id='word_1_717' title='bbox 472 5342 616 5405; x_wconf 85' lang='grc' dir='ltr'>θεῖος</span> <span class='ocrx_word' id='word_1_718' title='bbox 650 5342 755 5413; x_wconf 78' lang='grc' dir='ltr'>ἔφη</span> <span class='ocrx_word' id='word_1_719' title='bbox 804 5343 1192 5412; x_wconf 85' lang='grc' dir='ltr'>Χρυσόστομος</span> <span class='ocrx_word' id='word_1_720' title='bbox 1219 5344 1301 5397; x_wconf 83' lang='grc' dir='ltr'>ὅτι</span> <span class='ocrx_word' id='word_1_721' title='bbox 1356 5344 1489 5395; x_wconf 81' lang='grc' dir='ltr'>αύτό</span> <span class='ocrx_word' id='word_1_722' title='bbox 1515 5344 1652 5413; x_wconf 80' lang='grc' dir='ltr'>ὅπερ</span> 
     </span>
    </p>
   </div>
   <div class='ocr_carea' id='block_1_100' title="bbox 117 5426 1653 5506">
    <p class='ocr_par' dir='ltr' id='par_1_100' title="bbox 117 5426 1653 5506">
     <span class='ocr_line' id='line_1_100' title="bbox 117 5426 1653 5506; baseline 0.009 -30"><span class='ocrx_word' id='word_1_723' title='bbox 117 5426 241 5480; x_wconf 71' lang='grc' dir='ltr'>ἐστὶν</span> <span class='ocrx_word' id='word_1_724' title='bbox 261 5432 288 5482; x_wconf 89' lang='lat'><strong>6</strong></span> <span class='ocrx_word' id='word_1_725' title='bbox 327 5431 478 5500; x_wconf 70' lang='grc' dir='ltr'>Θεὸς,</span> <span class='ocrx_word' id='word_1_726' title='bbox 530 5436 592 5488; x_wconf 80' lang='grc' dir='ltr'><strong>ού</strong></span> <span class='ocrx_word' id='word_1_727' title='bbox 623 5436 1046 5506; x_wconf 73' lang='grc' dir='ltr'>προφῆταιρύδ⁹</span> <span class='ocrx_word' id='word_1_728' title='bbox 1094 5436 1317 5504; x_wconf 79' lang='grc' dir='ltr'>ἄγγελοι</span> <span class='ocrx_word' id='word_1_729' title='bbox 1349 5433 1510 5501; x_wconf 78' lang='grc' dir='ltr'>εἶδον,</span> <span class='ocrx_word' id='word_1_730' title='bbox 1542 5436 1653 5490; x_wconf 80' lang='grc' dir='ltr'>οὐδ’</span> 
     </span>
    </p>
   </div>
   <div class='ocr_carea' id='block_1_101' title="bbox 118 5515 1657 5597">
    <p class='ocr_par' dir='ltr' id='par_1_101' title="bbox 118 5515 1657 5597">
     <span class='ocr_line' id='line_1_101' title="bbox 118 5515 1657 5597; baseline 0.006 -26"><span class='ocrx_word' id='word_1_731' title='bbox 118 5515 433 5587; x_wconf 76' lang='grc' dir='ltr'>ἀρχάγγελοι.</span> <span class='ocrx_word' id='word_1_732' title='bbox 492 5526 552 5577; x_wconf 80' lang='lat' dir='ltr'><strong>Ei</strong></span> <span class='ocrx_word' id='word_1_733' title='bbox 585 5527 690 5596; x_wconf 83' lang='grc' dir='ltr'><strong>γάρ</strong></span> <span class='ocrx_word' id='word_1_734' title='bbox 741 5527 837 5578; x_wconf 73' lang='grc' dir='ltr'>καὶ</span> <span class='ocrx_word' id='word_1_735' title='bbox 889 5525 1173 5595; x_wconf 81' lang='grc' dir='ltr'>ὁμιλοῦσιν</span> <span class='ocrx_word' id='word_1_736' title='bbox 1225 5525 1534 5597; x_wconf 80' lang='grc' dir='ltr'>ἀνθρώποις</span> <span class='ocrx_word' id='word_1_737' title='bbox 1590 5530 1657 5580; x_wconf 84' lang='grc' dir='ltr'>ὲκ</span> 
     </span>
    </p>
   </div>
   <div class='ocr_carea' id='block_1_102' title="bbox 118 5614 1660 5692">
    <p class='ocr_par' dir='ltr' id='par_1_102' title="bbox 118 5614 1660 5692">
     <span class='ocr_line' id='line_1_102' title="bbox 118 5614 1660 5692; baseline 0.013 -32"><span class='ocrx_word' id='word_1_738' title='bbox 118 5614 379 5676; x_wconf 64' lang='grc' dir='ltr'>προσώπου</span> <span class='ocrx_word' id='word_1_739' title='bbox 404 5617 497 5670; x_wconf 79' lang='grc' dir='ltr'><strong>τοῦ</strong></span> <span class='ocrx_word' id='word_1_740' title='bbox 542 5616 677 5670; x_wconf 81' lang='grc' dir='ltr'>Θεοῦ</span> <span class='ocrx_word' id='word_1_741' title='bbox 726 5619 821 5671; x_wconf 75' lang='grc' dir='ltr'><strong>καὶ</strong></span> <span class='ocrx_word' id='word_1_742' title='bbox 850 5619 1093 5688; x_wconf 77' lang='grc' dir='ltr'>ἄγγελοι,</span> <span class='ocrx_word' id='word_1_743' title='bbox 1129 5619 1244 5672; x_wconf 86' lang='grc' dir='ltr'>ἀλλ’</span> <span class='ocrx_word' id='word_1_744' title='bbox 1272 5620 1394 5673; x_wconf 79' lang='grc' dir='ltr'>οὐδὲ</span> <span class='ocrx_word' id='word_1_745' title='bbox 1446 5623 1660 5692; x_wconf 79' lang='grc' dir='ltr'>προφή-</span> 
     </span>
    </p>
   </div>
   <div class='ocr_carea' id='block_1_103' title="bbox 118 5706 1656 5782">
    <p class='ocr_par' dir='ltr' id='par_1_103' title="bbox 118 5706 1656 5782">
     <span class='ocr_line' id='line_1_103' title="bbox 118 5706 1656 5782; baseline 0.012 -33"><span class='ocrx_word' id='word_1_746' title='bbox 118 5714 216 5764; x_wconf 79' lang='grc' dir='ltr'>ταις</span> <span class='ocrx_word' id='word_1_747' title='bbox 241 5706 399 5775; x_wconf 78' lang='grc' dir='ltr'>ἄηθες</span> <span class='ocrx_word' id='word_1_748' title='bbox 423 5710 578 5763; x_wconf 69' lang='grc' dir='ltr'>τουτὶ</span> <span class='ocrx_word' id='word_1_749' title='bbox 603 5709 696 5763; x_wconf 69' lang='grc' dir='ltr'><strong>καί</strong></span> <span class='ocrx_word' id='word_1_750' title='bbox 721 5708 1028 5780; x_wconf 82' lang='grc' dir='ltr'>ἀνθρώποις</span> <span class='ocrx_word' id='word_1_751' title='bbox 1065 5707 1186 5764; x_wconf 81' lang='grc' dir='ltr'>οὖσι</span> <span class='ocrx_word' id='word_1_752' title='bbox 1207 5726 1222 5742; x_wconf 79' lang='grc' dir='ltr'><strong>ο</strong></span> <span class='ocrx_word' id='word_1_753' title='bbox 1253 5715 1383 5764; x_wconf 82' lang='grc' dir='ltr'>ποτὲ</span> <span class='ocrx_word' id='word_1_754' title='bbox 1416 5712 1515 5780; x_wconf 75' lang='grc' dir='ltr'>μὲν</span> <span class='ocrx_word' id='word_1_755' title='bbox 1546 5712 1656 5782; x_wconf 77' lang='grc' dir='ltr'>γὰρ</span> 
     </span>
    </p>
   </div>
   <div class='ocr_carea' id='block_1_104' title="bbox 121 5799 1647 5871">
    <p class='ocr_par' dir='ltr' id='par_1_104' title="bbox 121 5799 1647 5871">
     <span class='ocr_line' id='line_1_104' title="bbox 121 5799 1647 5871; baseline 0.006 -27"><span class='ocrx_word' id='word_1_756' title='bbox 121 5799 469 5863; x_wconf 73' lang='grc' dir='ltr'>προστιθέντες</span> <span class='ocrx_word' id='word_1_757' title='bbox 499 5800 634 5870; x_wconf 75' lang='grc' dir='ltr'>φασὶ</span> <span class='ocrx_word' id='word_1_758' title='bbox 662 5804 756 5855; x_wconf 77' lang='grc' dir='ltr'><strong>καὶ</strong></span> <span class='ocrx_word' id='word_1_759' title='bbox 790 5802 967 5868; x_wconf 73' lang='grc' dir='ltr'>αὐτοὶ,</span> <span class='ocrx_word' id='word_1_760' title='bbox 1008 5820 1026 5853; x_wconf 84' lang='grc' dir='ltr'><strong>ι</strong></span> <span class='ocrx_word' id='word_1_761' title='bbox 1048 5802 1185 5855; x_wconf 76' lang='grc' dir='ltr'>Τάδε</span> <span class='ocrx_word' id='word_1_762' title='bbox 1216 5802 1366 5870; x_wconf 84' lang='grc' dir='ltr'>λέγει</span> <span class='ocrx_word' id='word_1_763' title='bbox 1391 5800 1647 5871; x_wconf 81' lang='grc' dir='ltr'>Κύριος,ι</span> 
     </span>
    </p>
   </div>
   <div class='ocr_carea' id='block_1_105' title="bbox 1763 4790 3340 4868">
    <p class='ocr_par' dir='ltr' id='par_1_105' title="bbox 1763 4790 3340 4868">
     <span class='ocr_line' id='line_1_105' title="bbox 1763 4790 3340 4868; baseline -0.001 -17"><span class='ocrx_word' id='word_1_764' title='bbox 1763 4790 2147 4868; x_wconf 70' lang='grc' dir='ltr'>ερὶιιίιροιοηι,</span> <span class='ocrx_word' id='word_1_765' title='bbox 2173 4801 2233 4847; x_wconf 90' lang='lat' dir='ltr'><strong>ut</strong></span> <span class='ocrx_word' id='word_1_766' title='bbox 2261 4792 2426 4846; x_wconf 88' lang='lat' dir='ltr'><strong>etiam</strong></span> <span class='ocrx_word' id='word_1_767' title='bbox 2453 4802 2678 4847; x_wconf 88' lang='lat' dir='ltr'><strong>sanctus</strong></span> <span class='ocrx_word' id='word_1_768' title='bbox 2712 4790 3140 4863; x_wconf 81' lang='lat' dir='ltr'><strong>Chrysostomus</strong></span> <span class='ocrx_word' id='word_1_769' title='bbox 3185 4795 3340 4863; x_wconf 67' lang='lat' dir='ltr'><strong>dicit,</strong></span> 
     </span>
    </p>
   </div>
   <div class='ocr_carea' id='block_1_106' title="bbox 1764 4884 3341 4960">
    <p class='ocr_par' dir='ltr' id='par_1_106' title="bbox 1764 4884 3341 4960">
     <span class='ocr_line' id='line_1_106' title="bbox 1764 4884 3341 4960; baseline -0.006 -11"><span class='ocrx_word' id='word_1_770' title='bbox 1764 4891 1861 4949; x_wconf 89' lang='lat' dir='ltr'><strong>Dei</strong></span> <span class='ocrx_word' id='word_1_771' title='bbox 1898 4900 2190 4960; x_wconf 88' lang='lat' dir='ltr'><strong>personam</strong></span> <span class='ocrx_word' id='word_1_772' title='bbox 2224 4899 2325 4940; x_wconf 89' lang='lat' dir='ltr'><strong>nec</strong></span> <span class='ocrx_word' id='word_1_773' title='bbox 2357 4884 2653 4954; x_wconf 85' lang='lat' dir='ltr'><strong>prophetas</strong></span> <span class='ocrx_word' id='word_1_774' title='bbox 2669 4898 2848 4955; x_wconf 86' lang='lat' dir='ltr'><strong>neque</strong></span> <span class='ocrx_word' id='word_1_775' title='bbox 2883 4886 3104 4955; x_wconf 79' lang='lat' dir='ltr'><strong>angelos</strong></span> <span class='ocrx_word' id='word_1_776' title='bbox 3141 4889 3341 4944; x_wconf 80' lang='lat' dir='ltr'><strong>vidisse</strong></span> 
     </span>
    </p>
   </div>
   <div class='ocr_carea' id='block_1_107' title="bbox 1760 4975 3339 5052">
    <p class='ocr_par' dir='ltr' id='par_1_107' title="bbox 1760 4975 3339 5052">
     <span class='ocr_line' id='line_1_107' title="bbox 1760 4975 3339 5052; baseline -0.001 -16"><span class='ocrx_word' id='word_1_777' title='bbox 1760 4996 1939 5052; x_wconf 89' lang='lat' dir='ltr'><strong>neque</strong></span> <span class='ocrx_word' id='word_1_778' title='bbox 1975 4976 2347 5047; x_wconf 86' lang='lat' dir='ltr'><strong>archangelos.</strong></span> <span class='ocrx_word' id='word_1_779' title='bbox 2380 4975 2436 5030; x_wconf 90' lang='lat' dir='ltr'><strong>Si</strong></span> <span class='ocrx_word' id='word_1_780' title='bbox 2474 4976 2621 5029; x_wconf 85' lang='lat' dir='ltr'><strong>enim</strong></span> <span class='ocrx_word' id='word_1_781' title='bbox 2668 4990 2794 5030; x_wconf 92' lang='lat' dir='ltr'><strong>cum</strong></span> <span class='ocrx_word' id='word_1_782' title='bbox 2831 4976 3147 5033; x_wconf 88' lang='lat' dir='ltr'><strong>hominibus</strong></span> <span class='ocrx_word' id='word_1_783' title='bbox 3171 4980 3339 5035; x_wconf 88' lang='lat' dir='ltr'><strong>etiam</strong></span> 
     </span>
    </p>
   </div>
   <div class='ocr_carea' id='block_1_108' title="bbox 1756 5068 3341 5143">
    <p class='ocr_par' dir='ltr' id='par_1_108' title="bbox 1756 5068 3341 5143">
     <span class='ocr_line' id='line_1_108' title="bbox 1756 5068 3341 5143; baseline 0 -17"><span class='ocrx_word' id='word_1_784' title='bbox 1756 5071 1933 5143; x_wconf 85' lang='lat' dir='ltr'><strong>angeli</strong></span> <span class='ocrx_word' id='word_1_785' title='bbox 1961 5070 2018 5124; x_wconf 88' lang='lat' dir='ltr'><strong>in</strong></span> <span class='ocrx_word' id='word_1_786' title='bbox 2054 5068 2150 5124; x_wconf 89' lang='lat' dir='ltr'><strong>Dei</strong></span> <span class='ocrx_word' id='word_1_787' title='bbox 2198 5082 2436 5138; x_wconf 86' lang='lat' dir='ltr'><strong>persona</strong></span> <span class='ocrx_word' id='word_1_788' title='bbox 2465 5074 2884 5130; x_wconf 85' lang='lat' dir='ltr'><strong>conversantur,</strong></span> <span class='ocrx_word' id='word_1_789' title='bbox 2914 5082 3017 5122; x_wconf 90' lang='lat' dir='ltr'><strong>nec</strong></span> <span class='ocrx_word' id='word_1_790' title='bbox 3055 5070 3341 5139; x_wconf 82' lang='lat' dir='ltr'><strong>prophetis</strong></span> 
     </span>
    </p>
   </div>
   <div class='ocr_carea' id='block_1_109' title="bbox 1757 5157 3341 5231">
    <p class='ocr_par' dir='ltr' id='par_1_109' title="bbox 1757 5157 3341 5231">
     <span class='ocr_line' id='line_1_109' title="bbox 1757 5157 3341 5231; baseline -0.002 -11"><span class='ocrx_word' id='word_1_791' title='bbox 1757 5166 1862 5219; x_wconf 87' lang='lat' dir='ltr'><strong>hoc</strong></span> <span class='ocrx_word' id='word_1_792' title='bbox 1879 5163 2199 5219; x_wconf 88' lang='lat' dir='ltr'><strong>inusitatum</strong></span> <span class='ocrx_word' id='word_1_793' title='bbox 2213 5158 2688 5231; x_wconf 50' lang='lat' dir='ltr'><strong>estjﬁﬁquippe</strong></span> <span class='ocrx_word' id='word_1_794' title='bbox 2704 5157 2796 5228; x_wconf 92' lang='lat' dir='ltr'><strong>qui</strong></span> <span class='ocrx_word' id='word_1_795' title='bbox 2814 5158 3066 5216; x_wconf 85' lang='lat' dir='ltr'><strong>homines</strong></span> <span class='ocrx_word' id='word_1_796' title='bbox 3082 5160 3341 5217; x_wconf 79' lang='lat' dir='ltr'><strong>sintzmo-</strong></span> 
     </span>
    </p>
   </div>
   <div class='ocr_carea' id='block_1_110' title="bbox 1759 5249 3337 5314">
    <p class='ocr_par' dir='ltr' id='par_1_110' title="bbox 1759 5249 3337 5314">
     <span class='ocr_line' id='line_1_110' title="bbox 1759 5249 3337 5314; baseline -0.001 -6"><span class='ocrx_word' id='word_1_797' title='bbox 1759 5254 1831 5308; x_wconf 91' lang='lat' dir='ltr'><strong>do</strong></span> <span class='ocrx_word' id='word_1_798' title='bbox 1848 5255 1996 5308; x_wconf 90' lang='lat' dir='ltr'><strong>enim</strong></span> <span class='ocrx_word' id='word_1_799' title='bbox 2017 5250 2250 5313; x_wconf 88' lang='lat' dir='ltr'><strong>addunt,</strong></span> <span class='ocrx_word' id='word_1_800' title='bbox 2275 5249 2393 5304; x_wconf 83' lang='lat' dir='ltr'><strong>Hoc</strong></span> <span class='ocrx_word' id='word_1_801' title='bbox 2409 5249 2630 5303; x_wconf 88' lang='lat' dir='ltr'><strong>locutus</strong></span> <span class='ocrx_word' id='word_1_802' title='bbox 2648 5258 2733 5304; x_wconf 89' lang='lat' dir='ltr'><strong>est</strong></span> <span class='ocrx_word' id='word_1_803' title='bbox 2765 5249 2932 5314; x_wconf 88' lang='lat' dir='ltr'><strong>Deus,</strong></span> <span class='ocrx_word' id='word_1_804' title='bbox 2957 5250 3122 5306; x_wconf 88' lang='lat' dir='ltr'><strong>modo</strong></span> <span class='ocrx_word' id='word_1_805' title='bbox 3141 5266 3206 5305; x_wconf 80' lang='lat' dir='ltr'><strong>ex</strong></span> <span class='ocrx_word' id='word_1_806' title='bbox 3238 5267 3337 5306; x_wconf 90' lang='lat' dir='ltr'><strong>sua</strong></span> 
     </span>
    </p>
   </div>
   <div class='ocr_carea' id='block_1_111' title="bbox 1758 5340 3339 5412">
    <p class='ocr_par' dir='ltr' id='par_1_111' title="bbox 1758 5340 3339 5412">
     <span class='ocr_line' id='line_1_111' title="bbox 1758 5340 3339 5412; baseline -0.004 -10"><span class='ocrx_word' id='word_1_807' title='bbox 1758 5344 2031 5402; x_wconf 85' lang='lat' dir='ltr'><strong>sententia</strong></span> <span class='ocrx_word' id='word_1_808' title='bbox 2051 5343 2377 5412; x_wconf 87' lang='lat' dir='ltr'><strong>loquuntur,</strong></span> <span class='ocrx_word' id='word_1_809' title='bbox 2393 5340 2539 5410; x_wconf 87' lang='lat' dir='ltr'><strong>quod</strong></span> <span class='ocrx_word' id='word_1_810' title='bbox 2560 5356 2665 5394; x_wconf 89' lang='lat' dir='ltr'><strong>nec</strong></span> <span class='ocrx_word' id='word_1_811' title='bbox 2684 5355 2886 5396; x_wconf 86' lang='lat' dir='ltr'><strong>novum</strong></span> <span class='ocrx_word' id='word_1_812' title='bbox 2902 5351 2986 5396; x_wconf 89' lang='lat' dir='ltr'><strong>est</strong></span> <span class='ocrx_word' id='word_1_813' title='bbox 2997 5358 3100 5397; x_wconf 89' lang='lat' dir='ltr'><strong>nec</strong></span> <span class='ocrx_word' id='word_1_814' title='bbox 3124 5359 3155 5397; x_wconf 90' lang='lat' dir='ltr'><strong>a</strong></span> <span class='ocrx_word' id='word_1_815' title='bbox 3186 5342 3339 5397; x_wconf 85' lang='lat' dir='ltr'><strong>Seri-</strong></span> 
     </span>
    </p>
   </div>
   <div class='ocr_carea' id='block_1_112' title="bbox 1756 5432 3333 5509">
    <p class='ocr_par' dir='ltr' id='par_1_112' title="bbox 1756 5432 3333 5509">
     <span class='ocr_line' id='line_1_112' title="bbox 1756 5432 3333 5509; baseline -0.003 -17"><span class='ocrx_word' id='word_1_816' title='bbox 1756 5447 1930 5509; x_wconf 71' lang='lat' dir='ltr'><strong>pturte</strong></span> <span class='ocrx_word' id='word_1_817' title='bbox 1947 5435 2346 5491; x_wconf 88' lang='lat' dir='ltr'><strong>consuetudine</strong></span> <span class='ocrx_word' id='word_1_818' title='bbox 2362 5433 2622 5487; x_wconf 88' lang='lat' dir='ltr'><strong>alienum.</strong></span> <span class='ocrx_word' id='word_1_819' title='bbox 2641 5432 2854 5489; x_wconf 83' lang='lat' dir='ltr'><strong>Etenim</strong></span> <span class='ocrx_word' id='word_1_820' title='bbox 2871 5444 2927 5489; x_wconf 88' lang='lat' dir='ltr'><strong>et</strong></span> <span class='ocrx_word' id='word_1_821' title='bbox 2945 5436 3088 5504; x_wconf 85' lang='lat' dir='ltr'><strong>regia</strong></span> <span class='ocrx_word' id='word_1_822' title='bbox 3107 5434 3333 5504; x_wconf 77' lang='lat' dir='ltr'><strong>imperia</strong></span> 
     </span>
    </p>
   </div>
   <div class='ocr_carea' id='block_1_113' title="bbox 1757 5523 3335 5598">
    <p class='ocr_par' dir='ltr' id='par_1_113' title="bbox 1757 5523 3335 5598">
     <span class='ocr_line' id='line_1_113' title="bbox 1757 5523 3335 5598; baseline 0.001 -17"><span class='ocrx_word' id='word_1_823' title='bbox 1757 5542 2070 5598; x_wconf 58' lang='lat' dir='ltr'><strong>precanum</strong></span> <span class='ocrx_word' id='word_1_824' title='bbox 2103 5540 2201 5580; x_wconf 86' lang='lat' dir='ltr'><strong>ore</strong></span> <span class='ocrx_word' id='word_1_825' title='bbox 2255 5540 2356 5595; x_wconf 89' lang='lat' dir='ltr'><strong>per</strong></span> <span class='ocrx_word' id='word_1_826' title='bbox 2400 5523 2567 5579; x_wconf 85' lang='lat' dir='ltr'><strong>urbes</strong></span> <span class='ocrx_word' id='word_1_827' title='bbox 2596 5526 2843 5579; x_wconf 88' lang='lat' dir='ltr'><strong>nuntiata</strong></span> <span class='ocrx_word' id='word_1_828' title='bbox 2873 5527 3031 5595; x_wconf 84' lang='lat' dir='ltr'><strong>quasi</strong></span> <span class='ocrx_word' id='word_1_829' title='bbox 3059 5542 3124 5581; x_wconf 79' lang='lat' dir='ltr'><strong>ex</strong></span> <span class='ocrx_word' id='word_1_830' title='bbox 3160 5526 3335 5593; x_wconf 86' lang='lat' dir='ltr'><strong>ipsius</strong></span> 
     </span>
    </p>
   </div>
   <div class='ocr_carea' id='block_1_114' title="bbox 1759 5616 3339 5689">
    <p class='ocr_par' dir='ltr' id='par_1_114' title="bbox 1759 5616 3339 5689">
     <span class='ocr_line' id='line_1_114' title="bbox 1759 5616 3339 5689; baseline 0.001 -18"><span class='ocrx_word' id='word_1_831' title='bbox 1759 5620 1903 5689; x_wconf 89' lang='lat' dir='ltr'><strong>regis</strong></span> <span class='ocrx_word' id='word_1_832' title='bbox 1939 5634 2035 5674; x_wconf 91' lang='lat' dir='ltr'><strong>ore</strong></span> <span class='ocrx_word' id='word_1_833' title='bbox 2076 5617 2420 5686; x_wconf 74' lang='lat' dir='ltr'><strong>accepimus.</strong></span> <span class='ocrx_word' id='word_1_834' title='bbox 2462 5616 2599 5671; x_wconf 91' lang='lat' dir='ltr'><strong>Dicit</strong></span> <span class='ocrx_word' id='word_1_835' title='bbox 2647 5625 2704 5672; x_wconf 88' lang='lat' dir='ltr'><strong>ct</strong></span> <span class='ocrx_word' id='word_1_836' title='bbox 2752 5618 3036 5688; x_wconf 84' lang='lat' dir='ltr'><strong>propheta,</strong></span> <span class='ocrx_word' id='word_1_837' title='bbox 3070 5618 3125 5672; x_wconf 89' lang='lat' dir='ltr'><strong>in</strong></span> <span class='ocrx_word' id='word_1_838' title='bbox 3156 5634 3339 5689; x_wconf 65' lang='lat' dir='ltr'><strong>quanv</strong></span> 
     </span>
    </p>
   </div>
   <div class='ocr_carea' id='block_1_115' title="bbox 1761 5710 3337 5781">
    <p class='ocr_par' dir='ltr' id='par_1_115' title="bbox 1761 5710 3337 5781">
     <span class='ocr_line' id='line_1_115' title="bbox 1761 5710 3337 5781; baseline 0 -17"><span class='ocrx_word' id='word_1_839' title='bbox 1761 5721 1873 5764; x_wconf 88' lang='lat' dir='ltr'><strong>tum</strong></span> <span class='ocrx_word' id='word_1_840' title='bbox 1916 5721 1975 5781; x_wconf 61' lang='lat' dir='ltr'><strong>et</strong></span> <span class='ocrx_word' id='word_1_841' title='bbox 2028 5711 2147 5780; x_wconf 85' lang='lat' dir='ltr'><strong>ipse</strong></span> <span class='ocrx_word' id='word_1_842' title='bbox 2216 5711 2379 5763; x_wconf 88' lang='lat' dir='ltr'><strong>homo</strong></span> <span class='ocrx_word' id='word_1_843' title='bbox 2427 5718 2514 5763; x_wconf 86' lang='lat' dir='ltr'><strong>est</strong></span> <span class='ocrx_word' id='word_1_844' title='bbox 2560 5725 2575 5763; x_wconf 85' lang='lat'><strong>:</strong></span> <span class='ocrx_word' id='word_1_845' title='bbox 2614 5727 2632 5760; x_wconf 83' lang='grc' dir='ltr'>ι</span> <span class='ocrx_word' id='word_1_846' title='bbox 2677 5710 2819 5762; x_wconf 86' lang='lat' dir='ltr'><strong>Audi</strong></span> <span class='ocrx_word' id='word_1_847' title='bbox 2872 5725 2980 5775; x_wconf 89' lang='lat' dir='ltr'><strong>me,</strong></span> <span class='ocrx_word' id='word_1_848' title='bbox 3027 5711 3248 5781; x_wconf 89' lang='lat' dir='ltr'><strong>popule.</strong></span> <span class='ocrx_word' id='word_1_849' title='bbox 3279 5721 3337 5764; x_wconf 86' lang='lat' dir='ltr'><strong>et</strong></span> 
     </span>
    </p>
   </div>
   <div class='ocr_carea' id='block_1_116' title="bbox 1760 5796 3336 5879">
    <p class='ocr_par' dir='ltr' id='par_1_116' title="bbox 1760 5796 3336 5879">
     <span class='ocr_line' id='line_1_116' title="bbox 1760 5796 3336 5879; baseline -0.001 -24"><span class='ocrx_word' id='word_1_850' title='bbox 1760 5802 2173 5870; x_wconf 86' lang='lat' dir='ltr'><strong>loquartecum,</strong></span> <span class='ocrx_word' id='word_1_851' title='bbox 2200 5800 2389 5879; x_wconf 67' lang='lat' dir='ltr'><strong>Israel,</strong></span> <span class='ocrx_word' id='word_1_852' title='bbox 2421 5808 2476 5853; x_wconf 80' lang='lat' dir='ltr'><strong>et</strong></span> <span class='ocrx_word' id='word_1_853' title='bbox 2505 5800 2658 5853; x_wconf 86' lang='lat' dir='ltr'><strong>testis</strong></span> <span class='ocrx_word' id='word_1_854' title='bbox 2686 5800 2913 5871; x_wconf 14' lang='lat' dir='ltr'><strong>tibigcro</strong></span> <span class='ocrx_word' id='word_1_855' title='bbox 2949 5820 2961 5855; x_wconf 90' lang='lat'><strong>:</strong></span> <span class='ocrx_word' id='word_1_856' title='bbox 2996 5802 3157 5865; x_wconf 83' lang='lat' dir='ltr'><strong>Deus,</strong></span> <span class='ocrx_word' id='word_1_857' title='bbox 3194 5796 3336 5855; x_wconf 83' lang='lat' dir='ltr'><strong>Deus</strong></span> 
     </span>
    </p>
   </div>
   <div class='ocr_carea' id='block_1_117' title="bbox 178 5958 2573 6038">
    <p class='ocr_par' dir='ltr' id='par_1_117' title="bbox 178 5958 2573 6038">
     <span class='ocr_line' id='line_1_117' title="bbox 178 5958 2573 6038; baseline 0.004 -27"><span class='ocrx_word' id='word_1_858' title='bbox 178 5960 242 6030; x_wconf 75' lang='grc' dir='ltr'><strong>(ί)</strong></span> <span class='ocrx_word' id='word_1_859' title='bbox 267 5958 368 6014; x_wconf 69' lang='grc' dir='ltr'><strong>Τοῦ</strong></span> <span class='ocrx_word' id='word_1_860' title='bbox 398 5961 556 6028; x_wconf 79' lang='grc' dir='ltr'>ἁγίου</span> <span class='ocrx_word' id='word_1_861' title='bbox 585 5964 856 6015; x_wconf 76' lang='grc' dir='ltr'>Διονυσίου</span> <span class='ocrx_word' id='word_1_862' title='bbox 893 5964 957 6016; x_wconf 77' lang='grc' dir='ltr'>ἐκ</span> <span class='ocrx_word' id='word_1_863' title='bbox 986 5964 1081 6016; x_wconf 75' lang='grc' dir='ltr'>τοῦ</span> <span class='ocrx_word' id='word_1_864' title='bbox 1115 5968 1241 6036; x_wconf 68' lang='grc' dir='ltr'>περὶ</span> <span class='ocrx_word' id='word_1_865' title='bbox 1266 5967 1364 6038; x_wconf 77' lang='grc' dir='ltr'>τῆς</span> <span class='ocrx_word' id='word_1_866' title='bbox 1398 5965 1649 6035; x_wconf 77' lang='grc' dir='ltr'>οὖρανέου</span> <span class='ocrx_word' id='word_1_867' title='bbox 1692 5964 1975 6034; x_wconf 70' lang='grc' dir='ltr'>ἶεραρχίας</span> <span class='ocrx_word' id='word_1_868' title='bbox 2007 5964 2304 6034; x_wconf 50' lang='grc' dir='ltr'>κεφαλαίου</span> <span class='ocrx_word' id='word_1_869' title='bbox 2335 5965 2573 6036; x_wconf 77' lang='grc' dir='ltr'>πρώτου.</span> 
     </span>
    </p>
   </div>
   <div class='ocr_carea' id='block_1_118' title="bbox 366 6058 1095 6124">
    <p class='ocr_par' dir='ltr' id='par_1_118' title="bbox 366 6058 1095 6124">
     <span class='ocr_line' id='line_1_118' title="bbox 366 6058 1095 6124; baseline -0.004 -6"><span class='ocrx_word' id='word_1_870' title='bbox 366 6062 631 6122; x_wconf 68' lang='grc' dir='ltr'>ΡΑἰιιυι..</span> <span class='ocrx_word' id='word_1_871' title='bbox 681 6064 795 6124; x_wconf 70' lang='grc' dir='ltr'><strong>ΟΡ..</strong></span> <span class='ocrx_word' id='word_1_872' title='bbox 842 6058 1095 6123; x_wconf 75' lang='lat' dir='ltr'><strong>CXLIX.</strong></span> 
     </span>
    </p>
   </div>
   <div class='ocr_carea' id='block_1_119' title="bbox 2875 6064 2950 6124">
    <p class='ocr_par' dir='ltr' id='par_1_119' title="bbox 2875 6064 2950 6124">
     <span class='ocr_line' id='line_1_119' title="bbox 2875 6064 2950 6124; baseline -0.04 0"><span class='ocrx_word' id='word_1_873' title='bbox 2875 6064 2950 6124; x_wconf 80' lang='lat'><strong>13</strong></span> 
     </span>
    </p>
   </div>
  </div>
