3780 6550
420 2154 423 2161 ’
458 2160 720 2225 gposcere
744 2161 849 2197 non
875 2154 1073 2213 potest,
1091 2143 1321 2197 multum
1343 2158 1476 2197 sane
1496 2142 1668 2205 abest,
1692 2150 1752 2194 ut
1771 2142 2019 2195 homines

426 478 523 512 ἰιι-ε

424 478 532 539 3‘35
1644 477 2043 526 NlL‘Ek’ﬂUii

2143 477 2509 528 iliEtlei/E
3564 477 3589 537 3
3614 482 3637 543 δ

441 600 570 643 tuus
602 604 724 657 ego.
766 585 914 638 «Non
951 586 1098 639 enim
1128 583 1263 637 sicut
1288 580 1421 635 alias
1454 578 1631 645 addit,
1668 578 1825 633 «Haec
1856 576 2008 630 locu-
2037 596 2049 642 Α

2143 579 2240 631 ποτε
2268 577 2314 631 δ’
2345 577 2404 643 ἐξ
2438 580 2651 633 ἑαυτῶν
2700 581 2908 645 ἁπλῶς.
2963 584 3073 639 Καὶ
3133 584 3324 637 καινὸν
3358 585 3509 638 οὐδὲν
3547 591 3639 644 om

428 689 516 735 tus
546 684 627 730 est
657 672 949 738 Dominus;
976 693 995 724 ι
1025 686 1126 726 nec
1143 670 1310 726 dicit:
1345 669 1487 722 Deus
1508 664 1624 720 haec
1639 676 1693 721 et
1718 665 1809 720 illa
1828 664 2004 730 dixit;

2143 668 2306 740 πόρρω
2336 668 2623 739 Γραφικῆς
2678 672 2996 741 συνηθείας·
3025 673 3119 726 καὶ
3149 673 3259 744 γὰρ
3294 676 3389 727 καὶ
3433 676 3505 728 τὰ
3525 677 3641 744 βατι-

428 768 655 837 angelus
690 780 820 818 vero
870 780 937 819 ex
972 765 1112 817 rubo
1148 779 1162 815 :
1204 778 1223 812 ι
1262 760 1372 830 Ego
1401 774 1521 813 sum
1556 757 1702 812 Deus
1728 756 2005 810 Abraham

2143 760 2242 812 txd
2267 761 2663 831 προστάγματα
2691 763 2802 816 τῶν
2832 765 3106 834 ὃημοσῖων
3139 766 3197 817 ὲν
3219 767 3341 827 ταῖς
3375 766 3553 819 πόλεσι
3573 787 3644 837 κη-

427 870 483 916 et
524 861 665 914 Deus
698 858 842 912 Isaac
872 866 927 910 et
961 856 1104 910 Deus
1125 853 1311 910 Jacob.
1343 869 1361 902 ι
1417 851 1592 920 Supra
1622 853 1768 904 enim
1797 848 2004 903 dictum

2143 850 2297 905 νύκων
2345 851 2597 922 βοώντων
2651 854 2728 917 ὡς
2757 854 2817 919 ἐξ
2844 856 3013 910 αὑτοῦ
3042 857 3107 927 δὴ
3148 854 3242 909 τοῦ
3281 855 3558 927 βασιλικοῦ
3582 860 3624 914 λε

434 961 517 1005 (νει
552 967 565 1002 :
614 969 630 1001 ι
659 949 898 1017 Angelus
928 946 1139 1000 Domini
1171 944 1221 1000 ei
1252 944 1507 1014 apparuit
1541 961 1560 993 ι

2143 942 2325 1013 ’ὁμενα
2354 946 2623 1011 στόματος
2656 949 2815 1017 ἡμεῖς
2839 950 3197 1020 ἐκδεχόμεθα.
3236 951 3347 1004 Καὶ
3373 952 3403 1004 ό
3426 950 3524 1019 μὲν
3546 969 3647 1022 τρο.

426 1045 626 1112 φὴτης,
661 1042 946 1111 ἄνθρωπος
979 1036 1077 1104 ὢν,
1101 1038 1181 1129 (ei);
1209 1037 1269 1102 εξ
1296 1035 1491 1091 ἑαυτοῦ
1535 1053 1721 1106 φησιν,
1756 1054 1774 1086 ι
1805 1035 2092 1099 Ἄκουσον,
2137 1037 2265 1100 λαός
2330 1056 2457 1108 μου,
2486 1039 2605 1094 καῖ’
2642 1042 2860 1112 λαλήσω
2894 1061 2975 1097 σοι
2996 1060 3012 1075 ·
3061 1044 3301 1115 Ἰσραὴλ,
3340 1047 3438 1099 καὶ
3461 1044 3648 1117 διαμαρ-

425 1136 663 1204 τύρομαί
704 1152 785 1188 σοι
813 1149 825 1163 ⁸
860 1134 888 1186 6
918 1132 1050 1197 Θεὸς
1074 1126 1255 1195 ὁΘεός
1290 1130 1382 1185 σού
1444 1129 1558 1199 εἰμι
1586 1126 1719 1196 ἐγώ.
1748 1146 1766 1179 ι
1825 1128 1902 1181 Οὐ
1962 1127 2071 1198 γὰρ
2114 1131 2460 1201 προσέθηκεν
2518 1134 2595 1197 ὡς
2652 1136 2710 1188 ιν
2763 1134 2969 1202 ἄλλοις,
3024 1154 3044 1190 t
3077 1137 3216 1190 Τάδε
3249 1137 3400 1205 λέγει
3438 1139 3644 1208 K691);-

429 1227 492 1300 μ’.
528 1227 629 1282 257
662 1226 714 1299 ὁ]
745 1228 866 1293 καὶ,
904 1244 923 1278 ι
964 1219 1133 1279 Εἶπεν
1178 1224 1205 1277 ό
1242 1222 1373 1285 Θεὸς
1402 1222 1470 1275 τὰ
1508 1221 1601 1275 καὶ
1625 1220 1721 1274 τά·
1752 1239 1771 1272 ι
1807 1221 1835 1273 ὁ
1866 1220 1921 1273 δὲ
1953 1220 2184 1289 ἄγγελος
2212 1225 2275 1276 ὲκ
2316 1224 2413 1292 τῆς
2443 1225 2632 1296 βάτου,
2676 1245 2696 1280 ι
2741 1227 2883 1296 Ἐγώ
2915 1228 3032 1300 εἰμι
3064 1230 3093 1283 6
3120 1227 3252 1292 Θεὸς
3291 1229 3543 1299 ’Δῦραὰμ
3584 1234 3651 1284 χλι

428 1323 455 1372 ὁ
480 1321 610 1383 Θεὸς
644 1318 833 1374 Ἰσαὰκ
862 1320 958 1373 καὶ
981 1321 1009 1373 6
1038 1319 1167 1381 Θεὸς
1194 1316 1391 1371 Ἰακώϐ
1417 1331 1435 1348 ⁶
1470 1336 1489 1370 ι
1525 1316 1859 1389 Προείρηται
1881 1316 2012 1383 γὰρ,
2053 1334 2073 1369 ι
2106 1317 2288 1387 Ὠφθη
2317 1321 2464 1390 αὐτῷ
2497 1322 2727 1392 ἅγγελος
2748 1323 2981 1395 Κυρίου,
3010 1342 3029 1375 ι

503 1412 590 1470 γι.
618 1412 673 1467 Si
703 1415 889 1491 igitur,
913 1420 971 1465 ut
997 1428 1124 1466 cum
1154 1421 1346 1467 sancto
1370 1410 1767 1482 Cbrysostomo
1794 1410 2011 1478 loquar,

2193 1414 2286 1478 ς’.
2319 1414 2381 1467 Εί
2438 1415 2531 1469 οὖν
2573 1418 2716 1472 κατὰ
2769 1418 2862 1472 τὸν
2900 1417 3044 1471 θεῖον
3094 1416 3527 1487 Χρυσὸστομον,
3562 1419 3652 1472 ὅσοι

433 1515 697 1576 quantum
740 1508 971 1559 interest
1010 1505 1155 1558 inter
1186 1519 1389 1558 caecum
1417 1512 1471 1558 et
1523 1503 1803 1558 videntem
1830 1511 2012 1567 ,tanta

2143 1507 2323 1574 ῖυφλοῦ
2356 1510 2448 1561 καὶ
2479 1508 2773 1577 βλέποντος
2805 1511 2867 1563 τὸ
2897 1510 3082 1579 μέσον,
3118 1508 3373 1563 τοσοῦτόν
3405 1511 3551 1563 ἐστιν
3581 1514 3652 1580 ἀγ-

434 1607 517 1652 est
548 1598 690 1651 inter
728 1597 949 1667 angelos
975 1606 1030 1651 et
1076 1595 1327 1651 homines
1358 1594 1687 1658 diﬂ‘erentia,
1740 1593 2015 1664 quomodo

2143 1596 2297 1660 γέλων
2330 1600 2422 1652 καὶ
2453 1601 2548 1653 ἀνθ
2557 1602 2757 1672 ρώπων
2776 1600 2837 1655 τὸ
2858 1601 3142 1672 διάφορον,
3163 1599 3281 1665 πῶς
3310 1599 3423 1655 τῶν
3449 1601 3655 1667 ἀγγέλων

438 1691 677 1755 tandem,
725 1689 768 1742 si
803 1687 980 1758 angeli
1042 1702 1153 1741 non
1198 1696 1431 1757 possunt
1477 1684 1661 1739 videre
1716 1684 2014 1740 essentiam

2143 1688 2201 1761 ιὴ
2227 1690 2542 1761 δυναμένων
2573 1692 2692 1745 οὗθ’
2722 1694 2858 1764 ὁρᾷν
2909 1693 3009 1763 τὴν
3057 1692 3247 1746 οὐσίαν
3270 1691 3400 1744 οὔτε
3436 1694 3569 1745 νοεῖν
3588 1695 3656 1747 τοῦ

2122 1782 2280 1849 Θεοῦ,
2309 1784 2395 1853 εἴη
2416 1784 2484 1837 ἂν
2513 1784 2738 1839 δυνατὸν
2766 1783 3079 1856 ἀνθρώποις
3104 1786 3260 1838 τουτὶ
3284 1827 3300 1852 ,
3340 1779 3427 1847 οἷς
3460 1786 3657 1854 μηδ’ἁγ-

1642 465 2074 526 ΝιρΕΡΗυιιι
2120 466 2509 528 GBEGOIUE

441 1779 532 1834 Dei
565 1790 655 1832 aut
686 1792 1041 1847 cognoscere,
1113 1776 1368 1831 homines
1409 1785 1689 1846 poterunt,
1722 1776 1815 1846 qui
1842 1790 2013 1846 ange-

390 1918 403 1937 ,
449 1872 625 1924 lorum
655 1870 949 1923 essentiam
986 1884 1095 1923 non
1119 1868 1283 1923 modo
1335 1884 1444 1922 non
1497 1882 1747 1930 cernere.
1803 1865 1897 1920 sed
1946 1881 2016 1919 ne

2143 1872 2294 1925 θέλων
2315 1874 2502 1927 οὐσίαν
2527 1875 2601 1945 μὴ
2625 1875 2707 1929 ὅτι
2741 1876 2816 1947 μὴ
2850 1874 3091 1945 βλέπειν,
3133 1875 3248 1929 ἀλλ’
3288 1874 3415 1928 οὐδὲ
3436 1878 3571 1927 νοεῖν
3593 1877 3658 1928 ὃν·

442 1963 684 2030 cogitare
727 1959 947 2028 quidem
997 1958 1261 2030 possunt?
1288 1958 1345 2013 Si
1382 1959 1633 2025 enim,ut
1686 1973 1807 2012 cum
1847 1957 2017 2028 Chry-

447 2064 687 2105 sostomo
717 2052 931 2120 loquar,
1000 2051 1240 2106 essentia
1292 2051 1586 2106 essentiam
1617 2050 1868 2104 altiorem
1929 2065 2021 2103 co-

2121 1960 2309 2028 νατόν;
2347 1960 2409 2013 El
2464 1962 2570 2033 γὰρ
2602 1964 2743 2016 κατὰ
2769 1963 2860 2016 τὸν
2902 1963 3063 2017 αὑτὸν
3103 1964 3496 2035 Χρυσόστομον
3540 1966 3659 2016 οὐσία

2120 2050 2311 2106 οὐσίαν
2340 2053 2749 2126 ὑπερκειμένην
2778 2058 2922 2111 νοεῖν
2953 2057 3013 2110 οὐ
3036 2056 3285 2122 δύναται,
3320 2057 3520 2111 πολλοῦ
3548 2059 3658 2117 μέντ’

2123 2144 2189 2197 ἂν
2213 2144 2461 2215 δεήσειεν
2522 2146 2849 2215 ἀνθρώπους
2900 2150 3150 2217 ἀγγέλων
3211 2149 3439 2220 βλέπειν
3488 2150 3657 2211 οὐσίαν,

2124 2237 2529 2308 ὑπερκειμένην
2557 2238 2763 2293 τούτων
2783 2242 2924 2295 ὅσων
2940 2243 2988 2294 οξ
3007 2242 3300 2312 βλέποντες
3322 2242 3435 2294 τῶν
3458 2233 3661 2307 τυφλιδ.

2123 2330 2216 2401 Μὴ
2248 2332 2566 2399 ταραττέτω
2592 2333 2773 2386 τοίνυν
2798 2333 2952 2403 ὑμῶν
2988 2334 3089 2403 τὴν
3117 2332 3384 2391 διάνοιαν.
3415 2331 3552 2385 ὥστε
3581 2333 3661 2383 τῶν

2124 2422 2321 2476 κοινῶν
2379 2422 2477 2493 τῆς
2515 2423 2610 2477 τοῦ
2666 2423 2803 2477 Θεοῦ
2839 2424 3174 2494 Ἐκκλησίας
3208 2422 3432 2478 ἐννοιῶν
3482 2424 3664 2491 ἐκλελῆ-

2127 2513 2274 2579 σθαι,
2303 2515 2403 2569 ὅσα
2433 2516 2577 2569 κατά
2603 2533 2724 2571 τινα
2759 2516 3094 2585 ἰδιοτροπίαν
3121 2515 3223 2586 τῆς
3262 2514 3548 2586 Ἐὃραῖδος
3575 2517 3664 2567 ἐστὶ

2124 2608 2395 2677 λεγόμενα
2446 2607 2729 2663 διαλέκτου
2752 2623 2767 2638 ·
2809 2601 2897 2664 οἶα
2929 2607 2999 2662 τὰ
3031 2609 3123 2678 ὑφ’
3162 2608 3323 2679 ἡμῶν
3370 2610 3554 2662 ἐκεῖνα
3593 2608 3664 2660 νῦν

2127 2698 2508 2769 προὸληθέντα
2561 2702 2655 2754 καὶ
2709 2701 2811 2755 ὅσα
2864 2701 3244 2772 παραπλήσια,
3302 2701 3451 2769 λέγω
3505 2700 3563 2771 δὴ
3602 2701 3662 2764 τὸ,

2134 2804 2153 2837 ‹
2203 2786 2469 2856 Ἐλάλησε
2517 2788 2722 2858 Κύριος
2754 2787 2892 2856 πρὸς
2936 2789 3143 2859 Μωσῆν
3191 2787 3428 2853 homo;
3460 2788 3665 2858 ἐνωπίῳ.

444 2237 759 2304 angelorum
804 2237 1101 2290 essentiam
1148 2234 1385 2301 videant,
1418 2245 1566 2289 tanto
1616 2234 1724 2288 illis
1776 2236 2020 2301 superio-

445 2346 580 2393 rem,
599 2341 804 2400 quanto
826 2331 984 2384 etscis
1012 2328 1281 2385 videntes.
1306 2328 1385 2383 Nc
1406 2331 1659 2383 turbetur
1684 2327 1848 2396 igitur
1866 2342 2021 2381 meus

443 2432 623 2477 vestra
660 2423 1119 2477 utcommunium
1156 2421 1357 2477 divina:
1398 2419 1656 2475 Ecclesia:
1714 2420 2021 2475 sententia-

449 2530 569 2568 rum
604 2512 1029 2578 obliviscamini,
1057 2527 1177 2576 qum
1195 2512 1261 2566 ad
1296 2510 1577 2567 llebraicae
1606 2510 1827 2565 dialecti
1855 2507 2018 2580 M7

448 2607 839 2674 proprietatem
876 2605 1021 2660 dicta
1053 2613 1203 2671 sunt,
1246 2604 1427 2675 qualia
1479 2620 1511 2659 a
1568 2604 1727 2658 nobis
1775 2603 1868 2657 illa
1908 2604 2021 2674 jam

452 2698 656 2764 prolata
681 2705 832 2760 sunt,
866 2705 922 2749 et
945 2710 1288 2765 quaecunque
1348 2702 1477 2749 sunt
1506 2693 1729 2760 similia,
1775 2693 1897 2748 dico
1922 2709 2022 2747 au-

452 2803 560 2845 tem
591 2788 725 2843 illud
770 2805 783 2839 :
826 2807 843 2840 ι
885 2788 1125 2843 Locutus
1182 2800 1267 2844 est
1302 2788 1567 2843 Dominus
1619 2787 1686 2841 ad
1720 2787 1926 2842 Mosem
1955 2787 2024 2842 de

452 2881 590 2936 facie
616 2879 683 2933 ad
710 2878 929 2945 faciem,
956 2889 1011 2931 ut
1037 2879 1080 2932 si
1110 2878 1235 2947 quis
1273 2893 1396 2934 cum
1428 2878 1605 2932 amico
1636 2876 1706 2932 de
1747 2890 1843 2931 ore
1863 2875 1931 2930 ad
1964 2891 2026 2930 os

2143 2877 2203 2940 ii;
2226 2878 2279 2931 εί
2308 2895 2393 2941 τις
2439 2878 2663 2951 λαλήσει
2697 2880 2833 2951 πρὸς
2891 2879 3089 2933 ἑαυτοῦ
3127 2881 3304 2950 φίλον,
3334 2881 3514 2951 στόμα
3560 2884 3665 2952 πρὸς

451 2972 722 3043 loquitur,
749 2973 801 3025 in
829 2972 1033 3041 specie,
1076 2985 1184 3024 non
1243 2985 1342 3040 per
1381 2969 1695 3039 aenigmata.
1733 2987 1751 3020 ι
1812 2968 1874 3023 Ει
1904 2985 2026 3023 rur-

2143 2970 2308 3039 ττόμα
2339 2972 2395 3024 ἐν
2423 2972 2553 3025 εῖδει
2604 2973 2699 3025 καὶ
2728 2972 2789 3026 οῦ
2820 2972 2886 3027 δι’
2920 2973 3297 3043 αἰνιγμάτων
3340 2992 3360 3025 t
3392 2975 3487 3029 καὶ
3517 2975 3667 3040 πάλιν,

455 3080 591 3120 sus:
635 3083 651 3114 ι
692 3063 845 3116 Mons
882 3063 1035 3117 Siuai
1075 3061 1340 3127 fumabat,
1412 3061 1673 3131 quoniam
1725 3059 1871 3115 Deus
1932 3076 2029 3130 per

2143 3078 2157 3113 ι
2194 3060 2267 3114 Τὸ
2300 3061 2355 3115 δὲ
2384 3063 2509 3133 ὅρος
2536 3061 2629 3116 τοῦ
2668 3064 2801 3117 Σινᾶ
2829 3063 3159 3129 ὲκαπνίζετο
3187 3064 3274 3118 διὰ
3307 3064 3370 3118 τὸ
3399 3065 3670 3133 καταόιεηο

458 3158 642 3227 ignem
671 3154 725 3209 in
761 3170 887 3209 eum
913 3153 1299 3209 descendebat.
1337 3171 1356 3204 ι
1390 3153 1458 3207 Ει
1499 3152 1635 3209 alias
1681 3170 1695 3207 :
1745 3172 1765 3206 ι
1805 3152 2033 3223 Species

2143 3156 2287 3207 κέναι
2312 3156 2398 3207 ἐπ’
2429 3157 2560 3209 αὐτὸ
2588 3156 2678 3209 τὸν
2703 3158 2838 3210 Θεὸν
2871 3159 2928 3212 ὲν
2960 3158 3151 3228 σπυρίσι
3187 3159 3282 3211 καὶ
3307 3158 3492 3225 πάλιν,
3527 3159 3671 3212 ιΤὸδὶ

457 3250 659 3308 divinae
705 3247 893 3318 gloriae
943 3257 999 3300 ut
1036 3244 1178 3317 ignis
1232 3243 1410 3316 fulgor
1461 3244 1530 3299 de
1585 3244 1791 3300 vertice
1836 3244 2036 3299 montis

2143 3242 2279 3310 εἶδος
2310 3247 2406 3317 τῆς
2429 3247 2586 3319 δόξης
2615 3248 2823 3317 Κυρίου
2852 3249 2928 3312 ὡς
2968 3248 3080 3322 πῦρ
3111 3250 3311 3319 φλέγον
3336 3239 3450 3302 hii.—
3463 3250 3671 3320 κορυφῆς

461 3339 726 3393 adversus
773 3336 912 3390 filius
954 3334 1139 3400 Israel,
1187 3351 1206 3385 ι
1250 3344 1307 3389 et
1367 3333 1537 3387 multa
1596 3332 1866 3404 ejusmodi
1913 3348 2034 3403 quae

2143 3337 2231 3391 τοῦ
2264 3338 2425 3408 ὅρους
2449 3339 2690 3392 ἐναντίον
2713 3340 2821 3393 τῶν
2846 3340 2977 3393 υίῶν
3020 3342 3256 3412 Ἰσραήλ.
3287 3360 3308 3393 ι
3342 3342 3454 3395 Καὶ
3486 3341 3674 3396 τοιαῦτα

410 3432 419 3435 ⁷
458 3440 643 3485 ειειιιο
667 3439 813 3490 sunt,
838 3443 961 3481 cum
994 3427 1235 3480 increata
1258 3424 1351 3479 Dei
1371 3427 1610 3479 essentia
1630 3425 1912 3478 conciliari
1933 3424 2038 3478 mi-

2143 3429 2331 3499 μυρία,
2377 3428 2552 3481 ὁπόσα
2604 3430 2800 3481 κτιστὰ
2851 3429 2980 3482 ὁντα
3014 3434 3078 3500 τῇ
3131 3430 3230 3499 μὲν
3280 3430 3523 3500 ἀκτίστιρ
3549 3431 3675 3501 οὐσίᾳ

428 3586 439 3595 .
464 3523 606 3575 nime
629 3522 781 3582 licet,
802 3519 865 3572 ad
884 3518 1278 3588 discipulorum
1302 3525 1487 3571 autem
1509 3514 1909 3569 institutionem
1927 3529 2038 3569 non

2143 3519 2231 3573 τοῦ
2265 3521 2401 3572 Θεοῦ
2432 3521 2649 3573 πάντων
2672 3521 2873 3592 ἥκιστά
2896 3522 3044 3574 ἐστιν
3067 3523 3369 3590 ἁρμόττειν
3390 3523 3550 3587 ὅσιον,
3574 3524 3674 3591 πρός

465 3615 679 3677 inutile,
714 3613 826 3667 imo
875 3626 1038 3682 quam
1097 3610 1452 3666 utilissimum
1512 3616 1619 3664 est.
1652 3608 1788 3663 Volo
1836 3623 2035 3663 vocare

2143 3629 2203 3681 γε
2237 3613 2343 3682 μὴν
2380 3613 2735 3683 παιδευτικὴν
2764 3612 2874 3665 τῶν
2927 3616 3229 3683 χρωμένων
3275 3615 3585 3682 οἰκονομίαν
3627 3614 3672 3665 οὐ

464 3702 857 3771 pr0phetarum
923 3699 1085 3754 verba
1114 3699 1168 3752 in
1219 3699 1402 3769 specie
1460 3696 1555 3751 Dei
1615 3707 1669 3750 et
1719 3697 2039 3768 angelorum

466 3810 591 3849 cum
621 3792 935 3847 hominibus
963 3791 1441 3847 conversationem
1484 3787 1793 3845 sensualem
1822 3799 1876 3842 et
1905 3788 2045 3858 vigi-

465 3886 709 3941 lantibus
746 3884 854 3938 illis
889 3892 1268 3952 apparentem.
1317 3880 1449 3947 Quae
1482 3881 1707 3950 quidem
1760 3879 2041 3934 Abraham

467 3976 834 4048 contigit,:qui
891 3975 1068 4045 primo
1098 3975 1268 4029 Deum
1317 3987 1428 4051 non
1469 3982 1528 4027 ut
1557 3972 1727 4026 Deum
1755 3971 1913 4036 vidit,
1949 3972 2043 4027 sed

471 4081 530 4123 ut
555 4069 829 4123 hominem
864 4066 919 4119 in
957 4064 1253 4135 hospitium
1282 4063 1508 4132 recepit.
1563 4061 1628 4117 Et
1681 4062 1934 4117 laudatus
1964 4073 2046 4116 est

470 4161 540 4215 ob
574 4160 937 4215 reverentiam
973 4172 1077 4227 qua
1118 4170 1243 4210 cum
1283 4154 1513 4224 recepit.
1560 4152 1627 4207 Et
1657 4163 1855 4223 praeter
1922 4168 2042 4223 per-

480 4254 681 4309 multos
700 4252 835 4305 alios
864 4259 1049 4319 postea
1082 4247 1275 4301 Manoc
1304 4261 1362 4300 se
1392 4244 1668 4315 perditum
1707 4243 1871 4311 dixit,
1901 4244 2043 4315 quod

479 4347 647 4397 Deum
680 4343 928 4395 vidisset.
954 4337 1073 4392 Non
1106 4338 1173 4390 ad
1220 4336 1499 4390 hominem
1546 4346 1791 4405 captum,
1834 4336 2037 4405 inquit,

477 4445 601 4503 apta
627 4442 710 4488 est
740 4433 831 4485 Dei
859 4427 1120 4500 cognitio,
1158 4428 1358 4481 nedum
1389 4434 1605 4491 natura,
1642 4426 1738 4481 sed
1774 4442 1871 4497 per
1898 4444 2045 4483 som-

479 4527 696 4579 niorum
724 4522 1031 4591 aenigmata;
1065 4520 1179 4574 haec
1211 4519 1357 4573 enim
1390 4517 1515 4573 luce
1562 4517 1968 4587 quodammodo
1990 4526 2046 4573 et

480 4619 727 4672 claritate
764 4615 1025 4669 destituta
1045 4620 1151 4679 est,
1183 4611 1386 4682 quippe
1416 4624 1538 4679 quae
1591 4607 1753 4662 aliam
1809 4608 1913 4662 alia
1947 4609 2046 4663 im-

482 4712 737 4781 plicatam
770 4706 969 4763 nebula
1019 4704 1379 4759 obscuritatis
1441 4699 1857 4769 explicationem
1915 4717 2050 4768 praes

485 4806 631 4858 beat.
656 4798 825 4872 448
867 4797 1034 4869 Cujus
1059 4796 1136 4851 rei
1177 4792 1433 4865 permulti
1464 4791 1556 4845 alii
1590 4799 1753 4847 testes
1804 4801 1931 4845 sunt
1968 4793 2052 4845 in-

488 4891 762 4961 tegri,fscd
788 4890 952 4944 etiam
990 4885 1177 4940 Daniel
1204 4896 1259 4940 et
1288 4882 1513 4952 Joseph,
1540 4882 1742 4952 quibus
1772 4891 2054 4937 nocturna:

483 4986 722 5040 visiones
754 4983 807 5037 in
834 4981 1044 5038 somnis
1069 4994 1257 5034 earum
1289 4992 1473 5032 rerum
1533 4990 1655 5046 qua:
1704 4974 1858 5030 facta:
1918 4992 2055 5028 non-

483 5078 611 5130 dum
644 5082 821 5141 erant,
847 5088 1031 5129 veram
1063 5069 1544 5141 pmcognitionetn
1596 5067 1935 5139 praebebant.
1973 5066 2047 5120 De

485 5179 718 5235 utroque
744 5166 962 5236 sapiens
990 5164 1084 5219 ille
1130 5162 1416 5230 theologus
1461 5159 1761 5229 Gregorius
1796 5157 2052 5213 dubitans

486 5262 600 5328 ipse
632 5258 932 5328 quidquam
967 5257 1108 5312 scire
1146 5268 1203 5308 se
1233 5261 1416 5322 negat,
1443 5252 1583 5306 scire
1611 5260 1797 5305 autem
1820 5252 2054 5320 prephe-

488 5362 662 5405 tarum
689 5353 891 5415 Deum,
927 5352 1044 5403 sive
1076 5348 1362 5418 phantasia
1424 5353 1508 5398 est
1543 5344 1745 5398 diurna
1796 5342 1911 5397 sive
1954 5358 2055 5398 no-

486 5452 680 5497 cturna
710 5457 839 5498 vera
881 5441 1039 5501 visio,
1067 5440 1182 5494 sive
1230 5435 1462 5490 rationis
1514 5434 1723 5504 eﬂigies
1745 5449 2057 5505 praecogno.

491 5536 693 5589 scentis
714 5535 896 5588 futura
925 5540 1183 5600 tanquam
1209 5528 1520 5599 prasscntia.
1568 5526 1841 5580 Caeterum
1892 5541 2058 5580 nemo

488 5626 582 5680 Dei
609 5635 858 5680 naturam
885 5623 1023 5679 vidit
1059 5630 1153 5675 aut
1186 5621 1466 5689 professus
1489 5627 1596 5672 est.
1646 5615 1861 5683 Quibus
1890 5615 2057 5686 igitur

490 5716 688 5770 divina:
720 5715 972 5771 Ecclesiae
1026 5725 1353 5769 communes
1409 5707 1693 5763 sententiae
1726 5720 1851 5761 cum
1876 5707 2057 5778 glirma

563 5898 641 5969 (l)
682 5895 777 5948 Ἐκ
801 5891 894 5948 τοῦ
930 5895 1056 5961 περ’.
1084 5888 1363 5956 θεολογίας
1402 5889 1653 5957 δευτέρου
1694 5889 1879 5959 λόγου.

2144 3704 2290 3773 μάλα
2342 3704 2634 3773 ἀχρήστως
2678 3703 2814 3772 ἔχει,
2846 3704 2935 3758 ναὶ
2973 3705 3081 3774 μὴν
3110 3704 3221 3758 οὐδ’
3252 3705 3330 3769 ὡς
3374 3705 3674 3776 πορρωτάτω

2142 3794 2238 3846 τοῦ
2270 3795 2551 3864 ὠφελίμου
2591 3798 2789 3850 κεῖται.
2824 3794 3023 3849 Καλείν
3048 3796 3093 3849 δ’
3122 3793 3278 3864 οἶμαι
3324 3797 3394 3851 τὰ
3425 3786 3571 3863 λόγια
3594 3797 3676 3849 τὼν

2149 3883 2443 3954 προφητῶν
2502 3886 2559 3935 ὲν
2600 3881 2732 3935 εῖδει
2766 3883 2865 3952 μὲν
2916 3885 3136 3951 ὁμιλίαν
3162 3884 3299 3938 Θεοῦ
3335 3886 3427 3938 καὶ
3468 3885 3678 3954 ἀγγέλων

2146 3975 2282 4046 πρὸς
2314 3975 2639 4046 ἀνθρώπους
2666 3974 2763 4044 τὴν
2796 3975 3058 4044 αἰσθητὴν
3094 3977 3187 4029 καὶ
3220 3979 3576 4048 ἐγρηγορόσιν
3600 3976 3675 4024 αὑ·

2143 4068 2257 4129 τοῖς
2291 4063 2644 4137 φαινομένην,
2678 4064 2869 4128 ὁποίας
2897 4065 2990 4119 καὶ
3040 4064 3290 4135 Ἀὕραὰμ
3324 4066 3546 4130 «ἠξίωται
3570 4062 3676 4130 πρό-

2145 4175 2303 4230 τερον
2331 4157 2463 4211 Θεὸν
2512 4158 2611 4228 οὐχ
2654 4158 2729 4221 ὡς
2772 4157 2905 4210 Θεὸν
2945 4156 3089 4222 ἰδὼν,
3143 4158 3262 4210 ἀλλ’
3313 4158 3391 4218 ὡς
3424 4156 3679 4226 ἄνθρωπον

2148 4249 2384 4319 θρέψας·
2434 4248 2492 4312 ὃς
2532 4249 2627 4301 καὶ
2677 4246 2941 4320 ἐπῃνέθη,
2995 4247 3150 4318 φησι,
3204 4246 3485 4311 σεϐασθεὶς
3511 4246 3677 4300 ὁπόσον

2148 4341 2436 4396 κατέλαϐε.
2474 4340 2585 4394 Καὶ
2615 4338 2755 4411 μετὰ
2794 4338 3084 4402 πλείστους
3114 4338 3308 4402 ἄλλους
3343 4338 3562 4406 ὕστερον
3586 4337 3683 4391 )1:-

2147 4433 2286 4488 vwé'
2320 4432 2378 4495 6;
2402 4432 2497 4486 καὶ
2523 4430 2858 4484 ἀπολωλέναι
2902 4430 3051 4495 ἐϐόα,
3082 4429 3220 4482 διότι
3263 4429 3403 4483 Θεὸν
3448 4428 3682 4497 ἑώρακεν,

2150 4525 2225 4588 ὼς
2253 4524 2314 4576 οὐ
2345 4522 2599 4597 χῳρητῆς
2644 4519 2955 4590 ἀνθρώποις
2983 4518 3187 4589 οὔσης,
3217 4518 3408 4589 φησὶν,
3438 4519 3549 4571 οὐδὲ
3568 4534 3682 4582 φαν-

2152 4617 2346 4678 τασίας
2378 4613 2545 4676 θείας,
2577 4613 2652 4681 μὴ
2684 4612 2764 4664 ὅτι
2799 4612 3037 4677 φύσεως.
3070 4608 3151 4664 Δι’
3184 4611 3520 4679 αίνιγμὰτων
3550 4606 3686 4660 ὁόὒθ

2147 4706 2245 4777 τὴν
2271 4706 2338 4758 δι’
2384 4704 2711 4773 ὀνειράτων*
2763 4702 3023 4771 ἀλαμπὴς
3065 4702 3173 4771 γάρ
3202 4717 3289 4765 τις
3339 4699 3494 4769 αὕτη,
3527 4700 3612 4752 καὶ
3637 4699 3685 4750 οὐ

2153 4797 2292 4851 πάνυ
2318 4813 2368 4848 τι
2392 4794 2657 4865 πρόδηλος
2677 4810 2690 4823 ·
2724 4795 2817 4847 καὶ
2864 4794 2973 4864 γὰρ
3003 4793 3070 4844 δι’
3097 4793 3275 4847 ἄλλων
3311 4792 3446 4846 ἄλλα
3470 4791 3688 4859 συμπλέ-

2151 4905 2321 4943 κουσα
2353 4887 2447 4938 καὶ
2478 4884 2926 4953 συγκρύπτουσα,
2979 4886 3132 4953 νέφει
3165 4886 3274 4938 τινὶ
3307 4885 3691 4953 καλυπτομένην

2154 4977 2421 5045 ἀσαφείας
2456 4975 2683 5047 παρέχει
2714 4976 2813 5045 τὴν
2842 4975 3094 5044 δήλωσιν.
3124 4968 3224 5029 Ὧν
3246 4977 3343 5030 καὶ
3369 4977 3593 5028 πλεῖστοι
3611 4976 3691 5043 μὲν

2156 5071 2333 5137 ἕτεροι
2366 5072 2603 5140 κήρυκες
2630 5068 2902 5138 ἀψευδεῖς,
2937 5069 3074 5121 ἀλλὰ
3128 5071 3225 5124 καὶ
3249 5070 3446 5140 Δανιὴλ
3472 5069 3561 5120 καὶ
3597 5068 3693 5119 Ἰω-

2162 5162 2292 5231 at,”
2332 5158 2410 5222 οἷς
2449 5160 2760 5231 νυκτεριναί
2810 5175 2953 5223 τινες
3003 5159 3156 5229 ὄψεις
3187 5159 3502 5212 καθεύδουσι
3548 5157 3693 5224 μήπω

2163 5255 2463 5321 γεγονότων
2496 5251 2672 5322 ἁληθῆ
2705 5254 2966 5321 παρεῖχον
2998 5252 3096 5319 τὴν
3126 5251 3453 5321 πρόγνωσιν.
3486 5248 3613 5315 Περὶ
3634 5240 3692 5295 (LV

2158 5345 2485 5414 ἀμφοτέρων
2539 5343 2566 5395 ὁ
2600 5344 2915 5410 σοφώτατος
2948 5341 3170 5412 ἀπορῶν
3223 5341 3474 5408 Θεολόγος
3508 5335 3691 5406 Γρηγὸ·

2160 5454 2276 5508 ριος
2303 5436 2378 5505 (1)
2409 5434 2569 5498 αὐτὸς
2613 5434 2715 5505 μὲν
2760 5435 3016 5502 ὁμολογεῖ
3048 5435 3121 5505 μὴ
3169 5434 3401 5497 εἰδέναι,
3427 5429 3612 5482 εἰδέναι
3645 5425 3690 5478 δὲ

2159 5527 2250 5579 τὸν
2269 5526 2377 5578 τῶν
2400 5524 2697 5595 προφητῶν
2724 5523 2876 5587 Θεὸν,
2908 5525 3020 5576 εἴτε
3040 5523 3310 5593 φαντασία
3338 5539 3416 5585 τις
3432 5515 3494 5592 ἧν
3520 5520 3693 5586 ἡμερι-

2161 5620 2249 5689 νὴ,
2283 5619 2393 5671 εἴτε
2450 5618 2643 5679 νυκτὸς
2676 5616 2913 5686 ἀψευδὴς
2942 5616 3085 5685 ὁῲις,
3119 5617 3228 5669 εἴτε
3281 5614 3370 5668 τοῦ
3395 5604 3693 5684 ἡγεμονικοῦ

2162 5711 2405 5774 τύπωσις
2439 5709 2808 5779 συγγινομένη
2842 5710 2953 5773 τοῖς
3007 5706 3293 5778 μέλλουσιν
3340 5707 3411 5770 ὡς
3442 5700 3693 5776 παροῦσι·
