3840 6566
418 427 525 492 399

1638 429 1687 489 Ν
1698 430 1997 490 ICEPIIOI

2102 433 2483 495 GBEGORJE
3549 433 3640 495 έΐῖὶ)

417 550 513 605 sed
541 556 723 605 creata
741 552 894 611 sunt,
924 558 1269 617 quaecunque
1305 542 1371 598 ad
1399 542 1642 598 calorem
1675 555 1729 597 et
1764 544 1996 597 formam

2106 547 2204 599 ὅσα
2226 548 2477 618 χρώμασι
2513 551 2603 603 κού
2640 550 2883 621 σχήμασι
2906 546 3001 601 καὶ
3030 544 3331 614 γλυκύτησι
3356 546 3450 599 καὶ
3479 548 3642 617 πικρό-

416 650 470 695 et
496 640 840 695 dulcedinem
860 651 914 693 et
934 634 1357 692 amaritudinem
1390 646 1445 690 et
1470 634 1693 689 odoretn
1723 636 2000 704 pertinent

416 744 470 789 et
505 733 571 787 ad
600 732 923 792 videndum.
951 730 1310 794 audiendum,
1353 727 1700 782 sentiendqu
1736 727 1996 804 increata,

417 825 766 879 nominanda
800 822 1053 893 iudicet?
1085 821 1363 888 Quantum
1417 821 1509 874 ille
1553 810 1880 875 abhorreret
1927 819 1995 874 ab

419 917 632 972 insanis
668 927 722 969 ct
753 930 948 969 sensus
980 912 1335 983 expertibus?
1648 910 1653 915 ”

487 1009 825 1079 ν111.[Αιηυο
845 1016 905 1062 ut
928 1007 996 1061 iis
1025 1022 1146 1078 quae
1176 1005 1489 1077 singulatim
1517 1016 1782 1077 apparent
1833 1003 2000 1060 rebus

413 1101 686 1155 rationem
716 1102 1451 1165 conlirmemus,atramento
1467 1107 1561 1153 aut
1578 1099 1685 1154 alio
1709 1098 1891 1154 colore
1915 1097 2002 1169 pi-

415 1192 733 1250 ctaelitterae
768 1202 919 1249 certe
945 1192 1142 1248 visioni
1166 1192 1423 1265 subjectae
1453 1202 1603 1256 sunt,
1648 1193 1744 1246 sed
1780 1192 1920 1247 inest
1943 1198 1999 1247 et

414 1286 571 1357 quasi
590 1286 723 1339 latet
743 1286 796 1339 in
820 1284 914 1339 illo
937 1271 1246 1339 atramento
1275 1285 1547 1340 sententia
1583 1285 1852 1354 quaedam,
1879 1299 1999 1353 quae

412 1378 618 1433 visioni
649 1376 867 1431 subdita
902 1391 1026 1430 esse
1076 1375 1228 1431 nullo
1284 1376 1447 1431 modo
1505 1385 1706 1446 potest.
1742 1379 1997 1430 Attamen

413 1469 575 1542 ﬁs]
606 1469 865 1539 quoniam
905 1468 1071 1523 homo
1104 1484 1169 1522 ex
1201 1469 1382 1523 anima
1415 1478 1471 1524 et
1497 1484 1729 1543 corpore
1757 1477 1994 1537 constat,

411 1571 469 1617 et
505 1577 606 1632 per
637 1562 979 1631 corporalem
1010 1571 1067 1615 et
1097 1560 1408 1615 sensualem
1443 1560 1704 1613 visionem
1747 1561 1997 1630 apprime

414 1653 653 1723 percipit
711 1654 960 1723 corporis
998 1655 1225 1717 formas,
1267 1668 1367 1722 per
1397 1653 1687 1706 mentalcm
1720 1661 1774 1706 et
1809 1652 2001 1706 invisi-

410 1744 583 1799 bilem
609 1745 809 1798 animae
841 1744 1066 1798 oculum
1121 1742 1428 1798 sententias
1480 1758 1603 1812 qua:
1658 1742 1858 1797 litteris
1886 1741 1995 1797 illis

415 1837 631 1892 insunt.
663 1836 741 1890 Ac
784 1822 1055 1889 mundum
1088 1835 1271 1899 illum,
1307 1836 1399 1904 qui
1428 1848 1458 1889 e
1501 1835 1642 1888 cmlo
1681 1842 1736 1888 et
1767 1843 1910 1888 terra
1939 1842 1995 1889 et

2104 654 2230 706 τησι
2264 640 2359 693 καὶ
2408 642 2606 711 ὀσμαῖς
2647 640 2936 694 ὑπόκειται
2983 641 3077 691 καὶ
3130 639 3267 706 ἀκοῇ
3294 637 3385 689 καὶ
3423 638 3537 705 ὄψει
3566 641 3643 690 καὶ

2105 730 2215 800 ἀφῇ
2261 731 2532 802 κρίνεται,
2564 732 2749 801 λέγειν
2783 731 3048 793 inuam;
3076 730 3131 782 τί
3154 729 3200 782 δ’
3234 729 3478 782 ἀπεοίκοι
3499 728 3646 783 ἀναδ-

2101 839 2193 885 τος
2228 824 2337 875 τῶν
2366 825 2711 894 μαινομένων
2744 824 2776 888 ἢ
2820 822 3201 891 ἀναισθήτωνς

2172 1000 2255 1055 H'.
2294 1001 2403 1055 Καὶ
2435 1003 2503 1056 ἵν’
2529 1003 2592 1056 ὲκ
2622 1000 2732 1057 τῶν
2787 1001 2909 1055 καθ’
2935 1000 3143 1056 ἕκαστα
3192 1006 3528 1071 φαινομένων
3574 1007 3647 1057 τὸν

2102 1092 2259 1162 λόγον
2283 1092 2674 1164 γυμνάσωμεν,
2700 1092 2768 1146 τὰ
2796 1093 2882 1147 διὰ
2917 1094 3146 1161 μέλανος
3198 1094 3232 1163 ἢ
3281 1093 3347 1148 δι’
3369 1094 3522 1147 ἀλλον
3569 1095 3645 1147 τοῦ

2102 1187 2392 1256 χρώματος
2413 1186 2714 1256 γράμματα
2747 1186 2857 1239 τῶν
2888 1185 3196 1256 αἰσθήσεων
3232 1187 3331 1256 μὲν
3365 1188 3647 1240 ὑπόκεινται

2100 1276 2320 1340 πάντως
2345 1278 2409 1345 τῇ
2444 1277 2564 1345 ῦψει
2587 1293 2601 1308 σ
2629 1277 2744 1331 ἀλλ’
2783 1277 2897 1346 ἔχει
2929 1277 3023 1330 καὶ
3053 1277 3177 1331 νοῦν
3223 1279 3536 1346 ἐγκείμενον
3574 1282 3650 1334 καὶ

2102 1369 2474 1439 κρυπτόμενον
2491 1370 2546 1422 ὲν
2561 1368 2640 1438 τῷ
2665 1368 2877 1437 μέλανι,
2900 1370 3349 1441 ἀπηγορευμένον
3370 1371 3463 1423 καὶ
3478 1373 3651 1424 ἀδυνά-
3711 1374 3716 1378 ’

2099 1478 2193 1514 του
2220 1464 2570 1515 παντάπασιν
2598 1461 2747 1525 ὄντος
2763 1461 2883 1532 ὄψει
2915 1462 3106 1516 τοῦτον
3135 1463 3652 1533 ὑποτεθῆναι.“ομως

2101 1554 2401 1624 ἐπειδήπερ
2439 1555 2467 1607 ὁ
2506 1554 2794 1624 ἄνθρωπος
2832 1555 3056 1618 διπλοῦς
3096 1557 3160 1609 ἐκ
3197 1555 3381 1625 ψυχῆς
3422 1558 3651 1628 συνετέθη

2100 1646 2194 1698 καὶ
2230 1646 2518 1714 σώματος,
2554 1647 2647 1699 καλ⁸
2682 1646 3012 1717 ἀμφοτέρων
3048 1646 3271 1701 ἐκείνων
3305 1648 3518 1711 οίκείως
3552 1650 3651 1700 ἐπι-

2099 1734 2463 1804 λαμϐάνεται,
2492 1735 2581 1789 διὰ
2611 1737 2709 1806 μὲν
2737 1736 2839 1803 τῆς
2871 1740 3190 1809 σωματικῆς
3221 1739 3319 1791 καὶ
3347 1740 3652 1808 φαινομένης

2098 1827 2274 1896 ὅψεως
2299 1828 2406 1882 τῶν
2430 1829 2518 1882 διά
2546 1828 2799 1899 σώματος
2827 1830 3214 1899 χαρακτήρων,
3241 1831 3330 1884 διὰ
3356 1831 3412 1884 δὲ
3438 1810 3525 1882 τόδ
3551 1849 3651 1884 vos-

411 1943 761 1999 quzecunque
793 1927 973 1981 media
1007 1934 1137 1981 sunt
1168 1934 1405 1993 constat,
1436 1925 1695 1981 similiter
1724 1926 1792 1979 ab
1835 1925 1995 1981 initio

2103 1917 2195 1988 ροῦ
2221 1918 2316 1972 καὶ
2341 1918 2582 1987 ἀφανοῦς
2601 1919 2700 1989 τῆς
2723 1918 2900 1989 ψυχῆς
2925 1919 3207 1990 ὀφθαλμοῦ
3232 1922 3340 1974 τῶν
3366 1924 3474 1984 τοῖς
3496 1923 3653 1992 γράμ-

414 2023 669 2077 homines
689 2020 853 2075 modo
878 2019 1196 2075 universum
1227 2018 1391 2073 modo
1413 2019 1700 2087 partialem
1728 2018 1845 2073 visu
1866 2033 2000 2073 eon-

411 2112 627 2184 cipiunt
654 2112 959 2166 secundum
990 2110 1104 2166 vim
1129 2119 1185 2166 et
1219 2120 1471 2164 naturam
1506 2126 1629 2179 quae
1659 2112 1732 2163 rei
1778 2111 1998 2165 unicui-

412 2217 524 2273 que
562 2203 725 2258 inest.
757 2201 833 2254 Ex
868 2200 954 2255 his
991 2199 1209 2255 duobus
1242 2199 1489 2253 omnium
1520 2198 1747 2253 omnino
1780 2207 1997 2254 constat

415 2295 660 2365 cognitio
683 2336 697 2359 ,
731 2293 946 2347 scilicet
983 2290 1223 2346 sensuali
1258 2290 1615 2360 perceptione
1663 2306 1762 2359 per
1806 2289 1997 2344 oculos

408 2394 465 2440 et
484 2384 538 2439 vi
578 2382 782 2438 mentis
806 2422 819 2442 ,
842 2396 965 2451 quae
996 2378 1351 2433 invisibiliter
1382 2394 1478 2446 per
1506 2386 1757 2431 naturam
1786 2378 1993 2432 excita-

410 2493 522 2544 tur,
558 2488 785 2550 apparet
834 2487 1019 2532 autem
1060 2491 1158 2545 per
1181 2476 1395 2529 litteras
1426 2487 1481 2528 et
1511 2489 1846 2528 sermonem.
1871 2473 1997 2528 llaec

408 2571 661 2643 quamvis
706 2585 814 2624 una
851 2569 904 2622 in
942 2567 1143 2623 multas
1179 2566 1531 2621 distribuitur
1569 2568 1952 2635 perceptiones
1978 2606 1995 2632 ,

407 2662 610 2733 quippe
633 2677 754 2731 quae
788 2658 1065 2726 duplicem
1094 2659 1203 2712 vim
1229 2665 1480 2711 exerceat
1505 2674 1519 2723 ;
1547 2657 1996 2727 perceptionibus

408 2757 557 2808 enim
619 2751 1006 2821 corporalibus
1045 2750 1390 2819 corporalem
1428 2765 1524 2818 per
1553 2764 1737 2804 aerem
1796 2764 1992 2802 sonum

410 2840 641 2911 praebet,
672 2839 841 2894 menti
872 2853 1004 2892 vero
1038 2853 1160 2906 quae
1191 2851 1301 2891 non
1334 2848 1561 2906 apparet
1606 2853 1726 2892 eam
1773 2848 1995 2893 senten-

412 2932 547 2986 tiam
578 2945 699 3000 quae
732 2928 862 2984 huic
905 2936 1117 2982 tantum
1147 2938 1374 2997 apparet
1405 2937 1461 2981 et
1485 2929 1814 2993 ostenditur,
1865 2931 1993 2982 mit-

412 3022 503 3078 tit.
541 3024 732 3091 Itaque
780 3036 963 3097 rerum
1012 3018 1357 3090 publicat-um
1393 3028 1450 3072 et
1482 3019 1913 3074 domesticarum
1941 3033 1995 3075 et

410 3113 658 3170 omnium
709 3127 836 3182 quae
889 3112 945 3165 in
985 3111 1098 3165 vita
1152 3120 1455 3165 nascuntur
1512 3119 1569 3165 et
1619 3122 1990 3178 evanescunt,

409 3205 653 3275 cognitio
684 3220 848 3261 sensu
884 3218 949 3258 ac
978 3211 1160 3257 mente
1196 3219 1305 3256 una
1339 3203 1606 3268 sensuali,
1642 3204 1810 3258 altera
1854 3206 1993 3258 invi-

408 3296 581 3364 sibili,
614 3295 792 3367 quoad
822 3294 1128 3361 intelligere
1161 3309 1476 3365 possumus,
1506 3296 1706 3349 oritur.
1740 3296 1991 3366 Quapro-
2019 3280 2062 3335 δ

407 3401 534 3460 pter
564 3390 708 3443 Deus
742 3387 983 3441 Verbum
1015 3401 1146 3441 caro
1190 3386 1367 3441 factus
1420 3386 1621 3441 mansit
1646 3388 1865 3457 quidem
1901 3388 1993 3457 qui

407 3489 530 3537 erat
546 3481 850 3551 spiritualis
875 3488 928 3534 et
945 3489 1139 3549 praeter
1156 3488 1395 3534 mentem
1423 3478 1475 3532 id
1496 3479 1641 3548 quod
1662 3495 1769 3533 non
1792 3480 2000 3534 habue-

411 3583 500 3629 rat
522 3574 734 3643 reeepit
760 3584 817 3629 et
863 3573 1044 3627 factus
1089 3583 1174 3626 est
1207 3573 1410 3643 duplex
1446 3584 1643 3627 natura
1680 3573 1995 3627 incredibili

411 3667 619 3731 modo,
674 3675 735 3720 ut
799 3680 899 3735 per
970 3665 1234 3718 miracula
1302 3681 1421 3733 qua:
1478 3665 1663 3719 sensui
1734 3676 1998 3733 apparent

409 3758 576 3832 452
609 3757 897 3819 deitatem,
926 3772 1050 3825 qua:
1088 3771 1197 3809 non
1229 3753 1549 3826 apparebat,
1585 3755 1890 3837 denudaret
1922 3766 2000 3811 at-

412 3867 523 3922 que
572 3849 922 3916 ostenderet,
980 3856 1145 3916 atque
1189 3847 1260 3899 ita
1303 3849 1371 3902 ab
1415 3847 1692 3903 miraculis
1719 3864 1840 3919 qua:
1880 3864 2001 3903 sen-

410 3944 499 4000 sui
561 3953 824 4013 apparent
883 3950 1130 4010 tempore
1185 3940 1421 4010 erigeret
1489 3950 1545 3995 et
1613 3941 1875 4011 dirigeret
1929 3942 1995 3995 ad

410 4033 755 4103 spiritualem
790 4030 938 4086 illam
983 4045 1047 4085 ac
1088 4030 1303 4086 beatam
1341 4030 1509 4085 vitam
1541 4046 1662 4101 quae
1687 4047 1849 4101 supra
1877 4046 1999 4086 sen-

413 4141 534 4180 sum
576 4136 680 4179 est.
716 4122 934 4179 Etenim
984 4137 1052 4177 ex
1083 4122 1463 4192 magnitudine
1498 4133 1554 4179 et
1583 4123 1998 4193 pulchritudine

414 4216 837 4279 miraculorum,
886 4229 1008 4284 quae
1039 4214 1108 4267 ab
1165 4214 1329 4267 initio
1364 4215 1420 4268 in
1458 4215 1729 4270 creaturis
1780 4229 1999 4284 semper

410 4321 702 4382 apparent,
745 4325 844 4378 per
897 4309 1203 4379 analogiam
1248 4310 1541 4379 quamdam
1588 4310 1820 4366 Creator
1863 4325 1998 4381 eon-

413 4402 668 4471 spicitur.
696 4400 808 4454 Nec
842 4401 1014 4462 enim,
1044 4409 1105 4453 ut
1152 4410 1381 4456 sanctus
1426 4400 1519 4456 ille
1555 4401 1851 4471 Dionysius
1878 4401 1995 4467 ait,

412 4492 645 4549 omnino
674 4491 933 4559 cognosci
964 4490 1310 4562 potestquod
1341 4492 1408 4545 ad
1439 4492 1733 4547 essentiam
1758 4492 1997 4559 pertinet

416 4597 523 4638 nec
558 4581 771 4652 percipi
803 4582 948 4636 Deus
972 4622 989 4647 ,
1040 4581 1138 4638 sed
1182 4582 1254 4637 ob
1287 4581 1430 4637 facta
1481 4598 1578 4637 sua
1633 4583 1995 4638 celebrandus
2025 4613 2073 4670 ο

413 4682 521 4738 est,
557 4683 903 4743 quapropter
929 4673 1243 4742 baptismus
1275 4672 1435 4728 nobis
1467 4672 1522 4727 in
1565 4672 1839 4742 duplicem
1872 4688 1997 4744 gra-

416 4766 550 4820 tiam
586 4774 740 4828 erat,
776 4779 875 4834 per
900 4779 1100 4834 aquam
1132 4763 1298 4819 simul
1354 4772 1412 4819 et
1467 4763 1768 4833 Spiritum,
1812 4774 1875 4819 ut
1904 4779 2000 4834 per

417 4872 616 4926 aquam
653 4872 776 4927 quae
806 4856 992 4911 carnis
1029 4862 1235 4912 nostra:
1266 4855 1456 4911 sordes
1485 4856 1671 4912 eluere
1708 4857 1867 4923 solet,
1899 4857 2000 4910 ad-

414 4948 532 5001 dito
551 4946 741 5002 divino
762 4946 998 5016 Spiritu.
1020 4944 1371 5001 invisibiliter
1390 4954 1444 5000 et
1470 4945 1873 5001 insensibiliter
1888 4961 2000 5000 una

415 5052 540 5091 cum
567 5050 799 5106 corpore
813 5037 1033 5091 eluatur
1053 5035 1256 5091 anima.
1275 5034 1357 5090 Ad
1371 5050 1580 5090 sacram
1599 5051 1795 5106 aquam
1814 5045 2000 5091 autem

414 5126 680 5183 accedere
701 5127 964 5197 Spiritum
988 5136 1238 5183 sanctum
1257 5143 1355 5198 per
1373 5143 1597 5198 precum
1618 5128 1999 5182 caeremoniam

418 5218 668 5274 ostendit
695 5218 859 5274 nobis
889 5230 1119 5275 sanctus
1140 5219 1588 5292 Chrysostomus,
1621 5238 1640 5270 ι
1666 5217 1806 5272 Tum
1833 5236 2001 5290 super

413 5311 722 5378 Christum,
748 5311 1058 5382 inquirens,
1087 5313 1339 5368 columba
1365 5313 1643 5382 apparuit,
1660 5312 1737 5365 ita
1756 5322 1816 5365 ut
1843 5313 1999 5381 quasi

413 5403 586 5475 digito
599 5404 918 5459 ostenderet
935 5405 1004 5460 iis
1022 5406 1115 5474 qui
1134 5406 1362 5460 aderant
1384 5413 1439 5458 et
1456 5404 1653 5459 Joanni
1678 5403 1875 5458 Filium
1905 5405 2000 5461 Dei

414 5511 597 5566 neque
612 5495 718 5551 hoc
731 5497 910 5551 solum
935 5513 1124 5552 verum
1143 5498 1308 5553 etiam
1333 5507 1391 5551 ut
1409 5497 1589 5551 discas
1607 5512 1771 5564 supra
1793 5504 1843 5549 te
1863 5512 2004 5566 quo-

416 5604 525 5658 que
547 5592 639 5658 qui
662 5589 973 5659 baptizatus
998 5605 1059 5644 es
1077 5588 1341 5659 Spiritum
1363 5588 2000 5643 descendere.Nuncau-

416 5683 793 5755 temsensuali
824 5682 988 5737 nobis
1015 5683 1227 5737 visione
1257 5697 1398 5751 opus
1427 5698 1534 5735 non
1570 5691 1655 5735 est
1676 5720 1691 5747 ,
1733 5695 1858 5734 cum
1898 5696 2001 5752 pro

406 5771 681 5827 ‘omnibus
704 5773 838 5828 ﬁdes
883 5774 1205 5830 satisfaciat.
1233 5774 1367 5829 Nam
1392 5774 1545 5843 signa
1580 5789 1687 5827 non
1722 5773 1998 5841 ﬁdelibus,

415 5863 516 5922 sed
544 5862 912 5923 inﬁdelibus.»
952 5867 1235 5924 Visibilem
1272 5867 1432 5937 igitur
1464 5864 1856 5936 theophaniam
1886 5882 1997 5924 non

2104 2026 2269 2079 μασιν
2314 2010 2544 2073 ἐκείνοις
2591 2012 2925 2080 ἐγκειμένων
2975 2013 3286 2081 νοημάτων.
3336 2014 3446 2067 Καὶ
3486 2015 3568 2066 τὸν
3606 2016 3653 2080 ἐξ

2099 2100 2330 2172 οὐρανοῦ
2354 2102 2411 2155 δὲ
2437 2106 2531 2156 καὶ
2558 2102 2661 2171 γῆς
2685 2103 2783 2156 καὶ
2806 2103 2915 2156 τῶν
2940 2104 2998 2156 ὲν
3027 2107 3179 2174 μέσῳ
3204 2107 3430 2159 πάντων
3458 2108 3651 2174 συγκείο

2103 2209 2263 2263 μενον
2296 2194 2501 2264 κόσμον
2535 2194 2735 2265 ὁμοίως
2780 2194 2838 2261 ἐξ
2880 2195 3077 2258 αίῶνος
3116 2196 3357 2266 ὁρῶντες
3400 2199 3654 2264 καταλαμ-

2101 2284 2356 2339 ϐάνουσιν
2389 2286 2666 2356 ἄνθρωποι
2704 2284 2821 2349 πῶς
2860 2288 2959 2356 μὲν
2995 2286 3261 2357 καθόλου,
3302 2289 3416 2352 πῶς
3449 2290 3501 2342 δὲ
3535 2293 3653 2345 κατι

2101 2377 2299 2447 μέρος,
2327 2378 2473 2432 κατά
2499 2378 2593 2449 τὴν
2621 2378 2848 2432 ἐνοῦσαν
2874 2381 3089 2452 ἑκάστῳ
3119 2383 3281 2449 φύσιν
3310 2385 3405 2435 καὶ
3431 2384 3651 2453 δύναμιν.

2102 2470 2226 2524 Κάκ
2254 2472 2363 2525 τῶν
2391 2471 2539 2525 δυοῖν
2567 2471 2771 2525 τούτων
2798 2474 2936 2526 πᾶσι
2973 2474 3194 2527 πάντων
3220 2477 3256 2545 ἡ
3296 2475 3495 2543 γνῶσις
3529 2477 3654 2528 owi-

2101 2578 2313 2628 σταται,
2363 2562 2463 2631 τῆς
2507 2581 2570 2616 τε
2621 2563 2893 2633 δι’δψεως
2944 2564 3273 2637 αίσθητικῆς
3324 2567 3653 2638 καταλήψεως

2099 2655 2195 2707 καὶ⁵
2227 2653 2327 2723 τῆς
2358 2654 2499 2708 κατά
2527 2656 2618 2709 τὸν
2647 2654 2773 2709 νοῦν
2804 2657 3085 2725 ἐνεργείας
3106 2697 3121 2722 ,
3158 2640 3382 2727 ἀφανῶς
3416 2662 3511 2729 μὲν
3536 2662 3653 2713 κατά

2100 2748 2264 2816 φύσιν
2300 2749 2470 2819 αὐτῆς
2510 2736 2872 2821 κινουμένης,
2911 2750 3359 2821 ὲμφανιζομένης
3401 2753 3445 2805 δ’
3471 2753 3556 2806 οὖν
3583 2754 3654 2807 διὰ

2097 2841 2444 2911 γραμμάτων
2484 2836 2640 2904 αὖθις
2680 2841 2776 2894 καὶ
2819 2841 3029 2904 λαλιᾶς.
3059 2844 3220 2903 ’Ἡτις
3264 2845 3361 2897 καὶ
3402 2846 3535 2914 αὑτὴ
3574 2847 3653 2913 μία

2098 2931 2231 2984 οὖσα
2255 2930 2390 3001 πρὸς
2421 2931 2621 2994 πολλάς
2648 2933 2934 3003 μερίζεται
2962 2936 3157 2999 ἀκοὰς,
3183 2935 3385 3005 διπλῆν
3406 2938 3505 3007 τὴν
3528 2938 3654 3005 ἐνέρ·

2097 3040 2253 3091 γειαν
2278 3024 2462 3093 δρῶσα
2489 3041 2502 3056 ·
2532 3027 2653 3088 ταῖς
2684 3025 2783 3092 μὲν
2808 3025 2916 3095 γάρ
2945 3026 3137 3090 ἀκοαῖς
3170 3045 3425 3096 σωματικ
3438 3032 3513 3091 εἰς
3536 3047 3655 3083 τισιν

2097 3113 2284 3178 οὔσαις
2335 3117 2429 3167 τὸν
2477 3115 2788 3185 σωματικὸν
2835 3117 2903 3169 δι’
2939 3119 3099 3187 ἀέρος
3146 3120 3416 3190 ἐνάρθρου
3466 3122 3654 3175 δίδωσιν

2097 3202 2250 3276 ἦχον,
2282 3207 2358 3270 τῷ
2390 3207 2446 3259 δὲ
2482 3207 2556 3278 μὴ
2587 3209 2897 3279 φαινομένῳ
2928 3211 3026 3277 τῆς
3055 3211 3231 3281 ψυχῆς
3263 3213 3440 3285 νοερῷ
3471 3217 3554 3267 τὴν
3579 3217 3656 3282 ἐμ.

2099 3301 2426 3369 φαινόμενον
2468 3301 2604 3374 αὐτῇ
2654 3302 2753 3353 καῖ
2798 3302 3272 3373 ἐνσημαινόμενον
3319 3308 3656 3376 παραπέμπει

2098 3392 2244 3445 νοῦν.
2282 3396 2391 3448 Καὶ
2428 3392 2605 3457 οὕτως
2645 3396 2675 3463 ἡ
2707 3384 2817 3447 τῶν
2855 3396 3150 3451 πολιτικῶν
3186 3399 3284 3454 καὶ
3323 3401 3655 3469 οἰκονομικῶν

2099 3487 2442 3555 πραγμάτων
2478 3489 2573 3541 καὶ
2604 3488 2712 3541 τῶν
2748 3489 2805 3541 ἐν
2842 3489 2942 3559 βίῳ
2985 3490 3205 3546 πάντων
3239 3494 3543 3566 κατάληξις
3576 3494 3657 3545 ᾗσι

2098 3578 2309 3646 γένεσις
2351 3579 2473 3646 ἄγει
2509 3580 2603 3631 καὶ
2646 3580 2856 3651 φθορὰ,
2892 3582 2961 3635 δι’
2986 3583 3292 3654 αἰσθήσεώς
3323 3602 3381 3638 τε
3418 3587 3513 3638 καὶ
3551 3584 3655 3648 v03,

2098 3668 2200 3736 τῆς
2248 3670 2344 3739 μὲν
2379 3672 2712 3740 φαινομένης
2744 3671 2840 3723 τοῦ
2881 3672 2937 3725 δὲ
2981 3678 3397 3745 κρυπτομένου,
3438 3678 3527 3730 τὸν
3555 3678 3655 3746 ἐφι-

2100 3761 2226 3812 κτὸν
2260 3762 2391 3830 ἡμῖν
2428 3764 2771 3832 περιγίνεται
2807 3766 3030 3835 τρόπον.
3073 3769 3167 3819 Διά
3206 3769 3271 3838 δὴ
3308 3768 3482 3822 ταῦτα
3520 3768 3604 3821 καὶ
3635 3768 3656 3817 ὁ

2099 3852 2233 3916 Θεὸς
2275 3854 2449 3921 Λόγος
2497 3856 2633 3925 σάρξ
2674 3857 2911 3924 ἐγένετο,
2953 3859 3143 3927 μείνας
3184 3862 3321 3930 ὅπερ
3363 3856 3457 3931 ἦν,
3492 3861 3656 3928 νοητλς

2100 3946 2193 3997 καὶ
2224 3946 2360 4017 ὑπὲρ
2391 3946 2547 4014 νοῦν,
2582 3949 2906 4019 προαλαὸὼν
2936 3951 2980 4003 δ’
3004 3953 3144 4022 ὅπερ
3174 3953 3274 4006 οὐκ
3303 3948 3370 4024 ἦν
3402 3957 3495 4006 καὶ
3524 3952 3655 4020 7N5-

2103 4052 2265 4106 μενος
2294 4038 2513 4103 διπλοῦς
2542 4039 2641 4111 τὴν
2673 4042 2836 4109 φύσιν
2866 4043 3178 4115 ἀπόρρητον
3209 4047 3442 4116 τρόπον,
3479 4046 3559 4098 ἵνα
3583 4043 3655 4096 διὰ

2099 4134 2210 4182 τῶν
2237 4133 2303 4200 τῇ
2333 4132 2588 4202 αἰσθήσει
2621 4135 2962 4204 φαινομένων
2991 4137 3287 4205 θαυμάτων
3316 4137 3413 4207 τὴν
3442 4139 3516 4207 μὴ
3547 4152 3655 4203 grac-

2099 4220 2335 4290 νομένην
2365 4226 2720 4292 παραγυμνοῖ
2754 4225 2846 4276 καὶ
2878 4226 3258 4298 παραδεικνύῃ
3294 4227 3552 4297 θεότητα,
3579 4224 3654 4275 καὶ

2100 4309 2275 4373 οὕτως
2303 4312 2412 4366 ἀπὸ
2439 4314 2547 4366 τῶν
2579 4315 2699 4369 κατ’
2726 4317 2984 4387 αἴσθησιν
3016 4320 3364 4388 φαινομένων
3394 4323 3483 4374 καὶ
3513 4332 3655 4386 πρῡσο

2101 4402 2309 4474 καίρων
2352 4404 2648 4474 θαυμάτων
2690 4410 2888 4479 ἀνιστᾷ
2932 4411 3029 4480 τὴν
3069 4409 3250 4482 ψυχὴν
3296 4412 3540 4482 ἐμμελῶς
3579 4409 3655 4460 καὶ

2101 4497 2180 4556 εἰς
2212 4496 2310 4565 τὴν
2342 4494 2482 4565 ὑπὲρ
2520 4498 2775 4568 αἴσθησιν
2807 4501 3089 4575 ἀπευθύνῃ
3124 4504 3327 4573 νοητήν
3357 4521 3418 4558 τε
3453 4505 3540 4556 καὶ
3570 4518 3657 4571 μα-

2102 4588 2305 4656 καρίαν
2334 4588 2553 4657 ἐκείνην
2584 4590 2749 4661 ζωήν.
2790 4591 2885 4646 Ἐκ
2918 4594 3028 4665 γάρ
3067 4594 3335 4665 μεγέθους
3370 4597 3459 4649 καὶ
3487 4593 3654 4646 καλλο-

2100 4679 2193 4749 νῆἱ
2231 4678 2340 4731 τῶν
2371 4679 2429 4746 ἐξ
2466 4680 2643 4750 ἀρχῆς
2681 4685 2739 4735 ὲν
2770 4685 2884 4747 τοῖς
2919 4688 3184 4755 κτίσμασι
3226 4687 3557 4756 φαινομένων
3587 4683 3657 4735 ἀεὶ

2100 4769 2396 4839 θαυμάτων
2425 4770 2706 4841 ἀναλόγως
2736 4774 2763 4826 ὁ
2796 4774 3126 4846 δημιουργὸς
3161 4780 3359 4847 ὁρᾶται
3388 4798 3402 4809 ·
3435 4775 3658 4842 ἀνεννόη-

2100 4880 2191 4917 τον
2215 4864 2323 4934 γάρ
2342 4903 2357 4928 ,
2387 4866 2414 4917 ὁ
2440 4865 2581 4929 θεῖός
2609 4884 2742 4938 φησι
2766 4868 3074 4936 Διονύσιος,
3102 4873 3281 4943 πάντη
3312 4875 3452 4927 κατὰ
3474 4871 3563 4942 τὴν
3585 4868 3655 4921 οὐ·

2102 4956 2225 5008 σίαν
2251 4960 2343 5009 καὶ
2372 4958 2758 5029 ἀκατάληπτον
2783 4961 2848 5014 τὸ
2875 4961 3039 5025 θετον,
3066 4963 3181 5016 ἀλλ’
3207 4970 3271 5017 ἐκ
3297 4968 3407 5019 τῶν
3436 4960 3657 5018 αίτιατῶν

2102 5048 2399 5116 ὑμνητέον,
2436 5048 2517 5102 διὸ
2556 5050 2653 5105 καὶ⁵
2692 5052 2752 5104 τὸ
2794 5054 2939 5105 θεῖον
2982 5056 3115 5123 ἡμῖν
3155 5055 3448 5127 βάπτισμα
3480 5053 3657 5111 διπλιῖς

2100 5135 2223 5193 οῦσι
2265 5140 2487 5195 διπλοῦν
2527 5142 2792 5214 ἐχαρίσθη
2842 5141 2902 5216 [ι.
2945 5146 3052 5199 239
3097 5147 3179 5218 a],
3224 5148 3294 5200 δι’
3320 5148 3502 5210 ὓδατος
3542 5142 3656 5212 ὁμοῦ

2105 5230 2199 5284 καὶ
2230 5230 2567 5301 Πνεύματος,
2601 5233 2688 5285 ἵνα
2719 5234 2792 5305 τῷ
2830 5234 3010 5300 ὕδατι,
3039 5238 3165 5300 τοὺς
3199 5242 3494 5306 σαρκικοῦς
3521 5233 3654 5303 ἡμῶν
3751 5272 3756 5277 -

2102 5323 2190 5377 ἀεὶ
2238 5321 2445 5393 ῥύπους
2489 5324 2774 5394 καθαίρειν
2819 5328 3066 5393 εἰωθότι,
3114 5331 3541 5402 προσγενομένου
3578 5325 3654 5378 καὶ

2103 5414 2196 5467 τοῦ
2231 5414 2379 5469 θείου
2415 5417 2730 5488 Πνεύματος
2761 5420 3011 5491 ἀοράτως
3043 5423 3139 5477 καὶ
3171 5425 3429 5491 ἀφανῶς,
3464 5424 3566 5491 ἅμα
3589 5415 3653 5485 τῷ

2104 5506 2317 5576 σώματι
2359 5509 2798 5580 συγκαθαίρηται
2842 5512 2937 5564 καὶ
2979 5514 3011 5583 ἡ
3053 5515 3202 5585 ψυχὴ
3250 5514 3452 5586 νοερῶς
3486 5528 3536 5564 τε
3573 5507 3652 5559 καὶ

2102 5597 2346 5665 ἀφανῶς.
2384 5596 2510 5650 Ὅτι
2543 5599 2601 5651 δὲ
2636 5603 3117 5669 συμπαραγίνεται
3156 5605 3235 5672 τῷ
3273 5603 3427 5657 ὕδατι
3459 5600 3650 5670 ἁγιαζο-

2108 5689 2255 5758 μένῳ
2281 5689 2389 5749 καέι
2428 5689 2488 5743 τὸ
2532 5691 2759 5760 Πνεῦμα
2798 5694 2858 5746 τὸ
2902 5693 3057 5763 ἅγιον
3095 5695 3185 5749 διὰ
3226 5697 3326 5766 τῆς
3364 5697 3467 5748 τῶν
3499 5689 3652 5759 εὐχῶν

2103 5777 2479 5849 ἐπικλήσεως,
2512 5779 2670 5852 δῆλον
2703 5784 2732 5834 ό
2764 5782 2904 5848 θεῖος
2940 5787 3073 5856 ἡμῖν
3107 5790 3346 5842 ποιεῖται
3379 5786 3653 5857 Χρυσόπο-

2108 5884 2238 5941 μος,
2277 5888 2296 5923 ι
2331 5869 2465 5924 Τότε
2500 5872 2627 5943 μὲν,
2663 5889 2682 5924 ι
2718 5871 2928 5944 λέγων,
2966 5895 2985 5930 ι
3023 5880 3114 5932 ἐπὶ
3144 5877 3380 5950 Χριστοῦ
3410 5876 3489 5931 διὰ
3513 5868 3645 5927 τοῦτε
