3840 6630
390 436 498 498 407

1605 445 2019 508 NICEPHOltl
2061 427 2449 512 cannons

3539 451 3636 514 403

381 549 576 607 dicere
606 551 736 610 licet
762 567 856 611 aut
911 566 1068 629 turpe
1098 560 1147 614 id
1179 565 1323 632 quod
1354 567 1542 622 subest
1568 570 1784 624 animal.
1806 571 1975 625 Acce-

2081 591 2276 635 ποντας
2306 574 2581 644 εὔμορφόν
2612 590 2669 626 τε
2699 572 2880 638 λέγειν
2922 570 3100 624 ἔνεστι
3140 570 3235 624 καὶ
3260 570 3565 641 δύσμορφον
3587 573 3641 625 τὸ

381 645 529 697 deus
554 647 701 702 enim
720 650 872 705 estin
899 652 1150 724 subjecto
1175 672 1296 727 qua:
1315 663 1563 716 cernitur
1580 663 1776 726 forma,
1797 678 1970 733 genus

392 734 562 792 habet
605 741 963 812 qualitatem,
1013 757 1210 814 quarta
1255 754 1557 807 secundum
1611 756 1965 824 partitionem

392 829 573 918 imago
607 831 887 890 invenitur
916 837 1183 908 ejusdem.
1222 842 1451 898 Mutatio
1478 854 1660 901 autem
1695 847 1809 918 ipsa
1842 865 1969 904 cum

393 916 467 972 sit
505 922 814 988 accedens,
856 929 1109 983 cernitur
1150 930 1204 984 in
1241 934 1518 997 essentia,
1560 944 1617 990 et
1656 916 1968 1006 quantitate

389 1017 448 1063 et
477 1012 754 1079 qualitate
790 1019 1112 1075 varietatem
1159 1025 1483 1081 mutationis
1530 1027 1797 1085 alliciens.
1852 1030 1970 1085 Mu-

394 1103 663 1159 tationem
688 1116 874 1162 autem
909 1110 1288 1171 incitationem
1323 1118 1621 1186 quamdam
1658 1120 1780 1190 ejus
1811 1134 1968 1185 esse,

390 1196 538 1261 quod
574 1207 701 1253 ante
736 1199 876 1265 fuit,
925 1204 1022 1259 ubi
1068 1209 1313 1263 essentia
1351 1223 1641 1268 remaneat
1669 1212 1967 1268 deﬁniunt.

392 1286 649 1345 Libenter
687 1308 877 1363 quaero
931 1298 1190 1367 equidem
1230 1300 1509 1358 Palamam
1549 1305 1782 1374 ejusque
1821 1319 1970 1361 asse-

394 1379 512 1434 clas
561 1383 692 1452 quid
749 1400 876 1441 esse
931 1390 1177 1460 cogitent
1233 1394 1799 1466 transfigurationem.
1860 1398 1974 1456 Nec

393 1473 542 1528 enim
580 1475 905 1533 vocabulum
936 1480 1096 1549 plane
1149 1484 1419 1552 explicat,
1453 1497 1638 1543 utrum
1675 1490 1746 1544 sit
1786 1489 1974 1546 formae

394 1567 743 1634 variatio,an
779 1577 1314 1650 pennutatio.460
1348 1580 1519 1650 Igitur
1549 1583 1593 1636 si
1622 1584 1748 1649 quis
1781 1599 1974 1640 essen-

395 1658 483 1713 tia:
511 1659 712 1717 divinae
739 1663 979 1730 dixerit,
1012 1658 1438 1725 Manichaeorum
1479 1674 1740 1729 morbum
1783 1685 1973 1731 osten-

393 1748 539 1805 derit
577 1752 683 1807 ista
715 1757 999 1822 vos.Quid
1043 1775 1174 1815 vero
1214 1762 1383 1833 magis
1419 1765 1647 1834 impium
1674 1775 1776 1829 est,
1807 1783 1973 1836 quam

392 1844 650 1899 essentiae
698 1852 1165 1916 permutationem
1209 1855 1395 1911 dicere
1436 1856 1641 1913 Christi
1689 1860 1744 1912 in
1786 1869 1976 1916 monte

2081 667 2440 736 ὑποκείμενον
2472 666 2612 730 ζῶον
2641 665 2824 736 τυχόν.
2878 664 3238 735 Συμϐεϐηκδς
3281 664 3391 731 γάρ
3420 664 3562 715 ἐστιν
3589 665 3641 715 ὲν

2075 757 2429 827 ὑποκειμένῳ
2481 757 2588 809 τινὶ
2643 754 3019 825 θεωρούμενον
3071 754 3104 821 ἡ
3157 753 3364 824 μορφή.
3420 753 3575 815 ant,
3600 752 3642 805 δ’

2075 851 2277 921 ἔχουσα
2305 851 2405 920 τὴν
2437 849 2700 919 ποιότητα
2753 849 3012 916 τέταρτον
3054 847 3198 901 κατὰ
3225 846 3486 915 διαίρεσιν
3511 842 3643 906 εἶδος

2073 946 2391 1015 εὑρίσκεται
2443 942 2670 1013 ταύτης.
2717 942 2871 994 Ἐπεὶ
2902 940 2959 994 δὲ
2990 942 3086 993 καὶ
3112 942 3146 1009 ἡ
3182 937 3418 1009 κίνησις,
3445 939 3641 1005 συμϐε-

2077 1037 2247 1106 ϐηκὸς
2271 1035 2408 1091 οὖσα
2456 1035 2549 1089 καὶ
2604 1033 2767 1105 αὑτὴ,
2823 1034 3111 1103 θεωρεῖται
3148 1032 3246 1102 μὲν
3286 1031 3382 1083 καὶ
3411 1031 3465 1082 ὲν
3493 1031 3643 1101 οὐσίᾳ

2074 1130 2168 1185 καὶ
2202 1128 2355 1200 ποσῷ
2408 1129 2505 1183 καὶ
2550 1128 2725 1197 τόπῳ.
2780 1127 3071 1198 Θεωρεῖται
3117 1125 3171 1179 δὲ
3207 1123 3410 1192 μᾶλλον
3457 1123 3637 1195 κάντῇ

2076 1221 2326 1292 ποιότητι
2371 1223 2433 1275 τὸ
2481 1219 2759 1283 πολυειδὲς
2781 1218 3124 1288 ἐργαζομένη
3154 1215 3256 1287 τῆς
3290 1214 3638 1279 ἀλλοιώσεως,

2074 1312 2175 1382 τὴν
2203 1313 2247 1365 δ’
2280 1311 2565 1364 ἀλλοίωσιν
2613 1309 2939 1365 ὲκστατικόν
2974 1325 3027 1360 τι
3055 1305 3195 1360 εἶναι
3246 1304 3342 1358 τοῦ
3391 1306 3645 1373 πρότερον

2076 1405 2229 1468 δντος
2254 1404 2530 1471 ὁρίζονται
2553 1403 2651 1470 τῆς
2678 1400 2867 1463 οὑσίας
2894 1399 3164 1468 μενούσης
3184 1412 3201 1429 ’
3222 1397 3395 1469 ἡδέως
3416 1395 3480 1449 ἂν
3508 1396 3645 1464 ἐροί-

2081 1515 2189 1568 μην
2224 1495 2402 1565 ἔγωγε
2437 1494 2704 1563 Παλαμᾶν
2759 1494 2855 1547 καὶ
2896 1492 3027 1556 τοὺς
3074 1489 3214 1561 ἀμφ’
3273 1489 3457 1551 αὑτδν,
3509 1488 3561 1541 τί
3587 1489 3645 1540 Ξιν

2078 1587 2220 1643 εἶναι
2250 1590 2398 1658 νοοίη
2423 1588 2524 1657 τὴν
2577 1588 3025 1656 μεταμόρφωσιν.
3085 1584 3254 1637 Οὐδὲν
3307 1581 3417 1652 γάρ
3443 1583 3477 1653 ἡ
3510 1580 3643 1643 λέξις

2075 1685 2267 1751 ἕτερον
2317 1681 2540 1744 πάντως
2601 1679 2752 1750 δηλοί
2799 1679 2834 1748 ἢ
2881 1680 3097 1748 μορφῆς
3136 1675 3424 1731 ἀλλοίωσίν
3452 1690 3512 1727 τε
3556 1675 3644 1726 καὶ

2083 1774 2469 1846 μεταποίησιν.
2503 1773 2564 1825 El
2594 1771 2695 1840 μὲν
2719 1767 2813 1824 οὖν
2834 1771 2931 1840 τῆς
2958 1769 3143 1832 οὐσίας
3169 1768 3318 1837 λέγοι
3349 1767 3452 1836 τῆς
3481 1767 3641 1830 Θείας,

2078 1866 2396 1938 Μανιχαίων
2451 1864 2512 1916 τὸ
2547 1863 2763 1932 νόσημα
2804 1858 2993 1924 δείξων
3021 1860 3050 1911 ό
3074 1859 3231 1927 λόγος
3267 1858 3521 1929 ἔρχεται·
3554 1857 3639 1908 καὶ

396 1938 623 1994 Thabor
653 1942 1453 2014 transﬁgurationcm,alteram
1485 1949 1718 2005 duarum
1744 1951 1976 2024 ineptiae

2081 1960 2132 2014 τί
2168 1960 2233 2014 ἂν
2263 1956 2624 2026 ἀσεϐέστερον
2660 1956 2742 2025 εἴη
2774 1954 2867 2006 τοῦ
2900 1952 3256 2021 μετουσίωσιν
3283 1951 3532 2016 λέγοντος
3555 1949 3642 2016 τὴν

397 2045 519 2083 rum
582 2033 865 2100 inducere,
899 2047 995 2091 aut
1048 2038 1388 2095 immutabile
1452 2040 1655 2103 divina:
1722 2044 1980 2099 essentia:

396 2120 707 2191 deprimere
752 2125 820 2179 ad
869 2128 1173 2198 subjectum
1222 2140 1277 2183 et
1314 2131 1384 2186 ab
1417 2131 1508 2185 illa
1566 2133 1805 2186 alienum
1835 2142 1980 2199 ,aut

399 2212 685 2267 inscientia
742 2222 800 2270 et
856 2220 1093 2288 maligna
1147 2230 1330 2277 mente
1396 2223 1451 2276 in
1513 2222 1652 2277 duas
1708 2226 1981 2280 increatas

399 2303 639 2360 deitates
669 2307 979 2363 distrahere
1013 2327 1175 2364 unam
1213 2310 1514 2370 increatam
1544 2329 1603 2372 et
1628 2316 1977 2372 individuam

398 2407 455 2452 et
484 2397 813 2469 simplicem,
845 2412 902 2457 et
940 2419 1103 2457 uuam
1151 2406 1337 2462 dicere
1380 2411 1674 2473 visibilem.
1720 2412 1977 2465 invisibi~

397 2493 504 2545 lrm
563 2492 789 2547 alteram
813 2535 828 2559 ,
865 2511 1028 2550 unam
1088 2500 1523 2571 participabilem
1547 2546 1562 2571 ,
1604 2504 1981 2574 intparticipa-

396 2582 563 2639 hilem
597 2588 823 2643 alteram
845 2629 860 2652 ,
895 2605 1056 2645 unam
1084 2593 1389 2661 subjectam
1412 2634 1426 2658 ,
1450 2598 1809 2665 superjectam
1840 2598 1979 2653 alte-

400 2679 561 2731 runt?
612 2681 759 2749 quod
820 2681 991 2751 ipsam
1047 2683 1532 2740 leouomachorum
1591 2688 1823 2743 hmrcsiu
1888 2704 1981 2741 su-

396 2776 636 2841 peravit,
679 2784 740 2827 ut
780 2773 835 2827 in
858 2775 1194 2844 procedente
1234 2780 1485 2835 oratione
1518 2782 1697 2837 fusius
1731 2783 1970 2837 dicetur.

402 2865 498 2919 Sin
535 2879 756 2920 omnem
796 2868 1026 2923 omnino
1056 2869 1257 2925 dixerit
1295 2871 1640 2927 immutatam
1674 2875 1816 2928 servi
1863 2875 1976 2929 for—

402 2971 572 3021 mam,
603 2956 1031 3015 utlcouomachi
1064 2963 1276 3029 dicunt,
1316 2965 1370 3019 iu
1392 2966 1573 3020 lucem
1605 2967 1885 3022 infandam
1919 2978 1977 3023 et

402 3049 708 3102 increatam
744 3060 801 3103 et
833 3049 1098 3105 deitatem
1134 3053 1371 3108 alienam
1422 3064 1482 3108 ut
1526 3057 1578 3109 iu
1626 3057 1981 3111 sermonibus

402 3140 471 3193 de
494 3139 617 3195 luce
637 3140 862 3196 disserit
885 3143 1117 3199 vocibus
1138 3145 1415 3213 humanis,
1436 3164 1592 3204 usam
1625 3164 1749 3204 esse
1784 3151 1966 3203 lucem

404 3232 552 3286 illam
580 3232 903 3301 gloriantem
929 3235 999 3291 de
1031 3252 1151 3292 sese
1181 3246 1240 3293 et
1282 3257 1299 3288 ι
1336 3240 1457 3294 Non
1489 3248 1701 3296 terrore
1734 3257 1981 3297 commo-

403 3324 606 3389 vcaris,
642 3335 823 3380 tecum
854 3328 1001 3381 enim
1033 3344 1210 3393 sum,»
1247 3330 1445 3400 pignus
1463 3330 1659 3385 lutum
1684 3333 1978 3402 lucisprze-

406 3415 665 3484 hentem,
692 3418 1053 3487 quaerendum
1088 3429 1206 3483 est,
1240 3422 1519 3490 quomodo
1550 3430 1794 3476 creatum
1830 3423 1982 3477 abie—

406 3511 482 3565 rit
518 3510 586 3565 ad
622 3510 928 3565 inereatum
966 3521 1022 3566 et
1066 3511 1386 3566 inchoatum
1420 3512 1487 3567 ad
1519 3528 1629 3567 non
1661 3513 1979 3568 inchoatum

408 3615 466 3663 et
501 3608 806 3677 temporale
838 3607 905 3660 ad
938 3621 1047 3660 non
1082 3608 1384 3675 temporale
1428 3616 1486 3663 et
1527 3587 1743 3661 finitum
1788 3608 1853 3661 ad
1898 3610 1982 3661 in-

403 3700 645 3754 ﬁnitum.
670 3699 807 3754 Nam
840 3700 945 3754 hoc
973 3700 1362 3769 corruptibile,
1403 3707 1462 3753 ut
1493 3699 1660 3755 divus
1685 3700 1982 3769 Apostolus

403 3790 566 3857 dicit,
601 3791 928 3846 induturum
959 3790 1435 3860 incorruptionem
1459 3792 1770 3847 audivimus
1798 3792 1982 3847 credi-

400 3887 701 3952 dimusque
726 3924 742 3951 ,
769 3894 1013 3940 creatum
1043 3891 1226 3938 autem
1258 3883 1372 3937 ﬁeri
1404 3884 1710 3939 increatum
1742 3885 1826 3939 vel
1856 3898 1981 3940 cor-

320 4048 326 4053 .
404 3993 506 4045 pus
529 3978 920 4047 incorporeum
946 3975 1104 4048 46],
1136 3976 1381 4030 nondum
1406 3974 1474 4029 ad
1500 3974 1610 4043 hoc
1638 3991 1814 4045 usque
1842 3986 1982 4029 tem-

401 4088 506 4143 pus
555 4072 665 4127 ulla
718 4072 931 4126 ratione
972 4070 1202 4141 praedita
1248 4079 1504 4125 creatura
1549 4078 1644 4124 aut
1694 4069 1833 4124 dixit
1881 4079 1979 4124 aut

404 4165 611 4221 audivit
650 4178 893 4234 unquam
929 4172 1025 4217 aut
1061 4161 1305 4245 denique
1338 4161 1622 4231 cogitavit.
1659 4161 1851 4231 Neque
1887 4163 1974 4214 in-

400 4268 650 4314 creatum
694 4267 752 4311 et
792 4255 1071 4309 inﬁnitum
1123 4254 1234 4308 ulla
1280 4256 1497 4309 ratione
1538 4263 1634 4308 aut
1667 4254 1778 4309 ullo
1811 4253 1979 4308 modo

405 4349 604 4419 recipit
636 4347 1083 4419 qualemcunque
1116 4357 1325 4399 motum
1361 4353 1457 4398 aut
1495 4345 1865 4399 mutationem
1909 4345 1976 4398 ad

404 4440 714 4511 subiectura
739 4479 755 4504 ,
784 4451 895 4491 non
930 4438 1139 4509 habens
1164 4436 1443 4505 quomodo
1472 4444 1717 4489 mutetur
1747 4445 1841 4489 aut
1868 4450 1979 4503 quo

404 4540 715 4588 moveatur.
762 4530 981 4585 Etenim
1026 4528 1259 4581 mutatio
1289 4526 1641 4581 adnaturam
1689 4526 1889 4581 inﬁniti
1923 4536 1979 4581 et

406 4624 477 4679 ad
512 4633 720 4676 motum
750 4636 860 4674 non
895 4620 1025 4674 facti
1058 4629 1155 4673 aut
1180 4619 1414 4674 variatio
1445 4627 1543 4673 aut
1571 4617 1862 4673 distractio
1893 4635 1980 4674 es-

402 4724 520 4779 set,
547 4711 695 4783 quod
732 4712 848 4764 ﬁeri
880 4726 987 4763 non
1022 4712 1205 4781 potest
1235 4729 1249 4765 :
1284 4712 1465 4766 omnis
1495 4711 1641 4766 enim
1665 4751 1680 4777 ,
1711 4713 1787 4766 ait
1819 4712 1982 4767 divus

407 4806 716 4868 Maximus,
747 4802 971 4873 propria
1007 4801 1225 4857 ratione
1264 4810 1458 4857 natura
1494 4803 1662 4858 habet
1691 4804 1984 4873 perfectio-

339 4943 344 4949 .
408 4913 538 4954 nem
568 4906 625 4951 et
653 4894 963 4965 spiritualis
993 4903 1051 4948 et
1085 4894 1425 4964 corporalis,
1455 4894 1572 4950 sive
1599 4896 1830 4966 simplex
1863 4897 1983 4951 sive

405 4990 729 5063 composita.
748 4989 995 5065 Quorum
1013 4989 1160 5041 enim
1179 5003 1357 5045 causae
1371 4989 1514 5059 apud
1534 4990 1701 5044 Deum
1716 5005 1840 5044 cum
1861 5005 1983 5045 esse

405 5084 571 5140 etiam
590 5082 930 5153 perfectione
949 5089 1303 5148 receperunt,
1322 5095 1513 5135 eorum
1538 5081 1777 5150 propriis
1797 5079 1979 5135 causis

407 5176 709 5232 declinatio
755 5185 813 5230 et
866 5172 1417 5230 transsubstantiatio
1465 5173 1833 5243 adjectionem
1883 5182 1980 5225 aut

406 5268 775 5325 omissionem
811 5266 879 5322 ad
914 5281 1039 5322 esse
1073 5275 1348 5336 quatenus
1375 5266 1616 5319 essentia
1649 5263 1982 5333 contingunt

404 5378 520 5420 non
548 5362 872 5417 admittunt.
901 5360 997 5415 Sin
1025 5375 1155 5414 vero
1184 5357 1418 5413 variatio
1440 5356 1692 5427 quaedam
1722 5355 1800 5418 lit,
1828 5363 1978 5409 certe

400 5470 516 5511 non
540 5454 609 5509 ad
634 5464 861 5515 naturae,
882 5452 978 5507 sed
1005 5451 1073 5506 ad
1103 5449 1381 5505 varianda:
1410 5448 1488 5503 rei
1523 5449 1970 5514 mutatationem,

404 5547 550 5601 ratio
576 5546 723 5601 enim
753 5554 960 5599 mutata
985 5544 1273 5596 interitum
1321 5541 1506 5596 statim
1536 5552 1746 5594 natura:
1796 5540 1974 5603 allcrt,

409 5637 642 5690 mutatio
669 5649 792 5704 quae
819 5633 1070 5702 sequitur
1097 5629 1344 5685 miriticae
1369 5629 1593 5682 virtutis
1619 5630 1857 5698 speciem
1885 5629 1980 5681 ha-

405 5727 519 5780 bet.
550 5724 783 5795 [Egyptii
830 5724 935 5778 Nili
982 5737 1122 5792 aqua
1181 5733 1464 5790 aspectum
1503 5729 1560 5775 et
1592 5729 1809 5790 gustum
1847 5720 1976 5773 olim

409 5819 662 5881 mutavit,
684 5828 740 5871 et
779 5818 988 5870 variata
1021 5824 1105 5869 est
1140 5816 1197 5869 in
1226 5813 1508 5883 sanguinis
1540 5814 1781 5869 colorem
1814 5822 1870 5868 et
1901 5813 1979 5866 fa-

411 5910 638 5966 διῖὰἱιιιιι
664 5952 677 5974 ,
705 5910 970 5982 liquidam
1002 5918 1055 5965 et
1080 5908 1298 5963 ﬂuidam
1333 5916 1584 5961 naturam
1614 5906 1835 5960 minime
1868 5904 1980 5960 dis-

2083 2054 2177 2107 ὲπὶ
2204 2053 2297 2106 τοῦ
2323 2049 2610 2119 Θαϐωρίου
2636 2048 2797 2118 ὅρους
2829 2045 3252 2116 μεταμόρφωσιν
3275 2044 3368 2096 τοῦ
3393 2040 3641 2114 Χριστοῦ,

2081 2144 2175 2196 καὶ
2206 2143 2353 2195 δυοῖν
2376 2139 2483 2191 τῶν
2513 2134 2882 2191 ἀτοπωτάτων
2903 2133 3130 2201 θάτερον
3159 2132 3376 2193 πάντως
3408 2129 3642 2194 εἰσάγον-

2078 2255 2191 2293 τος,
2224 2234 2255 2304 ἦ
2286 2235 2384 2299 τῆς
2415 2231 2565 2291 θείας
2596 2229 2785 2287 οὐσίας
2815 2227 2875 2278 τὸ
2905 2225 3264 2278 ἀναλλοίωτον
3293 2218 3493 2289 δηλαδὴ
3521 2217 3643 2270 καθ-

2080 2324 2363 2394 αιροῦντος
2390 2322 2469 2383 είς
2502 2320 2565 2372 τὸ
2597 2319 2892 2388 ὑφειμένον
2941 2317 3035 2368 καὶ⁷
3080 2314 3337 2383 διάφορον
3360 2312 3579 2380 ταύτης.
3607 2309 3634 2378 ῆ

2081 2416 2415 2486 διαιροῦντος
2444 2414 2502 2478 ἐξ
2531 2412 2777 2482 ἀμαθοῦς
2808 2411 2903 2461 καὶ
2934 2407 3277 2473 κακοτρόπου
3311 2405 3532 2477 γνώμης
3569 2403 3639 2463 εἰς

2079 2507 2171 2561 δύο
2203 2506 2475 2574 θεοτήτων
2539 2499 2810 2555 ἀκτίστων
2867 2499 3284 2568 διχοτομὴματα
3340 2495 3439 2564 τὴν
3487 2494 3640 2563 μόνην

2081 2598 2335 2652 ἅκτιστόν
2371 2613 2429 2648 τε
2465 2597 2557 2648 καὶ
2585 2594 2764 2665 ἀμερῆ
2794 2593 2890 2646 καὶ
2928 2590 3133 2659 ἁπλῆν,
3178 2589 3273 2641 καὶ
3298 2588 3395 2658 τὴν
3428 2586 3525 2656 μὲν
3558 2584 3640 2636 λέ-

2080 2709 2266 2759 γοντος
2299 2690 2500 2759 ὀρατὴν
2524 2686 2684 2756 τὴνδ’
2715 2686 2965 2755 ἀόρατον,
2996 2683 3090 2734 καὶ
3124 2681 3222 2751 τὴν
3256 2681 3355 2747 μὲν
3390 2673 3637 2747 μεοεκτὴν

2081 2786 2177 2852 τὴν
2216 2784 2259 2835 δ’
2295 2781 2620 2851 ἀμέθεκτον.
2675 2778 2773 2831 καὶ
2829 2775 2928 2847 τὴν
3000 2774 3099 2844 μὲν
3155 2771 3455 2839 ὑφειμένην
3477 2769 3571 2838 τὴν
3599 2767 3637 2818 δ’

2083 2874 2489 2942 ὑπερκειμένην
2519 2892 2532 2938 ;
2566 2872 2594 2925 ὃ
2623 2872 2715 2925 καὶ
2745 2870 2841 2932 τὴν
2869 2867 2977 2919 τῶν
3008 2864 3395 2933 Εἰκονομάχων
3416 2859 3634 2931 ὑπερϐέ-

2085 2969 2284 3031 ϐληκεν
2311 2966 2542 3035 αἵρεσιν,
2568 2965 2642 3026 ὡς
2665 2963 2943 3031 εἰρήσεται
2962 2956 3227 3030 χωροῦντι
3252 2955 3493 3025 τῷλόγῳ
3520 2953 3638 3004 πλα-

2084 3063 2325 3130 τύτερον.
2358 3059 2421 3111 El
2456 3055 2501 3109 δ’
2536 3056 2593 3122 ὲξ
2628 3055 2762 3107 ὅλων
2799 3054 2925 3122 ὅλην
2977 3047 3417 3117 μεταϐεϐλῆσθαι
3452 3047 3633 3113 φάσκοι

2081 3154 2178 3214 τὴν
2204 3153 2297 3205 τοῦ
2324 3150 2511 3203 δούλου
2551 3147 2791 3220 μορφὴν,
2837 3143 2956 3197 κατ’
2982 3142 3181 3200 αὐτοὺς
3212 3138 3452 3208 ἀκριϐῶς
3478 3137 3635 3191 εἰπεῖν

2084 3248 2209 3308 τοὺς
2241 3241 2663 3312 Εἱκονομάχους.
2720 3239 2813 3291 ἐπὶ
2845 3236 2959 3303 φῶς
2991 3232 3231 3304 ἄρῤητόν
3281 3248 3337 3284 τε
3375 3231 3466 3283 καὶ
3493 3228 3633 3282 ἄκτι-

2089 3358 2213 3393 στον
2241 3332 2342 3390 καῖ
2373 3335 2603 3404 Θεότητα
2639 3333 2820 3401 ξένην,
2862 3330 3005 3383 καυά
3034 3328 3136 3379 κάν
3169 3328 3281 3388 τοῖς
3318 3323 3446 3392 περὶ
3475 3320 3635 3387 φωτὸς

2084 3432 2302 3495 διέξεισι
2322 3429 2503 3497 λόγοις
2525 3426 2689 3481 αὑτοῦ
2722 3425 2927 3494 φωναῖς
2954 3420 3327 3490 ἀνθρωπίναις
3351 3415 3633 3487 κεχρῆσθαι

2083 3523 2142 3576 τὸ
2168 3520 2282 3588 φῶς
2314 3521 2509 3581 ἐκεῖνο,
2554 3515 2912 3587 καυχώμενον
2948 3513 3084 3587 πρὸς
3120 3511 3304 3573 αὑτὸν,
3345 3510 3460 3573 καὶ,
3501 3526 3520 3559 ι
3552 3506 3630 3573 Μὴ

2084 3613 2275 3682 φοϐοῦ,
2319 3631 2337 3662 ι
2370 3609 2884 3680 παρακελευόμενον
2906 3624 2921 3639 ⁸
2969 3627 2987 3659 ε
3021 3608 3160 3677 μετά
3187 3605 3281 3659 σοῦ
3317 3606 3426 3674 γάρ
3460 3604 3585 3672 εἰμι,
3611 3620 3627 3652 ι

2081 3697 2186 3759 τοῦ
2216 3703 2500 3775 μέλλοντος
2531 3700 2829 3773 ἀρραϐῶνα
2879 3699 3056 3769 (prore;
3113 3697 3513 3767 παρεχόμενον,
3548 3695 3633 3763 ζη-

2079 3796 2272 3868 τητέον
2302 3795 2419 3857 πῶς
2451 3794 2512 3848 τὸ
2571 3791 2792 3847 κτιστδν
2849 3789 3312 3861 μετακεχωρηκεν
3352 3788 3416 3861 [Γ.
3471 3789 3561 3842 2H
3588 3785 3634 3857 α]

2085 3891 2269 3963 ἐαυτῷ
2304 3889 2437 3961 πρὸς
2485 3887 2550 3942 τὸ
2580 3887 2833 3940 ἄκτιστον
2874 3884 2969 3937 καὶ
3023 3883 3084 3935 τὸ
3123 3882 3398 3952 ἠργμένον
3432 3882 3563 3950 πρὸς
3586 3880 3635 3932 si

2081 3983 2318 4052 ἄναρχον
2340 3980 2434 4033 καὶ
2473 3977 2534 4031 τὸ
2564 3976 2814 4047 χρονικὶν
2841 3973 2977 4044 πρὸς
3004 3972 3065 4023 τδ
3099 3972 3349 4041 ἄχρονον,
3385 3973 3481 4024 καὶ
3521 3970 3636 4040 api);

2080 4074 2144 4125 τὸ
2174 4069 2602 4142 πεπερασμένον
2629 4066 2689 4119 τὸ
2717 4066 2966 4133 ἄπειρον.
2990 4063 3114 4115 Ὀτι
3141 4062 3241 4132 μὲν
3262 4062 3372 4131 γὰρ
3392 4061 3454 4113 τὸ
3479 4059 3632 4131 φθαρ-

2080 4166 2171 4218 τὸν
2192 4163 2350 4217 τοῦτο
2363 4160 2507 4216 κατά
2522 4158 2772 4218 τὸντθεῖον
2803 4154 2939 4208 ’Λπό
2952 4152 3636 4223 στολονξὲνδὺσεταιξὰφθαρο

2086 4258 2227 4320 σίαν,
2256 4253 2575 4325 ἠκούσαμέν
2604 4271 2663 4305 τε
2714 4253 2804 4303 καὶ
2832 4251 3321 4323 πεπιστεύκαμενς
3352 4250 3412 4302 τὸ
3440 4250 3497 4303 δὲ
3530 4264 3631 4301 κτι-

2081 4348 2207 4401 στὺν
2232 4343 2487 4413 γενέσθαι
2519 4344 2776 4398 ἀκτιστον
2826 4344 2859 4414 ἢ
2900 4345 2960 4397 τὸ
2994 4345 3152 4414 σῶμα
3184 4344 3478 4412 ἀσώματον
3501 4339 3632 4392 οὔπω

2082 4442 2138 4502 ac
2161 4436 2318 4507 δεῦρο
2346 4433 2473 4488 οὔτε
2533 4452 2588 4488 τι
2645 4435 2754 4488 τῶν
2790 4436 3027 4506 λογικῶν
3079 4435 3236 4499 ζώων
3289 4433 3509 4505 εἴρηκεν
3535 4428 3631 4484 οὒτ’

2086 4533 2325 4600 ἀκήκοεν
2378 4528 2536 4582 οὐδὲν
2590 4527 2828 4597 οὐδαμῆ,
2862 4528 2985 4582 οὔτε
3041 4528 3296 4594 καθάπαξ
3343 4529 3514 4581 εἰπεῖν
3538 4524 3630 4577 τῶν

2010 4633 2059 4692 D
2086 4622 2344 4677 ἁπάντων
2359 4620 2677 4689 κτισμάτων
2699 4620 2853 4672 οἰδὲν
2878 4620 3090 4690 οὐδαμῆ
3115 4637 3201 4673 πω
3218 4619 3487 4690 νενόηκενι
3510 4616 3627 4670 Οὔτε

2091 4714 2166 4786 μὴ
2186 4738 2197 4759 ι
2225 4712 2334 4764 οὐδ’
2365 4709 2432 4764 αὖ
2460 4713 2520 4763 τὸ
2566 4712 2822 4765 ἄκτιστόν
2875 4727 2933 4762 τε
2993 4713 3086 4763 καὶ
3120 4712 3344 4782 ἄπειρον
3373 4710 3491 4764 οὑτε
3520 4706 3627 4762 κατ⁹

2084 4806 2274 4859 οὐδένα
2313 4805 2470 4872 λᾶγον
2525 4801 2647 4855 οὔτε
2705 4801 2824 4855 κατ’
2855 4803 3044 4855 οὐδένα
3093 4804 3297 4871 τρόπον
3346 4804 3627 4873 ἐπιδέχεται

2084 4897 2184 4970 τὴν
2211 4895 2532 4971 οἱανδήποτε
2556 4893 2775 4961 κίνησιν
2800 4894 2892 4946 καὶ
2917 4895 3122 4967 τροπὴν
3150 4897 3229 4958 εἰς
3256 4898 3316 4949 τι
3341 4897 3623 4966 ὑφειμένον,

2084 4990 2184 5041 οὐκ
2224 4988 2347 5056 ἔχον
2376 4985 2490 5038 οὑο⁹
2515 4986 2660 5049 ὅπως
2695 4990 3035 5056 τραπήσεται
3065 4986 3180 5040 050‘
3209 4990 3346 5041 ὅπου
3374 4989 3627 5058 κινηθήσε-

2086 5093 2210 5132 ται’
2249 5078 2425 5148 τροπὴ
2454 5077 2562 5147 γὰρ
2598 5076 2691 5130 τοῦ
2724 5081 2866 5130 κατὰ
2904 5078 3064 5147 φύσιν
3092 5081 3346 5152 ἀπείρου,
3371 5079 3624 5134 ’κινεῖσθαι

2092 5173 2166 5241 μὴ
2200 5172 2531 5239 πεφυκότος,
2651 5171 2720 5241 τ’]
2746 5170 3033 5233 ἀλλοίωσις
3056 5171 3147 5223 καὶ
3169 5172 3434 5242 διαίρεσις
3461 5174 3535 5241 εἴη
3556 5172 3620 5234 iv,

2086 5265 2225 5333 ὅπερ
2261 5263 2524 5315 ἀδύνατον
2545 5279 2556 5292 ·
2596 5264 2746 5315 πᾶσα
2766 5264 2895 5333 γὰρ,
2922 5264 2951 5315 ό
2995 5264 3135 5324 Gelo;
3164 5264 3335 5334 ἔφησε
3382 5266 3621 5332 Μάξιμος,

2086 5355 2249 5423 φύσις
2279 5352 2355 5423 τῷ
2382 5353 2570 5423 οἰκείῳ
2601 5352 2746 5423 λόγῳ
2774 5353 2861 5406 διὰ
2914 5352 3114 5414 παντὸς
3169 5355 3285 5425 ἔχει
3327 5357 3387 5409 τὸ
3421 5358 3619 5415 τέλειον,

2083 5448 2249 5517 νοητή
2282 5465 2337 5498 τε
2374 5449 2468 5501 καὶ
2498 5444 2755 5515 αἰσθητὴ,
2811 5445 2909 5498 εἰτ’
2945 5446 3037 5500 οὖν
3067 5448 3218 5519 ἁπλῆ
3257 5469 3315 5504 τε
3352 5452 3441 5504 καὶ
3467 5448 3621 5503 σύνθε-

2085 5556 2177 5600 τος
2202 5555 2217 5571 ’
2251 5532 2327 5590 ὧν
2360 5539 2468 5608 γὰρ
2496 5538 2545 5589 οἱ
2573 5536 2720 5603 λόγοι
2779 5537 2929 5606 παρὰ
2976 5537 3052 5606 τῷ
3090 5538 3210 5609 Θεῷ
3243 5542 3357 5609 ἅμα
3391 5542 3462 5611 τῷ
3504 5537 3621 5593 εἶναι

2085 5631 2149 5683 τὸ
2181 5629 2385 5681 τέλειον
2420 5629 2596 5698 ἔσχον,
2625 5627 2832 5681 τούτων
2865 5630 2897 5698 ἡ
2929 5630 3073 5683 κατά
3102 5634 3229 5697 τοὺς
3278 5637 3503 5696 οἰκείους
3548 5635 3619 5686 λό-

2084 5739 2215 5789 γους
2243 5720 2549 5791 παραγωγὴ
2581 5724 2674 5772 καὶ
2708 5721 2966 5783 οὑσῖωσις
3007 5725 3329 5798 προσοήκης
3353 5729 3523 5795 πάσης
3546 5727 3620 5778 καὶ

2088 5813 2377 5878 ἐλλείψεως
2438 5812 2539 5879 τῆς
2580 5813 2715 5881 πρὸς
2747 5813 2804 5865 τὸ
2838 5810 2999 5878 εἶναι,
3033 5812 3174 5888 ᾗπερ
3205 5819 3333 5871 ὄντα
3368 5822 3617 5888 τυγχάνει.

2090 5905 2365 5968 παντελῶς
2395 5906 2544 5959 ἐστιν
2572 5907 2939 5971 ἀνεπίδεκτος.
2973 5910 3028 5961 Εἰ
3051 5911 3103 5963 δέ
3138 5912 3235 5964 πού
3265 5930 3344 5976 τις
3374 5913 3618 5971 ελλοξωσιε
