3780 6554
59 437 139 499 ll?
939 439 1388 501 ΒῩΖΑΝΤίΝρΕ
1425 439 1603 498 lllS'l‘

1754 439 1814 496 ΚΕ
1849 441 1990 501 LIB.
2031 442 2299 503 ΧΧΧΝ.
3160 447 3263 517 “8

64 559 166 628 ορᾷν
227 556 318 608 καὶ
361 556 493 625 ὅσην
533 558 695 622 αὐτὸς
742 561 1037 629 πεποίηται
1091 558 1188 629 τὴν
1240 558 1595 627 προσθήκηνν

1754 564 1904 618 :tum,
1954 556 2208 625 equidem
2259 567 2506 617 extremo
2558 573 2783 633 recepto
2823 567 3055 623 cadaver
3084 584 3265 623 meum

67 650 230 719 βὶέστῃ
263 648 495 717 βλάστην
550 651 799 720 ὲφευρὼν
828 639 941 704 ’καὶ
992 652 1229 720 ἀνομίαν
1276 648 1590 717 ἐπενεγκὼν

1754 648 2281 716 :ploraboequidem
2310 653 2737 711 lamentabiliter
2770 657 2912 713 llebo
2928 661 3147 729 generis
3165 663 3269 714 mei
3356 702 3359 705 ι

65 741 246 810 ἀνομίᾳ.
276 741 373 791 Ἢν
401 740 457 793 δέ
504 758 559 794 τι
591 745 687 797 καὶ
720 742 859 811 πρὸς
889 742 1275 808 ἐντελεστέραν
1306 740 1592 809 ἀντίληψιν

1761 740 2001 803 teritum,
2032 742 2211 797 allatis
2245 760 2314 799 ex
2349 744 2557 801 divinis
2581 747 2803 815 scriptis
2832 750 3121 814 remediis,
3152 768 3269 806 rem

64 833 123 885 ἔτι
172 831 459 897 λείπηται,
517 834 627 900 ἐγὼ
681 832 905 901 λοιπὸν,
955 853 974 886 ι
1041 836 1244 904 φησὶν,
1307 833 1591 888 ἀναλαϐὼν

1754 829 1980 885 olestam
2037 848 2090 889 ct
2124 834 2283 906 47],
2342 837 2503 893 nobis
2560 842 2933 910 percognitam
2988 854 3267 913 expertus.

66 926 137 979 καὶ
164 924 247 976 νῦν
279 925 536 995 θρηνήσω
556 926 648 979 τὸν
676 928 871 996 νεκρόν
903 945 1007 996 μου
1025 941 1041 958 ⁶
1087 928 1198 995 ἐγὼ
1227 928 1322 981 καὶ
1357 926 1592 980 κλαύσο-

1754 938 1882 991 sque
1933 927 2426 997 transfigurationis
2476 931 2849 987 laudationem
2894 937 3181 1004 aggredior
3217 947 3273 993 et
3362 960 3381 966 '

70 1032 148 1083 μαι
175 1015 372 1083 πικρῶς
402 1018 494 1067 ἐπὶ
525 1018 586 1070 τὸ
629 1015 947 1087 σύντριμμα
979 1018 1073 1070 τοῦ
1107 1018 1298 1085 γένους
1326 1036 1453 1087 μου,
1494 1035 1592 1070 κα-

1754 1013 1963 1065 ὀιίοιιὶε
1988 1012 2199 1083 flagello
2233 1017 2432 1073 fortius
2458 1022 2621 1074 vilem
2654 1022 2931 1090 religionis
2991 1040 3278 1079 mercena-

67 1106 271 1175 τεπᾲδων
304 1108 395 1159 καὶ
421 1109 792 1177 προσεπάγων
822 1109 891 1162 τὰ
925 1114 988 1163 ὲκ
1019 1111 1130 1162 τῶν
1166 1110 1327 1163 θείων
1360 1111 1398 1162 Γ
1404 1111 1594 1179 ραφῶν

1754 1118 1836 1153 um
1869 1102 1993 1157 inde
2026 1107 2311 1162 detrudam
2352 1110 2625 1165 Palamam
2657 1113 2808 1165 illum
2850 1114 3099 1181 impium.
3136 1118 3174 1170 (1
3201 1136 3271 1171 nm

66 1196 314 1265 φάρμακα,
346 1197 440 1247 καὶ
482 1198 656 1250 ταῦτα
680 1190 967 1269 προοὰντη
993 1201 1321 1271 δυσχέρειαν
1362 1199 1500 1267 ἔχων
1531 1200 1592 1252 οὐ

1755 1208 1873 1246 sum
1905 1196 2099 1259 festum
2134 1201 2460 1263 instituerit,
2489 1221 2599 1272 quo
2630 1206 2962 1274 impietatem
2993 1225 3146 1261 suam
3180 1211 3275 1262 dc—

67 1286 182 1353 μὰλα
221 1303 269 1338 τι
298 1287 502 1354 σφόδρα
552 1291 906 1361 ἠγνοημένην
939 1293 1091 1359 ὑμῖν.
1148 1291 1255 1345 Καὶ
1300 1293 1481 1344 τοίνυν
1503 1291 1594 1343 ἐπὶ

1754 1287 1964 1352 nderet,
2007 1306 2181 1344 caicus
2214 1292 2304 1346 ille
2336 1292 2515 1346 factus
2542 1304 2647 1359 est,
2693 1306 2751 1348 ut
2783 1296 2849 1349 de
2892 1298 3275 1353 leononmcbis

64 1380 140 1445 τὴν
169 1379 256 1441 τῆς
298 1383 778 1451 μεταμορφώσεως
827 1385 1137 1454 πανήγυριν
1195 1386 1418 1452 μέτειμι
1485 1383 1581 1437 νῦν

1754 1386 1853 1432 ttea
1881 1380 2139 1445 diximus,
2164 1384 2226 1436 ad
2253 1386 2686 1453 cognoscendam
2708 1388 2881 1441 lucem
2911 1389 3083 1453 iLlam,
3109 1406 3272 1458 quam

67 1469 140 1518 καὶ
167 1470 308 1530 αὐτὸς
344 1469 410 1521 δι’
442 1471 612 1542 ὑμᾶς,
653 1474 856 1543 λογικῷ
907 1474 1226 1545 φραγγελίῳ
1264 1474 1596 1543 τελεώτερον

1756 1469 1894 1523 litati
1924 1486 2030 1539 qua
2059 1483 2177 1526 erat
2204 1484 2258 1527 et
2287 1476 2668 1530 obtrectationi
2723 1479 3040 1533 immiscuit.
3074 1482 3194 1549 Αῐιι·
3221 1498 3275 1543 e,

66 1563 144 1621 τὰς
180 1561 537 1632 θεοκαπήλους
594 1566 869 1631 ἐξελάσων
934 1567 1192 1620 κάκεῖθεν
1254 1568 1597 1637 βωμολοχίας

1754 1564 1843 1616 tod
1878 1563 1942 1616 de
1975 1578 2042 1617 co
2079 1578 2395 1619 sanetorum
2431 1567 2678 1635 plerique
2704 1569 2984 1633 dixerunt,
3036 1584 3276 1626 mentem

66 1652 143 1703 τοῦ
178 1651 458 1717 δυσσεϐοῦς
512 1656 773 1726 Παλαμᾶ,
812 1658 934 1710 ἐπεὶ
974 1660 1069 1711 καὶ
1104 1653 1269 1721 αὐτὸς
1294 1660 1393 1724 τὴν
1426 1659 1597 1727 αὐτὴν

1754 1667 1803 1702 ιμι
1834 1661 1952 1706 erat
1975 1654 2216 1722 perdidit
2240 1656 2550 1725 evertitque
2576 1658 2665 1711 ille
2712 1659 2923 1713 ratione
2954 1670 3118 1728 atque
3156 1662 3279 1713 ani-

66 1742 230 1813 ἑορτὴν
263 1746 556 1815 ἐποιήσατο
593 1748 870 1817 πρόφασιν
895 1749 996 1815 τῆς
1021 1748 1187 1801 αὑτοῦ
1221 1750 1443 1812 κακίας,
1474 1766 1600 1801 σκο-

1760 1759 1789 1794 o
1812 1754 2005 1813 captus
2028 1754 2086 1800 et
2112 1749 2339 1802 omnino
2367 1749 2634 1817 dejectus,
2664 1750 2901 1819 fecitque
2928 1752 3070 1819 quod
3102 1752 3279 1806 simile

63 1839 210 1912 τεινδς
238 1838 356 1906 περὶ
387 1838 446 1888 τὸ
480 1837 597 1905 φῶς
630 1840 807 1892 ἐκεῖνο
830 1840 972 1893 κατά
1002 1841 1128 1903 τοὺς
1168 1840 1595 1910 Εἰκονομάχους,

62 1927 121 1987 ὡς
152 1925 373 1996 ἑξθημεν
396 1929 702 1996 εἰρηκότες,
731 1930 1023 1999 γενόμενος
1041 1931 1133 1984 καὶ
1146 1929 1343 1996 αὐτὸς,
1368 1930 1461 1982 καὶ
1479 1932 1598 1993 ταῖς

63 2016 307 2078 είωθυίαις
361 2019 511 2088 αὐτῷ
560 2019 923 2090 βωμολοχίαις
964 2038 1024 2073 τε
1079 2024 1174 2075 καὶ
1208 2021 1598 2090 συκοφαντίαις

63 2106 281 2177 ἒμόαλὼν
308 2111 398 2161 καὶ
429 2111 581 2171 αὐτὸ,
615 2112 709 2163 καὶ
743 2111 862 2181 ἅμα
891 2112 1068 2166 ὁπόσα
1122 2113 1252 2183 περὶ
1285 2112 1453 2167 αὐτοῦ
1491 2117 1599 2166 τῶν

63 2200 211 2265 ἁγίων
238 2202 282 2252 οἱ
306 2200 527 2264 πλείους
566 2204 887 2273 εἰρήκεσαν,
920 2203 1011 2257 τὸν
1038 2204 1225 2257 ἐνόντα
1257 2204 1600 2273 διεφθαρκὼς

61 2292 165 2343 νοῦν
196 2291 285 2343 καὶ⁹
319 2293 705 2364 ἀνατετροφὼς
746 2297 773 2347 ό
813 2296 940 2348 νοῦν
980 2295 1077 2348 καὶ
1106 2296 1309 2365 φρένας
1343 2296 1598 2366 διάστρο-

1633 1901 1675 1956 Β

1703 1844 1788 1889 est
1842 1837 2024 1891 corvis
2085 1840 2371 1894 nocturnis
2405 1849 2459 1894 ct
2514 1842 2749 1896 noctuis.
2805 1843 3279 1907 Quemadmodum

1704 1928 1850 1982 enim
1905 1945 2033 1983 aves
2092 1931 2197 1984 illa:
2249 1933 2434 1985 mundi
2470 1934 2714 1996 oculum,
2777 1949 2971 2003 nempe
3017 1937 3189 1989 solem
3225 1936 3280 1988 in

1706 2021 1846 2074 cado
1881 2021 2157 2077 lucentem
2190 2023 2416 2079 visionis
2447 2024 2765 2079 infirmitate
2794 2041 3019 2081 cernere
3052 2027 3279 2080 omnino

1706 2128 1816 2167 non
1847 2125 2098 2183 possunt,
2130 2124 2183 2168 et
2213 2116 2391 2169 lucem
2424 2132 2522 2185 pro
2553 2118 2786 2187 caligine
2820 2127 2871 2173 et
2912 2134 3011 2187 pro
3042 2119 3161 2171 luce
3193 2135 3282 2171 ca-

1708 2203 1934 2271 liginem
1959 2204 2193 2268 ducunt,
2234 2206 2311 2259 ita
2342 2206 2430 2260 ille
2456 2207 2644 2261 fractis
2676 2208 2846 2261 animi
2876 2209 3063 2263 nervis
3097 2218 3151 2261 et
3181 2209 3280 2262 dc-

1708 2293 1938 2348 bilitatis
1968 2310 2069 2363 per
2099 2295 2400 2350 inscientiae
2424 2298 2713 2367 caliginem
2741 2298 2999 2351 incedens
3025 2298 3091 2350 ad
3122 2312 3277 2351 suam

1707 2384 1996 2455 caliginem
2034 2385 2336 2455 Scriptura:
2393 2388 2564 2442 totius
2623 2389 2928 2443 claritatem
2969 2389 3169 2458 deripit
3224 2394 3283 2442 et

1707 2476 1964 2539 devertit,
1997 2492 2122 2530 cum
2153 2478 2378 2531 omnino
2413 2494 2521 2531 non
2559 2481 2806 2547 aspicere
2834 2480 3079 2533 veritatis
3101 2480 3279 2534 lucem
3328 2526 3387 2541 μ

1709 2583 1834 2621 cum
1880 2569 2165 2622 nocturnis
2212 2569 2387 2623 oculis
2416 2569 2579 2623 fallax
2628 2580 2828 2624 noctua
2863 2580 3061 2638 potest.
3117 2571 3287 2636 Equi-

1712 2659 1832 2713 dem
1865 2675 1995 2713 vero
2016 2675 2082 2714 ex
2112 2661 2392 2716 veteribus
2417 2662 2573 2715 libris
2598 2662 2718 2731 ejus
2746 2663 3047 2731 impietatis
3073 2678 3287 2718 memor

1709 2765 2018 2820 perpaucos
2072 2752 2127 2805 in
2163 2753 2624 2822 disceptationem
2682 2753 2964 2807 interdum
3006 2770 3283 2811 vocaram.

1712 2843 2204 2898 lconomacborum
2255 2847 2400 2897 enim
2446 2845 2609 2917 472
2668 2830 2908 2901 Ιιεετὲεἰη
2957 2845 3283 2915 jamdudum

1714 2937 1950 2990 imitanti
1984 2935 2050 2990 ad
2102 2935 2462 2991 offensionem
2528 2938 2615 2991 ille
2649 2937 2868 2991 occasio
2924 2940 3066 2990 facta
3093 2946 3195 3000 est,
3231 2946 3289 2993 et

1711 3028 1892 3082 statim
1925 3028 2255 3096 caliginosos
2284 3028 2461 3083 edidit
2489 3030 2662 3083 libros
2691 3029 2759 3083 de
2799 3030 2921 3084 luce
2967 3030 3285 3101 inscriptos.

1711 3116 2045 3173 Permultam
2074 3117 2233 3170 nobis
2257 3111 2312 3171 et
2336 3120 2672 3174 adversariis
2700 3121 3059 3190 scriptoribus
3092 3122 3289 3176 silvam

1716 3212 1989 3265 refutandi
2027 3211 2259 3281 praebuit
2314 3219 2366 3264 et
2426 3212 2533 3265 illis
2572 3213 2918 3280 temporibus
2973 3225 3029 3266 et
3079 3224 3290 3282 luti-p0—

1716 3316 1836 3354 rum
1870 3301 2131 3370 deinceps
2165 3300 2493 3363 intervallis,
2527 3300 2599 3354 ita
2630 3310 2689 3354 ut
2711 3317 2830 3371 qua:
2858 3302 3001 3369 apud
3034 3317 3130 3355 vos
3162 3318 3291 3355 nar-

56 3391 296 3462 ἇντικρυς
326 3391 642 3460 ὀφθαλμοὺς
666 3393 985 3462 κεκτημένη
1012 3392 1356 3455 κακότροπος
1384 3391 1606 3443 δύναται

1754 3392 1831 3444 avi
1855 3393 2052 3445 veteris
2079 3394 2223 3445 illius
2257 3393 2551 3460 impietatis
2580 3393 2739 3461 pauci
2769 3403 2978 3447 tantum
3009 3409 3297 3448 commcn-

56 3485 313 3554 νυκτερίς.
350 3484 493 3552 Ἐγὼ
537 3485 633 3554 μὲν
672 3483 767 3537 οὖν
797 3484 916 3539 πῶν
944 3484 1115 3538 πάλαι
1166 3483 1367 3553 βίϐλων
1391 3482 1492 3552 τῆς
1518 3482 1606 3534 αὐ·

1754 3483 1846 3534 arii
1875 3482 2006 3536 sint.
2030 3500 2050 3533 ι

55 3580 136 3634 τοῦ
161 3583 508 3652 μεμνημένος
557 3582 780 3649 κακίας,
829 3583 1007 3653 μικρά
1074 3583 1293 3651 μικροῖς
1353 3578 1637 3632 ἑδεδὼκειν
1700 3578 1947 3646 ἐλέγχοις
1996 3578 2205 3631 ἐνίοτεο
2259 3580 2322 3630 ὲκ
2377 3579 2577 3631 πολλοῦ
2628 3581 2736 3651 γὰρ
2794 3585 3004 3654 μιμητῇ
3050 3580 3295 3651 γεγονότι

56 3674 224 3744 τάνδρὶ
266 3676 368 3743 τῆς
405 3675 516 3727 τῶν
551 3674 943 3745 Εἱκονομάχων
1013 3674 1279 3745 αἱρέσεως
1347 3673 1495 3735 λίθος
1540 3673 1690 3744 αὐτῷ
1731 3674 2162 3745 προσκόμματος
2217 3675 2466 3742 ἐγεγόνει
2500 3675 2561 3729 τὺ
2610 3676 2727 3746 φῶς
2759 3679 2964 3730 ἐκεῖνοι
3010 3681 3101 3730 καί
3148 3678 3296 3754 pd}:

60 3766 147 3834 μὲν
186 3771 501 3833 σκοτεινοῐλς
520 3769 682 3828 εὐθὺς
706 3768 800 3822 καὶ
828 3766 990 3830 αὐτὸς
1015 3764 1347 3836 ὲξηρεὺξατο
1377 3764 1439 3836 [ί.
1461 3763 1635 3836 9.540]
1677 3765 1869 3832 λόγους
1908 3764 2037 3835 περὶ
2065 3764 2242 3834 φωτὸς
2297 3766 2630 3836 ἐπιγράψας,
2675 3769 2819 3836 μάλα
2851 3767 2893 3819 δ’
2933 3769 3060 3837 ἡμῖν
3093 3768 3296 3835 πολλὴν

56 3864 275 3935 παρέσχε
300 3868 402 3935 τὴν
428 3865 561 3936 ὓλην
584 3865 643 3931 ἐξ
671 3863 1001 3935 ἀντιρρόπου
1067 3862 1380 3933 γράφουσιν
1446 3862 1696 3931 ἐλέγχειν
1736 3861 1899 3915 αὑτὸν
1926 3860 2234 3930 τηνικαῦτά
2257 3878 2316 3914 τε
2359 3863 2450 3916 καὶ
2491 3864 2628 3917 κατά
2657 3863 3004 3931 διαστήματα
3032 3862 3296 3932 διηνεκῶς

56 3959 249 4013 ἐκεῖθεν
278 3960 536 4033 καιρικά,
560 3962 637 4024 ὡς
664 3956 803 4015 εἶναι
830 3963 925 4013 καὶ
954 3957 1130 4013 ταῦτα
1161 3959 1198 4013 ἃ
1219 3957 1315 4013 νῦν
1347 3959 1434 4027 ἔφ’
1495 3958 1651 4027 ὑμῶν
1694 3976 1786 4029 μοι
1814 3959 2071 4023 διεξιέναι
2134 3965 2534 4029 συμπέπτωκε,
2573 3961 2672 4027 τῆς
2703 3959 2871 4012 πάλαι
2896 3961 3097 4022 κακίας
3125 3958 3293 4012 αι)τεῦ

58 4058 215 4126 μικρά
237 4075 363 4111 τινα
394 4057 789 4128 ὑπομνήματα.

62 2402 140 2453 eo;
162 2385 252 2438 καὶ
279 2386 455 2439 πάντα
502 2386 683 2457 πάντη
708 2387 1031 2457 διεφθορὼς,
1069 2390 1162 2441 καὶ
1212 2405 1361 2461 παρα
1375 2390 1601 2460 τιλήσιον

60 2477 181 2546 δρῶν
209 2478 295 2529 καὶ
322 2476 485 2540 αὐτὸς
518 2480 631 2540 τοῖς
678 2496 737 2531 τε
782 2481 1132 2550 νυκτικόραξι
1181 2480 1276 2533 καὶ
1321 2483 1601 2553 νυκτερίσι

61 2569 137 2621 καὶ
160 2571 274 2629 ταῖς
326 2569 553 2636 γλαυξίν
576 2587 591 2600 ·
625 2571 700 2634 ὼς
731 2572 839 2641 γὰρ
865 2573 1029 2625 ταυτὶ
1063 2572 1132 2624 τὰ
1179 2571 1343 2642 ὄρνεα
1378 2571 1471 2625 τὸν
1503 2574 1601 2641 μὲν

57 2660 133 2712 τοῦ
161 2662 351 2724 παντὸς
375 2662 681 2733 ὀφθαλμὸν,
708 2663 798 2716 τὸν
822 2662 915 2715 τοῦ
943 2664 1196 2733 οὐρανίου
1229 2664 1436 2717 πέπλου
1459 2665 1602 2730 λέγω

58 2750 284 2821 λυχνίτην
304 2754 479 2823 ἣλιον,
506 2753 687 2823 δψεων
716 2756 907 2824 ἀτονία
934 2754 1155 2824 βλέπειν
1181 2756 1319 2817 ὅλως
1348 2756 1407 2808 οὐ
1436 2756 1601 2810 δυνά-

60 2855 176 2907 μενα
196 2842 256 2891 τὸ
295 2842 389 2909 μὲν
417 2842 536 2911 φῶς
569 2845 785 2911 ἡγεῖται
816 2846 1029 2905 σκότος,
1062 2843 1124 2896 τὸ
1150 2842 1205 2894 δὲ
1238 2844 1429 2906 σκότος
1459 2844 1597 2911 φῶς,

57 2929 177 2983 οὕτω
200 2931 328 3002 δῆτα
361 2935 455 2986 καὶ
505 2922 665 2997 αὑτός
693 2935 821 2996 τοὺς
857 2937 957 3004 τῆς
1005 2933 1245 2997 διανοίας
1275 2932 1461 2997 τόνους
1507 2950 1598 2986 κεο

57 3022 368 3093 κλασμένους
399 3026 538 3094 ἔχων
564 3027 658 3078 καὶ
707 3027 912 3095 σφόδρα
942 3028 1217 3096 ἀδρανεῖς,
1250 3029 1342 3079 καὶ
1368 3027 1453 3079 διὰ
1482 3028 1606 3080 σκό-

58 3132 164 3177 τους
190 3115 283 3168 ίὼν
311 3118 576 3187 ἀμαθίας,
610 3118 749 3189 συλᾷ
775 3121 867 3171 καὶ
903 3120 1221 3190 διαστρέφει
1262 3121 1401 3191 πρὸς
1435 3120 1498 3171 τὸ
1529 3121 1605 3170 οἶα

57 3210 184 3260 κεῖον
208 3208 396 3291 σκόεος
428 3210 648 3281 Γραφῆς
681 3212 901 3280 ἁπάσης
937 3212 1135 3281 αὐγὴν,
1177 3212 1301 3263 ἐπεὶ
1328 3212 1406 3281 μὴ
1459 3212 1606 3264 ἀντι·
1638 3260 1679 3314 C

59 3302 255 3356 σλέπειν
275 3303 411 3365 ὅλως
436 3306 517 3367 είς
547 3304 605 3357 τὸ
625 3304 722 3374 τῆς
748 3304 1010 3373 ἀληθείας
1046 3305 1160 3372 φῶς
1195 3304 1229 3373 ἡ
1254 3302 1608 3372 νυκτερινοὺς

112 4150 207 4205 ιΖ’.
249 4151 416 4204 Ἀλλά
455 4153 590 4220 φέρε
621 4156 716 4206 καὶ
775 4151 868 4206 νῦν
925 4151 1016 4205 τὸν
1070 4150 1388 4225 παρανομον
1440 4148 1617 4201 ἀνελί-

56 4241 229 4308 ξαντες
260 4245 477 4296 ἐκεῖνον
522 4243 710 4310 τόμον,
737 4243 839 4306 τὰς
872 4244 999 4305 νέας
1052 4243 1184 4311 ἡμῖν
1220 4239 1617 4308 παρανάγνωτε

54 4330 395 4401 βλασφημίας
447 4331 637 4394 αὑτοῦ,
672 4332 877 4393 ὁπόσας
929 4330 992 4400 δὴ
1028 4332 1125 4382 καὶ
1158 4328 1279 4390 οἵας
1331 4327 1433 4379 κάν
1479 4325 1618 4395 τῷδε

52 4426 290 4493 περὶτῆς
326 4423 423 4476 τοῦ
463 4423 671 4493 Κυρίου
713 4421 1082 4491 διεξεληλύθει
1110 4415 1617 4490 μεταμορφώσεως,

54 4514 131 4568 ἵνα
163 4517 257 4569 καὶ
294 4516 469 4587 ἄμφω
500 4515 837 4584 σαφέστερον
857 4513 1099 4583 γνῶμεν,
1129 4512 1252 4566 τίνα
1307 4510 1425 4563 ποτ’
1471 4507 1621 4576 αὑτῷ

1790 4140 1952 4198 XVll.
1990 4141 2096 4196 Sed
2135 4141 2366 4211 agedum
2409 4141 2627 4195 evolnto
2660 4142 2945 4211 illcgitimo
2991 4144 3290 4212 volumine,

1725 4252 1897 4290 n0vas
1923 4235 2084 4288 nobis
2116 4235 2235 4304 ejus
2268 4224 2641 4303 blaspliemias
2678 4234 2861 4303 legite,
2897 4249 3129 4305 quantas
3159 4255 3299 4307 qua-

1722 4330 1911 4398 lesque
1938 4329 2041 4381 hoc
2066 4343 2285 4397 quoque
2318 4327 2457 4380 libro
2479 4328 2545 4378 de
2573 4326 2785 4380 Domini
2818 4329 3299 4401 transfiguratione

1724 4417 2031 4488 protulerit,
2064 4417 2137 4469 ita
2172 4427 2230 4470 ut
2256 4424 2549 4486 utrumque
2584 4415 2715 4470 illud
2748 4419 3059 4473 accuratius
3093 4406 3304 4491 cogno-

1724 4525 1983 4565 scamus:
2025 4518 2080 4564 et
2107 4524 2270 4578 quam
2294 4509 2622 4579 qualemque
2656 4519 2788 4565 artas
2828 4526 2948 4580 quae
2987 4528 3178 4567 omnes
3211 4530 3301 4569 res

58 4612 136 4660 καὶ
162 4610 362 4662 ὁποίαν
394 4609 684 4679 εἴργασται
709 4605 810 4676 τὴν
841 4605 1132 4659 ἀλλοίωσιν
1162 4607 1192 4658 ό
1240 4604 1422 4657 πάντα
1449 4600 1606 4655 κινῶν

1754 4600 2084 4656 ransformat
2129 4610 2185 4655 et
2225 4609 2503 4670 permutat
2549 4601 2795 4657 effecerit
2848 4601 3211 4659 variationem
3243 4615 3299 4661 et

55 4702 139 4749 καὶ
170 4698 536 4766 μεταϐάλλων
566 4694 780 4766 χρόνος,
810 4695 907 4748 καὶ
952 4693 1202 4765 ὁποτέρῳ
1245 4693 1400 4762 μέρει
1441 4692 1621 4760 φέρων

53 4791 251 4844 ἐκεῖθεν
280 4792 649 4865 προσένειμεν
670 4781 825 4853 οὗτος
854 4789 1044 4856 αὐτὸν,
1074 4788 1226 4842 δυοῖν
1256 4805 1312 4840 τε
1334 4772 1509 4841 δντοιν
1537 4787 1623 4839 ἀεὶ

54 4886 141 4938 καὶ
167 4885 246 4956 τῷ
278 4884 385 4956 βίῳ
423 4883 664 4954 δημοσίᾳ
702 4881 1249 4952 ἐμπολιτευομένων,
1286 4878 1377 4932 τοῦ
1412 4894 1472 4930 τε
1518 4876 1627 4946 χεί-

55 4993 220 5045 ρονος,
248 4971 295 5041 ᾧ
349 4973 522 5028 πάλαι
578 4972 762 5042 φέρων
791 4969 960 5032 αὐτὸς
988 4969 1183 5023 ἑαυτὸν
1206 4964 1489 5035 ἐθελοντὴν
1523 4980 1627 5016 πα·

58 5063 272 5132 ρέσχετο
306 5059 638 5131 λατρευτὴν,
680 5059 777 5113 καὶ
810 5052 881 5111 αὖ
940 5055 1037 5110 τοῦ
1088 5054 1378 5125 βελτίονος,
1410 5046 1472 5105 οὗ
1523 5069 1628 5121 φυ-

51 5156 179 5219 γάδα
204 5156 305 5208 καὶ
332 5152 615 5224 δραπέτην
643 5150 843 5216 ἔδειξεν
862 5147 1145 5218 ἐθελοντὴν
1168 5146 1384 5199 ἐκεῖθεν
1404 5144 1626 5198 ἑαυτόν.

63 5248 219 5300 Ἀλλά
250 5245 551 5316 λεληθέναι
583 5260 675 5314 μοι
711 5243 862 5297 δοκεῖ
887 5242 980 5295 καὶ
1019 5242 1049 5294 ό
1077 5240 1267 5310 χρόνος
1311 5239 1470 5301 αὐτὸς
1499 5240 1629 5290 ἑαυ-

54 5343 155 5404 τὸν,
189 5341 291 5412 τὴν
321 5338 525 5394 ἑαυτοῦ
562 5336 769 5407 μᾶλλον
816 5334 978 5398 αὐτὸς
1014 5331 1352 5403 περιτρέψας
1393 5330 1630 5383 ἐνταῦθα

1727 4691 1836 4746 utri
1880 4694 2017 4760 parti
2061 4691 2151 4745 illa
2183 4707 2308 4746 eum
2345 4692 2630 4761 adjecerit.
2662 4692 2802 4748 Nam
2826 4710 2893 4749 ex
2924 4695 3138 4750 duabus
3173 4714 3298 4765 quae

1727 4786 1779 4837 in
1808 4783 2025 4852 publica
2053 4782 2159 4837 vita
2190 4793 2417 4853 regnant
2439 4784 2853 4841 conditionibus
2877 4787 3136 4842 deteriori
3167 4789 3300 4844 olim

1727 4884 1922 4945 sponte
1949 4891 2007 4930 se
2035 4876 2261 4930 dederat
2298 4878 2637 4941 ministrum,
2687 4878 2932 4933 melioris
2965 4881 3301 4950 transfugam

1728 4968 1989 5024 lubenter
2027 4983 2085 5023 se
2116 4969 2373 5038 praebuit.
2430 4968 2537 5023 Sed
2575 4970 2748 5023 oblita
2782 4961 2902 5024 sese
2929 4986 3051 5025 esse
3082 4972 3301 5026 videtur

1730 5068 1864 5113 artas
1898 5075 2023 5113 eum
2073 5061 2238 5114 citius
2283 5076 2435 5113 suam
2471 5060 2798 5128 perverterit
2834 5069 3109 5127 naturam,
3139 5080 3303 5132 quam

1732 5148 1967 5202 Palama:
1993 5149 2350 5218 impietatem.
2381 5149 2600 5203 Etenim
2633 5150 2831 5219 cuique
2865 5150 3072 5205 bomini
3133 5156 3305 5208 semel

1737 5239 1792 5292 in
1847 5239 2145 5308 impietatis
2182 5242 2501 5295 barathrum
2534 5244 2683 5311 lapso
2715 5241 2931 5298 dillicile
2981 5255 3066 5298 est
3101 5246 3304 5298 reverti

1734 5328 1801 5382 ad
1844 5330 2128 5383 meliorem
2183 5340 2410 5384 statum.
2462 5328 2775 5399 Optandum
2827 5343 2948 5386 erat
2994 5333 3039 5386 si
3101 5336 3181 5386 vel
3238 5336 3305 5387 ad

1736 5420 1905 5477 breve
1945 5430 2161 5490 tempus
2190 5438 2259 5476 ex
2293 5423 2475 5492 pejore
2510 5423 2880 5477 rrsurrexerit
2910 5425 3308 5493 qualiscunque

1736 5516 1805 5568 ab
1838 5514 1997 5568 initio
2028 5530 2157 5583 spes
2182 5523 2320 5577 erat,
2347 5512 2567 5566 tandem
2601 5513 2764 5584 473
2804 5514 2861 5569 in
2916 5525 3118 5567 statum
3156 5517 3302 5571 inter

1739 5605 2022 5659 meliorem
2067 5616 2120 5659 et
2148 5605 2391 5675 peiorem
2425 5607 2687 5674 positum,
2744 5607 2826 5660 vel
2856 5607 3044 5676 parvis
3084 5619 3139 5662 et
3181 5626 3315 5665 con-

1742 5698 1912 5754 tinuis
1944 5698 2187 5751 motibus
2234 5696 2419 5756 factis.
2463 5697 2581 5752 fore
2634 5697 2894 5753 reditum.
2951 5699 3141 5770 Neque
3164 5704 3311 5757 enim

1742 5788 1977 5842 arduum
2001 5801 2124 5841 cum
2160 5788 2432 5857 profundo
2465 5804 2566 5842 nec
2602 5804 2724 5842 cum
2757 5789 2912 5859 nigro
2936 5790 3120 5844 album
3153 5791 3315 5848 facile

1744 5859 2065 5951 conspirant
2124 5880 2176 5934 in
2231 5897 2421 5948 unum,
2473 5881 2791 5952 priusquam
2855 5881 3101 5937 medium
3151 5893 3315 5939 nacta

58 5434 207 5501 φύσιν
237 5433 273 5503 ἢ
305 5432 412 5501 τὴν
437 5429 533 5483 τοῦ
565 5429 803 5497 Παλαμᾶ
846 5425 1068 5481 κακίαν.
1099 5424 1190 5494 Τῷ
1220 5425 1331 5494 γὰρ
1377 5420 1634 5486 καθάπαξ

59 5527 129 5586 είς
161 5525 335 5592 βάθος
396 5519 787 5592 έμπεπτωκότι
847 5516 1034 5571 κακῶν
1080 5515 1433 5585 παγχάλεπον
1489 5508 1632 5567 εἶναι

60 5618 246 5686 ῥαδίως
275 5615 676 5685 παλινδρομεῖν
703 5613 761 5675 ὲς
793 5611 853 5665 τὸ
906 5611 1046 5663 πάνυ
1077 5627 1129 5662 τι
1166 5607 1396 5677 βέλτιον,
1440 5607 1635 5660 εὐκτὸν

58 5708 97 5759 δ’
146 5708 212 5760 ἂν
268 5703 344 5777 ἦν
404 5707 451 5758 εἰ
504 5705 599 5758 καὶ
629 5703 891 5774 βραχεῖαν
945 5700 1044 5772 τὴν
1072 5701 1136 5755 ὲκ
1168 5699 1264 5752 τοῦ
1293 5699 1540 5770 χείρονος
1583 5701 1636 5750 έ-

60 5804 259 5854 ποιεῖτο
282 5799 572 5866 ἀνάδυσιν,
606 5796 803 5852 ὁπόθεν
830 5794 949 5850 ἐστὶ
976 5794 1067 5847 καὶ
1109 5791 1311 5861 ὁτῳοῦν
1348 5791 1637 5861 ἀρχομένῳ

62 5893 205 5957 ἐλπὶς
238 5892 347 5964 ὀψὲ
397 5890 527 5960 γοῦν
554 5892 611 5955 ις
663 5888 756 5943 τδν
805 5884 1008 5958 μεταξὺ
1054 5886 1149 5939 τοῦ
1184 5882 1421 5955 χείρονός
1452 5899 1510 5935 τε
1545 5882 1640 5935 καὶ
