  <div class='ocr_page' id='page_1' title='image "/cluster/home/n/w/nwhite01/storage/ocr_20150623/149/hvd.32044019208370/218.png"; bbox 0 0 3840 6564; ppageno 0'>
   <div class='ocr_carea' id='block_1_1' title="bbox 162 462 1679 548">
    <p class='ocr_par' dir='ltr' id='par_1_1' title="bbox 162 469 1679 548">
     <span class='ocr_line' id='line_1_1' title="bbox 162 469 1679 548; baseline -0.013 -3"><span class='ocrx_word' id='word_1_1' title='bbox 162 482 217 548; x_wconf 78' lang='grc'><strong>21</strong></span> <span class='ocrx_word' id='word_1_2' title='bbox 1050 470 1495 534; x_wconf 80' lang='lat' dir='ltr'><strong>BYZANTlN/E</strong></span> <span class='ocrx_word' id='word_1_3' title='bbox 1532 469 1679 530; x_wconf 74' lang='lat' dir='ltr'><strong>IllS&#39;.</strong></span> 
     </span>
    </p>
   </div>
   <div class='ocr_carea' id='block_1_2' title="bbox 1783 462 2380 548">
    <p class='ocr_par' dir='ltr' id='par_1_2' title="bbox 1783 462 2380 526">
     <span class='ocr_line' id='line_1_2' title="bbox 1783 462 2380 526; baseline -0.01 0"><span class='ocrx_word' id='word_1_4' title='bbox 1783 462 1921 526; x_wconf 70' lang='lat' dir='ltr'><strong>Rl/E</strong></span> <span class='ocrx_word' id='word_1_5' title='bbox 1954 462 2096 525; x_wconf 87' lang='lat' dir='ltr'><strong>LIB.</strong></span> <span class='ocrx_word' id='word_1_6' title='bbox 2148 462 2380 522; x_wconf 80' lang='lat' dir='ltr'><strong>XXXV.</strong></span> 
     </span>
    </p>
   </div>
   <div class='ocr_carea' id='block_1_3' title="bbox 190 585 1743 663">
    <p class='ocr_par' dir='ltr' id='par_1_3' title="bbox 190 585 1743 663">
     <span class='ocr_line' id='line_1_3' title="bbox 190 585 1743 663; baseline -0.009 -13"><span class='ocrx_word' id='word_1_7' title='bbox 190 598 256 652; x_wconf 70' lang='grc' dir='ltr'><strong>Β.</strong></span> <span class='ocrx_word' id='word_1_8' title='bbox 293 592 428 663; x_wconf 79' lang='grc' dir='ltr'>Πρὸς</span> <span class='ocrx_word' id='word_1_9' title='bbox 454 590 623 644; x_wconf 78' lang='grc' dir='ltr'>ταῦτα</span> <span class='ocrx_word' id='word_1_10' title='bbox 673 591 703 641; x_wconf 84' lang='grc' dir='ltr'><strong>ὁ</strong></span> <span class='ocrx_word' id='word_1_11' title='bbox 738 590 775 642; x_wconf 83' lang='grc' dir='ltr'><strong><em>Γ</em></strong></span> <span class='ocrx_word' id='word_1_12' title='bbox 782 591 1023 661; x_wconf 77' lang='grc' dir='ltr'>ρηγορᾶς</span> <span class='ocrx_word' id='word_1_13' title='bbox 1076 591 1437 660; x_wconf 79' lang='grc' dir='ltr'>ἀποκρίνεται</span> <span class='ocrx_word' id='word_1_14' title='bbox 1470 585 1669 640; x_wconf 85' lang='grc' dir='ltr'>οὑτωσί</span> <span class='ocrx_word' id='word_1_15' title='bbox 1699 589 1743 644; x_wconf 79' lang='grc' dir='ltr'>Α</span> 
     </span>
    </p>
   </div>
   <div class='ocr_carea' id='block_1_4' title="bbox 129 679 1667 751">
    <p class='ocr_par' dir='ltr' id='par_1_4' title="bbox 129 679 1667 751">
     <span class='ocr_line' id='line_1_4' title="bbox 129 679 1667 751; baseline -0.01 -7"><span class='ocrx_word' id='word_1_16' title='bbox 129 706 229 750; x_wconf 78' lang='grc' dir='ltr'><strong>πως</strong></span> <span class='ocrx_word' id='word_1_17' title='bbox 243 685 426 740; x_wconf 74' lang='grc' dir='ltr'>είπώνο</span> <span class='ocrx_word' id='word_1_18' title='bbox 457 682 584 736; x_wconf 76' lang='grc' dir='ltr'>Ἰδοὺ</span> <span class='ocrx_word' id='word_1_19' title='bbox 602 683 699 735; x_wconf 78' lang='grc' dir='ltr'><strong>καὶ</strong></span> <span class='ocrx_word' id='word_1_20' title='bbox 714 682 808 734; x_wconf 80' lang='grc' dir='ltr'><strong>νῦν</strong></span> <span class='ocrx_word' id='word_1_21' title='bbox 829 684 855 734; x_wconf 82' lang='grc' dir='ltr'>ὁ</span> <span class='ocrx_word' id='word_1_22' title='bbox 871 682 1156 749; x_wconf 81' lang='grc' dir='ltr'>ίιαλαμᾶς,</span> <span class='ocrx_word' id='word_1_23' title='bbox 1172 681 1246 744; x_wconf 81' lang='grc' dir='ltr'><strong>ὡς</strong></span> <span class='ocrx_word' id='word_1_24' title='bbox 1263 682 1450 751; x_wconf 73' lang='grc' dir='ltr'>ὁρᾶτε,</span> <span class='ocrx_word' id='word_1_25' title='bbox 1469 679 1667 732; x_wconf 76' lang='grc' dir='ltr'>θέωσιν</span> 
     </span>
    </p>
   </div>
   <div class='ocr_carea' id='block_1_5' title="bbox 130 770 1670 845">
    <p class='ocr_par' dir='ltr' id='par_1_5' title="bbox 130 770 1670 845">
     <span class='ocr_line' id='line_1_5' title="bbox 130 770 1670 845; baseline -0.01 -9"><span class='ocrx_word' id='word_1_26' title='bbox 130 787 209 836; x_wconf 78' lang='grc' dir='ltr'>καὶ</span> <span class='ocrx_word' id='word_1_27' title='bbox 240 778 462 845; x_wconf 82' lang='grc' dir='ltr'>θεότητα</span> <span class='ocrx_word' id='word_1_28' title='bbox 498 774 868 843; x_wconf 71' lang='grc' dir='ltr'>συμπεραίνει</span> <span class='ocrx_word' id='word_1_29' title='bbox 900 773 1134 826; x_wconf 78' lang='grc' dir='ltr'>ἐνταῦθα</span> <span class='ocrx_word' id='word_1_30' title='bbox 1185 775 1247 825; x_wconf 84' lang='grc' dir='ltr'>τὸ</span> <span class='ocrx_word' id='word_1_31' title='bbox 1282 772 1398 837; x_wconf 84' lang='grc' dir='ltr'>φῶς</span> <span class='ocrx_word' id='word_1_32' title='bbox 1435 770 1531 838; x_wconf 79' lang='grc' dir='ltr'><strong>τῆς</strong></span> <span class='ocrx_word' id='word_1_33' title='bbox 1568 785 1670 838; x_wconf 62' lang='grc' dir='ltr'>μευ</span> 
     </span>
    </p>
   </div>
   <div class='ocr_carea' id='block_1_6' title="bbox 126 862 1671 942">
    <p class='ocr_par' dir='ltr' id='par_1_6' title="bbox 126 862 1671 942">
     <span class='ocr_line' id='line_1_6' title="bbox 126 862 1671 942; baseline -0.01 -15"><span class='ocrx_word' id='word_1_34' title='bbox 126 869 521 942; x_wconf 75' lang='grc' dir='ltr'>ταμορφώσεως,</span> <span class='ocrx_word' id='word_1_35' title='bbox 583 868 678 920; x_wconf 77' lang='grc' dir='ltr'><strong>καὶ</strong></span> <span class='ocrx_word' id='word_1_36' title='bbox 737 866 882 918; x_wconf 83' lang='grc' dir='ltr'>δυοῖν</span> <span class='ocrx_word' id='word_1_37' title='bbox 931 864 1187 935; x_wconf 77' lang='grc' dir='ltr'>θάτερον,</span> <span class='ocrx_word' id='word_1_38' title='bbox 1237 864 1270 933; x_wconf 83' lang='grc' dir='ltr'>ἢ</span> <span class='ocrx_word' id='word_1_39' title='bbox 1311 862 1671 932; x_wconf 80' lang='grc' dir='ltr'>μετουσίωσιν</span> 
     </span>
    </p>
   </div>
   <div class='ocr_carea' id='block_1_7' title="bbox 128 955 1675 1036">
    <p class='ocr_par' dir='ltr' id='par_1_7' title="bbox 128 955 1675 1036">
     <span class='ocr_line' id='line_1_7' title="bbox 128 955 1675 1036; baseline -0.01 -16"><span class='ocrx_word' id='word_1_40' title='bbox 128 967 211 1036; x_wconf 80' lang='grc' dir='ltr'>τῆς</span> <span class='ocrx_word' id='word_1_41' title='bbox 237 964 319 1016; x_wconf 81' lang='grc' dir='ltr'><strong>τοῦ</strong></span> <span class='ocrx_word' id='word_1_42' title='bbox 349 963 524 1028; x_wconf 78' lang='grc' dir='ltr'>Λόγου</span> <span class='ocrx_word' id='word_1_43' title='bbox 565 959 826 1029; x_wconf 78' lang='grc' dir='ltr'><strong>θεότητος</strong></span> <span class='ocrx_word' id='word_1_44' title='bbox 859 960 951 1012; x_wconf 73' lang='grc' dir='ltr'><strong>καὶ</strong></span> <span class='ocrx_word' id='word_1_45' title='bbox 986 957 1297 1028; x_wconf 80' lang='grc' dir='ltr'>μεταϐολὴν</span> <span class='ocrx_word' id='word_1_46' title='bbox 1349 956 1487 1024; x_wconf 83' lang='grc' dir='ltr'>πρὸς</span> <span class='ocrx_word' id='word_1_47' title='bbox 1516 955 1675 1021; x_wconf 59' lang='grc' dir='ltr'>ὑφει-</span> 
     </span>
    </p>
   </div>
   <div class='ocr_carea' id='block_1_8' title="bbox 128 1044 1668 1124">
    <p class='ocr_par' dir='ltr' id='par_1_8' title="bbox 128 1044 1668 1124">
     <span class='ocr_line' id='line_1_8' title="bbox 128 1044 1668 1124; baseline -0.008 -16"><span class='ocrx_word' id='word_1_48' title='bbox 128 1057 267 1124; x_wconf 83' lang='grc' dir='ltr'>μένον</span> <span class='ocrx_word' id='word_1_49' title='bbox 291 1054 381 1106; x_wconf 65' lang='grc' dir='ltr'>καὶ</span> <span class='ocrx_word' id='word_1_50' title='bbox 410 1049 787 1104; x_wconf 79' lang='grc' dir='ltr'>ἀνυπόστατον</span> <span class='ocrx_word' id='word_1_51' title='bbox 813 1047 950 1116; x_wconf 81' lang='grc' dir='ltr'>φῶς,</span> <span class='ocrx_word' id='word_1_52' title='bbox 979 1046 1012 1117; x_wconf 78' lang='grc' dir='ltr'>ἢ</span> <span class='ocrx_word' id='word_1_53' title='bbox 1041 1046 1143 1115; x_wconf 80' lang='grc' dir='ltr'>τῆς</span> <span class='ocrx_word' id='word_1_54' title='bbox 1180 1045 1273 1099; x_wconf 79' lang='grc' dir='ltr'><strong>τοῦ</strong></span> <span class='ocrx_word' id='word_1_55' title='bbox 1300 1044 1491 1099; x_wconf 86' lang='grc' dir='ltr'>δούλου</span> <span class='ocrx_word' id='word_1_56' title='bbox 1535 1060 1668 1112; x_wconf 66' lang='grc' dir='ltr'>μορε</span> 
     </span>
    </p>
   </div>
   <div class='ocr_carea' id='block_1_9' title="bbox 126 1136 1667 1217">
    <p class='ocr_par' dir='ltr' id='par_1_9' title="bbox 126 1136 1667 1217">
     <span class='ocr_line' id='line_1_9' title="bbox 126 1136 1667 1217; baseline -0.007 -19"><span class='ocrx_word' id='word_1_57' title='bbox 126 1148 215 1217; x_wconf 72' lang='grc' dir='ltr'><strong>φῆς</strong></span> <span class='ocrx_word' id='word_1_58' title='bbox 254 1142 557 1205; x_wconf 80' lang='grc' dir='ltr'>ἀλλοίωσιν,</span> <span class='ocrx_word' id='word_1_59' title='bbox 591 1141 666 1203; x_wconf 84' lang='grc' dir='ltr'><strong>ὡς</strong></span> <span class='ocrx_word' id='word_1_60' title='bbox 712 1141 1063 1210; x_wconf 78' lang='grc' dir='ltr'><strong>εἰρήκειμεν,</strong></span> <span class='ocrx_word' id='word_1_61' title='bbox 1123 1139 1201 1200; x_wconf 81' lang='grc' dir='ltr'><strong>είς</strong></span> <span class='ocrx_word' id='word_1_62' title='bbox 1248 1138 1504 1191; x_wconf 81' lang='grc' dir='ltr'>ἄκτιστον</span> <span class='ocrx_word' id='word_1_63' title='bbox 1550 1136 1667 1202; x_wconf 62' lang='grc' dir='ltr'><strong>φῶς</strong></span> 
     </span>
    </p>
   </div>
   <div class='ocr_carea' id='block_1_10' title="bbox 126 1227 1670 1302">
    <p class='ocr_par' dir='ltr' id='par_1_10' title="bbox 126 1227 1670 1302">
     <span class='ocr_line' id='line_1_10' title="bbox 126 1227 1670 1302; baseline -0.006 -12"><span class='ocrx_word' id='word_1_64' title='bbox 126 1239 202 1290; x_wconf 69' lang='grc' dir='ltr'><strong>καὶ</strong></span> <span class='ocrx_word' id='word_1_65' title='bbox 228 1234 482 1302; x_wconf 65' lang='grc' dir='ltr'>δευτέραν</span> <span class='ocrx_word' id='word_1_66' title='bbox 508 1232 609 1301; x_wconf 77' lang='grc' dir='ltr'>τῆς</span> <span class='ocrx_word' id='word_1_67' title='bbox 637 1232 867 1301; x_wconf 78' lang='grc' dir='ltr'><strong>πρώτης</strong></span> <span class='ocrx_word' id='word_1_68' title='bbox 893 1230 1146 1284; x_wconf 84' lang='grc' dir='ltr'>ἁνούσιον</span> <span class='ocrx_word' id='word_1_69' title='bbox 1179 1229 1431 1297; x_wconf 84' lang='grc' dir='ltr'>θεότητα.</span> <span class='ocrx_word' id='word_1_70' title='bbox 1467 1227 1612 1280; x_wconf 75' lang='grc' dir='ltr'>Ἀλλ’</span> <span class='ocrx_word' id='word_1_71' title='bbox 1641 1228 1670 1280; x_wconf 85' lang='grc' dir='ltr'>ὁ</span> 
     </span>
    </p>
   </div>
   <div class='ocr_carea' id='block_1_11' title="bbox 127 1321 1671 1399">
    <p class='ocr_par' dir='ltr' id='par_1_11' title="bbox 127 1321 1671 1399">
     <span class='ocr_line' id='line_1_11' title="bbox 127 1321 1671 1399; baseline -0.005 -18"><span class='ocrx_word' id='word_1_72' title='bbox 127 1330 208 1399; x_wconf 78' lang='grc' dir='ltr'>μὲν</span> <span class='ocrx_word' id='word_1_73' title='bbox 231 1328 349 1395; x_wconf 76' lang='grc' dir='ltr'>περὶ</span> <span class='ocrx_word' id='word_1_74' title='bbox 383 1323 590 1378; x_wconf 72' lang='grc' dir='ltr'>’τούτου</span> <span class='ocrx_word' id='word_1_75' title='bbox 622 1324 782 1392; x_wconf 82' lang='grc' dir='ltr'>λόγος</span> <span class='ocrx_word' id='word_1_76' title='bbox 829 1323 1007 1394; x_wconf 86' lang='grc' dir='ltr'>βραχύ</span> <span class='ocrx_word' id='word_1_77' title='bbox 1047 1341 1099 1375; x_wconf 90' lang='grc' dir='ltr'><strong>τι</strong></span> <span class='ocrx_word' id='word_1_78' title='bbox 1148 1321 1541 1391; x_wconf 74' lang='grc' dir='ltr'>ἀναϐεϐλήσθω</span> <span class='ocrx_word' id='word_1_79' title='bbox 1581 1338 1671 1389; x_wconf 90' lang='grc' dir='ltr'><strong>μοι</strong></span> 
     </span>
    </p>
   </div>
   <div class='ocr_carea' id='block_1_12' title="bbox 123 1414 1674 1486">
    <p class='ocr_par' dir='ltr' id='par_1_12' title="bbox 123 1414 1674 1486">
     <span class='ocr_line' id='line_1_12' title="bbox 123 1414 1674 1486; baseline -0.006 -12"><span class='ocrx_word' id='word_1_80' title='bbox 123 1422 272 1482; x_wconf 77' lang='grc' dir='ltr'>τέωςο</span> <span class='ocrx_word' id='word_1_81' title='bbox 307 1420 487 1471; x_wconf 75' lang='grc' dir='ltr'>ἐκεῖνο</span> <span class='ocrx_word' id='word_1_82' title='bbox 530 1418 589 1470; x_wconf 84' lang='grc' dir='ltr'><strong>δέ</strong></span> <span class='ocrx_word' id='word_1_83' title='bbox 636 1434 730 1486; x_wconf 88' lang='grc' dir='ltr'><strong>μοι</strong></span> <span class='ocrx_word' id='word_1_84' title='bbox 785 1415 1097 1485; x_wconf 74' lang='grc' dir='ltr'><strong>θαυμάζειν</strong></span> <span class='ocrx_word' id='word_1_85' title='bbox 1123 1415 1325 1474; x_wconf 78' lang='grc' dir='ltr'>ἔπεισι.</span> <span class='ocrx_word' id='word_1_86' title='bbox 1369 1414 1484 1477; x_wconf 70' lang='grc' dir='ltr'><strong>πῶς</strong></span> <span class='ocrx_word' id='word_1_87' title='bbox 1510 1415 1674 1480; x_wconf 69' lang='grc' dir='ltr'>ἕτερα</span> 
     </span>
    </p>
   </div>
   <div class='ocr_carea' id='block_1_13' title="bbox 125 1496 1674 1581">
    <p class='ocr_par' dir='ltr' id='par_1_13' title="bbox 125 1496 1674 1581">
     <span class='ocr_line' id='line_1_13' title="bbox 125 1496 1674 1581; baseline -0.005 -18"><span class='ocrx_word' id='word_1_88' title='bbox 125 1513 204 1581; x_wconf 80' lang='grc' dir='ltr'><strong>μὲν</strong></span> <span class='ocrx_word' id='word_1_89' title='bbox 225 1511 275 1561; x_wconf 75' lang='grc' dir='ltr'>ὲν</span> <span class='ocrx_word' id='word_1_90' title='bbox 301 1510 419 1571; x_wconf 85' lang='grc' dir='ltr'>ταῖς</span> <span class='ocrx_word' id='word_1_91' title='bbox 443 1507 552 1560; x_wconf 88' lang='grc' dir='ltr'><strong>τῶν</strong></span> <span class='ocrx_word' id='word_1_92' title='bbox 591 1506 685 1560; x_wconf 84' lang='grc' dir='ltr'>τοῦ</span> <span class='ocrx_word' id='word_1_93' title='bbox 713 1507 882 1576; x_wconf 84' lang='grc' dir='ltr'>τόμον</span> <span class='ocrx_word' id='word_1_94' title='bbox 909 1496 1225 1574; x_wconf 75' lang='grc' dir='ltr'>κεφαλαίων</span> <span class='ocrx_word' id='word_1_95' title='bbox 1257 1505 1451 1574; x_wconf 80' lang='grc' dir='ltr'>ἀρχαῖς</span> <span class='ocrx_word' id='word_1_96' title='bbox 1498 1506 1674 1571; x_wconf 81' lang='grc' dir='ltr'>ἐπαγ-</span> 
     </span>
    </p>
   </div>
   <div class='ocr_carea' id='block_1_14' title="bbox 121 1590 1672 1668">
    <p class='ocr_par' dir='ltr' id='par_1_14' title="bbox 121 1590 1672 1668">
     <span class='ocr_line' id='line_1_14' title="bbox 121 1590 1672 1668; baseline -0.001 -16"><span class='ocrx_word' id='word_1_97' title='bbox 121 1601 358 1666; x_wconf 78' lang='grc' dir='ltr'>γέλλεται,</span> <span class='ocrx_word' id='word_1_98' title='bbox 385 1598 554 1668; x_wconf 78' lang='grc' dir='ltr'>ἕτερα</span> <span class='ocrx_word' id='word_1_99' title='bbox 598 1596 648 1651; x_wconf 84' lang='grc' dir='ltr'>δ’</span> <span class='ocrx_word' id='word_1_100' title='bbox 695 1597 1077 1653; x_wconf 79' lang='grc' dir='ltr'><strong>ἀποδεικνύειν</strong></span> <span class='ocrx_word' id='word_1_101' title='bbox 1127 1598 1432 1664; x_wconf 77' lang='grc' dir='ltr'><strong>ἐπείγεται,</strong></span> <span class='ocrx_word' id='word_1_102' title='bbox 1478 1597 1575 1649; x_wconf 80' lang='grc' dir='ltr'><strong>καὶ</strong></span> <span class='ocrx_word' id='word_1_103' title='bbox 1604 1590 1672 1650; x_wconf 77' lang='grc' dir='ltr'>αὖ</span> 
     </span>
    </p>
   </div>
   <div class='ocr_carea' id='block_1_15' title="bbox 123 1687 1676 1759">
    <p class='ocr_par' dir='ltr' id='par_1_15' title="bbox 123 1687 1676 1759">
     <span class='ocr_line' id='line_1_15' title="bbox 123 1687 1676 1759; baseline -0.002 -16"><span class='ocrx_word' id='word_1_104' title='bbox 123 1691 282 1759; x_wconf 78' lang='grc' dir='ltr'>ἑτέραν</span> <span class='ocrx_word' id='word_1_105' title='bbox 303 1688 413 1758; x_wconf 62' lang='grc' dir='ltr'>ἔχει</span> <span class='ocrx_word' id='word_1_106' title='bbox 443 1688 692 1741; x_wconf 82' lang='grc' dir='ltr'>διάνοιαν</span> <span class='ocrx_word' id='word_1_107' title='bbox 713 1687 749 1741; x_wconf 76' lang='grc' dir='ltr'><strong>ἃ.</strong></span> <span class='ocrx_word' id='word_1_108' title='bbox 783 1688 1111 1759; x_wconf 69' lang='grc' dir='ltr'>προκομίζει</span> <span class='ocrx_word' id='word_1_109' title='bbox 1145 1688 1281 1758; x_wconf 67' lang='grc' dir='ltr'>πρὸς</span> <span class='ocrx_word' id='word_1_110' title='bbox 1312 1687 1509 1741; x_wconf 80' lang='grc' dir='ltr'>ἑαυτοῦ</span> <span class='ocrx_word' id='word_1_111' title='bbox 1539 1706 1676 1757; x_wconf 86' lang='grc' dir='ltr'>συμ-</span> 
     </span>
    </p>
   </div>
   <div class='ocr_carea' id='block_1_16' title="bbox 124 1778 1675 1852">
    <p class='ocr_par' dir='ltr' id='par_1_16' title="bbox 124 1778 1675 1852">
     <span class='ocr_line' id='line_1_16' title="bbox 124 1778 1675 1852; baseline -0.001 -19"><span class='ocrx_word' id='word_1_112' title='bbox 124 1782 298 1852; x_wconf 78' lang='grc' dir='ltr'>μαχίαν</span> <span class='ocrx_word' id='word_1_113' title='bbox 322 1781 463 1851; x_wconf 76' lang='grc' dir='ltr'><strong>ρητά</strong></span> <span class='ocrx_word' id='word_1_114' title='bbox 490 1797 503 1811; x_wconf 91' lang='grc'><strong>·</strong></span> <span class='ocrx_word' id='word_1_115' title='bbox 560 1779 636 1844; x_wconf 85' lang='grc' dir='ltr'>ὡς</span> <span class='ocrx_word' id='word_1_116' title='bbox 672 1779 920 1849; x_wconf 81' lang='grc' dir='ltr'>γίνεσθαι</span> <span class='ocrx_word' id='word_1_117' title='bbox 948 1779 1183 1852; x_wconf 77' lang='grc' dir='ltr'><strong>τριπλῆν</strong></span> <span class='ocrx_word' id='word_1_118' title='bbox 1219 1779 1316 1834; x_wconf 76' lang='grc' dir='ltr'>καὶ</span> <span class='ocrx_word' id='word_1_119' title='bbox 1356 1778 1675 1849; x_wconf 78' lang='grc' dir='ltr'>πολλαπλῆν</span> 
     </span>
    </p>
   </div>
   <div class='ocr_carea' id='block_1_17' title="bbox 121 1870 1674 1945">
    <p class='ocr_par' dir='ltr' id='par_1_17' title="bbox 121 1870 1674 1945">
     <span class='ocr_line' id='line_1_17' title="bbox 121 1870 1674 1945; baseline -0.001 -19"><span class='ocrx_word' id='word_1_120' title='bbox 121 1876 200 1945; x_wconf 76' lang='grc' dir='ltr'><strong>τήν</strong></span> <span class='ocrx_word' id='word_1_121' title='bbox 223 1876 379 1944; x_wconf 77' lang='grc' dir='ltr'>ζάλην</span> <span class='ocrx_word' id='word_1_122' title='bbox 423 1870 509 1937; x_wconf 75' lang='grc' dir='ltr'>οἷς</span> <span class='ocrx_word' id='word_1_123' title='bbox 550 1874 686 1943; x_wconf 73' lang='grc' dir='ltr'>πρὸς</span> <span class='ocrx_word' id='word_1_124' title='bbox 720 1873 1034 1942; x_wconf 77' lang='grc' dir='ltr'><strong>βουλήσεως</strong></span> <span class='ocrx_word' id='word_1_125' title='bbox 1088 1873 1174 1943; x_wconf 75' lang='grc' dir='ltr'><strong>εἴη</strong></span> <span class='ocrx_word' id='word_1_126' title='bbox 1230 1873 1527 1944; x_wconf 74' lang='grc' dir='ltr'>προσέχειν</span> <span class='ocrx_word' id='word_1_127' title='bbox 1584 1872 1674 1924; x_wconf 86' lang='grc' dir='ltr'>τὸν</span> 
     </span>
    </p>
   </div>
   <div class='ocr_carea' id='block_1_18' title="bbox 125 1961 1668 2033">
    <p class='ocr_par' dir='ltr' id='par_1_18' title="bbox 125 1961 1668 2033">
     <span class='ocr_line' id='line_1_18' title="bbox 125 1961 1668 2033; baseline -0.001 -16"><span class='ocrx_word' id='word_1_128' title='bbox 125 1965 245 2027; x_wconf 79' lang='grc' dir='ltr'>νοῦν,</span> <span class='ocrx_word' id='word_1_129' title='bbox 270 1964 360 2017; x_wconf 80' lang='grc' dir='ltr'>καὶ</span> <span class='ocrx_word' id='word_1_130' title='bbox 398 1964 520 2033; x_wconf 77' lang='grc' dir='ltr'><strong>ἅμα</strong></span> <span class='ocrx_word' id='word_1_131' title='bbox 546 1963 772 2017; x_wconf 78' lang='grc' dir='ltr'>διπλοῦν</span> <span class='ocrx_word' id='word_1_132' title='bbox 798 1963 895 2017; x_wconf 70' lang='grc' dir='ltr'><strong>καὶ</strong></span> <span class='ocrx_word' id='word_1_133' title='bbox 925 1961 1269 2016; x_wconf 75' lang='grc' dir='ltr'>πολλαπλοΰν</span> <span class='ocrx_word' id='word_1_134' title='bbox 1296 1963 1393 2031; x_wconf 74' lang='grc' dir='ltr'>τῆς</span> <span class='ocrx_word' id='word_1_135' title='bbox 1428 1963 1668 2031; x_wconf 80' lang='grc' dir='ltr'>ἀμαθίας</span> 
     </span>
    </p>
   </div>
   <div class='ocr_carea' id='block_1_19' title="bbox 124 2052 1671 2126">
    <p class='ocr_par' dir='ltr' id='par_1_19' title="bbox 124 2052 1671 2126">
     <span class='ocr_line' id='line_1_19' title="bbox 124 2052 1671 2126; baseline -0.001 -18"><span class='ocrx_word' id='word_1_136' title='bbox 124 2053 263 2108; x_wconf 76' lang='grc' dir='ltr'>αὑτοῦ</span> <span class='ocrx_word' id='word_1_137' title='bbox 286 2055 375 2106; x_wconf 71' lang='grc' dir='ltr'><strong>καὶ</strong></span> <span class='ocrx_word' id='word_1_138' title='bbox 390 2056 768 2120; x_wconf 74' lang='grc' dir='ltr'>κακοτροπίας</span> <span class='ocrx_word' id='word_1_139' title='bbox 796 2058 886 2107; x_wconf 71' lang='grc' dir='ltr'>τὸν</span> <span class='ocrx_word' id='word_1_140' title='bbox 914 2053 1134 2123; x_wconf 72' lang='grc' dir='ltr'>ἔλεγχον</span> <span class='ocrx_word' id='word_1_141' title='bbox 1154 2071 1166 2083; x_wconf 74' lang='grc' dir='ltr'><strong><em>ο</em></strong></span> <span class='ocrx_word' id='word_1_142' title='bbox 1189 2052 1333 2107; x_wconf 77' lang='grc' dir='ltr'>ἔοικε</span> <span class='ocrx_word' id='word_1_143' title='bbox 1356 2056 1461 2121; x_wconf 84' lang='grc' dir='ltr'>γὰρ</span> <span class='ocrx_word' id='word_1_144' title='bbox 1484 2054 1671 2126; x_wconf 74' lang='grc' dir='ltr'>ὥσπερ</span> 
     </span>
    </p>
   </div>
   <div class='ocr_carea' id='block_1_20' title="bbox 124 2143 1671 2215">
    <p class='ocr_par' dir='ltr' id='par_1_20' title="bbox 124 2143 1671 2215">
     <span class='ocr_line' id='line_1_20' title="bbox 124 2143 1671 2215; baseline 0.001 -18"><span class='ocrx_word' id='word_1_145' title='bbox 124 2144 384 2213; x_wconf 70' lang='grc' dir='ltr'>αἰνίγματα</span> <span class='ocrx_word' id='word_1_146' title='bbox 409 2143 716 2197; x_wconf 75' lang='grc' dir='ltr'>συντιθέντι</span> <span class='ocrx_word' id='word_1_147' title='bbox 737 2143 962 2214; x_wconf 76' lang='grc' dir='ltr'>ὁτῳοῦν.</span> <span class='ocrx_word' id='word_1_148' title='bbox 995 2144 1085 2196; x_wconf 81' lang='grc' dir='ltr'>Διὸ</span> <span class='ocrx_word' id='word_1_149' title='bbox 1106 2143 1207 2198; x_wconf 77' lang='grc' dir='ltr'>καὶ</span> <span class='ocrx_word' id='word_1_150' title='bbox 1232 2148 1453 2197; x_wconf 80' lang='grc' dir='ltr'>σκοπεῖν</span> <span class='ocrx_word' id='word_1_151' title='bbox 1481 2145 1671 2215; x_wconf 76' lang='grc' dir='ltr'>ἔκρινα</span> 
     </span>
    </p>
   </div>
   <div class='ocr_carea' id='block_1_21' title="bbox 124 2237 1672 2307">
    <p class='ocr_par' dir='ltr' id='par_1_21' title="bbox 124 2237 1672 2307">
     <span class='ocr_line' id='line_1_21' title="bbox 124 2237 1672 2307; baseline 0.002 -19"><span class='ocrx_word' id='word_1_152' title='bbox 124 2239 230 2299; x_wconf 77' lang='grc' dir='ltr'>δεῖν,</span> <span class='ocrx_word' id='word_1_153' title='bbox 265 2238 441 2305; x_wconf 80' lang='grc' dir='ltr'>μήπου</span> <span class='ocrx_word' id='word_1_154' title='bbox 504 2238 916 2305; x_wconf 74' lang='grc' dir='ltr'>ἀποπειρᾶσθαι</span> <span class='ocrx_word' id='word_1_155' title='bbox 972 2237 1235 2307; x_wconf 75' lang='grc' dir='ltr'>βούληται</span> <span class='ocrx_word' id='word_1_156' title='bbox 1292 2239 1584 2306; x_wconf 70' lang='grc' dir='ltr'>Παλαμᾶς,</span> <span class='ocrx_word' id='word_1_157' title='bbox 1622 2240 1672 2291; x_wconf 83' lang='grc' dir='ltr'><strong>εί</strong></span> 
     </span>
    </p>
   </div>
   <div class='ocr_carea' id='block_1_22' title="bbox 125 2323 1672 2396">
    <p class='ocr_par' dir='ltr' id='par_1_22' title="bbox 125 2323 1672 2396">
     <span class='ocr_line' id='line_1_22' title="bbox 125 2323 1672 2396; baseline 0.001 -19"><span class='ocrx_word' id='word_1_158' title='bbox 125 2325 213 2394; x_wconf 66' lang='grc' dir='ltr'>ἄρα</span> <span class='ocrx_word' id='word_1_159' title='bbox 245 2323 518 2394; x_wconf 69' lang='grc' dir='ltr'>γνώςομαι</span> <span class='ocrx_word' id='word_1_160' title='bbox 565 2325 1046 2395; x_wconf 78' lang='grc' dir='ltr'>χαριεντιζομένου</span> <span class='ocrx_word' id='word_1_161' title='bbox 1097 2325 1262 2377; x_wconf 73' lang='grc' dir='ltr'>αὑτοῦ</span> <span class='ocrx_word' id='word_1_162' title='bbox 1315 2328 1407 2380; x_wconf 74' lang='grc' dir='ltr'>καὶ</span> <span class='ocrx_word' id='word_1_163' title='bbox 1465 2326 1672 2396; x_wconf 69' lang='grc' dir='ltr'>σφόδρα</span> 
     </span>
    </p>
   </div>
   <div class='ocr_carea' id='block_1_23' title="bbox 125 2416 1673 2485">
    <p class='ocr_par' dir='ltr' id='par_1_23' title="bbox 125 2416 1673 2485">
     <span class='ocr_line' id='line_1_23' title="bbox 125 2416 1673 2485; baseline 0.001 -16"><span class='ocrx_word' id='word_1_164' title='bbox 125 2417 343 2484; x_wconf 73' lang='grc' dir='ltr'>λέγοντος</span> <span class='ocrx_word' id='word_1_165' title='bbox 376 2416 582 2471; x_wconf 74' lang='grc' dir='ltr'>ἑαυτοῦ</span> <span class='ocrx_word' id='word_1_166' title='bbox 612 2417 875 2471; x_wconf 81' lang='grc' dir='ltr'>τάναντία</span> <span class='ocrx_word' id='word_1_167' title='bbox 912 2417 1286 2482; x_wconf 81' lang='grc' dir='ltr'>παντάπασιν,</span> <span class='ocrx_word' id='word_1_168' title='bbox 1310 2417 1503 2485; x_wconf 74' lang='grc' dir='ltr'>ὥσπερ</span> <span class='ocrx_word' id='word_1_169' title='bbox 1536 2417 1601 2470; x_wconf 85' lang='grc' dir='ltr'>ἂν</span> <span class='ocrx_word' id='word_1_170' title='bbox 1624 2419 1673 2471; x_wconf 75' lang='grc' dir='ltr'>εἰ</span> 
     </span>
    </p>
   </div>
   <div class='ocr_carea' id='block_1_24' title="bbox 128 2509 1675 2582">
    <p class='ocr_par' dir='ltr' id='par_1_24' title="bbox 128 2509 1675 2582">
     <span class='ocr_line' id='line_1_24' title="bbox 128 2509 1675 2582; baseline 0.001 -19"><span class='ocrx_word' id='word_1_171' title='bbox 128 2510 436 2577; x_wconf 81' lang='grc' dir='ltr'>ἀντωμοσίαν</span> <span class='ocrx_word' id='word_1_172' title='bbox 478 2509 921 2581; x_wconf 72' lang='grc' dir='ltr'>διαμειψάμενος</span> <span class='ocrx_word' id='word_1_173' title='bbox 963 2511 1148 2579; x_wconf 77' lang='grc' dir='ltr'>ἔλεγεν</span> <span class='ocrx_word' id='word_1_174' title='bbox 1176 2511 1459 2582; x_wconf 73' lang='grc' dir='ltr'>ἄντικρυς,</span> <span class='ocrx_word' id='word_1_175' title='bbox 1486 2512 1569 2564; x_wconf 83' lang='grc' dir='ltr'>ὅτι</span> <span class='ocrx_word' id='word_1_176' title='bbox 1606 2515 1675 2565; x_wconf 76' lang='grc' dir='ltr'><strong>Ἀ</strong></span> 
     </span>
    </p>
   </div>
   <div class='ocr_carea' id='block_1_25' title="bbox 128 2603 1676 2675">
    <p class='ocr_par' dir='ltr' id='par_1_25' title="bbox 128 2603 1676 2675">
     <span class='ocr_line' id='line_1_25' title="bbox 128 2603 1676 2675; baseline 0.004 -22"><span class='ocrx_word' id='word_1_177' title='bbox 128 2603 362 2670; x_wconf 76' lang='grc' dir='ltr'>προτείνω</span> <span class='ocrx_word' id='word_1_178' title='bbox 396 2605 493 2658; x_wconf 76' lang='grc' dir='ltr'><strong>καὶ</strong></span> <span class='ocrx_word' id='word_1_179' title='bbox 522 2603 791 2674; x_wconf 77' lang='grc' dir='ltr'>βούλομαι</span> <span class='ocrx_word' id='word_1_180' title='bbox 824 2604 1028 2672; x_wconf 85' lang='grc' dir='ltr'>λέγειν,</span> <span class='ocrx_word' id='word_1_181' title='bbox 1057 2604 1234 2658; x_wconf 78' lang='grc' dir='ltr'>ταῦτα</span> <span class='ocrx_word' id='word_1_182' title='bbox 1262 2605 1399 2669; x_wconf 68' lang='grc' dir='ltr'>δῆτα</span> <span class='ocrx_word' id='word_1_183' title='bbox 1453 2606 1514 2658; x_wconf 77' lang='grc' dir='ltr'><strong>οὐ</strong></span> <span class='ocrx_word' id='word_1_184' title='bbox 1553 2605 1676 2675; x_wconf 87' lang='grc' dir='ltr'>βού-</span> 
     </span>
    </p>
   </div>
   <div class='ocr_carea' id='block_1_26' title="bbox 127 2689 1679 2767">
    <p class='ocr_par' dir='ltr' id='par_1_26' title="bbox 127 2689 1679 2767">
     <span class='ocr_line' id='line_1_26' title="bbox 127 2689 1679 2767; baseline 0.003 -20"><span class='ocrx_word' id='word_1_185' title='bbox 127 2696 267 2765; x_wconf 84' lang='grc' dir='ltr'>λομαι</span> <span class='ocrx_word' id='word_1_186' title='bbox 290 2695 491 2764; x_wconf 74' lang='grc' dir='ltr'>λέγειν,</span> <span class='ocrx_word' id='word_1_187' title='bbox 531 2697 629 2749; x_wconf 72' lang='grc' dir='ltr'><strong>καὶ</strong></span> <span class='ocrx_word' id='word_1_188' title='bbox 656 2689 737 2759; x_wconf 76' lang='grc' dir='ltr'><strong>οἷς</strong></span> <span class='ocrx_word' id='word_1_189' title='bbox 761 2695 1095 2767; x_wconf 71' lang='grc' dir='ltr'>ἀπαγορεύω</span> <span class='ocrx_word' id='word_1_190' title='bbox 1125 2696 1201 2766; x_wconf 78' lang='grc' dir='ltr'>μὴ</span> <span class='ocrx_word' id='word_1_191' title='bbox 1231 2700 1551 2767; x_wconf 80' lang='grc' dir='ltr'>συμφωνεῖν</span> <span class='ocrx_word' id='word_1_192' title='bbox 1581 2715 1679 2752; x_wconf 87' lang='grc' dir='ltr'>κα-</span> 
     </span>
    </p>
   </div>
   <div class='ocr_carea' id='block_1_27' title="bbox 130 2785 1679 2860">
    <p class='ocr_par' dir='ltr' id='par_1_27' title="bbox 130 2785 1679 2860">
     <span class='ocr_line' id='line_1_27' title="bbox 130 2785 1679 2860; baseline 0.003 -21"><span class='ocrx_word' id='word_1_193' title='bbox 130 2787 359 2852; x_wconf 76' lang='grc' dir='ltr'>κοδόξοις,</span> <span class='ocrx_word' id='word_1_194' title='bbox 385 2788 606 2850; x_wconf 80' lang='grc' dir='ltr'>τούτοις</span> <span class='ocrx_word' id='word_1_195' title='bbox 635 2789 699 2840; x_wconf 83' lang='grc' dir='ltr'>ὲκ</span> <span class='ocrx_word' id='word_1_196' title='bbox 723 2785 818 2841; x_wconf 82' lang='grc' dir='ltr'>τοῦ</span> <span class='ocrx_word' id='word_1_197' title='bbox 845 2788 1159 2859; x_wconf 81' lang='grc' dir='ltr'>προφανοῦς</span> <span class='ocrx_word' id='word_1_198' title='bbox 1191 2790 1497 2860; x_wconf 84' lang='grc' dir='ltr'>συμφωνῶ,</span> <span class='ocrx_word' id='word_1_199' title='bbox 1528 2792 1679 2859; x_wconf 79' lang='grc' dir='ltr'>παρὰ</span> 
     </span>
    </p>
   </div>
   <div class='ocr_carea' id='block_1_28' title="bbox 129 2879 1678 2950">
    <p class='ocr_par' dir='ltr' id='par_1_28' title="bbox 129 2879 1678 2950">
     <span class='ocr_line' id='line_1_28' title="bbox 129 2879 1678 2950; baseline 0.003 -20"><span class='ocrx_word' id='word_1_200' title='bbox 129 2879 351 2933; x_wconf 80' lang='grc' dir='ltr'>τοσοῦτον</span> <span class='ocrx_word' id='word_1_201' title='bbox 394 2880 585 2935; x_wconf 79' lang='grc' dir='ltr'>αὐτῶν</span> <span class='ocrx_word' id='word_1_202' title='bbox 641 2882 987 2949; x_wconf 82' lang='grc' dir='ltr'>διιστάμενος</span> <span class='ocrx_word' id='word_1_203' title='bbox 1044 2882 1174 2950; x_wconf 84' lang='grc' dir='ltr'>παρ’</span> <span class='ocrx_word' id='word_1_204' title='bbox 1208 2884 1332 2935; x_wconf 83' lang='grc' dir='ltr'>ὅσον</span> <span class='ocrx_word' id='word_1_205' title='bbox 1377 2883 1573 2939; x_wconf 76' lang='grc' dir='ltr'>αὐτοὺς</span> <span class='ocrx_word' id='word_1_206' title='bbox 1621 2885 1678 2936; x_wconf 75' lang='grc' dir='ltr'>ἐν</span> 
     </span>
    </p>
   </div>
   <div class='ocr_carea' id='block_1_29' title="bbox 134 2968 1678 3040">
    <p class='ocr_par' dir='ltr' id='par_1_29' title="bbox 134 2968 1678 3040">
     <span class='ocr_line' id='line_1_29' title="bbox 134 2968 1678 3040; baseline 0.004 -21"><span class='ocrx_word' id='word_1_207' title='bbox 134 2970 293 3030; x_wconf 77' lang='grc' dir='ltr'>κακοῖς</span> <span class='ocrx_word' id='word_1_208' title='bbox 323 2968 653 3040; x_wconf 74' lang='grc' dir='ltr'>ὑπερϐάλλω</span> <span class='ocrx_word' id='word_1_209' title='bbox 674 2986 689 3001; x_wconf 82' lang='grc' dir='ltr'><strong>ο</strong></span> <span class='ocrx_word' id='word_1_210' title='bbox 721 2968 819 3039; x_wconf 79' lang='grc' dir='ltr'>τῆς</span> <span class='ocrx_word' id='word_1_211' title='bbox 866 2970 975 3039; x_wconf 76' lang='grc' dir='ltr'><strong>γὰρ</strong></span> <span class='ocrx_word' id='word_1_212' title='bbox 1006 2970 1206 3033; x_wconf 82' lang='grc' dir='ltr'>κακίας</span> <span class='ocrx_word' id='word_1_213' title='bbox 1241 2973 1333 3023; x_wconf 77' lang='grc' dir='ltr'><strong>ἐπὶ</strong></span> <span class='ocrx_word' id='word_1_214' title='bbox 1368 2972 1430 3024; x_wconf 82' lang='grc' dir='ltr'>τὸ</span> <span class='ocrx_word' id='word_1_215' title='bbox 1473 2972 1678 3040; x_wconf 83' lang='grc' dir='ltr'>φιλότι-</span> 
     </span>
    </p>
   </div>
   <div class='ocr_carea' id='block_1_30' title="bbox 136 3063 1681 3137">
    <p class='ocr_par' dir='ltr' id='par_1_30' title="bbox 136 3063 1681 3137">
     <span class='ocr_line' id='line_1_30' title="bbox 136 3063 1681 3137; baseline 0.005 -24"><span class='ocrx_word' id='word_1_216' title='bbox 136 3077 219 3129; x_wconf 90' lang='grc' dir='ltr'><strong>μον</strong></span> <span class='ocrx_word' id='word_1_217' title='bbox 249 3066 594 3134; x_wconf 80' lang='grc' dir='ltr'>κινουμένης,</span> <span class='ocrx_word' id='word_1_218' title='bbox 620 3063 682 3117; x_wconf 76' lang='grc' dir='ltr'><strong>οὐ</strong></span> <span class='ocrx_word' id='word_1_219' title='bbox 715 3064 859 3132; x_wconf 78' lang='grc' dir='ltr'>μάλα</span> <span class='ocrx_word' id='word_1_220' title='bbox 902 3063 1167 3134; x_wconf 82' lang='grc' dir='ltr'>βραχεῖαν</span> <span class='ocrx_word' id='word_1_221' title='bbox 1234 3065 1334 3135; x_wconf 79' lang='grc' dir='ltr'>τὴν</span> <span class='ocrx_word' id='word_1_222' title='bbox 1398 3066 1681 3137; x_wconf 85' lang='grc' dir='ltr'>παρενθή-</span> 
     </span>
    </p>
   </div>
   <div class='ocr_carea' id='block_1_31' title="bbox 3243 458 3354 521">
    <p class='ocr_par' dir='ltr' id='par_1_31' title="bbox 3243 458 3354 521">
     <span class='ocr_line' id='line_1_31' title="bbox 3243 458 3354 521; baseline 0.018 -3"><span class='ocrx_word' id='word_1_223' title='bbox 3243 458 3354 521; x_wconf 68' lang='grc'><strong>422</strong></span> 
     </span>
    </p>
   </div>
   <div class='ocr_carea' id='block_1_32' title="bbox 1847 573 3361 649">
    <p class='ocr_par' dir='ltr' id='par_1_32' title="bbox 1847 573 3361 649">
     <span class='ocr_line' id='line_1_32' title="bbox 1847 573 3361 649; baseline -0.004 -14"><span class='ocrx_word' id='word_1_224' title='bbox 1847 579 1914 635; x_wconf 87' lang='lat' dir='ltr'><strong>ll.</strong></span> <span class='ocrx_word' id='word_1_225' title='bbox 1949 578 2031 634; x_wconf 85' lang='lat' dir='ltr'><strong>Ad</strong></span> <span class='ocrx_word' id='word_1_226' title='bbox 2086 593 2211 649; x_wconf 79' lang='lat' dir='ltr'><strong>qua:</strong></span> <span class='ocrx_word' id='word_1_227' title='bbox 2267 574 2613 646; x_wconf 87' lang='lat' dir='ltr'><strong>respondens</strong></span> <span class='ocrx_word' id='word_1_228' title='bbox 2639 574 2915 647; x_wconf 80' lang='lat' dir='ltr'><strong>Gregoras</strong></span> <span class='ocrx_word' id='word_1_229' title='bbox 2972 574 3028 629; x_wconf 84' lang='lat' dir='ltr'><strong>in</strong></span> <span class='ocrx_word' id='word_1_230' title='bbox 3052 573 3205 629; x_wconf 86' lang='lat' dir='ltr'><strong>hunc</strong></span> <span class='ocrx_word' id='word_1_231' title='bbox 3247 575 3361 629; x_wconf 78' lang='lat' dir='ltr'><strong>fere</strong></span> 
     </span>
    </p>
   </div>
   <div class='ocr_carea' id='block_1_33' title="bbox 1773 666 3362 735">
    <p class='ocr_par' dir='ltr' id='par_1_33' title="bbox 1773 666 3362 735">
     <span class='ocr_line' id='line_1_33' title="bbox 1773 666 3362 735; baseline -0.006 -8"><span class='ocrx_word' id='word_1_232' title='bbox 1773 675 1996 727; x_wconf 79' lang='lat' dir='ltr'><strong>modum</strong></span> <span class='ocrx_word' id='word_1_233' title='bbox 2022 671 2240 725; x_wconf 87' lang='lat' dir='ltr'><strong>locutus</strong></span> <span class='ocrx_word' id='word_1_234' title='bbox 2265 680 2386 724; x_wconf 82' lang='lat' dir='ltr'><strong>est:</strong></span> <span class='ocrx_word' id='word_1_235' title='bbox 2421 669 2563 722; x_wconf 82' lang='lat' dir='ltr'><strong>Ecce</strong></span> <span class='ocrx_word' id='word_1_236' title='bbox 2587 667 2855 731; x_wconf 83' lang='lat' dir='ltr'><strong>Palamas,</strong></span> <span class='ocrx_word' id='word_1_237' title='bbox 2888 677 2948 721; x_wconf 88' lang='lat' dir='ltr'><strong>ut</strong></span> <span class='ocrx_word' id='word_1_238' title='bbox 2976 666 3198 733; x_wconf 82' lang='lat' dir='ltr'><strong>videtis,</strong></span> <span class='ocrx_word' id='word_1_239' title='bbox 3230 680 3362 735; x_wconf 88' lang='lat' dir='ltr'><strong>apo-</strong></span> 
     </span>
    </p>
   </div>
   <div class='ocr_carea' id='block_1_34' title="bbox 1773 757 3363 826">
    <p class='ocr_par' dir='ltr' id='par_1_34' title="bbox 1773 757 3363 826">
     <span class='ocr_line' id='line_1_34' title="bbox 1773 757 3363 826; baseline -0.005 -8"><span class='ocrx_word' id='word_1_240' title='bbox 1773 764 1992 819; x_wconf 83' lang='lat' dir='ltr'><strong>theosin</strong></span> <span class='ocrx_word' id='word_1_241' title='bbox 2037 774 2091 818; x_wconf 91' lang='lat' dir='ltr'><strong>et</strong></span> <span class='ocrx_word' id='word_1_242' title='bbox 2136 761 2397 817; x_wconf 73' lang='lat' dir='ltr'><strong>deitatem</strong></span> <span class='ocrx_word' id='word_1_243' title='bbox 2441 759 2729 814; x_wconf 83' lang='lat' dir='ltr'><strong>confundit</strong></span> <span class='ocrx_word' id='word_1_244' title='bbox 2769 759 2823 814; x_wconf 90' lang='lat' dir='ltr'><strong>in</strong></span> <span class='ocrx_word' id='word_1_245' title='bbox 2856 760 2977 814; x_wconf 89' lang='lat' dir='ltr'><strong>luce</strong></span> <span class='ocrx_word' id='word_1_246' title='bbox 3004 757 3363 826; x_wconf 80' lang='lat' dir='ltr'><strong>transﬁgura-</strong></span> 
     </span>
    </p>
   </div>
   <div class='ocr_carea' id='block_1_35' title="bbox 1774 852 3361 926">
    <p class='ocr_par' dir='ltr' id='par_1_35' title="bbox 1774 852 3361 926">
     <span class='ocr_line' id='line_1_35' title="bbox 1774 852 3361 926; baseline -0.004 -15"><span class='ocrx_word' id='word_1_247' title='bbox 1774 857 1959 921; x_wconf 90' lang='lat' dir='ltr'><strong>tionis,</strong></span> <span class='ocrx_word' id='word_1_248' title='bbox 2005 866 2169 926; x_wconf 88' lang='lat' dir='ltr'><strong>atque</strong></span> <span class='ocrx_word' id='word_1_249' title='bbox 2221 865 2316 908; x_wconf 88' lang='lat' dir='ltr'><strong>aut</strong></span> <span class='ocrx_word' id='word_1_250' title='bbox 2361 853 2527 908; x_wconf 79' lang='lat' dir='ltr'><strong>Verbi</strong></span> <span class='ocrx_word' id='word_1_251' title='bbox 2585 852 2846 906; x_wconf 83' lang='lat' dir='ltr'><strong>deitatem</strong></span> <span class='ocrx_word' id='word_1_252' title='bbox 2901 861 3264 918; x_wconf 75' lang='lat' dir='ltr'><strong>permutatani</strong></span> <span class='ocrx_word' id='word_1_253' title='bbox 3304 860 3361 905; x_wconf 89' lang='lat' dir='ltr'><strong>ct</strong></span> 
     </span>
    </p>
   </div>
   <div class='ocr_carea' id='block_1_36' title="bbox 1771 941 3361 1019">
    <p class='ocr_par' dir='ltr' id='par_1_36' title="bbox 1771 941 3361 1019">
     <span class='ocr_line' id='line_1_36' title="bbox 1771 941 3361 1019; baseline -0.007 -15"><span class='ocrx_word' id='word_1_254' title='bbox 1771 949 2042 1019; x_wconf 84' lang='lat' dir='ltr'><strong>dejectam</strong></span> <span class='ocrx_word' id='word_1_255' title='bbox 2079 948 2146 1003; x_wconf 92' lang='lat' dir='ltr'><strong>ad</strong></span> <span class='ocrx_word' id='word_1_256' title='bbox 2179 947 2515 1001; x_wconf 86' lang='lat' dir='ltr'><strong>substratam</strong></span> <span class='ocrx_word' id='word_1_257' title='bbox 2548 956 2603 999; x_wconf 90' lang='lat' dir='ltr'><strong>et</strong></span> <span class='ocrx_word' id='word_1_258' title='bbox 2635 941 3118 998; x_wconf 86' lang='lat' dir='ltr'><strong>insubstantialem</strong></span> <span class='ocrx_word' id='word_1_259' title='bbox 3152 942 3361 1007; x_wconf 84' lang='lat' dir='ltr'><strong>lucem,</strong></span> 
     </span>
    </p>
   </div>
   <div class='ocr_carea' id='block_1_37' title="bbox 1771 1035 3358 1105">
    <p class='ocr_par' dir='ltr' id='par_1_37' title="bbox 1771 1035 3358 1105">
     <span class='ocr_line' id='line_1_37' title="bbox 1771 1035 3358 1105; baseline -0.008 -8"><span class='ocrx_word' id='word_1_260' title='bbox 1771 1041 2030 1097; x_wconf 85' lang='lat' dir='ltr'><strong>autservi</strong></span> <span class='ocrx_word' id='word_1_261' title='bbox 2058 1040 2381 1105; x_wconf 81' lang='lat' dir='ltr'><strong>formam,ut</strong></span> <span class='ocrx_word' id='word_1_262' title='bbox 2403 1037 2668 1099; x_wconf 75' lang='lat' dir='ltr'><strong>diximus,</strong></span> <span class='ocrx_word' id='word_1_263' title='bbox 2689 1036 2955 1089; x_wconf 72' lang='lat' dir='ltr'><strong>variatam</strong></span> <span class='ocrx_word' id='word_1_264' title='bbox 2974 1035 3028 1089; x_wconf 92' lang='lat' dir='ltr'><strong>in</strong></span> <span class='ocrx_word' id='word_1_265' title='bbox 3057 1038 3358 1089; x_wconf 85' lang='lat' dir='ltr'><strong>increatam</strong></span> 
     </span>
    </p>
   </div>
   <div class='ocr_carea' id='block_1_38' title="bbox 1772 1127 3439 1196">
    <p class='ocr_par' dir='ltr' id='par_1_38' title="bbox 1772 1127 3439 1196">
     <span class='ocr_line' id='line_1_38' title="bbox 1772 1127 3439 1196; baseline -0.003 -9"><span class='ocrx_word' id='word_1_266' title='bbox 1772 1135 1952 1187; x_wconf 85' lang='lat' dir='ltr'><strong>lucem</strong></span> <span class='ocrx_word' id='word_1_267' title='bbox 1972 1142 2029 1186; x_wconf 90' lang='lat' dir='ltr'><strong>et</strong></span> <span class='ocrx_word' id='word_1_268' title='bbox 2045 1133 2272 1185; x_wconf 81' lang='lat' dir='ltr'><strong>alteram</strong></span> <span class='ocrx_word' id='word_1_269' title='bbox 2295 1130 2703 1185; x_wconf 83' lang='lat' dir='ltr'><strong>inessentialem</strong></span> <span class='ocrx_word' id='word_1_270' title='bbox 2726 1128 3011 1183; x_wconf 74' lang='lat' dir='ltr'><strong>deitatem.</strong></span> <span class='ocrx_word' id='word_1_271' title='bbox 3027 1127 3134 1182; x_wconf 76' lang='lat' dir='ltr'><strong>Sed</strong></span> <span class='ocrx_word' id='word_1_272' title='bbox 3152 1127 3364 1196; x_wconf 87' lang='lat' dir='ltr'><strong>disqui—</strong></span> <span class='ocrx_word' id='word_1_273' title='bbox 3434 1177 3439 1182; x_wconf 82' lang='lat'><strong>.</strong></span> 
     </span>
    </p>
   </div>
   <div class='ocr_carea' id='block_1_39' title="bbox 1772 1218 3359 1289">
    <p class='ocr_par' dir='ltr' id='par_1_39' title="bbox 1772 1218 3359 1289">
     <span class='ocr_line' id='line_1_39' title="bbox 1772 1218 3359 1289; baseline -0.006 -10"><span class='ocrx_word' id='word_1_274' title='bbox 1772 1224 1973 1279; x_wconf 89' lang='lat' dir='ltr'><strong>sitione</strong></span> <span class='ocrx_word' id='word_1_275' title='bbox 1998 1224 2067 1279; x_wconf 85' lang='lat' dir='ltr'><strong>de</strong></span> <span class='ocrx_word' id='word_1_276' title='bbox 2102 1224 2206 1278; x_wconf 89' lang='lat' dir='ltr'><strong>hoc</strong></span> <span class='ocrx_word' id='word_1_277' title='bbox 2228 1224 2416 1286; x_wconf 84' lang='lat' dir='ltr'><strong>dilata,</strong></span> <span class='ocrx_word' id='word_1_278' title='bbox 2438 1222 2573 1277; x_wconf 87' lang='lat' dir='ltr'><strong>illud</strong></span> <span class='ocrx_word' id='word_1_279' title='bbox 2609 1222 2801 1285; x_wconf 86' lang='lat' dir='ltr'><strong>miror,</strong></span> <span class='ocrx_word' id='word_1_280' title='bbox 2822 1219 3100 1289; x_wconf 86' lang='lat' dir='ltr'><strong>quomodo</strong></span> <span class='ocrx_word' id='word_1_281' title='bbox 3126 1218 3359 1272; x_wconf 87' lang='lat' dir='ltr'><strong>alterum</strong></span> 
     </span>
    </p>
   </div>
   <div class='ocr_carea' id='block_1_40' title="bbox 1772 1312 3364 1386">
    <p class='ocr_par' dir='ltr' id='par_1_40' title="bbox 1772 1312 3364 1386">
     <span class='ocr_line' id='line_1_40' title="bbox 1772 1312 3364 1386; baseline -0.003 -16"><span class='ocrx_word' id='word_1_282' title='bbox 1772 1315 1829 1370; x_wconf 84' lang='lat' dir='ltr'><strong>in</strong></span> <span class='ocrx_word' id='word_1_283' title='bbox 1860 1315 2155 1370; x_wconf 83' lang='lat' dir='ltr'><strong>voluminis</strong></span> <span class='ocrx_word' id='word_1_284' title='bbox 2183 1317 2457 1386; x_wconf 80' lang='lat' dir='ltr'><strong>capitibus</strong></span> <span class='ocrx_word' id='word_1_285' title='bbox 2480 1315 2608 1371; x_wconf 89' lang='lat' dir='ltr'><strong>inde</strong></span> <span class='ocrx_word' id='word_1_286' title='bbox 2639 1315 2708 1369; x_wconf 90' lang='lat' dir='ltr'><strong>ab</strong></span> <span class='ocrx_word' id='word_1_287' title='bbox 2737 1315 2897 1368; x_wconf 89' lang='lat' dir='ltr'><strong>initio</strong></span> <span class='ocrx_word' id='word_1_288' title='bbox 2923 1312 3364 1383; x_wconf 78' lang='lat' dir='ltr'><strong>proﬁteatur,al-</strong></span> 
     </span>
    </p>
   </div>
   <div class='ocr_carea' id='block_1_41' title="bbox 1774 1405 3365 1474">
    <p class='ocr_par' dir='ltr' id='par_1_41' title="bbox 1774 1405 3365 1474">
     <span class='ocr_line' id='line_1_41' title="bbox 1774 1405 3365 1474; baseline -0.002 -13"><span class='ocrx_word' id='word_1_289' title='bbox 1774 1417 1950 1461; x_wconf 84' lang='lat' dir='ltr'><strong>terum</strong></span> <span class='ocrx_word' id='word_1_290' title='bbox 1971 1406 2350 1462; x_wconf 84' lang='lat' dir='ltr'><strong>demonstrare</strong></span> <span class='ocrx_word' id='word_1_291' title='bbox 2409 1418 2661 1461; x_wconf 90' lang='lat' dir='ltr'><strong>conetur.</strong></span> <span class='ocrx_word' id='word_1_292' title='bbox 2691 1406 2757 1460; x_wconf 79' lang='lat' dir='ltr'><strong>Et</strong></span> <span class='ocrx_word' id='word_1_293' title='bbox 2811 1421 2977 1474; x_wconf 90' lang='lat' dir='ltr'><strong>porro</strong></span> <span class='ocrx_word' id='word_1_294' title='bbox 3011 1405 3179 1459; x_wconf 88' lang='lat' dir='ltr'><strong>alium</strong></span> <span class='ocrx_word' id='word_1_295' title='bbox 3237 1419 3365 1459; x_wconf 85' lang='lat' dir='ltr'><strong>sen-</strong></span> 
     </span>
    </p>
   </div>
   <div class='ocr_carea' id='block_1_42' title="bbox 1772 1497 3362 1568">
    <p class='ocr_par' dir='ltr' id='par_1_42' title="bbox 1772 1497 3362 1568">
     <span class='ocr_line' id='line_1_42' title="bbox 1772 1497 3362 1568; baseline 0.001 -18"><span class='ocrx_word' id='word_1_296' title='bbox 1772 1512 1893 1551; x_wconf 90' lang='lat' dir='ltr'><strong>sum</strong></span> <span class='ocrx_word' id='word_1_297' title='bbox 1945 1498 2149 1553; x_wconf 78' lang='lat' dir='ltr'><strong>habent</strong></span> <span class='ocrx_word' id='word_1_298' title='bbox 2182 1499 2293 1564; x_wconf 86' lang='lat' dir='ltr'><strong>illa,</strong></span> <span class='ocrx_word' id='word_1_299' title='bbox 2327 1514 2448 1568; x_wconf 71' lang='lat' dir='ltr'><strong>qum</strong></span> <span class='ocrx_word' id='word_1_300' title='bbox 2480 1500 2545 1552; x_wconf 91' lang='lat' dir='ltr'><strong>ad</strong></span> <span class='ocrx_word' id='word_1_301' title='bbox 2573 1516 2630 1553; x_wconf 89' lang='lat' dir='ltr'><strong>se</strong></span> <span class='ocrx_word' id='word_1_302' title='bbox 2664 1498 3074 1553; x_wconf 82' lang='lat' dir='ltr'><strong>defendendum</strong></span> <span class='ocrx_word' id='word_1_303' title='bbox 3116 1497 3362 1568; x_wconf 58' lang='lat' dir='ltr'><strong>praemit-</strong></span> 
     </span>
    </p>
   </div>
   <div class='ocr_carea' id='block_1_43' title="bbox 1776 1589 3362 1661">
    <p class='ocr_par' dir='ltr' id='par_1_43' title="bbox 1776 1589 3362 1661">
     <span class='ocr_line' id='line_1_43' title="bbox 1776 1589 3362 1661; baseline -0.001 -19"><span class='ocrx_word' id='word_1_304' title='bbox 1776 1589 1858 1652; x_wconf 84' lang='lat' dir='ltr'><strong>tit.</strong></span> <span class='ocrx_word' id='word_1_305' title='bbox 1898 1589 2064 1653; x_wconf 83' lang='lat' dir='ltr'><strong>dicta,</strong></span> <span class='ocrx_word' id='word_1_306' title='bbox 2110 1590 2187 1645; x_wconf 91' lang='lat' dir='ltr'><strong>ita</strong></span> <span class='ocrx_word' id='word_1_307' title='bbox 2219 1600 2279 1645; x_wconf 86' lang='lat' dir='ltr'><strong>ut</strong></span> <span class='ocrx_word' id='word_1_308' title='bbox 2308 1592 2353 1645; x_wconf 85' lang='lat' dir='ltr'><strong>si</strong></span> <span class='ocrx_word' id='word_1_309' title='bbox 2382 1592 2477 1661; x_wconf 89' lang='lat' dir='ltr'><strong>qui</strong></span> <span class='ocrx_word' id='word_1_310' title='bbox 2509 1591 2709 1655; x_wconf 88' lang='lat' dir='ltr'><strong>velint,</strong></span> <span class='ocrx_word' id='word_1_311' title='bbox 2748 1591 2952 1645; x_wconf 86' lang='lat' dir='ltr'><strong>variam</strong></span> <span class='ocrx_word' id='word_1_312' title='bbox 2995 1605 3059 1645; x_wconf 90' lang='lat' dir='ltr'><strong>ac</strong></span> <span class='ocrx_word' id='word_1_313' title='bbox 3090 1589 3362 1658; x_wconf 83' lang='lat' dir='ltr'><strong>multipli-</strong></span> 
     </span>
    </p>
   </div>
   <div class='ocr_carea' id='block_1_44' title="bbox 1774 1680 3365 1752">
    <p class='ocr_par' dir='ltr' id='par_1_44' title="bbox 1774 1680 3365 1752">
     <span class='ocr_line' id='line_1_44' title="bbox 1774 1680 3365 1752; baseline -0.002 -16"><span class='ocrx_word' id='word_1_314' title='bbox 1774 1695 1892 1736; x_wconf 85' lang='lat' dir='ltr'><strong>cem</strong></span> <span class='ocrx_word' id='word_1_315' title='bbox 1934 1696 2125 1736; x_wconf 85' lang='lat' dir='ltr'><strong>rerum</strong></span> <span class='ocrx_word' id='word_1_316' title='bbox 2167 1681 2554 1736; x_wconf 88' lang='lat' dir='ltr'><strong>conlusionem</strong></span> <span class='ocrx_word' id='word_1_317' title='bbox 2599 1681 2766 1752; x_wconf 68' lang='grc'><strong>476</strong></span> <span class='ocrx_word' id='word_1_318' title='bbox 2811 1680 3260 1735; x_wconf 77' lang='lat' dir='ltr'><strong>animadvertant</strong></span> <span class='ocrx_word' id='word_1_319' title='bbox 3305 1688 3365 1733; x_wconf 89' lang='lat' dir='ltr'><strong>ct</strong></span> 
     </span>
    </p>
   </div>
   <div class='ocr_carea' id='block_1_45' title="bbox 1773 1754 3361 1844">
    <p class='ocr_par' dir='ltr' id='par_1_45' title="bbox 1773 1754 3361 1844">
     <span class='ocr_line' id='line_1_45' title="bbox 1773 1754 3361 1844; baseline 0 -18"><span class='ocrx_word' id='word_1_320' title='bbox 1773 1776 1944 1827; x_wconf 85' lang='lat' dir='ltr'><strong>multa</strong></span> <span class='ocrx_word' id='word_1_321' title='bbox 1993 1774 2299 1829; x_wconf 67' lang='lat' dir='ltr'><strong>inscientiae</strong></span> <span class='ocrx_word' id='word_1_322' title='bbox 2344 1775 2466 1844; x_wconf 83' lang='lat' dir='ltr'><strong>ejus</strong></span> <span class='ocrx_word' id='word_1_323' title='bbox 2501 1783 2557 1829; x_wconf 89' lang='lat' dir='ltr'><strong>et</strong></span> <span class='ocrx_word' id='word_1_324' title='bbox 2594 1754 2958 1844; x_wconf 66' lang='lat' dir='ltr'><strong>malignitatis</strong></span> <span class='ocrx_word' id='word_1_325' title='bbox 3004 1773 3361 1827; x_wconf 84' lang='lat' dir='ltr'><strong>documenta.</strong></span> 
     </span>
    </p>
   </div>
   <div class='ocr_carea' id='block_1_46' title="bbox 1775 1858 3365 1937">
    <p class='ocr_par' dir='ltr' id='par_1_46' title="bbox 1775 1858 3365 1937">
     <span class='ocr_line' id='line_1_46' title="bbox 1775 1858 3365 1937; baseline -0.001 -17"><span class='ocrx_word' id='word_1_326' title='bbox 1775 1864 1981 1920; x_wconf 85' lang='lat' dir='ltr'><strong>Similis</strong></span> <span class='ocrx_word' id='word_1_327' title='bbox 2005 1866 2155 1920; x_wconf 88' lang='lat' dir='ltr'><strong>enim</strong></span> <span class='ocrx_word' id='word_1_328' title='bbox 2187 1866 2237 1920; x_wconf 88' lang='lat' dir='ltr'><strong>ei</strong></span> <span class='ocrx_word' id='word_1_329' title='bbox 2255 1876 2358 1933; x_wconf 90' lang='lat' dir='ltr'><strong>est,</strong></span> <span class='ocrx_word' id='word_1_330' title='bbox 2377 1867 2473 1936; x_wconf 90' lang='lat' dir='ltr'><strong>qui</strong></span> <span class='ocrx_word' id='word_1_331' title='bbox 2502 1858 3103 1937; x_wconf 55' lang='lat' dir='ltr'><strong>aenigmata&#39;proponit.</strong></span> <span class='ocrx_word' id='word_1_332' title='bbox 3125 1866 3249 1918; x_wconf 83' lang='lat' dir='ltr'><strong>Iden</strong></span> <span class='ocrx_word' id='word_1_333' title='bbox 3279 1866 3365 1918; x_wconf 87' lang='lat' dir='ltr'><strong>in-</strong></span> 
     </span>
    </p>
   </div>
   <div class='ocr_carea' id='block_1_47' title="bbox 1700 1952 3365 2029">
    <p class='ocr_par' dir='ltr' id='par_1_47' title="bbox 1700 1952 3365 2029">
     <span class='ocr_line' id='line_1_47' title="bbox 1700 1952 3365 2029; baseline 0.001 -21"><span class='ocrx_word' id='word_1_334' title='bbox 1700 1952 1741 2008; x_wconf 88' lang='lat' dir='ltr'><strong>B</strong></span> <span class='ocrx_word' id='word_1_335' title='bbox 1770 1959 1993 2028; x_wconf 83' lang='lat' dir='ltr'><strong>quirere</strong></span> <span class='ocrx_word' id='word_1_336' title='bbox 2023 1960 2335 2014; x_wconf 77' lang='lat' dir='ltr'><strong>existimavi</strong></span> <span class='ocrx_word' id='word_1_337' title='bbox 2364 1971 2641 2029; x_wconf 88' lang='lat' dir='ltr'><strong>oportere,</strong></span> <span class='ocrx_word' id='word_1_338' title='bbox 2678 1973 2810 2012; x_wconf 87' lang='lat' dir='ltr'><strong>num</strong></span> <span class='ocrx_word' id='word_1_339' title='bbox 2840 1959 2970 2012; x_wconf 79' lang='lat' dir='ltr'><strong>velit</strong></span> <span class='ocrx_word' id='word_1_340' title='bbox 2998 1957 3235 2027; x_wconf 76' lang='lat' dir='ltr'><strong>experiri</strong></span> <span class='ocrx_word' id='word_1_341' title='bbox 3263 1956 3365 2011; x_wconf 84' lang='lat' dir='ltr'><strong>Pa-</strong></span> 
     </span>
    </p>
   </div>
   <div class='ocr_carea' id='block_1_48' title="bbox 1780 2048 3362 2121">
    <p class='ocr_par' dir='ltr' id='par_1_48' title="bbox 1780 2048 3362 2121">
     <span class='ocr_line' id='line_1_48' title="bbox 1780 2048 3362 2121; baseline -0.001 -19"><span class='ocrx_word' id='word_1_342' title='bbox 1780 2048 1975 2114; x_wconf 88' lang='lat' dir='ltr'><strong>lamas,</strong></span> <span class='ocrx_word' id='word_1_343' title='bbox 2015 2062 2143 2104; x_wconf 90' lang='lat' dir='ltr'><strong>num</strong></span> <span class='ocrx_word' id='word_1_344' title='bbox 2178 2051 2544 2121; x_wconf 72' lang='lat' dir='ltr'><strong>intelligerem</strong></span> <span class='ocrx_word' id='word_1_345' title='bbox 2592 2064 2623 2103; x_wconf 90' lang='lat' dir='ltr'><strong>e</strong></span> <span class='ocrx_word' id='word_1_346' title='bbox 2662 2066 2722 2104; x_wconf 85' lang='lat' dir='ltr'><strong>re</strong></span> <span class='ocrx_word' id='word_1_347' title='bbox 2755 2064 2873 2104; x_wconf 86' lang='lat' dir='ltr'><strong>mea</strong></span> <span class='ocrx_word' id='word_1_348' title='bbox 2907 2064 2968 2104; x_wconf 89' lang='lat' dir='ltr'><strong>se</strong></span> <span class='ocrx_word' id='word_1_349' title='bbox 2998 2050 3150 2118; x_wconf 80' lang='lat' dir='ltr'><strong>loqui</strong></span> <span class='ocrx_word' id='word_1_350' title='bbox 3187 2061 3362 2116; x_wconf 68' lang='lat' dir='ltr'><strong>raque</strong></span> 
     </span>
    </p>
   </div>
   <div class='ocr_carea' id='block_1_49' title="bbox 1782 2139 3371 2211">
    <p class='ocr_par' dir='ltr' id='par_1_49' title="bbox 1782 2139 3371 2211">
     <span class='ocr_line' id='line_1_49' title="bbox 1782 2139 3371 2211; baseline -0.001 -17"><span class='ocrx_word' id='word_1_351' title='bbox 1782 2140 1940 2195; x_wconf 81' lang='lat' dir='ltr'><strong>valde</strong></span> <span class='ocrx_word' id='word_1_352' title='bbox 1969 2143 2267 2204; x_wconf 88' lang='lat' dir='ltr'><strong>contraria,</strong></span> <span class='ocrx_word' id='word_1_353' title='bbox 2304 2151 2363 2195; x_wconf 91' lang='lat' dir='ltr'><strong>ut</strong></span> <span class='ocrx_word' id='word_1_354' title='bbox 2395 2142 2442 2195; x_wconf 89' lang='lat' dir='ltr'><strong>si</strong></span> <span class='ocrx_word' id='word_1_355' title='bbox 2487 2140 2618 2211; x_wconf 89' lang='lat' dir='ltr'><strong>quis</strong></span> <span class='ocrx_word' id='word_1_356' title='bbox 2655 2142 2709 2195; x_wconf 87' lang='lat' dir='ltr'><strong>in</strong></span> <span class='ocrx_word' id='word_1_357' title='bbox 2747 2139 3097 2196; x_wconf 80' lang='lat' dir='ltr'><strong>defendendo</strong></span> <span class='ocrx_word' id='word_1_358' title='bbox 3126 2142 3371 2194; x_wconf 72' lang='lat' dir='ltr'><strong>crimine</strong></span> 
     </span>
    </p>
   </div>
   <div class='ocr_carea' id='block_1_50' title="bbox 1779 2215 3369 2305">
    <p class='ocr_par' dir='ltr' id='par_1_50' title="bbox 1779 2215 3369 2305">
     <span class='ocr_line' id='line_1_50' title="bbox 1779 2215 3369 2305; baseline -0.004 -15"><span class='ocrx_word' id='word_1_359' title='bbox 1779 2215 2096 2298; x_wconf 53' lang='lat' dir='ltr'><strong>exsiswret,</strong></span> <span class='ocrx_word' id='word_1_360' title='bbox 2151 2250 2273 2305; x_wconf 80' lang='lat' dir='ltr'><strong>qua:</strong></span> <span class='ocrx_word' id='word_1_361' title='bbox 2331 2235 2622 2302; x_wconf 73' lang='lat' dir='ltr'><strong>proﬁterer</strong></span> <span class='ocrx_word' id='word_1_362' title='bbox 2674 2241 2729 2287; x_wconf 90' lang='lat' dir='ltr'><strong>et</strong></span> <span class='ocrx_word' id='word_1_363' title='bbox 2783 2231 2979 2286; x_wconf 84' lang='lat' dir='ltr'><strong>vellem</strong></span> <span class='ocrx_word' id='word_1_364' title='bbox 3009 2230 3217 2295; x_wconf 88' lang='lat' dir='ltr'><strong>dicere,</strong></span> <span class='ocrx_word' id='word_1_365' title='bbox 3249 2240 3369 2284; x_wconf 67' lang='lat' dir='ltr'><strong>non‘</strong></span> 
     </span>
    </p>
   </div>
   <div class='ocr_carea' id='block_1_51' title="bbox 1784 2324 3365 2394">
    <p class='ocr_par' dir='ltr' id='par_1_51' title="bbox 1784 2324 3365 2394">
     <span class='ocr_line' id='line_1_51' title="bbox 1784 2324 3365 2394; baseline -0.001 -15"><span class='ocrx_word' id='word_1_366' title='bbox 1784 2344 1870 2381; x_wconf 88' lang='lat' dir='ltr'><strong>me</strong></span> <span class='ocrx_word' id='word_1_367' title='bbox 1931 2328 2070 2381; x_wconf 85' lang='lat' dir='ltr'><strong>velle</strong></span> <span class='ocrx_word' id='word_1_368' title='bbox 2126 2327 2333 2392; x_wconf 87' lang='lat' dir='ltr'><strong>dicere,</strong></span> <span class='ocrx_word' id='word_1_369' title='bbox 2382 2336 2440 2379; x_wconf 88' lang='lat' dir='ltr'><strong>et</strong></span> <span class='ocrx_word' id='word_1_370' title='bbox 2487 2326 2815 2394; x_wconf 83' lang='lat' dir='ltr'><strong>quibuscum</strong></span> <span class='ocrx_word' id='word_1_371' title='bbox 2864 2324 3251 2379; x_wconf 80' lang='lat' dir='ltr'><strong>contenderem</strong></span> <span class='ocrx_word' id='word_1_372' title='bbox 3293 2338 3365 2378; x_wconf 89' lang='lat' dir='ltr'><strong>ne</strong></span> 
     </span>
    </p>
   </div>
   <div class='ocr_carea' id='block_1_52' title="bbox 1781 2415 3365 2486">
    <p class='ocr_par' dir='ltr' id='par_1_52' title="bbox 1781 2415 3365 2486">
     <span class='ocr_line' id='line_1_52' title="bbox 1781 2415 3365 2486; baseline 0 -18"><span class='ocrx_word' id='word_1_373' title='bbox 1781 2416 2152 2470; x_wconf 81' lang='lat' dir='ltr'><strong>consentirem</strong></span> <span class='ocrx_word' id='word_1_374' title='bbox 2207 2415 2499 2486; x_wconf 85' lang='lat' dir='ltr'><strong>improbis,</strong></span> <span class='ocrx_word' id='word_1_375' title='bbox 2552 2431 2677 2469; x_wconf 88' lang='lat' dir='ltr'><strong>cum</strong></span> <span class='ocrx_word' id='word_1_376' title='bbox 2713 2417 2797 2471; x_wconf 88' lang='lat' dir='ltr'><strong>eis</strong></span> <span class='ocrx_word' id='word_1_377' title='bbox 2842 2431 2930 2469; x_wconf 91' lang='lat' dir='ltr'><strong>me</strong></span> <span class='ocrx_word' id='word_1_378' title='bbox 2969 2430 3197 2485; x_wconf 77' lang='lat' dir='ltr'><strong>prorsus</strong></span> <span class='ocrx_word' id='word_1_379' title='bbox 3227 2430 3365 2469; x_wconf 88' lang='lat' dir='ltr'><strong>con-</strong></span> 
     </span>
    </p>
   </div>
   <div class='ocr_carea' id='block_1_53' title="bbox 1782 2509 3367 2579">
    <p class='ocr_par' dir='ltr' id='par_1_53' title="bbox 1782 2509 3367 2579">
     <span class='ocr_line' id='line_1_53' title="bbox 1782 2509 3367 2579; baseline -0.001 -14"><span class='ocrx_word' id='word_1_380' title='bbox 1782 2509 2010 2575; x_wconf 84' lang='lat' dir='ltr'><strong>sentire,</strong></span> <span class='ocrx_word' id='word_1_381' title='bbox 2049 2519 2336 2578; x_wconf 86' lang='lat' dir='ltr'><strong>tantopere</strong></span> <span class='ocrx_word' id='word_1_382' title='bbox 2390 2509 2461 2564; x_wconf 89' lang='lat' dir='ltr'><strong>ab</strong></span> <span class='ocrx_word' id='word_1_383' title='bbox 2515 2509 2627 2564; x_wconf 87' lang='lat' dir='ltr'><strong>illis</strong></span> <span class='ocrx_word' id='word_1_384' title='bbox 2673 2519 2972 2571; x_wconf 85' lang='lat' dir='ltr'><strong>remotum,</strong></span> <span class='ocrx_word' id='word_1_385' title='bbox 3022 2521 3367 2579; x_wconf 87' lang='lat' dir='ltr'><strong>quantopere</strong></span> 
     </span>
    </p>
   </div>
   <div class='ocr_carea' id='block_1_54' title="bbox 1781 2602 3369 2673">
    <p class='ocr_par' dir='ltr' id='par_1_54' title="bbox 1781 2602 3369 2673">
     <span class='ocr_line' id='line_1_54' title="bbox 1781 2602 3369 2673; baseline -0.001 -15"><span class='ocrx_word' id='word_1_386' title='bbox 1781 2618 1877 2658; x_wconf 89' lang='lat' dir='ltr'><strong>eos</strong></span> <span class='ocrx_word' id='word_1_387' title='bbox 1912 2602 2263 2672; x_wconf 85' lang='lat' dir='ltr'><strong>improbitate</strong></span> <span class='ocrx_word' id='word_1_388' title='bbox 2314 2616 2611 2673; x_wconf 78' lang='lat' dir='ltr'><strong>exsupero.</strong></span> <span class='ocrx_word' id='word_1_389' title='bbox 2639 2603 3013 2672; x_wconf 87' lang='lat' dir='ltr'><strong>lmprobitatis</strong></span> <span class='ocrx_word' id='word_1_390' title='bbox 3055 2605 3202 2657; x_wconf 91' lang='lat' dir='ltr'><strong>enim</strong></span> <span class='ocrx_word' id='word_1_391' title='bbox 3240 2617 3369 2673; x_wconf 60' lang='lat' dir='ltr'><strong>qua:</strong></span> 
     </span>
    </p>
   </div>
   <div class='ocr_carea' id='block_1_55' title="bbox 1783 2694 3368 2766">
    <p class='ocr_par' dir='ltr' id='par_1_55' title="bbox 1783 2694 3368 2766">
     <span class='ocr_line' id='line_1_55' title="bbox 1783 2694 3368 2766; baseline 0.001 -18"><span class='ocrx_word' id='word_1_392' title='bbox 1783 2694 1850 2748; x_wconf 88' lang='lat' dir='ltr'><strong>ad</strong></span> <span class='ocrx_word' id='word_1_393' title='bbox 1888 2695 2243 2749; x_wconf 86' lang='lat' dir='ltr'><strong>ambitionem</strong></span> <span class='ocrx_word' id='word_1_394' title='bbox 2273 2695 2657 2766; x_wconf 76' lang='lat' dir='ltr'><strong>progreditur,</strong></span> <span class='ocrx_word' id='word_1_395' title='bbox 2692 2710 2798 2750; x_wconf 89' lang='lat' dir='ltr'><strong>non</strong></span> <span class='ocrx_word' id='word_1_396' title='bbox 2855 2694 3023 2750; x_wconf 77' lang='lat' dir='ltr'><strong>breve</strong></span> <span class='ocrx_word' id='word_1_397' title='bbox 3067 2704 3216 2750; x_wconf 71' lang='lat' dir='ltr'><strong>certe</strong></span> <span class='ocrx_word' id='word_1_398' title='bbox 3243 2695 3368 2751; x_wconf 91' lang='lat' dir='ltr'><strong>illo-</strong></span> 
     </span>
    </p>
   </div>
   <div class='ocr_carea' id='block_1_56' title="bbox 1794 2787 3366 2857">
    <p class='ocr_par' dir='ltr' id='par_1_56' title="bbox 1794 2787 3366 2857">
     <span class='ocr_line' id='line_1_56' title="bbox 1794 2787 3366 2857; baseline 0.002 -16"><span class='ocrx_word' id='word_1_399' title='bbox 1794 2803 1915 2842; x_wconf 90' lang='lat' dir='ltr'><strong>rum</strong></span> <span class='ocrx_word' id='word_1_400' title='bbox 1995 2787 2356 2857; x_wconf 85' lang='lat' dir='ltr'><strong>blasphemiis</strong></span> <span class='ocrx_word' id='word_1_401' title='bbox 2425 2787 2863 2843; x_wconf 87' lang='lat' dir='ltr'><strong>additamentum</strong></span> <span class='ocrx_word' id='word_1_402' title='bbox 2933 2788 3106 2854; x_wconf 81' lang='lat' dir='ltr'><strong>dedi,</strong></span> <span class='ocrx_word' id='word_1_403' title='bbox 3153 2798 3214 2844; x_wconf 91' lang='lat' dir='ltr'><strong>ut</strong></span> <span class='ocrx_word' id='word_1_404' title='bbox 3269 2789 3366 2844; x_wconf 89' lang='lat' dir='ltr'><strong>tali</strong></span> 
     </span>
    </p>
   </div>
   <div class='ocr_carea' id='block_1_57' title="bbox 1787 2879 3366 2950">
    <p class='ocr_par' dir='ltr' id='par_1_57' title="bbox 1787 2879 3366 2950">
     <span class='ocr_line' id='line_1_57' title="bbox 1787 2879 3366 2950; baseline 0.003 -18"><span class='ocrx_word' id='word_1_405' title='bbox 1787 2880 1948 2933; x_wconf 90' lang='lat' dir='ltr'><strong>modo</strong></span> <span class='ocrx_word' id='word_1_406' title='bbox 1977 2880 2186 2934; x_wconf 88' lang='lat' dir='ltr'><strong>clarum</strong></span> <span class='ocrx_word' id='word_1_407' title='bbox 2219 2894 2420 2934; x_wconf 88' lang='lat' dir='ltr'><strong>nomen</strong></span> <span class='ocrx_word' id='word_1_408' title='bbox 2463 2880 2817 2950; x_wconf 88' lang='lat' dir='ltr'><strong>adipiscerer.</strong></span> <span class='ocrx_word' id='word_1_409' title='bbox 2844 2879 3036 2936; x_wconf 88' lang='lat' dir='ltr'><strong>Claros</strong></span> <span class='ocrx_word' id='word_1_410' title='bbox 3065 2881 3210 2936; x_wconf 87' lang='lat' dir='ltr'><strong>enim</strong></span> <span class='ocrx_word' id='word_1_411' title='bbox 3247 2880 3366 2936; x_wconf 76' lang='lat' dir='ltr'><strong>ﬁeri</strong></span> 
     </span>
    </p>
   </div>
   <div class='ocr_carea' id='block_1_58' title="bbox 1786 2971 3368 3045">
    <p class='ocr_par' dir='ltr' id='par_1_58' title="bbox 1786 2971 3368 3045">
     <span class='ocr_line' id='line_1_58' title="bbox 1786 2971 3368 3045; baseline 0.004 -20"><span class='ocrx_word' id='word_1_412' title='bbox 1786 2987 1897 3026; x_wconf 90' lang='lat' dir='ltr'><strong>non</strong></span> <span class='ocrx_word' id='word_1_413' title='bbox 1918 2983 2064 3027; x_wconf 88' lang='lat' dir='ltr'><strong>recte</strong></span> <span class='ocrx_word' id='word_1_414' title='bbox 2090 2971 2247 3027; x_wconf 80' lang='lat' dir='ltr'><strong>lactis</strong></span> <span class='ocrx_word' id='word_1_415' title='bbox 2277 2972 2456 3028; x_wconf 87' lang='lat' dir='ltr'><strong>solum</strong></span> <span class='ocrx_word' id='word_1_416' title='bbox 2486 2973 2700 3040; x_wconf 90' lang='lat' dir='ltr'><strong>audivi,</strong></span> <span class='ocrx_word' id='word_1_417' title='bbox 2736 2989 2927 3029; x_wconf 89' lang='lat' dir='ltr'><strong>verum</strong></span> <span class='ocrx_word' id='word_1_418' title='bbox 2957 2973 3122 3029; x_wconf 88' lang='lat' dir='ltr'><strong>etiam</strong></span> <span class='ocrx_word' id='word_1_419' title='bbox 3155 2990 3220 3031; x_wconf 91' lang='lat' dir='ltr'><strong>ea</strong></span> <span class='ocrx_word' id='word_1_420' title='bbox 3245 2986 3368 3045; x_wconf 70' lang='lat' dir='ltr'><strong>quat</strong></span> 
     </span>
    </p>
   </div>
   <div class='ocr_carea' id='block_1_59' title="bbox 1788 3065 3139 3139">
    <p class='ocr_par' dir='ltr' id='par_1_59' title="bbox 1788 3065 3139 3139">
     <span class='ocr_line' id='line_1_59' title="bbox 1788 3065 3139 3139; baseline 0.003 -19"><span class='ocrx_word' id='word_1_421' title='bbox 1788 3065 2197 3135; x_wconf 85' lang='lat' dir='ltr'><strong>improbitatem</strong></span> <span class='ocrx_word' id='word_1_422' title='bbox 2228 3074 2521 3136; x_wconf 78' lang='lat' dir='ltr'><strong>exsuperat</strong></span> <span class='ocrx_word' id='word_1_423' title='bbox 2550 3066 2908 3122; x_wconf 75' lang='lat' dir='ltr'><strong>scelestarum</strong></span> <span class='ocrx_word' id='word_1_424' title='bbox 2942 3068 3139 3139; x_wconf 84' lang='lat' dir='ltr'><strong>gloria.</strong></span> 
     </span>
    </p>
   </div>
   <div class='ocr_carea' id='block_1_60' title="bbox 133 3137 3369 3235">
    <p class='ocr_par' dir='ltr' id='par_1_60' title="bbox 133 3137 3369 3235">
     <span class='ocr_line' id='line_1_60' title="bbox 133 3137 3369 3235; baseline 0.004 -33"><span class='ocrx_word' id='word_1_425' title='bbox 133 3168 216 3220; x_wconf 86' lang='grc' dir='ltr'><strong>κην</strong></span> <span class='ocrx_word' id='word_1_426' title='bbox 249 3154 332 3206; x_wconf 77' lang='grc' dir='ltr'>ἐπὶ</span> <span class='ocrx_word' id='word_1_427' title='bbox 365 3156 480 3217; x_wconf 86' lang='grc' dir='ltr'>τοῖς</span> <span class='ocrx_word' id='word_1_428' title='bbox 517 3152 742 3208; x_wconf 70' lang='grc' dir='ltr'>ἐκείνων</span> <span class='ocrx_word' id='word_1_429' title='bbox 766 3153 1105 3225; x_wconf 77' lang='grc' dir='ltr'>βλασφήμοις</span> <span class='ocrx_word' id='word_1_430' title='bbox 1135 3156 1489 3228; x_wconf 75' lang='grc' dir='ltr'>ἐνεδειξάμην</span> <span class='ocrx_word' id='word_1_431' title='bbox 1526 3157 1660 3226; x_wconf 72' lang='grc' dir='ltr'><strong>ἐγὼ,</strong></span> <span class='ocrx_word' id='word_1_432' title='bbox 1701 3137 2001 3211; x_wconf 53' lang='grc' dir='ltr'>ἶν’ἶῦτωσὶ</span> <span class='ocrx_word' id='word_1_433' title='bbox 2036 3157 2366 3228; x_wconf 83' lang='grc' dir='ltr'>περιϐόητον</span> <span class='ocrx_word' id='word_1_434' title='bbox 2404 3159 2694 3229; x_wconf 81' lang='grc' dir='ltr'>κτήσωμαι</span> <span class='ocrx_word' id='word_1_435' title='bbox 2739 3137 2978 3230; x_wconf 76' lang='grc' dir='ltr'>τοῦνομα</span> <span class='ocrx_word' id='word_1_436' title='bbox 2999 3177 3012 3192; x_wconf 94' lang='grc'><strong>·</strong></span> <span class='ocrx_word' id='word_1_437' title='bbox 3046 3164 3218 3217; x_wconf 74' lang='grc' dir='ltr'>ποιεῖν</span> <span class='ocrx_word' id='word_1_438' title='bbox 3258 3163 3369 3235; x_wconf 81' lang='grc' dir='ltr'><strong>γὰρ</strong></span> 
     </span>
    </p>
   </div>
   <div class='ocr_carea' id='block_1_61' title="bbox 160 3247 3116 3324">
    <p class='ocr_par' dir='ltr' id='par_1_61' title="bbox 160 3247 3116 3324">
     <span class='ocr_line' id='line_1_61' title="bbox 160 3247 3116 3324; baseline 0.002 -24"><span class='ocrx_word' id='word_1_439' title='bbox 160 3247 344 3318; x_wconf 82' lang='grc' dir='ltr'>ήκονσα</span> <span class='ocrx_word' id='word_1_440' title='bbox 402 3248 768 3319; x_wconf 80' lang='grc' dir='ltr'>περιϐοήτους</span> <span class='ocrx_word' id='word_1_441' title='bbox 814 3249 875 3303; x_wconf 79' lang='grc' dir='ltr'>οὐ</span> <span class='ocrx_word' id='word_1_442' title='bbox 946 3247 1125 3314; x_wconf 80' lang='grc' dir='ltr'>δεξιὰς</span> <span class='ocrx_word' id='word_1_443' title='bbox 1162 3249 1391 3321; x_wconf 74' lang='grc' dir='ltr'>πράξεις</span> <span class='ocrx_word' id='word_1_444' title='bbox 1436 3251 1621 3321; x_wconf 84' lang='grc' dir='ltr'>μόνον,</span> <span class='ocrx_word' id='word_1_445' title='bbox 1645 3251 1779 3305; x_wconf 80' lang='grc' dir='ltr'><strong>ἀλλὰ</strong></span> <span class='ocrx_word' id='word_1_446' title='bbox 1821 3252 1916 3303; x_wconf 79' lang='grc' dir='ltr'><strong>καὶ</strong></span> <span class='ocrx_word' id='word_1_447' title='bbox 1948 3250 2149 3304; x_wconf 88' lang='grc' dir='ltr'>κακίαν</span> <span class='ocrx_word' id='word_1_448' title='bbox 2176 3250 2420 3303; x_wconf 83' lang='grc' dir='ltr'>νικῶσαν</span> <span class='ocrx_word' id='word_1_449' title='bbox 2449 3251 2707 3322; x_wconf 83' lang='grc' dir='ltr'>πονηρῶν</span> <span class='ocrx_word' id='word_1_450' title='bbox 2737 3252 3116 3324; x_wconf 82' lang='grc' dir='ltr'>εὐδοκίμησιν.</span> 
     </span>
    </p>
   </div>
   <div class='ocr_carea' id='block_1_62' title="bbox 191 3343 1679 3418">
    <p class='ocr_par' dir='ltr' id='par_1_62' title="bbox 191 3343 1675 3418">
     <span class='ocr_line' id='line_1_62' title="bbox 191 3343 1675 3418; baseline 0.003 -23"><span class='ocrx_word' id='word_1_451' title='bbox 191 3343 257 3398; x_wconf 77' lang='lat'><strong>1&quot;.</strong></span> <span class='ocrx_word' id='word_1_452' title='bbox 287 3343 471 3406; x_wconf 79' lang='grc' dir='ltr'>Οὖτως</span> <span class='ocrx_word' id='word_1_453' title='bbox 502 3343 734 3408; x_wconf 81' lang='grc' dir='ltr'>ἄστατος</span> <span class='ocrx_word' id='word_1_454' title='bbox 765 3347 863 3398; x_wconf 64' lang='grc' dir='ltr'>καὶ</span> <span class='ocrx_word' id='word_1_455' title='bbox 890 3344 1148 3408; x_wconf 83' lang='grc' dir='ltr'>ἀϐέϐαιός</span> <span class='ocrx_word' id='word_1_456' title='bbox 1178 3347 1298 3399; x_wconf 63' lang='grc' dir='ltr'>ἔστι</span> <span class='ocrx_word' id='word_1_457' title='bbox 1319 3347 1413 3398; x_wconf 74' lang='grc' dir='ltr'><strong>καὶ</strong></span> <span class='ocrx_word' id='word_1_458' title='bbox 1444 3346 1675 3418; x_wconf 78' lang='grc' dir='ltr'>ἀνέδρα-</span> 
     </span>
    </p>
   </div>
   <div class='ocr_carea' id='block_1_63' title="bbox 1783 3343 3370 3418">
    <p class='ocr_par' dir='ltr' id='par_1_63' title="bbox 1849 3345 3370 3408">
     <span class='ocr_line' id='line_1_63' title="bbox 1849 3345 3370 3408; baseline 0.005 -7"><span class='ocrx_word' id='word_1_459' title='bbox 1849 3345 1939 3401; x_wconf 87' lang='lat' dir='ltr'><strong>Ill.</strong></span> <span class='ocrx_word' id='word_1_460' title='bbox 1968 3345 2121 3399; x_wconf 83' lang='lat' dir='ltr'><strong>Adeo</strong></span> <span class='ocrx_word' id='word_1_461' title='bbox 2146 3345 2293 3400; x_wconf 90' lang='lat' dir='ltr'><strong>enim</strong></span> <span class='ocrx_word' id='word_1_462' title='bbox 2321 3345 2598 3402; x_wconf 86' lang='lat' dir='ltr'><strong>instabilis</strong></span> <span class='ocrx_word' id='word_1_463' title='bbox 2627 3353 2683 3400; x_wconf 91' lang='lat' dir='ltr'><strong>ct</strong></span> <span class='ocrx_word' id='word_1_464' title='bbox 2711 3347 2928 3402; x_wconf 89' lang='lat' dir='ltr'><strong>mobilis</strong></span> <span class='ocrx_word' id='word_1_465' title='bbox 2955 3358 3008 3403; x_wconf 89' lang='lat' dir='ltr'><strong>et</strong></span> <span class='ocrx_word' id='word_1_466' title='bbox 3046 3350 3370 3408; x_wconf 70' lang='lat' dir='ltr'><strong>inconstans”</strong></span> 
     </span>
    </p>
   </div>
   <div class='ocr_carea' id='block_1_64' title="bbox 135 3435 1676 3508">
    <p class='ocr_par' dir='ltr' id='par_1_64' title="bbox 135 3435 1676 3508">
     <span class='ocr_line' id='line_1_64' title="bbox 135 3435 1676 3508; baseline 0.003 -20"><span class='ocrx_word' id='word_1_467' title='bbox 135 3452 238 3499; x_wconf 65' lang='grc' dir='ltr'><strong>σος</strong></span> <span class='ocrx_word' id='word_1_468' title='bbox 266 3436 320 3502; x_wconf 78' lang='grc' dir='ltr'>ἐξ</span> <span class='ocrx_word' id='word_1_469' title='bbox 358 3435 632 3506; x_wconf 78' lang='grc' dir='ltr'>ἀμαθίας,</span> <span class='ocrx_word' id='word_1_470' title='bbox 682 3436 758 3496; x_wconf 83' lang='grc' dir='ltr'>ὡς</span> <span class='ocrx_word' id='word_1_471' title='bbox 793 3436 925 3507; x_wconf 78' lang='grc' dir='ltr'>μήθ’</span> <span class='ocrx_word' id='word_1_472' title='bbox 966 3436 1003 3491; x_wconf 81' lang='grc' dir='ltr'><strong>ὃ.</strong></span> <span class='ocrx_word' id='word_1_473' title='bbox 1039 3441 1150 3492; x_wconf 86' lang='grc' dir='ltr'>νοεῖ</span> <span class='ocrx_word' id='word_1_474' title='bbox 1179 3437 1445 3493; x_wconf 88' lang='grc' dir='ltr'>δύνασθαι</span> <span class='ocrx_word' id='word_1_475' title='bbox 1473 3439 1676 3508; x_wconf 85' lang='grc' dir='ltr'>λέγειν,</span> 
     </span>
    </p>
   </div>
   <div class='ocr_carea' id='block_1_65' title="bbox 136 3527 1680 3602">
    <p class='ocr_par' dir='ltr' id='par_1_65' title="bbox 136 3527 1680 3602">
     <span class='ocr_line' id='line_1_65' title="bbox 136 3527 1680 3602; baseline 0.005 -23"><span class='ocrx_word' id='word_1_476' title='bbox 136 3527 243 3598; x_wconf 84' lang='grc' dir='ltr'>μήθ’</span> <span class='ocrx_word' id='word_1_477' title='bbox 267 3527 301 3581; x_wconf 77' lang='grc' dir='ltr'>ἃ</span> <span class='ocrx_word' id='word_1_478' title='bbox 334 3528 484 3596; x_wconf 79' lang='grc' dir='ltr'>λέγει</span> <span class='ocrx_word' id='word_1_479' title='bbox 546 3527 810 3583; x_wconf 83' lang='grc' dir='ltr'>δύνασθαι</span> <span class='ocrx_word' id='word_1_480' title='bbox 859 3528 1129 3595; x_wconf 80' lang='grc' dir='ltr'>ξυννοεῖν,</span> <span class='ocrx_word' id='word_1_481' title='bbox 1162 3529 1298 3584; x_wconf 82' lang='grc' dir='ltr'>ἀλλὰ</span> <span class='ocrx_word' id='word_1_482' title='bbox 1337 3532 1433 3584; x_wconf 71' lang='grc' dir='ltr'><strong>καὶ</strong></span> <span class='ocrx_word' id='word_1_483' title='bbox 1462 3529 1545 3596; x_wconf 80' lang='grc' dir='ltr'><strong>οῖς</strong></span> <span class='ocrx_word' id='word_1_484' title='bbox 1580 3532 1680 3602; x_wconf 77' lang='grc' dir='ltr'>μὲν</span> 
     </span>
    </p>
   </div>
   <div class='ocr_carea' id='block_1_66' title="bbox 132 3615 1678 3689">
    <p class='ocr_par' dir='ltr' id='par_1_66' title="bbox 132 3615 1678 3689">
     <span class='ocr_line' id='line_1_66' title="bbox 132 3615 1678 3689; baseline 0.006 -22"><span class='ocrx_word' id='word_1_485' title='bbox 132 3619 349 3669; x_wconf 81' lang='grc' dir='ltr'>κοινωνεί</span> <span class='ocrx_word' id='word_1_486' title='bbox 387 3615 803 3686; x_wconf 82' lang='grc' dir='ltr'>βλασφημοῦσι,</span> <span class='ocrx_word' id='word_1_487' title='bbox 821 3619 1047 3683; x_wconf 86' lang='grc' dir='ltr'>τούτους</span> <span class='ocrx_word' id='word_1_488' title='bbox 1082 3623 1259 3675; x_wconf 82' lang='grc' dir='ltr'>δοκεῖν</span> <span class='ocrx_word' id='word_1_489' title='bbox 1297 3622 1678 3689; x_wconf 78' lang='grc' dir='ltr'>ἀποσείεσθαι,</span> 
     </span>
    </p>
   </div>
   <div class='ocr_carea' id='block_1_67' title="bbox 133 3706 1681 3777">
    <p class='ocr_par' dir='ltr' id='par_1_67' title="bbox 133 3706 1681 3777">
     <span class='ocr_line' id='line_1_67' title="bbox 133 3706 1681 3777; baseline 0.006 -19"><span class='ocrx_word' id='word_1_490' title='bbox 133 3706 209 3769; x_wconf 76' lang='grc' dir='ltr'><strong>οὓς</strong></span> <span class='ocrx_word' id='word_1_491' title='bbox 235 3707 275 3759; x_wconf 85' lang='grc' dir='ltr'>δ’</span> <span class='ocrx_word' id='word_1_492' title='bbox 321 3707 671 3772; x_wconf 82' lang='grc' dir='ltr'>ἀποσείεται,</span> <span class='ocrx_word' id='word_1_493' title='bbox 722 3709 934 3775; x_wconf 82' lang='grc' dir='ltr'>τούτοις</span> <span class='ocrx_word' id='word_1_494' title='bbox 990 3712 1170 3767; x_wconf 86' lang='grc' dir='ltr'>δοκεῖν</span> <span class='ocrx_word' id='word_1_495' title='bbox 1224 3715 1527 3777; x_wconf 83' lang='grc' dir='ltr'>κοινωνεῖν,</span> <span class='ocrx_word' id='word_1_496' title='bbox 1584 3715 1681 3768; x_wconf 81' lang='grc' dir='ltr'><strong>καὶ</strong></span> 
     </span>
    </p>
   </div>
   <div class='ocr_carea' id='block_1_68' title="bbox 133 3799 1681 3877">
    <p class='ocr_par' dir='ltr' id='par_1_68' title="bbox 133 3799 1681 3877">
     <span class='ocr_line' id='line_1_68' title="bbox 133 3799 1681 3877; baseline 0.006 -25"><span class='ocrx_word' id='word_1_497' title='bbox 133 3799 276 3868; x_wconf 58' lang='grc' dir='ltr'>ἄμφω</span> <span class='ocrx_word' id='word_1_498' title='bbox 305 3804 399 3872; x_wconf 69' lang='grc' dir='ltr'>μὲν</span> <span class='ocrx_word' id='word_1_499' title='bbox 422 3803 718 3875; x_wconf 88' lang='grc' dir='ltr'>λοιδορεῖν,</span> <span class='ocrx_word' id='word_1_500' title='bbox 748 3806 949 3875; x_wconf 83' lang='grc' dir='ltr'>ἀμφοῖν</span> <span class='ocrx_word' id='word_1_501' title='bbox 981 3805 1038 3861; x_wconf 85' lang='grc' dir='ltr'>δὲ</span> <span class='ocrx_word' id='word_1_502' title='bbox 1069 3809 1405 3877; x_wconf 82' lang='grc' dir='ltr'>συμφωνεῖν.</span> <span class='ocrx_word' id='word_1_503' title='bbox 1439 3810 1550 3862; x_wconf 72' lang='grc' dir='ltr'><strong>Καὶ</strong></span> <span class='ocrx_word' id='word_1_504' title='bbox 1580 3808 1681 3862; x_wconf 80' lang='grc' dir='ltr'>οὐκ</span> 
     </span>
    </p>
   </div>
   <div class='ocr_carea' id='block_1_69' title="bbox 134 3888 1684 3969">
    <p class='ocr_par' dir='ltr' id='par_1_69' title="bbox 134 3888 1684 3969">
     <span class='ocr_line' id='line_1_69' title="bbox 134 3888 1684 3969; baseline 0.006 -25"><span class='ocrx_word' id='word_1_505' title='bbox 134 3888 215 3944; x_wconf 76' lang='grc' dir='ltr'>οἷδ’</span> <span class='ocrx_word' id='word_1_506' title='bbox 245 3894 500 3968; x_wconf 81' lang='grc' dir='ltr'>ὁπότερον</span> <span class='ocrx_word' id='word_1_507' title='bbox 539 3895 642 3965; x_wconf 85' lang='grc' dir='ltr'><strong>μὲν</strong></span> <span class='ocrx_word' id='word_1_508' title='bbox 687 3895 801 3950; x_wconf 88' lang='grc' dir='ltr'><strong>τῶν</strong></span> <span class='ocrx_word' id='word_1_509' title='bbox 837 3896 1026 3950; x_wconf 86' lang='grc' dir='ltr'>κακῶν</span> <span class='ocrx_word' id='word_1_510' title='bbox 1076 3899 1398 3953; x_wconf 82' lang='grc' dir='ltr'>ἀποσείεται</span> <span class='ocrx_word' id='word_1_511' title='bbox 1444 3898 1684 3969; x_wconf 80' lang='grc' dir='ltr'>μάλιστα</span> 
     </span>
    </p>
   </div>
   <div class='ocr_carea' id='block_1_70' title="bbox 137 3984 1679 4060">
    <p class='ocr_par' dir='ltr' id='par_1_70' title="bbox 137 3984 1679 4060">
     <span class='ocr_line' id='line_1_70' title="bbox 137 3984 1679 4060; baseline 0.006 -25"><span class='ocrx_word' id='word_1_512' title='bbox 137 3984 348 4052; x_wconf 77' lang='grc' dir='ltr'>πάντων,</span> <span class='ocrx_word' id='word_1_513' title='bbox 378 3987 641 4057; x_wconf 39' lang='grc' dir='ltr'>όποτέρῳκ</span> <span class='ocrx_word' id='word_1_514' title='bbox 660 3986 707 4038; x_wconf 81' lang='grc' dir='ltr'>δ’</span> <span class='ocrx_word' id='word_1_515' title='bbox 731 3985 798 4041; x_wconf 78' lang='grc' dir='ltr'><strong>αὖ</strong></span> <span class='ocrx_word' id='word_1_516' title='bbox 834 3988 1120 4044; x_wconf 86' lang='grc' dir='ltr'>σπένδεται</span> <span class='ocrx_word' id='word_1_517' title='bbox 1160 3989 1398 4060; x_wconf 86' lang='grc' dir='ltr'>μάλιστα</span> <span class='ocrx_word' id='word_1_518' title='bbox 1427 3992 1645 4045; x_wconf 80' lang='grc' dir='ltr'>πάντων</span> <span class='ocrx_word' id='word_1_519' title='bbox 1663 4007 1679 4024; x_wconf 75' lang='grc' dir='ltr'><strong>ο</strong></span> 
     </span>
    </p>
   </div>
   <div class='ocr_carea' id='block_1_71' title="bbox 138 4077 1684 4153">
    <p class='ocr_par' dir='ltr' id='par_1_71' title="bbox 138 4077 1684 4153">
     <span class='ocr_line' id='line_1_71' title="bbox 138 4077 1684 4153; baseline 0.007 -25"><span class='ocrx_word' id='word_1_520' title='bbox 138 4077 291 4131; x_wconf 77' lang='grc' dir='ltr'>πάντα</span> <span class='ocrx_word' id='word_1_521' title='bbox 323 4080 422 4149; x_wconf 81' lang='grc' dir='ltr'>μὲν</span> <span class='ocrx_word' id='word_1_522' title='bbox 451 4079 569 4149; x_wconf 83' lang='grc' dir='ltr'><strong>γὰρ</strong></span> <span class='ocrx_word' id='word_1_523' title='bbox 596 4080 697 4132; x_wconf 86' lang='grc' dir='ltr'>ὅσα</span> <span class='ocrx_word' id='word_1_524' title='bbox 720 4080 771 4133; x_wconf 76' lang='grc' dir='ltr'>οἱ</span> <span class='ocrx_word' id='word_1_525' title='bbox 802 4080 1042 4153; x_wconf 84' lang='grc' dir='ltr'>λεχθείη,</span> <span class='ocrx_word' id='word_1_526' title='bbox 1070 4083 1244 4153; x_wconf 85' lang='grc' dir='ltr'>μεστὰ</span> <span class='ocrx_word' id='word_1_527' title='bbox 1275 4084 1482 4148; x_wconf 85' lang='grc' dir='ltr'>κακῶν,</span> <span class='ocrx_word' id='word_1_528' title='bbox 1504 4086 1684 4140; x_wconf 79' lang='grc' dir='ltr'>πάντα</span> 
     </span>
    </p>
   </div>
   <div class='ocr_carea' id='block_1_72' title="bbox 134 4165 1684 4239">
    <p class='ocr_par' dir='ltr' id='par_1_72' title="bbox 134 4165 1684 4239">
     <span class='ocr_line' id='line_1_72' title="bbox 134 4165 1684 4239; baseline 0.006 -20"><span class='ocrx_word' id='word_1_529' title='bbox 134 4165 173 4219; x_wconf 82' lang='grc' dir='ltr'>δ’</span> <span class='ocrx_word' id='word_1_530' title='bbox 207 4168 296 4219; x_wconf 81' lang='grc' dir='ltr'>ὅσα</span> <span class='ocrx_word' id='word_1_531' title='bbox 324 4169 374 4222; x_wconf 76' lang='lat' dir='ltr'><strong>oi.</strong></span> <span class='ocrx_word' id='word_1_532' title='bbox 413 4169 717 4239; x_wconf 87' lang='grc' dir='ltr'>γνωσθείη,</span> <span class='ocrx_word' id='word_1_533' title='bbox 764 4170 926 4239; x_wconf 81' lang='grc' dir='ltr'>γέμει</span> <span class='ocrx_word' id='word_1_534' title='bbox 956 4172 1178 4235; x_wconf 87' lang='grc' dir='ltr'>νυκτός.</span> <span class='ocrx_word' id='word_1_535' title='bbox 1216 4172 1450 4228; x_wconf 87' lang='grc' dir='ltr'>Βεϐαίου</span> <span class='ocrx_word' id='word_1_536' title='bbox 1501 4174 1559 4227; x_wconf 79' lang='grc' dir='ltr'>δὲ</span> <span class='ocrx_word' id='word_1_537' title='bbox 1590 4177 1684 4229; x_wconf 78' lang='grc' dir='ltr'><strong>καὶ</strong></span> 
     </span>
    </p>
   </div>
   <div class='ocr_carea' id='block_1_73' title="bbox 136 4257 1681 4335">
    <p class='ocr_par' dir='ltr' id='par_1_73' title="bbox 136 4257 1681 4335">
     <span class='ocr_line' id='line_1_73' title="bbox 136 4257 1681 4335; baseline 0.006 -26"><span class='ocrx_word' id='word_1_538' title='bbox 136 4257 363 4312; x_wconf 77' lang='grc' dir='ltr'>ἀϐεϐαίου</span> <span class='ocrx_word' id='word_1_539' title='bbox 408 4260 564 4330; x_wconf 79' lang='grc' dir='ltr'>πέρι,</span> <span class='ocrx_word' id='word_1_540' title='bbox 618 4258 743 4313; x_wconf 78' lang='grc' dir='ltr'>οὔτε</span> <span class='ocrx_word' id='word_1_541' title='bbox 783 4260 1012 4332; x_wconf 79' lang='grc' dir='ltr'>θάτερον</span> <span class='ocrx_word' id='word_1_542' title='bbox 1059 4260 1175 4316; x_wconf 77' lang='grc' dir='ltr'>οὔτ’</span> <span class='ocrx_word' id='word_1_543' title='bbox 1229 4264 1518 4335; x_wconf 77' lang='grc' dir='ltr'>οὐδέτερον</span> <span class='ocrx_word' id='word_1_544' title='bbox 1570 4264 1681 4320; x_wconf 78' lang='grc' dir='ltr'>οὔτ’</span> 
     </span>
    </p>
   </div>
   <div class='ocr_carea' id='block_1_74' title="bbox 136 4347 1685 4426">
    <p class='ocr_par' dir='ltr' id='par_1_74' title="bbox 136 4347 1685 4426">
     <span class='ocr_line' id='line_1_74' title="bbox 136 4347 1685 4426; baseline 0.007 -26"><span class='ocrx_word' id='word_1_545' title='bbox 136 4347 413 4422; x_wconf 61' lang='grc' dir='ltr'>ἀμφότερον</span> <span class='ocrx_word' id='word_1_546' title='bbox 447 4349 609 4421; x_wconf 75' lang='grc' dir='ltr'>εὖροι</span> <span class='ocrx_word' id='word_1_547' title='bbox 634 4368 721 4415; x_wconf 87' lang='grc' dir='ltr'><strong>τις</strong></span> <span class='ocrx_word' id='word_1_548' title='bbox 746 4350 814 4405; x_wconf 80' lang='grc' dir='ltr'><strong>ἂν</strong></span> <span class='ocrx_word' id='word_1_549' title='bbox 844 4352 1177 4423; x_wconf 73' lang='grc' dir='ltr'>ἐρριμμένον</span> <span class='ocrx_word' id='word_1_550' title='bbox 1208 4354 1241 4426; x_wconf 78' lang='grc' dir='ltr'>ἢ</span> <span class='ocrx_word' id='word_1_551' title='bbox 1279 4354 1685 4426; x_wconf 81' lang='grc' dir='ltr'>ἀνειλημμένον</span> 
     </span>
    </p>
   </div>
   <div class='ocr_carea' id='block_1_75' title="bbox 137 4438 1687 4512">
    <p class='ocr_par' dir='ltr' id='par_1_75' title="bbox 137 4438 1687 4512">
     <span class='ocr_line' id='line_1_75' title="bbox 137 4438 1687 4512; baseline 0.005 -22"><span class='ocrx_word' id='word_1_552' title='bbox 137 4440 182 4501; x_wconf 75' lang='grc' dir='ltr'>ἐς</span> <span class='ocrx_word' id='word_1_553' title='bbox 204 4440 258 4493; x_wconf 81' lang='grc' dir='ltr'><strong>τὸ</strong></span> <span class='ocrx_word' id='word_1_554' title='bbox 283 4438 706 4510; x_wconf 67' lang='grc' dir='ltr'>ὁωσδηποτοῦν</span> <span class='ocrx_word' id='word_1_555' title='bbox 735 4439 905 4509; x_wconf 79' lang='grc' dir='ltr'>σαφὲς</span> <span class='ocrx_word' id='word_1_556' title='bbox 950 4441 1156 4512; x_wconf 85' lang='grc' dir='ltr'>τάνδρί.</span> <span class='ocrx_word' id='word_1_557' title='bbox 1191 4440 1348 4497; x_wconf 73' lang='grc' dir='ltr'>Οὕτω</span> <span class='ocrx_word' id='word_1_558' title='bbox 1398 4446 1533 4512; x_wconf 70' lang='grc' dir='ltr'>πρὸς</span> <span class='ocrx_word' id='word_1_559' title='bbox 1562 4445 1687 4497; x_wconf 81' lang='grc' dir='ltr'>ἄτο-</span> 
     </span>
    </p>
   </div>
   <div class='ocr_carea' id='block_1_76' title="bbox 139 4522 1684 4594">
    <p class='ocr_par' dir='ltr' id='par_1_76' title="bbox 139 4522 1684 4594">
     <span class='ocr_line' id='line_1_76' title="bbox 139 4522 1684 4594; baseline 0.005 -22"><span class='ocrx_word' id='word_1_560' title='bbox 139 4523 222 4574; x_wconf 76' lang='grc' dir='ltr'>τιὸν</span> <span class='ocrx_word' id='word_1_561' title='bbox 267 4540 318 4576; x_wconf 87' lang='grc' dir='ltr'><strong>τι</strong></span> <span class='ocrx_word' id='word_1_562' title='bbox 356 4526 446 4578; x_wconf 76' lang='grc' dir='ltr'>καὶ</span> <span class='ocrx_word' id='word_1_563' title='bbox 494 4522 799 4594; x_wconf 74' lang='grc' dir='ltr'>τερατῶδες</span> <span class='ocrx_word' id='word_1_564' title='bbox 849 4526 876 4577; x_wconf 84' lang='grc' dir='ltr'>ὁ</span> <span class='ocrx_word' id='word_1_565' title='bbox 915 4524 1178 4592; x_wconf 83' lang='grc' dir='ltr'>γεννάδας</span> <span class='ocrx_word' id='word_1_566' title='bbox 1228 4526 1684 4594; x_wconf 84' lang='grc' dir='ltr'>μεταπέπλασται</span> 
     </span>
    </p>
   </div>
   <div class='ocr_carea' id='block_1_77' title="bbox 138 4615 1682 4691">
    <p class='ocr_par' dir='ltr' id='par_1_77' title="bbox 138 4615 1682 4691">
     <span class='ocr_line' id='line_1_77' title="bbox 138 4615 1682 4691; baseline 0.001 -22"><span class='ocrx_word' id='word_1_567' title='bbox 138 4615 302 4684; x_wconf 72' lang='grc' dir='ltr'>χρῆμα</span> <span class='ocrx_word' id='word_1_568' title='bbox 323 4632 335 4647; x_wconf 91' lang='grc'>·</span> <span class='ocrx_word' id='word_1_569' title='bbox 362 4620 424 4670; x_wconf 81' lang='grc' dir='ltr'>ὲκ</span> <span class='ocrx_word' id='word_1_570' title='bbox 451 4617 556 4687; x_wconf 85' lang='grc' dir='ltr'>μὲν</span> <span class='ocrx_word' id='word_1_571' title='bbox 591 4617 702 4687; x_wconf 83' lang='grc' dir='ltr'><strong>γὰρ</strong></span> <span class='ocrx_word' id='word_1_572' title='bbox 722 4615 816 4669; x_wconf 77' lang='grc' dir='ltr'>τοῦ</span> <span class='ocrx_word' id='word_1_573' title='bbox 844 4615 1123 4687; x_wconf 80' lang='grc' dir='ltr'>ὁμοδοξεῖν</span> <span class='ocrx_word' id='word_1_574' title='bbox 1151 4620 1264 4682; x_wconf 86' lang='grc' dir='ltr'>τοῖς</span> <span class='ocrx_word' id='word_1_575' title='bbox 1285 4618 1682 4691; x_wconf 83' lang='grc' dir='ltr'>Εἱκονομάχοις</span> 
     </span>
    </p>
   </div>
   <div class='ocr_carea' id='block_1_78' title="bbox 1782 3436 3372 3513">
    <p class='ocr_par' dir='ltr' id='par_1_78' title="bbox 1782 3436 3372 3513">
     <span class='ocr_line' id='line_1_78' title="bbox 1782 3436 3372 3513; baseline 0.005 -22"><span class='ocrx_word' id='word_1_576' title='bbox 1782 3452 1881 3506; x_wconf 91' lang='lat' dir='ltr'><strong>per</strong></span> <span class='ocrx_word' id='word_1_577' title='bbox 1906 3436 2267 3507; x_wconf 80' lang='lat' dir='ltr'><strong>ignorantiam</strong></span> <span class='ocrx_word' id='word_1_578' title='bbox 2302 3445 2407 3503; x_wconf 91' lang='lat' dir='ltr'><strong>est,</strong></span> <span class='ocrx_word' id='word_1_579' title='bbox 2427 3444 2487 3490; x_wconf 86' lang='lat' dir='ltr'><strong>ut</strong></span> <span class='ocrx_word' id='word_1_580' title='bbox 2502 3451 2606 3492; x_wconf 90' lang='lat' dir='ltr'><strong>nec</strong></span> <span class='ocrx_word' id='word_1_581' title='bbox 2621 3437 2806 3493; x_wconf 88' lang='lat' dir='ltr'><strong>dicere</strong></span> <span class='ocrx_word' id='word_1_582' title='bbox 2827 3439 2997 3509; x_wconf 89' lang='lat' dir='ltr'><strong>possit</strong></span> <span class='ocrx_word' id='word_1_583' title='bbox 3013 3456 3133 3510; x_wconf 68' lang='lat' dir='ltr'><strong>qua:</strong></span> <span class='ocrx_word' id='word_1_584' title='bbox 3164 3444 3372 3513; x_wconf 77' lang='lat' dir='ltr'><strong>cogitat</strong></span> 
     </span>
    </p>
   </div>
   <div class='ocr_carea' id='block_1_79' title="bbox 1783 3527 3368 3605">
    <p class='ocr_par' dir='ltr' id='par_1_79' title="bbox 1783 3527 3368 3605">
     <span class='ocr_line' id='line_1_79' title="bbox 1783 3527 3368 3605; baseline 0.006 -25"><span class='ocrx_word' id='word_1_585' title='bbox 1783 3542 1888 3581; x_wconf 91' lang='lat' dir='ltr'><strong>nec</strong></span> <span class='ocrx_word' id='word_1_586' title='bbox 1934 3527 2178 3597; x_wconf 82' lang='lat' dir='ltr'><strong>cogitare</strong></span> <span class='ocrx_word' id='word_1_587' title='bbox 2227 3542 2350 3597; x_wconf 71' lang='lat' dir='ltr'><strong>qua:</strong></span> <span class='ocrx_word' id='word_1_588' title='bbox 2396 3528 2557 3594; x_wconf 88' lang='lat' dir='ltr'><strong>dicit,</strong></span> <span class='ocrx_word' id='word_1_589' title='bbox 2604 3530 2702 3585; x_wconf 90' lang='lat' dir='ltr'><strong>sed</strong></span> <span class='ocrx_word' id='word_1_590' title='bbox 2734 3531 3072 3601; x_wconf 89' lang='lat' dir='ltr'><strong>quibuscum</strong></span> <span class='ocrx_word' id='word_1_591' title='bbox 3107 3532 3368 3605; x_wconf 84' lang='lat' dir='ltr'><strong>blasphe-</strong></span> 
     </span>
    </p>
   </div>
   <div class='ocr_carea' id='block_1_80' title="bbox 1782 3617 3377 3695">
    <p class='ocr_par' dir='ltr' id='par_1_80' title="bbox 1782 3617 3377 3695">
     <span class='ocr_line' id='line_1_80' title="bbox 1782 3617 3377 3695; baseline 0.008 -25"><span class='ocrx_word' id='word_1_592' title='bbox 1782 3617 1918 3673; x_wconf 89' lang='lat' dir='ltr'><strong>mias</strong></span> <span class='ocrx_word' id='word_1_593' title='bbox 1967 3619 2365 3682; x_wconf 86' lang='lat' dir='ltr'><strong>communicat,</strong></span> <span class='ocrx_word' id='word_1_594' title='bbox 2414 3635 2511 3674; x_wconf 83' lang='lat' dir='ltr'><strong>eos</strong></span> <span class='ocrx_word' id='word_1_595' title='bbox 2569 3620 2825 3676; x_wconf 87' lang='lat' dir='ltr'><strong>videatur</strong></span> <span class='ocrx_word' id='word_1_596' title='bbox 2879 3625 3161 3687; x_wconf 87' lang='lat' dir='ltr'><strong>aversari,</strong></span> <span class='ocrx_word' id='word_1_597' title='bbox 3227 3642 3377 3695; x_wconf 84' lang='lat' dir='ltr'><strong>quas</strong></span> 
     </span>
    </p>
   </div>
   <div class='ocr_carea' id='block_1_81' title="bbox 1781 3711 3377 3781">
    <p class='ocr_par' dir='ltr' id='par_1_81' title="bbox 1781 3711 3377 3781">
     <span class='ocr_line' id='line_1_81' title="bbox 1781 3711 3377 3781; baseline 0.008 -20"><span class='ocrx_word' id='word_1_598' title='bbox 1781 3716 1962 3763; x_wconf 74' lang='lat' dir='ltr'><strong>autem</strong></span> <span class='ocrx_word' id='word_1_599' title='bbox 1993 3721 2300 3774; x_wconf 88' lang='lat' dir='ltr'><strong>aversatur,</strong></span> <span class='ocrx_word' id='word_1_600' title='bbox 2330 3726 2456 3767; x_wconf 90' lang='lat' dir='ltr'><strong>cum</strong></span> <span class='ocrx_word' id='word_1_601' title='bbox 2489 3711 2558 3766; x_wconf 81' lang='lat' dir='ltr'><strong>iis</strong></span> <span class='ocrx_word' id='word_1_602' title='bbox 2588 3714 3023 3781; x_wconf 87' lang='lat' dir='ltr'><strong>communicare,</strong></span> <span class='ocrx_word' id='word_1_603' title='bbox 3065 3716 3139 3772; x_wconf 91' lang='lat' dir='ltr'><strong>ita</strong></span> <span class='ocrx_word' id='word_1_604' title='bbox 3166 3725 3226 3772; x_wconf 91' lang='lat' dir='ltr'><strong>ut</strong></span> <span class='ocrx_word' id='word_1_605' title='bbox 3246 3732 3377 3774; x_wconf 88' lang='lat' dir='ltr'><strong>eos-</strong></span> 
     </span>
    </p>
   </div>
   <div class='ocr_carea' id='block_1_82' title="bbox 1784 3801 3378 3883">
    <p class='ocr_par' dir='ltr' id='par_1_82' title="bbox 1784 3801 3378 3883">
     <span class='ocr_line' id='line_1_82' title="bbox 1784 3801 3378 3883; baseline 0.01 -29"><span class='ocrx_word' id='word_1_606' title='bbox 1784 3801 1907 3856; x_wconf 90' lang='lat' dir='ltr'><strong>dem</strong></span> <span class='ocrx_word' id='word_1_607' title='bbox 1942 3812 1996 3857; x_wconf 92' lang='lat' dir='ltr'><strong>et</strong></span> <span class='ocrx_word' id='word_1_608' title='bbox 2033 3805 2399 3860; x_wconf 82' lang='lat' dir='ltr'><strong>calumnietur</strong></span> <span class='ocrx_word' id='word_1_609' title='bbox 2451 3816 2504 3860; x_wconf 90' lang='lat' dir='ltr'><strong>et</strong></span> <span class='ocrx_word' id='word_1_610' title='bbox 2532 3806 2821 3877; x_wconf 65' lang='lat' dir='ltr'><strong>sequatur.</strong></span> <span class='ocrx_word' id='word_1_611' title='bbox 2866 3809 2981 3866; x_wconf 85' lang='lat' dir='ltr'><strong>Nec</strong></span> <span class='ocrx_word' id='word_1_612' title='bbox 3022 3811 3137 3867; x_wconf 89' lang='lat' dir='ltr'><strong>scio</strong></span> <span class='ocrx_word' id='word_1_613' title='bbox 3176 3829 3378 3883; x_wconf 83' lang='lat' dir='ltr'><strong>quem-</strong></span> 
     </span>
    </p>
   </div>
   <div class='ocr_carea' id='block_1_83' title="bbox 1783 3893 3376 3964">
    <p class='ocr_par' dir='ltr' id='par_1_83' title="bbox 1783 3893 3376 3964">
     <span class='ocr_line' id='line_1_83' title="bbox 1783 3893 3376 3964; baseline 0.008 -19"><span class='ocrx_word' id='word_1_614' title='bbox 1783 3908 1910 3946; x_wconf 90' lang='lat' dir='ltr'><strong>nam</strong></span> <span class='ocrx_word' id='word_1_615' title='bbox 1945 3893 2242 3964; x_wconf 90' lang='lat' dir='ltr'><strong>impiorum</strong></span> <span class='ocrx_word' id='word_1_616' title='bbox 2275 3896 2521 3950; x_wconf 89' lang='lat' dir='ltr'><strong>omnium</strong></span> <span class='ocrx_word' id='word_1_617' title='bbox 2546 3898 2781 3952; x_wconf 78' lang='lat' dir='ltr'><strong>maxime</strong></span> <span class='ocrx_word' id='word_1_618' title='bbox 2811 3909 3116 3964; x_wconf 88' lang='lat' dir='ltr'><strong>aversetur,</strong></span> <span class='ocrx_word' id='word_1_619' title='bbox 3145 3901 3376 3956; x_wconf 78' lang='lat' dir='ltr'><strong>cuinam</strong></span> 
     </span>
    </p>
   </div>
   <div class='ocr_carea' id='block_1_84' title="bbox 1781 3984 3377 4059">
    <p class='ocr_par' dir='ltr' id='par_1_84' title="bbox 1781 3984 3377 4059">
     <span class='ocr_line' id='line_1_84' title="bbox 1781 3984 3377 4059; baseline 0.006 -21"><span class='ocrx_word' id='word_1_620' title='bbox 1781 3984 1945 4059; x_wconf 68' lang='grc'><strong>477</strong></span> <span class='ocrx_word' id='word_1_621' title='bbox 1980 4002 2109 4041; x_wconf 89' lang='lat' dir='ltr'><strong>vero</strong></span> <span class='ocrx_word' id='word_1_622' title='bbox 2145 3988 2392 4041; x_wconf 79' lang='lat' dir='ltr'><strong>ninnium</strong></span> <span class='ocrx_word' id='word_1_623' title='bbox 2450 3989 2688 4043; x_wconf 80' lang='lat' dir='ltr'><strong>maxime</strong></span> <span class='ocrx_word' id='word_1_624' title='bbox 2719 3990 2921 4044; x_wconf 82' lang='lat' dir='ltr'><strong>faveat.</strong></span> <span class='ocrx_word' id='word_1_625' title='bbox 2980 3991 3169 4046; x_wconf 88' lang='lat' dir='ltr'><strong>Omnia</strong></span> <span class='ocrx_word' id='word_1_626' title='bbox 3217 3995 3377 4049; x_wconf 78' lang='lat' dir='ltr'><strong>enim</strong></span> 
     </span>
    </p>
   </div>
   <div class='ocr_carea' id='block_1_85' title="bbox 1783 4079 3367 4153">
    <p class='ocr_par' dir='ltr' id='par_1_85' title="bbox 1783 4079 3367 4153">
     <span class='ocr_line' id='line_1_85' title="bbox 1783 4079 3367 4153; baseline 0.007 -22"><span class='ocrx_word' id='word_1_627' title='bbox 1783 4091 1849 4132; x_wconf 88' lang='lat' dir='ltr'><strong>ea</strong></span> <span class='ocrx_word' id='word_1_628' title='bbox 1893 4094 2014 4148; x_wconf 65' lang='lat' dir='ltr'><strong>quae</strong></span> <span class='ocrx_word' id='word_1_629' title='bbox 2048 4079 2187 4134; x_wconf 87' lang='lat' dir='ltr'><strong>abeo</strong></span> <span class='ocrx_word' id='word_1_630' title='bbox 2214 4080 2358 4134; x_wconf 87' lang='lat' dir='ltr'><strong>dicta</strong></span> <span class='ocrx_word' id='word_1_631' title='bbox 2380 4093 2529 4145; x_wconf 85' lang='lat' dir='ltr'><strong>sunt,</strong></span> <span class='ocrx_word' id='word_1_632' title='bbox 2563 4083 2723 4151; x_wconf 86' lang='lat' dir='ltr'><strong>plena</strong></span> <span class='ocrx_word' id='word_1_633' title='bbox 2775 4082 3155 4153; x_wconf 79' lang='lat' dir='ltr'><strong>malignitatis,</strong></span> <span class='ocrx_word' id='word_1_634' title='bbox 3182 4088 3367 4144; x_wconf 87' lang='lat' dir='ltr'><strong>omnia</strong></span> 
     </span>
    </p>
   </div>
   <div class='ocr_carea' id='block_1_86' title="bbox 1784 4169 3375 4243">
    <p class='ocr_par' dir='ltr' id='par_1_86' title="bbox 1784 4169 3375 4243">
     <span class='ocr_line' id='line_1_86' title="bbox 1784 4169 3375 4243; baseline 0.008 -21"><span class='ocrx_word' id='word_1_635' title='bbox 1784 4183 1908 4237; x_wconf 73' lang='lat' dir='ltr'><strong>qua:</strong></span> <span class='ocrx_word' id='word_1_636' title='bbox 1949 4169 2017 4224; x_wconf 88' lang='lat' dir='ltr'><strong>ab</strong></span> <span class='ocrx_word' id='word_1_637' title='bbox 2051 4185 2118 4224; x_wconf 84' lang='lat' dir='ltr'><strong>eo</strong></span> <span class='ocrx_word' id='word_1_638' title='bbox 2150 4172 2370 4241; x_wconf 83' lang='lat' dir='ltr'><strong>cognita</strong></span> <span class='ocrx_word' id='word_1_639' title='bbox 2418 4181 2569 4235; x_wconf 88' lang='lat' dir='ltr'><strong>sunt,</strong></span> <span class='ocrx_word' id='word_1_640' title='bbox 2617 4181 2830 4229; x_wconf 89' lang='lat' dir='ltr'><strong>scatent</strong></span> <span class='ocrx_word' id='word_1_641' title='bbox 2879 4174 3141 4230; x_wconf 89' lang='lat' dir='ltr'><strong>tenebris.</strong></span> <span class='ocrx_word' id='word_1_642' title='bbox 3208 4176 3375 4243; x_wconf 76' lang='lat' dir='ltr'><strong>Quod</strong></span> 
     </span>
    </p>
   </div>
   <div class='ocr_carea' id='block_1_87' title="bbox 1782 4262 3379 4343">
    <p class='ocr_par' dir='ltr' id='par_1_87' title="bbox 1782 4262 3379 4343">
     <span class='ocr_line' id='line_1_87' title="bbox 1782 4262 3379 4343; baseline 0.006 -29"><span class='ocrx_word' id='word_1_643' title='bbox 1782 4275 1915 4314; x_wconf 88' lang='lat' dir='ltr'><strong>vero</strong></span> <span class='ocrx_word' id='word_1_644' title='bbox 1944 4269 2156 4315; x_wconf 91' lang='lat' dir='ltr'><strong>certum</strong></span> <span class='ocrx_word' id='word_1_645' title='bbox 2188 4273 2243 4316; x_wconf 91' lang='lat' dir='ltr'><strong>et</strong></span> <span class='ocrx_word' id='word_1_646' title='bbox 2292 4262 2564 4317; x_wconf 88' lang='lat' dir='ltr'><strong>incertum</strong></span> <span class='ocrx_word' id='word_1_647' title='bbox 2614 4263 2847 4331; x_wconf 83' lang='lat' dir='ltr'><strong>attinet,</strong></span> <span class='ocrx_word' id='word_1_648' title='bbox 2904 4275 3162 4343; x_wconf 78' lang='lat' dir='ltr'><strong>neutrum</strong></span> <span class='ocrx_word' id='word_1_649' title='bbox 3216 4279 3379 4324; x_wconf 71' lang='lat' dir='ltr'><strong>certe</strong></span> 
     </span>
    </p>
   </div>
   <div class='ocr_carea' id='block_1_88' title="bbox 1784 4352 3369 4429">
    <p class='ocr_par' dir='ltr' id='par_1_88' title="bbox 1784 4352 3369 4429">
     <span class='ocr_line' id='line_1_88' title="bbox 1784 4352 3369 4429; baseline 0.005 -23"><span class='ocrx_word' id='word_1_650' title='bbox 1784 4353 2077 4422; x_wconf 89' lang='lat' dir='ltr'><strong>quisquam</strong></span> <span class='ocrx_word' id='word_1_651' title='bbox 2114 4352 2360 4408; x_wconf 87' lang='lat' dir='ltr'><strong>inveniet</strong></span> <span class='ocrx_word' id='word_1_652' title='bbox 2386 4367 2483 4409; x_wconf 88' lang='lat' dir='ltr'><strong>aut</strong></span> <span class='ocrx_word' id='word_1_653' title='bbox 2514 4354 2782 4426; x_wconf 67' lang='lat' dir='ltr'><strong>reiectum</strong></span> <span class='ocrx_word' id='word_1_654' title='bbox 2812 4355 2882 4412; x_wconf 86' lang='lat' dir='ltr'><strong>ab</strong></span> <span class='ocrx_word' id='word_1_655' title='bbox 2911 4370 2980 4413; x_wconf 89' lang='lat' dir='ltr'><strong>eo</strong></span> <span class='ocrx_word' id='word_1_656' title='bbox 3010 4367 3106 4414; x_wconf 90' lang='lat' dir='ltr'><strong>aut</strong></span> <span class='ocrx_word' id='word_1_657' title='bbox 3137 4358 3203 4414; x_wconf 91' lang='lat' dir='ltr'><strong>ad</strong></span> <span class='ocrx_word' id='word_1_658' title='bbox 3237 4375 3369 4429; x_wconf 81' lang='lat' dir='ltr'><strong>per-</strong></span> 
     </span>
    </p>
   </div>
   <div class='ocr_carea' id='block_1_89' title="bbox 1784 4444 3381 4520">
    <p class='ocr_par' dir='ltr' id='par_1_89' title="bbox 1784 4444 3381 4520">
     <span class='ocr_line' id='line_1_89' title="bbox 1784 4444 3381 4520; baseline 0.004 -20"><span class='ocrx_word' id='word_1_659' title='bbox 1784 4444 2134 4515; x_wconf 88' lang='lat' dir='ltr'><strong>spicuitatem</strong></span> <span class='ocrx_word' id='word_1_660' title='bbox 2169 4446 2467 4515; x_wconf 88' lang='lat' dir='ltr'><strong>quamdam</strong></span> <span class='ocrx_word' id='word_1_661' title='bbox 2500 4458 2782 4502; x_wconf 89' lang='lat' dir='ltr'><strong>vocatum.</strong></span> <span class='ocrx_word' id='word_1_662' title='bbox 2850 4449 3037 4520; x_wconf 83' lang='lat' dir='ltr'><strong>itaque</strong></span> <span class='ocrx_word' id='word_1_663' title='bbox 3073 4467 3275 4507; x_wconf 88' lang='lat' dir='ltr'><strong>novum</strong></span> <span class='ocrx_word' id='word_1_664' title='bbox 3310 4463 3381 4507; x_wconf 75' lang='lat' dir='ltr'><strong>et</strong></span> 
     </span>
    </p>
   </div>
   <div class='ocr_carea' id='block_1_90' title="bbox 1787 4535 3380 4610">
    <p class='ocr_par' dir='ltr' id='par_1_90' title="bbox 1787 4535 3380 4610">
     <span class='ocr_line' id='line_1_90' title="bbox 1787 4535 3380 4610; baseline 0.006 -21"><span class='ocrx_word' id='word_1_665' title='bbox 1787 4537 1987 4590; x_wconf 89' lang='lat' dir='ltr'><strong>mirum</strong></span> <span class='ocrx_word' id='word_1_666' title='bbox 2016 4535 2071 4589; x_wconf 91' lang='lat' dir='ltr'><strong>in</strong></span> <span class='ocrx_word' id='word_1_667' title='bbox 2100 4535 2322 4590; x_wconf 89' lang='lat' dir='ltr'><strong>modum</strong></span> <span class='ocrx_word' id='word_1_668' title='bbox 2360 4536 2637 4607; x_wconf 77' lang='lat' dir='ltr'><strong>ingenuus</strong></span> <span class='ocrx_word' id='word_1_669' title='bbox 2665 4537 2755 4593; x_wconf 88' lang='lat' dir='ltr'><strong>ille</strong></span> <span class='ocrx_word' id='word_1_670' title='bbox 2784 4554 2898 4593; x_wconf 91' lang='lat' dir='ltr'><strong>rem</strong></span> <span class='ocrx_word' id='word_1_671' title='bbox 2918 4541 3173 4597; x_wconf 83' lang='lat' dir='ltr'><strong>mutavit.</strong></span> <span class='ocrx_word' id='word_1_672' title='bbox 3210 4543 3380 4610; x_wconf 69' lang='lat' dir='ltr'><strong>Qum!</strong></span> 
     </span>
    </p>
   </div>
   <div class='ocr_carea' id='block_1_91' title="bbox 1786 4626 3378 4697">
    <p class='ocr_par' dir='ltr' id='par_1_91' title="bbox 1786 4626 3378 4697">
     <span class='ocr_line' id='line_1_91' title="bbox 1786 4626 3378 4697; baseline 0.008 -16"><span class='ocrx_word' id='word_1_673' title='bbox 1786 4626 1935 4682; x_wconf 89' lang='lat' dir='ltr'><strong>enim</strong></span> <span class='ocrx_word' id='word_1_674' title='bbox 1991 4628 2264 4684; x_wconf 89' lang='lat' dir='ltr'><strong>consentit</strong></span> <span class='ocrx_word' id='word_1_675' title='bbox 2316 4643 2441 4682; x_wconf 91' lang='lat' dir='ltr'><strong>cum</strong></span> <span class='ocrx_word' id='word_1_676' title='bbox 2488 4629 2904 4697; x_wconf 88' lang='lat' dir='ltr'><strong>lconomachis,</strong></span> <span class='ocrx_word' id='word_1_677' title='bbox 2950 4637 3231 4691; x_wconf 89' lang='lat' dir='ltr'><strong>consociat</strong></span> <span class='ocrx_word' id='word_1_678' title='bbox 3258 4638 3378 4694; x_wconf 60' lang='lat' dir='ltr'><strong>sibi»</strong></span> 
     </span>
    </p>
   </div>
   <div class='ocr_carea' id='block_1_92' title="bbox 139 4693 1679 4796">
    <p class='ocr_par' dir='ltr' id='par_1_92' title="bbox 139 4707 1679 4779">
     <span class='ocr_line' id='line_1_92' title="bbox 139 4707 1679 4779; baseline 0.006 -24"><span class='ocrx_word' id='word_1_679' title='bbox 139 4708 394 4761; x_wconf 75' lang='grc' dir='ltr'>σπένδεται</span> <span class='ocrx_word' id='word_1_680' title='bbox 435 4710 538 4779; x_wconf 83' lang='grc' dir='ltr'><strong>μὲν</strong></span> <span class='ocrx_word' id='word_1_681' title='bbox 581 4710 678 4761; x_wconf 75' lang='grc' dir='ltr'>καὶ</span> <span class='ocrx_word' id='word_1_682' title='bbox 711 4708 894 4778; x_wconf 86' lang='grc' dir='ltr'>χαίρει</span> <span class='ocrx_word' id='word_1_683' title='bbox 937 4710 1049 4771; x_wconf 85' lang='grc' dir='ltr'>τοῖς</span> <span class='ocrx_word' id='word_1_684' title='bbox 1077 4707 1240 4775; x_wconf 71' lang='grc' dir='ltr'>αὐτὸς</span> <span class='ocrx_word' id='word_1_685' title='bbox 1278 4712 1464 4774; x_wconf 83' lang='grc' dir='ltr'>αὐτοῖς</span> <span class='ocrx_word' id='word_1_686' title='bbox 1490 4728 1502 4739; x_wconf 86' lang='grc'><strong>·</strong></span> <span class='ocrx_word' id='word_1_687' title='bbox 1545 4714 1610 4764; x_wconf 77' lang='grc' dir='ltr'>ὲκ</span> <span class='ocrx_word' id='word_1_688' title='bbox 1634 4712 1679 4766; x_wconf 84' lang='grc' dir='ltr'>δ’</span> 
     </span>
    </p>
   </div>
   <div class='ocr_carea' id='block_1_93' title="bbox 1783 4693 3370 4796">
    <p class='ocr_par' dir='ltr' id='par_1_93' title="bbox 1786 4718 3370 4796">
     <span class='ocr_line' id='line_1_93' title="bbox 1786 4718 3370 4796; baseline 0.006 -23"><span class='ocrx_word' id='word_1_689' title='bbox 1786 4732 1885 4774; x_wconf 87' lang='lat' dir='ltr'><strong>eos</strong></span> <span class='ocrx_word' id='word_1_690' title='bbox 1911 4727 1966 4773; x_wconf 92' lang='lat' dir='ltr'><strong>et</strong></span> <span class='ocrx_word' id='word_1_691' title='bbox 1996 4728 2165 4774; x_wconf 75' lang='lat' dir='ltr'><strong>amat.</strong></span> <span class='ocrx_word' id='word_1_692' title='bbox 2220 4718 2377 4785; x_wconf 86' lang='lat' dir='ltr'><strong>Quod</strong></span> <span class='ocrx_word' id='word_1_693' title='bbox 2424 4735 2555 4776; x_wconf 88' lang='lat' dir='ltr'><strong>vero</strong></span> <span class='ocrx_word' id='word_1_694' title='bbox 2586 4733 2831 4789; x_wconf 82' lang='lat' dir='ltr'><strong>veretur,</strong></span> <span class='ocrx_word' id='word_1_695' title='bbox 2860 4740 2929 4781; x_wconf 90' lang='lat' dir='ltr'><strong>ne</strong></span> <span class='ocrx_word' id='word_1_696' title='bbox 2968 4725 3106 4796; x_wconf 90' lang='lat' dir='ltr'><strong>ipsis</strong></span> <span class='ocrx_word' id='word_1_697' title='bbox 3134 4729 3370 4783; x_wconf 64' lang='lat' dir='ltr'><strong>anathe-</strong></span> 
     </span>
    </p>
   </div>
   <div class='ocr_carea' id='block_1_94' title="bbox 139 4793 1679 4887">
    <p class='ocr_par' dir='ltr' id='par_1_94' title="bbox 139 4793 1679 4873">
     <span class='ocr_line' id='line_1_94' title="bbox 139 4793 1679 4873; baseline 0.006 -25"><span class='ocrx_word' id='word_1_698' title='bbox 139 4793 192 4849; x_wconf 72' lang='grc' dir='ltr'>αὖ</span> <span class='ocrx_word' id='word_1_699' title='bbox 224 4798 306 4851; x_wconf 74' lang='grc' dir='ltr'>τοῦ</span> <span class='ocrx_word' id='word_1_700' title='bbox 341 4800 577 4853; x_wconf 84' lang='grc' dir='ltr'>δ;διέναι</span> <span class='ocrx_word' id='word_1_701' title='bbox 616 4799 692 4869; x_wconf 80' lang='grc' dir='ltr'>μὴ</span> <span class='ocrx_word' id='word_1_702' title='bbox 720 4800 818 4853; x_wconf 66' lang='grc' dir='ltr'>καὶ</span> <span class='ocrx_word' id='word_1_703' title='bbox 844 4801 957 4863; x_wconf 86' lang='grc' dir='ltr'>τοῖς</span> <span class='ocrx_word' id='word_1_704' title='bbox 986 4799 1169 4864; x_wconf 79' lang='grc' dir='ltr'>αὐτοῖς</span> <span class='ocrx_word' id='word_1_705' title='bbox 1200 4801 1541 4873; x_wconf 80' lang='grc' dir='ltr'>ἁναθέμασιν</span> <span class='ocrx_word' id='word_1_706' title='bbox 1569 4805 1679 4858; x_wconf 77' lang='grc' dir='ltr'>ἑνο-</span> 
     </span>
    </p>
   </div>
   <div class='ocr_carea' id='block_1_95' title="bbox 1783 4793 3369 4887">
    <p class='ocr_par' dir='ltr' id='par_1_95' title="bbox 1784 4793 3369 4887">
     <span class='ocr_line' id='line_1_95' title="bbox 1784 4793 3369 4887; baseline 0.007 -22"><span class='ocrx_word' id='word_1_707' title='bbox 1784 4809 1947 4865; x_wconf 83' lang='lat' dir='ltr'><strong>matis</strong></span> <span class='ocrx_word' id='word_1_708' title='bbox 1982 4809 2256 4865; x_wconf 80' lang='lat' dir='ltr'><strong>obnoxius</strong></span> <span class='ocrx_word' id='word_1_709' title='bbox 2290 4809 2404 4875; x_wconf 75' lang='lat' dir='ltr'><strong>(lat,</strong></span> <span class='ocrx_word' id='word_1_710' title='bbox 2454 4819 2671 4868; x_wconf 88' lang='lat' dir='ltr'><strong>mutare</strong></span> <span class='ocrx_word' id='word_1_711' title='bbox 2702 4793 3099 4887; x_wconf 82' lang='lat' dir='ltr'><strong>nonnunquam</strong></span> <span class='ocrx_word' id='word_1_712' title='bbox 3126 4820 3369 4886; x_wconf 75' lang='lat' dir='ltr'><strong>videtur,</strong></span> 
     </span>
    </p>
   </div>
   <div class='ocr_carea' id='block_1_96' title="bbox 138 4889 1679 4980">
    <p class='ocr_par' dir='ltr' id='par_1_96' title="bbox 138 4889 1679 4967">
     <span class='ocr_line' id='line_1_96' title="bbox 138 4889 1679 4967; baseline 0.007 -28"><span class='ocrx_word' id='word_1_713' title='bbox 138 4907 217 4958; x_wconf 81' lang='grc' dir='ltr'>χος</span> <span class='ocrx_word' id='word_1_714' title='bbox 236 4891 451 4961; x_wconf 82' lang='grc' dir='ltr'>γένηται</span> <span class='ocrx_word' id='word_1_715' title='bbox 476 4892 608 4957; x_wconf 78' lang='grc' dir='ltr'>ζῶν,</span> <span class='ocrx_word' id='word_1_716' title='bbox 632 4890 983 4944; x_wconf 83' lang='grc' dir='ltr'>ὲναλλάσσειν</span> <span class='ocrx_word' id='word_1_717' title='bbox 1010 4889 1126 4944; x_wconf 66' lang='grc' dir='ltr'>ἔνια</span> <span class='ocrx_word' id='word_1_718' title='bbox 1150 4891 1320 4946; x_wconf 74' lang='grc' dir='ltr'>ἐνίοτε</span> <span class='ocrx_word' id='word_1_719' title='bbox 1351 4893 1516 4959; x_wconf 82' lang='grc' dir='ltr'>δοκεῖ,</span> <span class='ocrx_word' id='word_1_720' title='bbox 1545 4894 1679 4967; x_wconf 81' lang='grc' dir='ltr'>πλὴν</span> 
     </span>
    </p>
   </div>
   <div class='ocr_carea' id='block_1_97' title="bbox 1783 4889 3377 4980">
    <p class='ocr_par' dir='ltr' id='par_1_97' title="bbox 1785 4902 3377 4980">
     <span class='ocr_line' id='line_1_97' title="bbox 1785 4902 3377 4980; baseline 0.006 -23"><span class='ocrx_word' id='word_1_721' title='bbox 1785 4903 1881 4958; x_wconf 88' lang='lat' dir='ltr'><strong>sed</strong></span> <span class='ocrx_word' id='word_1_722' title='bbox 1916 4919 2023 4959; x_wconf 90' lang='lat' dir='ltr'><strong>non</strong></span> <span class='ocrx_word' id='word_1_723' title='bbox 2051 4902 2119 4956; x_wconf 88' lang='lat' dir='ltr'><strong>ad</strong></span> <span class='ocrx_word' id='word_1_724' title='bbox 2151 4904 2463 4969; x_wconf 88' lang='lat' dir='ltr'><strong>meliorem,</strong></span> <span class='ocrx_word' id='word_1_725' title='bbox 2504 4920 2695 4961; x_wconf 88' lang='lat' dir='ltr'><strong>verum</strong></span> <span class='ocrx_word' id='word_1_726' title='bbox 2720 4906 2786 4960; x_wconf 91' lang='lat' dir='ltr'><strong>ad</strong></span> <span class='ocrx_word' id='word_1_727' title='bbox 2811 4906 3039 4963; x_wconf 86' lang='lat' dir='ltr'><strong>omnino</strong></span> <span class='ocrx_word' id='word_1_728' title='bbox 3069 4913 3377 4980; x_wconf 75' lang='lat' dir='ltr'><strong>pessimam</strong></span> 
     </span>
    </p>
   </div>
   <div class='ocr_carea' id='block_1_98' title="bbox 137 4981 1679 5073">
    <p class='ocr_par' dir='ltr' id='par_1_98' title="bbox 137 4981 1679 5057">
     <span class='ocr_line' id='line_1_98' title="bbox 137 4981 1679 5057; baseline 0.006 -24"><span class='ocrx_word' id='word_1_729' title='bbox 137 4982 224 5034; x_wconf 78' lang='grc' dir='ltr'><strong>οὐκ</strong></span> <span class='ocrx_word' id='word_1_730' title='bbox 253 4984 340 5035; x_wconf 74' lang='grc' dir='ltr'><strong>ἐπὶ</strong></span> <span class='ocrx_word' id='word_1_731' title='bbox 365 4986 425 5037; x_wconf 75' lang='grc' dir='ltr'>τὸ</span> <span class='ocrx_word' id='word_1_732' title='bbox 457 4985 694 5055; x_wconf 84' lang='grc' dir='ltr'>βέλτιον,</span> <span class='ocrx_word' id='word_1_733' title='bbox 726 4981 844 5036; x_wconf 79' lang='grc' dir='ltr'>ἀλλ’</span> <span class='ocrx_word' id='word_1_734' title='bbox 880 4985 972 5036; x_wconf 73' lang='grc' dir='ltr'>ἐπὶ</span> <span class='ocrx_word' id='word_1_735' title='bbox 1009 4984 1070 5036; x_wconf 76' lang='grc' dir='ltr'><strong>τὸ</strong></span> <span class='ocrx_word' id='word_1_736' title='bbox 1106 4984 1252 5054; x_wconf 84' lang='grc' dir='ltr'>μάλα</span> <span class='ocrx_word' id='word_1_737' title='bbox 1295 4987 1359 5054; x_wconf 85' lang='grc' dir='ltr'>γέ</span> <span class='ocrx_word' id='word_1_738' title='bbox 1391 5003 1444 5038; x_wconf 87' lang='grc' dir='ltr'><strong>τι</strong></span> <span class='ocrx_word' id='word_1_739' title='bbox 1476 4989 1679 5057; x_wconf 79' lang='grc' dir='ltr'>σφόδρα</span> 
     </span>
    </p>
   </div>
   <div class='ocr_carea' id='block_1_99' title="bbox 1783 4981 3377 5073">
    <p class='ocr_par' dir='ltr' id='par_1_99' title="bbox 1784 4995 3377 5073">
     <span class='ocr_line' id='line_1_99' title="bbox 1784 4995 3377 5073; baseline 0.008 -22"><span class='ocrx_word' id='word_1_740' title='bbox 1784 4995 2178 5052; x_wconf 87' lang='lat' dir='ltr'><strong>conditionem.</strong></span> <span class='ocrx_word' id='word_1_741' title='bbox 2241 4996 2410 5063; x_wconf 85' lang='lat' dir='ltr'><strong>Quod</strong></span> <span class='ocrx_word' id='word_1_742' title='bbox 2462 4999 2611 5052; x_wconf 90' lang='lat' dir='ltr'><strong>enim</strong></span> <span class='ocrx_word' id='word_1_743' title='bbox 2648 4998 2728 5053; x_wconf 89' lang='lat' dir='ltr'><strong>illi</strong></span> <span class='ocrx_word' id='word_1_744' title='bbox 2784 5000 2851 5055; x_wconf 91' lang='lat' dir='ltr'><strong>de</strong></span> <span class='ocrx_word' id='word_1_745' title='bbox 2903 5003 3025 5056; x_wconf 88' lang='lat' dir='ltr'><strong>luce</strong></span> <span class='ocrx_word' id='word_1_746' title='bbox 3057 5004 3147 5058; x_wconf 75' lang='lat' dir='ltr'><strong>illa</strong></span> <span class='ocrx_word' id='word_1_747' title='bbox 3199 5007 3377 5073; x_wconf 72' lang='lat' dir='ltr'><strong>impie</strong></span> 
     </span>
    </p>
   </div>
   <div class='ocr_carea' id='block_1_100' title="bbox 139 5072 1687 5145">
    <p class='ocr_par' dir='ltr' id='par_1_100' title="bbox 139 5072 1687 5145">
     <span class='ocr_line' id='line_1_100' title="bbox 139 5072 1687 5145; baseline 0.005 -22"><span class='ocrx_word' id='word_1_748' title='bbox 139 5072 386 5143; x_wconf 85' lang='grc' dir='ltr'>χείριστον</span> <span class='ocrx_word' id='word_1_749' title='bbox 411 5090 425 5105; x_wconf 85' lang='grc'><strong>·</strong></span> <span class='ocrx_word' id='word_1_750' title='bbox 462 5075 492 5128; x_wconf 86' lang='grc' dir='ltr'><strong>δ</strong></span> <span class='ocrx_word' id='word_1_751' title='bbox 541 5074 643 5145; x_wconf 81' lang='grc' dir='ltr'>μὲν</span> <span class='ocrx_word' id='word_1_752' title='bbox 672 5075 782 5143; x_wconf 72' lang='grc' dir='ltr'><strong>γὰρ</strong></span> <span class='ocrx_word' id='word_1_753' title='bbox 808 5074 1009 5125; x_wconf 79' lang='grc' dir='ltr'>ἐκεῖνοι</span> <span class='ocrx_word' id='word_1_754' title='bbox 1046 5074 1179 5142; x_wconf 69' lang='grc' dir='ltr'>περὶ</span> <span class='ocrx_word' id='word_1_755' title='bbox 1204 5074 1298 5126; x_wconf 79' lang='grc' dir='ltr'>τοῦ</span> <span class='ocrx_word' id='word_1_756' title='bbox 1336 5076 1515 5145; x_wconf 77' lang='grc' dir='ltr'>φωτὸς</span> <span class='ocrx_word' id='word_1_757' title='bbox 1542 5078 1687 5131; x_wconf 83' lang='grc' dir='ltr'>ὲκεί-</span> 
     </span>
    </p>
   </div>
   <div class='ocr_carea' id='block_1_101' title="bbox 141 5164 1692 5239">
    <p class='ocr_par' dir='ltr' id='par_1_101' title="bbox 141 5164 1692 5239">
     <span class='ocr_line' id='line_1_101' title="bbox 141 5164 1692 5239; baseline 0.004 -24"><span class='ocrx_word' id='word_1_758' title='bbox 141 5180 219 5216; x_wconf 81' lang='grc' dir='ltr'><strong>νον</strong></span> <span class='ocrx_word' id='word_1_759' title='bbox 246 5164 342 5237; x_wconf 78' lang='grc' dir='ltr'>τὴν</span> <span class='ocrx_word' id='word_1_760' title='bbox 372 5171 449 5232; x_wconf 87' lang='grc' dir='ltr'><strong>είς</strong></span> <span class='ocrx_word' id='word_1_761' title='bbox 481 5168 740 5221; x_wconf 84' lang='grc' dir='ltr'>ἄκτιστον</span> <span class='ocrx_word' id='word_1_762' title='bbox 769 5166 832 5239; x_wconf 73' lang='grc' dir='ltr'><strong>[Γ.</strong></span> <span class='ocrx_word' id='word_1_763' title='bbox 864 5165 971 5222; x_wconf 69' lang='grc'><strong>245</strong></span> <span class='ocrx_word' id='word_1_764' title='bbox 1001 5164 1057 5238; x_wconf 85' lang='grc' dir='ltr'>α]</span> <span class='ocrx_word' id='word_1_765' title='bbox 1107 5166 1411 5238; x_wconf 77' lang='grc' dir='ltr'>μεταϐολήν</span> <span class='ocrx_word' id='word_1_766' title='bbox 1450 5169 1547 5223; x_wconf 81' lang='grc' dir='ltr'>τοῦ</span> <span class='ocrx_word' id='word_1_767' title='bbox 1590 5172 1692 5222; x_wconf 70' lang='lat' dir='ltr'><strong>ad).</strong></span> 
     </span>
    </p>
   </div>
   <div class='ocr_carea' id='block_1_102' title="bbox 147 5258 1688 5332">
    <p class='ocr_par' dir='ltr' id='par_1_102' title="bbox 147 5258 1688 5332">
     <span class='ocr_line' id='line_1_102' title="bbox 147 5258 1688 5332; baseline 0.005 -23"><span class='ocrx_word' id='word_1_768' title='bbox 147 5274 294 5324; x_wconf 83' lang='grc' dir='ltr'>ματος</span> <span class='ocrx_word' id='word_1_769' title='bbox 322 5258 875 5331; x_wconf 66' lang='grc' dir='ltr'>βεϐλαστρημήκεσαν,</span> <span class='ocrx_word' id='word_1_770' title='bbox 910 5261 1086 5330; x_wconf 85' lang='grc' dir='ltr'>τούτῳ</span> <span class='ocrx_word' id='word_1_771' title='bbox 1131 5263 1225 5314; x_wconf 79' lang='grc' dir='ltr'><strong>καὶ</strong></span> <span class='ocrx_word' id='word_1_772' title='bbox 1262 5261 1425 5325; x_wconf 75' lang='grc' dir='ltr'>αὐτὸς</span> <span class='ocrx_word' id='word_1_773' title='bbox 1458 5279 1688 5332; x_wconf 75' lang='grc' dir='ltr'>συμφω-</span> 
     </span>
    </p>
   </div>
   <div class='ocr_carea' id='block_1_103' title="bbox 143 5350 1686 5426">
    <p class='ocr_par' dir='ltr' id='par_1_103' title="bbox 143 5350 1686 5426">
     <span class='ocr_line' id='line_1_103' title="bbox 143 5350 1686 5426; baseline 0.006 -26"><span class='ocrx_word' id='word_1_774' title='bbox 143 5352 230 5415; x_wconf 80' lang='grc' dir='ltr'>νεῖ,</span> <span class='ocrx_word' id='word_1_775' title='bbox 257 5351 282 5405; x_wconf 77' lang='grc' dir='ltr'><strong>ὃ</strong></span> <span class='ocrx_word' id='word_1_776' title='bbox 325 5352 367 5404; x_wconf 79' lang='grc' dir='ltr'>δ’</span> <span class='ocrx_word' id='word_1_777' title='bbox 400 5355 598 5406; x_wconf 74' lang='grc' dir='ltr'>ἐκεῖνοι</span> <span class='ocrx_word' id='word_1_778' title='bbox 636 5353 800 5422; x_wconf 88' lang='grc' dir='ltr'>φύσιν</span> <span class='ocrx_word' id='word_1_779' title='bbox 829 5353 1011 5424; x_wconf 72' lang='grc' dir='ltr'>ἥκιστ’</span> <span class='ocrx_word' id='word_1_780' title='bbox 1042 5355 1188 5423; x_wconf 71' lang='grc' dir='ltr'>ἔχειν</span> <span class='ocrx_word' id='word_1_781' title='bbox 1231 5350 1371 5408; x_wconf 75' lang='grc' dir='ltr'>εἶναι</span> <span class='ocrx_word' id='word_1_782' title='bbox 1401 5355 1686 5426; x_wconf 73' lang='grc' dir='ltr'>ἐνόμισαν,</span> 
     </span>
    </p>
   </div>
   <div class='ocr_carea' id='block_1_104' title="bbox 140 5440 1685 5519">
    <p class='ocr_par' dir='ltr' id='par_1_104' title="bbox 140 5440 1685 5519">
     <span class='ocr_line' id='line_1_104' title="bbox 140 5440 1685 5519; baseline 0.007 -27"><span class='ocrx_word' id='word_1_783' title='bbox 140 5444 279 5498; x_wconf 74' lang='grc' dir='ltr'>τοῦτο</span> <span class='ocrx_word' id='word_1_784' title='bbox 307 5446 360 5499; x_wconf 75' lang='grc' dir='ltr'>δὲ</span> <span class='ocrx_word' id='word_1_785' title='bbox 409 5447 718 5518; x_wconf 80' lang='grc' dir='ltr'>προσέθηκε</span> <span class='ocrx_word' id='word_1_786' title='bbox 769 5447 1046 5516; x_wconf 86' lang='grc' dir='ltr'>τολμήσας</span> <span class='ocrx_word' id='word_1_787' title='bbox 1089 5440 1267 5513; x_wconf 78' lang='grc' dir='ltr'>οὗτος,</span> <span class='ocrx_word' id='word_1_788' title='bbox 1318 5448 1378 5500; x_wconf 86' lang='grc' dir='ltr'><strong>τὸ</strong></span> <span class='ocrx_word' id='word_1_789' title='bbox 1424 5448 1685 5519; x_wconf 83' lang='grc' dir='ltr'>δευτέραν</span> 
     </span>
    </p>
   </div>
   <div class='ocr_carea' id='block_1_105' title="bbox 141 5530 1685 5609">
    <p class='ocr_par' dir='ltr' id='par_1_105' title="bbox 141 5530 1685 5609">
     <span class='ocr_line' id='line_1_105' title="bbox 141 5530 1685 5609; baseline 0.008 -29"><span class='ocrx_word' id='word_1_790' title='bbox 141 5530 321 5605; x_wconf 72' lang='grc' dir='ltr'>δηλαδὴ</span> <span class='ocrx_word' id='word_1_791' title='bbox 348 5537 441 5589; x_wconf 72' lang='grc' dir='ltr'><strong>καὶ</strong></span> <span class='ocrx_word' id='word_1_792' title='bbox 483 5536 787 5606; x_wconf 83' lang='grc' dir='ltr'>ὐφειμένην</span> <span class='ocrx_word' id='word_1_793' title='bbox 836 5538 932 5590; x_wconf 74' lang='grc' dir='ltr'><strong>καὶ</strong></span> <span class='ocrx_word' id='word_1_794' title='bbox 964 5536 1215 5590; x_wconf 83' lang='grc' dir='ltr'>ἀνούσιον</span> <span class='ocrx_word' id='word_1_795' title='bbox 1241 5539 1337 5592; x_wconf 76' lang='grc' dir='ltr'>καὶ</span> <span class='ocrx_word' id='word_1_796' title='bbox 1375 5538 1496 5609; x_wconf 87' lang='grc' dir='ltr'>ἆμα</span> <span class='ocrx_word' id='word_1_797' title='bbox 1526 5540 1685 5593; x_wconf 76' lang='grc' dir='ltr'>ἄκτι-</span> 
     </span>
    </p>
   </div>
   <div class='ocr_carea' id='block_1_106' title="bbox 146 5626 1687 5709">
    <p class='ocr_par' dir='ltr' id='par_1_106' title="bbox 146 5626 1687 5709">
     <span class='ocr_line' id='line_1_106' title="bbox 146 5626 1687 5709; baseline 0.007 -34"><span class='ocrx_word' id='word_1_798' title='bbox 146 5640 251 5677; x_wconf 83' lang='grc' dir='ltr'>στον</span> <span class='ocrx_word' id='word_1_799' title='bbox 282 5626 505 5699; x_wconf 77' lang='grc' dir='ltr'>θεότητα</span> <span class='ocrx_word' id='word_1_800' title='bbox 532 5631 591 5683; x_wconf 80' lang='grc' dir='ltr'><strong>τὸ</strong></span> <span class='ocrx_word' id='word_1_801' title='bbox 626 5630 743 5700; x_wconf 82' lang='grc' dir='ltr'><strong>φῶς</strong></span> <span class='ocrx_word' id='word_1_802' title='bbox 783 5629 1052 5701; x_wconf 84' lang='grc' dir='ltr'>ὑπάρχειν</span> <span class='ocrx_word' id='word_1_803' title='bbox 1099 5631 1295 5709; x_wconf 74' lang='grc' dir='ltr'>ἐκεῖνο.</span> <span class='ocrx_word' id='word_1_804' title='bbox 1330 5631 1486 5686; x_wconf 78' lang='grc' dir='ltr'>Ὠσθ⁹</span> <span class='ocrx_word' id='word_1_805' title='bbox 1517 5633 1553 5686; x_wconf 75' lang='grc' dir='ltr'>ἃ</span> <span class='ocrx_word' id='word_1_806' title='bbox 1587 5632 1687 5703; x_wconf 88' lang='grc' dir='ltr'>μὲν</span> 
     </span>
    </p>
   </div>
   <div class='ocr_carea' id='block_1_107' title="bbox 144 5714 1689 5791">
    <p class='ocr_par' dir='ltr' id='par_1_107' title="bbox 144 5714 1689 5791">
     <span class='ocr_line' id='line_1_107' title="bbox 144 5714 1689 5791; baseline 0.01 -27"><span class='ocrx_word' id='word_1_807' title='bbox 144 5714 355 5782; x_wconf 77' lang='grc' dir='ltr'>ἐκείνοις</span> <span class='ocrx_word' id='word_1_808' title='bbox 384 5723 704 5791; x_wconf 64' lang='grc' dir='ltr'>συμφωνεῖ,,</span> <span class='ocrx_word' id='word_1_809' title='bbox 732 5724 951 5785; x_wconf 76' lang='grc' dir='ltr'>πάντως</span> <span class='ocrx_word' id='word_1_810' title='bbox 985 5722 1210 5776; x_wconf 73' lang='grc' dir='ltr'>ἐκείνων</span> <span class='ocrx_word' id='word_1_811' title='bbox 1239 5724 1342 5777; x_wconf 78' lang='grc' dir='ltr'><strong>οὐκ</strong></span> <span class='ocrx_word' id='word_1_812' title='bbox 1392 5724 1689 5780; x_wconf 80' lang='grc' dir='ltr'>ἀπολείπε-</span> 
     </span>
    </p>
   </div>
   <div class='ocr_carea' id='block_1_108' title="bbox 144 5810 1689 5885">
    <p class='ocr_par' dir='ltr' id='par_1_108' title="bbox 144 5810 1689 5885">
     <span class='ocr_line' id='line_1_108' title="bbox 144 5810 1689 5885; baseline 0.01 -30"><span class='ocrx_word' id='word_1_813' title='bbox 144 5820 243 5859; x_wconf 87' lang='grc' dir='ltr'>ται.</span> <span class='ocrx_word' id='word_1_814' title='bbox 276 5811 339 5862; x_wconf 75' lang='grc' dir='ltr'><strong>’Δ</strong></span> <span class='ocrx_word' id='word_1_815' title='bbox 367 5810 412 5864; x_wconf 77' lang='grc' dir='ltr'>δ’</span> <span class='ocrx_word' id='word_1_816' title='bbox 466 5813 662 5867; x_wconf 78' lang='grc' dir='ltr'>ἐκεῖνοι</span> <span class='ocrx_word' id='word_1_817' title='bbox 697 5812 862 5883; x_wconf 84' lang='grc' dir='ltr'>μήπω</span> <span class='ocrx_word' id='word_1_818' title='bbox 904 5812 1072 5880; x_wconf 78' lang='grc' dir='ltr'>φάναι</span> <span class='ocrx_word' id='word_1_819' title='bbox 1106 5814 1535 5885; x_wconf 86' lang='grc' dir='ltr'>τετολμήκεσαν,</span> <span class='ocrx_word' id='word_1_820' title='bbox 1566 5816 1689 5870; x_wconf 90' lang='grc' dir='ltr'>τού-</span> 
     </span>
    </p>
   </div>
   <div class='ocr_carea' id='block_1_109' title="bbox 146 5901 1684 5976">
    <p class='ocr_par' dir='ltr' id='par_1_109' title="bbox 146 5901 1684 5976">
     <span class='ocr_line' id='line_1_109' title="bbox 146 5901 1684 5976; baseline 0.011 -29"><span class='ocrx_word' id='word_1_821' title='bbox 146 5909 244 5961; x_wconf 72' lang='lat' dir='ltr'><strong>rat,-</strong></span> <span class='ocrx_word' id='word_1_822' title='bbox 305 5901 360 5953; x_wconf 71' lang='grc' dir='ltr'>δὲ</span> <span class='ocrx_word' id='word_1_823' title='bbox 405 5903 690 5976; x_wconf 84' lang='grc' dir='ltr'>νενίκηκεν</span> <span class='ocrx_word' id='word_1_824' title='bbox 750 5904 949 5970; x_wconf 77' lang='grc' dir='ltr'>αὐτοὺς</span> <span class='ocrx_word' id='word_1_825' title='bbox 998 5903 1171 5960; x_wconf 85' lang='grc' dir='ltr'>είπὼν</span> <span class='ocrx_word' id='word_1_826' title='bbox 1230 5906 1412 5971; x_wconf 72' lang='grc' dir='ltr'>αὐτὸς.</span> <span class='ocrx_word' id='word_1_827' title='bbox 1481 5907 1684 5975; x_wconf 80' lang='grc' dir='ltr'>Ἡδέως</span> 
     </span>
    </p>
   </div>
   <div class='ocr_carea' id='block_1_110' title="bbox 1784 5086 3365 5167">
    <p class='ocr_par' dir='ltr' id='par_1_110' title="bbox 1784 5086 3365 5167">
     <span class='ocr_line' id='line_1_110' title="bbox 1784 5086 3365 5167; baseline 0.006 -28"><span class='ocrx_word' id='word_1_828' title='bbox 1784 5086 2139 5155; x_wconf 86' lang='lat' dir='ltr'><strong>protulerunt</strong></span> <span class='ocrx_word' id='word_1_829' title='bbox 2163 5088 2221 5142; x_wconf 90' lang='lat' dir='ltr'><strong>in</strong></span> <span class='ocrx_word' id='word_1_830' title='bbox 2247 5090 2553 5143; x_wconf 88' lang='lat' dir='ltr'><strong>increatum</strong></span> <span class='ocrx_word' id='word_1_831' title='bbox 2581 5102 2951 5159; x_wconf 88' lang='lat' dir='ltr'><strong>permutatum</strong></span> <span class='ocrx_word' id='word_1_832' title='bbox 2983 5107 3103 5149; x_wconf 87' lang='lat' dir='ltr'><strong>esse</strong></span> <span class='ocrx_word' id='word_1_833' title='bbox 3137 5112 3365 5167; x_wconf 60' lang='lat' dir='ltr'><strong>corpus,</strong></span> 
     </span>
    </p>
   </div>
   <div class='ocr_carea' id='block_1_111' title="bbox 1791 5177 3369 5250">
    <p class='ocr_par' dir='ltr' id='par_1_111' title="bbox 1791 5177 3369 5250">
     <span class='ocr_line' id='line_1_111' title="bbox 1791 5177 3369 5250; baseline 0.009 -20"><span class='ocrx_word' id='word_1_834' title='bbox 1791 5177 1898 5231; x_wconf 85' lang='lat' dir='ltr'><strong>hoc</strong></span> <span class='ocrx_word' id='word_1_835' title='bbox 1925 5177 2041 5246; x_wconf 86' lang='lat' dir='ltr'><strong>ipse</strong></span> <span class='ocrx_word' id='word_1_836' title='bbox 2066 5182 2371 5246; x_wconf 85' lang='lat' dir='ltr'><strong>consentit;</strong></span> <span class='ocrx_word' id='word_1_837' title='bbox 2409 5185 2555 5250; x_wconf 81' lang='lat' dir='ltr'><strong>quod</strong></span> <span class='ocrx_word' id='word_1_838' title='bbox 2578 5197 2709 5236; x_wconf 90' lang='lat' dir='ltr'><strong>vero</strong></span> <span class='ocrx_word' id='word_1_839' title='bbox 2724 5178 2816 5237; x_wconf 83' lang='lat' dir='ltr'><strong>‘llli</strong></span> <span class='ocrx_word' id='word_1_840' title='bbox 2860 5194 3111 5240; x_wconf 85' lang='lat' dir='ltr'><strong>naturam</strong></span> <span class='ocrx_word' id='word_1_841' title='bbox 3141 5189 3369 5244; x_wconf 86' lang='lat' dir='ltr'><strong>minime</strong></span> 
     </span>
    </p>
   </div>
   <div class='ocr_carea' id='block_1_112' title="bbox 1790 5271 3367 5343">
    <p class='ocr_par' dir='ltr' id='par_1_112' title="bbox 1790 5271 3367 5343">
     <span class='ocr_line' id='line_1_112' title="bbox 1790 5271 3367 5343; baseline 0.009 -20"><span class='ocrx_word' id='word_1_842' title='bbox 1790 5271 2085 5325; x_wconf 87' lang='lat' dir='ltr'><strong>essentiam</strong></span> <span class='ocrx_word' id='word_1_843' title='bbox 2115 5272 2323 5328; x_wconf 87' lang='lat' dir='ltr'><strong>habere</strong></span> <span class='ocrx_word' id='word_1_844' title='bbox 2357 5285 2622 5343; x_wconf 88' lang='lat' dir='ltr'><strong>putarunt</strong></span> <span class='ocrx_word' id='word_1_845' title='bbox 2644 5314 2658 5337; x_wconf 87' lang='lat'><strong>,</strong></span> <span class='ocrx_word' id='word_1_846' title='bbox 2702 5276 2791 5331; x_wconf 89' lang='lat' dir='ltr'><strong>ille</strong></span> <span class='ocrx_word' id='word_1_847' title='bbox 2823 5281 2928 5332; x_wconf 89' lang='lat' dir='ltr'><strong>hoc</strong></span> <span class='ocrx_word' id='word_1_848' title='bbox 2965 5279 3166 5336; x_wconf 87' lang='lat' dir='ltr'><strong>addere</strong></span> <span class='ocrx_word' id='word_1_849' title='bbox 3200 5298 3367 5337; x_wconf 83' lang='lat' dir='ltr'><strong>cnna-</strong></span> 
     </span>
    </p>
   </div>
   <div class='ocr_carea' id='block_1_113' title="bbox 1794 5358 3367 5434">
    <p class='ocr_par' dir='ltr' id='par_1_113' title="bbox 1794 5358 3367 5434">
     <span class='ocr_line' id='line_1_113' title="bbox 1794 5358 3367 5434; baseline 0.01 -20"><span class='ocrx_word' id='word_1_850' title='bbox 1794 5372 1883 5416; x_wconf 91' lang='lat' dir='ltr'><strong>tus</strong></span> <span class='ocrx_word' id='word_1_851' title='bbox 1916 5373 2034 5427; x_wconf 87' lang='lat' dir='ltr'><strong>est.</strong></span> <span class='ocrx_word' id='word_1_852' title='bbox 2073 5375 2127 5419; x_wconf 91' lang='lat' dir='ltr'><strong>et</strong></span> <span class='ocrx_word' id='word_1_853' title='bbox 2156 5358 2460 5434; x_wconf 66' lang='lat' dir='ltr'><strong>subiectam</strong></span> <span class='ocrx_word' id='word_1_854' title='bbox 2487 5375 2543 5421; x_wconf 88' lang='lat' dir='ltr'><strong>et</strong></span> <span class='ocrx_word' id='word_1_855' title='bbox 2583 5368 2987 5424; x_wconf 85' lang='lat' dir='ltr'><strong>inessentialcm</strong></span> <span class='ocrx_word' id='word_1_856' title='bbox 3010 5382 3071 5425; x_wconf 89' lang='lat' dir='ltr'><strong>et</strong></span> <span class='ocrx_word' id='word_1_857' title='bbox 3091 5374 3252 5427; x_wconf 88' lang='lat' dir='ltr'><strong>simul</strong></span> <span class='ocrx_word' id='word_1_858' title='bbox 3281 5375 3367 5428; x_wconf 87' lang='lat' dir='ltr'><strong>in-</strong></span> 
     </span>
    </p>
   </div>
   <div class='ocr_carea' id='block_1_114' title="bbox 1791 5456 3377 5538">
    <p class='ocr_par' dir='ltr' id='par_1_114' title="bbox 1791 5456 3377 5538">
     <span class='ocr_line' id='line_1_114' title="bbox 1791 5456 3377 5538; baseline 0.008 -29"><span class='ocrx_word' id='word_1_859' title='bbox 1791 5466 2031 5510; x_wconf 89' lang='lat' dir='ltr'><strong>creatam</strong></span> <span class='ocrx_word' id='word_1_860' title='bbox 2070 5456 2329 5513; x_wconf 89' lang='lat' dir='ltr'><strong>deitatem</strong></span> <span class='ocrx_word' id='word_1_861' title='bbox 2356 5474 2479 5514; x_wconf 83' lang='lat' dir='ltr'><strong>esse</strong></span> <span class='ocrx_word' id='word_1_862' title='bbox 2513 5460 2694 5515; x_wconf 88' lang='lat' dir='ltr'><strong>lucem</strong></span> <span class='ocrx_word' id='word_1_863' title='bbox 2729 5463 2902 5529; x_wconf 87' lang='lat' dir='ltr'><strong>illam,</strong></span> <span class='ocrx_word' id='word_1_864' title='bbox 2941 5463 3014 5518; x_wconf 90' lang='lat' dir='ltr'><strong>ita</strong></span> <span class='ocrx_word' id='word_1_865' title='bbox 3058 5474 3119 5519; x_wconf 93' lang='lat' dir='ltr'><strong>ut</strong></span> <span class='ocrx_word' id='word_1_866' title='bbox 3150 5468 3205 5520; x_wconf 85' lang='lat' dir='ltr'><strong>in</strong></span> <span class='ocrx_word' id='word_1_867' title='bbox 3239 5470 3377 5538; x_wconf 77' lang='lat' dir='ltr'><strong>qui-</strong></span> 
     </span>
    </p>
   </div>
   <div class='ocr_carea' id='block_1_115' title="bbox 1792 5545 3377 5627">
    <p class='ocr_par' dir='ltr' id='par_1_115' title="bbox 1792 5545 3377 5627">
     <span class='ocr_line' id='line_1_115' title="bbox 1792 5545 3377 5627; baseline 0.011 -28"><span class='ocrx_word' id='word_1_868' title='bbox 1792 5545 1897 5600; x_wconf 85' lang='lat' dir='ltr'><strong>bus</strong></span> <span class='ocrx_word' id='word_1_869' title='bbox 1924 5549 2088 5603; x_wconf 89' lang='lat' dir='ltr'><strong>rebus</strong></span> <span class='ocrx_word' id='word_1_870' title='bbox 2119 5565 2242 5604; x_wconf 90' lang='lat' dir='ltr'><strong>cum</strong></span> <span class='ocrx_word' id='word_1_871' title='bbox 2279 5551 2389 5605; x_wconf 90' lang='lat' dir='ltr'><strong>illis</strong></span> <span class='ocrx_word' id='word_1_872' title='bbox 2418 5555 2727 5617; x_wconf 86' lang='lat' dir='ltr'><strong>consentit,</strong></span> <span class='ocrx_word' id='word_1_873' title='bbox 2776 5572 2885 5609; x_wconf 90' lang='lat' dir='ltr'><strong>non</strong></span> <span class='ocrx_word' id='word_1_874' title='bbox 2924 5559 3267 5627; x_wconf 88' lang='lat' dir='ltr'><strong>relinquatur</strong></span> <span class='ocrx_word' id='word_1_875' title='bbox 3295 5562 3377 5617; x_wconf 79' lang='lat' dir='ltr'><strong>ab.</strong></span> 
     </span>
    </p>
   </div>
   <div class='ocr_carea' id='block_1_116' title="bbox 1789 5637 3363 5724">
    <p class='ocr_par' dir='ltr' id='par_1_116' title="bbox 1789 5637 3363 5724">
     <span class='ocr_line' id='line_1_116' title="bbox 1789 5637 3363 5724; baseline 0.011 -32"><span class='ocrx_word' id='word_1_876' title='bbox 1789 5638 1919 5693; x_wconf 85' lang='lat' dir='ltr'><strong>illis.</strong></span> <span class='ocrx_word' id='word_1_877' title='bbox 1986 5637 2118 5706; x_wconf 75' lang='lat' dir='ltr'><strong>Qua:</strong></span> <span class='ocrx_word' id='word_1_878' title='bbox 2146 5656 2279 5696; x_wconf 88' lang='lat' dir='ltr'><strong>vero</strong></span> <span class='ocrx_word' id='word_1_879' title='bbox 2316 5642 2394 5696; x_wconf 89' lang='lat' dir='ltr'><strong>illi</strong></span> <span class='ocrx_word' id='word_1_880' title='bbox 2441 5644 2687 5699; x_wconf 89' lang='lat' dir='ltr'><strong>nondum</strong></span> <span class='ocrx_word' id='word_1_881' title='bbox 2718 5647 2965 5717; x_wconf 73' lang='lat' dir='ltr'><strong>proferre</strong></span> <span class='ocrx_word' id='word_1_882' title='bbox 3001 5654 3182 5706; x_wconf 85' lang='lat' dir='ltr'><strong>conati</strong></span> <span class='ocrx_word' id='word_1_883' title='bbox 3213 5667 3363 5724; x_wconf 90' lang='lat' dir='ltr'><strong>sunt,</strong></span> 
     </span>
    </p>
   </div>
   <div class='ocr_carea' id='block_1_117' title="bbox 1789 5731 3380 5811">
    <p class='ocr_par' dir='ltr' id='par_1_117' title="bbox 1789 5731 3380 5811">
     <span class='ocr_line' id='line_1_117' title="bbox 1789 5731 3380 5811; baseline 0.012 -26"><span class='ocrx_word' id='word_1_884' title='bbox 1789 5731 1858 5787; x_wconf 92' lang='lat' dir='ltr'><strong>iis</strong></span> <span class='ocrx_word' id='word_1_885' title='bbox 1893 5734 2178 5803; x_wconf 86' lang='lat' dir='ltr'><strong>propalam</strong></span> <span class='ocrx_word' id='word_1_886' title='bbox 2212 5738 2590 5806; x_wconf 89' lang='lat' dir='ltr'><strong>proponendis</strong></span> <span class='ocrx_word' id='word_1_887' title='bbox 2620 5754 2717 5794; x_wconf 89' lang='lat' dir='ltr'><strong>eos</strong></span> <span class='ocrx_word' id='word_1_888' title='bbox 2750 5741 2864 5811; x_wconf 90' lang='lat' dir='ltr'><strong>ipse</strong></span> <span class='ocrx_word' id='word_1_889' title='bbox 2897 5742 3049 5797; x_wconf 87' lang='lat' dir='ltr'><strong>vicit.</strong></span> <span class='ocrx_word' id='word_1_890' title='bbox 3087 5744 3380 5804; x_wconf 40' lang='lat' dir='ltr'><strong>Lubenter‘</strong></span> 
     </span>
    </p>
   </div>
   <div class='ocr_carea' id='block_1_118' title="bbox 1784 5826 3367 5904">
    <p class='ocr_par' dir='ltr' id='par_1_118' title="bbox 1784 5826 3367 5904">
     <span class='ocr_line' id='line_1_118' title="bbox 1784 5826 3367 5904; baseline 0.012 -29"><span class='ocrx_word' id='word_1_891' title='bbox 1784 5838 1912 5876; x_wconf 86' lang='lat' dir='ltr'><strong>cum</strong></span> <span class='ocrx_word' id='word_1_892' title='bbox 1948 5839 2198 5893; x_wconf 68' lang='lat' dir='ltr'><strong>quaerere</strong></span> <span class='ocrx_word' id='word_1_893' title='bbox 2240 5826 2462 5893; x_wconf 79' lang='lat' dir='ltr'><strong>vellem,</strong></span> <span class='ocrx_word' id='word_1_894' title='bbox 2498 5844 2632 5883; x_wconf 90' lang='lat' dir='ltr'><strong>num</strong></span> <span class='ocrx_word' id='word_1_895' title='bbox 2660 5831 2787 5900; x_wconf 91' lang='lat' dir='ltr'><strong>quis</strong></span> <span class='ocrx_word' id='word_1_896' title='bbox 2814 5843 3001 5903; x_wconf 89' lang='lat' dir='ltr'><strong>posset</strong></span> <span class='ocrx_word' id='word_1_897' title='bbox 3036 5835 3093 5890; x_wconf 91' lang='lat' dir='ltr'><strong>in</strong></span> <span class='ocrx_word' id='word_1_898' title='bbox 3127 5839 3367 5904; x_wconf 88' lang='lat' dir='ltr'><strong>proban-</strong></span> 
     </span>
    </p>
   </div>
   <div class='ocr_carea' id='block_1_119' title="bbox 1787 5914 3366 5987">
    <p class='ocr_par' dir='ltr' id='par_1_119' title="bbox 1787 5914 3366 5987">
     <span class='ocr_line' id='line_1_119' title="bbox 1787 5914 3366 5987; baseline 0.011 -17"><span class='ocrx_word' id='word_1_899' title='bbox 1787 5914 1872 5971; x_wconf 84' lang='lat' dir='ltr'><strong>dis</strong></span> <span class='ocrx_word' id='word_1_900' title='bbox 1922 5915 2417 5976; x_wconf 84' lang='lat' dir='ltr'><strong>l-couomachorum</strong></span> <span class='ocrx_word' id='word_1_901' title='bbox 2475 5923 2767 5982; x_wconf 86' lang='lat' dir='ltr'><strong>sententiis</strong></span> <span class='ocrx_word' id='word_1_902' title='bbox 2817 5940 2927 5981; x_wconf 88' lang='lat' dir='ltr'><strong>non</strong></span> <span class='ocrx_word' id='word_1_903' title='bbox 2986 5941 3108 5984; x_wconf 88' lang='lat' dir='ltr'><strong>esse</strong></span> <span class='ocrx_word' id='word_1_904' title='bbox 3175 5930 3366 5987; x_wconf 84' lang='lat' dir='ltr'><strong>lcono-</strong></span> 
     </span>
    </p>
   </div>
  </div>
