3780 6546
423 447 532 512 423

1646 439 2070 505 NlCEPIIURI
2113 436 2502 503 GliEGOlL-E
3571 431 3650 494 iii

423 565 676 621 machus.
730 561 920 618 Simile
963 557 1110 614 enim
1145 568 1294 614 esset
1325 574 1390 614 ac
1423 559 1468 614 si
1499 573 1624 629 quis
1653 559 1706 612 in
1731 559 2012 628 publicum

2135 562 2162 612 i’
2193 560 2261 611 ἂν
2293 564 2386 610 καὶ
2431 555 2656 624 ἐρέσθαι
2705 553 3003 623 βουλοίμην
3037 549 3202 602 αὐτὸν
3259 547 3309 598 εί
3353 544 3562 598 δύναιτό
3589 565 3653 610 τις

427 657 690 726 prodiens
749 654 962 708 diceret
1013 651 1350 706 citharoedos
1403 665 1559 717 esse,
1605 667 1716 704 non
1777 665 1898 706 esse
1932 651 2012 706 ci-

429 751 680 811 tharam;
719 745 904 800 sidera
939 743 1160 808 quidem
1188 743 1458 808 coelestia,
1497 757 1606 796 non
1645 743 1844 798 coelum
1874 760 1888 809 ;
1923 757 2014 798 res

425 841 591 912 478
620 839 840 907 quidem
873 847 1338 904 terrenas,neque
1355 851 1486 890 vero
1515 844 1734 889 terram.
1769 834 1908 900 Quid
1933 835 2016 888 di-

426 936 526 998 cis,
557 930 757 984 sodes?
789 930 866 984 Ex
921 929 1138 982 duobus
1175 928 1320 981 enim
1377 927 1611 980 alterum
1661 927 2014 995 cogitandum

425 1024 585 1077 nobis
611 1021 834 1076 dedisti.
877 1021 1092 1074 Etenim
1125 1029 1220 1073 aut
1257 1020 1467 1073 insanis
1507 1020 1650 1088 ipse,
1684 1027 1780 1074 aut
1813 1035 2008 1074 omnes

428 1114 670 1168 insanire
696 1123 874 1183 putas.
899 1111 995 1165 llic
1011 1121 1192 1166 autem
1223 1128 1330 1164 non
1353 1121 1558 1176 noster,
1579 1117 1670 1166 sed
1693 1125 1818 1167 tuus
1844 1112 2012 1167 affec-

429 1218 538 1260 tus.
589 1205 644 1259 Si
681 1206 828 1260 enim
861 1205 1050 1259 ebrius
1087 1203 1341 1273 quennis
1391 1203 1611 1258 obviam
1653 1215 1878 1260 euntem
1914 1205 2019 1258 du-

431 1298 628 1368 plicem
664 1313 762 1366 pro
789 1313 898 1351 uno
932 1297 1120 1350 videre
1143 1297 1250 1350 sibi
1287 1295 1524 1360 videtur,
1561 1312 1672 1350 non
1695 1305 2018 1366 conspecto-

433 1407 552 1444 rum
601 1390 887 1444 hominum
933 1388 1144 1443 erroris
1175 1387 1408 1443 affectus
1438 1397 1545 1454 est,
1579 1389 1673 1444 sed
1717 1389 1860 1444 male
1891 1403 2018 1443 c0n~

427 1481 734 1550 spicientis.
799 1480 1090 1548 Sigillatim
1125 1481 1274 1533 enim
1324 1481 1399 1534 illi
1451 1481 1519 1536 ad
1558 1497 2012 1550 unumquemque

429 1575 706 1628 numerati
743 1583 922 1627 erant.
979 1571 1114 1626 Nam
1172 1574 1456 1642 professus
1513 1583 1598 1628 est
1641 1573 2022 1628 demonstrare

443 1665 498 1718 id
530 1664 676 1733 quod
709 1664 1148 1719 asacerdotihus
1199 1664 1306 1719 illis
1363 1679 1424 1718 ac
1479 1665 1676 1721 scribis
1731 1665 2020 1734 quaesitum

430 1770 552 1810 esse
583 1756 744 1810 dixit.
821 1755 999 1810 Jubeo
1023 1757 1134 1825 jam
1165 1766 1384 1811 sanctos
1409 1757 1462 1810 in
1493 1757 1731 1812 medium
1762 1757 2021 1828 proferri.

431 1848 528 1917 qui
587 1848 765 1902 lucem
797 1864 920 1918 quae
973 1849 1024 1902 in
1058 1849 1274 1902 Domini
1313 1849 1798 1920 transfiguratione
1853 1865 2024 1918 appa-

2115 651 2184 705 τὰ
2234 651 2344 704 τῶν
2397 648 2790 716 Εἱκονομάχων
2843 645 3020 714 τιμῶν
3067 641 3142 713 μὴ
3201 634 3344 693 εἶναι
3395 639 3652 708 Είκονομα-

2117 759 2210 811 χος
2239 757 2252 772 ·
2282 743 2468 809 ὅμοιον
2491 740 2600 809 γὰρ
2638 739 2704 792 ἂν
2733 739 2817 806 εἴη
2860 737 3050 806 ὥσπερ
3089 736 3154 787 ἂν
3183 734 3234 785 εί
3267 729 3550 799 παρελθὼν
3577 732 3656 782 δ-ε-
3731 803 3736 806 _

2117 833 2326 888 τείνετό
2355 851 2438 896 τις
2467 830 2802 902 κιθαρῳδοὺς
2841 828 2942 897 μὲν
2969 825 3130 890 εἶναι,
3165 823 3402 893 κιθάραν
3425 821 3472 875 δ’
3493 821 3566 880 οὓ.
3587 824 3655 875 καὶ

2117 927 2404 998 οὐρανίους
2465 924 2564 994 μὲν
2611 923 2872 994 ἀστέρας,
2914 920 3146 990 οὐρανὺν
3180 917 3226 970 δ’
3270 914 3356 976 οὒ,
3407 913 3500 966 καὶ
3531 915 3660 980 γήῐνι

2123 1022 2222 1092 μὲν
2255 1021 2579 1091 πράγματα,
2612 1019 2716 1086 γῆν
2767 1016 2812 1068 δ’
2865 1012 3093 1083 οὐδαμῆ.
3127 1010 3192 1062 Τί
3243 1010 3374 1080 φῂς,
3407 1007 3660 1076 ἀνθρωπε;

2121 1117 2277 1167 Δυοῖν
2303 1113 2414 1183 γὰρ
2457 1113 2677 1174 πάντως
2701 1110 2842 1162 νοεῖν
2871 1107 3027 1168 δίδως
3055 1107 3190 1176 ἡμῖν
3231 1103 3495 1172 θάτερονσ
3523 1101 3554 1168 ἢ
3579 1103 3661 1168 γὰρ

2126 1209 2315 1282 μαίνῃ,
2357 1208 2389 1278 ἢ
2443 1208 2654 1268 πάντας
2691 1201 3054 1276 μαινομένους
3089 1195 3228 1252 εἶναι
3277 1196 3492 1264 λογίζῃ.
3525 1193 3661 1249 Τοῦτο

2121 1303 2167 1356 δ’
2201 1305 2300 1372 οὐχ
2366 1303 2541 1372 ἡμῶν,
2582 1300 2719 1354 ἀλλά
2754 1298 2848 1351 σοῦ
2883 1315 2946 1366 γε
2987 1297 3048 1350 τι
3079 1294 3273 1356 πάθος,
3321 1291 3570 1359 καθάπερ
3597 1291 3658 1361 δή·

2123 1394 2321 1448 πουθεν
2351 1393 2444 1448 καὶ
2473 1395 2520 1446 εἰ
2555 1393 2770 1462 μεθύων
2809 1408 2894 1450 τις
2933 1389 3109 1443 πάντα
3139 1387 3282 1450 τινα,
3334 1387 3445 1453 ὅτῳ
3477 1383 3538 1436 ἀν
3567 1401 3662 1436 συν-

2126 1487 2332 1558 αντῴη.
2363 1485 2586 1539 διπλοῦν
2639 1501 2762 1538 τινα
2791 1483 2910 1536 ἀνθ’
2935 1481 3054 1543 ἑνὸς
3085 1481 3222 1548 ὁρᾷν
3260 1477 3460 1538 ἐδόκει,
3493 1477 3548 1526 οὐ
3583 1479 3662 1528 τῶι

2123 1577 2420 1648 ὁρωμένων
2455 1577 2516 1626 iv
2575 1574 2634 1625 τὸ
2683 1574 2777 1641 τῆς
2817 1571 3035 1636 ἀπάτης
3073 1569 3248 1630 πάθος
3299 1562 3392 1636 ἦν,
3447 1565 3572 1618 ἀλλὰ
3595 1565 3664 1618 to:

2129 1667 2415 1738 σφαλερῶς
2463 1666 2732 1737 ὁρῶντος·
2787 1665 2988 1724 πάντες
3027 1662 3136 1730 γὰρ
3187 1660 3254 1712 ἂν
3304 1657 3595 1727 μοναδκῶς

2129 1761 2342 1829 πῆρχον
2377 1757 2775 1830 ἀριθμούμενοι
2835 1755 2954 1808 καθ’
3004 1755 3237 1806 ἕκαστον
3279 1753 3498 1804 ἐκεῖνοι.
3529 1751 3660 1820 11μύ-

2129 1853 2254 1906 θετο
2301 1852 2398 1921 μὲν
2429 1852 2534 1921 γὰρ
2563 1850 2735 1914 δεῖξαι
2766 1848 2794 1900 ὃ
2819 1849 2932 1908 τοῖς
2954 1844 3306 1915 ἀρχιερεῦσιν
3356 1843 3572 1903 ἐκείνοις
3599 1847 3664 1895 v.1"

431 1939 570 2004 ruit,
607 1939 906 1992 increatam
943 1955 1066 1993 esse
1097 1939 1329 2004 dicant,
1389 1955 1501 1994 non
1555 1939 1849 1994 essentiam
1901 1939 2020 2004 Dei,

2135 1935 2547 2010 γραμματεῦσιν
2581 1935 2742 1995 αὐτὸς
2779 1933 3076 2004 ζητηθῆναί
3109 1949 3244 2000 φησι
3265 1948 3280 1962 ο
3315 1931 3464 1997 λέγω
3485 1931 3543 2000 δὴ
3569 1933 3665 1996 τοτς

432 2031 533 2086 sed
587 2031 997 2085 inesseutialem
1053 2040 1108 2085 et
1153 2031 1670 2094 insuhstantialem;
1722 2033 1834 2102 jam
1891 2045 2024 2085 vero

431 2124 588 2192 quasi
621 2123 960 2178 obliviscens
998 2125 1083 2176 sui
1113 2125 1474 2192 quzestionem
1501 2123 1690 2179 multis
1721 2121 2024 2178 dubitatio-

431 2214 595 2269 nibus
651 2215 984 2282 implicatam
1039 2226 1096 2268 et
1151 2215 1298 2268 omni
1344 2215 1660 2284 dogmatum
1699 2215 2025 2270 confusione

433 2309 813 2374 perturbatam
844 2305 1071 2359 silentio
1109 2306 1481 2374 praetermisit,
1506 2307 1574 2361 de
1601 2323 1708 2376 qua
1735 2307 1881 2361 nulla
1907 2316 2027 2361 erat

439 2397 712 2450 dubitatio
743 2405 800 2450 et
831 2407 1020 2450 contra
1053 2412 1216 2465 quam
1262 2413 1444 2466 neque
1475 2397 1592 2466 ipse
1634 2401 1816 2453 omnis
1867 2397 2025 2451 maii-

433 2489 656 2558 gnitatis
687 2498 842 2557 pater
879 2487 1138 2544 diabolus
1179 2489 1488 2560 quidquam
1537 2505 1814 2559 opponere
1865 2504 2027 2544 cona-

435 2589 608 2645 retur,
635 2580 686 2634 ei
707 2580 906 2634 ali'erre
937 2579 1122 2634 studet
1151 2581 1487 2646 testimonia,
1523 2591 1584 2636 ut
1609 2581 1792 2635 dicere
1819 2581 2026 2648 aliquid

438 2671 768 2740 quibusdam
829 2671 1098 2723 videatur.
1182 2670 1320 2736 Quis
1369 2671 1516 2724 enim
1571 2670 1665 2738 qui
1725 2669 2027 2723 secundum

443 2765 607 2820 fidem
633 2765 822 2818 vivere
849 2779 908 2818 se
938 2763 1251 2832 profitetur,
1278 2763 1417 2816 dixit
1447 2777 1688 2831 unquam
1721 2771 1816 2816 aut
1851 2761 2028 2832 potuit

441 2859 652 2922 dicere,
690 2865 836 2911 stare
861 2857 916 2910 in
951 2855 1262 2908 substantia
1291 2863 1346 2906 et
1373 2853 1616 2907 essentia
1648 2849 1742 2906 Dei
1785 2861 1841 2905 et
1873 2851 2024 2905 illius

438 2959 689 3005 naturam
728 2959 820 3003 aut
849 2948 1054 3002 vidisse
1083 2955 1179 3000 aut
1207 2947 1514 3015 professum
1563 2958 1710 3009 esse,
1745 2959 1869 2998 cum
1909 2959 2028 2998 om-

442 3059 546 3097 nes
579 3043 684 3096 lroc
712 3042 896 3096 dicere
925 3056 1032 3093 non
1077 3042 1240 3092 modo
1270 3041 1598 3108 prophetas,
1643 3052 1834 3091 verum
1865 3037 2026 3090 etiam

441 3135 642 3206 quibus
713 3131 881 3204 479
942 3132 1111 3184 inulto
1177 3131 1605 3200 propinquiores
1658 3139 1820 3185 erant
1895 3145 2032 3197 pra:-

441 3239 694 3297 ceptores
747 3226 920 3279 nostri
973 3223 1240 3288 audisset,
1305 3222 1402 3294 qui
1476 3233 1673 3292 praeter
1721 3223 1892 3276 multa
1925 3221 2028 3276 alia

2127 2029 2320 2096 ἁγίους
2373 2027 2721 2094 παραγαγεῖν
2765 2026 2845 2082 είς
2885 2027 3048 2091 μέσον
3081 2022 3130 2073 οἳ
3177 2021 3240 2074 τὸ
3285 2022 3458 2088 φανὲν
3485 2021 3570 2072 ἐπὶ
3593 2023 3665 2090 τῆς

2127 2120 2222 2173 τοῦ
2253 2119 2450 2189 Κυρίου
2487 2116 2966 2184 μεταμορφώσεως
3001 2115 3114 2183 φῶς
3143 2114 3404 2168 ἀκτιστον
3441 2114 3536 2181 μὲν
3557 2110 3664 2164 εἷναί

2129 2229 2318 2282 φασιν,
2353 2214 2453 2264 οὐκ
2498 2213 2686 2263 οὐσίαν
2715 2211 2768 2261 δὲ
2819 2209 2974 2272 Θεοῦ,
3041 2207 3156 2260 ἀλλ’
3209 2207 3462 2259 ἁνούσιόν
3489 2224 3542 2258 τε
3597 2209 3666 2258 καὶ

2129 2307 2526 2361 ἀνυπόστατον.
2585 2301 2694 2355 Εἶθ’
2741 2303 2930 2372 ὥσπερ
2985 2299 3352 2366 ἐκλαθόμενος
3397 2299 3551 2358 αὐτῦς
3573 2299 3658 2349 ιον

2129 2399 2250 2466 τοῦ,
2275 2399 2335 2452 τὸ
2365 2398 2463 2468 μὲν
2501 2394 2857 2465 ζητούμενον,
2898 2395 2994 2446 καὶ
3026 2391 3068 2458 ᾧ
3097 2393 3269 2459 πολλή
3295 2409 3378 2453 τις
3409 2392 3666 2460 περικέχυ-

2131 2507 2222 2542 ται
2263 2487 2703 2557 ἀμφισσήτησις,
2739 2484 2831 2536 καὶ
2862 2483 2992 2550 περὶ
3017 2481 3043 2533 ὃ
3067 2482 3164 2552 τῆς
3193 2479 3321 2548 ὅλης
3356 2481 3466 2532 τῶν
3508 2479 3667 2548 ὼγμά.

2131 2595 2240 2631 των
2265 2575 2580 2646 συγχύσεως
2611 2575 2642 2644 ή
2676 2573 2948 2642 πρόφασις
2972 2572 3192 2640 ἕστηκε,
3219 2569 3378 2622 τοῦτο
3415 2569 3512 2639 μὲν
3539 2571 3666 2634 πο.ρέ-

2129 2672 2306 2744 δραμε
2346 2673 2470 2740 σιγῇ
2499 2685 2512 2700 ·
2565 2667 2695 2738 περὶ
2731 2659 2790 2719 οὗ
2817 2666 2862 2720 δ’
2894 2665 2992 2718 οὐκ
3019 2661 3087 2734 ἦν
3115 2664 3523 2735 ἀμφισϐήτησις
3557 2665 3668 2718 οὐδε-

2135 2765 2256 2836 μία,
2287 2764 2380 2816 καλ⁵
2414 2755 2458 2832 ᾧ
2495 2761 2604 2814 οὐδ’
2633 2759 2698 2814 ἂν
2725 2761 2882 2820 αὐτὸς
2913 2759 2941 2810 ὁ
2975 2756 3158 2825 πάσης
3188 2757 3388 2818 κακίας
3433 2757 3668 2826 γεννήτωρ

2129 2858 2377 2920 διάὸο).ος
2423 2854 2748 2922 τολμήσειεν
2789 2853 3090 2916 ἀντειπεῖν,
3144 2851 3324 2920 τούτῳ
3371 2851 3428 2902 δὲ
3463 2851 3668 2917 κομίζειν

2131 2949 2292 3020 δῆθεν
2325 2945 2612 3014 ἐπείγεται
2661 2945 2998 3006 συστατικὰς
3041 2942 3374 3012 μαρτυρίας,
3417 2941 3502 2993 ἵνα
3527 2955 3572 2993 τι
3605 2941 3669 2992 λέ-

2133 3059 2250 3110 γειν
2304 3041 2430 3110 δόξῃ
2483 3039 2615 3092 τισί.
2655 3037 2750 3100 Τίς
2783 3041 2890 3107 γάρ
2925 3033 3042 3088 ποτ’
3099 3035 3342 3098 εὐσεϐῶς
3389 3035 3670 3106 αἱρούμενος

2134 3133 2234 3206 ζῇν
2270 3129 2394 3186 εἶπέ
2425 3148 2554 3184 ποτε
2589 3131 2622 3200 ἦ
2659 3129 2832 3200 λέγει,
2865 3128 2898 3199 ἢ
2930 3127 3136 3180 δύναιτ’
3163 3129 3230 3181 ἄν
3261 3126 3380 3179 ποτ’
3409 3129 3592 3193 εἰπεῖν,
3617 3125 3670 3185 ὡς

2137 3229 2267 3294 ἔστη
2299 3229 2357 3279 ὲν
2387 3225 2735 3295 ὐποστήματι
2783 3223 2875 3274 καὶ
2933 3221 3096 3290 οὐσία
3123 3220 3282 3287 Θεοῦ,
3319 3221 3567 3274 κάκείνου
3599 3218 3670 3287 τὴν

440 3290 744 3388 loquuntur
776 3317 857 3372 sic
895 3334 910 3370 :
949 3313 1006 3368 Si
1037 3314 1160 3384 quis
1210 3290 1678 3384 cognovit—Deum
1709 3324 1802 3368 aut
1830 3328 2032 3382 cogno-

2139 3290 2303 3391 φύσιν
2344 3319 2376 3389 ἣ
2411 3313 2554 3371 εἶδεν
2667 3317 3021 3384 ἐξηγόρευσε,
3069 3312 3318 3384 βοώντων
3357 3313 3597 3366 ἁπάντων
3629 3313 3673 3364 ἁ-

443 3411 589 3465 visse
636 3420 882 3478 putatur,
939 3419 1170 3462 eatenus
1219 3408 1516 3477 cognovit,
1569 3418 1843 3476 quatenus
1892 3408 2032 3462 lucis

415 3524 418 3526 ·
444 3502 679 3557 similior
701 3501 956 3570 apparuit
979 3515 1142 3569 quam
1172 3499 1322 3554 aliud
1345 3499 1671 3568 quidquam,
1698 3501 1901 3569 quippe
1920 3514 2030 3554 non

445 3593 702 3648 similiter
736 3592 1140 3646 collustratum.
1205 3593 1269 3644 Et
1314 3591 1366 3645 id
1401 3591 1548 3660 quod
1573 3599 1868 3660 exsuperat
1905 3607 2032 3660 per-

445 3683 652 3738 fectum
683 3692 928 3751 putatum
959 3692 1044 3736 est
1079 3697 1188 3736 non
1219 3682 1476 3747 veritate,
1509 3683 1604 3738 sed
1651 3683 1698 3738 si
1727 3697 1850 3738 cum
1891 3683 2032 3738 alte-

449 3773 566 3828 rius
596 3783 946 3843 comparatur
981 3775 1242 3842 potentia.

2138 3410 2318 3464 κούων
2347 3409 2507 3460 ταυτὶ
2541 3406 2616 3476 μὴ
2662 3407 2744 3460 ὅτι
2778 3403 3095 3474 προφητῶν,
3129 3403 3266 3456 ἀλλὰ
3299 3403 3394 3456 καὶ
3424 3399 3506 3464 οἷς
3547 3405 3674 3468 ἐγγυ-

2136 3503 2279 3572 τέρω
2333 3497 2510 3568 πολλῷ
2561 3497 2904 3560 διδασκάλοις
2958 3496 3118 3566 ἡμῶν
3169 3497 3450 3564 γεγονέναι
3503 3496 3674 3563 συμπέ·

2138 3611 2375 3647 πτωκεν.
2410 3592 2472 3646 Οἳ
2499 3592 2566 3645 τά
2595 3591 2641 3644 τ’
2673 3591 2810 3645 ἄλλα
2835 3590 3128 3658 φάσκουσι,
3161 3590 3255 3640 καὶ
3289 3590 3388 3658 μὲν
3415 3590 3477 3658 δὴ
3518 3590 3597 3641 καὶ
3617 3589 3672 3650 ὡς

2139 3685 2193 3736 εί
2227 3701 2312 3748 τις
2334 3685 2475 3753 ἔγνω
2498 3683 2630 3736 Θεὸν
2660 3683 2692 3753 ἢ
2723 3683 3028 3750 ἐγνωκέναι
3056 3679 3500 3750 μεμαρτύρηται,
3525 3679 3674 3733 τοσοῦ-

2137 3794 2230 3830 τον
2261 3777 2401 3840 ἔγνω
2433 3779 2557 3828 ὅσον
2589 3775 2750 3828 ἀλλου
2804 3774 2879 3842 μὴ
2927 3774 2988 3826 τὸ
3025 3773 3140 3825 ἴσον
3179 3773 3576 3841 ὲλλαμφθέντος
3598 3789 3674 3838 φι-

449 3865 608 3934 νῆναι
663 3866 1151 3936 φωτοειδέστερος·
1211 3867 1304 3920 καὶ
1355 3867 1414 3920 τὸ
1445 3867 1783 3938 ὑπερϐάλλον
1813 3869 2018 3924 τέλειον
2059 3869 2321 3942 ἐνομίσθη
2361 3871 2422 3924 οὐ
2461 3872 2528 3939 τῇ
2580 3868 2830 3938 ἀληθείᾳ,
2859 3869 2921 3936 τῇ
2970 3867 3027 3919 δὲ
3077 3867 3172 3920 τοῦ
3211 3865 3438 3936 πλησίον
3479 3867 3669 3934 δυνάμει

451 3961 808 4031 παραμετρού
817 3977 1000 4029 μενον.

523 4057 611 4112 lV.
657 4057 764 4111 Sed
811 4057 1059 4112 Palamas
1103 4065 1296 4112 contra
1349 4060 1638 4117 veritatem
1689 4073 2032 4134 pugnaturus

447 4163 576 4202 cum
609 4157 802 4202 contra
831 4149 966 4202 nihil
995 4149 1182 4204 dicere
1217 4151 1392 4220 possit
1417 4168 1516 4208 nec
1544 4155 1815 4225 refugium
1849 4156 2030 4225 quod-

451 4257 617 4310 quam
645 4241 868 4306 ltabeat,
895 4242 964 4295 ad
995 4243 1305 4298 latebrosas
1339 4259 1591 4301 recessus
1620 4249 1806 4302 statim
1840 4249 2030 4304 oculos

451 4333 642 4396 vertit,
673 4331 804 4403 quia
839 4350 951 4387 non
985 4334 1291 4406 intelligere
1319 4347 1500 4406 potest
1532 4355 1589 4394 se
1622 4339 1737 4410 ipsa
1777 4357 1835 4395 re
1859 4341 2035 4394 mani-

461 4423 760 4478 festissime
809 4425 1014 4486 eviuei.
1058 4440 1182 4478 cum
1233 4427 1301 4480 iis
1351 4443 1491 4496 quos
1543 4429 1748 4498 injuria
1797 4431 2034 4484 lacessat

455 4515 594 4569 nihil
651 4515 1060 4584 probabilitatis
1104 4531 1386 4586 opponere
1435 4519 1631 4588 possit.
1685 4520 1840 4587 Quod
1883 4523 2032 4576 enim

2205 4062 2278 4117 A'.
2327 4063 2466 4116 Ἀλλ’
2499 4065 2527 4115 ὁ
2555 4059 2820 4130 Παλαμᾶς
2851 4061 2916 4131 τῇ
2949 4061 3046 4129 μὲν
3087 4060 3318 4130 ἀληθείᾳ
3373 4060 3667 4130 μαχόμενος,

2135 4156 2196 4207 οὐ
2227 4155 2526 4222 δυνάμενος
2554 4154 2598 4206 δ’
2637 4155 2942 4219 ἀντειπεῖν,
2979 4154 3090 4206 οὐδ’
3121 4153 3412 4224 ἀποφυγὴν
3445 4156 3540 4205 οὐκ
3569 4152 3672 4221 ἔχων

2135 4246 2395 4314 οὐδεμίαν
2427 4244 2662 4314 οὐδαμῆ,
2723 4245 2861 4314 πρὸς
2909 4245 3336 4314 λαϐυρινθώδεις
3397 4245 3550 4309 εὐθὺς
3599 4243 3673 4312 ὁρᾷ

2137 4335 2486 4400 καταδύσεις,
2541 4339 2636 4389 καὶ
2677 4337 2786 4390 οὐδ’
2821 4335 3109 4389 αἰσθέσθαι
3168 4337 3396 4391 δύναται
3459 4333 3672 4391 ante}!

2138 4433 2283 4482 ἐστὶν
2309 4430 2338 4482 ὃ
2372 4430 2608 4498 μάλιστα
2639 4431 2860 4482 πάντων
2922 4431 3008 4482 ἐπ’
3062 4431 3366 4501 αὐτοφώρῳ
3400 4431 3574 4484 τοῦτον
3595 4447 3672 4482 κιο

2137 4523 2444 4589 ταδικάζει,
2483 4523 2649 4594 μηδὲν
2705 4523 2814 4576 τῶν
2847 4525 3087 4592 εὐλόγων
3147 4525 3342 4594 ἔχοντα
3399 4529 3510 4586 τοῖς
3557 4521 3670 4588 αὐτῷ

455 4609 593 4663 dicit
637 4625 698 4663 ea
731 4625 850 4678 qua:
877 4625 1036 4663 neruo
1059 4609 1310 4678 quaesivit
1337 4625 1578 4682 unquam
1615 4621 1802 4683 utpote
1857 4614 2032 4668 mani-

2145 4616 2662 4684 παρανομουμένοις
2697 4615 3046 4684 χαρίζεσθαι.
3103 4615 3175 4669 Τὸ
3227 4618 3336 4684 γὰρ
3391 4617 3561 4681 λέγειν
3600 4615 3670 4681 μὲν

457 4699 616 4758 festa.
652 4709 788 4753 tacet
845 4702 912 4753 de
949 4701 1014 4754 iis
1065 4717 1186 4770 quae
1239 4717 1297 4756 se
1329 4703 1606 4758 dicturum
1647 4706 1926 4774 professus
1951 4715 2034 4761 est

458 4793 612 4846 nullo
643 4801 893 4860 cogente,
917 4793 1096 4848 simile
1129 4795 1231 4848 hoc
1259 4794 1412 4858 facit,
1443 4809 1506 4848 ac
1531 4795 1576 4850 si
1614 4796 1738 4864 quis
1765 4797 2033 4851 accedens

455 4885 749 4955 proﬁtetur
779 4901 836 4938 se
868 4885 1146 4939 dicturum
1181 4887 1234 4940 id
1267 4887 1412 4955 quod
1445 4887 1659 4958 ignorat
1689 4904 1872 4954 nemo,
1899 4889 2032 4958 quid

457 4976 530 5030 sit
573 4975 738 5028 homo
761 4992 778 5041 ;
805 4976 1004 5030 deinde
1032 4991 1156 5031 cum
1191 4977 1378 5032 dicere
1405 4979 1656 5046 cmperit,
1693 4980 1746 5034 id
1781 4981 1926 5050 quod
1963 4982 2036 5035 sit

458 5067 626 5121 homo
657 5067 840 5122 dicere
869 5085 978 5122 non
1015 5079 1218 5137 potest,
1265 5087 1387 5139 qth
1433 5087 1562 5124 vero
1599 5085 1705 5124 non
1736 5073 1942 5126 cadunt
1977 5070 2031 5124 in

459 5159 764 5220 hominem,
813 5161 928 5214 haec
977 5163 1162 5215 omnia
1205 5163 1429 5216 omnino
1466 5177 1588 5216 esse
1621 5170 1804 5231 negat,
1839 5163 2030 5217 bovem

457 5251 675 5304 scilicet
710 5259 764 5303 et
793 5267 992 5318 equum
1030 5261 1080 5305 et
1122 5267 1354 5321 cycnum
1391 5263 1448 5306 et
1481 5253 1758 5307 cornicem
1789 5263 1846 5308 et
1880 5269 2033 5322 qure-

458 5353 680 5406 cunque
709 5338 994 5392 humidam
1031 5341 1084 5393 in
1121 5344 1256 5394 mari
1285 5343 1452 5396 vitam
1485 5351 1670 5412 agunt.
1707 5345 1836 5398 Dein
1867 5346 2032 5399 etiam

459 5428 652 5482 brevia
678 5431 852 5484 sancti
883 5431 1102 5484 Maximi
1131 5435 1296 5486 verba
1330 5434 1508 5499 affert,
1541 5436 1634 5488 sed
1677 5451 1786 5489 non
1822 5436 2034 5506 integra

459 5536 562 5576 nec
592 5521 710 5576 sine
745 5537 812 5577 eo
843 5539 952 5591 quo
983 5533 1067 5578 est
1098 5526 1482 5594 corrumpendi
1517 5527 1700 5582 studio
1746 5528 2032 5598 relinqmt.

460 5611 750 5670 Quomodo
799 5614 945 5668 enim
997 5615 1160 5668 homo
1215 5615 1472 5668 affectant
1522 5617 1630 5686 jam
1674 5618 2034 5674 inveteratum

461 5699 629 5770 480
659 5711 711 5755 et
755 5704 1150 5774 longinquitate
1209 5709 1468 5776 temporis
1521 5712 1930 5764 eorroboratum
1981 5723 2036 5766 et

465 5791 521 5843 in
557 5803 801 5846 naturain
849 5799 1019 5864 ipsam
1067 5801 1410 5851 innnntatnm
1463 5800 1723 5867 abjiciet?
1765 5802 2032 5858 Distracta

463 5881 612 5936 enim
665 5885 716 5940 in
755 5885 891 5941 duas
926 5899 1108 5958 partes
1161 5891 1372 5961 integra
1419 5892 1750 5960 cogitatione
1803 5903 1858 5948 et
1907 5895 2032 5948 dein

2142 4709 2178 4763 δι
2207 4707 2396 4777 μηδεὶς
2435 4709 2670 4778 ἐζήτησε
2729 4711 2951 4761 πώποτε
3007 4709 3249 4779 πρόδηλα
3285 4710 3434 4773 ὅντα,
3483 4708 3614 4776 σιγᾷν
3638 4701 3672 4756 δ’

2144 4800 2178 4853 ἃ
2206 4797 2476 4867 προῦθετό
2507 4816 2566 4851 τε
2599 4801 2694 4852 καὶ
2718 4800 3089 4868 ἐπηγγείλατο
3135 4801 3316 4868 λέγειν
3373 4800 3530 4862 αὐτὸς
3557 4797 3670 4850 οὐδε-

2145 4893 2234 4955 νὸς
2273 4891 2702 4960 ἀναγκάζοντος,
2768 4893 2955 4962 ὅμοιόν
3003 4893 3151 4945 ἐστιν
3185 4891 3378 4961 ὥσπερ
3425 4892 3489 4943 ἂν
3541 4891 3584 4942 εί
3610 4903 3670 4946 τις

2149 4984 2375 5052 μηδενὸς
2403 4983 2725 5052 ἀγνοοῦντος
2759 4985 3048 5054 παρελθὼν
3096 4978 3469 5053 ἐπηγγέλλετο
3505 4981 3588 5051 μὲν
3609 4979 3674 5028 λέ-

2144 5091 2264 5142 γειν
2297 5077 2346 5127 τί
2386 5077 2502 5128 ἐστι
2560 5077 2868 5148 ἄνθρωπος,
2908 5077 3101 5130 ἔπειτα
3152 5077 3336 5145 λέγειν
3392 5076 3670 5143 ἀρξάμενος,

2147 5164 2174 5215 ὃ
2215 5163 2312 5232 μὲν
2354 5164 2505 5216 ἔστιν
2538 5166 2826 5236 ἄνθρωπος
2855 5167 3031 5218 εἰπεῖν
3089 5165 3189 5218 οὐκ
3223 5163 3398 5235 εἶχεν,
3431 5165 3466 5218 ἃ
3513 5163 3550 5216 δ’
3599 5161 3669 5210 vix

2145 5249 2299 5302 ἔστιν
2323 5251 2632 5320 ἄνθρωπος,
2689 5253 2869 5306 πάντα
2904 5255 3147 5323 σωρηδὸν
3177 5253 3478 5323 ἀπηρν-ῖτο
3527 5251 3587 5320 μὴ
3611 5245 3667 5299 εἴ·

2145 5359 2254 5405 ναι,
2291 5341 2417 5410 βοῦν
2449 5345 2539 5395 καὶ
2571 5343 2737 5396 ἵππον
2765 5344 2963 5416 δηλαδὴ
3003 5345 3093 5396 καὶ
3149 5343 3356 5397 κύκνον
3418 5346 3506 5396 καὶ
3537 5335 3669 5408 κορὼ·

2146 5451 2266 5502 νην,
2311 5435 2406 5486 καὶ
2435 5437 2609 5489 ὁπόσα
2649 5438 2738 5487 τὸν
2767 5438 2930 5507 ὑγρὸν
2963 5438 3018 5488 ἐν
3052 5435 3290 5508 θαλάττῃ
3341 5437 3514 5500 διάγει
3567 5432 3666 5500 35w-

2149 5528 2382 5579 -Επειτα
2424 5527 2520 5580 καὶ
2563 5527 2822 5598 βραχείας
2855 5529 3074 5596 κομίζει
3113 5529 3305 5598 ῥήσεις
3327 5527 3571 5596 Μαξίμου
3599 5520 3666 5572 τεῇ

2147 5621 2318 5684 θείου,
2361 5621 2482 5690 μηδ’
2519 5621 2690 5696 αὐτὰς
2718 5621 2984 5684 λελοιπὼς
3013 5622 3247 5685 ἀπαθεῖς
3289 5623 3422 5690 μηδὲ
3453 5614 3666 5687 riguit-Ei

2149 5713 2414 5779 συνήθους
2452 5713 2582 5764 ἄνευ
2611 5712 2971 5782 παραφθορᾶς
2997 5729 3010 5741 ·
3033 5713 3288 5783 morr:le
3325 5715 3389 5766 ἂν
3413 5715 3439 5765 ὁ
3465 5712 3668 5778 ivisti?-

2145 5803 2335 5871 νηθείη
2375 5803 2542 5864 πάθος
2587 5805 2686 5872 ἤδη
2724 5805 3032 5856 παλαιωθὲν
3062 5807 3156 5856 καὶ
3202 5807 3368 5874 μήκει
3407 5805 3464 5874 if.
3497 5804 3586 5856 215
3623 5795 3662 5866 ἰν]

2143 5897 2339 5966 χρόνον
2381 5897 2682 5965 βείαιωθὲν
2718 5899 2809 5951 καὶ
2834 5893 2944 5950 οἷον
2980 5901 3055 5962 εἰς
3092 5899 3254 5968 φύσιν
3313 5901 3484 5968 τούτῳ
3531 5910 3662 5969 μετα-
