3780 6568
389 532 494 596 4'25

1597 531 2011 592 NlCEPllORl
2057 529 2442 593 GREGUR/E
3543 527 3628 588 436

390 639 650 705 aperuit,
721 639 988 707 apestolis
1051 638 1279 693 mirifice
1340 641 1702 708 splendebit,
1757 655 1811 698 et
1849 661 1883 697 τι

2136 645 2163 696 μὶ
2197 645 2410 698 ἔκτισεν
2439 647 2467 698 ὁ
2498 646 2636 707 θεῖος
2663 646 2834 712 Λόγος
2865 643 3042 714 (τοῦτο
3079 642 3183 712 γὰρ
3213 641 3308 710 τῆς
3346 639 3455 693 τῶν
3493 638 3629 692 Elate-

391 748 486 783 sns
544 739 766 798 apertos
798 728 965 783 divini
1025 730 1249 786 luminis
1305 733 1487 787 radios
1539 735 1841 804 detegebat.
1876 736 1967 789 Vi-

392 825 512 887 des,
545 823 826 891 quomodo
883 837 1080 877 omnes
1115 824 1318 892 ubique
1353 824 1456 894 pia:
1489 825 1747 882 Ecclesia:
1777 828 1969 882 docto-

393 931 486 969 res
525 915 1006 984 circumscriptam
1061 924 1118 970 et
1171 930 1278 970 non
1333 917 1640 972 absolutam
1683 919 1965 973 n0tionem

392 1022 490 1073 per
525 1007 973 1076 prrpositionem
1007 1009 1099 1061 sub
1153 1007 1461 1078 proferunt.
1501 1008 1669 1078 Igitur
1693 1011 1738 1065 si
1774 1026 1970 1068 omnes

394 1095 681 1150 i’alamica:
702 1096 884 1165 gentis
912 1095 1170 1165 discipuli
1199 1096 1582 1160 convenerint,
1607 1097 1965 1161 ostendunto,

397 1187 623 1241 ubinam
684 1185 985 1257 Scriptura:
1028 1188 1346 1242 inveniatur
1378 1188 1668 1257 quisquam
1719 1189 1966 1243 omnium

394 1286 716 1330 sanctorum
751 1275 945 1331 dicens
999 1277 1298 1332 increatam
1331 1277 1494 1332 aliam
1535 1289 1592 1334 et
1649 1279 1972 1334 inessentia-

395 1365 502 1420 lem
535 1375 591 1418 et
622 1365 925 1434 subiectam
963 1365 1095 1426 olim
1123 1366 1443 1436 apparuisse
1479 1367 1760 1454 deitateut‘.
1797 1368 1974 1422 Nimi-

399 1472 518 1510 rum
557 1456 677 1510 sine
726 1470 922 1523 magna
954 1470 1122 1524 opera
1158 1456 1450 1514 ostendere
1500 1456 1640 1512 forte
1685 1465 1969 1525 poterunt,

397 1565 497 1603 nec
546 1549 600 1602 in
659 1549 975 1619 subjectum
1011 1562 1113 1603 nec
1159 1548 1214 1602 in
1272 1549 1644 1619 superiectum
1687 1549 1971 1617 dispertiri

398 1657 564 1694 unam
597 1640 747 1694 illam
775 1640 1075 1694 increatam
1111 1650 1168 1695 et
1197 1641 1539 1696 individuam
1585 1642 1884 1697 essentiam
1915 1651 1975 1696 et

395 1732 686 1787 deitatem.
734 1732 1007 1798 Quocirca
1035 1732 1260 1788 divinus
1285 1733 1554 1788 Maximus
1583 1733 1895 1805 symbolum
1917 1745 1975 1788 et

393 1825 633 1896 elﬁgiem
683 1841 806 1882 esse
855 1826 1036 1882 lucem
1093 1825 1241 1880 illam
1287 1835 1343 1881 et
1369 1828 1848 1897 δραματούργημα
1888 1827 1973 1882 di-

395 1918 496 1972 cit.
527 1935 544 1969 ι
591 1919 732 1973 Puto
774 1916 920 1972 enim
950 1958 967 1986 ,
1002 1917 1225 1987 inquit,
1261 1918 1490 1973 omnino
1515 1918 1652 1974 duas
1685 1919 1974 1989 theologia:

2069 736 2326 804 νομάχων
2379 737 2616 805 ὑπάρχει
2659 734 2842 802 λέγειν
2887 732 3178 802 αἱρέσεως)
3203 744 3218 759 ο
3249 727 3371 783 ἀλλ’
3413 728 3448 796 ἡ
3487 726 3630 778 ἀναλ-

2069 828 2297 890 λοίωτος
2330 830 2517 896 φύσις,
2543 827 2620 890 ὡς
2661 832 2688 881 ὸ
2725 827 2868 888 θεῖος
2907 821 3064 888 αῦθίς
3109 839 3245 893 φησι
3293 817 3553 891 μελῳδὸς,
3577 820 3631 887 τῇ

2073 919 2294 990 βροτείᾳ
2357 919 2639 989 μιχθεῖσα,
2685 917 2787 987 τῆς
2845 914 3122 987 ἐμφεροῦς
3181 913 3350 967 ἀΰλου
3401 909 3632 976 θεότητος

2072 1011 2188 1080 φῶς
2239 1009 2683 1078 παραγυμνοῦσα
2755 1009 2870 1071 τοῖς
2942 1004 3262 1066 ἀποστόλοις
3319 999 3634 1070 ἀπορρήτως

2073 1106 2370 1176 ἐξέλαμψε,
2407 1107 2503 1158 καὶ
2543 1105 2708 1160 πάλιν
2741 1103 3022 1173 ἀμυδροὺς
3052 1099 3243 1168 θεῖκῆς
3280 1096 3459 1164 αύγῆς
3487 1110 3636 1163 παρε-

2071 1200 2282 1269 γύμνου
2307 1199 2690 1269 χαρακτῆρας.
2727 1197 2897 1267 Ὁρᾷς
2918 1193 3037 1257 πῶς
3065 1189 3316 1258 πανταχῆ
3365 1185 3564 1248 πάντες
3595 1185 3636 1236 oi

2072 1289 2175 1359 τῆς
2219 1290 2478 1354 εύσεϐοῦς
2521 1287 2853 1357 Ἐκκλησίας
2897 1283 3213 1340 διδάσκαλοι
3262 1281 3364 1350 τὴν
3407 1277 3635 1347 ἀμυδρὰν

2073 1381 2168 1434 καὶ
2213 1382 2275 1433 οὑ
2310 1381 2456 1450 μάλα
2483 1379 2691 1450 ἄμεσον
2715 1377 2806 1432 διὰ
2854 1376 2954 1446 τῆς
3002 1371 3164 1441 παρὰ
3209 1368 3524 1439 προθέσεως
3549 1367 3633 1432 ἒμ-

2075 1469 2328 1539 φαίνουσι
2397 1469 2650 1539 δήλωσιν.
2713 1469 2776 1522 Et
2833 1467 2880 1520 δ’
2932 1461 3050 1528 οὖν,
3103 1460 3472 1532 παρελθόντες
3516 1454 3636 1524 ὁμοῦ

2075 1563 2276 1625 πάντες
2313 1563 2363 1615 οἱ
2397 1562 2497 1630 τῆς
2532 1560 2860 1630 Παλαμικῆς
2883 1557 3153 1612 θιασῶται
3175 1553 3413 1624 φατρίας
3451 1547 3637 1602 δεικνύ-

2073 1670 2256 1706 τωσαν
2293 1650 2398 1706 ποῦ
2446 1653 2544 1720 τῆς
2584 1649 2812 1721 Γραφῆς
2864 1647 3183 1719 εὑρίσκεται
3215 1644 3392 1709 λέγων
3429 1657 3513 1703 τις
3541 1638 3637 1692 τῶν

2077 1746 2335 1799 ἁπάντων
2361 1743 2532 1811 ἁγίων
2571 1741 2830 1796 ἄκτιστον
2861 1740 3033 1808 ἄλλην
3079 1735 3336 1792 ἀνούσιον
3368 1733 3464 1786 καὶ
3502 1732 3635 1798 ὑφει-

2080 1839 2250 1908 μένην
2284 1837 2520 1906 φανῆναι
2548 1833 2670 1887 τότε
2715 1832 2968 1902 θεότητα.
3010 1827 3154 1882 Ἀλλ’
3192 1825 3316 1880 οὑδὲ
3351 1822 3522 1875 πολλὰ
3556 1839 3638 1890 μο-

2077 1932 2348 2001 γήσαντες
2393 1927 2566 1994 δεῖξαί
2610 1927 2731 1980 ποτ’
2763 1926 2832 1980 ἂν
2858 1923 3142 1995 δυνηθεῖεν
3165 1919 3281 1975 οὔτ’
3314 1920 3370 1980 ις
3405 1916 3466 1969 τὸ
3502 1915 3641 1980 ὑφειο

396 2010 639 2066 rationes
669 2009 1143 2080 occultoquodam
1168 2010 1334 2065 modo
1360 2008 1658 2066 inducendi
1683 2007 1889 2077 transit;

2147 2040 2241 2077 νον
2295 2022 2412 2076 οῦτ⁹
2457 2022 2538 2082 εἰς
2590 2020 2652 2073 τὸ
2701 2016 3104 2087 ὑπερκείμενον
3152 2009 3525 2084 μεριζομὲνην
3555 2007 3640 2075 τὴν

393 2101 634 2156 rationes
661 2101 810 2176 illius
840 2101 898 2155 in
933 2112 1120 2159 monte
1150 2100 1339 2158 divina
1373 2102 1922 2172 δραματουργὴματα
1952 2115 1968 2152 :

393 2208 560 2248 unam
611 2192 919 2262 principem
948 2202 1004 2248 et
1037 2193 1344 2262 simplicem
1377 2206 1433 2248 et
1473 2192 1747 2251 caus-.dem
1775 2231 1790 2257 ,
1835 2190 1975 2246 alte-

397 2300 516 2340 ram
549 2285 640 2352 illi.
669 2286 971 2345 secundam
1000 2295 1059 2340 et
1087 2284 1454 2355 compositam
1485 2294 1541 2340 et
1567 2283 1855 2355 magniﬁca
1885 2282 1971 2337 div

395 2378 699 2435 stinctione
731 2383 815 2433 ‘ex
861 2378 1104 2444 causalis
1155 2377 1319 2449 492
1369 2377 1798 2436 describentem.
1852 2394 1870 2427 ι
1910 2375 1975 2428 Et

396 2486 594 2526 rursus
625 2487 640 2524 ι
677 2488 694 2521 ι
735 2469 1058 2536 Videamus,
1091 2485 1220 2522 num
1258 2485 1366 2523 non
1397 2469 1602 2539 optime
1650 2479 1708 2524 et
1755 2467 1978 2537 sapien-

399 2564 616 2623 tissime
655 2569 949 2632 utra‘mque
1003 2563 1155 2616 illam
1212 2561 1481 2617 rationem
1531 2563 1734 2617 habeat
1771 2561 1976 2616 divinae

401 2655 622 2710 Domini
664 2654 1174 2724 transﬁgurationis
1201 2656 1529 2725 symbolum.
1565 2653 1801 2710 Necesse
1827 2653 1974 2710 enim

400 2756 524 2802 erat
559 2745 1200 2818 propter-incredibilem
1238 2746 1293 2800 in
1329 2745 1587 2799 homines
1617 2758 1862 2798 amorem
1895 2744 1976 2796 in-

399 2850 488 2894 ter
510 2853 614 2894 nos
639 2847 885 2894 creatum
935 2837 1051 2892 tleri
1084 2835 1314 2906 elllgiem
1344 2846 1400 2892 et
1425 2835 1732 2910 symbolum
1761 2845 1819 2890 et
1855 2848 1978 2890 sese

404 2947 470 2985 ex
497 2946 556 2987 se
583 2931 887 3002 symbolice
918 2929 1213 2985 ostendere
1258 2938 1316 2985 et
1365 2929 1433 2984 ad
1477 2943 1600 2984 sese
1636 2928 1864 2983 omnino
1888 2943 1980 2984 oc-v

404 3025 617 3079 cultum
669 3038 770 3094 per
821 3030 1182 3093 apparentem
1219 3021 1496 3080 adducere
1533 3032 1789 3076 cunctam
1819 3028 1978 3075 natu-

405 3131 548 3170 ram.
587 3134 605 3167 ι
639 3115 710 3169 Ει
746 3129 944 3169 rursus
973 3131 986 3167 :
1026 3132 1046 3167 ι
1085 3113 1220 3168 Cum
1255 3128 1434 3184 neque
1469 3112 1792 3168 accessibile
1825 3126 1980 3166 crea-

405 3219 548 3264 turae
589 3207 898 3262 increatum
930 3206 1134 3261 factum
1182 3217 1293 3272 est,
1338 3220 1438 3260 nec
1479 3204 1980 3276 comprehensibile

406 3299 580 3356 ﬁnitis
632 3298 934 3354 inﬁnitum.
973 3316 994 3350 ν
1035 3298 1104 3352 Et
1157 3312 1396 3352 rursus:
1434 3313 1452 3347 ι
1496 3295 1783 3351 Summum
1820 3293 1976 3348 faciei

407 3391 767 3462 splendorem
792 3431 808 3456 ,
844 3391 1018 3446 radiis
1050 3389 1350 3459 fulgentem
1383 3398 1437 3443 ct
1474 3397 1729 3456 tanquam
1761 3401 1979 3440 omnem

406 3483 696 3538 oculorum
721 3482 831 3538 vim
856 3490 1282 3552 exsuperantem
1307 3478 1532 3535 deitatis
1555 3492 1720 3547 supra
1747 3485 1982 3532 mentem

408 3585 466 3631 et
494 3589 720 3630 sensum
753 3583 811 3630 et
856 3573 1155 3629 essentiam
1192 3581 1248 3626 et
1277 3572 1648 3642 cognitionem
1677 3569 1832 3625 elata:
1866 3569 1986 3632 ejus

407 3667 722 3737 symbolum
765 3681 888 3722 esse
915 3664 1214 3720 docebant.
1249 3663 1527 3719 Candidas
1555 3671 1736 3717 vestes
1763 3663 1988 3731 symbo-

411 3758 517 3813 lice
555 3756 867 3828 signiﬁcare
903 3757 1071 3812 verba
1128 3771 1298 3813 sacrae
1351 3755 1824 3826 Sc_ripturae,qua:
1871 3765 1986 3809 tum

413 3849 659 3904 dilucide
694 3858 749 3906 et
805 3848 1098 3918 perspicua
1145 3858 1201 3904 et
1251 3847 1530 3903 evidentia
1579 3847 1646 3902 iis
1677 3847 1898 3913 ﬁebant,
1933 3857 1989 3900 et

412 3943 536 3997 sine
563 3941 874 4012 mnigmatis
916 3941 1296 4011 implicatione
1337 3951 1393 3996 et
1445 3941 1744 4012 symbolica
1795 3941 1990 3994 adum-

415 4035 671 4090 bratione
702 4035 1178 4104 intelligebantur,
1199 4043 1255 4089 et
1280 4049 1404 4104 qua!
1421 4035 1649 4090 verbum
1675 4034 1820 4104 quod
1845 4033 1990 4087 inter

412 4141 512 4182 eos
538 4125 862 4181 versabatur
879 4126 1158 4181 occultum
1186 4125 1533 4195 aperiebant,
1565 4126 1659 4180 ubi
1691 4125 1989 4195 perlectam

413 4226 468 4273 ct
503 4229 710 4273 rectam
746 4218 815 4273 de
855 4217 968 4273 Deo
1018 4219 1393 4288 cognitionem
1432 4218 1928 4288 persequebantur.
1966 4236 1984 4268 ν

413 4311 484 4366 Et
508 4326 703 4366 rursus
728 4327 744 4369 :
772 4329 793 4366 ι
837 4311 954 4364 Dixi
990 4311 1160 4380 igitur
1181 4326 1371 4380 supra,
1399 4309 1695 4380 splendore
1729 4311 1782 4363 in
1804 4317 1990 4362 monte

414 4403 483 4458 de
513 4401 737 4458 Domini
789 4401 931 4456 facie
957 4401 1118 4471 quasi
1155 4399 1382 4456 luminis
1429 4402 1573 4456 laeto
1635 4401 1831 4456 beatos
1862 4415 1990 4468 apo-

417 4496 592 4551 stolos
643 4495 710 4550 ad
763 4494 1025 4550 omnibus
1070 4495 1342 4549 creaturis
1371 4492 1991 4563 incomprehensibilem

419 4588 514 4643 Dei
544 4587 848 4658 potentiam
897 4597 954 4642 et
1002 4586 1234 4657 gloriam
1276 4583 1648 4654 inexplicabili
1683 4593 1740 4638 et
1766 4598 1874 4637 non
1911 4581 2020 4635 in-‘

2077 2115 2140 2188 [Γ.
2166 2114 2274 2170 248
2304 2114 2332 2166 ί)
2362 2111 2382 2183 ]
2416 2112 2588 2183 μόνην
2630 2110 2848 2178 ἐκείνην
2895 2109 3156 2163 ᾶκτιστον
3212 2103 3308 2157 καὶ
3357 2100 3642 2168 ἀμέριστον

2074 2209 2263 2262 οὐσίαν
2313 2223 2373 2259 τε
2423 2205 2518 2258 καὶ
2559 2204 2813 2271 θεότητα.
2848 2203 2917 2255 ’⁸0
2962 2217 3026 2267 γε
3078 2197 3186 2268 μὴν
3224 2196 3364 2256 θεῐος
3406 2191 3642 2260 Μάξιμος

2075 2301 2170 2354 καὶ
2220 2296 2493 2368 σύμϐολον
2530 2297 2627 2350 καὶ
2670 2293 2844 2347 τύπον
2894 2289 3132 2344 εἶναιτὸ
3177 2287 3295 2358 φῶς
3338 2287 3514 2338 ἐκεῖνο
3561 2282 3644 2335 καὶ

2075 2390 2551 2463 δραςματούργημα
2585 2387 2776 2455 λέγει’
2815 2405 2832 2440 ι
2866 2381 3062 2454 Οἶμαι,
3107 2400 3126 2434 ν
3161 2382 3268 2454 γάρ
3303 2395 3458 2448 φησι,
3480 2395 3498 2428 ι
3527 2377 3643 2436 τοῦς

2076 2485 2311 2540 καθόλου
2371 2483 2467 2537 δύο
2523 2481 2626 2550 τῆς
2700 2479 2983 2547 θεολογίας
3063 2475 3300 2544 τρόπους
3378 2469 3644 2540 μυστικῶς

2077 2577 2409 2647 ὑφηγεῖσθαι
2437 2577 2505 2629 τὰ
2535 2574 2627 2627 ἐπὶ
2666 2572 2763 2626 τοῦ
2788 2571 2951 2638 ϐρους
2985 2569 3127 2622 κατὰ
3157 2565 3256 2635 τὴν
3294 2562 3642 2634 μεταμόρφω-

2080 2685 2166 2722 σιν
2215 2666 2498 2736 θεοπρεπῆ
2533 2662 3107 2735 δραματουργήματα,
3135 2658 3229 2710 τόν
3272 2672 3333 2707 τε
3384 2650 3644 2721 προηγού-

2082 2759 2243 2830 μενόν
2277 2774 2421 2827 φημι
2455 2758 2550 2811 καὶ
2584 2753 2791 2809 ἁπλοῦν
2825 2752 2918 2804 καὶ
2959 2749 3226 2810 ἀναίτιον,
3260 2746 3357 2799 καὶ
3397 2745 3488 2796 τὸν
3528 2741 3644 2794 ἐπό-

2083 2867 2243 2921 μενον
2293 2849 2470 2919 τούτῳ
2521 2849 2617 2902 καὶ
2676 2845 2934 2900 σύνθετον
3001 2843 3100 2895 καὶ
3157 2841 3245 2893 διὰ
3301 2835 3646 2903 καταφάσεως

2083 2941 2520 3014 μεγαλοπρεπῶς
2590 2943 2654 2995 ὲκ
2700 2939 2810 2993 τῶν
2860 2934 3124 2990 αιτιατῶν
3172 2929 3576 3000 ὑπογράφοντα.
3628 2943 3642 2973 ι

2080 3037 2189 3090 Καὶ
2228 3035 2393 3088 πάλιν
2412 3049 2425 3062 ο
2453 3052 2472 3086 ι
2511 3031 2892 3101 Σκοπήσωμεν
2922 3027 2982 3081 δὲ
3013 3029 3064 3080 εί
3097 3024 3173 3094 μὴ
3199 3021 3383 3082 καλῶς
3416 3018 3649 3082 ἑκατέρω

2080 3127 2190 3180 τῶν
2215 3124 2527 3196 εἰρημένων
2572 3123 2792 3192 τρόπων
2829 3119 2974 3172 κατὰ
3012 3117 3110 3187 τὴν
3141 3113 3295 3167 θείαν
3318 3110 3536 3179 ἐκείνην
3561 3105 3647 3158 τοῦ

2084 3221 2291 3290 Κυρίου
2354 3217 2786 3288 μεταμόρφωσιν
2836 3213 2932 3266 καὶ
2993 3209 3172 3279 σοφῶς
3231 3204 3530 3274 ἐνυπάρχοι
3596 3201 3649 3252 τδ

2007 3309 2389 3399 ο-σύμϐολοψ
2435 3309 2542 3361 ἔδει
2591 3307 2701 3376 γὰρ
2753 3305 2939 3366 αὑτὸν,
3000 3296 3124 3354 καθ’
3176 3295 3648 3399 ἡμᾶςᾳάτρέπτως

2085 3404 2374 3472 κτισθῆναι
2401 3402 2467 3455 δι’
2493 3401 2732 3471 ἄμετρον
2760 3395 3174 3466 φιλανθρωπίαν
3197 3390 3646 3458 καταδεξάμενον,

2087 3491 2284 3546 ἑαυτοῦ
2339 3491 2596 3559 γενέσθαι
2645 3488 2817 3542 τύπον
2863 3487 2956 3540 καὶ
3009 3484 3302 3556 σύμϐολον,
3337 3482 3432 3534 καὶ
3485 3495 3653 3547 παρα-

2088 3585 2260 3650 δεῖξαι
2299 3582 2360 3647 ἐξ
2383 3582 2578 3636 ἑαυτοῦ
2613 3578 2961 3650 συμϐολικῶς
3009 3575 3222 3641 ἑαυτὸν,
3258 3575 3354 3628 καὶ
3401 3573 3468 3626 δι’
3498 3564 3652 3624 αὑτοῦ

2089 3675 2416 3746 φαινομένου
2446 3675 2584 3746 πρὸς
2606 3673 2796 3726 ἑαυτὸν
2823 3671 3044 3740 ἀφανῶς
3074 3669 3254 3738 πάντη
3287 3665 3653 3736 κρυπτόμενον

2089 3769 2506 3838 χειραγωγῆσαι
2562 3765 2661 3835 τὴν
2708 3763 2928 3817 ἃπασαν
2986 3761 3187 3814 κτίσιν.
3249 3778 3269 3812 ι
3317 3757 3425 3810 Καὶ
3478 3755 3650 3813 πάλιν,

2095 3880 2114 3913 ι
2163 3861 2316 3912 Ἐπεὶ
2347 3859 2482 3928 μηδὲ
2507 3856 2805 3928 χωρεῖσθαι
2844 3856 2918 3925 τῇ
2939 3853 3116 3906 κτίσει
3166 3852 3227 3904 τὸ
3274 3850 3527 3903 ἄκτιστον
3560 3846 3651 3898 πέρ

2093 3970 2255 4022 φυκε,
2310 3951 2446 4022 μηδὲ
2496 3945 2868 4018 περινοεῖσθαι
2923 3946 3037 4007 τοῖς
3103 3940 3537 4012 πεπερασμένοις
3597 3939 3655 3989 τὸ

2091 4045 2342 4114 ἄπειρον.
2413 4061 2432 4092 ι
2492 4041 2603 4095 Καὶ
2652 4041 2840 4098 πάλιν,
2903 4057 2921 4090 ι
2978 4037 3090 4105 Τὴν
3139 4040 3237 4106 μὲν
3291 4031 3652 4100 ἁκτινοφανῶς

2091 4134 2481 4204 ἑκλάμπουσαν
2531 4131 2627 4184 τοῦ
2662 4129 2956 4201 προσώπου
3006 4126 3295 4180 πανόλϐιον
3343 4122 3553 4192 αἴγλην,
3584 4120 3654 4180 ὡς

2093 4231 2277 4282 πᾶσαν
2302 4225 2598 4294 ὀφθαλμῶν
2625 4223 2866 4277 νικῶσαν
2909 4222 3209 4291 ἐνέργειαν,
3237 4218 3339 4286 τῆς
3369 4217 3508 4284 ὑπὲρ
3535 4212 3656 4266 νοῦν

2093 4323 2188 4379 καὶ
2211 4321 2465 4390 αῐσθησιν
2498 4319 2595 4372 καὶ
2621 4315 2812 4370 οὑσίαν
2842 4316 2937 4368 καὶ
2970 4313 3174 4386 γνῶσιν
3218 4311 3472 4379 θεότητος
3499 4304 3657 4359 αὑτοῦ

2096 4414 2371 4484 σύμϐολον
2422 4405 2562 4464 εἶναι
2618 4409 3004 4462 ἐδιδάσκοντο·
3062 4405 3132 4457 τὰ
3185 4403 3242 4456 δὲ
3276 4397 3663 4453 “λευκανθέντα

2095 4507 2294 4576 ἱμάτια
2350 4503 2461 4555 τῶν
2513 4500 2781 4571 ῥημάτων
2835 4499 2935 4567 τῆς
2981 4496 3143 4565 ἁγίας
3197 4493 3425 4566 Γραφῆς
3481 4489 3664 4557 φέρειν

2096 4597 2368 4667 σύμϐολον
2419 4596 2493 4658 ὡς
2542 4590 2854 4664 τηνικαῦτα
2909 4587 3179 4660 λαμπρῶν
3215 4587 3309 4639 καὶ
3336 4583 3539 4654 τρανῶν
3574 4581 3667 4632 καὶ

419 4681 690 4760 telligibili
745 4679 911 4735 modo
946 4679 1390 4744 adducebantur,
1441 4693 1566 4732 cum
1618 4675 1782 4747 593
1818 4675 1912 4744 im]

2174 4691 2288 4758 φῶν
2331 4688 2519 4748 αὐτοῖς
2569 4685 2913 4752 γενομένων,
2961 4682 3056 4734 καὶ
3105 4679 3306 4740 παντὸς
3365 4674 3667 4746 γριφὼδους

420 4775 714 4830 netrabilis
749 4774 1113 4829 obscuritatis
1166 4773 1474 4844 symbolum
1513 4785 1637 4825 esse
1679 4771 1855 4824 lucem
1903 4783 1995 4823 su-

419 4884 514 4934 pra
548 4881 779 4921 sensum
815 4875 1177 4936 apparentem
1231 4862 1623 4932 intelligerent.
1657 4879 1677 4912 ν
1711 4860 1951 4916 Videsne
1977 4901 1992 4927 ,

415 4959 694 5026 quomodo
727 4958 820 5012 ille
853 4956 1155 5018 invisibilis
1179 4956 1443 5009 increataa
1470 4953 1692 5013 .divinaa
1739 4953 1996 5008 essentia:

417 5049 865 5106 divino-humani
897 5047 1062 5104 Verbi
1097 5047 1335 5117 efﬁgiem
1363 5055 1420 5101 et
1447 5046 1756 5116 symbolum
1785 5060 1888 5100 nec
1912 5045 1998 5106 iu—

415 5153 658 5198 ct-eatam
716 5143 948 5197 alteram
1003 5139 1489 5195 insubstantialem
1554 5139 1816 5195 deitatem
1861 5138 1998 5192 dicit

418 5237 600 5291 lucem
641 5247 758 5290 tum
785 5235 842 5289 in
870 5235 1098 5290 Tbabor
1147 5249 1317 5304 super
1337 5249 1464 5289 eum
1498 5241 1855 5303 apparentem
1877 5271 1890 5294 ,
1941 5240 1998 5285 et

418 5322 956 5393 subpatelactionem
980 5363 994 5388 ,
1025 5327 1135 5376 non
1173 5321 1648 5392 patefactiouem?
1687 5320 1805 5375 Non
1845 5319 1996 5374 enim

422 5429 586 5486 posse
618 5415 767 5468 cerni
811 5414 881 5466 ab
909 5411 1114 5467 creatis
1164 5413 1471 5466 increatum
1515 5411 1996 5480 nequeinlinitum

419 5510 490 5563 ab
524 5507 717 5562 ﬁnitis.
770 5505 1080 5562 Dilucidius
1129 5505 1295 5558 etiam
1331 5505 1437 5559 hoc
1492 5506 1728 5574 explicat
1769 5519 2000 5575 magnus

422 5603 685 5659 Ecclesiae
713 5601 904 5655 lumen
962 5597 1206 5670 Cyrillus
1239 5616 1253 5652 :
1291 5616 1308 5649 ι
1346 5597 1561 5654 Factam
1593 5599 1741 5654 enim
1789 5599 1998 5668 cogita-

423 5712 546 5750 mus
567 5695 783 5748 Domini
811 5691 1375 5761 transligurationem,
1418 5693 1618 5762 inquit,
1653 5708 1760 5746 non
1785 5692 1999 5762 abiecta

423 5789 679 5857 corporis
712 5786 939 5841 humani
961 5786 1156 5851 forma,
1187 5786 1280 5841 sed
1306 5786 1554 5841 claritate
1585 5786 1745 5857 quasi
1776 5786 2002 5840 luminis

425 5879 793 5944 circumdata,
811 5877 1010 5946 integri
1036 5877 1304 5946 corporis,
1340 5878 1485 5947 quod
1522 5878 1751 5933 formam
1777 5878 1996 5931 attinet.

431 5970 625 6027 Vultus
660 5970 778 6043 eius
831 5969 974 6028 lucis
1029 5971 1210 6030 colore
1264 5963 1508 6029 hubutus
1543 5981 1646 6028 cst.
1687 5991 1704 6023 ι
1745 5971 1802 6028 Si
1833 5971 2002 6042 igitur

1805 6229 1820 6258 Ι

2099 4781 2423 4849 αἰνίγματος
2456 4777 2551 4830 καὶ
2577 4774 2910 4844 συμϐολικοῦ
2938 4773 3282 4841 σκιάσματος
3312 4769 3473 4840 χωρὶς
3510 4783 3668 4817 νοτυς

2102 4872 2302 4942 μένων,
2346 4871 2440 4922 καὶ
2468 4869 2560 4921 τὸν
2590 4870 2648 4919 ὲν
2681 4867 2866 4929 αὐτοῖς
2895 4865 3022 4919 ὄντα
3050 4882 3111 4916 τε
3142 4863 3236 4916 καὶ
3263 4861 3670 4926 καλυπτόμενον

2100 4959 2556 5032 παραδηλούντων
2617 4958 2805 5026 λόγον,
2859 4954 3098 5026 ὁπηνίκα
3153 4953 3255 5022 τὴν
3311 4952 3517 5005 τελείαν
3580 4950 3673 5000 καὶ

2097 5054 2268 5124 ὀρθὴν
2333 5053 2463 5124 περὶ
2517 5049 2655 5107 Θεοῦ
2717 5047 2921 5117 γνῶσιν
2970 5044 3182 5099 ἔλαϐον.
3246 5061 3266 5094 ν
3333 5044 3437 5096 Καὶ
3482 5041 3669 5101 πάλιν,

2107 5165 2126 5200 ι
2160 5147 2391 5216 Εἴρηται
2419 5146 2602 5196 τοίνυν
2633 5141 2889 5212 ἀνωτέρω
2919 5140 3000 5193 δτι
3053 5138 3141 5191 διὰ
3175 5135 3275 5206 μὲν
3316 5135 3415 5204 τῆς
3448 5130 3677 5200 γενομέο

2101 5259 2198 5313 νης
2248 5239 2340 5292 ἐπὶ
2383 5238 2479 5291 τοῦ
2522 5237 2682 5306 ὅρους
2725 5236 2820 5287 τοῦ
2852 5231 3147 5302 προσώπου
3185 5228 3283 5282 τοῦ
3327 5226 3527 5296 Κυρίου
3562 5241 3677 5291 φωρ

2101 5332 2338 5396 τοειδοῦς
2376 5331 2768 5401 λαμπρότητος
2811 5325 2952 5396 πρὸς
2989 5324 3087 5394 τὴν
3117 5325 3253 5375 πᾶσι
3304 5319 3530 5373 καθόλου
3564 5319 3678 5377 τοῖς

2101 5423 2252 5482 οὖσιν
2291 5423 2534 5492 ἄληπτον
2569 5420 2664 5474 τοῦ
2696 5419 2834 5473 Θεοῦ
2883 5415 3164 5486 μυστικῶς
3194 5415 3247 5466 οι
3284 5411 3679 5481 τρισμακάριοι

2101 5513 2392 5571 ἀπόστολοι
2434 5511 2574 5565 κατὰ
2617 5509 2676 5562 τὸ
2721 5507 2962 5580 ἄρῤητόν
2992 5523 3049 5557 τε
3089 5505 3185 5556 καὶ
3221 5502 3494 5571 ἄγνωστον
3531 5501 3681 5568 ὲχειο

2107 5606 2456 5677 ραγωγοῦντο
2502 5604 2736 5672 δύναμίν
2783 5617 2842 5654 τε
2894 5601 2990 5653 καὶ
3046 5596 3226 5661 δόξαν,
3277 5597 3378 5664 τῆς
3433 5591 3683 5661 ἀφανοῦς

2103 5700 2464 5771 κρυφιότητος
2491 5697 2556 5750 τὸ
2585 5695 2753 5766 φανὲν
2773 5695 2959 5757 αὑτοῖς
2991 5691 3134 5760 ὑπὲρ
3160 5691 3264 5759 τὴν
3289 5689 3537 5756 αἴσθησιν
3567 5685 3686 5753 φῶς

2105 5791 2375 5862 σύμϐολον
2399 5787 2537 5844 εἶναι
2571 5789 2959 5858 μανθάνοντες.
3003 5803 3020 5837 ν
3070 5785 3239 5854 Ὁρᾷς
3268 5782 3381 5843 πῶς
3406 5779 3497 5830 καὶ
3525 5777 3688 5836 οὗτος

2103 5887 2202 5951 τῆς
2263 5883 2338 5953 μὴ
2407 5881 2743 5952 φαινομένης
2806 5879 3070 5933 ἀκτίστου
3125 5874 3279 5937 θείας
3339 5872 3527 5932 ούσίας
3591 5867 3685 5921 τοῦ

2107 5973 2464 6048 Θεανθρώπου
2511 5973 2690 6041 Λόγου
2727 5972 2898 6025 τύπον
2949 5970 3043 6024 καὶ
3096 5963 3534 6036 σύμϐολον,σταὶ
3582 5961 3684 6014 οἰκ
