3780 6560
87 453 184 520 437

1034 453 1481 514 ΒῩΖΑΝΤΙΝᾸΞ
1521 452 1910 514 IIISTORl/E
1952 457 2096 521 LIB,
2147 459 2375 517 XXXV.

2547 395 2576 407 Δ

3219 451 3323 512 433

96 575 329 620 νακτιστον
379 560 548 633 ἄλλην
607 562 978 618 ἀνυπόστατον
1026 566 1222 633 φάσκει
1273 567 1525 636 θεοτητα.
1585 567 1648 618 τὸ

1793 584 2056 624 zennaum
2095 583 2412 624 sanctorum
2456 569 2628 623 libros
2675 567 2885 637 efﬁgies
2914 575 2969 620 et
3015 565 3318 636 symbolum

103 655 368 728 τηνικαῦτα
411 657 743 726 φαινόμενον
793 657 910 724 φῶς
959 659 1018 710 έν
1061 658 1262 729 Θαῦὼρ
1312 659 1400 712 ἐπ’
1453 657 1642 723 αὑτοῦ,

108 753 177 802 καὶ
204 745 532 818 παράδειξιν,
564 748 624 799 ού
667 747 872 813 δεῖξιν;
921 749 1073 819 Μηδὲ
1104 749 1216 820 γὰρ
1246 745 1388 803 εἶναι
1420 749 1646 802 δυνατὸν

105 841 333 912 ὁραθῆναι
393 842 508 902 τοῖς
573 841 844 911 κτίσμασι
897 842 961 895 τὺ
1020 843 1282 898 ἆκτιστον
1338 842 1473 912 μηδὲ
1531 843 1648 905 τοῖς

107 933 512 1003 πεπερασμένοις
533 934 594 986 τὸ
616 934 842 1004 ἄπειρον
863 935 1036 1004 λέγει.
1058 935 1219 1005 Δηλοῖ
1243 935 1288 990 δ’
1319 937 1646 1006 ἐναργέστε-

103 1044 173 1093 ρον
197 1026 268 1079 ἔτι
297 1024 388 1077 καὶ
432 1026 462 1076 ὁ
506 1025 681 1094 μέγας
712 1027 814 1094 τῆς
851 1025 1186 1098 Ἑκκλησίας
1217 1027 1377 1080 τοῦτο
1414 1029 1641 1097 φωστὴρ

105 1117 372 1190 Κύριλλος·
424 1135 445 1170 ι
502 1117 826 1190 Πεπρᾶχθαι
868 1120 980 1190 γάρ
1028 1136 1210 1188 φαμεν
1253 1119 1353 1190 τὴν
1401 1119 1497 1171 τοῦ
1534 1119 1648 1172 Κυ-

102 1214 214 1281 ρίου,
245 1230 261 1263 ι
291 1210 461 1277 λέγει,
491 1229 511 1262 ι
551 1212 1008 1282 μεταμόρφωσιν,
1036 1211 1097 1264 οὐ
1144 1211 1318 1282 δήπου
1360 1211 1420 1264 τὸ
1455 1211 1645 1280 σχῆμα

98 1305 146 1356 τὸ
190 1301 524 1371 ἀνθρώπινον
579 1303 946 1365 ἀποσαλόντος
997 1300 1094 1354 τοῦ
1157 1300 1446 1370 σώματος,
1505 1297 1646 1352 ἀλλὰ

101 1396 230 1463 δόξης
269 1393 410 1456 τινὸς
459 1393 791 1460 φωτοειδοῦς
825 1391 1289 1464 περιστελλούσης
1321 1390 1453 1444 αύτό
1477 1405 1492 1421 ⁸
1529 1390 1648 1460 μεί-

101 1501 260 1545 ναντος
285 1483 388 1551 γὰρ
417 1482 514 1534 τοῦ
557 1483 814 1553 σώματος
846 1483 942 1536 litt
987 1480 1082 1535 τοῦ
1116 1484 1417 1552 σχήματος,
1457 1480 1551 1533 ἐπὶ
1584 1480 1646 1532 τὸ

70 1575 400 1646 ’ἐνδοξότερον
447 1577 497 1628 οἱ
534 1577 891 1647 χαρακτῆρες
928 1575 1016 1629 διὰ
1046 1574 1376 1644 φωτοειδοῦς
1411 1575 1644 1645 χρώμα-

99 1681 171 1727 τος
207 1663 620 1734 διεχρώννυντο.
651 1684 670 1716 ›
707 1665 773 1737 [ι.
812 1664 918 1721 249
945 1664 1001 1737 α]
1036 1667 1098 1718 El
1125 1661 1222 1719 οῦν
1247 1665 1387 1718 κατὰ
1411 1665 1512 1728 τὰς
1537 1665 1646 1717 τῶν

99 1756 246 1823 ἁγίων
278 1758 492 1825 γραφὰς
537 1755 712 1820 τύπος
752 1758 849 1811 καὶ
897 1757 1171 1826 σύμϐολον
1226 1757 1487 1810 ἀκτίστου
1531 1753 1648 1808 θεό-

97 1865 236 1918 τητος
281 1845 346 1919 ἦν
386 1851 612 1904 κάκεῖνο
663 1852 726 1903 τὸ
775 1841 916 1919 φῶς,
955 1851 1148 1920 ἕτερον
1192 1851 1414 1921 ἂκείνης
1455 1845 1523 1921 ἦν
1549 1850 1648 1903 καὶ

96 1943 174 1993 οὐκ
223 1942 418 2012 ἐκείνη,
455 1942 569 1996 ούδ⁹
595 1943 855 2006 ᾶκτιστος
886 1944 1081 2014 θεότης
1121 1944 1300 1998 εῐτουν
1334 1943 1513 1999 οὐσία.
1555 1943 1646 2006 Ὦς

94 2035 178 2100 γὰρ
239 2033 293 2085 τὸ
343 2032 534 2102 ἕτερον
573 2035 726 2104 παρὰ
766 2033 868 2104 τὴν
915 2035 1148 2104 δύναμιν
1196 2033 1336 2088 κατὰ
1375 2034 1467 2086 τὸν
1498 2033 1646 2086 Nuc-

98 2125 204 2177 οαέα
257 2125 558 2196 Γρηγόριον
614 2125 859 2188 δύναμις
895 2125 996 2178 οὐκ
1045 2127 1213 2192 ἔστιν,
1249 2124 1402 2179 οὕτω
1443 2124 1540 2180 καὶ
1585 2125 1648 2177 τὸ

97 2224 255 2290 ἕτερον
305 2222 453 2290 παρὰ
508 2203 618 2292 τὴν
671 2225 840 2292 μόνην
898 2221 1156 2275 ἄκτιστον
1214 2219 1407 2273 οὐσίαν⁴
1453 2218 1648 2290 θεότης

98 2314 320 2377 ἄκτιστος
347 2314 443 2366 οὐκ
483 2312 661 2366 ἔστιν·
702 2314 882 2383 είγὰρ
913 2311 1072 2382 ἄλλη,
1105 2313 1198 2367 καὶ
1244 2313 1503 2374 ἄκτιστος
1551 2313 1650 2365 καὶ

97 2405 319 2468 ἁνούσιος
371 2408 463 2458 καὶ
512 2407 914 2468 ἀνυπόστατος.
956 2405 1332 2476 Ἃνύπαρκτος
1375 2406 1506 2476 ἄρα,
1548 2407 1647 2459 καὶ

96 2501 144 2550 τὸ
177 2499 336 2561 σέϐας
389 2500 548 2553 ὰθεῐα
605 2502 808 2570 σαφής.
839 2499 1027 2563 Οὕτως
1083 2502 1148 2553 ὲκ
1203 2500 1306 2570 μὲν
1353 2500 1647 2564 πολυθεῒας

99 2593 394 2660 Παλαμικῆς
429 2595 509 2658 είς
561 2594 751 2648 ἀθεῖαν
782 2594 1113 2665 Παλαμικὴν
1143 2596 1175 2665 ἡ
1206 2594 1462 2658 ἁνούσιος
1507 2593 1648 2663 αῦτη

97 2684 172 2734 καὶ
203 2684 577 2749 ἀνυπόστατος
607 2700 702 2738 νεα
729 2687 824 2739 τοῦ
859 2688 1094 2754 Παλαμᾶ
1128 2687 1321 2756 θεότης
1355 2686 1434 2745 είς
1466 2684 1528 2738 τδ
1554 2685 1647 2738 τοῦ

99 2776 309 2842 Παλαμᾶ
351 2776 629 2848 βάραθρον
677 2780 807 2842 τοὺς
864 2780 1276 2848 ἁπλουστέρους
1331 2779 1648 2846 ἐφέλκεται.

97 2864 187 2918 Καὶ
223 2867 310 2919 ἵνα
341 2867 681 2944 τελεωτέραν
715 2868 794 2921 ἔτι
823 2869 922 2939 τὴν
961 2870 1091 2940 περὶ
1118 2868 1214 2923 τοῦ
1237 2867 1414 2936 φωτὸς
1438 2867 1649 2921 ἐκείνου

95 2957 421 3013 διδασκαλίαν
451 2961 718 3030 ἐπιγνῷς,
757 2962 987 3016 ἀκούετε
1035 2961 1130 3015 τοῦ
1179 2961 1652 3038 Χρυσορρήμονος

94 3049 228 3114 αὖθις
260 3052 534 3106 Ἰωάννου.
590 3055 676 3106 Ἐν
705 3054 811 3127 γὰρ
838 3055 914 3120 τῷ
947 3056 1086 3108 κατὰ
1123 3053 1224 3125 τὴν
1257 3053 1352 3106 τοῦ
1395 3053 1651 3123 Σωτῆρος

97 3145 345 3213 ἀνάληψιν
388 3145 530 3212 λόγῳ
583 3146 711 3199 τάδε
765 3147 1025 3213 διέξεισιο
1064 3167 1084 3200 ι
1143 3148 1365 3216 Θαῦμα,
1427 3167 1444 3198 ι
1492 3145 1651 3215 φησὶ,

1754 661 2013 715 increatze
2043 662 2269 718 deitatis
2297 670 2418 715 erat
2451 661 2540 715 lux
2573 659 2683 721 illa,
2721 659 2868 713 aliud
2901 658 3176 727 quoddam
3203 667 3322 712 erat

1749 763 1916 823 atque
1950 755 2061 819 illa,
2100 762 2157 809 et
2191 770 2298 808 non
2327 753 2415 807 illa
2444 769 2544 807 nec
2576 753 2814 807 incroata
2847 749 3022 804 deitas
3053 791 3064 812 ,
3100 748 3152 802 id
3202 760 3324 814 est,

1749 845 2010 898 essentia.
2039 843 2515 911 Quemadmodum
2565 843 2712 896 enim
2764 841 2996 895 alterum
3044 840 3320 909 quoddam

1748 944 1946 1004 praeter
1997 939 2295 1006 potent-iam
2326 935 2629 993 secundum
2661 934 2984 1005 Gregorium
3016 933 3319 1004 Nyssenum

1750 1029 1997 1098 potentia
2021 1029 2179 1083 nulla
2215 1038 2340 1093 est,
2386 1031 2459 1083 ita
2505 1029 2670 1084 etiam
2703 1031 2876 1082 altera
2915 1037 3110 1096 praeter
3153 1041 3320 1080 unam

1750 1119 2053 1174 inereatam
2092 1121 2388 1175 essentiam
2443 1119 2621 1174 deitas
2656 1120 2899 1174 inereata
2943 1118 3090 1172 nulla
3128 1125 3230 1172 est.
3266 1117 3323 1171 Si

1747 1213 1893 1268 enim
1926 1214 2140 1277 altera,
2173 1228 2307 1283 ergo
2353 1213 2597 1267 increata
2628 1221 2684 1267 et
2735 1211 3105 1268 inesscntialis
3151 1218 3208 1264 et
3243 1210 3326 1263 in-

1748 1304 2127 1360 substanlialis
2153 1314 2209 1360 et
2233 1305 2540 1374 spiritualis
2556 1314 2613 1359 et
2635 1304 2916 1359 veneratio
2941 1303 3100 1372 plane
3119 1303 3326 1356 atheis-

1751 1411 1893 1450 mus.
1919 1395 2108 1466 Itaque
2126 1412 2194 1450 ex
2220 1396 2588 1468 polytheismo
2608 1393 3328 1466 Palamicoﬁsﬁinatheis-

1751 1503 1898 1540 mum
1934 1487 2264 1542 Palamicum
2297 1487 2410 1544 hate
2436 1487 2810 1544 inessentiali‘s
2836 1497 2892 1543 et
2925 1485 3326 1542 insubstantia-

1747 1577 1816 1631 Iis
1834 1592 1968 1631 nova
1984 1577 2212 1631 Palamze
2228 1577 2402 1633 deitas
2420 1579 2474 1632 in
2489 1578 2719 1634 Palanne
2737 1579 3055 1634 barathrum
3073 1577 3330 1634 credulos

1750 1670 1934 1724 trahit.
1959 1670 2135 1739 Atque
2162 1677 2221 1723 ut
2252 1669 2632 1740 perfectiorem
2677 1671 2742 1724 de
2766 1671 2887 1724 luce
2912 1669 3002 1724 illa
3021 1665 3327 1723 doctrinam

1749 1762 2021 1826 habeatis,
2041 1760 2226 1816 audite
2250 1761 2432 1816 denuo
2457 1760 2723 1816 Joannem
2755 1759 3232 1832 Chrysostomum.
3267 1757 3324 1809 In

1749 1856 2002 1910 oratione
2028 1856 2179 1910 enim
2214 1855 2268 1908 in
2297 1853 2603 1910 Salvatoris
2643 1854 3116 1932 resurrectionem
3141 1849 3328 1904 habita

1755 1951 1871 2004 haec
1903 1947 2111 2018 profert
2135 1964 2149 2001 ι
2176 1966 2194 1999 ι
2219 1946 2526 2002 Admiratio
2546 1946 2688 2000 inter
2703 1945 2980 2017 apostolos
3001 1953 3058 1998 et
3084 1940 3329 2011 trepida-

1757 2042 1834 2097 tio
1853 2050 1909 2096 et
1925 2041 2290 2130 mqrmuratio
2317 2039 2500 2095 ﬂebat.
2523 2039 2776 2094 Mortales
2799 2037 2948 2093 enim
2975 2045 3168 2089 natura
3189 2033 3334 2098 nati,

1754 2149 1864 2188 non
1893 2123 2162 2202 ejusmodi
2200 2131 2508 2186 visionibus
2559 2129 2767 2184 assueti
2823 2135 3064 2182 mentem
3109 2123 3332 2179 amitte-

1756 2225 1912 2280 bant.
1948 2223 2056 2280 Sed
2097 2223 2246 2280 dicet
2273 2222 2549 2293 quispiam
2601 2230 2730 2276 ante
2763 2219 3039 2290 cognitam
3071 2215 3332 2270 habuisse

1757 2316 2300 2386 transﬂgurationem
2355 2324 2412 2370 et
2444 2315 2668 2370 Petrum
2700 2322 2756 2369 et
2785 2312 3052 2368 Iacobum
3083 2319 3138 2365 et
3167 2309 3335 2365 Joan-

1756 2427 1906 2466 nem.
1926 2411 2069 2466 Sane
2088 2409 2458 2481 praaviderant
2478 2408 2834 2488 clariﬁcaturn
2856 2405 3142 2460 Dominum
3161 2411 3216 2458 et
3234 2418 3336 2456 nu-

1756 2504 1843 2560 bis
1889 2505 2081 2558 umbra
2136 2501 2538 2558 circumdatum
2591 2500 2694 2563 iri,
2740 2515 2838 2554 nec
2896 2513 3030 2553 vero
3087 2496 3340 2552 sciebant

1757 2598 1956 2652 nubem
1989 2597 2043 2650 in
2086 2611 2269 2650 aerem
2300 2594 2550 2663 illapsam
2586 2593 2640 2646 in
2673 2591 2874 2646 cretum
2917 2589 3211 2644 Dominum
3239 2603 3341 2642 su-

1758 2690 2120 2744 hlcvaturam.
2156 2685 2475 2741 Miraculum
2523 2683 2656 2738 illud
2679 2723 2694 2748 ,
2729 2681 3052 2737 miraculum
3085 2680 3213 2734 hoc‘.
3239 2679 3340 2733 Illo

1758 2778 2024 2834 miraculo
2059 2776 2368 2831 terribilius
2395 2774 2500 2830 hoc
2531 2784 2586 2830 et
2611 2774 2888 2844 superius,
2915 2773 3018 2827 etsi
3045 2773 3210 2826 unius
3242 2769 3336 2824 Dei

1758 2868 2003 2940 potentia
2035 2877 2090 2922 et
2112 2866 2436 2938 mysterium
2468 2865 2708 2921 suberat.
2735 2862 2871 2917 Tum
2905 2863 3081 2918 Moses
3105 2872 3160 2917 et
3189 2862 3338 2917 Elias

1758 2962 2039 3031 conspecti
2069 2970 2204 3015 sunt
2238 2959 2308 3013 ab
2340 2958 2446 3021 eis,
2480 2958 2576 3028 qui
2622 2973 2748 3013 cum
2781 2957 2942 3012 Petro
2976 2965 3140 3011 erant
3167 2953 3339 3010 collo-

1758 3064 1991 3125 quentes
2026 3067 2147 3108 cum
2184 3067 2271 3116 eo,
2295 3066 2442 3104 nunc
2476 3060 2658 3104 autem
2703 3049 2932 3103 thronus
2970 3048 3340 3112 cherubieus,

1763 3149 1812 3201 id
1852 3157 1936 3202 est
1972 3145 2268 3198 invisibilis
2296 3144 2540 3212 potentia
2571 3143 2714 3196 nube
2740 3141 2999 3195 obvoluta
3035 3140 3208 3210 spissa
3252 3155 3341 3194 ac-

100 3257 113 3287 ι
150 3239 247 3300 τοῖς
283 3237 610 3302 ἀποστόλοις
660 3239 755 3292 καὶ
781 3238 1039 3303 ἔκστασις
1073 3240 1165 3293 καὶ
1197 3239 1362 3311 θροῦς
1412 3240 1650 3306 ἐγένετο.

1793 3239 1924 3293 essit
1952 3248 2007 3292 et
2053 3237 2340 3300 “ominum
2373 3250 2499 3289 cum
2550 3235 2727 3290 servis
2760 3235 3167 3303 colloquentem
3199 3233 3340 3286 arri-
3433 3303 3440 3312 ι

96 3331 264 3398 θνητοὶ
310 3331 414 3402 γὰρ
461 3331 562 3401 τὴν
609 3332 770 3400 φύσιν
804 3334 976 3398 ὄντες,
1011 3334 1106 3386 καὶ
1144 3335 1437 3403 ἀσυνήθεις
1479 3332 1650 3385 τοιού-

1793 3333 1906 3387 nuit.
1932 3331 2070 3385 Tum
2103 3330 2301 3383 Petrus
2335 3327 2515 3382 libero
2557 3341 2651 3380 ore
2685 3343 2697 3378 ε
2747 3343 2764 3375 ι
2805 3325 3035 3379 Domine
3058 3367 3072 3387 ,
3116 3323 3339 3392 inquit,

93 3437 182 3471 των
215 3419 488 3488 θεωριῶν,
529 3420 830 3490 ἐξέστησαν
869 3424 935 3492 τῇ
960 3420 1192 3492 διανοίᾳ.
1238 3421 1380 3475 Ἀλλ’
1421 3423 1536 3491 ἐρεῖ
1572 3437 1656 3485 τις

96 3513 160 3564 ὅτι
202 3514 513 3584 προϊδόντες
561 3509 703 3584 ἦσαν
759 3516 853 3567 καὶ
892 3516 994 3584 τὴν
1050 3514 1480 3584 μεταμόριρωσιν
1523 3517 1551 3570 ὃ
1591 3532 1652 3567 τε

98 3605 275 3671 Πέτρος
317 3607 418 3660 καὶ
461 3608 720 3669 Ἰάκωϐος
770 3608 865 3660 καὶ
924 3607 1200 3678 Ἰωάννης.
1251 3610 1509 3680 Προεῖδον
1555 3609 1654 3678 μὲν

98 3698 196 3749 ἐκεῖ
252 3698 765 3769 μεταμορφωθέντα
832 3699 925 3752 τὸν
999 3699 1208 3770 Κύριον
1261 3701 1355 3754 καὶ
1423 3701 1656 3770 νεφέλην

1762 3424 1968 3478 bonum
1992 3414 2210 3476 esﬁms
2240 3421 2330 3474 hic
2356 3435 2477 3473 esse
2497 3434 2512 3483 ;
2535 3417 3024 3483 triatabernacula
3053 3416 3340 3481 facianms,

1765 3515 1884 3578 tibi,
1905 3514 2060 3578 Mosi,
2083 3513 2242 3578 Elia;
2278 3530 2296 3563 ι
2324 3509 2486 3582 495
2512 3524 2660 3564 nunc
2690 3525 2757 3564 ne
2779 3509 2926 3578 loqui
2946 3508 3166 3578 quidem
3199 3509 3344 3563 ullus

1764 3615 1981 3677 poterat
2004 3604 2429 3672 discipulorum,
2479 3616 2658 3671 neque
2689 3615 2751 3654 os
2777 3598 3029 3668 aperire,
3066 3600 3162 3654 sed
3193 3609 3341 3655 metu

1766 3699 2004 3754 maximo
2039 3695 2276 3767 perculsi
2316 3704 2496 3748 erant.
2544 3711 2562 3744 ι

99 3794 379 3848 σκιασασαν
428 3795 631 3849 αὐτόν·
669 3794 786 3849 ἀλλ’
829 3796 928 3849 οὐκ
976 3793 1118 3850 εἶδον
1166 3798 1264 3869 τὴν
1302 3799 1536 3868 νεφέλην
1601 3799 1680 3859 εἰς
1719 3797 1858 3867 ἀέρα
1913 3795 2289 3866 ἁρπασθεῖσαν
2337 3793 2433 3846 καὶ
2507 3791 2588 3856 είς
2619 3791 2886 3860 οὐρανοὺς
2934 3789 3025 3843 τὸν
3066 3787 3344 3857 Δεσπότην

96 3891 592 3959 ἀναλαμϐάνουσαν.
665 3891 862 3962 Θαῦμα
895 3894 1088 3960 ἐκεῖνο,
1151 3894 1342 3963 θαῦμα
1390 3889 1716 3948 καὶ“τοῦτο’
1758 3894 1898 3952 ἀλλὰ
1946 3893 2131 3961 θαῦμα
2182 3889 2463 3959 θαύματος
2497 3889 2896 3960 φοϐερώτερον,
2925 3889 3085 3944 τοῦτο
3132 3889 3342 3940 ἐκείνου

97 3985 431 4054 ὑψηλότερον,
467 3986 569 4038 κᾶν
597 3986 714 4046 ἑνὸς
744 3987 878 4040 θεοῦ
912 3989 944 4057 ἡ
975 3987 1207 4055 δύναμις
1235 3989 1329 4040 καὶ
1351 3988 1410 4040 τὸ
1443 3989 1747 4058 μυστήριον
1779 3987 2015 4058 ὑπῆρχε.
2080 3986 2216 4037 Τότε
2283 3984 2491 4050 Μωσῆς
2556 3984 2652 4036 καὶ
2693 3983 2882 4046 Ἠλίας
2939 3982 3205 4051 ὤφθησαν
3231 3984 3345 4044 τοῖς

100 4076 207 4144 περὶ
248 4079 340 4129 τὸν
391 4079 596 4149 Πέτρον
627 4078 749 4147 μετ’
781 4077 946 4132 αὑτοῦ
1019 4078 1448 4141 συλλαλοῦντεςο
1500 4079 1595 4132 νῦν
1633 4079 1688 4132 δὲ
1729 4081 1916 4148 θρόνος
1988 4075 2346 4148 Χερουόικδς,
2395 4075 2680 4127 τουτέστιν
2721 4075 2954 4144 ἀόρατος
2996 4077 3229 4143 δύναμις
3271 4082 3340 4149 τῇ

97 4168 273 4241 mpii.“
295 4169 706 4240 καλυπτομένη,
742 4171 940 4239 ἀθρόον
967 4172 1238 4225 ἐπιστᾶσα
1304 4173 1396 4224 τὸν
1459 4172 1726 4240 δεσπότην
1764 4173 1874 4234 τοῖς
1924 4170 2134 4230 δούλοις
2199 4166 2494 4237 ὁμιλοῦντα
2559 4169 2876 4239 ἀφήρπασε.
2937 4167 3069 4220 Τότε
3138 4171 3343 4240 Πέτρος

99 4260 219 4324 μετὰ
249 4260 567 4333 παρρησίας
613 4261 970 4334 ἀπεκρίνατο,
1010 4281 1029 4313 ι
1070 4262 1264 4334 Κύριε,
1307 4261 1473 4315 καλόν
1537 4262 1688 4315 ἐστιν
1728 4263 1878 4331 ἡμᾶς
1934 4255 2034 4313 ὧδε
2067 4255 2210 4312 εἶναι
2235 4274 2247 4287 ·
2286 4258 2606 4329 ποιήσωμεν
2645 4261 2793 4328 τρεῖς
2819 4261 3047 4330 σκηνὰς,
3074 4264 3156 4314 σοὶ
3191 4260 3344 4330 μίαν,

97 4354 177 4404 καὶ
248 4356 444 4408 Μωσεί
485 4354 617 4424 μίαν
666 4343 762 4407 καὶ
813 4357 943 4423 μίαν
1024 4356 1203 4427 Ἠλία.
1243 4376 1262 4408 θ
1319 4357 1458 4410 Νυνὶ⁵
1512 4356 1556 4408 δ’
1612 4357 1734 4409 οὐδὲ
1777 4353 2115 4424 φθέγξασθαί
2167 4369 2251 4416 τις
2319 4351 2554 4423 ἐδυνήθη
2615 4351 2725 4405 τῶν
2782 4351 3064 4422 μαθητῶν,
3107 4352 3229 4406 οὐδὲ
3286 4353 3348 4406 τδ

98 4450 253 4516 στόμα
282 4449 571 4514 διανοῖξαι,
601 4450 738 4502 ἀλλὰ
765 4451 916 4521 φόϐῳ
948 4433 1190 4520 μεγίστῳ
1215 4451 1665 4523 καταπλαγέντες
1708 4453 2027 4522 ἐξέστησαν.
2046 4469 2064 4502 ι

159 4539 252 4597 lA'.
299 4543 573 4600 Ἐνταῦθα
611 4544 707 4596 καὶ
740 4547 789 4597 εί
831 4545 1101 4616 βασκανίᾳ
1154 4546 1383 4614 κάτοχός
1422 4563 1504 4608 τις
1551 4546 1660 4616 εἴη,

1845 4546 1937 4600 XI.
1978 4545 2074 4600 Hie
2115 4547 2216 4601 etsi
2241 4545 2364 4616 quis
2388 4544 2607 4598 invidia:
2631 4545 2704 4599 sit
2738 4542 2993 4600 addictus
3022 4553 3114 4600 aut
3151 4545 3348 4616 plenus

99 4637 180 4686 καὶ
226 4639 273 4688 εί
325 4637 551 4704 μακρᾶς
599 4636 856 4708 εὐηθείας
896 4640 1124 4706 μεστὸς,
1169 4638 1376 4699 πάντας
1440 4639 1506 4691 ἄν
1571 4655 1650 4707 μοι

1793 4635 1952 4690 limite
1983 4637 2376 4706 simplicitatis,
2407 4651 2600 4691 omnes
2637 4646 2818 4691 tamen
2862 4638 3194 4691 sententiam
3225 4653 3346 4692 eam

97 4725 230 4778 δοκεῖ
280 4727 384 4796 τῆς
445 4724 678 4796 γνώμης
724 4729 850 4796 ἐμοὶ
900 4731 1197 4790 κοινωνεῖν,
1257 4729 1666 4798 μεταθεμένους

98 4820 148 4870 τὸ
175 4819 429 4889 ἄγνωμον
459 4837 516 4872 τε
547 4821 644 4874 καὶ
669 4820 855 4891 δύσερι
883 4823 1021 4892 πρός
1057 4840 1126 4888 γε
1156 4824 1216 4876 τὸ
1245 4825 1384 4895 μήτε
1419 4824 1667 4886 πλείονος

100 4911 227 4980 μήτε
273 4911 524 4980 μείζονος
581 4912 709 4982 μήτ’
750 4914 1150 4986 ἐναργεστέρας
1198 4916 1404 4976 δεῖσθαι
1457 4934 1669 4986 μαρτυο

100 5005 228 5071 ρίας,
260 5006 345 5058 ὅτι
373 5006 483 5058 τῶν
525 5005 631 5058 τοῦ.
655 5007 894 5074 Χριστοῦ
940 5007 1006 5079 [Ι.
1036 5009 1142 5064 ’249
1168 5010 1196 5063 b
1225 5008 1244 5081 ]
1281 5010 1579 5078 θαυμάτων
1610 5009 1669 5063 ἓν

97 5100 179 5149 xxi.
204 5099 262 5150 τὸ
282 5099 341 5151 ἐν
365 5099 638 5170 Θαὸωρίῳ
668 5099 951 5168 δειχθῆναι
989 5101 1128 5168 φῶς.
1161 5101 1353 5171 Ὅμως
1395 5103 1541 5160 δυοῖν
1586 5104 1672 5154 ὲν-

96 5191 272 5258 ταυθοϊ
305 5192 716 5262 διειλημμένων
759 5193 1016 5262 μεγάλων
1043 5193 1136 5248 τοῦ
1169 5193 1410 5263 Χριστοῦ
1458 5193 1671 5262 θαυμά-

97 5303 216 5349 των,
255 5286 288 5357 ἦ
343 5291 436 5340 καὶ
488 5287 635 5338 δυοῖν
667 5285 836 5357 ἐχρῆν
883 5286 1120 5352 Παλαμᾶ
1165 5287 1263 5356 τὴν
1306 5287 1670 5355 λατρευτικὴν

96 5381 388 5446 απονέμειν
426 5380 802 5450 προσκύνησιν
839 5381 916 5443 ὡς
960 5381 1236 5442 ἁκτίστοις
1275 5382 1548 5448 θεότησιν,
1585 5381 1672 5433 ἵνα

102 5468 275 5532 μῖῑζον
320 5469 416 5520 καὶ
442 5471 823 5536 φανερώτερον
927 5469 985 5521 τὸ
1016 5469 1321 5538 νεμόμενον
1356 5473 1454 5538 τῆς
1502 5469 1670 5521 αὑτοῦ

101 5562 311 5623 κακίας,
351 5562 386 5629 ἧ
435 5563 670 5631 θατέρῳ,
706 5562 780 5630 τῷ
815 5563 1026 5630 μείζονι
1073 5562 1276 5633 δηλαδὴ
1329 5564 1422 5617 καὶ
1467 5562 1666 5631 ὑψηλοο

100 5653 249 5717 τέρῳ.
296 5652 357 5704 ΕΞ
402 5653 454 5703 δὲ
492 5656 649 5704 τοῦτο
689 5655 879 5722 μηδεὶς
930 5656 1160 5724 μηδαμῆ
1207 5673 1295 5708 πω
1335 5655 1672 5724 τετόλμηκεν

101 5743 197 5794 οὐδ’
233 5746 312 5806 είς
345 5744 473 5796 νοῦν
501 5745 787 5816 εἰληφένλι
815 5748 1078 5816 τρόφιμος
1111 5748 1398 5809 εὐσεϐείας
1432 5751 1524 5800 καὶ
1557 5747 1672 5814 ἅμα

105 5835 343 5896 παιδείας
377 5836 713 5906 εύσλήμονος
758 5836 895 5907 ἔχων
925 5838 1212 5906 ἡλικιῶτιν
1263 5839 1527 5901 διάνοιαν,
1564 5837 1670 5891 ποῦ

108 5928 304 5982 ἑξκαιον
341 5933 452 5995 τοῖς
503 5949 556 5983 τε
614 5932 1002 6002 Εἰκονομὲιχοις
1051 5934 1279 5998 ἐκείνοις
1326 5934 1418 5987 καὶ
1465 5932 1580 6004 ἅμα
1608 5935 1674 6003 τῇ

1772 4744 1985 4784 mecum
2025 4728 2534 4782 communicaturus
2565 4737 2717 4795 pnto,
2753 4727 2825 4780 ita
2853 4736 2913 4779 ut
2943 4727 3155 4780 sublata
3179 4737 3349 4780 teme-

1771 4820 1934 4874 ritate
1975 4831 2031 4874 et
2071 4820 2246 4890 litigio
2292 4837 2401 4875 non
2459 4821 2696 4889 amplius
2744 4836 2882 4888 opus
2929 4820 3001 4873 sit
3040 4822 3242 4890 majore
3293 4829 3350 4874 et

1771 4912 2158 4971 manifestiore
2192 4923 2542 4982 argumento,
2585 4927 2696 4982 quo
2749 4912 2894 4965 inter
2926 4912 3133 4965 Christi
3178 4914 3348 4966 mira-

1771 5005 1896 5060 cnla
1935 5006 2279 5060 numeranda
2303 5021 2425 5059 esse
2460 5004 2626 5059 etiam
2653 5005 2744 5057 lux
2774 5003 2865 5056 illa
2901 5003 2953 5055 in
2981 5001 3206 5056 Thabor
3251 5005 3350 5059 de-

1773 5107 2136 5153 monstretur.
2186 5097 2447 5155 Attamen
2475 5113 2601 5151 cum
2644 5095 2754 5150 duo
2795 5111 2988 5164 magna
3035 5095 3109 5150 ibi
3138 5095 3344 5152 Christi

1774 5189 2040 5248 miracula
2062 5198 2362 5242 monstrata
2391 5196 2597 5252 essent,
2619 5197 2713 5240 aut
2743 5187 2957 5242 duabus
2987 5202 3209 5243 necesse
3229 5200 3349 5244 erat

1775 5285 2183 5338 venerationem
2206 5281 2468 5334 vindicari
2497 5281 2728 5334 Palamze
2748 5281 3006 5336 inereatis
3030 5281 3345 5348 deitatihus,

1776 5376 1850 5433 ita
1894 5385 1948 5428 ut
1984 5375 2157 5445 major
2205 5386 2259 5428 et
2306 5373 2651 5426 manifestior
2683 5372 2966 5442 pravitatis
3014 5374 3134 5442 eius
3170 5375 3346 5428 vindi-

1776 5468 1919 5522 catio
1953 5476 2138 5530 esset,
2173 5475 2267 5518 ant
2316 5465 2474 5518 alteri
2513 5464 2706 5534 majori
2763 5474 2818 5517 rt
2863 5464 3153 5532 superiori.
3189 5466 3346 5531 Quod

1775 5563 1822 5620 si
1875 5577 2036 5615 nemo
2097 5576 2336 5628 unquam
2409 5567 2640 5611 conatus
2710 5567 2794 5612 est
2861 5558 2916 5611 in
2965 5558 3206 5611 animum
3267 5559 3348 5612 in-

1776 5656 2003 5718 ducere,
2031 5654 2236 5722 quippe
2269 5655 2514 5703 nutritus
2546 5650 2810 5721 religione
2841 5659 2895 5705 et
2928 5652 3192 5721 prmditus
3220 5669 3349 5706 sana

1777 5747 1933 5803 bona:
1957 5746 2240 5800 erudionis
2268 5744 2521 5806 scientia,
2553 5759 2678 5797 num
2706 5760 2924 5812 auruum
2952 5753 3036 5819 est
3073 5745 3346 5799 Iconoma.

1777 5841 1898 5895 chis
1927 5839 2033 5892 illis
2062 5846 2113 5892 et
2142 5855 2291 5891 nora-
2312 5838 2439 5892 huic
2460 5837 2690 5891 Palatina:
2720 5838 2866 5907 genti
2891 5848 3129 5892 mentem
3159 5839 3347 5891 adver-

1781 5941 1917 5997 tere,
1948 5928 2043 5999 qui
2073 5937 2126 5983 et
2156 5929 2339 5985 omnia
2394 5930 2618 5998 impune
2665 5928 2874 5985 audent
2924 5929 3159 6000 pessima
3198 5928 3346 5996 loqui
