3840 6572
184 501 284 563 n5
406 555 431 577 ,
990 562 1007 603 θ

1102 504 1554 567 ΒΥΖΑΝΊῚΝ.Ε
1594 508 1982 577 tusrouue
2015 509 2159 572 LIB.
2207 470 2479 570 xxxvi.

2587 414 2624 450 ο

3326 504 3430 569 446

186 614 299 677 πῶς
330 612 423 683 μιν
448 611 535 666 διὰ
558 611 809 683 μακρῶν,
838 613 957 678 πῶς
985 613 1041 667 δὲ
1063 615 1152 668 διὰ
1176 617 1387 686 συχνῶν
1409 617 1514 669 τῶν
1544 617 1745 686 μεταξὺ

1857 619 2195 688 putabimnr.
2238 618 2781 697 Magnum‘profecto
2827 615 3158 687 supplicium
3196 625 3342 671 esset
3372 626 3433 672 et

185 703 446 776 χρονικῶν
472 703 765 770 περιόδων,
798 708 895 758 καὶ
920 703 1037 765 πῶς
1071 705 1172 773 μὲν
1206 706 1584 776 μετριωτέραν
1620 723 1755 777 καρ-

185 796 469 868 πουμένων
519 795 858 867 φαυλότητα,
907 795 1025 859 πῶς
1069 796 1117 850 δ’
1148 797 1227 859 είς
1266 798 1443 867 μείζω
1476 797 1576 867 τὴν
1614 797 1753 867 άμε-

181 890 337 960 τρίαν
366 888 749 958 ἐκφερομένων
774 888 806 959 ἢ
839 887 961 942 κατ’
989 890 1196 954 ἐκεῖνα,
1228 892 1323 943 καὶ
1353 892 1470 954 πῶς
1509 892 1609 959 μὲν
1640 891 1749 944 ὑπὸ

182 982 287 1035 τῶν
311 977 509 1044 αὐτῶν,
546 978 666 1044 πῶς
708 981 755 1033 δ’
778 981 874 1050 οὐχ
907 980 1015 1034 ὑπὸ
1043 982 1152 1034 τῶν
1184 980 1385 1046 αὐτῶν,
1422 977 1519 1035 νῦν
1546 982 1648 1052 μὲν
1680 980 1751 1035 τά

183 1074 317 1126 αὐτὰ
346 1071 431 1126 διά
453 1070 573 1142 βίου
605 1072 1076 1143 πλημμελούντων
1104 1073 1137 1143 ἥ
1170 1072 1611 1144 σωφρονούντων,
1633 1072 1750 1137 πῶς

181 1165 461 1235 δὀύδαμῆ
496 1164 566 1219 τά
618 1167 761 1220 αὐτὰ
810 1164 898 1218 ὃτι
946 1164 1025 1235 μὴ
1076 1163 1309 1235 διάφορα
1345 1164 1444 1218 καὶ
1490 1165 1747 1233 πολυειδῆ

182 1257 273 1311 καὶ
299 1257 795 1330 πολυτροπώτατα.
826 1260 892 1316 Ὀ
913 1257 1047 1326 γοῦν
1079 1258 1340 1321 πολλάκις
1365 1258 1527 1327 ἡμεῖς
1555 1256 1745 1326 δεδρα-

183 1350 337 1412 κότες
366 1351 429 1404 οὐ
457 1350 568 1404 τῶν
601 1350 824 1406 ἀτόπων
856 1350 1011 1403 οὐδὲν
1044 1349 1256 1420 οὖδαμῆ
1293 1368 1424 1404 ποτε
1457 1350 1593 1421 δρᾷν
1634 1348 1779 1403 οὔτί

180 1440 535 1511 ἐνομίσαμεν,
560 1442 674 1495 οὔτ’
697 1442 1093 1513 ἐνομίσθημεν,
1116 1440 1263 1495 τοῦτ’
1285 1440 1417 1496 αὐτὸ
1446 1442 1541 1496 καὶ
1574 1442 1669 1495 νῦν
1692 1458 1753 1494 τε

181 1529 271 1585 καὶ
307 1529 501 1584 ἔπειτα
544 1528 805 1600 δρῶντες,
834 1529 1086 1601 φλαῦρον
1129 1530 1285 1585 οὐδὲν
1329 1529 1450 1584 οῦτε
1497 1531 1753 1603 δρῴημεν

179 1620 243 1673 ἄν
270 1636 425 1685 ποτε,
455 1619 591 1675 οὔτε
626 1620 761 1692 δρᾷν
786 1638 919 1676 ποτε
944 1621 1336 1692 νομισθείημεν
1362 1623 1448 1677 ἄν.
1483 1624 1554 1677 Ἦ
1583 1623 1753 1694 πολλὴ

1856 709 2080 764 multam
2110 710 2269 766 nobis
2303 710 2662 781 ignominiam
2696 709 2989 764 maximam
3024 717 3236 777 partem
3267 722 3434 763 accu-

1854 803 2217 863 mulaturum,
2245 802 2291 857 si
2326 801 2554 859 libidine
2587 802 2736 858 ducti
2771 816 2867 857 eos
2890 799 3205 857 illudendos
3234 814 3432 870 aggre-

1852 896 2133 961 deremur,
2166 899 2259 968 qui
2294 897 2509 954 sincera
2533 899 2585 953 in
2614 897 2785 953 Deum
2810 897 3164 953 veneratione
3206 911 3434 953 conser-

1851 998 1996 1055 vata,
2026 1006 2220 1062 magno
2244 1007 2367 1047 eum
2394 1006 2579 1047 amore
2632 990 2965 1046 desiderium
3012 989 3324 1059 dogtnatum
3373 995 3432 1043 et

1852 1083 2095 1136 studium
2133 1091 2344 1137 terrent.
2396 1083 2563 1139 Certe
2604 1083 2745 1138 nihil
2780 1082 3037 1138 miserius
3085 1080 3154 1136 ad
3196 1089 3429 1135 mortem

1856 1188 2051 1242 usque,
2081 1188 2245 1243 quam
2276 1174 2523 1230 tristibus
2548 1189 2649 1229 nos
2675 1189 2739 1229 ac
2770 1172 3100 1243 pervulgatis
3115 1171 3194 1226 ob
3218 1171 3435 1241 religio-

1858 1281 1982 1320 nem
2018 1266 2255 1322 fortunis
2281 1267 2588 1336 implicatos
2622 1267 2877 1337 privatim
2939 1276 2996 1321 et
3042 1265 3262 1335 publice
3304 1278 3430 1318 cum

1854 1355 2117 1411 facilitate
2158 1358 2363 1412 servire
2394 1359 2613 1428 corpori
2647 1371 2703 1414 et
2738 1368 2994 1428 tanquam
3046 1355 3432 1425 intempestiva

1856 1446 2082 1513 habere,
2112 1463 2253 1517 .qua:
2302 1449 2451 1503 omni
2502 1459 2749 1519 tempore
2798 1448 2939 1502 facta
2978 1454 3106 1502 sunt
3161 1454 3219 1500 et
3268 1443 3432 1514 digna

1855 1538 2006 1592 omni
2046 1540 2249 1594 studio.
2281 1540 2397 1595 .latu
2433 1557 2568 1595 vero
2598 1540 2935 1596 redeundqu
2954 1549 3061 1607 est,
3092 1537 3238 1594 unde
3269 1532 3434 1607 paulo

1858 1636 2016 1682 antea
2043 1629 2221 1683 oratio
2237 1629 2305 1684 de
2330 1630 2414 1684 via
2435 1630 2676 1686 deﬂexit.
2789 1658 2815 1694 ς

181 1716 326 1785 μέντ’
347 1716 416 1770 ἂν
459 1716 549 1789 εἴη
594 1718 817 1790 νέμεσις
856 1717 1064 1789 πολλὴν
1137 1719 1480 1790 πανταχόθεν
1517 1719 1653 1790 ημῖν
1726 1720 1827 1791 τὴν
1866 1721 2069 1794 χλεύην
2115 1722 2551 1793 ἔπισωρεύουσα,
2584 1724 2663 1795 τῷ
2695 1724 2941 1796 μεγίστῳ
2995 1724 3152 1794 μέρει
3198 1719 3435 1791 ζημιοῦν

179 1810 525 1879 αἱρουμένοις
577 1811 667 1866 διὰ
714 1809 1001 1882 ῥαστώνην
1046 1812 1176 1876 τοὺς
1206 1812 1324 1865 δσοι
1354 1810 1415 1866 τὸ
1446 1812 1587 1882 πρὸς
1616 1810 1750 1867 Θεὸν
1788 1813 2069 1886 ἀκήρατον
2100 1816 2182 1872 ἔτι
2215 1818 2379 1880 σέϐας
2398 1816 2693 1887 τηροῦντες
2753 1818 2939 1886 έχουσι
3002 1815 3123 1868 λίαν
3150 1812 3434 1884 ἐρωτικῶς

177 1906 268 1972 τῆς
294 1905 352 1967 ις
378 1904 449 1957 τά
479 1902 730 1975 δόγματα
769 1905 962 1977 χρείας
989 1922 1050 1961 τε
1086 1904 1185 1960 καὶ
1246 1901 1658 1977 ζητήσεως.⁷Η
1718 1923 1823 1961 που
1862 1910 2253 1984 σχετλιώτερον
2289 1912 2453 1984 μέχρι
2490 1900 2723 1966 θανάτου
2771 1914 2882 1975 τοῖς
2924 1907 3178 1963 ἐντεῦθεν
3200 1905 3432 1977 ἐνηθλη-

178 1996 335 2056 ι-Ξτας
383 1995 579 2061 δεινοῖς
633 1997 782 2067 ἡμᾶς
838 1995 983 2065 ὑπὲρ
1021 1995 1306 2060 εὐσεϐείας
1356 1996 1746 2068 περιϐλέπτοις
1782 2000 2049 2071 πράξεσιν
2082 2002 2189 2073 ίδίᾳ
2250 2020 2310 2057 τε
2368 2002 2465 2058 καλ⁸
2483 2003 2742 2075 δημοσίᾳ,
2776 1988 2973 2056 ἔπειτα
3002 1996 3290 2073 ῥᾳστώνης
3308 1997 3433 2051 δοῦ-

177 2105 260 2144 ναι
289 2089 516 2159 γαστρὶ,
546 2089 879 2152 σιωπῶντας
941 2088 1038 2143 καὶ
1092 2088 1282 2158 ὥσπερ
1338 2089 1553 2162 ἀωρίαν
1593 2092 2032 2161 κατεγνωκότας,
2073 2095 2174 2149 ὅσα
2226 2096 2409 2166 πάσης
2457 2095 2607 2166 ῶρας
2651 2098 2866 2164 πέφυκε
2912 2095 3008 2148 καὶ
3055 2094 3238 2163 πάσης
3301 2090 3429 2156 ἄξια

177 2182 441 2249 σπουδῆς.
463 2182 544 2234 Δι’
579 2181 617 2235 ἃ
647 2181 712 2251 δὴ
736 2174 838 2235 ’καὶ
864 2181 1154 2236 ἱπανιτίον
1174 2181 1299 2236 ὅθεν
1326 2183 1462 2254 ἡμῖν
1489 2182 1598 2255 πρὸ
1629 2182 1863 2253 βραχέος
1885 2186 1913 2239 6
1934 2187 2091 2255 λόγος
2126 2188 2222 2241 καὶ
2245 2188 2355 2257 ὅπη
2387 2188 2478 2240 τὸν
2511 2188 2714 2259 δρόμον
2747 2184 3150 2240 ἀνεπεπαύκει.

240 2272 315 2329 B’.
348 2272 460 2327 Τοῦ
487 2274 599 2345 γὰρ
624 2274 897 2345 χειμῶνος
926 2275 1137 2329 ἐκείνου
1159 2274 1301 2328 πάνυ
1330 2273 1566 2344 σκληροῦ
1591 2291 1745 2342 γενο-

1922 2278 1990 2334 ll.
2032 2280 2226 2335 Hieme
2269 2279 2361 2335 illa
2412 2295 2606 2350 aspera
2639 2295 2765 2335 cum
2796 2279 2979 2334 multae
3015 2288 3073 2333 et
3108 2277 3435 2348 plerumque

176 2370 331 2437 μένου
363 2368 456 2421 διὰ
504 2368 569 2421 τὸ
617 2367 761 2421 πάνυ
806 2386 864 2421 τι
899 2367 1161 2438 πλείστην
1196 2367 1293 2422 καὶ
1341 2368 1435 2419 ἐπὶ
1498 2365 1745 2420 πλεῖστον

1850 2368 2127 2424 continuae
2158 2369 2313 2425 nives
2338 2370 2624 2423 hominum
2658 2366 2938 2423 domicilia
2964 2370 3283 2431 obruerent,
3318 2381 3435 2420 ma-

173 2446 620 2533 κατιιρῤαγείσαν
665 2460 821 2531 χιόνα
872 2461 1055 2514 πᾶσαν
1090 2460 1278 2531 σχεδὸν
1324 2460 1523 2530 ἑαυτῆς
1570 2460 1745 2514 οίκίαν

1849 2459 2018 2532 iorem
2047 2461 2306 2531 temporis
2337 2472 2543 2532 partetu
2572 2462 2705 2531 imp.
2732 2460 2937 2516 Tenedi
2966 2460 3214 2530 degebat,
3246 2468 3303 2514 et
3325 2459 3431 2514 alia

172 2553 465 2622 ἐμπλῆσαι,
491 2553 585 2606 ιπὶ
614 2553 779 2613 πλέον
818 2554 845 2606 6
876 2552 1134 2623 βασιλεὺς
1163 2554 1230 2623 τῇ
1263 2552 1474 2616 Τενέδῳ
1505 2553 1750 2608 ὲνδιατέ-

170 2660 352 2713 τριφε,
385 2644 459 2698 τά
480 2661 542 2698 τε
565 2644 704 2699 ἅλλα
740 2643 980 2710 διοικῶν,
1009 2645 1103 2699 καὶ
1136 2644 1355 2698 πάντων
1384 2644 1622 2714 μάλιστα
1652 2642 1751 2714 τὴν

170 2736 247 2799 είς
266 2734 329 2788 τὸ
354 2735 553 2790 ἔπειτα
578 2734 676 2789 τοῦ
707 2735 979 2805 βασιλέως
1002 2734 1435 2802 γυναικαδέλςξου
1466 2733 1749 2787 Ματθαίου

168 2820 420 2897 φυλαχθῇν
467 2829 527 2882 ὲν
578 2827 827 2898 φροντίδι
865 2827 1103 2898 μεγίστῃ
1145 2826 1492 2896 ποιούμενος.
1530 2825 1750 2889 Ἕδοξεν

105 2924 121 2936 ⁸
168 2918 258 2984 οὖν
311 2917 695 2988 ἀπενεχθέντα
737 2921 820 2984 είς
872 2918 1187 2990 Μιτυλήνην
1213 2921 1334 2972 ἐκεί
1374 2919 1527 2990 παρὰ
1562 2919 1749 2971 Κατα-

166 3011 344 3082 λούζιρ
379 3010 754 3081 φυλάττεσθαι
781 3009 862 3083 τῷ
890 3012 1133 3083 Λατίνῳ,
1162 3012 1221 3081 ὃς
1255 3008 1345 3067 ετξ*
1370 3013 1576 3082 ἀδελφῇ
1602 3029 1748 3083 γαμ-

166 3100 290 3171 ϐρὸς
328 3101 598 3173 ὑπάρχων
624 3103 702 3173 τῷ
733 3102 948 3172 βασιλεῖ
975 3106 1156 3175 πάσης
1178 3105 1515 3175 ἐπετρόπευε
1536 3105 1746 3159 Λέσϐου

170 3195 266 3264 τῆς
303 3197 505 3263 νήσου.
536 3189 613 3250 Ob
636 3195 934 3266 γενομένου
956 3196 1128 3269 ἀπῄει
1157 3197 1258 3267 μὲν
1287 3198 1381 3250 καὶ
1415 3199 1472 3260 ἐς
1494 3197 1749 3251 Φώκαιαν

165 3276 321 3349 αὖθις
357 3282 447 3337 διὰ
476 3283 569 3341 τίον
593 3283 689 3336 τοῦ
738 3284 1011 3354 Ὑρκανοῦ
1039 3286 1203 3338 παῖδα
1232 3286 1260 3338 6
1290 3284 1572 3356 βασιλεὺς,
1610 3288 1749 3339 ἑπα-

170 3373 298 3442 νῆκε
332 3370 388 3425 δ’
416 3372 573 3427 οὐδὲν
603 3370 679 3428 ῶν
712 3373 968 3428 ἐϐούλετο
999 3376 1326 3447 πεπραχώς.
1354 3377 1460 3431 Καὶ
1483 3379 1513 3432 ό
1540 3377 1750 3449 χειμὼν

162 3463 216 3515 ἐν
244 3450 467 3527 τούτοὶς
501 3462 568 3537 [ι.
598 3464 708 3520 252
747 3463 806 3536 α]
848 3466 1128 3520 ἐτελεύτα.
1180 3466 1674 3535 Ἐπανεληλυθότος
1705 3467 1750 3520 δ’

163 3556 215 3621 ἐς
242 3554 554 3620 Βυζάντιον
586 3551 745 3618 αὖθις
766 3554 863 3608 τοῦ
899 3554 1168 3624 βασιλέως
1199 3555 1432 3619 ἐκεῖθεν,
1473 3550 1611 3627 ἦρος
1639 3556 1743 3627 ήδη

162 3642 494 3713 ᾲρχομλνου,
524 3640 722 3712 κατῄει
753 3642 850 3697 καὶ
880 3641 908 3694 ό
937 3640 1214 3712 βάρϐαρος
1245 3641 1511 3712 Ὑρκανὸς
1545 3648 1609 3697 ὲκ
1631 3645 1741 3696 τῶν
1767 3635 1812 3697 C

162 3737 517 3808 ὑψηλοτέρων
542 3736 642 3806 τῆς
671 3735 926 3800 Βιθυνίας
953 3736 1137 3808 μερῶν
1167 3737 1295 3808 ᾄχρι
1322 3737 1431 3791 τῶν
1459 3737 1745 3807 παραλίων

159 3831 251 3896 τῆς
274 3827 665 3898 Καλχηδονίας
693 3827 953 3899 ἠπείρου,
986 3829 1082 3882 καὶ
1112 3827 1392 3898 ὡμίλησεν
1423 3830 1637 3884 ἐκεῖθεν
1664 3830 1745 3902 τῷ

161 3918 397 3991 βασιλεῖ,
441 3920 534 3973 καὶ
567 3918 1020 3989 ἐκοινολογήσατο
1064 3920 1196 3990 περὶ
1236 3919 1328 3974 τοῦ
1371 3921 1530 3984 υίέως
1558 3916 1741 3989 αὖθις,

159 4010 257 4064 οὒκ
288 4009 751 4081 αὐτοπροσώπως
794 4011 928 4065 ἀλλὰ
959 4011 1033 4065 δι’
1066 4012 1308 4065 ἀκατίων
1337 4013 1432 4068 καὶ
1455 4012 1742 4084 πρέσϐεων

158 4103 265 4157 ἀπὸ
301 4100 546 4173 βραχέος
584 4104 727 4156 πάνυ
766 4103 863 4155 τοῦ
910 4102 1302 4173 διαστήματος,
1331 4105 1612 4175 ἐγγυτῖρω
1647 4121 1742 4172 γε-

160 4198 393 4264 νομένου
420 4194 515 4248 τοῦ
546 4195 814 4265 βασιλέως
845 4195 935 4249 διὰ
969 4194 1255 4267 ῥᾳστώνην
1282 4197 1382 4268 τῆς
1412 4196 1623 4267 χρείας,
1646 4196 1742 4248 καὶ

161 4287 299 4363 μετὰ
333 4287 446 4341 τῶν
477 4287 696 4341 οἰκείων
752 4289 939 4345 ἐπάνω
991 4288 1085 4340 τοῦ
1132 4288 1349 4357 πύργου
1405 4289 1504 4360 τὴν
1535 4287 1742 4359 σκηνὴν

160 4375 503 4447 πηξαμένου,
527 4375 585 4438 ὃς
609 4375 668 4428 ὲν
696 4365 853 4444 ’μέσῳ
875 4374 975 4444 τῆς
999 4375 1206 4445 μεταξὺ
1240 4375 1515 4445 θαλάττης
1546 4377 1610 4428 ὲκ
1633 4392 1739 4429 πα·
1772 4430 1786 4452 ⁸

155 4467 311 4522 λαιοῦ
357 4467 630 4537 πεπηγὼς
671 4466 884 4537 ’Δρκλα
933 4467 1180 4521 καλεῖται
1235 4469 1373 4539 πρδς
1402 4468 1738 4533 Βυζαντίων.

160 4562 300 4627 Ὀσα
338 4560 443 4629 μὲν
465 4558 559 4613 οὖν
582 4559 677 4613 καὶ
699 4553 791 4613 οἶα
823 4554 889 4630 ἦν
918 4558 1064 4630 ᾇπερ
1088 4560 1274 4631 σφίσιν
1303 4561 1521 4632 εἴρηταί
1553 4580 1612 4615 τε
1644 4566 1742 4619 καὶ

156 4652 503 4723 ἐπήγγελται
559 4649 866 4721 τηνικαῦτα
906 4652 995 4705 διὰ
1024 4652 1133 4706 τῶν
1187 4654 1393 4726 μεταξῦ
1424 4654 1738 4724 πρέσϐεων,

155 4748 370 4818 ἡμέρας
385 4744 727 4815 ἁνηλωκόσιν
743 4744 981 4801 ἱνταῦθα
994 4748 1166 4818 τρεῖς,
1188 4747 1283 4809 καὶ
1319 4747 1442 4811 οἵας
1488 4748 1626 4819 πρὸς
1648 4748 1743 4803 άλ-

153 4838 351 4909 ὶὴλους
369 4839 473 4902 τάς
489 4856 546 4892 τε
566 4839 847 4904 δεξιώσεις
862 4840 955 4894 καὶ
973 4839 1370 4910 φιλοφροσύνας
1390 4843 1738 4912 πεποίηνται.

154 4933 254 4986 οὐκ
273 4932 580 5003 ἀναγκαῖον
616 4931 875 4996 διεξιέναι
900 4931 1027 4986 καθ’
1052 4932 1265 4987 ἕκαστα
1284 4949 1297 4965 ’
1333 4933 1393 4987 τὸ
1442 4934 1489 4989 δ’
1513 4930 1607 4988 οὖν
1639 4938 1741 5010 τῆς

153 5019 379 5100 Evr-.960!
401 4996 627 5091 illatua;
660 5020 1043 5091 συμπέρασμα
1068 5016 1160 5092 ἦν,
1186 5022 1269 5077 ὅτι
1298 5021 1601 5077 δεδώκασιν
1638 4996 1739 5077 ti);
1772 4996 1815 5052 D

152 5111 341 5180 λήλοις
380 5112 586 5180 ἐγγύας
642 5112 738 5168 ἐπὶ
773 5112 1011 5191 Θυγατρὶ
1058 5115 1317 5182 γενέσθαι
1354 5115 1607 5187 γαμϐρὸν
1659 5114 1738 5187 τῷ

153 5205 373 5282 βασιλεί
401 5204 496 5258 τὸν
519 5205 1097 5276 ἐλευθερώθησόμενον
1129 5206 1226 5261 τοῦ
1244 5207 1514 5277 Ὑρκανοῦ
1547 5210 1737 5277 παῖδα,

153 5298 248 5350 καὶ
284 5297 406 5367 ἅμα
448 5292 591 5352 εἶναι
633 5297 910 5370 διηνεκεῖς
953 5300 1048 5355 καὶ
1096 5300 1331 5361 ἀλύτους
1377 5300 1610 5364 σπονδάς
1645 5319 1741 5370 με-

150 5387 289 5454 ταξὺ
330 5390 622 5458 Ῥωμαίων
671 5407 732 5442 τε
790 5392 884 5444 καὶ
933 5390 1258 5461 Βαρϐάρων.
1318 5393 1469 5444 Κάπὶ
1527 5392 1740 5456 τούτοις

151 5482 419 5553 χρήματα
449 5481 688 5553 εἰληφὼς
720 5485 748 5537 6
771 5483 1025 5553 βασιλεὺς
1059 5484 1160 5538 οὐκ
1192 5484 1351 5559 ὀλίγα
1386 5484 1525 5555 πρός
1552 5502 1610 5536 τε
1642 5484 1736 5545 τοῦ

164 5574 447 5643 Ὑρκανοῦ
477 5576 574 5639 καὶ
603 5576 723 5647 ἅμα
758 5578 896 5648 πρὸς
927 5576 1263 5643 Βυζαντίων,
1295 5578 1487 5650 ἔρανον
1517 5596 1737 5649 πεπρα-

1849 2566 2154 2622 procurans
2178 2560 2234 2607 et
2254 2552 2495 2629 omnium
2523 2553 2755 2606 maxime
2781 2551 2965 2606 futuro
2982 2562 3231 2621 tempore
3253 2549 3432 2605 soceri

1850 2642 1985 2711 itup.
2022 2642 2259 2697 Matthaai
2292 2644 2595 2697 custodiam
2631 2644 2687 2697 in
2716 2643 2949 2697 maxima
2976 2658 3107 2697 cura
3136 2642 3431 2696 collocans.

1849 2731 2038 2787 Visum
2085 2743 2170 2787 est
2196 2734 2360 2805 igitur
2402 2734 2712 2806 Mitylenam
2779 2735 3075 2789 abductum
3111 2750 3140 2788 a
3173 2733 3435 2790 Cataluzn

1850 2818 2046 2876 Latino
2078 2822 2366 2887 custodiri,
2398 2823 2490 2892 qui
2540 2840 2638 2894 per
2679 2838 2926 2878 sororem
2958 2838 3115 2878 socer
3163 2824 3299 2892 imp.
3333 2822 3433 2876 toti

1850 2911 2012 2985 504
2062 2923 2296 2984 praeerat
2362 2915 2557 2970 insula:
2625 2914 2825 2973 Lesbo.
2905 2915 3037 2982 Quae
3095 2930 3220 2970 cum
3288 2914 3432 2969 facta

1848 3015 2053 3070 essent,
2084 3008 2137 3061 in
2167 3006 2449 3065 Phoea‘am
2481 3008 2551 3075 ob
2580 3008 2817 3079 llyreani
2871 3008 3041 3061 lilium
3077 2993 3206 3073 inip.
3246 3006 3433 3068 rediit,

1849 3110 1953 3151 nec
2002 3094 2302 3164 quidquam
2360 3110 2553 3150 eorum
2614 3110 2736 3165 qute
2798 3094 3017 3149 volebat
3066 3092 3283 3161 assequi
3339 3106 3437 3161 po-

1852 3188 1976 3249 tuit.
2014 3187 2080 3241 Et
2113 3187 2293 3241 hiems
2331 3186 2418 3241 his
2474 3187 2643 3241 rebus
2697 3185 2870 3241 linita.
2925 3186 3056 3240 Inde
3111 3183 3433 3255 Byzantium

1849 3298 1973 3337 eum
2001 3280 2133 3350 imp.
2158 3280 2414 3341 redisset,
2453 3277 2631 3348 primo
2657 3279 2768 3349 jam
2810 3292 2960 3341 vere,
2990 3275 3278 3348 Hyrcanus
3307 3274 3437 3329 bar-

1849 3372 2018 3428 barus
2044 3388 2110 3427 ex
2138 3371 2263 3425 altis
2299 3369 2565 3441 Bithynia:
2591 3369 2915 3439 regionibus
2944 3384 3118 3437 usque
3162 3366 3230 3421 ad
3262 3365 3430 3420 Chal-

1850 3463 2166 3517 cedonicam
2190 3476 2339 3521 oram
2374 3458 2652 3530 profectus
2679 3467 2786 3524 est,
2818 3467 2874 3514 et
2902 3458 3106 3512 ibidem
3143 3472 3266 3511 cum
3294 3458 3430 3525 imp.

1852 3555 2158 3610 collocutus
2201 3554 2493 3610 consilium
2548 3553 2617 3607 de
2651 3552 2764 3609 lilio
2819 3550 3270 3617 communicavit,
3322 3563 3433 3604 non

1852 3647 1966 3718 ipse
1996 3647 2240 3716 quidem.
2268 3646 2363 3701 sed
2394 3662 2490 3716 per
2503 3646 2736 3716 scaphas
2764 3655 2820 3700 et
2847 3645 3077 3717 legatos,
3112 3660 3235 3698 cum
3264 3644 3435 3699 breve

1855 3747 2062 3793 tantum
2094 3739 2329 3808 Spatium
2355 3737 2489 3808 imp.
2520 3739 2735 3793 abesset
2762 3748 2987 3807 propter
3013 3737 3090 3792 rei
3116 3736 3419 3791 levitatem.

1852 3829 1915 3883 Et
1949 3844 2073 3883 cum
2108 3830 2225 3883 suis
2272 3844 2439 3898 supra
2484 3844 2667 3883 arcem
2719 3828 3059 3882 domicilium
3092 3826 3433 3894 ‘collocavit,

1850 3936 1973 3992 quae
2000 3921 2136 3974 mari
2185 3920 2526 3975 circumdata
2576 3930 2632 3976 et
2689 3922 2917 3991 antiquo
2975 3930 3221 3989 tempore
3279 3921 3435 3973 hrrna
3486 3956 3493 3961 .

1850 4010 2010 4064 Arcla
2067 4025 2097 4064 ει
2146 4009 2425 4081 Byzantiis
2470 4008 2881 4062 nominabatur.
2940 4008 3072 4073 Quae
3138 4005 3435 4076 qualiaque

1848 4102 2075 4163 fuerint.
2111 4117 2233 4171 quae
2263 4100 2333 4155 ab
2360 4101 2466 4154 illis
2489 4100 2635 4154 dicta
2664 4111 2793 4153 sunt
2818 4099 3180 4167 nuntiataque
3225 4113 3322 4167 per
3351 4097 3436 4151 le-

1849 4205 2005 4263 gates
2032 4193 2210 4247 tribus
2241 4193 2457 4257 diebus,
2488 4192 2677 4262 quales
2703 4192 2939 4245 honores
2959 4202 3011 4245 et
3035 4190 3435 4244 benevolentize

1850 4282 2178 4337 documenta
2232 4281 2340 4336 sibi
2402 4283 2637 4337 invicem
2699 4282 3075 4343 contulerint,
3134 4297 3240 4333 non
3295 4295 3438 4349 opus

1848 4385 1930 4429 est
1964 4374 2214 4444 pluribus
2248 4374 2477 4429 referre.
2526 4373 2678 4429 Finis
2734 4388 2916 4428 autem
2972 4373 3236 4442 colloquii
3286 4382 3429 4434 erat,

1849 4479 2137 4540 postquam
2171 4468 2401 4539 pignora
2425 4467 2528 4522 sibi
2581 4468 2815 4521 invicem
2875 4467 3150 4522 dederunt
3208 4478 3435 4537 propter

1849 4560 2014 4614 filiam
2056 4568 2114 4613 ut
2149 4575 2308 4614 socer
2364 4560 2499 4629 imp.
2543 4557 2763 4613 futurus
2798 4569 2945 4613 esset
2996 4558 3226 4630 llyrcaui
3286 4558 3435 4613 ﬁlius

1850 4653 1903 4707 in
1957 4653 2275 4726 libertatem.
2314 4653 2623 4716 restitutus,
2676 4662 2730 4707 et
2762 4665 3027 4723 perpetua
3076 4664 3240 4723 atque
3293 4653 3427 4707 inal-

1849 4754 2025 4800 terata
2061 4745 2266 4801 hedera
2307 4747 2451 4801 inter
2485 4747 2764 4802 Romanos
2792 4756 2849 4800 et
2888 4745 3159 4800 Barbaros
3223 4755 3427 4800 essent.

1848 4837 2121 4895 Praeterea
2148 4841 2391 4895 nummis
2422 4839 2663 4909 acceptis
2684 4832 2802 4892 'non
2835 4838 3026 4910 paucis
3058 4839 3125 4891 ab
3170 4839 3427 4909 llyrcam:

1847 4941 1904 4985 et
1933 4930 2228 5003 Byzantiis,
2270 4931 2365 5001 qui
2395 4946 2606 4987 cmuam
2640 4932 2856 5001 publice
2892 4931 3256 4992 cclehraraut,
3291 4930 3427 4999 imp.

1844 5023 2018 5094 plenis
2041 5023 2173 5078 velis
2193 5025 2248 5079 in
2274 5023 2466 5079 urbem
2496 5023 2775 5077 l’hoczcam
2806 5021 3138 5091 renavigavit
3160 5021 3429 5091 etopibu:

1842 5114 2137 5171 Culotheto
2172 5115 2285 5171 fere
2327 5115 2475 5170 ntille
2506 5126 2726 5171 centum
2757 5116 2901 5169 datis
2938 5113 3096 5185 505
3116 5124 3170 5168 ct
3191 5114 3429 5184 dignita-

1844 5218 1957 5265 tum
1992 5208 2297 5263 honoribus
2333 5208 2387 5262 in
2409 5224 2476 5263 eo
2507 5208 2810 5274 collocatis,
2860 5222 2986 5263 sero
3011 5210 3098 5262 vix
3136 5208 3428 5279 qmrsiturr.

1847 5299 2082 5373 Hyrcani
2103 5301 2273 5356 (ilium
2307 5301 2537 5372 recepit.
2571 5301 2753 5357 Laetus
2785 5302 3110 5372 Byzantium
3144 5300 3424 5371 profectus

1845 5404 1949 5448 est.
1991 5378 2057 5448 Et
2085 5404 2197 5448 tum
2226 5395 2489 5463 temporis
2518 5410 2696 5449 annus
2726 5395 2780 5448 in
2817 5411 3030 5449 summa
3061 5404 3250 5449 aestate
3283 5403 3427 5450 erat.

1844 5502 1952 5556 qua
1992 5487 2135 5542 circa
2193 5486 2393 5541 horrea
2433 5497 2488 5541 et
2548 5486 2825 5541 fructuum
2886 5502 3075 5541 curam
3127 5487 3398 5540 necessita

1845 5579 1991 5648 cogit
2022 5577 2310 5634 laboribus
2368 5594 2595 5648 operam
2653 5578 2809 5641 dare,
2873 5579 3078 5647 quibus
3144 5580 3409 5647 negotium

151 5668 333 5737 χότων
390 5672 571 5741 κοινῇ,
604 5671 872 5741 πλήρεσιν
922 5671 1114 5736 ίστίοις
1169 5674 1310 5744 ἄρας
1361 5672 1737 5726 κατέπλευσεν

1849 5670 2183 5740 agricultura
2224 5680 2331 5726 est.
2382 5671 2757 5725 Romanorum
2807 5670 2972 5741 igitur
3006 5670 3173 5724 rebus
3223 5670 3427 5739 ubique

149 5757 315 5824 αὖθις
347 5763 403 5825 ἐς
437 5761 715 5819 Φώκαιαν.
764 5763 873 5817 Καὶ
902 5764 1157 5834 χρήματα
1185 5764 1309 5829 δοὺς
1338 5765 1737 5835 τῷΚαλοθέτῳ

1849 5762 2143 5817 laetioribus
2193 5761 2353 5816 factis
2401 5778 2525 5816 cum
2562 5762 2698 5831 imp.
2752 5778 2926 5830 usque
2979 5762 3046 5815 ad
3102 5762 3423 5833 Byzantium

153 5855 322 5925 μέχρι
344 5856 456 5908 τῶν
487 5857 685 5911 ἑκατὸν
715 5857 967 5926 χιλιάδων
994 5856 1248 5925 ἔγγιστα,
1283 5861 1378 5913 καὶ
1417 5857 1535 5928 ἅμα
1572 5861 1737 5923 ἀξιω-

1849 5856 2071 5910 navibus
2106 5864 2374 5925 pergeret,
2411 5871 2517 5909 una
2559 5856 2799 5909 triremis
2857 5857 3003 5924 regia
3055 5856 3315 5926 princeps
3370 5868 3401 5909 e

158 5948 348 6015 μάτων
368 5945 563 6003 τοῦτον
586 5950 870 6020 κοσμήσας
897 5949 1299 6023 λαμπρότησι-λ,
1324 5951 1423 6022 ὀψὲ
1453 5951 1551 6033 καί
1580 5951 1732 6021 μόλις

1849 5953 1970 6021 'unp.
2012 5963 2066 6007 et
2098 5950 2333 6023 llyt'cani
2391 5950 2564 6006 lilium
2608 5950 2837 6007 dimisit.
2894 5950 3117 6007 Caetera:
3171 5952 3423 6008 trireme.
