3840 6558
509 326 606 392 451

1699 315 2124 380 NICEPIIORI
2169 318 2214 374 G
2229 311 2558 378 llEGOR/E
3623 313 3709 377 1.3.2

509 447 848 510 occluserat;
885 442 1022 498 adeo
1051 441 1332 496 inculta'et
1365 441 1508 494 invia
1541 440 1760 496 deserta
1785 448 1942 494 erant
1973 455 2089 492 om-

2205 439 2622 505 ὲπιῦοσκόμενον
2647 435 2747 504 γῆν
2775 431 2973 502 μικροῦ
3007 433 3098 484 καὶ
3124 431 3290 493 αὑτὰς
3325 430 3614 494 Βυζαντίων
3633 437 3710 498 τὰς

513 541 604 594 nia
635 549 786 593 extra
817 545 1003 608 portas
1041 535 1178 588 loca.
1209 533 1452 602 Denique
1497 519 1588 586 Dei
1615 543 1750 586 nutu
1803 531 2082 600 inopinata

510 649 573 684 ac
629 629 909 698 repentina
960 641 1024 680 ex
1079 625 1307 696 Hyrcani
1344 623 1439 678 filii
1473 623 1784 692 captivitate
1825 622 2086 678 Romanis

517 723 744 776 libertas
774 723 915 773 facta
947 727 1051 778 est,
1083 727 1143 771 ut
1185 717 1442 771 omnibus
1469 713 1806 770 acccssibilis
1852 723 1907 768 et
1936 715 2084 769 culta

510 815 673 884 510
697 811 848 866 brevi
897 819 1044 865 esset
1075 807 1304 862 Thracia
1359 809 1470 862 fera
1523 807 1652 860 olim
1707 817 1760 860 et
1809 807 2084 860 latronum

511 911 690 975 plena.
733 905 937 958 Deinde
975 907 1224 972 quamvis
1255 900 1549 954 admodum
1587 907 1818 954 aestuosa
1849 901 1962 952 visa
1997 913 2088 952 esi

507 1007 590 1048 set
622 1005 803 1055 aestas.
838 1003 1022 1047 tamen
1067 1001 1216 1046 tanta
1251 991 1360 1046 vini
1386 991 1540 1059 copia
1589 1001 1712 1044 nata
1741 998 1846 1052 est,
1881 996 1938 1041 ut
1967 989 2088 1057 plu-

511 1095 664 1146 rimis
699 1107 820 1144 vasa
859 1090 1184 1144 defecerint.
1221 1089 1430 1156 Duplex
1452 1087 1600 1142 enim
1638 1095 1694 1140 et
1725 1086 1922 1154 triplex
1960 1099 2087 1152 pcr-

512 1184 700 1238 multis
729 1198 852 1236 eum
881 1181 1061 1250 priore
1087 1195 1232 1234 anno
1261 1187 1574 1248 comparata
1607 1176 1799 1231 messis
1823 1173 1946 1238 fuit,
1969 1173 2088 1244 qui-

513 1275 740 1327 busdam
764 1272 1106 1342 quadruplex
1141 1271 1266 1324 data
1309 1279 1414 1333 est,
1451 1268 1522 1322 ita
1551 1277 1609 1322 ut
1637 1266 1820 1322 cuncti
1844 1281 2088 1321 commu-

513 1385 634 1420 nem
670 1367 931 1419 honorem
954 1373 1010 1417 et
1045 1364 1272 1432 gratiam
1299 1378 1366 1416 ex
1395 1363 1586 1415 intima
1619 1359 1784 1414 animi
1817 1359 2088 1413 sententia

509 1458 724 1528 egerint
755 1454 885 1522 Deo,
914 1455 1006 1524 qui
1035 1463 1231 1509 contra
1263 1453 1510 1508 omnium
1535 1451 1853 1522 opinionem
1883 1450 1966 1505 eis
1992 1449 2088 1518 qui

515 1553 567 1600 in
621 1561 887 1601 summam
924 1545 1364 1613 desperationem
1417 1553 1704 1606 venerant.
1755 1543 2088 1612 inopinatam

513 1648 570 1690 et
603 1638 912 1690 mirabilem
949 1635 1142 1690 salutis
1177 1635 1316 1688 viam
1377 1636 1718 1703 aperuisset,
1753 1635 1847 1704 qui
1890 1649 1920 1687 e
1967 1648 2092 1702 pro-

513 1727 682 1782 fundo
713 1737 869 1782 terra:
919 1726 1142 1782 sustulit
1174 1734 1230 1780 et
1266 1742 1333 1780 ex
1370 1735 1614 1780 stercore
1645 1725 1882 1779 detraxit
1935 1733 1992 1779 et
2024 1723 2080 1777 in

2189 531 2364 592 πύλας
2414 527 2782 596 ἐγκέκλεικεν.
2825 525 2900 588 ὡς
2947 525 3200 594 ἀοίκητον
3241 521 3384 576 εἶναι
3417 525 3509 576 καὶ
3541 524 3708 580 ἄϐατον

2191 625 2424 694 ἐρημίαν
2456 622 2522 676 τὰ
2557 621 2662 686 ἔξω
2689 619 2873 674 πυλῶν
2901 619 3137 682 ἅπαντα,
3177 618 3371 670 ἔπειτα
3408 617 3580 671 νεύσει
3603 619 3712 673 Θεοῦ

2191 714 2501 786 παράδοξόν
2528 729 2649 766 τινα
2693 713 2784 764 καὶ
2817 711 3227 782 ἀπροσδόκητον
3265 711 3522 780 ἐξαίφνης
3557 713 3612 765 ἐκ
3637 713 3714 782 τῆς

2190 810 2284 862 τοῦ
2324 808 2513 870 παιδδς
2557 803 2828 876 Ὑρκανοῦ
2866 801 3244 873 κατασχέσεως
3277 801 3562 870 Ῥωμαίοις
3599 803 3718 856 ἐλευ-

2191 901 2383 972 θερίαν
2410 899 2685 968 γενέσθαι,
2713 897 2788 960 ὡς
2823 881 2959 948 πᾶσι
2991 895 3222 964 βάσιμόν
3249 911 3308 947 τε
3330 896 3426 946 καὶ
3453 895 3644 967 ἥμερον
3675 899 3716 950 ἐν

2193 993 2388 1064 βραχεί
2414 991 2516 1060 τὴν
2544 991 2674 1060 πρὶν
2704 987 2904 1058 ἀγρίαν
2943 987 3158 1056 ἐκείνην
3191 985 3285 1039 καὶ
3315 986 3524 1058 λῃστῶν
3555 987 3718 1057 γέμον·

2193 1102 2292 1138 σαν
2315 1083 2376 1156 [ί.
2403 1083 2510 1138 254
2541 1081 2600 1154 1)]
2641 1077 2886 1153 Θρᾴκην.
2929 1081 3191 1150 Δεύτερον
3225 1079 3272 1132 δ’
3315 1077 3396 1132 ὅτι
3445 1079 3536 1131 τοῦ
3565 1079 3719 1150 θέρὸυς

2191 1175 2425 1245 ἀνίκμου
2456 1177 2597 1228 πὰνυ
2628 1179 2679 1226 τι
2699 1171 2820 1226 λίαν
2854 1167 3139 1242 φανέντος,
3171 1171 3425 1226 τοσοῦτον
3461 1175 3597 1226 οῐνου
3629 1177 3720 1237 ταῖς

2191 1267 2458 1338 ἀμπέλοις
2539 1265 2744 1336 πλῆθος
2849 1264 3276 1337 καρποφορῆσαι
3361 1265 3722 1334 συμπέπτωκεν

2189 1359 2264 1422 ὡς
2354 1357 2478 1428 μηδ’
2561 1355 2889 1426 ἀποχρῶντα
2971 1358 3086 1418 τοῖς
3175 1355 3392 1418 πολλοῖς
3495 1355 3722 1425 ὑπάρχειν

2193 1447 2270 1510 εἰς
2322 1445 2588 1514 ὑποδοχὴν
2650 1446 2886 1512 ἀγγεῖα·
2949 1444 3204 1498 διπλάσια
3259 1445 3370 1515 γὰρ
3425 1446 3523 1498 καὶ
3543 1447 3725 1514 τριπλάο

2196 1557 2286 1592 σια
2316 1541 2428 1603 τοῖς
2459 1538 2734 1600 πλείστοις
2763 1539 2795 1608 ἢ
2831 1537 2972 1591 κατὰ
3015 1539 3112 1602 τὴν
3143 1537 3340 1607 πέρυσι
3369 1539 3560 1606 γέγονε
3589 1556 3727 1610 γεωρο

2195 1632 2341 1714 γίαν,
2367 1631 2482 1684 ἔστι
2514 1631 2558 1684 δ’
2587 1625 2668 1693 οἷς
2693 1632 2786 1684 καὶ
2817 1631 2872 1692 ἐς
2917 1631 2978 1683 τὸ
3006 1629 3408 1698 τετραπλάσιον
3433 1630 3649 1701 ἀνήχθη,
3671 1633 3726 1695 ὡς

2199 1723 2385 1792 κοινὴν
2421 1721 2667 1786 ἅπαντας
2697 1719 2856 1786 δόξαν
2883 1719 2990 1785 κάξ
3009 1722 3171 1792 *ὅλης
3213 1722 3564 1794 εὐχαριστίαν
3587 1723 3728 1793 ψυχῆς

515 1835 655 1888 rupe
733 1817 1062 1873 immutabili
1129 1819 1519 1888 cogitationum
1573 1818 1740 1887 pedes
1787 1816 2095 1873 collocavit.

2205 1814 2274 1883 τῷ
2308 1813 2377 1866 τὰ
2414 1813 2648 1884 μέγιστά
2677 1831 2734 1865 τε
2758 1801 2852 1865 καί
2875 1811 3156 1883 παράδοξα
3184 1815 3294 1877 τοῖς
3323 1817 3380 1878 ἐς
3409 1815 3478 1868 τὰ
3507 1817 3600 1885 τῆς
3627 1817 3729 1868 ἀπο.

514 1915 766 1980 γνώσεως
823 1915 1025 1984 ἔσχατα
1075 1914 1426 1984 ἐρῤιμμένοις
1477 1915 1886 1984 ἀπροσδόκητον
1945 1930 2066 1965 τινα
2135 1913 2229 1965 καὶ
2291 1911 2432 1964 πάνυ
2481 1926 2533 1962 τι
2593 1909 2904 1980 θαυμασίαν
2959 1911 3322 1980 παρεχομένῳ
3374 1910 3472 1982 τὴν
3532 1911 3726 1980 ἔγερσιν,

512 2007 622 2056 κάκ
659 2007 765 2057 τῶν
797 2005 1048 2058 ἀϐύσσων
1073 2037 1092 2056 κ
1114 2008 1214 2076 τῆς
1275 2005 1379 2074 γῆς
1423 2003 1740 2073 ἁνυιςιοῦντι,
1786 2005 1896 2058 κάκ
1942 2001 2115 2073 πηλοῦ
2153 1999 2298 2065 ἰλύος
2355 1999 2728 2070 ἁνάγοντικαὶ
2749 2001 2840 2054 ἐπὶ
2873 2000 3078 2069 πέτραν
3102 1999 3390 2053 ατίνακτον
3413 2002 3544 2064 τοὺς
3599 2001 3726 2066 πόδας

467 2159 472 2165 ⁴
514 2083 732 2152 ἰστῶντι
764 2097 870 2149 τῶν
901 2095 1200 2166 λογισμῶν.

589 2193 650 2246 ν.
688 2190 1104 2264 Quamprimum
1151 2197 1450 2245 autumnus
1489 2189 1606 2244 fieri
1641 2189 1827 2258 erepit,
1852 2203 2095 2243 commo-

515 2283 668 2338 randi
686 2293 740 2338 et
761 2282 927 2336 animi
947 2281 1228 2336 recreandi
1246 2297 1410 2336 causa
1427 2297 1550 2336 cum
1573 2275 1868 2352 imperator
1889 2281 2096 2352 Selym-

517 2373 692 2428 briam
719 2388 889 2442 usque
915 2371 1280 2440 pervenisset.
1305 2373 1454 2426 venit
1485 2373 1552 2426 ad
1585 2388 1712 2426 eum
1737 2387 1768 2426 ε
1795 2373 1956 2442 Bizya
1981 2373 2091 2426 Ma—

514 2461 644 2515 nuel
673 2459 820 2513 Asan
847 2459 1055 2512 domini
1087 2459 1411 2526 petitionem
1435 2463 1754 2530 prolaturns
1776 2477 1940 2531 quam
1967 2473 2096 2517 ante

514 2551 658 2604 duos
685 2565 860 2603 annos
895 2565 922 2601 a
950 2549 1204 2602 Mattlneo
1237 2558 1352 2604 tum
1397 2564 1660 2622 regnante
1690 2560 1746 2606 et
1775 2553 1829 2606 in
1863 2552 2096 2608 Thracia

515 2657 702 2697 secum
735 2641 1108 2708 eolloqnente,
1149 2625 1536 2710 Byzantiorum
1579 2643 1729 2698 socio
1761 2643 2094 2712 impetrave-

519 2741 622 2784 rat.
659 2729 766 2784 Sed
807 2731 1022 2784 cerviee
1051 2731 1288 2784 vinculis
1335 2733 1632 2786 constricta
1663 2733 1826 2788 domo
1862 2735 2010 2788 venit
2040 2745 2095 2790 et

519 2836 582 2880 ut
613 2822 894 2878 miseratio
939 2823 1048 2876 sibi
1102 2823 1256 2878 ﬁeret
1285 2823 1477 2892 petiit,
1524 2824 1820 2880 frustratus
1857 2841 1951 2894 per
1985 2834 2096 2880 tres

519 2915 1119 2970 annosincursionibus
1146 2926 1202 2969 et
1227 2915 1655 2984 przedationibus
1713 2933 1850 2986 quas
1884 2933 1952 2972 ex
2007 2917 2096 2970 Bi-

2279 2187 2354 2242 E'.
2389 2185 2538 2242 Εἶεν.
2573 2190 2730 2258 Ἀρτι
2765 2187 2811 2242 δ’
2833 2169 3136 2261 άρχομένδυ
3163 2183 3257 2242 τοῦ
3283 2190 3619 2261 φθινοπώρου
3647 2193 3730 2245 δια-

2203 2281 2396 2352 τριϐῆς
2448 2282 2635 2336 εἵνεκά
2679 2300 2822 2345 τινος
2865 2284 2959 2336 καί
2987 2283 3343 2354 ψυχαγωγίας
3393 2285 3614 2354 μετρίας
3635 2286 3729 2353 ἄχρι

2201 2374 2556 2444 Σηλυμϐρίας
2605 2375 2950 2442 ἐξεληλυθότι
3005 2374 3085 2444 τῷ
3127 2376 3343 2444 βασιλεῖ
3379 2379 3649 2444 πρόσεισιν
3685 2380 3730 2428 ἐι

2202 2467 2404 2536 Βιζύης
2458 2467 2718 2537 Mavoqu
2751 2469 2778 2520 ὁ
2821 2467 3092 2528 ’Ᾱσὰν,τδ
3122 2466 3214 2520 τοῦ
3245 2468 3516 2522 δεσπότου
3559 2469 3730 2534 ἀξίωμα

2203 2559 2613 2628 περικείμενος,
2648 2559 2675 2610 ὃ
2710 2558 2816 2628 πρὸ
2848 2559 2993 2612 δυοῖν
3029 2559 3166 2612 ἐτῶν
3213 2559 3426 2630 εἰλήφει
3459 2561 3592 2628 πρὸς
3615 2561 3732 2612 Ματ-

2204 2650 2356 2704 θαίου
2411 2653 2533 2704 τότε
2589 2648 2966 2719 βασιλεύοντός
3001 2667 3058 2702 τε
3089 2651 3183 2704 καὶ
3213 2651 3356 2704 κατὰ
3390 2651 3612 2721 Θρᾴκην
3634 2654 3730 2720 ὁμι-

2201 2743 2419 2805 λοῦντος
2472 2742 2622 2810 αὐτῷ
2663 2742 3042 2812 συμμαχοῦντι
3090 2741 3234 2795 κατὰ
3280 2743 3392 2794 τῶν
3443 2743 3728 2808 Βυζαντίων.

2202 2827 2343 2888 Ἶίκε
2372 2833 2430 2886 δέ
2459 2835 2549 2886 τὸν
2579 2832 2852 2904 τράχηλον
2894 2833 3174 2901 δεδεμένος
3206 2834 3421 2886 οἴκοθεν
3462 2837 3558 2888 καὶ
3593 2837 3730 2904 τυχεῖν

2203 2926 2548 2995 συμπαθείας
2581 2925 2836 2995 δεόμενος
2861 2923 2956 2979 ἅτε
2979 2927 3256 2988 ἐπταικὼς
3282 2927 3345 2979 οὐ
3377 2930 3557 2996 μικρὰ
3575 2928 3648 2980 διὰ
3661 2931 3731 2990 τὰς

471 3019 484 3042 κ
521 3023 618 3076 zya
640 3007 861 3062 fecisset
909 3021 1018 3060 non
1053 3022 1218 3076 parva
1259 3007 1537 3077 Byzantiis
1567 3008 1766 3062 damna
1798 3009 2089 3072 attulisset,

2205 3020 2303 3073 τῶν
2335 3021 2502 3089 τριῶν
2533 3021 2634 3091 ήδη
2665 3020 2804 3073 ἐτῶν
2841 3021 3146 3090 ἐπιδρομὰς
3188 3021 3280 3073 καὶ
3311 3021 3648 3092 καταδρομὰς
3665 3022 3733 3073 καὶ

522 3099 829 3155 combustis
861 3109 915 3154 et
964 3099 1199 3168 direptis
1229 3100 1376 3168 agris
1421 3115 1477 3155 et
1532 3102 1746 3154 cultura
1805 3101 2091 3170 deperdita

527 3192 686 3260 511
717 3203 772 3246 et
805 3193 1173 3268 quodcunque
1215 3202 1432 3262 poterat
1463 3194 1766 3263 Palaeologo
1813 3195 1944 3264 imp.
1985 3209 2098 3248 mo-

522 3284 652 3338 litus
679 3293 846 3338 esset.
871 3283 975 3338 Sed
1019 3285 1112 3338 ubi
1156 3285 1320 3340 tantis
1349 3285 1550 3354 opibus
1578 3286 1646 3339 ad
1677 3287 2000 3340 diuturnum
2029 3301 2095 3340 ac

520 3386 846 3446 perpetuum
867 3377 1071 3431 bellum
1109 3391 1250 3446 opus
1285 3377 1388 3432 fuit
1439 3381 1578 3446 (erat
1609 3392 1740 3432 sane
1767 3379 2095 3432 diuturnum

520 3485 578 3522 et
597 3469 892 3522 multorum
917 3477 1260 3538 sumptuum,
1293 3485 1428 3539 quas
1445 3486 1572 3524 vero
1600 3487 1666 3524 ex
1695 3471 2120 3546 incursionibus

523 3573 580 3615 et
611 3561 1042 3630 praedationibus
1065 3561 1312 3630 quotidie
1344 3561 1634 3630 colligebat
1665 3562 1750 3614 vix
1775 3561 2097 3630 quotidiana

528 3653 766 3704 militum
801 3651 1042 3721 sumptui
1073 3650 1415 3704 suﬂieiebant
1437 3663 1490 3704 et
1515 3653 1829 3720 priusquam
1859 3652 2102 3720 pericula

529 3747 582 3796 in
618 3744 818 3812 quibus
852 3744 1172 3798 versabatur
1193 3741 1428 3806 videret,
1463 3743 1518 3796 iu
1557 3741 1856 3796 discrimen
1895 3752 1952 3796 et
1979 3743 2102 3798 ino—

529 3839 672 3905 piam
729 3835 1154 3904 insupcrabilem
1183 3834 1430 3906 quotidie
1480 3850 1540 3890 se
1571 3835 1930 3890 collabentem
1985 3851 2100 3891 non

529 3924 710 3994 vidit),
756 3939 876 3977 eam
917 3923 987 3976 ob
1009 3937 1231 3979 causam
1259 3924 1326 3978 ad
1359 3925 1488 3994 imp.
1539 3923 1815 3994 profectus
1842 3933 1898 3978 et
1940 3927 2100 3980 venia

527 4031 634 4084 qua
667 4031 806 4084 Opus
853 4024 972 4070 erat
1009 4015 1299 4084 impetrata
1349 4015 1526 4086 Bizya:
1561 4025 1620 4070 ut
1655 4025 1816 4069 antea
1853 4016 2102 4072 tenenda:

526 4117 584 4161 et
611 4107 1073 4172 administrandae,
1105 4107 1261 4162 lactus
1278 4117 1334 4162 et
1356 4109 1636 4162 exsultans
1663 4107 1844 4173 rediit,
1869 4111 2020 4164 curis
2049 4119 2104 4165 et

529 4213 698 4266 metu,
737 4215 856 4270 qum
882 4201 972 4255 diu
1003 4210 1280 4270 noctuque
1308 4201 1552 4254 animum
1581 4199 1702 4270 ejus
1733 4202 2096 4270 perturbave-

530 4302 654 4346 t'ant
681 4293 936 4347 sublatis.
1645 4335 1649 4338 .
2067 4291 2072 4295 ’

2203 3111 2524 3180 λεηλασίας,
2577 3110 2644 3172 ἃς
2671 3111 2737 3164 ἐκ
2789 3109 2988 3180 Βιζύης
3018 3111 3341 3181 ὁρμώμενος
3373 3114 3603 3166 ἐνεποίει
3649 3115 3732 3174 τοῖς

2203 3202 2553 3276 προαστείοις
2604 3201 2714 3254 τῶν
2761 3201 3098 3265 Βυζαντίων,
3133 3205 3285 3256 κάων
3317 3205 3416 3258 καὶ
3461 3205 3734 3276 ληὶζὸμινος

2204 3273 2408 3363 ἀγροὺς
2439 3295 2530 3346 καὶ
2557 3293 2832 3364 γεωργίας
2855 3293 3072 3350 ἁπάσας
3103 3293 3304 3358 αὐτῶν,
3343 3295 3442 3348 καὶ
3466 3273 3732 3364 προσδοκῶν

2206 3383 2302 3433 καὶ
2345 3381 2736 3451 μηχανώμενος
2772 3378 2885 3434 οἷον
2926 3381 2990 3450 δή
3021 3399 3142 3434 τινα
3191 3383 3561 3452 Παλαιολόγου
3593 3384 3732 3436 κίνδυο

2207 3489 2299 3526 νον
2325 3472 2420 3524 τοῦ
2453 3473 2748 3542 βασιλέως.
2792 3473 2950 3526 Ἐπεὶ
2975 3473 3033 3525 δὲ
3079 3475 3148 3528 τὰ
3189 3474 3422 3528 τοιαῦτα
3447 3478 3607 3530 δεῖται
3635 3495 3734 3545 χρη-

2211 3564 2398 3633 μάτων
2419 3565 2498 3627 εἰς
2515 3564 2774 3632 ἐπίμονον
2799 3564 2979 3634 μάχην
3001 3566 3092 3617 καί
3119 3565 3356 3636 πολυχρό
3393 3585 3494 3628 ιον,
3517 3566 3572 3638 [f.
3591 3567 3678 3620 255
3690 3566 3731 3634 a]

2209 3655 2238 3708 δ
2269 3655 2326 3708 δὲ
2373 3656 2468 3708 καὶ
2515 3654 2872 3726 πολυχρόνιον
2897 3696 2914 3720 ,
2969 3655 3126 3710 τοῦτο
3177 3659 3272 3710 καὶ
3316 3659 3686 3722 πολυδάπανον,
3709 3659 3734 3710 ἃ

2207 3743 2254 3795 δ’
2283 3743 2340 3808 ἐξ
2369 3741 2674 3814 ἐπιδρομῆς
2703 3743 2852 3814 αύτῷ
2883 3746 2979 3798 καὶ
3025 3744 3288 3817 λαφύρων
3335 3747 3614 3816 ἡθροίζετο
3643 3748 3732 3800 καθ’

2208 3836 2442 3907 ἡμέραν,
2475 3836 2628 3906 μόλις
2678 3838 2760 3900 εἰς
2789 3835 3169 3907 αὐθημερινὴν
3204 3839 3430 3908 ἐξήρκει
3479 3842 3584 3902 τοῖς
3611 3857 3734 3908 στρα-

2209 3927 2435 3988 τιώταις
2493 3925 2766 3994 δαπάνην,
2826 3926 3086 3996 χορηγεῖν
3117 3927 3162 3980 δ’
3211 3928 3316 3980 ούκ
3355 3923 3504 3998 εἶχεν
3531 3927 3735 3992 αύτδςὲξ

2211 4017 2705 4088 ἀφθόνων-οἴκοθεν
2759 4019 2976 4090 πηγῶν,
3013 4019 3190 4086 ἔλαθε,
3251 4021 3383 4090 πρὶν
3417 4016 3494 4076 ὧν
3527 4021 3736 4091 ἐπολέμει

2213 4111 2310 4165 καὶ
2340 4105 2414 4165 ὧν
2439 4113 2624 4180 ἐφίετο
2649 4111 2928 4175 κινδύνους
2955 4113 3108 4178 ἰδεῖν,
3139 4113 3476 4166 κινδυνεύων
3503 4114 3649 4176 αὐτὸς
3669 4113 3734 4166 iul

2213 4206 2354 4276 πρὸς
2399 4206 2592 4260 πενίαν
2631 4207 3084 4274 ἁκαταγώνιστον
3123 4209 3446 4278 καταρρέων
3487 4209 3734 4277 ὁσημέραι.

2217 4297 2315 4350 Διὰ
2361 4297 2426 4368 δὴ
2481 4298 2654 4352 ταῦτα
2711 4297 2787 4368 τῷ
2829 4297 3036 4368 βασιλεῖ
3077 4299 3522 4368 προσεληλυθὼς,
3576 4302 3654 4352 καὶ
3687 4293 3735 4366 ἧς

539 4388 712 4439 ἐδεῖτο
765 4391 1096 4456 συγγνώμης
1154 4389 1357 4460 τυχὼν,
1411 4391 1508 4442 καί¹
1568 4390 1684 4458 ἅμα
1729 4389 1828 4458 τὴν
1866 4391 2171 4464 ἐπιτροπὴν
2209 4395 2304 4446 καὶ
2339 4395 2609 4464 διοίκησιν
2639 4393 2737 4462 τῆς
2779 4394 2980 4463 Βιζύης
3015 4393 3160 4464 ἔχειν
3199 4395 3277 4457 ὡς
3309 4395 3576 4466 πρότερον
3599 4395 3650 4448 τὸ
3673 4396 3737 4446 ὲν-

531 4479 755 4548 δδσιμον
786 4481 889 4550 ἤδη
929 4482 1026 4534 καὶ
1061 4482 1198 4550 πρὸς
1227 4481 1323 4534 τοῦ
1359 4481 1624 4552 βασιλέως
1649 4483 1805 4548 αὖθις
1859 4485 2124 4555 εἰληφὼς,
2165 4491 2342 4542 ἐκεῖσε
2403 4487 2636 4558 ἐπανῄει
2663 4489 2874 4560 χαίρων
2907 4489 3002 4541 καὶ
3041 4491 3416 4558 ἀγαλλόμενος
3441 4491 3524 4544 ὄτι
3553 4489 3736 4558 φροντι·

533 4574 638 4625 ὁων
671 4577 765 4626 καὶ
809 4576 991 4643 φόϐων
1020 4575 1238 4647 νύκτωρ
1271 4581 1365 4630 καὶ
1413 4578 1533 4645 μεθ’
1565 4579 1776 4648 ἡμέραν
1807 4579 1905 4649 τὴν
1933 4583 2100 4634 αὐτοῦ
2139 4585 2318 4654 ψυχὴν
2345 4586 2773 4656 σπαραττύντων
2801 4583 3146 4653 ἀπήλλακτο.

615 4670 692 4724 t’l.
733 4671 1021 4737 Postquam
1076 4669 1334 4723 vicesimo
1392 4683 1584 4724 octavo
1637 4673 1800 4742 hujus
1851 4673 2095 4728 Romana

2285 4677 2378 4746 ς’.
2432 4679 2597 4748 ἸΙμῖν
2641 4678 2686 4732 δ’
2715 4682 2776 4732 ἐν
2813 4681 2984 4749 ὀγδόῳ
3041 4681 3134 4734 καὶ
3185 4681 3418 4752 εἰκοστῷ
3445 4681 3542 4750 τῆς
3573 4678 3737 4745 παρού-

539 4762 778 4815 ἰιὶειοτίιιε
805 4761 949 4814 libro
983 4761 1049 4814 de
1077 4761 1270 4814 Russia
1304 4762 1354 4814 in
1399 4762 1762 4831 Hyperboreis
1793 4774 1951 4816 terrae
1983 4779 2108 4832 par-

539 4853 684 4906 libus
712 4852 927 4920 jacente
961 4851 1222 4904 nonnulla
1249 4853 1576 4920 scripsimus
1623 4853 1692 4906 ad
1729 4857 1806 4910 rei
1839 4865 2104 4925 opportu-

539 4947 760 4998 nitatem
806 4959 1007 5015 ap'am,
1063 4945 1172 5014 jam
1224 4959 1414 4998 rursus
1471 4959 1666 5001 uetera
1721 4963 1948 5002 narrare
2009 4964 2104 5004 ne-

537 5054 684 5094 cesse
715 5049 828 5101 est,
849 5049 904 5093 ct
935 5039 1229 5092 adnectere
1259 5038 1421 5092 dictis
1455 5039 1562 5092 illis
1593 5057 1714 5110 qua:
1761 5042 1966 5095 interea
1991 5041 2106 5096 dis-

541 5141 722 5198 putata
789 5142 918 5186 sunt
969 5141 1026 5186 et
1055 5131 1218 5186 facta.
1273 5131 1348 5184 Ita
1395 5133 1541 5185 enim
1582 5149 1679 5199 per
1731 5134 2100 5188 necessarium

538 5237 842 5276 connexum
873 5224 1082 5291 singula
1127 5241 1154 5276 ιι
1195 5209 1425 5290 singulis
1456 5239 1563 5277 non
1595 5226 1866 5294 disjnucta
1905 5227 2105 5292 videri,

540 5329 638 5370 nec
677 5325 857 5384 partes
907 5331 1030 5370 cum
1089 5318 1338 5384 partibus
1395 5333 1634 5385 pugnare
1671 5331 1771 5370 nec
1819 5332 1941 5369 rum
1985 5333 2108 5386 par-

539 5408 688 5460 tibus
725 5417 922 5460 cuncta
953 5423 1050 5460 nec
1073 5407 1376 5476 cnm512
1407 5409 1616 5462 cunctis
1649 5409 1990 5462 diversarum
2019 5423 2103 5463 re-

539 5513 658 5550 rum
692 5507 894 5565 partes.
925 5497 1020 5552 sed
1065 5498 1204 5552 bene
1234 5509 1290 5552 et
1316 5498 1583 5552 concinne
1629 5502 1808 5552 varias
1849 5499 2106 5552 historias

537 5589 690 5656 quasi
730 5605 837 5642 uno
888 5589 1106 5644 vinculo
1135 5591 1457 5659 conjunctas
1510 5589 1623 5644 fore
1676 5599 1826 5658 puto.
1875 5589 2104 5643 Narravi

541 5687 720 5748 aute/tn
757 5680 962 5736 Itnssim
986 5696 1104 5734 esse
1132 5680 1448 5734 hominibus
1483 5681 1974 5750 frequentissimam
2013 5697 2109 5732 ua-

547 5771 746 5826 tioncni
779 5783 834 5826 et
865 5785 1020 5830 teme
1053 5773 1444 5843 longitudinem
1479 5785 1526 5826 et
1579 5775 1920 5828 latitudinem
1953 5789 2106 5827 incn—

2213 4787 2313 4840 σης
2361 4771 2678 4842 Ῥωμαῖκῆς
2743 4772 2984 4842 ἰστορίας
3025 4774 3156 4841 περὶ
3187 4773 3290 4843 τῆς
3333 4775 3483 4841 παρὰ
3507 4773 3569 4824 τὰ
3603 4773 3735 4836 ὑπερ-

2210 4863 2396 4931 δόρεια
2465 4857 2606 4932 μέρη
2670 4863 2770 4930 τῆς
2823 4866 3154 4932 οἰκουμένης
3209 4867 3470 4934 κειμένης
3513 4863 3735 4918 Ῥωσσὶπξ

2209 4951 2326 5006 ἔνια
2363 4953 2768 5022 διεξεληλυθόσι
2797 4997 2812 5020 ,
2869 4959 2964 5008 καὶ
3026 4955 3130 5008 ὅσα
3173 4957 3240 5024 τῇ
3307 4957 3574 5024 ἐνεστὼσῃ
3611 4949 3736 5021 χρείᾳ

2212 5046 2654 5114 περισπούδαστα
2682 5041 2749 5116 ἦν
2781 5047 3107 5116 τηνικαῦτα,
3143 5047 3232 5100 διὰ
3256 5046 3464 5098 πολλῶν
3489 5042 3630 5103 αὖθις
3655 5039 3734 5108 ἧδξ

2210 5135 2319 5188 τῶν
2353 5137 2559 5204 μεταξὺ
2614 5138 3002 5208 παλινδρομεῖν
3050 5137 3354 5204 ἀναγκαῖον
3399 5138 3616 5205 γίνεται,
3663 5133 3734 5182 καὶ

2213 5227 2482 5296 συνείρειν
2526 5231 2638 5290 τοῖς
2684 5231 2998 5298 εἰρημένοις
3063 5229 3292 5292 ἐκείνοις
3347 5231 3461 5283 ἐκεῖ
3499 5228 3532 5279 ἃ
3565 5223 3731 5293 item?»

2211 5319 2500 5389 λελάληταί
2555 5337 2612 5372 τε
2663 5323 2754 5372 καὶ
2797 5321 3124 5390 γεγένηται·
3177 5321 3323 5373 οὕτω
3378 5321 3482 5388 γὰρ
3527 5317 3732 5369 exeam:

2211 5409 2461 5472 ἑκάστοις
2487 5409 2632 5462 κατὰ
2651 5410 2753 5478 τὴν
2775 5410 3000 5462 δέουσαν
3023 5411 3414 5479 ἁρμοζομένων
3437 5400 3728 5472 ἀναδρομὴν.

2209 5499 2310 5550 οὐκ
2341 5498 2408 5550 ἄν
2435 5499 2555 5549 ποτ’
2587 5498 2818 5567 ἀπᾴδειν
2845 5497 3160 5566 ἐθελήσειεν
3201 5497 3322 5548 οὐδὲ
3357 5493 3609 5563 μάχεσθαι
3629 5487 3728 5537 οὔτε

2215 5587 2356 5656 μέρη
2391 5589 2614 5656 μέρεσιν
2634 5587 2750 5639 οὗθ’
2771 5587 2868 5639 ὅλα
2891 5588 3113 5655 μέρεσιν
3131 5585 3396 5647 οὔθ’ὂλοις
3413 5584 3446 5636 ἃ
3467 5583 3566 5634 τῶν
3587 5579 3729 5632 ἄλλων

2215 5681 2461 5746 πέφυκεν
2491 5676 2634 5730 εἶναι
2668 5679 2832 5748 μέρη,
2879 5679 2993 5730 ἀλλ’
3025 5677 3300 5747 εὔρυθμόν
3333 5695 3441 5728 τινα
3485 5673 3571 5724 καὶ
3613 5667 3729 5738 μάλα

2213 5789 2266 5822 τι
2319 5773 2596 5840 ἐμμουσον
2629 5767 2782 5839 οἶμαι
2837 5771 3174 5838 φανήσεσθαι
3217 5770 3277 5822 τὸ
3322 5768 3420 5822 τῶν
3457 5760 3728 5817 ὑπιιῦέσεων
