3840 6560
175 422 265 479 ίῗδ
1072 416 1512 477 BYZANTlNJE
1557 419 1710 478 lllSl

1817 417 1949 476 illi
1986 417 2140 477 Lill.
2175 414 2470 478 XXXVII.
3285 419 3392 483 474

177 543 224 579 τε
260 526 350 576 καὶ
382 521 745 585 ἀτοπώτατον,
784 521 858 591 μὴ
911 526 1192 592 πἀρόντα;
1233 524 1292 577 Ei
1323 525 1379 580 δὲ
1404 525 1501 583 καὶ
1531 525 1710 579 καθαι-

1832 524 2171 593 illegitimam
2202 524 2366 596 hujus
2392 524 2770 594 expulsioncm
2819 525 3020 591 fecisti,
3079 536 3134 582 et
3171 536 3230 584 ut
3261 541 3387 584 cum

177 618 278 685 ρείν
298 612 465 666 αὐτόν
512 612 658 681 ἐνῆν,
691 612 809 664 ἀλλ’
835 613 897 665 οὐ
930 614 1022 665 τὸν
1071 614 1237 668 αὐτοῦ
1265 619 1573 689 κατήγορον
1600 634 1710 686 χειε

1818 615 2023 670 Davide
2072 614 2298 684 loquar,
2332 615 2627 671 cisternam
2660 617 2862 701 parasti
2889 624 2947 672 et
2996 617 3210 673 foveam
3254 616 3392 673 επο-

174 707 389 776 ροτονείν
415 704 530 757 ἀντ’
565 703 731 756 αὐτοῦ
770 705 891 757 κατ’
920 703 1089 758 αὑτοῦ
1115 723 1129 737 ο
1154 706 1187 776 ἢ
1212 706 1371 775 δῆλον
1400 707 1477 770 ῶς
1505 710 1714 773 ικεῐνος

174 797 260 863 μὲν
287 796 377 866 τῆς
401 795 772 864 ἑπισκοπικῆς
802 796 979 866 ἀρχῆς
1011 798 1250 866 ἐραστὴς
1274 797 1517 866 γεγονὼς
1549 798 1713 868 ζηλο-

172 888 346 948 τυπίας
403 886 655 953 ἐκγόνους
705 886 923 956 ψευδεῖς
979 888 1283 958 συνέρραψε
1332 889 1541 956 δόλους,
1576 890 1711 943 οὔδ’

172 980 377 1047 ἐραστὴς
399 978 490 1029 καὶ
516 978 679 1040 αὐτὸς
709 981 988 1038 καταστὰς
1031 980 1138 1031 τῶν
1174 980 1385 1033 ἐκείνου
1409 982 1712 1052 χρημάτων

170 1069 483 1139 ἀδικωτάτην
513 1068 777 1138 καὶμάλα
805 1070 1164 1137 ἀνομωτάτην
1191 1071 1432 1142 είργάσω
1465 1073 1564 1142 τὴν
1588 1072 1711 1126 τού-

172 1178 251 1212 τσσυ
292 1159 622 1229 καθαίρεσιν,
688 1159 873 1212 καὶτὸ
925 1158 1018 1213 τοῦ
1056 1161 1221 1215 Δασὶδ
1257 1163 1456 1227 εἰπεῖν,
1510 1164 1711 1217 λάκκον

170 1250 359 1317 ὤρυξας
387 1250 480 1301 καὶ
514 1249 706 1320 βόθρον
741 1248 802 1323 [Γ.
830 1244 938 1306 ἳΰό
968 1250 1021 1323 ὁ]
1051 1252 1385 1323 ἀνέσκαψας.
1411 1256 1490 1318 είς
1525 1254 1582 1308 ὃν
1615 1257 1713 1326 ἐμ-

174 1336 430 1390 πεσεῖσθαι
465 1353 525 1389 σε
580 1336 731 1402 ἀξιον
763 1340 902 1393 κατά
953 1342 1081 1403 τοὺς
1119 1340 1223 1392 τῶν
1274 1340 1435 1412 ἱερῶν
1472 1342 1711 1398 κανόνων

172 1430 250 1478 vi.
273 1427 443 1495 νόμων
487 1428 749 1497 θεσμοὺς,
800 1432 846 1482 εί
884 1430 961 1501 μὴ
1000 1431 1100 1501 τὴν
1145 1432 1450 1503 διόρθωσιν,
1482 1436 1530 1487 εί
1560 1434 1706 1505 ἐξείη

175 1535 259 1579 σοι,
285 1516 533 1586 δράσειας
563 1523 663 1588 τὴν
691 1522 979 1592 ταχίστην,
1010 1524 1106 1576 καὶ
1129 1525 1156 1576 ὁ
1183 1524 1398 1593 τρώσας
1421 1526 1582 1588 αὐτὸς
1613 1526 1709 1579 καὶ

172 1611 254 1674 τὴν
297 1608 431 1660 ῑασιν
488 1609 868 1678 ἁρμόττουσαν
918 1615 1241 1682 ὲπαγάγοις.
1297 1616 1457 1687 Ὁρᾷς
1483 1620 1590 1687 γὰρ
1616 1620 1711 1674 καλ⁸

169 1699 252 1766 τὴν
274 1699 373 1751 τῶν
402 1701 707 1772 ἀρχιερέων
738 1705 918 1775 ὁρμὴν
948 1708 1087 1760 κατὰ
1125 1707 1218 1760 σοῦ
1256 1712 1581 1781 κινουμένην
1618 1710 1711 1779 βα-

174 1793 318 1856 ρ;ἰκν,
348 1792 439 1845 καὶ
464 1792 681 1863 μακρὸν
712 1795 803 1848 τὸν
825 1795 966 1867 ὑπὲρ
1015 1797 1115 1867 τῆς
1145 1800 1454 1865 ὑποθέσεως
1483 1802 1711 1870 Θῦρυϐον

1816 705 1945 760 disti
1975 706 2031 759 in
2059 720 2226 775 quam
2256 705 2454 777 dignus
2483 721 2545 762 es
2574 706 2689 776 ipse
2718 708 2813 779 qui
2840 708 3146 780 dejiciaris,
3182 722 3385 765 secun-

1815 797 1945 852 dum
1982 806 2297 853 sanctorum
2324 813 2596 853 canonum
2628 809 2685 855 et
2709 800 2889 871 legum
2939 800 3232 871 prmcepta,
3280 800 3389 855 nisi

1817 904 1980 959 quam
2014 889 2299 944 celerrime
2331 890 2734 947 restitutionem
2762 893 2811 948 ei
2845 892 3148 962 paraveris,
3185 900 3243 946 et
3273 892 3389 962 ipse

1817 981 1912 1048 qui
1947 981 2148 1036 vulnus
2192 981 2439 1037 indixisti
2488 984 2815 1039 medicinam
2845 993 3026 1055 aptam
3055 983 3385 1054 praebueris.

1816 1068 1982 1124 Vides
2011 1070 2160 1125 enim
2216 1072 2593 1142 episcoporum
2640 1073 2695 1127 in
2744 1081 2796 1128 te
2846 1073 3055 1128 moveri
3095 1072 3389 1134 odium,et

1814 1174 2068 1229 magnum
2100 1172 2323 1231 propter
2354 1178 2570 1218 causam
2613 1173 2761 1217 tuam
2799 1164 3094 1218 tumultum
3124 1162 3393 1217 continuo

1814 1251 2044 1305 auribus
2077 1254 2214 1307 meis
2245 1253 2490 1308 advolvi.
2566 1253 2770 1309 Contra
2811 1271 2933 1324 quae
2972 1270 3095 1325 ego,
3131 1264 3191 1307 ut
3231 1253 3386 1307 obte-

1812 1354 2010 1415 gantut'
2039 1352 2096 1399 et
2124 1346 2383 1400 liniantur
2411 1346 2638 1401 crimina
2672 1355 2787 1408 tua.
2816 1347 3103 1401 obvertere
3130 1359 3199 1398 ne
3222 1345 3386 1396 mini-

1813 1448 1963 1488 mum
1991 1432 2213 1502 quidem
2256 1435 2432 1500 valeo,
2462 1436 2537 1490 illi
2589 1450 2721 1491 vero
2768 1451 2879 1490 non
2918 1436 3095 1490 solum
3144 1451 3383 1505 praesens

1811 1522 1943 1579 illud
1971 1526 2347 1587 commissum,
2392 1528 2485 1581 sed
2513 1527 2675 1581 etiam
2711 1526 2814 1580 alia
2863 1528 3033 1580 multa
3079 1525 3298 1580 diversa
3328 1535 3385 1576 et

1811 1616 1993 1684 gravia
2045 1627 2239 1670 contra
2300 1626 2352 1671 te
2402 1618 2458 1671 iu
2505 1627 2760 1687 promptu
2822 1618 3048 1673 habent.
3129 1616 3377 1682 Quorum

1814 1722 1981 1760 unum
2019 1708 2278 1777 quodque
2337 1708 2529 1763 dicunt
2585 1710 2719 1764 satis
2748 1724 2871 1764 esse
2901 1706 2968 1761 ad
3006 1717 3152 1762 tuam
3189 1705 3386 1776 expul-

1814 1797 2046 1852 sionem.
2105 1798 2252 1852 ldem
2283 1800 2521 1854 clamant
2570 1815 2765 1855 omnes
2808 1801 2980 1855 sancti
3025 1813 3267 1854 canones
3314 1812 3386 1852 ne

170 1884 265 1942 ταῖς
291 1884 441 1948 ἐμαῖς
480 1884 752 1955 διηνεκῶς
804 1889 994 1953 ἀκοαῖς
1046 1889 1418 1945 ἑπαντλοῦσαν
1442 1908 1457 1924 ο
1511 1888 1591 1955 οἷς
1623 1894 1710 1946 καί

1821 1887 1932 1942 vim
1960 1904 2113 1944 suam
2142 1892 2419 1946 amittant.
2475 1892 2595 1947 llazc
2626 1907 2756 1962 ergo
2806 1891 2991 1946 omnia
3021 1906 3147 1945 cum
3183 1890 3259 1944 ita
3286 1903 3387 1958 per

174 1969 503 2030 προσαλέσθαι
544 1973 760 2028 δίκαιόν
817 1992 872 2029 τι
922 1978 1061 2047 πρὸς
1117 1978 1550 2047 ἀντιπαράταξιν
1616 1981 1710 2035 καί¹

1817 1978 2014 2032 latitant
2041 1979 2247 2048 ubique
2302 1980 2671 2050 divulgentur,
2701 1988 2755 2035 et
2789 1996 2884 2034 ora
2935 1980 3296 2049 malignorum
3330 1978 3385 2031 in

171 2059 299 2128 λῆξιν
321 2060 424 2115 τῶν
458 2062 542 2115 σοί
573 2062 622 2131 γ’
654 2064 1097 2135 ἐγκεκλημένων.
1147 2068 1297 2139 Ἐχω
1320 2069 1417 2138 μὲν
1444 2071 1553 2123 τῶν
1576 2070 1710 2126 πάν-

1817 2082 1873 2130 te
1908 2076 2178 2147 aperiant,
2205 2091 2312 2131 non
2344 2077 2696 2132 mediocriter
2729 2092 2815 2131 me
2849 2075 3095 2146 allligunt
3121 2083 3176 2129 et
3199 2074 3387 2129 dolore

169 2169 259 2204 των
286 2152 429 2206 οὐδὲν
456 2154 650 2220 αὐτὸς,
680 2156 863 2226 ἔχουσι
887 2157 936 2211 δ’
963 2158 1117 2212 αὐτοὶ⁹
1140 2161 1215 2232 μὴ
1239 2161 1400 2232 μόνον
1426 2165 1489 2216 τδ
1513 2163 1710 2233 παρὸν,

1817 2165 2057 2221 alliciunt
2087 2168 2333 2224 animum
2372 2183 2609 2224 meum.)

168 2247 280 2299 ἀλλὰ
328 2250 416 2301 καὶ
470 2248 630 2303 πόλλ’
675 2252 839 2321 ἕτερα
889 2251 1151 2325 πολυειδῆ
1179 2271 1239 2308 τε
1290 2255 1384 2309 καὶ
1410 2252 1701 2327 ἡλίκα,.ῶν
1737 2259 1970 2314 ἕκαστον
2026 2263 2333 2332 ἀποχρῆναι
2393 2279 2558 2332 φασιν
2587 2264 2666 2325 εἰς
2694 2263 3016 2336 καθαίρεσιν
3039 2262 3157 2333 σὴν,
3180 2259 3385 2329 ὁμοίως

169 2338 581 2410 ὲπιδοοκομένων
631 2342 887 2396 ἀπάντων
968 2345 1067 2414 τῆς
1107 2346 1218 2401 τῶν
1285 2348 1445 2418 ίερῶν
1490 2350 1729 2403 κανόνων
1767 2353 1953 2422 χρείας
1984 2353 2084 2423 τὴν
2115 2353 2264 2421 ὥραν
2287 2371 2301 2385 ·
2332 2353 2476 2424 ἀπερ
2530 2353 2595 2424 δὴ
2622 2356 2716 2408 καὶ
2744 2354 2860 2419 πῶς
2895 2355 2961 2408 ἂν
3019 2353 3231 2420 εἴποιμι
3265 2352 3387 2403 δία·

171 2428 505 2499 θρυλλούμενα
524 2433 782 2503 πανταχῆ
798 2434 892 2489 καὶ
918 2434 1167 2503 γλώττας
1212 2441 1563 2509 χαιρεκάκων
1615 2441 1902 2513 ἀνοίγοντα
1929 2445 2072 2499 κατά
2133 2446 2233 2515 τῆς
2303 2443 2403 2514 σῆς
2447 2445 2715 2515 κεφαλῆς,
2766 2445 2827 2501 οὐ
2863 2442 3076 2517 μικρῶς
3122 2442 3388 2496 ἁποκνάει

174 2526 249 2577 καὶ
274 2527 389 2597 ἀνιᾷ
422 2545 526 2597 μου
556 2530 623 2581 τὸ
655 2530 1007 2600 λογιζόμενον
1037 2534 1139 2602 τῆς
1171 2531 1373 2603 ψυχῆς.
1414 2552 1435 2587 ι

229 2620 294 2674 A'.
319 2620 455 2690 Πρὸς
479 2621 661 2675 ταῦτα
687 2623 717 2675 ὁ
745 2624 1046 2690 Κάλλιστος
1075 2625 1504 2696 διαπορούμενός
1531 2646 1589 2681 τε
1612 2630 1709 2682 καὶ

171 2707 271 2762 λίαν
320 2712 615 2783 ἀχθόμενος
665 2716 758 2769 ἐπὶ
804 2718 1018 2770 πλείοσι
1082 2719 1421 2783 καθ’-αὑτὸν,
1463 2720 1558 2774 κοιλ¹
1593 2723 1709 2774 ὅσοι

173 2802 289 2869 ἀμφ’
322 2805 476 2858 αὐτὸν
513 2807 871 2874 οἰκειότατοι,
922 2808 1276 2863 διεσκέπτετο
1340 2811 1708 2883 νυχθημέροις

172 2892 221 2945 τδ
247 2895 502 2965 ποιητέον,
536 2898 642 2951 καὶ
694 2898 843 2954 δυοῖν
900 2901 1067 2971 μέσος
1124 2901 1372 2971 ἐγίγνετο
1405 2903 1705 2973 λογισμῶν,

174 2985 386 3052 χειμῶνα
405 2990 499 3043 καλ⁵
516 2986 695 3057 ζάλην
714 2993 773 3043 οὗ
804 2991 946 3045 πάνυ
984 2992 1190 3062 μικρὰν
1212 2993 1545 3048 ἀνιστάντων
1566 2997 1710 3049 κατὰ

171 3075 252 3141 τῆς
282 3075 534 3147 σκέψεως.
566 3080 769 3149 Ἔλεγε
795 3080 906 3152 γὰρ
935 3081 1010 3145 ὡς
1031 3083 1126 3135 δύο
1153 3084 1553 3153 μητροπολίτας
1577 3087 1708 3155 μιᾶς

176 3170 527 3236 μητροπόλεως
556 3169 706 3225 εἶναι
763 3176 901 3245 μήτε
951 3178 1064 3238 τοῖς
1102 3174 1214 3229 τῶν
1240 3175 1401 3229 θείων
1448 3177 1708 3247 Πατὲρων
1732 3194 1779 3255 C

175 3259 336 3312 nvos:
360 3263 449 3315 καὶ
466 3263 658 3333 νόμοις
679 3267 1149 3337 συγκεχωρῆσθαι,
1182 3269 1319 3337 μήτε
1339 3270 1406 3337 τῇ
1427 3270 1580 3337 κοινῇ
1598 3267 1708 3321 τῶν

176 3350 356 3405 πολλῶν
388 3354 651 3426 συνηθείᾳ
697 3359 1187 3429 προκατειλῆφθαι,
1220 3358 1335 3410 ἀλλ’
1367 3354 1509 3411 εἶναι
1542 3356 1711 3411 καθά·

174 3440 265 3505 παξ
284 3443 560 3499 ἀλλόκοτόν
600 3463 656 3500 τι
692 3447 884 3517 χρῆμα
914 3450 1008 3501 καλ⁸
1042 3449 1183 3502 πάνυ
1216 3449 1710 3519 τερατωδέστατον,

175 3534 256 3602 τὴν
278 3536 375 3589 τῶν
403 3538 608 3607 πατρίν
639 3539 930 3610 αῐσχωρῶς
986 3539 1389 3610 ἀφαιρούμενον
1432 3539 1709 3610 πρόνοιαν.

177 3626 327 3683 Είοῦν
351 3632 436 3683 τὸν
473 3632 766 3703 ὁμώνυμον
822 3629 1143 3695 καθελόντες
1186 3633 1286 3703 τῆς
1320 3631 1477 3696 ἀξίας
1510 3626 1715 3685 Καλλι-

174 3738 297 3788 οςον,
318 3722 406 3794 τῷ
432 3723 731 3794 Συμεῶνην
755 3722 1237 3794 ἀντεισαγοὶγωμεν
1259 3722 1439 3788 αὖθις,
1460 3724 1712 3793 ἀφίξεται

179 3813 259 3884 τὴν
305 3815 557 3885 ταχίστην
623 3814 906 3868 καταὸοῶν
965 3816 1173 3879 ἐκεῖνος
1214 3816 1312 3869 καὶ
1362 3816 1713 3887 κατατρέχων

178 3909 319 3975 ἡμᾶς,
372 3909 460 3962 καὶ
504 3907 756 3962 ἁπαιτῶν
794 3908 937 3979 ἀπερ
993 3908 1126 3978 ἡμίν
1157 3907 1408 3962 ἐδεδώκει
1437 3902 1587 3976 δῶρα
1615 3909 1714 3978 τῆς

175 4002 528 4072 ἀρχιερατικῆς
572 4001 734 4068 ἀξίας
784 3999 949 4053 ἕνεκα
997 3999 1173 4054 πάντα
1196 4037 1212 4063 ,
1264 3999 1333 4052 δι’
1385 3999 1525 4052 ὅσων
1547 4000 1714 4064 αὐτὸς

178 4092 372 4161 ἐπρίατο
397 4095 495 4164 τὴν
554 4092 913 4162 μητρόπολιν.
960 4094 1027 4146 ’0
1069 4090 1135 4163 δὴ
1162 4092 1373 4145 πολλῶν
1404 4091 1572 4161 ξιφῶν
1600 4093 1715 4165 δρι-

178 4184 408 4253 μυτέραν.
449 4184 587 4253 μετὰ
623 4184 764 4235 πάνυ
804 4183 1022 4251 μακρᾶς
1046 4180 1162 4253 ¹τῆς
1187 4180 1470 4250 αἰσχύνης,
1507 4183 1575 4250 τῇ
1606 4183 1711 4250 ἐμῇ

177 4275 362 4342 κομίζει
388 4277 530 4346 ψυχῇ
552 4276 654 4336 τὴν
687 4273 882 4343 ὀδύνην
907 4290 921 4305 ”
958 4275 1007 4327 οἱ
1037 4272 1147 4343 γὰρ
1178 4273 1273 4325 καὶ
1305 4272 1437 4342 πρὶν
1468 4275 1549 4335 εις
1598 4274 1714 4338 ἐξέ-

174 4386 308 4423 τασιν
339 4371 469 4424 ἱέναι
502 4373 603 4434 τὰς
628 4371 768 4438 ιμάς
799 4367 953 4431 δίκας
988 4367 1084 4420 καὶ
1110 4367 1240 4436 πρὶν
1264 4365 1714 4433 ἁνακαλυφθῆναι

175 4462 232 4514 τὰ
255 4465 637 4535 προτεινόμενα
664 4461 790 4514 καθ’
810 4462 965 4530 ἡμῶν
988 4459 1315 4529 ἐγκλήματα
1341 4456 1554 4525 πικρῶς
1576 4458 1713 4526 ἡμῖν

1886 2627 1972 2682 iV.
2028 2628 2108 2682 Ad
2162 2627 2277 2682 haec
2314 2625 2573 2682 Callistus
2612 2641 2737 2681 cum
2792 2624 2850 2679 in
2909 2624 3124 2679 consilii
3158 2624 3387 2693 penuria

1817 2731 2125 2775 versaretur
2152 2729 2209 2774 et
2239 2720 2597 2774 vehementer
2631 2719 2997 2773 contristatus
3040 2724 3211 2782 esset,
3248 2720 3390 2772 mni-

1816 2820 1928 2866 tum
1962 2811 2056 2866 diu
2085 2818 2364 2879 noctuque
2388 2810 2529 2880 apud
2556 2825 2616 2865 se
2639 2817 2695 2865 et
2721 2824 2845 2864 cum
2872 2807 3129 2863 omnibus
3154 2807 3388 2861 familia-

1814 2903 1970 2958 ribus
2003 2902 2119 2957 suis
2156 2901 2341 2955 animo
2392 2901 2646 2955 volvebat
2674 2900 2803 2970 quid
2849 2900 3056 2954 faceret
3086 2919 3100 2965 ;
3146 2888 3324 2954 donec
3355 2915 3388 2953 e

1814 2990 2028 3046 duobus
2054 2974 2299 3046 consiliis
2327 3005 2448 3060 quae
2478 3005 2585 3045 non
2618 2990 2954 3045 mediocrem
2988 2989 3295 3060 procellam
3333 2998 3389 3043 ct

1815 3090 2197 3151 tempestatem
2238 3081 2292 3135 in
2326 3080 2765 3136 consideratione
2793 3080 2956 3152 536
2985 3096 3173 3136 secum
3214 3081 3387 3135 adda-

1814 3182 2024 3237 xerant,
2054 3187 2223 3226 unum
2263 3170 2458 3225 melius
2508 3171 2681 3224 visum
2730 3179 2831 3224 est.
2868 3170 3173 3240 Respondit
3201 3171 3345 3224 enim
3368 3186 3389 3223 :

1822 3263 1909 3319 «Si
1956 3264 2066 3317 duo
2112 3270 2281 3318 erunt
2329 3277 2438 3316 una
2481 3263 2537 3315 in
2571 3261 2869 3329 metropoli
2902 3262 3288 3330 metropolitm,
3329 3260 3384 3315 id

1813 3368 1993 3423 neque
2013 3361 2328 3407 sanctorum
2354 3352 2573 3406 Patrum
2595 3353 2897 3407 canonibus
2925 3362 2983 3407 et
3016 3353 3228 3422 legibus
3254 3368 3388 3407 con-

1813 3445 1987 3508 venit,
2038 3458 2215 3514 neque
2266 3454 2531 3499 consueto
2579 3459 2733 3499 more
2786 3444 3098 3499 institutum
3133 3455 3254 3507 est.
3287 3443 3386 3498 sed

1814 3538 1980 3591 alieni
2028 3537 2288 3606 quiddam
2330 3537 2495 3592 habet
2538 3546 2594 3592 et
2626 3552 2858 3608 prorsus
2889 3538 3037 3605 miri,
3061 3548 3116 3593 et
3150 3539 3388 3608 turpiter

1813 3630 1996 3685 aufert
2030 3629 2262 3685 Patrum
2314 3631 2675 3685 voluntatem.
2744 3629 2866 3686 Jam
2911 3646 3046 3684 vero
3080 3631 3125 3684 si
3167 3630 3389 3684 nomine

1815 3724 1978 3779 nobis
2027 3734 2320 3793 cognatum
2382 3723 2670 3780 Callistum
2722 3724 3101 3794 expulerimus
3156 3739 3388 3779 munere

1813 3831 1934 3878 suo,
1961 3824 2016 3871 et
2046 3815 2371 3887 Symeonem
2404 3829 2598 3871 rursus
2619 3815 3045 3881 restituerimus,
3076 3815 3260 3870 statim
3293 3814 3388 3869 ille

1814 3923 1940 3961 cum
1966 3907 2210 3963 clamore
2238 3907 2306 3961 ad
2338 3922 2440 3963 nos
2472 3906 2794 3976 properabit
2824 3921 3036 3976 nosque
3066 3905 3288 3961 vexabit
3332 3918 3395 3963 et.

1819 4008 2074 4070 reposcet
2107 4000 2250 4054 dona
2281 4014 2401 4068 quae
2431 4000 2591 4053 nobis
2621 3998 2774 4052 dedit
2805 4012 2906 4067 pro
2933 3997 3228 4067 episcopali
3260 4012 3384 4050 mu—

1815 4105 1950 4144 nere
1999 4098 2200 4145 cuncta
2250 4088 2454 4158 quibus
2503 4088 2850 4157 metmpolim
2896 4087 3205 4142 sibi‘emit.
3269 4087 3393 4141 lloe

1816 4193 1999 4235 autem
2027 4180 2277 4234 dolorem
2308 4179 2496 4235 multis
2520 4178 2717 4248 gladiis
2744 4179 3017 4234 acriorem
3047 4195 3155 4233 una
3190 4194 3397 4249 magna

1816 4287 1939 4327 cum
1971 4269 2193 4325 infamia
2215 4270 2351 4327 mihi
2384 4270 2620 4340 parabit.
2651 4269 2785 4324 Nam
2811 4269 3056 4340 episcopi
3079 4271 3172 4339 qui
3205 4272 3384 4341 prius-

1815 4378 1978 4432 quam
2009 4362 2078 4417 ad
2105 4361 2471 4417 examinanda
2501 4362 2736 4418 crimina
2770 4371 2902 4418 eant
2924 4373 2981 4417 et
3018 4370 3270 4433 relegant
3296 4377 3387 4426 ea,

1817 4455 2085 4511 acerrime
2136 4455 2192 4510 in
2217 4470 2304 4509 me
2345 4453 2607 4509 dentibus
2654 4454 2939 4521 trendunt,
2988 4455 3155 4509 etiam
3203 4454 3393 4524 plures

176 4528 431 4621 ὲμδάλλειν
456 4528 661 4609 adamat
691 4553 816 4615 τοὺς
834 4528 1062 4613 νόδόντας
1106 4528 1455 4613 ἀπειλοῦντες
1484 4548 1709 4603 ὲπίσκω

1828 4560 1998 4599 novas
2028 4544 2273 4600 maculas
2316 4544 2452 4600 mihi
2500 4544 2745 4615 obiicere
2774 4555 2993 4612 curant,
3043 4545 3386 4614 impietatem

178 4666 270 4713 ποι,
293 4651 377 4704 καὶ
402 4654 449 4703 οἱ
480 4647 700 4718 μείζους
723 4646 830 4698 τῶν
853 4643 1289 4714 προτεινομένων
1318 4643 1399 4695 ἔτι
1436 4641 1713 4711 μελετῶν-

177 4755 251 4800 τες
282 4740 547 4811 ἐπιφέρειν
604 4735 891 4805 λοιδορίας.
947 4730 1204 4785 ἀσέϐειαν
1251 4733 1349 4800 οὐχ
1375 4729 1555 4799 ἁπλῆν
1588 4744 1710 4782 τινα

1819 4638 2085 4692 nimirum
2134 4652 2246 4692 non
2300 4638 2551 4706 exiguam
2587 4646 2643 4691 et
2673 4652 2863 4701 unam,
2908 4636 3003 4692 sed
3053 4649 3301 4705 magnam
3332 4643 3392 4693 et

1819 4726 2350 4797 pravam,quomodo
2383 4735 2608 4795 parcent
2642 4727 2861 4798 linguae,
2893 4727 2939 4785 si
2968 4729 3023 4785 in
3052 4729 3228 4783 lucem
3264 4743 3393 4797 pro-

1817 4818 2160 4886 dibuntzqua:
2188 4833 2334 4872 nunc
2354 4832 2546 4871 revera
2571 4817 2795 4887 quidem
2822 4818 2878 4873 in
2906 4833 3129 4873 rumore
3158 4819 3406 4883 luerent,

1817 4911 1913 4966 sed
1968 4910 2209 4965 nubibus
2264 4909 2447 4965 adhuc
2494 4918 2550 4965 et
2606 4909 3047 4966 dubitationibus
3115 4911 3403 4967 occultata

1818 5000 1985 5056 sunt?
2043 4999 2311 5070 Equidem
2357 5002 2463 5056 hoc
2509 4999 2564 5054 in
2598 4999 2707 5054 illis
2739 5000 2986 5054 molestis
3019 5008 3075 5055 et
3103 4999 3405 5057 malevolis

1817 5091 2131 5148 hominibus
2154 5091 2457 5147 admiratus
2490 5106 2637 5156 sum,
2672 5089 2840 5161 quod,
2866 5091 3112 5159 ipsorum
3148 5091 3403 5159 turpilu-.

1817 5184 1966 5238 diuis
2028 5183 2401 5248 immemores,
2442 5197 2579 5237 mea:
2645 5181 2909 5237 continuo
2962 5181 3283 5245 inhaereant,
3334 5191 3403 5239 et.

1818 5277 1956 5332 meis
1984 5276 2212 5331 maculis
2244 5275 2540 5347 gaudeant,
2583 5282 2641 5328 et
2693 5288 2805 5342 prae
2853 5273 2980 5328 aliis
3033 5271 3292 5327 onmibus
3318 5272 3401 5326 de

1816 5370 2235 5425 Masalianorum
2304 5366 2498 5422 haeresi
2548 5380 2635 5420 me
2692 5364 3006 5434 objurgent.
3093 5364 3403 5421 Enimvero

186 5466 321 5534 ἐμαῖς
343 5470 718 5536 ὲπιγάννυνται
738 5465 1048 5535 λοιδορίαις,
1094 5462 1188 5514 καὶ
1218 5460 1454 5530 μάλιστα
1490 5462 1710 5512 πάντων

1818 5460 2012 5514 crebro
2034 5467 2090 5514 et
2108 5456 2372 5513 continuo
2395 5455 2802 5509 calumniantur
2828 5470 2914 5510 me
2944 5468 3122 5524 neque
3145 5466 3399 5522 unquam.

184 5555 272 5622 τὴν
316 5556 419 5609 τῶν
444 5556 799 5610 Μασαλιανῶν
833 5571 922 5625 μοι
953 5548 1441 5622 προσονειδίζοντες
1473 5547 1709 5616 αἰρεσιν,

1818 5551 2096 5612 desinunt,
2129 5549 2286 5619 537
2312 5548 2601 5617 semperin
2632 5547 2826 5602 eodem
2864 5547 3096 5603 crimine
3124 5546 3403 5601 sistentes.

186 5646 333 5713 συχνὰ
362 5647 451 5700 καὶ
484 5646 740 5709 πολλάκις
798 5641 1233 5703 ὲνδιώάλλοντές
1288 5656 1348 5692 τε
1379 5639 1438 5691 οὐ
1504 5637 1708 5691 διαλεί-

1817 5649 1872 5713 (ει
1899 5649 2200 5694 versantes.
2266 5637 2400 5691 Nam
2457 5636 2512 5691 in
2566 5635 2800 5707 pristino
2835 5650 2957 5691 meo
3007 5633 3389 5704 patriarchatu

187 5656 333 5713 συχνὰ
362 5656 451 5700 καὶ
484 5656 740 5709 πολλάκις
798 5656 1233 5703 ενὸιαῡαλλοντες
1288 5656 1348 5692 τε
1379 5657 1438 5691 ου
1504 5656 1708 5691 omasi-

187 5748 330 5788 πονοι
351 5736 440 5789 καὶ
473 5739 597 5806 περὶ
623 5736 718 5809 τὴν
743 5734 912 5806 αὐτὴν
956 5732 1043 5789 ἀεὶ
1080 5732 1442 5804 στρεφόμενοι
1493 5730 1590 5783 καὶ
1615 5746 1710 5781 πε-

1853 5656 2200 5694 tvcrsantes.
2266 5656 2400 5691 nam
2457 5656 2512 5691 ω
2566 5656 2800 5707 ριίειηὶο
2835 5656 2957 5691 meo
3007 5656 3389 5704 patriarcnatu

1817 5656 1922 5784 iub
1981 5744 2105 5797 rege
2154 5726 2533 5783 Cantacuzeno
2557 5768 2574 5794 ,
2606 5736 2900 5798 antequam
2937 5742 3114 5781 annus
3146 5725 3395 5791 ﬁnierat,

186 5826 512 5896 ριειλοὺμενοι
540 5830 829 5901 λοιδορίαν.
863 5828 950 5882 Ἐν
981 5826 1088 5898 γὰρ
1136 5828 1257 5889 ταῖς
1288 5828 1386 5895 τῆς
1421 5824 1557 5893 ἐμῆς
1603 5839 1706 5875 τεα-

1820 5820 2112 5892 supcrbam
2184 5820 2424 5893 linguam
2490 5830 2751 5879 acuentes
2800 5831 2857 5878 ct
2906 5821 3064 5881 valde
3127 5820 3393 5881 acerbam

180 4832 256 4881 καί
281 4832 536 4899 μονοειδῆ,
568 4828 702 4882 ἀλλά
733 4826 986 4894 ποικίλην
1013 4841 1072 4876 τε
1111 4825 1203 4876 καὶ
1236 4822 1371 4876 πολὺ
1398 4820 1705 4890 προϐαλλοο

185 4919 331 4988 μένην
360 4920 547 4992 [12265
577 4917 633 4989 α]
672 4918 732 4971 τὸ
791 4918 1081 4986 ἀφόρητον,
1124 4915 1268 4975 τίνος
1309 4912 1374 4965 ἂν
1428 4911 1711 4979 φείσαιντο

179 5010 396 5081 γλώττης
437 5012 516 5075 εἰς
563 5011 681 5081 φῶς
733 5005 1095 5080 προηγμένων
1151 5003 1261 5057 τῶν
1293 5002 1710 5073 θρυλλουμένων

184 5101 265 5167 μὲν
289 5103 461 5169 ἀξίως,
490 5105 546 5156 ὲν
573 5104 762 5172 νέφεσι
817 5100 863 5153 δ’
910 5099 1040 5160 ῐσως
1096 5096 1192 5150 καὶ
1229 5095 1548 5163 δισταγμοῖς
1599 5109 1710 5145 τισι

184 5193 546 5261 κρυπτομένων
579 5192 699 5257 in;
763 5189 903 5257 Ἐγὼ
960 5189 1004 5241 δ’
1036 5189 1214 5240 ἐκεῖνο
1247 5183 1569 5254 τεθαύμακα
1599 5182 1708 5234 τῶν

184 5284 364 5338 σκαιῶν
386 5301 443 5337 τε
473 5286 565 5337 καὶ
601 5281 968 5355 χαιρεκάκων,
1010 5277 1127 5342 πῶς
1156 5277 1225 5331 τὰ
1271 5275 1477 5330 ἑαυτῶν
1508 5275 1710 5345 αἰσχρὰ

184 5377 590 5446 παρατρέχοντες
609 5377 722 5439 τοῖς
753 5375 904 5444 ἐμοῖς
953 5370 1140 5431 ἀτενὲς
1190 5367 1420 5438 ἐνορῶσι
1472 5366 1568 5419 καὶ
1591 5369 1710 5430 ταῖς
