3780 6546
385 385 490 448 470

1594 386 2003 448 NlCEPllORl
2045 386 2425 446 GliEGORrE

3505 389 3592 455 480

381 496 827 564 posuerant,h:ee
852 499 1048 554 melius
1065 509 1146 554 est
1173 496 1395 555 silentio
1423 500 1727 568 praeterire.
1755 500 1948 555 Sciunt

2081 495 2280 549 ώνισαν
2303 537 2316 559 ,
2355 497 2508 550 ταῦτ’
2536 499 2752 569 apsqu
2791 497 2890 567 μὲν
2928 497 3148 565 ἄμεινον
3181 497 3394 550 κεῖσθαι
3416 515 3430 529 ·
3462 501 3587 556 ἴσασι

378 590 529 641 eidm
567 593 658 658 qui
695 593 895 661 scripta
921 591 1010 646 illa
1037 591 1292 662 legerunt
1338 604 1394 648 et
1445 595 1756 650 docuerunt
1807 596 1950 652 [teda

383 698 446 733 ea
481 697 601 736 esse
634 682 1058 739 Masalianorum
1092 686 1363 744 instituta.

459 861 571 915 VII.
623 860 738 914 Jaio
780 865 1130 918 meminimus
1178 867 1442 935 seriptum
1485 866 1586 921 sub
1640 869 1952 936 patriarcha

389 952 598 1005 Joaanc
630 954 943 1019 quindecim
981 957 1091 1009 fere
1115 957 1313 1011 abhinc.
1344 959 1682 1013 annisnobis
1718 975 1783 1013 ex
1815 960 1955 1012 Atho

387 1052 573 1095 nionte
599 1057 718 1096 esse
751 1044 980 1106 editum,
1005 1045 1090 1099 cui
1118 1046 1230 1099 fere.
1261 1047 1506 1099 omnium
1537 1048 1608 1102 ibi
1640 1048 1954 1117 degentium

393 1134 784 1186 monachorum
841 1137 1059 1190 nmnina
1104 1137 1412 1208 subscripta
1471 1151 1619 1206 sunt,
1693 1152 1746 1196 et
1814 1144 1956 1196 inter

389 1223 496 1277 alia
531 1225 581 1276 in
611 1226 798 1294 primis
827 1226 994 1280 isnaei
1029 1244 1224 1282 nomen
1290 1232 1383 1299 qui
1446 1248 1512 1285 eo
1542 1233 1658 1302 ipso
1711 1243 1957 1304 tempore

393 1314 678 1380 plurimam
715 1315 785 1368 ibi
817 1321 1196 1373 auctoritatem
1222 1322 1529 1387 obtinebat,
1552 1335 1608 1378 et
1632 1327 1959 1393 patriarcha:

393 1406 512 1471 ejus
559 1406 662 1459 loci
706 1418 759 1459 ct
791 1407 1032 1478 episcopi
1091 1412 1184 1480 qui
1229 1413 1313 1465 \‘ir
1365 1427 1482 1470 erat
1517 1416 1711 1484 plenus
1753 1420 1959 1485 Spiritu

393 1496 602 1548 divino.
630 1497 783 1562 Quod
820 1499 980 1569 542
1011 1503 1276 1570 scriptum
1300 1515 1500 1559 sancta.-
1529 1518 1728 1563 nostrae
1752 1513 1962 1581 synodo

393 1583 657 1640 indicavit
683 1589 1002 1642 nominatim
1039 1607 1230 1646 onmes
1284 1604 1338 1646 et
1383 1596 1628 1666 singulos
1692 1616 1959 1670 quosque,

391 1674 490 1741 qui
523 1675 667 1728 vultu
703 1677 922 1744 pietatis
970 1679 1145 1735 induti
1181 1684 1411 1737 multum
1466 1702 1562 1755 per
1598 1699 1810 1759 tempus
1841 1694 1964 1761 qui-

396 1766 522 1818 dem
548 1769 810 1838 incogniti
850 1780 1015 1824 sacra'
1049 1777 1250 1830 montis
1297 1777 1440 1831 illius
1480 1779 1597 1833 loca
1653 1779 1966 1852 frequenta-

2055 593 2162 660 γὰρ
2208 594 2253 642 oi
2298 590 2396 654 τὰς
2437 590 2813 661 τομογραφίας
2861 593 3076 652 ἐκείνας
3119 590 3477 658 ἀνεγνωκότες
3515 595 3592 645 καὶ

2053 681 2469 748 ἀποσηνάμενοι
2502 680 2868 735 Μασαλιανῶν
2899 675 3041 737 εἶναι
3070 679 3141 735 τὰ
3169 679 3344 733 τοιάδε
3379 680 3483 734 τῶν
3511 700 3596 751 μυ-

2055 774 2237 840 σαρῶν
2267 774 2524 844 ἐπιτηδευ
2535 777 2739 855 μάτων.

2125 865 2198 918 Z'.
2244 867 2592 935 Μεμνήμεθα
2632 867 2738 934 γὰρ
2763 867 2837 928 ὡς
2863 865 2959 918 καὶ
2984 866 3075 917 ἐπὶ
3128 864 3378 918 Ἰωάννου
3400 862 3485 916 τοῦ
3511 883 3597 918 7:1-

2053 959 2313 1027 τρῖὰρχου
2351 960 2454 1027 πρδ)
2476 960 2614 1012 ἐτῶν
2645 959 2808 1025 ἐγγὺς
2841 956 2904 1029 [1³.
2923 958 3028 1012 9.67
3047 955 3103 1028 α]
3127 957 3507 1010 πεντεκαίδεκα
3531 960 3604 1008 τέ-

2058 1065 2156 1118 μος
2190 1051 2321 1119 ἡμῖν
2349 1050 2404 1116 ἐξ
2429 1050 2590 1121 ὅρους
2611 1049 2704 1102 τοῦ
2735 1051 2882 1102 Ἀθω
2905 1050 3248 1117 κεκόμισται,
3271 1049 3390 1108 ταῖς
3415 1046 3604 1100 πάντων

2059 1141 2244 1209 σχεδὸν
2269 1141 2376 1194 τῶν
2403 1141 2518 1194 ἐκεῖ
2547 1141 2788 1208 λογάδων
2816 1143 3228 1212 σεσημασμένος
3262 1141 3602 1207 ὑπογραφιίς,

2058 1231 2154 1282 καὶ
2185 1231 2290 1299 πρό
2319 1248 2381 1298 γε
2413 1233 2631 1286 πάντων
2661 1234 2754 1284 καὶ
2787 1233 2925 1301 μετά
2959 1233 3176 1286 πάντων
3206 1232 3300 1284 τοῦ
3332 1231 3605 1299 τηνικαῦτα

2057 1321 2115 1371 τδ
2151 1324 2420 1390 πρωτεῖον
2454 1324 2670 1390 ἔχοντος
2706 1325 2891 1380 Ἰσαὰκ
2914 1363 2929 1384 ,
2965 1327 3060 1383 καὶ
3092 1323 3206 1391 ἅμα
3236 1322 3331 1374 τοῦ
3369 1323 3604 1390 ἀρχιερα-

2059 1413 2312 1475 τεύοντος
2338 1415 2430 1466 καὶ
2456 1415 2881 1477 ὲπισκοποῦντος
2909 1417 3024 1468 ἐκεῖ
3055 1415 3194 1484 μετά
3220 1417 3317 1484 τῆς
3345 1413 3437 1466 τοῦ
3467 1415 3607 1466 Πνεύο

2063 1522 2227 1572 ματος
2276 1507 2500 1574 χάριτος
2550 1505 2698 1560 θείου
2746 1506 2960 1576 ἀνδρός,
3008 1506 3185 1576 δηλῶν
3229 1508 3295 1576 τῇ
3346 1507 3462 1558 καθ’
3485 1509 3608 1575 ἡμᾶς

2059 1593 2182 1663 {api
2212 1593 2414 1663 συνόδῳ
2447 1593 2651 1655 πάντας
2682 1581 2924 1656 ἐκείνους
2953 1593 3213 1663 ὀνομαστὶ
3242 1594 3338 1646 καὶ
3369 1593 3485 1646 καθ’
3505 1595 3610 1647 ἐκα-

2064 1701 2215 1747 στον,
2245 1684 2362 1736 ὅσοι
2393 1686 2732 1752 προσωπεῖον
2761 1685 3052 1748 εὐλαϐείας
3083 1686 3444 1756 ὑποδυόμενοι
3474 1686 3609 1756 λεὶήο

2064 1774 2187 1826 θασι
2221 1774 2321 1844 μὲν
2347 1775 2411 1828 ἐκ
2439 1774 2633 1827 πολλοῦ
2663 1776 3103 1845 παραδύντες-είς
3131 1775 3255 1836 τοὺς
3285 1777 3466 1845 ἱεροὺς
3492 1778 3609 1829 Exst-

401 1865 594 1908 \'erant
620 1867 675 1910 et
705 1861 1051 1916 indoctorum
1085 1867 1284 1922 multos
1309 1870 1374 1923 ad
1402 1872 1642 1940 ipsorum
1677 1877 1962 1932 scelestam

2079 1882 2188 1927 mu;
2224 1864 2318 1917 τοῦ
2355 1865 2514 1934 ὅρους
2551 1866 2744 1930 τόπους
2767 1908 2782 1932 ,
2822 1868 2915 1919 καὶ
2952 1869 3066 1919 ὅσοι
3105 1867 3214 1919 τῶν
3248 1868 3611 1936 ἁπλουστέρων

399 1943 648 1999 haeresim
685 1951 1163 2017 seduxerant,sed
1221 1974 1344 2011 cum
1403 1961 1734 2031 deprehensi
1784 1978 1970 2023 essent

395 2051 591 2090 (mmes
627 2055 791 2093 unum
819 2042 870 2095 in
904 2043 1085 2099 locum
1145 2049 1404 2106 conducti
1435 2064 1586 2118 sunt,
1629 2067 1685 2110 et
1747 2059 1841 2128 qui
1903 2076 1970 2115 ex

403 2125 489 2179 his
530 2130 746 2194 publice
783 2132 1026 2202 ipsorum
1062 2141 1370 2197 sceleribus
1439 2146 1733 2202 declaratis
1769 2165 1829 2203 ea
1871 2152 1969 2203 ab-

392 2217 674 2286 jurarent,
743 2222 826 2277 his
884 2242 1105 2283 manere
1156 2231 1322 2286 etiam
1374 2244 1484 2289 tum
1523 2239 1574 2290 in
1635 2251 1820 2294 monte
1879 2241 1971 2297 illo

402 2309 845 2378 concedebatur;
878 2316 968 2384 qui
1003 2333 1130 2373 vero
1162 2337 1266 2374 non
1300 2325 1638 2394 abjurareut,
1696 2329 1748 2383 hi
1777 2346 1972 2386 omnes

393 2398 611 2467 expulsi
643 2413 773 2456 sunt
803 2406 958 2460 inviti
994 2416 1050 2462 et
1096 2427 1223 2466 cum
1253 2416 1404 2470 omni
1463 2417 1783 2486 ignominia,
1811 2436 1972 2477 exce-

406 2489 513 2557 ptis
550 2491 636 2556 iis,
669 2496 762 2563 qui
818 2509 1046 2567 propter
1111 2507 1457 2559 consciorum
1513 2509 1800 2565 silentium
1860 2529 1970 2568 non

403 2586 606 2653 cogniti
633 2600 813 2664 erant.
842 2591 1128 2665 Simulque
1163 2609 1350 2666 postea
1381 2617 1410 2654 e
1440 2617 1598 2656 sacro
1636 2615 1822 2660 monte
1857 2623 1973 2662 mo-

409 2675 710 2730 nachorum
736 2695 1016 2747 prmconcs
1047 2693 1154 2740 tota
1193 2690 1332 2744 urbe
1371 2700 1427 2744 et
1468 2692 1644 2748 insula
1687 2695 1973 2754 discurre-

410 2772 558 2828 runt,
587 2767 790 2835 scripta
852 2771 1200 2843 divulgantes
1260 2793 1382 2847 quae
1421 2783 1708 2838 scelestam
1753 2787 1972 2842 illorum

405 2853 660 2910 lliBl‘CSim
698 2862 1016 2918 revelabant
1059 2875 1116 2921 et
1162 2884 1322 2922 nsum
1365 2881 1421 2925 et
1469 2875 1791 2930 societatem
1850 2880 1975 2933 illo-

407 2959 528 2998 rum
578 2959 634 3002 et
686 2965 809 3018 quae
841 2965 1065 3023 agerent
1113 2961 1457 3030 mysteriosa,
1493 2980 1618 3019 cum
1672 2971 1877 3026 nefaria
1919 2983 1976 3028 et

411 3037 637 3092 barbara
653 3050 709 3096 et
739 3043 898 3112 plena
924 3047 1220 3117 impietatis
1249 3063 1459 3120 essent,
1491 3057 1658 3112 titare
1682 3061 1970 3128 jubebant.

409 3125 536 3183 llaec
560 3129 723 3198 igitur
755 3139 937 3191 omnia
967 3139 1346 3200 demonstrant
1385 3147 1667 3204 Callistum
1702 3154 1814 3219 jam
1846 3166 1973 3211 ante

411 3219 600 3286 plures
636 3237 811 3281 annos
868 3229 924 3282 in
984 3231 1402 3293 Masalianorum
1457 3239 1652 3297 hzercsi
1702 3256 1974 3300 versatum

407 3323 569 3376 esse;
621 3315 794 3370 multo
846 3320 1017 3376 satius
1074 3334 1256 3380 autem
1314 3329 1367 3383 id
1421 3331 1798 3390 demonstrant
1858 3354 1978 3404 qua:

413 3403 528 3470 ipse
557 3405 674 3460 suis
702 3408 874 3464 labris
897 3412 964 3467 de
997 3429 1054 3468 se
1089 3418 1334 3486 proferre
1382 3423 1678 3490 perductus
1723 3403 1978 3492 erat,7ita

415 3501 473 3544 ut
501 3498 802 3552 secundum
830 3504 1182 3570 proverbium
1219 3509 1559 3568 inevitabilis
1590 3515 1745 3584 plaga
1777 3525 1832 3570 et
1879 3517 1978 3573 de-

412 3585 595 3650 cipula
625 3587 780 3643 Iirma
811 3592 954 3646 facta
987 3596 1097 3650 sint
1139 3598 1286 3653 illius
1340 3602 1514 3658 labra.
1565 3603 1806 3674 Apparet
1835 3610 1980 3663 enim

417 3673 576 3729 dolos
597 3692 721 3733 esse
751 3684 934 3736 omnia
989 3701 1111 3753 qua:
1151 3688 1388 3745 diversis
1442 3697 1785 3764 temporibus
1814 3700 1882 3754 ab
1915 3715 1982 3757 eo

415 3766 539 3821 aliis
570 3767 692 3823 data
722 3785 851 3829 sunt
881 3776 1130 3842 crimina,
1159 3779 1316 3852 543
1342 3793 1395 3838 et
1421 3797 1647 3855 apparet
1699 3805 1824 3844 eum
1857 3771 1981 3848 cum

417 3873 747 3916 convocaret
774 3873 828 3918 et
858 3865 1176 3925 institueret
1212 3874 1486 3930 theatrum
1525 3879 1579 3932 in
1619 3879 1766 3936 Atho
1796 3896 1985 3941 monte

417 3967 482 4002 rx
510 3954 850 4020 oppositione
879 3961 1316 4034 potissimumlin
1374 3969 1700 4028 Masalianos
1753 3977 1847 4046 qui
1869 3976 1984 4047 jam

418 4057 484 4093 ex
513 4044 684 4098 multo
708 4055 952 4118 tempore
986 4067 1044 4107 se
1094 4054 1525 4128 iusinuaverant,
1581 4044 1822 4135 dixisse;
1858 4084 1984 4126 cum

418 4137 795 4195 accusationes
881 4159 980 4212 per
1036 4149 1272 4216 speciem
1347 4153 1650 4213 instrueret
1719 4159 1787 4215 iis
1863 4164 1985 4232 qui-

414 4231 650 4286 buscum
690 4232 807 4302 ipse
828 4236 1020 4292 illicita
1052 4240 1101 4294 in
1132 4245 1348 4299 occulto
1379 4261 1619 4304 exercet.
1679 4231 1987 4310 Nonnullos

410 4320 564 4372 enim
596 4321 732 4376 dixit
754 4340 814 4380 se
850 4327 968 4396 ipso
992 4329 1047 4384 in
1075 4331 1321 4389 facinore
1354 4337 1808 4406 deprehendisse,
1862 4359 1985 4401 cum

417 4412 678 4467 manibus
699 4419 815 4470 suis
857 4419 913 4472 in
948 4429 1162 4477 stercus
1191 4423 1521 4495 dejeeiSs-ent
1577 4445 1735 4487 sacra
1764 4434 1988 4491 simula-

2069 1958 2185 2008 ἐκεῖ
2219 1958 2446 2021 πολλοὺς
2481 1959 2562 2020 είς
2596 1959 2694 2030 τὴν
2729 1959 2936 2012 οἰκείαν
2973 1960 3178 2022 ταύτην
3217 1961 3612 2028 παρασύραντες

2071 2049 2323 2119 μυσαράν
2377 2051 2627 2119 αἵρεσιν,
2687 2052 2948 2120 ἐμφανεῖς
2999 2051 3045 2104 δ’
3081 2051 3432 2118 ἐγεγόνεισαν
3486 2069 3611 2120 τηνι-

2069 2140 2282 2194 καῦτα·
2328 2145 2420 2195 καὶ
2473 2144 2690 2196 πάντων
2737 2145 2816 2206 είς
2863 2144 2958 2195 ἕνα
3006 2161 3105 2196 που
3148 2143 3312 2194 τόπον
3358 2146 3471 2196 ἐκεί
3513 2161 3613 2194 ow-

2067 2231 2380 2299 αχθέντων,
2427 2234 2524 2288 καὶ
2565 2234 2800 2304 δημοσίᾳ⁵
2842 2235 2940 2302 τῆς
2984 2234 3179 2297 κακίας
3223 2233 3610 2302 ἐληλεγμένης,

2069 2323 2182 2375 ὅσοι
2218 2324 2316 2392 μὲν
2347 2324 2765 2393 ὡμολογηκότες
2794 2324 2891 2391 τὴν
2924 2325 3135 2378 ἑαυτῶν
3167 2325 3512 2393 ἐξωμόσαντο
3539 2344 3617 2376 x1-

2071 2416 2231 2481 κίαν,
2289 2419 2631 2486 παρέμειναν
2681 2417 2760 2470 ἐτι
2819 2417 3267 2485 συγχωρηθέντες
3321 2417 3467 2477 ὅπως
3516 2420 3616 2467 παῖ’

2059 2513 2265 2582 ἐκείνῳ
2293 2511 2371 2582 τῷ
2402 2512 2540 2585 ὄρει.
2573 2515 2687 2566 ὅσοι
2719 2511 2765 2566 δ’
2787 2511 2872 2575 οὒ,
2905 2511 3105 2573 πάντες
3137 2510 3460 2578 ἐξώσθησαν
3487 2512 3617 2563 ἀκον-

2069 2600 2160 2660 τές
2187 2616 2243 2651 τε
2277 2602 2370 2653 καὶ
2401 2602 2498 2653 σὺν
2528 2601 2773 2670 ἀκοσμίᾳ
2805 2601 2983 2669 πάσῃ,
3019 2598 3157 2669 πλὴν
3187 2601 3218 2670 ἦ
3250 2599 3368 2650 ὅσοι
3403 2597 3619 2666 ἐλελήθει

2075 2707 2172 2744 σαν
2214 2696 2393 2762 σιωπῇ
2441 2693 2809 2761 καλυφθέντες
2854 2693 2960 2744 ὑπὸ
2999 2692 3108 2744 τῶν
3153 2692 3491 2744 συνειδότων.
3532 2693 3618 2744 Καὶ

2075 2785 2192 2852 ἅμα
2231 2787 2460 2838 κατόπιν
2495 2788 2560 2838 ἐκ
2596 2786 2704 2840 τῶν
2738 2784 2845 2838 τοῦν
2874 2786 3030 2852 ἁγίου
3068 2785 3228 2853 ὄρους
3265 2785 3476 2854 ἀνδρῶν
3511 2786 3619 2836 ἐκεῖ.

2073 2889 2179 2924 νων
2214 2872 2316 2925 ἀνὰ
2351 2874 2534 2926 πᾶσαν
2565 2873 2720 2926 πόλιν
2751 2877 2843 2926 καὶ
2879 2874 3042 2941 νῆσον
3075 2872 3380 2943 περιῄεσαν
3411 2874 3620 2942 κήρυκες

2075 2963 2379 3033 γράμματα
2405 2964 2735 3033 ἐπαγόμενοι
2756 2965 2856 3032 τήν
2882 2980 2938 3014 τε
2971 2964 3219 3031 μυσαράν
3243 2962 3427 3014 αὐτῶν
3447 2963 3619 3014 ἀνακι-

2075 3055 2346 3109 λύπτοντα
2398 3057 2607 3126 αἵρεσιν
2653 3055 2747 3110 καὶ
2793 3055 2895 3124 τῆς
2942 3054 3122 3108 αὐτῶν
3170 3055 3507 3122 ἀφίστασθαι
3552 3071 3622 3106 κε-

2075 3145 2302 3200 λεύοντα
2352 3147 2572 3217 ὁμιλίας
2619 3147 2715 3200 καὶ
2781 3147 3088 3208 κοινωνίας,
3141 3144 3210 3199 δι’
3258 3147 3362 3198 ὅσα
3410 3143 3623 3196 τελοῦσιν
3689 3177 3700 3195 .

2081 3239 2296 3310 ἀθεσμά
2318 3257 2376 3292 τε
2405 3241 2500 3293 καὶ
2528 3239 2740 3307 ἔκφυλα
2769 3239 2864 3292 καὶ
2891 3238 3072 3307 πάσης
3096 3239 3449 3306 ἀνοσιότητος
3473 3237 3623 3304 πλήρη

2079 3329 2596 3398 τερατουργὴματα.
2628 3326 2952 3380 Πιστοῦνται
2987 3325 3086 3396 μὲν
3105 3325 3197 3379 οὖν
3223 3325 3380 3394 αὑτῷ
3408 3325 3471 3377 τὰ
3498 3327 3624 3394 εἰρη-

2084 3420 2219 3488 μένα
2248 3422 2314 3490 τῇ
2377 3419 2486 3471 τῶν
2535 3417 2910 3472 Μασαλιανῶν
2968 3417 3179 3487 αἱρέσει
3241 3418 3626 3486 συνειλημμένῳ

2084 3511 2192 3580 πρὸ
2222 3511 2492 3563 πλείστων
2537 3510 2676 3562 ἐτῶν
2700 3525 2716 3542 ο
2766 3507 3086 3562 πιστοῦνται
3134 3508 3180 3560 δ’
3209 3507 3292 3560 ἔτι
3334 3508 3528 3576 μᾶλλον
3553 3509 3627 3559 καὶ

2083 3602 2228 3671 ἆπερ
2258 3601 2399 3671 ὑπὲρ
2440 3599 2640 3652 ἑαυτοῦ
2696 3601 2808 3662 τοῖς
2860 3599 3014 3662 ίδίοις
3055 3597 3358 3668 προφέρειν
3406 3598 3625 3664 ἐξάγεται

2083 3693 2319 3761 χείλεσιν
2375 3686 2551 3755 οὗτος,
2604 3691 2678 3754 ὡς
2717 3686 2862 3745 εῖναι
2897 3691 3082 3743 λοιπὸν
3121 3690 3529 3758 ἀναπόδραστον
3562 3688 3628 3740 δί-

2084 3799 2250 3834 κτυον
2290 3783 2384 3836 καὶ
2418 3782 2622 3850 παγίδα
2666 3781 2901 3853 στερῤἀν
2931 3781 3076 3834 κατά
3123 3781 3222 3851 τὴν
3253 3781 3628 3850 παροιμίανςτὰ

2089 3869 2194 3923 ἴδια
2231 3871 2406 3941 χείλη.
2459 3869 2819 3940 Ἰσχυρίζεται
2855 3871 2962 3938 γάρ
3017 3865 3160 3923 εἶναι
3212 3869 3393 3938 πάντη
3428 3869 3628 3937 ψευδῆᾶ

2086 3961 2228 4015 κατὰ
2251 3961 2544 4031 διαφόρους
2568 3962 2818 4030 φαίνεται
2841 3960 2905 4032 [1³.
2933 3961 3038 4015 267
3072 3958 3151 4032 ὁ,]
3184 3962 3628 4030 κατηγορούμενος

2086 4054 2212 4116 τοὺς
2242 4056 2469 4125 καιροὺς
2519 4057 2589 4108 τὰ
2644 4053 2805 4116 αὐτὰ,
2861 4055 2957 4105 καὶ
2995 4053 3325 4106 διατείνεται
3359 4051 3550 4120 μᾶλλον
3582 4051 3627 4114 ἐξ

2089 4146 2420 4210 ἀντιθέσεως
2451 4147 2627 4214 λέγων
2659 4148 2733 4210 ὠς
2783 4146 2946 4209 αὐτὸς
2977 4140 3044 4215 ἦν
3086 4147 3113 4197 ὁ
3156 4145 3520 4214 δημοσιεύσας
3554 4145 3631 4196 καὶ

2088 4241 2318 4310 θέατρον
2349 4237 2680 4310 ἐξενηνοχὼς
2723 4237 2865 4291 κατά
2892 4236 3003 4290 τῶν
3047 4239 3107 4289 ἐν
3149 4236 3227 4306 τῷ
3261 4238 3414 4307 ’Δθῳ
3442 4237 3512 4305 τῷ
3535 4238 3630 4304 ὄρει

2088 4331 2610 4402 παρεισφθαρέντων
2657 4331 2722 4384 ἐκ
2761 4327 2957 4382 πολλοῦ
2992 4327 3385 4392 Μασαλιανῶν,
3424 4328 3573 4390 αὑτός
3610 4331 3632 4378 ό

2092 4419 2375 4487 ἐξελέγξας
2411 4420 2532 4473 κατ’
2584 4415 2726 4482 εἶδος
2779 4419 2879 4472 ὅσα
2922 4419 3154 4482 ἐκείνοις
3205 4418 3445 4487 ἀθέμιτα
3480 4418 3628 4485 λάθρα

412 4518 511 4556 .cra
562 4504 735 4573 ipsius
759 4508 1057 4565 Salvatoris
1089 4523 1146 4567 et
1195 4527 1508 4572 sanctorum
1537 4521 1691 4590 ejus;
1746 4528 1974 4581 nonnul-

2089 4509 2323 4563 τελεῖται
2348 4525 2362 4539 ⁸
2395 4512 2571 4573 ἐνίους
2605 4512 2707 4582 μὲν
2755 4513 2863 4582 γὰρ
2908 4510 3113 4565 ἀλῶναι
3165 4510 3319 4581 αὐτῷ
3371 4529 3532 4581 φησιν
3561 4511 3632 4562 ἐπ’

424 4593 505 4646 ius
533 4611 722 4651 rursus
786 4614 928 4668 sazpe
984 4619 1108 4657 cum
1169 4606 1274 4660 alia
1326 4611 1733 4667 commisissent
1785 4618 1984 4684 partim

416 4687 644 4753 similia,
671 4693 868 4758 partim
905 4695 1073 4765 magis
1101 4697 1306 4753 nefaria
1360 4711 1416 4755 et
1438 4703 1779 4772 detestanda,
1812 4707 1888 4761 ita
1923 4718 1983 4763 ut

412 4779 605 4837 dicere
637 4793 691 4838 et
712 4785 1024 4843 describere
1055 4805 1160 4844 non
1198 4793 1473 4860 possimus
1532 4805 1760 4866 propter
1789 4800 1988 4854 absur-

420 4874 648 4930 duatem
713 4878 1029 4934 immanem.
1085 4881 1177 4936 llis
1227 4895 1408 4938 autem
1454 4885 1617 4942 dictis
1669 4900 1730 4944 ut
1781 4904 1987 4946 certam

415 4969 505 5020 sui
541 4969 899 5025 conﬁduciam
921 4973 1224 5044 allingcret,
1247 4975 1447 5046 adjecit
1470 4996 1482 5031 :
1507 4977 1858 5050 Nequaquam
1888 4999 1990 5053 ego

419 5071 570 5116 tanta
599 5064 805 5119 nefaria
832 5067 1216 5134 publicassem,
1241 5070 1284 5124 si
1321 5073 1580 5127 conscius
1605 5074 1737 5126 mihi
1790 5091 1988 5141 essem,

425 5156 602 5208 imam
626 5158 938 5228 hujusmodi
970 5159 1276 5216 facinorum
1325 5162 1747 5217 Masalianorum
1779 5177 1988 5234 partem

424 5246 647 5316 habere,
672 5259 725 5304 et
753 5250 943 5306 eadem
967 5253 1036 5307 de
1069 5270 1156 5309 me
1193 5254 1426 5309 crimina
1455 5270 1543 5309 me
1610 5255 1860 5327 profiteri
1894 5258 1992 5312 de-

423 5337 579 5400 bere.

497 5607 761 5666 \'lll.Sed
809 5611 925 5666 haec
971 5627 1096 5667 eum
1147 5629 1246 5683 pro
1294 5628 1352 5667 se
1394 5623 1689 5672 assereret.
1760 5627 1856 5682 per
1911 5628 1986 5666 se-

432 5704 723 5769 nwtip~um
758 5705 1046 5760 convictus
1073 5715 1176 5773 est,
1235 5708 1299 5759 ad
1354 5705 1639 5759 audaciam
1687 5708 1740 5757 in
1797 5705 1988 5759 fraude

434 5804 491 5852 et
524 5793 828 5852 mendaciis
855 5796 1117 5860 tendisse,
1156 5812 1279 5851 cum
1312 5795 1592 5855 colligeret
1620 5811 1740 5855 uua:
1785 5811 1890 5847 non
1919 5795 1994 5846 le-

2086 4600 2391 4671 αὖτοφὼρῳ
2421 4605 2546 4666 ταῖς
2581 4603 2738 4667 ίδίαις
2771 4605 2925 4672 χερσὶ
2960 4603 3289 4673 ῥιπτοῦντας
3322 4604 3380 4657 ἐν
3415 4603 3631 4672 κοπρῶνι

2087 4689 2183 4751 τάς
2214 4691 2364 4752 θείας
2394 4691 2488 4743 τοῦ
2537 4693 2790 4762 Σωτῆρος
2825 4694 3040 4755 εἰκόνας
3092 4691 3261 4744 αὑτοῦ
3311 4709 3370 4742 τε
3407 4693 3498 4744 καὶ
3543 4691 3630 4742 τῶν

2088 4782 2260 4848 ἁγίων
2309 4780 2500 4847 αὑτοῦ,
2550 4784 2723 4846 ἐνίους
2753 4782 2798 4836 δ’
2842 4779 2998 4846 αὖθις
3057 4783 3150 4835 καὶ
3188 4781 3452 4844 πολλάκις
3496 4781 3629 4846 ἕτερα

2089 4873 2381 4937 τελοῦντας
2437 4874 2556 4937 πῶς
2599 4873 2698 4944 μὲν
2740 4875 3124 4944 παραπλήσια.
3157 4873 3274 4936 πῶς
3297 4865 3364 4925 ’δὲ
3397 4871 3633 4943 “warm.”

2088 4963 2226 5032 τερά
2276 4980 2334 5014 τε
2394 4962 2488 5014 καὶ
2543 4962 2978 5033 φρικωδέστερα,
3018 4961 3093 5024 ὡς
3149 4959 3286 5031 μηδὲ
3342 4959 3518 5026 λέγειν
3556 4960 3631 5010 καὶ

2091 5055 2331 5123 γράφειν
2364 5052 2577 5106 ἐνταῦθ’
2611 5054 2757 5122 ἡμᾶς
2800 5051 3061 5105 δύνασθαι
3094 5051 3184 5104 διὰ
3213 5052 3273 5102 τὸ
3311 5051 3409 5119 τῆς
3433 5045 3630 5109 ἀτοπίας

2094 5146 2453 5215 ὑπερϐάλλον.
2489 5147 2596 5197 Καὶ
2618 5144 2788 5198 ταῦτα
2815 5143 2990 5210 λέγων
3021 5141 3229 5211 ἐπῆγεν
3261 5141 3421 5194 οἱονεί
3452 5158 3501 5190 τι
3532 5152 3631 5188 συν-

2095 5242 2309 5307 αγωγὸν
2367 5238 2756 5307 ὑπενθύμημα,
2791 5235 2866 5298 ὡς
2914 5235 3027 5288 Οὐκ
3061 5234 3125 5286 ἂν
3156 5229 3503 5300 ἑδημοσίευόν
3533 5227 3630 5280 ποτ’

2094 5332 2206 5400 ἐγὼ
2257 5332 2352 5400 τὴν
2401 5333 2668 5398 τοσαύτην
2720 5329 2940 5392 κακίαν,
2981 5327 3028 5378 εἰ
3086 5324 3313 5392 ἐμαυτῷ
3366 5320 3630 5376 συνειδέναι
3712 5390 3718 5397 ⁸

2095 5421 2225 5491 ὲνῆν
2253 5437 2347 5490 μοι
2381 5422 2492 5484 τοῖς
2523 5418 2788 5479 τοιούτοις
2819 5416 2928 5469 τῶν
2974 5412 3343 5470 Μασαλιανῶν
3370 5409 3630 5478 συνειλημο

2099 5514 2245 5584 μένῳ
2274 5531 2333 5565 τε
2369 5515 2462 5567 καὶ
2485 5513 2721 5581 ὁμόλογα
2750 5509 3110 5578 φθεγγομένῳ
3144 5505 3470 5575 ἐγκλήμασι.

2170 5609 2254 5660 ll'.
2298 5605 2483 5658 Ταῦτα
2514 5605 2558 5657 δ’
2586 5603 2748 5664 αὐτὸς
2798 5601 2940 5670 ὑπὲρ
2987 5596 3183 5651 ἑαυτοῦ
3220 5593 3628 5665 προτεινόμενος.

2100 5699 2189 5749 in".
2211 5695 2279 5747 τὰ
2305 5692 2591 5764 ἐρρωμένα
2635 5691 2834 5759 μᾶλλον
2867 5688 2958 5741 τοῦ
2995 5686 3225 5754 ψεύδους
3262 5682 3491 5752 βαδίζειν
3513 5679 3629 5778 ὲκῗιν

2101 5789 2441 5856 ἐξηλέγχετο,
2472 5782 2924 5852 συλλογιζόμενος
2950 5778 2985 5834 ἃ
3014 5779 3089 5849 μὴ
3126 5779 3404 5847 πέπρακεν
3432 5769 3544 5825 ἀνθ’
3571 5769 3629 5822 ὧν
