3840 6562
203 427 307 489 431
1110 418 1578 494 ’ΒΥΖΑΝΤῙΝεἘ
1617 426 1782 488 11131

1886 429 2002 490 HE
2039 432 2183 493 LIB.
2226 420 2522 495 XXXVII.
3354 423 3466 489 492

205 544 545 615 ἐπεπράχει,
596 544 692 601 καὶ
740 544 989 620 ἐλελήθει
1041 547 1168 602 καθ’
1215 546 1413 601 ἑαυτοῦ
1458 547 1782 618 συρῤάπτωι

1896 558 2049 605 cerat
2080 564 2182 618 pro
2222 549 2289 604 iis
2333 563 2457 619 quas
2507 546 2755 614 fecerat;
2787 552 2845 603 et
2892 558 3017 602 cum
3070 556 3362 602 (onsuerct
3408 554 3481 600 et

206 636 307 687 καὶ
343 636 706 703 συσκευάζων
743 634 825 702 οἷς
854 637 1018 701 αὐτὸς
1046 639 1248 693 αὐτίκα
1288 637 1782 708 περιστοιχίζεσθαι

1894 640 2249 696 contraheret
2301 640 2464 695 latuit
2509 654 2656 704 eum,
2685 638 2958 709 quomodo
2984 637 3052 693 iis
3097 636 3213 706 ipse
3258 636 3458 692 deinde

204 725 450 797 ἤμελλεν
501 727 768 798 ἀφύκτοις
822 732 920 785 καὶ
982 731 1222 802 ἰσχυροῖς
1269 729 1531 792 δικτύοις.
1585 729 1649 782 Οἱ
1681 726 1782 797 γὰρ

1896 740 2152 803 tanquam
2183 731 2618 804 ineﬂ'ugibilibus
2643 739 2700 786 et
2742 729 3072 785 ﬁrmissimis
3120 728 3334 799 laqueis
3365 743 3460 782 ca-

205 818 656 890 κατηγοροῦντες
694 819 863 875 αὐτοῦ
902 822 1012 876 τῶν
1053 821 1103 875 τ’
1135 822 1455 876 ἐπισκόπων
1492 820 1588 874 καὶ
1619 837 1791 891 πρεσ-

203 906 460 980 δυτέρων
496 908 568 962 τά
600 908 651 960 τ’
695 909 830 964 ἄλλα
879 910 1191 981 προῦφερον
1245 913 1325 973 είς
1372 910 1647 975 ἀπόδειξιν
1696 909 1790 962 τοῦ

202 999 510 1071 ψεύδεσθαι
538 1000 822 1071 προδήλως
856 1002 1164 1069 αὐτὸν,’καὶ
1192 1004 1292 1072 οὐχ
1331 1003 1531 1074 ἥκιστα
1555 1002 1654 1072 τὴν
1687 1018 1793 1072 μα-

204 1092 354 1162 κράν
389 1109 450 1145 τε
483 1092 578 1145 καὶ
602 1093 882 1165 ἄρρηκτον
908 1091 1003 1147 τοῦ
1037 1094 1311 1165 Σκορπίου
1336 1094 1541 1163 φιλίαν,
1566 1092 1628 1147 δν
1657 1092 1790 1146 πολ-

205 1180 304 1236 λαὶ
336 1183 641 1255 μαρτυρίαι
676 1186 769 1239 καὶ
803 1184 1010 1257 σφόδρα
1041 1186 1235 1256 σαφεῖς
1264 1185 1330 1239 ἐκ
1361 1184 1557 1239 πολλοῦ
1590 1184 1788 1238 Μασα-

205 1274 399 1328 λιανδν
445 1273 587 1329 εἶναι
635 1276 1085 1348 κατεψηφίσαντό
1129 1294 1189 1331 τε
1220 1277 1316 1331 καὶ
1346 1276 1436 1333 ἀεὶ
1472 1274 1790 1347 καταψηφί-

203 1366 425 1431 ζονται,
459 1366 596 1422 πολὺ
628 1367 689 1422 τὸ
733 1370 1146 1439 ἀναμφίλεκτον
1185 1370 1407 1439 ἔχουσαι
1461 1369 1558 1423 καὶ
1587 1369 1791 1440 ἧκιστα

201 1458 368 1527 νέφει
401 1458 859 1530 συγκρύπτεσθαι
887 1460 1187 1531 δυνάμεναι
1214 1460 1533 1532 πλάσματος
1554 1460 1787 1524 οὐδενός.

203 1548 301 1619 Τῷ
360 1550 474 1619 γὰρ
516 1550 617 1622 τὴν
658 1551 826 1605 αὐτοῦ
865 1550 1050 1620 φιλίαν
1096 1551 1158 1616 ἐξ
1187 1552 1361 1624 ἀρχῆς
1391 1552 1791 1605 ἁναπόσπαστα

201 1643 545 1712 κεκτημένῳ
571 1646 671 1699 καὶ
698 1636 810 1696 οἷον
844 1643 903 1696 ἐν
932 1645 1047 1709 τοῖς
1095 1643 1195 1714 τῆς
1247 1643 1479 1714 καρδίας
1523 1643 1790 1714 θαλάμοις
1830 1661 1837 1667 ·

199 1730 789 1805 άγαλματοφοροῡντι,
833 1732 919 1797 τίς
947 1734 1015 1790 ἄν
1049 1750 1181 1790 ποτε
1215 1735 1565 1790 πιστεύσειεν
1596 1735 1791 1799 ἄλλους

199 1826 458 1898 ἐλέγχειν
492 1828 919 1900 ἔγκαυχωμένῳ,
952 1829 1047 1884 καὶ
1099 1830 1166 1885 σὺ
1218 1830 1366 1901 μάλα
1407 1830 1610 1899 μᾶλλον
1652 1846 1792 1899 συμ-

201 1918 431 1990 μὺστην
459 1921 698 1985 ἐκείνοις
729 1915 871 1976 εἶναι
918 1923 1014 1977 καὶ
1047 1924 1305 1979 κοινωνὸν
1350 1924 1437 1978 ἀεὶ
1478 1923 1793 1995 καταψηφί-

198 2013 359 2076 ζοιτο
387 2014 686 2085 «perpendi;
720 2014 999 2083 Τέτταρας
1030 2014 1095 2085 δὴ
1127 2011 1222 2070 οὖν
1250 2015 1455 2079 ταύτας
1487 2015 1792 2086 ξυνειλοχέ-

199 2118 296 2156 ναι
330 2106 450 2167 τοῖς
479 2105 809 2175 κατηγόροις
856 2107 1170 2174 προτάσεις,
1221 2105 1324 2158 οὐκ
1364 2104 1591 2160 ἄλλοθέν
1624 2105 1791 2160 ποθεν

198 2189 327 2242 ἀλλ’
364 2191 429 2255 ἒξ
471 2183 549 2246 ὧν
601 2191 768 2255 αὐτὸς
821 2191 965 2263 ὑπὲρ
1014 2192 1208 2247 ἑαυτοῦ
1267 2194 1601 2266 προήνεγκε,
1649 2194 1790 2258 τέως

197 2278 531 2349 γεγένηται,
564 2282 783 2351 πρῶτον
816 2283 917 2353 μὲν
946 2283 1027 2337 δτι
1076 2284 1473 2357 μυσαρωτέραν
1502 2286 1595 2339 καὶ
1626 2287 1789 2350 αὐτὸς

202 2372 449 2427 ἁπασῶν
487 2374 756 2444 αἱρέσεων
798 2375 899 2445 τὴν
939 2374 1049 2431 τῶν
1080 2376 1442 2430 Μασα).ιανῶν
1486 2376 1788 2449 ἡγούμενος

199 2466 448 2537 αἰρεσιν,
484 2465 560 2531 ὥς
594 2484 727 2537 φησι
763 2465 882 2533 νῦν,
927 2469 1023 2523 καὶ
1070 2469 1331 2535 συνειδὼς
1371 2470 1449 2540 τῷ
1499 2471 1614 2540 spe;
1666 2472 1787 2525 τότε

200 2557 675 2624 ἐπιπολάζουσαν,
699 2559 799 2614 οὐκ
824 2561 1167 2632 άνεκάλυψεν
1190 2560 1314 2617 οὔτε
1341 2562 1448 2634 πρὸ
1478 2564 1587 2617 τῶν
1611 2563 1788 2618 ἄλλων

198 2648 333 2703 οὔτε
366 2650 509 2720 μετὰ
537 2653 664 2728 τοὺς
694 2651 910 2717 ἄλλους,
964 2654 1088 2708 οὗτε
1133 2655 1255 2709 τότε
1294 2654 1416 2709 οὕτε
1451 2657 1569 2728 μετ’
1606 2657 1789 2727 ὀλίγον

198 2739 396 2802 εὐθὺς.
440 2741 733 2794 καὶταῦτα
772 2741 881 2794 τῶν
914 2742 1127 2797 πολλῶν
1162 2739 1242 2809 είς
1267 2744 1344 2797 ὢν
1391 2747 1486 2799 καὶ
1516 2745 1679 2809 αὐτὸς
1706 2740 1788 2809 οἷς

201 2833 591 2900 συμπαρεῖναι
635 2831 941 2902 τηνικαῦτα
991 2833 1087 2887 καὶ
1122 2833 1428 2904 ἀκροᾶσθαι
1474 2834 1784 2892 συνέϐαινε.

201 2922 482 2994 Δεύτερον
507 2924 566 2977 δὲ
597 2924 713 2990 πῶς
740 2925 863 2979 τότε
898 2925 1034 2997 μηδὲ
1067 2930 1389 2998 συνηγορεῖν
1423 2926 1555 2996 γοῦν
1590 2927 1788 2998 βουλη-

201 3014 323 3079 θεὶς
361 3017 477 3080 τοῖς
508 3016 659 3081 ὅπως
703 3016 835 3071 ποτὲ
863 3016 1275 3088 ἀνακαλύψασιν
1307 3018 1488 3083 ἄλλοις
1517 3021 1786 3092 τοσαύτην

201 3109 415 3159 κακίαν
463 3109 602 3173 ἐκεῖ,
659 3108 776 3162 ἀλλ’
833 3108 977 3163 οὕτω
1033 3112 1272 3181 μακραῖς
1325 3111 1460 3164 ὲτῶν
1512 3112 1786 3180 περιόδοις

198 3197 401 3269 ὥσπερ
438 3199 561 3252 τινὰ
613 3197 890 3270 θησαυρὸν
954 3198 1278 3269 θαλαμεύων
1334 3204 1393 3255 ἐν
1440 3202 1639 3274 καρδίᾳ
1689 3206 1781 3257 καῖ

200 3289 376 3360 μέχρι
407 3286 505 3342 νῦν
559 3290 914 3361 περιθάλπων
956 3290 1260 3363 ἀνέκφορον
1310 3294 1408 3362 τὴν
1464 3298 1587 3347 κατ’
1641 3291 1782 3361 εἶδος

199 3379 547 3450 προαγωγὴν
576 3382 671 3434 καὶ
698 3384 1019 3453 σαφήνειαν,
1050 3383 1240 3437 ἔπειτα
1270 3382 1366 3437 νῦν
1406 3386 1782 3456 ὲκπομπεύειν

199 3473 406 3539 ἐθέλει,
436 3471 531 3526 τοῦ
560 3475 675 3537 τοῖς
704 3473 947 3544 ἐλέγχοις
982 3474 1152 3530 πάλαι
1182 3476 1553 3547 προσήκοντος
1584 3479 1779 3548 χρόνου

203 3565 437 3626 στάντος
466 3566 532 3617 ἐκ
561 3564 881 3635 διαμέτρου,
928 3566 1253 3641 καταφυγὴν
1283 3565 1572 3637 λεληθυῖαν
1601 3568 1782 3641 οίόμε·

199 3667 296 3714 νος
323 3652 457 3714 ῖσως
485 3651 762 3722 θηρᾶσθαι
798 3669 924 3708 τινα
966 3653 1063 3708 νῦν
1091 3653 1230 3725 πρὸς
1252 3651 1611 3727 απαλλαγήν.
1644 3656 1779 3729 Τρί-

200 3760 298 3797 τον
326 3743 385 3796 δὲ
418 3744 536 3808 πῶς
581 3744 750 3799 πολὺν
799 3745 899 3816 ήδη
954 3744 1020 3818 [ί.
1060 3744 1170 3802 268
1215 3744 1279 3819 a}
1313 3747 1504 3819 χρόνον
1546 3766 1781 3820 κατηγο-

203 3837 474 3905 ρούμενον
517 3836 611 3889 τὸν
639 3837 906 3908 Σκορπίον
958 3841 1016 3891 ἂν
1058 3839 1267 3909 ἀκμαῖς
1313 3839 1399 3895 ἀεὶ
1446 3844 1780 3910 πρακτικαῖς

199 3932 304 3999 τῆς
329 3930 590 4000 τοιαύτης
617 3929 883 4001 αίρέσεως
912 3925 1077 3999 εἶναι,
1106 3932 1202 3986 καὶ
1228 3932 1442 3987 πολλῶν
1468 3934 1780 4004 ἐρχομένων

202 4016 553 4087 γραμμάτων
587 4018 653 4070 ὲκ
683 4017 793 4070 τῶν
831 4016 925 4071 τοῦ
962 4017 1124 4086 ὅρους
1160 4019 1358 4089 τιμίων
1391 4021 1602 4091 ἀνδρῶν
1643 4038 1780 4092 προ-

200 4108 382 4178 δήλως
410 4105 514 4178 τὴν
546 4106 784 4178 ἀρχαίαν
810 4107 906 4162 καὶ
944 4108 1109 4179 μέχρι
1141 4107 1238 4163 νῦν
1264 4109 1536 4164 ἀνθοῦσαν
1561 4111 1776 4164 ἐκείνου

203 4197 407 4253 κακίαν
432 4198 849 4268 ἐξελεγχόντων,
884 4200 1047 4263 αὐτὸς
1089 4201 1177 4255 ἀεὶ
1206 4201 1486 4273 περιέπων
1512 4203 1778 4271 ἐγκαρτε-

205 4292 314 4362 ρεῖ,
344 4291 629 4361 πρόμαχος
665 4290 879 4361 ἄμαχος
908 4291 1100 4362 ικείνῳ
1128 4294 1423 4361 γενόμενος
1453 4296 1545 4347 καὶ
1583 4294 1776 4360 στῦλος

204 4382 382 4434 εἰπεῖν
423 4382 809 4451 ἀδαμάντινος,
843 4382 937 4436 καὶ¹
979 4383 1129 4453 θαμὰ
1171 4382 1334 4453 βοῶν,
1367 4383 1465 4437 καὶ
1512 4384 1618 4454 γῆν
1652 4388 1778 4439 ἀνα-

208 4474 408 4545 μιγνὺς
444 4471 685 4545 οὐρανῷ,
723 4472 818 4526 καὶ
853 4474 995 4527 κατὰ
1037 4475 1166 4538 τοὺς
1202 4475 1561 4545 μαινομένους
1594 4478 1654 4529 τὸ
1678 4463 1781 4548 τῆς

1893 833 2138 894 peretnr.
2183 824 2549 878 Accusatores
2570 822 2718 877 enim
2746 836 2815 876 ex
2846 820 3121 892 episcopis
3167 828 3224 875 et
3277 819 3461 873 senio-

1897 916 2056 971 ribus
2077 931 2201 971 cum
2233 915 2338 971 alia
2391 914 2746 986 proferebant
2774 913 2841 969 ad
2895 911 3199 968 manifesta;
3252 908 3466 965 fraudis

1898 1020 2024 1060 eum
2054 1006 2481 1076 coargeundum,
2510 1013 2626 1060 tum
2657 1003 2973 1060 diuturnam
2999 1012 3055 1058 et
3080 1003 3464 1059 inconcussam

1891 1095 2189 1151 amicitiam
2221 1095 2575 1167 Scorpionis;
2630 1112 2793 1167 quem
2826 1095 2988 1168 5“
3015 1094 3186 1150 multa
3221 1096 3467 1150 testimo-

1890 1186 1984 1242 nia
2019 1201 2194 1258 caque
2225 1186 2386 1244 valde
2417 1196 2605 1258 aperta
2626 1187 2738 1259 jam
2771 1196 2932 1243 antea
2976 1185 3179 1256 saepius
3236 1200 3465 1241 accusa-

1890 1292 2087 1334 verant
2116 1288 2173 1335 et
2200 1294 2419 1350 semper
2440 1289 2718 1345 accusant,
2747 1294 2872 1335 cum
2936 1294 3186 1351 magnam
3237 1277 3464 1332 ﬁrmita-

1895 1377 2002 1423 tem
2035 1369 2298 1435 habeant,
2334 1385 2513 1440 neque
2542 1369 2653 1425 ullo
2701 1369 2865 1424 modo
2914 1369 3099 1441 obtegi
3159 1368 3373 1439 possint
3429 1385 3457 1419 a

1893 1475 2169 1530 quoquam
2194 1461 2338 1516 nube
2369 1461 2688 1515 commenti.
2714 1457 2849 1527 Quis
2877 1459 3025 1515 enim
3052 1460 3127 1522 ei,
3171 1458 3267 1529 qui
3304 1456 3463 1512 istius

1892 1551 2192 1606 amicitiam
2221 1551 2291 1605 ab
2326 1551 2486 1606 initio
2518 1551 2590 1606 ita
2642 1552 2882 1607 servavit
2930 1558 2990 1605 ut
3024 1564 3302 1620 nunquam
3364 1549 3466 1604 de-

1894 1644 2140 1709 sciverit,
2181 1658 2412 1713 eamquc
2441 1643 2497 1697 in
2524 1643 2709 1698 cordis
2741 1642 2825 1698 sui
2867 1640 3085 1712 angulis
3102 1642 3258 1712 quasi
3287 1640 3471 1696 simu-

1893 1734 2101 1790 laerum
2133 1749 2318 1790 secum
2351 1734 2635 1805 fert,quis,
2660 1734 2805 1800 dico,
2830 1734 2881 1790 ei
2911 1733 3024 1790 ullo
3052 1732 3216 1789 modo
3247 1732 3457 1797 credat,

1893 1826 1937 1881 si
1964 1824 2101 1880 alios
2117 1840 2413 1896 coarguere
2433 1824 2732 1895 praesumit,
2752 1838 2930 1894 neque
2957 1823 3138 1894 potius
3162 1821 3341 1893 ipsum
3368 1822 3463 1877 iis‘

1822 1901 1864 1956 Β
1893 1919 2019 1973 dem
2044 1919 2213 1972 sacris
2240 1916 2516 1971 initiatum
2537 1926 2596 1972 et
2627 1918 2839 1972 socium
2894 1915 3114 1970 illorum
3168 1913 3463 1969 manifesto

1890 2010 2295 2080 deprehensum
2315 2009 2570 2064 accusat?
2622 2008 2814 2077 Itaque
2864 2006 3069 2062 factum
3119 2014 3181 2062 ut
3224 2015 3461 2075 quatuor

1889 2100 1989 2156 has
2020 2114 2215 2155 causas
2251 2107 2596 2154 accusatores
2620 2096 2962 2168 colligerent,
2995 2111 3104 2150 non
3143 2111 3211 2150 ex
3238 2096 3461 2159 alienis,

1890 2192 1987 2248 sed
2018 2192 2179 2247 exiis
2202 2206 2325 2261 qua:
2370 2190 2462 2245 ille
2494 2190 2611 2258 ipse
2634 2189 2702 2243 de
2743 2204 2802 2245 se
2838 2197 3210 2245 concesserat.
3261 2189 3321 2244 In
3372 2188 3463 2243 his

1889 2284 2067 2355 prima
2104 2300 2119 2337 :
2160 2282 2306 2353 quod
2339 2280 2762 2336 Masalianorum
2800 2279 3051 2337 haeresim
3097 2296 3261 2352 quam
3310 2294 3465 2336 nunc

1888 2376 2009 2446 ipse
2032 2374 2165 2429 dicit
2189 2373 2435 2429 omnium
2468 2386 2592 2427 esse
2618 2372 3088 2439 scelestissimam,
3125 2382 3292 2428 antea
3327 2384 3455 2428 cum

1889 2468 1947 2522 in
1981 2476 2165 2522 monte
2216 2465 2460 2520 exerceri
2496 2480 2614 2519 eam
2674 2473 3018 2535 compertum
3045 2464 3294 2530 haberet,
3343 2480 3458 2521 non

1889 2557 2107 2624 retexit,
2133 2571 2313 2626 neque
2342 2564 2468 2610 ante
2498 2556 2638 2610 alios
2666 2570 2845 2625 neque
2877 2563 2997 2626 post
3044 2556 3203 2619 alios,
3272 2572 3456 2627 neque

1891 2657 2003 2706 tum
2033 2662 2213 2719 neque
2265 2659 2495 2719 postea;
2554 2656 2611 2703 et
2642 2648 2791 2717 quod
2845 2648 2963 2717 ipse
3031 2663 3175 2703 unus
3220 2664 3287 2703 ex
3348 2649 3462 2705 illis-

1888 2740 2097 2803 multis,
2130 2740 2331 2810 quibus
2362 2749 2476 2794 tum
2532 2739 2797 2795 intererat
2827 2748 2884 2794 et
2914 2753 3053 2809 quos
3096 2739 3328 2795 audivit.
3364 2741 3459 2795 Al-

1891 2843 2027 2897 tera,
2061 2829 2208 2902 quod
2237 2838 2352 2884 tum
2404 2844 2473 2884 ne
2534 2844 2657 2885 cum
2684 2830 2806 2886 aliis
2845 2830 3066 2900 quidem
3103 2831 3195 2900 qui
3225 2832 3298 2886 ibi
3338 2841 3460 2887 tan.

1889 2931 2003 2982 tam
2027 2923 2209 2981 scelus
2240 2921 2582 2992 aperiebant,
2610 2923 3015 2977 accusationem
3046 2923 3224 2977 facere
3257 2922 3461 2990 voluit,

1887 3017 1984 3073 sed
2051 3031 2154 3087 per
2205 3011 2410 3069 multos
2459 3029 2636 3067 annos
2690 3022 2950 3083 tanquam
3014 3012 3332 3068 thesaurum
3397 3014 3454 3068 in

1886 3109 2053 3164 corde
2081 3105 2360 3163 conditura
2411 3120 2585 3175 usque
2612 3105 2678 3159 ad
2714 3105 2817 3160 hoc
2849 3114 3062 3175 tempus
3084 3105 3220 3160 fo‘vit
3251 3116 3310 3161 ut
3339 3122 3453 3161 rem

1885 3214 2049 3270 quam
2067 3197 2268 3253 eﬂ'erre
2302 3198 2527 3251 timebat
2559 3206 2783 3267 propter
2811 3196 2922 3250 vim
2955 3197 3453 3262 tcstimoniiﬁnunc

1888 3305 2018 3345 vero
2052 3287 2226 3342 multo
2251 3288 2364 3357 jam
2406 3285 2669 3355 temporis
2731 3287 3025 3341 intervallo
3065 3301 3176 3356 quo
3228 3299 3454 3341 accusa-

1889 3383 2094 3437 tionem
2123 3378 2302 3434 facere
2325 3381 2452 3433 eum
2483 3376 2772 3448 oportebat
2801 3376 3175 3446 prmtcrlapso,
3205 3376 3455 3447 proferre

1885 3474 2026 3539 vult,
2067 3471 2226 3544 545
2254 3480 2450 3542 putans
2496 3485 2563 3524 eo
2589 3484 2648 3525 se
2686 3467 2957 3535 refugium
3014 3468 3220 3526 habere
3253 3470 3320 3522 ad
3350 3470 3453 3524 de-

1886 3564 2213 3620 fensionem.
2287 3560 2471 3617 Tertia
2532 3575 2683 3625 vero,
2732 3560 2879 3630 quod
2932 3557 3286 3628 Scorpionem
3335 3561 3453 3632 jam

1885 3656 2049 3727 longo
2087 3668 2154 3710 ex
2206 3666 2453 3724 tempore
2498 3662 2815 3707 accusatum
2867 3652 2963 3730 qui
3001 3652 3204 3721 primas
3232 3668 3452 3722 semper

1883 3757 2068 3821 partes
2099 3748 2153 3802 in
2184 3746 2375 3801 haeresi
2408 3746 2498 3801 illa
2519 3753 2823 3811 exerceret,
2885 3755 2937 3800 et
2968 3744 3024 3800 in
3084 3761 3247 3817 quem
3277 3748 3454 3801 multa

1883 3842 2089 3911 scripta
2109 3840 2323 3909 vulgata
2348 3847 2476 3895 sunt
2530 3853 2559 3892 a
2604 3838 2739 3893 viris
2799 3838 2853 3892 in
2909 3849 3095 3894 monte
3144 3840 3446 3908 praeclaris.

1883 3949 2005 4005 qua:
2042 3933 2219 4004 palam
2249 3940 2305 3986 et
2336 3931 2518 3986 adhuc
2541 3929 2792 3985 ﬂorentis
2823 3930 3123 4000 impietatis
3158 3942 3287 3985 eum
3320 3948 3455 3985 cou-

1882 4026 2169 4090 vieerunt,
2188 4025 2305 4094 ipse
2337 4038 2555 4092 semper
2582 4022 2817 4092 protegit
2838 4029 2895 4076 et
2947 4022 3137 4077 incitat
3158 4032 3216 4076 ut
3244 4039 3450 4094 propu-

1882 4129 2076 4192 gnator
2105 4118 2193 4173 cui
2226 4116 2328 4188 ipsi
2364 4131 2470 4171 non
2537 4115 2910 4185 impugnatur,
2977 4124 3034 4172 et
3087 4126 3146 4171 ut
3189 4116 3447 4171 columna

1883 4210 2272 4279 adamantina};
2318 4206 2467 4279 quod
2496 4207 2648 4260 vocis
2678 4206 2970 4261 tumultum
3010 4208 3122 4263 edit
3157 4217 3213 4263 et
3241 4216 3445 4262 terram

1883 4304 2021 4360 cmlo
2057 4302 2374 4359 commiscet
2410 4309 2466 4354 et
2509 4313 2665 4353 more
2693 4298 3012 4364 insanorum
3050 4300 3250 4355 mentis
3277 4301 3448 4357 stabi-

1880 4395 2092 4452 litatem
2144 4401 2330 4449 servat
2358 4398 2414 4447 et
2464 4392 2615 4463 gravi
2678 4395 3057 4447 exsecratione
3105 4408 3298 4448 omnes
3349 4395 3449 4466 qui

1882 4486 2032 4545 omni
2089 4485 2321 4542 crimine
2369 4484 2526 4539 vacui
2590 4493 2718 4538 sunt
2771 4482 3123 4551 condemnat,
3158 4495 3450 4556 prepterea

204 4564 433 4634 γνώμης
467 4566 757 4634 ἱστάμενον
795 4564 1152 4636 ἐλαυνόμενος
1193 4567 1291 4621 καὶ
1333 4568 1540 4633 πάντας
1582 4569 1780 4624 ἀναθέ-

1886 4578 2027 4650 quod
2086 4577 2440 4647 Scorpionem
2489 4589 2752 4629 accusare
2803 4589 2911 4628 non
2973 4576 3187 4631 timent.
3239 4577 3449 4643 Quarta

209 4672 339 4726 ματι
376 4654 579 4726 μακρῷ
605 4654 1014 4725 παραπέμπων,
1049 4656 1146 4726 οὐχ
1174 4655 1222 4709 οῖ
1256 4656 1464 4720 τούτοις
1493 4658 1769 4729 ἐνέχονται

208 4750 319 4810 τοῖς
364 4746 727 4817 ιγκλήμασιν,
773 4746 891 4800 ἀλλ’
931 4745 982 4799 οἳ
1037 4746 1119 4817 τῷ
1169 4748 1423 4818 Σκορπίῳ
1467 4751 1771 4822 ἑνεχομένῳ

208 4840 504 4913 προφέρειν
550 4840 735 4911 ἥκιστ’
781 4837 1021 4895 ὀκνοῦσι.
1087 4842 1198 4896 Καὶ
1245 4843 1500 4916 τέταρτον
1552 4847 1632 4898 ὅτι
1682 4848 1774 4898 καὶ

212 4936 371 5004 μέχρι
404 4933 500 4988 νῦν
530 4934 664 5004 ὁρᾷν
700 4931 1038 5002 ίσχυρίζεται
1070 4934 1163 4987 τὸν
1209 4935 1370 5004 μόνον
1416 4936 1774 4991 ἅναλλοίωτόν

207 5043 264 5078 τε
289 5027 385 5079 καὶ
418 5024 677 5079 ἇκτιστον
704 5024 859 5088 Θεὸν,
903 5023 1019 5093 φῶς
1053 5024 1243 5094 ἔτερόν
1275 5041 1334 5078 τε
1381 5027 1479 5078 καὶ
1516 5025 1773 5080 ἄκτιστον

208 5116 270 5169 ἐκ
309 5115 616 5184 μεταϐολῆς
658 5114 797 5185 πρὸς
849 5115 911 5168 τὸ
963 5116 1252 5184 ὑφειμένον
1297 5117 1584 5185 γινόμενον
1622 5117 1777 5187 αὐτῷ

207 5207 483 5277 τρυφῶντι
511 5208 607 5260 καὶ
656 5204 1067 5277 βλακευομένῳ.
1095 5204 1279 5260 Ταῦτα
1326 5207 1391 5274 δὴ
1442 5208 1645 5275 πάντα,
1679 5209 1775 5263 κα)⁵

208 5300 257 5353 ει
278 5316 333 5352 τι
378 5299 588 5353 τούτων
629 5298 910 5365 ἐπέκεινα,
942 5298 1233 5371 προτάσεις
1278 5301 1431 5363 τινας
1469 5299 1777 5365 ἐκτιθέντες

209 5390 611 5462 ἀναμφιϐόλως
640 5390 1122 5462 ἀναμφισϐήτητον
1153 5392 1228 5455 ὥς
1257 5392 1408 5455 eam
1448 5392 1655 5462 έπῆγον
1680 5394 1774 5447 καὶ

208 5482 267 5535 τδ
294 5482 690 5555 συμπέρασμα,
726 5483 870 5551 λέγω
898 5482 961 5555 δὴ
1006 5484 1067 5537 τὸ
1111 5483 1460 5537 Μασαλιανδν
1504 5484 1774 5555 ὑπάρχειν

209 5577 365 5630 αὑτὸν
392 5576 454 5641 ἐξ
479 5577 654 5648 ἀρχῆς
680 5591 739 5628 τε
765 5574 859 5629 καὶ
883 5577 1046 5646 μέχρι
1073 5576 1315 5647 τήμερον
1348 5576 1771 5648 ἀναμφίλεκτον·

211 5666 346 5723 εἶναι
372 5672 482 5741 γὰρ
515 5670 732 5738 ἀξίωμα
761 5669 921 5721 τοῦτο
966 5669 1131 5723 πάλαι
1165 5669 1410 5740 κυρωθὲν
1438 5672 1548 5735 τοῖς
1582 5688 1638 5724 τε
1679 5670 1772 5723 θύ-

217 5762 374 5831 ραθεν
433 5764 527 5816 καὶ
577 5760 869 5831 ἡμετέροις
909 5760 1016 5815 τῶν
1068 5761 1428 5829 διδασκάλων,
1460 5763 1518 5830 ἐξ
1557 5761 1773 5834 ἀληθῶν

213 5859 302 5912 καὶ
330 5854 747 5922 ἀναμφιλέκτων
775 5854 917 5924 ὅρων
946 5854 1038 5907 καὶ
1064 5854 1380 5921 προτάσεως
1405 5854 1602 5925 ἀληθὲς
1633 5856 1770 5926 ὁμοῦ

1884 4670 2146 4740 denique,
2204 4667 2350 4738 quod
2386 4666 2458 4722 ad
2508 4666 2654 4721 hunc
2685 4665 2826 4720 diem
2874 4667 3341 4738 comprehendere
3386 4687 3447 4727 se

1884 4764 2020 4818 dicit
2051 4761 2230 4816 solum
2263 4758 2659 4816 immutabilem
2689 4765 2749 4812 et
2773 4757 3076 4813 increatum
3116 4760 3308 4825 Deum,
3365 4762 3450 4816 lu-

1882 4870 2007 4910 men
2051 4853 2280 4907 altcrum
2333 4861 2389 4906 et
2422 4850 2750 4916 incrcatum,
2778 4858 2837 4905 ut
2886 4866 2952 4905 ex
2985 4852 3338 4909 translatione
3376 4852 3443 4907 ad

1881 4948 2182 5019 subjectum
2205 4943 2511 5014 profectum
2545 4942 2796 4998 insolenti
2830 4942 2905 4996 illi
2940 4950 2994 4996 et
3033 4942 3294 4998 dementi.
3350 4944 3448 5000 llis

1882 5054 2013 5094 vero
2043 5047 2099 5091 et
2146 5036 2270 5090 aliis
2322 5033 2510 5090 multis
2563 5031 3028 5103 propositionibus
3064 5033 3301 5103 prolatis
3347 5037 3450 5089 mi-

1881 5131 2029 5187 ninte
2050 5128 2256 5195 dubiis,
2292 5136 2355 5183 ut
2405 5133 2835 5188 consentaneum
2887 5132 2997 5192 est,
3031 5125 3447 5185 conclusionem

1881 5237 1992 5277 non
2032 5218 2253 5277 dubiam
2297 5218 2641 5289 adjecerunt,
2688 5214 2903 5272 scilicet
2955 5217 3095 5272 citra
3122 5226 3446 5274 controver-

1880 5316 2017 5371 siam
2045 5300 2191 5376 esse,
2213 5326 2340 5368 eum
2378 5309 2450 5364 ab
2479 5308 2640 5364 initio
2670 5317 2727 5365 et
2752 5307 2821 5363 ad
2854 5308 2910 5363 id
2939 5319 3157 5380 tempus
3200 5310 3450 5367 Matralia-

1882 5420 1966 5460 nae
2029 5402 2222 5459 haeresi
2259 5401 2536 5456 addictum
2594 5398 2785 5456 fuisse.
2840 5398 2957 5456 Hoc
3015 5401 3164 5456 enim
3232 5402 3446 5458 axioma

1882 5495 2038 5552 valde
2075 5494 2364 5566 probatum
2396 5499 2480 5547 est
2529 5501 2585 5547 et
2626 5493 2872 5548 externis
2925 5502 2982 5548 et
3010 5495 3213 5549 nostris
3270 5495 3445 5565 magi-

1882 5590 2038 5653 srris,
2070 5605 2100 5644 e
2150 5586 2295 5641 veris
2325 5595 2516 5641 etnon
2560 5586 2831 5657 ambiguis
2862 5586 3331 5659 pr0positionibus
3351 5602 3448 5643 ve-

1883 5700 1995 5739 ram
2026 5693 2082 5739 et
2105 5681 2415 5739 evidentem
2446 5681 2859 5737 conclusionem
2897 5683 3212 5738 necessario
3250 5700 3450 5740 censeo

1880 5776 1998 5847 qui.
2029 5774 2398 5841 Quamobrem
2433 5773 2576 5830 forte
2608 5774 2770 5849 546
2803 5784 2935 5830 tunc
2997 5775 3295 5844 episcopali
3357 5777 3446 5831 di-

1880 5868 2084 5939 gnitate
2110 5879 2234 5920 eum
2260 5866 2624 5936 expulissent,
2658 5870 2761 5923 nisi
2788 5868 3061 5923 anxietate
3083 5867 3444 5939 ettimiditate
