3780 6596
388 375 491 440 487

1598 377 1958 441 NICEPHUI

2061 382 2103 441 Ο
2118 384 2162 441 li
2178 381 2449 443 ΕΟΟΙὶΕ
2626 396 2640 412 ⁸
3501 382 3588 449 483

391 489 697 546 mendaciis
737 495 847 545 tam
879 493 1088 561 apertis
1131 488 1338 546 veritas
1380 504 1486 545 non
1523 490 1661 546 solet
1709 492 1919 546 servire
1943 531 1956 551 .

2062 494 2123 548 τὸ
2155 496 2255 564 τῆς
2285 496 2475 565 φήμης
2497 492 2653 564 φέροι
2707 469 3082 562 πλανώμενον.
3126 488 3290 544 Ἀλλά
3335 490 3499 546 πάντα
3537 499 3588 568 δὴ

386 584 482 639 sed
515 592 732 652 tempus
757 582 942 637 omnia
969 580 1255 653 indagans,
1279 593 1339 638 ut
1371 581 1451 650 tit,
1473 584 1704 639 interest
1735 595 1791 638 et
1823 584 1961 655 regit

385 690 488 731 suo
542 688 692 728 more
750 682 1008 742 tauquam
1045 672 1101 727 in
1140 687 1309 728 curru
1363 674 1550 745 auriga
1600 674 1875 730 dictorum
1905 684 1961 729 et

388 766 656 823 factorum
685 763 821 819 ﬂnes
840 804 855 829 ,
878 772 933 819 et
956 772 1149 819 contra
1175 779 1393 820 onmem
1420 766 1793 837 opinationem
1824 767 1958 821 alias

380 857 548 911 aliter
581 857 637 910 in
671 856 796 911 vitae
833 855 999 911 undis
1029 857 1300 927 cujusque
1341 858 1551 931 cymba:
1586 859 1957 929 gubernacula

381 946 583 1014 vertit;
618 954 673 1000 et
702 945 903 1016 quibus
931 945 1130 1001 accidit
1158 961 1402 1015 pugnare
1445 957 1639 1002 contra
1673 948 1865 1007 Deum,
1903 947 1958 1001 in

379 1032 550 1088 varits
574 1034 912 1103 temporibus
942 1041 999 1088 et
1031 1033 1168 1089 locis
1196 1044 1252 1089 et
1282 1038 1467 1100 rebus,
1487 1037 1553 1091 iis
1580 1037 1631 1090 in
1657 1036 1818 1091 variis
1849 1038 1960 1091 foro

382 1136 529 1181 tuna:
554 1126 775 1181 casibus
802 1125 959 1181 all'ert
979 1128 1179 1197 justam
1205 1143 1442 1199 pmnam.
1464 1129 1570 1183 Sed
1605 1140 1782 1184 tamen
1808 1129 1961 1184 Pala-

380 1220 538 1274 tniea:
560 1218 786 1275 ltarcsis
810 1218 1027 1274 fanatici
1050 1221 1269 1275 asseclaa
1288 1222 1467 1275 obitus
1494 1220 1875 1290 ignominiam,
1901 1231 1960 1275 ut

382 1311 596 1365 dietutn
632 1320 740 1375 est,
775 1324 876 1380 pro
906 1311 1122 1366 viribus
1148 1311 1402 1381 obtegere
1429 1313 1737 1379 studentes,
1757 1314 1959 1368 multos

381 1415 637 1455 nummos
684 1400 1000 1466 praebebant
1043 1401 1323 1457 nonnullis
1382 1403 1659 1472 egentium
1722 1402 1776 1458 in
1822 1402 1960 1459 vicis

381 1504 817 1564 prostratorum,
850 1502 914 1547 ut
950 1492 1111 1548 nobis
1154 1492 1301 1548 clare
1360 1494 1736 1563 patefecerunt
1764 1494 1960 1550 litterae

385 1581 523 1637 inde
541 1582 701 1637 nobis
725 1581 905 1636 allatae
930 1622 944 1646 ,
977 1580 1252 1651 simulque
1283 1583 1546 1639 accedere
1573 1600 1669 1638 eos
1690 1585 1960 1655 iubebant

378 1674 451 1728 ad
497 1674 727 1730 Palama:
770 1674 1105 1745 sepulcrum,
1133 1683 1189 1729 et
1247 1676 1458 1730 somnia
1503 1674 1659 1747 551
1703 1675 1959 1746 evulgare

384 1763 715 1819 miraculosa
755 1775 812 1819 et
858 1765 987 1818 talia
1024 1779 1257 1831 canere,
1294 1779 1489 1835 magna
1528 1750 1784 1819 mercede
1820 1780 1956 1821 con-

2064 589 2131 642 τὰ
2164 587 2338 642 τοιαδί
2370 586 2574 656 φροῦδά
2594 603 2655 640 τε
2685 586 2778 639 καὶ
2804 586 3066 654 ἀνεμιαῖα
3090 583 3169 655 τῷ
3190 582 3283 636 τοῦ
3308 584 3486 653 χρόνου
3515 587 3588 657 βα.

2062 679 2263 744 δίζοντι
2296 678 2654 749 ἐξηλέγχοντο
2678 691 2695 707 ⁸
2729 676 2792 729 οὑ
2827 675 2937 746 γὰρ
2980 676 3097 736 τοῖς
3157 672 3301 725 οὕτω
3338 675 3590 744 προδήλοις

2061 768 2169 820 τῶν
2197 767 2407 836 ψευδῶν
2437 768 2470 836 ἡ
2505 766 2739 836 ἀλήθεια
2767 764 3116 818 θωπεύεσθαι
3173 760 3373 814 εἴωθεν
3394 776 3408 792 ⁸
3447 764 3589 819 mare,

2062 858 2251 929 χρόνος
2306 858 2606 928 ἀνιχνεύων
2663 852 2864 911 ἅπανθ’
2917 856 2991 919 ὡς
3022 854 3170 918 εἰκὸς
3204 852 3385 907 ἔπεισί
3429 870 3482 907 τε
3514 859 3589 909 καὶ

2063 949 2364 1002 ἐπιτίθεται
2394 946 2572 1004 ἄλλοτ’
2605 947 2805 1013 ἄλλως,
2834 946 3102 1015 καθάπερ
3139 946 3196 998 ἐν
3237 944 3443 1015 δίφροις
3470 948 3589 1015 ἠνιο-

2063 1040 2337 1110 στροφῶν,
2373 1038 2442 1094 τά
2469 1039 2580 1094 τῶν
2627 1039 2940 1109 λεγομένων
2997 1053 3055 1091 τε
3102 1036 3197 1090 καὶ
3233 1038 3589 1105 πραττομένων

2062 1133 2290 1203 πέρατα,
2320 1132 2417 1186 καὶ
2454 1131 2604 1200 παρά
2657 1132 2838 1184 πᾶσαν
2867 1129 3093 1200 δόκησιν
3144 1127 3325 1181 ἄλλοτ’
3354 1127 3513 1191 άλλως
3544 1132 3587 1183 ἐν

2060 1226 2126 1294 τῇ
2156 1222 2249 1277 τοῦ
2283 1223 2398 1288 βίου
2431 1222 2676 1292 θαλάσσῃ
2705 1220 2959 1291 στρέφων
2986 1219 3208 1288 ἑκάστῳ
3243 1217 3340 1271 τοῦ
3373 1220 3586 1286 σκάφους

2061 1317 2186 1378 τοὺς
2220 1315 2411 1378 οίακας
2428 1326 2442 1343 °
2470 1315 2563 1367 καὶ
2588 1308 2669 1375 οἷς
2695 1312 3097 1381 ξυμπέπτωκεν
3124 1310 3301 1373 άλλως
3332 1310 3388 1362 ὲν
3436 1309 3589 1372 ἄλλοις

2061 1404 2438 1478 προσκροῦσαι
2459 1404 2578 1475 Θεῷ
2610 1406 2823 1474 καιροῖς
2852 1419 2914 1457 τε
2942 1402 3039 1477 καὶ
3072 1401 3264 1465 τόποις
3320 1401 3414 1454 καί
3444 1401 3591 1470 πράγ·

2063 1515 2219 1570 μασι,
2243 1497 2454 1561 τούτοις
2487 1498 2664 1565 άλλως
2716 1498 2774 1549 ἐν
2811 1495 3003 1558 ἄλλαις
3056 1492 3403 1564 πραγμάτων
3430 1492 3591 1562 τύχαις

2059 1590 2314 1662 ἐπιφέρει
2343 1590 2442 1661 τὴν
2479 1590 2661 1661 δίκην.
2692 1590 2886 1659 Ὅμως
2913 1589 2963 1641 oi
2986 1587 3086 1659 τῆς
3115 1586 3437 1655 Παλαμικῆς
3465 1586 3593 1655 αίρέ-

2062 1664 2199 1746 σεως
2247 1681 2511 1735 διασῶται
2539 1679 2602 1734 τὸ
2642 1678 2742 1748 τῆς
2771 1677 3054 1745 τελευτῆς,
3088 1676 3165 1740 ὡς
3199 1676 3432 1746 εἴρηται,
3450 1674 3593 1743 αίοχι-

2062 1789 2186 1826 στον
2202 1772 2467 1841 κρύπτειν
2494 1772 2569 1835 ὡς
2596 1770 2824 1841 δύναμις
2840 1768 3207 1837 ἐπειγόμενοι,
3238 1758 3407 1837 συχνὰ
3439 1770 3593 1834 παριϊ-

383 1857 603 1912 ductos.
639 1857 771 1922 Quae
805 1870 940 1910 vero
974 1853 1103 1911 inde
1144 1854 1465 1925 Byzantium
1513 1854 1816 1926 migrantes
1851 1857 1955 1912 viri

2061 1881 2150 1935 χον
2171 1839 2413 1933 ἀργύρια
2441 1862 2549 1917 τῶν
2580 1863 2638 1916 ὲν
2668 1839 2790 1926 ταῖς
2838 1862 3056 1929 ἀγυιαῖς
3111 1857 3460 1930 ἐρριμμένων
3503 1874 3590 1910 πε-

382 1958 615 2004 narrant
647 1947 808 2004 nobis
840 1949 1119 2019 simulque
1155 1949 1279 2004 alia:
1330 1948 1529 2004 littera:
1562 1958 1723 2005 erant
1754 1950 1956 2009 lia-cce.

2061 1960 2232 2029 νὴτων
2284 1957 2473 2022 ἑνίοις,
2498 1954 2572 2019 ὡς
2598 1954 2668 2009 τὰ
2695 1953 2909 2008 ἐκεῖθεν
2934 1954 3073 2021 ἡμῖν
3111 1946 3483 2018 ἀφικνούμενα
3504 1948 3593 2003 δε-

386 2044 725 2112 Postquam,
765 2049 827 2096 ut
869 2042 1152 2107 referunt,
1195 2042 1290 2112 qui
1337 2042 1581 2115 Byzantii
1628 2042 1734 2098 ista
1776 2044 1831 2098 in
1866 2057 1958 2099 co-

388 2137 547 2190 horte
576 2146 767 2200 erant,
803 2136 942 2191 clam
975 2133 1187 2205 singula
1220 2134 1469 2203 quaedam
1518 2148 1550 2189 θ
1601 2133 1824 2204 scriptis
1858 2150 1958 2190 no-

384 2228 517 2284 stris
539 2227 788 2283 sulfurati
815 2235 996 2293 erant,
1013 2239 1135 2280 cum
1163 2240 1221 2280 se
1246 2240 1528 2296 opponere
1552 2240 1663 2282 non
1687 2225 1953 2290 valerent,

386 2327 447 2373 ut
480 2320 686 2374 dictum
717 2328 802 2375 est
824 2357 840 2383 ,
877 2318 945 2372 ad
982 2317 1288 2373 invalidum
1321 2317 1589 2372 auxilium
1625 2316 1955 2373 necessitate

386 2413 566 2467 coacti
613 2422 675 2466 ut
722 2411 1028 2466 seetmdum
1060 2422 1284 2465 ventum
1317 2409 1737 2480 respectabant,
1770 2416 1826 2463 et
1858 2408 1958 2463 Pa-

385 2505 543 2560 lama:
576 2503 1021 2560 Thessalonicam
1066 2515 1131 2556 ea
1175 2501 1448 2556 miserunt
1491 2500 1787 2556 incitantes
1827 2514 1954 2555 cum

388 2599 454 2652 ad
514 2596 799 2652 audaciam
858 2593 1236 2659 defensionis,
1286 2593 1483 2650 similia
1546 2592 1811 2648 facientes
1866 2591 1953 2658 iis,

387 2690 482 2759 qui
509 2689 708 2760 exiguo
736 2689 790 2742 in
816 2688 1073 2742 naviculo
1105 2701 1312 2757 magna:
1342 2685 1500 2739 navis
1525 2700 1668 2739 onus
1697 2699 1957 2739 accumu-

387 2783 502 2836 lare
551 2780 773 2842 conati,
806 2778 862 2833 id
896 2779 952 2834 in
986 2778 1319 2849 profundum
1354 2777 1455 2833 sth
1489 2792 1631 2847 aqua
1663 2760 1956 2830 demittere

387 2870 591 2926 deinde
626 2879 854 2941 repente
885 2878 1181 2939 coguntur.
1228 2867 1503 2923 Consueta
1547 2868 1714 2938 igitur
1756 2864 1957 2922 mentis

392 2965 695 3021 ambitione
742 2964 1001 3019 inductus
1052 2960 1222 3017 etiam
1273 2970 1403 3016 tunc
1454 2961 1708 3016 Palamas
1756 2958 1958 3030 linguae

393 3057 789 3127 malignitatem
818 3055 1087 3120 exercuit,
1118 3053 1389 3122 simulque
1420 3051 1634 3107 dulcem
1664 3052 1957 3122 quamdam

390 3164 544 3218 spem
579 3146 898 3218 pra-libans,
920 3145 1123 3215 quibus
1156 3144 1541 3198 haereticorum
1575 3154 1779 3199 sectam
1813 3154 1961 3198 cont—
1984 3179 2028 3235 ο

392 3239 527 3308 pleri
565 3234 906 3307 eo'tempore
939 3237 1179 3299 accidit,
1216 3251 1396 3305 neque
1431 3236 1746 3306 repudiavit
1778 3252 1957 3307 neque

388 3340 682 3385 cunctatus
712 3336 818 3384 cst.
857 3328 963 3383 Sed
1000 3329 1053 3382 in
1087 3327 1262 3382 multo
1294 3328 1470 3399 majus
1499 3344 1661 3396 quam
1692 3344 1792 3398 pro
1825 3329 1956 3382 viri-

388 3424 493 3477 bus
523 3421 636 3475 suis
666 3429 943 3475 certamen
982 3433 1041 3474 se
1076 3420 1383 3473 imminens
1416 3433 1612 3488 passus
1644 3430 1727 3472 est
1763 3434 1954 3489 magna

387 3513 770 3568 exsecratione
796 3511 961 3581 digna
991 3519 1045 3564 et
1075 3519 1279 3579 quanta
1310 3510 1499 3564 dicere
1529 3526 1629 3566 nos
1660 3510 1821 3564 hodie
1853 3526 1955 3579 pu-

393 3608 508 3670 det,
540 3620 607 3659 ne
653 3604 777 3674 quis
805 3617 905 3658 nos
939 3603 1005 3656 de
1034 3603 1154 3673 ejus
1182 3601 1467 3657 doloribus
1498 3601 1734 3672 gaudere
1779 3600 1959 3669 suspi-

393 3705 571 3756 cetur,
592 3694 682 3765 qui
711 3693 930 3763 quidem
963 3693 1031 3747 ab
1054 3692 1235 3748 indole
1264 3700 1450 3747 nostra
1483 3708 1711 3763 prorsus
1743 3693 1958 3746 dissen-

397 3790 498 3843 tiat
529 3802 590 3840 ac
625 3784 861 3840 mendax
915 3786 1004 3839 sit.
1047 3783 1201 3839 Clam
1252 3786 1400 3840 enim
1450 3784 1506 3838 in
1552 3800 1619 3838 eo
1663 3785 1959 3839 certamine

395 3890 542 3935 totos
567 3880 635 3931 die
658 3894 683 3931 s
706 3888 955 3932 versatus
989 3883 1073 3931 est
1090 3887 1147 3931 et
1176 3884 1313 3931 totas
1337 3886 1525 3931 noctes
1548 3877 1825 3932 insomnes
1850 3879 1961 3947 egit

395 3970 720 4039 priusquam
747 3963 950 4034 aliquid
981 3980 1051 4019 ex
1079 3964 1277 4018 studiis
1301 3964 1416 4019 suis
1436 3964 1742 4033 proliceret,
1763 3968 1960 4018 tuentis

391 4063 611 4127 delirio,
631 4072 795 4131 atque
828 4061 1058 4127 insania,
1081 4070 1140 4115 ut
1169 4060 1395 4123 dicitur,
1416 4069 1706 4128 correptus
1738 4068 1961 4128 pmpter

393 4157 617 4210 nimiam
658 4152 962 4209 siccitatem
1004 4152 1259 4208 cerebri:
1301 4150 1461 4221 552
1491 4159 1547 4204 et
1576 4151 1861 4219 sequentia
1891 4152 1959 4205 ab

392 4250 518 4304 aliis
563 4250 799 4303 testibus
839 4244 997 4300 simul
1048 4254 1102 4299 et
1150 4245 1510 4313 scriptoribus
1557 4243 1749 4297 audire
1797 4242 1956 4309 licet;

395 4354 576 4407 neque
610 4338 757 4392 enim
790 4346 848 4392 et
880 4343 1233 4396 accusatores
1274 4333 1403 4387 talia
1442 4349 1543 4388 nos
1585 4349 1732 4388 nunc
1766 4332 1959 4387 memi-

394 4432 620 4494 nimus;
675 4428 885 4483 scimus
932 4425 1292 4481 enim.malis
1342 4426 1508 4479 simul
1550 4435 1605 4479 et
1646 4425 1806 4479 bonis
1840 4424 1956 4495 pari

2053 2053 2266 2123 δήλωκε
2294 2051 2627 2122 γράμματα,
2659 2049 2753 2104 καὶ
2776 2049 2893 2119 ἅμα
2917 2046 3205 2120 προσιέναι
3224 2061 3284 2098 τε
3316 2041 3589 2109 ἔπειθοντῴ

2056 2140 2362 2213 Παλαμικῷ
2391 2141 2548 2212 τάφῳ
2576 2141 2671 2194 καὶ
2698 2138 2943 2208 ὀνείρους
2987 2133 3356 2205 ἐπιφημίζειν
3386 2131 3590 2199 τερατώ-

2052 2234 2165 2297 δεις
2188 2234 2342 2294 τινάς
2366 2234 2468 2286 καὶ
2495 2231 2619 2285 λίαν
2642 2232 2725 2299 ἐφ’
2759 2224 2841 2292 οἷς
2890 2226 3221 2299 ἐμισθοῦντο
3275 2223 3587 2294 συνᾴδοντας.

2061 2325 2129 2377 Ἃ
2158 2322 2201 2375 δ’
2232 2323 2281 2376 οί
2311 2321 2519 2375 ἐκεῖθεν
2539 2323 2620 2385 εἰς
2654 2320 2951 2383 Βυζάντιον
3005 2317 3400 2386 ἀφικνούμενοι
3430 2314 3589 2384 συχνό-

2054 2430 2210 2484 τερον
2242 2412 2434 2484 ἄνδρες
2467 2412 2529 2486 [ι.
2559 2413 2665 2468 269
2698 2411 2751 2483 ὁ]
2796 2408 2978 2466 ἄλλοτ’
3009 2411 3158 2466 ἄλλοι
3203 2407 3588 2480 διηγοῦντο,καὶ

2055 2506 2171 2574 ’ἅμα
2199 2504 2267 2556 τά
2296 2503 2505 2574 ἑτέροις
2535 2502 2701 2576 ἕτερα
2720 2503 2829 2556 τῶν
2855 2500 3225 2573 γραμμάτων,
3251 2494 3391 2571 ἦσαν
3410 2496 3583 2551 τοιάδε.

2057 2598 2215 2651 Μετὰ
2242 2597 2349 2667 γάρ
2380 2597 2441 2649 τὸ
2470 2594 2649 2668 λάθρα
2696 2596 2805 2650 τῶν
2862 2595 3174 2665 ἡμετέρων,
3228 2593 3418 2660 φασὶν,
3468 2588 3587 2652 ἐνίας

2059 2688 2354 2758 ὑφελέσθαι
2381 2686 2599 2757 βίϐλους
2617 2688 2667 2742 οί
2702 2690 2760 2741 έν
2796 2685 3076 2756 Βυζαντίῳ
3098 2684 3198 2754 τῆς
3224 2684 3494 2753 φάλαγγος
3521 2682 3590 2734 δν-

2056 2797 2146 2843 τες
2181 2779 2420 2841 ἐκείνου,
2461 2779 2586 2832 ἐπεὶ
2615 2780 2689 2848 μὴ
2719 2777 2974 2832 ἐδύναντο
3003 2775 3333 2844 ἀντιλέγειν,
3367 2776 3439 2837 ὠς
3460 2773 3587 2843 είρη-

2057 2890 2169 2938 ται,
2204 2873 2342 2942 πρὸς
2368 2872 2467 2943 τὴν
2498 2870 2729 2942 συκίνην
2755 2869 3082 2943 ἐπικουρίαν
3126 2869 3187 2931 ές
3236 2865 3476 2935 ἀνάγκης
3516 2867 3588 2916 τὴν

2057 2961 2310 3033 δεύτερον
2342 2960 2573 3026 ἔϐλεψαν
2605 2960 2792 3023 πλοῦν,
2825 2959 2922 3014 καὶ⁵
2958 2959 3036 3030 τῷ
3064 2959 3302 3029 Παλαμᾷ
3328 2959 3382 3019 ὲς
3417 2957 3587 3009 Θεσσα-

2059 3053 2283 3125 λονίκην
2323 3054 2463 3108 αὐτὰ
2516 3053 2960 3123 ὲπεπόμιρεισαν,
3013 3053 3095 3112 εἰς
3159 3049 3376 3120 ἀμύνης
3418 3049 3589 3116 τόλμαν

2063 3145 2226 3200 αὑτὸν
2261 3144 2624 3215 ἐρεθίζοντες,
2654 3143 3020 3216 παραπλήσια
3043 3142 3281 3214 δρῶντες
3307 3133 3389 3203 οἷς
3411 3138 3588 3207 ἀκατίῳ

2064 3238 2261 3308 βραχεῖ
2293 3237 2537 3308 μεγάλης
2585 3236 2812 3299 ὁλκάδος
2850 3235 3267 3304 ὲπισωρεύσασι
3320 3233 3507 3301 φόρτον
3548 3233 3591 3292 ἐς

2059 3328 2432 3400 ὑποϐρυχίους
2461 3327 2750 3395 πυθμένας
2783 3326 2945 3380 ὠθεῖν
2977 3326 3144 3390 εὐθὺς
3197 3325 3489 3394 ἐξεγένετο.
3526 3325 3588 3393 Τῇ

2058 3424 2169 3494 γὰρ
2221 3423 2508 3495 εἰθισμένη
2566 3421 2670 3491 τῆς
2711 3419 2937 3492 γνώμης
2989 3418 3272 3490 φιλοδοξίᾳ
3320 3420 3415 3473 καὶ
3462 3419 3590 3471 νῦνὸ

2061 3516 2328 3584 Παλαμᾶς
2355 3515 2413 3568 τὸ
2441 3513 2539 3584 τῆς
2569 3513 2814 3582 γλώττης
2855 3511 3215 3583 χαριζόμενος
3262 3511 3589 3582 βλασφημοέι

2064 3624 2246 3678 μενον,
2283 3608 2375 3660 καὶ
2418 3606 2535 3677 ἁμα
2581 3606 2842 3674 γλυκείας
2891 3606 3040 3668 τινὸς
3090 3604 3421 3675 παραγεύων
3468 3604 3592 3656 ὲλπίυ

2059 3684 2145 3764 δίς
2170 3695 2251 3762 οἷς
2290 3699 2382 3752 τόν
2435 3698 2771 3769 αἱρεσιώτην
2820 3697 2991 3767 δῆμον
3028 3696 3274 3767 πληροῦν
3322 3694 3588 3787 τιψκαῦτςι

2063 3790 2411 3856 ξυνέπιπτεν,
2440 3788 2554 3844 οὒτ’
2579 3790 2964 3860 ἀπηγόρευσεν
3018 3789 3130 3842 οὕτ⁹
3163 3786 3478 3854 ἀνεϐάλετο,
3497 3786 3578 3842 ἀλλ

2060 3886 2140 3944 εἰς
2176 3880 2358 3952 μεῖζον
2393 3881 2586 3951 μακρῷ
2636 3882 2735 3950 τῆς
2790 3880 3063 3952 σφετέρας
3122 3880 3406 3950 δυνάμεως
3455 3879 3593 3950 ἐμὸι-

2061 3972 2277 4044 ὃληκὼς
2328 3973 2522 4026 ἑαυτὸν
2573 3972 2865 4043 ἀγώνισμα
2922 3971 3161 4026 πέπονθε
3213 3973 3459 4042 κατάρας
3490 3971 3593 4037 ἀξια

2064 4065 2307 4136 μακρᾶς,
2343 4064 2441 4116 καὶ
2464 4062 2567 4115 ὅσα
2599 4061 2783 4128 λέγειν
2814 4062 2976 4132 ἡμεῖς
3027 4061 3331 4132 αἰδούμεθα
3359 4063 3590 4133 τήμερον,

2065 4157 2141 4227 μή
2171 4173 2252 4220 τις
2282 4155 2427 4224 ἡμᾶς
2458 4155 2534 4224 τῷ
2554 4154 2847 4207 πεπονθότι
2874 4154 3087 4225 χαίρειν
3110 4154 3466 4207 ὑποπτεύσειε
3489 4152 3591 4217 ,τοῦ

2061 4246 2227 4316 ἧθους
2259 4245 2416 4314 ἡμῶν
2442 4244 2623 4306 ὁποῖός
2651 4260 2732 4307 τις
2756 4242 2823 4297 ἂν
2858 4243 2944 4314 εἴη
2976 4244 3152 4315 πάντη
3182 4244 3478 4316 διεστηκὼς
3521 4246 3592 4296 καὶ

2063 4336 2559 4405 καταψευδόμενος.
2586 4335 2675 4406 Τῷ
2719 4336 2829 4408 γὰρ
2860 4336 3038 4405 ἀγῶνι
3079 4340 3283 4407 τουτῳὶ
3339 4337 3593 4404 σννδιημε·

2062 4426 2236 4498 ρεύων
2266 4425 2363 4478 καὶ
2416 4424 2613 4489 νύκτας
2671 4425 2797 4487 ὅλας
2862 4428 3177 4495 ἀγρύπνους
3221 4426 3496 4490 διατελῶν,
3535 4424 3592 4483 ὡς

396 4521 563 4576 modo
594 4520 725 4575 talia
753 4518 1049 4573 immittere
1079 4517 1371 4572 Dominum
1403 4516 1681 4581 consiliis,
1717 4531 1837 4586 qua:
1866 4530 1958 4569 no-

2074 4521 2257 4588 φασὶν,
2287 4516 2467 4579 ἔλαθε,
2501 4517 2632 4586 πρὶν
2667 4515 2848 4569 ὁτιοῦν
2892 4517 3198 4570 ἀπόνασθαι
3230 4519 3327 4587 τῆς
3366 4517 3590 4584 σπουδῆς,

395 4615 477 4668 rit
510 4612 683 4668 solus.
715 4610 822 4665 Sed
850 4625 916 4665 ex
949 4611 1017 4663 iis
1049 4624 1169 4679 qua:
1198 4619 1329 4664 sunt
1363 4608 1417 4663 in
1464 4608 1695 4664 historia
1723 4607 1871 4679 justa
1904 4616 1959 4661 ct

393 4705 613 4773 singula
657 4701 843 4757 omnia
882 4712 1171 4771 quaerunt,
1215 4711 1272 4755 et
1319 4717 1420 4756 nos
1448 4700 1611 4756 etiam
1649 4700 1863 4754 modice
1897 4714 1960 4754 ea

390 4793 752 4862 attingimus,
779 4806 900 4860 quas
924 4790 1143 4861 longius
1166 4789 1426 4861 persequi
1451 4790 1543 4845 alii
1574 4790 1799 4843 minime
1829 4804 1963 4842 cun-

391 4890 651 4935 ctantur:
682 4880 776 4933 sed
812 4888 1002 4948 aperte
1027 4879 1077 4933 ei
1110 4878 1346 4933 dmmoni
1377 4879 1595 4947 culpam
1631 4879 1957 4941 ascribunt,

392 4973 484 5027 cui
517 4971 660 5025 malo
689 4970 835 5025 facto
867 4984 966 5040 per
998 4970 1297 5024 voluntatis
1324 4970 1622 5039 ncquitiem
1657 4972 1810 5040 quasi
1844 4985 1963 5025 sors

394 5063 645 5134 quaedam
676 5064 879 5116 tributa
905 5071 990 5117 est
1013 5061 1347 5131 perniciosa,
1374 5061 1680 5130 principem
1705 5076 1825 5115 csse
1856 5061 1964 5115 lue-

394 5152 600 5207 resium
629 5151 720 5205 hic
754 5151 869 5205 illic
899 5159 1091 5204 contra
1143 5149 1241 5204 Dei
1281 5148 1580 5203 Ecclesiam
1616 5151 1961 5203 nascentimn

395 5259 460 5301 ac
486 5243 996 5311 renascentiumﬁet
1027 5241 1261 5313 pessima
1287 5255 1518 5312 quaque
1547 5239 1728 5297 facere
1756 5255 1856 5311 pro
1887 5241 1965 5294 vi-

396 5320 553 5390 ribus
596 5337 712 5389 suis
735 5374 749 5399 ,
801 5333 1077 5403 simulque
1109 5328 1325 5387 certare
1357 5331 1621 5386 continuo
1653 5343 1845 5386 contra
1877 5348 1965 5386 rc-

399 5427 884 5497 prmscntatiunem
940 5435 1282 5479 sanctorum.
1337 5423 1514 5492 A‘tque
1569 5424 1686 5476 lucc
1737 5424 1960 5494 quidem

399 5520 524 5574 illos
568 5520 660 5587 qui
707 5518 894 5573 cultus
948 5518 1241 5587 imperium
1289 5519 1339 5573 ei
1393 5516 1742 5571 tradiderunt
1795 5528 1961 5586 atque

401 5614 586 5668 ontnis
614 5624 670 5668 et
702 5614 810 5667 vita
841 5621 898 5667 et
925 5611 1121 5682 agendi
1150 5612 1291 5666 ratio
1317 5612 1385 5665 ab
1410 5610 1731 5664 orthodoxis
1761 5611 1967 5664 discer-

400 5715 543 5762 nunt
574 5717 628 5760 et
662 5723 687 5757 a
722 5705 896 5760 choro
927 5714 1258 5775 segregant:
1298 5719 1365 5759 ne
1402 5703 1580 5758 dicam
1614 5719 1643 5756 a
1678 5714 1814 5773 quot
1855 5704 1964 5774 jam

398 5811 455 5860 et
482 5798 811 5869 patriareltis
836 5809 892 5853 et
917 5797 1192 5867 episcopis
1221 5814 1343 5853 cum
1374 5808 1696 5854 nasceretur
1721 5797 1966 5863 haeresis,

2064 4608 2329 4677 φρενίτιδι
2376 4609 2467 4659 καὶ
2498 4607 2664 4678 μανία
2710 4610 2961 4679 κάτοχος,
2992 4607 3067 4671 ὡς
3124 4609 3361 4677 εἴρηται,
3391 4606 3590 4677 γεγονὼς

2061 4701 2148 4755 διὰ
2177 4700 2473 4770 ξηρότητος
2511 4700 2817 4770 ὑπερϐολὴν
2855 4700 3184 4769 ἐγκεφάλου.
3242 4700 3353 4754 Καὶ
3384 4702 3447 4752 τά
3493 4699 3591 4765 ἑξῆς

2063 4793 2326 4859 λεγόντων
2351 4790 2486 4860 ὁμοῦ
2512 4792 2604 4843 καὶ
2626 4791 2951 4860 γραφόντων
2976 4791 3183 4861 ἑτέρων
3207 4791 3357 4843 ἔστιν
3385 4794 3585 4843 axe-Law.

2064 4886 2138 4936 Οὑ
2162 4884 2267 4951 γὰρ
2295 4882 2650 4945 ὀνειδίζοντες
2686 4882 3018 4952 μεμνήμεθα
3044 4883 3154 4935 τῶν
3189 4884 3447 4935 τοιούτων
3463 4882 3595 4951 ἡμεῖς

2064 4973 2178 5027 νῦν·
2224 4974 2382 5042 ἴσμεν
2405 4971 2511 5041 γὰρ
2532 4972 2606 5034 ὡς
2639 4972 2895 5041 πονηροῖς
2916 4989 2975 5024 τε
3009 4973 3103 5024 καὶ
3137 4974 3365 5039 ἀγαθοῖς
3390 4973 3471 5022 ἐπ’
3499 4972 3587 5034 ίςξς

2065 5066 2244 5117 ἔπεισι
2275 5065 2343 5117 τὰ
2370 5064 2564 5126 τοιαδὶ,
2593 5058 2673 5127 οἷς
2725 5065 2885 5134 μόνος
2940 5059 3049 5117 οἶδε
3108 5064 3342 5133 κρίμασι
3384 5062 3586 5132 Rupta,"

2063 5156 2200 5209 ά).λά
2240 5156 2348 5208 τῶν
2396 5157 2495 5225 τῆς
2546 5156 2793 5230 ἱστορίας
2841 5144 3181 5226 ἐγκειμένων
3242 5155 3477 5226 νομίμων
3518 5148 3588 5204 καὶ

2068 5247 2768 5319 καθ’ἓκασταζητούντων
2801 5248 3042 5313 ἅπαντα,
3076 5248 3313 5319 μετρίως
3347 5248 3493 5317 ἡμεῖς
3516 5241 3588 5296 καὶ

2066 5338 2175 5392 τῶν
2204 5340 2463 5415 τοιούτων
2495 5341 2799 5407 ἁπτόμεθα.
2825 5339 2890 5391 *Α
2916 5338 3249 5408 πλατύτερον
3283 5340 3451 5408 ἕτεροι
3478 5335 3584 5399 διεξο

2069 5436 2206 5485 ιέναι
2265 5430 2445 5503 ἥκιστ’
2475 5432 2724 5486 ὀκνοῦσιν
2744 5447 2761 5465 ·
2786 5430 2902 5484 ἀλλ’
2930 5432 3141 5502 ἐκείνῳ
3165 5435 3263 5499 τὴν
3320 5432 3488 5483 αἰτίαν
3514 5442 3585 5479 σε·

2070 5526 2183 5594 φῶς
2214 5525 2289 5588 τῷ
2318 5524 2534 5593 δαίμονι
2578 5525 3070 5594 παραπέμπουσιν,
3187 5524 3413 5595 πονηρῷ
3460 5534 3582 5588 γενο-

2075 5619 2221 5685 μένῳ
2255 5615 2343 5667 διὰ
2375 5615 2685 5687 βουλήσεως
2725 5617 3032 5688 μοχθηρίαν
3069 5618 3327 5687 καθάπερ
3375 5635 3452 5679 τις
3475 5614 3584 5682 ἐφεῖ-

2070 5709 2379 5777 τλικλῆρος
2407 5708 2603 5773 ἀΐδιος,
2627 5708 2735 5761 τῶν
2790 5710 2971 5764 ἄλλοτ’
3025 5708 3200 5772 ἄλλως
3238 5709 3503 5779 φυομένων
3540 5718 3583 5753 τε

2072 5801 2163 5853 καὶ
2222 5801 2600 5871 ἐπιφυομένων
2641 5806 2783 5857 κατά
2834 5805 2933 5873 τῆς
2987 5802 3084 5856 τοῦ
3128 5801 3261 5856 Θεοῦ
3308 5798 3583 5869 Ἐκκλησίας

3470 5958 3510 5969 μ
