3780 6558
114 367 194 434 ί8)
994 367 1443 435 ΒΥΖΛΝΤΙΝᾹΞ
1483 376 1611 437 HIS

1720 378 1874 440 RUE
1909 381 2054 444 LIB.
2102 385 2402 448 XXXVII.

3191 400 3296 464 490

106 474 405 557 ἠγεῖδθαίτε
435 477 702 552 αἱρέσεων
740 486 834 538 καὶ
869 486 1048 540 πάντα
1081 488 1216 558 δρᾷν
1251 491 1318 541 τὰ
1376 489 1611 559 χαλεπώ-

1737 492 1792 547 in
1831 495 2178 552 anathemata
2213 498 2551 569 incidentes,
2586 505 2638 558 iu
2672 516 2934 562 aeternum
2967 510 2980 563 .'
2988 527 3149 581 gnem
3187 517 3294 572 sitit

102 595 214 632 τατα
238 573 357 627 κατ’
387 574 658 640 ἐξουσίαν,
680 579 774 630 καὶ
791 579 906 650 ἅμα
930 579 1199 650 ἐρεθίζειν
1223 581 1278 644 ές
1301 599 1362 650 γε
1383 583 1622 636 1572M:-

1727 584 1974 641 demissi.

101 692 194 728 τειν
226 670 407 739 ἁγίους
433 673 775 744 αὐθημερὸν,
831 677 924 728 καὶ
964 677 1119 730 ταῦτ’
1158 679 1399 741 ἐκείνους
1450 680 1498 733 οἳ
1568 680 1668 748 τὴν
1705 681 1802 749 τῆς
1864 682 2122 753 λατρείας
2155 682 2455 758 ἠγεμονίαν
2485 689 2678 761 ἐκείνῳ
2703 709 2760 746 τε
2805 691 3157 764 ἐκδεδώκασι,
3209 707 3296 755 καὶ

107 773 225 831 ἅπας
258 769 452 831 αὐτοὺς
486 747 582 824 καὶ
603 771 719 840 βίος
747 775 841 826 καὶ
865 773 1020 836 λόγος
1052 777 1148 827 κοιλ¹
1175 774 1379 846 πρᾶξις
1433 776 1528 829 τοῦ
1557 768 2001 848 τῶνπὸρθοδόξων
2058 783 2228 837 πάλαι
2271 785 2530 856 διέγραφέ
2574 805 2630 840 τε
2671 791 2764 842 καὶ
2824 793 3067 862 περιεῖλε
3107 797 3296 870 χοροῦ,

103 869 174 920 ἵνα
203 866 270 935 μὴ
297 867 516 930 ὁπόσοις
552 867 698 936 λέγω
731 869 822 922 καὶ
847 870 935 938 ὑφ’
966 872 1106 923 ὅσων
1131 871 1243 924 τῶν
1276 874 1632 944 πατριαρχῶν
1666 891 1725 926 τε
1792 879 1889 930 καὶ
1949 877 2269 935 ἐπισκόπων
2303 884 2582 955 φυομένης
2614 885 2714 956 ἤδη
2743 886 2842 957 τῆς
2873 886 3140 960 αἱρέσεως
3170 897 3297 952 ἀνα-

103 958 301 1027 θέμσσιν
357 958 695 1025 ἐμπεσόντες
754 960 831 1030 τῷ
883 961 1092 1032 αἰωνίῳ
1131 963 1268 1034 πυρὶ
1314 965 1815 1037 παρεπέμφθησαν.

161 1071 334 1143 [L270
369 1070 426 1142 a]
471 1074 571 1127 lA'.
623 1075 728 1129 Καὶ
775 1077 945 1130 ταῦτα
994 1079 1092 1148 μὲν
1122 1079 1312 1133 τοῦτον
1359 1080 1486 1150 έσχε
1538 1081 1630 1133 τὸν

98 1164 289 1233 τρόπον’
312 1163 423 1230 ἐγὼ
442 1165 486 1216 δ’
523 1168 699 1218 ἐκεῖνο
730 1168 1150 1239 ἐπαναλήψομαι
1179 1171 1296 1225 νῦν.
1331 1173 1394 1226 Οἱ
1433 1174 1540 1242 γὰρ
1568 1173 1629 1224 τὸ

99 1254 458 1322 Γαλατὼνυμον
529 1257 748 1327 ἔχοντες
793 1261 1075 1330 φρούριον,
1115 1262 1298 1329 ἑξότου
1368 1263 1629 1335 βραχείας

97 1340 280 1410 ἐκείνης
312 1343 368 1406 ἐξ
392 1343 592 1411 ἀλόγου
615 1348 789 1416 φορᾶς
819 1349 915 1403 καὶ
945 1351 1248 1418 παραδόξου
1273 1350 1442 1421 τύχης
1469 1352 1627 1420 ἐδρά-

1809 1084 1902 1138 X1.
1920 1087 2093 1156 Atque
2112 1089 2224 1144 lucc
2240 1092 2458 1160 quidem
2483 1094 2768 1152 hactenus.
2786 1099 2902 1154 Jmt
2925 1115 3056 1157 vero
3071 1120 3138 1160 eo
3157 1109 3299 1165 unde

1693 1173 1700 1180 ’
1736 1172 2004 1231 declinavi
2033 1192 2296 1235 revertar.
2332 1185 2433 1249 Qui
2461 1187 2774 1243 Galatarum
2826 1195 3106 1250 castellum
3140 1197 3298 1271 553

1737 1266 1994 1321 tenebant
2018 1269 2142 1324 inde
2164 1273 2231 1325 ab
2252 1289 2318 1328 eo
2339 1286 2581 1347 tempore
2605 1297 2712 1349 quo
2729 1285 2934 1353 exiguae
2953 1286 3098 1343 illius
3121 1266 3187 1345 es
3205 1266 3297 1347 ab:

1734 1356 1896 1409 surda
1924 1373 2088 1414 causa
2118 1371 2170 1414 et
2197 1363 2479 1433 inopinato
2500 1385 2628 1424 casu
2653 1384 2854 1429 exortae
2872 1377 3061 1444 prima:
3092 1380 3300 1439 discor-

98 1435 229 1496 ξαντο
268 1433 540 1505 ἀφορμῆς,
590 1437 689 1506 τῆς
728 1454 788 1490 τε
829 1439 1029 1510 δηλαδὴ
1073 1441 1180 1493 τῶν
1219 1442 1364 1496 δυοῖν
1417 1441 1611 1511 Ἀνδρο

1727 1443 1828 1498 dite
1856 1455 1910 1498 et
1933 1451 2301 1507 contentionis
2329 1467 2534 1524 apertze
2581 1461 2746 1531 impp.
2776 1433 3060 1521 amborum
3087 1471 3298 1528 Andro-

97 1523 230 1574 νίκων
252 1523 357 1574 τῶν
388 1524 654 1590 βασιλέων
675 1527 1041 1600 διαστάσεως,
1080 1532 1284 1602 μᾶλλον
1311 1533 1358 1587 δ’
1388 1535 1630 1588 ἀποστα-

1727 1533 1980 1590 nicorum
2035 1549 2242 1606 partem
2292 1545 2570 1615 fecerant,
2616 1553 2702 1606 vel
2752 1557 2936 1622 potius
2978 1559 3299 1619 rebellionis

97 1614 189 1674 σίας
218 1613 307 1666 τοῦ
349 1616 468 1668 νέου
506 1618 645 1687 πρὸς
679 1618 771 1671 τὸν
807 1623 1007 1674 οίκεῖον
1037 1624 1282 1686 πάππον,
1318 1626 1410 1678 καὶ
1432 1621 1498 1678 αὖ
1529 1625 1611 1693 τῆς

98 1703 134 1721 ,κ
398 1704 419 1721 ρ
566 1705 590 1721 ι,
718 1707 732 1721 ,
899 1712 912 1721 .
999 1712 1012 1721 .
1298 1716 1308 1721 -
1434 1713 1456 1721 -
1550 1716 1560 1721 -

1720 1624 1956 1694 junioris
2015 1643 2204 1687 contra
2264 1651 2450 1703 avum,
2494 1652 2550 1696 et
2604 1659 2797 1700 rursus
2842 1651 3096 1706 secunda:
3130 1669 3296 1721 quam

94 1703 340 1770 δευτέρας,
392 1704 459 1775 ῆν
503 1705 842 1776 τεθνηκότων
895 1712 1121 1767 ἐκείνων
1181 1716 1322 1767 κατὰ
1367 1713 1462 1768 τοῦ
1505 1716 1611 1768 νέοι

98 1791 136 1807 u,
160 1805 176 1807 _
199 1787 214 1807 λ
235 1791 264 1807 l,
313 1806 321 1807 κ
425 1792 438 1807 ι
507 1793 532 1804 ο
663 1795 687 1805 ο
751 1797 762 1807 ι
1019 1798 1031 1807 ι
1117 1801 1129 1807 -
1167 1803 1207 1807 __
1468 1804 1492 1807 ,μ
1570 1804 1578 1807 _

1727 1719 1962 1773 mortuis
2023 1722 2135 1778 illis
2160 1735 2347 1782 contra
2375 1730 2632 1799 juvenem
2675 1736 2804 1804 imp‘.
2841 1749 2894 1792 et
2935 1740 3155 1807 juvenis
3182 1760 3300 1800 ma-

95 1787 324 1855 βαειλέως
353 1792 447 1842 καὶ
472 1793 569 1862 τῆς
596 1795 688 1846 τοῦ
709 1797 828 1848 νέου
867 1798 1074 1868 μητρὸς
1107 1801 1136 1853 ὁ
1166 1803 1611 1873 Καντακουζηνὸς

2375 1787 2395 1799 ν
2678 1787 2683 1788 ν
2718 1787 2799 1804 "I"
2846 1787 2892 1792 "
2935 1787 3155 1807 J""'""
3182 1787 3269 1800 ““¹““

1729 1813 1866 1862 trem
1891 1809 2311 1871 Cantacuzenus
2346 1835 2616 1886 moverat,
2655 1828 2818 1880 variis
2854 1832 3040 1885 inultis
3079 1842 3134 1888 et
3167 1850 3294 1890 ver-

93 1882 340 1947 κεκίνηκε,
373 1883 737 1949 παντοδαποῖς
768 1889 862 1940 καὶ
889 1889 1154 1953 ποικίλοις
1185 1891 1358 1957 δόλοις
1381 1895 1622 1960 ἐκείνους

94 1973 171 2039 μὲν
213 1973 494 2042 πρότερον,
522 1977 746 2041 τούτους
801 1977 846 2032 δ’
893 1979 1144 2052 ὕστερον,
1170 1986 1528 2054 ἐπαγγελίαις
1559 2007 1620 2043 τε

90 2062 237 2116 ἄλλοτ’
291 2063 482 2128 ἄλλαις
542 2069 868 2138 περιιόντες,
926 2073 1106 2128 ὁποῖαι
1165 2077 1256 2130 καὶ
1328 2079 1451 2131 ὅσαι
1506 2084 1619 2146 τοῖς

87 2155 316 2217 τοιούτοις
360 2157 638 2227 ἣρμοττον
686 2164 935 2231 καιροῖς,
994 2166 1213 2235 βουλαῖς
1273 2169 1472 2241 δηλαδή
1523 2175 1621 2227 καὶ

87 2247 339 2315 χρήμασιν
361 2247 762 2322 ἀφθονωτέροις
805 2261 900 2309 καὶ
942 2260 1283 2329 συμμαχίαις
1313 2262 1620 2328 ὁπλιτικαῖς

86 2338 161 2388 καὶ
191 2339 447 2402 τοιούτοις
480 2339 545 2410 δή
579 2360 723 2396 τισιν
770 2346 868 2414 (ὲῶ
899 2348 1007 2418 γὰρ
1043 2349 1221 2419 λέγειν
1263 2354 1357 2406 καὶ
1381 2355 1498 2418 οἵας
1527 2359 1619 2409 ἐπὶ

84 2428 258 2492 τούτοις
311 2431 614 2501 λεληθότως
676 2435 836 2506 δῆθεν
887 2438 1188 2509 ὑπέφαινον
1236 2443 1336 2507 τὰς
1386 2447 1618 2515 ἀπειλὰς

84 2518 182 2572 καθ’
205 2513 274 2573 ὧν
315 2521 346 2592 η
379 2522 550 2577 πειθὼ
573 2524 756 2595 χώραν
785 2528 958 2583 ἐνίοτε
995 2533 1185 2602 ῥᾳδίαν
1216 2535 1314 2604 οὐχ
1343 2513 1614 2608 εὕρισκε),

81 2610 155 2661 καὶ
179 2609 260 2663 νῦν
309 2613 405 2681 μὲν
439 2613 652 2686 θατέρῳ
691 2620 1110 2692 προστιθέμενοι
1145 2627 1304 2694 μέρει
1337 2631 1430 2681 καὶ
1477 2633 1617 2702 πρὸς

81 2700 272 2769 θάτερον
333 2703 491 2770 αὖθις
539 2707 1029 2780 ταλαντευόμενοι,
1086 2717 1208 2768 καὶλ
1237 2717 1325 2770 ἀεὶ
1386 2700 1615 2792 θάτερον

79 2791 202 2861 παρὰ
254 2792 489 2864 θάτερον
540 2796 836 2865 ἀμοιϐαδὸν
877 2798 1279 2870 ἐξαπατῶντες,
1337 2806 1453 2870 πῶς
1516 2810 1614 2878 μὲν

77 2882 224 2934 ἑκοντὶ
256 2884 374 2947 πῶς
401 2885 443 2938 δ’
473 2888 536 2938 ού
571 2887 716 2956 μάλα
754 2889 959 2955 ἑκοντὶ,
988 2894 1088 2963 τῆς
1111 2892 1206 2946 τοῦ
1234 2895 1426 2966 καιροῦ
1457 2915 1614 2968 περιο

77 2972 288 3034 στάσεως
331 2976 517 3044 πόρρω
549 2977 642 3029 τοῦ
666 2977 877 3041 δέοντος
923 2980 1251 3054 ὲλαυνούσης
1293 2985 1384 3040 τὸν
1411 2987 1612 3058 δρόμον

75 3059 160 3111 τῶν
192 3063 505 3132 ἀνηκόντων
553 3064 730 3134 λόγων
785 3069 878 3122 καὶ
930 3070 1202 3140 πράξεων,
1245 3074 1434 3129 ἔλαθον
1483 3080 1612 3142 τοὺς

77 3151 276 3215 οἰκείους
306 3155 470 3223 ὅρους
501 3157 565 3208 ὲκ
600 3159 740 3210 πάνυ
787 3175 841 3211 τι
889 3161 1139 3226 εὐτελοῦς
1185 3180 1246 3217 τε
1288 3167 1386 3220 καὶ
1410 3185 1616 3237 χαμαι-
1643 3139 1686 3196 C

77 3241 212 3310 ζήλου
255 3246 518 3316 περιοχῆς
565 3246 910 3312 ὲκτείναντές
969 3268 1027 3304 τε
1083 3253 1173 3306 καὶ
1235 3256 1616 3327 ὀχυρώσαντες

76 3333 260 3400 πρῶτον
312 3335 420 3404 μὲν
477 3335 710 3402 ξυλίνοις
773 3341 884 3393 τισὶ
939 3341 1189 3412 θριγκοῖς
1242 3349 1336 3400 καὶ
1386 3348 1614 3421 τάφροις

78 3421 308 3489 βαθείαις,
335 3425 534 3478 ἔπειτα
584 3429 824 3499 τείχεσιν
881 3429 1102 3500 ὑψηλοῖς
1151 3452 1210 3486 τε
1255 3437 1349 3488 καὶ
1401 3438 1617 3510 ὀχυροῖς

74 3511 150 3559 καὶ
192 3511 746 3581 δυσανταγωνίστοις.
792 3517 1071 3572 Ἐντεῦθεν
1129 3523 1442 3594 ὁρμώμενοι
1487 3531 1614 3590 τοὺς

73 3597 154 3666 τῆς
195 3601 402 3664 οἰκείας
451 3603 764 3670 πλεονεξίας
810 3608 972 3679 ὅρους
1016 3613 1157 3666 κατὰ
1204 3613 1389 3685 χώραν
1427 3618 1612 3686 μένειν

73 3691 148 3758 ὲᾷν
190 3692 403 3782 οὐδαμῆ
430 3711 496 3764 γε
525 3697 859 3764 ἐγνώκεσαν,
897 3701 1014 3754 ἀλλ’
1043 3703 1165 3772 ὲφ’ἀ
1196 3706 1406 3775 ἑτέροις
1445 3711 1609 3782 ἕτερα

75 3782 296 3837 ἐπενόουν
342 3765 444 3838 ,ἵει
489 3790 882 3858 προσετίθεσαν
914 3793 1042 3858 ξένα
1077 3765 1132 3848 τε
1169 3797 1265 3850 καὶ
1293 3765 1605 3871 ’ὑπέρογκα

74 3873 209 3925 Ὀοεν
265 3877 364 3929 καὶ
413 3878 513 3948 τῆς
565 3880 756 3950 τρίτης
810 3887 1042 3953 ταυτησὶ
1095 3885 1280 3944 λοιπὸν
1346 3893 1609 3966 ἀφορμῆς

69 3962 394 4034 δραξάμενοι,
454 3969 556 4040 τῆς
613 3971 708 4025 τοῦ
757 3975 1212 4050 Καντακουζηνοῦ
1263 4001 1408 4053 φημι

71 4057 408 4127 [Ιαλαιολὸγον
466 4062 560 4114 τὸν
597 4062 717 4117 νέον
764 4067 892 4137 περί⁸
940 4073 1241 4142 μοναρχίας
1292 4075 1488 4144 ἔριδος,
1528 4077 1608 4148 τῷ

67 4146 150 4216 νέῳ
178 4152 656 4221 προσεληλύθεσαν
699 4157 958 4229 ἐξορίστῳ
992 4162 1130 4228 τέως
1173 4165 1369 4230 είπεῖν,
1399 4146 1608 4239 Τενέδῲ

64 4238 334 4304 τηνικαῦτα
367 4246 435 4312 τῇ
483 4245 633 4315 νήσῳ
661 4247 1075 4319 ὲνδιατρίϐοντι,
1111 4255 1206 4306 καὶ
1240 4256 1424 4326 ὅρκοις
1465 4238 1604 4330 atpo-

63 4334 454 4407 καταδήσαντές
484 4351 544 4389 τε
575 4337 670 4390 καὶ
699 4340 1005 4411 γράμματα
1039 4345 1175 4414 πρὸς
1211 4346 1358 4402 ἁπαν
1390 4350 1603 4405 ἐκεῖθεν

60 4426 108 4475 τὸ
143 4426 465 4498 βουλόμενον
502 4428 804 4500 εἰληφότες,
832 4432 1007 4505 λάθρα
1055 4436 1344 4508 ἐπέραινον
1383 4444 1470 4512 ἐφ’
1520 4438 1602 4508 οἷς

27 4495 422 4601 ίέμιεθώθησαν
457 4519 556 4573 τοῦ
584 4495 772 4575 λοιποῦ
790 4495 1088 4598 προθυμία
1129 4495 1282 4601 πάσῃ
1303 4495 1481 4604 ψυχῆς
1509 4495 1603 4588 καὶ

59 4609 217 4673 ὅπλοις
243 4612 341 4665 καὶ
376 4614 657 4683 χρήμασιν
685 4611 1023 4685 ἀφειδοῦσιν.
1057 4618 1133 4674 Ού
1164 4622 1329 4690 μόνον
1356 4625 1433 4693 δὲ,
1463 4626 1602 4683 ἀλλά

58 4702 135 4751 καὶ
164 4702 389 4767 Λατῖνος
413 4705 604 4776 ἕτερος
640 4704 822 4774 σφίσιν
847 4707 1117 4778 ὁμόφυλός
1148 4729 1206 4765 τε
1238 4717 1335 4770 καὶ
1357 4718 1604 4787 ὁμογνώ-

60 4807 178 4854 μων,
204 4794 334 4862 μίαν
357 4792 500 4864 ἔχων
529 4797 728 4866 τριήρη
757 4801 850 4849 καὶ
879 4797 996 4868 βίον
1023 4805 1343 4871 πειρατικὸν
1371 4809 1598 4877 μετιὼν,

58 4878 148 4932 κάκ
171 4882 430 4936 τοιούτων
460 4883 644 4954 πόρων
686 4886 954 4953 πλουτῶν,
995 4888 1184 4961 ὥσπερ
1208 4895 1422 4968 έρμαίῳ
1463 4917 1600 4971 χρη-

56 4967 264 5036 σάμενος
297 4973 394 5025 καὶ
429 4974 592 5036 αὐτὸς
620 4973 696 5044 τῷ
727 4976 928 5045 καιρῷ,
951 4971 1072 5041 ταῖς
1105 4980 1322 5050 ὁμοίαις
1355 4967 1596 5058 ἐπαγγε-

55 5057 170 5120 λίαις
192 5063 288 5131 τὴν
313 5062 544 5132 γνώμην
573 5065 667 5117 καὶ
692 5067 853 5129 αὐτὸς
882 5069 1158 5138 χειροῦται
1184 5073 1277 5128 τοῦ
1306 5075 1594 5145 βασιλέως,

53 5151 240 5222 Τενέδῳ
284 5158 355 5226 τῇ
407 5157 559 5227 νήσῳ
614 5158 931 5228 προσσχών.
974 5159 1138 5216 Ὅθεν
1178 5167 1272 5219 καὶ
1325 5174 1600 5242 μοναρχή-

55 5256 224 5306 σαντος
267 5246 367 5299 τοῦ
415 5249 538 5300 νέου
585 5250 804 5303 τουτουῖ
850 5249 1115 5320 βασιλέως
1149 5256 1338 5329 ἐντελῆ
1369 5261 1440 5314 τὰ
1467 5264 1598 5316 ὑπε-

53 5335 280 5403 σχημένα
329 5339 584 5410 ἑκάτεροι
631 5341 1029 5414 ἀπειλήφεσαν,
1077 5345 1127 5399 oi
1195 5348 1297 5418 μὲν
1351 5351 1444 5406 τὸν
1497 5357 1592 5411 τοῦ

1727 1901 1868 1955 sutis
1892 1904 2100 1960 artibus
2123 1907 2246 1962 illos
2268 1910 2444 1979 prius,
2471 1913 2572 1968 hos
2595 1927 2804 1985 postea,
2827 1929 2882 1974 et
2908 1925 3296 1990 promissioni-

1727 1989 1833 2045 bus
1865 1993 2054 2049 multis
2075 1996 2530 2070 circumiverunt‘,
2554 2008 2746 2075 quales
2769 2021 2824 2065 et
2847 1989 3063 2080 quantae
3088 2025 3297 2087 tempo-

1725 2079 1884 2136 ribus
1901 2083 2011 2140 illis
2036 2091 2460 2162 conveniebant,
2478 2096 2688 2152 scilicet
2704 2079 2948 2159 consiliis
2967 2116 3021 2160 et
3044 2079 3295 2176 pecuniis

1725 2179 1808 2223 sat
1834 2176 2044 2243 magnis
2067 2186 2122 2232 et
2143 2181 2318 2249 copiis
2338 2184 2668 2243 militaribus
2693 2201 2748 2246 et
2768 2194 2890 2248 aliis
2940 2197 3291 2269 hujusmodi;

1724 2262 1885 2318 mitto
1905 2267 2050 2320 enim
2074 2269 2254 2328 dicere
2277 2285 2512 2342 quantas
2530 2278 2583 2332 in
2608 2280 2692 2336 his
2713 2284 2848 2337 clam
2869 2262 3044 2345 minas
3061 2292 3293 2351 fecerim

1724 2362 1916 2408 contra
1948 2372 2087 2426 quos
2126 2365 2414 2430 persuasio
2452 2367 2732 2428 interdum
2767 2376 2905 2431 nihil
2945 2382 3196 2449 valebat,
3231 2396 3291 2441 et

1725 2458 1867 2512 quas
1925 2463 2073 2504 nunc
2109 2453 2265 2508 alteri
2302 2461 2441 2526 parti
2485 2461 2798 2521 inferebant
2821 2509 2836 2534 ,
2875 2486 3022 2528 nunc
3053 2476 3119 2529 ad
3153 2477 3292 2532 alte-

1724 2548 1840 2588 ram
1854 2535 2235 2610 devolvebant,
2255 2551 2602 2617 etiquomodo
2625 2559 2889 2614 continuo
2913 2564 3138 2620 alteram
3166 2581 3292 2638 post

1722 2626 1949 2684 alteram
1973 2631 2330 2704 decipientes,
2345 2645 2510 2699 modo
2533 2647 2600 2702 iis
2619 2664 2724 2723 nou
2748 2653 2952 2716 invitis,
2974 2657 3136 2714 modo
3153 2662 3293 2715 invi-

1724 2715 1794 2770 tis
1809 2732 1936 2772 cum
1963 2727 2224 2793 temporis
2250 2731 2492 2788 rationes
2518 2722 2683 2792 verba
2704 2741 2848 2795 ultra
2873 2745 3094 2801 modum
3119 2750 3260 2803 auda
3280 2781 3292 2790 -

1720 2806 1805 2861 eia
1827 2819 1884 2864 et
1906 2811 2052 2869 facta
2082 2818 2462 2889 admitterent,
2486 2829 2748 2893 paulatim
2777 2838 3137 2899 possessionis
3175 2855 3289 2894 suae

1724 2900 1998 2956 terminos
2027 2919 2093 2958 ex
2123 2919 2362 2978 angusto
2389 2922 2446 2968 et
2474 2915 2671 2985 exiguo
2702 2920 2910 2975 ambitu
2941 2928 3292 2983 extenderiut

1720 2995 1775 3040 et
1827 2992 2200 3061 muniverint,
2243 2999 2488 3067 primum
2527 3004 2748 3074 quidem
2787 3007 2983 3078 ligneis
3022 3013 3194 3081 septis
3229 3026 3288 3068 et

1722 3079 1883 3135 fossis
1911 3084 2199 3150 profundis
2222 3129 2237 3153 ,
2267 3091 2468 3149 deinde
2499 3110 2632 3150 vero
2660 3099 2836 3154 muris
2865 3102 2990 3159 altis
3023 3114 3078 3158 et
3109 3107 3283 3162 ﬁrmis

1719 3184 1776 3229 et
1830 3173 1917 3227 vix
1953 3181 2433 3250 expugnabilibus.
2469 3186 2604 3243 llinc
2634 3191 2837 3246 factum
2869 3207 2950 3249 est
3005 3205 3064 3250 ut
3092 3200 3279 3269 cupidi

1719 3271 2091 3340 possessionis
2157 3275 2554 3343 ampliﬁcanda:
2591 3284 2857 3339 terminos
2891 3287 2958 3339 ad
3005 3291 3281 3347 modicum

1718 3358 1985 3414 ambitum
2021 3363 2361 3418 constituere
2393 3383 2500 3420 non
2529 3369 2644 3437 jam
2679 3372 2730 3425 in
2765 3376 2950 3430 animo
2981 3377 3280 3448 baberent,

1717 3451 1811 3506 sed
1845 3453 1953 3507 alia
1987 3464 2111 3522 post
2144 3455 2307 3528 554
2337 3459 2439 3512 alia
2470 3461 2573 3515 sibi
2607 3478 2970 3530 exposcerent
3000 3482 3058 3526 et
3083 3475 3281 3546 adjun-

1715 3555 1910 3613 gerent
1943 3547 2123 3602 aliena
2155 3559 2212 3602 et
2239 3565 2408 3619 super
2439 3555 2660 3610 modum
2696 3574 2910 3630 magna.
2941 3562 3122 3629 Quare
3154 3584 3281 3624 cum

1713 3636 1880 3692 etiam
1911 3640 2110 3700 tertiie.
2134 3657 2260 3711 quae
2285 3646 2450 3714 paulo
2475 3659 2601 3717 post
2625 3661 2817 3707 exorta
2847 3664 2964 3722 est,
2994 3657 3118 3714 dico
3141 3661 3286 3716 Can-

1715 3730 1965 3783 tacuzeni
2004 3731 2056 3784 iu
2095 3731 2458 3806 Palzeologum
2490 3740 2766 3808 juniorem
2803 3760 3028 3817 propter
3059 3767 3281 3808 monar-

1715 3822 1920 3890 cltiam.
1982 3841 2202 3880 causam
2274 3832 2506 3901 amplexi
2581 3835 2846 3904 fuissent,
2895 3854 2952 3898 et
3021 3847 3278 3915 juvenem

1712 3912 1980 3970 adiissent
2014 3918 2107 3985 qui
2155 3921 2310 3974 exsul
2348 3922 2402 3976 in
2442 3923 2666 3980 Tenedo
2707 3930 2884 3986 insula
2924 3912 3277 4002 morabatur,

1709 4015 1766 4059 et
1795 4006 2162 4077 jurejurando
2202 4012 2306 4066 sibi
2341 4014 2680 4086 obligassent
2713 4033 2766 4076 et
2801 4024 3015 4082 litteras
3051 4029 3176 4084 inde
3207 4034 3274 4086 ad

1708 4111 1928 4151 omnem
1960 4101 2298 4156 voluntatem
2332 4107 2708 4176 accepissent,
2745 4112 2884 4167 clam
2919 4121 3275 4184 perfecerunt

1711 4203 1812 4257 pro
1843 4189 2046 4258 quibus
2077 4193 2338 4249 conducti
2367 4207 2525 4251 erant
2552 4215 2680 4254 cum
2714 4205 2880 4259 toaius
2909 4209 3080 4264 animi
3111 4211 3274 4268 obse-

1707 4277 1839 4347 quio
1893 4289 1950 4334 et
2017 4284 2187 4337 armis
2260 4294 2317 4340 et
2377 4290 2642 4356 pecuniis.
2733 4293 2839 4349 Sed
2897 4312 3007 4354 non
3073 4302 3129 4355 lii
3184 4319 3272 4359 so-

1707 4367 1847 4435 lum,
1868 4387 2058 4426 verum
2092 4375 2260 4428 etiam
2295 4375 2523 4435 Latinus
2555 4381 2695 4438 alter
2722 4400 2845 4440 cum
2881 4387 2990 4444 illis
3019 4403 3180 4460 gente
3210 4405 3268 4452 et

1708 4462 1894 4517 animo
1931 4465 2260 4536 eonjunctus
2282 4512 2295 4532 .
2329 4475 2423 4540 qui
2457 4487 2619 4528 unam
2653 4476 2927 4534 triremem
2965 4483 3185 4539 tenebat
3213 4502 3272 4542 et

1713 4553 1876 4607 vitam
1966 4557 2255 4625 piraticam
2339 4561 2568 4632 degebat
2627 4577 2682 4621 et
2742 4567 3030 4627 latrocinio
3113 4575 3271 4632 dives

1708 4645 1888 4698 lactus
1911 4655 2065 4712 erat,
2099 4658 2345 4720 tempore
2377 4653 2482 4709 isto
2507 4668 2815 4726 opportuno
2842 4669 3098 4731 tanquam
3125 4668 3270 4722 dono

1707 4732 1922 4788 caelesti
1967 4745 2152 4803 utens,
2185 4741 2458 4800 similibus
2492 4747 2950 4815 promissionibus
2979 4753 3112 4824 imp.
3144 4760 3267 4812 ani-

1709 4839 1858 4877 mum
1932 4826 2037 4881 sibi
2096 4829 2372 4898 devinxit,
2418 4834 2641 4892 Tenedo
2714 4839 2905 4897 insula:
2955 4847 3264 4914 appellens.
3353 4895 3357 4900 .

1709 4913 1854 4968 unde
1899 4916 2121 4987 utrique
2150 4937 2178 4972 ιι
2203 4921 2424 4990 juniore
2471 4925 2604 4995 imp.
2645 4928 2716 4982 ibi
2757 4913 3043 4999 regnante,
3072 4953 3269 5008 magna
3354 4957 3360 5015 ξ

1707 5005 1973 5070 promissa
2003 5022 2346 5078 acceperant,
2372 5022 2428 5066 et
2452 5014 2527 5069 illi
2559 5017 2780 5085 quidem
2809 5025 3020 5078 castelli
3055 5031 3261 5085 mceuia

1707 5093 1760 5146 in
1793 5095 2194 5165 longitudinem
2240 5114 2296 5157 et
2340 5105 2685 5163 latitudinem
2722 5124 2988 5180 quantum
3023 5117 3137 5171 fieri
3171 5136 3265 5188 po-
3327 5122 3334 5128 ’

1707 5184 1810 5236 tuit
1846 5188 2211 5245 extenderunt
2241 5209 2430 5250 versus
2462 5201 2807 5258 occidentem
2841 5215 2897 5258 et
2929 5213 3263 5277 septentrio-

1703 5288 1828 5328 nem
1881 5287 1940 5332 et
1992 5280 2302 5348 orientem;
2337 5287 2425 5342 hic
2475 5305 2602 5343 vero
2663 5293 3006 5363 imperatoris
3055 5303 3263 5358 sororis

1699 5379 1934 5434 sponsus
1961 5369 2140 5428 factus
2169 5387 2253 5430 est
2281 5385 2336 5430 et
2363 5377 2600 5434 Lesbum
2634 5383 2864 5440 insulam
2894 5392 3128 5461 accepit.

52 5429 292 5498 φρουρίου
357 5432 644 5500 περίὸολον
696 5435 780 5495 είς
828 5434 1002 5504 μῆκος
1060 5439 1154 5491 καὶ
1218 5441 1420 5506 πλάτος
1461 5446 1586 5502 ὅσον
1631 5429 1884 5512 πλεῖστον
1919 5461 2046 5530 ἐξῆν
2080 5429 2480 5539 ηὐξηκότεςίῇ
2512 5473 2617 5527 2Ἰῦ
2652 5475 2730 5548 ιλ]
2774 5481 2910 5548 πρός
2976 5429 3061 5536 τεν
3099 5485 3254 5540 δύσιν

62 5526 126 5548 η,
176 5523 375 5548 Lm“
421 5528 507 5548 --ης
561 5527 615 5548 ιι
745 5527 763 5548 ι
801 5531 845 5548 ,ι
926 5547 931 5548 ,
1043 5532 1072 5548 ρ
1113 5533 1127 5548 ς
1224 5537 1236 5548 .
1293 5537 1307 5548 .
1354 5539 1453 5548 -μ
1524 5547 1541 5548 η
1622 5546 1640 5548 ς

53 5526 130 5574 καὶ
173 5523 376 5593 ἄρκτον
420 5528 514 5587 καὶ
556 5527 716 5599 ἑῴαν,
740 5527 768 5579 ὁ
796 5531 853 5582 δὲ

53 5616 232 5682 προῖκα
260 5615 464 5673 λαϐὼν.
517 5599 534 5614 ’

109 5732 201 5788 lB‘.
236 5735 477 5789 Τοιαῦτα
503 5740 598 5792 καὶ
619 5739 760 5794 οὕτω
782 5742 1095 5813 πολύτροπα
1114 5749 1200 5802 διὰ
1224 5749 1408 5819 βιαίας
1428 5754 1591 5824 ἀνάγ-

347 5837 612 5898 ΡΑτ”ιιι)ι..
660 5837 774 5900 Gn.
825 5841 1100 5907 CXLIX.

922 5532 1170 5604 γαμϐρὸς
1219 5537 1307 5589 ἐπ’
1343 5539 1547 5611 ἀδελφῇ
1577 5546 1655 5616 τῷ
1693 5549 1903 5618 βασιλεί
1955 5532 2231 5624 καταστὰς
2287 5566 2380 5616 καὶ
2417 5532 2546 5635 ⁵ἄμα
2598 5532 2948 5645 Λέσδονιτῆν
2981 5578 3146 5647 νῆσον
3177 5581 3259 5642 είς

1769 5759 2062 5818 Xll.’l‘auta
2097 5775 2147 5819 et
2181 5775 2288 5822 tam
2322 5771 2469 5824 varia
2506 5780 2732 5844 propter
2760 5776 2984 5835 nimiam
3013 5787 3252 5842 necessi‘

2858 5883 2927 5942 16
