  <div class='ocr_page' id='page_1' title='image "/cluster/home/n/w/nwhite01/storage/ocr_20150623/149/hvd.32044019208370/255.png"; bbox 0 0 3780 6556; ppageno 0'>
   <div class='ocr_carea' id='block_1_1' title="bbox 367 427 474 497">
    <p class='ocr_par' dir='ltr' id='par_1_1' title="bbox 367 427 474 497">
     <span class='ocr_line' id='line_1_1' title="bbox 367 427 474 497; baseline -0.084 -1"><span class='ocrx_word' id='word_1_1' title='bbox 367 427 474 497; x_wconf 73' lang='lat'><strong>4.35</strong></span> 
     </span>
    </p>
   </div>
   <div class='ocr_carea' id='block_1_2' title="bbox 1567 414 2396 476">
    <p class='ocr_par' dir='ltr' id='par_1_2' title="bbox 1567 414 2396 476">
     <span class='ocr_line' id='line_1_2' title="bbox 1567 414 2396 476; baseline -0.002 0"><span class='ocrx_word' id='word_1_2' title='bbox 1567 417 1666 476; x_wconf 82' lang='lat' dir='ltr'><strong>Nlt</strong></span> <span class='ocrx_word' id='word_1_3' title='bbox 1679 415 1978 476; x_wconf 81' lang='lat' dir='ltr'><strong>.EPIlORI</strong></span> <span class='ocrx_word' id='word_1_4' title='bbox 2017 414 2396 476; x_wconf 57' lang='lat' dir='ltr'><strong>GREGORt‘E</strong></span> 
     </span>
    </p>
   </div>
   <div class='ocr_carea' id='block_1_3' title="bbox 3460 415 3542 480">
    <p class='ocr_par' dir='ltr' id='par_1_3' title="bbox 3460 415 3542 480">
     <span class='ocr_line' id='line_1_3' title="bbox 3460 415 3542 480; baseline 0.037 -3"><span class='ocrx_word' id='word_1_5' title='bbox 3460 415 3542 480; x_wconf 59' lang='lat' dir='ltr'><strong>ltiti</strong></span> 
     </span>
    </p>
   </div>
   <div class='ocr_carea' id='block_1_4' title="bbox 352 521 1960 602">
    <p class='ocr_par' dir='ltr' id='par_1_4' title="bbox 352 529 1960 602">
     <span class='ocr_line' id='line_1_4' title="bbox 352 529 1960 602; baseline -0.006 -8"><span class='ocrx_word' id='word_1_6' title='bbox 352 543 456 594; x_wconf 83' lang='lat' dir='ltr'><strong>hoc</strong></span> <span class='ocrx_word' id='word_1_7' title='bbox 480 551 670 592; x_wconf 78' lang='lat' dir='ltr'><strong>narem</strong></span> <span class='ocrx_word' id='word_1_8' title='bbox 700 533 924 590; x_wconf 76' lang='lat' dir='ltr'><strong>intravit</strong></span> <span class='ocrx_word' id='word_1_9' title='bbox 972 543 1028 590; x_wconf 90' lang='lat' dir='ltr'><strong>et</strong></span> <span class='ocrx_word' id='word_1_10' title='bbox 1074 531 1268 602; x_wconf 93' lang='lat' dir='ltr'><strong>raptim</strong></span> <span class='ocrx_word' id='word_1_11' title='bbox 1309 529 1744 602; x_wconf 72' lang='lat' dir='ltr'><strong>promontorium</strong></span> <span class='ocrx_word' id='word_1_12' title='bbox 1786 540 1960 596; x_wconf 48' lang='grc' dir='ltr'>ρων.</span> 
     </span>
    </p>
   </div>
   <div class='ocr_carea' id='block_1_5' title="bbox 2052 521 3549 602">
    <p class='ocr_par' dir='ltr' id='par_1_5' title="bbox 2052 521 3549 594">
     <span class='ocr_line' id='line_1_5' title="bbox 2052 521 3549 594; baseline 0.002 -17"><span class='ocrx_word' id='word_1_13' title='bbox 2052 526 2234 594; x_wconf 67' lang='grc' dir='ltr'>ρλόγας</span> <span class='ocrx_word' id='word_1_14' title='bbox 2263 524 2650 594; x_wconf 73' lang='grc' dir='ltr'><strong>ἀποσειόμενος</strong></span> <span class='ocrx_word' id='word_1_15' title='bbox 2694 522 3016 594; x_wconf 81' lang='grc' dir='ltr'>τηνικαῦτα,</span> <span class='ocrx_word' id='word_1_16' title='bbox 3051 523 3182 592; x_wconf 81' lang='grc' dir='ltr'>μίαν</span> <span class='ocrx_word' id='word_1_17' title='bbox 3211 521 3316 574; x_wconf 77' lang='grc' dir='ltr'><strong>τῶν</strong></span> <span class='ocrx_word' id='word_1_18' title='bbox 3339 523 3442 575; x_wconf 77' lang='grc' dir='ltr'>ἐκεῖ</span> <span class='ocrx_word' id='word_1_19' title='bbox 3467 545 3549 580; x_wconf 71' lang='grc' dir='ltr'><strong>που</strong></span> 
     </span>
    </p>
   </div>
   <div class='ocr_carea' id='block_1_6' title="bbox 354 619 1926 686">
    <p class='ocr_par' dir='ltr' id='par_1_6' title="bbox 354 619 1926 686">
     <span class='ocr_line' id='line_1_6' title="bbox 354 619 1926 686; baseline -0.009 0"><span class='ocrx_word' id='word_1_20' title='bbox 354 640 636 686; x_wconf 83' lang='lat' dir='ltr'><strong>tervcctus</strong></span> <span class='ocrx_word' id='word_1_21' title='bbox 663 644 729 683; x_wconf 84' lang='lat' dir='ltr'><strong>ex</strong></span> <span class='ocrx_word' id='word_1_22' title='bbox 773 627 946 682; x_wconf 77' lang='lat' dir='ltr'><strong>altero</strong></span> <span class='ocrx_word' id='word_1_23' title='bbox 973 630 1093 678; x_wconf 79' lang='lat' dir='ltr'><strong>sinu</strong></span> <span class='ocrx_word' id='word_1_24' title='bbox 1117 625 1171 678; x_wconf 90' lang='lat' dir='ltr'><strong>in</strong></span> <span class='ocrx_word' id='word_1_25' title='bbox 1195 623 1449 686; x_wconf 87' lang='lat' dir='ltr'><strong>alterum,</strong></span> <span class='ocrx_word' id='word_1_26' title='bbox 1476 619 1685 675; x_wconf 87' lang='lat' dir='ltr'><strong>scilicet</strong></span> <span class='ocrx_word' id='word_1_27' title='bbox 1716 634 1926 672; x_wconf 84' lang='lat' dir='ltr'><strong>recrea-</strong></span> 
     </span>
    </p>
   </div>
   <div class='ocr_carea' id='block_1_7' title="bbox 353 709 1922 780">
    <p class='ocr_par' dir='ltr' id='par_1_7' title="bbox 353 709 1922 780">
     <span class='ocr_line' id='line_1_7' title="bbox 353 709 1922 780; baseline -0.01 -2"><span class='ocrx_word' id='word_1_28' title='bbox 353 726 518 778; x_wconf 86' lang='lat' dir='ltr'><strong>tiouis</strong></span> <span class='ocrx_word' id='word_1_29' title='bbox 543 737 710 777; x_wconf 87' lang='lat' dir='ltr'><strong>causa</strong></span> <span class='ocrx_word' id='word_1_30' title='bbox 735 719 972 772; x_wconf 86' lang='lat' dir='ltr'><strong>transiit.</strong></span> <span class='ocrx_word' id='word_1_31' title='bbox 1003 717 1082 771; x_wconf 88' lang='lat' dir='ltr'><strong>lbi</strong></span> <span class='ocrx_word' id='word_1_32' title='bbox 1113 727 1298 770; x_wconf 88' lang='lat' dir='ltr'><strong>autem</strong></span> <span class='ocrx_word' id='word_1_33' title='bbox 1319 715 1458 770; x_wconf 90' lang='lat' dir='ltr'><strong>forte</strong></span> <span class='ocrx_word' id='word_1_34' title='bbox 1483 729 1549 772; x_wconf 86' lang='lat' dir='ltr'><strong>eo</strong></span> <span class='ocrx_word' id='word_1_35' title='bbox 1582 723 1832 780; x_wconf 85' lang='lat' dir='ltr'><strong>tempore</strong></span> <span class='ocrx_word' id='word_1_36' title='bbox 1855 709 1922 764; x_wconf 87' lang='lat' dir='ltr'><strong>ad</strong></span> 
     </span>
    </p>
   </div>
   <div class='ocr_carea' id='block_1_8' title="bbox 351 795 1926 880">
    <p class='ocr_par' dir='ltr' id='par_1_8' title="bbox 351 795 1926 880">
     <span class='ocr_line' id='line_1_8' title="bbox 351 795 1926 880; baseline -0.011 -16"><span class='ocrx_word' id='word_1_37' title='bbox 351 813 525 880; x_wconf 82' lang='lat' dir='ltr'><strong>ripam</strong></span> <span class='ocrx_word' id='word_1_38' title='bbox 561 807 850 862; x_wconf 81' lang='lat' dir='ltr'><strong>arboribus</strong></span> <span class='ocrx_word' id='word_1_39' title='bbox 887 815 1086 860; x_wconf 84' lang='lat' dir='ltr'><strong>tectam</strong></span> <span class='ocrx_word' id='word_1_40' title='bbox 1107 811 1162 857; x_wconf 94' lang='lat' dir='ltr'><strong>et</strong></span> <span class='ocrx_word' id='word_1_41' title='bbox 1187 802 1444 864; x_wconf 85' lang='lat' dir='ltr'><strong>obsitam,</strong></span> <span class='ocrx_word' id='word_1_42' title='bbox 1473 800 1526 854; x_wconf 88' lang='lat' dir='ltr'><strong>in</strong></span> <span class='ocrx_word' id='word_1_43' title='bbox 1554 797 1768 852; x_wconf 85' lang='lat' dir='ltr'><strong>insidiis</strong></span> <span class='ocrx_word' id='word_1_44' title='bbox 1791 795 1926 849; x_wconf 82' lang='lat' dir='ltr'><strong>late-</strong></span> 
     </span>
    </p>
   </div>
   <div class='ocr_carea' id='block_1_9' title="bbox 354 889 1926 971">
    <p class='ocr_par' dir='ltr' id='par_1_9' title="bbox 354 889 1926 971">
     <span class='ocr_line' id='line_1_9' title="bbox 354 889 1926 971; baseline -0.011 -14"><span class='ocrx_word' id='word_1_45' title='bbox 354 900 682 971; x_wconf 81' lang='lat' dir='ltr'><strong>bat.piratica</strong></span> <span class='ocrx_word' id='word_1_46' title='bbox 707 899 990 961; x_wconf 75' lang='lat' dir='ltr'><strong>unirem‘s,</strong></span> <span class='ocrx_word' id='word_1_47' title='bbox 1015 912 1133 966; x_wconf 58' lang='lat' dir='ltr'><strong>quae</strong></span> <span class='ocrx_word' id='word_1_48' title='bbox 1159 895 1265 948; x_wconf 83' lang='lat' dir='ltr'><strong>huc</strong></span> <span class='ocrx_word' id='word_1_49' title='bbox 1289 893 1418 947; x_wconf 88' lang='lat' dir='ltr'><strong>illuc</strong></span> <span class='ocrx_word' id='word_1_50' title='bbox 1439 902 1635 960; x_wconf 73' lang='lat' dir='ltr'><strong>pra-ter</strong></span> <span class='ocrx_word' id='word_1_51' title='bbox 1652 889 1926 958; x_wconf 83' lang='lat' dir='ltr'><strong>regionem</strong></span> 
     </span>
    </p>
   </div>
   <div class='ocr_carea' id='block_1_10' title="bbox 354 981 1930 1048">
    <p class='ocr_par' dir='ltr' id='par_1_10' title="bbox 354 981 1930 1048">
     <span class='ocr_line' id='line_1_10' title="bbox 354 981 1930 1048; baseline -0.011 -1"><span class='ocrx_word' id='word_1_52' title='bbox 354 995 716 1048; x_wconf 81' lang='lat' dir='ltr'><strong>Barbare-um</strong></span> <span class='ocrx_word' id='word_1_53' title='bbox 739 991 1064 1044; x_wconf 84' lang='lat' dir='ltr'><strong>maritimam</strong></span> <span class='ocrx_word' id='word_1_54' title='bbox 1084 997 1139 1042; x_wconf 90' lang='lat' dir='ltr'><strong>et</strong></span> <span class='ocrx_word' id='word_1_55' title='bbox 1162 998 1358 1041; x_wconf 86' lang='lat' dir='ltr'><strong>terram</strong></span> <span class='ocrx_word' id='word_1_56' title='bbox 1383 983 1674 1037; x_wconf 84' lang='lat' dir='ltr'><strong>Asiaticam</strong></span> <span class='ocrx_word' id='word_1_57' title='bbox 1694 981 1930 1034; x_wconf 87' lang='lat' dir='ltr'><strong>circum-</strong></span> 
     </span>
    </p>
   </div>
   <div class='ocr_carea' id='block_1_11' title="bbox 353 1071 1929 1148">
    <p class='ocr_par' dir='ltr' id='par_1_11' title="bbox 353 1071 1929 1148">
     <span class='ocr_line' id='line_1_11' title="bbox 353 1071 1929 1148; baseline -0.01 -10"><span class='ocrx_word' id='word_1_58' title='bbox 353 1085 478 1138; x_wconf 88' lang='lat' dir='ltr'><strong>vehi</strong></span> <span class='ocrx_word' id='word_1_59' title='bbox 503 1085 799 1145; x_wconf 84' lang='lat' dir='ltr'><strong>solebat,et</strong></span> <span class='ocrx_word' id='word_1_60' title='bbox 831 1081 1120 1142; x_wconf 80' lang='lat' dir='ltr'><strong>latrocinio</strong></span> <span class='ocrx_word' id='word_1_61' title='bbox 1141 1088 1406 1148; x_wconf 69' lang='lat' dir='ltr'><strong>qnarsturu</strong></span> <span class='ocrx_word' id='word_1_62' title='bbox 1424 1075 1602 1128; x_wconf 81' lang='lat' dir='ltr'><strong>facere</strong></span> <span class='ocrx_word' id='word_1_63' title='bbox 1631 1077 1772 1142; x_wconf 81' lang='lat' dir='ltr'><strong>apud</strong></span> <span class='ocrx_word' id='word_1_64' title='bbox 1797 1071 1929 1124; x_wconf 86' lang='lat' dir='ltr'><strong>Per-</strong></span> 
     </span>
    </p>
   </div>
   <div class='ocr_carea' id='block_1_12' title="bbox 355 1163 1930 1244">
    <p class='ocr_par' dir='ltr' id='par_1_12' title="bbox 355 1163 1930 1244">
     <span class='ocr_line' id='line_1_12' title="bbox 355 1163 1930 1244; baseline -0.01 -14"><span class='ocrx_word' id='word_1_65' title='bbox 355 1193 464 1234; x_wconf 83' lang='lat' dir='ltr'><strong>sas.</strong></span> <span class='ocrx_word' id='word_1_66' title='bbox 493 1185 548 1230; x_wconf 92' lang='lat' dir='ltr'><strong>et</strong></span> <span class='ocrx_word' id='word_1_67' title='bbox 575 1193 601 1228; x_wconf 73' lang='grc' dir='ltr'>τι</span> <span class='ocrx_word' id='word_1_68' title='bbox 631 1175 934 1244; x_wconf 74' lang='lat' dir='ltr'><strong>peregrinis</strong></span> <span class='ocrx_word' id='word_1_69' title='bbox 955 1171 1186 1240; x_wconf 75' lang='lat' dir='ltr'><strong>captivis</strong></span> <span class='ocrx_word' id='word_1_70' title='bbox 1207 1186 1294 1224; x_wconf 83' lang='lat' dir='ltr'><strong>res</strong></span> <span class='ocrx_word' id='word_1_71' title='bbox 1313 1168 1378 1221; x_wconf 88' lang='lat' dir='ltr'><strong>ad</strong></span> <span class='ocrx_word' id='word_1_72' title='bbox 1405 1169 1564 1220; x_wconf 85' lang='lat' dir='ltr'><strong>vitam</strong></span> <span class='ocrx_word' id='word_1_73' title='bbox 1592 1163 1930 1217; x_wconf 79' lang='lat' dir='ltr'><strong>necessarias</strong></span> 
     </span>
    </p>
   </div>
   <div class='ocr_carea' id='block_1_13' title="bbox 355 1243 1932 1336">
    <p class='ocr_par' dir='ltr' id='par_1_13' title="bbox 355 1243 1932 1336">
     <span class='ocr_line' id='line_1_13' title="bbox 355 1243 1932 1336; baseline -0.01 -18"><span class='ocrx_word' id='word_1_74' title='bbox 355 1267 534 1336; x_wconf 87' lang='lat' dir='ltr'><strong>pretio</strong></span> <span class='ocrx_word' id='word_1_75' title='bbox 583 1279 786 1318; x_wconf 85' lang='lat' dir='ltr'><strong>emere.</strong></span> <span class='ocrx_word' id='word_1_76' title='bbox 851 1261 972 1316; x_wconf 68' lang='lat' dir='ltr'><strong>llam</strong></span> <span class='ocrx_word' id='word_1_77' title='bbox 1018 1261 1181 1328; x_wconf 81' lang='lat' dir='ltr'><strong>igitur</strong></span> <span class='ocrx_word' id='word_1_78' title='bbox 1231 1269 1452 1326; x_wconf 81' lang='lat' dir='ltr'><strong>repente</strong></span> <span class='ocrx_word' id='word_1_79' title='bbox 1491 1257 1704 1306; x_wconf 70' lang='lat' dir='ltr'><strong>irruens</strong></span> <span class='ocrx_word' id='word_1_80' title='bbox 1747 1243 1814 1306; x_wconf 84' lang='lat' dir='ltr'><strong>in</strong></span> <span class='ocrx_word' id='word_1_81' title='bbox 1852 1250 1932 1320; x_wconf 78' lang='lat' dir='ltr'><strong>pi-</strong></span> 
     </span>
    </p>
   </div>
   <div class='ocr_carea' id='block_1_14' title="bbox 357 1343 1928 1416">
    <p class='ocr_par' dir='ltr' id='par_1_14' title="bbox 357 1343 1928 1416">
     <span class='ocr_line' id='line_1_14' title="bbox 357 1343 1928 1416; baseline -0.011 -5"><span class='ocrx_word' id='word_1_82' title='bbox 357 1356 590 1413; x_wconf 85' lang='lat' dir='ltr'><strong>scatoris</strong></span> <span class='ocrx_word' id='word_1_83' title='bbox 617 1371 812 1410; x_wconf 86' lang='lat' dir='ltr'><strong>navem</strong></span> <span class='ocrx_word' id='word_1_84' title='bbox 839 1369 904 1407; x_wconf 82' lang='lat' dir='ltr'><strong>ex</strong></span> <span class='ocrx_word' id='word_1_85' title='bbox 929 1351 1250 1416; x_wconf 81' lang='lat' dir='ltr'><strong>improviso,</strong></span> <span class='ocrx_word' id='word_1_86' title='bbox 1275 1347 1485 1400; x_wconf 82' lang='lat' dir='ltr'><strong>in-iluit</strong></span> <span class='ocrx_word' id='word_1_87' title='bbox 1516 1355 1568 1400; x_wconf 89' lang='lat' dir='ltr'><strong>ct</strong></span> <span class='ocrx_word' id='word_1_88' title='bbox 1605 1343 1748 1411; x_wconf 83' lang='lat' dir='ltr'><strong>repit</strong></span> <span class='ocrx_word' id='word_1_89' title='bbox 1775 1357 1928 1408; x_wconf 88' lang='lat' dir='ltr'><strong>eam;</strong></span> 
     </span>
    </p>
   </div>
   <div class='ocr_carea' id='block_1_15' title="bbox 358 1425 1928 1518">
    <p class='ocr_par' dir='ltr' id='par_1_15' title="bbox 358 1425 1928 1518">
     <span class='ocr_line' id='line_1_15' title="bbox 358 1425 1928 1518; baseline -0.013 -15"><span class='ocrx_word' id='word_1_90' title='bbox 358 1451 522 1518; x_wconf 88' lang='lat' dir='ltr'><strong>idque</strong></span> <span class='ocrx_word' id='word_1_91' title='bbox 581 1463 686 1500; x_wconf 90' lang='lat' dir='ltr'><strong>non</strong></span> <span class='ocrx_word' id='word_1_92' title='bbox 749 1446 864 1498; x_wconf 85' lang='lat' dir='ltr'><strong>sine</strong></span> <span class='ocrx_word' id='word_1_93' title='bbox 909 1443 1177 1510; x_wconf 76' lang='lat' dir='ltr'><strong>sanguine</strong></span> <span class='ocrx_word' id='word_1_94' title='bbox 1237 1437 1450 1496; x_wconf 86' lang='lat' dir='ltr'><strong>evenit:</strong></span> <span class='ocrx_word' id='word_1_95' title='bbox 1504 1437 1684 1506; x_wconf 74' lang='lat' dir='ltr'><strong>pneda</strong></span> <span class='ocrx_word' id='word_1_96' title='bbox 1749 1425 1928 1486; x_wconf 70' lang='lat' dir='ltr'><strong>autem</strong></span> 
     </span>
    </p>
   </div>
   <div class='ocr_carea' id='block_1_16' title="bbox 357 1522 1932 1609">
    <p class='ocr_par' dir='ltr' id='par_1_16' title="bbox 357 1522 1932 1609">
     <span class='ocr_line' id='line_1_16' title="bbox 357 1522 1932 1609; baseline -0.011 -17"><span class='ocrx_word' id='word_1_97' title='bbox 357 1549 556 1609; x_wconf 72' lang='lat' dir='ltr'><strong>praeter</strong></span> <span class='ocrx_word' id='word_1_98' title='bbox 585 1550 802 1590; x_wconf 89' lang='lat' dir='ltr'><strong>omnem</strong></span> <span class='ocrx_word' id='word_1_99' title='bbox 830 1533 1295 1602; x_wconf 81' lang='lat' dir='ltr'><strong>exspectationem</strong></span> <span class='ocrx_word' id='word_1_100' title='bbox 1336 1531 1478 1582; x_wconf 86' lang='lat' dir='ltr'><strong>facta</strong></span> <span class='ocrx_word' id='word_1_101' title='bbox 1514 1526 1734 1596; x_wconf 78' lang='lat' dir='ltr'><strong>majoris</strong></span> <span class='ocrx_word' id='word_1_102' title='bbox 1771 1522 1932 1593; x_wconf 88' lang='lat' dir='ltr'><strong>pretii</strong></span> 
     </span>
    </p>
   </div>
   <div class='ocr_carea' id='block_1_17' title="bbox 358 1616 1934 1701">
    <p class='ocr_par' dir='ltr' id='par_1_17' title="bbox 358 1616 1934 1701">
     <span class='ocr_line' id='line_1_17' title="bbox 358 1616 1934 1701; baseline -0.015 -12"><span class='ocrx_word' id='word_1_103' title='bbox 358 1643 476 1688; x_wconf 87' lang='lat' dir='ltr'><strong>erat</strong></span> <span class='ocrx_word' id='word_1_104' title='bbox 505 1646 668 1701; x_wconf 90' lang='lat' dir='ltr'><strong>quam</strong></span> <span class='ocrx_word' id='word_1_105' title='bbox 699 1627 956 1697; x_wconf 60' lang='lat' dir='ltr'><strong>quielibet</strong></span> <span class='ocrx_word' id='word_1_106' title='bbox 989 1623 1149 1694; x_wconf 83' lang='lat'><strong>560</strong></span> <span class='ocrx_word' id='word_1_107' title='bbox 1181 1621 1284 1675; x_wconf 84' lang='lat' dir='ltr'><strong>alia</strong></span> <span class='ocrx_word' id='word_1_108' title='bbox 1321 1629 1373 1672; x_wconf 84' lang='lat' dir='ltr'><strong>et</strong></span> <span class='ocrx_word' id='word_1_109' title='bbox 1407 1631 1502 1687; x_wconf 90' lang='lat' dir='ltr'><strong>per</strong></span> <span class='ocrx_word' id='word_1_110' title='bbox 1533 1616 1734 1669; x_wconf 86' lang='lat' dir='ltr'><strong>multos</strong></span> <span class='ocrx_word' id='word_1_111' title='bbox 1759 1629 1934 1667; x_wconf 88' lang='lat' dir='ltr'><strong>annos</strong></span> 
     </span>
    </p>
   </div>
   <div class='ocr_carea' id='block_1_18' title="bbox 361 1702 1934 1794">
    <p class='ocr_par' dir='ltr' id='par_1_18' title="bbox 361 1702 1934 1794">
     <span class='ocr_line' id='line_1_18' title="bbox 361 1702 1934 1794; baseline -0.017 -14"><span class='ocrx_word' id='word_1_112' title='bbox 361 1724 650 1794; x_wconf 80' lang='lat' dir='ltr'><strong>acquisita.</strong></span> <span class='ocrx_word' id='word_1_113' title='bbox 681 1721 864 1787; x_wconf 82' lang='lat' dir='ltr'><strong>Quare</strong></span> <span class='ocrx_word' id='word_1_114' title='bbox 904 1733 1027 1772; x_wconf 90' lang='lat' dir='ltr'><strong>cum</strong></span> <span class='ocrx_word' id='word_1_115' title='bbox 1082 1717 1218 1768; x_wconf 89' lang='lat' dir='ltr'><strong>bene</strong></span> <span class='ocrx_word' id='word_1_116' title='bbox 1267 1716 1553 1780; x_wconf 87' lang='lat' dir='ltr'><strong>cognosset</strong></span> <span class='ocrx_word' id='word_1_117' title='bbox 1599 1707 1690 1760; x_wconf 85' lang='lat' dir='ltr'><strong>illa</strong></span> <span class='ocrx_word' id='word_1_118' title='bbox 1739 1702 1934 1774; x_wconf 63' lang='lat' dir='ltr'><strong>praedm</strong></span> 
     </span>
    </p>
   </div>
   <div class='ocr_carea' id='block_1_19' title="bbox 365 1799 1935 1888">
    <p class='ocr_par' dir='ltr' id='par_1_19' title="bbox 365 1799 1935 1888">
     <span class='ocr_line' id='line_1_19' title="bbox 365 1799 1935 1888; baseline -0.017 -15"><span class='ocrx_word' id='word_1_119' title='bbox 365 1818 626 1888; x_wconf 88' lang='lat' dir='ltr'><strong>pretium,</strong></span> <span class='ocrx_word' id='word_1_120' title='bbox 669 1814 816 1868; x_wconf 88' lang='lat' dir='ltr'><strong>illico</strong></span> <span class='ocrx_word' id='word_1_121' title='bbox 852 1825 971 1864; x_wconf 85' lang='lat' dir='ltr'><strong>sese</strong></span> <span class='ocrx_word' id='word_1_122' title='bbox 1011 1815 1206 1877; x_wconf 49' lang='lat' dir='ltr'><strong>praeter</strong></span> <span class='ocrx_word' id='word_1_123' title='bbox 1236 1804 1518 1858; x_wconf 64' lang='lat' dir='ltr'><strong>Phocaeam</strong></span> <span class='ocrx_word' id='word_1_124' title='bbox 1548 1799 1768 1852; x_wconf 86' lang='lat' dir='ltr'><strong>domum</strong></span> <span class='ocrx_word' id='word_1_125' title='bbox 1799 1811 1935 1848; x_wconf 86' lang='lat' dir='ltr'><strong>eon-</strong></span> 
     </span>
    </p>
   </div>
   <div class='ocr_carea' id='block_1_20' title="bbox 371 1887 1936 1965">
    <p class='ocr_par' dir='ltr' id='par_1_20' title="bbox 371 1887 1936 1965">
     <span class='ocr_line' id='line_1_20' title="bbox 371 1887 1936 1965; baseline -0.018 0"><span class='ocrx_word' id='word_1_126' title='bbox 371 1887 521 1965; x_wconf 84' lang='lat' dir='ltr'><strong>tulit.</strong></span> <span class='ocrx_word' id='word_1_127' title='bbox 565 1907 704 1962; x_wconf 84' lang='lat' dir='ltr'><strong>Urbs</strong></span> <span class='ocrx_word' id='word_1_128' title='bbox 745 1913 928 1958; x_wconf 88' lang='lat' dir='ltr'><strong>autcm</strong></span> <span class='ocrx_word' id='word_1_129' title='bbox 959 1901 1086 1956; x_wconf 80' lang='lat' dir='ltr'><strong>olim</strong></span> <span class='ocrx_word' id='word_1_130' title='bbox 1127 1895 1400 1952; x_wconf 81' lang='lat' dir='ltr'><strong>Hellenica</strong></span> <span class='ocrx_word' id='word_1_131' title='bbox 1425 1933 1439 1954; x_wconf 91' lang='lat'><strong>,</strong></span> <span class='ocrx_word' id='word_1_132' title='bbox 1469 1907 1616 1944; x_wconf 88' lang='lat' dir='ltr'><strong>nunc</strong></span> <span class='ocrx_word' id='word_1_133' title='bbox 1643 1903 1773 1942; x_wconf 83' lang='lat' dir='ltr'><strong>vero</strong></span> <span class='ocrx_word' id='word_1_134' title='bbox 1805 1887 1936 1939; x_wconf 86' lang='lat' dir='ltr'><strong>Bar-</strong></span> 
     </span>
    </p>
   </div>
   <div class='ocr_carea' id='block_1_21' title="bbox 363 1983 1935 2058">
    <p class='ocr_par' dir='ltr' id='par_1_21' title="bbox 363 1983 1935 2058">
     <span class='ocr_line' id='line_1_21' title="bbox 363 1983 1935 2058; baseline -0.018 -1"><span class='ocrx_word' id='word_1_135' title='bbox 363 2002 512 2057; x_wconf 86' lang='lat' dir='ltr'><strong>baris</strong></span> <span class='ocrx_word' id='word_1_136' title='bbox 531 1996 842 2058; x_wconf 86' lang='lat' dir='ltr'><strong>tributaria,</strong></span> <span class='ocrx_word' id='word_1_137' title='bbox 870 2003 980 2046; x_wconf 85' lang='lat' dir='ltr'><strong>uta</strong></span> <span class='ocrx_word' id='word_1_138' title='bbox 1012 1991 1208 2046; x_wconf 85' lang='lat' dir='ltr'><strong>timore</strong></span> <span class='ocrx_word' id='word_1_139' title='bbox 1236 1997 1288 2041; x_wconf 90' lang='lat' dir='ltr'><strong>et</strong></span> <span class='ocrx_word' id='word_1_140' title='bbox 1313 1983 1560 2056; x_wconf 88' lang='lat' dir='ltr'><strong>periculo</strong></span> <span class='ocrx_word' id='word_1_141' title='bbox 1591 1993 1782 2034; x_wconf 89' lang='lat' dir='ltr'><strong>secura</strong></span> <span class='ocrx_word' id='word_1_142' title='bbox 1813 1991 1935 2032; x_wconf 85' lang='lat' dir='ltr'><strong>esse</strong></span> 
     </span>
    </p>
   </div>
   <div class='ocr_carea' id='block_1_22' title="bbox 367 2072 1938 2164">
    <p class='ocr_par' dir='ltr' id='par_1_22' title="bbox 367 2072 1938 2164">
     <span class='ocr_line' id='line_1_22' title="bbox 367 2072 1938 2164; baseline -0.015 -17"><span class='ocrx_word' id='word_1_143' title='bbox 367 2103 572 2164; x_wconf 87' lang='lat' dir='ltr'><strong>posset,</strong></span> <span class='ocrx_word' id='word_1_144' title='bbox 607 2093 710 2146; x_wconf 85' lang='lat' dir='ltr'><strong>sita</strong></span> <span class='ocrx_word' id='word_1_145' title='bbox 745 2099 828 2143; x_wconf 90' lang='lat' dir='ltr'><strong>est</strong></span> <span class='ocrx_word' id='word_1_146' title='bbox 863 2088 918 2140; x_wconf 87' lang='lat' dir='ltr'><strong>in</strong></span> <span class='ocrx_word' id='word_1_147' title='bbox 955 2083 1336 2155; x_wconf 89' lang='lat' dir='ltr'><strong>promontorio</strong></span> <span class='ocrx_word' id='word_1_148' title='bbox 1371 2079 1526 2134; x_wconf 91' lang='lat' dir='ltr'><strong>sinus</strong></span> <span class='ocrx_word' id='word_1_149' title='bbox 1551 2074 1846 2142; x_wconf 88' lang='lat' dir='ltr'><strong>maritimi,</strong></span> <span class='ocrx_word' id='word_1_150' title='bbox 1881 2072 1938 2126; x_wconf 91' lang='lat' dir='ltr'><strong>in</strong></span> 
     </span>
    </p>
   </div>
   <div class='ocr_carea' id='block_1_23' title="bbox 366 2163 1940 2244">
    <p class='ocr_par' dir='ltr' id='par_1_23' title="bbox 366 2163 1940 2244">
     <span class='ocr_line' id='line_1_23' title="bbox 366 2163 1940 2244; baseline -0.018 -1"><span class='ocrx_word' id='word_1_151' title='bbox 366 2185 634 2242; x_wconf 65' lang='lat' dir='ltr'><strong>Eolidem</strong></span> <span class='ocrx_word' id='word_1_152' title='bbox 689 2192 888 2234; x_wconf 85' lang='lat' dir='ltr'><strong>terram</strong></span> <span class='ocrx_word' id='word_1_153' title='bbox 941 2174 1254 2244; x_wconf 82' lang='lat' dir='ltr'><strong>longissime</strong></span> <span class='ocrx_word' id='word_1_154' title='bbox 1309 2167 1644 2224; x_wconf 84' lang='lat' dir='ltr'><strong>incurrentis</strong></span> <span class='ocrx_word' id='word_1_155' title='bbox 1693 2175 1748 2220; x_wconf 88' lang='lat' dir='ltr'><strong>et</strong></span> <span class='ocrx_word' id='word_1_156' title='bbox 1805 2163 1940 2216; x_wconf 86' lang='lat' dir='ltr'><strong>fines</strong></span> 
     </span>
    </p>
   </div>
   <div class='ocr_carea' id='block_1_24' title="bbox 367 2255 1942 2349">
    <p class='ocr_par' dir='ltr' id='par_1_24' title="bbox 367 2255 1942 2349">
     <span class='ocr_line' id='line_1_24' title="bbox 367 2255 1942 2349; baseline -0.018 -17"><span class='ocrx_word' id='word_1_157' title='bbox 367 2277 642 2349; x_wconf 81' lang='lat' dir='ltr'><strong>Lydorum</strong></span> <span class='ocrx_word' id='word_1_158' title='bbox 677 2271 828 2340; x_wconf 85' lang='lat' dir='ltr'><strong>regni</strong></span> <span class='ocrx_word' id='word_1_159' title='bbox 855 2282 990 2337; x_wconf 90' lang='lat' dir='ltr'><strong>pene</strong></span> <span class='ocrx_word' id='word_1_160' title='bbox 1020 2263 1358 2334; x_wconf 84' lang='lat' dir='ltr'><strong>attingentis.</strong></span> <span class='ocrx_word' id='word_1_161' title='bbox 1387 2261 1524 2314; x_wconf 90' lang='lat' dir='ltr'><strong>lluic</strong></span> <span class='ocrx_word' id='word_1_162' title='bbox 1556 2257 1678 2312; x_wconf 88' lang='lat' dir='ltr'><strong>urbi</strong></span> <span class='ocrx_word' id='word_1_163' title='bbox 1711 2255 1942 2322; x_wconf 86' lang='lat' dir='ltr'><strong>imperat</strong></span> 
     </span>
    </p>
   </div>
   <div class='ocr_carea' id='block_1_25' title="bbox 369 2345 1942 2441">
    <p class='ocr_par' dir='ltr' id='par_1_25' title="bbox 369 2345 1942 2441">
     <span class='ocr_line' id='line_1_25' title="bbox 369 2345 1942 2441; baseline -0.02 -16"><span class='ocrx_word' id='word_1_164' title='bbox 369 2345 508 2441; x_wconf 83' lang='lat' dir='ltr'><strong>quia</strong></span> <span class='ocrx_word' id='word_1_165' title='bbox 528 2368 896 2420; x_wconf 75' lang='lat' dir='ltr'><strong>Romanorum</strong></span> <span class='ocrx_word' id='word_1_166' title='bbox 927 2359 1058 2426; x_wconf 88' lang='lat' dir='ltr'><strong>imp.</strong></span> <span class='ocrx_word' id='word_1_167' title='bbox 1088 2363 1302 2409; x_wconf 81' lang='lat' dir='ltr'><strong>creatus</strong></span> <span class='ocrx_word' id='word_1_168' title='bbox 1328 2363 1380 2406; x_wconf 87' lang='lat' dir='ltr'><strong>et</strong></span> <span class='ocrx_word' id='word_1_169' title='bbox 1415 2346 1672 2419; x_wconf 75' lang='lat' dir='ltr'><strong>Byzantio</strong></span> <span class='ocrx_word' id='word_1_170' title='bbox 1707 2345 1942 2397; x_wconf 86' lang='lat' dir='ltr'><strong>mittitur</strong></span> 
     </span>
    </p>
   </div>
   <div class='ocr_carea' id='block_1_26' title="bbox 370 2439 1940 2526">
    <p class='ocr_par' dir='ltr' id='par_1_26' title="bbox 370 2439 1940 2526">
     <span class='ocr_line' id='line_1_26' title="bbox 370 2439 1940 2526; baseline -0.019 -11"><span class='ocrx_word' id='word_1_171' title='bbox 370 2439 426 2516; x_wconf 79' lang='lat' dir='ltr'><strong>in</strong></span> <span class='ocrx_word' id='word_1_172' title='bbox 482 2469 696 2526; x_wconf 85' lang='lat' dir='ltr'><strong>tempus</strong></span> <span class='ocrx_word' id='word_1_173' title='bbox 743 2461 1007 2522; x_wconf 87' lang='lat' dir='ltr'><strong>quantum</strong></span> <span class='ocrx_word' id='word_1_174' title='bbox 1061 2447 1152 2500; x_wconf 89' lang='lat' dir='ltr'><strong>ille</strong></span> <span class='ocrx_word' id='word_1_175' title='bbox 1200 2442 1474 2498; x_wconf 88' lang='lat' dir='ltr'><strong>statuerit.</strong></span> <span class='ocrx_word' id='word_1_176' title='bbox 1513 2439 1625 2492; x_wconf 91' lang='lat' dir='ltr'><strong>lloc</strong></span> <span class='ocrx_word' id='word_1_177' title='bbox 1651 2451 1781 2490; x_wconf 88' lang='lat' dir='ltr'><strong>vero</strong></span> <span class='ocrx_word' id='word_1_178' title='bbox 1815 2448 1940 2488; x_wconf 90' lang='lat' dir='ltr'><strong>cum</strong></span> 
     </span>
    </p>
   </div>
   <div class='ocr_carea' id='block_1_27' title="bbox 375 2523 1940 2620">
    <p class='ocr_par' dir='ltr' id='par_1_27' title="bbox 375 2523 1940 2620">
     <span class='ocr_line' id='line_1_27' title="bbox 375 2523 1940 2620; baseline -0.02 -14"><span class='ocrx_word' id='word_1_179' title='bbox 375 2550 518 2620; x_wconf 88' lang='lat' dir='ltr'><strong>capti</strong></span> <span class='ocrx_word' id='word_1_180' title='bbox 554 2523 694 2616; x_wconf 79' lang='lat' dir='ltr'><strong>patri</strong></span> <span class='ocrx_word' id='word_1_181' title='bbox 732 2545 982 2614; x_wconf 77' lang='lat' dir='ltr'><strong>Hyrcano</strong></span> <span class='ocrx_word' id='word_1_182' title='bbox 1009 2539 1238 2592; x_wconf 87' lang='lat' dir='ltr'><strong>relatum</strong></span> <span class='ocrx_word' id='word_1_183' title='bbox 1269 2542 1438 2594; x_wconf 86' lang='lat' dir='ltr'><strong>esset,</strong></span> <span class='ocrx_word' id='word_1_184' title='bbox 1463 2543 1572 2583; x_wconf 88' lang='lat' dir='ltr'><strong>non</strong></span> <span class='ocrx_word' id='word_1_185' title='bbox 1601 2523 1940 2580; x_wconf 81' lang='lat' dir='ltr'><strong>tolerandam</strong></span> 
     </span>
    </p>
   </div>
   <div class='ocr_carea' id='block_1_28' title="bbox 372 2613 1941 2706">
    <p class='ocr_par' dir='ltr' id='par_1_28' title="bbox 372 2613 1941 2706">
     <span class='ocr_line' id='line_1_28' title="bbox 372 2613 1941 2706; baseline -0.021 -9"><span class='ocrx_word' id='word_1_186' title='bbox 372 2659 510 2706; x_wconf 86' lang='lat' dir='ltr'><strong>rem,</strong></span> <span class='ocrx_word' id='word_1_187' title='bbox 571 2639 668 2694; x_wconf 88' lang='lat' dir='ltr'><strong>sed</strong></span> <span class='ocrx_word' id='word_1_188' title='bbox 707 2639 938 2706; x_wconf 60' lang='lat' dir='ltr'><strong>propria:</strong></span> <span class='ocrx_word' id='word_1_189' title='bbox 975 2633 1146 2700; x_wconf 85' lang='lat' dir='ltr'><strong>ipsius</strong></span> <span class='ocrx_word' id='word_1_190' title='bbox 1197 2623 1361 2680; x_wconf 90' lang='lat' dir='ltr'><strong>morti</strong></span> <span class='ocrx_word' id='word_1_191' title='bbox 1391 2621 1652 2688; x_wconf 76' lang='lat' dir='ltr'><strong>aequalem</strong></span> <span class='ocrx_word' id='word_1_192' title='bbox 1707 2613 1941 2676; x_wconf 85' lang='lat' dir='ltr'><strong>censuit,</strong></span> 
     </span>
    </p>
   </div>
   <div class='ocr_carea' id='block_1_29' title="bbox 373 2703 1940 2793">
    <p class='ocr_par' dir='ltr' id='par_1_29' title="bbox 373 2703 1940 2793">
     <span class='ocr_line' id='line_1_29' title="bbox 373 2703 1940 2793; baseline -0.022 -4"><span class='ocrx_word' id='word_1_193' title='bbox 373 2750 500 2790; x_wconf 90' lang='lat' dir='ltr'><strong>cum</strong></span> <span class='ocrx_word' id='word_1_194' title='bbox 549 2731 720 2784; x_wconf 89' lang='lat' dir='ltr'><strong>filium</strong></span> <span class='ocrx_word' id='word_1_195' title='bbox 795 2735 1016 2793; x_wconf 85' lang='lat' dir='ltr'><strong>captum</strong></span> <span class='ocrx_word' id='word_1_196' title='bbox 1073 2719 1331 2788; x_wconf 89' lang='lat' dir='ltr'><strong>quidem,</strong></span> <span class='ocrx_word' id='word_1_197' title='bbox 1383 2727 1488 2766; x_wconf 90' lang='lat' dir='ltr'><strong>non</strong></span> <span class='ocrx_word' id='word_1_198' title='bbox 1547 2724 1676 2762; x_wconf 89' lang='lat' dir='ltr'><strong>vero</strong></span> <span class='ocrx_word' id='word_1_199' title='bbox 1733 2722 1762 2760; x_wconf 88' lang='lat' dir='ltr'><strong>a</strong></span> <span class='ocrx_word' id='word_1_200' title='bbox 1821 2703 1940 2773; x_wconf 83' lang='lat' dir='ltr'><strong>qui-</strong></span> 
     </span>
    </p>
   </div>
   <div class='ocr_carea' id='block_1_30' title="bbox 379 2798 1946 2887">
    <p class='ocr_par' dir='ltr' id='par_1_30' title="bbox 379 2798 1946 2887">
     <span class='ocr_line' id='line_1_30' title="bbox 379 2798 1946 2887; baseline -0.022 -5"><span class='ocrx_word' id='word_1_201' title='bbox 379 2829 483 2882; x_wconf 90' lang='lat' dir='ltr'><strong>bus</strong></span> <span class='ocrx_word' id='word_1_202' title='bbox 532 2823 732 2882; x_wconf 87' lang='lat' dir='ltr'><strong>sciret,</strong></span> <span class='ocrx_word' id='word_1_203' title='bbox 791 2810 1278 2887; x_wconf 83' lang='lat' dir='ltr'><strong>conjectationihus</strong></span> <span class='ocrx_word' id='word_1_204' title='bbox 1341 2815 1396 2859; x_wconf 91' lang='lat' dir='ltr'><strong>et</strong></span> <span class='ocrx_word' id='word_1_205' title='bbox 1449 2805 1614 2858; x_wconf 83' lang='lat' dir='ltr'><strong>variis</strong></span> <span class='ocrx_word' id='word_1_206' title='bbox 1653 2798 1946 2868; x_wconf 87' lang='lat' dir='ltr'><strong>reputatio-</strong></span> 
     </span>
    </p>
   </div>
   <div class='ocr_carea' id='block_1_31' title="bbox 379 2889 1976 2972">
    <p class='ocr_par' dir='ltr' id='par_1_31' title="bbox 379 2889 1976 2972">
     <span class='ocr_line' id='line_1_31' title="bbox 379 2889 1976 2972; baseline -0.021 0"><span class='ocrx_word' id='word_1_207' title='bbox 379 2917 544 2972; x_wconf 87' lang='lat' dir='ltr'><strong>uibus</strong></span> <span class='ocrx_word' id='word_1_208' title='bbox 575 2921 812 2966; x_wconf 83' lang='lat' dir='ltr'><strong>mentem</strong></span> <span class='ocrx_word' id='word_1_209' title='bbox 844 2905 1176 2967; x_wconf 85' lang='lat' dir='ltr'><strong>distrahens,</strong></span> <span class='ocrx_word' id='word_1_210' title='bbox 1209 2899 1302 2952; x_wconf 89' lang='lat' dir='ltr'><strong>diu</strong></span> <span class='ocrx_word' id='word_1_211' title='bbox 1356 2899 1595 2951; x_wconf 87' lang='lat' dir='ltr'><strong>incertas</strong></span> <span class='ocrx_word' id='word_1_212' title='bbox 1639 2905 1798 2946; x_wconf 83' lang='lat' dir='ltr'><strong>aures</strong></span> <span class='ocrx_word' id='word_1_213' title='bbox 1840 2889 1944 2942; x_wconf 80' lang='lat' dir='ltr'><strong>tlu-</strong></span> <span class='ocrx_word' id='word_1_214' title='bbox 1973 2937 1976 2940; x_wconf 75' lang='lat'><strong>.</strong></span> 
     </span>
    </p>
   </div>
   <div class='ocr_carea' id='block_1_32' title="bbox 378 2981 1946 3066">
    <p class='ocr_par' dir='ltr' id='par_1_32' title="bbox 378 2981 1946 3066">
     <span class='ocr_line' id='line_1_32' title="bbox 378 2981 1946 3066; baseline -0.018 -6"><span class='ocrx_word' id='word_1_215' title='bbox 378 3006 586 3062; x_wconf 88' lang='lat' dir='ltr'><strong>ctuanti</strong></span> <span class='ocrx_word' id='word_1_216' title='bbox 618 2999 824 3054; x_wconf 89' lang='lat' dir='ltr'><strong>rumori</strong></span> <span class='ocrx_word' id='word_1_217' title='bbox 861 2994 1098 3066; x_wconf 57' lang='lat' dir='ltr'><strong>praebuit</strong></span> <span class='ocrx_word' id='word_1_218' title='bbox 1121 3033 1135 3057; x_wconf 90' lang='lat'><strong>,</strong></span> <span class='ocrx_word' id='word_1_219' title='bbox 1191 2992 1365 3044; x_wconf 88' lang='lat' dir='ltr'><strong>donec</strong></span> <span class='ocrx_word' id='word_1_220' title='bbox 1399 2987 1710 3040; x_wconf 74' lang='lat' dir='ltr'><strong>Phocenses</strong></span> <span class='ocrx_word' id='word_1_221' title='bbox 1743 2981 1946 3050; x_wconf 81' lang='lat' dir='ltr'><strong>piratas</strong></span> 
     </span>
    </p>
   </div>
   <div class='ocr_carea' id='block_1_33' title="bbox 381 3075 1940 3164">
    <p class='ocr_par' dir='ltr' id='par_1_33' title="bbox 381 3075 1940 3164">
     <span class='ocr_line' id='line_1_33' title="bbox 381 3075 1940 3164; baseline -0.02 -10"><span class='ocrx_word' id='word_1_222' title='bbox 381 3100 554 3154; x_wconf 83' lang='lat' dir='ltr'><strong>lilium</strong></span> <span class='ocrx_word' id='word_1_223' title='bbox 585 3096 832 3164; x_wconf 83' lang='lat' dir='ltr'><strong>rapuisse</strong></span> <span class='ocrx_word' id='word_1_224' title='bbox 863 3088 1239 3155; x_wconf 84' lang='lat' dir='ltr'><strong>comperisset,</strong></span> <span class='ocrx_word' id='word_1_225' title='bbox 1260 3095 1461 3150; x_wconf 78' lang='lat' dir='ltr'><strong>eosque</strong></span> <span class='ocrx_word' id='word_1_226' title='bbox 1491 3093 1610 3133; x_wconf 88' lang='lat' dir='ltr'><strong>esse</strong></span> <span class='ocrx_word' id='word_1_227' title='bbox 1649 3075 1940 3134; x_wconf 79' lang='lat' dir='ltr'><strong>ltoinanos,</strong></span> 
     </span>
    </p>
   </div>
   <div class='ocr_carea' id='block_1_34' title="bbox 2027 612 3552 688">
    <p class='ocr_par' dir='ltr' id='par_1_34' title="bbox 2027 612 3552 688">
     <span class='ocr_line' id='line_1_34' title="bbox 2027 612 3552 688; baseline 0.001 -20"><span class='ocrx_word' id='word_1_228' title='bbox 2027 617 2155 688; x_wconf 70' lang='grc' dir='ltr'>περὶ</span> <span class='ocrx_word' id='word_1_229' title='bbox 2203 617 2394 672; x_wconf 86' lang='grc' dir='ltr'>δίκτυά</span> <span class='ocrx_word' id='word_1_230' title='bbox 2445 633 2506 670; x_wconf 80' lang='grc' dir='ltr'><strong>τε</strong></span> <span class='ocrx_word' id='word_1_231' title='bbox 2561 617 2656 670; x_wconf 71' lang='grc' dir='ltr'>καὶ</span> <span class='ocrx_word' id='word_1_232' title='bbox 2703 615 2902 684; x_wconf 67' lang='grc' dir='ltr'>ἰχθύων</span> <span class='ocrx_word' id='word_1_233' title='bbox 2949 613 3130 684; x_wconf 74' lang='grc' dir='ltr'>ἄγραν</span> <span class='ocrx_word' id='word_1_234' title='bbox 3181 612 3552 684; x_wconf 71' lang='grc' dir='ltr'><strong>ἀσχολουμένων</strong></span> 
     </span>
    </p>
   </div>
   <div class='ocr_carea' id='block_1_35' title="bbox 2028 702 3554 774">
    <p class='ocr_par' dir='ltr' id='par_1_35' title="bbox 2028 702 3554 774">
     <span class='ocr_line' id='line_1_35' title="bbox 2028 702 3554 774; baseline 0.001 -16"><span class='ocrx_word' id='word_1_235' title='bbox 2028 705 2259 758; x_wconf 69' lang='grc' dir='ltr'>ἀῖοιάδων</span> <span class='ocrx_word' id='word_1_236' title='bbox 2293 703 2714 774; x_wconf 83' lang='grc' dir='ltr'>προσκαλεσάμε</span> <span class='ocrx_word' id='word_1_237' title='bbox 2747 721 2824 768; x_wconf 86' lang='grc' dir='ltr'>ος,</span> <span class='ocrx_word' id='word_1_238' title='bbox 2857 702 3032 774; x_wconf 78' lang='grc' dir='ltr'>εἰσῄει</span> <span class='ocrx_word' id='word_1_239' title='bbox 3067 719 3126 755; x_wconf 83' lang='grc' dir='ltr'><strong>τε</strong></span> <span class='ocrx_word' id='word_1_240' title='bbox 3157 702 3256 756; x_wconf 74' lang='grc' dir='ltr'>καὶ</span> <span class='ocrx_word' id='word_1_241' title='bbox 3280 703 3448 770; x_wconf 76' lang='grc' dir='ltr'>ἡρέμα</span> <span class='ocrx_word' id='word_1_242' title='bbox 3473 723 3554 758; x_wconf 71' lang='grc' dir='ltr'>πι-</span> 
     </span>
    </p>
   </div>
   <div class='ocr_carea' id='block_1_36' title="bbox 2029 795 3554 868">
    <p class='ocr_par' dir='ltr' id='par_1_36' title="bbox 2029 795 3554 868">
     <span class='ocr_line' id='line_1_36' title="bbox 2029 795 3554 868; baseline 0 -18"><span class='ocrx_word' id='word_1_243' title='bbox 2029 799 2213 868; x_wconf 78' lang='grc' dir='ltr'>ρέπλει</span> <span class='ocrx_word' id='word_1_244' title='bbox 2245 801 2304 850; x_wconf 74' lang='grc' dir='ltr'>τὸ</span> <span class='ocrx_word' id='word_1_245' title='bbox 2329 799 2670 868; x_wconf 79' lang='grc' dir='ltr'>ἀκρωτήριον</span> <span class='ocrx_word' id='word_1_246' title='bbox 2725 798 2788 850; x_wconf 82' lang='grc' dir='ltr'>ὲκ</span> <span class='ocrx_word' id='word_1_247' title='bbox 2847 797 3118 862; x_wconf 75' lang='grc' dir='ltr'>θαλάττης</span> <span class='ocrx_word' id='word_1_248' title='bbox 3167 795 3248 857; x_wconf 87' lang='grc' dir='ltr'><strong>είς</strong></span> <span class='ocrx_word' id='word_1_249' title='bbox 3287 795 3554 861; x_wconf 64' lang='grc' dir='ltr'>θάλατταν,</span> 
     </span>
    </p>
   </div>
   <div class='ocr_carea' id='block_1_37' title="bbox 2027 891 3558 962">
    <p class='ocr_par' dir='ltr' id='par_1_37' title="bbox 2027 891 3558 962">
     <span class='ocr_line' id='line_1_37' title="bbox 2027 891 3558 962; baseline 0.001 -18"><span class='ocrx_word' id='word_1_250' title='bbox 2027 894 2144 954; x_wconf 80' lang='grc' dir='ltr'>οἵας</span> <span class='ocrx_word' id='word_1_251' title='bbox 2169 891 2438 958; x_wconf 79' lang='grc' dir='ltr'>δηποτοῦν</span> <span class='ocrx_word' id='word_1_252' title='bbox 2467 893 2781 962; x_wconf 73' lang='grc' dir='ltr'><strong>ἀναψύξεως</strong></span> <span class='ocrx_word' id='word_1_253' title='bbox 2803 893 2987 946; x_wconf 71' lang='grc' dir='ltr'>ἕνεκα.</span> <span class='ocrx_word' id='word_1_254' title='bbox 3022 894 3219 960; x_wconf 81' lang='grc' dir='ltr'><strong>Ἔτυχε</strong></span> <span class='ocrx_word' id='word_1_255' title='bbox 3255 891 3299 944; x_wconf 77' lang='grc' dir='ltr'>δ’</span> <span class='ocrx_word' id='word_1_256' title='bbox 3333 892 3388 942; x_wconf 77' lang='grc' dir='ltr'>ὲν</span> <span class='ocrx_word' id='word_1_257' title='bbox 3410 896 3558 962; x_wconf 74' lang='grc' dir='ltr'>ταυτῷ</span> 
     </span>
    </p>
   </div>
   <div class='ocr_carea' id='block_1_38' title="bbox 2029 983 3556 1055">
    <p class='ocr_par' dir='ltr' id='par_1_38' title="bbox 2029 983 3556 1055">
     <span class='ocr_line' id='line_1_38' title="bbox 2029 983 3556 1055; baseline -0.001 -17"><span class='ocrx_word' id='word_1_258' title='bbox 2029 985 2182 1054; x_wconf 72' lang='grc' dir='ltr'>παρὰ</span> <span class='ocrx_word' id='word_1_259' title='bbox 2209 984 2310 1047; x_wconf 80' lang='grc' dir='ltr'><strong>τὰς</strong></span> <span class='ocrx_word' id='word_1_260' title='bbox 2356 986 2471 1038; x_wconf 72' lang='grc' dir='ltr'>ἐκεῖ</span> <span class='ocrx_word' id='word_1_261' title='bbox 2505 1002 2608 1038; x_wconf 86' lang='grc' dir='ltr'><strong>που</strong></span> <span class='ocrx_word' id='word_1_262' title='bbox 2639 987 2964 1055; x_wconf 57' lang='grc' dir='ltr'>συνηρεφεῖς</span> <span class='ocrx_word' id='word_1_263' title='bbox 2991 985 3086 1035; x_wconf 76' lang='grc' dir='ltr'>καὶ</span> <span class='ocrx_word' id='word_1_264' title='bbox 3117 983 3438 1044; x_wconf 78' lang='grc' dir='ltr'><strong>κατασκίους</strong></span> <span class='ocrx_word' id='word_1_265' title='bbox 3469 989 3556 1047; x_wconf 81' lang='grc' dir='ltr'>τοῖς</span> 
     </span>
    </p>
   </div>
   <div class='ocr_carea' id='block_1_39' title="bbox 2028 1074 3560 1144">
    <p class='ocr_par' dir='ltr' id='par_1_39' title="bbox 2028 1074 3560 1144">
     <span class='ocr_line' id='line_1_39' title="bbox 2028 1074 3560 1144; baseline -0.005 -16"><span class='ocrx_word' id='word_1_266' title='bbox 2028 1077 2262 1144; x_wconf 74' lang='grc' dir='ltr'><strong>δένδροις</strong></span> <span class='ocrx_word' id='word_1_267' title='bbox 2313 1076 2484 1136; x_wconf 72' lang='grc' dir='ltr'>ἀκτὰς</span> <span class='ocrx_word' id='word_1_268' title='bbox 2533 1076 2806 1144; x_wconf 78' lang='grc' dir='ltr'>ὲλλοχῶσα</span> <span class='ocrx_word' id='word_1_269' title='bbox 2861 1074 3156 1144; x_wconf 68' lang='grc' dir='ltr'>πειρατικὴ</span> <span class='ocrx_word' id='word_1_270' title='bbox 3201 1089 3284 1132; x_wconf 85' lang='grc' dir='ltr'><strong>τις</strong></span> <span class='ocrx_word' id='word_1_271' title='bbox 3333 1074 3560 1140; x_wconf 56' lang='grc' dir='ltr'>μονήρης,</span> 
     </span>
    </p>
   </div>
   <div class='ocr_carea' id='block_1_40' title="bbox 2031 1164 3561 1235">
    <p class='ocr_par' dir='ltr' id='par_1_40' title="bbox 2031 1164 3561 1235">
     <span class='ocr_line' id='line_1_40' title="bbox 2031 1164 3561 1235; baseline -0.003 -15"><span class='ocrx_word' id='word_1_272' title='bbox 2031 1170 2250 1224; x_wconf 80' lang='grc' dir='ltr'><strong>εἰωθυῖα</strong></span> <span class='ocrx_word' id='word_1_273' title='bbox 2296 1168 2416 1222; x_wconf 80' lang='grc' dir='ltr'>κατ’</span> <span class='ocrx_word' id='word_1_274' title='bbox 2445 1168 2620 1221; x_wconf 68' lang='grc' dir='ltr'>ἄλλοτ’</span> <span class='ocrx_word' id='word_1_275' title='bbox 2667 1167 2858 1230; x_wconf 82' lang='grc' dir='ltr'>ἄλλους</span> <span class='ocrx_word' id='word_1_276' title='bbox 2890 1167 3088 1228; x_wconf 77' lang='grc' dir='ltr'><strong>τόπους</strong></span> <span class='ocrx_word' id='word_1_277' title='bbox 3123 1165 3220 1233; x_wconf 74' lang='grc' dir='ltr'>τῆς</span> <span class='ocrx_word' id='word_1_278' title='bbox 3262 1164 3561 1235; x_wconf 74' lang='grc' dir='ltr'>βαρϐαρικῆς</span> 
     </span>
    </p>
   </div>
   <div class='ocr_carea' id='block_1_41' title="bbox 2031 1256 3563 1329">
    <p class='ocr_par' dir='ltr' id='par_1_41' title="bbox 2031 1256 3563 1329">
     <span class='ocr_line' id='line_1_41' title="bbox 2031 1256 3563 1329; baseline -0.003 -16"><span class='ocrx_word' id='word_1_279' title='bbox 2031 1260 2248 1329; x_wconf 78' lang='grc' dir='ltr'><strong>ἐκείνης</strong></span> <span class='ocrx_word' id='word_1_280' title='bbox 2285 1260 2556 1326; x_wconf 73' lang='grc' dir='ltr'>παραλίου</span> <span class='ocrx_word' id='word_1_281' title='bbox 2591 1259 2686 1311; x_wconf 70' lang='grc' dir='ltr'>καὶ</span> <span class='ocrx_word' id='word_1_282' title='bbox 2736 1258 3031 1320; x_wconf 79' lang='grc' dir='ltr'>’Λσιάτιδος</span> <span class='ocrx_word' id='word_1_283' title='bbox 3061 1258 3165 1326; x_wconf 72' lang='grc' dir='ltr'>γῆς</span> <span class='ocrx_word' id='word_1_284' title='bbox 3205 1256 3364 1309; x_wconf 78' lang='grc' dir='ltr'>τοῦτο</span> <span class='ocrx_word' id='word_1_285' title='bbox 3403 1263 3563 1326; x_wconf 71' lang='grc' dir='ltr'>ποιεῖν,</span> 
     </span>
    </p>
   </div>
   <div class='ocr_carea' id='block_1_42' title="bbox 2031 1351 3564 1423">
    <p class='ocr_par' dir='ltr' id='par_1_42' title="bbox 2031 1351 3564 1423">
     <span class='ocr_line' id='line_1_42' title="bbox 2031 1351 3564 1423; baseline -0.004 -17"><span class='ocrx_word' id='word_1_286' title='bbox 2031 1355 2142 1406; x_wconf 73' lang='grc' dir='ltr'>κὰκ</span> <span class='ocrx_word' id='word_1_287' title='bbox 2192 1354 2298 1404; x_wconf 83' lang='grc' dir='ltr'>τῶν</span> <span class='ocrx_word' id='word_1_288' title='bbox 2349 1353 2558 1406; x_wconf 67' lang='grc' dir='ltr'>ἐκεῖθεν</span> <span class='ocrx_word' id='word_1_289' title='bbox 2603 1353 2862 1423; x_wconf 75' lang='grc' dir='ltr'>λαφύρων</span> <span class='ocrx_word' id='word_1_290' title='bbox 2899 1353 3144 1420; x_wconf 70' lang='grc' dir='ltr'>Περσικὰ</span> <span class='ocrx_word' id='word_1_291' title='bbox 3191 1351 3482 1420; x_wconf 67' lang='grc' dir='ltr'>κερδαίνειν</span> <span class='ocrx_word' id='word_1_292' title='bbox 3519 1354 3564 1414; x_wconf 71' lang='grc' dir='ltr'><strong>ἐξ</strong></span> 
     </span>
    </p>
   </div>
   <div class='ocr_carea' id='block_1_43' title="bbox 2033 1440 3566 1514">
    <p class='ocr_par' dir='ltr' id='par_1_43' title="bbox 2033 1440 3566 1514">
     <span class='ocr_line' id='line_1_43' title="bbox 2033 1440 3566 1514; baseline -0.001 -18"><span class='ocrx_word' id='word_1_293' title='bbox 2033 1444 2245 1512; x_wconf 79' lang='grc' dir='ltr'>ἀδήλων</span> <span class='ocrx_word' id='word_1_294' title='bbox 2277 1446 2556 1514; x_wconf 81' lang='grc' dir='ltr'>χρήματα,</span> <span class='ocrx_word' id='word_1_295' title='bbox 2590 1445 2692 1510; x_wconf 61' lang='grc' dir='ltr'><strong>κὺξ</strong></span> <span class='ocrx_word' id='word_1_296' title='bbox 2723 1443 3038 1510; x_wconf 75' lang='grc' dir='ltr'>ἀλλοφύλων</span> <span class='ocrx_word' id='word_1_297' title='bbox 3063 1440 3426 1512; x_wconf 74' lang='grc' dir='ltr'><strong>αἰχμαλώτων</strong></span> <span class='ocrx_word' id='word_1_298' title='bbox 3456 1444 3566 1496; x_wconf 58' lang='grc' dir='ltr'>ἰδίαν</span> 
     </span>
    </p>
   </div>
   <div class='ocr_carea' id='block_1_44' title="bbox 2033 1530 3568 1603">
    <p class='ocr_par' dir='ltr' id='par_1_44' title="bbox 2033 1530 3568 1603">
     <span class='ocr_line' id='line_1_44' title="bbox 2033 1530 3568 1603; baseline -0.002 -19"><span class='ocrx_word' id='word_1_299' title='bbox 2033 1533 2354 1603; x_wconf 78' lang='grc' dir='ltr'>πορίζεσθαι</span> <span class='ocrx_word' id='word_1_300' title='bbox 2404 1533 2516 1603; x_wconf 80' lang='grc' dir='ltr'>βίου</span> <span class='ocrx_word' id='word_1_301' title='bbox 2561 1533 2863 1602; x_wconf 84' lang='grc' dir='ltr'>διάρκειαν.</span> <span class='ocrx_word' id='word_1_302' title='bbox 2917 1531 3064 1601; x_wconf 76' lang='grc' dir='ltr'>Αὕτη</span> <span class='ocrx_word' id='word_1_303' title='bbox 3109 1531 3290 1583; x_wconf 88' lang='grc' dir='ltr'>τοίνυν</span> <span class='ocrx_word' id='word_1_304' title='bbox 3347 1530 3568 1597; x_wconf 48' lang='grc' dir='ltr'>ἐξαίφνης</span> 
     </span>
    </p>
   </div>
   <div class='ocr_carea' id='block_1_45' title="bbox 2037 1622 3570 1696">
    <p class='ocr_par' dir='ltr' id='par_1_45' title="bbox 2037 1622 3570 1696">
     <span class='ocr_line' id='line_1_45' title="bbox 2037 1622 3570 1696; baseline -0.003 -18"><span class='ocrx_word' id='word_1_305' title='bbox 2037 1626 2441 1678; x_wconf 80' lang='grc' dir='ltr'>ὲπεισπεσοῦσα</span> <span class='ocrx_word' id='word_1_306' title='bbox 2490 1629 2554 1694; x_wconf 77' lang='grc' dir='ltr'>τῇ</span> <span class='ocrx_word' id='word_1_307' title='bbox 2611 1626 2790 1680; x_wconf 82' lang='grc' dir='ltr'>ἁλιάδι</span> <span class='ocrx_word' id='word_1_308' title='bbox 2841 1625 3024 1696; x_wconf 66' lang='grc' dir='ltr'>ἐκείνῃ</span> <span class='ocrx_word' id='word_1_309' title='bbox 3062 1624 3206 1677; x_wconf 71' lang='grc' dir='ltr'>κατά</span> <span class='ocrx_word' id='word_1_310' title='bbox 3257 1639 3384 1676; x_wconf 85' lang='grc' dir='ltr'>τινα</span> <span class='ocrx_word' id='word_1_311' title='bbox 3431 1622 3570 1690; x_wconf 67' lang='grc' dir='ltr'>τύχην</span> 
     </span>
    </p>
   </div>
   <div class='ocr_carea' id='block_1_46' title="bbox 2035 1712 3568 1788">
    <p class='ocr_par' dir='ltr' id='par_1_46' title="bbox 2035 1712 3568 1788">
     <span class='ocr_line' id='line_1_46' title="bbox 2035 1712 3568 1788; baseline -0.008 -16"><span class='ocrx_word' id='word_1_312' title='bbox 2035 1719 2296 1788; x_wconf 83' lang='grc' dir='ltr'><strong>ἀδόκητον</strong></span> <span class='ocrx_word' id='word_1_313' title='bbox 2331 1716 2662 1786; x_wconf 76' lang='grc' dir='ltr'>εἰσεπήδησέ</span> <span class='ocrx_word' id='word_1_314' title='bbox 2713 1735 2770 1770; x_wconf 86' lang='grc' dir='ltr'><strong>τε</strong></span> <span class='ocrx_word' id='word_1_315' title='bbox 2821 1718 2912 1769; x_wconf 74' lang='grc' dir='ltr'>καὶ</span> <span class='ocrx_word' id='word_1_316' title='bbox 2959 1713 3124 1778; x_wconf 85' lang='grc' dir='ltr'>εἷλεν,</span> <span class='ocrx_word' id='word_1_317' title='bbox 3161 1715 3263 1766; x_wconf 75' lang='grc' dir='ltr'>οὐκ</span> <span class='ocrx_word' id='word_1_318' title='bbox 3321 1712 3443 1766; x_wconf 85' lang='grc' dir='ltr'>ἄνευ</span> <span class='ocrx_word' id='word_1_319' title='bbox 3490 1713 3568 1780; x_wconf 80' lang='grc' dir='ltr'>μὲν</span> 
     </span>
    </p>
   </div>
   <div class='ocr_carea' id='block_1_47' title="bbox 2035 1803 3570 1878">
    <p class='ocr_par' dir='ltr' id='par_1_47' title="bbox 2035 1803 3570 1878">
     <span class='ocr_line' id='line_1_47' title="bbox 2035 1803 3570 1878; baseline -0.005 -15"><span class='ocrx_word' id='word_1_320' title='bbox 2035 1809 2386 1878; x_wconf 75' lang='grc' dir='ltr'>τραυμάτων,</span> <span class='ocrx_word' id='word_1_321' title='bbox 2423 1806 2530 1860; x_wconf 80' lang='grc' dir='ltr'>εἷλε</span> <span class='ocrx_word' id='word_1_322' title='bbox 2563 1808 2607 1858; x_wconf 82' lang='grc' dir='ltr'>δ’</span> <span class='ocrx_word' id='word_1_323' title='bbox 2637 1804 2750 1862; x_wconf 70' lang='grc' dir='ltr'>οὖν.</span> <span class='ocrx_word' id='word_1_324' title='bbox 2784 1809 2894 1860; x_wconf 72' lang='grc' dir='ltr'><strong>Καὶ</strong></span> <span class='ocrx_word' id='word_1_325' title='bbox 2923 1809 3146 1874; x_wconf 77' lang='grc' dir='ltr'>γέγονεν</span> <span class='ocrx_word' id='word_1_326' title='bbox 3177 1805 3320 1872; x_wconf 72' lang='grc' dir='ltr'>αὐτῇ</span> <span class='ocrx_word' id='word_1_327' title='bbox 3367 1803 3422 1855; x_wconf 78' lang='grc' dir='ltr'>τὸ</span> <span class='ocrx_word' id='word_1_328' title='bbox 3456 1805 3570 1855; x_wconf 74' lang='grc' dir='ltr'>κτιτᾶ</span> 
     </span>
    </p>
   </div>
   <div class='ocr_carea' id='block_1_48' title="bbox 2037 1891 3572 1968">
    <p class='ocr_par' dir='ltr' id='par_1_48' title="bbox 2037 1891 3572 1968">
     <span class='ocr_line' id='line_1_48' title="bbox 2037 1891 3572 1968; baseline -0.003 -18"><span class='ocrx_word' id='word_1_329' title='bbox 2037 1899 2208 1967; x_wconf 74' lang='grc' dir='ltr'>τύχην</span> <span class='ocrx_word' id='word_1_330' title='bbox 2233 1895 2294 1968; x_wconf 79' lang='grc' dir='ltr'><strong>[ί.</strong></span> <span class='ocrx_word' id='word_1_331' title='bbox 2321 1897 2426 1950; x_wconf 68' lang='lat'><strong>272</strong></span> <span class='ocrx_word' id='word_1_332' title='bbox 2451 1895 2504 1966; x_wconf 79' lang='lat' dir='ltr'><strong>b]</strong></span> <span class='ocrx_word' id='word_1_333' title='bbox 2539 1896 2862 1949; x_wconf 69' lang='grc' dir='ltr'>ἀνέλπιστον</span> <span class='ocrx_word' id='word_1_334' title='bbox 2918 1897 3198 1965; x_wconf 82' lang='grc' dir='ltr'>πάρεργον</span> <span class='ocrx_word' id='word_1_335' title='bbox 3235 1891 3418 1962; x_wconf 72' lang='grc' dir='ltr'>μεῖζον</span> <span class='ocrx_word' id='word_1_336' title='bbox 3440 1891 3572 1959; x_wconf 75' lang='grc' dir='ltr'>ἔργου</span> 
     </span>
    </p>
   </div>
   <div class='ocr_carea' id='block_1_49' title="bbox 2039 1981 3573 2062">
    <p class='ocr_par' dir='ltr' id='par_1_49' title="bbox 2039 1981 3573 2062">
     <span class='ocr_line' id='line_1_49' title="bbox 2039 1981 3573 2062; baseline -0.003 -25"><span class='ocrx_word' id='word_1_337' title='bbox 2039 1989 2236 2048; x_wconf 75' lang='grc' dir='ltr'>παντὸς</span> <span class='ocrx_word' id='word_1_338' title='bbox 2259 1986 2354 2038; x_wconf 75' lang='grc' dir='ltr'>καὶ</span> <span class='ocrx_word' id='word_1_339' title='bbox 2380 1985 2694 2047; x_wconf 78' lang='grc' dir='ltr'>πολυετοῦς.</span> <span class='ocrx_word' id='word_1_340' title='bbox 2721 1986 2812 2036; x_wconf 81' lang='grc' dir='ltr'><strong>Διὸ</strong></span> <span class='ocrx_word' id='word_1_341' title='bbox 2837 1985 2928 2038; x_wconf 73' lang='grc' dir='ltr'>καὶ</span> <span class='ocrx_word' id='word_1_342' title='bbox 2949 1984 3199 2062; x_wconf 72' lang='grc' dir='ltr'>μαθοῦσα</span> <span class='ocrx_word' id='word_1_343' title='bbox 3221 1983 3283 2033; x_wconf 67' lang='grc' dir='ltr'>τὸ</span> <span class='ocrx_word' id='word_1_344' title='bbox 3307 1981 3406 2050; x_wconf 73' lang='grc' dir='ltr'>τῆς</span> <span class='ocrx_word' id='word_1_345' title='bbox 3433 1981 3573 2052; x_wconf 79' lang='grc' dir='ltr'>ἄγρας</span> 
     </span>
    </p>
   </div>
   <div class='ocr_carea' id='block_1_50' title="bbox 2041 2072 3575 2148">
    <p class='ocr_par' dir='ltr' id='par_1_50' title="bbox 2041 2072 3575 2148">
     <span class='ocr_line' id='line_1_50' title="bbox 2041 2072 3575 2148; baseline -0.005 -18"><span class='ocrx_word' id='word_1_346' title='bbox 2041 2076 2334 2146; x_wconf 78' lang='grc' dir='ltr'>πολύτιμον</span> <span class='ocrx_word' id='word_1_347' title='bbox 2367 2076 2539 2148; x_wconf 65' lang='grc' dir='ltr'>ᾤχετο</span> <span class='ocrx_word' id='word_1_348' title='bbox 2565 2077 2903 2147; x_wconf 78' lang='grc' dir='ltr'>παραχρῆμα</span> <span class='ocrx_word' id='word_1_349' title='bbox 2947 2077 3096 2144; x_wconf 63' lang='grc' dir='ltr'>παρὰ</span> <span class='ocrx_word' id='word_1_350' title='bbox 3123 2075 3224 2142; x_wconf 78' lang='grc' dir='ltr'>τὴν</span> <span class='ocrx_word' id='word_1_351' title='bbox 3247 2072 3491 2130; x_wconf 72' lang='grc' dir='ltr'>Φώκαιαν</span> <span class='ocrx_word' id='word_1_352' title='bbox 3511 2072 3575 2123; x_wconf 75' lang='lat' dir='ltr'><strong>oi-</strong></span> 
     </span>
    </p>
   </div>
   <div class='ocr_carea' id='block_1_51' title="bbox 2040 2161 3576 2236">
    <p class='ocr_par' dir='ltr' id='par_1_51' title="bbox 2040 2161 3576 2236">
     <span class='ocr_line' id='line_1_51' title="bbox 2040 2161 3576 2236; baseline -0.003 -16"><span class='ocrx_word' id='word_1_353' title='bbox 2040 2167 2170 2220; x_wconf 66' lang='grc' dir='ltr'>καδε</span> <span class='ocrx_word' id='word_1_354' title='bbox 2202 2168 2459 2232; x_wconf 69' lang='grc' dir='ltr'>ἀπιοῦσα,</span> <span class='ocrx_word' id='word_1_355' title='bbox 2495 2169 2652 2222; x_wconf 74' lang='grc' dir='ltr'>πόλιν</span> <span class='ocrx_word' id='word_1_356' title='bbox 2685 2165 2963 2236; x_wconf 84' lang='grc' dir='ltr'>Ἑλληνίδα</span> <span class='ocrx_word' id='word_1_357' title='bbox 3003 2168 3100 2235; x_wconf 80' lang='grc' dir='ltr'>μὲν</span> <span class='ocrx_word' id='word_1_358' title='bbox 3133 2166 3194 2218; x_wconf 81' lang='grc' dir='ltr'>τὸ</span> <span class='ocrx_word' id='word_1_359' title='bbox 3239 2166 3478 2234; x_wconf 70' lang='grc' dir='ltr'>ἀρχαῖον,</span> <span class='ocrx_word' id='word_1_360' title='bbox 3501 2161 3576 2216; x_wconf 77' lang='grc' dir='ltr'>νῦν</span> 
     </span>
    </p>
   </div>
   <div class='ocr_carea' id='block_1_52' title="bbox 2040 2255 3579 2328">
    <p class='ocr_par' dir='ltr' id='par_1_52' title="bbox 2040 2255 3579 2328">
     <span class='ocr_line' id='line_1_52' title="bbox 2040 2255 3579 2328; baseline -0.003 -18"><span class='ocrx_word' id='word_1_361' title='bbox 2040 2257 2097 2310; x_wconf 78' lang='grc' dir='ltr'>δὲ</span> <span class='ocrx_word' id='word_1_362' title='bbox 2132 2256 2439 2328; x_wconf 78' lang='grc' dir='ltr'>Βαρϐάροις</span> <span class='ocrx_word' id='word_1_363' title='bbox 2462 2256 2708 2310; x_wconf 76' lang='grc' dir='ltr'>διδοῦσαν</span> <span class='ocrx_word' id='word_1_364' title='bbox 2731 2255 2931 2326; x_wconf 82' lang='grc' dir='ltr'>φόρους</span> <span class='ocrx_word' id='word_1_365' title='bbox 2952 2257 3090 2319; x_wconf 79' lang='grc' dir='ltr'>ὑπὲρ</span> <span class='ocrx_word' id='word_1_366' title='bbox 3119 2256 3328 2323; x_wconf 68' lang='grc' dir='ltr'>ἀψόεου</span> <span class='ocrx_word' id='word_1_367' title='bbox 3348 2255 3434 2308; x_wconf 73' lang='grc' dir='ltr'>καὶ</span> <span class='ocrx_word' id='word_1_368' title='bbox 3455 2257 3579 2310; x_wconf 83' lang='grc' dir='ltr'>ἀκιν-</span> 
     </span>
    </p>
   </div>
   <div class='ocr_carea' id='block_1_53' title="bbox 2041 2333 3578 2428">
    <p class='ocr_par' dir='ltr' id='par_1_53' title="bbox 2041 2333 3578 2428">
     <span class='ocr_line' id='line_1_53' title="bbox 2041 2333 3578 2428; baseline -0.001 -28"><span class='ocrx_word' id='word_1_369' title='bbox 2041 2348 2346 2428; x_wconf 37' lang='grc' dir='ltr'>δύνου-βίου</span> <span class='ocrx_word' id='word_1_370' title='bbox 2379 2348 2547 2411; x_wconf 82' lang='grc' dir='ltr'>τινός.</span> <span class='ocrx_word' id='word_1_371' title='bbox 2585 2349 2774 2400; x_wconf 86' lang='grc' dir='ltr'>Κείται</span> <span class='ocrx_word' id='word_1_372' title='bbox 2805 2347 2915 2416; x_wconf 85' lang='grc' dir='ltr'><strong>γὰρ</strong></span> <span class='ocrx_word' id='word_1_373' title='bbox 2953 2333 3008 2400; x_wconf 70' lang='grc' dir='ltr'>ἔν</span> <span class='ocrx_word' id='word_1_374' title='bbox 3037 2350 3182 2416; x_wconf 67' lang='grc' dir='ltr'>ἄκρᾳ</span> <span class='ocrx_word' id='word_1_375' title='bbox 3223 2348 3424 2399; x_wconf 81' lang='grc' dir='ltr'>κόλπου</span> <span class='ocrx_word' id='word_1_376' title='bbox 3463 2346 3578 2406; x_wconf 73' lang='grc' dir='ltr'>τινὸς</span> 
     </span>
    </p>
   </div>
   <div class='ocr_carea' id='block_1_54' title="bbox 2045 2437 3582 2510">
    <p class='ocr_par' dir='ltr' id='par_1_54' title="bbox 2045 2437 3582 2510">
     <span class='ocr_line' id='line_1_54' title="bbox 2045 2437 3582 2510; baseline -0.001 -20"><span class='ocrx_word' id='word_1_377' title='bbox 2045 2437 2354 2498; x_wconf 77' lang='grc' dir='ltr'>θαλαττίου,</span> <span class='ocrx_word' id='word_1_378' title='bbox 2387 2438 2548 2508; x_wconf 79' lang='grc' dir='ltr'>μέχρι</span> <span class='ocrx_word' id='word_1_379' title='bbox 2583 2438 2838 2492; x_wconf 84' lang='grc' dir='ltr'>πλείστου</span> <span class='ocrx_word' id='word_1_380' title='bbox 2875 2439 2975 2506; x_wconf 83' lang='grc' dir='ltr'>τῆς</span> <span class='ocrx_word' id='word_1_381' title='bbox 2992 2439 3238 2500; x_wconf 79' lang='grc' dir='ltr'>Αἰολίδος</span> <span class='ocrx_word' id='word_1_382' title='bbox 3273 2440 3376 2506; x_wconf 82' lang='grc' dir='ltr'>γῆς</span> <span class='ocrx_word' id='word_1_383' title='bbox 3399 2439 3582 2510; x_wconf 69' lang='grc' dir='ltr'>προῖόν-</span> 
     </span>
    </p>
   </div>
   <div class='ocr_carea' id='block_1_55' title="bbox 2043 2525 3584 2600">
    <p class='ocr_par' dir='ltr' id='par_1_55' title="bbox 2043 2525 3584 2600">
     <span class='ocr_line' id='line_1_55' title="bbox 2043 2525 3584 2600; baseline 0.001 -19"><span class='ocrx_word' id='word_1_384' title='bbox 2043 2545 2156 2592; x_wconf 86' lang='grc' dir='ltr'>τος,</span> <span class='ocrx_word' id='word_1_385' title='bbox 2183 2529 2408 2582; x_wconf 79' lang='grc' dir='ltr'>καὶτῶν</span> <span class='ocrx_word' id='word_1_386' title='bbox 2437 2529 2600 2596; x_wconf 74' lang='grc' dir='ltr'>ὁρίων</span> <span class='ocrx_word' id='word_1_387' title='bbox 2631 2529 2729 2600; x_wconf 74' lang='grc' dir='ltr'>ἢδη</span> <span class='ocrx_word' id='word_1_388' title='bbox 2761 2531 2946 2598; x_wconf 66' lang='grc' dir='ltr'>σχεδὸν</span> <span class='ocrx_word' id='word_1_389' title='bbox 2974 2530 3070 2598; x_wconf 70' lang='grc' dir='ltr'>τῆς</span> <span class='ocrx_word' id='word_1_390' title='bbox 3105 2529 3214 2582; x_wconf 81' lang='grc' dir='ltr'>τῶν</span> <span class='ocrx_word' id='word_1_391' title='bbox 3234 2529 3420 2582; x_wconf 77' lang='grc' dir='ltr'>Λυδῶν</span> <span class='ocrx_word' id='word_1_392' title='bbox 3437 2525 3584 2598; x_wconf 69' lang='grc' dir='ltr'>παρα·</span> 
     </span>
    </p>
   </div>
   <div class='ocr_carea' id='block_1_56' title="bbox 2044 2621 3582 2691">
    <p class='ocr_par' dir='ltr' id='par_1_56' title="bbox 2044 2621 3582 2691">
     <span class='ocr_line' id='line_1_56' title="bbox 2044 2621 3582 2691; baseline -0.007 -18"><span class='ocrx_word' id='word_1_393' title='bbox 2044 2621 2298 2688; x_wconf 56' lang='grc' dir='ltr'>ψαύοντα</span> <span class='ocrx_word' id='word_1_394' title='bbox 2328 2621 2528 2689; x_wconf 59' lang='grc' dir='ltr'>χώραί.</span> <span class='ocrx_word' id='word_1_395' title='bbox 2552 2623 2766 2691; x_wconf 84' lang='grc' dir='ltr'>Ταύτης</span> <span class='ocrx_word' id='word_1_396' title='bbox 2797 2623 3138 2688; x_wconf 65' lang='grc' dir='ltr'>ἐπιτροπεύει</span> <span class='ocrx_word' id='word_1_397' title='bbox 3171 2623 3272 2689; x_wconf 82' lang='grc' dir='ltr'>τῆς</span> <span class='ocrx_word' id='word_1_398' title='bbox 3301 2621 3508 2682; x_wconf 68' lang='grc' dir='ltr'>πόλεως,</span> <span class='ocrx_word' id='word_1_399' title='bbox 3535 2621 3582 2672; x_wconf 75' lang='grc' dir='ltr'><strong>δν</strong></span> 
     </span>
    </p>
   </div>
   <div class='ocr_carea' id='block_1_57' title="bbox 2046 2707 3582 2778">
    <p class='ocr_par' dir='ltr' id='par_1_57' title="bbox 2046 2707 3582 2778">
     <span class='ocr_line' id='line_1_57' title="bbox 2046 2707 3582 2778; baseline -0.004 -14"><span class='ocrx_word' id='word_1_400' title='bbox 2046 2713 2111 2764; x_wconf 86' lang='grc' dir='ltr'>ἂν</span> <span class='ocrx_word' id='word_1_401' title='bbox 2166 2712 2196 2764; x_wconf 80' lang='grc' dir='ltr'>ὁ</span> <span class='ocrx_word' id='word_1_402' title='bbox 2254 2712 2536 2778; x_wconf 80' lang='grc' dir='ltr'>Ῥωμαίων</span> <span class='ocrx_word' id='word_1_403' title='bbox 2587 2711 2760 2766; x_wconf 63' lang='grc' dir='ltr'>ἓλοιύ</span> <span class='ocrx_word' id='word_1_404' title='bbox 2829 2709 3082 2777; x_wconf 73' lang='grc' dir='ltr'>βασιλεὺς</span> <span class='ocrx_word' id='word_1_405' title='bbox 3142 2711 3240 2762; x_wconf 73' lang='grc' dir='ltr'>καὶ</span> <span class='ocrx_word' id='word_1_406' title='bbox 3297 2707 3358 2761; x_wconf 86' lang='grc' dir='ltr'>ὃν</span> <span class='ocrx_word' id='word_1_407' title='bbox 3405 2711 3462 2760; x_wconf 78' lang='grc' dir='ltr'>ἐκ</span> <span class='ocrx_word' id='word_1_408' title='bbox 3499 2709 3582 2758; x_wconf 87' lang='grc' dir='ltr'><strong>Βυ-</strong></span> 
     </span>
    </p>
   </div>
   <div class='ocr_carea' id='block_1_58' title="bbox 2047 2799 3586 2870">
    <p class='ocr_par' dir='ltr' id='par_1_58' title="bbox 2047 2799 3586 2870">
     <span class='ocr_line' id='line_1_58' title="bbox 2047 2799 3586 2870; baseline -0.004 -16"><span class='ocrx_word' id='word_1_409' title='bbox 2047 2801 2280 2866; x_wconf 81' lang='grc' dir='ltr'>ζαντίων</span> <span class='ocrx_word' id='word_1_410' title='bbox 2315 2804 2496 2854; x_wconf 76' lang='grc' dir='ltr'>ἐκεῖσε</span> <span class='ocrx_word' id='word_1_411' title='bbox 2549 2801 3138 2870; x_wconf 75' lang='grc' dir='ltr'>πέμψειε,καθ’ὃνᾶν</span> <span class='ocrx_word' id='word_1_412' title='bbox 3191 2803 3291 2853; x_wconf 68' lang='grc' dir='ltr'>καὶ</span> <span class='ocrx_word' id='word_1_413' title='bbox 3351 2801 3430 2864; x_wconf 78' lang='grc' dir='ltr'><strong>ἐφ’</strong></span> <span class='ocrx_word' id='word_1_414' title='bbox 3487 2799 3586 2851; x_wconf 73' lang='grc' dir='ltr'>ὅσον</span> 
     </span>
    </p>
   </div>
   <div class='ocr_carea' id='block_1_59' title="bbox 2046 2889 3584 2964">
    <p class='ocr_par' dir='ltr' id='par_1_59' title="bbox 2046 2889 3584 2964">
     <span class='ocr_line' id='line_1_59' title="bbox 2046 2889 3584 2964; baseline -0.004 -18"><span class='ocrx_word' id='word_1_415' title='bbox 2046 2891 2316 2964; x_wconf 83' lang='grc' dir='ltr'>κυρώσειε</span> <span class='ocrx_word' id='word_1_416' title='bbox 2367 2893 2578 2962; x_wconf 73' lang='grc' dir='ltr'>χρόνον.</span> <span class='ocrx_word' id='word_1_417' title='bbox 2625 2893 2698 2942; x_wconf 81' lang='grc' dir='ltr'>Τὸ</span> <span class='ocrx_word' id='word_1_418' title='bbox 2745 2891 2810 2961; x_wconf 79' lang='grc' dir='ltr'>δὴ</span> <span class='ocrx_word' id='word_1_419' title='bbox 2839 2891 3078 2944; x_wconf 72' lang='grc' dir='ltr'>τοιοῦτον</span> <span class='ocrx_word' id='word_1_420' title='bbox 3143 2891 3371 2960; x_wconf 79' lang='grc' dir='ltr'>μαθόντι</span> <span class='ocrx_word' id='word_1_421' title='bbox 3405 2889 3478 2958; x_wconf 83' lang='grc' dir='ltr'>τῷ</span> <span class='ocrx_word' id='word_1_422' title='bbox 3511 2889 3584 2940; x_wconf 75' lang='grc' dir='ltr'>τοῦ</span> 
     </span>
    </p>
   </div>
   <div class='ocr_carea' id='block_1_60' title="bbox 2047 2979 3587 3051">
    <p class='ocr_par' dir='ltr' id='par_1_60' title="bbox 2047 2979 3587 3051">
     <span class='ocr_line' id='line_1_60' title="bbox 2047 2979 3587 3051; baseline -0.002 -17"><span class='ocrx_word' id='word_1_423' title='bbox 2047 2983 2344 3045; x_wconf 76' lang='grc' dir='ltr'>ἑαλωκότος</span> <span class='ocrx_word' id='word_1_424' title='bbox 2377 2983 2542 3050; x_wconf 74' lang='grc' dir='ltr'>πατρὶ</span> <span class='ocrx_word' id='word_1_425' title='bbox 2601 2979 2852 3051; x_wconf 70' lang='grc' dir='ltr'>Ὑρκανῷ</span> <span class='ocrx_word' id='word_1_426' title='bbox 2881 2982 2940 3033; x_wconf 78' lang='grc' dir='ltr'>οὐ</span> <span class='ocrx_word' id='word_1_427' title='bbox 2972 2981 3118 3050; x_wconf 85' lang='grc' dir='ltr'>μάλα</span> <span class='ocrx_word' id='word_1_428' title='bbox 3147 2997 3200 3033; x_wconf 89' lang='grc' dir='ltr'><strong>τι</strong></span> <span class='ocrx_word' id='word_1_429' title='bbox 3243 2981 3468 3034; x_wconf 79' lang='grc' dir='ltr'>ἀνεκτὸν</span> <span class='ocrx_word' id='word_1_430' title='bbox 3493 2981 3587 3032; x_wconf 76' lang='grc' dir='ltr'>ἑνο-</span> 
     </span>
    </p>
   </div>
   <div class='ocr_carea' id='block_1_61' title="bbox 2053 3071 3582 3143">
    <p class='ocr_par' dir='ltr' id='par_1_61' title="bbox 2053 3071 3582 3143">
     <span class='ocr_line' id='line_1_61' title="bbox 2053 3071 3582 3143; baseline -0.003 -17"><span class='ocrx_word' id='word_1_431' title='bbox 2053 3074 2238 3143; x_wconf 54' lang='lat' dir='ltr'><strong>mser],</strong></span> <span class='ocrx_word' id='word_1_432' title='bbox 2275 3074 2388 3127; x_wconf 81' lang='grc' dir='ltr'>ἀλλ’</span> <span class='ocrx_word' id='word_1_433' title='bbox 2418 3075 2618 3126; x_wconf 79' lang='grc' dir='ltr'>οἰκείου</span> <span class='ocrx_word' id='word_1_434' title='bbox 2647 3075 2872 3128; x_wconf 76' lang='grc' dir='ltr'>θανάτου</span> <span class='ocrx_word' id='word_1_435' title='bbox 2907 3073 3042 3139; x_wconf 78' lang='grc' dir='ltr'>μηδὲ</span> <span class='ocrx_word' id='word_1_436' title='bbox 3077 3072 3255 3142; x_wconf 78' lang='grc' dir='ltr'>βραχύ</span> <span class='ocrx_word' id='word_1_437' title='bbox 3289 3089 3344 3124; x_wconf 89' lang='grc' dir='ltr'><strong>τι</strong></span> <span class='ocrx_word' id='word_1_438' title='bbox 3367 3071 3582 3132; x_wconf 64' lang='grc' dir='ltr'>ἀπεικὸς,</span> 
     </span>
    </p>
   </div>
   <div class='ocr_carea' id='block_1_62' title="bbox 381 3159 1960 3256">
    <p class='ocr_par' dir='ltr' id='par_1_62' title="bbox 381 3165 1940 3256">
     <span class='ocr_line' id='line_1_62' title="bbox 381 3165 1940 3256; baseline -0.019 -12"><span class='ocrx_word' id='word_1_439' title='bbox 381 3191 476 3245; x_wconf 85' lang='lat' dir='ltr'><strong>sed</strong></span> <span class='ocrx_word' id='word_1_440' title='bbox 507 3204 570 3242; x_wconf 84' lang='lat' dir='ltr'><strong>ex</strong></span> <span class='ocrx_word' id='word_1_441' title='bbox 601 3186 888 3256; x_wconf 84' lang='lat' dir='ltr'><strong>peregrina</strong></span> <span class='ocrx_word' id='word_1_442' title='bbox 924 3189 977 3235; x_wconf 88' lang='lat' dir='ltr'><strong>et</strong></span> <span class='ocrx_word' id='word_1_443' title='bbox 1006 3194 1128 3234; x_wconf 89' lang='lat' dir='ltr'><strong>cum</strong></span> <span class='ocrx_word' id='word_1_444' title='bbox 1162 3175 1415 3230; x_wconf 85' lang='lat' dir='ltr'><strong>Barbaris</strong></span> <span class='ocrx_word' id='word_1_445' title='bbox 1441 3171 1600 3224; x_wconf 86' lang='lat' dir='ltr'><strong>mista</strong></span> <span class='ocrx_word' id='word_1_446' title='bbox 1631 3178 1794 3221; x_wconf 82' lang='lat' dir='ltr'><strong>terra.</strong></span> <span class='ocrx_word' id='word_1_447' title='bbox 1823 3165 1940 3219; x_wconf 80' lang='lat' dir='ltr'><strong>Jam</strong></span> 
     </span>
    </p>
   </div>
   <div class='ocr_carea' id='block_1_63' title="bbox 2052 3159 3587 3256">
    <p class='ocr_par' dir='ltr' id='par_1_63' title="bbox 2052 3159 3587 3234">
     <span class='ocr_line' id='line_1_63' title="bbox 2052 3159 3587 3234; baseline -0.004 -14"><span class='ocrx_word' id='word_1_448' title='bbox 2052 3170 2130 3220; x_wconf 82' lang='grc' dir='ltr'>’ὁτι</span> <span class='ocrx_word' id='word_1_449' title='bbox 2167 3170 2258 3220; x_wconf 63' lang='grc' dir='ltr'>τὸν</span> <span class='ocrx_word' id='word_1_450' title='bbox 2288 3169 2400 3220; x_wconf 77' lang='grc' dir='ltr'>υἱὸν</span> <span class='ocrx_word' id='word_1_451' title='bbox 2431 3166 2732 3234; x_wconf 71' lang='grc' dir='ltr'>ὲξημίωται</span> <span class='ocrx_word' id='word_1_452' title='bbox 2766 3166 2988 3234; x_wconf 77' lang='grc' dir='ltr'>μὲν,ύφ’</span> <span class='ocrx_word' id='word_1_453' title='bbox 3013 3159 3085 3216; x_wconf 81' lang='grc' dir='ltr'>ὧν</span> <span class='ocrx_word' id='word_1_454' title='bbox 3113 3164 3156 3216; x_wconf 81' lang='grc' dir='ltr'>δ’</span> <span class='ocrx_word' id='word_1_455' title='bbox 3187 3165 3292 3216; x_wconf 79' lang='grc' dir='ltr'>οὐκ</span> <span class='ocrx_word' id='word_1_456' title='bbox 3325 3162 3587 3234; x_wconf 71' lang='grc' dir='ltr'>ᾐσθάνετο·</span> 
     </span>
    </p>
   </div>
   <div class='ocr_carea' id='block_1_64' title="bbox 381 3260 1940 3348">
    <p class='ocr_par' dir='ltr' id='par_1_64' title="bbox 381 3260 1940 3348">
     <span class='ocr_line' id='line_1_64' title="bbox 381 3260 1940 3348; baseline -0.02 -10"><span class='ocrx_word' id='word_1_457' title='bbox 381 3299 506 3338; x_wconf 92' lang='lat' dir='ltr'><strong>cum</strong></span> <span class='ocrx_word' id='word_1_458' title='bbox 543 3295 720 3348; x_wconf 84' lang='lat' dir='ltr'><strong>neque</strong></span> <span class='ocrx_word' id='word_1_459' title='bbox 754 3293 783 3330; x_wconf 86' lang='lat' dir='ltr'><strong>a</strong></span> <span class='ocrx_word' id='word_1_460' title='bbox 818 3276 952 3328; x_wconf 81' lang='lat' dir='ltr'><strong>mari</strong></span> <span class='ocrx_word' id='word_1_461' title='bbox 993 3285 1171 3340; x_wconf 89' lang='lat' dir='ltr'><strong>neque</strong></span> <span class='ocrx_word' id='word_1_462' title='bbox 1201 3285 1230 3323; x_wconf 89' lang='lat' dir='ltr'><strong>a</strong></span> <span class='ocrx_word' id='word_1_463' title='bbox 1276 3266 1596 3321; x_wconf 80' lang='lat' dir='ltr'><strong>continente</strong></span> <span class='ocrx_word' id='word_1_464' title='bbox 1631 3260 1726 3312; x_wconf 87' lang='lat' dir='ltr'><strong>filii</strong></span> <span class='ocrx_word' id='word_1_465' title='bbox 1763 3267 1940 3327; x_wconf 84' lang='lat' dir='ltr'><strong>rapto-</strong></span> 
     </span>
    </p>
   </div>
   <div class='ocr_carea' id='block_1_65' title="bbox 383 3350 1954 3442">
    <p class='ocr_par' dir='ltr' id='par_1_65' title="bbox 383 3350 1954 3442">
     <span class='ocr_line' id='line_1_65' title="bbox 383 3350 1954 3442; baseline -0.02 -14"><span class='ocrx_word' id='word_1_466' title='bbox 383 3391 472 3428; x_wconf 90' lang='lat' dir='ltr'><strong>res</strong></span> <span class='ocrx_word' id='word_1_467' title='bbox 505 3373 694 3442; x_wconf 86' lang='lat' dir='ltr'><strong>punire</strong></span> <span class='ocrx_word' id='word_1_468' title='bbox 727 3375 927 3436; x_wconf 81' lang='lat' dir='ltr'><strong>posset,</strong></span> <span class='ocrx_word' id='word_1_469' title='bbox 959 3364 1024 3417; x_wconf 88' lang='lat' dir='ltr'><strong>ad</strong></span> <span class='ocrx_word' id='word_1_470' title='bbox 1051 3364 1437 3431; x_wconf 87' lang='lat' dir='ltr'><strong>imperatorem</strong></span> <span class='ocrx_word' id='word_1_471' title='bbox 1474 3371 1532 3408; x_wconf 89' lang='lat' dir='ltr'><strong>se</strong></span> <span class='ocrx_word' id='word_1_472' title='bbox 1563 3350 1868 3410; x_wconf 81' lang='lat' dir='ltr'><strong>convertit,</strong></span> <span class='ocrx_word' id='word_1_473' title='bbox 1899 3355 1954 3398; x_wconf 91' lang='lat' dir='ltr'><strong>et</strong></span> 
     </span>
    </p>
   </div>
   <div class='ocr_carea' id='block_1_66' title="bbox 388 3439 1956 3520">
    <p class='ocr_par' dir='ltr' id='par_1_66' title="bbox 388 3439 1956 3520">
     <span class='ocr_line' id='line_1_66' title="bbox 388 3439 1956 3520; baseline -0.02 0"><span class='ocrx_word' id='word_1_474' title='bbox 388 3467 516 3520; x_wconf 84' lang='lat' dir='ltr'><strong>huic</strong></span> <span class='ocrx_word' id='word_1_475' title='bbox 563 3473 734 3517; x_wconf 87' lang='lat' dir='ltr'><strong>totum</strong></span> <span class='ocrx_word' id='word_1_476' title='bbox 777 3474 834 3513; x_wconf 86' lang='lat' dir='ltr'><strong>se</strong></span> <span class='ocrx_word' id='word_1_477' title='bbox 875 3471 938 3510; x_wconf 78' lang='lat' dir='ltr'><strong>ex</strong></span> <span class='ocrx_word' id='word_1_478' title='bbox 967 3455 1148 3508; x_wconf 87' lang='lat' dir='ltr'><strong>animo</strong></span> <span class='ocrx_word' id='word_1_479' title='bbox 1201 3453 1318 3505; x_wconf 88' lang='lat' dir='ltr'><strong>fore</strong></span> <span class='ocrx_word' id='word_1_480' title='bbox 1376 3447 1654 3518; x_wconf 83' lang='lat' dir='ltr'><strong>pollicitus</strong></span> <span class='ocrx_word' id='word_1_481' title='bbox 1693 3449 1774 3496; x_wconf 87' lang='lat' dir='ltr'><strong>est</strong></span> <span class='ocrx_word' id='word_1_482' title='bbox 1819 3439 1956 3493; x_wconf 88' lang='lat' dir='ltr'><strong>ami-</strong></span> 
     </span>
    </p>
   </div>
   <div class='ocr_carea' id='block_1_67' title="bbox 387 3533 1954 3616">
    <p class='ocr_par' dir='ltr' id='par_1_67' title="bbox 387 3533 1954 3616">
     <span class='ocr_line' id='line_1_67' title="bbox 387 3533 1954 3616; baseline -0.022 -2"><span class='ocrx_word' id='word_1_483' title='bbox 387 3575 512 3614; x_wconf 89' lang='lat' dir='ltr'><strong>cum</strong></span> <span class='ocrx_word' id='word_1_484' title='bbox 542 3565 600 3610; x_wconf 89' lang='lat' dir='ltr'><strong>et</strong></span> <span class='ocrx_word' id='word_1_485' title='bbox 629 3567 815 3606; x_wconf 76' lang='lat' dir='ltr'><strong>verum</strong></span> <span class='ocrx_word' id='word_1_486' title='bbox 849 3559 904 3602; x_wconf 92' lang='lat' dir='ltr'><strong>et</strong></span> <span class='ocrx_word' id='word_1_487' title='bbox 931 3554 1240 3616; x_wconf 86' lang='lat' dir='ltr'><strong>promptum</strong></span> <span class='ocrx_word' id='word_1_488' title='bbox 1271 3543 1572 3612; x_wconf 68' lang='lat' dir='ltr'><strong>adiutorem</strong></span> <span class='ocrx_word' id='word_1_489' title='bbox 1607 3541 1660 3588; x_wconf 87' lang='lat' dir='ltr'><strong>in</strong></span> <span class='ocrx_word' id='word_1_490' title='bbox 1699 3533 1954 3587; x_wconf 85' lang='lat' dir='ltr'><strong>omnibus</strong></span> 
     </span>
    </p>
   </div>
   <div class='ocr_carea' id='block_1_68' title="bbox 388 3627 1956 3722">
    <p class='ocr_par' dir='ltr' id='par_1_68' title="bbox 388 3627 1956 3722">
     <span class='ocr_line' id='line_1_68' title="bbox 388 3627 1956 3722; baseline -0.02 -15"><span class='ocrx_word' id='word_1_491' title='bbox 388 3669 511 3722; x_wconf 79' lang='lat' dir='ltr'><strong>quae</strong></span> <span class='ocrx_word' id='word_1_492' title='bbox 571 3650 834 3721; x_wconf 84' lang='lat' dir='ltr'><strong>juberet,</strong></span> <span class='ocrx_word' id='word_1_493' title='bbox 888 3655 1056 3710; x_wconf 89' lang='lat' dir='ltr'><strong>seque</strong></span> <span class='ocrx_word' id='word_1_494' title='bbox 1105 3637 1365 3708; x_wconf 89' lang='lat' dir='ltr'><strong>pecunias</strong></span> <span class='ocrx_word' id='word_1_495' title='bbox 1435 3631 1774 3688; x_wconf 86' lang='lat' dir='ltr'><strong>necessarias</strong></span> <span class='ocrx_word' id='word_1_496' title='bbox 1837 3627 1956 3680; x_wconf 86' lang='lat' dir='ltr'><strong>siue</strong></span> 
     </span>
    </p>
   </div>
   <div class='ocr_carea' id='block_1_69' title="bbox 391 3719 1952 3799">
    <p class='ocr_par' dir='ltr' id='par_1_69' title="bbox 391 3719 1952 3799">
     <span class='ocr_line' id='line_1_69' title="bbox 391 3719 1952 3799; baseline -0.017 -1"><span class='ocrx_word' id='word_1_497' title='bbox 391 3719 583 3799; x_wconf 78' lang='lat' dir='ltr'><strong>fraude</strong></span> <span class='ocrx_word' id='word_1_498' title='bbox 611 3739 949 3796; x_wconf 89' lang='lat' dir='ltr'><strong>soluturum,</strong></span> <span class='ocrx_word' id='word_1_499' title='bbox 985 3731 1149 3785; x_wconf 89' lang='lat' dir='ltr'><strong>modo</strong></span> <span class='ocrx_word' id='word_1_500' title='bbox 1183 3726 1420 3782; x_wconf 80' lang='lat' dir='ltr'><strong>infelicis</strong></span> <span class='ocrx_word' id='word_1_501' title='bbox 1453 3723 1548 3777; x_wconf 80' lang='lat' dir='ltr'><strong>filii</strong></span> <span class='ocrx_word' id='word_1_502' title='bbox 1574 3719 1952 3776; x_wconf 83' lang='lat' dir='ltr'><strong>liberationem</strong></span> 
     </span>
    </p>
   </div>
   <div class='ocr_carea' id='block_1_70' title="bbox 393 3809 1956 3905">
    <p class='ocr_par' dir='ltr' id='par_1_70' title="bbox 393 3809 1956 3905">
     <span class='ocr_line' id='line_1_70' title="bbox 393 3809 1956 3905; baseline -0.017 -17"><span class='ocrx_word' id='word_1_503' title='bbox 393 3829 908 3905; x_wconf 79' lang='lat' dir='ltr'><strong>procuraret,isque</strong></span> <span class='ocrx_word' id='word_1_504' title='bbox 953 3825 1053 3877; x_wconf 86' lang='lat' dir='ltr'><strong>sibi</strong></span> <span class='ocrx_word' id='word_1_505' title='bbox 1083 3835 1257 3891; x_wconf 84' lang='lat' dir='ltr'><strong>quam</strong></span> <span class='ocrx_word' id='word_1_506' title='bbox 1299 3817 1580 3873; x_wconf 88' lang='lat' dir='ltr'><strong>celerrime</strong></span> <span class='ocrx_word' id='word_1_507' title='bbox 1633 3814 1786 3866; x_wconf 84' lang='lat' dir='ltr'><strong>vivus</strong></span> <span class='ocrx_word' id='word_1_508' title='bbox 1834 3809 1956 3864; x_wconf 83' lang='lat' dir='ltr'><strong>red-</strong></span> 
     </span>
    </p>
   </div>
   <div class='ocr_carea' id='block_1_71' title="bbox 392 3903 1958 3984">
    <p class='ocr_par' dir='ltr' id='par_1_71' title="bbox 392 3903 1958 3984">
     <span class='ocr_line' id='line_1_71' title="bbox 392 3903 1958 3984; baseline -0.017 -3"><span class='ocrx_word' id='word_1_509' title='bbox 392 3929 637 3981; x_wconf 84' lang='lat' dir='ltr'><strong>deretur.</strong></span> <span class='ocrx_word' id='word_1_510' title='bbox 677 3922 874 3976; x_wconf 79' lang='lat' dir='ltr'><strong>Verum</strong></span> <span class='ocrx_word' id='word_1_511' title='bbox 909 3932 974 3970; x_wconf 90' lang='lat' dir='ltr'><strong>eo</strong></span> <span class='ocrx_word' id='word_1_512' title='bbox 1021 3917 1138 3984; x_wconf 88' lang='lat' dir='ltr'><strong>ipso</strong></span> <span class='ocrx_word' id='word_1_513' title='bbox 1184 3925 1428 3980; x_wconf 85' lang='lat' dir='ltr'><strong>tempore</strong></span> <span class='ocrx_word' id='word_1_514' title='bbox 1471 3923 1596 3962; x_wconf 91' lang='lat' dir='ltr'><strong>cum</strong></span> <span class='ocrx_word' id='word_1_515' title='bbox 1641 3903 1777 3957; x_wconf 86' lang='lat' dir='ltr'><strong>nihil</strong></span> <span class='ocrx_word' id='word_1_516' title='bbox 1811 3903 1864 3954; x_wconf 93' lang='lat' dir='ltr'><strong>in</strong></span> <span class='ocrx_word' id='word_1_517' title='bbox 1899 3915 1958 3954; x_wconf 85' lang='lat' dir='ltr'><strong>re</strong></span> 
     </span>
    </p>
   </div>
   <div class='ocr_carea' id='block_1_72' title="bbox 393 3995 1957 4086">
    <p class='ocr_par' dir='ltr' id='par_1_72' title="bbox 393 3995 1957 4086">
     <span class='ocr_line' id='line_1_72' title="bbox 393 3995 1957 4086; baseline -0.017 -15"><span class='ocrx_word' id='word_1_518' title='bbox 393 4018 484 4071; x_wconf 89' lang='lat' dir='ltr'><strong>illa</strong></span> <span class='ocrx_word' id='word_1_519' title='bbox 527 4017 635 4086; x_wconf 81' lang='lat' dir='ltr'><strong>jam</strong></span> <span class='ocrx_word' id='word_1_520' title='bbox 683 4012 974 4072; x_wconf 78' lang='lat' dir='ltr'><strong>evenisset,</strong></span> <span class='ocrx_word' id='word_1_521' title='bbox 1012 4003 1213 4060; x_wconf 87' lang='lat' dir='ltr'><strong>accidit</strong></span> <span class='ocrx_word' id='word_1_522' title='bbox 1249 4011 1308 4056; x_wconf 87' lang='lat' dir='ltr'><strong>ut</strong></span> <span class='ocrx_word' id='word_1_523' title='bbox 1353 3999 1586 4071; x_wconf 79' lang='lat' dir='ltr'><strong>llyrrani</strong></span> <span class='ocrx_word' id='word_1_524' title='bbox 1635 3995 1778 4064; x_wconf 61' lang='lat' dir='ltr'><strong>fuius</strong></span> <span class='ocrx_word' id='word_1_525' title='bbox 1827 4003 1957 4046; x_wconf 88' lang='lat' dir='ltr'><strong>natu</strong></span> 
     </span>
    </p>
   </div>
   <div class='ocr_carea' id='block_1_73' title="bbox 395 4085 1962 4179">
    <p class='ocr_par' dir='ltr' id='par_1_73' title="bbox 395 4085 1962 4179">
     <span class='ocr_line' id='line_1_73' title="bbox 395 4085 1962 4179; baseline -0.017 -15"><span class='ocrx_word' id='word_1_526' title='bbox 395 4110 570 4179; x_wconf 83' lang='lat' dir='ltr'><strong>major</strong></span> <span class='ocrx_word' id='word_1_527' title='bbox 613 4112 943 4162; x_wconf 86' lang='lat' dir='ltr'><strong>moreretur,</strong></span> <span class='ocrx_word' id='word_1_528' title='bbox 975 4113 1136 4170; x_wconf 84' lang='lat' dir='ltr'><strong>quem</strong></span> <span class='ocrx_word' id='word_1_529' title='bbox 1171 4097 1260 4150; x_wconf 92' lang='lat' dir='ltr'><strong>ille</strong></span> <span class='ocrx_word' id='word_1_530' title='bbox 1289 4103 1664 4148; x_wconf 78' lang='lat' dir='ltr'><strong>successorem</strong></span> <span class='ocrx_word' id='word_1_531' title='bbox 1710 4085 1865 4156; x_wconf 77' lang='lat'><strong>561</strong></span> <span class='ocrx_word' id='word_1_532' title='bbox 1906 4093 1962 4138; x_wconf 90' lang='lat' dir='ltr'><strong>et</strong></span> 
     </span>
    </p>
   </div>
   <div class='ocr_carea' id='block_1_74' title="bbox 397 4179 1964 4266">
    <p class='ocr_par' dir='ltr' id='par_1_74' title="bbox 397 4179 1964 4266">
     <span class='ocr_line' id='line_1_74' title="bbox 397 4179 1964 4266; baseline -0.019 -8"><span class='ocrx_word' id='word_1_533' title='bbox 397 4215 622 4258; x_wconf 72' lang='lat' dir='ltr'><strong>summa:</strong></span> <span class='ocrx_word' id='word_1_534' title='bbox 655 4199 710 4252; x_wconf 89' lang='lat' dir='ltr'><strong>in</strong></span> <span class='ocrx_word' id='word_1_535' title='bbox 755 4193 1033 4266; x_wconf 80' lang='lat' dir='ltr'><strong>provincia</strong></span> <span class='ocrx_word' id='word_1_536' title='bbox 1064 4204 1245 4244; x_wconf 76' lang='lat' dir='ltr'><strong>rerum</strong></span> <span class='ocrx_word' id='word_1_537' title='bbox 1275 4184 1766 4239; x_wconf 73' lang='lat' dir='ltr'><strong>administratorctu</strong></span> <span class='ocrx_word' id='word_1_538' title='bbox 1797 4179 1964 4230; x_wconf 81' lang='lat' dir='ltr'><strong>desti-</strong></span> 
     </span>
    </p>
   </div>
   <div class='ocr_carea' id='block_1_75' title="bbox 399 4271 1960 4356">
    <p class='ocr_par' dir='ltr' id='par_1_75' title="bbox 399 4271 1960 4356">
     <span class='ocr_line' id='line_1_75' title="bbox 399 4271 1960 4356; baseline -0.02 -4"><span class='ocrx_word' id='word_1_539' title='bbox 399 4301 642 4352; x_wconf 84' lang='lat' dir='ltr'><strong>naverat.</strong></span> <span class='ocrx_word' id='word_1_540' title='bbox 701 4290 834 4356; x_wconf 66' lang='lat' dir='ltr'><strong>Qua:</strong></span> <span class='ocrx_word' id='word_1_541' title='bbox 879 4285 1038 4340; x_wconf 88' lang='lat' dir='ltr'><strong>resin</strong></span> <span class='ocrx_word' id='word_1_542' title='bbox 1099 4281 1358 4351; x_wconf 71' lang='lat' dir='ltr'><strong>majorem</strong></span> <span class='ocrx_word' id='word_1_543' title='bbox 1398 4274 1565 4328; x_wconf 85' lang='lat' dir='ltr'><strong>animi</strong></span> <span class='ocrx_word' id='word_1_544' title='bbox 1607 4271 1960 4326; x_wconf 83' lang='lat' dir='ltr'><strong>alllictionem</strong></span> 
     </span>
    </p>
   </div>
   <div class='ocr_carea' id='block_1_76' title="bbox 401 4361 1960 4453">
    <p class='ocr_par' dir='ltr' id='par_1_76' title="bbox 401 4361 1960 4453">
     <span class='ocr_line' id='line_1_76' title="bbox 401 4361 1960 4453; baseline -0.017 -17"><span class='ocrx_word' id='word_1_545' title='bbox 401 4382 716 4453; x_wconf 81' lang='lat' dir='ltr'><strong>llyrcauum</strong></span> <span class='ocrx_word' id='word_1_546' title='bbox 750 4373 1015 4442; x_wconf 75' lang='lat' dir='ltr'><strong>compulit</strong></span> <span class='ocrx_word' id='word_1_547' title='bbox 1047 4379 1102 4424; x_wconf 90' lang='lat' dir='ltr'><strong>et</strong></span> <span class='ocrx_word' id='word_1_548' title='bbox 1145 4369 1210 4420; x_wconf 84' lang='lat' dir='ltr'><strong>ad</strong></span> <span class='ocrx_word' id='word_1_549' title='bbox 1239 4365 1622 4436; x_wconf 58' lang='lat' dir='ltr'><strong>inquirendum</strong></span> <span class='ocrx_word' id='word_1_550' title='bbox 1655 4361 1824 4420; x_wconf 78' lang='lat' dir='ltr'><strong>lilium</strong></span> <span class='ocrx_word' id='word_1_551' title='bbox 1849 4369 1960 4412; x_wconf 92' lang='lat' dir='ltr'><strong>tum</strong></span> 
     </span>
    </p>
   </div>
   <div class='ocr_carea' id='block_1_77' title="bbox 398 4451 1963 4525">
    <p class='ocr_par' dir='ltr' id='par_1_77' title="bbox 398 4451 1963 4525">
     <span class='ocr_line' id='line_1_77' title="bbox 398 4451 1963 4525; baseline -0.015 0"><span class='ocrx_word' id='word_1_552' title='bbox 398 4451 674 4525; x_wconf 75' lang='lat' dir='ltr'><strong>viventem</strong></span> <span class='ocrx_word' id='word_1_553' title='bbox 730 4467 782 4520; x_wconf 90' lang='lat' dir='ltr'><strong>in</strong></span> <span class='ocrx_word' id='word_1_554' title='bbox 825 4463 1060 4518; x_wconf 86' lang='lat' dir='ltr'><strong>vinculis</strong></span> <span class='ocrx_word' id='word_1_555' title='bbox 1097 4459 1290 4514; x_wconf 87' lang='lat' dir='ltr'><strong>movit.</strong></span> <span class='ocrx_word' id='word_1_556' title='bbox 1351 4454 1628 4511; x_wconf 89' lang='lat' dir='ltr'><strong>Continuo</strong></span> <span class='ocrx_word' id='word_1_557' title='bbox 1675 4451 1842 4521; x_wconf 82' lang='lat' dir='ltr'><strong>igitur</strong></span> <span class='ocrx_word' id='word_1_558' title='bbox 1895 4451 1963 4502; x_wconf 87' lang='lat' dir='ltr'><strong>ad</strong></span> 
     </span>
    </p>
   </div>
   <div class='ocr_carea' id='block_1_78' title="bbox 2053 3253 3588 3328">
    <p class='ocr_par' dir='ltr' id='par_1_78' title="bbox 2053 3253 3588 3328">
     <span class='ocr_line' id='line_1_78' title="bbox 2053 3253 3588 3328; baseline -0.006 -16"><span class='ocrx_word' id='word_1_559' title='bbox 2053 3261 2339 3328; x_wconf 79' lang='grc' dir='ltr'>εἰκασμοῖς</span> <span class='ocrx_word' id='word_1_560' title='bbox 2372 3259 2478 3328; x_wconf 79' lang='grc' dir='ltr'>γάρ</span> <span class='ocrx_word' id='word_1_561' title='bbox 2503 3275 2611 3311; x_wconf 89' lang='grc' dir='ltr'>τισι</span> <span class='ocrx_word' id='word_1_562' title='bbox 2648 3259 2743 3310; x_wconf 72' lang='grc' dir='ltr'>καὶ</span> <span class='ocrx_word' id='word_1_563' title='bbox 2780 3258 3103 3326; x_wconf 78' lang='grc' dir='ltr'>στοχασμοῖς</span> <span class='ocrx_word' id='word_1_564' title='bbox 3149 3253 3432 3324; x_wconf 72' lang='grc' dir='ltr'>διαφόροις</span> <span class='ocrx_word' id='word_1_565' title='bbox 3457 3253 3588 3322; x_wconf 81' lang='grc' dir='ltr'>μερί-</span> 
     </span>
    </p>
   </div>
   <div class='ocr_carea' id='block_1_79' title="bbox 2055 3345 3587 3419">
    <p class='ocr_par' dir='ltr' id='par_1_79' title="bbox 2055 3345 3587 3419">
     <span class='ocr_line' id='line_1_79' title="bbox 2055 3345 3587 3419; baseline -0.005 -15"><span class='ocrx_word' id='word_1_566' title='bbox 2055 3352 2161 3417; x_wconf 77' lang='grc' dir='ltr'>ζων</span> <span class='ocrx_word' id='word_1_567' title='bbox 2193 3351 2320 3414; x_wconf 84' lang='grc' dir='ltr'>τοὺς</span> <span class='ocrx_word' id='word_1_568' title='bbox 2350 3351 2666 3419; x_wconf 73' lang='grc' dir='ltr'>λογισμοὺς,</span> <span class='ocrx_word' id='word_1_569' title='bbox 2707 3349 2979 3418; x_wconf 83' lang='grc' dir='ltr'>μετέωρον</span> <span class='ocrx_word' id='word_1_570' title='bbox 3009 3350 3272 3415; x_wconf 76' lang='grc' dir='ltr'>παρεῖχεν</span> <span class='ocrx_word' id='word_1_571' title='bbox 3305 3345 3468 3415; x_wconf 79' lang='grc' dir='ltr'>ἀκοὴν</span> <span class='ocrx_word' id='word_1_572' title='bbox 3495 3346 3587 3404; x_wconf 77' lang='grc' dir='ltr'>τοῖς</span> 
     </span>
    </p>
   </div>
   <div class='ocr_carea' id='block_1_80' title="bbox 2053 3435 3594 3510">
    <p class='ocr_par' dir='ltr' id='par_1_80' title="bbox 2053 3435 3594 3510">
     <span class='ocr_line' id='line_1_80' title="bbox 2053 3435 3594 3510; baseline -0.008 -10"><span class='ocrx_word' id='word_1_573' title='bbox 2053 3445 2230 3500; x_wconf 76' lang='grc' dir='ltr'>ἄλλοτ’</span> <span class='ocrx_word' id='word_1_574' title='bbox 2259 3443 2396 3498; x_wconf 75' lang='grc' dir='ltr'>ἄλλα</span> <span class='ocrx_word' id='word_1_575' title='bbox 2441 3441 2725 3510; x_wconf 82' lang='grc' dir='ltr'>Θρυλλοῦσι</span> <span class='ocrx_word' id='word_1_576' title='bbox 2775 3441 2935 3510; x_wconf 83' lang='grc' dir='ltr'>μέχρι</span> <span class='ocrx_word' id='word_1_577' title='bbox 2983 3439 3200 3494; x_wconf 80' lang='grc' dir='ltr'>πολλοῦ.</span> <span class='ocrx_word' id='word_1_578' title='bbox 3247 3437 3378 3506; x_wconf 79' lang='grc' dir='ltr'><strong>Ὀψὲ</strong></span> <span class='ocrx_word' id='word_1_579' title='bbox 3415 3437 3469 3489; x_wconf 80' lang='grc' dir='ltr'>δὲ</span> <span class='ocrx_word' id='word_1_580' title='bbox 3497 3435 3594 3488; x_wconf 70' lang='grc' dir='ltr'><strong>Φω-</strong></span> 
     </span>
    </p>
   </div>
   <div class='ocr_carea' id='block_1_81' title="bbox 2057 3529 3593 3600">
    <p class='ocr_par' dir='ltr' id='par_1_81' title="bbox 2057 3529 3593 3600">
     <span class='ocr_line' id='line_1_81' title="bbox 2057 3529 3593 3600; baseline -0.007 -13"><span class='ocrx_word' id='word_1_581' title='bbox 2057 3535 2228 3596; x_wconf 83' lang='grc' dir='ltr'>καέας</span> <span class='ocrx_word' id='word_1_582' title='bbox 2273 3530 2412 3586; x_wconf 76' lang='grc' dir='ltr'>εἶναι</span> <span class='ocrx_word' id='word_1_583' title='bbox 2457 3531 2810 3600; x_wconf 77' lang='grc' dir='ltr'>πεπυσμένος</span> <span class='ocrx_word' id='word_1_584' title='bbox 2851 3532 2976 3589; x_wconf 71' lang='grc' dir='ltr'>τοὺς</span> <span class='ocrx_word' id='word_1_585' title='bbox 3003 3531 3094 3584; x_wconf 70' lang='grc' dir='ltr'>τὸν</span> <span class='ocrx_word' id='word_1_586' title='bbox 3124 3530 3240 3582; x_wconf 72' lang='grc' dir='ltr'>υἱὸν</span> <span class='ocrx_word' id='word_1_587' title='bbox 3271 3529 3593 3598; x_wconf 71' lang='grc' dir='ltr'>ἁρπάσαντας</span> 
     </span>
    </p>
   </div>
   <div class='ocr_carea' id='block_1_82' title="bbox 2059 3620 3596 3694">
    <p class='ocr_par' dir='ltr' id='par_1_82' title="bbox 2059 3620 3596 3694">
     <span class='ocr_line' id='line_1_82' title="bbox 2059 3620 3596 3694; baseline -0.007 -15"><span class='ocrx_word' id='word_1_588' title='bbox 2059 3625 2354 3694; x_wconf 79' lang='grc' dir='ltr'>πειρατὰς,</span> <span class='ocrx_word' id='word_1_589' title='bbox 2389 3625 2484 3679; x_wconf 77' lang='grc' dir='ltr'>καὶ</span> <span class='ocrx_word' id='word_1_590' title='bbox 2530 3623 2750 3686; x_wconf 84' lang='grc' dir='ltr'>τούτους</span> <span class='ocrx_word' id='word_1_591' title='bbox 2791 3621 3094 3692; x_wconf 79' lang='grc' dir='ltr'>Ῥωμαίους</span> <span class='ocrx_word' id='word_1_592' title='bbox 3141 3623 3264 3690; x_wconf 81' lang='grc' dir='ltr'>μὲν,</span> <span class='ocrx_word' id='word_1_593' title='bbox 3299 3623 3364 3674; x_wconf 69' lang='grc' dir='ltr'>ἐκ</span> <span class='ocrx_word' id='word_1_594' title='bbox 3395 3621 3438 3672; x_wconf 80' lang='grc' dir='ltr'>δ’</span> <span class='ocrx_word' id='word_1_595' title='bbox 3467 3620 3596 3672; x_wconf 79' lang='grc' dir='ltr'>ἀλλο-</span> 
     </span>
    </p>
   </div>
   <div class='ocr_carea' id='block_1_83' title="bbox 2057 3703 3596 3782">
    <p class='ocr_par' dir='ltr' id='par_1_83' title="bbox 2057 3703 3596 3782">
     <span class='ocr_line' id='line_1_83' title="bbox 2057 3703 3596 3782; baseline -0.006 -16"><span class='ocrx_word' id='word_1_596' title='bbox 2057 3713 2236 3782; x_wconf 82' lang='grc' dir='ltr'>δαπῆς</span> <span class='ocrx_word' id='word_1_597' title='bbox 2273 3729 2418 3774; x_wconf 88' lang='grc' dir='ltr'>τινος</span> <span class='ocrx_word' id='word_1_598' title='bbox 2443 3712 2537 3766; x_wconf 78' lang='grc' dir='ltr'>καὶ</span> <span class='ocrx_word' id='word_1_599' title='bbox 2565 3710 2970 3780; x_wconf 74' lang='grc' dir='ltr'>μιξοϐαρϐάρου</span> <span class='ocrx_word' id='word_1_600' title='bbox 2993 3711 3087 3777; x_wconf 78' lang='grc' dir='ltr'>τῆς</span> <span class='ocrx_word' id='word_1_601' title='bbox 3119 3710 3330 3780; x_wconf 81' lang='grc' dir='ltr'>χώρας,</span> <span class='ocrx_word' id='word_1_602' title='bbox 3363 3709 3455 3762; x_wconf 76' lang='grc' dir='ltr'>καὶ</span> <span class='ocrx_word' id='word_1_603' title='bbox 3493 3703 3596 3775; x_wconf 80' lang='grc' dir='ltr'>μήτ’</span> 
     </span>
    </p>
   </div>
   <div class='ocr_carea' id='block_1_84' title="bbox 2061 3797 3598 3870">
    <p class='ocr_par' dir='ltr' id='par_1_84' title="bbox 2061 3797 3598 3870">
     <span class='ocr_line' id='line_1_84' title="bbox 2061 3797 3598 3870; baseline -0.007 -15"><span class='ocrx_word' id='word_1_604' title='bbox 2061 3803 2124 3855; x_wconf 80' lang='grc' dir='ltr'>ὲκ</span> <span class='ocrx_word' id='word_1_605' title='bbox 2162 3801 2429 3870; x_wconf 79' lang='grc' dir='ltr'>θαλάττης</span> <span class='ocrx_word' id='word_1_606' title='bbox 2457 3800 2600 3870; x_wconf 62' lang='grc' dir='ltr'>ἔχων</span> <span class='ocrx_word' id='word_1_607' title='bbox 2651 3798 2777 3870; x_wconf 85' lang='grc' dir='ltr'>μήτ’</span> <span class='ocrx_word' id='word_1_608' title='bbox 2805 3797 2864 3863; x_wconf 68' lang='grc' dir='ltr'><strong>ἐξ</strong></span> <span class='ocrx_word' id='word_1_609' title='bbox 2901 3801 3130 3868; x_wconf 67' lang='grc' dir='ltr'>ἠπείρου</span> <span class='ocrx_word' id='word_1_610' title='bbox 3185 3799 3318 3860; x_wconf 73' lang='grc' dir='ltr'>τοὺς</span> <span class='ocrx_word' id='word_1_611' title='bbox 3370 3797 3457 3849; x_wconf 77' lang='grc' dir='ltr'>τὸν</span> <span class='ocrx_word' id='word_1_612' title='bbox 3507 3797 3598 3847; x_wconf 75' lang='grc' dir='ltr'>υἱὸν</span> 
     </span>
    </p>
   </div>
   <div class='ocr_carea' id='block_1_85' title="bbox 2060 3885 3599 3962">
    <p class='ocr_par' dir='ltr' id='par_1_85' title="bbox 2060 3885 3599 3962">
     <span class='ocr_line' id='line_1_85' title="bbox 2060 3885 3599 3962; baseline -0.01 -14"><span class='ocrx_word' id='word_1_613' title='bbox 2060 3894 2434 3962; x_wconf 74' lang='grc' dir='ltr'>κεκτημένους</span> <span class='ocrx_word' id='word_1_614' title='bbox 2487 3889 2828 3962; x_wconf 84' lang='grc' dir='ltr'>ἀμύνασθαι,</span> <span class='ocrx_word' id='word_1_615' title='bbox 2889 3890 3028 3958; x_wconf 78' lang='grc' dir='ltr'>πρδς</span> <span class='ocrx_word' id='word_1_616' title='bbox 3089 3891 3250 3956; x_wconf 83' lang='grc' dir='ltr'>μόνον</span> <span class='ocrx_word' id='word_1_617' title='bbox 3287 3885 3476 3954; x_wconf 67' lang='grc' dir='ltr'>ἔϐλεψε</span> <span class='ocrx_word' id='word_1_618' title='bbox 3527 3885 3599 3936; x_wconf 68' lang='grc' dir='ltr'><strong>τὸν</strong></span> 
     </span>
    </p>
   </div>
   <div class='ocr_carea' id='block_1_86' title="bbox 2063 3978 3599 4054">
    <p class='ocr_par' dir='ltr' id='par_1_86' title="bbox 2063 3978 3599 4054">
     <span class='ocr_line' id='line_1_86' title="bbox 2063 3978 3599 4054; baseline -0.008 -17"><span class='ocrx_word' id='word_1_619' title='bbox 2063 3985 2312 4054; x_wconf 79' lang='grc' dir='ltr'>βασιλέα,</span> <span class='ocrx_word' id='word_1_620' title='bbox 2351 3989 2442 4036; x_wconf 76' lang='grc' dir='ltr'>καὶ</span> <span class='ocrx_word' id='word_1_621' title='bbox 2471 3984 2646 4052; x_wconf 84' lang='grc' dir='ltr'>τούτῳ</span> <span class='ocrx_word' id='word_1_622' title='bbox 2697 3983 2958 4051; x_wconf 82' lang='grc' dir='ltr'>παρέχειν</span> <span class='ocrx_word' id='word_1_623' title='bbox 2987 3981 3105 4033; x_wconf 84' lang='grc' dir='ltr'>ὅλον</span> <span class='ocrx_word' id='word_1_624' title='bbox 3136 3980 3332 4031; x_wconf 77' lang='grc' dir='ltr'>ἑαυτὸν</span> <span class='ocrx_word' id='word_1_625' title='bbox 3381 3978 3599 4044; x_wconf 77' lang='grc' dir='ltr'>ἁσμένως</span> 
     </span>
    </p>
   </div>
   <div class='ocr_carea' id='block_1_87' title="bbox 2065 4069 3602 4146">
    <p class='ocr_par' dir='ltr' id='par_1_87' title="bbox 2065 4069 3602 4146">
     <span class='ocr_line' id='line_1_87' title="bbox 2065 4069 3602 4146; baseline -0.007 -17"><span class='ocrx_word' id='word_1_626' title='bbox 2065 4079 2376 4146; x_wconf 56' lang='grc' dir='ltr'>ὑπισχνεῖτο</span> <span class='ocrx_word' id='word_1_627' title='bbox 2429 4075 2579 4144; x_wconf 77' lang='grc' dir='ltr'>φίλον</span> <span class='ocrx_word' id='word_1_628' title='bbox 2611 4091 2670 4128; x_wconf 86' lang='grc' dir='ltr'><strong>τε</strong></span> <span class='ocrx_word' id='word_1_629' title='bbox 2710 4073 2985 4143; x_wconf 63' lang='grc' dir='ltr'>ἀκραιφνῆ</span> <span class='ocrx_word' id='word_1_630' title='bbox 3037 4072 3130 4125; x_wconf 80' lang='grc' dir='ltr'>καὶ</span> <span class='ocrx_word' id='word_1_631' title='bbox 3173 4071 3452 4139; x_wconf 73' lang='grc' dir='ltr'>πρόθυμον</span> <span class='ocrx_word' id='word_1_632' title='bbox 3489 4069 3602 4134; x_wconf 62' lang='lat' dir='ltr'><strong>tim,-</strong></span> 
     </span>
    </p>
   </div>
   <div class='ocr_carea' id='block_1_88' title="bbox 2067 4162 3602 4240">
    <p class='ocr_par' dir='ltr' id='par_1_88' title="bbox 2067 4162 3602 4240">
     <span class='ocr_line' id='line_1_88' title="bbox 2067 4162 3602 4240; baseline -0.007 -20"><span class='ocrx_word' id='word_1_633' title='bbox 2067 4171 2225 4240; x_wconf 77' lang='grc' dir='ltr'>ρέτην</span> <span class='ocrx_word' id='word_1_634' title='bbox 2285 4167 2418 4237; x_wconf 72' lang='grc' dir='ltr'>πρὸς</span> <span class='ocrx_word' id='word_1_635' title='bbox 2456 4167 2604 4220; x_wconf 85' lang='grc' dir='ltr'>ἆπαν</span> <span class='ocrx_word' id='word_1_636' title='bbox 2655 4167 2716 4219; x_wconf 81' lang='grc' dir='ltr'>τὸ</span> <span class='ocrx_word' id='word_1_637' title='bbox 2761 4165 3148 4231; x_wconf 80' lang='grc' dir='ltr'>κελευόμενον,</span> <span class='ocrx_word' id='word_1_638' title='bbox 3181 4163 3278 4215; x_wconf 75' lang='grc' dir='ltr'>καὶ</span> <span class='ocrx_word' id='word_1_639' title='bbox 3330 4162 3602 4230; x_wconf 69' lang='grc' dir='ltr'>χρημάτων</span> 
     </span>
    </p>
   </div>
   <div class='ocr_carea' id='block_1_89' title="bbox 2064 4253 3602 4330">
    <p class='ocr_par' dir='ltr' id='par_1_89' title="bbox 2064 4253 3602 4330">
     <span class='ocr_line' id='line_1_89' title="bbox 2064 4253 3602 4330; baseline -0.008 -16"><span class='ocrx_word' id='word_1_640' title='bbox 2064 4262 2295 4330; x_wconf 75' lang='grc' dir='ltr'>ἄφθονον</span> <span class='ocrx_word' id='word_1_641' title='bbox 2349 4261 2596 4328; x_wconf 71' lang='grc' dir='ltr'>παροχὲα</span> <span class='ocrx_word' id='word_1_642' title='bbox 2647 4259 2756 4310; x_wconf 83' lang='grc' dir='ltr'>τῶν</span> <span class='ocrx_word' id='word_1_643' title='bbox 2799 4258 3111 4327; x_wconf 77' lang='grc' dir='ltr'>ἀνηκόντων</span> <span class='ocrx_word' id='word_1_644' title='bbox 3169 4261 3248 4318; x_wconf 87' lang='grc' dir='ltr'><strong>είς</strong></span> <span class='ocrx_word' id='word_1_645' title='bbox 3299 4259 3512 4324; x_wconf 74' lang='grc' dir='ltr'>χρείαν.</span> <span class='ocrx_word' id='word_1_646' title='bbox 3562 4253 3602 4303; x_wconf 88' lang='grc' dir='ltr'><strong>εί</strong></span> 
     </span>
    </p>
   </div>
   <div class='ocr_carea' id='block_1_90' title="bbox 2067 4345 3600 4423">
    <p class='ocr_par' dir='ltr' id='par_1_90' title="bbox 2067 4345 3600 4423">
     <span class='ocr_line' id='line_1_90' title="bbox 2067 4345 3600 4423; baseline -0.007 -19"><span class='ocrx_word' id='word_1_647' title='bbox 2067 4354 2228 4423; x_wconf 89' lang='grc' dir='ltr'>μόνον</span> <span class='ocrx_word' id='word_1_648' title='bbox 2261 4351 2413 4421; x_wconf 77' lang='grc' dir='ltr'>εὖροι</span> <span class='ocrx_word' id='word_1_649' title='bbox 2452 4353 2606 4404; x_wconf 86' lang='grc' dir='ltr'>λύσιν</span> <span class='ocrx_word' id='word_1_650' title='bbox 2649 4351 2744 4404; x_wconf 80' lang='grc' dir='ltr'>τοῦ</span> <span class='ocrx_word' id='word_1_651' title='bbox 2795 4351 2968 4404; x_wconf 79' lang='grc' dir='ltr'>δεινοῦ</span> <span class='ocrx_word' id='word_1_652' title='bbox 3003 4349 3096 4402; x_wconf 71' lang='grc' dir='ltr'>καὶ</span> <span class='ocrx_word' id='word_1_653' title='bbox 3125 4348 3308 4413; x_wconf 78' lang='grc' dir='ltr'>ζῶντα</span> <span class='ocrx_word' id='word_1_654' title='bbox 3339 4351 3437 4412; x_wconf 72' lang='grc' dir='ltr'>τὴν</span> <span class='ocrx_word' id='word_1_655' title='bbox 3473 4345 3600 4414; x_wconf 83' lang='grc' dir='ltr'>ταχί-</span> 
     </span>
    </p>
   </div>
   <div class='ocr_carea' id='block_1_91' title="bbox 2065 4435 3606 4516">
    <p class='ocr_par' dir='ltr' id='par_1_91' title="bbox 2065 4435 3606 4516">
     <span class='ocr_line' id='line_1_91' title="bbox 2065 4435 3606 4516; baseline -0.006 -18"><span class='ocrx_word' id='word_1_656' title='bbox 2065 4461 2198 4516; x_wconf 88' lang='grc' dir='ltr'>στην</span> <span class='ocrx_word' id='word_1_657' title='bbox 2227 4445 2381 4498; x_wconf 70' lang='grc' dir='ltr'>λάϐοι</span> <span class='ocrx_word' id='word_1_658' title='bbox 2411 4446 2503 4498; x_wconf 77' lang='grc' dir='ltr'>τὸν</span> <span class='ocrx_word' id='word_1_659' title='bbox 2537 4444 2722 4498; x_wconf 83' lang='grc' dir='ltr'>παῖδα.</span> <span class='ocrx_word' id='word_1_660' title='bbox 2753 4443 3048 4512; x_wconf 79' lang='grc' dir='ltr'>Μετεὼρου</span> <span class='ocrx_word' id='word_1_661' title='bbox 3079 4459 3142 4508; x_wconf 88' lang='grc' dir='ltr'><strong>γε</strong></span> <span class='ocrx_word' id='word_1_662' title='bbox 3177 4443 3284 4511; x_wconf 70' lang='grc' dir='ltr'>μὴν</span> <span class='ocrx_word' id='word_1_663' title='bbox 3323 4441 3428 4503; x_wconf 89' lang='grc' dir='ltr'>τῆς</span> <span class='ocrx_word' id='word_1_664' title='bbox 3451 4435 3606 4490; x_wconf 84' lang='grc' dir='ltr'>τοιαύ-</span> 
     </span>
    </p>
   </div>
   <div class='ocr_carea' id='block_1_92' title="bbox 403 4527 1960 4634">
    <p class='ocr_par' dir='ltr' id='par_1_92' title="bbox 403 4543 1960 4634">
     <span class='ocr_line' id='line_1_92' title="bbox 403 4543 1960 4634; baseline -0.018 -16"><span class='ocrx_word' id='word_1_665' title='bbox 403 4566 536 4634; x_wconf 88' lang='lat' dir='ltr'><strong>imp.</strong></span> <span class='ocrx_word' id='word_1_666' title='bbox 581 4561 726 4614; x_wconf 89' lang='lat' dir='ltr'><strong>misit</strong></span> <span class='ocrx_word' id='word_1_667' title='bbox 753 4557 843 4627; x_wconf 87' lang='lat' dir='ltr'><strong>qui</strong></span> <span class='ocrx_word' id='word_1_668' title='bbox 895 4557 1162 4609; x_wconf 88' lang='lat' dir='ltr'><strong>instarent</strong></span> <span class='ocrx_word' id='word_1_669' title='bbox 1213 4558 1268 4604; x_wconf 91' lang='lat' dir='ltr'><strong>et</strong></span> <span class='ocrx_word' id='word_1_670' title='bbox 1315 4549 1379 4602; x_wconf 87' lang='lat' dir='ltr'><strong>ad</strong></span> <span class='ocrx_word' id='word_1_671' title='bbox 1418 4543 1788 4601; x_wconf 78' lang='lat' dir='ltr'><strong>festinantium</strong></span> <span class='ocrx_word' id='word_1_672' title='bbox 1837 4555 1960 4595; x_wconf 89' lang='lat' dir='ltr'><strong>eum</strong></span> 
     </span>
    </p>
   </div>
   <div class='ocr_carea' id='block_1_93' title="bbox 2052 4527 3606 4634">
    <p class='ocr_par' dir='ltr' id='par_1_93' title="bbox 2071 4527 3606 4604">
     <span class='ocr_line' id='line_1_93' title="bbox 2071 4527 3606 4604; baseline -0.006 -18"><span class='ocrx_word' id='word_1_673' title='bbox 2071 4553 2168 4604; x_wconf 88' lang='grc' dir='ltr'><strong>της</strong></span> <span class='ocrx_word' id='word_1_674' title='bbox 2205 4535 2370 4603; x_wconf 81' lang='grc' dir='ltr'>οὔσης</span> <span class='ocrx_word' id='word_1_675' title='bbox 2399 4535 2674 4602; x_wconf 77' lang='grc' dir='ltr'>ἀσχολίας,</span> <span class='ocrx_word' id='word_1_676' title='bbox 2703 4535 2960 4586; x_wconf 71' lang='grc' dir='ltr'>τεθνάναι</span> <span class='ocrx_word' id='word_1_677' title='bbox 3003 4532 3134 4592; x_wconf 82' lang='grc' dir='ltr'>τέως</span> <span class='ocrx_word' id='word_1_678' title='bbox 3185 4530 3386 4599; x_wconf 79' lang='grc' dir='ltr'>συνέϐη</span> <span class='ocrx_word' id='word_1_679' title='bbox 3415 4531 3503 4582; x_wconf 77' lang='grc' dir='ltr'>καὶ</span> <span class='ocrx_word' id='word_1_680' title='bbox 3535 4527 3606 4578; x_wconf 71' lang='grc' dir='ltr'>τὸν</span> 
     </span>
    </p>
   </div>
   <div class='ocr_carea' id='block_1_94' title="bbox 400 4632 1970 4718">
    <p class='ocr_par' dir='ltr' id='par_1_94' title="bbox 400 4632 1970 4718">
     <span class='ocr_line' id='line_1_94' title="bbox 400 4632 1970 4718; baseline -0.02 -5"><span class='ocrx_word' id='word_1_681' title='bbox 400 4632 730 4718; x_wconf 78' lang='lat' dir='ltr'><strong>incitarent,</strong></span> <span class='ocrx_word' id='word_1_682' title='bbox 776 4647 1050 4716; x_wconf 90' lang='lat' dir='ltr'><strong>simulque</strong></span> <span class='ocrx_word' id='word_1_683' title='bbox 1087 4641 1348 4712; x_wconf 84' lang='lat' dir='ltr'><strong>pecunias</strong></span> <span class='ocrx_word' id='word_1_684' title='bbox 1389 4637 1588 4708; x_wconf 84' lang='lat' dir='ltr'><strong>partim</strong></span> <span class='ocrx_word' id='word_1_685' title='bbox 1615 4649 1751 4702; x_wconf 86' lang='lat' dir='ltr'><strong>quas</strong></span> <span class='ocrx_word' id='word_1_686' title='bbox 1778 4632 1844 4686; x_wconf 74' lang='lat' dir='ltr'><strong>de</strong></span> <span class='ocrx_word' id='word_1_687' title='bbox 1869 4645 1970 4685; x_wconf 91' lang='lat' dir='ltr'><strong>suo</strong></span> 
     </span>
    </p>
   </div>
   <div class='ocr_carea' id='block_1_95' title="bbox 403 4721 1969 4814">
    <p class='ocr_par' dir='ltr' id='par_1_95' title="bbox 403 4721 1969 4814">
     <span class='ocr_line' id='line_1_95' title="bbox 403 4721 1969 4814; baseline -0.019 -11"><span class='ocrx_word' id='word_1_688' title='bbox 403 4747 580 4809; x_wconf 84' lang='lat' dir='ltr'><strong>dedit,</strong></span> <span class='ocrx_word' id='word_1_689' title='bbox 600 4743 792 4814; x_wconf 84' lang='lat' dir='ltr'><strong>partim</strong></span> <span class='ocrx_word' id='word_1_690' title='bbox 816 4753 951 4810; x_wconf 87' lang='lat' dir='ltr'><strong>quas</strong></span> <span class='ocrx_word' id='word_1_691' title='bbox 975 4737 1026 4790; x_wconf 90' lang='lat' dir='ltr'><strong>ei</strong></span> <span class='ocrx_word' id='word_1_692' title='bbox 1059 4732 1266 4788; x_wconf 88' lang='lat' dir='ltr'><strong>remisit</strong></span> <span class='ocrx_word' id='word_1_693' title='bbox 1295 4731 1363 4786; x_wconf 90' lang='lat' dir='ltr'><strong>de</strong></span> <span class='ocrx_word' id='word_1_694' title='bbox 1394 4727 1620 4799; x_wconf 88' lang='lat' dir='ltr'><strong>pristino</strong></span> <span class='ocrx_word' id='word_1_695' title='bbox 1643 4723 1876 4780; x_wconf 83' lang='lat' dir='ltr'><strong>debitas.</strong></span> <span class='ocrx_word' id='word_1_696' title='bbox 1902 4721 1969 4774; x_wconf 86' lang='lat' dir='ltr'><strong>ad</strong></span> 
     </span>
    </p>
   </div>
   <div class='ocr_carea' id='block_1_96' title="bbox 403 4821 1972 4899">
    <p class='ocr_par' dir='ltr' id='par_1_96' title="bbox 403 4821 1972 4899">
     <span class='ocr_line' id='line_1_96' title="bbox 403 4821 1972 4899; baseline -0.017 -5"><span class='ocrx_word' id='word_1_697' title='bbox 403 4836 748 4894; x_wconf 84' lang='lat' dir='ltr'><strong>necessarias</strong></span> <span class='ocrx_word' id='word_1_698' title='bbox 803 4833 1100 4899; x_wconf 85' lang='lat' dir='ltr'><strong>impensas,</strong></span> <span class='ocrx_word' id='word_1_699' title='bbox 1139 4825 1336 4894; x_wconf 82' lang='lat' dir='ltr'><strong>quibus</strong></span> <span class='ocrx_word' id='word_1_700' title='bbox 1361 4821 1630 4890; x_wconf 69' lang='lat' dir='ltr'><strong>{triremes</strong></span> <span class='ocrx_word' id='word_1_701' title='bbox 1667 4831 1880 4870; x_wconf 85' lang='lat' dir='ltr'><strong>armare</strong></span> <span class='ocrx_word' id='word_1_702' title='bbox 1917 4822 1972 4868; x_wconf 91' lang='lat' dir='ltr'><strong>et</strong></span> 
     </span>
    </p>
   </div>
   <div class='ocr_carea' id='block_1_97' title="bbox 406 4913 1970 4996">
    <p class='ocr_par' dir='ltr' id='par_1_97' title="bbox 406 4913 1970 4996">
     <span class='ocr_line' id='line_1_97' title="bbox 406 4913 1970 4996; baseline -0.015 -10"><span class='ocrx_word' id='word_1_703' title='bbox 406 4933 682 4986; x_wconf 87' lang='lat' dir='ltr'><strong>instruere</strong></span> <span class='ocrx_word' id='word_1_704' title='bbox 717 4933 898 4996; x_wconf 89' lang='lat' dir='ltr'><strong>posset</strong></span> <span class='ocrx_word' id='word_1_705' title='bbox 923 4930 1110 4977; x_wconf 82' lang='lat' dir='ltr'><strong>contra</strong></span> <span class='ocrx_word' id='word_1_706' title='bbox 1147 4919 1477 4973; x_wconf 78' lang='lat' dir='ltr'><strong>Phocenses.</strong></span> <span class='ocrx_word' id='word_1_707' title='bbox 1507 4913 1712 4982; x_wconf 86' lang='lat' dir='ltr'><strong>Hisque</strong></span> <span class='ocrx_word' id='word_1_708' title='bbox 1749 4915 1970 4977; x_wconf 85' lang='lat' dir='ltr'><strong>insuper</strong></span> 
     </span>
    </p>
   </div>
   <div class='ocr_carea' id='block_1_98' title="bbox 409 5003 1972 5088">
    <p class='ocr_par' dir='ltr' id='par_1_98' title="bbox 409 5003 1972 5088">
     <span class='ocr_line' id='line_1_98' title="bbox 409 5003 1972 5088; baseline -0.016 -10"><span class='ocrx_word' id='word_1_709' title='bbox 409 5025 515 5078; x_wconf 81' lang='lat' dir='ltr'><strong>fide</strong></span> <span class='ocrx_word' id='word_1_710' title='bbox 572 5021 700 5075; x_wconf 85' lang='lat' dir='ltr'><strong>data</strong></span> <span class='ocrx_word' id='word_1_711' title='bbox 761 5014 1049 5088; x_wconf 88' lang='lat' dir='ltr'><strong>promisit,</strong></span> <span class='ocrx_word' id='word_1_712' title='bbox 1123 5027 1182 5066; x_wconf 87' lang='lat' dir='ltr'><strong>se</strong></span> <span class='ocrx_word' id='word_1_713' title='bbox 1255 5013 1308 5064; x_wconf 92' lang='lat' dir='ltr'><strong>in</strong></span> <span class='ocrx_word' id='word_1_714' title='bbox 1383 5007 1599 5062; x_wconf 85' lang='lat' dir='ltr'><strong>vincula</strong></span> <span class='ocrx_word' id='word_1_715' title='bbox 1647 5003 1972 5057; x_wconf 84' lang='lat' dir='ltr'><strong>traditurum</strong></span> 
     </span>
    </p>
   </div>
   <div class='ocr_carea' id='block_1_99' title="bbox 406 5097 1968 5189">
    <p class='ocr_par' dir='ltr' id='par_1_99' title="bbox 406 5097 1968 5189">
     <span class='ocr_line' id='line_1_99' title="bbox 406 5097 1968 5189; baseline -0.015 -17"><span class='ocrx_word' id='word_1_716' title='bbox 406 5133 569 5189; x_wconf 86' lang='lat' dir='ltr'><strong>quam</strong></span> <span class='ocrx_word' id='word_1_717' title='bbox 598 5114 924 5171; x_wconf 85' lang='lat' dir='ltr'><strong>brevissimo</strong></span> <span class='ocrx_word' id='word_1_718' title='bbox 953 5121 1198 5178; x_wconf 86' lang='lat' dir='ltr'><strong>tempore</strong></span> <span class='ocrx_word' id='word_1_719' title='bbox 1245 5104 1552 5158; x_wconf 69' lang='lat' dir='ltr'><strong>Matthmum</strong></span> <span class='ocrx_word' id='word_1_720' title='bbox 1601 5099 1815 5167; x_wconf 89' lang='lat' dir='ltr'><strong>imperii</strong></span> <span class='ocrx_word' id='word_1_721' title='bbox 1849 5097 1968 5159; x_wconf 80' lang='lat' dir='ltr'><strong>ejus</strong></span> 
     </span>
    </p>
   </div>
   <div class='ocr_carea' id='block_1_100' title="bbox 408 5185 1975 5266">
    <p class='ocr_par' dir='ltr' id='par_1_100' title="bbox 408 5185 1975 5266">
     <span class='ocr_line' id='line_1_100' title="bbox 408 5185 1975 5266; baseline -0.017 -2"><span class='ocrx_word' id='word_1_722' title='bbox 408 5207 784 5264; x_wconf 86' lang='lat' dir='ltr'><strong>adversarium</strong></span> <span class='ocrx_word' id='word_1_723' title='bbox 805 5214 864 5258; x_wconf 92' lang='lat' dir='ltr'><strong>et</strong></span> <span class='ocrx_word' id='word_1_724' title='bbox 891 5203 1126 5262; x_wconf 83' lang='lat' dir='ltr'><strong>hostem.</strong></span> <span class='ocrx_word' id='word_1_725' title='bbox 1151 5211 1390 5266; x_wconf 90' lang='lat' dir='ltr'><strong>eumque</strong></span> <span class='ocrx_word' id='word_1_726' title='bbox 1415 5196 1494 5248; x_wconf 88' lang='lat' dir='ltr'><strong>sic</strong></span> <span class='ocrx_word' id='word_1_727' title='bbox 1525 5191 1673 5246; x_wconf 87' lang='lat' dir='ltr'><strong>brevi</strong></span> <span class='ocrx_word' id='word_1_728' title='bbox 1699 5185 1975 5242; x_wconf 86' lang='lat' dir='ltr'><strong>diuturnis</strong></span> 
     </span>
    </p>
   </div>
   <div class='ocr_carea' id='block_1_101' title="bbox 411 5279 1974 5364">
    <p class='ocr_par' dir='ltr' id='par_1_101' title="bbox 411 5279 1974 5364">
     <span class='ocr_line' id='line_1_101' title="bbox 411 5279 1974 5364; baseline -0.017 -10"><span class='ocrx_word' id='word_1_729' title='bbox 411 5301 653 5356; x_wconf 85' lang='lat' dir='ltr'><strong>motibus</strong></span> <span class='ocrx_word' id='word_1_730' title='bbox 683 5303 1082 5364; x_wconf 75' lang='lat' dir='ltr'><strong>exeinpturum.</strong></span> <span class='ocrx_word' id='word_1_731' title='bbox 1115 5291 1302 5358; x_wconf 85' lang='lat' dir='ltr'><strong>Itaque</strong></span> <span class='ocrx_word' id='word_1_732' title='bbox 1335 5286 1570 5354; x_wconf 86' lang='lat' dir='ltr'><strong>primum</strong></span> <span class='ocrx_word' id='word_1_733' title='bbox 1605 5296 1724 5334; x_wconf 90' lang='lat' dir='ltr'><strong>eam</strong></span> <span class='ocrx_word' id='word_1_734' title='bbox 1758 5279 1830 5332; x_wconf 91' lang='lat' dir='ltr'><strong>ob</strong></span> <span class='ocrx_word' id='word_1_735' title='bbox 1861 5289 1974 5329; x_wconf 88' lang='lat' dir='ltr'><strong>rem</strong></span> 
     </span>
    </p>
   </div>
   <div class='ocr_carea' id='block_1_102' title="bbox 411 5367 1978 5462">
    <p class='ocr_par' dir='ltr' id='par_1_102' title="bbox 411 5367 1978 5462">
     <span class='ocr_line' id='line_1_102' title="bbox 411 5367 1978 5462; baseline -0.018 -14"><span class='ocrx_word' id='word_1_736' title='bbox 411 5395 548 5462; x_wconf 88' lang='lat' dir='ltr'><strong>imp.</strong></span> <span class='ocrx_word' id='word_1_737' title='bbox 585 5391 652 5445; x_wconf 88' lang='lat' dir='ltr'><strong>ad</strong></span> <span class='ocrx_word' id='word_1_738' title='bbox 685 5387 1049 5444; x_wconf 69' lang='lat' dir='ltr'><strong>l’bocensium</strong></span> <span class='ocrx_word' id='word_1_739' title='bbox 1086 5383 1401 5454; x_wconf 67' lang='lat' dir='ltr'><strong>praefectum</strong></span> <span class='ocrx_word' id='word_1_740' title='bbox 1445 5377 1652 5444; x_wconf 88' lang='lat' dir='ltr'><strong>legatos</strong></span> <span class='ocrx_word' id='word_1_741' title='bbox 1689 5371 1855 5424; x_wconf 84' lang='lat' dir='ltr'><strong>misit.</strong></span> <span class='ocrx_word' id='word_1_742' title='bbox 1881 5367 1978 5422; x_wconf 90' lang='lat' dir='ltr'><strong>llle</strong></span> 
     </span>
    </p>
   </div>
   <div class='ocr_carea' id='block_1_103' title="bbox 415 5460 1982 5540">
    <p class='ocr_par' dir='ltr' id='par_1_103' title="bbox 415 5460 1982 5540">
     <span class='ocr_line' id='line_1_103' title="bbox 415 5460 1982 5540; baseline -0.018 -1"><span class='ocrx_word' id='word_1_743' title='bbox 415 5460 546 5539; x_wconf 80' lang='lat' dir='ltr'><strong>vero</strong></span> <span class='ocrx_word' id='word_1_744' title='bbox 579 5484 720 5538; x_wconf 86' lang='lat' dir='ltr'><strong>forte</strong></span> <span class='ocrx_word' id='word_1_745' title='bbox 781 5481 1000 5536; x_wconf 80' lang='lat' dir='ltr'><strong>fortuna</strong></span> <span class='ocrx_word' id='word_1_746' title='bbox 1060 5479 1253 5540; x_wconf 82' lang='lat' dir='ltr'><strong>elatus,</strong></span> <span class='ocrx_word' id='word_1_747' title='bbox 1293 5469 1527 5540; x_wconf 71' lang='lat' dir='ltr'><strong>superba</strong></span> <span class='ocrx_word' id='word_1_748' title='bbox 1577 5465 1738 5520; x_wconf 84' lang='lat' dir='ltr'><strong>verba</strong></span> <span class='ocrx_word' id='word_1_749' title='bbox 1791 5460 1982 5514; x_wconf 85' lang='lat' dir='ltr'><strong>retulit</strong></span> 
     </span>
    </p>
   </div>
   <div class='ocr_carea' id='block_1_104' title="bbox 416 5552 1982 5645">
    <p class='ocr_par' dir='ltr' id='par_1_104' title="bbox 416 5552 1982 5645">
     <span class='ocr_line' id='line_1_104' title="bbox 416 5552 1982 5645; baseline -0.018 -14"><span class='ocrx_word' id='word_1_750' title='bbox 416 5586 472 5631; x_wconf 86' lang='lat' dir='ltr'><strong>et</strong></span> <span class='ocrx_word' id='word_1_751' title='bbox 553 5573 852 5645; x_wconf 84' lang='lat' dir='ltr'><strong>postulavit</strong></span> <span class='ocrx_word' id='word_1_752' title='bbox 947 5567 1208 5638; x_wconf 84' lang='lat' dir='ltr'><strong>pecunias</strong></span> <span class='ocrx_word' id='word_1_753' title='bbox 1267 5575 1325 5620; x_wconf 89' lang='lat' dir='ltr'><strong>et</strong></span> <span class='ocrx_word' id='word_1_754' title='bbox 1393 5563 1715 5614; x_wconf 88' lang='lat' dir='ltr'><strong>meritorum</strong></span> <span class='ocrx_word' id='word_1_755' title='bbox 1791 5552 1982 5607; x_wconf 84' lang='lat' dir='ltr'><strong>laudes</strong></span> 
     </span>
    </p>
   </div>
   <div class='ocr_carea' id='block_1_105' title="bbox 418 5653 1982 5738">
    <p class='ocr_par' dir='ltr' id='par_1_105' title="bbox 418 5653 1982 5738">
     <span class='ocr_line' id='line_1_105' title="bbox 418 5653 1982 5738; baseline -0.016 -18"><span class='ocrx_word' id='word_1_756' title='bbox 418 5676 640 5738; x_wconf 87' lang='lat' dir='ltr'><strong>propter</strong></span> <span class='ocrx_word' id='word_1_757' title='bbox 670 5679 823 5718; x_wconf 90' lang='lat' dir='ltr'><strong>suam</strong></span> <span class='ocrx_word' id='word_1_758' title='bbox 857 5662 1152 5716; x_wconf 85' lang='lat' dir='ltr'><strong>fortunam.</strong></span> <span class='ocrx_word' id='word_1_759' title='bbox 1186 5655 1322 5711; x_wconf 86' lang='lat' dir='ltr'><strong>Cum</strong></span> <span class='ocrx_word' id='word_1_760' title='bbox 1349 5668 1478 5705; x_wconf 76' lang='lat' dir='ltr'><strong>vero</strong></span> <span class='ocrx_word' id='word_1_761' title='bbox 1505 5653 1590 5704; x_wconf 87' lang='lat' dir='ltr'><strong>bis</strong></span> <span class='ocrx_word' id='word_1_762' title='bbox 1611 5661 1666 5700; x_wconf 92' lang='lat' dir='ltr'><strong>et</strong></span> <span class='ocrx_word' id='word_1_763' title='bbox 1699 5657 1780 5700; x_wconf 90' lang='lat' dir='ltr'><strong>ter</strong></span> <span class='ocrx_word' id='word_1_764' title='bbox 1807 5653 1861 5698; x_wconf 93' lang='lat' dir='ltr'><strong>et</strong></span> <span class='ocrx_word' id='word_1_765' title='bbox 1883 5657 1982 5696; x_wconf 59' lang='lat' dir='ltr'><strong>saec</strong></span> 
     </span>
    </p>
   </div>
   <div class='ocr_carea' id='block_1_106' title="bbox 419 5731 1983 5826">
    <p class='ocr_par' dir='ltr' id='par_1_106' title="bbox 419 5731 1983 5826">
     <span class='ocr_line' id='line_1_106' title="bbox 419 5731 1983 5826; baseline -0.017 -17"><span class='ocrx_word' id='word_1_766' title='bbox 419 5731 540 5826; x_wconf 72' lang='lat' dir='ltr'><strong>pius</strong></span> <span class='ocrx_word' id='word_1_767' title='bbox 567 5752 860 5823; x_wconf 87' lang='lat' dir='ltr'><strong>postulatio</strong></span> <span class='ocrx_word' id='word_1_768' title='bbox 905 5751 1043 5802; x_wconf 87' lang='lat' dir='ltr'><strong>facta</strong></span> <span class='ocrx_word' id='word_1_769' title='bbox 1081 5753 1326 5809; x_wconf 88' lang='lat' dir='ltr'><strong>esset,et</strong></span> <span class='ocrx_word' id='word_1_770' title='bbox 1355 5742 1444 5794; x_wconf 90' lang='lat' dir='ltr'><strong>ille</strong></span> <span class='ocrx_word' id='word_1_771' title='bbox 1474 5741 1586 5810; x_wconf 88' lang='lat' dir='ltr'><strong>jam</strong></span> <span class='ocrx_word' id='word_1_772' title='bbox 1628 5735 1692 5788; x_wconf 88' lang='lat' dir='ltr'><strong>ad</strong></span> <span class='ocrx_word' id='word_1_773' title='bbox 1725 5731 1983 5786; x_wconf 83' lang='lat' dir='ltr'><strong>defectio-</strong></span> 
     </span>
    </p>
   </div>
   <div class='ocr_carea' id='block_1_107' title="bbox 417 5823 1986 5909">
    <p class='ocr_par' dir='ltr' id='par_1_107' title="bbox 417 5823 1986 5909">
     <span class='ocr_line' id='line_1_107' title="bbox 417 5823 1986 5909; baseline -0.017 -9"><span class='ocrx_word' id='word_1_774' title='bbox 417 5861 540 5900; x_wconf 86' lang='lat' dir='ltr'><strong>nem</strong></span> <span class='ocrx_word' id='word_1_775' title='bbox 569 5845 852 5900; x_wconf 86' lang='lat' dir='ltr'><strong>inclinaret</strong></span> <span class='ocrx_word' id='word_1_776' title='bbox 879 5853 932 5897; x_wconf 86' lang='lat' dir='ltr'><strong>et</strong></span> <span class='ocrx_word' id='word_1_777' title='bbox 959 5841 1092 5909; x_wconf 88' lang='lat' dir='ltr'><strong>imp.</strong></span> <span class='ocrx_word' id='word_1_778' title='bbox 1112 5851 1330 5906; x_wconf 90' lang='lat' dir='ltr'><strong>operam</strong></span> <span class='ocrx_word' id='word_1_779' title='bbox 1359 5833 1566 5887; x_wconf 80' lang='lat' dir='ltr'><strong>irritant</strong></span> <span class='ocrx_word' id='word_1_780' title='bbox 1593 5827 1826 5890; x_wconf 83' lang='lat' dir='ltr'><strong>fecisset,</strong></span> <span class='ocrx_word' id='word_1_781' title='bbox 1845 5823 1986 5891; x_wconf 73' lang='lat' dir='ltr'><strong>imp.</strong></span> 
     </span>
    </p>
   </div>
   <div class='ocr_carea' id='block_1_108' title="bbox 2077 4619 3606 4700">
    <p class='ocr_par' dir='ltr' id='par_1_108' title="bbox 2077 4619 3606 4700">
     <span class='ocr_line' id='line_1_108' title="bbox 2077 4619 3606 4700; baseline -0.008 -18"><span class='ocrx_word' id='word_1_782' title='bbox 2077 4629 2446 4700; x_wconf 76' lang='grc' dir='ltr'>πρεσϐύτερον</span> <span class='ocrx_word' id='word_1_783' title='bbox 2491 4628 2602 4678; x_wconf 83' lang='grc' dir='ltr'><strong>τῶν</strong></span> <span class='ocrx_word' id='word_1_784' title='bbox 2642 4627 2908 4695; x_wconf 80' lang='grc' dir='ltr'>’Υρκανοῦ</span> <span class='ocrx_word' id='word_1_785' title='bbox 2963 4625 3183 4678; x_wconf 71' lang='grc' dir='ltr'>παίδων.</span> <span class='ocrx_word' id='word_1_786' title='bbox 3213 4623 3275 4694; x_wconf 78' lang='grc' dir='ltr'><strong>μ’.</strong></span> <span class='ocrx_word' id='word_1_787' title='bbox 3321 4624 3431 4676; x_wconf 70' lang='grc' dir='ltr'><strong>2ῖὸ</strong></span> <span class='ocrx_word' id='word_1_788' title='bbox 3473 4619 3526 4690; x_wconf 77' lang='grc' dir='ltr'>α]</span> <span class='ocrx_word' id='word_1_789' title='bbox 3559 4619 3606 4670; x_wconf 78' lang='grc' dir='ltr'>ὃν</span> 
     </span>
    </p>
   </div>
   <div class='ocr_carea' id='block_1_109' title="bbox 2074 4711 3609 4790">
    <p class='ocr_par' dir='ltr' id='par_1_109' title="bbox 2074 4711 3609 4790">
     <span class='ocr_line' id='line_1_109' title="bbox 2074 4711 3609 4790; baseline -0.008 -16"><span class='ocrx_word' id='word_1_790' title='bbox 2074 4723 2170 4774; x_wconf 80' lang='grc' dir='ltr'>καὶ</span> <span class='ocrx_word' id='word_1_791' title='bbox 2203 4721 2445 4790; x_wconf 76' lang='grc' dir='ltr'>διάδοχον</span> <span class='ocrx_word' id='word_1_792' title='bbox 2485 4720 2772 4787; x_wconf 82' lang='grc' dir='ltr'>ὲταμίευεν</span> <span class='ocrx_word' id='word_1_793' title='bbox 2813 4717 3008 4772; x_wconf 76' lang='grc' dir='ltr'>ἑαυτοῦ</span> <span class='ocrx_word' id='word_1_794' title='bbox 3041 4717 3132 4769; x_wconf 77' lang='grc' dir='ltr'>καὶ</span> <span class='ocrx_word' id='word_1_795' title='bbox 3173 4718 3284 4767; x_wconf 82' lang='grc' dir='ltr'>τῶν</span> <span class='ocrx_word' id='word_1_796' title='bbox 3313 4717 3436 4768; x_wconf 82' lang='grc' dir='ltr'>κατ’</span> <span class='ocrx_word' id='word_1_797' title='bbox 3470 4711 3609 4765; x_wconf 69' lang='grc' dir='ltr'>αὑτὸν</span> 
     </span>
    </p>
   </div>
   <div class='ocr_carea' id='block_1_110' title="bbox 2077 4802 3608 4880">
    <p class='ocr_par' dir='ltr' id='par_1_110' title="bbox 2077 4802 3608 4880">
     <span class='ocr_line' id='line_1_110' title="bbox 2077 4802 3608 4880; baseline -0.007 -17"><span class='ocrx_word' id='word_1_798' title='bbox 2077 4811 2340 4880; x_wconf 75' lang='grc' dir='ltr'>μειζόνων</span> <span class='ocrx_word' id='word_1_799' title='bbox 2355 4811 2456 4875; x_wconf 75' lang='grc' dir='ltr'>τῆς</span> <span class='ocrx_word' id='word_1_800' title='bbox 2499 4809 2836 4878; x_wconf 83' lang='grc' dir='ltr'>σατραπείας</span> <span class='ocrx_word' id='word_1_801' title='bbox 2869 4807 3248 4878; x_wconf 83' lang='grc' dir='ltr'>πραγμάτων·</span> <span class='ocrx_word' id='word_1_802' title='bbox 3279 4807 3308 4859; x_wconf 85' lang='grc' dir='ltr'><strong>ὂ</strong></span> <span class='ocrx_word' id='word_1_803' title='bbox 3347 4807 3442 4857; x_wconf 75' lang='grc' dir='ltr'>καὶ</span> <span class='ocrx_word' id='word_1_804' title='bbox 3484 4802 3608 4872; x_wconf 74' lang='grc' dir='ltr'>μάλα</span> 
     </span>
    </p>
   </div>
   <div class='ocr_carea' id='block_1_111' title="bbox 2077 4895 3609 4972">
    <p class='ocr_par' dir='ltr' id='par_1_111' title="bbox 2077 4895 3609 4972">
     <span class='ocr_line' id='line_1_111' title="bbox 2077 4895 3609 4972; baseline -0.007 -17"><span class='ocrx_word' id='word_1_805' title='bbox 2077 4905 2278 4972; x_wconf 81' lang='grc' dir='ltr'>μᾶλλον</span> <span class='ocrx_word' id='word_1_806' title='bbox 2307 4903 2388 4964; x_wconf 83' lang='grc' dir='ltr'><strong>είς</strong></span> <span class='ocrx_word' id='word_1_807' title='bbox 2424 4901 2643 4971; x_wconf 84' lang='grc' dir='ltr'>μείζους</span> <span class='ocrx_word' id='word_1_808' title='bbox 2683 4917 2740 4952; x_wconf 84' lang='grc' dir='ltr'><strong>τε</strong></span> <span class='ocrx_word' id='word_1_809' title='bbox 2781 4899 3042 4965; x_wconf 76' lang='grc' dir='ltr'>ἐξέκαυσε</span> <span class='ocrx_word' id='word_1_810' title='bbox 3075 4898 3304 4966; x_wconf 76' lang='grc' dir='ltr'>θρήνους</span> <span class='ocrx_word' id='word_1_811' title='bbox 3347 4895 3609 4964; x_wconf 80' lang='grc' dir='ltr'>Ὑρκανὸν,</span> 
     </span>
    </p>
   </div>
   <div class='ocr_carea' id='block_1_112' title="bbox 2075 4986 3610 5064">
    <p class='ocr_par' dir='ltr' id='par_1_112' title="bbox 2075 4986 3610 5064">
     <span class='ocr_line' id='line_1_112' title="bbox 2075 4986 3610 5064; baseline -0.008 -16"><span class='ocrx_word' id='word_1_812' title='bbox 2075 4996 2166 5050; x_wconf 75' lang='grc' dir='ltr'><strong>καὶ</strong></span> <span class='ocrx_word' id='word_1_813' title='bbox 2211 4995 2326 5064; x_wconf 76' lang='grc' dir='ltr'>ἅμα</span> <span class='ocrx_word' id='word_1_814' title='bbox 2373 4994 2508 5063; x_wconf 78' lang='grc' dir='ltr'>πρὸς</span> <span class='ocrx_word' id='word_1_815' title='bbox 2534 4992 2866 5061; x_wconf 72' lang='grc' dir='ltr'>θερμοτέρας</span> <span class='ocrx_word' id='word_1_816' title='bbox 2891 4993 3148 5060; x_wconf 82' lang='grc' dir='ltr'>ζητήσεις</span> <span class='ocrx_word' id='word_1_817' title='bbox 3187 4989 3282 5042; x_wconf 82' lang='grc' dir='ltr'>τοῦ</span> <span class='ocrx_word' id='word_1_818' title='bbox 3317 4990 3515 5052; x_wconf 78' lang='grc' dir='ltr'>ζῶντος</span> <span class='ocrx_word' id='word_1_819' title='bbox 3545 4986 3610 5036; x_wconf 80' lang='grc' dir='ltr'><strong>ἑτι</strong></span> 
     </span>
    </p>
   </div>
   <div class='ocr_carea' id='block_1_113' title="bbox 2075 5075 3614 5155">
    <p class='ocr_par' dir='ltr' id='par_1_113' title="bbox 2075 5075 3614 5155">
     <span class='ocr_line' id='line_1_113' title="bbox 2075 5075 3614 5155; baseline -0.009 -15"><span class='ocrx_word' id='word_1_820' title='bbox 2075 5089 2264 5149; x_wconf 79' lang='grc' dir='ltr'>παιδὸς</span> <span class='ocrx_word' id='word_1_821' title='bbox 2309 5088 2368 5139; x_wconf 71' lang='grc' dir='ltr'>ἐν</span> <span class='ocrx_word' id='word_1_822' title='bbox 2409 5088 2644 5155; x_wconf 79' lang='grc' dir='ltr'>δεσμοῖς.</span> <span class='ocrx_word' id='word_1_823' title='bbox 2691 5086 2785 5136; x_wconf 78' lang='grc' dir='ltr'><strong>Διὸ</strong></span> <span class='ocrx_word' id='word_1_824' title='bbox 2833 5083 2928 5134; x_wconf 70' lang='grc' dir='ltr'>καὶ</span> <span class='ocrx_word' id='word_1_825' title='bbox 2978 5084 3212 5150; x_wconf 79' lang='grc' dir='ltr'>πέμπων</span> <span class='ocrx_word' id='word_1_826' title='bbox 3239 5079 3498 5150; x_wconf 82' lang='grc' dir='ltr'>διηνεκῶς</span> <span class='ocrx_word' id='word_1_827' title='bbox 3531 5075 3614 5128; x_wconf 69' lang='grc' dir='ltr'><strong>οὐκ</strong></span> 
     </span>
    </p>
   </div>
   <div class='ocr_carea' id='block_1_114' title="bbox 2077 5163 3614 5255">
    <p class='ocr_par' dir='ltr' id='par_1_114' title="bbox 2077 5163 3614 5255">
     <span class='ocr_line' id='line_1_114' title="bbox 2077 5163 3614 5255; baseline -0.008 -24"><span class='ocrx_word' id='word_1_828' title='bbox 2077 5181 2237 5255; x_wconf 73' lang='grc' dir='ltr'>ἔληγε</span> <span class='ocrx_word' id='word_1_829' title='bbox 2269 5181 2396 5240; x_wconf 78' lang='grc' dir='ltr'>τοὺς</span> <span class='ocrx_word' id='word_1_830' title='bbox 2426 5178 2882 5245; x_wconf 82' lang='grc' dir='ltr'>διαναστήσοντας</span> <span class='ocrx_word' id='word_1_831' title='bbox 2911 5173 3136 5244; x_wconf 78' lang='grc' dir='ltr'>βασιλέα</span> <span class='ocrx_word' id='word_1_832' title='bbox 3165 5173 3260 5225; x_wconf 78' lang='grc' dir='ltr'>καὶ</span> <span class='ocrx_word' id='word_1_833' title='bbox 3297 5171 3436 5240; x_wconf 68' lang='grc' dir='ltr'>προς</span> <span class='ocrx_word' id='word_1_834' title='bbox 3477 5163 3614 5234; x_wconf 80' lang='grc' dir='ltr'><strong>τοῦρ-</strong></span> 
     </span>
    </p>
   </div>
   <div class='ocr_carea' id='block_1_115' title="bbox 2077 5257 3616 5336">
    <p class='ocr_par' dir='ltr' id='par_1_115' title="bbox 2077 5257 3616 5336">
     <span class='ocr_line' id='line_1_115' title="bbox 2077 5257 3616 5336; baseline -0.009 -15"><span class='ocrx_word' id='word_1_835' title='bbox 2077 5284 2172 5336; x_wconf 89' lang='grc' dir='ltr'><strong>γον</strong></span> <span class='ocrx_word' id='word_1_836' title='bbox 2217 5267 2632 5334; x_wconf 87' lang='grc' dir='ltr'>σπουδαιότερον</span> <span class='ocrx_word' id='word_1_837' title='bbox 2673 5265 3140 5332; x_wconf 78' lang='grc' dir='ltr'>καταστήσοντας,</span> <span class='ocrx_word' id='word_1_838' title='bbox 3165 5259 3428 5331; x_wconf 82' lang='grc' dir='ltr'>χρήματά</span> <span class='ocrx_word' id='word_1_839' title='bbox 3459 5275 3514 5310; x_wconf 89' lang='grc' dir='ltr'><strong>τε</strong></span> <span class='ocrx_word' id='word_1_840' title='bbox 3541 5257 3616 5307; x_wconf 76' lang='grc' dir='ltr'><strong>ἐπὶ</strong></span> 
     </span>
    </p>
   </div>
   <div class='ocr_carea' id='block_1_116' title="bbox 2076 5347 3614 5426">
    <p class='ocr_par' dir='ltr' id='par_1_116' title="bbox 2076 5347 3614 5426">
     <span class='ocr_line' id='line_1_116' title="bbox 2076 5347 3614 5426; baseline -0.009 -16"><span class='ocrx_word' id='word_1_841' title='bbox 2076 5359 2286 5420; x_wconf 82' lang='grc' dir='ltr'>τούτοις</span> <span class='ocrx_word' id='word_1_842' title='bbox 2313 5358 2350 5411; x_wconf 76' lang='grc' dir='ltr'><strong>ἃ.</strong></span> <span class='ocrx_word' id='word_1_843' title='bbox 2386 5358 2484 5426; x_wconf 75' lang='grc' dir='ltr'>μὲν</span> <span class='ocrx_word' id='word_1_844' title='bbox 2513 5357 2728 5410; x_wconf 78' lang='grc' dir='ltr'>οἴκοθεν</span> <span class='ocrx_word' id='word_1_845' title='bbox 2761 5355 2934 5407; x_wconf 75' lang='grc' dir='ltr'>ἐδίδου</span> <span class='ocrx_word' id='word_1_846' title='bbox 2957 5395 2973 5420; x_wconf 87' lang='grc'><strong><em>,</em></strong></span> <span class='ocrx_word' id='word_1_847' title='bbox 3019 5353 3054 5406; x_wconf 79' lang='grc' dir='ltr'><strong>ἃ.</strong></span> <span class='ocrx_word' id='word_1_848' title='bbox 3099 5353 3142 5406; x_wconf 83' lang='grc' dir='ltr'>δ’</span> <span class='ocrx_word' id='word_1_849' title='bbox 3175 5353 3323 5420; x_wconf 68' lang='grc' dir='ltr'>ἠφίει</span> <span class='ocrx_word' id='word_1_850' title='bbox 3369 5351 3480 5402; x_wconf 82' lang='grc' dir='ltr'>τῶν</span> <span class='ocrx_word' id='word_1_851' title='bbox 3509 5347 3614 5416; x_wconf 75' lang='grc' dir='ltr'>πρὶν</span> 
     </span>
    </p>
   </div>
   <div class='ocr_carea' id='block_1_117' title="bbox 2078 5441 3616 5520">
    <p class='ocr_par' dir='ltr' id='par_1_117' title="bbox 2078 5441 3616 5520">
     <span class='ocr_line' id='line_1_117' title="bbox 2078 5441 3616 5520; baseline -0.009 -18"><span class='ocrx_word' id='word_1_852' title='bbox 2078 5450 2406 5520; x_wconf 80' lang='grc' dir='ltr'>ὀφλημάτων</span> <span class='ocrx_word' id='word_1_853' title='bbox 2439 5450 2518 5508; x_wconf 85' lang='grc' dir='ltr'><strong>είς</strong></span> <span class='ocrx_word' id='word_1_854' title='bbox 2547 5447 2914 5516; x_wconf 82' lang='grc' dir='ltr'>ἀναλωμάτων</span> <span class='ocrx_word' id='word_1_855' title='bbox 2946 5447 3161 5516; x_wconf 80' lang='grc' dir='ltr'>χρείαν,</span> <span class='ocrx_word' id='word_1_856' title='bbox 3197 5445 3295 5498; x_wconf 77' lang='grc' dir='ltr'>ὅσα</span> <span class='ocrx_word' id='word_1_857' title='bbox 3330 5441 3490 5494; x_wconf 73' lang='grc' dir='ltr'>ικανά</span> <span class='ocrx_word' id='word_1_858' title='bbox 3519 5453 3616 5507; x_wconf 86' lang='grc' dir='ltr'>τρι-</span> 
     </span>
    </p>
   </div>
   <div class='ocr_carea' id='block_1_118' title="bbox 2079 5528 3616 5611">
    <p class='ocr_par' dir='ltr' id='par_1_118' title="bbox 2079 5528 3616 5611">
     <span class='ocr_line' id='line_1_118' title="bbox 2079 5528 3616 5611; baseline -0.012 -16"><span class='ocrx_word' id='word_1_859' title='bbox 2079 5545 2231 5610; x_wconf 79' lang='grc' dir='ltr'>ήρεις</span> <span class='ocrx_word' id='word_1_860' title='bbox 2269 5541 2552 5611; x_wconf 82' lang='grc' dir='ltr'>πληρῶσαι</span> <span class='ocrx_word' id='word_1_861' title='bbox 2605 5539 2698 5591; x_wconf 79' lang='grc' dir='ltr'>καὶ</span> <span class='ocrx_word' id='word_1_862' title='bbox 2757 5540 2972 5591; x_wconf 79' lang='grc' dir='ltr'>ὁπλίσαι</span> <span class='ocrx_word' id='word_1_863' title='bbox 2999 5538 3143 5590; x_wconf 80' lang='grc' dir='ltr'>κατὰ</span> <span class='ocrx_word' id='word_1_864' title='bbox 3186 5535 3494 5588; x_wconf 79' lang='grc' dir='ltr'>Φωκαέων.’</span> <span class='ocrx_word' id='word_1_865' title='bbox 3529 5528 3616 5580; x_wconf 72' lang='grc' dir='ltr'><strong>Καὶ</strong></span> 
     </span>
    </p>
   </div>
   <div class='ocr_carea' id='block_1_119' title="bbox 2081 5624 3618 5705">
    <p class='ocr_par' dir='ltr' id='par_1_119' title="bbox 2081 5624 3618 5705">
     <span class='ocr_line' id='line_1_119' title="bbox 2081 5624 3618 5705; baseline -0.012 -16"><span class='ocrx_word' id='word_1_866' title='bbox 2081 5635 2197 5705; x_wconf 67' lang='grc' dir='ltr'>ἅμα</span> <span class='ocrx_word' id='word_1_867' title='bbox 2254 5633 2564 5705; x_wconf 81' lang='grc' dir='ltr'>προσετίθει</span> <span class='ocrx_word' id='word_1_868' title='bbox 2611 5633 2704 5684; x_wconf 78' lang='grc' dir='ltr'>καὶ</span> <span class='ocrx_word' id='word_1_869' title='bbox 2753 5631 3118 5697; x_wconf 80' lang='grc' dir='ltr'>ἐπηγγέλλετο</span> <span class='ocrx_word' id='word_1_870' title='bbox 3164 5629 3242 5680; x_wconf 77' lang='grc' dir='ltr'>ἔτι</span> <span class='ocrx_word' id='word_1_871' title='bbox 3275 5626 3371 5678; x_wconf 78' lang='grc' dir='ltr'>καὶ</span> <span class='ocrx_word' id='word_1_872' title='bbox 3425 5624 3618 5690; x_wconf 66' lang='grc' dir='ltr'>δέσμιον</span> 
     </span>
    </p>
   </div>
   <div class='ocr_carea' id='block_1_120' title="bbox 2080 5705 3619 5794">
    <p class='ocr_par' dir='ltr' id='par_1_120' title="bbox 2080 5705 3619 5794">
     <span class='ocr_line' id='line_1_120' title="bbox 2080 5705 3619 5794; baseline -0.015 -13"><span class='ocrx_word' id='word_1_873' title='bbox 2080 5725 2272 5780; x_wconf 83' lang='grc' dir='ltr'>δώσειν</span> <span class='ocrx_word' id='word_1_874' title='bbox 2303 5724 2450 5794; x_wconf 74' lang='grc' dir='ltr'>αὐτῷ</span> <span class='ocrx_word' id='word_1_875' title='bbox 2481 5723 2578 5793; x_wconf 81' lang='grc' dir='ltr'>τὴν</span> <span class='ocrx_word' id='word_1_876' title='bbox 2613 5722 2878 5791; x_wconf 86' lang='grc' dir='ltr'>ταχίστην</span> <span class='ocrx_word' id='word_1_877' title='bbox 2905 5721 3184 5774; x_wconf 71' lang='grc' dir='ltr'>Ματθαίον</span> <span class='ocrx_word' id='word_1_878' title='bbox 3217 5718 3302 5769; x_wconf 67' lang='grc' dir='ltr'><strong>τὸν</strong></span> <span class='ocrx_word' id='word_1_879' title='bbox 3337 5715 3442 5780; x_wconf 82' lang='grc' dir='ltr'>τῆς</span> <span class='ocrx_word' id='word_1_880' title='bbox 3477 5705 3619 5764; x_wconf 80' lang='grc' dir='ltr'><strong>αὑτοῦ</strong></span> 
     </span>
    </p>
   </div>
   <div class='ocr_carea' id='block_1_121' title="bbox 2049 5801 3622 5903">
    <p class='ocr_par' dir='ltr' id='par_1_121' title="bbox 2049 5801 3622 5903">
     <span class='ocr_line' id='line_1_121' title="bbox 2049 5801 3622 5903; baseline -0.013 -32"><span class='ocrx_word' id='word_1_881' title='bbox 2049 5815 2364 5903; x_wconf 23' lang='grc' dir='ltr'>,βασιλείας</span> <span class='ocrx_word' id='word_1_882' title='bbox 2417 5815 2608 5884; x_wconf 60' lang='grc' dir='ltr'>ἑχθρδιν</span> <span class='ocrx_word' id='word_1_883' title='bbox 2660 5813 2756 5868; x_wconf 71' lang='grc' dir='ltr'>καὶ</span> <span class='ocrx_word' id='word_1_884' title='bbox 2809 5811 3097 5878; x_wconf 79' lang='grc' dir='ltr'>πολέμιον,</span> <span class='ocrx_word' id='word_1_885' title='bbox 3161 5810 3251 5861; x_wconf 72' lang='grc' dir='ltr'>καὶ</span> <span class='ocrx_word' id='word_1_886' title='bbox 3307 5805 3532 5866; x_wconf 79' lang='grc' dir='ltr'>μακρῶν</span> <span class='ocrx_word' id='word_1_887' title='bbox 3575 5801 3622 5851; x_wconf 70' lang='grc' dir='ltr'>ἐν</span> 
     </span>
    </p>
   </div>
  </div>
