3780 6564
134 452 224 516 ἔθῦ

1400 460 1575 519 V'l'l‘A
1620 464 1679 522 S.
1725 461 2058 521 CODRATI

3246 466 3353 520 δυο

129 564 355 620 τοιοῦτον
406 560 465 615 τδ
525 565 874 618 παντάπασιν
932 564 1098 634 νῆσον
1156 559 1296 622 εἶναι
1351 566 1622 625 κωλύουσα

1858 569 1927 625 Iis
1953 568 2193 624 medium
2222 583 2281 624 se
2323 568 2482 640 quasi
2519 569 2732 625 obicem
2778 583 3108 638 murumque
3167 571 3351 624 inter-

126 657 242 728 παρ’
266 657 385 710 ὅσον
406 655 740 726 ἀμφοτέροις
775 657 888 720 τοῖς
917 657 1261 728 ἐκατέρωθεν
1286 658 1480 716 ὕδασιν
1515 662 1669 716 ἀντι-

127 747 328 822 φράττει
352 745 746 816 μεσιτεύουσα.
775 734 948 819 Ὅσης
981 748 1084 820 μὲν
1110 745 1204 804 οὖν
1232 749 1390 823 ἔλαχε
1431 753 1534 824 τῆς
1560 754 1672 808 τῶν

125 841 264 912 ὡρῶν
289 837 583 907 εὐκρασίας
610 840 705 891 καὶ
728 839 833 906 τῆς
864 839 979 893 τῶν
1003 841 1180 896 ἄλλων
1218 843 1463 914 χάριτος,
1495 846 1670 900 ὁπόσα

128 935 199 993 εἰς
223 929 377 992 ἀκοὰς
406 926 712 998 ἀνθρώπων
742 930 891 984 ίόντα
921 932 984 987 ού
1009 932 1271 1004 βραχείας
1294 937 1318 988 ἐ
1327 937 1549 1010 μπιπλᾷ
1571 938 1672 1009 τῆς

126 1019 316 1092 ἡδονῆς.
351 1018 446 1071 καὶ
471 1017 547 1083 ὡς
571 1019 925 1076 ἐνιαυσιαίων
967 1021 1190 1077 κύκλων
1216 1027 1464 1099 τακταῖς
1480 1028 1670 1099 περιό-

123 1114 220 1175 δοις
258 1109 483 1164 ἐνταῦθα
536 1110 833 1182 συνέρρεον
891 1112 1162 1178 Ἐλλήνων
1212 1117 1424 1183 παῖδες,
1491 1117 1670 1172 ἄθλων

124 1205 223 1271 ἅμα
244 1202 331 1254 καὶ
351 1201 608 1254 ἐπάθλων
632 1202 821 1269 ἕνεκα,
855 1202 919 1257 οὗ
946 1204 1042 1258 τοῦ
1072 1207 1345 1277 παρόντος
1374 1209 1505 1271 ἴσως
1532 1208 1671 1274 διεε-

126 1297 242 1351 ιέναι
285 1293 502 1363 καιροῦο
565 1295 716 1349 ίσασι
764 1296 876 1367 γὰρ
930 1297 1195 1363 ἅπαντες,
1245 1300 1359 1353 δσοι
1406 1300 1516 1354 τῶν
1571 1303 1669 1372 τῆς

122 1385 381 1457 ἐλληνικῆς
428 1385 624 1455 σοφίας
670 1388 967 1459 κρατήρων
991 1389 1087 1441 καὶ
1126 1390 1375 1444 ὁπιυσοῦν
1430 1392 1674 1463 ἀπεγεύ-

123 1495 280 1532 σσντο.
311 1476 533 1545 Ταύτης
559 1478 853 1548 τοιγαροῦν
876 1480 1030 1551 παρὰ
1056 1479 1154 1551 τὴν
1179 1483 1317 1553 πρ“ος
1343 1480 1497 1535 νότον
1515 1482 1670 1549 λῆξίν

122 1574 220 1623 ἐστι
245 1568 387 1629 πόλι,
424 1570 459 1640 ἡ
505 1569 787 1641 Κόρινθος,
835 1572 1144 1643 περιφανὴς
1187 1574 1396 1628 ἄνωθεν
1428 1574 1525 1630 καὶ
1568 1592 1667 1629 πο-

120 1661 465 1729 λυάνθρωπος,
517 1663 611 1715 καὶ
658 1664 801 1727 θεοῖς
834 1663 935 1732 μὲν
983 1665 1250 1734 πρότερον
1293 1665 1525 1738 ἐμπύρῳ
1561 1667 1672 1722 τινὶ

123 1753 302 1823 στοργῇ
357 1754 790 1824 προσανέχουσα,
856 1756 951 1810 καὶ
998 1756 1395 1831 δεισιδαιμονίᾳ
1441 1761 1670 1831 κάτοχος

121 1845 318 1916 ἁπάσῃ·
344 1844 439 1914 ἀφ’
465 1840 527 1900 οὗ
574 1846 619 1899 δ’
667 1848 718 1900 οί
750 1848 844 1900 τοῦ
895 1849 1261 1918 εὐαγγελικοῦ
1306 1851 1669 1922 κηρύγματος

120 1936 265 1997 ἀλιείς
302 1935 400 2003 τὴν
443 1935 547 2006 τῆς
588 1935 745 2006 ἡμῶν
779 1939 1057 2011 σωτηρίας
1096 1940 1341 2012 σαγήνην
1381 1943 1451 2014 τῇ
1491 1942 1672 1996 οίκου-
1700 1926 1743 1986 Β

123 2026 237 2095 μένῃ
266 2023 538 2094 καθῆκαν,
581 2027 778 2080 αὐτίκα
829 2029 895 2099 δὴ
938 2030 1035 2083 καὶ
1082 2031 1220 2101 αὕτη
1280 2032 1462 2087 πάντα
1507 2032 1669 2105 βυθὸν

120 2116 335 2186 ἁλμυρὸν
367 2116 783 2186 ἁποσεισαμένη
817 2118 953 2188 πρὸς
1000 2119 1070 2171 τὰ
1101 2118 1198 2173 τοῦ
1229 2121 1448 2176 Παύλου
1501 2140 1670 2193 μετα-

116 2205 262 2277 χωρεί
291 2204 383 2257 καὶ⁵
418 2205 771 2272 μετατίθεται
793 2206 1033 2271 νάματα.
1061 2207 1396 2278 Γεννήτορες
1418 2208 1474 2263 δέ
1510 2210 1668 2262 εὐσε-

117 2293 217 2361 ϐείᾳ
245 2293 336 2347 καὶ
365 2293 607 2364 ἐναρέτῳ
633 2293 878 2364 διαγωγξι⁸
910 2294 1326 2364 διαπρέποντες,
1365 2298 1460 2350 καὶ
1502 2313 1670 2368 προσ-

115 2385 184 2437 ίτι
208 2399 268 2451 γε
309 2382 563 2454 εὐγενείᾳ
623 2390 718 2437 καὶ
766 2384 982 2455 πλούτῳ
1026 2387 1184 2455 βαθεῖ
1230 2387 1665 2459 περισρίθοντες.

123 2473 261 2527 Ἀλλὰ
299 2475 402 2545 γὰρ
441 2474 705 2545 τοιαύτης
748 2476 848 2547 μὲν
879 2478 976 2547 τῆς
1022 2480 1299 2551 πατρίδος,
1333 2480 1590 2535 τοιούτων
1610 2480 1667 2535 δὲ

112 2560 203 2614 τῶν
233 2562 438 2630 γονέων
486 2566 804 2633 γενόμενος,
851 2565 952 2619 οὐκ
997 2569 1227 2622 ἐπιπολὺ
1272 2569 1480 2627 τούτων
1516 2571 1669 2625 ἀπώ-

113 2668 241 2718 νατο,
270 2652 411 2707 ἀλλὰ
465 2656 596 2724 πρὶν
633 2655 667 2725 ἢ
697 2657 799 2717 τὴν
828 2656 1097 2729 βρεφικὴν
1119 2660 1415 2732 παρελθεῖν
1442 2663 1665 2735 ἠλικίαν

114 2746 299 2814 οτχεται
329 2747 431 2816 μὲν
462 2750 495 2815 ἡ
533 2748 740 2820 μήτηρ,
773 2750 982 2821 οἴχεται
1011 2752 1058 2806 δ’
1090 2755 1120 2807 ὁ
1174 2754 1379 2826 πατὴρ,
1428 2757 1488 2809 ὲν
1534 2756 1662 2828 βρα-

114 2840 186 2910 χεῖ
208 2841 262 2891 τὸ
288 2841 471 2909 χρεὼν
522 2842 879 2912 ἐπιταμόντες
915 2842 1166 2915 ἑκάτεροι
1192 2861 1209 2877 ·
1265 2845 1458 2918 ὥσπερ
1502 2847 1571 2902 ἂν
1616 2849 1664 2901 εἰ

114 2930 169 2984 δι’
192 2931 341 2985 οὐδὲν
362 2932 554 3002 ἕτερον
581 2935 662 2997 είς
690 2932 783 2986 τὸν
814 2934 932 3004 βίον
961 2936 1326 3007 παρήχθησαν
1357 2937 1390 3008 ἦ
1413 2938 1513 3010 τῆς
1547 2939 1667 2993 τού-

1772 659 1950 727 punit.
2007 658 2341 728 Temporum
2386 669 2571 714 autem
2624 659 2752 714 anni
2804 657 3130 720 constitutio
3187 674 3353 727 quam

1770 749 2006 819 benigna
2037 749 2109 806 ibi
2136 750 2227 817 sit,
2260 759 2466 822 quanta
2498 751 2731 805 aliarum
2763 765 2953 805 rerum
2980 765 3104 819 quae
3155 750 3224 805 ab
3250 749 3354 804 ho-

1771 844 2017 899 minibus
2050 858 2176 898 cum
2223 845 2510 915 voluptate
2554 858 2662 897 non
2712 840 2979 896 mediocri
3027 839 3354 905 audiuntur,

1769 937 1942 1006 gratia
1971 952 2035 992 ac
2073 937 2386 1000 ammnitas,
2436 936 2558 1007 quis
2626 935 2944 991 Graecorum
3006 933 3136 988 olim
3194 942 3355 989 statis

1769 1044 2040 1085 annorum
2072 1028 2316 1100 periodis
2343 1029 2410 1083 ad
2458 1029 2762 1083 certamina
2815 1026 2979 1080 simul
3016 1035 3072 1080 et
3126 1025 3350 1095 prauuia

1770 1136 2097 1187 concursus,
2127 1137 2250 1175 cum
2284 1122 2492 1177 sciatur
2526 1123 2595 1175 ab
2637 1119 2895 1173 omnibus
2945 1117 3040 1188 qui
3084 1117 3352 1187 sapientia

1769 1211 1956 1266 Graeca
1982 1211 2486 1281 quomodocunque
2515 1210 2664 1264 labra
2714 1210 3060 1279 proluerunt,
3129 1223 3235 1261 non
3270 1215 3357 1261 cst

1770 1301 1914 1356 forte
1942 1317 2096 1357 nune
2117 1317 2340 1356 narrare
2362 1310 2757 1370 opportunum.
2818 1296 2991 1363 llujus
3016 1296 3182 1366 igitur
3213 1295 3355 1350 isth-

1770 1392 1845 1447 mi
1876 1392 1941 1447 ad
1970 1404 2223 1448 austrum
2263 1394 2397 1447 lines
2450 1393 2584 1446 urbs
2631 1389 2934 1445 Corinthus
2964 1387 3206 1458 attingit,
3238 1385 3355 1456 pri-

1771 1485 1875 1540 mis
1900 1486 1968 1539 ab
1995 1485 2170 1540 initiis
2198 1485 2345 1539 clara
2373 1494 2427 1539 et
2467 1484 2669 1555 populo
2703 1482 2988 1551 frequens,
3018 1478 3351 1548 ardentique

1770 1581 1974 1635 aifectu
2023 1579 2130 1635 diis
2163 1577 2408 1643 addicta,
2466 1590 2704 1647 quorum
2749 1575 2903 1629 omni
2959 1570 3355 1643 superstitione

1771 1672 2133 1728 fauaticorum
2167 1670 2222 1725 in
2259 1684 2472 1726 morem
2522 1678 2778 1738 correpta
2809 1674 2929 1722 erat
2968 1684 2983 1721 :
3015 1665 3193 1719 donec
3238 1675 3357 1716 tau-

1771 1768 1894 1823 dem
1920 1754 2521 1838 evangeliciprmconii
2557 1760 2957 1834 piscatoribus,
3005 1768 3121 1813 rete
3153 1757 3355 1812 salutis

1772 1870 1975 1914 nostrae
2037 1874 2137 1931 per
2200 1857 2525 1912 universum
2580 1854 2771 1909 orbem
2825 1851 3161 1912 laxamihus.
3237 1848 3354 1918 ipsa

1770 1964 1991 2021 quoque
2021 1947 2296 2017 extemplo
2324 1944 2622 2018 salsugiuis
2652 1945 2912 2015 abyssum
2938 1955 3155 1995 omnem
3184 1953 3353 1994 excu-

1770 2045 1939 2103 tiens,
1971 2039 2038 2094 ad
2067 2037 2224 2094 Pauli
2269 2053 2394 2093 sese
2427 2037 2624 2092 latices
2682 2033 3031 2089 transferret.
3069 2028 3191 2085 illic
3243 2029 3350 2083 Co-

1769 2130 2241 2203 dratigenitorcs,
2282 2130 2510 2201 pietate,
2546 2138 2602 2184 et
2644 2127 2900 2183 instituto
2941 2125 3068 2178 vitae
3124 2121 3191 2176 ad
3241 2120 3355 2175 vir-

1772 2228 1906 2284 tutis
1932 2242 2179 2282 normam
2211 2238 2429 2290 exacto,
2458 2224 2751 2283 nobilitate
2784 2223 2914 2276 item
2944 2216 3355 2285 luculentisque

1768 2319 1967 2390 Opibus
1997 2314 2348 2375 ﬂeruerunt:
2381 2334 2484 2373 nec
2535 2328 2715 2372 tamen
2748 2315 2825 2370 illi
2859 2324 2978 2368 orto
3024 2310 3118 2366 tali
3173 2308 3352 2379 patria

1769 2411 2080 2481 talibusque
2111 2410 2433 2472 parentibus
2458 2407 2668 2479 perfrui
2729 2406 2849 2462 istis
2900 2403 3131 2458 multum
3166 2398 3349 2455 lii-uit.

1768 2501 1944 2557 Annis
1969 2501 2214 2557 infantia:
2245 2502 2482 2557 necdum
2519 2498 2813 2560 absolutis.
2847 2495 3086 2552 moritur
3119 2493 3199 2546 illi
3236 2505 3352 2545 ma-

1770 2599 1874 2655 ter,
1907 2592 2143 2647 moritur
2166 2601 2224 2647 et
2263 2601 2441 2662 pater,
2507 2590 2664 2645 brevi
2706 2590 2866 2655 plane
2901 2582 3196 2641 intervallo
3253 2598 3354 2636 na-

1768 2692 1909 2738 tura:
1952 2682 2202 2738 debitum
2234 2694 2466 2752 uterque
2480 2680 2722 2747 solvens,
2756 2687 2817 2733 ut
2843 2675 3120 2748 gignendo
3139 2681 3351 2727 tauttim

1763 2773 2005 2830 Codrato
2031 2777 2200 2830 vitam
2232 2771 2417 2843 adepti
2441 2771 2781 2829 viderentur.
2815 2782 2926 2837 quo
2954 2774 3084 2821 nato
3113 2762 3356 2832 migrau-

1766 2866 1898 2921 dum
1932 2866 2068 2937 ipsis
2106 2880 2172 2921 ac
2211 2874 2413 2936 praeter
2476 2862 2822 2919 nativitatem
2877 2858 3014 2913 nihil
3046 2855 3159 2911 filio
3198 2853 3356 2907 exhi-

1767 2958 2009 3014 bendum
2057 2965 2209 3014 esset
2266 2970 2485 3018 eorum.
2547 2954 2750 3025 quibus
2790 2962 2983 3007 natura
3044 2946 3355 3013 insitnsque

113 3041 191 3081 του
217 3026 483 3094 γενέσεως
525 3027 711 3082 ἕνεκα.
748 3027 861 3081 Καὶ
894 3028 965 3081 δι’
1005 3028 1140 3082 αὑτό
1168 3030 1233 3098 γέ
1266 3047 1349 3084 τοι
1394 3031 1555 3086 τοῦτο
1587 3050 1606 3085 1

1862 3048 2089 3103 'entibus
2113 3047 2167 3101 in
2195 3046 2362 3101 fastus
2392 3059 2546 3099 amor
2574 3042 2797 3112 defungi
2827 3047 3052 3111 cogunt,
3079 3046 3192 3091 tota
3215 3034 3355 3089 edu-

114 3117 201 3188 βίῳ
250 3120 429 3190 τούτῳ
480 3122 968 3190 προσενεγκόντες,
1023 3118 1144 3176 εἶτα
1206 3124 1471 3196 ἀπῆλθον,
1526 3144 1607 3198 μη

1862 3139 2005 3194 ionis
2040 3154 2139 3209 spe
2177 3138 2381 3207 rejects
2433 3135 2489 3190 in
2520 3133 2714 3188 Deum.
2760 3126 2973 3199 ‘ltaque
3008 3125 3255 3194 suscepit
3285 3123 3350 3177 il-

114 3208 254 3265 πλέον
293 3213 570 3278 γενέσεως
605 3215 1056 3291 συγχωρηθέντες
1088 3221 1529 3288 συνεισενεγκεῖν
1556 3221 1607 3272 τι]

1859 3245 1880 3282 n
1913 3208 2183 3283 Dominus
2214 3227 2363 3281 omni
2397 3224 2683 3280 hominum
2715 3237 2820 3291 ope
2877 3218 3205 3274 destitutum
3230 3217 3352 3285 (ue-

113 3304 195 3358 ὅσα
218 3307 380 3374 φύσις
410 3305 505 3360 καὶ
533 3307 730 3377 φίλτρα
769 3290 962 3376 γονέας
995 3311 1358 3380 ἀφοσιοῦσθαι
1387 3329 1606 3369 κατανα·

1860 3338 1883 3377 ε
1911 3320 2059 3376 enim
2091 3319 2235 3375 solet
2265 3318 2544 3372 hominem
2577 3314 2631 3368 in
2691 3314 2869 3367 lucem
2923 3309 3093 3366 semel
3147 3309 3353 3363 editum

114 3400 323 3466 κᾶζουσι
356 3404 472 3464 τοῖς
501 3402 716 3454 ἑαυτῶν
759 3401 1052 3473 βρέφεσιν*
1092 3402 1230 3457 ἀλλά
1272 3405 1452 3458 πᾶσαν
1482 3405 1555 3467 ὡς
1590 3408 1668 3468 εξ-

113 3497 217 3546 αείν
244 3494 586 3563 κηδεμονίας
631 3493 823 3548 ἐλπίδα
874 3496 1012 3563 πρδς
1058 3495 1192 3549 Θεὸν
1238 3496 1663 3570 ἀναρρίψαντες.

116 3588 476 3656 Προσελάεετο
510 3588 608 3658 μὲν
637 3582 731 3642 οὖν
761 3590 791 3641 ὀ
821 3587 1026 3656 Κύριος
1062 3588 1224 3641 αύτὶν
1255 3590 1435 3659 πάσης
1462 3591 1668 3662 ἔρημον

113 3679 441 3750 ἀνθρωπίνης
477 3681 605 3734 ὄντα
651 3682 975 3750 ἐπικουρίας
1006 3680 1087 3751 (ού
1122 3679 1231 3750 γὰρ
1284 3681 1350 3737 ἂν
1376 3683 1463 3754 εἴη
1506 3683 1668 3737 τοῦτο

112 3769 253 3838 νόμος
291 3771 440 3824 Θεοῦ
499 3772 581 3834 εἰς
636 3769 749 3839 φῶς
795 3769 944 3837 ἅπαξ
988 3771 1406 3841 προεληλυθότα
1453 3772 1668 3845 ἄνθρω-

114 3878 198 3921 πον
236 3862 514 3934 παριδεῖν,
578 3860 637 3925 ὃς
688 3862 874 3915 δίδωσι
925 3862 1135 3933 τροφὴν
1171 3864 1320 3935 πάσῃ
1350 3865 1537 3934 σαρκὶ,
1577 3868 1673 3922 κοιλ⁵

112 3955 209 4016 τοῖς
256 3956 522 4026 κτήνεσιν
571 3953 921 4021 ἐξανατέλλει
972 3953 1187 4025 χόρτον,
1233 3957 1329 4008 καὶ
1376 3956 1544 4010 πᾶσιν
1593 3959 1675 4020 εἰς

111 4046 354 4122 εὔκαιρον
398 4043 507 4119 τὴν,
541 4046 747 4118 τροφὴν
794 4046 1150 4118 πρυτανεύει)
1199 4046 1295 4099 καὶ
1344 4048 1542 4118 μικρὸν
1576 4051 1676 4119 τῆς

111 4140 204 4193 τῶν
227 4142 442 4196 πολλῶν
460 4141 749 4212 ἐπιμιξίας
773 4139 1103 4210 ἀπαγαγὼν,
1127 4140 1221 4193 καὶ
1252 4142 1334 4202 εἰς
1361 4142 1533 4211 ἀγρόν
1551 4159 1676 4197 τινα

111 4232 314 4299 ἀγαγὼν
355 4233 677 4305 προύνοείτο
703 4231 894 4285 τούτου
926 4229 1268 4299 παραδόξως,
1303 4230 1399 4284 καὶ
1427 4232 1677 4305 ἀπορρή-

1776 3411 1921 3468 Dcus
1958 3412 2256 3482 negligere.
2318 3408 2412 3478 qui
2450 3407 2542 3461 dat
2577 3421 2760 3461 escam
2820 3402 2972 3458 omni
3022 3400 3200 3460 carui.
3256 3398 3353 3466 qui

1767 3502 2036 3575 jumentis
2065 3501 2320 3571 producit
2353 3500 2584 3563 fmnum,
2643 3490 2699 3552 et
2734 3494 2949 3550 cunctis
3014 3492 3069 3546 in
3109 3500 3357 3560 tempore

1774 3606 2087 3672 opportuno
2144 3595 2328 3649 cibum
2389 3593 2617 3663 praebet)
2680 3589 3018 3660 parvuluque
3068 3603 3097 3638 a
3146 3581 3356 3651 vulgari

1774 3685 2195 3741 conversatione
2233 3684 2287 3738 in
2332 3699 2523 3755 agrum
2575 3680 2868 3752 quemdam
2918 3676 3159 3730 abducto
3186 3673 3356 3726 mira-

1774 3776 1965 3833 biliter
2027 3775 2333 3848 prospexit,
2407 3784 2464 3830 et
2529 3770 2903 3828 ineffabilibus
2949 3765 3149 3822 modis.
3212 3763 3359 3817 sicut

1774 3869 2062 3924 alumnum
2083 3867 2236 3923 illum
2256 3864 2432 3921 eremi
2457 3862 2590 3917 olim
2637 3858 2938 3917 Salvatoris
2969 3856 3359 3916 Prodromum,

1774 3961 2061 4018 enutrivit.
2094 3958 2246 4015 Unde
2276 3972 2425 4013 cura:
2450 3964 2507 4011 et
2550 3953 2913 4025 providentia:
2974 3950 3065 4004 Dei
3097 3947 3361 4003 commis-

1776 4068 1894 4119 sus,
1925 4052 2198 4122 sapientia
2229 4050 2396 4105 simul
2425 4056 2482 4104 et
2535 4047 2710 4118 gratia
2737 4043 3020 4100 crescebat
3073 4058 3138 4096 ac
3194 4040 3362 4110 proli-

1777 4146 1980 4210 ciebat,
2014 4144 2182 4199 variis
2210 4142 2360 4197 circa
2411 4157 2539 4196 eum
2575 4138 2857 4194 miraculis
2915 4135 3166 4212 quotidie
3227 4148 3363 4186 cou-

1780 4235 2141 4308 ﬁngentibus.

111 4342 208 4388 τοις
252 4327 482 4399 τρόποις
525 4326 799 4394 διέτρεφε,
865 4323 1121 4391 καθάπερ
1165 4322 1433 4393 πρότερον
1468 4324 1563 4378 τὸν
1607 4329 1707 4399 τῆς
1748 4329 1966 4400 ἐρήμου
2020 4328 2294 4398 τρόφιμον
2341 4326 2437 4380 καὶ
2474 4323 2570 4380 τοῦ
2638 4324 2896 4395 Σωτῆρος
2921 4323 3257 4395 Πρόδρομον.
3303 4316 3364 4373 ’0

110 4418 148 4470 δ’
171 4422 267 4475 ὑπὸ
298 4420 422 4491 Θεῷ
458 4420 721 4490 κηδεμόνι
751 4420 844 4472 καὶ
883 4413 1158 4488 προμηθεῖ
1200 4414 1404 4486 ηύξανε
1467 4418 1563 4472 καὶ
1618 4421 1924 4477 ἐτελειοῦτο
1955 4423 2122 4492 σοφίᾳ
2159 4420 2258 4473 καὶ
2324 4422 2533 4493 χάριτι,
2579 4420 2844 4477 ποικίλων
2902 4422 2963 4473 ἐν
3003 4417 3156 4491 αὐτῷ
3180 4431 3364 4486 παρα-

110 4514 258 4581 δόξων
288 4515 571 4584 ὁσημέραι
605 4511 968 4581 τελουμένων.

168 4610 232 4679 γ’.
268 4611 437 4664 ’Λλλὰ
484 4608 596 4679 γὰρ
641 4610 882 4664 ἐνταῦθα
908 4609 1004 4664 τοῦ
1050 4610 1214 4678 λόγου
1246 4612 1564 4681 γενόμενος,
1594 4613 1661 4664 ἐν·

1873 4616 1913 4670 5.
1949 4616 2126 4685 Atque
2150 4615 2260 4676 hic.
2323 4629 2434 4669 non
2485 4625 2709 4683 possum
2771 4608 3054 4679 equidem,
3113 4605 3366 4662 oratione

114 4702 291 4772 θύμιον
312 4702 674 4771 ἐποιησάμην
698 4702 788 4755 τὸν
830 4702 1089 4756 ἐκλεκτὸν
1127 4704 1222 4758 τὸν
1263 4704 1360 4757 τοῦ
1403 4705 1543 4758 Θεοῦ
1573 4706 1682 4759 Ίσ-

115 4793 257 4862 ραὴλ,
284 4794 382 4847 καὶ
408 4794 538 4846 ὅσον
581 4792 770 4846 θεόθεν
800 4793 1158 4864 πεπείραται,
1190 4793 1302 4846 τῶν
1330 4794 1517 4849 καλῶν
1553 4795 1681 4865 ἄρτι

111 4885 199 4953 τῆς
245 4886 487 4957 ἐρημίας
517 4886 657 4955 μετά
684 4884 785 4954 τὴν
817 4884 879 4949 ἐξ
922 4886 1205 4956 Αἰγύπτου
1246 4888 1429 4959 φυγὴν
1462 4888 1678 4953 ἐπιϐὰς,

112 4977 194 5030 καὶ
236 4978 391 5031 ούδέν
427 4978 659 5048 ἀνόμοια
704 4976 775 5030 τὰ
803 4977 924 5030 τότε
962 4980 1075 5038 τοῖς
1105 4977 1202 5031 νῦν
1256 4978 1583 5050 παρατιθεὶς
1627 4981 1683 5033 ἐ-

114 5072 406 5140 φευρίτκω.
436 5070 619 5140 Νέφος
653 5071 763 5141 γὰρ
792 5065 888 5122 νῦν
917 5068 1039 5139 μεθ’
1067 5070 1280 5141 ἡμέραν
1319 5071 1420 5140 μὲν
1452 5072 1683 5140 ὑποτρέ-

112 5180 197 5231 χον
241 5163 333 5217 τὸν
374 5164 552 5235 ἥλιον,
590 5162 686 5215 καὶ
737 5160 1165 5232 ἀπομαχόμενον
1207 5164 1329 5226 ταῖς
1377 5163 1472 5216 τοῦ
1519 5164 1677 5233 ἡλίου

115 5255 467 5323 φλογώσεσιν,
503 5254 730 5326 ἐαρινὴν
755 5257 1014 5325 παρεῖχεν
1038 5252 1117 5322 τῷ
1147 5253 1288 5321 ἀγίῳ
1316 5252 1415 5325 τὴν
1443 5257 1546 5323 τῆς
1585 5272 1681 5322 με·
1712 5238 1736 5266 ’

116 5345 382 5415 ημὸρίας
417 5345 608 5414 ὥραν*
661 5343 877 5415 νύκτωρ
911 5344 957 5396 δ’
1010 5343 1078 5397 αὖ
1115 5344 1281 5398 οίονεί
1324 5362 1411 5406 τις
1456 5345 1678 5413 λαμπὰς

114 5439 421 5507 ἐφεστήκει.
454 5440 553 5509 τὴν
585 5439 914 5508 νυκτερινὴν
946 5438 1187 5505 ζόφωσιν
1218 5439 1298 5501 είς
1332 5438 1679 5509 μεσημϐρίαν

115 5532 354 5602 ἀμεῖϐον.
390 5534 501 5586 Καὶ
528 5534 651 5587 τότε
675 5534 796 5604 μὲν,
829 5533 1014 5602 φησὶν,
1044 5534 1141 5585 οὐκ
1170 5527 1238 5603 ἦν
1260 5532 1319 5584 ἐν
1341 5534 1460 5596 ταῖς
1484 5533 1680 5601 φυλαῖς

115 5622 283 5676 αύτῶν
316 5626 346 5676 ὁ
395 5624 659 5678 ἀσθενῶν.
713 5623 827 5678 Καὶ
858 5617 1013 5687 οὗτος
1038 5621 1096 5677 δὲ
1132 5624 1254 5688 ταῖς
1286 5623 1552 5694 ἐρημίαις
1582 5626 1680 5678 καὶ

121 5715 279 5786 μηδὲν
338 5717 590 5787 ἐχούσαις
638 5716 794 5785 ύγιές
842 5715 1195 5789 παραμύθιον
1242 5713 1682 5791 ἐνδιαιτώμενος,

184 5872 197 5902 ¹
224 5873 365 5951 fasti,
398 5892 507 5960 ειν,
543 5877 623 5932 i5.

1782 4704 1898 4774 ipsa
1953 4706 2305 4760 occasionem
2364 4702 2859 4763 subministrante,
2925 4714 3036 4753 non
3087 4696 3367 4754 recordari

1780 4811 1999 4860 eorum.
2040 4811 2163 4867 quae
2195 4810 2227 4851 a
2259 4796 2372 4850 Deo
2400 4794 2616 4849 electus
2676 4791 2868 4854 Israel,
2933 4790 3067 4843 dum
3116 4796 3241 4858 post
3275 4787 3366 4840 fu-

1784 4905 1906 4960 gam
1980 4903 2050 4943 ex
2094 4887 2330 4958 Egypto
2388 4887 2491 4942 frui
2550 4886 2840 4941 beneficiis
2889 4881 3093 4937 deserti
3151 4880 3367 4948 incipit,

1782 4979 2050 5036 divinitus
2069 4990 2153 5035 est
2187 4990 2471 5051 expertus,
2517 4979 2603 5034 his
2634 4979 2702 5033 de
2729 4977 2933 5046 quibus
2963 4973 3178 5038 agitnus
3230 4988 3370 5026 neu-

1781 5072 2016 5140 tiquam,
2051 5070 2096 5124 si
2133 5080 2547 5139 comparentur,
2576 5065 2888 5121 dissimilia.
2949 5063 3134 5117 Nubes
3171 5077 3370 5130 netupe

1788 5162 1878 5218 hic
1909 5175 2132 5232 quoque
2161 5161 2402 5217 interdiu
2432 5160 2604 5213 solent
2667 5157 2893 5213 subiens
2940 5166 2995 5210 et
3060 5170 3184 5210 cum
3249 5154 3373 5223 eius

1788 5255 2017 5310 testibus
2042 5256 2369 5325 depugnans
2399 5252 2692 5316 efﬁciebat,
2750 5260 2810 5303 ut
2844 5248 3167 5304 meridianis
3214 5247 3373 5301 horis

1790 5347 2027 5403 Sanctus
2070 5363 2167 5402 ver
2201 5347 2447 5409 haberet,
2490 5345 2670 5399 noctis
2721 5351 2904 5396 autem
2963 5338 3227 5397 tenebrae,
3276 5337 3372 5391 ad-
3447 5345 3450 5350 '

1784 5452 1953 5495 ventu
1990 5440 2276 5513 cujusdam
2304 5440 2460 5508 quasi
2489 5435 2777 5508 lampadis,
2815 5434 2870 5490 iu
2916 5432 3202 5487 meridiem
3242 5445 3378 5486 con-

1787 5534 2170 5589 vertebantur.
2213 5532 2464 5602 Cumque
2508 5530 2795 5600 Scriptura
2833 5536 2969 5581 teste
2999 5525 3015 5557 ⁸
3047 5525 3101 5578 in
3152 5522 3374 5578 Israeli—

1792 5636 1972 5682 tarum
2028 5625 2286 5682 tribubus
2349 5639 2513 5679 nemo
2561 5630 2693 5677 tunc
2751 5620 3004 5676 infirmus
3051 5626 3224 5677 esset.
3282 5615 3376 5673 hic

1794 5735 2016 5790 quoque
2054 5716 2291 5789 desertis
2326 5717 2381 5789 in
2421 5715 2580 5779 locis,
2640 5713 2788 5786 nulla
2818 5710 3071 5779 sanitatis
3124 5708 3375 5784 subsidia
