3840 6628
415 463 518 524 5οἹ

1617 463 2034 526 NICEPIIORI
2073 463 2460 524 GREGORr’E

3519 464 3612 526 508

413 573 875 632 ministrantibus.
901 573 1167 632 habitans.
1197 586 1524 630 comtaneam
1553 583 1732 630 tamen
1755 591 1970 646 semper

2100 573 2368 644 ιλικιώτην
2393 573 2479 626 ἀεὶ
2501 572 2599 642 τὴν
2623 573 2810 640 ὑγείαν
2837 567 2948 640 ε’χε
2981 573 3073 624 καὶ
3103 571 3416 640 σύντροφον.
3436 575 3590 646 Ἐσθῆ

412 665 518 720 sibi
545 663 1043 732 convictriccutque
1069 665 1298 720 habebat
1321 668 1628 724 sanitatem.
1645 667 1802 722 Veste
1825 668 1970 722 enim

2073 666 2162 728 τός
2189 681 2252 733 γε
2287 665 2394 736 μὴν
2423 666 2515 718 καὶ
2561 665 2784 734 χιτῶνος
2819 664 2910 716 καὶ
2939 663 3302 732 ὑποδημάτων
3345 666 3615 720 unianimi

417 771 570 815 vero.
612 765 668 810 et
695 757 901 821 tunica,
953 765 1008 810 et
1062 757 1183 812 aliis
1239 758 1548 828 hujusmodi
1609 764 1793 824 rebus,
1853 773 1973 828 quia;

2105 757 2282 810 πόσων
2311 757 2403 810 καὶ
2431 757 2560 810 οἴων
2593 755 2728 825 πρὸς
2771 754 3069 824 περιϐολὴν
3103 752 3356 822 σώματος
3387 758 3440 808 ὲν
3465 762 3617 828 χρείᾳ

421 846 626 900 homini
693 846 759 899 ad
821 849 1080 902 amictum
1130 851 1378 916 corporis
1447 851 1752 904 necessaria
1823 860 1970 916 sunt,

421 948 534 991 toto
571 937 672 992 hoc
705 946 974 992 montanae
1003 940 1327 1008 rustieteqne
1375 940 1496 994 vitae
1551 950 1796 1010 tempore
1829 959 1972 997 nun-

417 1043 580 1097 quam
616 1028 880 1097 indig-uit;
913 1029 1010 1084 sed
1045 1045 1150 1098 qua
1182 1039 1435 1098 parentes
1465 1031 1642 1100 ipsum
1681 1043 1972 1102 antequam

417 1128 780 1182 morerentur,
810 1119 1276 1182 instruxerant,ea
1306 1121 1380 1174 illi
1410 1121 1573 1176 vestis
1597 1121 1712 1176 sola
1737 1123 1974 1190 suffecit,

419 1205 751 1260 ineffabilem
815 1207 867 1259 in
925 1205 1144 1260 modum
1198 1223 1322 1262 cum
1383 1222 1666 1266 crescente
1713 1211 1974 1276 Codrato,

417 1297 532 1364 ipsa
551 1313 764 1366 quoque
792 1313 1042 1352 crescens
1063 1310 1118 1352 et
1140 1299 1326 1368 vigens
1349 1314 1585 1370 semper.
1612 1301 1752 1366 Quid
1775 1303 1980 1358 multa?

420 1387 785 1442 Providentia:
834 1403 957 1458 erga
1014 1390 1193 1457 ipsum
1243 1399 1390 1444 tanta
1443 1391 1548 1446 fuit
1613 1393 1976 1460 immensitas,

419 1479 743 1532 miraculum
780 1487 1012 1546 tantum,
1037 1491 1298 1549 quantum
1363 1497 1486 1538 esse
1543 1486 1803 1540 convenit
1849 1501 1980 1557 erga

421 1585 570 1636 eum,
595 1569 684 1638 qui
725 1569 833 1624 Deo
897 1572 1064 1626 semel
1106 1585 1460 1630 consecratus
1492 1583 1596 1640 est,
1664 1576 1979 1648 dextraeque

413 1661 545 1731 ejus
573 1660 744 1714 ductu
779 1669 925 1716 totus
957 1663 1186 1732 regitur.

492 1749 546 1804 4.
575 1751 908 1819 Aderatjam
945 1753 1236 1820 perfectior
1263 1763 1418 1818 aetas,
1477 1754 1734 1826 lanugine
1789 1758 1979 1824 malas,

2073 843 2431 898 καθίστανται
2483 843 2778 910 ἄνθρωποι,
2827 840 3044 901 οὐδενὸς
3067 841 3128 894 τδ
3177 844 3439 908 παράπαν
3461 845 3620 898 ἐδεῖτο

2075 935 2202 1004 παρ’
2225 935 2352 1004 ὃλην
2369 935 2468 1004 τὴν
2495 933 2712 1005 ὀρεινὴν
2738 934 2954 1000 ἐκείνην
2979 934 3076 985 καὶ
3101 933 3360 1002 ἄγροικον
3389 933 3618 989 δίαιταν·

2074 1024 2208 1078 ἀλλὰ
2245 1026 2412 1094 μόνην
2445 1025 2656 1092 ἐκείνην
2697 1023 3026 1094 ἀποχρῶσαν
3067 1022 3182 1092 εἷχε
3217 1025 3508 1094 περιϐολὴν
3535 1037 3620 1078 καὶ

2075 1115 2434 1184 ἀκμάζουσαν
2465 1115 2553 1168 ἀεὶ
2583 1114 2677 1166 καὶ
2699 1113 3058 1170 συνανιοῦσαν
3085 1117 3416 1186 ἀπορρήτοις
3445 1122 3506 1188 τῇ
3529 1119 3624 1186 τῆς

2077 1207 2293 1278 ἡλικίας
2321 1207 2550 1276 αὐξήσει
2583 1207 2677 1260 καὶ
2713 1206 3020 1276 ἀναδρομῇ,
3047 1207 3116 1278 ἢν
3143 1207 3293 1278 αὐτῷ
3315 1209 3446 1278 πρὶν
3475 1209 3508 1277 ἢ
3537 1215 3622 1264 τὸν

2075 1299 2193 1370 βίον
2225 1298 2516 1352 ἀπολιπεῖν
2575 1299 2625 1352 oi
2677 1298 2854 1366 γονεῖς
2900 1299 3382 1369 περιεποιήσαντο.
3435 1301 3542 1354 Καὶ
3575 1303 3623 1355 τί

2076 1389 2156 1443 δ;ἰ
2185 1389 2252 1442 τὰ
2291 1389 2461 1444 πολλὰ
2509 1390 2875 1456 καταλέγεινς
2931 1389 3216 1459 Τοσαύτης
3265 1392 3503 1444 ἀπέλαϐε
3533 1395 3624 1458 τῆς

2077 1483 2308 1550 ἀπείρου
2337 1481 2430 1534 καὶ
2467 1479 2771 1549 παραδόξου
2799 1477 3158 1547 κηδεμονίας,
3184 1481 3316 1548 ὅσην
3347 1481 3490 1543 sint;
3517 1483 3626 1550 Θεῷ

2079 1571 2335 1638 καθάπαξ
2363 1571 2688 1626 ἀνατιθέντα
2713 1569 2808 1624 καὶ
2835 1569 2974 1636 πρὸς
2999 1573 3096 1640 τῆς
3123 1571 3337 1624 ἐκείνου
3369 1589 3626 1642 χειραγω-

2081 1663 2178 1732 γού
2189 1680 2348 1733 μενον
2385 1661 2587 1725 δεξιᾶς.

2151 1754 2215 1811 δ’.
2260 1755 2398 1826 Ἤδη
2445 1755 2504 1808 δὲ
2553 1752 2650 1806 καὶ
2693 1752 3032 1824 τελειοτέρας
3069 1755 3278 1824 ἥπτετο
3301 1753 3406 1816 τῆς
3429 1753 3628 1822 ἡλικίας

421 1847 664 1908 mystace
724 1839 938 1894 labrum
991 1841 1306 1912 obtegente,
1365 1857 1488 1896 cum
1537 1845 1602 1897 ad
1661 1845 1852 1900 urbem
1891 1847 1982 1904 ille

2100 1847 2179 1900 ιαὶ
2211 1845 2380 1916 συχνή
2413 1860 2498 1906 τις
2521 1843 2782 1914 τρίχωσις
2815 1845 3119 1914 περιετίθει
3139 1843 3238 1905 τὰς
3271 1845 3521 1912 παρειὰς,
3545 1844 3630 1896 καὶ

423 1929 725 1992 descendit,
775 1945 838 1984 ac
881 1945 1007 1984 cum
1065 1931 1376 1987 hominibus
1419 1937 1733 1991 conversari
1792 1940 1980 2010 coepit,

2100 1907 2386 2006 31:th
2426 1907 2667 2002 πώγωνα
2701 1907 3128 1998 συνεκάλυπτεν,
3159 1933 3322 1986 ὁπότε
3445 1935 3532 1988 καὶ
3557 1935 3629 1994 είς

414 2019 610 2072 ⁷(Ιῖνίιιιι
640 2021 862 2075 oracula
893 2021 946 2074 in
989 2023 1167 2075 cibum
1203 2023 1336 2092 ipsis
1356 2039 1654 2094 apponens,
1699 2043 1793 2082 rus
1829 2031 1986 2084 olen-

420 2117 535 2160 tem
573 2109 817 2177 quidem,
843 2120 898 2164 at
923 2109 1127 2174 fertile,
1172 2124 1228 2165 et
1259 2111 1370 2176 cui,
1401 2123 1461 2168 ut
1503 2114 1860 2170 admirandus
1889 2119 1985 2172 Sa-

419 2197 603 2251 lomon
629 2198 704 2268 (l)
741 2198 838 2262 ait,
879 2199 1138 2254 Dominus
1169 2199 1466 2254 benedixit.
1503 2201 1717 2272 itaque,
1775 2205 1930 2275 quasi
1953 2221 1985 2260 a

425 2289 608 2342 divina
639 2289 874 2359 quadam
936 2291 1146 2346 visione
1203 2307 1399 2346 recens
1449 2295 1723 2360 rediisset,
1771 2297 1839 2351 ab
1869 2299 1989 2366 ejus

417 2396 522 2434 ore
563 2381 812 2436 homines
847 2383 1176 2450 pendebant,
1226 2393 1283 2439 et
1333 2385 1388 2438 in
1420 2388 1779 2443 eumfintenti
1827 2399 1989 2444 erant

425 2485 534 2522 non
567 2485 726 2524 secus
755 2485 818 2525 ac
857 2469 1112 2526 Israelita:
1149 2471 1201 2525 in
1236 2487 1488 2543 magnum
1519 2476 1610 2529 Dei
1647 2479 1988 2550 contempla-

427 2569 598 2612 torem
625 2561 886 2630 Moysem.
919 2562 1023 2616 Ista
1051 2563 1130 2617 sic
1158 2563 1288 2618 dum
1345 2566 1559 2631 fierent,
1612 2567 1721 2638 jam
1756 2569 1856 2637 ipsi
1889 2569 1990 2624 ali-

428 2663 561 2720 qqu
601 2651 947 2708 adhaeserant
977 2655 1220 2722 illorum,
1277 2673 1416 2726 quos
1469 2661 1873 2716 consuetudine
1935 2671 1991 2716 ct

430 2745 678 2798 moribus
704 2746 1023 2815 conjunctos
1056 2749 1324 2818 quasique
1355 2751 1754 2820 conspirantes,
1795 2752 1988 2808 iisdem

429 2835 632 2903 quibus
683 2836 862 2905 ipsum
897 2838 1156 2906 passibus
1208 2840 1308 2893 viae
1365 2841 1491 2894 huic
1552 2841 1803 2900 insistere
1832 2845 1992 2914 juva-

429 2925 544 2988 bat,
595 2941 716 2980 cum
747 2928 948 2995 quibus
979 2931 1142 2983 modo
1175 2931 1498 2985 cxcurrebat
1527 2931 1582 2986 in
1623 2949 1800 3004 agros,
1827 2935 1991 2990 modo

431 3019 498 3070 ad
529 3019 718 3072 urbem
757 3021 990 3088 redibat,
1031 3023 1102 3076 ita
1139 3031 1316 3078 tamen
1355 3035 1413 3079 ut
1469 3025 1828 3096 inaequalibus
1889 3027 1991 3082 ista

431 3121 742 3181 temporum
819 3115 1010 3184 spatiis
1067 3116 1453 3171 definirentur.
1511 3117 1875 3188 Frequenttor
1934 3119 1989 3173 in

2083 2029 2238 2084 πόλιν
2275 2028 2375 2098 ἤδη
2405 2026 2619 2098 κατῄει,
2667 2027 2760 2078 καὶ
2791 2025 3098 2096 ἀνθρώποις
3133 2024 3352 2092 ὡμίλει,
3387 2024 3480 2076 καὶ
3511 2025 3630 2092 τρά-

2085 2117 2254 2182 πεζαν
2303 2115 2467 2170 οἱονεί
2528 2131 2654 2168 τινα
2688 2114 2974 2184 παρετίθει
3031 2113 3098 2166 τὰ
3157 2113 3252 2166 τοῦ
3285 2113 3426 2166 Θεοῦ
3471 2112 3628 2178 λόγια,

2085 2205 2260 2278 ἀγροῦ
2293 2209 2397 2276 μέν
2437 2222 2583 2268 τινος
2622 2203 2698 2274 τῷ
2731 2204 2845 2258 ὄντι
2871 2203 3206 2266 ἀπάξουσαν,
3237 2202 3380 2254 ἀλλὰ
3409 2202 3630 2271 πλήρους

2085 2296 2184 2350 καὶ
2207 2293 2266 2346 δν
2294 2293 2558 2362 εὐλόγησε
2595 2291 2822 2360 Κύριος,
2853 2293 2882 2343 ὃ
2911 2308 3048 2362 φησι
3090 2293 3342 2360 Σολομῶν
3375 2293 3406 2342 ὁ
3437 2290 3634 2360 θαυμά-

2089 2403 2224 2450 σιος.
2261 2385 2372 2438 Καὶ
2415 2383 2604 2454 ὥσπερ
2629 2382 2735 2436 ἀπὸ
2763 2382 2993 2452 Θεωρίας
3041 2383 3187 2442 τινὸς
3217 2381 3343 2452 ἀρτι
3373 2383 3632 2445 κατιόντος

2088 2478 2296 2545 θεῖκῆς,
2351 2473 2523 2538 οὕτως
2573 2475 2868 2544 ἐξήρτηντο
2922 2473 3021 2542 τῆς
3053 2472 3221 2526 αὑτοῦ
3259 2473 3522 2542 γλώττης,
3551 2476 3632 2526 καὶ

2087 2569 2232 2624 οὕτω
2265 2569 2552 2639 προσεῖχον
2583 2565 2753 2634 αὐτῷ,
2781 2562 2870 2620 οἷά
2895 2582 3037 2627 τινες
3067 2565 3404 2634 Ἰσραηλῖται
3429 2565 3630 2634 μεγάλῳ

2089 2663 2180 2716 καὶ
2211 2661 2412 2730 Θεόπτῃ
2441 2659 2651 2714 Μωσεῖ.
2681 2657 2902 2710 Τούτων
2933 2657 3075 2712 οὕτω
3115 2657 3437 2728 Θεοπρεπῶς
3465 2674 3632 2724 γιγνο-

2094 2755 2294 2821 μένων,
2321 2753 2573 2818 συνήθεις
2599 2749 2746 2818 αὐτῷ
2798 2750 2896 2802 καὶ
2931 2750 3249 2819 δμὸτροποι,
3281 2751 3378 2802 καὶ
3413 2749 3478 2800 ἵν’
3511 2751 3632 2801 εἴπω

2089 2847 2148 2899 τὸ
2183 2845 2313 2899 αὐτὸ
2343 2844 2612 2908 πνέοντες,
2651 2841 2747 2894 καὶ
2767 2841 2857 2894 τὸν
2887 2841 2998 2894 ἴσον
3023 2843 3226 2912 δρόμον
3258 2843 3452 2911 ἐκείνῳ
3484 2859 3630 2910 μετα-

2089 2938 2376 2998 διώκοντες
2410 2935 2697 3003 γίνονταιό
2725 2932 2874 2986 δεῖνα
2907 2934 3004 2986 καὶ
3037 2935 3065 2986 δ
3091 2934 3239 2987 δεῖνα
3257 2951 3271 2966 ·
3319 2935 3438 3002 μεθ’
3459 2931 3530 2988 ὧν
3549 2935 3632 2986 νῦν

2093 3028 2194 3098 μὲν
2229 3027 2500 3094 ὲξεδήμει,
2543 3025 2638 3076 νῦν
2671 3025 2716 3076 δ’
2761 3025 3048 3094 ἐπεδήμει,
3089 3025 3183 3078 νῦν
3217 3025 3322 3094 μὲν
3349 3025 3426 3096 τῷ
3471 3025 3628 3095 ἀγρῷ,

2091 3120 2187 3174 νῦν
2218 3120 2274 3172 δὲ
2304 3121 2370 3190 τῇ
2421 3119 2596 3178 πόλει,
2628 3116 2767 3186 πλὴν
2807 3117 3008 3186 ἣκιστά
3039 3133 3102 3184 γε
3135 3107 3242 3188 μῆν
3277 3119 3632 3190 ἰσομετρήτοις

434 3204 663 3271 campis,
695 3205 870 3258 rarior
897 3205 950 3259 in
985 3205 1121 3260 urbe
1147 3208 1508 3262 commoratio
1537 3217 1690 3274 erat;
1752 3209 1881 3263 dum
1907 3225 1995 3263 sa-

2100 3209 2336 3276 καιροῖς·
2381 3204 2514 3258 ἀλλά
2566 3203 2735 3273 συχνὰ
2781 3203 2880 3272 μὲν
2913 3203 2991 3273 τῷ
3019 3203 3196 3274 ἀγρῷ,
3231 3205 3454 3260 σπάνιον
3483 3206 3536 3258 δὲ
3575 3209 3630 3275 τῇ

433 3294 646 3362 pienter
677 3295 890 3349 turbam
919 3296 1074 3366 fugit,
1111 3297 1284 3366 plebis
1313 3299 1603 3354 tumultum
1636 3299 1909 3358 amandat,
1937 3306 1993 3352 et

431 3383 634 3439 divina:
695 3387 1094 3441 conversatioui
1153 3387 1280 3443 hinc
1357 3389 1702 3458 tranquillius
1767 3404 1990 3444 cursum

433 3475 559 3529 vita:
583 3491 800 3530 omnem
831 3477 1118 3546 impendit.

2101 3298 2272 3362 πόλει,
2309 3295 2400 3348 τὸν
2432 3294 2600 3348 πολὺν
2647 3294 2804 3362 ὄχλον
2835 3293 3013 3358 σοφῶς
3041 3296 3416 3364 παρακλίνων,
3441 3300 3530 3350 καὶ
3555 3303 3634 3350 τὸν

2099 3387 2324 3456 δημώδη
2357 3387 2594 3456 τάραχον
2627 3385 3116 3454 ἀποπεμπόμενος,
3147 3385 3442 3440 κάντεῦθεν
3467 3388 3634 3457 καὶτῷ

2101 3479 2222 3548 Θεῷ
2269 3477 2644 3547 σχολαιότερον
2695 3477 2790 3530 καὶ
2843 3475 3234 3547 καθαρώτερον
3289 3481 3630 3551 προσομιλῶν,

2102 3569 2196 3622 τὸν
2227 3569 2423 3638 ἑφεξῆς
2445 3567 2590 3620 οὕτω
2625 3568 2939 3638 παρήμοιὸε
2964 3569 3098 3636 βίον.

1885 3690 2112 3748 CAPUT
2157 3690 2222 3744 ll.

1533 3788 1590 3842 S.
1617 3783 1834 3840 ϐοάν-αεὶ
1865 3795 1912 3838 et
1933 3785 2195 3838 sociorum
2237 3785 2572 3855 martyrium.

511 3903 564 3956 5.
595 3901 730 3954 Cum
771 3910 952 3956 autem
1014 3909 1230 3971 sceptra
1283 3904 1494 3970 imperii
1539 3903 1768 3959 Romani
1802 3901 2004 3972 impius

443 3995 536 4050 ille
582 3993 780 4047 Decius
829 4008 1004 4063 nuper
1055 3996 1408 4065 suscepi-sset,
1469 4009 1534 4050 ac
1569 3996 1731 4050 Jasou
1779 3992 2004 4048 Graecia:

441 4099 723 4158 praesset,
751 4087 1115 4156 pietatemque
1149 4089 1268 4160 ejus
1287 4088 1479 4158 dogma
1519 4086 1850 4142 contrarium
1883 4098 2006 4154 pre-

441 4190 616 4235 meret
654 4181 906 4244 valldins,
948 4180 1104 4234 multi
1157 4179 1375 4248 quidem
1415 4179 1528 4243 alii,
1577 4187 1638 4232 ut
1703 4176 2006 4244 discipulos

439 4271 646 4326 Christi
700 4272 948 4334 decebat,
1012 4271 1226 4324 virilem
1305 4271 1674 4324 exhibuerunt
1737 4267 2006 4328 animum,

443 4364 860 4433 periculumque
887 4377 996 4415 non
1029 4362 1182 4414 inviti
1215 4360 1537 4425 subierunt;
1563 4358 1803 4414 alacrius
1823 4366 2008 4411 tamen

447 4467 556 4520 prae
583 4451 809 4518 reliquis
847 4451 1064 4504 divinus
1091 4449 1357 4504 Codratus
1393 4464 1518 4502 cum
1551 4448 1742 4502 amicis
1797 4455 1854 4500 et
1898 4461 2015 4499 mo-

451 4555 572 4592 rum
603 4539 961 4592 similitudine
1029 4539 1194 4593 sociis
1247 4558 1261 4593 :
1299 4539 1754 4608 promptissimus
1799 4536 2014 4590 scilicet

451 4644 660 4684 annoso
686 4631 850 4684 etiam
891 4631 942 4682 in
973 4643 1202 4699 corpore
1225 4629 1448 4692 athleta,
1497 4628 1651 4684 senio
1684 4637 1738 4682 et
1762 4631 2012 4682 asceticis

447 4721 750 4782 laboribus,
789 4719 844 4772 in
873 4719 1070 4788 quibus
1097 4721 1263 4774 vitam
1299 4735 1435 4789 pene
1465 4734 1683 4774 omnem
1735 4728 2010 4788 transege-

451 4819 559 4876 rat,
591 4813 754 4866 etiam
783 4823 911 4866 tunc
947 4811 1264 4866 eolluctans.
1316 4813 1534 4867 Vinctus
1563 4811 1727 4881 igitur
1755 4809 1822 4864 ad
1855 4809 2012 4866 Jaso-

451 4905 540 4959 nis
563 4904 798 4960 tribunal
826 4903 906 4958 vir
932 4905 1125 4960 beatus
1166 4903 1396 4967 sistitur,
1428 4917 1664 4972 eumque
1685 4902 1968 4970 alloquens
1993 4915 2008 4955 :

453 4995 625 5060 Unde,
659 4995 856 5066 inquit,
911 5010 944 5052 ο
997 4996 1286 5058 scelestum
1333 5002 1520 5063 caput,
1575 5003 1759 5048 tantus
1817 4991 1917 5046 tibi
1953 4990 2011 5046 in

455 5087 735 5142 Christum
765 5101 945 5142 meum
974 5101 1182 5156 nosque
1207 5087 1324 5156 ejus
1358 5085 1588 5139 famulos
1635 5083 1790 5140 furor
1817 5097 2013 5136 exsur-

451 5176 572 5253 git?
623 5176 733 5232 Cur
758 5175 824 5228 ad
851 5175 1086 5230 tribunal
1120 5171 1325 5228 trabis?
1359 5173 1466 5226 Cur
1509 5169 1786 5224 .sazvitiam
1839 5166 2016 5220 intcné

457 5277 564 5330 tas.
596 5266 1035 5334 maneipiumque
1063 5263 1278 5318 efficere
1329 5262 1547 5317 conaris
1595 5270 1834 5314 mentem
1863 5258 2016 5312 libe-

459 5374 574 5418 ram
607 5367 664 5413 et
691 5358 890 5412 nemini
923 5353 1242 5412 cessuram?
1297 5353 1410 5407 Hoc
1439 5351 1640 5406 etenim
1667 5349 1810 5404 scire
1843 5346 2020 5402 infen-

2177 3898 2241 3955 ε’.
2273 3901 2432 3968 ’Λρτι
2485 3899 2540 3952 δὲ
2580 3901 2690 3953 τῶν
2733 3899 3060 3969 Ῥωμαϊκῶν
3110 3899 3410 3970 σκήπτρων
3453 3902 3550 3954 ὑπὸ
3575 3901 3636 3971 τῷ

2109 3991 2363 4044 δυσσεϐεῖ
2384 3991 2554 4060 Δεκίῳ
2589 3990 2866 4060 ἡγμένων,
2892 3989 2986 4042 καὶ
3021 3988 3256 4056 Ἰάσονος
3283 3993 3384 4060 τῆς
3423 3991 3637 4053 Ἑλλάδος

2111 4081 2562 4150 ἡγεμονεύοντος,
2597 4080 2692 4134 καὶ
2723 4079 2818 4132 τοῦ
2865 4079 3115 4132 ἐναντίου
3147 4081 3213 4150 τῇ
3255 4081 3502 4151 εὐσεϐείᾳ
3537 4082 3636 4148 δόγ-

2115 4191 2284 4243 ματος
2303 4173 2365 4226 τὸ
2399 4173 2618 4241 ἰσχυρὸν
2655 4171 2891 4241 ἔχοντος,
2925 4169 3114 4234 πολλοὶ
3147 4171 3248 4238 μὲν
3271 4171 3364 4224 καὶ
3385 4173 3526 4226 ἄλλοι
3559 4177 3639 4242 τῆς

2107 4263 2204 4316 τοῦ
2233 4260 2470 4331 Χριστοῦ
2505 4261 2801 4330 μαθητείας
2823 4259 3062 4323 ἐπαξίως
3087 4259 3420 4328 ἡνδρίζοντο,
3449 4261 3535 4314 καὶ
3561 4263 3641 4313 οὐκ

2109 4349 2336 4410 ἄκοντες
2387 4347 2478 4402 τὸν
2536 4349 2782 4400 κίνδυνον
2839 4347 3121 4416 ὑπῄεσαν·
3163 4347 3560 4418 προθυμότερον
3597 4347 3640 4398 δὲ

2107 4441 2222 4494 τῶν
2255 4439 2430 4493 ἀλλων
2459 4437 2488 4490 ὁ
2507 4437 2648 4500 Οεῖος
2677 4437 2954 4508 Κοδρᾶτος
2987 4437 3086 4488 σύν
3119 4452 3182 4503 γε
3215 4439 3330 4500 τοῖς
3377 4437 3544 4508 φίλοις
3567 4437 3641 4489 καὶ

2111 4529 2460 4598 ὁμοτρόποις,
2505 4527 2598 4578 καὶ
2641 4526 2844 4594 σφόδρα
2905 4521 3189 4592 ἐθελοντὴς
3227 4522 3536 4586 καθίστατο,
3565 4525 3640 4576 καὶ

2112 4621 2286 4676 ταῦτα
2345 4617 2710 4687 πρεσϐυτικὸν
2758 4617 3103 4685 ἑπαγόμενος
3160 4617 3342 4686 σῶμα,
3399 4617 3489 4670 καὶ
3523 4621 3642 4686 γήρᾳ

2117 4707 2510 4777 προσπαλαίων
2557 4707 2653 4757 καὶ
2691 4703 2848 4772 κόπῳ
2875 4702 2976 4768 τῆς
3013 4703 3326 4773 ἀσκήσεως,
3377 4696 3494 4775 ᾖτδ
3521 4703 3643 4754 πλεῖ-

2121 4817 2246 4854 στον
2272 4799 2420 4866 αὐτῷ
2451 4798 2543 4850 τοῦ
2581 4797 2698 4866 βίου
2727 4796 3194 4864 συμπεπόρευται.
3230 4793 3641 4864 Rapio-ratam?»

2118 4890 2199 4959 τῷ
2239 4891 2470 4950 Ἰάσονος
2505 4887 2714 4956 βήματι
2757 4885 2981 4952 δέσμιος
3008 4887 3036 4936 δ
3077 4884 3387 4952 Μακάριος,
3449 4885 3533 4937 καὶ
3558 4899 3642 4934 τοι·

2120 4981 2260 5035 αῦτά
2284 4995 2470 5050 φησιν·
2504 4979 2568 5030 Τί
2607 4977 2804 5043 ταῦτα,
2829 4972 2876 5030 ὢ
2925 4979 3098 5045 μιαρὰ
3147 4977 3382 5046 κεφαλὴ,
3420 4975 3550 5030 κατὰ
3571 4971 3642 5024 τοῦ

2119 5073 2255 5144 ἐμοῦ
2291 5071 2458 5143 μαίνῃ
2491 5069 2729 5140 Χριστοῦ
2767 5069 2866 5122 τοῦ
2904 5068 3156 5138 Σωτῆρος
3181 5069 3462 5131 ἀπάντων,
3488 5067 3572 5120 καὶ
3595 5065 3642 5132 ἡ·

2125 5161 2242 5233 μῶν
2294 5158 2404 5212 τῶν
2439 5155 2638 5223 αὗτοῦ;
2673 5155 2738 5210 Τί
2771 5156 2830 5210 δὲ
2876 5155 2974 5209 καὶ
3011 5155 3149 5225 πρὸς
3200 5154 3354 5225 βῆμα
3395 5153 3642 5210 καθέλκεις

2121 5253 2216 5308 καὶ
2246 5250 2534 5321 τυραννίδα
2562 5248 2880 5317 προσάγεις,
2925 5247 3020 5299 καὶ
3064 5246 3168 5298 ὑπὸ
3215 5249 3375 5315 χεῖρα
3411 5241 3640 5298 ποιεῖσθαι

2115 5345 2413 5414 ἐπιχειρεῖς
2455 5329 2746 5411 ἐλεύθερον
2783 5341 3062 5409 φρόνημα,
3109 5339 3206 5391 καὶ
3247 5338 3462 5401 ὑπεῖξον
3501 5329 3641 5388 οὐδενὶ

455 5466 578 5509 Sum
641 5449 804 5503 nobis
851 5448 1092 5502 animum
1143 5453 1293 5496 tuum
1361 5459 1520 5512 quam
1582 5438 1995 5496 manifestissimi

2119 5437 2182 5488 τὸ
2212 5435 2508 5506 παράπαν;
2549 5432 2763 5486 Είδὲναι
2783 5432 2894 5500 γάρ
2937 5447 3032 5484 σου
3069 5430 3171 5499 τὴν
3199 5429 3518 5496 δυσμένειαν
3545 5421 3642 5524 ροὺἶ

457 5541 643 5608 velim,
688 5540 906 5596 facilius
947 5535 1169 5606 quidem
1226 5534 1320 5587 tihi
1361 5551 1480 5597 nos,
1533 5547 1695 5602 quam
1753 5541 1803 5584 te
1865 5528 1994 5582 nobi

2123 5527 2290 5595 λομαι
2331 5524 2541 5594 σφόδρα
2589 5539 2674 5576 τοι
2717 5522 3112 5602 ἐναργέστατα,
3163 5519 3238 5581 ὡς
3270 5519 3462 5571 θᾶττον
3503 5514 3628 5608 ubi:

455 5651 582 5696 csse
615 5651 1036 5704 persuasurum;
1095 5635 1238 5704 quod
1303 5632 1346 5685 si
1381 5642 1560 5684 tamen
1593 5626 1840 5682 fortassis
1893 5623 1990 5676 illu

2125 5619 2194 5673 ἂν
2226 5617 2380 5670 αὐτοί
2433 5633 2494 5668 σε
2533 5613 2986 5684 μεταπείσωμεν,
3009 5598 3070 5682 ’ἢ
3109 5609 3173 5662 σύ
3205 5627 3268 5676 γε
3297 5609 3442 5680 ἡμᾶς
3463 5625 3476 5640 ·
3523 5605 3566 5658 εί
3600 5598 3642 5652 δὲ

541 5781 617 5850 (l)
641 5781 755 5853 lmo
779 5780 1084 5853 patriarcha
1113 5778 1280 5853 Iacob
1478 5789 1644 5853 ιιχνιι,
1677 5767 1880 5853 27,υίεὶ
1913 5765 2026 5846 lilio

469 5841 800 5910 benedicens
825 5852 900 5906 ait
936 5868 948 5905 :
985 5851 1116 5905 Ecce
1145 5849 1272 5902 odor
1303 5845 1382 5910 [ili
1407 5845 1526 5908 mci,
1553 5844 1685 5894 sicut
1731 5841 1856 5892 odor
1909 5841 2022 5902 agri

2133 5765 2295 5832 pleni,
2333 5763 2415 5840 ριί
2479 5759 2759 5840 benedixit-
2789 5756 3047 5840 Dominus
3077 5767 3095 5806 :
3125 5753 3313 5820 itaque
3351 5749 3508 5806 habet
3549 5754 3642 5800 .oco

2133 5831 2310 5888 textus
2337 5832 2558 5888 Grmcus
2591 5831 2762 5896 ἀγροῦ
2799 5869 2810 5880 .
2847 5865 2858 5880 .
2907 5866 2919 5878 .
2952 5831 3216 5890 πλήρους.
