3818 6550
106 396 188 459 513

1323 386 1511 447 ΥΙΤΑσ
1539 383 1599 445 S.
1640 384 1938 447 CODRAT
1953 384 2001 447 ί.

3178 382 3283 444 514

102 528 211 579 γειν,
244 505 325 562 διὰ
356 503 531 572 πάσης
556 504 799 565 ἐπινοίας
829 502 1001 556 ἐλθὼν
1025 502 1052 554 ὁ
1081 499 1350 565 κολάζων,
1374 499 1617 560 ἐκείνους

1735 515 1848 551 cum
1891 496 2027 551 nihil
2058 495 2174 550 fere
2221 494 2586 565 excogitatum
2643 495 2748 549 sibi
2811 495 3070 549 omittens
3110 505 3286 551 tortor

102 604 180 673 μὲν
203 600 430 668 νικητας,
461 595 647 648 ἑαυτὸν
672 595 726 647 δὲ
755 595 851 663 τῆς
888 596 1055 664 ἣττης
1079 595 1173 644 καὶ
1202 592 1350 644 ἄκων
1376 590 1612 659 κληροῦ-

101 710 174 762 xw
210 691 392 749 ἐποίει,
423 688 506 742 διὰ
538 688 717 753 πάσης
764 687 1087 755 προστάττει
1134 682 1364 752 συρῆναι
1393 681 1489 748 τῆς
1520 680 1618 732 πό-

97 785 231 846 λεως,
257 778 474 839 ὑπτίους
508 778 569 828 ἐκ
595 776 772 827 ποδῶν
808 774 1207 843 δεσμηθέντας.
1239 774 1345 823 Καὶ
1375 770 1617 822 εἷλκοντο

103 876 179 941 μὲν
209 869 428 937 ἀφειδῶς
460 867 507 918 τί
548 865 785 935 Χριστοῦ
818 866 1079 934 ἀθληταί·
1126 863 1412 917 ἐϐάλλοντο
1444 861 1490 913 δ’
1512 859 1619 912 ὑπὸ

102 958 285 1009 πάντων
319 955 391 1015 ὡς
442 954 615 1004 εἰπεῖν
656 951 973 1019 συγκλύδων
1012 952 1173 1004 τινῶν
1218 953 1309 1002 καὶ
1344 949 1617 1018 ἁγοραῖων

105 1045 363 1118 μειρακίων
410 1044 580 1106 λίθοις
637 1060 695 1096 τε
746 1044 839 1095 καὶ
886 1044 1085 1109 ξύλοις,
1118 1042 1210 1095 καὶ
1256 1042 1362 1109 ὅτῳ
1407 1040 1623 1092 δύναιτο

100 1144 291 1200 ἕκαστος
316 1138 524 1207 τρόπῳ,
574 1137 679 1198 ἓως
718 1139 815 1205 τῆς
850 1136 1054 1195 πόλεως
1079 1133 1468 1202 ἀπηνέχθησαν
1493 1130 1617 1194 ἔξω,

100 1235 207 1285 ὅπου
250 1231 338 1282 καὶ
389 1230 487 1298 τὴν
539 1228 796 1297 τελευτὴν
845 1219 1001 1294 εὗρον
1056 1225 1150 1277 τοῦ
1180 1224 1319 1293 βίου,
1358 1222 1619 1289 ξίφειτὰς

101 1317 304 1385 κεφαλάς
339 1315 797 1383 ἀποϐεϐληκότες.
849 1314 1008 1366 Ἀλλά
1042 1318 1148 1382 γάρ
1181 1316 1207 1366 ὁ
1239 1316 1379 1374 θεῖος
1410 1313 1622 1380 Κοδρᾶ-

103 1429 173 1470 τος
202 1410 287 1460 σὺν
319 1412 428 1469 τοῖς
460 1407 598 1476 ἀμφ’
628 1407 790 1459 αὺτϊν
821 1405 964 1459 οὕτω
996 1404 1100 1472 πρὸ
1134 1402 1225 1456 τοῦ
1271 1405 1475 1464 ἄστεως
1510 1404 1623 1466 ἐξε-

101 1499 336 1558 λαθέντες.
368 1499 488 1549 ἐκεῖ
530 1513 633 1549 που
662 1496 756 1548 τοῦ
788 1496 966 1563 τείχου
1012 1497 1239 1560 ἔγγιστα
1270 1493 1426 1562 δίκην
1456 1494 1623 1544 ἀστα-

102 1594 218 1659 χύων
264 1588 637 1655 τάςκεφαὶάς
692 1588 1035 1658 ἀφῄρηνται,
1089 1586 1336 1653 Μαρτίου
1393 1585 1623 1653 δεκάτην

103 1682 290 1745 ἄτακτος
321 1680 461 1739 τότε,
494 1677 589 1730 τοῦ
616 1677 776 1745 ἔαρος
805 1677 924 1728 νέον
954 1676 1056 1746 ἤδη
1089 1675 1184 1745 τὴν
1221 1679 1323 1742 γῆν
1356 1675 1621 1736 ἐπιόντος.

108 1772 228 1824 Ἡδὲ
254 1770 309 1821 τὸ
356 1767 747 1838 καταῤῥεῦσαν
791 1766 997 1819 ἐκεῖθεν
1034 1760 1174 1835 αἷμα
1221 1764 1492 1831 δεξαμένη
1522 1764 1623 1816 πέ-

1720 589 1846 652 iste,
1875 604 1905 643 a
1933 588 2232 642 victoribus
2262 598 2443 641 tamen
2471 589 2576 642 illis
2605 589 2914 643 vinceretur
2947 589 3026 641 vel
3060 590 3283 651 invitus,

1718 681 1945 748 supinos
1971 678 2201 748 pedibus
2233 679 2466 746 alligatis
2496 679 2699 747 raptari
2742 696 2838 748 per
2888 678 3077 733 urbem
3131 695 3288 732 man-

1718 771 1832 824 dat.
1866 769 2248 823 Trahebantur
2278 768 2463 837 itaque
2503 769 2721 822 athleta:
2773 769 2978 821 Christi
3026 769 3283 821 immitis-

1718 862 1873 922 sime,
1906 870 1961 913 et
1988 877 2016 912 a
2041 861 2349 929 promiscua
2406 860 2563 912 turba
2598 860 3000 928 jnvenibusque
3045 860 3284 913 circum-

1719 930 1956 1005 foraneis
1984 950 2276 1018 lapidibus,
2312 951 2468 1018 lignis
2500 958 2556 1003 et
2606 950 2752 1010 aliis,
2804 966 2923 1018 qua:
2954 950 3019 1002 ad
3062 966 3281 1001 manum

1721 1051 1899 1101 erant,
1956 1041 2283 1109 petebantur
2321 1040 2536 1094 :donec
2582 1042 2798 1094 tandem
2874 1048 3023 1093 extra
3094 1041 3282 1093 urbem

1722 1141 1943 1184 ventum
1973 1139 2074 1193 est,
2104 1130 2194 1183 ubi
2241 1130 2515 1197 capitibus
2565 1130 2744 1199 gladio
2795 1130 3072 1195 abscissis,
3123 1132 3285 1182 linem

1722 1222 1845 1275 vitae
1876 1222 2223 1274 invenerunt.
2260 1223 2437 1289 Atque
2469 1224 2548 1275 sic
2570 1220 2757 1274 divino
2818 1220 3056 1275 Codrato
3114 1229 3168 1273 et
3197 1236 3286 1273 so-

1722 1316 1824 1369 ciis
1862 1315 1995 1368 urbe
2052 1315 2260 1383 ejectis,
2317 1316 2381 1368 ad
2440 1316 2553 1382 ipsa
2589 1317 2707 1383 ejus
2756 1316 2953 1369 mantia
3010 1316 3284 1383 Spicaruin

1726 1405 1894 1459 instar
1922 1406 2101 1470 capita
2157 1406 2400 1458 demessa
2460 1414 2609 1468 sunt,
2668 1406 2843 1458 Martii
2897 1407 2984 1458 die
3046 1408 3285 1469 decima,

1670 1520 1686 1537 ο
1724 1511 1850 1550 vere
1869 1499 2051 1549 denuo
2084 1506 2284 1548 terrain
2315 1496 2608 1548 inVIsente.
2641 1496 2838 1549 Saxum
2869 1496 3113 1563 quidem,
3140 1496 3284 1561 quod

1725 1586 2053 1641 deﬂuentem
2079 1587 2319 1655 ipsorum
2355 1587 2676 1654 sanguinem
2714 1586 2949 1654 excepit,
2983 1602 3138 1655 aqua:
3163 1586 3289 1640 fon-

1728 1688 1833 1731 tem
1866 1677 2151 1731 confestim
2196 1678 2402 1738 eniisit,
2456 1678 2764 1745 nosnisque
2825 1678 2990 1731 etiam
3033 1677 3292 1745 tempori-

1732 1770 1829 1823 bus
1859 1770 2108 1823 emittere
2148 1769 2215 1822 ad
2259 1768 2577 1823 morborum
2646 1772 2823 1822 omnis
2853 1768 3071 1837 generis
3106 1782 3290 1820 reme-

100 1877 199 1925 τρα,
240 1856 412 1923 πηγὴν
458 1854 649 1915 ὓδατος
692 1855 754 1906 ἐκ
792 1855 885 1906 τοῦ
939 1853 1280 1923 παραχρῆμα
1314 1851 1622 1915 emacem,

1735 1858 1815 1912 ilia
1836 1868 2168 1927 perseverat.
2188 1858 2533 1913 Venerandas
2551 1866 2733 1910 autem
2761 1856 3022 1925 reliquias
3047 1855 3289 1922 ipsorum

99 1948 293 2003 διατελεῖ
333 1948 421 2000 καὶ
461 1947 518 2009 ἐς
562 1944 722 2015 δεῦρο
767 1946 1096 2015 νοσημάτων
1142 1943 1407 1997 παντοίων
1451 1944 1623 2006 ἰάσεις

103 2039 535 2107 συναπορρέουσα.
570 2037 653 2088 Τὰ
695 2035 751 2089 δὲ
778 2037 937 2105 τίμια
962 2035 1143 2089 αὐτῶν
1178 2035 1410 2102 λείψανα
1437 2034 1623 2102 θεοφι-

99 2134 185 2193 λεῖς
216 2131 525 2199 ἀνελόμενοι
561 2129 773 2200 ἄνδρες,
821 2129 921 2181 καὶ
970 2131 1195 2198 τέμενος
1240 2127 1382 2180 θεῖον
1426 2128 1620 2194 δειμά-

102 2241 224 2293 μενοι
277 2226 377 2292 πρὸ
418 2200 773 2283 τοῦοᾶστεως
823 2222 997 2290 τούτῳ
1045 2220 1195 2272 ταῦτ’
1239 2218 1621 2285 ἐγκατέθεντο,

100 2314 357 2382 ἀσφάλειαν
386 2314 661 2384 μεγίστην
700 2315 766 2382 τῇ
799 2313 951 2365 πόλει
987 2313 1081 2365 καὶ
1112 2310 1388 2381 θησαυρὸν
1426 2309 1627 2366 ἄσυλον

102 2407 329 2473 ίαμάτων.

1734 1950 1809 2017 pii
1873 1950 1972 2002 viri
2039 1950 2400 2019 collegerunt,
2441 1961 2495 2002 ct
2558 1950 2613 2002 in
2664 1949 2885 2016 templo,
2929 1948 3071 2015 quod
3122 1960 3290 2015 prope

1732 2043 1919 2096 urbem
1952 2043 2061 2095 Deo
2103 2053 2446 2097 exstructum
2488 2042 2557 2094 ab
2614 2040 2745 2107 ipsis
2776 2039 3119 2107 postmodum
3180 2046 3287 2097 est,

1731 2135 2163 2194 Collocaverunt,
2201 2135 2488 2187 maximam
2523 2134 2642 2186 urbi
2688 2134 2934 2186 tutelam.
2960 2139 3015 2184 et
3048 2128 3290 2183 sanatio-

1731 2243 1860 2281 num
1889 2229 2204 2283 thesaurum
2238 2235 2670 2283 sacrosanctum.

1492 2492 1719 2550 CAPUT
1760 2492 1854 2549 Ill.

736 2606 1055 2678 Martyrium
1093 2606 1318 2661 aliorum
1350 2606 1669 2675 quindecim,
1707 2605 1944 2675 exemplo
1988 2605 2045 2660 S.
2075 2606 2294 2661 Codrati
2323 2624 2619 2677 passorum.

155 2738 195 2790 ι’.
236 2735 393 2790 Ἀλλὰ
447 2736 513 2788 τά
554 2735 653 2805 μὲν
685 2737 829 2804 ἀμ’ςὶ
873 2736 1147 2805 Κοδρᾶτον
1189 2736 1281 2786 καὶ
1328 2733 1452 2795 τοὺς
1486 2732 1624 2802 ἀμφ’

100 2827 233 2879 αὐτὸν
279 2825 543 2878 τοιαῦταο
596 2827 887 2879 ὑπόλοιπον
940 2826 984 2877 δ’
1029 2828 1095 2879 ἂν
1138 2824 1221 2893 εἴη
1260 2823 1534 2877 διαλαϐεῖν
1566 2825 1624 2876 ὲν

98 2919 261 2987 βραχεῖ
290 2919 385 2971 καὶ
419 2917 518 2987 τὴν
548 2917 655 2969 τῶν
711 2917 886 2970 ἄλλων
934 2917 1180 2986 ἄθλησιν,
1232 2916 1280 2968 οἳ
1321 2915 1626 2986 διδασκάλῳ

100 3010 327 3079 Κοδράτῳ
380 3012 745 3080 χρησάμενοι,
802 3011 897 3063 καὶ
948 3010 1168 3080 χρηστῷ
1220 3010 1625 3079 παραδείγματι

1804 2735 1887 2789 10.
1914 2735 2088 2805 Atque
2118 2736 2230 2790 haec
2259 2738 2325 2791 de
2348 2736 2582 2792 Codrato
2609 2739 2836 2810 ejusque
2875 2739 3058 2804 sociis,
3093 2758 3283 2813 supero

1730 2836 1836 2891 est,
1869 2837 1928 2882 ut
1958 2829 2252 2882 certamina
2285 2846 2506 2898 quoque
2550 2831 2735 2899 paucis
2785 2846 3147 2901 exsequamur
3199 2850 3293 2888 eo-

1734 2933 1854 2970 rum
1909 2918 2000 2987 qui
2055 2919 2369 2988 magisterio
2446 2920 2667 2975 Cotlrali
2718 2921 2969 2991 bonoque
3042 2924 3293 2993 exemplo

1733 3012 1797 3062 ad
1834 3010 2182 3078 pugnandum
2240 3027 2338 3079 pro
2391 3010 2612 3065 Christo
2668 3012 2903 3067 viriliter
2956 3016 3292 3082 tempOi-ibus

97 3102 207 3169 πρὸς
230 3103 355 3165 τοὺς
385 3104 474 3155 διά
506 3103 739 3171 Χριστὸν
768 3104 984 3170 ἀγῶνας
1013 3104 1071 3154 ἐν
1100 3103 1326 3165 ἐκείνοις
1360 3105 1470 3165 τοῖς
1492 3108 1624 3171 χρό-

1735 3098 1932 3152 iisdem
1964 3099 2263 3161 invaluere,
2294 3100 2569 3153 mentibus
2602 3100 2654 3153 in
2689 3101 2837 3155 illius
2884 3104 3287 3157 {etnulationem

98 3211 189 3256 νοις
244 3194 629 3266 ὲρρὡθησαν,
672 3195 816 3265 ζήλῳ
847 3195 922 3267 τῷ
955 3195 1091 3266 πρὸς
1136 3196 1299 3248 αὑτὸν
1330 3194 1426 3253 τὰς
1450 3194 1627 3264 ψυχὰς

95 3286 509 3357 ὲκπυρὼααντες.
544 3285 654 3339 Ἑνὶ
685 3286 783 3355 μὲν
810 3285 903 3339 οὖν
940 3287 1176 3347 ἅπαντες
1203 3285 1431 3355 δικαστῇ
1460 3286 1630 3354 παρέ-

96 3394 291 3447 στηααν,
307 3380 524 3450 Τερτίῳ
548 3378 841 3454 άνθυπάτῳ
856 3378 1125 3443 Ἑλλάδος,
1145 3378 1438 3447 διαφόρους
1462 3377 1518 3430 δὲ
1532 3375 1629 3438 τὰς

95 3467 315 3528 κολάσεις
349 3467 678 3528 ὑποστάντες
704 3466 925 3534 ἐξῆλθον
948 3467 1037 3517 τὸν
1057 3464 1190 3535 βίον·
1215 3464 1406 3533 πρῶτα
1425 3466 1521 3533 μὲν
1538 3459 1631 3516 οὖν

94 3556 472 3626 Οὐῖκτουρίνος,
504 3554 755 3625 Οὖῒκτωρ
797 3572 858 3607 τε
904 3553 1362 3623 καὶζΝικηφόρος,
1410 3551 1631 3622 μυρίαις

93 3646 333 3715 πρότερον
385 3645 808 3712 καταξανθέντες
842 3643 1116 3713 βασάνοις,
1146 3645 1339 3697 ἔπειτα
1371 3645 1428 3697 ὲν
1479 3642 1630 3710 ὅλμῳ

95 3736 261 3802 βιαίως
289 3737 382 3804 τά,
405 3738 635 3805 σώματα
674 3734 1074 3805 συντριϐέντες,
1112 3734 1252 3797 σώοις
1293 3736 1387 3787 καὶ
1419 3733 1634 3803 ἁλωϐή-

94 3843 201 3889 τους
232 3828 321 3889 τὰς
361 3828 537 3896 ψυχὰς
576 3827 652 3896 τῷ
684 3825 803 3894 Θεῷ
856 3827 1244 3895 παρέπεμπον.
1274 3825 1539 3894 Δεύτερος
1576 3823 1633 3876 δὲ

94 3919 335 3982 Κλαύδιος
365 3920 440 3988 (4)
470 3920 565 3979 τὰς
597 3920 784 3986 χεῖρας
814 3921 907 3970 καὶ
938 3917 1063 3977 τοὺς
1088 3917 1252 3979 πόδας
1285 3918 1634 3987 ἀκρωτηρια-

96 4006 222 4068 σθεὶς
252 4007 459 4076 χαίρων
496 4006 697 4059 ἀπεῖπε
726 4004 806 4073 τῷ
842 4004 963 4074 ζῇν,
993 4002 1217 4073 δραμὼν
1248 4003 1382 4073 πρὸς
1411 4003 1542 4055 Θεὸν
1573 4002 1634 4055 δν

96 4099 277 4167 ἐζήτει.
316 4098 511 4167 Τρίτος
541 4096 597 4147 δὲ
642 4098 668 4147 δ
698 4096 987 4163 Διόδωρος,
1024 4095 1153 4162 θείῳ
1182 4094 1349 4162 ἔρωτι
1379 4092 1634 4163 ἐκπυρὼ-

98 4208 177 4253 σας
198 4192 291 4259 τὴν
312 4187 510 4259 ψυχὴν,
542 4190 595 4249 ὲς
628 4189 798 4257 μέσην
828 4186 925 4257 τὴν
969 4187 1085 4238 κατ’
1120 4186 1285 4239 αὑτοῦ
1320 4200 1634 4254 παρασκευ-

96 4281 336 4335 ασθείσαν
370 4278 547 4349 πυρὰν
579 4279 817 4342 ἅλλεται,
859 4278 993 4348 πυρὶ
1027 4275 1139 4346 πῦρ
1172 4275 1247 4337 ὡς
1282 4276 1459 4327 εἰπεῖν
1486 4276 1637 4327 ἀντιέ

94 4371 263 4436 τάξας,
295 4372 370 4441 τῷ
404 4372 580 4441 ἑνὺλῳ
613 4369 676 4422 τδ
725 4370 888 4423 ᾶῦλον
914 4384 929 4399 ⁶
979 4368 1072 4420 καὶ
1113 4367 1311 4436 μικρὸν
1364 4365 1632 4429 ἐπιϐιοὺς,

1732 3189 1997 3243 accensis.
2022 3189 2100 3243 Ad
2127 3206 2291 3243 unum
2319 3190 2501 3258 itaque
2530 3191 2770 3258 iudicem
2827 3209 3016 3247 omnes
3067 3196 3287 3263 quidem

1729 3282 1973 3347 adducti,
2008 3282 2227 3335 tertium
2264 3296 2459 3349 nempe
2492 3284 2872 3346 proconsulem
2913 3283 3157 3351 ϐαθεῖαι,
3209 3288 3292 3341 di-

1728 3373 1903 3427 versis
1934 3383 2110 3426 tamen
2139 3372 2422 3440 suppliciis
2461 3373 2723 3437 toleratis,
2768 3376 2879 3428 vita
2936 3388 3293 3441 excesserunt

1731 3462 2040 3517 Victorinus
2062 3464 2323 3532 primum,
2372 3463 2574 3527 Victor,
2627 3475 2681 3518 et
2712 3465 3077 3533 Nicephorus,
3124 3467 3291 3555 inmi-

1732 3553 1900 3607 meris
1927 3561 2082 3607 antea
2106 3554 2329 3607 Lacerati
2356 3556 2662 3619 tormentis,
2694 3556 2748 3610 in
2776 3558 3039 3611 mortario
3073 3553 3289 3611 tandem

1679 3654 1702 3679 ο
1732 3642 2061 3712 corporibus
2102 3642 2371 3696 violenter
2422 3645 2699 3708 contritis,
2762 3645 2872 3699 Deo
2935 3647 3295 3702 reddiderunt

1734 3737 1944 3789 animas
1978 3735 2155 3790 salvas
2202 3746 2256 3790 et
2287 3735 2612 3791 incolumes.
2665 3738 2918 3793 Secundo
2979 3741 3100 3795 loco
3131 3740 3295 3795 Clau-

1734 3826 1875 3887 dius,
1910 3827 2161 3881 manibus
2185 3827 2524 3897 pedibusque
2543 3829 2801 3883 abscESsis
2832 3831 2898 3883 ad
2924 3830 3089 3884 Deum
3131 3849 3290 3901 quem

1733 3917 2009 3987 qumrebat
2037 3934 2300 3984 currens,
2355 3921 2476 3973 vita:
2517 3921 2793 3975 valedixit.
2849 3922 3065 3976 Tertius
3100 3923 3295 3976 Diodo-

1734 4021 1850 4071 rus,
1884 4022 2069 4060 amare
2101 4007 2197 4061 Dei
2229 4020 2467 4062 mentem
2507 4008 2875 4071 inllannnans,
2942 4012 3175 4064 medium
3240 4014 3292 4065 in

1736 4113 1924 4167 rogum
1952 4098 2055 4151 sibi
2110 4108 2360 4167 paratum
2404 4099 2648 4161 insilivit.
2708 4100 2820 4169 igni
2862 4103 3063 4170 ignem,
3116 4112 3174 4154 ut
3222 4104 3293 4156 ita

1734 4188 1934 4253 dicam,
1959 4202 2259 4257 opponens,
2290 4190 2517 4243 tnatcria
2547 4202 2824 4245 carentem
2853 4194 3120 4247 materiali
3152 4211 3166 4246 :
3200 4194 3294 4262 qui

1734 4293 1857 4334 cum
1892 4278 2171 4347 paululum
2202 4279 2618 4349 supervixisset,
2641 4284 2857 4352 utrique
2883 4284 2991 4353 igni
3035 4299 3092 4337 se
3117 4284 3295 4353 ipsum

1734 4369 2039 4435 distribuit,
2068 4379 2286 4425 terreno
2319 4372 2588 4441 quidquid
2640 4374 2693 4427 in
2754 4390 2811 4430 se
2846 4385 3121 4431 terrenum
3181 4388 3298 4433 erat

96 4466 325 4535 ἑκατέρῳ
361 4464 494 4535 πυρὶ
526 4462 877 4531 διεμερίσατο
901 4460 1117 4522 ἑαυτὸν,
1151 4457 1387 4520 ἀποδοὺς
1408 4458 1499 4509 τὸν
1534 4456 1628 4526 μὲν

1736 4463 1971 4527 donans,
2009 4461 2259 4530 spiritum
2319 4473 2502 4517 autem
2547 4464 2759 4533 divino,
2815 4478 2977 4536 atque
3006 4484 3101 4536 per
3154 4469 3297 4525 hunc

95 4556 210 4625 χοῦν
234 4557 309 4626 τῷ
337 4559 529 4626 γηΐνῳ,
562 4554 624 4605 τὸ
650 4554 705 4607 δὲ
740 4551 956 4621 πνεῦμα
982 4550 1058 4620 τῷ
1082 4550 1232 4618 θείῳ,
1264 4551 1357 4602 καὶ
1382 4548 1449 4602 δι’
1467 4546 1633 4602 αὑτοῦ

94 4649 163 4716 τῷ
188 4648 324 4718 Θεῷ.
360 4648 631 4717 Τέταρτος
664 4646 719 4697 δὲ
749 4644 1033 4714 Σεραπίων
1078 4640 1381 4710 κεφαλικὴν
1411 4640 1636 4709 ὑπομεί-

96 4756 179 4800 νας
208 4739 497 4807 τιμωρίαν,
519 4737 655 4807 πρὸς
688 4734 919 4805 Χριστὸν
952 4732 1240 4797 διαϐαίνει,
1269 4730 1366 4800 τὴν
1397 4730 1469 4793 ὠς
1502 4731 1635 4799 ἁλη-

97 4831 191 4893 θῶς
219 4830 376 4883 αὑτοῦ
400 4830 663 4896 κεφαλήν.
689 4828 943 4895 Πέμπτος
980 4824 1035 4876 δὲ
1078 4823 1296 4885 Παπίας
1336 4823 1516 4891 πόντῳ
1543 4824 1636 4874 καὶ

98 4922 285 4991 κύματι
329 4922 815 4983 καταϐαπτισθεὶς,
850 4921 960 4980 τοῖς
995 4916 1157 4979 θείοις
1210 4916 1304 4968 καὶ
1338 4914 1635 4983 ἀκηράτοις

96 5016 423 5085 ὲνορμίςεται
454 5015 658 5083 λιμέσι.
702 5013 810 5065 Καὶ
843 5007 1328 5077 συγκατατίθενται
1374 5011 1465 5060 καὶ
1494 4999 1637 5059 οὗτοι

97 5105 164 5173 τῷ
189 5105 308 5175 θείῳ
336 5105 639 5176 διδασκάλῳ
670 5103 954 5173 Κοδράτῳ,
987 5100 1213 5162 πλοῦτος
1235 5099 1539 5168 ὐπέρτιμος
1570 5100 1636 5167 τῇ

98 5196 351 5269 Κορίνθῳ,
368 5199 462 5260 τὰς
487 5197 831 5266 μαρτυρικὰς
855 5193 1067 5247 ἐκεῖθεν
1093 5190 1463 5260 ὲφαπλοῦντες
1488 5188 1638 5256 πάσῃ

98 5291 157 5355 τῇ
194 5291 446 5358 περιγείῳ
484 5288 873 5358 (εὐεργεσίας).

169 5378 250 5435 ια’.
277 5382 377 5435 Τοῦ
418 5382 464 5435 δ’
499 5380 667 5434 αὐτοῦ
700 5382 886 5433 τούτου
930 5377 1121 5431 θιάσου
1175 5377 1268 5431 καὶ
1316 5375 1416 5444 τῆς
1465 5374 1637 5443 αὐτῆς

166 5556 235 5623 (4)
266 5556 480 5625 Septem
511 5557 566 5611 hi
605 5566 869 5626 martyres
916 5555 1173 5609 coluntur
1198 5551 1461 5626 a__Graecis
1485 5621 1496 5626 _
1521 5559 1634 5626 tum

95 5621 418 5681 aliisdicbns
452 5637 567 5680 tum
607 5621 837 5679 maxime
894 5630 925 5678 ὖ
952 5626 1171 5693 Aprilis.
1230 5621 1349 5693 Nos,
1369 5621 1635 5693 quidquid

98 5699 202 5749 fere
226 5697 287 5751 dc
318 5698 383 5749 iis
413 5697 519 5749 dici
553 5707 765 5765 poterat
792 5692 1109 5763 eollcgnnus
1131 5694 1194 5747 ad
1222 5694 1290 5745 ‘23
1317 5692 1634 5765 Februarii:

97 5768 230 5823 quod
263 5769 315 5821 in
346 5762 567 5823 Latinis
604 5762 996 5828 Martyrologiis
1055 5775 1263 5827 septem
1323 5762 1639 5818 nominibus

1734 4554 1867 4609 Deo.
1891 4554 2131 4619 Quartus
2157 4553 2423 4625 Serapion
2460 4558 2650 4625 plexus
2674 4560 2874 4627 capite,
2900 4560 2964 4613 ad
2994 4561 3296 4628 Christum,

1739 4652 1992 4715 ta'nquam
2018 4647 2318 4715 genuinum
2346 4660 2509 4718 caput
2564 4666 2748 4715 suum,
2778 4653 3012 4707 transiit.
3066 4652 3301 4720 Quintus

1740 4737 1932 4806 Papias
1966 4740 2130 4791 maris
2162 4739 2417 4794 ﬂuctibus
2450 4742 2788 4809 submersus,
2842 4744 3057 4799 divinos
3102 4755 3156 4799 et
3181 4761 3302 4800 cor-

1744 4829 2013 4897 ruptionis
2042 4830 2298 4885 ﬂuctibus
2326 4848 2430 4886 non
2461 4835 2731 4890 obnoxios
2769 4848 2959 4905 portus
2988 4840 3299 4907 occupavit.

1744 4922 1917 4989 Atque
1952 4922 2038 4975 isti
2063 4922 2279 4984 eodem,
2312 4940 2421 4992 quo
2448 4925 2662 4980 divinus
2694 4926 2933 4995 ipsorum
2980 4928 3171 4982 doctor
3193 4928 3303 4984 Co-

1745 5014 1952 5079 dratus,
1982 5014 2101 5067 loco
2136 5014 2395 5083 depositi,
2426 5015 2836 5071 inaestimabiles
2888 5017 3301 5072 Corinthiorum

1739 5104 1946 5160 divitia:
1975 5115 2130 5171 sunt,
2159 5106 2374 5159 solitam
2426 5106 2554 5162 inde
2605 5108 2939 5178 martyribus
2994 5108 3305 5163 beneficen-

1738 5196 1868 5249 tiam
1896 5211 1994 5264 per
2034 5205 2204 5249 totum
2234 5206 2502 5250 terrarum
2535 5198 2723 5252 orbem
2747 5200 3102 5267 explicantes.

1810 5375 1896 5429 ll.
1945 5374 2281 5430 Etl'ulserunt
2310 5392 2375 5431 ex
2402 5376 2593 5432 eodem
2622 5388 2767 5433 coetu
2800 5389 2851 5432 et
2885 5378 3137 5449 panegyri
3185 5377 3305 5449 plu-

1746 5552 1888 5617 passi
1921 5553 2236 5622 legerentur
2272 5552 2324 5605 in
2350 5550 2582 5621 Egypto
2617 5553 2718 5607 sub
2750 5553 3083 5608 Numeriano
3124 5568 3178 5610 et
3208 5556 3306 5611 Sac

1748 5622 2047 5695 binoﬂduce
2084 5640 2095 5675 :
2131 5624 2469 5695 etquainvis
2512 5624 2765 5695 martyrii
2815 5628 2976 5677 etiam
3014 5642 3184 5695 genus
3217 5641 3305 5681 es-

1744 5701 1828 5763 set
1856 5692 2158 5763 diversum,
2186 5693 2239 5745 in
2273 5694 2449 5747 medio
2485 5692 2665 5747 tamen
2694 5692 3305 5763 reliquinius'essentue

1744 5761 2137 5820 distinguendi.
