3818 6546
425 317 527 375 519

1613 311 2034 374 NICEPIIORI
2073 309 2456 372 GllEGOR.E
3529 311 3618 372 520

425 435 625 492 tropzea
655 419 892 490 erigens.
948 421 1189 490 Apostnli
1240 432 1468 486 autem.
1501 434 1554 478 et
1628 431 1753 476 ante
1792 436 1984 475 omnes

2091 416 2322 480 δίαυλον,
2371 419 2506 485 πρὸς
2573 417 2668 478 τὰς
2721 415 2968 480 ἐξουσίας
3023 419 3501 486 παραταττόμενος
3541 419 3623 473 τοῦ

427 527 655 580 magnus
693 511 782 565 ille
823 512 1143 581 pra-dicatur
1185 528 1249 567 ac
1277 512 1599 583 coryphmus
1645 514 1870 571 Paulus.
1927 511 1980 564 in

425 616 739 655 consessum
771 611 827 654 et
860 601 1174 655 societatem
1201 602 1507 657 communis
1547 602 1805 661 convivii.
1839 599 1982 670 quod

427 708 493 747 ex
527 706 671 745 nova
691 705 992 762 magnaque
1037 692 1214 746 hostia
1274 693 1599 748 instructum
1645 703 1752 756 est.
1807 691 1982 760 ipsum

427 783 729 837 admittunt
766 796 779 832 :
815 791 873 836 ut
909 784 998 852 qui
1039 794 1162 853 post
1196 785 1317 838 illos
1345 785 1622 840 secundus
1676 796 1983 852 praeconem

431 874 702 939 Evangelii
741 873 957 926 illorum
1008 872 1395 928 ferventiorem
1459 873 1652 942 egerit.
1721 870 1984 938 Paulique

429 979 588 1015 mres
615 963 1004 1022 lllustraverit;
1039 963 1129 1031 qui
1157 979 1261 1015 ttnn
1323 979 1417 1016 sua
1456 972 1663 1016 tantum
1719 959 1986 1050 qua-sive-

428 1055 519 1117 rit,
550 1055 759 1106 Domini
790 1062 968 1106 autem
1040 1055 1324 1116 talentum,
1359 1053 1823 1123 quemadmodum
1869 1069 1982 1106 scr-

430 1161 531 1199 vus
560 1146 645 1198 illc
668 1161 916 1214 nequam,
947 1144 1234 1208 defoderit,
1301 1155 1393 1198 aut
1450 1145 1809 1199 seminatorit
1840 1144 1987 1213 'qui-

432 1236 578 1300 dem,
611 1249 664 1289 at
710 1238 887 1289 nonin
927 1235 1422 1299 benedictionibus,
1476 1236 1569 1289 sed
1608 1237 1841 1304 maligne
1900 1251 1988 1289 su-

430 1343 526 1395 per
559 1344 744 1396 aquas,
781 1339 958 1395 petras
988 1342 1017 1380 e
1043 1328 1324 1386 senticeta.
1356 1328 1444 1382 ubi
1480 1327 1986 1382 frustraneuslabor

428 1427 483 1470 et
513 1417 721 1472 fructus
756 1431 836 1471 est
878 1420 1271 1488 exspectationi
1322 1435 1428 1474 non
1463 1423 1800 1489 respondens
1840 1439 1852 1473 :
1892 1420 1985 1489 qui

430 1507 720 1560 multorum
746 1508 1090 1562 conditiones
1109 1509 1175 1562 ad
1203 1509 1428 1578 Lydium
1502 1510 1728 1564 rationis
1753 1509 1982 1578 lapidem

440 1599 682 1665 exigens,
717 1608 827 1650 tum
869 1600 1173 1669 dijudicans
1211 1601 1444 1671 singula.
1485 1601 1819 1672 spiritusque
1879 1603 1987 1670 gla-

430 1687 522 1738 dio
555 1689 751 1741 bonum
784 1705 812 1741 a
849 1691 986 1744 malo
1009 1690 1275 1753 dividens.
1312 1691 1516 1745 nudum
1559 1691 1685 1746 inde
1745 1693 1988 1762 protule-

432 1782 502 1830 rit
530 1777 906 1848 Evaugelium,
934 1783 1216 1836 veritatem
1253 1783 1616 1852 proposuerit,
1671 1799 1791 1852 qua:
1853 1786 1985 1839 solis

432 1868 604 1921 instar
630 1870 823 1924 illunes
858 1883 1044 1926 noctes
1072 1874 1249 1928 omnis
1277 1874 1494 1929 malitia:
1522 1877 1782 1945 pelleret;
1822 1888 1985 1947 atque

431 1957 507 2010 sic
533 1960 793 2027 pepulum
826 1977 1042 2015 onmem
1102 1961 1168 2016 ad
1234 1965 1400 2018 Deum
1453 1967 1791 2034 perduxerit,
1847 1966 1986 2021 alios

432 2052 648 2116 quidem
687 2051 803 2104 sine
833 2053 1090 2107 athletico
1117 2057 1397 2124 sanguine,
1454 2058 1592 2110 alios
1613 2067 1794 2111 autem
1835 2068 1985 2128 post-

449 2153 590 2208 piam
624 2140 772 2195 illum
810 2144 1214 2211 profudissent;
1262 2156 1620 2217 utrorumque
1654 2149 1765 2203 dux
1812 2150 1989 2207 factus

443 2245 548 2283 non
583 2235 752 2285 verbo
785 2245 1020 2297 tantum,
1046 2236 1138 2289 sed
1173 2237 1304 2304 ipsis
1361 2243 1523 2293 etiam
1551 2243 1810 2311 Operibus
1867 2243 1989 2297 edo-

431 2339 560 2376 cens
585 2323 703 2377 illos
729 2327 1198 2393 exercitationem,
1225 2345 1343 2398 qua:
1367 2341 1451 2384 est
1478 2336 1776 2387 secundum
1797 2335 1986 2400 Deum,

440 2415 544 2467 hoc
573 2424 869 2479 certamen.
905 2418 1046 2485 quod
1083 2429 1304 2487 propter
1349 2420 1625 2476 Christum
1671 2424 1986 2492 suscipitur,

433 2520 523 2564 ne,
556 2506 698 2572 quod
732 2506 931 2559 Paulus
960 2508 1059 2571 ait,
1098 2509 1396 2576 pmdicans
1427 2512 1570 2578 aliis,
1619 2516 1736 2582 ipse
1796 2531 1989 2585 repro-

430 2592 534 2648 bus
559 2611 678 2649 esse
701 2597 1001 2664 videretur,
1062 2611 1224 2668 atque
1281 2601 1421 2657 hanc
1454 2603 1523 2657 ob
1549 2620 1768 2659 causam
1825 2617 1879 2661 et
1915 2623 1990 2663 aes

429 2695 489 2735 et
518 2685 822 2752 cymbalum
863 2689 1133 2756 propalam
1181 2691 1414 2746 audiret.
1466 2693 1726 2763 Stigmata
1774 2695 1988 2752 Domini

434 2772 488 2824 in
524 2789 688 2827 carne
710 2779 875 2829 etiam
929 2779 1045 2847 ipse
1103 2791 1346 2849 portans,
1407 2798 1588 2852 praeco
1618 2785 1740 2850 fuit,
1804 2798 1863 2842 ut
1915 2789 1989 2844 ita

434 2863 633 2927 (litant,
697 2867 1006 2930 int-ﬂabilis.
1069 2881 1124 2924 et
1177 2873 1432 2940 magister
1482 2875 1640 2931 factis
1709 2878 1988 2947 erudiens,

434 2954 589 3007 verbi
627 2958 844 3019 quidem
900 2961 1342 3042 mi'nusindigus,
1377 2968 1762 3021 aut'duntaxat
1817 2986 1972 3039 quan-

433 3053 548 3098 tum
578 3048 643 3100 ad
677 3052 958 3105 veritatem
985 3054 1180 3108 animis
1208 3056 1517 3112 auditorum
1548 3059 1982 3116 adumbrandam
2010 3089 2055 3152 Ο

432 3153 496 3189 ac.
527 3138 904 3194 delineandam
937 3159 1074 3213 opus
1104 3159 1290 3210 esset;
1327 3163 1492 3217 Opere
1527 3160 1708 3203 autem
1749 3153 1986 3220 plurimo

432 3239 558 3296 post
599 3232 760 3284 verba
794 3243 972 3298 utens,
1005 3245 1070 3290 ut
1105 3245 1227 3306 post
1258 3239 1478 3294 umbras
1511 3242 1787 3297 coloribus
1819 3245 1992 3310 picto-

431 3333 540 3381 res.
599 3321 666 3373 ad
709 3322 970 3391 integram
1007 3337 1167 3396 atque
1199 3331 1492 3385 dilucidam
1548 3334 1791 3390 veritatis
1815 3340 1990 3390 mani-

433 3411 776 3468 testationem
807 3424 865 3468 et
909 3421 1377 3487 perSpicuitatem.
1419 3424 1639 3479 Frueris
1683 3437 1737 3478 tu
1768 3431 1988 3491 quidem

431 3515 602 3564 nuiic,
638 3516 671 3555 ο
703 3504 989 3559 benedicte
1018 3508 1194 3562 l'atris
1243 3511 1504 3574 caelestis,
1550 3517 1866 3584 pra-paratis
1891 3517 1988 3573 tibi

437 3591 599 3644 bonis
618 3594 842 3649 αξιοι-οἱα
869 3597 1088 3664 latoque
1130 3599 1265 3652 nulli
1306 3603 1578 3666 obnoxiis,
1637 3622 1758 3674 qua:
1815 3623 1992 3676 neque

431 3681 655 3734 oculum
698 3687 991 3738 humanum
1023 3689 1243 3752 vidisse,
1282 3707 1460 3762 neque
1494 3695 1546 3747 in
1577 3710 1672 3748 cur
1700 3707 1984 3753 terrenum

433 3771 790 3827 descendisse
824 3777 1088 3843 dicimus;
1135 3791 1193 3833 et
1259 3783 1481 3848 gaudes,
1537 3787 1665 3840 dum
1727 3789 1990 3846 alblotcta

428 3862 652 3913 Christo
713 3865 830 3917 sine
878 3866 1025 3918 omni
1085 3868 1367 3923 obstaculo
1421 3873 1635 3940 potiris.
1711 3873 1992 3930 Verumta-

438 3967 563 4006 men
585 3953 749 4008 etiam
795 3959 967 4012 nostri
1023 3961 1334 4026 recordare,
1385 3965 1476 4032 qui
1530 3977 1801 4036 gestarum
1859 3985 1888 4023 a
1941 3980 1991 4025 te

436 4061 620 4099 rerum
647 4049 967 4102 memoriam
1001 4050 1248 4106 feslodie
1281 4057 1593 4119 recolimus.
1629 4067 1685 4111 et
1727 4059 1988 4114 insultum

435 4151 654 4191 omnem
689 4141 956 4202 hostium.
997 4144 1112 4197 sive
1146 4161 1210 4197 ex
1239 4145 1454 4200 insidiis
1514 4149 1592 4202 illi
1630 4152 1745 4204 sive
1801 4163 1991 4220 aperte

436 4243 538 4281 nos
571 4231 856 4298 impetant,
879 4233 943 4286 ad
998 4235 1250 4305 abyssum
1292 4239 1615 4305 perditionis
1669 4242 1872 4312 relega,
1931 4254 1988 4298 ct

433 4321 700 4388 quidquid
732 4321 786 4374 in
825 4323 933 4376 vita
990 4324 1204 4380 dillicile
1255 4341 1621 4398 asperumque
1679 4342 1785 4393 est,
1838 4350 1991 4387 com-

2089 506 2315 569 σκότους
2344 507 2436 559 τοῦ
2463 507 2660 570 αίῶνος
2698 506 2916 571 τούτου,
2951 508 3043 561 καὶ
3077 507 3398 578 ἀναίμακτα
3429 509 3626 564 καθ’ὣ·

2087 614 2188 666 ραν
2215 596 2512 666 ἀνεγείρων
2541 597 2798 666 τρόπαια.
2835 598 3154 651 Ἀπόστολοι
3200 598 3276 664 δὲ,
3305 601 3399 651 καὶ
3423 599 3552 668 πρός
3575 617 3627 665 γε

2086 683 2304 736 παντων
2334 687 2362 737 ὀ
2385 686 2560 755 μέγας
2600 685 2774 757 κῆρυξ
2803 687 2899 740 καὶ
2952 690 3252 759 κορυφαῖος
3283 688 3512 753 Παῦλος,
3543 692 3631 742 πα·

2087 775 2280 844 ρεδρον
2317 775 2599 829 ποιοῦνται
2617 780 2712 830 καὶ
2740 779 3133 848 συνεστιάτορα
3183 780 3287 850 τῆς
3306 781 3490 848 κοινῆς
3513 782 3631 833 εὐω-

2087 867 2210 935 χίας
2238 866 2332 919 τοῦ
2361 866 2550 921 καινοῦ
2587 868 2680 920 καὶ
2714 867 2951 938 μεγάλου
2992 870 3254 939 θύματος,
3295 869 3370 933 ὡς
3397 871 3632 941 δεύτερον

2088 958 2181 1010 καὶ
2205 957 2533 1028 θερμότερον
2561 959 2779 1028 κήρυκα
2810 961 2907 1013 τοῦ
2952 962 3179 1014 ἐκείνων
3203 962 3532 1028 Εὐαγγελίου
3559 962 3631 1014 ἐπ’

2087 1049 2325 1111 ἐκείνους
2358 1051 2723 1118 ἁιλαφανὲντα,
2774 1052 2866 1104 καὶ
2899 1052 3344 1122 διατρανὼσαντα
3377 1051 3474 1120 τὴν
3509 1054 3634 1104 ὲκεέι

2087 1157 2178 1192 νου
2210 1141 2415 1211 φωνὴν,
2451 1142 2542 1194 καὶ
2585 1143 2659 1211 μὴ
2702 1143 2762 1194 τὸ
2793 1143 2916 1196 καθ’
2947 1143 3110 1196 αὐτὸν
3153 1144 3314 1212 μόνον
3345 1142 3632 1212 προμηθευ·

2089 1228 2343 1296 σάμενον,
2377 1229 2774 1300 καταχώσαντα
2823 1231 2878 1284 δὲ
2911 1232 2973 1284 τὸ
3002 1231 3098 1284 τοῦ
3136 1232 3412 1284 Δεσπότου
3452 1231 3631 1284 τάλανο

2087 1337 2199 1382 τον,
2262 1321 2666 1390 παραπλησίως
2720 1323 2915 1393 ἐκείνῳ
2971 1323 3048 1391 τῷ
3108 1323 3331 1392 πονηρῷ
3375 1320 3629 1390 δούλῳσῆ

2088 1411 2386 1481 σπείραντα
2424 1413 2546 1482 μὲν,
2585 1416 2686 1468 οὐκ
2737 1413 2826 1466 ἐπ’
2867 1413 3144 1480 εὐλογίαις
3172 1414 3250 1478 δὲ,
3299 1413 3438 1466 ἁλλὰ
3478 1430 3631 1466 κακο-

2085 1503 2301 1571 τρόπως
2330 1505 2417 1573 ἐφ’
2447 1505 2655 1560 ὑδάτων
2681 1509 2776 1558 καὶ
2803 1509 3018 1576 πετρῶν
3047 1507 3140 1559 καὶ
3185 1505 3384 1574 βατων,
3416 1509 3520 1573 ὅπη
3547 1507 3630 1555 καὶ

2085 1597 2146 1644 τὸ
2178 1594 2278 1663 τῆς
2313 1597 2548 1662 σπουδῆς
2582 1597 2859 1668 ἀνόνητον,
2890 1599 2982 1650 καὶ
3020 1598 3080 1650 τὸ
3109 1599 3259 1659 τέλος
3286 1597 3631 1665 ἁτελεσφορη-

2088 1696 2180 1732 τον
2205 1695 2220 1712 ο
2249 1682 2363 1734 ἀλλ’
2389 1683 2632 1751 ὡσπερεί
2654 1701 2763 1737 τινι
2789 1684 3006 1754 βασάνῳ
3027 1701 3104 1753 τῳ
3132 1685 3276 1754 λόγῳ
3301 1685 3628 1752 προσάγοντα

2017 1761 2058 1814 Β
2086 1772 2182 1833 τὰς
2212 1774 2321 1826 τῶν
2349 1774 2563 1827 πολλῶν
2593 1775 2887 1838 διαθέσεις,
2926 1782 3021 1830 καὶ
3059 1777 3262 1847 κρίνων
3292 1777 3517 1838 ἕκαστα,
3549 1775 3632 1826 καὶ

2092 1863 2160 1932 τῇ
2213 1863 2458 1934 μαχαίρᾳ
2505 1864 2598 1916 τοῦ
2659 1866 2974 1934 Πνεύματος
3029 1868 3253 1937 ὶιαιρῶν
3286 1867 3350 1918 τὺ
3403 1868 3632 1934 κρεῖττον

2091 1951 2202 2004 ἀπὸ
2231 1953 2326 2006 τοῦ
2369 1957 2632 2025 χείρονος,
2674 1953 2794 2010 εἶτα
2831 1961 2892 2012 τὸ
2943 1959 3271 2027 Εὐαγγέλιον
3299 1957 3632 2028 παρεγύμνου

2089 2045 2182 2096 καὶ
2213 2039 2493 2115 παρετίθει
2521 2049 2621 2115 τὴν
2662 2047 2938 2118 ἀλήθειαν,
2974 2048 3163 2119 ὥσπερ
3200 2049 3353 2120 ἥλιον
3400 2050 3634 2114 ἀποπεμ-

2089 2140 2336 2209 πομένην
2363 2143 2425 2193 ὲκ
2459 2142 2626 2210 μέσου
2656 2143 2855 2204 κακίας
2907 2144 3125 2213 ἁπάσης
3169 2143 3521 2212 σκοτόμηνον,
3551 2142 3633 2192 καὶ

2089 2229 2233 2284 οὐτω
2266 2231 2515 2301 προσῆγε
2563 2232 2734 2302 δῆμον
2784 2235 2906 2286 ὅλον
2936 2232 3073 2302 Θεῷ,
3106 2235 3232 2296 τοὺς
3264 2231 3362 2302 μὲν
3396 2232 3521 2284 ἄνευ
3563 2228 3635 2280 αῖς

2093 2341 2261 2395 ματος
2296 2323 2614 2393 ἀθλητικοῦ,
2651 2326 2776 2388 τοὺς
2807 2323 2852 2377 δ’
2879 2326 2979 2377 οὐκ
3007 2325 3138 2378 ἄνευ
3168 2327 3358 2376 τούτου
3379 2339 3396 2356 ο
3432 2325 3522 2374 καὶ
3543 2322 3632 2389 ἀμ-

2091 2415 2334 2484 φοτέρων
2387 2417 2831 2486 καθηγούμενος,
2876 2418 2937 2470 οὐ
2993 2417 3134 2485 λόγῳ
3182 2416 3340 2484 μόνον
3367 2415 3503 2467 ἀλλὰ
3551 2416 3635 2464 καὶ

2091 2508 2272 2576 ἔργοις
2303 2509 2502 2572 αὐτοῖς,
2539 2509 2648 2559 τῶν
2705 2509 2804 2576 μὲν
2833 2512 2933 2578 τῆς
2984 2509 3124 2561 κατὰ
3175 2508 3310 2559 Θεὸν
3338 2507 3630 2576 ἀσκήσεως,

2091 2601 2202 2652 τῶν
2232 2600 2288 2651 δὲ
2317 2603 2412 2668 τῆς
2447 2599 2534 2652 διὰ
2566 2602 2628 2668 Χ,
2656 2601 2802 2653 ιοτὸν
2845 2601 3121 2669 ἀθλήσεως
3146 2619 3161 2632 ο
3190 2601 3277 2653 ἵνα
3307 2601 3403 2670 μὴ,
3433 2601 3460 2652 ὃ
3519 2616 3636 2667 φησι

2093 2691 2330 2758 Παῦλος,
2355 2695 2466 2754 τοῖς
2497 2691 2678 2755 ἄλλοις
2710 2692 3021 2763 κηρύττων,
3047 2693 3208 2755 αὐτὸς
3250 2694 3501 2758 ἀδόκιμος
3526 2691 3636 2759 φαί-

2093 2798 2275 2852 νηται,
2319 2783 2617 2836 κάντεῦθεν
2645 2786 2739 2838 καὶ
2782 2785 2982 2854 χαλκὸς
3012 2787 3106 2838 καὶ
3159 2784 3444 2853 κύμϐαλον
3498 2786 3636 2838 ἀντι-

2093 2891 2228 2942 κρυς
2273 2875 2451 2944 ἀκούῃ
2471 2883 2490 2904 ’⁸
2543 2875 2681 2928 ἀλλὰ
2713 2879 2784 2927 τα
2846 2878 3118 2945 στίγματα
3171 2876 3266 2928 τοῦ
3318 2877 3522 2944 Κυρίου
3551 2877 3632 2927 καὶ

2092 2964 2253 3027 αὐτὸς
2287 2970 2342 3018 ὲν
2373 2970 2436 3036 τῇ
2481 2967 2648 3036 σαρκὶ
2697 2967 3005 3037 βαστάζων,
3027 2967 3204 3036 κῆρυξ
3243 2963 3310 3037 ἧν
3345 2967 3420 3030 ὡς
3454 2970 3631 3031 εἰπεῖν,

2093 3057 2482 3129 ἁνεκλάλητος,
2509 3061 2605 3112 καὶ
2636 3058 2956 3122 διδάσκαλος
2991 3061 3334 3130 ἑμπρακτος,
3367 3060 3526 3127 λόγου
3549 3061 3633 3129 μὲν

2091 3146 2253 3221 ἦττον
2283 3151 2600 3221 δεόμενοςῆ
2641 3153 2764 3204 ὅσον
2808 3157 3220 3223 σκιαγραφήσαι
3281 3154 3376 3206 καὶ
3417 3159 3634 3224 προϋπο-

2092 3243 2298 3312 γράψαι
2326 3247 2441 3306 ταῖς
2471 3245 2581 3298 τῶν
2631 3246 2938 3299 ἀκουόντων
2975 3247 3174 3315 ψυχαῖς
3208 3248 3307 3317 τὴν
3354 3248 3629 3317 ἀλήθειανο

2091 3341 2160 3391 τὰ
2199 3339 2255 3391 δὲ
2293 3340 2462 3392 πολλὰ
2500 3343 2564 3411 τῇ
2594 3345 2874 3411 πρακτικῇ
2909 3342 3189 3412 χρώμενος
3211 3345 3303 3394 ἐπὶ
3327 3345 3434 3396 τῶν
3454 3344 3627 3412 λόγων,

2091 3430 2190 3480 ὅσα
2227 3429 2363 3480 κάπὶ
2424 3431 2534 3483 τῶν
2575 3432 2745 3484 σκιῶν
2783 3434 2832 3485 οί
2888 3433 3172 3503 ζωγράφοι
3219 3438 3333 3498 τοῖς
3373 3436 3628 3505 χρώμασι,

2093 3523 2230 3588 πρὸς
2283 3520 2518 3591 δήλωσιν
2574 3523 2764 3592 εὐτελῆ
2824 3524 2917 3576 καὶ
2965 3525 3227 3594 λαμπρὰν
3255 3528 3352 3596 τῆς
3395 3529 3632 3597 ἀληθείας

2094 3614 2396 3681 ἐνέργειαν.
2432 3613 2542 3666 Καὶ
2571 3613 2667 3668 νῦν
2719 3615 3040 3680 ἀπολαύεις,
3075 3619 3102 3670 δ
3158 3617 3520 3688 εὐλογημένος
3550 3619 3629 3670 τοῦ

2092 3704 2345 3773 οὐρανίου
2391 3705 2625 3776 Πατρδς,
2661 3705 2770 3759 τῶν
2814 3707 3238 3776 ἡτοιμασμένων
3285 3727 3368 3762 σοι
3417 3707 3632 3764 αίωνίων

2092 3794 2390 3860 ἀκηράτων
2421 3791 2667 3860 ἀγαθῶν,
2692 3793 2728 3847 ἃ
2756 3795 2893 3864 μήτε
2922 3796 2999 3857 είς
3029 3796 3150 3864 ὄψιν
3177 3798 3350 3850 ἐλθεῖν
3375 3798 3629 3868 ἀνθρωπίο

2093 3901 2192 3951 νην
2222 3885 2646 3957 μεμαθήκαμεν,
2674 3888 2802 3958 μήτ’
2837 3889 2931 3941 ἐπὶ
2963 3889 3194 3959 καρδίαν
3226 3897 3404 3961 χαμαὶ
3425 3894 3630 3962 ἐρχομέ-

2092 3991 2215 4042 νην,
2253 3974 2347 4026 καὶ
2387 3975 2599 4045 χαίρεις
2635 3977 2984 4046 ἐντυγχάνων
3010 3978 3232 4046 ἀμέσως
3267 3980 3347 4048 τῷ
3391 3981 3629 4050 ἀθλοθὲτῃ

2094 4066 2336 4135 Χριστῷ.
2365 4066 2631 4136 Μέμνησο
2668 4067 2726 4120 δὲ
2763 4070 2860 4121 καὶ
2905 4070 3062 4138 ἡμῶν
3092 4070 3288 4138 ἑορτὴν
3315 4072 3628 4141 ποιουμένων

2093 4163 2163 4213 τὰ
2195 4161 2280 4225 σα,
2314 4161 2407 4212 καὶ
2434 4163 2613 4213 πᾶσαν
2636 4161 2824 4229 ἔφοδον
2850 4163 3080 4232 ἐχθρῶν,
3113 4165 3217 4217 τῶν
3243 4167 3292 4220 τ’
3323 4167 3382 4232 ἐξ
3413 4170 3627 4237 ἀφανοῦς

2096 4251 2402 4321 βαλλόντων
2447 4252 2556 4305 τῶν
2585 4252 2630 4305 τ’
2665 4256 2730 4307 ἐκ
2757 4255 2852 4306 τοῦ
2907 4260 3259 4324 φαινομένου,
3283 4262 3461 4331 βυθοίς
3495 4263 3630 4316 amr

2093 4342 2245 4403 λείας
2277 4343 2641 4412 παράπεμπε,
2681 4345 2773 4398 καὶ
2815 4348 2996 4399 πᾶσαν
3040 4346 3362 4418 ὲξομάλισον
3395 4355 3628 4424 βιωτικὴν

439 4411 620 4476 plana,
669 4420 728 4463 ut
758 4412 916 4466 salsis
946 4415 1066 4484 ejus
1128 4417 1286 4484 aquis
1338 4422 1628 4486 superatis,
1664 4421 1717 4475 in
1775 4425 1986 4480 divinos

2097 4435 2435 4506 δυσχέρειαν,
2469 4437 2544 4499 ὡς
2595 4436 2661 4490 ἂν
2692 4439 2990 4502 ἀκινδύνως
3039 4442 3148 4512 τὴν·
3190 4444 3371 4516 ἅλμην
3406 4449 3490 4502 τοῦ
3529 4449 3628 4518 βίου

440 4510 632 4565 purius
666 4502 1027 4569 appellamus.
1067 4504 1262 4558 directi
1290 4514 1406 4570 tua,
1441 4516 1606 4576 atque
1632 4525 1731 4578 per
1757 4521 1807 4565 te
1832 4510 1992 4568 Chri-

441 4595 511 4646 sti
559 4595 800 4656 dextera.
828 4597 1129 4653 Salvatoris
1161 4616 1222 4654 ac
1252 4601 1341 4654 Dei
1378 4606 1573 4667 nostri,
1601 4606 1688 4658 cui
1722 4612 1994 4671 convenit

436 4687 638 4754 gluiia,
665 4688 837 4742 honor
864 4702 915 4745 et
941 4692 1187 4748 adoratio
1211 4694 1264 4748 in
1285 4698 1499 4750 saecula.
1530 4699 1724 4756 Amen.

2101 4527 2556 4597 παραδραμόντες
2602 4532 2713 4590 τοῖς
2741 4529 2908 4593 θείοις
2941 4532 3339 4603 καταλῦσωμεν
3365 4539 3550 4606 λιμέσι,
3571 4541 3626 4608 τῇ

2103 4625 2168 4691 σῇ
2200 4620 2350 4691 δεξιᾷ
2385 4622 2810 4690 κυϐερνῶμενοι,
2855 4624 2948 4674 καὶ
3001 4623 3086 4677 διὰ
3127 4625 3221 4677 σοῦ
3252 4631 3319 4697 τῇ
3353 4629 3441 4681 τοῦ
3473 4629 3632 4696 Σωτὴρ

2105 4735 2198 4786 ρος
2229 4716 2469 4786 Χριστοῦ
2501 4716 2596 4768 καὶ
2630 4715 2768 4767 Θεοῦ
2815 4716 2992 4786 ἡμῶν,
3022 4710 3065 4783 ᾦ
3101 4719 3300 4790 πρέπει
3343 4720 3479 4788 δόξα,
3513 4722 3629 4791 τιμὴ

2103 4812 2198 4862 καὶ
2232 4809 2601 4880 προσκῖνησις
2631 4811 2709 4872 είς
2735 4810 2860 4872 τοὺς
2885 4809 3109 4874 αίῶκ,ας.
3153 4813 3347 4883 Ἀμήν.
