3818 6598
358 461 465 525 53.3

1536 464 1959 527 NICEPHORI
2000 468 2388 530 GREGOR/E

3511 455 3615 515 5‘6

359 573 429 625 τὰ
479 570 646 642 ὃμοια
699 571 901 644 πάσχει
951 574 1044 627 καὶ
1097 574 1245 627 ποιεῖ
1292 571 1511 630 ἑκάστω
1558 572 1705 645 ζώῳ,
1738 576 1833 629 καὶ
1869 577 1938 629 τὰ
1966 585 2011 639 Α
2041 579 2170 647 περὶ
2202 577 2459 647 κομητῶν
2483 576 2586 630 οὐκ
2620 574 2857 645 εἰρήκει,
2881 573 2967 627 ὃτι
3006 572 3102 625 καὶ
3135 571 3195 635 ἐξ
3240 568 3423 623 αὐτῶν
3449 567 3621 637 ὁρῶσι

367 664 511 735 μέρη
538 665 706 719 αὐτοῦ
736 665 1061 734 συγγένειαν
1082 666 1178 719 καὶ
1202 667 1540 738 ἀδελφότητα
1568 667 1765 737 ἔχοντα
1797 668 1938 738 πρὸς
2041 671 2106 725 τὸ
2137 670 2331 741 μέλλον
2358 670 2408 723 οἱ
2432 669 2609 738 σοφοὶ,
2628 668 2661 737 ἢ
2682 665 2759 729 ὡς
2788 664 3231 734 ὁμολογουμένου
3258 662 3372 725 τοῖς
3408 660 3619 713 ἅπασιν

365 754 591 822 ἄλληλα,
646 756 978 825 σημαίνουσι
1030 756 1161 826 περὶ
1213 756 1518 826 μελλόντων
1570 756 1640 810 δι’
1691 756 1941 825 ἀλλήλων
2041 765 2126 818 δτι
2153 763 2428 831 δηλοῦσιν,
2460 764 2493 833 ἢ
2523 763 2607 816 ὅτι
2646 759 2891 830 ἠρκέσθη
2929 757 2998 812 τά
3039 753 3388 825 γειτονοῦντα
3414 751 3618 815 εἰπὼν,

367 849 607 913 ἅπαντα,
644 848 714 901 τὰ
745 847 849 918 μιν
879 848 1102 918 μᾶλλον,
1131 850 1200 903 τὰ
1229 850 1274 903 δ’
1310 845 1497 922 ἦττον.
1537 844 1671 906 Εἶτα
1712 850 1941 921 προϊὼν,

370 938 559 1012 βιϐλίῳ
585 941 684 1013 μὲν
708 940 919 1005 εἰκάζει
948 941 1038 995 τὸν
1078 943 1280 1011 κόσμον
1305 984 1323 1007 ,
1373 944 1669 1014 γράμμασι
1694 942 1753 997 δὲ
1782 942 1851 995 τὰ
1882 943 1943 996 ὲν

368 1030 518 1101 σὺτῷ
561 1032 740 1087 πάντα
782 1033 948 1105 μέρη,
973 1034 1089 1099 ζῶα
1132 1034 1277 1102 λέγω
1326 1036 1422 1089 καὶ
1461 1034 1626 1104 φυτὰ,
1660 1035 1757 1088 καὶ
1802 1034 1943 1103 ἀέρα

372 1123 467 1178 καὶ
490 1123 659 1194 ὕδωρ,
692 1122 786 1179 καὶ
808 1124 1012 1194 λίθους,
1039 1128 1135 1182 καὶ
1170 1128 1342 1182 τᾶλλα
1373 1127 1574 1182 πάντα.
1606 1128 1819 1198 Ὥσπερ
1851 1125 1945 1179 οὖν

370 1217 439 1270 τὰ
470 1218 528 1271 ὲν
565 1220 677 1281 τοῖς
726 1218 954 1288 βιϐλίοις
1000 1221 1330 1291 γράμματα,
1357 1221 1636 1293 διαφόρων
1678 1219 1946 1285 γλωσσῶν

371 1309 534 1376 ὄντα,
571 1310 643 1364 τὰ
696 1310 796 1381 μὲν
844 1312 1318 1381 ἀναγινώσκουσιν
1374 1314 1425 1368 οι
1468 1313 1577 1368 τῶν
1631 1312 1948 1382 Αἰγυπτίων

375 1400 550 1467 σοφοὶ,
590 1400 660 1454 τὰ
704 1399 761 1454 δὲ
811 1402 860 1457 ei
899 1405 1010 1457 τῶν
1057 1406 1363 1476 Ἑλλήνων·
1398 1406 1495 1459 καὶ
1540 1407 1589 1458 οἱ
1644 1406 1745 1476 μὶν
1781 1399 1947 1475 ἦττον

373 1492 470 1544 καὶ
516 1491 723 1555 ἀτελῶς
756 1493 861 1561 ἔτι,
893 1493 1085 1564 ὥσπερ
1135 1497 1203 1549 τὰ
1253 1495 1427 1565 βρέφη
1455 1494 1947 1562 ἀναγινώσκουσιν,

372 1585 405 1651 ἢ
442 1586 583 1639 κατὰ
610 1586 905 1652 συλλαϐὰς,
935 1589 967 1658 ἢ
1001 1588 1221 1657 ἀθρόον,
1249 1590 1346 1659 ητε
1374 1587 1511 1660 ὁμοῦ
1546 1587 1645 1658 τὴν
1691 1586 1869 1655 λέξιν·
1897 1591 1950 1641 oi

373 1680 429 1730 δὲ
476 1679 614 1750 ὁμοῦ
665 1682 1107 1749 ἀναγινώσκουσι
1154 1683 1243 1736 τὸν
1286 1681 1469 1749 λόγον.
1502 1685 1659 1738 Ἐστι
1702 1684 1761 1736 δὲ
1795 1685 1951 1752 λόγος

379 1774 477 1837 μὲν
533 1774 626 1844 ὅλη
677 1776 968 1845 πρότασις,
1003 1776 1064 1840 ἐξ
1112 1776 1376 1847 ὀνόματος
1436 1780 1533 1830 καὶ
1590 1779 1838 1849 ῥήματος
1887 1779 1952 1831 τδ

2046 855 2141 910 καὶ
2190 857 2416 925 νομίσας
2460 853 2624 924 δῆλον
2666 849 2805 905 εἶναι
2856 852 2921 904 ὲκ
2974 848 3205 912 τούτων,
3250 847 3333 901 ὅτι
3388 843 3626 899 κάκεῖνα

2049 947 2536 1004 συνυπακοὼνται.
2573 946 2638 1000 οι
2691 945 2791 1011 μὲν
2831 939 2947 1007 οὖν,
2988 942 3174 1010 φησιν.
3211 942 3277 995 ὲκ
3320 939 3432 993 τῶν
3462 936 3627 991 ἀστέο

2050 1059 2159 1111 ρων
2189 1040 2470 1111 προορῶσι
2498 1038 2560 1092 τὸ
2590 1037 2817 1109 μέλλον·
2846 1036 2895 1090 oi
2921 1035 2978 1088 ὁὶ
3024 1036 3092 1088 ἔκ
3135 1033 3245 1087 τῶν
3289 1031 3624 1099 σπλάγχνων

2047 1132 2157 1187 τῶν
2202 1130 2656 1201 ἀνατεμνομένων
2695 1127 2968 1195 σφαγίων,
2997 1124 3026 1179 δ
3074 1125 3138 1195 δὴ
3178 1123 3373 1194 θυτικῆ
3413 1122 3515 1175 καὶ
3540 1121 3623 1173 ἔνο

2048 1242 2213 1295 τομος
2245 1225 2465 1293 λέγεται
2506 1221 2841 1292 πρόγνωσις.
2869 1219 2946 1272 Οὐ
2992 1219 3129 1271 πᾶσι
3177 1216 3233 1270 δὲ
3258 1216 3373 1275 τοῖς
3414 1212 3630 1278 σπλάγ-

2050 1334 2196 1387 χνοις
2227 1318 2276 1370 oi
2309 1318 2533 1386 μάντεις
2567 1313 2808 1387 ἐχρῶντο
2839 1310 2978 1382 πρὸς
3009 1309 3245 1381 δήλωσιν
3283 1308 3397 1361 τῶν
3428 1305 3629 1373 ἐσομέ-

2051 1382 2180 1473 νων,
2227 1382 2363 1463 ἀλλά
2420 1407 2498 1477 τῷ
2562 1382 2769 1478 ἥπατι.
2797 1404 2976 1475 μόνῳ·
3026 1401 3311 1471 σπλάγχνα
3369 1396 3430 1451 δέ
3492 1398 3632 1448 εἰσιν

2052 1506 2211 1567 ἱπτὰ,
2255 1501 2474 1573 καρδία,
2520 1494 2697 1571 ἧπαρ,
2747 1496 2942 1568 σπλὴν,
2996 1495 3291 1565 στόμαχος,
3344 1491 3630 1562 πνεύμων,

2052 1599 2148 1651 καὶ
2175 1597 2366 1667 νεφροὶ
2398 1594 2515 1648 δύο.
2665 1606 2671 1611 ’

2125 1693 2192 1746 Et
2221 1690 2290 1743 δὲ
2317 1689 2623 1759 σημαίνει.
2655 1685 2901 1757 Δήλωσιν
2926 1682 3131 1737 δίδωσι.

2125 1786 2257 1841 ΡΑο.
2310 1782 2435 1837 132.
2479 1781 2828 1851 Γρόμματα.
2870 1777 3132 1847 Οὑράνια,
3155 1775 3343 1845 ἀέρια,
3389 1772 3632 1839 ἐπίγεια,

376 1866 604 1976 legaret:
670 1868 1051 1937 συγκείμενος.
1102 1864 1234 1929 οἷον,
1270 1870 1572 1938 Σωκράτης
1627 1873 1948 1940 περιπατεῖ.
1986 1919 2026 1976 Β
2056 1881 2345 1936 θιλάτσια,

375 1958 537 2029 Δηλοῖ
587 1960 695 2032 γὰρ
742 1960 955 2014 ἔννοιαν
1004 1960 1035 2030 ἢ
1087 1961 1458 2031 ἀληθεύουσαν
1504 1962 1536 2033 ἢ
1590 1962 1949 2033 ψευδομένην.

376 2049 537 2113 Λέξις
567 2050 623 2110 δέ
672 2053 789 2106 ἐστι
837 2052 1004 2121 μέρος
1059 2051 1240 2119 λόγου,
1275 2047 1408 2117 οἷον,
1443 2054 1739 2123 Σωκράτης
1762 2069 1775 2083 ·
1814 2054 1953 2123 ὅπερ

375 2141 437 2194 οὐ
487 2141 637 2211 δηλοτ
686 2143 808 2197 οὔτε
854 2143 1117 2213 ἀλήθειαν
1161 2144 1285 2198 οὔτε
1330 2146 1565 2216 ψεῦδος·
1613 2145 1852 2217 συλλαϐὴ
1895 2146 1953 2198 δέ

378 2237 493 2288 ἐστι
548 2236 716 2306 μέρος
772 2235 991 2300 λέξεως,
1031 2232 1142 2290 οἷον
1180 2239 1244 2291 ἐκ
1287 2237 1382 2290 τοῦ
1428 2237 1754 2308 Σωκράτους
1791 2238 1955 2307 μόνον

375 2327 437 2379 τὸ
468 2326 577 2392 Σω,
607 2328 745 2395 ὅπερ
769 2328 922 2382 οὐδὲν
973 2332 1250 2397 σημαίνει.
1290 2327 1480 2390 Οὕτως
1513 2328 1625 2394 οὖν,
1668 2329 1826 2399 φησὶ,
1859 2330 1956 2383 καὶ

376 2420 424 2470 οἱ
462 2421 616 2487 σοφοὶ
662 2423 938 2493 προφῆται
968 2424 1063 2476 καὶ
1114 2423 1339 2490 μάντεις
1388 2424 1859 2492 ἀναγινώσκοντες
1887 2424 1956 2476 τὰ

378 2510 436 2569 ὲν
479 2509 559 2580 τῷ
613 2509 806 2581 κόσμῳ
855 2512 1180 2582 πράγματα,
1216 2514 1491 2582 προορῶσι
1535 2512 1596 2566 τὸ
1628 2513 1857 2582 μέλλον·
1904 2514 1955 2565 oi

383 2603 481 2671 μὶν
505 2604 571 2659 ἐκ
593 2605 702 2659 τῶν
734 2606 1002 2676 ἀστέρων.
1027 2607 1059 2679 ἢ
1087 2610 1196 2660 τῶν
1242 2609 1516 2677 μενόντων
1547 2608 1604 2663 ἐν
1628 2610 1694 2680 τῇ
1727 2609 1959 2662 ἀπλανεῐ

384 2696 612 2767 σφαίρᾳ,
641 2697 674 2768 ἢ
707 2697 815 2749 τῶν
852 2697 1077 2769 πυρσῶν
1099 2699 1209 2751 τῶν
1241 2700 1299 2751 έν
1329 2700 1407 2768 τῷ
1440 2699 1567 2771 ἀέρι
1606 2700 1955 2771 διᾳττόντων,

379 2786 417 2846 ἃ
463 2785 525 2840 οὗ
588 2787 793 2858 κυρίως
847 2790 987 2843 εἰσὶν
1045 2789 1244 2858 ἄστρα,
1292 2791 1428 2845 ἀλλὰ
1492 2791 1744 2845 δοκοῦσιν
1805 2793 1959 2861 ὅμως

381 2880 581 2951 ἄστρα,
621 2882 717 2935 καὶ
764 2882 905 2936 αὐτὰ
956 2881 1267 2953 ὁμωνύμως
1318 2883 1479 2937 καλεῐ
1536 2884 1631 2938 νῦν
1661 2901 1675 2917 ·
1716 2886 1846 2955 περὶ
1902 2884 1960 2938 δὲ

381 2972 563 3042 ἡλίου,
602 2975 697 3027 καὶ
754 2972 1006 3043 σελήνης,
1043 2973 1275 3026 καὶτῶν
1316 2974 1705 3043 πλανωμένων,
1752 2973 1853 3027 καὶΔ
1879 2972 1961 3026 ἔτι

384 3136 590 3195 similia
617 3136 843 3193 cuilibet
866 3134 1135 3191 animanti
1162 3135 1372 3205 patitur
1398 3144 1453 3190 et
1484 3133 1616 3189 facit
1643 3151 1656 3187 :
1689 3140 1748 3188 et
1774 3142 1960 3203 partes

386 3230 563 3299 ipsius
588 3227 905 3285 aﬂinitatem
929 3237 987 3283 et
1016 3227 1313 3282 fraternam
1342 3225 1695 3282 concordiam
1728 3225 1873 3279 inter
1902 3238 1961 3281 se

386 3321 656 3379 habentes
683 3323 1004 3392 exprimunt
1036 3331 1202 3391 atque
1234 3320 1579 3391 portendunt
1605 3319 1804 3385 omnia
1844 3314 1964 3372 md-

386 3423 494 3471 tuae
522 3411 834 3468 concordiae
861 3421 1153 3471 eventura.
1189 3410 1440 3481 quaedam
1482 3410 1677 3478 magis,
1709 3408 1961 3479 quaedam

350 3576 357 3582 ‘
388 3506 591 3561 minus.
642 3504 911 3575 Deinceps
943 3503 1322 3574 progrediens,
1356 3502 1499 3556 lihre
1544 3501 1767 3572 quidem
1801 3516 1965 3555 mun-

388 3597 518 3652 dum
547 3606 853 3665 comparat,
880 3596 1105 3651 rlitteris
1140 3609 1337 3651 omnes
1383 3594 1559 3664 ipsius
1590 3601 1798 3663 partes,
1847 3593 1967 3647 ani-

391 3687 596 3742 mantia
627 3686 753 3749 dico
782 3696 837 3741 et
883 3686 1122 3756 plantas,
1155 3701 1339 3741 aerem
1392 3695 1449 3743 et
1485 3699 1707 3754 aquam,
1743 3699 1871 3738 saxa
1909 3691 1967 3737 et

390 3780 602 3851 reliqua
623 3779 828 3833 omnia.
847 3778 1319 3845 Quemadmodum
1340 3777 1506 3849 igitur
1525 3778 1576 3830 in
1594 3776 1754 3837 libris
1775 3776 1969 3830 littera:

390 3882 521 3926 sunt
557 3870 898 3925 diversarum
943 3869 1275 3941 linguarum,
1307 3879 1363 3924 et
1407 3869 1507 3924 has
1544 3868 1768 3937 quidam
1802 3882 1969 3937 agno-

391 3971 556 4018 scunt
580 3976 644 4019 ac
674 3958 1037 4033 pronuntiant
1069 3957 1477 4033 (Egyptiorum,
1507 3960 1631 4014 illas
1664 3974 1792 4013 vero
1821 3957 1970 4015 Grae-

391 4071 584 4111 eorum
638 4055 921 4125 sapientes
974 4075 986 4109 :
1042 4054 1099 4113 hi
1155 4054 1380 4126 quidem
1436 4053 1620 4108 minus
1669 4062 1727 4107 et
1786 4051 1969 4107 adhuc

393 4146 740 4220 imperfecte,
770 4146 918 4202 haud
950 4162 1112 4203 secus
1159 4154 1325 4217 atque
1362 4146 1602 4202 infantes
1632 4146 1843 4214 legunt,
1874 4151 1970 4198 aut

396 4257 493 4310 per
535 4238 797 4312 syllabas,
843 4246 939 4293 aut
970 4238 1285 4303 confertim,
1318 4237 1403 4297 vel
1449 4236 1746 4291 dictionem
1778 4234 1968 4298 simul,

392 4333 487 4388 alii
540 4339 725 4387 autem
779 4328 1373 4386 recitantorationem.
1428 4326 1527 4383 Est
1574 4336 1757 4381 autem
1786 4324 1972 4381 oratio

392 4420 606 4492 integra
638 4420 944 4491 prepositio
975 4434 1041 4474 ex
1080 4419 1303 4474 nomine
1348 4427 1403 4472 et
1448 4417 1619 4472 verbo
1649 4415 1968 4471 summatim

393 4523 678 4579 constans,
712 4511 908 4579 veluti,
957 4510 1214 4566 Socrates
1253 4510 1519 4565 ambulat.
1559 4507 1790 4564 Constat
1820 4508 1969 4564 enim

2127 1974 2335 2027 Φύσει.
2375 1969 2436 2023 '0
2482 1968 2545 2021 έν
2592 1968 2659 2038 τῇ
2717 1965 2880 2037 φύσει
2928 1961 3038 2017 τῶν
3093 1960 3265 2015 ὄντων
3304 1958 3391 2013 διὰ
3434 1957 3634 2026 πείρας

2055 2064 2348 2134 ἀναγνούς.

2131 2159 2374 2222 Ἄλλος.
2417 2153 2609 2223 Σοφός.

2134 2248 2211 2302 Τὰ
2250 2245 2476 2313 πυρσά.
2513 2244 2701 2298 Ταῦτα
2740 2243 2800 2295 ἣν
2842 2239 2922 2309 τῷ
2949 2238 3275 2309 στοιχειακῷ
3318 2233 3457 2305 πυρὶ
3512 2234 3633 2304 φαί-

2057 2355 2261 2401 νονται,
2309 2337 2436 2391 ἔνθα
2490 2335 2681 2405 ῶσπερ
2734 2330 3062 2402 μεταίχμιόν
3119 2331 3270 2383 ἐστιν
3325 2328 3491 2397 ἀέρος
3545 2326 3634 2377 καὶ

2058 2432 2296 2503 αἰθέρος.

2143 2524 2246 2579 Ἐν
2279 2522 2551 2591 ὀρνίθων.
2598 2519 2787 2573 Ταῦτα
2836 2517 2936 2584 μὲν
2990 2515 3135 2577 ίδίως
3177 2515 3286 2567 ιίσι
3334 2513 3448 2566 τῶν
3496 2511 3629 2579 όρνιο

2060 2617 2344 2672 θοσκόπων
2402 2614 2773 2683 θεωρήματα·
2837 2609 2986 2665 ἄλλοι
3065 2609 3122 2661 δὲ
3173 2608 3285 2683 ⁴διέι
3353 2602 3633 2675 augeam

2062 2705 2341 2779 προορῶσι
2400 2722 2564 2758 τινων
2615 2704 2713 2758 καὶ
2767 2697 3142 2772 σημειώσεων,
3194 2676 3285 2749 ὧνι
3319 2694 3479 2749 αὐτοὶ
3518 2692 3632 2746 καθ’

2061 2802 2261 2862 αὐτοὺς
2292 2801 2355 2852 ὲκ
2396 2798 2593 2868 πείρας
2627 2795 3074 2867 ἰσημειώσαντο·
3109 2792 3255 2858 λέγω
3278 2789 3347 2858 δὴ
3385 2788 3630 2857 παλμοὺς

2062 2890 2358 2960 ὀφθαλμῶν
2404 2888 2436 2957 ἢ
2470 2887 2719 2957 καρδίας,
2749 2886 2783 2957 ἢ
2816 2884 2979 2940 ἄλλου
3014 2899 3110 2937 του
3164 2882 3364 2951 μέρους
3407 2882 3505 2932 καὶ
3541 2880 3628 2947 μὲι

2062 2984 2209 3046 λους,
2264 2982 2297 3052 ἢ
2357 2983 2506 3053 ῥινὸς
2560 2978 3001 3051 γαργαλισμοὺς,
3061 2977 3097 3047 ἦ
3153 2992 3318 3029 τινων
3382 2972 3628 3043 ἐντυχίας

2070 3152 2333 3215 ριιαξιοιιειι
2362 3140 2429 3195 de
2456 3138 2690 3194 cometis
2721 3153 2822 3191 nec
2852 3137 3073 3191 locutus
3108 3143 3215 3198 est,
3248 3132 3378 3204 quia
3405 3149 3472 3187 ex
3506 3131 3629 3201 ipsis

1993 3259 2041 3318 ε
2073 3233 2262 3287 vident
2296 3231 2544 3285 futurum
2570 3228 2875 3298 sapientes,
2907 3226 2995 3281 vel
3026 3225 3171 3295 quod
3199 3224 3544 3294 exploratum
3565 3221 3631 3275 sit

2070 3323 2333 3379 omnibus
2357 3322 2451 3391 qui
2479 3319 2615 3377 illud
2652 3319 2923 3384 indicant,
2963 3327 3059 3371 aut
3090 3315 3236 3386 quod
3268 3316 3326 3375 in
3360 3316 3429 3369 iis
3452 3314 3629 3383 aequi.

2071 3415 2187 3472 evit
2218 3416 2265 3481 is
2289 3414 2382 3486 qui
2411 3413 2718 3485 propinqua
2748 3410 2908 3474 dixit,
2926 3409 3011 3463 vel
3039 3410 3256 3479 putavit
3283 3424 3353 3464 ex
3388 3408 3501 3463 illis
3521 3421 3627 3461 ma-

2070 3508 2333 3564 nifestum
2390 3521 2534 3565 esse.
2585 3505 2732 3575 quod
2782 3504 2952 3558 etiam
3002 3518 3067 3557 ea
3122 3499 3623 3570 subintelliguntut’.

2071 3602 2338 3670 Quocirca
2368 3601 2405 3656 ii
2437 3603 2518 3670 (ut
2548 3600 2727 3664 aiunt)
2750 3613 2780 3652 e
2807 3595 2983 3651 stellis
3014 3593 3347 3664 praesagiunt
3373 3591 3625 3655 futurum,

2073 3695 2148 3749 illi
2195 3701 2378 3748 autem
2429 3706 2460 3746 e
2513 3688 2821 3746 visceribus
2856 3688 3205 3741 victimarum
3256 3692 3624 3745 mactatarum,

2072 3803 2193 3857 quae
2221 3786 2444 3857 quidem
2484 3782 2859 3853 haruspicina,
2887 3788 2943 3835 et
2967 3794 2999 3833 e
3048 3776 3200 3833 fibris
3239 3777 3628 3833 immolatarum

2074 3878 2381 3934 hostiarum
2434 3875 2604 3931 sectis
2649 3873 2923 3929 divinatio
2976 3870 3310 3943 appellatur.
3360 3866 3470 3923 Sed
3529 3880 3626 3924 non

2074 3971 2336 4029 omnibus
2367 3969 2648 4025 intestinis
2677 3965 3004 4035 haruspices
3037 3966 3337 4018 utebantur
3364 3962 3431 4016 ad
3463 3960 3626 4029 explae

2074 4065 2358 4121 nationem
2419 4062 2759 4125 futurorum,
2820 4056 2919 4113 sed
2976 4056 3096 4113 solo
3146 4054 3369 4126 hepate.
3426 4053 3627 4111 Viscera

2075 4170 2246 4227 porro
2273 4164 2403 4210 sunt
2430 4163 2663 4223 septem,
2697 4166 2816 4216 cor,
2858 4149 3041 4222 jecur,
3086 4148 3267 4219 splen,
3300 4146 3617 4210 stomachus.

2075 4248 2286 4320 pulmo,
2316 4246 2427 4302 duo
2456 4258 2638 4300 renes.
2920 4256 2925 4259 ‘

2148 4338 2501 4395 Ponendum.
2528 4336 2897 4399 Manifestant,
2937 4333 3182 4391 tradunt.

2150 4426 2222 4481 Ει
2242 4436 2364 4482 sunt
2395 4443 2459 4480 ea
2509 4424 2671 4480 veluti
2703 4423 3017 4493 multiplicia
3049 4421 3331 4501 elgmenta.
3373 4416 3607 4478 Caelestis

2079 4534 2265 4583 aerea,
2294 4518 2604 4584 terrestria,
2624 4526 2681 4573 et
2711 4516 2949 4572 marina.

394 4604 566 4663 animi
615 4603 1037 4673 conceptionem
1067 4611 1122 4658 et
1154 4618 1378 4658 sensum
1424 4610 1518 4657 aut
1576 4616 1828 4656 veracem
1876 4607 1974 4659 aut
2006 4628 2049 4682 ο
2156 4609 2363 4666 Ναιιινα
2412 4610 2543 4668 duce
2584 4610 2796 4672 edoctus
2850 4616 2952 4664 est.
3004 4606 3109 4675 Qui
3147 4606 3204 4668 in
3238 4616 3436 4665 natura
3467 4616 3626 4663 rerum

396 4694 723 4750 mendacem
751 4707 893 4748 esse.
930 4691 1036 4747 Sed
1086 4692 1256 4748 dictio
1292 4707 1418 4761 pars
1450 4700 1534 4747 est
1564 4689 1855 4755 orationis,
1886 4701 1971 4751 ut,

397 4785 674 4850 Socrates,
707 4784 855 4855 quod
900 4784 1123 4855 quidem
1155 4800 1353 4843 nomen
1392 4799 1494 4840 nec
1525 4799 1716 4842 verum
1746 4798 1849 4838 nec
1877 4781 1977 4847 fal-

396 4893 520 4935 sum
558 4876 824 4939 declarat.
862 4878 959 4934 Est
1003 4890 1188 4933 autem
1244 4879 1452 4950 syllaba
1507 4894 1634 4948 pars
1684 4876 1974 4941 dictionis,

396 4974 563 5037 sicuti
616 4990 682 5030 ex
737 4974 838 5031 hac
886 4988 1021 5030 voce
1073 4972 1331 5029 Socrates
1378 4972 1647 5029 duntaxat
1697 4971 1792 5038 So,
1825 4971 1974 5042 quod

395 5066 621 5137 quidem
653 5067 788 5122 nihil
832 5067 1125 5138 signiﬁcat.
1170 5065 1261 5121 Sic
1315 5065 1507 5137 igitur,
1558 5064 1759 5135 inquit,
1808 5064 1975 5120 etiam

396 5160 697 5232 sapientes,
724 5161 1006 5231 prophetae
1024 5168 1080 5214 et
1102 5174 1341 5230 augures
1359 5158 1543 5213 animo
1572 5158 1976 5227 perlustrantes

398 5268 465 5309 ea
494 5268 617 5323 quae
645 5253 701 5314 in
738 5252 943 5307 mundo
984 5251 1363 5314 continentur,
1390 5259 1649 5320 tanquam
1682 5264 1749 5305 ex
1790 5250 1975 5319 aliqua

398 5347 622 5417 specula
654 5346 707 5402 id
750 5345 899 5416 quod
928 5344 1175 5401 futurum
1202 5353 1259 5403 et
1290 5354 1621 5399 eventurum
1648 5354 1732 5399 est
1764 5342 1976 5412 prosin

398 5441 577 5506 ciunt,
617 5439 673 5493 bi
704 5439 929 5510 quidem
973 5452 1041 5492 ex
1083 5436 1270 5503 astris,
1303 5445 1399 5496 aut
1440 5451 1508 5491 ex
1555 5435 1643 5490 his
1696 5434 1976 5495 sideribus

399 5549 463 5589 ac
492 5533 669 5589 stellis
716 5547 838 5603 quae
885 5532 1007 5587 ﬁxa:
1058 5538 1282 5589 manent
1329 5529 1386 5585 in
1436 5528 1653 5599 sphaera
1706 5527 2021 5600 globoque‘

399 5625 635 5689 cmlesti,
684 5634 782 5680 aut
813 5640 877 5679 ex
925 5622 1161 5679 ﬂammis
1209 5623 1264 5677 in
1305 5637 1432 5678 aere
1476 5620 1809 5677 micantibus
1855 5636 1978 5690 quae

400 5718 626 5792 proprie
657 5733 766 5773 non
803 5726 935 5774 sunt
981 5725 1151 5783 astra,
1183 5716 1546 5771 nihilominus
1586 5724 1736 5773 astra
1782 5712 1977 5768 viden-

403 5821 516 5873 tur,
547 5819 603 5864 et
629 5811 745 5880 ipsa
784 5809 1066 5865 communi
1102 5811 1327 5865 nomine
1369 5808 1531 5863 modo
1562 5815 1977 5875 nuncupantur.

406 5902 483 5962 lle
526 5903 640 5960 sole
695 5910 881 5961 autem
926 5912 984 5959 et
1028 5908 1161 5962 tuna
1204 5916 1268 5959 ac
1290 5901 1505 5961 cancris
1535 5899 1874 5968 errantibus,
1926 5910 1982 5959 et

2081 4720 2177 4775 per
2209 4704 2613 4775 experientiam
2663 4702 2819 4773 legit.

2149 4794 2317 4849 Alius.
2347 4794 2597 4864 Sapiens.

2156 4884 2576 4941 Flammarum.
2613 4886 2719 4940 ista
2751 4885 2807 4947 in
2840 4880 2952 4951 igni
2988 4882 3307 4940 elementali
3353 4888 3626 4955 apparent,

2082 4977 2174 5041 ubi
2206 4978 2375 5039 veluti
2403 4977 2654 5048 quaedam
2686 4975 3041 5047 intercapedo
3084 4986 3170 5031 est
3201 4976 3352 5033 aeris
3388 4988 3443 5033 et
3486 4976 3627 5031 attbew

2081 5071 2179 5128 ris.

2150 5161 2217 5218 In
2248 5161 2438 5218 alitum
2466 5160 2823 5232 clangoribus.
2852 5161 2973 5218 ista:
2998 5162 3222 5233 quidem
3254 5163 3628 5233 speculationes

2080 5262 2211 5309 sunt
2233 5268 2424 5309 eorum
2456 5253 2553 5324 qui
2579 5268 2647 5309 ex
2675 5254 2857 5310 avium
2884 5257 3118 5325 garritu,
3146 5254 3335 5309 volatu
3378 5264 3471 5309 aut
3496 5263 3625 5323 pastu

2080 5346 2266 5402 futura
2303 5347 2628 5418 praadicunt.
2686 5347 2791 5409 Alii
2836 5362 2969 5403 vero
3000 5363 3100 5418 per
3124 5346 3375 5418 quasdam
3414 5344 3624 5418 symbol:

2080 5447 2137 5499 et
2183 5439 2693 5496 animadversiones
2732 5438 3038 5509 praevident
3064 5479 3080 5505 ,
3136 5455 3278 5509 quas
3326 5439 3431 5509 ipsi
3468 5449 3624 5507 perse

2079 5529 2421 5599 experientia
2455 5530 2597 5585 duce
2628 5529 3001 5595 adnotarent,
3036 5537 3305 5585 tremores
3337 5543 3401 5583 ac
3428 5526 3626 5598 palpita—

2082 5620 2262 5680 tiones
2298 5622 2584 5685 oculorum
2620 5621 2770 5689 dico,
2812 5622 2896 5676 vel
2949 5621 3163 5687 cordis,
3191 5630 3288 5676 aut
3313 5620 3452 5674 alius
3484 5612 3624 5687 partit

2081 5724 2178 5770 aut
2202 5712 2468 5780 membri,
2503 5713 2590 5768 vel
2629 5712 2747 5768 nasi
2804 5712 3155 5775 titillationes
3179 5755 3194 5779 ,
3230 5720 3327 5766 aut
3356 5708 3621 5764 nonnullo-

2084 5822 2205 5861 rum
2235 5821 2565 5877 eongressus
2601 5806 2975 5876 inauspicatos
3003 5805 3057 5860 in
3093 5805 3178 5858 via
3202 5845 3217 5869 ,
3252 5819 3412 5873 quem
3452 5799 3620 5853 malum

2085 5900 2337 5975 vulgares
2357 5915 2654 5961 occursum
2685 5909 2907 5967 vocant,
2942 5897 3349 5970 autquamdam
3376 5909 3403 5950 a
3427 5900 3619 5966 pricth-
