3818 6546
138 461 218 524 5‘37

954 451 1281 512 SCHOLIA
1324 448 1406 510 IN
1450 447 1835 509 SYNESIUM
1879 450 1977 509 DE
2018 447 2450 508 lNSOMNlIS.

3230 442 3336 505 538

135 570 499 632 δυσοιωνίστους
526 568 645 623 καθ’
668 568 809 633 ὁδὸν,
840 567 872 621 ὃ
909 568 1003 620 καὶ
1033 567 1204 621 κακὸν
1232 566 1283 619 οἱ
1314 566 1481 620 κοινοί
1513 578 1646 633 φασι
1678 569 1722 625 Α
1752 565 2035 636 ἑκατέροις
2082 563 2176 618 καὶ
2228 562 2452 619 παλαιοὶ
2496 563 2591 617 καὶ
2639 560 2770 617 νέοι.
2824 559 3034 632 Ὠσπερ
3096 555 3190 615 οὖν
3221 565 3333 624 τοῖς

137 665 439 733 συνάντημα·
468 661 503 731 ἡ
536 677 657 714 τινα
694 660 762 715 ἑκ
805 658 901 713 τοῦ
948 659 1293 728 παρήκοντος
1324 654 1659 725 λαληθεῖσαν

138 754 307 825 φωνήν,
340 750 520 822 ὥσπερ
565 750 978 806 συνεπεπτώκει
1033 750 1165 803 ποτὲ
1211 752 1306 803 καὶ
1349 746 1548 818 Παύλῳ
1580 744 1659 816 τῷ

139 843 363 916 Δίμυλίῳ,
391 842 465 913 τῷ
497 845 562 896 ἐκ
604 843 899 910 Ῥωμαίων
945 842 1311 897 ἀποσταλέντι
1370 839 1660 911 στρατηγῷ

137 940 198 1001 είς
217 935 482 991 ἀντίπαλον
515 936 694 1006 μάχην
716 936 811 992 τοῦ
858 937 1112 1007 Περσέως
1154 935 1250 988 τοῦ
1275 935 1385 988 τῶν
1418 932 1663 988 Μακεδό-

135 1046 220 1081 νων
243 1025 506 1096 βασιλέως.
543 1025 823 1080 Μέλλοντα
873 1026 982 1097 γὰρ
1025 1025 1251 1091 ἐξιέναι,
1284 1025 1449 1092 φασὶν
1481 1025 1660 1077 ἀσπα-

135 1119 323 1187 ζόμενον
370 1116 426 1169 τὸ
469 1117 762 1187 θυγάτριον
809 1118 993 1189 εὑρεῖν
1044 1116 1179 1171 αὐτὸ
1230 1116 1655 1185 δεδακρυμένον,

137 1210 212 1263 καὶ
237 1209 326 1279 τήν
370 1208 544 1261 αἰτίαν
601 1209 700 1279 τῆς
753 1207 930 1278 λύπης
962 1206 1261 1279 ἀκηκοέναι
1291 1206 1426 1275 παρ’
1470 1204 1659 1271 αὐτοῦ,

140 1302 257 1365 Ὅτι,
292 1301 436 1368 φησὶ,
457 1301 485 1355 ὁ
510 1301 749 1369 Περσεὺς
775 1299 1077 1369 ἐτεθνήκει.
1105 1295 1213 1352 Ἦν
1250 1297 1309 1352 δὲ
1349 1299 1377 1351 ὁ
1417 1298 1662 1369 Περσεὺς

136 1395 180 1443 ὃν
214 1389 418 1459 ἔφασκε,
461 1390 697 1444 κυνίδιον
756 1393 1057 1462 σύντροφον
1101 1391 1180 1460 τῷ
1220 1388 1533 1459 θυγατρίῳ·
1568 1389 1660 1442 τὸν

135 1484 197 1545 δὲ,
232 1481 413 1553 ’Δγαθῇ
469 1482 627 1556 τύχῃ,
660 1483 849 1552 φάναι,
880 1477 925 1536 ὧ
972 1482 1233 1553 θυγάτερ,
1290 1482 1384 1537 καὶ
1430 1482 1659 1551 δέχομαι

136 1574 206 1625 τὸν
233 1572 400 1625 οἰωνόν
423 1589 439 1605 ο
468 1572 641 1626 ταῦτα
687 1572 947 1641 διέξεισιν
977 1575 1037 1627 ἐν
1066 1575 1182 1638 τοῖς
1232 1574 1363 1644 περὶ
1390 1572 1660 1645 μαντικῆς

136 1668 157 1719 ὁ
186 1666 323 1733 σοφὸς
358 1664 626 1736 Κικέρων.

187 1758 530 1826 Καλούμενα.
560 1758 720 1829 Παρὰ
745 1759 857 1813 τῶν
889 1758 1122 1817 πολλῶν.

188 1847 543 1954 Συτκιξρσεις.
579 1848 890 1954 Συντυχίαι,
934 1838 1348 1922 συναπήεῖατα,
1383 1851 1475 1906 ἐπ’
1509 1851 1658 1922 ἄλλῳ
1691 1897 1733 1954 Β

139 1939 213 2007 μὲν
260 1938 534 2008 πράγματι
597 1940 902 2010 γινόμεναι,
960 1941 1048 1996 ἔπ’
1107 1942 1255 2013 άλλῳ
1316 1942 1374 1996 δὲ
1430 1943 1660 2009 ἀποσαίτ

134 2047 305 2085 νουσαι.

190 2124 399 2180 Ἅπασι.
443 2126 723 2199 ’Δλλήλοις
755 2128 1023 2200 ἀλλήλων.

190 2218 331 2272 Ὦστ’
359 2220 410 2273 εὶ
445 2219 659 2289 σοφία.
691 2220 874 2274 Θέλων
915 2222 1314 2291 ἐναργέστερον
1362 2221 1443 2274 ἔτι
1488 2220 1661 2288 δεῖξαι

135 2304 330 2373 τὴντῶν
354 2306 533 2377 μερῶν
578 2308 671 2362 τοῦ
706 2310 918 2381 κόσμου
952 2310 1239 2364 κοινωνίαν
1277 2310 1412 2380 πρὸς
1456 2312 1662 2381 ἄλληλα

136 2398 208 2449 καὶ
256 2402 587 2468 συγγένειαν,
634 2403 821 2471 φησὶν,
868 2404 973 2468 ὅτι,
1043 2406 1091 2458 εί
1142 2405 1239 2457 καὶ
1292 2409 1403 2469 τοῖς
1456 2405 1662 2474 δρνισιν

134 2486 233 2556 ινήν
285 2489 434 2557 σοφία
493 2508 607 2557 τις,
663 2492 855 2564 ὥσπερ
910 2499 1024 2556 τοῖς
1089 2495 1401 2564 ἀνθρώποις
1460 2495 1660 2562 ἔνεστι,

133 2580 294 2649 τέχνην
336 2581 399 2635 ἂν
451 2585 551 2638 καὶ
601 2586 653 2639 οί
698 2586 917 2657 ὄρνιθες
962 2588 1021 2653 ἐξ
1065 2587 1372 2659 ἀνθρώπων
1404 2590 1663 2657 συνεστή-

135 2685 282 2736 cano,
322 2671 504 2743 ὥσπερ
563 2675 662 2729 καὶ
709 2679 759 2731 oi
818 2677 1092 2748 ἄνθρωποι
1153 2680 1219 2731 ὲκ
1263 2679 1373 2731 τῶν
1430 2677 1664 2750 ὀρνίθων

135 2766 479 2836 συνεστήσαντο
512 2768 714 2840 τέχνην
761 2772 1048 2842 μαντικὴν,
1077 2771 1145 2842 ἣν
1198 2770 1459 2826 καλοῦσιν
1488 2774 1665 2826 οἰωνι-

135 2856 294 2927 στικὴν
319 2859 406 2911 καὶ
429 2859 914 2932 ὀρνιθοσκοπικήν.
956 2862 1064 2915 Καὶ
1092 2862 1201 2931 γὰρ
1229 2861 1418 2933 ὥσπερ
1450 2863 1664 2933 ὄρνιθες

133 2948 202 3001 dii
248 2953 374 3003 εἰσιν
410 2952 470 3017 ἐξ
525 2954 707 3024 ἀρχῆς
756 2956 850 3023 ἀφ’
909 2947 973 3008 οὗ
1019 2956 1253 3024 συνέστη
1306 2955 1424 3008 τόδε
1464 2956 1525 3007 τὸ
1558 2956 1666 3009 πᾶν

134 3036 270 3108 μέχρι
292 3039 399 3108 νῦν,
424 3040 576 3096 οὕτω
602 3044 695 3097 καὶ
724 3044 773 3098 oi
802 3042 1079 3116 ἄνθρωποι
1121 3044 1206 3099 ἀεί
1238 3045 1376 3098 είσιν
1416 3045 1668 3116 ἑκάτεροι

1762 658 2073 729 ἀνθρώποις
2146 658 2197 711 οἱ
2254 654 2469 726 ὄρνιθες
2540 653 2679 725 πρὸς
2733 652 2834 717 τὰς
2907 652 3167 718 μαντείας
3225 653 3335 705 εἰσὶ

1759 750 1926 819 δεξιοί
1953 766 2011 805 τε
2036 751 2131 805 καὶ
2163 748 2457 818 ἐπιτήδειοι
2489 746 2626 816 πρὸς
2657 743 2949 817 μαντικὴν,
2984 743 3159 807 οὕτως
3187 739 3331 815 ἦσαν

1762 844 1829 900 ἂν
1856 846 1950 898 καὶ
1991 840 2105 907 τοῖς
2142 841 2351 913 ὄρνισιν
2396 840 2447 893 oi
2483 837 2761 909 ἄνθρωποι
2794 837 2935 890 κατὰ
2961 834 3024 889 τὸ
3051 835 3337 903 ἀντίστρο-

1762 953 1862 1007 φον
1892 935 2058 1001 δεξιοὶ
2098 935 2193 988 καὶ
2225 931 2519 999 ἐπιτήδειοι
2561 929 2697 1000 πρὸς
2743 927 3048 999 μαντικὴν,
3091 929 3140 981 εί
3173 932 3335 997 σοφία

1763 1030 1857 1083 καὶ
1881 1031 1994 1092 τοῖς
2027 1028 2233 1097 ὄρνισιν
2271 1025 2418 1094 ἑνῆν.
2467 1023 2794 1087 Ἀναγκαῖον
2826 1018 2936 1089 γὰρ
2978 1016 3047 1090 ἦν
3072 1018 3142 1073 τὰ
3192 1019 3333 1088 μέρη

1762 1121 1856 1175 τοῦ
1880 1120 2085 1189 κόσμου
2113 1118 2391 1171 κοινωνεῖν
2420 1114 2693 1185 ἀλλήλοις,
2726 1112 2823 1167 ἆτε
2857 1112 2975 1176 ἑνός
3005 1128 3150 1174 τινος
3193 1109 3334 1174 ζώου

1767 1211 1903 1283 μέλη
1933 1210 2286 1281 τυγχάνοντα,
2318 1209 2413 1262 καὶ
2436 1207 2527 1260 διὰ.
2558 1205 2715 1258 τοῦτο
2751 1204 3098 1273 συμπάθειαν
3142 1202 3335 1273 ἔχοντα

1765 1304 1901 1375 πρὸς
1945 1302 2171 1373 ἄλληλα,
2208 1302 2305 1355 καὶ
2368 1294 2479 1353 οἷον
2538 1300 2715 1352 εἰπεῖν
2766 1297 3094 1368 σύμπνοιαν.
3150 1295 3336 1349 Ταῦτα

1762 1397 1935 1465 λέγων
1973 1393 2163 1464 ὥσπερ
2206 1391 2579 1460 ἀναλαμϐάνει
2621 1391 2836 1454 ἑαυτὸν,
2868 1390 2961 1442 καὶ
2993 1390 3334 1456 διαπορείται

1764 1491 1859 1544 καὶ
1902 1488 2065 1542 οἱονεὶ
2099 1486 2279 1557 ἐρωτᾷ
2314 1485 2503 1537 ἑαυτὸν
2544 1484 2738 1551 λέγων,
2770 1480 3000 1550 Μήποτε
3049 1480 3108 1534 αἱ
3141 1480 3335 1548 μάγων

1765 1583 1952 1650 ίῦγγες
1996 1575 2157 1633 αὗταί
2197 1581 2340 1644 είσι;
2385 1577 2495 1631 Καὶ
2547 1575 2657 1645 γὰρ
2700 1576 2728 1627 ὁ
2756 1572 2920 1642 σοφὸς
2962 1574 2991 1626 ὁ
3032 1572 3189 1635 εἰδὼς
3234 1570 3335 1641 τὴν

1764 1672 2010 1743 ἀλλήλων
2035 1670 2240 1724 τούτων
2267 1668 2609 1736 συγγένειαν,
2639 1665 2782 1734 ὀρῶν
2811 1665 2895 1717 ὅτι
2926 1663 3182 1731 θέλγεται
3203 1661 3335 1731 παρ’

1765 1765 2010 1836 ἀλλήλων
2041 1761 2268 1831 ἄλληλα,
2310 1762 2405 1813 καὶ
2428 1758 2663 1829 δήλωσιν
2688 1755 2957 1826 λαμϐάνει
2992 1754 3123 1824 παρ’
3170 1754 3335 1820 ἀλλή-

1766 1856 1871 1909 λων
1919 1854 2147 1925 ἄλληλα,
2171 1853 2320 1907 ἕλκει
2361 1851 2492 1905 ἄλλο
2538 1851 2606 1904 δι’
2656 1850 2815 1905 ἄλλου
2841 1864 2859 1881 ·
2884 1848 2999 1902 οἷον
3032 1850 3221 1918 ὥσπερ
3249 1846 3337 1899 διὰ

1761 1947 1856 2016 τῆς
1912 1944 2227 2014 μαγνίτιδος
2269 1943 2360 1997 τδν
2404 1942 2645 2014 σίδηρον,
2691 1941 2835 1995 οὕτω
2897 1941 2993 1995 καὶ
3038 1939 3126 1993 διὰ
3171 1939 3335 2007 τῆσδε

1761 2036 1793 2107 ἢ
1837 2036 2002 2105 τῆσδε
2052 2036 2152 2104 τῆς
2205 2034 2362 2105 ὕλης,
2404 2033 2501 2087 καὶ
2550 2031 2703 2087 τοῦδε
2756 2032 2850 2086 τοῦ
2900 2031 3203 2101 σχήματος,
3244 2030 3339 2083 καὶ

1760 2131 1923 2200 τῆσδε
1956 2129 2055 2199 τῆς
2087 2128 2292 2197 φωνῆς,
2319 2126 2436 2180 τόδε
2469 2125 2503 2195 ἢ
2531 2125 2671 2191 τόδε,
2699 2125 2775 2187 ὡς
2808 2123 3087 2193 εἰρήσεται
3116 2122 3339 2191 προῖοῦα-

1763 2239 1850 2275 σιν
1874 2222 2004 2292 ήμίν
2035 2218 2411 2290 ἐκδηλότερον,
2446 2215 2525 2272 Οὐ
2558 2217 2722 2286 μόνον
2742 2214 2852 2284 γὰρ
2878 2214 3073 2285 δένδρα.
3096 2213 3339 2283 δένδρεσι

1764 2315 2049 2383 θέλγεται,
2111 2310 2363 2379 καθάπερ
2423 2308 2627 2379 φοίνικι
2698 2305 2910 2376 φοίνιξ,
2964 2306 3060 2359 καὶ
3115 2304 3339 2375 βοτάναι

1765 2406 2044 2476 βοτάναις,
2070 2404 2164 2456 καὶ
2195 2402 2308 2467 ζῶα
2332 2398 2515 2465 ζώοις,
2546 2398 2683 2454 ἀλλὰ
2715 2400 2811 2453 καὶ
2860 2397 3104 2467 σκορόδῳ
3128 2397 3157 2449 ό
3186 2397 3339 2450 δεῖνα

1767 2497 1937 2568 ἰχθὺς,
1970 2498 2063 2550 καὶ
2095 2494 2234 2549 ἄλλα
2267 2484 2470 2556 ἄλλοις,
2506 2488 2602 2545 καὶ
2649 2491 2707 2544 τό
2752 2506 2818 2558 γε
2868 2488 3341 2558 θαυμασιώτερον,

1764 2590 2017 2660 δαίμονες
2080 2588 2140 2654 ἐξ
2194 2587 2355 2656 ἀέρος
2401 2585 2497 2638 καὶ
2538 2585 2640 2653 γῆς
2680 2582 2962 2649 θέλγονται
3003 2581 3179 2634 τοῖσδε
3228 2582 3342 2642 τοῖς

1765 2679 1955 2741 λίθοις,
1989 2679 2022 2748 ἢ
2070 2677 2253 2730 ταῖσδε
2297 2678 2417 2737 ταῖς
2465 2674 2740 2743 βοτάναις,
2771 2672 2803 2741 ἢ
2835 2671 3019 2723 ταῖσδε
3068 2672 3186 2733 ταῖς
3228 2688 3345 2738 φω-

1766 2768 1966 2837 ναῖς-,ἢ
2019 2766 2196 2820 τοῖσδε
2246 2765 2359 2826 τοῖς
2418 2764 2714 2831 σχήμασιν,
2756 2759 2791 2813 ἃ
2842 2759 2937 2812 καὶ
2988 2756 3345 2827 χαρακτῆρας

1768 2860 2056 2916 καλοῦσιν’
2091 2854 2246 2928 οἶμαι
2286 2856 2342 2910 δὲ
2390 2854 2562 2908 ταῦτα
2606 2852 2756 2922 παρὰ
2786 2850 3071 2905 Χαλδαίων
3124 2848 3221 2902 καὶ
3249 2850 3347 2900 Ai-
3380 2876 3383 2879 η

1768 2950 2013 3019 γυπτίων
2040 2948 2282 3019 ἀρχῆθεν
2321 2944 2588 3017 εὑρῆσθαι
2622 2943 2859 2996 ἕκαστον
2890 2939 3104 3009 ἑκάστῳ
3126 2938 3347 3007 δαίμονι

1767 3042 2131 3114 γνωριστικδν
2182 3040 2431 3111 σημεῖον.
2466 3036 2578 3102 Τὴν
2635 3035 2691 3089 δὲ
2736 3032 2905 3103 ἴυγγά
2945 3049 3112 3101 φασιν
3160 3030 3347 3100 ὄρνεον

133 3201 710 3303 euatelpronuntiatam
744 3202 1152 3259 inconsiderate
1199 3218 1389 3259 vocem
1421 3217 1668 3272 :quem-
1695 3238 1740 3303 C
1773 3216 1890 3257 neas
1919 3200 1987 3256 ad
2026 3212 2210 3254 rerum
2245 3196 2556 3251 futurarum
2595 3189 3019 3263 prescientiam,
3043 3187 3125 3244 sie
3161 3196 3348 3243 essent

134 3285 386 3345 admodum
448 3292 752 3361 aliquando
809 3291 1010 3347 accidit
1060 3292 1229 3348 Paulo
1284 3292 1509 3347 IEmilio
1558 3293 1670 3348 Ro-
1696 3282 1740 3303 υ
1774 3294 1943 3350 etiam
1970 3291 2166 3346 avibus
2200 3288 2453 3341 homines
2484 3300 2582 3354 per
2627 3282 3120 3352 reciprocationcm
3147 3292 3203 3336 et
3226 3282 3347 3335 vice

139 3392 390 3435 manorum
456 3383 788 3452 imperatori
856 3385 1105 3456 ablegato
1157 3386 1212 3438 in
1295 3385 1671 3439 adversarium

137 3471 348 3537 praelium
366 3474 555 3530 Persei
597 3475 955 3531 Macedonum
986 3476 1148 3548 regis,
1175 3491 1337 3546 quem
1369 3476 1523 3533 aiunt
1561 3493 1677 3532 am-

139 3560 323 3628 plexum
357 3563 525 3621 fuisse
562 3566 815 3633 ﬁliolam,
847 3576 902 3622 et
949 3582 1070 3622 eam
1111 3567 1389 3623 invenisse
1422 3569 1677 3638 lacrymis

140 3655 379 3722 perfusam
401 3698 416 3723 ,
450 3674 796 3730 causamque
849 3659 1106 3715 maeroris
1153 3661 1223 3716 ab
1253 3676 1317 3715 ea
1369 3660 1627 3717 didicisse
1658 3680 1674 3719 :

137 3744 393 3817 Quoniam,
424 3751 633 3823 inquit,
665 3752 903 3807 Perseus
957 3761 1207 3808 mortuus
1252 3761 1357 3808 est.
1403 3753 1530 3807 Erat
1580 3769 1679 3808 au-

139 3846 225 3891 tem
247 3840 331 3895 ille
362 3842 603 3898 Perseus
635 3858 798 3911 quem
826 3843 967 3898 dixit
1000 3844 1230 3900 catellus
1278 3843 1463 3899 ﬁliolae
1500 3845 1677 3899 alum-

138 3942 222 3983 nus
250 3947 263 3983 :
289 3946 408 3987 eum
436 3948 597 4000 vero,
622 3934 896 4004 Prospera
922 3934 1168 3998 fortuna,
1193 3935 1400 3990 dixisse
1424 3950 1439 3991 :
1462 3935 1680 4005 accipio

135 4036 288 4092 omen,
319 4040 435 4081 mea
466 4026 603 4083 ﬁlia.
647 4027 755 4084 ista
783 4038 1184 4083 commemorat
1223 4027 1491 4099 eloquens
1517 4040 1683 4100 atque

136 4114 312 4183 peritus
338 4118 534 4174 Cicero
568 4117 624 4173 in
662 4118 762 4174 lib.
792 4118 868 4173 De
899 4118 1258 4174 Divinatione.

191 4206 531 4282 Portentaque
560 4220 837 4268 vocantur.
870 4216 915 4266 Α
942 4212 1156 4267 multis.

193 4298 423 4358 Eventus.
476 4303 690 4367 Casus,
739 4320 1007 4360 occursus
1038 4344 1053 4369 ,
1117 4302 1213 4373 qui
1261 4312 1490 4374 propter
1531 4302 1682 4357 aliud

135 4391 272 4461 ﬁunt,
306 4407 532 4468 propter
574 4397 724 4453 aliud
764 4399 1113 4469 contingunt.

192 4486 419 4544 Omnium
466 4491 850 4561 signiﬁcativa.
886 4491 1076 4547 Mutuo
1132 4489 1368 4562 quodam
1408 4503 1683 4545 consensu

134 4579 461 4638 coluerentis.

191 4670 363 4741 Itaque
392 4676 437 4729 si
456 4674 723 4743 sapientia
755 4683 913 4727 esset.
935 4671 1140 4728 Volens
1160 4670 1477 4728 evidentius
1499 4671 1683 4729 adhuc

134 4764 394 4819 ostendere
423 4766 660 4835 partium
690 4765 881 4820 mundi
915 4766 1363 4823 communionem
1409 4775 1466 4822 et
1498 4766 1683 4821 aiﬁui-

135 4866 299 4922 tatem,
351 4859 406 4914 Si
436 4860 604 4915 etiam
648 4859 865 4922 avibus,
912 4858 1112 4927 inquit,
1164 4859 1370 4914 inesset
1415 4860 1683 4929 sapientia

134 4949 381 5033 quietiam,
408 4951 871 5023 quemadmodum
903 4950 1221 5006 hominibus
1250 4965 1315 5005 ea
1363 4951 1528 5007 insita
1557 4960 1642 5006 est
1663 4993 1682 5020 ,

132 5046 283 5093 artum
313 5042 475 5095 etiam
508 5057 639 5097 aves
660 5056 724 5096 ex
760 5041 1079 5097 hominibus
1104 5040 1543 5106 constituissent,
1585 5041 1688 5096 sic-

136 5137 188 5179 ut
213 5129 458 5188 homines
491 5151 561 5189 ex
591 5134 786 5190 avibus
848 5135 1129 5190 ﬁnxerunt
1163 5143 1218 5190 et
1272 5134 1686 5189 constituerunt

134 5230 287 5277 artem
335 5225 640 5290 divinandi.
675 5242 839 5297 quam
893 5235 1090 5282 vocant
1130 5226 1484 5297 auguralem,
1517 5234 1573 5280 et
1616 5241 1685 5281 ex

134 5313 298 5369 avium
330 5318 680 5389 inspectione
738 5319 1129 5390 depromptum
1192 5318 1476 5374 divinandi
1508 5318 1685 5373 artiﬁ-

134 5403 284 5461 cium.
317 5410 533 5466 Etenim
599 5412 1061 5483 quemadmodum
1093 5426 1224 5466 aves
1250 5426 1470 5480 semper
1504 5410 1632 5465 sunt
1655 5426 1684 5464 a

136 5494 394 5568 principio
422 5510 480 5557 et
507 5503 721 5574 origine
761 5504 973 5565 mundi,
1006 5511 1063 5559 et
1098 5517 1163 5558 ex
1199 5518 1309 5573 quo
1340 5512 1587 5557 creatum
1631 5508 1689 5556 et

133 5600 552 5659 coagmentatum
580 5605 664 5650 est
696 5596 801 5651 hoc
824 5597 1141 5651 universum
1167 5610 1336 5665 usque
1364 5594 1418 5648 in
1443 5610 1688 5663 prresens

134 5687 351 5751 tempus,
378 5687 455 5741 sic
479 5697 533 5742 et
554 5689 801 5744 homines
825 5704 1044 5758 semper
1070 5696 1221 5750 sunt,
1239 5695 1294 5742 et
1312 5696 1441 5741 sunt
1463 5686 1682 5756 utrique

135 5773 369 5844 utrisque
386 5780 589 5849 antiqui
628 5791 683 5835 et
720 5780 868 5835 novi.
900 5781 967 5836 Ut
1009 5779 1513 5847 igiturhominibus
1537 5795 1686 5845 aves,

136 5863 301 5928 limati
352 5865 718 5928 divinationes
751 5879 804 5929 et
833 5872 1090 5938 oracula,
1127 5880 1259 5927 sunt
1301 5879 1440 5939 ίψιιυ
1488 5880 1542 5925 et
1573 5870 1688 5925 ido-

1774 3400 1933 3441 versa
1962 3382 2077 3453 apti
2118 3391 2172 3436 et
2200 3378 2381 3434 idonei
2422 3376 2488 3431 ad
2524 3374 2941 3439 divinationem,
2991 3373 3035 3427 si
3080 3372 3346 3441 sapientia

1777 3479 1942 3534 etiam
1977 3474 2173 3529 avibus
2218 3473 2427 3527 inesset
2461 3485 2477 3524 :
2507 3468 2777 3538 siquidem
2810 3464 3179 3520 necessarium
3206 3475 3348 3517 esset

1779 3569 1968 3625 mundi
2015 3577 2202 3639 partes
2250 3561 2643 3620 commercium
2685 3568 2740 3615 et
2784 3556 3347 3614 communicationem

1780 3670 2025 3716 mutuam
2077 3658 2302 3722 habere,
2340 3656 2543 3725 quippe
2573 3668 2693 3723 qua:
2725 3652 2886 3705 unius
2919 3647 3202 3719 cujusdam
3234 3644 3351 3699 ani-

1782 3754 1989 3809 mantis
2043 3750 2291 3806 membra
2352 3756 2481 3802 sunt
2517 3763 2533 3800 :
2567 3745 2825 3815 quocirca
2884 3740 3247 3811 sympathiam
3294 3745 3353 3790 et

1780 3843 2134 3901 concordiam
2194 3841 2397 3895 habent
2430 3840 2574 3893 inter
2604 3851 2683 3901 se,
2715 3843 2771 3889 et
2819 3833 2861 3888 si
2899 3833 2981 3886 fas
3019 3841 3105 3885 est
3136 3831 3344 3895 dicere,

1780 3935 2268 4006 conspirationem.
2304 3929 2508 3985 Eadem
2565 3927 2849 3998 proferens
2879 3939 2942 3979 ac
2977 3924 3021 3977 si
3063 3939 3122 3977 se
3163 3937 3353 3991 repre-

1784 4028 2010 4091 hendat,
2048 4024 2308 4092 ambigat.
2341 4031 2396 4075 et
2423 4018 2578 4088 quasi
2612 4032 2671 4072 se
2710 4016 2887 4084 ipsum
2931 4013 3236 4082 interroget
3269 4011 3352 4065 di.

1782 4136 1914 4175 cens
1956 4135 1970 4172 :
2017 4113 2294 4185 Numquid
2385 4124 2668 4179 magorum
2723 4106 2993 4161 illecebrae.
3040 4104 3353 4158 istiusmodi

1785 4211 1952 4267 sunt?
1996 4207 2212 4263 Etenim
2268 4202 2489 4272 sapiens
2510 4199 2626 4269 {qui
2663 4197 2817 4252 novit
2862 4203 3106 4249 mutuam
3155 4194 3351 4247 hormn

1785 4301 2192 4371 cognationem,
2226 4308 2353 4350 cum
2381 4293 2487 4348 alia
2517 4294 2585 4345 ab
2612 4289 2737 4344 aliis
2776 4287 2921 4341 allici
2952 4294 3116 4354 atque
3150 4284 3352 4339 attrahi

1784 4392 2008 4454 videat,
2053 4399 2108 4443 et
2146 4383 2601 4457 signiﬁcationem
2638 4396 2667 4434 a
2701 4394 2760 4435 se
2796 4378 3027 4433 invicem
3077 4376 3353 4445 accipere,

1785 4481 1933 4537 aliud
1986 4478 2156 4535 trahit
2209 4492 2307 4546 per
2340 4473 2512 4528 aliud.
2556 4471 2759 4533 Veluti,
2792 4469 3268 4539 quemadmodum
3323 4485 3354 4520 a

1714 4583 1756 4638 ο
1787 4584 2039 4646 magnete
2074 4572 2279 4627 ferrum
2317 4567 2574 4630 trahitur,
2612 4570 2685 4619 ita
2715 4564 2782 4618 ab
2809 4564 2910 4618 hac
2940 4572 3037 4617 aut
3061 4562 3150 4617 illa
3182 4572 3355 4616 mate-
3458 4566 3463 4569 ‘

1752 4712 1755 4715 -
1786 4671 1867 4725 ria
1899 4677 1955 4723 et
1985 4667 2079 4721 tali
2114 4668 2307 4734 ﬁgura,
2336 4670 2428 4716 aut
2465 4660 2559 4714 tali
2591 4675 2752 4723 voce,
2778 4658 2883 4711 hoc
2911 4666 3006 4710 aut
3036 4655 3169 4709 illud
3199 4655 3356 4710 elici.

1788 4774 1901 4826 tur,
1927 4770 1989 4815 ut
2028 4756 2377 4813 manifestius
2405 4756 2459 4808 in
2492 4767 2790 4824 progressu
2825 4759 3025 4805 nostra!
3060 4749 3357 4818 expositio.

1786 4856 1872 4909 nis
1898 4850 2287 4921 explicabitur.
2343 4847 2461 4903 Non
2495 4847 2643 4901 enim
2676 4853 2888 4899 tantum
2920 4844 3143 4897 arbores
3169 4841 3238 4894 ab
3266 4857 3361 4895 ara

1786 4946 2016 5002 boribus
2050 4942 2395 5007 alliciuntur,
2454 4949 2515 4993 ut
2560 4938 2738 5008 palma
2788 4935 3027 4990 trahitur
3075 4949 3104 4986 a
3156 4934 3359 5002 palma,

1785 5040 1987 5108 stirpes
2013 5052 2045 5092 a
2083 5036 2380 5107 stirpibus,
2418 5043 2474 5088 et
2503 5033 2811 5087 animantes
2838 5031 2903 5082 ah
2935 5026 3311 5081 animantibus
3344 5068 3355 5085 ,

1786 5146 1982 5189 verum
2012 5130 2184 5186 etiam
2225 5130 2293 5183 ah
2322 5128 2452 5183 allio
2505 5124 2673 5195 piscis
2724 5121 2946 5192 quidam
2995 5120 3242 5182 ducitur,
3302 5128 3358 5172 et

1784 5224 1890 5279 alia
1906 5222 1974 5279 ab
1997 5221 2138 5282 aliis,
2163 5221 2293 5290 quin
2312 5220 2500 5282 etiam,
2531 5216 2675 5285 quod
2695 5211 3077 5268 admirabilius
3107 5220 3213 5277 est,
3244 5210 3353 5265 dm-

1787 5330 1978 5370 mones
1996 5328 2062 5369 ex
2092 5328 2218 5368 aere
2242 5321 2300 5368 et
2326 5319 2470 5366 terra
2495 5307 2818 5363 alliciuntur
2845 5306 3016 5361 certis
3044 5304 3343 5372 lapidibus.

1787 5419 1882 5465 aut
1909 5407 2298 5481 leguminibus,
2321 5415 2415 5459 aut
2442 5404 2770 5474 quibusdam
2804 5402 3052 5465 vocibus,
3099 5409 3194 5454 aut
3240 5399 3357 5453 isti-

1789 5498 2003 5555 usmodi
2026 5498 2236 5568 ﬁguris,
2264 5512 2400 5567 quas
2420 5495 2587 5550 etiam
2615 5494 2958 5551 characteres
2997 5500 3211 5547 vocant.
3232 5490 3358 5543 Ηευο

1789 5606 1921 5647 vero
1946 5592 2205 5646 existimo
2250 5604 2279 5643 a
2309 5588 2578 5644 Chaldaeis
2628 5595 2683 5642 et
2729 5585 3355 5658 Egyptiisjampridcm

1788 5684 2035 5747 inventa,
2070 5692 2131 5736 ut
2160 5683 2443 5753 proprium
2472 5681 2773 5751 uniquique
2796 5682 3024 5734 ilazmoni
3057 5680 3357 5750 agnitionis

1787 5776 2003 5846 signum
2025 5774 2115 5829 sit.
2152 5780 2220 5827 At
2249 5774 2405 5844 iynga
2435 5774 2591 5827 aiunt
2622 5787 2778 5826 avem
2804 5788 2925 5827 esse
2959 5789 3079 5842 qua:
3122 5774 3353 5826 caudam

1789 5884 2009 5939 semper
2038 5878 2239 5934 movet,
2265 5882 2427 5938 quam
2459 5883 2599 5937 sagae
2624 5867 2884 5924 mulieres
2906 5867 2970 5923 ad
3006 5882 3163 5922 usum
3197 5866 3353 5927 adhi-
