3818 6590
407 439 510 502 ﬁlii

1641 447 1686 506 N
1699 445 2062 510 lCEl‘l-IORI
2105 443 2493 506 GllEGOlldﬂ

3545 437 3632 500 5H

395 551 566 620 δνομα
595 551 706 605 ἀπὸ
731 553 836 606 τῶν
867 553 1029 622 γόων,
1059 557 1134 619 ώς
1183 556 1398 628 θρήνων
1441 557 1568 623 ἄξια
1607 559 1924 628 πράττουσα
1952 574 1964 590 ο
1997 561 2044 618 Α
2071 555 2404 626 συμφωνιῶν
2435 555 2546 607 τῶν
2579 549 2813 623 πρώτων
2835 565 2850 580 ⁸
2893 551 3046 614 τέλος
3091 549 3192 616 μὲν
3223 549 3322 618 τῆς
3351 547 3436 602 διὰ
3461 553 3638 604 τεσσὰ-

403 643 606 711 μαγεξα
641 645 696 696 δὲ
737 644 851 698 ἔστ’
886 647 1035 716 ἡδιὰ
1075 648 1184 702 τῶν
1235 649 1420 718 μέσων
1464 649 1741 718 δαιμόνων
1791 649 1974 702 ἁΰλων

395 751 456 786 τε
493 737 584 788 καὶ
623 737 824 790 ένύλων
851 737 1184 810 ἐνεργοῦσαο
1211 741 1535 812 φαρμακεία
1571 741 1624 793 δὲ
1647 742 1680 812 ἡ
1704 741 1791 795 διὰ
1830 741 1974 814 βρώ-

401 845 540 892 σεως
573 829 606 898 ἦ
639 831 871 894 πόσεως.
903 833 1028 888 Ἔτι
1058 833 1284 904 ὁμοίως.
1313 833 1443 886 ἄλλο
1472 833 1592 886 ἐστὶ
1618 836 1972 906 κακοτεχνία,

401 921 495 974 καὶ
565 921 696 975 ἄλλο
757 923 1138 996 ψευδο-τεκνία,
1195 927 1292 980 καὶ
1357 925 1488 982 ἄλλο
1564 931 1975 998 ματαιοτεχνία.

399 1013 743 1084 Κακοτεχνία
785 1016 886 1086 μὲν
910 1018 1018 1090 γάρ
1045 1019 1192 1072 ἐστιν
1229 1019 1396 1090 ἡτῶν
1435 1019 1649 1092 γοήτων
1693 1023 1788 1076 καὶ
1829 1039 1974 1092 φαρ-

399 1105 591 1173 μακῶν
617 1108 710 1160 καὶ
750 1109 940 1177 μάγων
988 1111 1079 1162 ἐπὶ
1121 1111 1276 1180 κακῷ
1315 1112 1424 1165 τῶν
1466 1112 1774 1186 ἀνθρώπων
1813 1114 1976 1184 εὑρη-

397 1197 572 1265 μένη’
624 1199 975 1271 ψευδοτεχνία
1021 1203 1148 1272 δὲὴ
1198 1204 1370 1272 ψευδῆ
1413 1205 1762 1272 δεικνύουσα,
1811 1207 1888 1270 ὡς
1939 1208 1972 1277 ἡ

395 1293 944 1364 παροφθαλμιστική’
977 1299 1365 1368 ματαιοτεχνία
1396 1299 1451 1352 δὲ
1489 1301 1522 1370 ἡ
1553 1300 1689 1370 ὁμοῦ
1725 1301 1804 1372 τῷ
1839 1301 1976 1374 πλη-

393 1382 548 1451 γέντι
583 1385 707 1454 ἁέρι
739 1386 1090 1458 διαλυομένη.

473 1477 748 1546 Ὑπάτην.
769 1478 954 1532 Ταῦτα
979 1481 1044 1533 ὲκ
1063 1481 1160 1552 τῆς
1188 1483 1507 1554 κατατομῆς
1537 1483 1632 1536 τοῦ
1662 1483 1966 1556 ἁρμονικοῦ

393 1571 616 1633 κανόνος
647 1572 902 1641 εἴληπται
930 1573 1480 1644 παραδειγματικῶς.
1511 1578 1607 1630 Δεῖ
1635 1575 1730 1630 οὖν
1761 1579 1976 1630 ἐκεῖθεν

393 1665 540 1732 ἡμᾶς
581 1663 928 1734 ἀρξαμένους
967 1666 1280 1732 ἀναπτύξαι
1330 1668 1428 1720 καὶ
1473 1669 1648 1721 ταῦτα
1695 1669 1834 1740 πρὸς
1880 1688 1974 1723 στ-

389 1755 617 1824 φήνειαν
649 1756 757 1807 τῶν
782 1757 1228 1826 ἐντυγχανόντων
1263 1755 1454 1812 ἓνεκα.
1501 1759 1573 1810 Συ
1583 1759 1826 1828 μφωνίαι
1871 1761 1975 1827 μὲν

389 1845 484 1898 οὖν
519 1846 588 1900 δι’
628 1840 704 1900 ὧν
733 1847 802 1900 τὰ
849 1847 1125 1918 ἁρμονικὰ.
1156 1849 1399 1916 γίνονται
1437 1852 1784 1920 συστήματα,
1823 1851 1976 1904 πλεῖ-

393 1935 518 1989 σταί
559 1937 720 2000 είσιν,
773 1930 849 1992 ῶν
893 1937 1088 2008 πρώτη
1136 1940 1171 2010 ἡ
1221 1941 1500 2012 ὲπιτρίτη,
1555 1942 1643 1994 διὰ
1692 1945 1976 2013 τεσσάρων

389 2029 524 2083 οὖσα
576 2031 824 2102 χορδῶν·
888 2031 1207 2088 συνίσταται
1265 2033 1323 2087 δὲ
1388 2035 1452 2090 ὲκ
1503 2035 1600 2090 δύο
1654 2037 1825 2090 τόνων
1883 2039 1978 2092 καὶ

395 2121 718 2194 λείμματος,
756 2123 851 2178 τοῦ
891 2125 986 2179 καὶ
1028 2125 1314 2198 ἡμιτόνιον
1381 2131 1840 2200 καταχρηστικῶς
1877 2147 1977 2184 κα-

388 2215 652 2284 λουμένου
677 2231 693 2247 ·
721 2217 776 2268 ἐν
869 2219 1299 2290 συγκρινόμενος
1333 2221 1361 2272 ό
1391 2221 1490 2292 τῆς
1528 2223 1804 2292 τετάρτης
1844 2240 1976 2294 χορ-

385 2308 484 2377 δῆς
514 2308 755 2378 φθόγγος
807 2310 948 2380 πρὸς
997 2310 1090 2366 τὸν
1133 2311 1236 2384 τῆς
1285 2315 1514 2384 πρώτης
1565 2314 1853 2386 ἐπίτριτον
1891 2317 1980 2370 ἀεὶ

387 2400 706 2471 εὑρίσκεται
737 2399 880 2471 ἔχων
907 2401 1089 2470 λόγον.
1126 2403 1370 2474 Δευτέρα
1398 2405 1458 2458 δὲ
1500 2407 1794 2476 συμφωνῖα
1827 2408 1978 2462 ἐστὶν

385 2493 420 2558 ἡ
479 2491 748 2562 ἡμιόλιος,
796 2491 920 2563 ἥτις
976 2494 1072 2547 καὶ
1119 2495 1210 2550 διὰ
1259 2495 1423 2550 πέντε
1477 2499 1691 2566 γίνεται
1746 2499 1976 2570 χορδῶν,

385 2583 510 2656 ἦτοι
553 2585 618 2637 ἐκ
651 2585 766 2640 τῶν
809 2587 986 2656 τριῶν
1027 2587 1124 2642 καὶ
1171 2588 1502 2660 λείμματος.
1535 2591 1978 2662 Συγκρινόμενος

385 2674 576 2742 μέντοι
625 2676 910 2732 κάνταῦθα
957 2681 986 2733 6
1017 2681 1119 2752 τῆς
1171 2683 1438 2752 πέμπτης
1489 2684 1687 2754 χορδῆς
1737 2686 1978 2754 φθόγγος

378 2770 529 2838 πρὶς
559 2769 654 2824 τὸν
707 2771 808 2838 τῆς
859 2772 1087 2842 πρώτης
1147 2774 1468 2842 εὑρίσκεται
1513 2779 1604 2832 ἀεὶ
1647 2778 1788 2847 ἔχων
1817 2779 1978 2844 λόγον

387 2861 662 2928 ἡμιόλιον,
722 2863 955 2932 ΙΙρώτην
1007 2864 1064 2916 δὲ
1121 2866 1323 2938 χορδὴν
1379 2867 1526 2936 λέγω
1592 2869 1828 2923 ἐνταῦθα
1877 2871 1978 2940 τὴν

383 2953 657 3023 τετάρτην
713 2953 814 3022 τῆς
872 2953 1094 3025 πρώτης
1143 2959 1466 3028 συμφωνίας
1495 2959 1599 3030 τῆς
1641 2960 1732 3014 διὰ
1776 2964 1977 3015 τεσσά-

381 3061 522 3116 ρων.
559 3044 730 3116 Κοινὴ
767 3045 878 3116 γάρ
933 3047 1082 3100 ἐστιν
1131 3048 1164 3120 ἡ
1219 3049 1460 3120 τετάρτη
1515 3051 1684 3122 χορδὴ
1731 3053 1839 3108 τῶν
1883 3053 1978 3108 δύο

2079 666 2213 720 ρων,
2237 647 2381 720 ἀρχὴ
2417 647 2474 702 δὲ
2513 646 2612 716 τῆς
2655 645 2746 698 διὰ
2799 642 2987 706 πέντε,
3013 643 3184 714 ἡγουν
3233 641 3382 704 τέλος
3417 641 3514 708 μὲν
3549 643 3638 709 τῆς

2077 740 2394 811 έπιτρίτης,
2434 737 2580 810 ἀρχὴ
2610 737 2666 792 δὲ
2691 737 2789 808 τῆς
2812 735 3087 808 ἡμιολίου.
3121 735 3290 789 Ant-at
3323 735 3448 802 γοῦν
3479 735 3533 788 αἱ
3557 736 3638 789 δύο

2083 833 2398 902 συμφωνίαι
2458 831 2659 885 οὑτωσὶ
2711 830 3134 899 συντιθέμεναι,
3185 827 3402 880 ποιοῦσι
3451 828 3510 880 τὺ
3561 829 3638 880 διὰ

2077 925 2268 977 πασῶν
2297 925 2579 995 ὁμόφωνον
2607 923 2944 994 καλούμενον
2977 923 3146 990 σύστη
3159 939 3256 990 μα.
3289 921 3402 983 Τὰς
3437 921 3532 990 μὶν
3557 919 3640 974 οὖν

2077 1015 2243 1078 ἄλλας
2285 1017 2609 1086 συμφωνίας
2637 1005 2828 1068 ἐατέον
2875 1013 2992 1086 νῦν,
3024 1015 3100 1078 ὡς
3127 1014 3188 1066 οὗ
3221 1013 3367 1068 πάνυ
3409 1031 3488 1065 τοι
3535 1029 3641 1066 συν-

2075 1107 2338 1168 τελούσας
2365 1108 2502 1178 ἡμϊν
2526 1109 2608 1168 είς
2625 1107 2687 1160 τὸ
2707 1107 2880 1173 δείξαι
2901 1107 2961 1160 τὸ
2985 1107 3375 1178 προκείμενον.
3401 1105 3640 1158 Συνίστα-

2075 1217 2164 1254 ται
2195 1201 2382 1271 μέντοι
2429 1199 2525 1252 καὶ
2566 1199 2627 1252 τὺ
2677 1197 2771 1252 διὰ
2808 1198 3002 1252 πασῶν
3050 1198 3342 1267 ὁμόφωνον
3382 1201 3528 1249 τουτὶ
3561 1197 3640 1250 σύ-

2079 1309 2266 1368 στημα
2309 1292 2374 1345 ὲκ
2407 1289 2624 1362 χορδῶν
2664 1289 2790 1360 μὲν,
2817 1291 2938 1361 ἡτοι
2979 1289 3242 1360 φθόγγων
3286 1287 3452 1351 ὀκτὼ,
3486 1288 3642 1342 τόνων

2077 1383 2134 1438 δὲ
2181 1384 2367 1448 πέντε,
2418 1385 2516 1436 καὶ
2568 1382 2894 1458 λειμμάτων
2932 1382 3058 1436 δύο·
3116 1379 3542 1450 συγκρινόμενος
3593 1383 3642 1434 δι

2077 1475 2316 1530 ινταῦοα
2348 1477 2376 1528 ό
2399 1477 2501 1545 τῆς
2533 1474 2732 1546 ὀγδόης
2767 1473 2968 1544 χορδῆς
3008 1473 3146 1544 πρὸς
3175 1473 3272 1526 τὸν
3301 1471 3404 1542 τῆς
3435 1471 3642 1544 πρώτης

2079 1565 2341 1634 φθόγγον,
2397 1565 2723 1620 διπλασίονα
2771 1565 2861 1618 ἀεὶ
2921 1563 3236 1634 εὑρίσκεται
3287 1563 3428 1632 ἔχων
3479 1562 3640 1630 λόγον.

2093 1657 2156 1711 Ἦ
2191 1659 2292 1728 μέν
2333 1675 2417 1710 τοι
2455 1659 2644 1730 πρώτη
2673 1657 2840 1730 χορδὴ
2885 1656 3136 1710 καλεῖται
3179 1657 3342 1727 νὴτη,
3385 1655 3500 1728 ἡδὶ
3539 1658 3643 1710 δευ-

2077 1748 2214 1820 τέρα
2242 1749 2556 1820 παρανήτη,
2585 1751 2619 1820 ἡ
2650 1749 2706 1802 δὲ
2735 1750 2895 1820 τρίτη
2924 1749 3242 1820 παραμέση,
3275 1749 3310 1818 ἡ
3349 1749 3406 1801 δὲ
3433 1747 3642 1816 πέμπτη

2079 1839 2554 1909 ὕπερπαρυπάτη,
2585 1841 2620 1910 ἡ
2649 1839 2706 1894 δὲ
2771 1840 2906 1910 ἕκτη
2943 1840 3268 1912 παρυπάτη,
3297 1841 3330 1912 ἡ
3369 1839 3426 1892 δὲ
3462 1839 3642 1908 ἑϐδόμη

2011 1909 2048 1962 Β
2079 1933 2288 2001 ὑπάτη,
2333 1934 2367 2002 ἡ
2422 1933 2479 1986 δὲ
2535 1933 2698 2001 ὀγδόη
2755 1909 3346 2004 προσλαμϐανόμενος.
3399 1932 3644 1999 ’Ὕστερον

2081 2025 2187 2095 γὰρ
2227 2025 2582 2096 προσελήφθη
2615 2024 2694 2094 τῷ
2725 2024 3042 2096 Πυθαγόρᾳ.
3087 2023 3152 2078 Ἢ
3187 2024 3298 2094 γὰρ
3341 2023 3642 2094 ἀρχαιότρο-

2079 2131 2184 2180 πος
2229 2118 2370 2187 λύρα
2419 2117 2518 2171 τοῦ
2557 2116 2805 2188 Ὀρφέως
2835 2115 3171 2188 ἑπτάχορδος
3217 2111 3313 2186 ἦν.
3358 2114 3482 2168 τῶν
3529 2113 3642 2183 γοῦν

2081 2207 2348 2264 τοιούτων
2393 2209 2606 2280 χορδῶν
2661 2211 2718 2263 αί
2777 2211 2876 2280 μέν
2929 2211 3070 2263 εἰσιν
3127 2209 3298 2275 ὀξεῖαι
3345 2209 3486 2262 κατά
3535 2209 3642 2270 τοὺς

2081 2301 2382 2371 φθόγγους,
2417 2303 2474 2358 αί
2505 2301 2562 2356 δὲ
2605 2301 2851 2376 βαρεῖαι,
2881 2303 2938 2354 al
2964 2301 3022 2354 δὲ
3055 2301 3242 2371 μέσαι.
3281 2302 3390 2354 Καὶ
3439 2300 3636 2368 βαρεῖαι

2081 2395 2185 2464 μέν
2213 2395 2354 2446 είσιν
2403 2396 2459 2449 αί
2489 2395 2716 2460 ὑπάται,
2769 2393 2944 2459 ὀξεῖαι
2987 2394 3046 2447 δὶ
3084 2395 3141 2447 al
3178 2393 3363 2464 νῆται,
3405 2396 3562 2462 μέσαι
3595 2393 3640 2444 δὲ

2080 2487 2138 2540 al
2179 2486 2408 2557 μεταξύ.
2437 2489 2583 2557 Πρὸς
2623 2487 2810 2557 μέντοι
2849 2488 3155 2556 σαφήνειαν
3216 2486 3439 2540 πλείονα
3472 2485 3639 2554 ὲξεθή·

2081 2593 2260 2648 καμεν
2291 2579 2704 2647 γραμματικῶς
2755 2581 2850 2633 καὶ
2891 2579 3093 2632 κανόνα
3134 2578 3486 2648 ὀκτάχορδον,
3513 2574 3640 2630 τοῦτ’

2080 2669 2200 2723 ἐστι
2235 2670 2299 2723 τὸ
2325 2671 2412 2724 δ.ἁ
2435 2671 2624 2724 πασῶν
2651 2670 2940 2741 ὁμόφωνον
2993 2673 3276 2740 σύστημα,
3305 2669 3640 2738 συγκείμενον

2080 2763 2144 2814 ἐκ
2184 2763 2277 2815 δύο
2335 2765 2715 2832 τετραχόρδων
2755 2767 2850 2816 καὶ
2894 2768 3054 2816 τόνου
3099 2763 3242 2826 ἑνὸς,
3281 2763 3406 2833 ἦτοι
3451 2763 3512 2814 ἐκ
3557 2761 3638 2814 δύο

2081 2858 2379 2928 ἐπιτρίτων
2411 2857 2608 2927 λόγων,
2639 2858 2902 2926 ἐπογδόου
2955 2858 3095 2922 ἑνὸς,
3135 2857 3170 2927 ἢ
3219 2857 3420 2926 μᾶλλον
3449 2855 3503 2922 ἐξ
3527 2859 3638 2908 ἑπι-

2078 2947 2266 3018 τρίτου
2323 2949 2441 3012 ἑνὸς
2503 2951 2596 3004 καὶ
2643 2951 2898 3020 ἡμιολίου
2949 2951 3090 3012 ἑνός.
3153 2951 3214 3004 ’0
3261 2951 3370 3020 γὰρ
3413 2949 3638 3017 ἐπόγδοος

2079 3041 2238 3108 λόγος
2289 3043 2701 3113 συναπτόμενος
2731 3041 2810 3115 τῷ
2853 3043 2935 3096 ἐνὶ
2985 3042 3269 3114 ἐπιτρίτῳ,
3311 3045 3458 3095 ποιεῖ
3497 3041 3639 3112 λόγον

383 3215 561 3288 Magia
614 3231 748 3272 vero
785 3228 872 3272 est
925 3233 988 3272 ea
1043 3219 1126 3274 vis
1177 3235 1300 3289 quae
1329 3237 1432 3291 per
1457 3223 1672 3278 medios
1701 3224 1980 3281 (ιωιῃοιιεις
2011 3244 2056 3302 c
2087 3213 2212 3268 dem
2247 3213 2368 3280 ejus
2389 3213 2482 3282 qui
2521 3229 2620 3284 per
2643 3221 2884 3284 quatuor
2912 3213 3000 3280 ﬁt,
3057 3213 3280 3268 initium
3331 3223 3504 3268 autem
3533 3211 3638 3284 ejus

388 3306 634 3362 materia:
685 3316 944 3377 espertes
981 3317 1032 3364 et
1065 3309 1312 3381 ejusdem
1361 3311 1662 3384 participes
1691 3325 1982 3384 operatur.

382 3397 712 3454 Pharmacia
770 3399 1016 3470 denique
1061 3409 1146 3456 est
1205 3401 1289 3456 vis
1327 3405 1492 3458 noxia
1553 3419 1655 3473 per
1709 3405 1894 3460 cibum
1930 3417 1987 3462 et

388 3501 606 3560 potum.
665 3490 988 3560 Eodemque
1015 3494 1178 3548 modo
1213 3493 1362 3548 aliud
1395 3505 1482 3550 est
1511 3497 1862 3567 κακοτεχνία,
1896 3513 1989 3554 ars

389 3581 681 3646 maleﬁca;
713 3590 770 3636 et
796 3583 944 3638 aliud
981 3583 1361 3656 ψευδοτεχνία,
1392 3603 1482 3642 ars
1517 3588 1690 3656 falsa;
1740 3589 1988 3660 itemque

381 3673 536 3732 aliud
567 3683 656 3730 est
685 3675 1096 3744 ματαιοτεχνία,
1127 3691 1215 3732 ars
1249 3677 1445 3734 futilis.
1471 3679 1686 3735 Etenim
1706 3697 1796 3736 ars
1821 3685 1989 3739 male-

393 3769 493 3823 ﬁca
525 3777 609 3821 est
645 3767 1106 3838 praestigiatorum
1136 3809 1151 3834 ,
1184 3769 1558 3825 veneﬁcarum
1589 3783 1644 3828 et
1675 3789 1988 3842 magorum,

389 3859 452 3912 iu
477 3859 743 3914 damnum
771 3859 1058 3915 hominum
1090 3859 1336 3916 inventa.
1373 3864 1475 3917 Ars
1499 3873 1680 3918 autem
1719 3865 1852 3921 falsa
1879 3879 1987 3936 est,

393 3965 516 4020 qua:
543 3947 677 4003 falsa
707 3948 934 4014 indicat,
969 3958 1030 4004 ut
1075 3965 1138 4004 ea
1179 3967 1304 4021 qua:
1339 3955 1532 4010 oculos
1568 3953 1711 4010 fallit
1741 3975 1755 4011 :
1813 3975 1990 4030 παρο-

397 4041 805 4112 φθαλμιστικὴν
827 4041 1003 4098 Graeci
1053 4056 1271 4100 vorant.
1305 4045 1590 4102 Postremo
1606 4065 1696 4122 ars
1733 4050 1905 4108 futilis
1933 4062 1991 4109 et

395 4135 577 4190 inanis
603 4144 689 4190 est
721 4151 844 4206 quae
881 4151 1006 4191 cum
1035 4138 1184 4194 aeris
1215 4140 1574 4206 percussione
1605 4141 1773 4212 perit.

470 4225 748 4281 Summam
775 4227 832 4279 in
868 4225 1064 4294 ﬁdibus
1092 4228 1367 4282 chordam.
1425 4229 1550 4286 llaec
1587 4243 1807 4304 sumpta
1857 4245 1987 4289 sunt

397 4334 462 4372 cx
489 4319 809 4373 concisione
837 4319 1147 4374 harmonici
1179 4323 1408 4376 canonis
1433 4339 1558 4378 cum
1593 4327 1977 4395 exetnplorum

397 4411 766 4482 oppositione.
800 4409 1032 4482 Oportet
1053 4413 1220 4483 igitur
1239 4431 1340 4470 nos
1367 4417 1640 4487 principio
1667 4418 1796 4472 inde
1819 4421 1988 4475 ducto

393 4502 690 4570 explanare
739 4503 866 4564 ista.
910 4513 972 4558 ut
1017 4504 1254 4560 lectores
1289 4508 1638 4578 perspicuum
1680 4525 1864 4565 rerum
1899 4513 1977 4566 in-

2089 3305 2183 3374 qui
2217 3321 2320 3376 per
2341 3307 2608 3376 quinque,
2641 3308 2748 3362 hoc
2779 3318 2885 3370 est.
2935 3318 3246 3364 extremum
3289 3308 3504 3379 quidem
3539 3321 3638 3361 Seso

2089 3397 2386 3468 quitertite,
2429 3399 2762 3470 principium
2809 3415 2940 3455 vero
3003 3401 3438 3470 sesquialterius.
3473 3401 3639 3468 Itaque

2089 3487 2200 3542 duo
2235 3499 2542 3544 concentus
2577 3491 2684 3544 hoc
2729 3498 2894 3560 pacto
2933 3489 3226 3562 compositi
3258 3491 3496 3546 alliciunt
3533 3507 3637 3546 eam

2089 3581 2565 3646 constitutionem,
2591 3599 2757 3654 quam
2787 3599 2884 3653 per
2908 3599 3100 3640 omnes
3130 3599 3428 3639 consonam
3455 3601 3640 3638 nunc-

2089 3685 2245 3746 paut.
2287 3675 2446 3733 Nunc
2472 3687 2655 3733 autem
2689 3687 2918 3735 cancros
2949 3689 3253 3735 concentus
3281 3681 3472 3736 missos
3503 3679 3642 3735 facia-

2093 3784 2239 3834 mus,
2274 3771 2480 3841 quippe
2517 3785 2644 3826 eum
2679 3787 2870 3841 parum
2914 3771 3214 3827 admodum
3247 3773 3548 3829 conducant
3583 3773 3638 3828 ad

2097 3862 2395 3931 pr0posita:
2445 3861 2606 3917 nobis
2661 3863 2988 3932 qua-stionis
3036 3865 3482 3933 explicationem.
3535 3863 3640 3919 Haec

2089 3961 2238 4009 certe
2258 3952 2576 4008 constitutio
2599 3969 2698 4022 per
2717 3969 2910 4008 omnes
2935 3968 3178 4010 consona
3199 3955 3258 4009 ﬁt
3281 3970 3314 4010 e
3329 3955 3536 4019 ﬁdibus,
3553 3953 3639 4008 hoc

2090 4055 2195 4110 est,
2219 4047 2371 4102 sonis
2395 4057 2541 4112 octo,
2558 4047 2804 4118 quinque
2823 4063 2952 4102 vero
2975 4047 3120 4103 tonis
3136 4059 3192 4103 et
3213 4049 3513 4104 semitoniis
3525 4047 3640 4101 duo-

2093 4139 2217 4194 bus.
2237 4138 2419 4195 Sonus
2439 4149 2622 4195 autem
2653 4151 2859 4196 octava:
2875 4141 3095 4196 chordae
3116 4141 3348 4196 collatus
3379 4141 3464 4197 hic
3493 4149 3636 4209 atque

2091 4241 2444 4301 comparatus
2478 4233 2546 4288 ad
2575 4235 2762 4304 prima:
2789 4235 3054 4302 sonitum,
3087 4249 3354 4304 perpetuo
3387 4233 3634 4292 invenitur

2089 4321 2312 4392 duplam
2345 4323 2549 4380 habere
2575 4327 3012 4396 proportionem.
3089 4327 3272 4380 Prima
3305 4341 3436 4381 sane
3455 4325 3630 4380 chorda

2091 4423 2322 4469 vocatur
2341 4425 2490 4482 nete,
2517 4417 2900 4472 acutissimum
2925 4433 3124 4473 sonum
3157 4417 3437 4479 amittens.
3483 4417 3630 4470 altera

2093 4515 2372 4573 paranete,
2395 4509 2555 4564 tertia
2573 4525 2878 4577 paramese,
2929 4510 3119 4579 quinta
3171 4509 3634 4580 superparhypatc.

395 4593 750 4664 telligeutiam
802 4595 1061 4650 habeant.
1123 4597 1438 4676 Coucputus
1497 4603 1682 4672 itaque
1703 4645 1718 4670 ,
1770 4603 1974 4673 quihtts
2007 4591 2050 4646 ί)
2080 4607 2231 4652 seua
2255 4600 2582 4670 parhypate,
2609 4603 2998 4670 gravissimum
3033 4601 3205 4657 edens
3239 4619 3457 4666 sonum,
3479 4615 3638 4657 octava

395 4685 730 4742 harmonica:
757 4687 1181 4744 constitutiones
1207 4692 1597 4762 conﬁciuntur,
1628 4696 1814 4766 plures
1837 4706 1988 4764 sunt,

391 4795 627 4848 quorum
663 4780 876 4850 primus
931 4783 1288 4852 sesquitertia
1341 4795 1448 4851 est,
1496 4799 1736 4858 quatuor
1790 4790 1990 4845 ﬁdibus

391 4883 698 4928 constans:
753 4873 874 4930 hate
911 4891 1040 4930 vero
1075 4891 1142 4930 ex
1181 4877 1402 4933 duobus
1451 4881 1596 4936 tonis
1645 4891 1700 4937 et
1743 4884 1988 4941 limmate

393 4965 567 5034 {quod
609 4975 666 5022 et
691 4967 1047 5024 semitouium
1076 4969 1376 5040 improprie
1403 4975 1651 5046 vocatur)
1689 4979 1984 5033 coalescit:

395 5058 450 5110 in
473 5075 580 5128 qua
597 5076 724 5115 cum
747 5075 914 5116 sonus
930 5071 1138 5130 quartae
1159 5063 1380 5120 chorda:
1401 5067 1685 5120 confertur
1707 5084 1830 5122 cum
1849 5085 1986 5126 sono

393 5151 611 5220 primm,
647 5155 1057 5224 sesquitertiatu
1097 5159 1506 5228 proportionem
1538 5159 1740 5216 habere
1769 5178 1990 5234 compe-

397 5245 560 5297 ritur.
615 5245 908 5302 Secundus
945 5263 1256 5304 concentus
1303 5259 1390 5305 est
1449 5253 1810 5322 sesquialtera
1859 5271 1984 5324 pro-

399 5335 604 5406 portio,
639 5354 762 5407 quae
787 5339 1014 5408 quidem
1039 5357 1070 5396 e
1091 5343 1339 5412 quinque
1373 5343 1569 5400 ﬁdibus
1597 5345 1885 5401 exoritur:
1919 5363 1988 5401 ex

401 5430 584 5485 tribus
611 5431 870 5486 vide-licet
913 5443 973 5488 ct
1023 5435 1340 5490 semitonio.
1415 5435 1552 5492 Hinc
1597 5435 1765 5492 etiam
1817 5455 1990 5494 sonus

401 5525 610 5590 quinta:
627 5524 848 5578 chorda:
863 5537 1212 5595 comparatus
1241 5529 1303 5582 ad
1334 5545 1528 5583 sonum
1557 5529 1745 5600 prima:
1773 5547 1990 5602 semper

409 5616 819 5682 preportioucm
845 5617 1012 5672 habet
1043 5619 1483 5688 scsquialteram.
1541 5620 1776 5674 Primam
1805 5633 1987 5677 autem

405 5705 670 5759 chordam
716 5711 933 5778 appello
983 5711 1087 5764 huc
1121 5711 1174 5764 in
1218 5711 1341 5766 loco
1377 5723 1626 5782 quartam
1661 5714 1820 5784 primi
1860 5731 1989 5768 con-

414 5808 610 5854 centus
637 5803 730 5870 qui
761 5818 854 5870 per
888 5812 1124 5870 quatuor
1177 5803 1255 5856 ﬁt.
1315 5803 1634 5856 Communis
1667 5812 1752 5856 cst
1791 5811 1986 5872 quarta

419 5887 625 5944 chorda
660 5891 898 5948 duorum
935 5903 1306 5950 conccntuutn
1335 5893 1678 5966 primorum,
1713 5894 1836 5948 linis
1865 5893 1986 5964 qui-

2097 4701 2230 4743 Vcro
2253 4705 2412 4744 tonus
2449 4705 2765 4759 assumptus
2785 4711 2802 4761 ;
2821 4711 2849 4746 a
2871 4695 3178 4766 Pythagora
3199 4695 3464 4765 siquidem
3485 4706 3638 4764 postea

2099 4793 2416 4852 assmnptus
2444 4795 2552 4838 est.
2605 4783 2738 4838 Nam
2764 4785 2944 4855 prisca
2981 4786 3096 4857 lyra
3127 4786 3333 4857 Orphei
3365 4805 3428 4843 ex
3463 4795 3636 4857 septem

2099 4872 2430 4926 chordarum
2469 4885 2744 4930 concentu
2783 4877 3092 4932 constabat.
3137 4877 3374 4949 Ideoque
3403 4879 3637 4934 nonnulla:

2097 4963 2416 5035 huiusmodi
2475 4967 2804 5022 chordarum
2855 4969 3034 5039 quoad
3081 4985 3247 5025 sonos
3299 4983 3474 5026 acutze
3513 4981 3634 5032 sunt,

2097 5061 2218 5116 alia:
2263 5077 2475 5131 graves.
2517 5061 2637 5118 alia:
2669 5062 2885 5118 mediae.
2957 5065 3024 5118 Et
3049 5079 3245 5134 graves
3274 5065 3495 5136 quidem
3529 5072 3634 5119 sunt

2098 5151 2330 5224 hypate,
2360 5164 2534 5209 acuta:
2567 5163 2731 5222 neue,
2771 5153 2965 5210 mediae
3017 5173 3149 5212 vero
3203 5158 3521 5230 interiectae.
3569 5155 3632 5210 Ad

2097 5247 2424 5315 ampliorem
2473 5247 2927 5318 perspicuitatem
2994 5251 3354 5317 exposuimus
3409 5251 3632 5305 linearum

2097 5337 2575 5393 demonstratione
2611 5339 2858 5409 regulam
2889 5340 3308 5407 octachordam,
3345 5343 3445 5398 hoc
3473 5349 3562 5401 est.
3583 5353 3634 5393 ex

2097 5429 2300 5498 duplici
2341 5432 2698 5500 proportione
2729 5434 3019 5520 conﬂatagm
3057 5435 3389 5490 concordem
3416 5444 3630 5489 tonorum

2098 5521 2552 5591 modulationem,
2590 5525 2952 5594 compositam
2979 5542 3044 5582 ex
3075 5527 3290 5582 duobus
3317 5523 3632 5582 tetrachordi:

2095 5623 2152 5672 et
2179 5617 2342 5670 unico
2373 5627 2538 5671 tono:
2564 5617 2821 5672 videlicet
2851 5633 2881 5672 e
2909 5619 3128 5674 duabus
3155 5620 3508 5690 sesquitertiis
3528 5633 3627 5688 pro-

2095 5709 2464 5780 portionibus.
2507 5710 2671 5764 unico
2705 5711 3105 5779 sesquioctavo.
3149 5713 3232 5765 vel
3267 5715 3445 5782 potius
3479 5726 3506 5764 e
3531 5723 3624 5762 ses-

2097 5803 2355 5871 quitertia
2375 5817 2480 5856 una
2513 5815 2569 5856 et
2599 5821 2702 5857 una
2721 5804 3100 5874 sesquialtcra.
3121 5803 3254 5858 Nam
3285 5804 3624 5872 sesquiocma

2099 5894 2382 5966 proportio
2407 5894 2658 5964 copulata
2689 5911 2812 5950 cum
2839 5895 3000 5950 unica
3034 5895 3404 5965 sesquitcrtia,
3435 5903 3626 5964 pnpur-
