3748 6560
97 421 181 485 553
928 434 1253 495 SCllULlA
1301 442 1378 500 ΙΝ
1423 447 1609 505 ὃΥΝΕ

1855 454 1950 511 DE
2001 456 2419 518 lNSUMNIlS.
3205 460 3309 526 554

92 541 145 610 β’,
168 539 253 614 καί
299 539 441 591 ἐστιν
477 541 780 612 ἡγούμενος
810 547 840 598 6
882 546 956 612 ις’
985 549 1079 602 τοῦ
1112 558 1181 621 η’.
1220 553 1484 623 Ἐναλλὰξ
1531 559 1623 612 οὖν
1651 568 1698 626 Α
2212 571 2319 625 νοῦς
2717 574 2844 635 ψυχὴ

91 629 270 697 γίνεται
317 629 491 694 λόγος,
541 631 673 685 ὅταν
724 634 896 707 λᾶσης
929 639 1020 691 τὸν
1056 643 1360 710 ἡγούμενον
1391 649 1483 701 τὸν
1523 649 1620 714 ις’,

93 725 171 778 καὶ
209 723 497 796 συγκρίνῃς
528 727 666 796 πρὸς
697 729 792 783 τὸν
825 732 1131 803 ἡγούμενον
1167 738 1260 790 τὸν
1309 739 1373 804 6',
1411 743 1504 794 καὶ
1535 745 1627 796 τὸν
2263 715 2300 804 ί

93 818 321 885 ἑπόμενον
378 819 471 871 τὸν
528 817 580 891 η’
635 823 773 891 πρὸς
820 825 911 879 τὸν
968 829 1237 891 ἑπόμενον
1291 833 1384 888 τὸν
1419 835 1486 891 β’.
1521 839 1629 891 Καὶ
2264 826 2295 888 \

93 818 321 885 ἑπόμενον
378 819 471 871 τὸν
528 817 580 891 η’
635 823 773 892 πρὸς
820 825 911 879 τὸν
968 829 1237 900 ἑπόμενον
1291 833 1384 888 τὸν
1419 835 1486 905 β’.
1521 839 1629 891 Καὶ
2264 826 2295 888 \

91 912 334 964 δείκνυται
375 912 541 966 πάλιν
571 916 776 985 ὁμοίως
795 918 879 973 ὅτι
905 919 965 973 ὃν
994 922 1158 992 λόγον
1181 926 1294 996 ἔχει
1327 929 1356 981 6
1389 928 1464 994 ις’
1489 933 1631 1002 πρὸς
2260 912 2320 944 ί
2693 912 2750 945 \

91 1003 164 1039 sim
191 1001 228 1039 δ’
270 1002 358 1039 ηιλυ
392 1004 561 1039 αι’...λυ
595 1007 705 1039 3....
737 1010 828 1039 ...Α
861 1013 886 1039 λ
911 1018 965 1039 ..ι
987 1015 1125 1039 --ι-
1173 1019 1265 1039 ,ευ
1310 1017 1354 1039 ω
1417 1023 1435 1039 Α
1485 1022 1499 1039 1
2200 992 2314 1039 ὂντα
2651 990 2750 1039 γινό

2228 1007 2314 1038 vra
2651 1005 2766 1050 γινο;
2775 1004 2874 1038 ιενα

90 1003 164 1054 τὸν
191 1001 228 1056 δ’
233 1041 246 1061 .
270 1002 358 1055 τὸν
392 1004 561 1060 αὑτὸν
593 1007 708 1078 ἔχει
737 1010 833 1064 καὶ
860 1013 888 1065 6
911 1018 965 1081 η’
987 1015 1125 1086 πρὸς
1171 1019 1266 1071 τὸν
1309 1017 1374 1089 β’.
1407 1022 1633 1078 Δείκνυ-

94 1112 162 1146 σιν
209 1092 296 1146 οὖν
355 1095 633 1162 ἐντεῦθεν,
667 1101 750 1156 ὅτι
807 1102 867 1156 ὃν
923 1103 1083 1174 λόγον
1135 1107 1250 1179 ἔχει
1280 1111 1310 1164 6
1341 1112 1464 1176 νοῦς
1497 1115 1634 1185 πρὸς

91 1185 254 1256 Ψυχὴν,
302 1185 394 1238 τὸν
445 1189 613 1243 αὑτὸν
641 1192 754 1262 ἔχει
798 1195 866 1249 τὰ
902 1195 1031 1250 ὄντα
1057 1201 1195 1266 πρὸς
1229 1203 1298 1254 τὰ
1325 1205 1590 1273 γινόμενα
1617 1230 1632 1244 ο

92 1281 169 1333 καὶ
196 1279 415 1345 ἐναλλὰξ
465 1283 525 1335 ὃν
563 1284 720 1353 λόγον
760 1287 873 1358 ἔχει
907 1290 1034 1353 νοῦς
1067 1293 1207 1361 πρὸς
1228 1295 1382 1361 ὄντα,
1414 1298 1506 1352 τὸν
1539 1297 1634 1352 αὑ·

89 1374 162 1424 τὸν
183 1371 288 1442 ἔχει
330 1374 480 1445 ψυχὴ
513 1379 650 1448 πρὸς
673 1382 957 1452 γινόμενα.

1808 1078 2162 1146 Προϐάλλει.
2205 1075 2270 1129 Ἦ
2299 1074 2465 1145 ψυχή.

1824 1169 2207 1239 Ἐνοπτρίζει.
2241 1169 2492 1234 Φωτίζει,
2527 1167 2789 1221 διδάσκει.

1814 1263 1962 1332 Πρὶν
1997 1261 2079 1328 τῷ
2133 1261 2338 1328 κοινῷ.
2379 1261 2556 1328 Λόγῳ,
2593 1260 2625 1328 ἢ
2657 1259 2731 1322 ὡς
2758 1259 2847 1312 διὰ
2883 1257 2977 1310 τοῦ
3010 1257 3315 1312 ἐνδιαθέτου

1742 1357 1925 1426 λόγου.

1823 1444 2275 1511 Ἐπιστατικήν.
2306 1445 2379 1498 Ἦ
2407 1444 2481 1508 ὡς
2518 1443 2610 1496 16v
2640 1443 2784 1496 νοῦν.

157 1533 499 1590 Ἀνάπαλιν.
536 1537 648 1591 Kal
684 1539 844 1593 τοῦτο
892 1542 958 1596 ix
1007 1543 1118 1597 τῶν
1169 1546 1266 1599 τοῦ
1319 1544 1631 1602 Εὐκλείδου.
1810 1541 2096 1607 Δύναμιν.
2135 1537 2198 1589 Ὀ
2247 1536 2348 1605 μὲν
2383 1535 2508 1597 νοῦς
2555 1537 2806 1588 κοινωνεῖ
2842 1539 2907 1606 τῇ
2947 1535 3137 1606 λογικῇ
3167 1536 3312 1606 ψυχῇ

91 1627 202 1696 Φησὶ
227 1627 332 1697 γὰρ
380 1627 591 1693 ἐκεῖνος
631 1633 692 1684 ὲν
723 1632 839 1697 τοῖς
861 1634 1046 1698 αὐτοῖς
1068 1637 1216 1707 ὅροις
1248 1639 1342 1693 τοῦ
1369 1641 1632 1707 πέμπτου
1739 1635 1824 1688 διὰ
1858 1634 2025 1702 μέσου
2055 1631 2159 1684 τοῦ
2194 1631 2378 1700 λόγουο
2421 1632 2454 1699 ἡ
2489 1629 2546 1682 δὲ
2571 1631 2764 1700 λογικὴ
2797 1631 2943 1701 ψυχὴ
2974 1636 3224 1686 κοινωνεῖ
3250 1636 3316 1704 τῇ

96 1722 365 1790 στοιχεὶου,
398 1723 485 1776 ὅτι
516 1724 791 1780 ἀνάπαλιν
835 1725 992 1795 λόγος
1031 1730 1150 1784 ἐστὶ
1178 1730 1341 1802 λῆψις
1385 1733 1478 1788 τοῦ
1513 1735 1639 1788 Erro-
1741 1727 2038 1796 αἰσθητικῇ
2065 1765 2079 1790 ,
2139 1723 2234 1777 καὶ
2263 1727 2378 1786 τοῖς
2431 1722 2754 1792 ὀργανικοῖς
2797 1724 3198 1794 αἰσθηττρίοις.
3231 1725 3320 1780 διὰ

93 1817 230 1886 μένου
261 1814 333 1878 ὡς
365 1815 677 1887 ἡγουμένου
709 1818 848 1889 πρὸς
882 1821 943 1874 τὸ
989 1821 1296 1894 ἡγούμενον
1323 1826 1399 1889 ὼς
1427 1825 1637 1894 ἐπόμε-
1753 1815 1918 1882 μέσου
1958 1813 2052 1867 τοῦ
2081 1812 2448 1882 φανταστικοῦ
2474 1811 2804 1882 πνεύματοςο
2837 1814 2868 1883 ὴ
2902 1813 2944 1866 δ’
2973 1810 3040 1868 αὖ
3074 1815 3314 1886 αἰσθητι-

89 1929 176 1962 νον.
208 1909 343 1980 Πρὸς
373 1910 432 1963 δὲ
485 1913 787 1984 σαφήνειαν
833 1914 929 1968 τοῦ
993 1913 1154 1984 λόγου
1209 1917 1516 1974 κείσθωσαν
1567 1922 1633 1974 ἐκ
1667 1917 1708 1974 Β
1738 1905 1808 1975 κὴ
1833 1905 1982 1976 ψυχὴ
2013 1907 2269 1958 κοινωνεῖ
2297 1907 2365 1975 τῇ
2404 1905 2610 1972 φυσικῇ
2635 1904 2724 1957 διὰ
2751 1902 2846 1958 τοῦ
2877 1904 3174 1973 θρεπτικοῦ
3222 1906 3318 1959 καὶ

87 2002 172 2055 τῶν
201 2004 576 2073 προκειμένων
600 2005 853 2076 ἀριθμῶν
882 2008 910 2059 ὁ
941 2014 1015 2073 ις’
1046 2007 1186 2062 καὶό
1215 2015 1290 2078 η’.
1322 2011 1512 2064 Ἔστιν
1534 2007 1628 2066 οὖν
1735 1995 2035 2066 αὐξητικοῦ
2065 1996 2407 2065 πνεύματος.
2452 1997 2592 2067 Φησὶ
2619 1996 2677 2048 δὲ
2706 1996 2803 2050 καὶ
2844 1999 2872 2050 6
2917 1997 3204 2062 Πλωτῖνος,
3234 1997 3316 2050 ὅτι

86 2095 192 2158 ὀις¹
213 2093 541 2165 ἡγούμενος.
570 2098 598 2150 6
624 2097 683 2151 δὲ
727 2105 780 2168 η’
820 2099 1116 2169 ἑπόμενοςο
1148 2101 1246 2154 ἐὰν
1273 2099 1330 2154 δὲ
1367 2101 1627 2172 λάϐωμεν
1735 2091 1927 2162 ὥσπερ
1970 2093 1997 2144 6
2035 2092 2091 2145 ἐν
2122 2091 2374 2161 προφορᾷ
2423 2089 2580 2158 λόγος
2611 2088 2773 2144 είκὼν
2805 2090 2924 2144 ἔστι
2947 2090 3042 2144 τοῦ
3074 2091 3130 2143 ἐν
3169 2089 3315 2160 ψυχῇ

85 2187 158 2238 τὸν
179 2184 222 2256 η’
263 2185 338 2248 ὡς
379 2187 712 2258 ἡγούμενον,
752 2193 854 2247 καὶ
899 2194 1288 2262 συγκρίνωμεν
1338 2194 1502 2249 αὐτὸν
1550 2197 1627 2261 ὡς
1734 2183 1918 2252 λόγου,
1946 2183 2091 2236 οὕτω
2120 2184 2216 2238 καὶ
2253 2183 2288 2253 ἡ
2318 2181 2468 2252 ψυχὴ
2503 2180 2596 2234 τοῦ
2633 2179 2750 2234 V05-

87 2278 193 2348 πρὸς
229 2279 502 2350 ἑπόμενον
550 2281 641 2335 τὸν
679 2289 782 2349 ις’,
837 2285 1048 2351 γίνεται
1080 2287 1110 2338 6
1136 2286 1413 2341 ἀνάπαλιν
1444 2287 1622 2355 λόγος.
1817 2275 2228 2346 Ἀπαγγεῖλαι.
2277 2275 2430 2344 Ᾱῦτῇ
2465 2276 2534 2343 τῇ
2568 2271 2743 2344 ψυχῇ.

83 2371 222 2440 Φησὶν
257 2365 352 2424 οὗν
380 2371 466 2426 ὅτι
500 2372 799 2437 κάνταῦθα,
837 2374 932 2429 ἐὰν
973 2375 1229 2445 λάϐωμεν
1271 2378 1347 2442 ὠς
1375 2379 1623 2449 ἡγούμε-
1811 2365 2012 2434 Ψυκῆ·
2047 2367 2125 2436 Τῇ
2151 2367 2367 2436 λογικῇ-

83 2483 154 2519 νον
201 2466 322 2535 ὅρον
375 2465 476 2536 τὴν
524 2466 727 2539 ψυχὴν,
777 2474 876 2524 καὶ
928 2469 1316 2543 συγκρίνωμεν
1375 2473 1451 2536 ὡς
1489 2473 1626 2543 πρὸς
1819 2458 2156 2526 Ἐκμαγεῒαι
2195 2457 2434 2520 Τύπουςε

83 2561 322 2629 ἑπόμενον
355 2560 449 2615 τὸν
497 2561 655 2628 νοῦν,
693 2563 789 2618 καὶ
814 2564 1014 2633 ὁμοίως
1059 2564 1128 2618 τὰ
1181 2565 1440 2636 γινόμενα
1490 2566 1624 2634 1:96;
1803 2548 1967 2614 Αὕτη
2021 2546 2157 2616 ζωήο
2227 2548 2294 2601 Ἥ
2349 2555 2692 2623 φανταστικὴ
2732 2554 2830 2606 καὶ
2884 2552 3006 2606 κατ’
3060 2551 3313 2622 αἴσθησιν

81 2655 294 2720 etwa,
329 2655 543 2721 γίνεται
581 2656 611 2708 δ
639 2657 910 2711 ἀνάπαλιν
939 2656 1120 2724 λόγος,
1149 2657 1242 2711 καὶ
1271 2656 1426 2711 οὐδὲν
1462 2654 1626 2731 ἦττον
1736 2640 1872 2712 ζωὴ.
1926 2641 1994 2694 δι’
2043 2636 2111 2714 ἧς
2157 2642 2527 2712 κοινωνοῦμεν
2558 2646 2674 2708 τοῖς
2725 2645 2966 2714 ἀλόγοις.
3023 2646 3056 2716 ἢ
3111 2643 3315 2713 μᾶλλον

81 2749 371 2818 εὑρίσκεται
401 2748 499 2803 καὶ
535 2749 709 2811 οὕτως
749 2747 946 2817 ἀληθὲς
981 2749 1042 2801 :6
1063 2748 1171 2818 ,ὑφ’
1202 2750 1364 2820 ἡμῶν
1392 2749 1628 2804 ἐνταῦθα
1737 2735 1770 2803 ἦ
1804 2732 1948 2788 κατά
1976 2734 2101 2797 τοὺς
2133 2733 2336 2798 ὕπνους
2361 2737 2612 2808 ἐνέργεια
2638 2737 2733 2790 τοῦ
2767 2735 3136 2804 φανταστικοῦ
3149 2736 3316 2790 mw"

81 2840 188 2909 περὶ
214 2839 426 2893 τούτων
459 2840 536 2904 ὡς
567 2840 784 2911 ἀξίωμα
813 2840 1224 2912 προτιθέμενον.
1738 2839 1932 2893 ματοςσ

1808 2915 1918 2968 Καὶ
1951 2914 2023 2969 ἐν
2074 2914 2343 2981 ἰδιότητι.
2413 2917 2642 2987 ὐρᾶται
2694 2919 2803 2990 γὰρ
2864 2918 3046 2983 ξδικῶς
3103 2921 3158 2972 ἐν
3199 2923 3311 2984 τοῖς

1733 3005 1974 3073 λογικοῖς
2000 3005 2180 3070 ζώοις.

1796 3099 2188 3166 Αίσθητήρια.
2253 3098 2460 3168 ’Δφανῆ
2497 3100 2588 3152 καὶ
2611 3102 2865 3169 κρείττω,
2895 3103 2963 3154 δι’
3001 3094 3075 3156 ὧν
3118 3103 3214 3156 καὶ
3244 3102 3310 3155 τὰ

143 2997 548 3065 Ἀξιούμενον.
580 2995 1076 3067 Δογματιζόμενον.

135 3092 285 3160 Ἔχει
313 3089 510 3160 ψυχή.
558 3091 648 3154 Ὠς
695 3092 755 3144 ὲν
801 3090 978 3161 τούτῳ
1025 3091 1104 3162 τῷ
1144 3091 1407 3162 σχήματι.

73 3269 275 3310 numero
312 3254 368 3309 8.
397 3255 537 3326 Ergo
568 3253 760 3310 ordine
780 3255 1090 3311 alternatim
1134 3265 1344 3311 mutato
1376 3257 1624 3313 occurrit
1648 3261 1693 3324 ο
1729 3269 1947 3328 postera
1974 3261 2137 3327 ratio,
2183 3272 2239 3316 et
2278 3260 2639 3316 nihilominus
2682 3253 2966 3317 inm-nitur
3008 3263 3174 3319 etiam
3231 3265 3304 3318 ita

75 3350 366 3420 proportio,
398 3359 758 3420 posteaquam
811 3349 1114 3418 sumpseris
1151 3365 1440 3406 numerum
1473 3358 1626 3405 ante.
1735 3369 1927 3406 verum
1973 3353 2026 3408 id
2065 3354 2212 3423 quod
2247 3369 2276 3408 a
2309 3355 2468 3409 nobis
2517 3354 2606 3409 his
2655 3355 2721 3409 de
2755 3355 2918 3410 rebus
2969 3358 3310 3427 propositum

69 3443 338 3498 cedentem
359 3441 444 3508 16,
469 3450 526 3497 et
555 3442 960 3511 comparaveris
985 3456 1112 3496 cum
1145 3457 1377 3498 numero
1403 3451 1624 3498 antece-
1731 3455 1836 3505 est,
1865 3444 2015 3498 velut
2049 3445 2265 3499 axioma
2295 3454 2350 3500 et
2380 3447 2820 3516 pronuntiatum.

69 3535 213 3591 dente
236 3535 269 3590 4
296 3576 324 3603 ,
365 3544 422 3590 et
471 3543 908 3604 consequentem
942 3533 974 3588 8
1013 3549 1138 3589 cum
1167 3544 1538 3604 consequente
1571 3532 1622 3589 2.
1805 3533 2184 3589 Constitutum.
2215 3535 2609 3606 Praescriptnm
2645 3546 2750 3590 est.

67 3628 218 3683 Etiam
249 3641 456 3683 rursus
503 3625 916 3682 demonstratur
945 3625 1112 3681 simili
1142 3625 1330 3693 modo,
1361 3635 1420 3682 ut
1462 3643 1625 3697 quam
1807 3624 2034 3679 Premit.
2067 3625 2274 3697 Nempe
2298 3627 2501 3681 anima.

69 3721 214 3777 habet
254 3720 688 3794 proportionem
723 3734 988 3774 numerus
1025 3718 1087 3774 16
1134 3719 1203 3774 ad
1245 3734 1534 3775 numerum
1572 3721 1626 3784 4,

67 3815 291 3870 eamdem
335 3811 505 3869 habet
532 3812 703 3868 etiam
731 3812 1048 3867 numerusS
1082 3812 1150 3866 ad
1188 3812 1243 3866 2.
1278 3812 1418 3868 Hinc
1464 3813 1629 3884 igitur

68 3905 250 3962 indicat
277 3917 334 3962 et
355 3905 604 3962 ostendit
631 3903 778 3976 quod
813 3921 975 3976 quam
999 3905 1266 3960 rationem
1295 3915 1350 3960 et
1395 3920 1629 3975 propor-

74 3999 248 4053 tionem
284 3999 458 4054 habet
495 4012 649 4052 mens
684 3997 752 4051 ad
800 3996 1038 4052 animam
1066 4038 1080 4060 ,
1121 3997 1371 4054 eamdem
1423 3997 1630 4054 habent

72 4103 124 4143 ea
171 4108 284 4159 qua:
316 4107 515 4147 revera
554 4091 830 4146 exsistunt
886 4090 952 4144 ad
988 4105 1052 4145 ea
1091 4106 1213 4161 quae
1258 4091 1396 4146 fiunt
1424 4102 1478 4147 et
1503 4108 1630 4146 eve-

70 4182 242 4247 niunt;
272 4195 329 4237 et
364 4185 678 4238 alternatim
714 4183 908 4238 ordine
961 4193 1168 4239 mutato
1197 4227 1212 4248 ,
1269 4200 1432 4254 quam
1465 4185 1630 4241 habet

68 4276 321 4329 rationem
368 4291 526 4330 “tells
559 4276 623 4330 ad
655 4291 719 4329 ea
746 4290 867 4346 quae
921 4290 1112 4345 revera
1161 4276 1452 4341 etsistunt,
1481 4291 1629 4330 eam-

66 4365 172 4420 dem
200 4365 368 4420 habet
398 4364 579 4419 anima
613 4365 680 4418 ad
719 4381 784 4419 ea
815 4379 934 4434 qua:
972 4362 1109 4417 ﬁunt
1134 4363 1488 4418 eteveniunt.

127 4458 195 4510 Ac
224 4465 575 4526 prwpostere.
625 4455 692 4510 Et
744 4455 889 4510 istud
921 4471 952 4510 e
995 4454 1219 4526 scriptis
1255 4455 1500 4510 Euclidis
1529 4456 1629 4510 de-

60 4556 361 4616 promptum
418 4556 524 4603 est.
582 4547 672 4602 Ait
728 4545 876 4600 enim
932 4547 988 4600 in
1041 4549 1159 4602 suis
1212 4547 1630 4604 definitionibus

1812 3715 1878 3770 Et
1912 3717 2206 3772 illuminat.
2240 3718 2486 3774 Illustrat
2519 3735 2583 3774 ac
2613 3718 2796 3775 docet.

1805 3809 2130 3878 Priusquam
2184 3827 2274 3864 eas
2313 3811 2690 3865 communioni.
2723 3809 2967 3874 Rationi,
3003 3809 3087 3865 vel
3118 3809 3310 3882 utique

1736 3916 1835 3970 per
1863 3901 2130 3955 rationem
2158 3911 2338 3954 mente
2375 3909 2720 3970 conceptam.

1817 3991 1904 4046 Vis
1930 3993 2096 4046 animi
2131 3994 2478 4046 moderatrix.
2506 3993 2604 4048 Vel
2637 3993 2827 4062 utique
2865 4009 3041 4049 mens.

1816 4083 1929 4138 Vis.
1966 4083 2119 4139 Mens
2149 4086 2524 4139 communicat
2553 4100 2677 4139 eum
2708 4085 2959 4139 rationali
2993 4085 3175 4141 anima
3209 4101 3308 4157 per

1736 4179 2162 4250 interjaeentetn
2193 4178 2460 4234 rationem
2489 4196 2502 4232 :
2543 4188 2598 4233 at
2630 4178 2910 4233 rationalis
2941 4180 3122 4234 anima
3152 4195 3308 4236 com-

1737 4269 1984 4324 municat
2006 4284 2132 4325 cum
2163 4269 2450 4335 sensitiva,
2478 4277 2534 4324 et
2572 4283 2697 4323 eum
2735 4269 3011 4339 organicis
3031 4269 3306 4326 sentiendi

1734 4361 1985 4430 partibus
2015 4401 2028 4427 ,
2063 4377 2160 4432 per
2190 4360 2431 4415 medium
2489 4369 2545 4414 et
2604 4359 2993 4428 interpositum
3051 4361 3306 4430 spiritum

1735 4453 2175 4523 phantasticum.
2202 4453 2418 4508 Rursus
2435 4453 2619 4507 anima
2639 4453 2902 4508 sensitiva
2937 4455 3310 4509 communicat

1733 4561 1859 4599 eum
1890 4533 2128 4600 naturali
2167 4560 2270 4614 per
2319 4544 2535 4610 alendi,
2593 4545 2916 4615 vegetandi,
2957 4545 3304 4616 augendique

61 4637 223 4704 quinti
258 4638 551 4703 elementi,
590 4636 798 4692 Ordine
844 4637 1065 4693 inverso
1089 4637 1340 4694 eamdem
1396 4655 1626 4710 propor-
1661 4629 1704 4685 ί)
1734 4638 2016 4706 spiritum.
2046 4637 2137 4692 Ait
2164 4634 2334 4708 porro
2360 4638 2634 4701 Plotinus,
2658 4637 2803 4707 quod
2842 4639 3306 4707 quemadmodum

61 4729 254 4785 tionem
288 4747 354 4786 ae
394 4731 664 4786 rationein
689 4747 812 4787 esse
846 4731 1180 4801 sumptionis
1209 4733 1623 4802 consequentis,

59 4828 113 4872 ut
132 4823 536 4885 antecedentis,
578 4821 720 4876 facta
742 4822 1153 4892 comparatione
1172 4822 1238 4877 ad
1267 4823 1625 4886 antecedens,

59 4921 112 4966 ut
141 4913 206 4968 ad
241 4929 618 4984 consequens.
652 4913 759 4968 Sed
795 4913 862 4967 ad
894 4914 1340 4984 perspicuitatem
1366 4925 1420 4969 et
1444 4916 1630 4983 expla-

63 5009 332 5061 natiOnem
360 5005 530 5076 hujus
569 5007 800 5061 rationis
837 5016 1116 5075 ponantur
1143 5022 1173 5060 e
1205 5007 1501 5075 propositis
1529 5024 1628 5060 rtu-

58 5097 233 5163 meris,
271 5114 543 5153 nnmerus
579 5097 645 5152 16
675 5105 730 5154 et
763 5113 1032 5153 numerus
1068 5099 1121 5153 8.
1173 5097 1270 5152 Est
1320 5099 1486 5168 igitur
1519 5115 1622 5152 nu-

56 5202 228 5242 merus
259 5191 329 5243 ili
388 5191 741 5253 antecedens,
791 5199 847 5244 at
877 5189 910 5243 3
951 5206 1314 5259 consequens.
1351 5189 1505 5256 Quod
1575 5190 1619 5243 si

57 5294 312 5336 sumanus
359 5297 651 5336 numerum
702 5281 734 5336 8
788 5293 1045 5351 tanquam
1097 5282 1537 5343 antecedentem,
1567 5294 1622 5336 et

56 5385 433 5439 comparemus
481 5374 656 5442 ipsum
711 5375 862 5428 velut
890 5375 954 5427 ad
987 5385 1415 5442 consequentem
1445 5373 1528 5436 l6,
1563 5377 1622 5427 tit

57 5463 240 5518 ordine
277 5464 499 5518 inverso
532 5466 832 5535 proportio.
866 5466 958 5520 Ait
980 5481 1111 5536 ergo
1143 5465 1236 5520 hic
1261 5480 1480 5534 quoque
1519 5483 1532 5520 :
1563 5465 1618 5519 Si

59 5568 338 5609 sumamus
361 5556 516 5610 velut
554 5558 972 5612 antecedentem
1007 5557 1298 5610 terminum
1332 5557 1567 5610 animam
1614 5595 1628 5619 ,

59 5655 108 5696 et
133 5661 522 5716 comparemus
577 5657 834 5718 tanquam
868 5648 933 5701 ad
989 5660 1417 5718 consequentetn
1474 5666 1626 5702 men-

63 5747 184 5803 tem,
218 5737 479 5792 similiter
495 5740 658 5792 etiam
689 5754 752 5794 ea
773 5756 895 5809 qua:
923 5742 1059 5792 linnt
1085 5750 1141 5794 et
1174 5740 1438 5794 eveniunt
1462 5741 1527 5795 ad
1561 5757 1624 5798 ea

64 5841 175 5896 qua:
209 5842 406 5881 revera
440 5831 735 5892 exsistunt,
782 5829 1029 5883 occurrit
1065 5843 1326 5884 conversa
1371 5838 1426 5884 et
1486 5847 1624 5902 pra:-

385 5922 651 5982 Pnnoe.
699 5926 818 5983 (in.
865 5923 1144 5984 CXLIX.

1732 4731 1788 4785 in
1821 4730 2210 4785 enuntiatione
2257 4731 2438 4784 oratio
2463 4731 2672 4801 efﬁgies
2729 4745 2793 4785 ac
2823 4731 3177 4785 simulacrum
3221 4743 3307 4787 est

1728 4825 1965 4877 rationis
2013 4839 2136 4892 qua:
2185 4834 2274 4878 est
2325 4823 2378 4890 ip
2414 4823 2634 4887 anima,
2687 4823 2760 4876 ita
2813 4823 2979 4876 etiam
3010 4825 3193 4877 anima
3223 4834 3306 4878 est

1729 4917 1907 4987 imago
1937 4915 2160 4972 mentis.

1803 5008 2115 5075 Manifesta;
2140 5007 2340 5076 fecerit.
2378 5007 2484 5077 Ipsi
2515 5008 2734 5060 animm.

1802 5100 2074 5154 Primaria
2107 5102 2272 5153 animi
2307 5109 2480 5169 parte.
2517 5099 2740 5152 Scilicet
2787 5097 3062 5153 rationali.

1800 5190 2086 5261 Imagines.
2123 5191 2284 5261 Typi,
2318 5191 2505 5244 fortine
2529 5199 2584 5244 et
2613 5189 2926 5244 simulacra.

1807 5280 1922 5336 i'ita
1956 5284 2086 5336 liwc.
2125 5281 2496 5343 l’hantastica,
2531 5289 2587 5334 et
2614 5280 2794 5350 quoad
2825 5280 3099 5336 sentiendi
3129 5281 3301 5338 facul-

1729 5382 1895 5427 tatem
1928 5375 2061 5437 vita,
2097 5390 2193 5443 per
2227 5388 2388 5444 quam
2417 5372 2889 5426 communicamus
2915 5389 3038 5427 cum
3073 5374 3301 5429 rationis

1727 5467 2080 5536 expertibus;
2103 5468 2186 5522 vel
2206 5467 2388 5536 potius
2405 5466 2546 5520 actio
2565 5466 2791 5535 spiritus
2812 5466 3307 5538 phantasticisl‘luaa'

1725 5557 1871 5628 viget
1903 5559 2048 5614 inter
2088 5559 2496 5614 somniandum.

1798 5649 1865 5704 In
1904 5652 2227 5721 proprietate
2259 5659 2489 5705 natura“.
2532 5650 2762 5706 Videtur
2793 5651 2939 5707 enim
2982 5652 3210 5708 seorsim
3241 5653 3298 5708 in

1726 5741 2059 5795 animalibus
2095 5740 2306 5796 ratione
2341 5742 2645 5795 utentibus.

1797 5832 2056 5890 Somnum
2089 5851 2312 5905 organa.
2345 5832 2590 5890 Obscura
2610 5843 2663 5889 et
2693 5836 3024 5904 potentiora,
3053 5851 3151 5908 per
3179 5851 3300 5907 qua

2788 5930 2860 5992 18
