3818 6552
216 449 298 510 531
1062 435 1388 499 SCIIULIA
1432 437 1512 497 IN
1558 437 1948 500 SYNESIUM
1992 437 2088 496 DE
2129 431 2562 494 INSOMNIIS.

3307 431 3413 497 558

210 560 412 631 ’ῥήτωρο
450 551 665 622 δηλοῦσι
696 551 751 606 δὲ
799 551 958 606 τοῦτο
993 554 1088 608 καὶ
1147 555 1198 608 οἱ
1254 552 1397 608 οὕτω
1457 569 1569 614 πως
1605 549 1742 620 ἱεροὶ
1771 557 1818 610 Α
1919 547 1994 602 Τὸ
2021 545 2130 615 γὰρ
2159 545 2544 615 ἑγκαρπίσαι.
2576 539 2761 595 Θέλων
2793 541 3148 613 παραστῆσαι
3188 542 3272 598 ὅτι
3315 547 3418 599 οὐκ

216 648 611 717 ἐπιγραφόμενοι
637 648 782 714 λόγοι
814 647 1005 703 αὐτοῦ.

283 741 552 811 Ἀγωγήν.
584 742 695 811 Τὴν
724 742 935 796 ἄνοδον.

269 835 382 888 PAO.
412 833 529 886 I35.
565 832 921 887 ‘Axovaa'tw.
953 834 1119 904 Ζήτει
1165 834 1384 887 ἐκεῖνα·
1425 835 1607 902 σιωπᾷ
1632 832 1742 903 γὰρ

212 917 373 986 οὗτος·
407 923 466 976 οὐ
501 922 610 991 γὰρ
633 921 780 988 λέγει
811 923 986 976 ταῦτα
1021 923 1314 995 ολόκληρα.

270 1016 333 1069 Τὸ
361 1015 628 1069 ἔνδοθεν.
660 1015 770 1084 Τὴν
802 1014 1226 1085 ἐνυπάρχουσαν
1252 1015 1486 1088 δύναμιν
1514 1034 1746 1086 γνωστι-

212 1115 319 1182 χήν.

278 1205 422 1271 Ἔῆς.
464 1203 556 1256 Ἐκ
575 1203 677 1270 τῆς
710 1203 843 1268 ἰδίας
870 1205 1178 1275 ὲνέσπειρε.

283 1298 506 1362 Ἀλκής.
536 1297 857 1366 Δυνάμεως.

267 1388 585 1452 εὐμοιρίαν.
635 1387 791 1439 Ἐπεὶ
813 1387 1025 1455 γίνεται
1049 1390 1181 1461 παρ’
1211 1391 1392 1463 ήμῶν.

269 1481 458 1543 'Orap.
495 1479 588 1530 Ἐκ
621 1479 730 1530 τῶν
761 1481 1008 1550 ὀνείρων.

267 1566 362 1636 ⁷11(
396 1571 819 1638 ἐνεκάρπισεν.
854 1569 1026 1639 Οὗτος
1051 1577 1151 1645 μὲν
1181 1579 1246 1632 ἐκ
1270 1578 1408 1634 Θεοῦ
1441 1580 1594 1649 λέγει
1618 1582 1747 1645 τοὺς

209 1665 424 1735 ὀνείρους
460 1665 654 1736 ἥκειν·
691 1668 721 1718 ὁ
754 1668 810 1720 δὲ
853 1669 1233 1742 Ἀριστοτέλης
1297 1673 1400 1728 οὐκ
1428 1672 1569 1732 εἴναί
1610 1693 1746 1746 φησι

207 1755 265 1806 τὰ,
285 1752 496 1806 ἐνύπνια
548 1754 895 1826 θεόπεμπτα.
939 1759 1002 1812 Ei
1051 1762 1159 1831 γὰρ
1196 1758 1359 1833 ἦσαν,
1419 1761 1571 1837 ᾣησὶ,
1629 1767 1747 1822 θεό-
1803 1777 1807 1780 ’

208 1863 423 1916 πεμπτα,
452 1847 770 1914 ἐπέμποντο
824 1850 891 1902 ἂν
925 1853 1109 1920 μόνοις
1156 1855 1272 1917 τοῖς
1305 1856 1474 1927 ἀρετῇ
1515 1858 1741 1925 συζῶσι,

207 1939 426 2008 καὶπερὶ
453 1938 521 1992 τὰ
549 1938 673 1993 θεῖα
703 1941 1127 2012 ἀσχολουμένοις
1152 1961 1167 1976 ·
1217 1947 1356 2001 ἀλλὰ
1401 1949 1499 2002 νῦν
1551 1949 1746 2019 βλέπο-

209 2049 292 2100 μεν
313 2034 388 2085 ὅτι
433 2033 526 2085 καὶ
561 2032 763 2100 φαῦλοι
816 2049 963 2096 τινες
1003 2035 1286 2107 ἄνθρωποι
1339 2041 1436 2095 καὶ
1491 2043 1745 2110 ἀμαθεῖς,

211 2123 324 2191 μήτε
343 2123 492 2189 λόγον
522 2123 752 2188 εἰδότες,
784 2123 924 2195 μήτε
953 2126 1178 2198 ἀρετὴν,
1219 2129 1411 2198 ὁρῶσι.
1445 2131 1746 2201 Συμὸαίνει

207 2215 297 2283 γὰρ
321 2217 407 2267 καὶ
427 2216 711 2279 τοιούτους
740 2218 891 2280 τινὰς
935 2219 1319 2290 εὖθυονεὶρους
1351 2222 1496 2276 εἶναι
1542 2224 1746 2294 μᾶλλον

205 2307 292 2360 τῶν
316 2308 555 2376 χρηστῶν
574 2307 669 2360 διὰ
687 2307 786 2378 τὴν
816 2308 912 2363 τοῦ
937 2310 1192 2380 σώματος
1213 2313 1534 2382 εὐκρασίαν.
1553 2315 1747 2382 ’Δσύγαι

205 2413 318 2468 χυτα
344 2398 441 2469 γὰρ
460 2391 608 2451 οὗτοι
635 2399 902 2464 πολλάκις
930 2403 1266 2471 φυλάττουσι
1291 2406 1362 2458 τὰ
1387 2406 1498 2459 τῶν
1529 2407 1748 2460 θεαθέν-

204 2503 293 2541 των
327 2487 510 2540 εἴδωλα
567 2489 666 2542 καὶ
697 2490 1010 2561 τυπώματα
1068 2492 1165 2545 τοῦ
1218 2495 1614 2562 φανταστικοῦ,
1671 2489 1748 2547 ὧν

205 2579 302 2631 ἔνια
323 2579 600 2650 ἀληθεύειν
645 2582 960 2651 συμϐαίνει.
1000 2583 1366 2654 ’Λπαγορεὺει
1398 2587 1498 2655 μὲν
1529 2585 1622 2639 οὖν
1649 2589 1746 2638 καὶ

215 2672 562 2743 Ἀριστοτέλης
595 2673 696 2728 καὶ
735 2674 925 2727 πολλοὶ
959 2675 1070 2728 τῶν
1122 2675 1229 2740 ἔξω
1289 2675 1597 2746 φιλοσόφων
1627 2677 1744 2729 ’ἐτεο

205 2781 276 2834 ροι
326 2765 703 2836 θεοπέμπτους
766 2762 910 2820 εἶναι
980 2769 1110 2831 τοὺς
1182 2767 1452 2838 ὀνείρουςο
1509 2762 1648 2822 εἶναι
1698 2768 1746 2821 δ’

203 2853 280 2911 οὖν
305 2859 416 2911 τινὰ
437 2859 601 2928 φύσιν
643 2860 918 2929 δαιμόνων
949 2861 1047 2930 τὴν
1079 2861 1188 2914 τῶν
1229 2861 1355 2913 καθ’
1381 2859 1584 2923 ὕπνους
1615 2879 1745 2930 φαι-

202 2950 412 3018 νομένων
465 2952 770 3022 κυριότητα
825 2950 1081 3021 ἔχουσαν,
1132 2951 1292 3005 τοῦτο
1339 2952 1398 3006 δὲ
1436 2952 1744 3007 συντίθεται

205 3041 397 3112 ῥαδίως.

200 3213 432 3284 ptiosum,
467 3230 569 3271 nec
603 3231 637 3270 a
684 3216 788 3271 llde
819 3217 1058 3272 alienum
1113 3217 1302 3273 fuerit.
1353 3218 1496 3274 Ante
1550 3233 1744 3274 omnes
1768 3240 1815 3304 ο

201 3303 440 3362 Aristides
467 3317 662 3362 orator
696 3308 752 3362 in
779 3324 972 3362 eorum
1010 3325 1245 3365 numero
1279 3311 1578 3366 ascribitur
1613 3329 1628 3364 :
1662 3313 1744 3365 in-

200 3396 362 3452 dicant
411 3400 512 3455 hoc
539 3401 950 3471 quodammodo
979 3416 1147 3456 sacrae
1176 3402 1299 3471 ejus
1330 3403 1477 3457 hunc
1522 3402 1578 3458 in
1622 3419 1744 3458 mo-

199 3491 309 3545 dum
333 3493 602 3563 inscripta:
637 3495 936 3550 orationes.

260 3582 533 3642 Institutio.
562 3587 693 3642 llaec
723 3590 810 3641 via
844 3603 1066 3644 accessu
1095 3586 1354 3643 difficilis.

261 3679 462 3732 Audiat.
505 3680 600 3733 Illa
638 3679 880 3749 inquirat
904 3691 959 3734 et
988 3680 1404 3751 iuvestiget;ea
1438 3679 1641 3751 quippe
1673 3679 1746 3734 si-

199 3765 348 3823 lentio
378 3773 769 3840 praetermittit,
807 3787 985 3842 neque
1018 3773 1227 3842 integra
1263 3772 1476 3828 recitat.

257 3857 427 3916 Semen
466 3865 722 3918 interius.
769 3865 990 3919 lnsitam
1030 3865 1368 3936 intelligendi
1421 3866 1744 3936 potentiam.

259 3954 368 4012 Sua:
402 3959 634 4014 virtutis.
673 3959 880 4015 lusevit
906 3978 936 4014 e
964 3975 1085 4014 sua.

270 4047 494 4104 Virtutis.
530 4051 822 4106 Potentiae.

263 4139 604 4198 Felicitatem.
637 4143 1092 4214 Quandoquidem
1123 4144 1375 4199 exoritur
1402 4159 1430 4197 a
1453 4142 1636 4198 nobis.

255 4230 390 4287 Inter
415 4236 817 4290 somniandum.
849 4237 930 4291 Ab
959 4235 1092 4306 ipsis
1122 4236 1352 4291 somnis.

252 4321 362 4379 Sua:
391 4328 602 4380 uirtutis
653 4327 856 4396 fructus
899 4328 1210 4398 participem
1243 4328 1394 4398 facit.
1428 4326 1478 4382 Is
1521 4324 1743 4396 quidem

195 4418 371 4470 asserit
401 4419 614 4472 somnia
651 4433 682 4472 a
710 4417 821 4473 Deo
849 4418 1168 4487 procedere,
1199 4418 1524 4474 Aristoteles
1560 4427 1745 4473 autem

195 4509 262 4562 ait
287 4511 553 4567 insomnia
603 4527 714 4567 non
744 4525 864 4567 esse
898 4527 928 4566 a
957 4512 1070 4566 Deo
1099 4513 1260 4566 missa
1295 4527 1310 4565 :
1344 4510 1399 4566 Si
1433 4511 1578 4565 enim
1608 4551 1626 4577 ,
1663 4511 1748 4564 in-

1848 639 2068 694 ἔλαττόν
2098 639 2302 690 ὲστιτδ
2327 635 2620 706 τυγχάνειν
2679 633 2776 688 τοῦ
2828 633 3148 704 μανθάνειν,
3198 638 3264 690 ὲκ
3319 654 3418 690 πε-

1851 730 2097 800 ριουσίας
2144 728 2314 797 λέγει,
2367 727 2451 780 ὅτι
2503 725 2601 778 καὶ
2648 724 2811 777 πλέον
2842 723 3014 790 ἐστὶν,
3047 725 3134 776 ἵνα
3191 725 3294 778 κᾶν
3322 725 3418 780 τοῦ

1847 823 1966 876 ἴσου
1991 823 2151 894 τύχῃ.

1917 939 2248 1002 Φαντασία.
2297 937 2385 992 Ἐν
2416 937 2598 1002 ἄλλοις
2629 937 2731 1007 μὲν
2756 937 2864 991 τῶν
2889 937 3111 1008 βιϐλίων
3139 938 3418 1008 γράφεται

1847 1034 2027 1106 ζωήνο
2057 1035 2116 1086 ὲν
2138 1034 2320 1096 ἄλλοις
2343 1033 2401 1086 δὲ
2427 1032 2597 1100 ζωῆς.
2631 1031 2780 1084 Ἔδει
2804 1031 2914 1101 γὰρ
2965 1032 3038 1100 ἀμ
3051 1031 3256 1104 πρότερα
3308 1035 3422 1084 κεῖ-

1847 1125 2011 1179 σθαι·
2067 1123 2156 1176 διά
2185 1124 2247 1176 τὸ
2296 1121 2558 1192 φορτικὸν
2603 1121 2664 1175 δὲ
2717 1120 3002 1190 ἐσιωπήθη
3050 1120 3109 1172 τὸ
3139 1121 3220 1175 ἓν.
3261 1120 3421 1174 Τίθε-

1843 1234 1938 1270 ται
2001 1215 2060 1268 δὲ
2116 1215 2178 1267 τὸ
2215 1213 2273 1267 ἓν
2328 1213 2389 1276 ἐξ
2459 1211 2813 1282 ἀμφοτέρων,
2865 1205 2979 1264 οἷον
3027 1213 3094 1265 ἄν
3152 1230 3238 1276 τις
3291 1212 3418 1281 βού-

1846 1309 2028 1361 λοιτο·
2090 1306 2364 1376 λαμΰάνει
2411 1305 2470 1357 δὲ
2523 1303 2728 1368 ἔξωθεν
2771 1303 2868 1356 καὶ⁵
2908 1302 2970 1356 τὸ
3005 1303 3192 1374 ἕτερον
3241 1303 3417 1357 ἐλλει-

1845 1397 2080 1461 πτικῶς.

1916 1516 2072 1583 Πρὸς
2104 1515 2266 1580 τούς.
2297 1514 2434 1568 Οὐδὲ
2465 1514 2574 1567 τῶν
2635 1513 2938 1567 ἐλαττόνων
2999 1511 3189 1566 καλῶν
3236 1512 3422 1568 αὐτῶν

1769 1644 1776 1651 ο
1846 1609 2146 1675 ἀξιοῦνται.

1919 1699 2274 1754 Γινώσκειν.
2307 1699 2518 1762 Αὐτοὺς
2548 1699 2674 1764 τοὺς
2697 1689 3144 1769 δοξοσοφοῧντας.
3285 1745 3312 1766 κ

1931 1794 2423 1862 Ἀποκηρύκτοις.
2445 1795 2837 1861 Αἰγυπτιακῶν
2869 1794 3036 1847 θείων
3059 1794 3421 1865 προσταγμά-

1779 1908 1820 1962 B
1847 1904 1975 1940 των.

1916 1979 2000 2032 Οὐ
2029 1977 2283 2033 θυσιῶν.
2316 1978 2385 2031 Ἦ
2409 1976 2483 2039 ὡς
2507 1976 2569 2029 οὺ
2602 1979 2782 2046 χρεία.
3117 1987 3162 2000 ’ί

1925 2071 2060 2125 Τάδ⁴
2091 2073 2428 2141 ἀθύρματα.
2447 2070 2683 2138 Παίγνια
2715 2072 2824 2140 γάρ
2857 2072 2985 2128 εἱσι.

1914 2165 1979 2217 Οἱ
2038 2162 2126 2218 δέ.
2174 2165 2237 2217 οι
2291 2162 2380 2214 διὰ
2451 2161 2657 2214 θυσιῶν
2722 2163 2819 2215 καὶ
2883 2165 3128 2234 ὲντόμων
3207 2184 3428 2238 προφη-

1848 2265 2120 2313 τευοντες.

1920 2364 2144 2435 Τέχνης
2165 2366 2302 2436 μέν.
2331 2367 2550 2431 Ταύτας
2565 2367 2715 2437 λέγει
2741 2368 2807 2434 ἃς
2839 2371 3031 2441 μάγων
3062 2372 3258 2444 ῐυγγας
3275 2375 3420 2431 ἀνυ-

1848 2460 1990 2526 τέρω
2045 2463 2280 2530 εἰρήκει,
2340 2461 2549 2531 μάγους
2595 2463 2696 2529 μὲν
2750 2463 2988 2528 καλέσας
3033 2466 3161 2530 τοὺς
3213 2469 3422 2534 ταύτας

1848 2550 2138 2616 ἀξιοῦντας
2191 2553 2566 2621 ἐργάζεσθαι*
2603 2556 2803 2623 ἵυγγας
2861 2557 2918 2610 δὲ
2974 2559 3074 2621 τὰς
3127 2559 3420 2630 διαφόρους

1848 2651 2066 2717 τέχνας,
2114 2650 2239 2702 ὅσαι
2301 2649 2598 2714 πολυειδῶς
2651 2651 2738 2704 διὰ
2788 2650 2990 2706 θυσιῶν
3041 2655 3137 2708 καὶ
3175 2657 3421 2728 ὲντὸμων

1839 2742 1936 2792 ’ὲκε
1950 2741 2080 2804 ίνοις
2111 2741 2485 2796 ἐπετελοῦντο.

1922 2853 1988 2907 Τί
2015 2849 2151 2910 οὖν.
2183 2855 2248 2908 Τί
2274 2853 2388 2921 οὖν,
2415 2858 2604 2928 φησὶν,
2627 2842 2852 2924 ἄτοπον,
2877 2859 2961 2912 ὅτι
2994 2859 3158 2929 σοφὸς
3174 2858 3252 2913 ῶν
3275 2862 3304 2914 ὁ
3329 2877 3422 2914 σο-

1849 2947 1971 3014 φὺς,
2018 2949 2112 3001 καὶ
2149 2948 2314 3002 πλέον
2345 2951 2442 3004 καὶ
2473 2951 2734 3005 ἐπέκεινα
2765 2951 3003 3023 ὑπάρχει
3041 2955 3141 3024 τῆς
3173 2954 3421 3024 κοινότη.

1848 3055 1961 3105 τος,
2004 3040 2098 3093 καὶ
2121 3041 2265 3094 κατὰ
2295 3041 2483 3094 τοῦτον
2521 3043 2588 3096 ἂν
2613 3043 2706 3096 τὸν
2733 3045 2932 3115 τρόπον
2961 3047 3172 3114 γένοιτο
3213 3048 3375 3117 σοφός
3401 3065 3418 3111 ;

1848 3217 1974 3267 rent
2010 3211 2267 3282 istudque
2300 3215 2580 3269 communi
2624 3230 2898 3272 consensu
2947 3218 3107 3273 facile
3135 3221 3422 3278 statuitur.

1927 3304 2084 3359 Nam'
2113 3304 2438 3374 fructuosum
2485 3307 2722 3362 reddere.
2767 3309 2907 3362 Ante
2963 3311 3156 3366 oculos
3203 3323 3425 3367 nostros

1850 3398 2127 3468 subjicere
2159 3401 2336 3470 voles,
2368 3399 2514 3453 haud
2550 3399 2738 3455 minus
2782 3415 2905 3456 esse
2942 3402 3162 3472 assequi
3197 3413 3254 3458 et
3281 3405 3426 3460 obti-

1848 3506 2004 3556 nere,
2032 3507 2194 3561 quam
2223 3492 2455 3555 discere,
2491 3507 2558 3546 ex
2588 3493 2889 3548 abundanti
2939 3494 3073 3550 dicit
3115 3495 3236 3566 plus
3263 3512 3422 3564 esse;

1848 3591 1912 3636 ut
1941 3582 1996 3636 id
2026 3583 2175 3652 quod
2200 3591 2287 3638 est
2313 3583 2526 3653 aequale
2555 3595 2945 3655 consequatur.

1919 3673 1982 3728 In
2011 3675 2347 3744 phantastica
2386 3676 2518 3729 vita.
2550 3673 2607 3730 In
2633 3677 2960 3746 quibusdam
2991 3661 3426 3747 librisfscriptum

1848 3773 1935 3822 est
1961 3763 2129 3834 ζωὴν,
2157 3767 2326 3820 vitam
2350 3782 2364 3832 ;
2399 3769 2454 3821 in
2476 3767 2600 3823 aliis
2632 3768 2800 3839 ζωῆς,
2820 3769 2968 3826 vita.
2993 3769 3254 3840 Oportuit
3278 3774 3426 3826 enim

1849 3869 2150 3930 utrumque
2183 3860 2468 3926 collocari,
2498 3862 2593 3916 sed
2621 3871 2846 3932 pr0pter
2875 3864 3222 3921 insolentiam
3253 3883 3425 3922 unum

1847 3951 2114 4006 subticuit
2157 3966 2174 4006 :
2217 3967 2411 4008 verum
2460 3954 2689 4023 ponitur
2724 3957 2961 4011 alterum
3005 3973 3073 4013 ex
3120 3960 3426 4023 ambobus,

1847 4045 2010 4114 quale
2035 4045 2159 4115 quis
2181 4045 2421 4100 voluerit
2443 4063 2458 4101 :
2480 4047 2649 4100 sumit
2669 4057 2853 4102 autem
2884 4049 3228 4106 extrinsecus
3259 4053 3424 4108 etiam

1847 4136 2080 4190 alterum
2115 4136 2384 4192 defective

1916 4228 2176 4282 Adversus
2211 4245 2318 4284 eos.
2350 4229 2451 4295 Qui
2473 4244 2656 4299 neque
2688 4229 2824 4300 ipsis
2854 4228 3160 4286 minoribus
3189 4234 3414 4303 praecla-

1846 4323 1924 4375 ris
1957 4321 2122 4375 rebus
2148 4321 2297 4391 digni
2329 4332 2645 4378 censentur.

1916 4411 1974 4466 Si
2000 4414 2076 4468 ita
2098 4412 2419 4484 intelligant.
2447 4414 2526 4468 llli
2557 4413 2660 4486 ipsi
2683 4415 2775 4485 qui
2801 4415 3060 4487 Opinione
3092 4427 3251 4473 tenus
3291 4430 3422 4474 sunt

1849 4507 2145 4577 sapientes.

195 4599 321 4669 quit,
371 4619 401 4657 a
442 4603 552 4658 Deo
593 4603 721 4657 data
753 4613 962 4668 essent,
1000 4604 1357 4658 mitterentur
1384 4605 1646 4658 duntaxat
1677 4604 1740 4656 ad
1775 4617 1822 4675 υ
1920 4590 2050 4665 Qua:
2080 4601 2371 4670 repudiata:
2397 4609 2520 4654 sunt
2545 4601 2610 4654 ab
2636 4601 2885 4657 oraculis.
2919 4601 3114 4658 Divina
3145 4602 3426 4676 Egyptia-

193 4704 280 4747 eos
314 4695 401 4762 qui
447 4711 573 4749 cum
605 4695 808 4749 virtute
840 4703 896 4748 et
945 4693 1070 4748 vita:
1112 4693 1424 4764 integritate
1475 4709 1748 4749 commer-

196 4781 325 4837 cium
353 4784 575 4848 habent,
611 4795 668 4840 et
714 4785 860 4838 circa
904 4798 995 4837 res
1033 4783 1248 4838 divinas
1280 4793 1645 4854 occupantur.
1679 4783 1749 4838 At

197 4888 328 4929 nunc
353 4877 616 4946 quosdam
642 4875 896 4931 videmus
920 4875 1260 4931 facinorosos
1286 4876 1537 4930 homines
1565 4884 1623 4931 et
1649 4876 1752 4930 im-

196 4967 405 5033 peritos,
435 4983 536 5023 nec
563 4969 812 5024 doctrina
839 4983 940 5022 nec
963 4968 1164 5023 virtute
1192 4969 1450 5038 praeditos
1475 4967 1748 5024 insomnia

195 5055 390 5114 videre.
417 5059 702 5130 Contingit
731 5060 881 5114 enim
919 5067 978 5113 ut
1014 5059 1153 5114 tales
1185 5060 1330 5114 inter
1359 5059 1749 5114 somniandum

199 5149 427 5216 probatis
457 5153 587 5207 viris
621 5153 733 5208 sint
761 5152 1033 5207 feliciores
1063 5152 1134 5204 ob
1159 5166 1476 5220 prosperam
1501 5151 1750 5220 corporis

198 5239 549 5298 valetudinem
597 5251 652 5299 et
687 5243 1038 5314 temperiem.
1077 5242 1155 5296 llli
1190 5242 1393 5312 quippe
1422 5241 1624 5297 crebro
1651 5240 1753 5294 mi-

202 5329 333 5386 nime
357 5335 581 5389 confusa
620 5349 805 5390 rerum
849 5336 1267 5390 observatarum
1305 5343 1522 5400 spectra
1567 5343 1752 5388 custo-

200 5420 364 5488 diunt,
392 5436 446 5480 et
471 5425 775 5495 phantasia:
799 5426 1118 5492 simulacra,
1154 5426 1448 5494 evenitque
1481 5433 1748 5480 uteorum

201 5517 443 5570 nonnulla
463 5519 603 5572 seria
619 5533 858 5588 veraque
881 5519 1011 5572 sint.
1037 5516 1272 5572 Proinde
1293 5525 1454 5587 negat
1475 5515 1753 5591 A’ristote-

202 5601 275 5657 les
297 5614 348 5660 et
372 5609 682 5674 complures
701 5611 792 5664 alii
813 5609 1026 5664 externi
1048 5625 1112 5664 ac
1135 5608 1422 5663 smeulares
1445 5607 1752 5677 philosOphi

203 5709 229 5747 a
256 5712 503 5769 supremo
534 5702 758 5757 numine
791 5703 957 5757 missa
1001 5716 1124 5756 esse
1161 5699 1466 5764 insomnia;
1495 5713 1620 5753 esse
1652 5700 1756 5767 igi-

205 5797 286 5843 tur
328 5797 612 5862 quamdam
664 5797 952 5866 geniorum
1012 5810 1077 5849 ac
1127 5795 1439 5848 daemonum
1496 5801 1752 5845 naturam

205 5879 489 5941 dominium
526 5889 814 5946 habentem
845 5903 1036 5944 eorum
1075 5903 1195 5956 qtne
1233 5887 1286 5940 in
1319 5885 1548 5940 somniis
1585 5899 1754 5954 appa-

1854 4707 1976 4745 rum
1999 4692 2313 4761 prmscripta
2347 4692 2546 4746 innuit.

1925 4782 2120 4836 "ostiis
2151 4799 2274 4836 non.
2308 4782 2464 4848 Quod
2495 4782 2754 4838 videlicet
2789 4787 3092 4840 commodae
3131 4800 3241 4840 non
3287 4787 3423 4843 sint.

1922 4875 2167 4928 Ludicra.
2201 4874 2342 4930 Sunt
2366 4875 2514 4930 enim
2551 4875 2809 4930 ludibria.

1925 4965 2028 5031 Qui
2061 4969 2337 5020 nimirum.
2365 4967 2469 5021 Per
2491 4968 2746 5021 victimas
2801 4979 2857 5022 et
2881 4977 3004 5023 exta
3035 4968 3422 5025 vaticinantur.

1921 5060 2073 5112 Artes
2119 5059 2352 5126 quidem.
2406 5060 2511 5113 Eas
2547 5059 2702 5119 dicit,
2738 5074 2875 5127 quas
2911 5075 3196 5130 magorum
3244 5062 3430 5117 illece-

1853 5149 1982 5204 bras
2010 5166 2171 5218 supra
2213 5150 2553 5218 nuncupavit
2579 5189 2594 5211 ,
2633 5164 2818 5218 magos
2850 5150 3072 5219 quidem
3102 5166 3302 5207 vocans
3331 5169 3428 5209 eos

1853 5243 1946 5312 qui
1996 5257 2104 5295 non
2153 5251 2451 5310 gravantur
2483 5255 2580 5294 eos
2625 5241 2798 5295 illices
2825 5241 2890 5294 ad
2925 5257 3082 5295 usum
3118 5243 3427 5307 adhibere;

1855 5335 2043 5404 iyngas
2069 5348 2200 5388 vero
2231 5333 2366 5386 dicit
2399 5332 2578 5386 varias
2607 5341 2662 5384 ιιι
2688 5332 2932 5387 diversas
2961 5345 3128 5397 artes,
3163 5351 3429 5404 quaecun-

1853 5439 1962 5494 que
1991 5422 2283 5493 multiplici
2317 5421 2512 5486 forma,
2546 5437 2646 5490 per
2670 5421 2922 5478 victimas
2966 5432 3021 5479 et
3046 5437 3298 5479 extorum
3345 5428 3430 5480 iu~

1855 5515 2118 5570 cisiunem
2145 5517 2213 5568 ab
2247 5514 2356 5568 illis
2392 5511 2839 5583 perliciebantur.

1929 5607 2070 5673 Quid
2107 5608 2291 5673 igitur.
2337 5605 2478 5671 Quid
2519 5621 2670 5670 ergo,
2723 5607 2923 5676 inquit,
2967 5605 3268 5662 absurdum
3305 5619 3429 5674 est,

1857 5701 2004 5769 quod
2038 5699 2278 5768 sapiens.
2316 5709 2591 5768 quatenus
2613 5710 2697 5752 est
2719 5699 2962 5768 sapiens,
2993 5701 3158 5755 etiam
3191 5703 3431 5771 amplius

1858 5795 2034 5855 ferat;
2067 5800 2123 5844 et
2155 5791 2296 5844 ultra
2341 5792 2792 5844 communitatem
2828 5793 3232 5863 progrediatur,
3262 5802 3432 5864 atque

1861 5883 2009 5935 hunc
2044 5880 2096 5934 in
2132 5882 2354 5935 modum
2388 5882 2480 5934 liat
2508 5882 2765 5949 sapiens?
