3818 6556
226 363 319 430 ιιι

242 536 245 540 ,
281 480 562 547 Διονέμει.
616 475 849 547 ’θέιοὶως
882 476 1072 551 ὥσπερ
1122 481 1217 534 ἐπὶ
1248 481 1342 535 τοῦ
1367 483 1762 554 είσπνεομένου

218 577 269 629 ἐν
302 571 374 641 τῷ
402 569 546 640 αὐλῷ
579 571 757 641 ἀέρος.
799 570 1097 643 Μονοειδὴς
1137 573 1245 642 γὰρ
1275 572 1373 638 ὢν,
1411 574 1756 628 ποικίλλεται

214 666 291 721 διὸ.
314 664 419 718 τῶν
447 663 577 734 περὶ
601 662 691 716 τὸν
710 663 876 716 αὐλὸν
905 668 1286 736 τρυπημάτων
1330 667 1513 732 ἐξιὼν,
1567 666 1756 732 ὀξύτε-

217 774 297 826 ρος
324 754 686 826 γινόμενος,ῆ
729 754 1055 828 βαρύτερος,
1104 758 1138 828 ἢ
1177 760 1365 830 μέσος,
1420 760 1448 831 ἢ
1485 761 1755 833 ἐμμελὴς,

213 852 239 917 ἢ
268 847 514 918 ἐκμελής.
822 920 825 923 _

274 939 376 994 Kal
404 935 533 994 οἶόν
562 941 741 995 εἰσιν.
779 941 916 1013 Περὶ
958 942 1191 1014 κέντρου
1248 945 1342 998 καὶ
1388 945 1619 1000 εὐθειῶν
1670 945 1754 1000 λέ-

213 1054 330 1103 γων,
359 1034 587 1103 δυνάμει
634 1034 881 1106 ἐμνήσθη
957 1034 1072 1106 ἃμα
1132 1035 1227 1089 καὶ
1271 1036 1473 1090 κύκλου
1516 1039 1549 1108 ἢ
1599 1039 1759 1109 σφαί-

214 1142 321 1195 ρας.
361 1123 649 1177 Ἀδύνατον
677 1124 785 1194 γὰρ
816 1125 1040 1197 κέντρον
1083 1126 1441 1197 ἐπινοηθῆναι
1497 1128 1623 1199 δίχα
1656 1129 1756 1182 κύ-

209 1217 322 1269 κλου
362 1215 687 1286 ἦσφαίρας,
723 1215 916 1285 ὥσπερ
980 1216 1102 1272 οὐδὲ
1150 1218 1372 1283 κύκλον,
1426 1220 1459 1290 ἦ
1522 1225 1757 1293 σφαῖραν

207 1303 321 1362 ἀνέυ
351 1308 599 1377 κέντρου.
637 1308 808 1362 Φασὶν
839 1305 934 1362 οὖν
963 1309 1012 1362 οί
1036 1313 1411 1383 γεωμετρικοὶ
1469 1314 1608 1384 ὅροι,
1671 1316 1755 1369 ὅτι

207 1397 384 1461 κύκλος
439 1398 565 1452 ἐστὶ
604 1400 795 1470 σχῆμα
851 1400 1113 1455 ἐπίπεδον
1164 1403 1271 1457 ὑπὸ
1321 1406 1450 1474 μιᾶς
1481 1408 1754 1477 γραμμῆς

205 1488 606 1560 περιεχόμενον,
638 1489 674 1561 ἢ
705 1490 960 1545 καλεῖται
988 1494 1346 1563 περιφέρεια.
1401 1496 1540 1567 πρὸς
1579 1498 1647 1568 ἢν
1695 1498 1753 1552 at!

205 1587 299 1651 ἀπῖ)
322 1585 413 1637 τοῦ
439 1584 670 1656 κέντρου
712 1587 1163 1656 προσπίπτουσαι
1192 1590 1400 1644 εὐθεῖαι
1432 1591 1545 1644 ἴσαι
1585 1591 1754 1662 ἀλλή-

204 1677 309 1739 λαις
328 1676 455 1731 είσί.
483 1677 716 1749 Κέντρῳ
737 1675 833 1732 οὖν
857 1679 1093 1734 ἐνταῦθα
1131 1683 1228 1735 καὶ
1265 1682 1392 1758 ῥίζῃ
1418 1685 1753 1755 παρεικάζει

203 1769 288 1837 τὴν
312 1767 613 1837 φαντασίαν
637 1783 653 1798 °
682 1771 869 1827 εὐθὲσι
896 1773 954 1825 δὲ
985 1772 1202 1839 κλάδοις
1251 1777 1350 1838 τὰς
1401 1778 1615 1833 ἐκεῖθεν
1654 1778 1752 1833 ὲκ-

202 1858 516 1929 6ιλλομένας
553 1862 824 1932 δυνάμεις
860 1864 1032 1933 αὐτῆς
1076 1867 1208 1937 ἄχρι
1264 1867 1375 1922 τῶν
1433 1871 1750 1942 ὀργανικῶν

201 1949 581 2023 αἰσθητηρίων,
623 1952 821 2024 ὅψεως,
881 1955 1048 2026 λέγω,
1099 1959 1192 2012 καὶ
1232 1958 1429 2030 ἀκοῆς,
1487 1962 1583 2015 καὶ
1640 1962 1749 2014 τῶν
1833 2026 1838 2030 ι

198 2038 352 2094 ἄλλων
380 2040 576 2114 τριῶν,
603 2044 671 2109 ἃς
707 2045 772 2118 δὴ
800 2047 982 2112 πάσας
1026 2049 1158 2119 μίαν
1188 2051 1292 2121 μέν
1348 2067 1483 2122 φησι
1515 2053 1657 2108 κατά
1684 2071 1747 2107 τε

198 2129 250 2182 τὸ
279 2131 496 2201 κέντρον
527 2136 627 2188 καὶ
649 2136 749 2207 τὴν
774 2137 932 2208 ῥίζαν
956 2140 1346 2210 θεωρουμένας
1370 2160 1385 2175 ·
1438 2145 1644 2211 πολλὰς
1691 2147 1750 2201 δὲ

199 2222 320 2275 κατά
342 2224 436 2295 τὴν
463 2227 682 2282 ἐκεῖθεν
716 2231 944 2302 πρόοδον
982 2234 1078 2287 καὶ
1102 2232 1437 2300 ὲξάπλωσιν.
1462 2236 1577 2308 Τὴν
1619 2240 1750 2310 μὲν-

198 2329 270 2369 τοι
297 2318 602 2384 φαντασίαν
633 2320 782 2389 λέγει
817 2324 1007 2393 κοινὴν
1049 2325 1333 2398 αἴσθησιν,
1396 2331 1490 2384 καὶ
1542 2333 1749 2401 κυρίως

198 2408 428 2476 αἴσθησιν
463 2413 566 2465 καὶ
598 2413 912 2486 θειοτέραν.
951 2416 1049 2471 ἅτε
1081 2419 1304 2489 ἀμέσως
1352 2424 1655 2494 ὁμιλοῦσαν
1677 2429 1743 2499 τῇ

196 2500 338 2571 νοερᾷ
371 2500 516 2573 ψυχῇ
544 2519 563 2534 ο
592 2502 988 2576 ζωωδεστάτην
1017 2508 1075 2563 δὲ
1126 2512 1220 2565 καὶ
1278 2514 1596 2585 παχυτέραν
1649 2519 1746 2572 καὶ

196 2598 634 2667 καταχρηστικῶς
664 2599 1082 2676 ὀνομαζομένην
1127 2606 1387 2679 αἴσθησιν
1435 2610 1536 2683 τὴν
1586 2613 1745 2685 ἐνερ-

195 2687 370 2752 γοῦσαν
396 2690 486 2744 διὰ
529 2692 649 2748 τῶν
693 2695 1162 2767 προϐεϐλημένων
1213 2701 1308 2753 καὶ
1334 2705 1740 2774 προκειμένων,

196 2780 277 2832 καὶ
303 2784 645 2854 φαινομένων
675 2786 1079 2860 αἰσθητηρίων,
1101 2790 1424 2862 ὀφθαλμῶν,
1458 2797 1628 2866 φημὶ,
1649 2798 1743 2851 καὶ

192 2867 367 2935 ὠτίων,
392 2874 480 2926 καὶ
505 2874 684 2944 ῥινὸς,
715 2876 809 2930 καὶ
843 2877 952 2931 τῶν
971 2878 1123 2950 ἑξῆς.

252 2963 669 3035 Ζωωδεστάτη,
702 2967 801 3023 Διὰ
820 2971 920 3040 τῆς
951 2971 1304 3043 ὑπερθέσεως
1335 2975 1606 3046 ἐδήλωσεν
1659 2979 1742 3032 ὅτι

193 3053 476 3126 παχυτέρα.

1106 367 1429 430 SCHOLIA
1470 368 1548 429 EN
1588 368 1980 435 SYNESIUM
2024 374 2121 436 DE
2160 374 2585 440 INSOMNIIS.

3331 320 3470 433 sua“

1928 1402 2249 1472 Αἴσθησις.
2279 1405 2592 1475 Παχύνεται
2613 1407 2745 1476 γὰρ,
2770 1408 2853 1471 είς
2880 1372 2942 1462 τὸ
2989 1409 3165 1500 πάχος
3211 1412 3324 1468 τῶν
3372 1416 3432 1471 ἰν
3530 1426 3535 1429 “

1857 1495 2073 1563 γενέσει
2102 1499 2198 1551 καὶ
2240 1499 2422 1572 φθορᾷ
2451 1500 2801 1570 πραγμάτων
2817 1501 3099 1572 χωροῦσα.

1936 1587 2305 1661 Ἠξθειοτέρα.
2319 1592 2420 1645 Ἥν
2436 1596 2807 1662 φανταστικὸν
2825 1598 3041 1664 πνεῦμα
3062 1598 3270 1667 κυρίως
3281 1576 3429 1659 eius:

1940 1679 2001 1735 Ἠ
2026 1682 2279 1752 ἇμεσος.
2319 1682 2421 1738 Ἦν
2448 1685 2710 1757 ἀνωτέρω
2738 1687 2967 1760 πρώτην
2996 1684 3141 1757 eius,
3170 1690 3266 1748 νῦν
3293 1692 3453 1764 ἀμε-η

1830 1830 1833 1833 λ
1858 1791 1950 1839 σος
1976 1775 2199 1843 λέγεται
2225 1777 2528 1847 φαντασία.

1788 1847 1830 1901 Β
1927 1868 2296 1937 Σωματικάς.
2327 1870 2397 1925 Ἢ
2427 1869 2504 1934 ὡς
2540 1870 2610 1924 τὰ
2643 1869 2999 1942 αίσθητήρια.

1936 1959 2281 2031 Τεθεάμεθα.
2316 1961 2423 2016 Καὶ
2447 1961 2485 2017 ἃ
2509 1962 2833 2034 ἀκηκόαμεν
2863 1963 3127 2035 δηλονότι.

1939 2049 2003 2102 '0
2035 2048 2103 2105 δὲ
2136 2050 2443 2119 ψεύδεται.
2478 2052 2580 2106 Διά
2610 2052 2737 2124 τρία
2764 2052 2959 2119 ταῦτα,
2980 2055 3144 2124 φησὶ,
3175 2055 3430 2127 ψεύδεται

1856 2141 1886 2195 ὀ
1911 2139 2209 2211 ὀφθαλμὸς,
2237 2144 2453 2214 πρῶτον
2491 2145 2581 2199 διὰ
2610 2145 2710 2216 τὴν
2742 2145 2908 2215 φύσιν
2956 2147 3068 2200 τῶν
3102 2149 3424 2220 ὁρωμένων,

1855 2229 2044 2305 ὥσπερ
2070 2233 2130 2285 τὸ
2176 2234 2384 2299 ταῶνος
2443 2236 2643 2306 πτερὸν
2704 2241 2847 2292 κατά
2892 2238 2991 2310 τὴν
3030 2240 3221 2295 Δποιὰν
3278 2242 3430 2297 θέσιν

1853 2320 2088 2393 διάφορα
2114 2322 2351 2377 δεικνύει
2381 2325 2451 2378 τὰ
2490 2324 2759 2397 χρώματα
2777 2343 2793 2359 ’
2829 2327 3082 2397 δεύτερον
3105 2329 3186 2392 δὲ.
3218 2330 3311 2386 διὰ
3336 2332 3429 2386 τὸν

1853 2414 1991 2484 ἀέρα
2019 2415 2198 2470 καὶτὸ
2229 2416 2397 2488 ὕδωρ,
2434 2421 2531 2474 καὶ
2556 2419 2618 2472 τὸ
2646 2420 2948 2492 διάστημα.
2973 2424 3083 2477 Καὶ
3113 2424 3245 2494 γὰρ.
3269 2426 3298 2478 ὀ
3328 2426 3428 2494 μὲν

1852 2507 1961 2576 ἀὴρ
1984 2507 2114 2562 ποτὲ
2140 2507 2244 2579 μὲν
2280 2509 2447 2580 ὑγρὸς
2472 2511 2577 2565 καὶ.
2599 2512 2805 2582 παχὺς,
2839 2514 2971 2567 ποτὲ
3004 2514 3063 2567 δὲ
3117 2516 3279 2590 ξηρὸς
3331 2520 3427 2572 καὶ

1850 2596 2084 2662 λεπτός·
2125 2599 2221 2652 καὶ
2241 2599 2303 2652 τὺ
2355 2599 2635 2671 διάστημα
2690 2606 2785 2655 τοῦ
2844 2602 3124 2678 ὁρωμένου
3159 2608 3290 2659 ποτὲ
3327 2606 3449 2676 μὲν..

1852 2686 2048 2758 βραχὺ,
2073 2688 2205 2742 ποτὲ
2229 2687 2289 2742 δὲ
2317 2689 2498 2743 πολύσ
2546 2691 2643 2745 καὶ
2693 2691 2897 2762 τρίτον,
2946 2694 3037 2750 διὰ
3084 2696 3184 2766 τὴν
3230 2697 3449 2751 ἑαυτοῦ-

1850 2779 2178 2850 ἀδυναμίαν.

1928 2871 2220 2926 Ψεύδεται
2272 2873 2395 2929 καί.
2454 2871 2571 2927 Καὶ
2624 2872 2731 2945 γὰρ
2791 2875 2884 2930 καὶ
2953 2876 3137 2943 αὐτὸς,
3173 2878 3360 2948 φησὶν,
3396 2880 3455 2935 ὀ..

1849 2962 2129 3034 ὀφθαλμὸς
2157 2962 2437 3033 ψεύδεται.

1918 3053 2030 3111 Kal
2054 3054 2133 3109 δι’
2150 3049 2260 3112 ὧν.
2290 3059 2361 3111 Ἦ
2385 3057 2462 3124 ὡς
2478 3059 2573 3113 τοῦ
2601 3060 2761 3133 ἀέρος
2782 3061 3003 3147 καὶχτοῦ
3028 3064 3426 3135 διαστήματος.

251 3209 545 3282 Dispensat.
578 3215 951 3275 Consimiliter
990 3228 1156 3292 atque
1192 3221 1246 3276 in
1281 3232 1514 3280 attracto
1546 3241 1646 3296 per
1680 3227 1744 3282 (l-

1884 3215 2141 3289 entiaque
2190 3218 2467 3276 sentiendi
2506 3234 2730 3291 organa,
2764 3221 3050 3277 oculorum
3091 3223 3238 3288 dico,
3277 3225 3431 3281 auri-

191 3302 366 3357 stulam
392 3320 519 3361 aere
545 3325 562 3374 ;
602 3307 895 3366 uniformis
920 3311 1068 3366 enim
1100 3327 1225 3368 cum
1254 3314 1347 3382 sit,
1380 3316 1623 3372 variatur
1651 3336 1749 3390 per

193 3393 322 3449 tibiae
356 3396 632 3454 foramina
678 3402 890 3467 exiens,
940 3404 1156 3459 acutior
1203 3406 1453 3472 effectus,
1487 3420 1582 3465 aut
1618 3428 1745 3483 gra-

191 3488 311 3553 vior,
356 3501 447 3547 aut
493 3493 886 3565 intermediu's,
924 3497 1011 3554 vel
1044 3512 1382 3567 consonans,
1421 3504 1504 3558 vel
1555 3503 1746 3561 incon-

190 3593 379 3636 clonus.

246 3757 313 3811 Ae
339 3771 457 3815 sunt
488 3761 681 3819 veluti.
714 3763 787 3822 De
827 3777 1021 3824 centro
1065 3785 1132 3826 ac
1187 3772 1353 3830 rectis
1382 3774 1543 3830 lineis
1576 3777 1743 3834 verba

187 3846 392 3919 iaciens,
424 3854 640 3910 virtute
668 3867 726 3913 et
757 3868 1030 3927 potestate
1058 3862 1224 3918 simul
1255 3866 1589 3923 mentionem
1617 3870 1746 3925 fecit

187 3940 358 3999 circuli
384 3954 479 4001 aut
529 3948 677 4019 globi
715 3965 732 4008 :
774 3951 1050 4022 siquidem
1111 3955 1230 4012 ﬁeri
1281 3975 1391 4015 non
1455 3974 1636 4032 potest
1685 3975 1745 4022 ut

186 4038 415 4113 centrum
442 4041 833 4098 consideretur
853 4053 911 4101 et
932 4048 1277 4118 excogitetur
1301 4053 1420 4108 sine
1448 4056 1659 4112 circulo
1688 4068 1744 4114 et

184 4124 393 4197 sphaera,
433 4133 902 4203 quemadmodum
949 4139 1188 4197 circulus
1221 4151 1314 4199 aut
1364 4146 1574 4213 spina-ra
1622 4147 1742 4207 sine

185 4227 376 4274 centro.
405 4223 680 4279 Asserunt
708 4226 891 4298 ,igitur
931 4234 1280 4301 geometrica:
1329 4235 1685 4296 deﬁnitiones
1718 4284 1736 4307 .

182 4309 427 4369 circulum
457 4330 583 4372 esse
634 4316 866 4388 figuram
907 4325 1123 4392 planam
1154 4337 1213 4382 et
1242 4327 1407 4384 latam
1439 4332 1542 4387 sub
1574 4334 1736 4393 unica

183 4396 311 4456 linea
337 4405 748 4477 circumactam,
799 4428 923 4482 quae.
968 4427 1197 4471 vocatur
1242 4418 1689 4480 circumferentia
1717 4470 1733 4493 ,

1849 3309 2120 3377 cularum,
2151 3311 2367 3366 narium
2401 3327 2465 3367 ac
2492 3312 2853 3383 reliquorum.

1920 3399 2147 3455 Maxime
2197 3412 2272 3455 est
2306 3401 2579 3458 animalis.
2619 3402 2871 3460 Ostendit
2902 3421 2998 3476 per
3022 3393 3424 3477 superlativum

1847 3491 2075 3561 gradum
2116 3492 2566 3565 imaginationem
2601 3497 2933 3554 crassiorem
2975 3513 3040 3554 ac
3076 3500 3421 3571 pinguiorem

1845 3599 1989 3641 esse.

1918 3673 2143 3734 Sensus.
2178 3676 2314 3733 Nam
2351 3694 2525 3751 usque
2555 3681 2622 3735 ad
2649 3682 3073 3739 crassitudinem
3109 3699 3172 3740 ac
3196 3685 3426 3756 pingue.

1848 3770 2039 3826 dinem
2066 3770 2370 3843 saginatur,
2418 3782 2475 3828 et
2524 3774 2606 3830 sic
2658 3789 2831 3844 capax
2860 3784 2945 3831 est
2978 3792 3161 3833 rerum
3208 3794 3329 3849 quae
3365 3779 3423 3835 in

1847 3862 2199 3932 generatione
2225 3872 2282 3919 et
2305 3866 2660 3935 corruptione
2684 3867 3132 3924 considerantur.
3408 3942 3409 3945 η

1922 3953 2179 4033 Divinior.
2209 3955 2381 4023 Quem
2418 3957 2663 4028 proprie
2705 3959 2967 4029 spiritum
2994 3963 3425 4030 pbantasticum'

1846 4046 2006 4101 dixit.

1915 4140 2262 4196 Immediatus
2292 4158 2494 4197 sensus.
2524 4141 2698 4210 Quem
2744 4160 2912 4217 supra
2947 4148 3185 4218 primum
3235 4149 3424 4210 dixit:

1844 4246 1991 4287 nunc
2023 4232 2374 4288 immediatus
2403 4244 2600 4293 sensus
2629 4236 2836 4292 dicitur
2866 4240 3207 4312 imaginatio.

1917 4327 2072 4393 Quod
2099 4329 2145 4382 si
2171 4342 2351 4384 sensus
2377 4345 2678 4401 corporeos.
2708 4330 2825 4390 Hoc
2857 4346 2944 4392 est
2967 4376 2984 4403 ,
3015 4340 3288 4397 sentiendi
3320 4358 3423 4399 or-

1842 4438 2002 4495 gana.

183 4491 241 4543 ad
265 4510 419 4563 quam
447 4514 574 4569 quae
604 4516 633 4554 a
660 4510 856 4557 centro
884 4504 1165 4563 ducuntur
1195 4510 1353 4566 lineae
1381 4523 1566 4580 rectae,
1597 4491 1740 4574 inter
1772 4543 1827 4598 ο,
1849 4491 1866 4495 ν
1925 4513 2187 4572 Vidimus.
2221 4516 2483 4578 Videlicet
2522 4531 2577 4580 et
2604 4540 2727 4594 quae
2753 4525 3086 4582 audivimus.

181 4598 235 4637 se
250 4599 368 4642 sunt
390 4593 651 4661 arqualcs.
678 4595 913 4652 Proinde
934 4598 1041 4653 hoc
1062 4600 1116 4655 in
1135 4601 1252 4658 loco
1272 4603 1612 4674 phantasiam
1637 4625 1734 4665 seu

183 4673 609 4747 imaginationem
643 4697 833 4744 centro
862 4698 1028 4759 atque
1056 4693 1226 4748 radici
1260 4696 1547 4765 assimilat,
1573 4703 1754 4758 rectis.

178 4777 345 4824 autem
384 4776 557 4830 ramis
601 4787 656 4832 et
706 4779 869 4835 lineis
897 4784 1131 4839 emissas
1174 4793 1230 4840 et
1276 4801 1541 4846 exeuntes
1586 4793 1739 4849 illinc

180 4861 339 4929 ipsius
371 4871 537 4935 vires,
572 4889 743 4944 usque
769 4876 834 4931 ad
872 4894 1068 4934 sensus
1098 4883 1411 4952 organicos,
1450 4885 1623 4953 visus,
1658 4888 1740 4942 iu-

180 4966 350 5019 quam,
377 4961 621 5027 auditus,
644 4972 698 5019 et
726 4966 973 5024 aliorum
993 4971 1181 5038 trium,
1209 4989 1348 5044 quos
1372 4976 1599 5046 quidem
1624 4995 1742 5033 om-

178 5063 268 5103 nes
305 5069 468 5110 uuam
498 5057 745 5127 profecto
783 5061 919 5118 dicit
966 5064 1033 5118 ad
1084 5075 1337 5124 centrum
1386 5071 1742 5143 radicemque

181 5155 415 5208 spectare
445 5165 458 5200 :
488 5150 691 5206 multas
723 5166 854 5207 vero
884 5164 1152 5223 quantum
1180 5159 1247 5212 ad
1293 5175 1636 5232 progressam
1672 5165 1741 5219 il-

179 5231 280 5289 linc
304 5241 765 5309 explanationem.
802 5246 968 5316 Atqui
1018 5231 1465 5319 imaginationem
1519 5270 1742 5311 sensum

183 5338 329 5381 vocat
353 5328 722 5400 communem,
749 5344 806 5391 et
835 5338 1055 5409 pr0prie
1076 5339 1319 5397 divinius
1346 5344 1623 5401 sentiendi
1653 5361 1743 5402 or-

184 5432 393 5488 ganum,
434 5426 693 5482 nimirum
731 5428 1046 5488 immediate
1075 5443 1386 5490 versantem
1421 5451 1547 5492 cum
1573 5438 1745 5494 animi

185 5521 328 5578 parte
364 5532 484 5588 quae
517 5520 895 5593 intelligentia:
926 5537 982 5579 et
1013 5526 1241 5583 rationis
1270 5543 1440 5598 capax
1483 5539 1570 5585 est
1604 5548 1618 5585 :
1646 5531 1741 5587 sed

187 5607 410 5666 maxime
441 5614 753 5680 animalem,
790 5616 1112 5686 belluinam,
1153 5623 1516 5690 crassiorem,
1542 5637 1744 5694 corpu-

186 5693 483 5767 lentiorcm,
515 5715 571 5761 et
599 5708 827 5764 abusive
853 5710 1188 5766 nominatam
1220 5727 1442 5767 sensum
1471 5714 1742 5770 eﬂiciendi

188 5790 238 5844 vi
279 5797 580 5869 praeditum,
616 5814 841 5872 propter
870 5805 1121 5874 opposita
1147 5814 1201 5862 cl
1233 5818 1549 5875 exporrecta
1580 5823 1743 5876 appa-

1914 4604 2140 4678 Deeipit.
2171 4606 2405 4681 Propter
2438 4613 2567 4669 ista,
2594 4618 2722 4682 tria,
2750 4615 2847 4683 ait,
2889 4618 3156 4672 mentitur
3186 4619 3378 4674 oculus
3405 4660 3421 4686 ,

1842 4696 1896 4751 iu
1934 4700 2129 4768 primis
2178 4702 2250 4757 ob
2300 4713 2561 4783 naturam
2587 4724 2783 4763 eorum
2825 4725 2949 4781 quae
2993 4709 3096 4767 sub
3137 4721 3445 4782 aspectum-

1842 4790 2069 4859 cadunt,
2102 4791 2570 4863 quemadmodum
2605 4803 2839 4871 pavonis
2891 4819 3071 4875 penna
3122 4820 3222 4874 pro
3270 4815 3432 4861 certo.

1841 4884 2078 4952 quodam
2127 4886 2233 4940 situ
2291 4887 2589 4947 distinctos
2640 4895 2885 4950 ostendit
2932 4897 3167 4952 colores.
3215 4898 3423 4953 Deinde

1842 4984 2066 5045 propter
2095 4992 2282 5034 aerem
2333 4993 2390 5038 ct
2418 4999 2618 5055 aquam
2648 5025 2664 5049 ,
2702 4994 2759 5040 et
2791 4987 3180 5053 intervallum;
3215 4990 3419 5044 etenim

1842 5084 1936 5124 aer
1958 5070 2182 5140 quidem
2215 5072 2493 5131 interdum
2526 5076 2787 5132 humidus
2819 5086 2903 5133 est
2946 5087 3001 5131 et
3042 5094 3279 5139 crassus.
3315 5082 3421 5136 αίίν

1841 5161 2060 5230 quoties
2086 5178 2217 5219 vero
2246 5167 2426 5223 siccus
2446 5182 2511 5223 ac
2536 5167 2735 5223 tenuis.
2768 5167 2837 5223 Et
2864 5170 3105 5239 spatium
3129 5170 3250 5240 ejus
3267 5173 3415 5241 quod

1843 5254 1947 5308 sub
1977 5267 2262 5325 aspectum
2286 5259 2436 5313 cadit
2467 5276 2862 5330 nonnunquam
2897 5271 2982 5317 est
3010 5262 3266 5333 exiguum
3287 5304 3302 5326 .
3332 5265 3422 5321 in-

1846 5347 2060 5403 terdum
2102 5365 2231 5406 vero
2260 5350 2526 5421 amplum.
2564 5351 2753 5410 Tertio
2782 5364 3010 5425 propter
3046 5371 3202 5410 suam
3237 5356 3419 5429 impo-

1846 5440 2092 5497 tentiam.

1916 5533 2142 5605 Decipit.
2180 5536 2419 5602 Etenim,
2450 5536 2547 5606 ait,
2582 5538 2812 5609 ipsemet
2840 5540 3035 5597 oculus
3079 5540 3238 5609 lallit,
3268 5556 3426 5599 meu-

1849 5626 1982 5681 titur
2018 5643 2080 5683 ac
2115 5626 2337 5699 decipit.
2714 5629 2724 5639 ’

1923 5718 1987 5772 Ιιί
2022 5737 2115 5790 per
2144 5738 2262 5792 qme
2296 5734 2608 5787 cernuntur.
2647 5724 2870 5785 Scilicet
2904 5744 2998 5799 per
3026 5744 3212 5786 acrem
3243 5738 3301 5787 et
3328 5729 3422 5789 iu-

1851 5812 2143 5877 tericctutu
2179 5815 2435 5871 spatium.
