3818 6612
429 385 535 448 567

1641 387 2064 448 NICEl’lIOBI
2100 387 2488 452 GREGORE
3559 387 3644 452 568

433 497 612 566 μόνων
631 496 819 566 ελεγον
855 493 999 550 εἶναι
1025 497 1336 567 διαφοράν·
1379 498 1476 551 καὶ
1509 496 1664 560 θεοὺς
1721 497 1821 566 μὲν
1875 497 2004 550 ὲκά-
2039 502 2080 558 Λ
2109 500 2219 553 τῶν
2251 503 2563 554 κακοποιῶν
2594 501 2931 556 τούναντὲον.
2988 501 3056 554 Ἦ
3085 498 3142 552 δὲ
3193 497 3505 569 ἀνθρωπίνη
3537 518 3646 569 φανο

429 589 556 641 λουν
607 589 736 651 τοὺς
801 588 1080 656 μείζονας,
1137 589 1404 660 δαίμονας
1469 591 1527 643 δὲ
1573 589 1700 652 τοὺς
1753 591 2006 660 ἥττονας.

439 679 500 734 '0
561 679 618 734 δὲ
681 680 939 746 Συνέσιος
1014 682 1147 736 ποτὲ
1209 683 1310 751 μὲν
1366 683 1552 736 δίδωσι
1619 682 1832 744 τούτοις
1897 683 2010 734 δια-

429 771 636 842 φορὰν,
692 772 828 826 ποτὲ
884 774 943 828 δὲ
998 775 1314 846 ἀδιαφόρως
1371 774 1644 846 κέχρηται
1718 775 1834 838 τοῖς
1891 773 2010 827 ὀνό-

432 881 620 934 μασιν.

501 954 696 1024 Ὀλως
727 956 1052 1028 δαιμόνων.
1094 957 1257 1012 Ἀλλὰ
1313 961 1410 1014 καὶ
1455 961 1655 1024 πάντα.
1725 963 1880 1034 φησὶ,
1937 961 2008 1016 τὰ

427 1046 539 1100 τῶν
583 1046 860 1116 δαιμόνων
911 1050 1044 1120 γένη
1098 1051 1167 1104 τὰ
1196 1052 1252 1103 ὲν
1281 1051 1420 1118 τῷδε
1463 1050 1542 1122 τῷ
1577 1053 1768 1123 κόσμῳ
1819 1053 2007 1108 τοιαύ-

427 1155 531 1210 την
591 1139 790 1211 ἔλαχον
842 1141 944 1212 τὴν
998 1143 1168 1214 ζωὴν.
1225 1143 1374 1198 τοῦτ’
1439 1145 1592 1198 ἔστιν
1647 1147 2003 1216 αἰσθητικήν.

427 1233 674 1287 Καθόλου
729 1236 838 1305 γάρ
871 1239 978 1290 εἰσι
1020 1239 1292 1306 φαντασία
1332 1237 1472 1307 μόνη
1502 1240 1690 1294 ἐκεῖνα
1748 1241 1818 1294 τὰ
1845 1242 2002 1312 γένη.

497 1328 639 1382 Καθ’
667 1329 838 1384 ὅλον.
875 1331 1032 1385 Κατά
1067 1333 1169 1402 τὴν
1209 1333 1403 1387 οὐσίαν
1430 1335 1636 1388 αὐτῶν.

495 1413 916 1476 Ειδωλικάτε.
965 1421 1176 1478 Εἶδωλά
1224 1441 1390 1496 φησιν
1437 1425 1475 1480 ἃ
1527 1427 1676 1480 ἐστιν
1733 1427 2005 1496 ἀσώματα

429 1512 552 1582 μὲν,
581 1513 775 1584 ἔχοντα
805 1515 850 1569 δ’
882 1510 975 1570 οὖν
1007 1515 1185 1587 πάχος
1221 1536 1297 1584 τι,
1327 1519 1396 1573 τὰ
1433 1519 1536 1590 μὲν
1589 1521 1835 1584 ἔλαττον,
1863 1521 1930 1575 τὰ
1945 1521 2004 1576 δὲ

427 1597 610 1663 πλέον.
651 1608 868 1662 Ἔοικεν
903 1605 996 1663 οὖν
1018 1612 1045 1664 ὁ
1071 1610 1330 1676 Συνέσιος
1366 1611 1600 1666 ἐνταῦθα
1636 1615 1700 1685 τῇ
1729 1613 2006 1686 Δημοκρί-

423 1714 519 1750 του
550 1701 646 1752 καὶ
671 1699 873 1764 Σέξτου
895 1700 1045 1774 δόξῃ,
1083 1703 1180 1756 καὶ
1221 1702 1404 1758 ἄλλων
1443 1704 1716 1776 Ἐλλήνων
1766 1723 2004 1760 κατακο-

425 1786 663 1842 λουθεῖν.
695 1791 834 1844 Φασὶ
866 1791 978 1863 γὰρ
1008 1795 1213 1848 ἐκεῖνοι
1240 1794 1496 1866 δαιμόνια
1548 1793 1691 1852 είναί
1714 1815 1836 1854 τινα
1873 1798 2004 1870 περί

423 1894 484 1930 τε
509 1877 648 1948 ἀέρα
674 1881 770 1936 καὶ
811 1882 914 1951 γῆν
965 1882 1142 1954 πάχος
1207 1884 1402 1955 ἔχοντα
1453 1887 1556 1956 μὲν
1601 1889 1701 1944 καὶ
1752 1888 2001 1944 σύνθεσίν

425 1987 550 2022 τινα
579 1972 1003 2042 καὶὲμπάθειαν
1025 1991 1037 2005 ·
1064 1975 1275 2032 ἀθέατα
1331 1977 1390 2032 δὲ
1439 1980 1749 2051 ἀνθρώποις
1798 1981 2002 2050 ὀφθαλο

427 2065 551 2131 μοῖς
586 2064 951 2134 ὑγιαίνουσιν,
979 2068 1016 2122 ἂ
1044 2071 1134 2122 καὶ
1164 2071 1360 2124 εἴδωλα
1385 2072 1634 2140 καλοῦσι,
1679 2073 1815 2128 διότι
1866 2075 2002 2128 ἀπο-

426 2155 721 2222 σώζουσιν,
775 2157 956 2232 οἶμαι,
1014 2164 1187 2218 τύπον
1217 2166 1344 2220 τινὰ
1369 2169 1464 2219 καὶ
1494 2168 1871 2238 σκιαγραφίαν
1905 2167 2001 2220 καὶ

424 2251 614 2304 εἰκόνα
645 2253 746 2322 τῆς
771 2256 1076 2328 ἀγγελικῆς
1121 2259 1216 2314 καὶ⁹
1275 2257 1579 2331 ἁῦλοτέρας
1618 2261 1860 2330 φύσεως,
1905 2261 1998 2330 ἀφ’

421 2337 490 2414 ἧς
573 2344 834 2400 ἐκπτωτά
903 2351 1050 2404 εἰσι·
1119 2351 1214 2404 καὶ
1285 2351 1610 2422 δύσφθαρτα
1701 2352 1838 2422 μὲν,
1899 2354 2002 2406 οὐκ

422 2436 682 2508 ἄφθαρτα
705 2439 760 2492 δὲ
790 2441 878 2495 ἀεί
901 2457 915 2476 ·
943 2444 1036 2497 καὶ
1079 2443 1146 2498 τὰ
1175 2444 1275 2515 μὲν
1327 2445 1507 2500 αὐτῶν
1536 2440 1675 2498 εἶναι
1704 2446 2000 2510 κακοποιὰ,

421 2533 492 2583 τὰ
551 2532 608 2584 δὲ
636 2535 972 2601 ἁγαθοποιά.
1011 2537 1429 2607 Προσπελάζειν
1495 2536 1589 2594 οὖν
1632 2557 1768 2607 φασι
1829 2539 2001 2594 ταῦτα

419 2625 534 2684 τοῖς
563 2623 892 2695 ἀνθρώποις,
951 2630 1048 2681 καὶ
1111 2629 1348 2698 μάλιστα
1395 2631 1526 2684 ὅταν
1577 2625 1724 2684 οὗτοι
1794 2631 2000 2684 καθεύ-

422 2715 578 2782 δωσι,
614 2720 708 2770 καὶ
734 2721 1030 2788 προλέγειν
1086 2723 1259 2776 πολλὰ
1309 2723 1418 2776 τῶν
1453 2723 1763 2792 μελλόντων
1788 2741 1802 2756 ο
1855 2727 2003 2794 γίνε-

424 2809 551 2862 σθαι
580 2811 766 2880 μέντοι
806 2813 902 2876 τὰς
926 2813 1184 2878 τοιαύτας
1207 2818 1554 2887 προρρήσεις
1605 2818 1712 2872 ὑπὸ
1745 2818 1848 2888 μὲν
1889 2819 2002 2872 τῶν

423 2903 649 2970 ἀγαθῶν
679 2907 870 2972 σαφεῖς
927 2905 1028 2960 καὶ
1077 2907 1396 2978 προθυμίαν
1451 2909 1730 2976 κινούσας,
1793 2911 1899 2966 ὑπὸ
1945 2912 2002 2966 δὲ

425 3059 658 3116 deorum
693 3078 756 3118 ac
789 3063 1100 3120 dzemonum
1133 3064 1502 3122 diﬂ‘erentiam
1539 3082 1662 3124 esse
1693 3067 1954 3124 dixerunt
1983 3087 1997 3123 :

329 3199 340 3210 .
423 3167 490 3208 ac
542 3152 675 3210 deos
733 3155 956 3226 quidem
1015 3157 1251 3229 majores
1307 3159 1674 3230 appellarunt,
1721 3161 2002 3218 daemonas
2035 3199 2076 3258 ε

425 3255 612 3302 autem
661 3248 976 3305 inferiores.
1030 3249 1136 3306 Sed
1191 3251 1452 3323 Synesius
1505 3253 1801 3328 aliquando
1857 3256 2002 3312 inter

423 3338 550 3394 illos
579 3341 823 3412 assignat
848 3341 1172 3410 discrimen,
1206 3344 1486 3401 interdum
1519 3361 1651 3402 vero
1685 3347 2004 3404 indiﬂ’eren-

421 3433 512 3480 ter
535 3427 709 3483 utitur
735 3429 858 3486 istis
888 3433 1222 3489 nominibus.

501 3519 707 3575 Cuncta
739 3523 1040 3578 drcmonum
1079 3541 1296 3596 genera.
1329 3525 1436 3582 Sed
1473 3527 1657 3582 omnia
1691 3527 2000 3586 daemonum

423 3627 648 3682 genera,
678 3613 878 3682 inquit,
909 3631 1030 3684 qua:
1060 3615 1116 3670 in
1145 3615 1251 3671 hoc
1283 3619 1488 3674 mundo
1515 3632 1828 3691 versantur,
1859 3624 2004 3678 hanc

423 3701 593 3756 vitam
645 3705 840 3757 sortita
891 3715 1038 3770 sunt,
1089 3723 1210 3775 quae
1262 3710 1524 3766 nimirum
1571 3714 1678 3768 vim
1727 3715 2003 3770 sentiendi

425 3793 646 3847 haheat.
684 3795 820 3849 Nam
853 3805 912 3851 ut
945 3799 1262 3853 summatim
1312 3802 1526 3874 loquar,
1575 3805 1666 3860 illa
1697 3806 2002 3864 daemonum

424 3899 626 3953 genera
655 3887 786 3942 solae
813 3899 941 3943 sunt
971 3890 1412 3962 imaginationes.

494 3973 795 4032 Secundum
826 3987 992 4035 totam
1013 3983 1248 4050 ipsorum
1280 3986 1586 4040 essentiam.
1615 3985 1783 4043 Prout
1805 4005 1998 4044 eorum

395 4069 659 4134 ,essentia
691 4082 873 4128 creata
903 4083 1009 4130 est.

493 4163 562 4218 Et
613 4165 936 4236 imaginaria
968 4177 1115 4224 sunt.
1155 4167 1327 4236 idola,
1365 4171 1564 4241 inquit.
1601 4183 1657 4230 et
1706 4174 2000 4248 simulacra

420 4271 544 4326 qua:
575 4265 706 4311 sunt
740 4259 992 4327 corporis
1031 4263 1300 4330 expertia,
1351 4261 1558 4318 habent
1604 4267 1792 4337 utique
1842 4267 2004 4338 quid-

421 4345 568 4413 piam
601 4347 1010 4414 crassitudinis,
1047 4349 1151 4403 alia
1186 4351 1330 4420 plus,
1362 4353 1468 4406 alia
1515 4353 1719 4409 minus.
1765 4353 2002 4410 Videtur

421 4439 608 4508 itaque
651 4440 739 4494 hic
783 4438 1046 4511 Synesius
1081 4441 1375 4498 Democriti
1407 4455 1463 4499 et
1498 4445 1646 4502 Sexti
1678 4448 1994 4517 Opinionem

2117 588 2278 640 τασία
2303 590 2363 640 ού
2393 589 2594 652 κύκλος
2623 589 2800 652 ἐστὶν,
2825 589 2944 642 ἀλλ’
2965 588 3297 660 ἀπορῤήτως
3327 587 3453 650 τοὺς
3477 589 3646 654 τύπους

2115 679 2223 732 τῶν
2254 681 2454 744 ἔξωθεν
2487 681 2817 754 εἰσρεόντων
2839 682 3106 752 δεχομένη
3169 679 3458 732 ὑπόκειται
3511 681 3648 734 καθὰ.

2114 788 2222 840 περ
2254 769 2462 841 βιϐλίον
2486 773 3007 842 ἁναγινωσκόμενον
3034 773 3142 824 ὑπὸ
3174 771 3269 841 τῆς
3297 771 3550 834 διανοίας,
3575 777 3651 824 καὶ

2113 865 2208 918 ἐπὶ
2246 866 2343 932 μὲν
2381 867 2492 920 τῶν
2521 869 2710 937 σαφῶν
2742 870 2838 922 καὶ
2891 867 3136 938 ἐκδήλων
3155 865 3371 924 οἱκοθεν
3398 865 3534 936 αὑτὴ
3551 867 3650 919 καθ’

2113 959 2286 1028 αὐτὴν
2324 960 2589 1022 διδάσκει,
2623 960 2656 1014 ἃ
2687 961 2794 1030 χρὴ
2841 957 3271 1030 προσδέχεσθαι·
3329 958 3421 1010 ἐπὶ
3473 957 3528 1010 δὲ
3561 962 3650 1012 τῶν

2111 1051 2341 1120 ἀσαφῶν
2373 1053 2768 1122 προσκαλεῖται
2798 1053 2892 1106 καὶ
2920 1053 3019 1114 τὰς
3059 1051 3410 1120 διανοητικὰς
3429 1049 3652 1120 δυνάμεις

2109 1143 2210 1214 τῆς
2242 1144 2444 1214 ψυχῆς,
2489 1147 2587 1198 καὶ
2643 1144 2856 1212 γίνεται
2909 1145 3082 1199 οἱονεὶ
3137 1143 3521 1213 βουλευτήριον
3549 1146 3652 1212 περὶ

2109 1235 2220 1288 τῶν
2245 1239 2535 1306 ποιητέων.
2565 1237 2678 1290 Καὶ
2712 1237 2884 1308 γὰρὴ
2933 1237 3170 1300 διάνοια,
3219 1237 3270 1288 εί
3315 1235 3390 1305 μὴ
3429 1233 3528 1288 ἀττδ
3571 1235 3653 1300 τῆς

2113 1328 2418 1395 φαντασίας
2455 1328 2612 1381 λάϐοι
2650 1328 2718 1382 τὰ
2755 1329 3072 1398 σκέμματα,
3107 1327 3208 1381 οὐκ
3241 1327 3360 1396 εχει
3419 1327 3538 1394 περὶ
3573 1329 3652 1394 τὴν

2110 1417 2388 1490 γεννητὴν
2414 1421 2506 1474 καὶ
2529 1423 2770 1491 τρεπτὴν
2797 1421 2906 1473 τῶν
2935 1420 3288 1491 πραγμάτων
3337 1417 3496 1488 φύσιν
3527 1418 3652 1486 ὲνέρο

2107 1529 2170 1580 γε
2179 1513 2268 1567 ιάν
2297 1530 2442 1566 τινα.

2179 1605 2402 1671 Αὐτὴν.
2443 1607 2510 1660 Ἦ
2541 1606 2616 1670 ὡς
2649 1605 2904 1676 δύναμιν.

2191 1696 2253 1752 Ἠ
2271 1695 2403 1765 μεθ’
2424 1695 2660 1766 ἐτέρου.
2690 1697 2760 1750 Ἣ
2784 1697 2860 1762 ὡς
2909 1696 3051 1768 μετὰ
3081 1695 3175 1751 νοῦ
3207 1695 3456 1758 διανοίας
3481 1695 3550 1759 ὡς
3577 1695 3652 1748 ἐπὶ

2105 1789 2166 1842 τὸ
2190 1788 2466 1843 πλεῖστον.

2175 1881 2300 1934 Οὐκ
2343 1879 2799 1950 ἀφαντὰστους.
2863 1879 3026 1936 ’Δλλὰ
3078 1879 3572 1952 ουμπεπλεγμένας
3596 1881 3648 1950 τῇ

2111 1973 2406 2045 φαντασίᾳ.

2183 2069 2253 2122 El
2287 2067 2362 2134 δή
2397 2083 2508 2134 τις.
2543 2065 2731 2135 Χωρὶς
2763 2065 2814 2118 εί
2851 2065 2924 2136 μή
2945 2081 3052 2128 τις.

2195 2162 2293 2214 Ἐν
2317 2159 2550 2229 ἀκαρεῖ.
2587 2161 2762 2212 Ὢσπε
2771 2175 2802 2229 ρ
2817 2160 2868 2212 οί
2905 2157 3039 2212 θεῖοι
3075 2159 3359 2231 προφῆται
3381 2157 3512 2212 καὶὸ
3535 2157 3650 2222 Baio;

2111 2255 2324 2318 Παῦλος
2389 2257 2447 2307 ὲν
2479 2253 2737 2308 ἐκστάσει
2772 2253 3084 2322 γενόμενοι.
3150 2252 3291 2305 Τότε
3345 2251 3456 2322 γὰρ
3501 2252 3648 2314 όνοῦς

2109 2347 2308 2415 τρόπον
2337 2345 2457 2399 τινὰ
2486 2346 2585 2416 τῆς
2619 2344 2754 2415 ὕλης
2787 2345 2894 2412 ἔξω
2920 2347 3239 2414 γενόμενος,
3291 2347 3390 2398 καὶ
3441 2343 3648 2413 ὑπερῦὰς

2109 2441 2170 2492 τὸ
2242 2438 2401 2506 σῶμα
2461 2437 2819 2508 ἀπορῥήτως,
2863 2438 2968 2510 ὁρᾷ
3017 2437 3158 2490 κατὰ
3219 2435 3388 2506 φύσιν
3438 2435 3526 2488 τοῦ
3575 2433 3648 2488 νοῦ

2108 2533 2390 2596 ἀπλανῶς.
2443 2533 2546 2586 Διὰ
2615 2529 2777 2584 τοῦτό
2838 2548 2974 2600 φησι
3031 2531 3126 2584 καὶ
3173 2531 3203 2584 ὀ
3269 2530 3416 2593 θεῖος
3453 2529 3646 2590 Παῦλος,

2118 2621 2264 2682 Οἶδα
2321 2625 2664 2694 ἄνθρωπον,
2709 2625 2831 2678 εἴτε
2907 2624 2976 2678 ἐν
3045 2623 3280 2692 σώματι
3351 2625 3462 2676 οὐκ
3523 2617 3647 2682 οἴδα,

2109 2719 2230 2770 εἴτε
2263 2717 2440 2782 ἐκτὸς
2475 2715 2580 2768 τοῦ
2637 2715 2916 2782 σώματος
2945 2717 3056 2770 οὐκ
3101 2711 3256 2778 οῖδα,
3299 2715 3391 2768 καὶ
3419 2715 3482 2766 τὰ
3527 2713 3644 2782 ἑξῆς.

2193 2811 2296 2865 Ἐν
2312 2809 2525 2878 ἀκαρεῖ
2537 2825 2704 2862 ποτε.
2719 2807 2814 2862 Ἐν
2841 2806 3116 2877 ἀκαριαίῳ
3132 2807 3228 2862 καὶ
3248 2807 3551 2876 datae-tritu)
3573 2805 3644 2856 καὶ

2111 2906 2234 2958 λίαν
2267 2905 2616 2978 βραχυτάτῳ.

2109 3078 2232 3132 quae
2269 3070 2532 3116 eventura
2566 3063 2710 3124 sint;
2745 3061 2861 3118 fieri
2913 3061 3136 3133 quidem
3185 3075 3338 3119 certe
3373 3061 3640 3134 hujusmmli

2111 3152 2496 3222 praedictiones
2531 3167 2560 3207 α
2603 3153 2765 3207 honis
2793 3151 3086 3214 dilucidas.
3114 3161 3172 3206 et
3205 3153 3380 3208 animi
3425 3153 3644 3206 alacrita-

2113 3255 2220 3301 tem
2269 3245 2573 3308 moi'entes,
2601 3245 2695 3300 sed
2728 3259 2756 3298 a
2791 3245 2973 3298 noxiis
3003 3255 3060 3299 et
3091 3244 3314 3301 infestis
3357 3246 3642 3299 contrarias.

2105 3338 2174 3392 At
2211 3337 2452 3392 hominis
2483 3337 2770 3407 phantasia
2803 3352 2909 3391 non
2937 3343 3020 3391 est
3049 3336 3316 3399 circulus,
3355 3337 3446 3391 sed
3479 3337 3644 3388 latente

2105 3429 2341 3501 quadam
2399 3431 2452 3485 vi
2505 3432 2704 3501 figuras
2759 3429 2950 3484 rerum
2997 3431 3345 3486 extrinsecus
3395 3429 3638 3482 ﬂuentium

2105 3523 2386 3592 recipiens
2431 3522 2745 3594 subjicitur,
2781 3521 2924 3576 haud
2962 3537 3124 3576 secus
3176 3530 3346 3592 atque
3397 3519 3640 3587 liber,qui

2104 3615 2174 3670 ab
2209 3615 2572 3686 intelligentia
2597 3615 2796 3685 legitur
2825 3629 2890 3670 ac
2923 3615 3316 3686 perlustratur,
3353 3625 3406 3668 et
3431 3613 3479 3666 iu
3509 3611 3640 3666 rebus

2105 3708 2314 3778 apertis
2343 3717 2398 3762 et
2423 3707 2736 3774 conspicuis
2768 3705 3072 3760 domestice
3107 3705 3220 3774 ipsa
3247 3704 3478 3775 seipsam
3511 3701 3640 3755 docet

2103 3819 2166 3860 ea
2191 3815 2312 3872 ηοω
2331 3795 2622 3854 admittere
2649 3795 2729 3850 fas
2755 3807 2860 3856 est,
2879 3799 2974 3849 sed
3009 3797 3061 3848 in
3093 3795 3345 3849 obscuris
3379 3792 3477 3850 sibi
3506 3789 3637 3846 etiam

2106 3891 2326 3951 ascisrit
2373 3889 2776 3944 intellectuales
2827 3888 3025 3942 animae
3073 3886 3240 3950 vires,
3291 3895 3350 3939 et
3401 3884 3458 3939 tit
3503 3879 3636 3938 veluti

2105 3985 2322 4042 conrilii
2359 3979 2614 4052 captandi
2657 3981 3063 4048 receptaculum
3117 3977 3186 4032 de
3223 3977 3391 4033 rebus
3429 3973 3633 4044 agendis.

2103 4077 2315 4132 Etenim
2363 4072 2724 4140 intelligentia
2757 4071 2862 4125 nisi
2901 4069 2971 4124 ab
3005 4069 3402 4142 imaginatione
3441 4065 3634 4120 medita-

2105 4169 2282 4224 tiones
2333 4173 2639 4224 ιιιυιιιι-ιιιτ,
2689 4179 2798 4216 non
2836 4163 3090 4218 obtinent
3133 4161 3281 4217 circa
3331 4161 3550 4232 genitam
3589 4169 3637 4210 ac

2103 4261 2348 4332 fragilem
2378 4273 2560 4314 rerum
2591 4267 2842 4312 naturam
2871 4257 3040 4310 ullam
3073 4253 3394 4308 eﬂicaciam.

2181 4353 2282 4406 Per
2314 4352 2482 4422 ipsum
2541 4350 2877 4404 Facultatem
2911 4349 3103 4418 utique
3136 4347 3216 4402 vel
3253 4346 3556 4418 potentiam.

2175 4447 2311 4500 Cum
2347 4445 2473 4500 alio.
2523 4445 2580 4499 ιιι
2629 4457 2736 4510 est,
2774 4459 2898 4498 cum
2951 4441 3154 4498 mentis
3207 4439 3548 4510 intelligentia
3589 4443 3633 4488 ut

420 4539 478 4584 et
502 4531 734 4586 aliorum
757 4532 1071 4589 Graecorum
1099 4537 1279 4606 sequi.
1303 4539 1570 4592 Asserunt
1596 4540 1742 4594 enim
1775 4542 1849 4595 illi
1874 4555 1996 4596 esse
2027 4542 2080 4606 ι)
2105 4539 2421 4609 plorimum.

420 4622 670 4692 quaedam
691 4623 958 4680 (iamnonia
979 4628 1125 4681 circa
1156 4637 1353 4682 terram
1383 4639 1436 4683 et
1461 4645 1668 4694 aerem,
1687 4635 1995 4691 crassitiem

421 4717 646 4786 quidem
681 4717 936 4774 habentia
967 4729 1024 4774 et
1053 4725 1588 4793 coagmentationem
1619 4725 1998 4783 affectionem-

421 4825 552 4880 que,
587 4809 840 4866 humanis
883 4813 1058 4868 oculis
1107 4815 1428 4881 invisibilia,
1471 4816 1562 4887 qui
1607 4817 1828 4888 quidem
1876 4822 1996 4876 sani

422 4900 556 4966 sint,
600 4918 722 4974 quae
751 4909 810 4959 et
837 4913 1056 4976 spectra
1085 4916 1308 4970 vocant,
1339 4917 1630 4978 propterea
1667 4913 1813 4980 quod
1843 4913 1996 4968 inco-

420 4997 627 5053 lumem
675 4998 916 5056 retinent
961 5007 1016 5055 et
1047 5012 1398 5066 conservant,
1445 5001 1666 5071 opinor,
1701 5004 1996 5072 quamdam

425 5089 652 5158 liguram
680 5099 737 5145 et
771 5091 988 5146 inanem
1020 5093 1260 5163 speciem
1290 5109 1354 5148 ac
1381 5093 1801 5150 similitudinem
1839 5111 2004 5167 ange-

421 5180 544 5235 lica:
569 5191 624 5236 et
649 5199 679 5236 a
723 5185 951 5240 materia
983 5185 1300 5240 semotioris
1336 5195 1568 5250 naturze,
1599 5200 1664 5240 ex
1711 5203 1818 5256 qua
1852 5189 2002 5258 lapsa

421 5263 578 5340 sunt,
603 5285 660 5331 et
691 5288 958 5348 corruptu
985 5279 1211 5348 quidem
1244 5279 1508 5344 dillicilia,
1538 5279 1632 5334 sed
1662 5296 1769 5334 non
1803 5296 2000 5351 perpe-

425 5375 520 5421 tuo
553 5367 910 5436 immortalia,
941 5385 1132 5424 eorum
1161 5371 1421 5424 nonnulla
1470 5371 1630 5424 noxia
1676 5379 1731 5426 et
1763 5371 2000 5442 maligna

429 5469 581 5523 sunt,
619 5459 724 5514 alia
759 5477 892 5515 vero
940 5460 1207 5518 beneﬁca.
1239 5461 1409 5517 Aiunt
1435 5463 1619 5533 itaque
1649 5463 1840 5517 eadem
1875 5480 2002 5534 pro-

422 5549 551 5620 pius
598 5551 667 5606 ad
706 5554 960 5609 homines
1004 5553 1290 5620 accedere,
1327 5556 1517 5625 eisque
1566 5571 1625 5611 se
1675 5555 1998 5627 adiungere,

422 5643 560 5714 ipsis
585 5646 930 5716 potissimum
959 5646 1385 5715 dormientibus,
1411 5663 1472 5703 ac
1504 5647 1800 5718 praedicere
1828 5649 2000 5706 multa

495 5835 510 5866 ¹
545 5833 590 5890 li
624 5835 752 5891 Cor.
784 5853 879 5900 xu,
921 5839 974 5887 εὶ.

2187 4626 2413 4680 Visionis
2448 4636 2702 4696 expertes.
2745 4625 2868 4696 Sed.
2889 4624 3192 4696 phantasia!
3226 4637 3506 4680 conuean.

2179 4719 2302 4774 Nisi
2330 4719 2613 4789 quispiam.
2648 4717 2760 4773 Hoc
2792 4701 3046 4788 excepto.
3637 4779 3640 4782 λ

2177 4813 2242 4868 In
2268 4815 2481 4868 minimo
2508 4811 2756 4882 temporis
2779 4821 2993 4880 puncto.
3015 4809 3475 4878 Quemadmodum
3494 4799 3629 4860 divini

2109 4907 2408 4976 ρτοιιιιειέε.
2465 4884 2530 4960 ἔω
2585 4905 2745 4960 divus
2807 4905 3036 4968 Paulus,
3089 4903 3380 4972 repentino
3433 4896 3628 4968 quodam

2109 4998 2310 5054 mentis
2363 5011 2587 5052 excessu
2621 5007 2777 5052 extra
2823 5011 2882 5052 se
2917 4995 3081 5066 rapti.
3141 4994 3298 5049 Tunc
3341 4993 3476 5048 enim
3508 4999 3628 5042 mens

2107 5093 2220 5160 ipsa
2255 5089 2660 5162 quodammodo
2691 5099 2844 5144 extra
2890 5087 3180 5143 materiam
3223 5087 3412 5157 posita,
3439 5091 3484 5136 et
3519 5091 3626 5148 pm-

2108 5199 2386 5256 tergressa
2421 5198 2646 5254 corpus,
2689 5183 2906 5238 occulte
2957 5182 3138 5238 cernit
3177 5179 3466 5235 secundum
3505 5179 3624 5268 natu-

2104 5293 2221 5332 ram
2257 5277 2458 5332 mentis
2508 5277 2626 5332 sine
2663 5277 2776 5331 ullo
2804 5290 3014 5331 errore.
3053 5275 3186 5330 Eam
3233 5273 3306 5328 ob
3352 5279 3544 5324 causam
3568 5267 3623 5312 all

2105 5373 2266 5426 divus
2295 5371 2498 5426 Paulus
2517 5371 2532 5400 ¹
2563 5387 2576 5423 :
2612 5369 2732 5424 Scio
2763 5371 3046 5432 hominem,
3077 5369 3183 5423 sive
3213 5369 3270 5420 in
3303 5375 3515 5432 corpore.
3541 5357 3622 5410 ii“

2104 5471 2255 5516 extra
2286 5478 2473 5530 corpus
2507 5462 2699 5525 nescio,
2733 5470 2786 5516 et
2819 5463 3052 5530 reliqua.

2175 5557 2240 5612 In
2274 5559 2488 5610 minimo
2516 5558 2766 5628 temporis
2801 5565 3018 5626 puncto.
3045 5557 3101 5611 In
3131 5553 3366 5615 modico,
3386 5544 3617 5603 continuo.

2104 5651 2218 5706 sive
2257 5650 2363 5705 ulla
2393 5647 2800 5706 intermissione
2828 5648 2971 5704 iacto
3009 5657 3058 5704 et
3101 5645 3432 5702 brevissimo.
