3818 6564
451 389 460 400 ’
481 408 586 470 5.75

1680 417 2107 479 NlCEPIlORl
2151 420 2540 482 GREGORE

483 524 646 576 αὑτὸν
673 523 953 591 ὀνομάζει·
985 522 1076 577 om
1110 525 1222 596 γὰρ
1283 527 1420 598 ᾅδην
1477 529 1765 601 πολλαχῶς
1826 531 2056 586 καλοῦσι
2087 537 2129 592 Α

484 618 763 669 Χαλδαῖοι.
794 618 924 668 Θεόν
953 635 1010 670 τε
1048 620 1156 689 γὰρ
1203 621 1464 687 ἡγοῦνται
1527 624 1743 688 τοῦτον,
1797 627 1890 679 καὶ
1957 629 2054 696 τῆς

484 711 721 779 ἐσχάτης
771 710 863 763 καὶ
900 712 1184 776 περιγεὶου
1223 713 1434 784 λήξεως
1487 716 1756 787 ἀρχηγόν.
1808 720 1966 771 Ἔστι
2009 721 2054 774 δ’

484 801 570 853 ὅτε
605 801 698 853 καὶ
730 801 823 854 τὸν
881 804 986 854 ὑπὸ
1055 804 1286 874 σελήνην
1342 808 1566 876 κόσμον,
1624 809 1683 861 ὃν
1727 811 2055 882 ἀμφικνεφῆ

487 911 641 959 φασι.
676 897 771 947 καὶ
809 894 1002 948 τοῦτον
1033 896 1166 968 ᾅδην
1203 898 1431 951 καλοῦσι
1453 915 1467 929 ο
1494 901 1626 954 ποτὲ
1649 901 1705 954 δὲ
1738 903 1908 972 αὑτὴν
1957 904 2054 974 τὴν

487 985 816 1056 σεληνιακὴν
849 990 1106 1055 σφαῖραν,
1140 990 1207 1058 ἢν
1240 989 1334 1043 καὶ
1367 990 1622 1062 μεθόριον
1660 993 1907 1048 τίθενται
1958 995 2056 1048 τοῦ

484 1093 541 1127 τε
573 1077 820 1147 αἰθερίου
849 1080 1056 1148 κόσμου
1091 1081 1180 1132 καὶ
1214 1082 1309 1133 τοῦ
1334 1083 1542 1138 ὑλαίου.
1608 1085 1781 1138 Βυθὺν
1836 1086 1894 1140 δέ
1924 1104 2058 1156 φασι

485 1168 584 1237 τὴν
622 1166 779 1238 ὓλην,
822 1170 890 1240 ἣν
922 1172 978 1221 ὲν
1007 1172 1084 1241 τῷ
1128 1172 1237 1226 ὑπὸ
1283 1173 1384 1244 τὴν
1439 1176 1671 1248 σελήνην
1717 1178 1871 1248 τόπῳ
1929 1180 2060 1233 τάτ-

484 1275 660 1312 τουσι.

564 1353 634 1402 Ὃ
662 1351 1010 1408 δεδίττεται.
1031 1355 1363 1424 Ἐκφοδοῦσι
1399 1358 1469 1412 τὰ
1494 1359 1619 1428 ἱερὰ
1642 1362 1751 1415 τῶν
1775 1362 2059 1416 Χαλδαίων

486 1443 666 1512 λόγια.

561 1534 811 1604 Νοερόν.
844 1537 952 1608 Τὴν
972 1538 1152 1608 ψυχήν
1175 1557 1363 1610 φησιν,
1387 1542 1462 1608 ὠς
1493 1544 1558 1598 ὲκ
1587 1543 1723 1600 Θεοῦ
1748 1547 1846 1617 τὴν
1883 1547 2062 1620 ῦπαρ-

487 1629 570 1694 ξιν
597 1630 841 1698 ἔχουσαν.

565 1724 866 1789 Ἄπιστος.
911 1724 1212 1788 ’Δὸἐόαιος.

574 1813 1008 1882 Ἀμφικνεφής.
1044 1815 1352 1882 Σκοτεινός.

571 1908 838 1962 Ῥυπόων
889 1910 1321 1979 εἱδωλοχαρής.
1354 1914 1575 1983 Χαίρων
1630 1919 1746 1979 τοῖς
1802 1916 2060 1982 εἰδώλοις,
2096 1891 2140 1952 Β

490 1995 678 2072 ᾖοεοὶ
749 2003 991 2066 οἰκοῦσι,
1057 2004 1153 2055 καὶ
1191 2005 1572 2059 ὲνδιαιτῶνται
1624 2009 1673 2061 οἱ
1739 2009 2064 2082 ὑλικώτεροι

489 2093 775 2161 δαίμονες·
804 2082 984 2147 καὶτὸ
1025 2096 1418 2163 φανταστικὸν,
1475 2101 1634 2168 φησὶ,
1685 2101 1906 2172 πνεῦμα
1957 2121 2064 2157 πα-

490 2185 618 2253 χυνθ
628 2185 703 2236 ἐν.

561 2279 968 2345 Ἔμπληκτος.
1001 2284 1182 2339 Οἰονεὶ
1207 2286 1600 2357 ἐμϐρόντητος.

565 2368 647 2434 Τῷ
667 2369 736 2423 δὲ
755 2372 1000 2438 εἰδώλῳ.
1037 2357 1272 2429 Εἴδωλον
1302 2379 1584 2433 κάνταῦθα
1616 2382 1715 2449 τὴν
1751 2383 2062 2449 φαντασίαν

485 2461 724 2553 λέγει,ῇ
765 2464 1000 2534 ψυχικὸν
1057 2468 1278 2538 πνεῦμα
1321 2471 1458 2524 οὑσα
1513 2474 1608 2526 καὶ
1661 2474 1878 2540 λεπτὸν,
1914 2477 2064 2545 ὅμως

485 2557 575 2610 διὰ
644 2557 952 2627 μοχθηρίαν
1014 2562 1391 2630 προαιρέσεως
1455 2563 1621 2617 ἐνίοτε
1693 2566 1818 2635 ἔσχε
1884 2567 2062 2637 παχύ-

485 2666 626 2717 τητα
687 2649 926 2711 τοιάνδε,
962 2649 994 2719 ἢ
1032 2653 1270 2716 τοιάνδε,
1296 2655 1366 2724 ἦν
1411 2674 1549 2724 φησι
1577 2660 1742 2710 ποιὰν
1769 2660 1862 2712 τοῦ
1890 2662 2057 2714 πνεύ-

491 2756 660 2806 ματος
717 2739 982 2792 σύστασιν
1009 2757 1023 2772 ο
1060 2746 1152 2793 καὶ
1205 2745 1324 2796 τότε
1355 2746 1418 2817 δὴ
1445 2749 1652 2816 γίνεται
1681 2752 1774 2804 καὶ
1813 2755 1953 2820 αὑτὴ
1992 2755 2063 2807 εῖ-

486 2831 844 2895 δωλονρτοῦΐ
880 2833 1030 2887 ἔστιν
1066 2835 1254 2905 ὅμοιον
1301 2842 1416 2903 τοῖς
1472 2841 1776 2907 εἰδωλικοῖς
1827 2847 2062 2910 ἐκείνοις

485 2924 762 2991 δαίμοσιν.

470 3036 471 3039 ‘
566 3016 631 3072 Ἠ
687 3020 868 3078 κάτω.
933 3025 1037 3078 Ἢν
1118 3027 1466 3097 μελαναυγέα
1536 3031 1742 3099 κόσμον
1803 3030 2062 3100 ἀνωτέρω

485 3105 664 3166 εἶπεν.

487 3284 679 3340 minat.
717 3286 851 3341 Nam
901 3286 1101 3344 Orcum
1160 3307 1255 3346 seu
1319 3292 1607 3349 Tartarum
1658 3296 1809 3351 vario
1867 3307 2066 3352 vocant

482 3375 723 3428 Chaldzci
751 3394 766 3440 ;
803 3377 974 3431 Deum
1005 3378 1152 3433 enim
1183 3395 1309 3433 eum
1341 3381 1680 3447 existimant,
1705 3391 1760 3436 et
1805 3392 2066 3437 extremm

485 3475 756 3535 terrmque
799 3468 1103 3535 adjacentis
1153 3473 1506 3537 luereditatis,
1526 3489 1648 3543 qure
1674 3475 1724 3527 ei
1760 3485 1907 3530 sorte
1934 3489 2068 3529 con-

485 3559 627 3626 tigit,
663 3551 990 3628 princiliem.
1035 3559 1324 3617 luterduuf
1350 3580 1480 3618 vero
1541 3567 1807 3620 mundum
1870 3569 1960 3636 qui
2011 3568 2065 3623 in

482 3663 728 3703 concavo
753 3650 897 3704 lunae
926 3654 1260 3717 continetur,
1293 3672 1456 3725 quem
1497 3658 1644 3712 omni
1669 3674 1733 3714 ex
1783 3670 1936 3728 parte
1971 3676 2066 3716 ne-

486 3737 742 3792 lulosum
778 3753 1050 3803 asserunt,
1073 3752 1129 3797 et
1174 3745 1322 3800 hunc
1360 3746 1635 3802 infernum
1689 3750 1953 3803 vocitant.
1981 3750 2067 3804 lu-

487 3829 703 3882 terdum
772 3842 953 3887 autem
1020 3835 1190 3904 ipsam
1238 3837 1484 3892 lunarem
1555 3839 1846 3909 sphaeram,
1901 3857 2064 3910 quam

484 3924 888 3978 conterminam
918 3936 972 3982 et
1002 3929 1272 3984 confinem
1305 3939 1556 3985 statuunt
1611 3933 1800 3986 mundi
1849 3936 2061 3989 aetherii

483 4022 541 4066 et
567 4014 622 4067 in
651 4017 875 4070 materia
925 4018 1275 4076 luxuriantis.
1306 4021 1584 4078 Materiam
1637 4039 1801 4092 porro
1839 4023 2066 4092 profun-

481 4106 712 4162 ditatem
731 4108 944 4176 dicunt,
973 4128 1135 4181 quam
1173 4113 1224 4166 in
1252 4114 1374 4168 loco
1411 4116 1514 4170 sub
1545 4116 1674 4170 luna
1716 4116 1825 4170 sito
1871 4117 2062 4171 deter-

487 4200 724 4254 tuinant.

556 4291 842 4348 Ten-itaut.
912 4295 1380 4352 Perterrefaciunt
1452 4314 1604 4353 sacra
1684 4299 2062 4354 Chaldaeorum

482 4385 729 4438 Oracula.

561 4477 801 4532 Rationis
839 4495 1033 4549 capax.
1056 4479 1310 4535 Animam
1339 4481 1472 4537 dicit
1505 4500 1626 4554 quze
1652 4485 1818 4540 vitam
1848 4494 1902 4540 et
1936 4485 2065 4540 sub-

485 4571 747 4624 stantiam
783 4587 812 4624 a
854 4571 964 4626 Deo
1004 4582 1300 4629 consecuta
1331 4584 1438 4629 est.

557 4660 786 4720 Inﬁdus.
819 4665 1140 4718 luconstans
1166 4675 1220 4718 et
1247 4665 1536 4720 instabilis.

560 4751 791 4821 Spectris
812 4764 862 4807 et
888 4757 1206 4825 imaginibus
1244 4759 1488 4827 gestiens.
1519 4757 1597 4812 Ex
1631 4757 1790 4813 idolis
1816 4760 2066 4830 volupta-

486 4854 595 4896 tem
623 4846 950 4914 percipiens,
989 4847 1078 4899 ubi
1120 4846 1196 4900 dii
1247 4847 1517 4907 habitant.
1549 4858 1603 4902 ct
1628 4857 1919 4904 versantur
1953 4851 2067 4906 dae-

489 4953 677 4989 mones
713 4937 764 4989 in
805 4939 1046 4992 materia:
1077 4939 1321 4992 illuviem
1384 4940 1745 5008 procliviores
1778 4961 1792 4996 :
1823 4952 1880 4996 et
1925 4945 2068 5000 hunc

481 5027 736 5095 Spiritum
756 5028 1179 5098 pbantasticum,
1204 5029 1484 5099 pinguem.
1513 5043 1814 5088 crassumet
1839 5033 2067 5090 obesum

479 5119 638 5174 dicit.
1313 5141 1317 5144 ‘

562 5212 677 5264 Vita
707 5211 925 5267 stolida.
961 5212 1073 5268 Ceu
1104 5215 1352 5268 attonita.

549 5301 851 5359 Simulacro
869 5307 1384 5360 vero.Simu!acrum
1407 5306 1511 5362 hoc
1528 5307 1584 5362 in
1604 5309 1720 5362 loco
1731 5308 2072 5378 phantasiam

480 5395 633 5457 dicit,
653 5413 774 5466 quae
794 5399 1044 5452 animalis
1063 5399 1293 5467 spiritus
1313 5413 1375 5454 ac
1395 5399 1612 5455 subtilis
1631 5415 1756 5454 cum
1779 5400 2075 5458 sit.nihilo—

484 5489 668 5540 minus
701 5489 1069 5544 obelectionis
1085 5500 1142 5544 et
1171 5490 1381 5544 consilii
1423 5490 2076 5560 pravitatem,aliquoties

481 5580 622 5633 hanc
673 5580 839 5636 habet
909 5581 1219 5636 crassitiem
1286 5592 1342 5636 et
1391 5584 1733 5646 obesitatem,
1787 5582 2078 5651 aliquoties

483 5671 822 5740 illam,quam
845 5683 1042 5728 vocant
1058 5673 1348 5740 quamdam
1367 5674 1590 5743 Spiritus
1606 5675 2074 5747 constitutionem:

484 5773 532 5815 ct
557 5771 684 5816 tunc
704 5766 946 5832 profecto
991 5768 1100 5836 ipsa
1128 5767 1357 5822 cilicitur
1388 5767 1612 5830 idolum,
1642 5767 1691 5820 id
1719 5779 1820 5828 est,
1856 5785 2078 5839 compar

484 5866 534 5910 ct
553 5857 746 5912 similis
763 5859 975 5913 idolicis
1002 5876 1061 5913 ac
1082 5860 1351 5916 umbrosis
1375 5861 1491 5915 istis
1509 5861 1864 5915 darmouihus.

2092 3242 2137 3301 ϐ

3031 340 3275 374 ,φτη

3603 420 3682 482 576

2243 537 2456 606 Ὀμοίῳ
2492 537 2624 607 γάρ.
2665 534 2820 588 Ἐπεὶ
2864 533 2973 604 γὰρ
3001 533 3060 586 τὸ
3096 531 3460 601 φανταστικὴν
3489 534 3681 602 πνεῦμα,

2163 632 2282 685 ἀντὶ
2307 633 2402 684 τοῦ
2439 633 2626 703 φέρειν
2653 631 2838 684 εἰκόνα
2863 627 3064 699 ψυχῆς,
3085 627 3180 681 καὶ
3213 620 3357 679 εἶναι
3380 624 3577 678 εἴδωλον
3607 629 3682 680 οὓς

2163 723 2282 789 τῆς,
2321 723 2541 791 ἐγένετο
2567 724 2768 792 μᾶλλον
2807 724 2872 774 ὲκ
2895 719 3261 790 παρατροπῆς
3300 718 3512 771 εἴδωλον
3535 718 3686 785 ὅμοιον

2163 811 2416 882 δαίμοσιν
2450 813 2678 877 ὑλαίοις,
2707 811 2934 873 εἰκότως
2964 809 3060 862 καὶ
3109 807 3401 878 συνήδεται
3429 809 3493 877 τῇ
3517 809 3686 860 τούτων

2167 905 2558 974 συνδιαιτήσει.

2243 1001 2310 1052 El
2349 997 2417 1051 δὲ
2468 998 2558 1052 ἓν.
2622 997 2686 1052 Ei
2735 995 2794 1048 δὲ
2851 992 3270 1063 συγκατηνέχθη
3332 993 3398 1062 τῇ
3463 993 3690 1063 φαντασῇ

2165 1091 2262 1145 καὶ
2312 1093 2340 1144 ὁ
2368 1090 2513 1155 νοῦς,
2547 1089 2643 1143 καὶ
2668 1089 2922 1157 ἐγένοντο
2949 1087 3012 1141 ἒν
3049 1103 3104 1139 τι
3163 1085 3398 1154 πρᾶγμα
3445 1083 3502 1148 ἐξ
3543 1083 3691 1155 ἀμφο-

2165 1184 2222 1236 τέ
2233 1199 2359 1252 ρων.

2242 1275 2350 1331 Καὶ
2405 1277 2439 1329 ὀ
2498 1273 2668 1339 νοῦς.
2742 1271 2898 1334 Ἴσως
2942 1271 3010 1325 ἂν
3057 1271 3154 1324 καὶ
3185 1269 3215 1322 ό
3262 1284 3391 1331 νους
3441 1267 3693 1322 εἰδωλικὼ-

2163 1385 2323 1438 τερος
2385 1368 2682 1436 γενόμενος
2718 1367 2816 1420 καὶ
2845 1366 3161 1438 παχύτερος
3207 1362 3424 1427 δέξαιτο
3459 1360 3517 1413 τὸ
3561 1363 3692 1432 συνῆ.

2165 1461 2376 1516 δεσθαι.

2239 1553 2441 1609 Καίτοι
2492 1550 2672 1604 τοῦτο
2732 1547 2958 1602 κακῶν.
3019 1547 3095 1600 Τὸ
3148 1546 3225 1617 μὴ
3280 1543 3693 1609 ὲπαισθάνεσθσι,

2167 1647 2328 1720 φησὶ,
2363 1645 2537 1700 κακοῦ
2570 1644 2861 1717 παρόντος,
2891 1642 3028 1696 ἀλλὰ
3085 1639 3415 1709 συνήδεσθαι
3471 1639 3608 1708 αὑτῷ
3640 1639 3695 1702 ὡς

2167 1739 2415 1814 χρηστῷ,
2441 1737 2630 1792 κακῶν
2664 1735 2748 1807 εἴη
2772 1734 2833 1789 τὸ
2861 1736 3144 1804 μέγιστον.
3173 1733 3246 1786 Τὸ
3278 1731 3694 1801 γὰρξσυνήόεσθαι

2167 1836 2282 1895 τοῖς
2309 1829 2688 1892 τοιούτοιςκαὶ
2719 1827 2794 1898 μὴ
2849 1824 3206 1880 αἰσθάνεσθαι
3258 1823 3371 1878 τῶν
3424 1823 3555 1894 μηδὲ
3592 1826 3694 1878 ἀνα-

2167 1925 2339 1994 κύψαι
2397 1924 2494 1977 καὶ
2553 1920 2846 1992 διόρθωσιν
2893 1918 3082 1972 λαϐεῖν
3110 1916 3421 1988 ζητούντων
3473 1917 3694 1970 tori.“-

2167 2016 2295 2085 θησι
2345 2013 2403 2067 δὲ
2454 2013 2536 2076 εἰς
2567 2013 2880 2082 ὑπόδειγμα
2927 2010 3152 2064 καὶτὸν
3211 2001 3471 2080 σκιρῤονῖ
3515 2009 3695 2078 enim;

2167 2111 2276 2176 γάρ
2343 2107 2460 2159 ἐστι
2507 2104 2684 2173 ῥύπος
2731 2102 3127 2166 δυσέκπλυτος,
3179 2102 3276 2155 καὶ
3312 2100 3694 2162 δυσαπόνιπτος.

2167 2201 2328 2252 Δοκεῖ
2353 2197 2412 2251 δὲ
2443 2196 2655 2266 ἀσαφὲς
2675 2198 2790 2259 τοῖς
2825 2196 3042 2258 πολλοῖς
3072 2195 3132 2248 τὸ
3166 2194 3358 2264 ῥητὸν,
3389 2193 3522 2247 διότι
3552 2208 3692 2244 σνντοι

2170 2292 2270 2362 μία
2299 2291 2586 2360 χρώμενος
2619 2289 2647 2341 ὀ
2675 2287 2951 2350 Συνέσιος,
2989 2287 3090 2341 οὑκ
3137 2286 3407 2340 ὲπλάτυνε
3445 2285 3505 2338 τὸ
3558 2283 3694 2337 τοιοῦο

2167 2402 2260 2437 τον
2291 2383 2624 2451 ὑπόδειγμα,
2650 2381 2792 2434 ἀλλὰ
2825 2380 3124 2445 συνέπλεξε
3151 2380 3232 2447 τῷ
3266 2380 3526 2450 κειμένῳ.
3557 2378 3693 2445 Σειφέ-

2168 2488 2360 2542 στερον
2401 2472 2466 2524 ἂν
2485 2468 2574 2542 ἦν,
2599 2473 2650 2524 εἰ
2676 2470 2850 2532 οὕτως
2879 2471 3110 2539 ἐλεγεν¹,
3175 2472 3258 2524 δτι
3289 2469 3503 2538 Ὠσπερ
3527 2470 3552 2521 ό
3582 2468 3694 2537 σκξρ

2170 2564 2654 2636 ρς-ς,εἰσδυόμενος
2680 2565 2759 2625 εἰς
2811 2562 2978 2634 βάθος
3028 2562 3122 2616 τοῦ
3179 2561 3541 2630 ὑποκειμένου
3582 2561 3696 2621 τινὸς

2169 2663 2446 2728 σώματος,
2480 2656 2853 2718 δυσέκπλυτος
2885 2655 3120 2724 γίνεται,
3155 2656 3255 2707 καὶ
3298 2652 3597 2714 δευσοποιὸς
3628 2652 3694 2704 καῖ

2166 2751 2604 2812 δυσαπόνιπτοςο
2632 2748 2777 2803 οὑτω
2829 2750 2926 2802 καὶ
2971 2750 3004 2818 ἡ
3048 2746 3396 2818 προσπάθεια
3452 2745 3546 2813 τῆς
3590 2743 3697 2811 ὕλης

2167 2841 2630 2897 καταδαπτίσασα
2660 2841 2752 2893 τὸν
2781 2839 2928 2904 νοῦν,
2949 2839 3042 2892 καὶ
3063 2841 3144 2904 εἰς
3172 2838 3337 2908 βάθος
3359 2839 3530 2890 εἰπεῖν
3552 2851 3697 2888 καταο

2168 2937 2376 3008 σχοῦσα
2424 2934 2642 2997 τοῦτον,
2674 2935 2772 2988 καὶ
2796 2935 2962 2988 οἱονεὶ
2990 2932 3301 3003 παχύτερον
3323 2932 3698 2999 καταστήσασα.

2168 3031 2394 3084 κλέπτει
2445 3029 2536 3082 διὰ
2564 3029 2663 3097 τῆς
2689 3027 2888 3098 ἡδονῆς
2937 3029 3038 3097 τὴν
3094 3025 3263 3082 αὑτοῦ
3312 3023 3701 3093 συγκατάθεσιν,

2172 3125 2268 3178 καὶ
2297 3123 2398 3194 τὴν
2433 3123 2562 3192 γῆν,
2597 3123 2693 3176 καὶ
2718 3122 2820 3175 οὑκ
2856 3123 2922 3192 ἐᾷ
2961 3122 3278 3192 ὑπόμνησιν
3303 3118 3487 3174 λαϐεῖν
3522 3115 3687 3186 ῆὲνθύ

2239 3294 2356 3349 Ima
2381 3295 2543 3365 regio.
2575 3293 2748 3360 Quam
2777 3293 3045 3347 hactenus
3081 3289 3346 3346 mundum
3389 3289 3700 3361 caliginosum

2168 3395 2224 3443 et
2253 3387 2604 3442 tenebrosum
2667 3386 2826 3442 dixit.

2241 3479 2429 3533 Simile
2443 3478 2791 3549 quippe.Quia
2807 3477 2961 3533 enim
2977 3475 3205 3546 spiritus
3225 3474 3695 3545 phantasticusfcum

2169 3570 2375 3624 referre
2406 3568 2575 3623 animi
2609 3567 2900 3635 imaginem
2936 3566 3211 3629 debuerit,
3243 3574 3300 3618 et
3324 3577 3446 3618 esse
3495 3561 3695 3629 ejusdem

2115 3679 2130 3690 ί
2167 3663 2544 3727 simulacrum,
2579 3660 2755 3716 evasit
2808 3659 2992 3728 potius
3056 3658 3128 3712 ob
3176 3656 3606 3726 depravationem
3657 3653 3696 3703 in

2169 3755 2374 3809 idolum
2409 3753 2588 3809 simile
2629 3751 3012 3808 materialibus
3045 3748 3415 3813 daemonibus,
3440 3761 3501 3802 ac
3546 3745 3696 3800 merito

2167 3846 2364 3902 horum
2391 3845 2648 3901 sodalitio
2701 3843 3182 3912 familiaritateque
3208 3840 3532 3896 oblectatur.

2239 3937 2388 4004 Quod
2419 3940 2466 3993 si
2493 3953 2678 3991 unum.
2708 3935 2766 3991 Si
2789 3949 2923 3990 vero
2969 3949 3125 3989 mens
3172 3940 3296 3988 ruat
3342 3947 3410 3989 ac
3465 3928 3694 3986 delabatur

2167 4049 2291 4089 cum
2318 4031 2626 4102 phantasia.
2647 4038 2703 4084 et
2737 4028 2828 4083 ﬁat
2859 4044 2964 4083 una
2995 4026 3242 4094 quaedam
3273 4041 3344 4081 ex
3383 4025 3643 4080 ambobus.

2235 4126 2377 4180 Mens
2407 4126 2588 4178 etiam.
2621 4121 2773 4178 Mens
2799 4121 3047 4175 fortassis
3084 4121 3150 4175 ad
3188 4119 3465 4174 idolorum
3492 4124 3696 4170 naturam

2166 4217 2392 4288 propius
2452 4215 2721 4271 accedens
2786 4223 2842 4268 et
2899 4213 3144 4273 obesior,
3205 4227 3318 4265 non
3377 4203 3694 4280 repudiarent

2165 4322 2509 4364 communem
2535 4304 2805 4377 ejusmodi
2839 4303 3284 4358 oblectationem.

2239 4401 2509 4454 Malorum
2534 4400 2630 4452 hoc
2668 4406 2960 4452 extremum
2985 4405 3079 4449 est.
3114 4394 3232 4449 Non
3284 4393 3511 4457 sentire,
3538 4389 3696 4460 inquit,

2165 4505 2409 4559 praesens
2433 4488 2658 4548 malum.
2681 4487 2775 4542 sed
2808 4501 2876 4542 eo
2907 4485 3071 4541 veluti
3120 4485 3415 4539 commodo
3476 4499 3537 4538 ac
3587 4478 3696 4534 facili

2103 4582 2142 4636 υ
2173 4581 2455 4644 delectari,
2489 4580 2756 4634 malorum
2791 4579 3038 4634 omnium
3065 4577 3232 4633 fuerit
3263 4577 3568 4631 maximum.
3594 4572 3698 4628 Nam

2172 4675 2370 4729 talibus
2394 4671 2677 4744 gratulari,
2703 4680 2760 4726 et
2779 4683 2845 4725 ea
2891 4686 3003 4725 non
3038 4670 3266 4734 sentire,
3293 4685 3484 4725 eorum
3519 4677 3590 4724 est
3625 4662 3697 4732 qui

2170 4778 2350 4832 neque
2377 4771 2666 4831 emergunt
2701 4775 2766 4815 ex
2802 4761 3067 4820 tenebris.
3087 4775 3267 4829 neque
3301 4759 3696 4815 emendationem

2169 4854 2490 4925 perquirere
2514 4853 2724 4906 voluut.
2770 4853 3052 4907 Scirrhum
3112 4866 3282 4922 porro
3333 4853 3392 4906 in
3441 4850 3695 4916 eninptum

2169 4948 2416 5003 adducit.
2444 4946 2536 5002 Est
2556 4945 2703 5001 enim
2722 4945 2967 5000 scirrhus
3002 4943 3214 4999 illuvies
3244 4944 3392 5000 foeda
3418 4953 3471 4999 et
3494 4945 3694 4998 abstersa

2173 5039 2432 5094 diﬂieilis.
2474 5038 2724 5093 Videtur‘
2754 5046 2938 5092 autem
2971 5036 3079 5092 hoc
3105 5036 3313 5091 dictum
3342 5034 3602 5106 permultis
3623 5031 3694 5083 ob-

2173 5146 2422 5194 scurum,
2461 5139 2750 5201 propterea
2779 5128 2928 5201 quod
2989 5128 3261 5184 brevitate
3315 5129 3526 5183 concisa
3573 5133 3696 5176 utens

2175 5222 2462 5293 Syncsius,
2493 5222 2600 5277 tale
2631 5222 2941 5289 exemplum
2992 5235 3101 5276 non
3129 5221 3402 5279 dilatavit.
3435 5219 3521 5274 sed
3551 5225 3693 5272 conte-

2175 5316 2294 5371 xuit
2350 5327 2404 5372 et
2455 5315 2890 5370 accommodavit
2924 5314 3238 5385 proposito.
3273 5315 3524 5384 Apertius
3551 5321 3694 5365 autem

2176 5407 2390 5473 fuisset,
2456 5408 2502 5462 si
2577 5407 2653 5462 ita
2721 5407 2995 5462 dixisset:
3051 5406 3213 5472 Quod
3289 5402 3692 5476 quemadmodum

2177 5499 2422 5555 scirrhus
2499 5497 2793 5553 interiores
2845 5497 3080 5567 subjecti
3159 5497 3441 5566 cujusdam
3491 5492 3690 5560 corporis

2179 5600 2360 5659 partes
2398 5589 2646 5656 subiens,
2677 5589 2864 5645 ablutu
2911 5600 3076 5660 atque
3125 5598 3361 5660 purgatu
3409 5584 3612 5643 diﬂicilis
3649 5590 3691 5635 et

2182 5679 2488 5734 indelebilis
2514 5662 2784 5742 redditur,
2813 5680 2893 5735 sic
2924 5695 3157 5748 magnus
3187 5680 3276 5735 ille
3306 5688 3361 5734 et
3381 5678 3691 5733 inhaarcscens

2181 5771 2407 5826 aﬂectus
2470 5780 2707 5826 mentem
2760 5777 2813 5826 in
2871 5771 3194 5839 profundam
3237 5771 3504 5842 abyssum,
3550 5774 3595 5818 υι
3633 5763 3692 5813 ila

2184 5865 2393 5923 louuar.
2450 5864 2791 5924 dcmcrtzcns.
2847 5879 3079 5923 caumuc
3130 5865 3397 5920 detinens.
3461 5871 3508 5916 et
3559 5850 3696 5908 ι’ρίυῑὶ
