3748 6554
61 488 141 560 est
1452 460 1541 523 NG

1737 466 1779 523 l.
3114 450 3217 513 682

61 623 138 670 “es
169 600 350 655 vcccns
379 588 469 658 (τι).
504 582 679 651 Quare
702 580 746 638 si
776 592 901 639 tuus
933 582 1036 639 iste
1080 576 1438 655 Sgyropulus.
1476 593 1530 638 et
1558 581 1831 652 quosipse
1881 580 1946 635 ad
1980 578 2268 636 consilium
2325 583 2547 632 vocatos
2582 568 2748 628 fuisse
2798 567 2985 670 tradit,
3013 568 3066 622 in
3101 580 3222 622 arte

59 664 102 755 et
127 696 349 751 facultate
382 678 681 748 theologica
710 678 1119 740 excellttissent,
1152 687 1208 732 et
1236 678 1291 733 in
1329 693 1540 732 summa
1580 692 1765 731 rerum
1792 674 2135 745 ignoratione
2160 669 2361 727 versati
2397 684 2506 725 non
2533 669 2782 729 fuissent,
2814 664 3034 755 ad—hos
3084 679 3224 755 Apro-

60 753 315 838 iocassent,
372 782 473 823 non
524 765 590 819 ad
653 764 978 820 Cabasilam.
1035 765 1141 821 Sed
1201 766 1273 820 nil
1326 764 1863 820 mirumzcraculus
1924 761 2120 832 quaerit
2154 758 2457 831 graculum.
2517 756 2656 822 Quid
2690 770 2820 808 vero
2869 753 3223 808 Thessalonio

61 880 216 926 censes
273 860 323 914 in
384 850 639 923 synodico
690 852 1084 920 manuscripto,
1137 851 1281 920 quod
1345 851 1471 905 novi
1538 849 1685 904 illius
1732 849 1972 904 editores
2031 850 2106 903 uti
2162 847 2447 917 profanum
2478 854 2533 899 et
2587 842 2816 911 impium
2867 839 3225 911 rejeeerunt?

60 956 220 1013 Νείλου
240 946 323 1001 τοῦ
353 941 650 1010 ἁγιωτάτου
683 939 1086 1012 μητροπολίτου
1114 938 1516 1007 Θεσσαλονίκης
1583 938 1676 992 τοῦ
1724 936 1905 1007 λόγοις
1938 938 2077 1009 ἃμα,
2104 940 2196 993 καὶ
2233 938 2434 1006 ἔργοις,
2472 936 2566 987 καὶ
2613 932 2779 995 θείοις
2827 932 3226 1001 συγγράμμασι

60 1032 413 1108 ἀγωνισαμένου
442 1028 578 1095 ὑπὲρ
611 1024 709 1096 τῆς
735 1026 1063 1098 Ἑκκλησίας
1098 1027 1356 1097 Χριστοῦ,
1390 1027 1485 1078 καὶ
1518 1026 1617 1094 τὴν
1653 1025 1746 1078 τοῦ
1793 1027 2062 1108 Βαρῇαὰμ
2111 1027 2204 1078 καὶ
2234 1022 2547 1078 Ἀκινδύνου
2578 1022 2653 1090 (r)
2680 1020 3018 1090 κενοφωνίαν
3041 1018 3227 1108 050706-

60 1104 155 1198 φδις
183 1125 363 1190 λόγοις,
400 1119 490 1185 κα)
515 1114 822 1179 ὰηοδείξεσι
852 1114 1268 1186 ἀναντιρῤήτοις
1321 1113 1785 1180 καταισχύναντός
1841 1104 1929 1179 τε,
1981 1115 2075 1166 καὶ
2111 1113 2505 1182 διελέγξαντω,
2546 1109 2743 1163 αἰωνία
2777 1110 2824 1198 ἠν
3114 1107 3227 1162 Nili

58 1196 326 1268 sanctissimi
351 1202 718 1273 arcltiepiswpi
750 1201 1249 1266 Thessalonicensis,
1283 1201 1373 1270 qui
1418 1203 1741 1256 sermonibus
1758 1201 1940 1266 simul,
1973 1209 2021 1255 et
2051 1201 2334 1255 actionibus
2381 1209 2429 1253 et
2463 1197 2855 1253 commentariis
2879 1196 3069 1249 divinis
3133 1210 3227 1259 pro

62 1299 253 1356 Ecclesia
284 1292 487 1356 Christi,
518 1299 565 1343 et
590 1290 889 1353 Barlaami,
911 1299 957 1344 et
982 1289 1238 1361 Acindyni
1260 1304 1423 1344 vanos
1450 1282 1696 1360 strepitus
1732 1306 1764 1341 a
1789 1288 1897 1342 Deo
1931 1288 2069 1342 datis
2095 1285 2443 1351 sermonibus,
2469 1283 2651 1354 quibus
2678 1283 2848 1338 resisti
2870 1299 2971 1336 non
2996 1290 3226 1351 poterat,

61 1378 590 1439 etdemonstrationibus
615 1376 942 1438 dilucidavit,
974 1385 1024 1430 et
1064 1378 1119 1429 in
1163 1378 1598 1446 vituperationem
1642 1374 1883 1438 adduxit,
1924 1386 1971 1428 et
2016 1378 2070 1428 in
2109 1376 2324 1429 crimine
2355 1374 2545 1442 posuit,
2578 1373 2893 1442 sempiterna
2948 1368 3224 1422 memoria.

62 1474 145 1527 Nec
159 1470 251 1522 alio
266 1473 411 1535 pacto
434 1462 654 1517 Simeon
676 1462 1208 1525 Thessalonicensis,
1239 1463 1464 1530 Dialogo
1488 1465 1542 1515 Ci

1750 1478 1971 1518 cereses:
2011 1463 2121 1516 Kal.
2150 1462 2231 1515 ἔτι
2261 1463 2449 1532 ἐτέρου
2492 1461 2690 1513 Νείλου
2723 1458 3002 1511 θειοτάτου
3033 1457 3227 1527 ἁνδρδς

62 1559 133 1610 τοῦ
156 1558 241 1623 τῆς
282 1550 716 1605 Θεσσαλονικέων
753 1552 854 1620 τὴν
888 1550 1187 1620 προεδρίαν
1221 1550 1323 1619 μὲν
1360 1550 1658 1619 είληφότος,
1697 1548 1773 1621 μὴ
1810 1550 1948 1619 πρὸς
1986 1548 2157 1618 αὐτὴν
2189 1549 2245 1601 δὲ
2286 1547 2593 1616 φθάσαντος
2629 1546 2825 1611 ἐλθεῖν,
2868 1544 3012 1598 κατὰ
3040 1543 3095 1596 δὶ
3127 1543 3228 1612 τῆς

62 1644 146 1696 τῶν
168 1639 388 1695 Λατίνων
409 1638 766 1707 καινοτομίας
793 1636 1044 1707 λαμπρὰ,
1067 1639 1162 1690 καὶ
1189 1637 1365 1707 ἁληθῆ
1409 1638 1551 1704 λίαν,
1580 1640 1676 1691 καὶ
1713 1639 1910 1707 ἰσχυρὰ
1941 1636 2429 1707 συγγραψαμένου,
2490 1637 2584 1687 καὶ
2617 1636 2760 1687 κατά
2816 1633 2915 1701 τῆς
2965 1633 3227 1702 δυστήνου

67 1734 254 1801 ταυτησὶ
282 1730 367 1784 τοῦ
393 1729 663 1799 Βαρλαάμ
701 1744 761 1780 τε
781 1731 877 1782 καὶ
908 1729 1223 1783 Ἀκινδύνου
1250 1728 1536 1799 αἱρέσεως.

1790 1746 1807 1781 ι
1834 1728 2077 1784 cumalio
2102 1728 2222 1782 Nilo
2252 1728 2365 1781 viro
2389 1726 2734 1788 divinissimo,
2765 1733 2815 1779 et
2845 1725 2993 1778 urbis
3014 1725 3232 1779 Tltessa-
3266 1730 3270 1735 ’

66 1819 284 1875 lonicensis
312 1832 451 1887 atque
474 1831 681 1870 summo
708 1815 963 1877 antistite,
992 1816 1143 1884 cujus
1195 1824 1373 1870 tamen
1405 1816 1573 1870 sedem
1597 1816 1922 1887 adipiscendi
1954 1825 2183 1886 potestas
2213 1832 2318 1870 non
2354 1816 2480 1885 fuit,
2524 1814 2661 1867 licet.
2694 1822 2878 1867 contra
2919 1813 3231 1866 Latinorum

65 1924 210 1961 piorum
230 1905 418 1974 (acinus
447 1902 748 1970 splendida,
773 1910 820 1955 et
837 1903 958 1969 ﬁdei
980 1903 1302 1973 plenissima,
1351 1912 1399 1956 et
1424 1902 1578 1956 ualde
1604 1904 1818 1958 robusta
1844 1902 2234 1958 Commentario
2261 1904 2669 1965 concinnauerit,
2688 1918 2781 1955 nec
2805 1917 2907 1953 non
2936 1908 3118 1953 contra
3144 1902 3229 1953 in-

66 1996 219 2064 felicem
241 1994 365 2045 hanc
395 1990 676 2045 Barlaami
714 1999 767 2044 et
794 1990 1056 2059 Acindgni
1089 1992 1334 2046 heresin.
1371 1990 1509 2046 Ride
1559 1992 1721 2047 sodes
1764 1991 2337 2047 Thessalonicenslum
2371 1989 2588 2061 putidas
2621 1989 3012 2057 ineptitudines
3044 1988 3098 2043 in
3128 1987 3233 2059 Sy-

66 2081 238 2135 nodico.
282 2078 427 2145 Quod
481 2078 540 2131 in
571 2075 695 2132 Nilo
760 2077 838 2131 uti
872 2077 1382 2147 praestantissimum
1417 2078 1805 2147 agnoscebant,
1836 2088 1892 2132 et
1915 2078 2061 2148 quod
2110 2078 2200 2133 ille
2255 2078 2575 2148 plenissime
2612 2077 2878 2143 delendit,
2916 2076 3235 2131 Processio-

68 2181 160 2220 nem
209 2179 386 2233 nempe
416 2178 482 2218 ex
542 2164 659 2218 solo
702 2161 859 2218 Patre
892 2163 1128 2233 Spiritus
1157 2163 1350 2229 sancti,
1379 2164 1643 2229 ohticent,
1678 2182 1748 2221 ne
1776 2166 1965 2236 injurii
1999 2166 2319 2222 viderentur
2378 2166 2432 2219 in
2462 2164 2704 2232 Latinos,
2748 2163 2916 2234 inque
2949 2163 3230 2219 inl‘amiam

66 2264 432 2324 adducerentur,
494 2259 644 2323 quod
678 2258 998 2314 Latinorum
1026 2259 1340 2329 opinionem
1365 2261 1542 2331 palam
1577 2263 1780 2333 populo
1818 2262 2277 2328 criminarentur;
2308 2261 2377 2317 de
2421 2277 2482 2318 re
2539 2261 2762 2316 minima
2789 2272 2844 2315 et
2876 2254 3236 2329 contemptis-

60 2352 190 2413 sima,
220 2346 360 2401 etde
401 2361 507 2415 qua
551 2361 661 2399 non
692 2357 810 2400 erat
857 2346 1000 2415 apud
1037 2346 1258 2401 Graecus
1304 2362 1410 2402 una
1442 2350 1735 2417 sententia,
1786 2350 2244 2407 condemnatione
2279 2365 2474 2419 nempe
2534 2349 2802 2404 Barlaami
2836 2358 2894 2403 et
2939 2349 3231 2419 Acindyni,

68 2445 213 2489 contra
238 2448 387 2504 quam
423 2432 584 2488 Nilus
611 2447 680 2487 an
704 2432 1003 2503 quidquam
1030 2434 1336 2503 scripserit,
1375 2435 1556 2491 adhuc
1587 2437 1902 2503 dubitatur;
1971 2438 2099 2493 licet
2129 2438 2185 2491 in
2214 2437 2603 2492 Palamitarum
2657 2437 2985 2492 sententiam
3050 2437 3234 2498 iverit.

69 2542 162 2580 sum
199 2523 457 2579 dilaudnnt
484 2523 667 2590 Quod.
703 2524 867 2577 etiam
898 2525 953 2579 in
996 2524 1118 2578 aliis
1148 2523 1304 2580 dictas
1332 2524 1569 2581 civitatis
1610 2526 1961 2596 pontificibus
1991 2524 2059 2579 de
2117 2540 2255 2579 novo
2298 2522 2576 2596 Synodico
2606 2525 2803 2580 additis
2841 2534 3126 2596 peragunt.
3171 2526 3237 2580 lli

68 2613 287 2681 siquidem
322 2611 583 2666 adversus
609 2610 926 2684 Latinorum
961 2609 1277 2680 Opinionem
1308 2612 1533 2680 scripta,
1582 2628 1646 2668 ac
1672 2613 1716 2667 si
1748 2613 1898 2684 nulla
1929 2612 2158 2678 fuerint,
2208 2613 2412 2679 silent,
2440 2614 2494 2666 in
2525 2613 2673 2677 aliis,
2705 2627 2826 2681 quae
2856 2612 3077 2668 Latinos
3127 2627 3237 2667 non

69 2683 727 2765 ollenduut,verbosissimi
772 2707 919 2752 sunt.
953 2697 1057 2753 Sed
1082 2697 1150 2752 de
1189 2697 1275 2753 his
1303 2697 1439 2752 alias
1497 2698 1729 2768 plenius,
1768 2683 2080 2755 memoratis
2109 2701 2273 2753 etiam
2310 2700 2685 2769 pontiﬁcibus,
2704 2700 2978 2766 Quantum
3016 2701 3236 2754 tandem

71 2785 187 2840 Nilus
209 2786 291 2841 hic
318 2788 554 2841 valuerit
577 2785 644 2841 ad
674 2799 762 2841 res
794 2785 1125 2856 theologicas
1152 2785 1531 2855 esponendas,
1566 2785 1689 2856 lege
1712 2785 2030 2843 Tractatum
2052 2787 2268 2857 Georgii
2291 2787 2643 2857 Trapezuntii
2667 2788 2733 2842 ad
2759 2789 3024 2843 Joannem
3054 2787 3240 2843 Cubo-

69 2882 247 2937 clesium
272 2882 333 2935 de
364 2882 715 2952 processionc
741 2880 979 2951 Spiritus
1008 2881 1180 2936 sancti
1212 2882 1375 2936 etiam
1404 2896 1470 2936 ex
1500 2880 1660 2948 Filio,
1686 2881 1873 2939 Graece
1899 2894 1953 2938 et
1979 2881 2171 2938 Latine
2196 2899 2225 2938 a
2257 2898 2341 2939 me
2363 2874 2594 2949 editum,
2626 2893 2757 2940 tom.
2784 2883 2800 2936 Ι
2831 2883 3047 2940 Gracia
3065 2884 3253 2939 ortbo-.

72 2970 202 3024 dum.
241 2971 343 3023 Non
378 2968 775 3041 suppcenitebit
804 2977 853 3023 te
883 2968 1078 3024 similis
1105 2968 1382 3026 lectionis.

119 3080 322 3136 Joannes
350 3081 678 3151 Spondanns
700 3080 766 3150 ts)
800 3082 853 3135 in
871 3080 1171 3135 Annalibus
1195 3094 1340 3136 anno
1379 3079 1537 3146 1629,
1580 3082 1772 3136 scribit
1798 3099 1812 3136 :
1844 3083 1964 3137 Fuit
2006 3090 2189 3152 postea
2220 3081 2468 3135 Nicolaus
2499 3080 2748 3136 Cabasila
2782 3082 2952 3150 factus
2975 3085 3244 3155 episcopus

75 3166 505 3231 Tltessulonicensis,
559 3169 709 3237 cujus
749 3176 957 3222 exstant
998 3167 1154 3237 plura
1195 3169 1414 3238 scripta,
1461 3170 1551 3221 sed
1584 3168 1804 3238 [uligine
1846 3171 2141 3225 scltismatis
2182 3155 2471 3225 Gra'cauici
2516 3170 2765 3238 perfusa;
2803 3175 3049 3226 adversus
3089 3190 3241 3243 quem

72 3256 173 3307 idem
221 3257 319 3324 ipse
368 3256 665 3311 Demetrius
712 3257 775 3325 (t)
815 3255 992 3310 Greece
1025 3254 1312 3327 Latineque
1357 3258 1539 3311 doctus
1588 3259 1856 3327 scripsisse
1900 3257 2092 3310 dicitur
2141 3272 2235 3325 pro
2272 3265 2452 3309 sancto
2502 3257 2696 3311 Tlioma
2752 3259 3035 3327 Aquinate,
3089 3278 3244 3330 quem

73 3340 271 3396 Cabasila
315 3347 509 3414 primus
542 3345 867 3414 impetierat,
914 3343 1061 3410 cujus
1092 3351 1140 3397 et
1168 3344 1389 3412 antiqua
1431 3359 1591 3412 Opera
1638 3344 1694 3396 in
1732 3342 1980 3396 Latinum
2021 3357 2306 3395 sermonem
2353 3344 2526 3406 vertit,
2567 3344 2711 3397 sicut.
2761 3353 2809 3397 et
2855 3348 3154 3416 Augustini,
3195 3356 3246 3401 et

72 3439 174 3500 alia,
200 3456 333 3508 quem
360 3451 407 3493 et
445 3440 829 3494 Volaterranus
856 3448 903 3492 et
939 3439 1034 3493 alii
1064 3442 1137 3493 uti
1164 3440 1332 3493 uirum
1358 3445 1588 3500 doctum.
1623 3455 1768 3508 cuque
1789 3455 1851 3493 ac
1882 3446 2121 3492 sanciunt
2155 3437 2402 3491 laudant.
2425 3437 2557 3492 Sunt
2583 3450 2779 3502 (intem,
2808 3441 2898 3506 qui
2941 3442 3246 3511 praedictum

73 3526 301 3580 Nicolaum
321 3529 649 3597 confundunt
690 3545 808 3582 cum
837 3528 959 3582 Nilo
985 3528 1168 3581 itidem
1198 3527 1336 3580 dicto
1369 3526 1639 3591 Cabasila,
1673 3526 2059 3595 archiepiscopo
2096 3525 2560 3597 Tltessalonicensi,
2606 3530 2697 3596 qui
2742 3529 2841 3582 hac
2879 3530 3061 3583 eadem
3091 3540 3246 3585 atate

71 3615 185 3665 risit.
212 3613 305 3678 Qui
332 3616 432 3668 sive
462 3616 629 3685 fuerit
658 3615 821 3680 idem,
847 3616 952 3669 sive
986 3614 1144 3674 alius.
1173 3616 1277 3669 sive
1314 3622 1456 3676 ante,
1510 3616 1615 3667 sive
1652 3622 1767 3681 post
1797 3613 2073 3667 Nicolaum
2099 3630 2215 3668 eam
2260 3615 2433 3667 sedem
2472 3596 2824 3685 occupaverit,
2848 3617 2912 3670 de
2962 3635 3064 3687 quo
3101 3622 3248 3673 video

72 3705 356 3764 controverti,
396 3719 490 3756 nec
529 3713 713 3756 tamen
745 3702 1025 3756 admodum
1052 3702 1230 3769 refert.
1262 3701 1539 3771 Scripsisse
1569 3703 1827 3771 reperitur
1843 3701 1971 3756 duos
2005 3701 2317 3755 tractatttlos
2335 3711 2518 3756 contra
2544 3704 2834 3772 primatum
2859 3703 3091 3760 Romani
3120 3723 3249 3775 pott-

71 3786 206 3853 li/icis,
233 3807 352 3858 quos
395 3792 631 3844 hwretici
663 3790 1053 3844 exosculantur.
1082 3790 1236 3854 Vide,
1266 3789 1458 3851 lector,
1494 3789 1778 3859 scriptoris
1820 3788 2106 3843 Annalium
2136 3790 2600 3847 ecclesiasticarum
2628 3792 2679 3844 in
2719 3794 3031 3860 pauxillulis
3061 3795 3250 3849 verbis

72 3876 370 3941 imperitiam.
405 3879 524 3931 Non
580 3877 1008 3947 interdistingnit
1030 3879 1194 3932 etiam
1230 3878 1373 3947 quod
1406 3879 1689 3932 oculorum
1719 3895 1878 3933 sensu
1918 3880 2165 3948 percipit.
2210 3879 2358 3935 Vidit
2394 3882 2614 3935 titulum
2647 3882 2791 3944 libri,
2820 3898 2982 3951 quem
3016 3898 3249 3938 exoscu-

70 3968 215 4023 lantur
240 3970 495 4037 haeretici,
520 3979 585 4025 et
612 3985 811 4025 nomen
844 3970 1091 4025 auctoris
1117 3970 1419 4040 praeﬁxum,
1446 3972 1993 4039 et_prontpti53immn
2029 3972 2202 4026 oculis
2251 3987 2360 4027 non
2395 3974 2739 4028 internoscit.
2793 3974 2905 4029 Hoc
2935 3987 3022 4030 est
3054 3980 3106 4031 in
3133 3981 3248 4035 sole

69 4057 278 4124 caligare,
337 4069 393 4114 et
414 4060 530 4128 ipsa
587 4059 831 4113 caecitate
862 4057 1151 4113 casciorem
1204 4072 1349 4111 esse.
1381 4056 1574 4110 Libelli
1601 4068 1793 4111 contra
1831 4059 2060 4112 Romani
2095 4058 2371 4128 pontificis
2410 4061 2702 4125 primatum
2732 4070 2924 4115 auctor
2950 4064 3104 4119 Nilus
3138 4080 3244 4121 est.

70 4141 159 4197 Alis
180 4145 427 4216 pleraque
455 4128 568 4202 sub
598 4144 808 4199 Nicolai
834 4144 1098 4199 Cabasila
1154 4144 1376 4199 nomine
1404 4152 1670 4212 prostant,
1722 4146 1943 4213 passim,
1972 4152 2029 4198 et
2064 4146 2287 4213 ubique.
2320 4146 2610 4214 Perperam
2657 4162 2788 4216 ergo
2816 4148 3091 4217 judicant.
3151 4155 3244 4221 qui

71 4228 308 4310 Nicolaum
338 4249 463 4288 cum
489 4234 617 4288 Nilo
650 4233 1016 4296 confundunt,
1045 4240 1101 4287 et
1123 4231 1447 4301 Spondanus
1469 4247 1592 4285 cum
1623 4233 1751 4285 illis.
1790 4230 2013 4310 Etcum
2044 4232 2181 4286 alius
2206 4230 2481 4298 Nicolaus,
2502 4234 2644 4287 alius
2670 4233 2822 4289 Nilus
2854 4238 2960 4299 sit,
2997 4237 3043 4290 si
3073 4237 3246 4295 histo-

44 4317 186 4373 >rieus
208 4309 457 4390 expertus
480 4335 610 4376 esse
641 4320 744 4384 vis,
785 4335 1017 4390 quanam
1044 4319 1120 4374 illi
1152 4330 1310 4374 astate
1351 4320 1607 4383 vixerint,
1633 4329 1686 4373 et
1709 4318 1804 4388 qui
1849 4309 1997 4384 ante,
2060 4319 2243 4373 sedem
2284 4317 2852 4388 Thessalonicensem,
2892 4333 2947 4378 et
2974 4326 3065 4393 qui
3102 4339 3245 4394 post.

68 4407 217 4461 sedem
248 4409 913 4480 Constantinopolitanam
964 4409 1337 4477 occupaverit,
1375 4404 1723 4463 enodandutn
1782 4404 1879 4459 tibi
1929 4413 2069 4458 erat.
2115 4403 2221 4460 Sed
2259 4415 2314 4459 tu
2361 4406 2496 4459 satis
2552 4408 2805 4476 antplitcr
2858 4415 3249 4469 controversia:

69 4502 379 4569 respondisti,
402 4504 457 4556 id
481 4519 677 4573 parum
700 4503 983 4555 admodum
1012 4501 1230 4569 referre.
1258 4499 1431 4554 Aente
1470 4496 1784 4560 admodum,
1821 4497 1916 4552 sed
1944 4550 1957 4565 ,
1976 4497 2229 4553 ridicule.
2259 4498 2582 4567 Quicunque
2632 4498 2893 4571 deinceps
2945 4503 3163 4561 futurus
3203 4509 3250 4563 si

66 4584 269 4643 incertus
295 4591 528 4660 alicujus
559 4591 846 4643 sententia:
874 4588 1061 4653 fuerit,
1093 4586 1158 4641 ad
1186 4585 1529 4642 cvellendum
1560 4584 1880 4651 scrupulum
1925 4598 2185 4653 responso
2224 4582 2329 4638 hoc
2382 4582 2750 4652 Spondanico.
2781 4587 3057 4655 ampliter,
3085 4602 3139 4646 et
3184 4610 3252 4648 (τι

66 4674 247 4727 oraculo
270 4676 608 4739 satisfaciet;
640 4675 696 4726 id
717 4690 906 4745 parum
937 4674 1218 4726 admoilum
1245 4674 1460 4743 referre.
1495 4669 1745 4726 Nicolaus
1791 4671 1970 4740 plura,
1999 4672 2094 4725 sed
2114 4671 2336 4740 fuligine
2352 4672 2648 4725 schismatis
2688 4670 2987 4729 ercaniri
3014 4678 3249 4746 perfusa.

66 4757 194 4815 Plura
228 4763 533 4833 scripsisse,
569 4777 759 4816 verum
809 4770 917 4824 est,
948 4775 1069 4830 qua:
1092 4761 1347 4815 catholici
1381 4761 1435 4815 iit
1457 4760 1693 4830 linguam
1727 4758 1975 4812 Latinam
2006 4773 2187 4821 versa,
2218 4759 2297 4812 uti
2328 4758 2611 4813 catholicis
2650 4772 2838 4815 contra
2865 4762 3246 4819 haereticorum

64 4844 379 4904 deliramenta
421 4858 735 4918 opportuna
764 4858 927 4916 atque
962 4846 1323 4902 conducibilia
1359 4846 1669 4902 ediderant.
1701 4846 1764 4900 Et
1827 4848 1871 4901 si
1899 4845 2031 4915 quid
2064 4845 2139 4899 illi
2173 4845 2377 4901 excidit
2399 4846 2640 4908 incauto,
2690 4850 2834 4915 quod
2864 4853 3140 4908 nonnullis
3166 4858 3249 4907 vi-

64 4926 280 5008 sum‘est,
309 4952 416 4991 non
449 4936 590 4991 satis
624 4945 683 4989 ut
710 4934 966 4990 omnibus
1018 4944 1219 4997 tutum,
1249 4933 1413 4988 iidem
1446 4934 1549 5003 ipsi
1578 4934 1834 4988 catholici
1871 4949 2136 4987 excusare
2169 4934 2352 4987 conati
2386 4942 2535 4987 sunt.
2569 4933 2674 4987 Sed
2715 4935 2853 4989 dixit
2886 4938 3072 4993 nescio
3102 4941 3250 5009 quis,

65 5038 148 5076 non
177 5027 471 5083 deulbarenl
498 5028 820 5099 EthiOpem.
858 5026 975 5082 Non
1025 5041 1239 5096 semper
1267 5027 1446 5093 feriet,
1485 5027 1848 5098 quodcunque
1895 5025 2193 5080 minabitur
2220 5042 2404 5083 arcus.
2441 5027 2509 5083 Et
2554 5027 2879 5098 Spondanus
2925 5032 3041 5100 ipse
3083 5034 3134 5086 in
3170 5036 3254 5087 his

62 5113 154 5165 suis
180 5114 474 5171 Annalibus
500 5126 640 5186 quot
668 5115 968 5179 mendacia,
1011 5126 1145 5185 quot
1171 5116 1327 5179 falsa,
1356 5126 1489 5184 quot
1516 5132 1799 5187 perperam
1825 5122 1880 5169 ct
1906 5131 1973 5169 cx
2003 5114 2221 5185 ingenio
2253 5116 2583 5181 insimulata,
2604 5118 2834 5186 maligne
2859 5128 3021 5190 atque
3049 5124 3253 5177 calum-

64 5197 187 5252 niose
213 5205 548 5274 conspergit,
578 5219 700 5273 quae
731 5203 985 5257 volumen
1020 5202 1322 5271 requirant,
1354 5215 1407 5257 et
1427 5204 1613 5259 nescio
1641 5221 1708 5259 an
1780 5206 1943 5259 etiam
1971 5213 2266 5275 expurgata
2315 5206 2725 5260 aestimationem
2763 5213 3254 5264 commorerentur?

64 5280 181 5341 Nihil
206 5288 384 5359 itaque
434 5290 650 5345 Nicolai
680 5297 785 5353 est,
818 5289 958 5358 quod
993 5290 1284 5358 primatum
1317 5290 1473 5359 Papia
1530 5292 1770 5345 invadat.
1807 5291 1871 5344 Et
1932 5292 2235 5345 Demetrius
2271 5292 2369 5345 iste
2390 5290 2676 5361 ,Cydonins
2712 5311 2819 5348 non
2871 5296 3092 5365 scripsit
3157 5315 3254 5364 pro

66 5377 218 5429 tincto
247 5376 455 5432 Thema
496 5386 687 5431 contra
735 5377 1041 5438 Nicolaum,
1101 5378 1194 5445 qui
1235 5392 1513 5446 nunquam
1551 5378 1604 5431 in
1660 5379 1863 5432 dictum
1903 5388 2149 5443 sanctum
2189 5378 2428 5446 linguam
2459 5381 2695 5441 exacuit.
2730 5383 2823 5435 sed
2855 5393 3042 5437 contra
3073 5384 3251 5437 Nilum

68 5462 134 5531 [ui
164 5463 212 5517 id
241 5477 446 5535 egerat,
514 5476 577 5519 ut
610 5480 676 5519 ex
713 5464 887 5518 titulis
911 5464 1203 5529 librorum,
1242 5466 1335 5534 qui
1365 5464 1434 5520 ad
1465 5467 1548 5521 ltu:

1775 5475 2129 5537 tsupersunt,
2173 5466 2446 5535 colligitur
2502 5468 2606 5537 (ti).
2655 5472 2965 5542 Δημητρίου
3012 5471 3106 5524 τοῦ
3144 5475 3255 5526 Κυ-

116 5640 182 5712 tq)
208 5639 402 5712 Editus
434 5641 503 5695 ab
535 5640 735 5695 Allatio
759 5649 803 5712 t.
831 5639 876 5694 ll
911 5638 1126 5712 Crescite
1159 5641 1485 5712 orthodosgce.
1748 5647 1841 5709 -(s)
1872 5644 2162 5710 llenricum
2196 5644 2550 5712 Spondanum
2582 5647 2765 5712 dicere
2792 5649 2965 5703 voluit
2998 5651 3252 5707 Allatins.

112 5704 174 5776 (ri
204 5711 552 5792 [fosscvlnuso
576 5712 628 5763 in
657 5711 915 5792 gatalogo
962 5711 1203 5792 codicem
1237 5727 1367 5792 mss:
1396 5704 1594 5792 Biblio-
1724 5712 1747 5792 ’ί
1876 5705 2183 5792 [Eumenius
2224 5704 2520 5792 Cydonius,
2545 5706 2807 5771 adversus
2830 5735 2991 5787 quem
3037 5704 3255 5792 scripsit

75 5772 202 5831 sese
231 5781 286 5833 S.
321 5782 514 5856 hiat-ite
540 5782 594 5834 iu
654 5772 934 5856 Yalliceflla
965 5780 1051 5856 .in
1080 5783 1234 5856 urbe,
1277 5782 1443 5837 refert
1502 5784 1593 5838 Ni-
1702 5772 2215 5856 altl‘rx~l_)cttt_etrttts.
2247 5772 2621 5856 Citrysolo'ras.

77 5856 146 5899 lltll
175 5860 355 5904 contra
390 5850 756 5903 Barlaamitas
785 5858 840 5903 ct
880 5850 1307 5918 Acimlynianos.
1719 5869 1724 5872 ·
1775 5859 1852 5924 (μ)
1884 5854 2011 5909 Vide
2050 5857 2245 5909 Allstiu
2271 5878 2329 5924 ιι,
2364 5850 2442 5908 De
2476 5874 2749 5925 consensu,
2776 5859 2873 5914 lib.
2911 5877 2968 5924 ιι,
3013 5879 3059 5917 c.
3096 5865 3178 5916 12.

300 6015 305 6020 ,
347 5950 621 6007 rarae...
665 5950 772 6006 Gtt.
826 5943 1090 6006 cxux.
1462 5941 1471 5951 '
1825 5992 1831 5996 .
2782 5955 2860 6011 2:
