3900 6568
237 474 328 537 717

1429 477 1528 536 DE
1569 475 1912 537 PRIMATU
1983 456 2214 536 PAF/li.

3330 469 3440 536 7l8

238 588 444 657 ἑκούσης
499 586 770 657 Γορτύνης
821 589 917 654 τῆς
963 590 1106 644 κατὰ
1167 589 1393 660 Κρήτην
1451 591 1769 652 ἐπίσκοπον,

1879 585 2089 650 brevis,
2125 594 2236 640 tota
2268 599 2398 639 vero
2443 584 2499 638 in
2537 582 2940 639 constituendis
2970 581 3274 640 canonibus
3326 583 3451 642 fuit.

236 683 393 750 πάσης
423 682 491 732 ’ὲν
519 683 582 748 τῇ
639 680 839 751 συνόδῳ
865 682 961 749 τῆς
998 681 1138 736 κατὰ
1173 683 1396 754 Ῥώμην
1447 683 1772 756 Ἐκκλησίας

234 775 316 828 τὶν
341 771 494 824 τόπον
521 770 788 842 ἐπέχοντα
807 789 823 804 ο
857 773 1018 843 δῆλον
1048 775 1106 828 δὲ
1142 776 1235 829 καὶ
1266 776 1324 840 ἐξ
1367 771 1442 829 ὧν
1473 777 1610 846 αὑτὴ
1650 779 1776 846 περὶ

235 863 414 932 ἑαυτῆς
471 864 712 933 συνεχῶς
762 865 1080 933 φθέγγεται,
1138 869 1523 940 οίκουμενικὴν
1576 870 1776 939 ἑαυτὴν

233 955 575 1022 όνομάζουσα.
625 955 741 1010 Οὐκ
791 957 858 1011 ἂν
890 958 944 1010 δὲ
986 960 1281 1029 ήνέσχοντο
1328 962 1487 1030 χορὸς
1514 963 1774 1032 ῐῐατέρων

234 1047 464 1108 τοσοῦτος
495 1046 800 1116 ἐπιφανοῦς
841 1049 986 1104 οὕτω
1031 1052 1263 1121 ψεύδους
1303 1054 1530 1107 ἁλῶναι.
1560 1055 1634 1107 Οὐ
1671 1058 1776 1123 μὴν

233 1136 352 1187 ἀλλὰ
379 1136 467 1187 καὶ
500 1137 531 1206 ή
564 1138 696 1206 ἁγία
721 1142 816 1194 καὶ
850 1142 1204 1214 οίκουιιενικὴ
1240 1144 1440 1214 ἑϐδόμη
1473 1144 1690 1208 σύνοδος
1720 1151 1776 1200 ὲν

232 1229 299 1295 τῷ
339 1228 531 1299 πρώτῳ
565 1231 734 1300 αὐτῆς
779 1236 964 1286 κανόνι
1012 1237 1189 1288 τοιάδε
1225 1238 1428 1304 φησίνο
1497 1257 1514 1287 ι
1572 1239 1774 1292 Ἀσπα-

235 1322 347 1380 suo;
377 1321 495 1380 τοὺς
531 1321 710 1384 θείους
754 1326 985 1388 κανόνας
1017 1329 1490 1399 ὲνστερνιζόμεθα,
1535 1333 1630 1383 καὶ
1661 1333 1777 1384 ὁλό-

234 1415 410 1484 κληρον
460 1415 559 1486 τὴν
617 1417 798 1470 αὐτῶν
847 1419 1124 1487 διαγωγὴν
1169 1422 1280 1489 (12)
1337 1425 1430 1476 καὶ
1480 1424 1776 1478 ἀσάλευτον

233 1506 572 1572 κρατύνομεν,
627 1508 736 1562 τῶν
776 1511 1109 1566 ἐκτεθέντων
1159 1515 1264 1566 ὑπὸ
1298 1517 1408 1568 τῶν
1457 1517 1774 1584 σαλπίγγων

231 1597 312 1648 τοῦ
340 1598 464 1649 Πνεί
477 1615 669 1666 ματος,
695 1601 790 1652 καὶ
829 1605 936 1654 τῶν
983 1604 1226 1668 τοπικῶς
1283 1599 1775 1676 συναθροισθεισῶν

233 1691 312 1741 ἐπὶ
336 1690 536 1744 ἐκδόσει
559 1694 820 1748 τοιούτων
847 1696 1162 1765 δογμάτων,
1197 1703 1289 1752 καὶ
1318 1701 1426 1754 τῶν
1457 1703 1629 1767 ἁγίων
1662 1705 1773 1755 Πα-

219 1783 356 1851 ,τριῖιν
381 1784 557 1854 ήμῶν.
611 1786 702 1851 Ἐξ
737 1788 856 1850 ἑνδς
904 1791 1013 1859 γὰρ
1044 1789 1284 1855 ἅπαντες
1327 1793 1418 1846 καὶ
1465 1793 1558 1847 τοῦ
1609 1797 1773 1848 αὑτοῦ

230 1877 518 1946 Πνεύματος
569 1881 964 1950 αὖγασθέντες,
1017 1883 1226 1955 ὥρισαν
1275 1885 1344 1938 τὰ
1395 1889 1770 1959 συμφέροντα.

234 1971 326 2021 Καὶ
353 1969 468 2033 οὓς¹
489 1972 589 2041 μὲν
623 1975 926 2044 ἁναθέματι
959 1977 1415 2047 παραπέμπουσι,
1471 1981 1566 2034 καὶ
1613 1980 1775 2052 ἡμεῖς

233 2062 685 2134 ἁναθεματίζομεν
712 2083 725 2097 ·
767 2065 860 2130 οὓς
911 2066 964 2120 δὲ
993 2068 1071 2138 τῷ
1119 2070 1433 2141 ἀφορισμῷ,
1491 2075 1583 2125 καὶ
1613 2076 1777 2146 ἡμεῖς

234 2154 540 2224 ἀφορίζομεν
565 2175 580 2188 ·
619 2157 717 2221 οὒς
763 2160 816 2212 δὲ
845 2164 912 2230 τῇ
962 2162 1305 2232 καθαιρέσει,
1342 2168 1436 2218 καὶ
1473 2170 1631 2236 ἡμεῖς
1679 2189 1777 2224 κα-

231 2244 504 2316 θαιροῦμεν
529 2266 541 2278 ο
576 2249 674 2314 οὓς
703 2251 759 2304 δὲ
787 2254 1051 2326 ἐπιτιμίῳ
1081 2257 1464 2325 παραδιδόασι,
1493 2261 1589 2314 καὶ
1615 2263 1776 2331 ἡμεῖς

231 2339 468 2403 ὡσαύτως
494 2341 895 2414 ὑποϐάλλομεν.
942 2346 1341 2418 Ἀφιλάργυρος
1370 2355 1477 2419 γὰρ
1503 2355 1528 2405 ὁ
1552 2353 1774 2423 τρόπος,

234 2434 532 2500 ἀρκούμενοι
585 2436 705 2499 τοῖς
759 2437 1048 2507 παροῦσιν,
1081 2440 1108 2492 ὁ
1153 2439 1404 2512 βεϐηκὼς
1452 2443 1532 2505 είς
1589 2445 1775 2514 τρίτον

233 2525 434 2592 οὐρανὸν
463 2527 554 2579 καὶ
575 2516 823 2590 ἀκούσας
845 2530 1056 2601 ἄρρητα
1075 2532 1317 2600 ῥήματα,
1343 2531 1551 2596 Παῦλος
1579 2536 1605 2586 ό
1635 2535 1775 2598 θεῖος

236 2616 501 2676 ἀπόστολος
536 2617 840 2689 διαρρήδην
872 2621 989 2689 βοᾷ.
1034 2637 1051 2670 ο
1094 2621 1155 2672 Εἰ
1187 2621 1242 2673 δὲ
1273 2622 1369 2674 καὶ
1401 2624 1645 2676 κανόνων
1683 2626 1778 2694 μέ-

237 2724 412 2777 μνηται
445 2711 476 2777 ή
514 2709 649 2776 ἁγία
680 2709 898 2771 σύνοδος
926 2709 1063 2778 αὕτη
1096 2712 1203 2784 τῶν
1235 2715 1607 2784 πανευφήμων
1639 2716 1777 2768 ἁπο-

235 2798 429 2862 στὸὶων,
455 2799 557 2852 τῶν
581 2817 645 2851 τε
677 2797 734 2865 ἒξ
766 2800 939 2867 ἁγίων
961 2803 1056 2853 καὶ
1083 2773 1482 2872 οίκουμενικῶν
1513 2806 1772 2882 συνόδων,

233 2891 288 2956 τῇ
315 2889 364 2941 δὲ
389 2891 584 2958 κυρίως
603 2890 746 2960 εκτη
777 2890 908 2960 περὶ
939 2891 1180 2943 κανόνων
1202 2893 1468 2964 ἐμέλησεν
1498 2895 1771 2965 ούδαμῶςο

231 2982 330 3042 πῶς
355 2983 410 3034 οὐ
450 2983 740 3053 πρόδηλον,
775 2981 850 3048 ὡς
884 2985 1012 3052 περὶ
1052 2985 1162 3035 τῶν
1204 2987 1448 3038 κανόνων
1483 2988 1582 3056 τῆς
1616 2989 1775 3040 συνό-

230 3073 310 3126 δου
353 3076 545 3143 ταύτης
594 3076 782 3145 φησὶν,
818 3079 852 3148 ἢ
880 3076 942 3128 τὸ
971 3076 1069 3152 τῆς
1097 3076 1266 3145 ἕκτης
1317 3078 1493 3142 ἐνδεὲς
1527 3081 1776 3152 ἀναπλη-

233 3165 430 3234 ρὼπασα
461 3169 714 3238 φαίνεται
733 3187 749 3237 ;

500 3275 528 3296 Ι

291 3438 356 3492 Τδ
379 3439 430 3492 δὲ
458 3446 549 3494 καὶ
579 3439 888 3509 ἁναθέματι
916 3441 1309 3511 παραδεδόσθαι
1356 3441 1482 3505 τοὺς
1509 3442 1574 3496 τὰ
1609 3459 1771 3496 κανο-

230 3528 341 3581 νικὰ
381 3531 435 3582 ἑν
471 3530 652 3584 οὐδενὶ
692 3529 835 3601 λόγῳ
867 3531 1222 3600 ποιουμένους
1271 3533 1624 3603 θεσπίσματα
1657 3535 1776 3598 πῶς

1802 3292 1846 3349 C

227 3619 284 3670 οὗ
319 3621 512 3690 σφόδρα
558 3622 817 3691 φοϐερὸν,
845 3623 939 3675 καὶ
966 3621 1147 3693 ψυχῆς
1185 3623 1394 3694 λιθίνης
1446 3625 1774 3678 καθικέσθαι
1797 3629 1808 3634 “

228 3714 535 3784 δυνάμενονς
562 3715 724 3771 Οὕτω
755 3717 812 3770 δὲ
841 3717 967 3776 τοὺς
1011 3717 1245 3784 κανόνας
1289 3718 1512 3784 τούτους
1550 3721 1776 3790 κυρίους

235 3807 394 3874 ἠγεῖτο
422 3811 512 3864 καὶ
545 3813 572 3863 ὃ
618 3811 718 3879 τῆς
757 3810 980 3888 Ῥώμης
1014 3812 1328 3877 ἐπίσκοπος,
1373 3795 1475 3876 ἕως
1517 3813 1582 3867 ἂν
1615 3817 1671 3868 ἐν
1702 3803 1776 3866 ei?

232 3901 352 3970 ρήνη
379 3902 442 3954 τὰ
475 3901 916 3971 ἐκκλησιαστικὰ
951 3903 1222 3957 διετέλουν
1252 3904 1404 3969 ὄντα,
1440 3905 1514 3968 ὡς
1561 3905 1656 3958 καὶ
1684 3908 1776 3958 τὸν

236 3992 440 4046 πάππαν
475 3995 761 4065 Ἀδριανδν
791 3996 1051 4067 Ταρασίῳ
1081 3997 1383 4064 γράφοντα,
1417 3999 1474 4049 ὲν
1498 3997 1776 4066 θαύματος

232 4082 367 4146 ἆγειν
393 4083 457 4135 τὰ
486 4086 610 4136 κατ’
645 4085 827 4147 αὑτὸν,
864 4085 1172 4153 ἐμμένοντα
1219 4088 1327 4147 τοῖς
1355 4087 1460 4138 ὑπὸ
1491 4087 1585 4154 τῆς
1615 4087 1776 4154 ἁγίας

231 4175 410 4245 ταύτης
453 4180 680 4232 συνόδου
738 4181 1037 4241 κανονικὼς
1088 4180 1409 4250 ὁρισθεῖσιν.
1478 4181 1775 4248 ’Δνάγνωοι

230 4267 324 4318 ἀπὸ
349 4271 450 4322 τῶν
494 4271 823 4342 Πρακτικῶν
853 4273 950 4340 τῆς
985 4271 1221 4338 ἐὸδόμης
1267 4271 1507 4334 συνόδου,
1541 4273 1650 4325 ἀπὸ
1676 4273 1776 4339 τῆς

232 4361 490 4432 ἐπιστολῆς
513 4363 608 4417 τοῦ
631 4365 829 4418 πάππα
861 4364 1138 4433 ’Δδριανοῦ
1167 4362 1301 4433 πρὸς
1325 4364 1600 4432 Ταρὰςιον
1626 4365 1778 4416 Κων-

235 4458 740 4519 σταντινουπόλεως,
772 4457 944 4510 ταῦτα
968 4473 981 4486 ο
1020 4476 1036 4506 ι
1069 4455 1316 4526 Εὖρομεν
1349 4456 1406 4508 δὲ
1449 4457 1508 4509 ὲν
1550 4460 1616 4526 τῇ
1647 4474 1777 4527 προ-

233 4553 478 4622 ειρημένῃ
503 4549 764 4618 ἐπιστολῇ
800 4553 865 4619 τῇ
895 4551 1143 4618 συνοδικῇ
1169 4550 1269 4618 τῆς
1298 4549 1570 4619 ὑμετέρας
1605 4551 1775 4618 ἁγιω-

1879 680 2033 747 Quod
2055 688 2236 758 autem
2257 679 2419 735 etiam
2439 681 2774 735 oecumeniea
2796 680 2978 741 fuerit.
2995 679 3341 735 manifestum
3368 689 3454 734 est

1877 773 2041 828 etiam
2063 789 2128 828 ex
2157 773 2386 828 historia
2411 773 2592 828 Basilii
2617 774 2850 829 habente
2863 772 3130 845 Gortynes
3151 790 3272 844 quae
3291 783 3378 829 est
3398 776 3450 829 in

1879 865 2040 920 Creta
2099 867 2440 936 episcopum,
2486 868 2654 920 totius
2703 866 2758 920 in
2793 867 3003 936 synodo
3036 870 3178 938 apud
3223 866 3449 920 Romam

1880 958 2136 1012 Ecclesiae
2187 960 2364 1012 l0cum
2415 967 2712 1014 tenentem.
2768 960 2996 1014 Constat
3039 959 3204 1014 etiam
3257 976 3324 1013 ex
3357 975 3446 1022 eo,

1878 1049 2024 1118 quod
2055 1052 2169 1115 ipsa
2212 1050 2473 1122 synodus,
2510 1051 2578 1105 de
2609 1067 2667 1106 se
2696 1052 2960 1107 continue
3002 1051 3255 1121 loquens,
3299 1066 3448 1105 ωου-

1877 1143 2146 1196 menicam
2199 1143 2432 1213 seipsam
2483 1155 2660 1199 vocat.
2692 1145 2878 1214 Neque
2924 1161 3056 1200 vero
3085 1144 3451 1198 commisisset

1878 1233 2017 1293 adeo
2052 1232 2309 1301 frequens
2338 1241 2395 1286 et
2422 1233 2660 1287 celebris
2694 1234 2914 1287 Patrum
2949 1242 3128 1288 castus
3159 1241 3218 1285 ut
3253 1234 3306 1284 in
3340 1241 3448 1284 tam

1879 1336 2068 1390 aper;o
2128 1323 2415 1377 mendacio
2452 1321 2977 1392 deprehenderetur.
3041 1322 3212 1376 Porro
3261 1331 3449 1376 sancta

1877 1415 2043 1467 etiam
2089 1423 2252 1484 atque
2303 1415 2639 1470 aaeumenira
2686 1414 2916 1484 septima
2974 1414 3217 1484 synodus
3271 1415 3451 1484 primo

1878 1521 2087 1561 canone
2119 1507 2194 1560 ita
2218 1506 2295 1561 ait
2323 1525 2336 1560 ι
2364 1527 2381 1556 ι
2409 1496 2666 1572 Libenter
2691 1509 2978 1576 obviisque
2999 1508 3144 1562 ulnis
3165 1507 3453 1577 amplecti-

1879 1613 2003 1651 mur
2041 1613 2226 1652 sacros
2273 1613 2534 1660 canones,
2566 1598 2902 1669 firmumque
2951 1609 3008 1654 et
3055 1599 3446 1654 inconcussum

1877 1707 2068 1746 eorum
2133 1703 2416 1754 tenorem;
2467 1694 2812 1759 roboranius,
2860 1710 2980 1764 qua:
3034 1693 3280 1762 exposita
3319 1705 3451 1748 sunt

1879 1799 1910 1837 a
1974 1784 2122 1839 tubis
2183 1784 2461 1854 Spiritus,
2525 1798 2580 1840 et
2635 1787 2700 1841 iis
2761 1787 2852 1856 qui
2916 1786 3167 1842 localiter
3221 1802 3453 1857 congre-

1879 1876 1986 1944 gati
2029 1876 2253 1930 fuerunt
2291 1877 2356 1931 ad
2385 1878 2595 1932 edenda
2626 1878 2895 1949 ejusmodi
2929 1877 3202 1948 dogmata,
3236 1889 3292 1935 et
3316 1895 3449 1935 san-

1878 1968 1980 2021 ctis
2013 1967 2288 2021 Patribus.
2322 1967 2396 2021 Ex
2433 1983 2542 2022 uno
2574 1968 2720 2022 enim
2747 1967 3052 2034 eodemque
3091 1967 3294 2036 Spiritu
3327 1969 3452 2022 illn-

1876 2059 2054 2124 strati,
2084 2060 2239 2113 utilia
2275 2059 2660 2116 decreverunt.
2697 2061 2762 2114 Et
2805 2076 2945 2130 quos
2989 2061 3066 2116 illi
3113 2062 3447 2117 anathemati

1879 2151 2252 2215 tradiderunt,
2295 2167 2394 2205 nos
2442 2152 2605 2205 etiam
2663 2151 2959 2216 tradimus;
3013 2167 3149 2221 quos
3197 2166 3452 2222 segrego-

1878 2253 2030 2307 runt,
2065 2254 2119 2297 et
2143 2258 2245 2297 nos
2274 2259 2656 2314 segregamus;
2682 2259 2821 2314 quos
2850 2243 3243 2311 deposuerunt,
3277 2246 3446 2300 etiam

1877 2347 1978 2385 nos
2007 2331 2370 2402 deponimus;
2400 2333 2638 2402 denique
2681 2347 2820 2401 quos
2874 2331 2997 2386 aliis
3039 2334 3216 2401 penis
3253 2332 3453 2386 multa-

1879 2433 2027 2483 runt.
2047 2435 2101 2477 et
2126 2441 2224 2478 nos
2242 2424 2496 2479 similiter
2521 2423 3039 2490 multamuquores
3059 2425 3204 2478 enim
3232 2424 3446 2492 piorum

1878 2516 2080 2571 debent
2098 2531 2216 2570 esse
2237 2532 2265 2569 a
2286 2516 2645 2584 pecuniarum
2667 2516 2969 2585 cupiditate
2996 2516 3181 2577 alieni,
3202 2517 3451 2571 contenti

1879 2627 1976 2665 sua
2001 2619 2181 2676 sorte;
2211 2609 2673 2680 quemadmodum
2695 2610 2748 2664 in
2771 2610 2993 2664 tertium
3016 2610 3213 2672 caelum
3243 2620 3450 2679 raptus,

1877 2703 2081 2770 quique
2108 2701 2405 2755 iuellabilia
2428 2699 2594 2755 verba
2613 2699 2845 2763 audivit,
2873 2699 3089 2754 divinus
3120 2700 3209 2754 ille
3238 2710 3457 2770 aposto-

1877 2792 1962 2848 lus
1981 2794 2202 2855 Paulus,
2233 2801 2420 2862 aperte
2450 2793 2668 2846 clamat.
2691 2811 2712 2843 ο
2737 2790 2791 2846 Si
2815 2806 2944 2846 vero
2969 2800 3155 2846 sancta
3183 2792 3300 2847 haec
3327 2811 3456 2865 syn-

1877 2888 2016 2942 odus
2049 2888 2380 2942 mentionem
2429 2886 2558 2941 facit
2591 2899 2860 2940 canonum
2901 2886 3344 2953 apostolicorum.
3376 2889 3456 2942 si-

1877 2973 2099 3050 mulque
2123 2995 2215 3034 sex
2240 2987 2553 3032 sanctorum
2578 2988 2742 3047 atque
2771 2979 3242 3033 meumenicorum
3267 2981 3456 3036 conci-

1876 3071 2076 3126 liorum
2106 3089 2120 3124 :
2157 3081 2310 3125 sexta
2336 3082 2514 3124 autem
2545 3072 2788 3141 synodus
2820 3073 3034 3141 proprie
3055 3073 3126 3126 ita
3146 3072 3314 3136 dicta,
3339 3075 3460 3128 nul-

1876 3165 1959 3219 los
1990 3165 2214 3218 omnino
2249 3179 2491 3219 canones
2517 3165 2940 3233 conscripserit;
2975 3165 3192 3220 cuinam
3222 3165 3450 3220 dubium

1879 3271 2001 3311 esse
2027 3256 2387 3325 potest.quod
2420 3255 2486 3310 de
2531 3256 2835 3310 canonibus
2860 3256 3022 3327 hujus
3045 3256 3236 3328 synodi
3264 3259 3454 3328 loqua-

1879 3357 1988 3413 tur,
2005 3363 2128 3417 quze
2154 3346 2204 3402 id
2233 3347 2376 3416 quod
2404 3357 2570 3402 sexta:
2591 3348 2781 3403 deerat
2808 3349 3145 3416 supplevisse
3167 3351 3452 3404 cernitur!

1947 3438 2104 3509 Quod
2167 3455 2300 3495 vero
2350 3441 2686 3496 anathemati
2741 3440 3030 3495 tradantur
3059 3443 3451 3498 cauoniearum

1879 3533 2332 3588 constitutionum
2391 3541 2840 3603 contemptores:
2870 3550 2979 3604 quo
3037 3545 3195 3603 pacto
3231 3551 3339 3589 non
3377 3539 3450 3591 sit

1880 3623 2148 3688 terribile,
2203 3634 2256 3678 et
2312 3624 2396 3679 vel
2453 3639 2674 3678 saxeum
2715 3639 2810 3679 cor
2842 3628 3133 3694 penetret?
3159 3625 3300 3692 Quin
3336 3629 3451 3682 imo

1873 3715 2042 3769 etiam
2080 3716 2197 3784 ipse
2241 3713 2520 3768 Romanus
2559 3715 2852 3786 episc0pus
2913 3732 3084 3787 usque
3119 3720 3257 3773 adeo
3287 3721 3453 3776 hosce

1879 3821 2121 3861 canones
2181 3814 2328 3860 ratos
2395 3805 2608 3869 habuit,
2651 3806 2891 3876 quamdiu
2926 3823 3028 3877 pax
3063 3818 3120 3863 et
3151 3812 3447 3867 corneordia

1879 3900 2024 3952 inter
2050 3897 2325 3953 Ecclesias
2355 3899 2546 3968 viguit,
2571 3908 2706 3952 utet
2743 3915 2880 3968 papa
2917 3900 3192 3956 Adrianus
3223 3903 3450 3960 Tarasio

1879 3991 2130 4044 scribens
2165 4006 2517 4059 summepcre
2557 4007 2681 4044 eum
2717 3992 2988 4057 laudaret,
3045 3995 3192 4064 quod
3227 3997 3280 4050 in
3317 4012 3452 4051 san-

1879 4089 1980 4135 eta:
2034 4082 2196 4150 hujus
2234 4082 2426 4151 synodi
2463 4083 2851 4136 canonicorum
2887 4083 3234 4138 decretorum
3257 4090 3448 4143 obser-

1880 4175 2100 4227 vatione
2151 4176 2490 4240 persisteret.
2521 4173 2661 4242 Lege
2681 4188 2746 4228 ex
2774 4176 2923 4229 Actis
2952 4177 3200 4241 septima:
3227 4183 3447 4250 synodi,

1877 4280 1945 4319 ex
1997 4265 2226 4334 epistola
2287 4281 2436 4334 papa:
2464 4265 2685 4320 Adriani
2719 4265 2784 4319 ad
2819 4266 3101 4322 Tarasium
3132 4269 3450 4328 Constanti-

1881 4337 2144 4426 nopoleos
2197 4362 2515 4426 episcopum
2571 4360 2774 4425 scripta
2834 4359 2886 4412 in
2920 4359 3069 4414 hunc
3095 4363 3323 4418 modum
3364 4384 3375 4418 :
3421 4385 3439 4416 ι

1879 4451 2198 4505 invenimus
2249 4451 2303 4505 in
2350 4451 2607 4520 pradicta
2657 4452 2916 4522 synodica
2964 4455 3198 4523 epistola
3246 4457 3448 4515 Vestrae

1883 4540 2225 4607 Sanetitatis,
2256 4551 2380 4609 post
2411 4541 2808 4610 plenitudinem
2845 4542 2970 4599 ﬁdei
2995 4560 3060 4598 ex
3097 4535 3446 4606 conl‘eSsione
3530 4548 3535 4553 ’

233 4640 378 4710 σύνης
419 4642 555 4710 μετὰ
583 4642 646 4692 τὸ
669 4639 943 4710 πλήρωμα
966 4640 1062 4710 τῆς
1093 4640 1324 4703 πίστεως
1353 4643 1451 4708 τῆς
1483 4641 1774 4709 ὁμολογίας

1881 4634 2019 4686 sacri
2053 4633 2309 4705 symboli,
2345 4644 2400 4689 et
2449 4635 2694 4690 omnium
2761 4647 3077 4694 sanctorum
3117 4656 3212 4696 sex
3264 4649 3445 4698 conci-

228 4731 312 4783 τοῦ
342 4733 480 4802 ἱεροῦ
513 4733 812 4800 ςυμϐόλου,
848 4733 943 4785 καὶ
975 4731 1165 4784 πασῶν
1194 4732 1302 4784 τῶν
1348 4732 1521 4800 ἁγίων
1555 4731 1614 4797 ἐξ
1649 4751 1773 4786 συνκ

229 4822 366 4889 όδων,
406 4827 498 4878 καὶ
525 4826 661 4895 περὶ
687 4824 796 4877 τῶν
840 4824 1001 4894 ἱερῶν
1045 4824 1136 4875 καὶ
1165 4823 1380 4875 σεπτῶν
1407 4827 1774 4894 χαρακτήρων

226 4913 397 4986 θαῦμα
428 4919 691 4982 αἰνέσεως
731 4919 828 4971 καὶ
858 4915 1236 4986 περιπτύξεως
1289 4915 1459 4980 ἄξιον.
1499 4917 1774 4985 περιέχον.

235 5011 304 5062 ὅτι
331 5014 430 5066 Καὶ
455 5016 522 5068 τὰ
552 5014 657 5066 ὑπὸ
703 5013 798 5083 τῆς
832 5011 999 5080 αὐτῆς
1033 5010 1194 5077 ἁγίας
1223 5009 1386 5078 ἕκτης
1419 5008 1637 5061 συνόδου
1687 5009 1776 5060 δέ-

236 5121 382 5173 χομαι
423 5109 559 5176 μετὰ
587 5107 807 5159 πάντων
836 5104 948 5157 τῶν
987 5102 1264 5172 ὲνθέσμως
1302 5102 1396 5154 καὶ
1426 5100 1658 5162 setosa,-
1688 5104 1778 5153 ἐκ-

235 5199 573 5266 φωνηθέντων
601 5196 731 5266 παρ’
761 5196 934 5265 αὐτῆς
972 5195 1238 5256 κανόνων,
1281 5193 1337 5243 ἐν
1367 5187 1446 5251 οἷς
1477 5193 1777 5260 ὲμζίρετιιι

235 5285 282 5336 ἓν
315 5305 415 5341 τισι
461 5290 570 5343 τῶν
605 5289 816 5342 σεπτῶν
865 5287 1090 5360 εἰκόνων
1135 5286 1394 5356 γραφαῖς,
1445 5285 1638 5351 Ἀμνός
1680 5286 1774 5336 δα-

237 5379 396 5450 κτύλῳ
420 5381 510 5435 τοῦ
535 5383 850 5454 Προδρόμου
863 5381 1217 5448 δεικνύμενος
1250 5378 1662 5448 ἐγχαράττεται.
1681 5382 1777 5442 Ὃς

237 5469 492 5532 εἰς’τύπον
545 5474 871 5544 παρελήφθη
930 5473 1027 5540 τῆς
1081 5471 1326 5541 χάριτος,
1383 5471 1475 5522 τὸν
1521 5470 1776 5538 ἀληθινὸν

237 5563 353 5630 ἡμῖν
381 5565 464 5620 διὰ
501 5569 664 5640 νόμου
704 5569 1126 5637 προῦποφαίνων
1177 5565 1370 5634 ἀμνὸν,
1418 5565 1651 5634 Χριστὸν
1685 5563 1776 5616 τὸν

237 5695 382 5773 τύπον
413 5701 687 5773 ἐπέχοντα.
747 5705 824 5759 Ex
855 5717 922 5756 eo
954 5701 1171 5772 probat,
1204 5710 1412 5773 sextam
1460 5697 1606 5773 illam
1651 5713 1778 5769 syn-

233 5765 385 5842 odum
413 5765 802 5828 mcu‘menicam
831 5765 999 5826 fuisse
1033 5773 1178 5842 quod
1216 5771 1473 5842 Basilium
1506 5765 1777 5842 Gortyites

239 5838 526 5908 g'pt'seopum
562 5843 834 5902 habuerit.
890 5843 982 5913 qui
1036 5838 1263 5896 Romani
1296 5838 1774 5913 episcopi__locum

240 5907 366 5959 mea
397 5907 628 5968 tenebat.
683 5907 924 5985 Ἔχουσα
951 5913 1172 5968 omnino
1208 5907 1395 5965 verunt
1426 5920 1529 5964 est.
1560 5907 1691 5962 Nam
1727 5909 1773 5961 si

1825 6043 1854 6070 Ῑ

1879 4725 2100 4790 liorum,
2163 4736 2218 4780 et
2274 4727 2416 4781 circa
2457 4742 2642 4783 sacras
2680 4730 3132 4802 venerandasque
3159 4733 3446 4802 imagines,

1880 4835 1994 4872 rem
2036 4819 2285 4889 profecto
2317 4820 2514 4874 mirum
2557 4821 2611 4874 in
2666 4822 3241 4879 modumlaudabilem
3281 4835 3447 4896 atque

1875 4911 2335 4975 exosculandam;
2392 4913 2444 4965 in
2487 4928 2592 4980 qua
2638 4915 2801 4966 etiam
2841 4917 3178 4980 continetur,
3211 4917 3358 4985 quod
3391 4929 3449 4971 et

1878 5003 1972 5054 illa
2000 5018 2120 5072 quae
2141 5018 2169 5056 a
2201 5014 2388 5057 sancta
2413 5016 2564 5058 sexta
2599 5006 2810 5074 synodo
2834 5015 3038 5061 statuta
3068 5019 3196 5062 sunt
3216 5011 3444 5080 recipio,

1877 5112 2002 5149 cum
2050 5096 2306 5151 omnibus
2345 5112 2467 5160 quae
2497 5097 2736 5168 legitime
2767 5109 2823 5153 et
2875 5099 3059 5155 divine
3092 5108 3446 5171 pronuntiata

1878 5198 2009 5243 sunt
2051 5191 2120 5243 ab
2184 5190 2358 5259 ipsius
2417 5191 2761 5252 eanonibus;
2815 5191 2868 5245 in
2917 5193 3121 5262 quibus
3175 5193 3444 5259 infertur,

1879 5283 2023 5352 quod
2079 5284 2133 5337 in
2187 5283 2469 5338 nonnullis
2527 5297 2804 5338 sacrarum
2853 5284 3153 5353 imaginum
3191 5285 3444 5355 picturis,

1877 5392 2049 5444 agnus
2080 5376 2250 5444 digito
2272 5376 2634 5430 Prmcursoris
2683 5388 2938 5432 ostensus
2977 5378 3325 5448 insculpitur,
3353 5382 3447 5447 qui

1880 5468 1934 5520 in
1971 5477 2153 5537 typum
2190 5467 2377 5536 gratia:
2411 5478 2728 5537 assumptus
2775 5481 2890 5534 est,
2945 5488 3131 5525 verum
3163 5472 3327 5528 nobis
3349 5488 3448 5542 per

1873 5559 2050 5630 legem
2107 5569 2534 5630 praemonstrans
2596 5578 2830 5631 agnum.
2906 5565 3186 5620 Christum
3273 5565 3444 5620 Deum

1877 5697 2109 5768 ἐχούσης
2137 5698 2361 5774 retiues,
2392 5700 2458 5755 ad
2488 5701 2724 5772 ἱστορίας
2753 5701 3101 5758 referendum
3141 5703 3266 5771 erit,
3299 5704 3445 5774 quod

1878 5783 1985 5820 non
2017 5769 2280 5836 procedit.

1952 5837 2064 5908 (42)
2104 5837 2221 5906 Τὴν
2257 5838 2455 5895 αὐτῶν
2479 5841 2800 5912 διαγωγήν.
2833 5844 2960 5911 Alii,
2994 5845 3283 5919 διαταγην.
