  <div class='ocr_page' id='page_1' title='image "/cluster/home/n/w/nwhite01/storage/ocr_20150623/149/hvd.32044019208370/374.png"; bbox 0 0 3900 6622; ppageno 0'>
   <div class='ocr_carea' id='block_1_1' title="bbox 172 376 261 441">
    <p class='ocr_par' dir='ltr' id='par_1_1' title="bbox 172 376 261 441">
     <span class='ocr_line' id='line_1_1' title="bbox 172 376 261 441; baseline -0.067 1"><span class='ocrx_word' id='word_1_1' title='bbox 172 376 261 441; x_wconf 77' lang='grc' dir='ltr'><strong>’ἶ3Ί</strong></span> 
     </span>
    </p>
   </div>
   <div class='ocr_carea' id='block_1_2' title="bbox 1448 375 2154 441">
    <p class='ocr_par' dir='ltr' id='par_1_2' title="bbox 1448 375 2154 441">
     <span class='ocr_line' id='line_1_2' title="bbox 1448 375 2154 441; baseline 0.004 -3"><span class='ocrx_word' id='word_1_2' title='bbox 1448 375 1892 439; x_wconf 85' lang='lat' dir='ltr'><strong>REFUTATIO</strong></span> <span class='ocrx_word' id='word_1_3' title='bbox 1966 379 2154 441; x_wconf 84' lang='lat' dir='ltr'><strong>NILl.</strong></span> 
     </span>
    </p>
   </div>
   <div class='ocr_carea' id='block_1_3' title="bbox 3315 378 3441 444">
    <p class='ocr_par' dir='ltr' id='par_1_3' title="bbox 3315 378 3441 444">
     <span class='ocr_line' id='line_1_3' title="bbox 3315 378 3441 444; baseline -0.008 0"><span class='ocrx_word' id='word_1_4' title='bbox 3315 378 3441 444; x_wconf 44' lang='lat' dir='ltr'><strong>73h</strong></span> 
     </span>
    </p>
   </div>
   <div class='ocr_carea' id='block_1_4' title="bbox 173 485 1750 570">
    <p class='ocr_par' dir='ltr' id='par_1_4' title="bbox 173 485 1741 561">
     <span class='ocr_line' id='line_1_4' title="bbox 173 485 1741 561; baseline -0.001 -15"><span class='ocrx_word' id='word_1_5' title='bbox 173 490 330 551; x_wconf 76' lang='grc' dir='ltr'>αὐτοῖς</span> <span class='ocrx_word' id='word_1_6' title='bbox 359 485 421 539; x_wconf 81' lang='grc' dir='ltr'><strong>τδ</strong></span> <span class='ocrx_word' id='word_1_7' title='bbox 449 486 622 539; x_wconf 78' lang='grc' dir='ltr'>παντὶ</span> <span class='ocrx_word' id='word_1_8' title='bbox 679 486 886 552; x_wconf 84' lang='grc' dir='ltr'>σθένει,</span> <span class='ocrx_word' id='word_1_9' title='bbox 920 487 1069 560; x_wconf 83' lang='grc' dir='ltr'>πάσῃ</span> <span class='ocrx_word' id='word_1_10' title='bbox 1107 491 1326 561; x_wconf 83' lang='grc' dir='ltr'><strong>μηχανῇ</strong></span> <span class='ocrx_word' id='word_1_11' title='bbox 1361 490 1741 561; x_wconf 80' lang='grc' dir='ltr'>σπουδαζόμε-</span> 
     </span>
    </p>
   </div>
   <div class='ocr_carea' id='block_1_5' title="bbox 1856 485 3435 570">
    <p class='ocr_par' dir='ltr' id='par_1_5' title="bbox 1856 490 3435 563">
     <span class='ocr_line' id='line_1_5' title="bbox 1856 490 3435 563; baseline -0.001 -16"><span class='ocrx_word' id='word_1_12' title='bbox 1856 493 2201 558; x_wconf 79' lang='lat' dir='ltr'><strong>cumbebant,</strong></span> <span class='ocrx_word' id='word_1_13' title='bbox 2230 499 2289 547; x_wconf 91' lang='lat' dir='ltr'><strong>ut</strong></span> <span class='ocrx_word' id='word_1_14' title='bbox 2334 490 2681 563; x_wconf 79' lang='lat' dir='ltr'><strong>coryphaeam</strong></span> <span class='ocrx_word' id='word_1_15' title='bbox 2720 506 2874 562; x_wconf 66' lang='lat' dir='ltr'><strong>papae</strong></span> <span class='ocrx_word' id='word_1_16' title='bbox 2909 501 3261 562; x_wconf 77' lang='lat' dir='ltr'><strong>potestatem,</strong></span> <span class='ocrx_word' id='word_1_17' title='bbox 3296 492 3435 547; x_wconf 85' lang='lat' dir='ltr'><strong>licet-</strong></span> 
     </span>
    </p>
   </div>
   <div class='ocr_carea' id='block_1_6' title="bbox 174 578 1741 653">
    <p class='ocr_par' dir='ltr' id='par_1_6' title="bbox 174 578 1741 653">
     <span class='ocr_line' id='line_1_6' title="bbox 174 578 1741 653; baseline -0.002 -15"><span class='ocrx_word' id='word_1_18' title='bbox 174 603 268 648; x_wconf 88' lang='grc' dir='ltr'>νον,</span> <span class='ocrx_word' id='word_1_19' title='bbox 291 578 664 647; x_wconf 82' lang='grc' dir='ltr'>κατεδαφίσαι</span> <span class='ocrx_word' id='word_1_20' title='bbox 700 580 801 650; x_wconf 80' lang='grc' dir='ltr'><strong>τὴν</strong></span> <span class='ocrx_word' id='word_1_21' title='bbox 847 578 1251 650; x_wconf 76' lang='grc' dir='ltr'>θεοπρόϐλητον</span> <span class='ocrx_word' id='word_1_22' title='bbox 1298 580 1609 652; x_wconf 77' lang='grc' dir='ltr'>κορυφαίαν</span> <span class='ocrx_word' id='word_1_23' title='bbox 1640 583 1741 653; x_wconf 79' lang='grc' dir='ltr'><strong>ἀρ-</strong></span> 
     </span>
    </p>
   </div>
   <div class='ocr_carea' id='block_1_7' title="bbox 172 671 1741 751">
    <p class='ocr_par' dir='ltr' id='par_1_7' title="bbox 172 671 1741 751">
     <span class='ocr_line' id='line_1_7' title="bbox 172 671 1741 751; baseline -0.001 -23"><span class='ocrx_word' id='word_1_24' title='bbox 172 681 257 751; x_wconf 69' lang='grc' dir='ltr'><strong>χὴν</strong></span> <span class='ocrx_word' id='word_1_25' title='bbox 274 674 363 729; x_wconf 82' lang='grc' dir='ltr'>τοῦ</span> <span class='ocrx_word' id='word_1_26' title='bbox 385 674 621 734; x_wconf 78' lang='grc' dir='ltr'>πάππα,</span> <span class='ocrx_word' id='word_1_27' title='bbox 644 671 745 726; x_wconf 77' lang='grc' dir='ltr'>καὶ</span> <span class='ocrx_word' id='word_1_28' title='bbox 772 673 1184 741; x_wconf 81' lang='grc' dir='ltr'>πεντακέφαλον</span> <span class='ocrx_word' id='word_1_29' title='bbox 1208 672 1374 744; x_wconf 80' lang='grc' dir='ltr'>ὕδραν</span> <span class='ocrx_word' id='word_1_30' title='bbox 1396 674 1741 745; x_wconf 82' lang='grc' dir='ltr'>καταστῆσαι</span> 
     </span>
    </p>
   </div>
   <div class='ocr_carea' id='block_1_8' title="bbox 174 763 1742 840">
    <p class='ocr_par' dir='ltr' id='par_1_8' title="bbox 174 763 1742 840">
     <span class='ocr_line' id='line_1_8' title="bbox 174 763 1742 840; baseline -0.001 -19"><span class='ocrx_word' id='word_1_31' title='bbox 174 770 258 840; x_wconf 75' lang='grc' dir='ltr'>τὴν</span> <span class='ocrx_word' id='word_1_32' title='bbox 300 763 660 836; x_wconf 82' lang='grc' dir='ltr'>Ἐκκλησίαν,</span> <span class='ocrx_word' id='word_1_33' title='bbox 704 764 801 818; x_wconf 74' lang='grc' dir='ltr'>καὶ</span> <span class='ocrx_word' id='word_1_34' title='bbox 834 764 935 831; x_wconf 80' lang='grc' dir='ltr'>τὴν</span> <span class='ocrx_word' id='word_1_35' title='bbox 969 765 1349 834; x_wconf 73' lang='grc' dir='ltr'>πολυύμνητον</span> <span class='ocrx_word' id='word_1_36' title='bbox 1378 764 1473 819; x_wconf 82' lang='grc' dir='ltr'>τοῦ</span> <span class='ocrx_word' id='word_1_37' title='bbox 1507 765 1742 820; x_wconf 75' lang='grc' dir='ltr'>ἀποστο-</span> 
     </span>
    </p>
   </div>
   <div class='ocr_carea' id='block_1_9' title="bbox 174 856 1741 929">
    <p class='ocr_par' dir='ltr' id='par_1_9' title="bbox 174 856 1741 929">
     <span class='ocr_line' id='line_1_9' title="bbox 174 856 1741 929; baseline -0.002 -14"><span class='ocrx_word' id='word_1_38' title='bbox 174 859 305 915; x_wconf 87' lang='grc' dir='ltr'>λικοῦ</span> <span class='ocrx_word' id='word_1_39' title='bbox 336 859 529 929; x_wconf 87' lang='grc' dir='ltr'>θρόνου</span> <span class='ocrx_word' id='word_1_40' title='bbox 564 856 862 929; x_wconf 77' lang='grc' dir='ltr'><strong>ἀκρότητα</strong></span> <span class='ocrx_word' id='word_1_41' title='bbox 896 860 1236 925; x_wconf 80' lang='grc' dir='ltr'><strong>καταγαγεῖν</strong></span> <span class='ocrx_word' id='word_1_42' title='bbox 1269 860 1347 921; x_wconf 84' lang='grc' dir='ltr'>εἰς</span> <span class='ocrx_word' id='word_1_43' title='bbox 1380 858 1533 928; x_wconf 71' lang='grc' dir='ltr'>ψιλὸν</span> <span class='ocrx_word' id='word_1_44' title='bbox 1571 858 1741 927; x_wconf 71' lang='grc' dir='ltr'>ὄνομα</span> 
     </span>
    </p>
   </div>
   <div class='ocr_carea' id='block_1_10' title="bbox 177 946 1743 1021">
    <p class='ocr_par' dir='ltr' id='par_1_10' title="bbox 177 946 1743 1021">
     <span class='ocr_line' id='line_1_10' title="bbox 177 946 1743 1021; baseline -0.003 -18"><span class='ocrx_word' id='word_1_45' title='bbox 177 946 664 1021; x_wconf 75' lang='grc' dir='ltr'><strong>πρωτοκαθεδρίας,</strong></span> <span class='ocrx_word' id='word_1_46' title='bbox 702 947 798 1000; x_wconf 76' lang='grc' dir='ltr'>καὶ</span> <span class='ocrx_word' id='word_1_47' title='bbox 828 947 1034 1017; x_wconf 84' lang='grc' dir='ltr'>γυμνὸν</span> <span class='ocrx_word' id='word_1_48' title='bbox 1061 948 1448 1019; x_wconf 79' lang='grc' dir='ltr'>προτιμήσεως</span> <span class='ocrx_word' id='word_1_49' title='bbox 1472 948 1743 1000; x_wconf 77' lang='grc' dir='ltr'>ἀποσκίαο</span> 
     </span>
    </p>
   </div>
   <div class='ocr_carea' id='block_1_11' title="bbox 176 1038 1740 1110">
    <p class='ocr_par' dir='ltr' id='par_1_11' title="bbox 176 1038 1740 1110">
     <span class='ocr_line' id='line_1_11' title="bbox 176 1038 1740 1110; baseline -0.001 -16"><span class='ocrx_word' id='word_1_50' title='bbox 176 1060 286 1109; x_wconf 76' lang='grc' dir='ltr'>σμα.</span> <span class='ocrx_word' id='word_1_51' title='bbox 319 1038 490 1092; x_wconf 78' lang='grc' dir='ltr'>Τοῦτο</span> <span class='ocrx_word' id='word_1_52' title='bbox 537 1040 645 1108; x_wconf 82' lang='grc' dir='ltr'>τῆς</span> <span class='ocrx_word' id='word_1_53' title='bbox 685 1039 954 1110; x_wconf 76' lang='grc' dir='ltr'><strong>διχονοίας</strong></span> <span class='ocrx_word' id='word_1_54' title='bbox 1011 1040 1071 1093; x_wconf 76' lang='grc' dir='ltr'>τὸ</span> <span class='ocrx_word' id='word_1_55' title='bbox 1122 1041 1326 1093; x_wconf 76' lang='grc' dir='ltr'>αἴτιονο</span> <span class='ocrx_word' id='word_1_56' title='bbox 1377 1040 1629 1093; x_wconf 78' lang='grc' dir='ltr'>ἐντεῦθεν</span> <span class='ocrx_word' id='word_1_57' title='bbox 1683 1040 1740 1094; x_wconf 86' lang='grc' dir='ltr'><strong>αί</strong></span> 
     </span>
    </p>
   </div>
   <div class='ocr_carea' id='block_1_12' title="bbox 174 1132 1741 1205">
    <p class='ocr_par' dir='ltr' id='par_1_12' title="bbox 174 1132 1741 1205">
     <span class='ocr_line' id='line_1_12' title="bbox 174 1132 1741 1205; baseline -0.001 -17"><span class='ocrx_word' id='word_1_58' title='bbox 174 1134 281 1205; x_wconf 74' lang='grc' dir='ltr'>περὶ</span> <span class='ocrx_word' id='word_1_59' title='bbox 306 1132 599 1201; x_wconf 79' lang='grc' dir='ltr'><strong>δογμάτων</strong></span> <span class='ocrx_word' id='word_1_60' title='bbox 652 1132 1129 1203; x_wconf 73' lang='grc' dir='ltr'>ἀμφισϐητήσεις,</span> <span class='ocrx_word' id='word_1_61' title='bbox 1188 1135 1282 1187; x_wconf 69' lang='grc' dir='ltr'><strong>καὶ</strong></span> <span class='ocrx_word' id='word_1_62' title='bbox 1422 1134 1622 1203; x_wconf 72' lang='grc' dir='ltr'>σκῆψις</span> <span class='ocrx_word' id='word_1_63' title='bbox 1654 1133 1741 1187; x_wconf 76' lang='grc' dir='ltr'>διὰ</span> 
     </span>
    </p>
   </div>
   <div class='ocr_carea' id='block_1_13' title="bbox 174 1224 1741 1298">
    <p class='ocr_par' dir='ltr' id='par_1_13' title="bbox 174 1224 1741 1298">
     <span class='ocr_line' id='line_1_13' title="bbox 174 1224 1741 1298; baseline -0.001 -19"><span class='ocrx_word' id='word_1_64' title='bbox 174 1229 255 1295; x_wconf 82' lang='grc' dir='ltr'>τὴν</span> <span class='ocrx_word' id='word_1_65' title='bbox 284 1230 335 1279; x_wconf 81' lang='grc' dir='ltr'><strong>ἐν</strong></span> <span class='ocrx_word' id='word_1_66' title='bbox 365 1224 439 1293; x_wconf 82' lang='grc' dir='ltr'>τῷ</span> <span class='ocrx_word' id='word_1_67' title='bbox 470 1224 744 1294; x_wconf 78' lang='grc' dir='ltr'>συμϐόλῳ</span> <span class='ocrx_word' id='word_1_68' title='bbox 776 1226 1115 1296; x_wconf 82' lang='grc' dir='ltr'>προσθήκην.</span> <span class='ocrx_word' id='word_1_69' title='bbox 1144 1226 1260 1285; x_wconf 73' lang='grc' dir='ltr'>,Καὶ</span> <span class='ocrx_word' id='word_1_70' title='bbox 1296 1227 1397 1279; x_wconf 82' lang='grc' dir='ltr'>οὐκ</span> <span class='ocrx_word' id='word_1_71' title='bbox 1433 1227 1741 1298; x_wconf 71' lang='grc' dir='ltr'><strong>ᾐδέσθησαν</strong></span> 
     </span>
    </p>
   </div>
   <div class='ocr_carea' id='block_1_14' title="bbox 173 1316 1742 1390">
    <p class='ocr_par' dir='ltr' id='par_1_14' title="bbox 173 1316 1742 1390">
     <span class='ocr_line' id='line_1_14' title="bbox 173 1316 1742 1390; baseline -0.001 -19"><span class='ocrx_word' id='word_1_72' title='bbox 173 1322 227 1390; x_wconf 78' lang='grc' dir='ltr'>τῇ</span> <span class='ocrx_word' id='word_1_73' title='bbox 251 1317 388 1387; x_wconf 71' lang='grc' dir='ltr'>σφῶν</span> <span class='ocrx_word' id='word_1_74' title='bbox 414 1316 602 1368; x_wconf 65' lang='grc' dir='ltr'>αὗτῶν</span> <span class='ocrx_word' id='word_1_75' title='bbox 633 1317 897 1388; x_wconf 80' lang='grc' dir='ltr'>εὐσεϐείᾳ</span> <span class='ocrx_word' id='word_1_76' title='bbox 930 1319 1207 1388; x_wconf 66' lang='grc' dir='ltr'>προφανὲς</span> <span class='ocrx_word' id='word_1_77' title='bbox 1241 1318 1387 1373; x_wconf 75' lang='grc' dir='ltr'>οὕτω</span> <span class='ocrx_word' id='word_1_78' title='bbox 1431 1318 1626 1388; x_wconf 76' lang='grc' dir='ltr'>ψεῦδος</span> <span class='ocrx_word' id='word_1_79' title='bbox 1655 1318 1742 1371; x_wconf 84' lang='grc' dir='ltr'>θε-</span> 
     </span>
    </p>
   </div>
   <div class='ocr_carea' id='block_1_15' title="bbox 182 1411 1743 1482">
    <p class='ocr_par' dir='ltr' id='par_1_15' title="bbox 182 1411 1743 1482">
     <span class='ocr_line' id='line_1_15' title="bbox 182 1411 1743 1482; baseline 0.001 -19"><span class='ocrx_word' id='word_1_80' title='bbox 182 1412 338 1482; x_wconf 84' lang='grc' dir='ltr'>μέλιον</span> <span class='ocrx_word' id='word_1_81' title='bbox 369 1411 833 1480; x_wconf 81' lang='grc' dir='ltr'>ὑποστησάμενοι</span> <span class='ocrx_word' id='word_1_82' title='bbox 866 1412 1059 1480; x_wconf 77' lang='grc' dir='ltr'>ἄνδρες</span> <span class='ocrx_word' id='word_1_83' title='bbox 1109 1413 1363 1481; x_wconf 81' lang='grc' dir='ltr'>ἱστοριῶν</span> <span class='ocrx_word' id='word_1_84' title='bbox 1408 1411 1743 1480; x_wconf 77' lang='grc' dir='ltr'>ἐμπειρότα-</span> 
     </span>
    </p>
   </div>
   <div class='ocr_carea' id='block_1_16' title="bbox 178 1502 1741 1575">
    <p class='ocr_par' dir='ltr' id='par_1_16' title="bbox 178 1502 1741 1575">
     <span class='ocr_line' id='line_1_16' title="bbox 178 1502 1741 1575; baseline 0.001 -18"><span class='ocrx_word' id='word_1_85' title='bbox 178 1521 266 1567; x_wconf 88' lang='grc' dir='ltr'>τοι,</span> <span class='ocrx_word' id='word_1_86' title='bbox 292 1504 380 1556; x_wconf 80' lang='grc' dir='ltr'><strong>καὶ</strong></span> <span class='ocrx_word' id='word_1_87' title='bbox 414 1502 634 1555; x_wconf 84' lang='grc' dir='ltr'>πολλῶν</span> <span class='ocrx_word' id='word_1_88' title='bbox 670 1505 928 1575; x_wconf 73' lang='grc' dir='ltr'>ἱστοριῶν</span> <span class='ocrx_word' id='word_1_89' title='bbox 962 1507 1117 1558; x_wconf 77' lang='grc' dir='ltr'>αὐτοὶ</span> <span class='ocrx_word' id='word_1_90' title='bbox 1162 1506 1402 1575; x_wconf 83' lang='grc' dir='ltr'>πατέρες</span> <span class='ocrx_word' id='word_1_91' title='bbox 1436 1505 1741 1574; x_wconf 85' lang='grc' dir='ltr'>γενόμενοι.</span> 
     </span>
    </p>
   </div>
   <div class='ocr_carea' id='block_1_17' title="bbox 184 1593 1745 1668">
    <p class='ocr_par' dir='ltr' id='par_1_17' title="bbox 184 1593 1745 1668">
     <span class='ocr_line' id='line_1_17' title="bbox 184 1593 1745 1668; baseline 0.001 -22"><span class='ocrx_word' id='word_1_92' title='bbox 184 1596 232 1646; x_wconf 79' lang='lat' dir='ltr'><strong>El</strong></span> <span class='ocrx_word' id='word_1_93' title='bbox 260 1593 358 1661; x_wconf 83' lang='grc' dir='ltr'>γὰρ</span> <span class='ocrx_word' id='word_1_94' title='bbox 389 1593 651 1656; x_wconf 81' lang='grc' dir='ltr'>Λατίνοις</span> <span class='ocrx_word' id='word_1_95' title='bbox 699 1595 800 1663; x_wconf 77' lang='grc' dir='ltr'><strong>τὴν</strong></span> <span class='ocrx_word' id='word_1_96' title='bbox 835 1597 1153 1668; x_wconf 79' lang='grc' dir='ltr'>προσθήκην</span> <span class='ocrx_word' id='word_1_97' title='bbox 1186 1597 1400 1666; x_wconf 72' lang='grc' dir='ltr'>πρῶτος</span> <span class='ocrx_word' id='word_1_98' title='bbox 1450 1595 1745 1667; x_wconf 75' lang='grc' dir='ltr'>ἀντεπεξήο</span> 
     </span>
    </p>
   </div>
   <div class='ocr_carea' id='block_1_18' title="bbox 180 1685 1743 1757">
    <p class='ocr_par' dir='ltr' id='par_1_18' title="bbox 180 1685 1743 1757">
     <span class='ocr_line' id='line_1_18' title="bbox 180 1685 1743 1757; baseline 0.003 -21"><span class='ocrx_word' id='word_1_99' title='bbox 180 1702 294 1753; x_wconf 85' lang='grc' dir='ltr'>γαγε</span> <span class='ocrx_word' id='word_1_100' title='bbox 331 1685 559 1751; x_wconf 50' lang='lat' dir='ltr'><strong>eam“,</strong></span> <span class='ocrx_word' id='word_1_101' title='bbox 590 1685 761 1754; x_wconf 78' lang='grc' dir='ltr'>δῆλον</span> <span class='ocrx_word' id='word_1_102' title='bbox 803 1687 886 1740; x_wconf 85' lang='grc' dir='ltr'>ὃτι</span> <span class='ocrx_word' id='word_1_103' title='bbox 937 1687 1088 1755; x_wconf 84' lang='grc' dir='ltr'><strong>παρὰ</strong></span> <span class='ocrx_word' id='word_1_104' title='bbox 1153 1686 1451 1757; x_wconf 83' lang='grc' dir='ltr'>Ῥωμαίοις</span> <span class='ocrx_word' id='word_1_105' title='bbox 1498 1688 1620 1743; x_wconf 86' lang='grc' dir='ltr'>τότε</span> <span class='ocrx_word' id='word_1_106' title='bbox 1680 1689 1743 1742; x_wconf 79' lang='grc' dir='ltr'><strong>τὸ</strong></span> 
     </span>
    </p>
   </div>
   <div class='ocr_carea' id='block_1_19' title="bbox 184 1777 1740 1849">
    <p class='ocr_par' dir='ltr' id='par_1_19' title="bbox 184 1777 1740 1849">
     <span class='ocr_line' id='line_1_19' title="bbox 184 1777 1740 1849; baseline 0.003 -19"><span class='ocrx_word' id='word_1_107' title='bbox 184 1777 421 1845; x_wconf 72' lang='grc' dir='ltr'>σύμϐολον</span> <span class='ocrx_word' id='word_1_108' title='bbox 446 1779 590 1847; x_wconf 79' lang='grc' dir='ltr'>μετὰ</span> <span class='ocrx_word' id='word_1_109' title='bbox 624 1779 726 1848; x_wconf 75' lang='grc' dir='ltr'>τῆς</span> <span class='ocrx_word' id='word_1_110' title='bbox 758 1778 1103 1849; x_wconf 73' lang='grc' dir='ltr'>καλουμένης</span> <span class='ocrx_word' id='word_1_111' title='bbox 1136 1780 1458 1849; x_wconf 74' lang='grc' dir='ltr'>προσθήκης</span> <span class='ocrx_word' id='word_1_112' title='bbox 1500 1780 1740 1849; x_wconf 76' lang='grc' dir='ltr'>ἐλέγετο.</span> 
     </span>
    </p>
   </div>
   <div class='ocr_carea' id='block_1_20' title="bbox 1845 585 3428 653">
    <p class='ocr_par' dir='ltr' id='par_1_20' title="bbox 1845 585 3428 653">
     <span class='ocr_line' id='line_1_20' title="bbox 1845 585 3428 653; baseline -0.002 -13"><span class='ocrx_word' id='word_1_113' title='bbox 1845 602 1874 640; x_wconf 91' lang='lat' dir='ltr'><strong>a</strong></span> <span class='ocrx_word' id='word_1_114' title='bbox 1908 585 2021 640; x_wconf 90' lang='lat' dir='ltr'><strong>Deo</strong></span> <span class='ocrx_word' id='word_1_115' title='bbox 2067 586 2399 647; x_wconf 83' lang='lat' dir='ltr'><strong>institutam.</strong></span> <span class='ocrx_word' id='word_1_116' title='bbox 2444 592 2896 652; x_wconf 71' lang='lat' dir='ltr'><strong>prosternerent;</strong></span> <span class='ocrx_word' id='word_1_117' title='bbox 2930 595 2983 637; x_wconf 89' lang='lat' dir='ltr'><strong>et</strong></span> <span class='ocrx_word' id='word_1_118' title='bbox 3016 590 3261 653; x_wconf 81' lang='lat' dir='ltr'><strong>quinque</strong></span> <span class='ocrx_word' id='word_1_119' title='bbox 3298 601 3428 653; x_wconf 85' lang='lat' dir='ltr'><strong>pro-</strong></span> 
     </span>
    </p>
   </div>
   <div class='ocr_carea' id='block_1_21' title="bbox 1846 674 3428 746">
    <p class='ocr_par' dir='ltr' id='par_1_21' title="bbox 1846 674 3428 746">
     <span class='ocr_line' id='line_1_21' title="bbox 1846 674 3428 746; baseline 0 -17"><span class='ocrx_word' id='word_1_120' title='bbox 1846 676 2185 732; x_wconf 92' lang='lat' dir='ltr'><strong>minentibus</strong></span> <span class='ocrx_word' id='word_1_121' title='bbox 2258 675 2533 746; x_wconf 78' lang='lat' dir='ltr'><strong>capitibus</strong></span> <span class='ocrx_word' id='word_1_122' title='bbox 2600 675 2829 745; x_wconf 80' lang='lat' dir='ltr'><strong>hydram</strong></span> <span class='ocrx_word' id='word_1_123' title='bbox 2893 675 3189 731; x_wconf 87' lang='lat' dir='ltr'><strong>Ecclesiam</strong></span> <span class='ocrx_word' id='word_1_124' title='bbox 3245 674 3428 730; x_wconf 79' lang='lat' dir='ltr'><strong>efﬁce-</strong></span> 
     </span>
    </p>
   </div>
   <div class='ocr_carea' id='block_1_22' title="bbox 1845 768 3431 843">
    <p class='ocr_par' dir='ltr' id='par_1_22' title="bbox 1845 768 3431 843">
     <span class='ocr_line' id='line_1_22' title="bbox 1845 768 3431 843; baseline -0.001 -20"><span class='ocrx_word' id='word_1_125' title='bbox 1845 779 1966 824; x_wconf 89' lang='lat' dir='ltr'><strong>rent</strong></span> <span class='ocrx_word' id='word_1_126' title='bbox 2000 784 2149 839; x_wconf 87' lang='lat' dir='ltr'><strong>:qno</strong></span> <span class='ocrx_word' id='word_1_127' title='bbox 2194 768 2698 839; x_wconf 72' lang='lat' dir='ltr'><strong>prmcellentissima</strong></span> <span class='ocrx_word' id='word_1_128' title='bbox 2745 770 2892 823; x_wconf 85' lang='lat' dir='ltr'><strong>sedis</strong></span> <span class='ocrx_word' id='word_1_129' title='bbox 2926 769 3431 843; x_wconf 24' lang='lat' dir='ltr'><strong>apostoliemisnma</strong></span> 
     </span>
    </p>
   </div>
   <div class='ocr_carea' id='block_1_23' title="bbox 1844 864 3428 937">
    <p class='ocr_par' dir='ltr' id='par_1_23' title="bbox 1844 864 3428 937">
     <span class='ocr_line' id='line_1_23' title="bbox 1844 864 3428 937; baseline 0.002 -20"><span class='ocrx_word' id='word_1_130' title='bbox 1844 865 2005 918; x_wconf 72' lang='lat' dir='ltr'><strong>mitas</strong></span> <span class='ocrx_word' id='word_1_131' title='bbox 2031 878 2099 919; x_wconf 91' lang='lat' dir='ltr'><strong>eo</strong></span> <span class='ocrx_word' id='word_1_132' title='bbox 2132 864 2496 935; x_wconf 72' lang='lat' dir='ltr'><strong>redigeretur,</strong></span> <span class='ocrx_word' id='word_1_133' title='bbox 2532 874 2591 918; x_wconf 92' lang='lat' dir='ltr'><strong>ut</strong></span> <span class='ocrx_word' id='word_1_134' title='bbox 2615 866 2793 937; x_wconf 78' lang='lat' dir='ltr'><strong>soluat</strong></span> <span class='ocrx_word' id='word_1_135' title='bbox 2831 881 2931 934; x_wconf 90' lang='lat' dir='ltr'><strong>per</strong></span> <span class='ocrx_word' id='word_1_136' title='bbox 2958 866 3080 919; x_wconf 92' lang='lat' dir='ltr'><strong>illos</strong></span> <span class='ocrx_word' id='word_1_137' title='bbox 3113 866 3428 936; x_wconf 85' lang='lat' dir='ltr'><strong>habeatjus</strong></span> 
     </span>
    </p>
   </div>
   <div class='ocr_carea' id='block_1_24' title="bbox 1844 946 3427 1025">
    <p class='ocr_par' dir='ltr' id='par_1_24' title="bbox 1844 946 3427 1025">
     <span class='ocr_line' id='line_1_24' title="bbox 1844 946 3427 1025; baseline 0.003 -18"><span class='ocrx_word' id='word_1_138' title='bbox 1844 946 2233 1025; x_wconf 44' lang='lat' dir='ltr'><strong>pra‘side&#39;ntite,</strong></span> <span class='ocrx_word' id='word_1_139' title='bbox 2264 966 2319 1011; x_wconf 76' lang='lat' dir='ltr'><strong>et</strong></span> <span class='ocrx_word' id='word_1_140' title='bbox 2350 958 2551 1010; x_wconf 89' lang='lat' dir='ltr'><strong>nudam</strong></span> <span class='ocrx_word' id='word_1_141' title='bbox 2577 957 2863 1024; x_wconf 80' lang='lat' dir='ltr'><strong>amplioris</strong></span> <span class='ocrx_word' id='word_1_142' title='bbox 2896 958 3145 1011; x_wconf 84' lang='lat' dir='ltr'><strong>umbram</strong></span> <span class='ocrx_word' id='word_1_143' title='bbox 3180 958 3427 1012; x_wconf 84' lang='lat' dir='ltr'><strong>honoris.</strong></span> 
     </span>
    </p>
   </div>
   <div class='ocr_carea' id='block_1_25' title="bbox 1846 1049 3431 1118">
    <p class='ocr_par' dir='ltr' id='par_1_25' title="bbox 1846 1049 3431 1118">
     <span class='ocr_line' id='line_1_25' title="bbox 1846 1049 3431 1118; baseline -0.002 -14"><span class='ocrx_word' id='word_1_144' title='bbox 1846 1049 1970 1104; x_wconf 65' lang='lat' dir='ltr'><strong>llaec</strong></span> <span class='ocrx_word' id='word_1_145' title='bbox 2002 1049 2107 1104; x_wconf 77' lang='lat' dir='ltr'><strong>fuit</strong></span> <span class='ocrx_word' id='word_1_146' title='bbox 2131 1050 2344 1104; x_wconf 88' lang='lat' dir='ltr'><strong>dissidii</strong></span> <span class='ocrx_word' id='word_1_147' title='bbox 2376 1065 2565 1104; x_wconf 88' lang='lat' dir='ltr'><strong>causa.</strong></span> <span class='ocrx_word' id='word_1_148' title='bbox 2600 1051 2743 1104; x_wconf 82' lang='lat' dir='ltr'><strong>Hinc</strong></span> <span class='ocrx_word' id='word_1_149' title='bbox 2771 1060 2908 1104; x_wconf 81' lang='lat' dir='ltr'><strong>ortae</strong></span> <span class='ocrx_word' id='word_1_150' title='bbox 2940 1051 3253 1118; x_wconf 80' lang='lat' dir='ltr'><strong>dogmatum</strong></span> <span class='ocrx_word' id='word_1_151' title='bbox 3283 1066 3431 1115; x_wconf 59' lang='lat' dir='ltr'><strong>qum-</strong></span> 
     </span>
    </p>
   </div>
   <div class='ocr_carea' id='block_1_26' title="bbox 1842 1142 3428 1218">
    <p class='ocr_par' dir='ltr' id='par_1_26' title="bbox 1842 1142 3428 1218">
     <span class='ocr_line' id='line_1_26' title="bbox 1842 1142 3428 1218; baseline -0.001 -22"><span class='ocrx_word' id='word_1_152' title='bbox 1842 1144 2074 1218; x_wconf 64' lang='lat' dir='ltr'><strong>stiones,</strong></span> <span class='ocrx_word' id='word_1_153' title='bbox 2118 1154 2175 1197; x_wconf 90' lang='lat' dir='ltr'><strong>et</strong></span> <span class='ocrx_word' id='word_1_154' title='bbox 2232 1152 2529 1210; x_wconf 78' lang='lat' dir='ltr'><strong>praetextus</strong></span> <span class='ocrx_word' id='word_1_155' title='bbox 2573 1143 2644 1197; x_wconf 91' lang='lat' dir='ltr'><strong>ob</strong></span> <span class='ocrx_word' id='word_1_156' title='bbox 2675 1143 3112 1196; x_wconf 80' lang='lat' dir='ltr'><strong>additamentum</strong></span> <span class='ocrx_word' id='word_1_157' title='bbox 3167 1142 3428 1211; x_wconf 73' lang='lat' dir='ltr'><strong>Symbolo</strong></span> 
     </span>
    </p>
   </div>
   <div class='ocr_carea' id='block_1_27' title="bbox 1842 1233 3428 1303">
    <p class='ocr_par' dir='ltr' id='par_1_27' title="bbox 1842 1233 3428 1303">
     <span class='ocr_line' id='line_1_27' title="bbox 1842 1233 3428 1303; baseline -0.002 -14"><span class='ocrx_word' id='word_1_158' title='bbox 1842 1234 2072 1289; x_wconf 82' lang='lat' dir='ltr'><strong>factum.</strong></span> <span class='ocrx_word' id='word_1_159' title='bbox 2107 1234 2214 1288; x_wconf 85' lang='lat' dir='ltr'><strong>Nec</strong></span> <span class='ocrx_word' id='word_1_160' title='bbox 2248 1235 2441 1303; x_wconf 85' lang='lat' dir='ltr'><strong>puduit</strong></span> <span class='ocrx_word' id='word_1_161' title='bbox 2477 1235 2729 1288; x_wconf 77' lang='lat' dir='ltr'><strong>homines</strong></span> <span class='ocrx_word' id='word_1_162' title='bbox 2773 1233 3135 1303; x_wconf 84' lang='lat' dir='ltr'><strong>peritissimos</strong></span> <span class='ocrx_word' id='word_1_163' title='bbox 3166 1234 3428 1287; x_wconf 84' lang='lat' dir='ltr'><strong>historia-</strong></span> 
     </span>
    </p>
   </div>
   <div class='ocr_carea' id='block_1_28' title="bbox 1844 1323 3427 1392">
    <p class='ocr_par' dir='ltr' id='par_1_28' title="bbox 1844 1323 3427 1392">
     <span class='ocr_line' id='line_1_28' title="bbox 1844 1323 3427 1392; baseline 0.001 -17"><span class='ocrx_word' id='word_1_164' title='bbox 1844 1338 1989 1384; x_wconf 88' lang='lat' dir='ltr'><strong>rum,</strong></span> <span class='ocrx_word' id='word_1_165' title='bbox 2048 1331 2103 1377; x_wconf 88' lang='lat' dir='ltr'><strong>et</strong></span> <span class='ocrx_word' id='word_1_166' title='bbox 2150 1323 2443 1377; x_wconf 84' lang='lat' dir='ltr'><strong>multarunt</strong></span> <span class='ocrx_word' id='word_1_167' title='bbox 2495 1323 2643 1391; x_wconf 86' lang='lat' dir='ltr'><strong>ipsos</strong></span> <span class='ocrx_word' id='word_1_168' title='bbox 2699 1323 3055 1378; x_wconf 80' lang='lat' dir='ltr'><strong>historiarum</strong></span> <span class='ocrx_word' id='word_1_169' title='bbox 3106 1326 3427 1392; x_wconf 87' lang='lat' dir='ltr'><strong>scriptores,</strong></span> 
     </span>
    </p>
   </div>
   <div class='ocr_carea' id='block_1_29' title="bbox 1844 1411 3427 1483">
    <p class='ocr_par' dir='ltr' id='par_1_29' title="bbox 1844 1411 3427 1483">
     <span class='ocr_line' id='line_1_29' title="bbox 1844 1411 3427 1483; baseline 0.002 -18"><span class='ocrx_word' id='word_1_170' title='bbox 1844 1411 2264 1467; x_wconf 78' lang='lat' dir='ltr'><strong>fundamentum</strong></span> <span class='ocrx_word' id='word_1_171' title='bbox 2314 1427 2426 1467; x_wconf 68' lang='lat' dir='ltr'><strong>suae</strong></span> <span class='ocrx_word' id='word_1_172' title='bbox 2462 1413 2744 1483; x_wconf 71' lang='lat' dir='ltr'><strong>religionis</strong></span> <span class='ocrx_word' id='word_1_173' title='bbox 2788 1428 2996 1483; x_wconf 90' lang='lat' dir='ltr'><strong>ponere</strong></span> <span class='ocrx_word' id='word_1_174' title='bbox 3025 1416 3160 1468; x_wconf 89' lang='lat' dir='ltr'><strong>adeo</strong></span> <span class='ocrx_word' id='word_1_175' title='bbox 3203 1414 3427 1469; x_wconf 80' lang='lat' dir='ltr'><strong>falsum.</strong></span> 
     </span>
    </p>
   </div>
   <div class='ocr_carea' id='block_1_30' title="bbox 1846 1492 3431 1572">
    <p class='ocr_par' dir='ltr' id='par_1_30' title="bbox 1846 1492 3431 1572">
     <span class='ocr_line' id='line_1_30' title="bbox 1846 1492 3431 1572; baseline 0.003 -17"><span class='ocrx_word' id='word_1_176' title='bbox 1846 1500 1981 1556; x_wconf 88' lang='lat' dir='ltr'><strong>Nam</strong></span> <span class='ocrx_word' id='word_1_177' title='bbox 2014 1492 2059 1556; x_wconf 81' lang='lat' dir='ltr'><strong>si</strong></span> <span class='ocrx_word' id='word_1_178' title='bbox 2084 1501 2292 1571; x_wconf 89' lang='lat' dir='ltr'><strong>primus</strong></span> <span class='ocrx_word' id='word_1_179' title='bbox 2318 1504 2547 1560; x_wconf 87' lang='lat' dir='ltr'><strong>Photius</strong></span> <span class='ocrx_word' id='word_1_180' title='bbox 2572 1504 3008 1559; x_wconf 87' lang='lat' dir='ltr'><strong>additamentmn</strong></span> <span class='ocrx_word' id='word_1_181' title='bbox 3036 1506 3248 1571; x_wconf 80' lang='lat' dir='ltr'><strong>Latinis</strong></span> <span class='ocrx_word' id='word_1_182' title='bbox 3275 1507 3431 1572; x_wconf 84' lang='lat' dir='ltr'><strong>obje-</strong></span> 
     </span>
    </p>
   </div>
   <div class='ocr_carea' id='block_1_31' title="bbox 1843 1593 3431 1665">
    <p class='ocr_par' dir='ltr' id='par_1_31' title="bbox 1843 1593 3431 1665">
     <span class='ocr_line' id='line_1_31' title="bbox 1843 1593 3431 1665; baseline 0.004 -18"><span class='ocrx_word' id='word_1_183' title='bbox 1843 1594 1942 1660; x_wconf 86' lang='lat' dir='ltr'><strong>oit,</strong></span> <span class='ocrx_word' id='word_1_184' title='bbox 1974 1602 2125 1649; x_wconf 88' lang='lat' dir='ltr'><strong>certe</strong></span> <span class='ocrx_word' id='word_1_185' title='bbox 2154 1593 2469 1664; x_wconf 83' lang='lat' dir='ltr'><strong>Symbolum</strong></span> <span class='ocrx_word' id='word_1_186' title='bbox 2501 1596 2553 1650; x_wconf 90' lang='lat' dir='ltr'><strong>id</strong></span> <span class='ocrx_word' id='word_1_187' title='bbox 2586 1598 2853 1665; x_wconf 88' lang='lat' dir='ltr'><strong>temporis</strong></span> <span class='ocrx_word' id='word_1_188' title='bbox 2885 1614 3007 1651; x_wconf 90' lang='lat' dir='ltr'><strong>cum</strong></span> <span class='ocrx_word' id='word_1_189' title='bbox 3051 1599 3431 1653; x_wconf 78' lang='lat' dir='ltr'><strong>additamenta</strong></span> 
     </span>
    </p>
   </div>
   <div class='ocr_carea' id='block_1_32' title="bbox 1846 1685 3432 1759">
    <p class='ocr_par' dir='ltr' id='par_1_32' title="bbox 1846 1685 3432 1759">
     <span class='ocr_line' id='line_1_32' title="bbox 1846 1685 3432 1759; baseline 0.003 -21"><span class='ocrx_word' id='word_1_190' title='bbox 1846 1685 1993 1755; x_wconf 88' lang='lat' dir='ltr'><strong>quod</strong></span> <span class='ocrx_word' id='word_1_191' title='bbox 2029 1695 2250 1748; x_wconf 82' lang='lat' dir='ltr'><strong>vocant.</strong></span> <span class='ocrx_word' id='word_1_192' title='bbox 2273 1702 2303 1741; x_wconf 90' lang='lat' dir='ltr'><strong>a</strong></span> <span class='ocrx_word' id='word_1_193' title='bbox 2332 1686 2544 1742; x_wconf 84' lang='lat' dir='ltr'><strong>Latinis</strong></span> <span class='ocrx_word' id='word_1_194' title='bbox 2567 1690 2928 1751; x_wconf 85' lang='lat' dir='ltr'><strong>recitabatur,</strong></span> <span class='ocrx_word' id='word_1_195' title='bbox 2958 1690 3001 1744; x_wconf 87' lang='lat' dir='ltr'><strong>si</strong></span> <span class='ocrx_word' id='word_1_196' title='bbox 3039 1691 3270 1744; x_wconf 79' lang='lat' dir='ltr'><strong>Photius</strong></span> <span class='ocrx_word' id='word_1_197' title='bbox 3294 1691 3432 1759; x_wconf 87' lang='lat' dir='ltr'><strong>jecit</strong></span> 
     </span>
    </p>
   </div>
   <div class='ocr_carea' id='block_1_33' title="bbox 1847 1776 3432 1847">
    <p class='ocr_par' dir='ltr' id='par_1_33' title="bbox 1847 1776 3432 1847">
     <span class='ocr_line' id='line_1_33' title="bbox 1847 1776 3432 1847; baseline 0.005 -17"><span class='ocrx_word' id='word_1_198' title='bbox 1847 1776 2068 1847; x_wconf 87' lang='lat' dir='ltr'><strong>quidem</strong></span> <span class='ocrx_word' id='word_1_199' title='bbox 2117 1779 2327 1832; x_wconf 83' lang='lat' dir='ltr'><strong>semina</strong></span> <span class='ocrx_word' id='word_1_200' title='bbox 2367 1779 2703 1843; x_wconf 83' lang='lat' dir='ltr'><strong>schismatis,</strong></span> <span class='ocrx_word' id='word_1_201' title='bbox 2745 1782 2839 1835; x_wconf 88' lang='lat' dir='ltr'><strong>sed</strong></span> <span class='ocrx_word' id='word_1_202' title='bbox 2882 1782 3120 1836; x_wconf 83' lang='lat' dir='ltr'><strong>habebat</strong></span> <span class='ocrx_word' id='word_1_203' title='bbox 3164 1783 3432 1843; x_wconf 83' lang='lat' dir='ltr'><strong>plurimos</strong></span> 
     </span>
    </p>
   </div>
   <div class='ocr_carea' id='block_1_34' title="bbox 182 1869 1750 1943">
    <p class='ocr_par' dir='ltr' id='par_1_34' title="bbox 182 1870 1746 1943">
     <span class='ocr_line' id='line_1_34' title="bbox 182 1870 1746 1943; baseline 0.003 -20"><span class='ocrx_word' id='word_1_204' title='bbox 182 1870 233 1924; x_wconf 85' lang='lat' dir='ltr'><strong>El</strong></span> <span class='ocrx_word' id='word_1_205' title='bbox 249 1870 297 1923; x_wconf 80' lang='grc' dir='ltr'>δὲ</span> <span class='ocrx_word' id='word_1_206' title='bbox 322 1870 588 1924; x_wconf 86' lang='grc' dir='ltr'>κατέϐαλε</span> <span class='ocrx_word' id='word_1_207' title='bbox 619 1872 725 1942; x_wconf 79' lang='grc' dir='ltr'>μὲν</span> <span class='ocrx_word' id='word_1_208' title='bbox 754 1871 956 1935; x_wconf 79' lang='grc' dir='ltr'>Φώτιος</span> <span class='ocrx_word' id='word_1_209' title='bbox 980 1878 1047 1926; x_wconf 70' lang='grc' dir='ltr'>τὰ</span> <span class='ocrx_word' id='word_1_210' title='bbox 1071 1874 1364 1942; x_wconf 81' lang='grc' dir='ltr'>σπέρματα</span> <span class='ocrx_word' id='word_1_211' title='bbox 1386 1872 1482 1926; x_wconf 81' lang='grc' dir='ltr'><strong>τοῦ</strong></span> <span class='ocrx_word' id='word_1_212' title='bbox 1507 1873 1746 1943; x_wconf 81' lang='grc' dir='ltr'>σχίσμα-</span> 
     </span>
    </p>
   </div>
   <div class='ocr_carea' id='block_1_35' title="bbox 1856 1869 3431 1943">
    <p class='ocr_par' dir='ltr' id='par_1_35' title="bbox 1856 1869 3431 1935">
     <span class='ocr_line' id='line_1_35' title="bbox 1856 1869 3431 1935; baseline 0.003 -13"><span class='ocrx_word' id='word_1_213' title='bbox 1856 1869 1954 1923; x_wconf 81' lang='lat' dir='ltr'><strong>sibi</strong></span> <span class='ocrx_word' id='word_1_214' title='bbox 2017 1884 2124 1923; x_wconf 90' lang='lat' dir='ltr'><strong>non</strong></span> <span class='ocrx_word' id='word_1_215' title='bbox 2184 1870 2513 1935; x_wconf 82' lang='lat' dir='ltr'><strong>audientes,</strong></span> <span class='ocrx_word' id='word_1_216' title='bbox 2574 1874 2873 1927; x_wconf 78' lang='lat' dir='ltr'><strong>exhibente</strong></span> <span class='ocrx_word' id='word_1_217' title='bbox 2936 1874 3116 1927; x_wconf 87' lang='lat' dir='ltr'><strong>adhuc</strong></span> <span class='ocrx_word' id='word_1_218' title='bbox 3165 1873 3431 1928; x_wconf 82' lang='lat' dir='ltr'><strong>Orientali</strong></span> 
     </span>
    </p>
   </div>
   <div class='ocr_carea' id='block_1_36' title="bbox 184 1963 1743 2037">
    <p class='ocr_par' dir='ltr' id='par_1_36' title="bbox 184 1963 1743 2037">
     <span class='ocr_line' id='line_1_36' title="bbox 184 1963 1743 2037; baseline 0.003 -21"><span class='ocrx_word' id='word_1_219' title='bbox 184 1982 273 2026; x_wconf 84' lang='grc' dir='ltr'>τος,</span> <span class='ocrx_word' id='word_1_220' title='bbox 305 1963 447 2017; x_wconf 71' lang='grc' dir='ltr'>οὔπω</span> <span class='ocrx_word' id='word_1_221' title='bbox 473 1964 531 2017; x_wconf 79' lang='grc' dir='ltr'>δὲ</span> <span class='ocrx_word' id='word_1_222' title='bbox 565 1968 935 2035; x_wconf 77' lang='grc' dir='ltr'>πειθομένους</span> <span class='ocrx_word' id='word_1_223' title='bbox 968 1963 1082 2037; x_wconf 71' lang='grc' dir='ltr'>εἶχε</span> <span class='ocrx_word' id='word_1_224' title='bbox 1114 1968 1239 2031; x_wconf 82' lang='grc' dir='ltr'>τοὺς</span> <span class='ocrx_word' id='word_1_225' title='bbox 1283 1967 1595 2031; x_wconf 86' lang='grc' dir='ltr'>πλείστους,</span> <span class='ocrx_word' id='word_1_226' title='bbox 1629 1968 1743 2021; x_wconf 78' lang='grc' dir='ltr'>ἀλλ’</span> 
     </span>
    </p>
   </div>
   <div class='ocr_carea' id='block_1_37' title="bbox 182 2055 1746 2130">
    <p class='ocr_par' dir='ltr' id='par_1_37' title="bbox 182 2055 1746 2130">
     <span class='ocr_line' id='line_1_37' title="bbox 182 2055 1746 2130; baseline 0.003 -23"><span class='ocrx_word' id='word_1_227' title='bbox 182 2055 417 2123; x_wconf 69' lang='grc' dir='ltr'>ἐφύλαττε</span> <span class='ocrx_word' id='word_1_228' title='bbox 461 2058 604 2121; x_wconf 84' lang='grc' dir='ltr'>τέως</span> <span class='ocrx_word' id='word_1_229' title='bbox 646 2059 683 2128; x_wconf 78' lang='grc' dir='ltr'>ὴ</span> <span class='ocrx_word' id='word_1_230' title='bbox 723 2058 1054 2130; x_wconf 77' lang='grc' dir='ltr'>’Δνατολικὴ</span> <span class='ocrx_word' id='word_1_231' title='bbox 1115 2059 1413 2128; x_wconf 79' lang='grc' dir='ltr'>Ἐκκλησία</span> <span class='ocrx_word' id='word_1_232' title='bbox 1454 2059 1554 2130; x_wconf 78' lang='grc' dir='ltr'>τὴν</span> <span class='ocrx_word' id='word_1_233' title='bbox 1610 2060 1746 2129; x_wconf 77' lang='grc' dir='ltr'>πρὸς</span> 
     </span>
    </p>
   </div>
   <div class='ocr_carea' id='block_1_38' title="bbox 187 2147 1747 2222">
    <p class='ocr_par' dir='ltr' id='par_1_38' title="bbox 187 2147 1747 2222">
     <span class='ocr_line' id='line_1_38' title="bbox 187 2147 1747 2222; baseline 0.003 -21"><span class='ocrx_word' id='word_1_234' title='bbox 187 2149 260 2202; x_wconf 77' lang='grc' dir='ltr'><strong>τὸν</strong></span> <span class='ocrx_word' id='word_1_235' title='bbox 283 2147 505 2203; x_wconf 84' lang='grc' dir='ltr'>πάππαν</span> <span class='ocrx_word' id='word_1_236' title='bbox 534 2149 833 2204; x_wconf 79' lang='grc' dir='ltr'>εὐλάϐειαν</span> <span class='ocrx_word' id='word_1_237' title='bbox 859 2152 957 2205; x_wconf 77' lang='grc' dir='ltr'>καὶ</span> <span class='ocrx_word' id='word_1_238' title='bbox 983 2151 1258 2221; x_wconf 85' lang='grc' dir='ltr'>ὁμόνοιαν,</span> <span class='ocrx_word' id='word_1_239' title='bbox 1281 2151 1359 2215; x_wconf 82' lang='grc' dir='ltr'>ὡς</span> <span class='ocrx_word' id='word_1_240' title='bbox 1388 2153 1661 2222; x_wconf 83' lang='grc' dir='ltr'>μαρτυρεῖ</span> <span class='ocrx_word' id='word_1_241' title='bbox 1679 2151 1747 2206; x_wconf 79' lang='grc' dir='ltr'>τὰ</span> 
     </span>
    </p>
   </div>
   <div class='ocr_carea' id='block_1_39' title="bbox 190 2242 1746 2313">
    <p class='ocr_par' dir='ltr' id='par_1_39' title="bbox 190 2242 1746 2313">
     <span class='ocr_line' id='line_1_39' title="bbox 190 2242 1746 2313; baseline 0.003 -19"><span class='ocrx_word' id='word_1_242' title='bbox 190 2242 445 2310; x_wconf 82' lang='grc' dir='ltr'>Πρακτικὰ</span> <span class='ocrx_word' id='word_1_243' title='bbox 474 2243 574 2311; x_wconf 83' lang='grc' dir='ltr'>τῆς</span> <span class='ocrx_word' id='word_1_244' title='bbox 618 2244 1017 2313; x_wconf 82' lang='grc' dir='ltr'>οίκουμενικῆς</span> <span class='ocrx_word' id='word_1_245' title='bbox 1049 2247 1106 2297; x_wconf 77' lang='grc' dir='ltr'>ἐν</span> <span class='ocrx_word' id='word_1_246' title='bbox 1140 2245 1553 2299; x_wconf 82' lang='grc' dir='ltr'>Κωνσταντίνου</span> <span class='ocrx_word' id='word_1_247' title='bbox 1590 2246 1746 2299; x_wconf 79' lang='grc' dir='ltr'>πόλει</span> 
     </span>
    </p>
   </div>
   <div class='ocr_carea' id='block_1_40' title="bbox 190 2335 1748 2410">
    <p class='ocr_par' dir='ltr' id='par_1_40' title="bbox 190 2335 1748 2410">
     <span class='ocr_line' id='line_1_40' title="bbox 190 2335 1748 2410; baseline 0.005 -25"><span class='ocrx_word' id='word_1_248' title='bbox 190 2335 354 2403; x_wconf 69' lang='grc' dir='ltr'>ὀγδόης</span> <span class='ocrx_word' id='word_1_249' title='bbox 389 2337 635 2401; x_wconf 83' lang='grc' dir='ltr'>συνόδου,</span> <span class='ocrx_word' id='word_1_250' title='bbox 669 2338 788 2401; x_wconf 85' lang='grc' dir='ltr'>πῶς</span> <span class='ocrx_word' id='word_1_251' title='bbox 833 2338 895 2393; x_wconf 82' lang='grc' dir='ltr'>οὐ</span> <span class='ocrx_word' id='word_1_252' title='bbox 940 2341 1255 2407; x_wconf 75' lang='grc' dir='ltr'>καταφανὲς</span> <span class='ocrx_word' id='word_1_253' title='bbox 1288 2342 1382 2394; x_wconf 73' lang='grc' dir='ltr'>καὶ</span> <span class='ocrx_word' id='word_1_254' title='bbox 1407 2341 1748 2410; x_wconf 85' lang='grc' dir='ltr'>προδηλότα-</span> 
     </span>
    </p>
   </div>
   <div class='ocr_carea' id='block_1_41' title="bbox 194 2430 1745 2504">
    <p class='ocr_par' dir='ltr' id='par_1_41' title="bbox 194 2430 1745 2504">
     <span class='ocr_line' id='line_1_41' title="bbox 194 2430 1745 2504; baseline 0.003 -25"><span class='ocrx_word' id='word_1_255' title='bbox 194 2444 270 2480; x_wconf 82' lang='grc' dir='ltr'><strong>τον</strong></span> <span class='ocrx_word' id='word_1_256' title='bbox 302 2430 478 2498; x_wconf 73' lang='grc' dir='ltr'>ἔτερόν</span> <span class='ocrx_word' id='word_1_257' title='bbox 515 2449 568 2484; x_wconf 87' lang='grc' dir='ltr'><strong>τι</strong></span> <span class='ocrx_word' id='word_1_258' title='bbox 598 2432 894 2501; x_wconf 78' lang='grc' dir='ltr'>γεγονέναι</span> <span class='ocrx_word' id='word_1_259' title='bbox 945 2432 1041 2486; x_wconf 82' lang='grc' dir='ltr'>τοῦ</span> <span class='ocrx_word' id='word_1_260' title='bbox 1101 2433 1404 2504; x_wconf 87' lang='grc' dir='ltr'>σχίσματος</span> <span class='ocrx_word' id='word_1_261' title='bbox 1440 2432 1501 2487; x_wconf 78' lang='grc' dir='ltr'>τὸ</span> <span class='ocrx_word' id='word_1_262' title='bbox 1550 2434 1745 2498; x_wconf 87' lang='grc' dir='ltr'>αίτιον,</span> 
     </span>
    </p>
   </div>
   <div class='ocr_carea' id='block_1_42' title="bbox 195 2510 1749 2597">
    <p class='ocr_par' dir='ltr' id='par_1_42' title="bbox 195 2510 1749 2597">
     <span class='ocr_line' id='line_1_42' title="bbox 195 2510 1749 2597; baseline 0.003 -24"><span class='ocrx_word' id='word_1_263' title='bbox 195 2521 288 2573; x_wconf 72' lang='grc' dir='ltr'>ἀλλ’</span> <span class='ocrx_word' id='word_1_264' title='bbox 316 2510 426 2593; x_wconf 71' lang='grc' dir='ltr'>οὖχὶ</span> <span class='ocrx_word' id='word_1_265' title='bbox 454 2524 552 2595; x_wconf 83' lang='grc' dir='ltr'>τὴν</span> <span class='ocrx_word' id='word_1_266' title='bbox 583 2525 938 2597; x_wconf 81' lang='grc' dir='ltr'>καλουμένην</span> <span class='ocrx_word' id='word_1_267' title='bbox 964 2526 1288 2597; x_wconf 77' lang='grc' dir='ltr'>προσθήκην</span> <span class='ocrx_word' id='word_1_268' title='bbox 1311 2546 1338 2592; x_wconf 71' lang='lat'><strong>;~</strong></span> <span class='ocrx_word' id='word_1_269' title='bbox 1369 2525 1586 2580; x_wconf 88' lang='grc' dir='ltr'>Ὀποῖον</span> <span class='ocrx_word' id='word_1_270' title='bbox 1607 2526 1653 2579; x_wconf 88' lang='grc' dir='ltr'>δ’</span> <span class='ocrx_word' id='word_1_271' title='bbox 1682 2527 1749 2579; x_wconf 85' lang='grc' dir='ltr'>ἂν</span> 
     </span>
    </p>
   </div>
   <div class='ocr_carea' id='block_1_43' title="bbox 196 2613 1749 2687">
    <p class='ocr_par' dir='ltr' id='par_1_43' title="bbox 196 2613 1749 2687">
     <span class='ocr_line' id='line_1_43' title="bbox 196 2613 1749 2687; baseline 0.006 -27"><span class='ocrx_word' id='word_1_272' title='bbox 196 2613 262 2679; x_wconf 75' lang='grc' dir='ltr'>εἴη</span> <span class='ocrx_word' id='word_1_273' title='bbox 305 2614 358 2663; x_wconf 77' lang='grc' dir='ltr'>τὸ</span> <span class='ocrx_word' id='word_1_274' title='bbox 407 2614 607 2683; x_wconf 73' lang='grc' dir='ltr'>ἀληθὲς</span> <span class='ocrx_word' id='word_1_275' title='bbox 654 2616 858 2681; x_wconf 75' lang='grc' dir='ltr'>αἴτιον,</span> <span class='ocrx_word' id='word_1_276' title='bbox 898 2616 1214 2670; x_wconf 80' lang='grc' dir='ltr'>διδάσκουσι</span> <span class='ocrx_word' id='word_1_277' title='bbox 1239 2616 1335 2680; x_wconf 79' lang='grc' dir='ltr'>τοῦ</span> <span class='ocrx_word' id='word_1_278' title='bbox 1364 2617 1668 2687; x_wconf 70' lang='grc' dir='ltr'>σχίσματος</span> <span class='ocrx_word' id='word_1_279' title='bbox 1700 2618 1749 2669; x_wconf 74' lang='grc' dir='ltr'><strong>οἱ</strong></span> 
     </span>
    </p>
   </div>
   <div class='ocr_carea' id='block_1_44' title="bbox 199 2708 1749 2779">
    <p class='ocr_par' dir='ltr' id='par_1_44' title="bbox 199 2708 1749 2779">
     <span class='ocr_line' id='line_1_44' title="bbox 199 2708 1749 2779; baseline 0.005 -24"><span class='ocrx_word' id='word_1_280' title='bbox 199 2708 562 2772; x_wconf 76' lang='grc' dir='ltr'>προασπισταὶ,</span> <span class='ocrx_word' id='word_1_281' title='bbox 606 2708 755 2778; x_wconf 72' lang='grc' dir='ltr'>πρὸς</span> <span class='ocrx_word' id='word_1_282' title='bbox 791 2711 969 2763; x_wconf 80' lang='grc' dir='ltr'>ἐκεῖνο</span> <span class='ocrx_word' id='word_1_283' title='bbox 1008 2710 1208 2779; x_wconf 88' lang='grc' dir='ltr'>μᾶλλον</span> <span class='ocrx_word' id='word_1_284' title='bbox 1248 2710 1675 2779; x_wconf 82' lang='grc' dir='ltr'>ἀντιτεινόμενοι</span> <span class='ocrx_word' id='word_1_285' title='bbox 1721 2709 1749 2762; x_wconf 87' lang='grc' dir='ltr'><strong>ὂ</strong></span> 
     </span>
    </p>
   </div>
   <div class='ocr_carea' id='block_1_45' title="bbox 197 2792 1750 2870">
    <p class='ocr_par' dir='ltr' id='par_1_45' title="bbox 197 2792 1750 2870">
     <span class='ocr_line' id='line_1_45' title="bbox 197 2792 1750 2870; baseline 0.008 -30"><span class='ocrx_word' id='word_1_286' title='bbox 197 2792 334 2843; x_wconf 79' lang='grc' dir='ltr'>πλέον</span> <span class='ocrx_word' id='word_1_287' title='bbox 360 2794 675 2851; x_wconf 75' lang='grc' dir='ltr'>καθικνεῖτο</span> <span class='ocrx_word' id='word_1_288' title='bbox 712 2800 889 2869; x_wconf 78' lang='grc' dir='ltr'>μέσης</span> <span class='ocrx_word' id='word_1_289' title='bbox 924 2801 1104 2853; x_wconf 81' lang='grc' dir='ltr'>αὐτῶν</span> <span class='ocrx_word' id='word_1_290' title='bbox 1135 2801 1233 2868; x_wconf 81' lang='grc' dir='ltr'>τῆς</span> <span class='ocrx_word' id='word_1_291' title='bbox 1270 2801 1520 2870; x_wconf 87' lang='grc' dir='ltr'>καρδίας,</span> <span class='ocrx_word' id='word_1_292' title='bbox 1565 2801 1659 2853; x_wconf 76' lang='grc' dir='ltr'>καὶ</span> <span class='ocrx_word' id='word_1_293' title='bbox 1686 2794 1750 2853; x_wconf 77' lang='grc' dir='ltr'>οὗ</span> 
     </span>
    </p>
   </div>
   <div class='ocr_carea' id='block_1_46' title="bbox 198 2882 1749 2963">
    <p class='ocr_par' dir='ltr' id='par_1_46' title="bbox 198 2882 1749 2963">
     <span class='ocr_line' id='line_1_46' title="bbox 198 2882 1749 2963; baseline 0.008 -28"><span class='ocrx_word' id='word_1_294' title='bbox 198 2882 333 2952; x_wconf 79' lang='grc' dir='ltr'>χάριν</span> <span class='ocrx_word' id='word_1_295' title='bbox 356 2886 450 2951; x_wconf 72' lang='grc' dir='ltr'><strong>τὰς</strong></span> <span class='ocrx_word' id='word_1_296' title='bbox 479 2890 868 2959; x_wconf 80' lang='grc' dir='ltr'>εὐρεσιλογίας</span> <span class='ocrx_word' id='word_1_297' title='bbox 898 2893 1029 2963; x_wconf 76' lang='grc' dir='ltr'>περὶ</span> <span class='ocrx_word' id='word_1_298' title='bbox 1052 2894 1120 2946; x_wconf 74' lang='grc' dir='ltr'>τὰ</span> <span class='ocrx_word' id='word_1_299' title='bbox 1141 2893 1391 2962; x_wconf 75' lang='grc' dir='ltr'>δόγματα</span> <span class='ocrx_word' id='word_1_300' title='bbox 1409 2893 1749 2963; x_wconf 70' lang='grc' dir='ltr'>ἠρανίζοντο’</span> 
     </span>
    </p>
   </div>
   <div class='ocr_carea' id='block_1_47' title="bbox 200 2978 1752 3055">
    <p class='ocr_par' dir='ltr' id='par_1_47' title="bbox 200 2978 1752 3055">
     <span class='ocr_line' id='line_1_47' title="bbox 200 2978 1752 3055; baseline 0.014 -27"><span class='ocrx_word' id='word_1_301' title='bbox 200 2978 289 3030; x_wconf 79' lang='grc' dir='ltr'>τῶν</span> <span class='ocrx_word' id='word_1_302' title='bbox 322 2981 421 3051; x_wconf 69' lang='grc' dir='ltr'><strong>γάρ</strong></span> <span class='ocrx_word' id='word_1_303' title='bbox 455 2982 695 3050; x_wconf 80' lang='grc' dir='ltr'>μάλιστα</span> <span class='ocrx_word' id='word_1_304' title='bbox 750 2985 1292 3055; x_wconf 75' lang='grc' dir='ltr'>ἀμφισϐητουμένων</span> <span class='ocrx_word' id='word_1_305' title='bbox 1323 2987 1451 3055; x_wconf 77' lang='grc' dir='ltr'>περὶ</span> <span class='ocrx_word' id='word_1_306' title='bbox 1502 2987 1600 3055; x_wconf 85' lang='grc' dir='ltr'>μὲν</span> <span class='ocrx_word' id='word_1_307' title='bbox 1651 2986 1752 3054; x_wconf 84' lang='grc' dir='ltr'>τῆς</span> 
     </span>
    </p>
   </div>
   <div class='ocr_carea' id='block_1_48' title="bbox 200 3067 1752 3149">
    <p class='ocr_par' dir='ltr' id='par_1_48' title="bbox 200 3067 1752 3149">
     <span class='ocr_line' id='line_1_48' title="bbox 200 3067 1752 3149; baseline 0.005 -26"><span class='ocrx_word' id='word_1_308' title='bbox 200 3071 541 3140; x_wconf 69' lang='grc' dir='ltr'>ὶκπορεύσεως</span> <span class='ocrx_word' id='word_1_309' title='bbox 566 3067 742 3147; x_wconf 72' lang='grc' dir='ltr'>πρλλὴ</span> <span class='ocrx_word' id='word_1_310' title='bbox 774 3079 907 3147; x_wconf 83' lang='grc' dir='ltr'>παρ’</span> <span class='ocrx_word' id='word_1_311' title='bbox 928 3079 1112 3141; x_wconf 78' lang='grc' dir='ltr'>αὐτοῖς</span> <span class='ocrx_word' id='word_1_312' title='bbox 1142 3080 1483 3149; x_wconf 78' lang='grc' dir='ltr'>ήδιαφωνία,</span> <span class='ocrx_word' id='word_1_313' title='bbox 1511 3077 1622 3130; x_wconf 79' lang='grc' dir='ltr'><strong>τῶν</strong></span> <span class='ocrx_word' id='word_1_314' title='bbox 1652 3076 1752 3147; x_wconf 73' lang='grc' dir='ltr'>μὲν</span> 
     </span>
    </p>
   </div>
   <div class='ocr_carea' id='block_1_49' title="bbox 200 3163 1753 3244">
    <p class='ocr_par' dir='ltr' id='par_1_49' title="bbox 200 3163 1753 3244">
     <span class='ocr_line' id='line_1_49' title="bbox 200 3163 1753 3244; baseline 0.005 -30"><span class='ocrx_word' id='word_1_315' title='bbox 200 3163 433 3234; x_wconf 80' lang='grc' dir='ltr'>δυαρχίαν</span> <span class='ocrx_word' id='word_1_316' title='bbox 479 3169 929 3238; x_wconf 80' lang='grc' dir='ltr'>παρεισάγεσθαι</span> <span class='ocrx_word' id='word_1_317' title='bbox 969 3171 1321 3240; x_wconf 81' lang='grc' dir='ltr'>νομιζόντων,</span> <span class='ocrx_word' id='word_1_318' title='bbox 1365 3175 1461 3225; x_wconf 73' lang='grc' dir='ltr'><strong>καὶ</strong></span> <span class='ocrx_word' id='word_1_319' title='bbox 1509 3172 1753 3244; x_wconf 71' lang='grc' dir='ltr'>βλάσφη-</span> 
     </span>
    </p>
   </div>
   <div class='ocr_carea' id='block_1_50' title="bbox 1853 1960 3430 2035">
    <p class='ocr_par' dir='ltr' id='par_1_50' title="bbox 1853 1960 3430 2035">
     <span class='ocr_line' id='line_1_50' title="bbox 1853 1960 3430 2035; baseline 0.002 -21"><span class='ocrx_word' id='word_1_320' title='bbox 1853 1960 2109 2018; x_wconf 76' lang='lat' dir='ltr'><strong>Ecclesia:</strong></span> <span class='ocrx_word' id='word_1_321' title='bbox 2134 1972 2455 2019; x_wconf 86' lang='lat' dir='ltr'><strong>consuetam</strong></span> <span class='ocrx_word' id='word_1_322' title='bbox 2483 1965 2849 2018; x_wconf 84' lang='lat' dir='ltr'><strong>reverentiam</strong></span> <span class='ocrx_word' id='word_1_323' title='bbox 2876 1966 3056 2035; x_wconf 78' lang='lat' dir='ltr'><strong>papae,</strong></span> <span class='ocrx_word' id='word_1_324' title='bbox 3089 1975 3144 2019; x_wconf 86' lang='lat' dir='ltr'><strong>et</strong></span> <span class='ocrx_word' id='word_1_325' title='bbox 3170 1965 3430 2018; x_wconf 83' lang='lat' dir='ltr'><strong>unionem</strong></span> 
     </span>
    </p>
   </div>
   <div class='ocr_carea' id='block_1_51' title="bbox 1853 2058 3436 2131">
    <p class='ocr_par' dir='ltr' id='par_1_51' title="bbox 1853 2058 3436 2131">
     <span class='ocr_line' id='line_1_51' title="bbox 1853 2058 3436 2131; baseline -0.001 -19"><span class='ocrx_word' id='word_1_326' title='bbox 1853 2066 2144 2125; x_wconf 80' lang='lat' dir='ltr'><strong>servante;</strong></span> <span class='ocrx_word' id='word_1_327' title='bbox 2201 2067 2262 2114; x_wconf 91' lang='lat' dir='ltr'><strong>ttt</strong></span> <span class='ocrx_word' id='word_1_328' title='bbox 2304 2069 2511 2114; x_wconf 66' lang='lat' dir='ltr'><strong>octava:</strong></span> <span class='ocrx_word' id='word_1_329' title='bbox 2547 2061 2823 2130; x_wconf 75' lang='lat' dir='ltr'><strong>generalis</strong></span> <span class='ocrx_word' id='word_1_330' title='bbox 2873 2059 3068 2131; x_wconf 87' lang='lat' dir='ltr'><strong>synodi</strong></span> <span class='ocrx_word' id='word_1_331' title='bbox 3119 2058 3436 2113; x_wconf 86' lang='lat' dir='ltr'><strong>Constanti—</strong></span> 
     </span>
    </p>
   </div>
   <div class='ocr_carea' id='block_1_52' title="bbox 1853 2148 3433 2221">
    <p class='ocr_par' dir='ltr' id='par_1_52' title="bbox 1853 2148 3433 2221">
     <span class='ocr_line' id='line_1_52' title="bbox 1853 2148 3433 2221; baseline 0.001 -18"><span class='ocrx_word' id='word_1_332' title='bbox 1853 2148 2184 2218; x_wconf 65' lang='lat' dir='ltr'><strong>nopolitanae</strong></span> <span class='ocrx_word' id='word_1_333' title='bbox 2218 2153 2349 2206; x_wconf 80' lang='lat' dir='ltr'><strong>Acta</strong></span> <span class='ocrx_word' id='word_1_334' title='bbox 2379 2160 2682 2218; x_wconf 83' lang='lat' dir='ltr'><strong>testantur;</strong></span> <span class='ocrx_word' id='word_1_335' title='bbox 2723 2152 3233 2208; x_wconf 77' lang='lat' dir='ltr'><strong>manifestissimum</strong></span> <span class='ocrx_word' id='word_1_336' title='bbox 3270 2152 3433 2221; x_wconf 87' lang='lat' dir='ltr'><strong>plane</strong></span> 
     </span>
    </p>
   </div>
   <div class='ocr_carea' id='block_1_53' title="bbox 1852 2232 3434 2314">
    <p class='ocr_par' dir='ltr' id='par_1_53' title="bbox 1852 2232 3434 2314">
     <span class='ocr_line' id='line_1_53' title="bbox 1852 2232 3434 2314; baseline 0.001 -18"><span class='ocrx_word' id='word_1_337' title='bbox 1852 2250 1958 2304; x_wconf 88' lang='lat' dir='ltr'><strong>est,</strong></span> <span class='ocrx_word' id='word_1_338' title='bbox 1991 2243 2152 2298; x_wconf 87' lang='lat' dir='ltr'><strong>aliam</strong></span> <span class='ocrx_word' id='word_1_339' title='bbox 2193 2245 2469 2300; x_wconf 78' lang='lat' dir='ltr'><strong>exstitisse</strong></span> <span class='ocrx_word' id='word_1_340' title='bbox 2499 2261 2722 2299; x_wconf 86' lang='lat' dir='ltr'><strong>causam</strong></span> <span class='ocrx_word' id='word_1_341' title='bbox 2750 2246 3087 2306; x_wconf 85' lang='lat' dir='ltr'><strong>schismatis,</strong></span> <span class='ocrx_word' id='word_1_342' title='bbox 3138 2262 3244 2298; x_wconf 89' lang='lat' dir='ltr'><strong>non</strong></span> <span class='ocrx_word' id='word_1_343' title='bbox 3284 2232 3434 2314; x_wconf 78' lang='lat' dir='ltr'><strong>quod</strong></span> 
     </span>
    </p>
   </div>
   <div class='ocr_carea' id='block_1_54' title="bbox 1857 2335 3433 2410">
    <p class='ocr_par' dir='ltr' id='par_1_54' title="bbox 1857 2335 3433 2410">
     <span class='ocr_line' id='line_1_54' title="bbox 1857 2335 3433 2410; baseline 0.002 -22"><span class='ocrx_word' id='word_1_344' title='bbox 1857 2335 1959 2403; x_wconf 87' lang='lat' dir='ltr'><strong>ipsi</strong></span> <span class='ocrx_word' id='word_1_345' title='bbox 2001 2347 2201 2391; x_wconf 81' lang='lat' dir='ltr'><strong>vocant</strong></span> <span class='ocrx_word' id='word_1_346' title='bbox 2249 2339 2705 2394; x_wconf 85' lang='lat' dir='ltr'><strong>additamentum.</strong></span> <span class='ocrx_word' id='word_1_347' title='bbox 2739 2341 2937 2395; x_wconf 77' lang='lat' dir='ltr'><strong>Veram</strong></span> <span class='ocrx_word' id='word_1_348' title='bbox 2995 2357 3161 2410; x_wconf 88' lang='lat' dir='ltr'><strong>porro</strong></span> <span class='ocrx_word' id='word_1_349' title='bbox 3211 2355 3433 2393; x_wconf 83' lang='lat' dir='ltr'><strong>causam</strong></span> 
     </span>
    </p>
   </div>
   <div class='ocr_carea' id='block_1_55' title="bbox 1857 2431 3432 2497">
    <p class='ocr_par' dir='ltr' id='par_1_55' title="bbox 1857 2431 3432 2497">
     <span class='ocr_line' id='line_1_55' title="bbox 1857 2431 3432 2497; baseline 0.001 -16"><span class='ocrx_word' id='word_1_350' title='bbox 1857 2437 2294 2497; x_wconf 80' lang='lat' dir='ltr'><strong>prOpugnatores</strong></span> <span class='ocrx_word' id='word_1_351' title='bbox 2351 2431 2669 2486; x_wconf 89' lang='lat' dir='ltr'><strong>schismatls</strong></span> <span class='ocrx_word' id='word_1_352' title='bbox 2730 2433 3032 2487; x_wconf 86' lang='lat' dir='ltr'><strong>declarant.</strong></span> <span class='ocrx_word' id='word_1_353' title='bbox 3093 2433 3230 2487; x_wconf 87' lang='lat' dir='ltr'><strong>illud</strong></span> <span class='ocrx_word' id='word_1_354' title='bbox 3283 2433 3432 2485; x_wconf 87' lang='lat' dir='ltr'><strong>enim</strong></span> 
     </span>
    </p>
   </div>
   <div class='ocr_carea' id='block_1_56' title="bbox 1855 2522 3435 2594">
    <p class='ocr_par' dir='ltr' id='par_1_56' title="bbox 1855 2522 3435 2594">
     <span class='ocr_line' id='line_1_56' title="bbox 1855 2522 3435 2594; baseline 0.004 -22"><span class='ocrx_word' id='word_1_355' title='bbox 1855 2535 1977 2573; x_wconf 82' lang='lat' dir='ltr'><strong>esse</strong></span> <span class='ocrx_word' id='word_1_356' title='bbox 2005 2522 2262 2588; x_wconf 89' lang='lat' dir='ltr'><strong>innuunt,</strong></span> <span class='ocrx_word' id='word_1_357' title='bbox 2291 2522 2344 2576; x_wconf 91' lang='lat' dir='ltr'><strong>in</strong></span> <span class='ocrx_word' id='word_1_358' title='bbox 2367 2524 2512 2593; x_wconf 89' lang='lat' dir='ltr'><strong>quod</strong></span> <span class='ocrx_word' id='word_1_359' title='bbox 2541 2525 2725 2580; x_wconf 90' lang='lat' dir='ltr'><strong>acrius</strong></span> <span class='ocrx_word' id='word_1_360' title='bbox 2753 2525 3108 2587; x_wconf 85' lang='lat' dir='ltr'><strong>invehuntur,</strong></span> <span class='ocrx_word' id='word_1_361' title='bbox 3128 2542 3237 2594; x_wconf 83' lang='lat' dir='ltr'><strong>quo</strong></span> <span class='ocrx_word' id='word_1_362' title='bbox 3266 2526 3435 2579; x_wconf 84' lang='lat' dir='ltr'><strong>vehe-</strong></span> 
     </span>
    </p>
   </div>
   <div class='ocr_carea' id='block_1_57' title="bbox 1856 2613 3438 2687">
    <p class='ocr_par' dir='ltr' id='par_1_57' title="bbox 1856 2613 3438 2687">
     <span class='ocr_line' id='line_1_57' title="bbox 1856 2613 3438 2687; baseline 0.003 -20"><span class='ocrx_word' id='word_1_363' title='bbox 1856 2613 2098 2687; x_wconf 89' lang='lat' dir='ltr'><strong>mentius</strong></span> <span class='ocrx_word' id='word_1_364' title='bbox 2127 2614 2296 2668; x_wconf 88' lang='lat' dir='ltr'><strong>animi</strong></span> <span class='ocrx_word' id='word_1_365' title='bbox 2333 2617 2694 2684; x_wconf 80' lang='lat' dir='ltr'><strong>angebantur,</strong></span> <span class='ocrx_word' id='word_1_366' title='bbox 2736 2629 2792 2672; x_wconf 89' lang='lat' dir='ltr'><strong>et</strong></span> <span class='ocrx_word' id='word_1_367' title='bbox 2826 2618 2985 2687; x_wconf 80' lang='lat' dir='ltr'><strong>cujus</strong></span> <span class='ocrx_word' id='word_1_368' title='bbox 3018 2634 3180 2672; x_wconf 88' lang='lat' dir='ltr'><strong>causa</strong></span> <span class='ocrx_word' id='word_1_369' title='bbox 3230 2618 3438 2672; x_wconf 84' lang='lat' dir='ltr'><strong>discre-</strong></span> 
     </span>
    </p>
   </div>
   <div class='ocr_carea' id='block_1_58' title="bbox 1857 2705 3439 2779">
    <p class='ocr_par' dir='ltr' id='par_1_58' title="bbox 1857 2705 3439 2779">
     <span class='ocr_line' id='line_1_58' title="bbox 1857 2705 3439 2779; baseline 0.004 -21"><span class='ocrx_word' id='word_1_370' title='bbox 1857 2705 2096 2775; x_wconf 88' lang='lat' dir='ltr'><strong>pantiam</strong></span> <span class='ocrx_word' id='word_1_371' title='bbox 2130 2707 2186 2761; x_wconf 91' lang='lat' dir='ltr'><strong>in</strong></span> <span class='ocrx_word' id='word_1_372' title='bbox 2222 2708 2569 2779; x_wconf 83' lang='lat' dir='ltr'><strong>dogmatibus</strong></span> <span class='ocrx_word' id='word_1_373' title='bbox 2607 2711 3193 2765; x_wconf 82' lang='lat' dir='ltr'><strong>conuuiniscebantur.</strong></span> <span class='ocrx_word' id='word_1_374' title='bbox 3237 2711 3290 2765; x_wconf 91' lang='lat' dir='ltr'><strong>Si</strong></span> <span class='ocrx_word' id='word_1_375' title='bbox 3315 2710 3439 2779; x_wconf 88' lang='lat' dir='ltr'><strong>qui-</strong></span> 
     </span>
    </p>
   </div>
   <div class='ocr_carea' id='block_1_59' title="bbox 1857 2799 3436 2873">
    <p class='ocr_par' dir='ltr' id='par_1_59' title="bbox 1857 2799 3436 2873">
     <span class='ocr_line' id='line_1_59' title="bbox 1857 2799 3436 2873; baseline 0.003 -23"><span class='ocrx_word' id='word_1_376' title='bbox 1857 2799 1982 2853; x_wconf 86' lang='lat' dir='ltr'><strong>dem</strong></span> <span class='ocrx_word' id='word_1_377' title='bbox 2028 2816 2090 2853; x_wconf 79' lang='lat' dir='ltr'><strong>ex</strong></span> <span class='ocrx_word' id='word_1_378' title='bbox 2119 2799 2352 2865; x_wconf 89' lang='lat' dir='ltr'><strong>duobus,</strong></span> <span class='ocrx_word' id='word_1_379' title='bbox 2389 2817 2511 2871; x_wconf 67' lang='lat' dir='ltr'><strong>qua:</strong></span> <span class='ocrx_word' id='word_1_380' title='bbox 2544 2803 2823 2871; x_wconf 70' lang='lat' dir='ltr'><strong>praecipua</strong></span> <span class='ocrx_word' id='word_1_381' title='bbox 2871 2803 3026 2857; x_wconf 75' lang='lat' dir='ltr'><strong>fut-re</strong></span> <span class='ocrx_word' id='word_1_382' title='bbox 3062 2805 3317 2873; x_wconf 59' lang='lat' dir='ltr'><strong>qnmsita,</strong></span> <span class='ocrx_word' id='word_1_383' title='bbox 3366 2801 3436 2855; x_wconf 85' lang='lat' dir='ltr'><strong>de</strong></span> 
     </span>
    </p>
   </div>
   <div class='ocr_carea' id='block_1_60' title="bbox 1859 2892 3439 2962">
    <p class='ocr_par' dir='ltr' id='par_1_60' title="bbox 1859 2892 3439 2962">
     <span class='ocr_line' id='line_1_60' title="bbox 1859 2892 3439 2962; baseline 0.004 -19"><span class='ocrx_word' id='word_1_384' title='bbox 1859 2892 2211 2962; x_wconf 83' lang='lat' dir='ltr'><strong>processione</strong></span> <span class='ocrx_word' id='word_1_385' title='bbox 2237 2892 2445 2962; x_wconf 89' lang='lat' dir='ltr'><strong>Spiritu</strong></span> <span class='ocrx_word' id='word_1_386' title='bbox 2475 2896 2648 2949; x_wconf 81' lang='lat' dir='ltr'><strong>sancti</strong></span> <span class='ocrx_word' id='word_1_387' title='bbox 2683 2911 2791 2949; x_wconf 93' lang='lat' dir='ltr'><strong>non</strong></span> <span class='ocrx_word' id='word_1_388' title='bbox 2829 2896 3023 2951; x_wconf 90' lang='lat' dir='ltr'><strong>eodem</strong></span> <span class='ocrx_word' id='word_1_389' title='bbox 3058 2895 3220 2949; x_wconf 87' lang='lat' dir='ltr'><strong>modo</strong></span> <span class='ocrx_word' id='word_1_390' title='bbox 3245 2911 3439 2949; x_wconf 86' lang='lat' dir='ltr'><strong>omnes</strong></span> 
     </span>
    </p>
   </div>
   <div class='ocr_carea' id='block_1_61' title="bbox 1858 2986 3436 3059">
    <p class='ocr_par' dir='ltr' id='par_1_61' title="bbox 1858 2986 3436 3059">
     <span class='ocr_line' id='line_1_61' title="bbox 1858 2986 3436 3059; baseline 0.003 -21"><span class='ocrx_word' id='word_1_391' title='bbox 1858 2986 2231 3057; x_wconf 79' lang='lat' dir='ltr'><strong>ambigebant.</strong></span> <span class='ocrx_word' id='word_1_392' title='bbox 2254 2987 2487 3054; x_wconf 78' lang='lat' dir='ltr'><strong>Quidam</strong></span> <span class='ocrx_word' id='word_1_393' title='bbox 2522 2987 2795 3044; x_wconf 87' lang='lat' dir='ltr'><strong>binarium</strong></span> <span class='ocrx_word' id='word_1_394' title='bbox 2822 2989 3215 3059; x_wconf 86' lang='lat' dir='ltr'><strong>principiorum</strong></span> <span class='ocrx_word' id='word_1_395' title='bbox 3249 2987 3436 3042; x_wconf 90' lang='lat' dir='ltr'><strong>induci</strong></span> 
     </span>
    </p>
   </div>
   <div class='ocr_carea' id='block_1_62' title="bbox 1859 3076 3435 3147">
    <p class='ocr_par' dir='ltr' id='par_1_62' title="bbox 1859 3076 3435 3147">
     <span class='ocr_line' id='line_1_62' title="bbox 1859 3076 3435 3147; baseline 0.001 -17"><span class='ocrx_word' id='word_1_396' title='bbox 1859 3076 2168 3145; x_wconf 84' lang='lat' dir='ltr'><strong>upinantes,</strong></span> <span class='ocrx_word' id='word_1_397' title='bbox 2233 3077 2612 3145; x_wconf 86' lang='lat' dir='ltr'><strong>blasphemnm</strong></span> <span class='ocrx_word' id='word_1_398' title='bbox 2667 3094 2788 3133; x_wconf 87' lang='lat' dir='ltr'><strong>esse</strong></span> <span class='ocrx_word' id='word_1_399' title='bbox 2825 3078 3020 3147; x_wconf 81' lang='lat' dir='ltr'><strong>dogma</strong></span> <span class='ocrx_word' id='word_1_400' title='bbox 3062 3078 3435 3132; x_wconf 87' lang='lat' dir='ltr'><strong>sonmiabant.</strong></span> 
     </span>
    </p>
   </div>
   <div class='ocr_carea' id='block_1_63' title="bbox 1862 3169 3436 3238">
    <p class='ocr_par' dir='ltr' id='par_1_63' title="bbox 1862 3169 3436 3238">
     <span class='ocr_line' id='line_1_63' title="bbox 1862 3169 3436 3238; baseline 0.002 -18"><span class='ocrx_word' id='word_1_401' title='bbox 1862 3169 1969 3222; x_wconf 81' lang='lat' dir='ltr'><strong>Alii</strong></span> <span class='ocrx_word' id='word_1_402' title='bbox 2044 3181 2232 3238; x_wconf 89' lang='lat' dir='ltr'><strong>aperta</strong></span> <span class='ocrx_word' id='word_1_403' title='bbox 2292 3171 2577 3224; x_wconf 76' lang='lat' dir='ltr'><strong>doctorum</strong></span> <span class='ocrx_word' id='word_1_404' title='bbox 2650 3170 2961 3224; x_wconf 87' lang='lat' dir='ltr'><strong>testimonia</strong></span> <span class='ocrx_word' id='word_1_405' title='bbox 3039 3170 3263 3224; x_wconf 84' lang='lat' dir='ltr'><strong>reveriti</strong></span> <span class='ocrx_word' id='word_1_406' title='bbox 3328 3186 3436 3223; x_wconf 88' lang='lat' dir='ltr'><strong>non</strong></span> 
     </span>
    </p>
   </div>
   <div class='ocr_carea' id='block_1_64' title="bbox 205 3240 1750 3332">
    <p class='ocr_par' dir='ltr' id='par_1_64' title="bbox 205 3258 1750 3332">
     <span class='ocr_line' id='line_1_64' title="bbox 205 3258 1750 3332; baseline 0.005 -25"><span class='ocrx_word' id='word_1_407' title='bbox 205 3273 287 3323; x_wconf 85' lang='grc' dir='ltr'><strong>μον</strong></span> <span class='ocrx_word' id='word_1_408' title='bbox 311 3258 365 3310; x_wconf 79' lang='grc' dir='ltr'><strong>τὸ</strong></span> <span class='ocrx_word' id='word_1_409' title='bbox 390 3258 562 3329; x_wconf 83' lang='grc' dir='ltr'>δόγμα</span> <span class='ocrx_word' id='word_1_410' title='bbox 593 3262 1118 3331; x_wconf 78' lang='grc' dir='ltr'>ὀνειροπολούντων,</span> <span class='ocrx_word' id='word_1_411' title='bbox 1151 3263 1260 3315; x_wconf 84' lang='grc' dir='ltr'><strong>τῶν</strong></span> <span class='ocrx_word' id='word_1_412' title='bbox 1296 3262 1353 3315; x_wconf 86' lang='grc' dir='ltr'>δὲ</span> <span class='ocrx_word' id='word_1_413' title='bbox 1385 3262 1459 3332; x_wconf 79' lang='grc' dir='ltr'>μὴ</span> <span class='ocrx_word' id='word_1_414' title='bbox 1498 3262 1750 3318; x_wconf 82' lang='grc' dir='ltr'>τοσοῦτον</span> 
     </span>
    </p>
   </div>
   <div class='ocr_carea' id='block_1_65' title="bbox 1856 3240 3437 3332">
    <p class='ocr_par' dir='ltr' id='par_1_65' title="bbox 1856 3262 3437 3332">
     <span class='ocr_line' id='line_1_65' title="bbox 1856 3262 3437 3332; baseline -0.001 -17"><span class='ocrx_word' id='word_1_415' title='bbox 1856 3262 1995 3317; x_wconf 87' lang='lat' dir='ltr'><strong>adeo</strong></span> <span class='ocrx_word' id='word_1_416' title='bbox 2050 3277 2309 3332; x_wconf 84' lang='lat' dir='ltr'><strong>procaces</strong></span> <span class='ocrx_word' id='word_1_417' title='bbox 2346 3263 2520 3329; x_wconf 80' lang='lat' dir='ltr'><strong>fuere,</strong></span> <span class='ocrx_word' id='word_1_418' title='bbox 2568 3264 2663 3318; x_wconf 82' lang='lat' dir='ltr'><strong>sed</strong></span> <span class='ocrx_word' id='word_1_419' title='bbox 2722 3264 2925 3317; x_wconf 85' lang='lat' dir='ltr'><strong>factum</strong></span> <span class='ocrx_word' id='word_1_420' title='bbox 2976 3263 3238 3315; x_wconf 72' lang='lat' dir='ltr'><strong>audacter</strong></span> <span class='ocrx_word' id='word_1_421' title='bbox 3287 3276 3437 3331; x_wconf 79' lang='lat' dir='ltr'><strong>sym-</strong></span> 
     </span>
    </p>
   </div>
   <div class='ocr_carea' id='block_1_66' title="bbox 204 3351 1756 3423">
    <p class='ocr_par' dir='ltr' id='par_1_66' title="bbox 204 3351 1756 3423">
     <span class='ocr_line' id='line_1_66' title="bbox 204 3351 1756 3423; baseline 0.004 -24"><span class='ocrx_word' id='word_1_422' title='bbox 204 3351 638 3418; x_wconf 83' lang='grc' dir='ltr'>κατατολμώντων</span> <span class='ocrx_word' id='word_1_423' title='bbox 668 3354 814 3406; x_wconf 85' lang='grc' dir='ltr'>αίδοί</span> <span class='ocrx_word' id='word_1_424' title='bbox 833 3354 932 3423; x_wconf 82' lang='grc' dir='ltr'>τῆς</span> <span class='ocrx_word' id='word_1_425' title='bbox 952 3353 1268 3423; x_wconf 71' lang='grc' dir='ltr'>προφανοῦς</span> <span class='ocrx_word' id='word_1_426' title='bbox 1292 3352 1543 3420; x_wconf 78' lang='grc' dir='ltr'>γενέσθαι</span> <span class='ocrx_word' id='word_1_427' title='bbox 1574 3353 1756 3422; x_wconf 69' lang='grc' dir='ltr'>βεϐαι-</span> 
     </span>
    </p>
   </div>
   <div class='ocr_carea' id='block_1_67' title="bbox 200 3440 1760 3516">
    <p class='ocr_par' dir='ltr' id='par_1_67' title="bbox 200 3440 1760 3516">
     <span class='ocr_line' id='line_1_67' title="bbox 200 3440 1760 3516; baseline 0.006 -28"><span class='ocrx_word' id='word_1_428' title='bbox 200 3440 435 3506; x_wconf 82' lang='grc' dir='ltr'>ουμένων.</span> <span class='ocrx_word' id='word_1_429' title='bbox 469 3443 592 3497; x_wconf 76' lang='grc' dir='ltr'>Εἰσὶ</span> <span class='ocrx_word' id='word_1_430' title='bbox 615 3445 673 3497; x_wconf 77' lang='grc' dir='ltr'>δὲ.</span> <span class='ocrx_word' id='word_1_431' title='bbox 699 3445 749 3497; x_wconf 82' lang='grc' dir='ltr'>οἳ</span> <span class='ocrx_word' id='word_1_432' title='bbox 785 3448 879 3500; x_wconf 75' lang='grc' dir='ltr'><strong>καὶ</strong></span> <span class='ocrx_word' id='word_1_433' title='bbox 898 3448 1160 3516; x_wconf 73' lang='grc' dir='ltr'>ἐπέχουσι</span> <span class='ocrx_word' id='word_1_434' title='bbox 1185 3449 1308 3514; x_wconf 70' lang='grc' dir='ltr'>περὶ</span> <span class='ocrx_word' id='word_1_435' title='bbox 1342 3447 1436 3497; x_wconf 75' lang='grc' dir='ltr'>τοῦ</span> <span class='ocrx_word' id='word_1_436' title='bbox 1458 3447 1760 3515; x_wconf 82' lang='grc' dir='ltr'>δόγματος,</span> 
     </span>
    </p>
   </div>
   <div class='ocr_carea' id='block_1_68' title="bbox 202 3531 1757 3610">
    <p class='ocr_par' dir='ltr' id='par_1_68' title="bbox 202 3531 1757 3610">
     <span class='ocr_line' id='line_1_68' title="bbox 202 3531 1757 3610; baseline 0.007 -28"><span class='ocrx_word' id='word_1_437' title='bbox 202 3531 347 3585; x_wconf 75' lang='grc' dir='ltr'>αἴτιον</span> <span class='ocrx_word' id='word_1_438' title='bbox 374 3535 671 3602; x_wconf 80' lang='grc' dir='ltr'>φάσκοντες</span> <span class='ocrx_word' id='word_1_439' title='bbox 713 3533 854 3591; x_wconf 75' lang='grc' dir='ltr'>εἶναι</span> <span class='ocrx_word' id='word_1_440' title='bbox 884 3540 977 3592; x_wconf 74' lang='grc' dir='ltr'>τοῦ</span> <span class='ocrx_word' id='word_1_441' title='bbox 1012 3541 1337 3608; x_wconf 81' lang='grc' dir='ltr'>σχίσματος,</span> <span class='ocrx_word' id='word_1_442' title='bbox 1366 3538 1425 3590; x_wconf 85' lang='grc' dir='ltr'><strong>τὸ</strong></span> <span class='ocrx_word' id='word_1_443' title='bbox 1457 3539 1538 3610; x_wconf 84' lang='grc' dir='ltr'>μὴ</span> <span class='ocrx_word' id='word_1_444' title='bbox 1570 3538 1757 3607; x_wconf 74' lang='grc' dir='ltr'>βούλε-</span> 
     </span>
    </p>
   </div>
   <div class='ocr_carea' id='block_1_69' title="bbox 208 3626 1757 3704">
    <p class='ocr_par' dir='ltr' id='par_1_69' title="bbox 208 3626 1757 3704">
     <span class='ocr_line' id='line_1_69' title="bbox 208 3626 1757 3704; baseline 0.006 -26"><span class='ocrx_word' id='word_1_445' title='bbox 208 3626 312 3682; x_wconf 84' lang='grc' dir='ltr'>σθαι</span> <span class='ocrx_word' id='word_1_446' title='bbox 330 3629 414 3683; x_wconf 81' lang='grc' dir='ltr'><strong>τὸν</strong></span> <span class='ocrx_word' id='word_1_447' title='bbox 431 3634 666 3686; x_wconf 82' lang='grc' dir='ltr'>πάππαν</span> <span class='ocrx_word' id='word_1_448' title='bbox 689 3634 984 3704; x_wconf 78' lang='grc' dir='ltr'>ἐπιτρέψαι</span> <span class='ocrx_word' id='word_1_449' title='bbox 1006 3634 1102 3704; x_wconf 80' lang='grc' dir='ltr'><strong>τὴν</strong></span> <span class='ocrx_word' id='word_1_450' title='bbox 1129 3636 1421 3701; x_wconf 79' lang='grc' dir='ltr'>διάγνωσιν</span> <span class='ocrx_word' id='word_1_451' title='bbox 1442 3632 1534 3686; x_wconf 80' lang='grc' dir='ltr'>τοῦ</span> <span class='ocrx_word' id='word_1_452' title='bbox 1552 3633 1757 3702; x_wconf 84' lang='grc' dir='ltr'>δόγμα-</span> 
     </span>
    </p>
   </div>
   <div class='ocr_carea' id='block_1_70' title="bbox 205 3725 1757 3801">
    <p class='ocr_par' dir='ltr' id='par_1_70' title="bbox 205 3725 1757 3801">
     <span class='ocr_line' id='line_1_70' title="bbox 205 3725 1757 3801; baseline 0.007 -30"><span class='ocrx_word' id='word_1_453' title='bbox 205 3736 278 3782; x_wconf 84' lang='grc' dir='ltr'><strong>τος</strong></span> <span class='ocrx_word' id='word_1_454' title='bbox 307 3725 649 3798; x_wconf 76' lang='grc' dir='ltr'>οἰκουμενικῇ</span> <span class='ocrx_word' id='word_1_455' title='bbox 706 3729 931 3801; x_wconf 79' lang='grc' dir='ltr'>συνόδῳ.</span> <span class='ocrx_word' id='word_1_456' title='bbox 978 3726 1112 3782; x_wconf 82' lang='grc' dir='ltr'>Εἶτα</span> <span class='ocrx_word' id='word_1_457' title='bbox 1159 3731 1469 3798; x_wconf 56' lang='grc' dir='ltr'>γενομένων</span> <span class='ocrx_word' id='word_1_458' title='bbox 1519 3731 1627 3782; x_wconf 85' lang='grc' dir='ltr'><strong>τῶν</strong></span> <span class='ocrx_word' id='word_1_459' title='bbox 1681 3732 1757 3782; x_wconf 81' lang='lat' dir='ltr'><strong>oi-</strong></span> 
     </span>
    </p>
   </div>
   <div class='ocr_carea' id='block_1_71' title="bbox 205 3818 1759 3890">
    <p class='ocr_par' dir='ltr' id='par_1_71' title="bbox 205 3818 1759 3890">
     <span class='ocr_line' id='line_1_71' title="bbox 205 3818 1759 3890; baseline 0.007 -26"><span class='ocrx_word' id='word_1_460' title='bbox 205 3818 512 3884; x_wconf 86' lang='grc' dir='ltr'>κουμενικῶν</span> <span class='ocrx_word' id='word_1_461' title='bbox 535 3822 778 3874; x_wconf 84' lang='grc' dir='ltr'>συνόδων</span> <span class='ocrx_word' id='word_1_462' title='bbox 808 3822 1111 3890; x_wconf 85' lang='grc' dir='ltr'>προφάσεις</span> <span class='ocrx_word' id='word_1_463' title='bbox 1129 3822 1225 3873; x_wconf 71' lang='grc' dir='ltr'><strong>καὶ</strong></span> <span class='ocrx_word' id='word_1_464' title='bbox 1256 3820 1575 3889; x_wconf 69' lang='grc' dir='ltr'>φυγοδικίας</span> <span class='ocrx_word' id='word_1_465' title='bbox 1599 3826 1759 3890; x_wconf 84' lang='grc' dir='ltr'>προῖ-</span> 
     </span>
    </p>
   </div>
   <div class='ocr_carea' id='block_1_72' title="bbox 212 3908 1755 3985">
    <p class='ocr_par' dir='ltr' id='par_1_72' title="bbox 212 3908 1755 3985">
     <span class='ocr_line' id='line_1_72' title="bbox 212 3908 1755 3985; baseline 0.005 -25"><span class='ocrx_word' id='word_1_466' title='bbox 212 3908 454 3976; x_wconf 81' lang='grc' dir='ltr'>σχὸμενοι,</span> <span class='ocrx_word' id='word_1_467' title='bbox 495 3914 576 3966; x_wconf 83' lang='grc' dir='ltr'>ὅτι</span> <span class='ocrx_word' id='word_1_468' title='bbox 618 3916 845 3968; x_wconf 80' lang='grc' dir='ltr'>Λατῖνοι</span> <span class='ocrx_word' id='word_1_469' title='bbox 894 3914 1422 3982; x_wconf 82' lang='grc' dir='ltr'>κατεδυνάστευσαν,</span> <span class='ocrx_word' id='word_1_470' title='bbox 1478 3915 1508 3985; x_wconf 80' lang='grc' dir='ltr'>ἦ</span> <span class='ocrx_word' id='word_1_471' title='bbox 1560 3913 1755 3984; x_wconf 82' lang='grc' dir='ltr'>δώροις</span> 
     </span>
    </p>
   </div>
   <div class='ocr_carea' id='block_1_73' title="bbox 206 4003 1753 4079">
    <p class='ocr_par' dir='ltr' id='par_1_73' title="bbox 206 4003 1753 4079">
     <span class='ocr_line' id='line_1_73' title="bbox 206 4003 1753 4079; baseline 0.008 -30"><span class='ocrx_word' id='word_1_472' title='bbox 206 4003 284 4051; x_wconf 77' lang='grc' dir='ltr'>καὶ</span> <span class='ocrx_word' id='word_1_473' title='bbox 314 4003 662 4074; x_wconf 68' lang='grc' dir='ltr'>ἐπαγγελίαις</span> <span class='ocrx_word' id='word_1_474' title='bbox 712 4009 774 4061; x_wconf 84' lang='grc' dir='ltr'><strong>τὸ</strong></span> <span class='ocrx_word' id='word_1_475' title='bbox 813 4009 1051 4077; x_wconf 79' lang='grc' dir='ltr'>φανῆναι</span> <span class='ocrx_word' id='word_1_476' title='bbox 1098 4009 1413 4079; x_wconf 33' lang='grc' dir='ltr'>κρείττους*</span> <span class='ocrx_word' id='word_1_477' title='bbox 1435 4009 1717 4079; x_wconf 85' lang='grc' dir='ltr'>ὠνήσαντο</span> <span class='ocrx_word' id='word_1_478' title='bbox 1739 4024 1753 4038; x_wconf 87' lang='grc'><strong>·</strong></span> 
     </span>
    </p>
   </div>
   <div class='ocr_carea' id='block_1_74' title="bbox 209 4092 1755 4171">
    <p class='ocr_par' dir='ltr' id='par_1_74' title="bbox 209 4092 1755 4171">
     <span class='ocr_line' id='line_1_74' title="bbox 209 4092 1755 4171; baseline -0.004 -13"><span class='ocrx_word' id='word_1_479' title='bbox 209 4094 291 4157; x_wconf 62' lang='grc' dir='ltr'><strong>τὴν</strong></span> <span class='ocrx_word' id='word_1_480' title='bbox 314 4092 366 4147; x_wconf 76' lang='grc' dir='ltr'>δὲ</span> <span class='ocrx_word' id='word_1_481' title='bbox 396 4098 568 4169; x_wconf 78' lang='grc' dir='ltr'>ἀρχὴν</span> <span class='ocrx_word' id='word_1_482' title='bbox 601 4102 698 4154; x_wconf 73' lang='grc' dir='ltr'><strong>καὶ</strong></span> <span class='ocrx_word' id='word_1_483' title='bbox 735 4101 985 4165; x_wconf 75' lang='grc' dir='ltr'>ἐξουσίαν</span> <span class='ocrx_word' id='word_1_484' title='bbox 1026 4101 1119 4154; x_wconf 83' lang='grc' dir='ltr'>τοῦ</span> <span class='ocrx_word' id='word_1_485' title='bbox 1162 4103 1365 4155; x_wconf 83' lang='grc' dir='ltr'>πάππα</span> <span class='ocrx_word' id='word_1_486' title='bbox 1399 4104 1501 4171; x_wconf 82' lang='grc' dir='ltr'>μιᾷ</span> <span class='ocrx_word' id='word_1_487' title='bbox 1551 4102 1755 4163; x_wconf 86' lang='grc' dir='ltr'>πάντες</span> 
     </span>
    </p>
   </div>
   <div class='ocr_carea' id='block_1_75' title="bbox 210 4183 1757 4263">
    <p class='ocr_par' dir='ltr' id='par_1_75' title="bbox 210 4183 1757 4263">
     <span class='ocr_line' id='line_1_75' title="bbox 210 4183 1757 4263; baseline -0.002 -18"><span class='ocrx_word' id='word_1_488' title='bbox 210 4183 408 4255; x_wconf 74' lang='grc' dir='ltr'><strong>γνώμῃ,</strong></span> <span class='ocrx_word' id='word_1_489' title='bbox 466 4188 563 4260; x_wconf 81' lang='grc' dir='ltr'>μιᾷ</span> <span class='ocrx_word' id='word_1_490' title='bbox 610 4190 873 4263; x_wconf 77' lang='grc' dir='ltr'>γλώσσῃ,</span> <span class='ocrx_word' id='word_1_491' title='bbox 931 4191 1033 4260; x_wconf 75' lang='grc' dir='ltr'>μιᾷ</span> <span class='ocrx_word' id='word_1_492' title='bbox 1086 4194 1241 4261; x_wconf 83' lang='grc' dir='ltr'><strong>φωνῇ</strong></span> <span class='ocrx_word' id='word_1_493' title='bbox 1297 4192 1757 4261; x_wconf 76' lang='grc' dir='ltr'>παραγράφουσι,</span> 
     </span>
    </p>
   </div>
   <div class='ocr_carea' id='block_1_76' title="bbox 210 4279 1760 4353">
    <p class='ocr_par' dir='ltr' id='par_1_76' title="bbox 210 4279 1760 4353">
     <span class='ocr_line' id='line_1_76' title="bbox 210 4279 1760 4353; baseline 0.01 -32"><span class='ocrx_word' id='word_1_494' title='bbox 210 4279 477 4349; x_wconf 74' lang='grc' dir='ltr'>πενταρχίᾳ</span> <span class='ocrx_word' id='word_1_495' title='bbox 502 4281 758 4346; x_wconf 83' lang='grc' dir='ltr'>λέγοντες</span> <span class='ocrx_word' id='word_1_496' title='bbox 798 4283 1127 4336; x_wconf 79' lang='grc' dir='ltr'>ὑποκεῖσθαι.</span> <span class='ocrx_word' id='word_1_497' title='bbox 1169 4285 1269 4353; x_wconf 81' lang='grc' dir='ltr'><strong>τὴν</strong></span> <span class='ocrx_word' id='word_1_498' title='bbox 1302 4283 1597 4352; x_wconf 79' lang='grc' dir='ltr'>καθολικὴν</span> <span class='ocrx_word' id='word_1_499' title='bbox 1636 4284 1760 4335; x_wconf 86' lang='grc' dir='ltr'><strong>Ἐκ-</strong></span> 
     </span>
    </p>
   </div>
   <div class='ocr_carea' id='block_1_77' title="bbox 210 4369 1757 4446">
    <p class='ocr_par' dir='ltr' id='par_1_77' title="bbox 210 4369 1757 4446">
     <span class='ocr_line' id='line_1_77' title="bbox 210 4369 1757 4446; baseline 0.005 -26"><span class='ocrx_word' id='word_1_500' title='bbox 210 4369 439 4435; x_wconf 84' lang='grc' dir='ltr'>κλησίαν·</span> <span class='ocrx_word' id='word_1_501' title='bbox 487 4375 692 4444; x_wconf 79' lang='grc' dir='ltr'>ταύτης</span> <span class='ocrx_word' id='word_1_502' title='bbox 721 4375 777 4428; x_wconf 82' lang='grc' dir='ltr'>δὲ</span> <span class='ocrx_word' id='word_1_503' title='bbox 803 4376 903 4445; x_wconf 80' lang='grc' dir='ltr'>τῆς</span> <span class='ocrx_word' id='word_1_504' title='bbox 931 4376 1193 4439; x_wconf 74' lang='grc' dir='ltr'>πεντάδος</span> <span class='ocrx_word' id='word_1_505' title='bbox 1238 4377 1455 4446; x_wconf 86' lang='grc' dir='ltr'>πρῶτον</span> <span class='ocrx_word' id='word_1_506' title='bbox 1483 4372 1625 4429; x_wconf 77' lang='grc' dir='ltr'>εἶναι</span> <span class='ocrx_word' id='word_1_507' title='bbox 1658 4376 1757 4445; x_wconf 83' lang='grc' dir='ltr'><strong>μὲν</strong></span> 
     </span>
    </p>
   </div>
   <div class='ocr_carea' id='block_1_78' title="bbox 141 4455 1756 4545">
    <p class='ocr_par' dir='ltr' id='par_1_78' title="bbox 141 4455 1756 4545">
     <span class='ocr_line' id='line_1_78' title="bbox 141 4455 1756 4545; baseline 0.011 -41"><span class='ocrx_word' id='word_1_508' title='bbox 141 4533 151 4545; x_wconf 44' lang='lat'>.</span> <span class='ocrx_word' id='word_1_509' title='bbox 212 4455 287 4507; x_wconf 75' lang='grc' dir='ltr'>τὸν</span> <span class='ocrx_word' id='word_1_510' title='bbox 306 4461 525 4516; x_wconf 86' lang='grc' dir='ltr'>πάππαν</span> <span class='ocrx_word' id='word_1_511' title='bbox 548 4467 689 4535; x_wconf 82' lang='grc' dir='ltr'>μόνῃ</span> <span class='ocrx_word' id='word_1_512' title='bbox 712 4470 778 4536; x_wconf 81' lang='grc' dir='ltr'>τῇ</span> <span class='ocrx_word' id='word_1_513' title='bbox 808 4466 982 4531; x_wconf 82' lang='grc' dir='ltr'>τάξει,</span> <span class='ocrx_word' id='word_1_514' title='bbox 1003 4470 1061 4520; x_wconf 83' lang='grc' dir='ltr'>ὲν</span> <span class='ocrx_word' id='word_1_515' title='bbox 1082 4472 1200 4531; x_wconf 84' lang='grc' dir='ltr'>ταῖς</span> <span class='ocrx_word' id='word_1_516' title='bbox 1233 4471 1528 4538; x_wconf 78' lang='grc' dir='ltr'>ἀναφοραῖς</span> <span class='ocrx_word' id='word_1_517' title='bbox 1554 4468 1756 4539; x_wconf 78' lang='grc' dir='ltr'>δηλαδὴ</span> 
     </span>
    </p>
   </div>
   <div class='ocr_carea' id='block_1_79' title="bbox 1857 3353 3436 3409">
    <p class='ocr_par' dir='ltr' id='par_1_79' title="bbox 1857 3353 3436 3409">
     <span class='ocr_line' id='line_1_79' title="bbox 1857 3353 3436 3409; baseline 0 -2"><span class='ocrx_word' id='word_1_518' title='bbox 1857 3353 1981 3407; x_wconf 92' lang='lat' dir='ltr'><strong>bolo</strong></span> <span class='ocrx_word' id='word_1_519' title='bbox 2033 3354 2465 3409; x_wconf 88' lang='lat' dir='ltr'><strong>additamentum</strong></span> <span class='ocrx_word' id='word_1_520' title='bbox 2526 3354 2894 3409; x_wconf 76' lang='lat' dir='ltr'><strong>afﬁrmabant.</strong></span> <span class='ocrx_word' id='word_1_521' title='bbox 2952 3354 3215 3409; x_wconf 89' lang='lat' dir='ltr'><strong>Nonnulli</strong></span> <span class='ocrx_word' id='word_1_522' title='bbox 3268 3354 3436 3407; x_wconf 87' lang='lat' dir='ltr'><strong>etiam</strong></span> 
     </span>
    </p>
   </div>
   <div class='ocr_carea' id='block_1_80' title="bbox 1854 3444 3441 3513">
    <p class='ocr_par' dir='ltr' id='par_1_80' title="bbox 1854 3444 3441 3513">
     <span class='ocr_line' id='line_1_80' title="bbox 1854 3444 3441 3513; baseline -0.001 -16"><span class='ocrx_word' id='word_1_523' title='bbox 1854 3455 2061 3497; x_wconf 86' lang='lat' dir='ltr'><strong>certam</strong></span> <span class='ocrx_word' id='word_1_524' title='bbox 2114 3445 2445 3498; x_wconf 89' lang='lat' dir='ltr'><strong>sententiam</strong></span> <span class='ocrx_word' id='word_1_525' title='bbox 2500 3444 2704 3498; x_wconf 88' lang='lat' dir='ltr'><strong>nullam</strong></span> <span class='ocrx_word' id='word_1_526' title='bbox 2738 3444 3131 3513; x_wconf 77' lang='lat' dir='ltr'><strong>proterebant;</strong></span> <span class='ocrx_word' id='word_1_527' title='bbox 3172 3444 3267 3498; x_wconf 87' lang='lat' dir='ltr'><strong>sed</strong></span> <span class='ocrx_word' id='word_1_528' title='bbox 3308 3458 3441 3497; x_wconf 80' lang='lat' dir='ltr'><strong>can-</strong></span> 
     </span>
    </p>
   </div>
   <div class='ocr_carea' id='block_1_81' title="bbox 1856 3532 3436 3604">
    <p class='ocr_par' dir='ltr' id='par_1_81' title="bbox 1856 3532 3436 3604">
     <span class='ocr_line' id='line_1_81' title="bbox 1856 3532 3436 3604; baseline -0.002 -16"><span class='ocrx_word' id='word_1_529' title='bbox 1856 3549 1971 3588; x_wconf 81' lang='lat' dir='ltr'><strong>sam</strong></span> <span class='ocrx_word' id='word_1_530' title='bbox 2017 3534 2332 3593; x_wconf 83' lang='lat' dir='ltr'><strong>schismatis</strong></span> <span class='ocrx_word' id='word_1_531' title='bbox 2375 3549 2497 3588; x_wconf 86' lang='lat' dir='ltr'><strong>esse</strong></span> <span class='ocrx_word' id='word_1_532' title='bbox 2538 3533 2817 3596; x_wconf 85' lang='lat' dir='ltr'><strong>dicebant,</strong></span> <span class='ocrx_word' id='word_1_533' title='bbox 2854 3548 2918 3588; x_wconf 91' lang='lat' dir='ltr'><strong>eo</strong></span> <span class='ocrx_word' id='word_1_534' title='bbox 2953 3533 3097 3604; x_wconf 89' lang='lat' dir='ltr'><strong>quod</strong></span> <span class='ocrx_word' id='word_1_535' title='bbox 3138 3547 3277 3603; x_wconf 83' lang='lat' dir='ltr'><strong>papa</strong></span> <span class='ocrx_word' id='word_1_536' title='bbox 3310 3532 3436 3586; x_wconf 88' lang='lat' dir='ltr'><strong>nol-</strong></span> 
     </span>
    </p>
   </div>
   <div class='ocr_carea' id='block_1_82' title="bbox 1854 3624 3440 3700">
    <p class='ocr_par' dir='ltr' id='par_1_82' title="bbox 1854 3624 3440 3700">
     <span class='ocr_line' id='line_1_82' title="bbox 1854 3624 3440 3700; baseline -0.004 -15"><span class='ocrx_word' id='word_1_537' title='bbox 1854 3630 1931 3685; x_wconf 86' lang='lat' dir='ltr'><strong>let</strong></span> <span class='ocrx_word' id='word_1_538' title='bbox 2003 3630 2422 3700; x_wconf 84' lang='lat' dir='ltr'><strong>disquisitiuncs</strong></span> <span class='ocrx_word' id='word_1_539' title='bbox 2489 3629 2761 3700; x_wconf 82' lang='lat' dir='ltr'><strong>dogmatis</strong></span> <span class='ocrx_word' id='word_1_540' title='bbox 2839 3624 3440 3697; x_wconf 47' lang='lat' dir='ltr'><strong>permitterewynodo</strong></span> 
     </span>
    </p>
   </div>
   <div class='ocr_carea' id='block_1_83' title="bbox 1859 3718 3437 3790">
    <p class='ocr_par' dir='ltr' id='par_1_83' title="bbox 1859 3718 3437 3790">
     <span class='ocr_line' id='line_1_83' title="bbox 1859 3718 3437 3790; baseline -0.004 -12"><span class='ocrx_word' id='word_1_541' title='bbox 1859 3724 2236 3779; x_wconf 50' lang='lat' dir='ltr'><strong>mcunnrnieae.</strong></span> <span class='ocrx_word' id='word_1_542' title='bbox 2294 3722 2499 3777; x_wconf 81' lang='lat' dir='ltr'><strong>Deinde</strong></span> <span class='ocrx_word' id='word_1_543' title='bbox 2536 3720 2830 3775; x_wconf 82' lang='lat' dir='ltr'><strong>celebratis</strong></span> <span class='ocrx_word' id='word_1_544' title='bbox 2882 3718 3235 3790; x_wconf 85' lang='lat' dir='ltr'><strong>generalibus</strong></span> <span class='ocrx_word' id='word_1_545' title='bbox 3269 3732 3437 3788; x_wconf 84' lang='lat' dir='ltr'><strong>syno-</strong></span> 
     </span>
    </p>
   </div>
   <div class='ocr_carea' id='block_1_84' title="bbox 1859 3810 3439 3885">
    <p class='ocr_par' dir='ltr' id='par_1_84' title="bbox 1859 3810 3439 3885">
     <span class='ocr_line' id='line_1_84' title="bbox 1859 3810 3439 3885; baseline -0.004 -13"><span class='ocrx_word' id='word_1_546' title='bbox 1859 3817 1946 3873; x_wconf 89' lang='lat' dir='ltr'><strong>dis</strong></span> <span class='ocrx_word' id='word_1_547' title='bbox 2010 3816 2219 3885; x_wconf 78' lang='lat' dir='ltr'><strong>refugia</strong></span> <span class='ocrx_word' id='word_1_548' title='bbox 2280 3815 2761 3885; x_wconf 82' lang='lat' dir='ltr'><strong>devitationesqoe</strong></span> <span class='ocrx_word' id='word_1_549' title='bbox 2814 3812 3228 3877; x_wconf 77' lang='lat' dir='ltr'><strong>obtendebant,</strong></span> <span class='ocrx_word' id='word_1_550' title='bbox 3289 3810 3439 3880; x_wconf 88' lang='lat' dir='ltr'><strong>quod</strong></span> 
     </span>
    </p>
   </div>
   <div class='ocr_carea' id='block_1_85' title="bbox 1857 3904 3440 3979">
    <p class='ocr_par' dir='ltr' id='par_1_85' title="bbox 1857 3904 3440 3979">
     <span class='ocr_line' id='line_1_85' title="bbox 1857 3904 3440 3979; baseline -0.005 -15"><span class='ocrx_word' id='word_1_551' title='bbox 1857 3910 1908 3964; x_wconf 82' lang='lat' dir='ltr'><strong>vl</strong></span> <span class='ocrx_word' id='word_1_552' title='bbox 1964 3912 2381 3979; x_wconf 51' lang='lat' dir='ltr'><strong>prtevaluisseut</strong></span> <span class='ocrx_word' id='word_1_553' title='bbox 2434 3908 2636 3972; x_wconf 85' lang='lat' dir='ltr'><strong>Latini,</strong></span> <span class='ocrx_word' id='word_1_554' title='bbox 2696 3918 2791 3965; x_wconf 87' lang='lat' dir='ltr'><strong>aut</strong></span> <span class='ocrx_word' id='word_1_555' title='bbox 2828 3905 2989 3959; x_wconf 84' lang='lat' dir='ltr'><strong>donis</strong></span> <span class='ocrx_word' id='word_1_556' title='bbox 3042 3904 3440 3974; x_wconf 75' lang='lat' dir='ltr'><strong>promissisque</strong></span> 
     </span>
    </p>
   </div>
   <div class='ocr_carea' id='block_1_86' title="bbox 1856 3998 3441 4067">
    <p class='ocr_par' dir='ltr' id='par_1_86' title="bbox 1856 3998 3441 4067">
     <span class='ocr_line' id='line_1_86' title="bbox 1856 3998 3441 4067; baseline -0.004 -10"><span class='ocrx_word' id='word_1_557' title='bbox 1856 4005 2124 4057; x_wconf 78' lang='lat' dir='ltr'><strong>emissent</strong></span> <span class='ocrx_word' id='word_1_558' title='bbox 2188 4004 2494 4056; x_wconf 69' lang='lat' dir='ltr'><strong>victoriattt.</strong></span> <span class='ocrx_word' id='word_1_559' title='bbox 2564 4005 2633 4056; x_wconf 84' lang='lat' dir='ltr'><strong>At</strong></span> <span class='ocrx_word' id='word_1_560' title='bbox 2701 4002 2859 4053; x_wconf 76' lang='lat' dir='ltr'><strong>lucro</strong></span> <span class='ocrx_word' id='word_1_561' title='bbox 2921 3998 3213 4067; x_wconf 88' lang='lat' dir='ltr'><strong>primatum</strong></span> <span class='ocrx_word' id='word_1_562' title='bbox 3286 4009 3441 4065; x_wconf 71' lang='lat' dir='ltr'><strong>papa:</strong></span> 
     </span>
    </p>
   </div>
   <div class='ocr_carea' id='block_1_87' title="bbox 1861 4089 3439 4162">
    <p class='ocr_par' dir='ltr' id='par_1_87' title="bbox 1861 4089 3439 4162">
     <span class='ocr_line' id='line_1_87' title="bbox 1861 4089 3439 4162; baseline -0.006 -12"><span class='ocrx_word' id='word_1_563' title='bbox 1861 4112 1970 4150; x_wconf 92' lang='lat' dir='ltr'><strong>uno</strong></span> <span class='ocrx_word' id='word_1_564' title='bbox 2004 4111 2163 4149; x_wconf 79' lang='lat' dir='ltr'><strong>sensu</strong></span> <span class='ocrx_word' id='word_1_565' title='bbox 2195 4110 2407 4151; x_wconf 89' lang='lat' dir='ltr'><strong>oumes.</strong></span> <span class='ocrx_word' id='word_1_566' title='bbox 2446 4109 2548 4147; x_wconf 90' lang='lat' dir='ltr'><strong>una</strong></span> <span class='ocrx_word' id='word_1_567' title='bbox 2581 4094 2788 4162; x_wconf 82' lang='lat' dir='ltr'><strong>lingua,</strong></span> <span class='ocrx_word' id='word_1_568' title='bbox 2841 4106 2947 4144; x_wconf 90' lang='lat' dir='ltr'><strong>una</strong></span> <span class='ocrx_word' id='word_1_569' title='bbox 3002 4104 3134 4144; x_wconf 87' lang='lat' dir='ltr'><strong>voce</strong></span> <span class='ocrx_word' id='word_1_570' title='bbox 3185 4089 3439 4142; x_wconf 83' lang='lat' dir='ltr'><strong>circum—</strong></span> 
     </span>
    </p>
   </div>
   <div class='ocr_carea' id='block_1_88' title="bbox 1860 4180 3442 4254">
    <p class='ocr_par' dir='ltr' id='par_1_88' title="bbox 1860 4180 3442 4254">
     <span class='ocr_line' id='line_1_88' title="bbox 1860 4180 3442 4254; baseline -0.006 -11"><span class='ocrx_word' id='word_1_571' title='bbox 1860 4189 2129 4243; x_wconf 87' lang='lat' dir='ltr'><strong>scribunt.</strong></span> <span class='ocrx_word' id='word_1_572' title='bbox 2168 4188 2420 4254; x_wconf 74' lang='lat' dir='ltr'><strong>Quinqne</strong></span> <span class='ocrx_word' id='word_1_573' title='bbox 2460 4195 2764 4239; x_wconf 84' lang='lat' dir='ltr'><strong>statuentes</strong></span> <span class='ocrx_word' id='word_1_574' title='bbox 2812 4183 3068 4237; x_wconf 67' lang='lat' dir='ltr'><strong>Ecclesiae</strong></span> <span class='ocrx_word' id='word_1_575' title='bbox 3110 4180 3442 4235; x_wconf 66' lang='lat' dir='ltr'><strong>unitersalis</strong></span> 
     </span>
    </p>
   </div>
   <div class='ocr_carea' id='block_1_89' title="bbox 1818 4269 3439 4352">
    <p class='ocr_par' dir='ltr' id='par_1_89' title="bbox 1818 4269 3439 4352">
     <span class='ocr_line' id='line_1_89' title="bbox 1818 4269 3439 4352; baseline -0.006 -17"><span class='ocrx_word' id='word_1_576' title='bbox 1818 4269 1825 4276; x_wconf 59' lang='grc'><strong>’</strong></span> <span class='ocrx_word' id='word_1_577' title='bbox 1859 4284 2059 4352; x_wconf 85' lang='lat' dir='ltr'><strong>capita,</strong></span> <span class='ocrx_word' id='word_1_578' title='bbox 2101 4293 2156 4335; x_wconf 86' lang='lat' dir='ltr'><strong>et</strong></span> <span class='ocrx_word' id='word_1_579' title='bbox 2184 4280 2424 4349; x_wconf 79' lang='lat' dir='ltr'><strong>quittarii</strong></span> <span class='ocrx_word' id='word_1_580' title='bbox 2462 4280 2626 4349; x_wconf 87' lang='lat' dir='ltr'><strong>hujus</strong></span> <span class='ocrx_word' id='word_1_581' title='bbox 2660 4279 2867 4349; x_wconf 84' lang='lat' dir='ltr'><strong>primas</strong></span> <span class='ocrx_word' id='word_1_582' title='bbox 2900 4276 3153 4331; x_wconf 85' lang='lat' dir='ltr'><strong>obtinere</strong></span> <span class='ocrx_word' id='word_1_583' title='bbox 3213 4272 3439 4343; x_wconf 88' lang='lat' dir='ltr'><strong>quidem</strong></span> 
     </span>
    </p>
   </div>
   <div class='ocr_carea' id='block_1_90' title="bbox 1863 4365 3441 4445">
    <p class='ocr_par' dir='ltr' id='par_1_90' title="bbox 1863 4365 3441 4445">
     <span class='ocr_line' id='line_1_90' title="bbox 1863 4365 3441 4445; baseline -0.006 -17"><span class='ocrx_word' id='word_1_584' title='bbox 1863 4392 2078 4445; x_wconf 83' lang='lat' dir='ltr'><strong>papam,</strong></span> <span class='ocrx_word' id='word_1_585' title='bbox 2110 4374 2205 4428; x_wconf 89' lang='lat' dir='ltr'><strong>sed</strong></span> <span class='ocrx_word' id='word_1_586' title='bbox 2256 4374 2373 4427; x_wconf 83' lang='lat' dir='ltr'><strong>Solo</strong></span> <span class='ocrx_word' id='word_1_587' title='bbox 2430 4370 2674 4426; x_wconf 89' lang='lat' dir='ltr'><strong>ordine:</strong></span> <span class='ocrx_word' id='word_1_588' title='bbox 2737 4369 2995 4422; x_wconf 85' lang='lat' dir='ltr'><strong>nimirum</strong></span> <span class='ocrx_word' id='word_1_589' title='bbox 3054 4365 3280 4437; x_wconf 87' lang='lat' dir='ltr'><strong>quando</strong></span> <span class='ocrx_word' id='word_1_590' title='bbox 3320 4365 3441 4435; x_wconf 83' lang='lat' dir='ltr'><strong>ejus</strong></span> 
     </span>
    </p>
   </div>
   <div class='ocr_carea' id='block_1_91' title="bbox 1863 4458 3445 4532">
    <p class='ocr_par' dir='ltr' id='par_1_91' title="bbox 1863 4458 3445 4532">
     <span class='ocr_line' id='line_1_91' title="bbox 1863 4458 3445 4532; baseline -0.009 -9"><span class='ocrx_word' id='word_1_591' title='bbox 1863 4469 2069 4523; x_wconf 85' lang='lat' dir='ltr'><strong>mentio</strong></span> <span class='ocrx_word' id='word_1_592' title='bbox 2097 4465 2349 4521; x_wconf 75' lang='lat' dir='ltr'><strong>facienda</strong></span> <span class='ocrx_word' id='word_1_593' title='bbox 2383 4474 2551 4527; x_wconf 82' lang='lat' dir='ltr'><strong>esset,</strong></span> <span class='ocrx_word' id='word_1_594' title='bbox 2589 4461 2810 4532; x_wconf 86' lang='lat' dir='ltr'><strong>quando</strong></span> <span class='ocrx_word' id='word_1_595' title='bbox 2837 4460 3123 4515; x_wconf 86' lang='lat' dir='ltr'><strong>considere</strong></span> <span class='ocrx_word' id='word_1_596' title='bbox 3159 4458 3281 4513; x_wconf 91' lang='lat' dir='ltr'><strong>illos</strong></span> <span class='ocrx_word' id='word_1_597' title='bbox 3312 4470 3445 4511; x_wconf 85' lang='lat' dir='ltr'><strong>con-</strong></span> 
     </span>
    </p>
   </div>
   <div class='ocr_carea' id='block_1_92' title="bbox 213 4548 1750 4631">
    <p class='ocr_par' dir='ltr' id='par_1_92' title="bbox 213 4548 1750 4628">
     <span class='ocr_line' id='line_1_92' title="bbox 213 4548 1750 4628; baseline 0.007 -29"><span class='ocrx_word' id='word_1_598' title='bbox 213 4548 303 4599; x_wconf 81' lang='grc' dir='ltr'><strong>τῶν</strong></span> <span class='ocrx_word' id='word_1_599' title='bbox 328 4553 615 4624; x_wconf 76' lang='grc' dir='ltr'>ὀνομάτων,</span> <span class='ocrx_word' id='word_1_600' title='bbox 657 4561 713 4610; x_wconf 81' lang='grc' dir='ltr'>ὲν</span> <span class='ocrx_word' id='word_1_601' title='bbox 749 4561 864 4620; x_wconf 78' lang='grc' dir='ltr'>ταῖς</span> <span class='ocrx_word' id='word_1_602' title='bbox 897 4559 1192 4628; x_wconf 83' lang='grc' dir='ltr'>καθέδραις</span> <span class='ocrx_word' id='word_1_603' title='bbox 1220 4561 1309 4613; x_wconf 81' lang='grc' dir='ltr'><strong>ὅτε</strong></span> <span class='ocrx_word' id='word_1_604' title='bbox 1341 4560 1667 4625; x_wconf 80' lang='grc' dir='ltr'>συνέλθοιεν,</span> <span class='ocrx_word' id='word_1_605' title='bbox 1700 4562 1750 4611; x_wconf 74' lang='grc' dir='ltr'>ἐν</span> 
     </span>
    </p>
   </div>
   <div class='ocr_carea' id='block_1_93' title="bbox 1856 4548 3443 4631">
    <p class='ocr_par' dir='ltr' id='par_1_93' title="bbox 1865 4548 3443 4631">
     <span class='ocr_line' id='line_1_93' title="bbox 1865 4548 3443 4631; baseline -0.009 -16"><span class='ocrx_word' id='word_1_606' title='bbox 1865 4564 2119 4631; x_wconf 75' lang='lat' dir='ltr'><strong>lingeret,</strong></span> <span class='ocrx_word' id='word_1_607' title='bbox 2153 4561 2207 4612; x_wconf 91' lang='lat' dir='ltr'><strong>in</strong></span> <span class='ocrx_word' id='word_1_608' title='bbox 2243 4557 2742 4626; x_wconf 78' lang='lat' dir='ltr'><strong>subscriptionibus</strong></span> <span class='ocrx_word' id='word_1_609' title='bbox 2774 4570 2899 4609; x_wconf 89' lang='lat' dir='ltr'><strong>cum</strong></span> <span class='ocrx_word' id='word_1_610' title='bbox 2923 4567 3062 4621; x_wconf 84' lang='lat' dir='ltr'><strong>opus</strong></span> <span class='ocrx_word' id='word_1_611' title='bbox 3099 4557 3217 4615; x_wconf 87' lang='lat' dir='ltr'><strong>sit;</strong></span> <span class='ocrx_word' id='word_1_612' title='bbox 3264 4548 3443 4619; x_wconf 87' lang='lat' dir='ltr'><strong>quoad</strong></span> 
     </span>
    </p>
   </div>
   <div class='ocr_carea' id='block_1_94' title="bbox 214 4643 1758 4723">
    <p class='ocr_par' dir='ltr' id='par_1_94' title="bbox 214 4643 1758 4723">
     <span class='ocr_line' id='line_1_94' title="bbox 214 4643 1758 4723; baseline 0.001 -19"><span class='ocrx_word' id='word_1_613' title='bbox 214 4643 311 4704; x_wconf 74' lang='grc' dir='ltr'><strong>ταῖς</strong></span> <span class='ocrx_word' id='word_1_614' title='bbox 339 4645 682 4721; x_wconf 74' lang='grc' dir='ltr'>ὕπογραφαῖς</span> <span class='ocrx_word' id='word_1_615' title='bbox 725 4654 854 4706; x_wconf 86' lang='grc' dir='ltr'>ὅταν</span> <span class='ocrx_word' id='word_1_616' title='bbox 887 4653 1018 4723; x_wconf 78' lang='grc' dir='ltr'>δέη.</span> <span class='ocrx_word' id='word_1_617' title='bbox 1079 4654 1222 4707; x_wconf 83' lang='grc' dir='ltr'>κατὰ</span> <span class='ocrx_word' id='word_1_618' title='bbox 1269 4654 1325 4706; x_wconf 75' lang='grc' dir='ltr'>δὲ</span> <span class='ocrx_word' id='word_1_619' title='bbox 1362 4653 1458 4723; x_wconf 76' lang='grc' dir='ltr'>τὴν</span> <span class='ocrx_word' id='word_1_620' title='bbox 1506 4653 1758 4718; x_wconf 77' lang='grc' dir='ltr'>ἐξουσίαν</span> 
     </span>
    </p>
   </div>
   <div class='ocr_carea' id='block_1_95' title="bbox 214 4734 1756 4817">
    <p class='ocr_par' dir='ltr' id='par_1_95' title="bbox 214 4734 1756 4817">
     <span class='ocr_line' id='line_1_95' title="bbox 214 4734 1756 4817; baseline -0.001 -16"><span class='ocrx_word' id='word_1_621' title='bbox 214 4734 470 4806; x_wconf 64' lang='grc' dir='ltr'><strong>ὁμενεαγεῖς</strong></span> <span class='ocrx_word' id='word_1_622' title='bbox 523 4741 668 4798; x_wconf 80' lang='grc' dir='ltr'>εἶναι</span> <span class='ocrx_word' id='word_1_623' title='bbox 698 4746 905 4810; x_wconf 85' lang='grc' dir='ltr'>πάντας</span> <span class='ocrx_word' id='word_1_624' title='bbox 942 4747 1039 4802; x_wconf 58' lang='grc' dir='ltr'><strong>καὶ</strong></span> <span class='ocrx_word' id='word_1_625' title='bbox 1080 4749 1461 4817; x_wconf 81' lang='grc' dir='ltr'>ἰσοδυνάμους.</span> <span class='ocrx_word' id='word_1_626' title='bbox 1500 4744 1653 4800; x_wconf 75' lang='grc' dir='ltr'>Εἶναι</span> <span class='ocrx_word' id='word_1_627' title='bbox 1701 4747 1756 4799; x_wconf 85' lang='grc' dir='ltr'>δὲ</span> 
     </span>
    </p>
   </div>
   <div class='ocr_carea' id='block_1_96' title="bbox 219 4829 1757 4904">
    <p class='ocr_par' dir='ltr' id='par_1_96' title="bbox 219 4829 1757 4904">
     <span class='ocr_line' id='line_1_96' title="bbox 219 4829 1757 4904; baseline 0.012 -30"><span class='ocrx_word' id='word_1_628' title='bbox 219 4829 298 4878; x_wconf 66' lang='grc' dir='ltr'>καὶ</span> <span class='ocrx_word' id='word_1_629' title='bbox 325 4834 488 4887; x_wconf 74' lang='grc' dir='ltr'>ταῦτα</span> <span class='ocrx_word' id='word_1_630' title='bbox 519 4838 933 4904; x_wconf 73' lang='grc' dir='ltr'>όρυοδοξοῦντος</span> <span class='ocrx_word' id='word_1_631' title='bbox 981 4838 1076 4890; x_wconf 84' lang='grc' dir='ltr'>τοῦ</span> <span class='ocrx_word' id='word_1_632' title='bbox 1131 4840 1353 4904; x_wconf 88' lang='grc' dir='ltr'>πάππα,</span> <span class='ocrx_word' id='word_1_633' title='bbox 1391 4838 1487 4904; x_wconf 68' lang='grc' dir='ltr'>νῦν</span> <span class='ocrx_word' id='word_1_634' title='bbox 1538 4840 1594 4893; x_wconf 81' lang='grc' dir='ltr'><strong>δὲ</strong></span> <span class='ocrx_word' id='word_1_635' title='bbox 1635 4836 1757 4892; x_wconf 86' lang='grc' dir='ltr'>κατ’</span> 
     </span>
    </p>
   </div>
   <div class='ocr_carea' id='block_1_97' title="bbox 217 4916 1753 5003">
    <p class='ocr_par' dir='ltr' id='par_1_97' title="bbox 217 4916 1753 5003">
     <span class='ocr_line' id='line_1_97' title="bbox 217 4916 1753 5003; baseline 0.014 -35"><span class='ocrx_word' id='word_1_636' title='bbox 217 4918 386 4987; x_wconf 80' lang='grc' dir='ltr'>αὐτοὺς</span> <span class='ocrx_word' id='word_1_637' title='bbox 442 4916 1017 5002; x_wconf 65' lang='grc' dir='ltr'>παραδειγματίζοντος</span> <span class='ocrx_word' id='word_1_638' title='bbox 1067 4933 1304 4993; x_wconf 76' lang='grc' dir='ltr'>ἐκείνου,</span> <span class='ocrx_word' id='word_1_639' title='bbox 1359 4934 1522 5003; x_wconf 80' lang='grc' dir='ltr'>ἀργεῖ</span> <span class='ocrx_word' id='word_1_640' title='bbox 1578 4933 1672 4986; x_wconf 75' lang='grc' dir='ltr'><strong>καὶ</strong></span> <span class='ocrx_word' id='word_1_641' title='bbox 1720 4935 1753 5003; x_wconf 79' lang='grc' dir='ltr'><strong>ἠ</strong></span> 
     </span>
    </p>
   </div>
   <div class='ocr_carea' id='block_1_98' title="bbox 215 5010 363 5075">
    <p class='ocr_par' dir='ltr' id='par_1_98' title="bbox 215 5010 363 5075">
     <span class='ocr_line' id='line_1_98' title="bbox 215 5010 363 5075; baseline 0.061 -16"><span class='ocrx_word' id='word_1_642' title='bbox 215 5010 363 5075; x_wconf 77' lang='grc' dir='ltr'>τάξις.</span> 
     </span>
    </p>
   </div>
   <div class='ocr_carea' id='block_1_99' title="bbox 272 5106 1755 5188">
    <p class='ocr_par' dir='ltr' id='par_1_99' title="bbox 272 5106 1755 5188">
     <span class='ocr_line' id='line_1_99' title="bbox 272 5106 1755 5188; baseline 0.008 -30"><span class='ocrx_word' id='word_1_643' title='bbox 272 5106 545 5179; x_wconf 80' lang='grc' dir='ltr'>Τοιαύταις</span> <span class='ocrx_word' id='word_1_644' title='bbox 578 5115 995 5186; x_wconf 74' lang='grc' dir='ltr'>ματαιολογίαις</span> <span class='ocrx_word' id='word_1_645' title='bbox 1040 5116 1514 5187; x_wconf 80' lang='grc' dir='ltr'>ὲπιστηρίζονται,</span> <span class='ocrx_word' id='word_1_646' title='bbox 1562 5117 1647 5170; x_wconf 74' lang='grc' dir='ltr'>ἵνα</span> <span class='ocrx_word' id='word_1_647' title='bbox 1681 5119 1755 5188; x_wconf 82' lang='grc' dir='ltr'>μὴ</span> 
     </span>
    </p>
   </div>
   <div class='ocr_carea' id='block_1_100' title="bbox 218 5194 1757 5281">
    <p class='ocr_par' dir='ltr' id='par_1_100' title="bbox 218 5194 1757 5281">
     <span class='ocr_line' id='line_1_100' title="bbox 218 5194 1757 5281; baseline 0.009 -32"><span class='ocrx_word' id='word_1_648' title='bbox 218 5194 389 5255; x_wconf 69' lang='grc' dir='ltr'>δοκῶσι</span> <span class='ocrx_word' id='word_1_649' title='bbox 430 5210 705 5276; x_wconf 71' lang='grc' dir='ltr'>σχίζεσθαι</span> <span class='ocrx_word' id='word_1_650' title='bbox 751 5210 1116 5280; x_wconf 73' lang='grc' dir='ltr'>παραλόγως,</span> <span class='ocrx_word' id='word_1_651' title='bbox 1153 5213 1217 5263; x_wconf 77' lang='grc' dir='ltr'>ἐκ</span> <span class='ocrx_word' id='word_1_652' title='bbox 1249 5210 1357 5262; x_wconf 84' lang='grc' dir='ltr'><strong>τῶν</strong></span> <span class='ocrx_word' id='word_1_653' title='bbox 1397 5212 1757 5281; x_wconf 82' lang='grc' dir='ltr'>προγενεστέ-</span> 
     </span>
    </p>
   </div>
   <div class='ocr_carea' id='block_1_101' title="bbox 220 5286 1755 5372">
    <p class='ocr_par' dir='ltr' id='par_1_101' title="bbox 220 5286 1755 5372">
     <span class='ocr_line' id='line_1_101' title="bbox 220 5286 1755 5372; baseline 0.001 -18"><span class='ocrx_word' id='word_1_654' title='bbox 220 5286 313 5354; x_wconf 51' lang='lat' dir='ltr'><strong>FW</strong></span> <span class='ocrx_word' id='word_1_655' title='bbox 341 5296 428 5360; x_wconf 68' lang='grc' dir='ltr'><strong>τὰς</strong></span> <span class='ocrx_word' id='word_1_656' title='bbox 451 5304 617 5372; x_wconf 73' lang='grc' dir='ltr'>ἀρχὰς</span> <span class='ocrx_word' id='word_1_657' title='bbox 648 5302 930 5367; x_wconf 79' lang='grc' dir='ltr'>λαϐόντες,</span> <span class='ocrx_word' id='word_1_658' title='bbox 962 5302 1543 5372; x_wconf 83' lang='grc' dir='ltr'>προσεξεργασάμενοι</span> <span class='ocrx_word' id='word_1_659' title='bbox 1575 5303 1629 5356; x_wconf 86' lang='grc' dir='ltr'>δὲ</span> <span class='ocrx_word' id='word_1_660' title='bbox 1662 5305 1755 5357; x_wconf 71' lang='grc' dir='ltr'><strong>καὶ</strong></span> 
     </span>
    </p>
   </div>
   <div class='ocr_carea' id='block_1_102' title="bbox 223 5383 1754 5467">
    <p class='ocr_par' dir='ltr' id='par_1_102' title="bbox 223 5383 1754 5467">
     <span class='ocr_line' id='line_1_102' title="bbox 223 5383 1754 5467; baseline 0.019 -39"><span class='ocrx_word' id='word_1_661' title='bbox 223 5383 346 5436; x_wconf 55' lang='grc' dir='ltr'>αὐτοὶ</span> <span class='ocrx_word' id='word_1_662' title='bbox 397 5391 490 5445; x_wconf 80' lang='grc' dir='ltr'>ὅσα</span> <span class='ocrx_word' id='word_1_663' title='bbox 519 5395 730 5449; x_wconf 77' lang='grc' dir='ltr'>οἴκοθεν</span> <span class='ocrx_word' id='word_1_664' title='bbox 779 5396 840 5448; x_wconf 80' lang='grc' dir='ltr'>τὸ</span> <span class='ocrx_word' id='word_1_665' title='bbox 896 5395 1268 5465; x_wconf 82' lang='grc' dir='ltr'>φιλεριστικὸν</span> <span class='ocrx_word' id='word_1_666' title='bbox 1321 5398 1754 5467; x_wconf 70' lang='grc' dir='ltr'>ἐπεχορήγησενο</span> 
     </span>
    </p>
   </div>
   <div class='ocr_carea' id='block_1_103' title="bbox 222 5470 1756 5556">
    <p class='ocr_par' dir='ltr' id='par_1_103' title="bbox 222 5470 1756 5556">
     <span class='ocr_line' id='line_1_103' title="bbox 222 5470 1756 5556; baseline 0.011 -35"><span class='ocrx_word' id='word_1_667' title='bbox 222 5470 410 5531; x_wconf 78' lang='grc' dir='ltr'>Τούτων</span> <span class='ocrx_word' id='word_1_668' title='bbox 442 5479 519 5546; x_wconf 77' lang='grc' dir='ltr'>εἷς</span> <span class='ocrx_word' id='word_1_669' title='bbox 548 5488 639 5540; x_wconf 68' lang='grc' dir='ltr'><strong>καὶ</strong></span> <span class='ocrx_word' id='word_1_670' title='bbox 663 5487 858 5548; x_wconf 81' lang='grc' dir='ltr'>Νεῖλος</span> <span class='ocrx_word' id='word_1_671' title='bbox 889 5481 1043 5549; x_wconf 76' lang='grc' dir='ltr'>οὗτος</span> <span class='ocrx_word' id='word_1_672' title='bbox 1093 5489 1119 5540; x_wconf 89' lang='grc' dir='ltr'><strong>ό</strong></span> <span class='ocrx_word' id='word_1_673' title='bbox 1166 5486 1588 5556; x_wconf 87' lang='grc' dir='ltr'>Θεσσαλονίκης,</span> <span class='ocrx_word' id='word_1_674' title='bbox 1623 5486 1756 5556; x_wconf 83' lang='grc' dir='ltr'>γρά-</span> 
     </span>
    </p>
   </div>
   <div class='ocr_carea' id='block_1_104' title="bbox 226 5560 1753 5654">
    <p class='ocr_par' dir='ltr' id='par_1_104' title="bbox 226 5560 1753 5654">
     <span class='ocr_line' id='line_1_104' title="bbox 226 5560 1753 5654; baseline 0.005 -25"><span class='ocrx_word' id='word_1_675' title='bbox 226 5560 310 5629; x_wconf 52' lang='grc' dir='ltr'><strong>ἕνας</strong></span> <span class='ocrx_word' id='word_1_676' title='bbox 335 5579 447 5641; x_wconf 70' lang='grc' dir='ltr'>περὶ</span> <span class='ocrx_word' id='word_1_677' title='bbox 490 5580 593 5633; x_wconf 83' lang='grc' dir='ltr'><strong>τῶν</strong></span> <span class='ocrx_word' id='word_1_678' title='bbox 619 5582 809 5649; x_wconf 82' lang='grc' dir='ltr'>αἰτίων</span> <span class='ocrx_word' id='word_1_679' title='bbox 846 5584 945 5652; x_wconf 80' lang='grc' dir='ltr'><strong>τῆς</strong></span> <span class='ocrx_word' id='word_1_680' title='bbox 985 5582 1323 5646; x_wconf 86' lang='grc' dir='ltr'>διαστάσεως</span> <span class='ocrx_word' id='word_1_681' title='bbox 1369 5584 1479 5635; x_wconf 84' lang='grc' dir='ltr'><strong>τῶν</strong></span> <span class='ocrx_word' id='word_1_682' title='bbox 1527 5584 1753 5654; x_wconf 72' lang='grc' dir='ltr'>Ἐκκλησ</span> 
     </span>
    </p>
   </div>
   <div class='ocr_carea' id='block_1_105' title="bbox 228 5658 1755 5746">
    <p class='ocr_par' dir='ltr' id='par_1_105' title="bbox 228 5658 1755 5746">
     <span class='ocr_line' id='line_1_105' title="bbox 228 5658 1755 5746; baseline 0.004 -24"><span class='ocrx_word' id='word_1_683' title='bbox 228 5658 337 5746; x_wconf 51' lang='grc' dir='ltr'><strong>σξῶν</strong></span> <span class='ocrx_word' id='word_1_684' title='bbox 375 5669 506 5732; x_wconf 76' lang='grc' dir='ltr'>μάλα</span> <span class='ocrx_word' id='word_1_685' title='bbox 541 5674 867 5742; x_wconf 74' lang='grc' dir='ltr'>σοφιστικῶς</span> <span class='ocrx_word' id='word_1_686' title='bbox 916 5676 1011 5728; x_wconf 72' lang='grc' dir='ltr'>καὶ</span> <span class='ocrx_word' id='word_1_687' title='bbox 1052 5676 1335 5738; x_wconf 80' lang='grc' dir='ltr'>ὑπούλως·</span> <span class='ocrx_word' id='word_1_688' title='bbox 1372 5678 1623 5746; x_wconf 72' lang='grc' dir='ltr'>περὶτῆς</span> <span class='ocrx_word' id='word_1_689' title='bbox 1654 5678 1755 5746; x_wconf 87' lang='grc' dir='ltr'><strong>ἁρ-</strong></span> 
     </span>
    </p>
   </div>
   <div class='ocr_carea' id='block_1_106' title="bbox 230 5745 1753 5834">
    <p class='ocr_par' dir='ltr' id='par_1_106' title="bbox 230 5745 1753 5834">
     <span class='ocr_line' id='line_1_106' title="bbox 230 5745 1753 5834; baseline 0.005 -23"><span class='ocrx_word' id='word_1_690' title='bbox 230 5745 314 5813; x_wconf 50' lang='lat' dir='ltr'><strong>liii</strong></span> <span class='ocrx_word' id='word_1_691' title='bbox 335 5755 421 5807; x_wconf 69' lang='grc' dir='ltr'><strong>τοῦ</strong></span> <span class='ocrx_word' id='word_1_692' title='bbox 463 5764 675 5826; x_wconf 73' lang='grc' dir='ltr'>πάππα,</span> <span class='ocrx_word' id='word_1_693' title='bbox 712 5766 845 5819; x_wconf 78' lang='grc' dir='ltr'>αὐτὸ</span> <span class='ocrx_word' id='word_1_694' title='bbox 897 5766 962 5834; x_wconf 79' lang='grc' dir='ltr'>δὴ</span> <span class='ocrx_word' id='word_1_695' title='bbox 998 5764 1157 5818; x_wconf 78' lang='grc' dir='ltr'>τοῦτο</span> <span class='ocrx_word' id='word_1_696' title='bbox 1210 5767 1271 5817; x_wconf 81' lang='grc' dir='ltr'><strong>τὸ</strong></span> <span class='ocrx_word' id='word_1_697' title='bbox 1319 5766 1753 5820; x_wconf 76' lang='grc' dir='ltr'>διακωδωνισθὲν</span> 
     </span>
    </p>
   </div>
   <div class='ocr_carea' id='block_1_107' title="bbox 232 5838 1749 5929">
    <p class='ocr_par' dir='ltr' id='par_1_107' title="bbox 232 5838 1749 5929">
     <span class='ocr_line' id='line_1_107' title="bbox 232 5838 1749 5929; baseline 0.003 -22"><span class='ocrx_word' id='word_1_698' title='bbox 232 5838 340 5908; x_wconf 62' lang='grc' dir='ltr'><strong>ἡμῖν</strong></span> <span class='ocrx_word' id='word_1_699' title='bbox 373 5860 847 5929; x_wconf 57' lang='grc' dir='ltr'>συγγραμμάτιον</span> <span class='ocrx_word' id='word_1_700' title='bbox 883 5859 973 5911; x_wconf 63' lang='grc' dir='ltr'><strong>καὶ</strong></span> <span class='ocrx_word' id='word_1_701' title='bbox 1000 5858 1113 5912; x_wconf 73' lang='grc' dir='ltr'>ἀλλ’</span> <span class='ocrx_word' id='word_1_702' title='bbox 1147 5858 1277 5911; x_wconf 68' lang='grc' dir='ltr'>ἅττα</span> <span class='ocrx_word' id='word_1_703' title='bbox 1309 5861 1450 5912; x_wconf 68' lang='grc' dir='ltr'>κατὰ</span> <span class='ocrx_word' id='word_1_704' title='bbox 1482 5860 1749 5927; x_wconf 72' lang='grc' dir='ltr'>Λατίνων,</span> 
     </span>
    </p>
   </div>
   <div class='ocr_carea' id='block_1_108' title="bbox 1867 4642 3444 4713">
    <p class='ocr_par' dir='ltr' id='par_1_108' title="bbox 1867 4642 3444 4713">
     <span class='ocr_line' id='line_1_108' title="bbox 1867 4642 3444 4713; baseline -0.006 -8"><span class='ocrx_word' id='word_1_705' title='bbox 1867 4669 1997 4708; x_wconf 71' lang='grc' dir='ltr'>νει-ο</span> <span class='ocrx_word' id='word_1_706' title='bbox 2044 4652 2454 4713; x_wconf 63' lang='lat' dir='ltr'><strong>auctoritatem,</strong></span> <span class='ocrx_word' id='word_1_707' title='bbox 2510 4648 2657 4703; x_wconf 88' lang='lat' dir='ltr'><strong>idem</strong></span> <span class='ocrx_word' id='word_1_708' title='bbox 2714 4649 2974 4702; x_wconf 89' lang='lat' dir='ltr'><strong>omnibus</strong></span> <span class='ocrx_word' id='word_1_709' title='bbox 3024 4644 3199 4709; x_wconf 89' lang='lat' dir='ltr'><strong>valor,</strong></span> <span class='ocrx_word' id='word_1_710' title='bbox 3250 4642 3444 4698; x_wconf 89' lang='lat' dir='ltr'><strong>eadem</strong></span> 
     </span>
    </p>
   </div>
   <div class='ocr_carea' id='block_1_109' title="bbox 1865 4726 3444 4816">
    <p class='ocr_par' dir='ltr' id='par_1_109' title="bbox 1865 4726 3444 4816">
     <span class='ocr_line' id='line_1_109' title="bbox 1865 4726 3444 4816; baseline -0.006 -17"><span class='ocrx_word' id='word_1_711' title='bbox 1865 4745 2145 4816; x_wconf 87' lang='lat' dir='ltr'><strong>potentia;</strong></span> <span class='ocrx_word' id='word_1_712' title='bbox 2176 4745 2339 4813; x_wconf 86' lang='lat' dir='ltr'><strong>idque</strong></span> <span class='ocrx_word' id='word_1_713' title='bbox 2357 4743 2596 4814; x_wconf 87' lang='lat' dir='ltr'><strong>quando,</strong></span> <span class='ocrx_word' id='word_1_714' title='bbox 2614 4742 2788 4805; x_wconf 87' lang='lat' dir='ltr'><strong>aiunt,</strong></span> <span class='ocrx_word' id='word_1_715' title='bbox 2814 4726 3155 4793; x_wconf 83' lang='lat' dir='ltr'><strong>orthodoan</strong></span> <span class='ocrx_word' id='word_1_716' title='bbox 3180 4751 3311 4805; x_wconf 75' lang='lat' dir='ltr'><strong>papa</strong></span> <span class='ocrx_word' id='word_1_717' title='bbox 3332 4746 3444 4800; x_wconf 82' lang='lat' dir='ltr'><strong>est;</strong></span> 
     </span>
    </p>
   </div>
   <div class='ocr_carea' id='block_1_110' title="bbox 1865 4831 3448 4904">
    <p class='ocr_par' dir='ltr' id='par_1_110' title="bbox 1865 4831 3448 4904">
     <span class='ocr_line' id='line_1_110' title="bbox 1865 4831 3448 4904; baseline -0.004 -12"><span class='ocrx_word' id='word_1_718' title='bbox 1865 4854 2013 4893; x_wconf 91' lang='lat' dir='ltr'><strong>nunc</strong></span> <span class='ocrx_word' id='word_1_719' title='bbox 2069 4837 2426 4904; x_wconf 59' lang='lat' dir='ltr'><strong>autentjllo,</strong></span> <span class='ocrx_word' id='word_1_720' title='bbox 2475 4836 2769 4902; x_wconf 90' lang='lat' dir='ltr'><strong>inquiunt,</strong></span> <span class='ocrx_word' id='word_1_721' title='bbox 2821 4847 3079 4902; x_wconf 81' lang='lat' dir='ltr'><strong>perversa</strong></span> <span class='ocrx_word' id='word_1_722' title='bbox 3117 4831 3448 4901; x_wconf 83' lang='lat' dir='ltr'><strong>dele_ndente</strong></span> 
     </span>
    </p>
   </div>
   <div class='ocr_carea' id='block_1_111' title="bbox 1864 4929 2757 5003">
    <p class='ocr_par' dir='ltr' id='par_1_111' title="bbox 1864 4929 2757 5003">
     <span class='ocr_line' id='line_1_111' title="bbox 1864 4929 2757 5003; baseline -0.004 -17"><span class='ocrx_word' id='word_1_723' title='bbox 1864 4933 2142 5003; x_wconf 79' lang='lat' dir='ltr'><strong>dogmata,</strong></span> <span class='ocrx_word' id='word_1_724' title='bbox 2175 4931 2309 4985; x_wconf 88' lang='lat' dir='ltr'><strong>ordo</strong></span> <span class='ocrx_word' id='word_1_725' title='bbox 2350 4929 2517 4984; x_wconf 87' lang='lat' dir='ltr'><strong>ctiam</strong></span> <span class='ocrx_word' id='word_1_726' title='bbox 2558 4936 2757 4983; x_wconf 73' lang='lat' dir='ltr'><strong>CCSsat.</strong></span> 
     </span>
    </p>
   </div>
   <div class='ocr_carea' id='block_1_112' title="bbox 1937 5108 3444 5185">
    <p class='ocr_par' dir='ltr' id='par_1_112' title="bbox 1937 5108 3444 5185">
     <span class='ocr_line' id='line_1_112' title="bbox 1937 5108 3444 5185; baseline -0.009 -16"><span class='ocrx_word' id='word_1_727' title='bbox 1937 5113 2259 5185; x_wconf 79' lang='lat' dir='ltr'><strong>llttjnstnodi</strong></span> <span class='ocrx_word' id='word_1_728' title='bbox 2298 5112 2705 5181; x_wconf 79' lang='lat' dir='ltr'><strong>vaniloquentia</strong></span> <span class='ocrx_word' id='word_1_729' title='bbox 2751 5108 3088 5171; x_wconf 86' lang='lat' dir='ltr'><strong>innituntur,</strong></span> <span class='ocrx_word' id='word_1_730' title='bbox 3134 5120 3204 5159; x_wconf 90' lang='lat' dir='ltr'><strong>ne</strong></span> <span class='ocrx_word' id='word_1_731' title='bbox 3238 5112 3444 5158; x_wconf 84' lang='lat' dir='ltr'><strong>temere</strong></span> 
     </span>
    </p>
   </div>
   <div class='ocr_carea' id='block_1_113' title="bbox 1863 5196 3439 5269">
    <p class='ocr_par' dir='ltr' id='par_1_113' title="bbox 1863 5196 3439 5269">
     <span class='ocr_line' id='line_1_113' title="bbox 1863 5196 3439 5269; baseline -0.008 -8"><span class='ocrx_word' id='word_1_732' title='bbox 1863 5207 2201 5262; x_wconf 81' lang='lat' dir='ltr'><strong>schismatici</strong></span> <span class='ocrx_word' id='word_1_733' title='bbox 2223 5222 2343 5260; x_wconf 85' lang='lat' dir='ltr'><strong>esse</strong></span> <span class='ocrx_word' id='word_1_734' title='bbox 2370 5205 2683 5269; x_wconf 78' lang='lat' dir='ltr'><strong>videantur,</strong></span> <span class='ocrx_word' id='word_1_735' title='bbox 2708 5218 2772 5256; x_wconf 75' lang='lat' dir='ltr'><strong>cx</strong></span> <span class='ocrx_word' id='word_1_736' title='bbox 2802 5197 3203 5269; x_wconf 88' lang='lat' dir='ltr'><strong>antiquioribus</strong></span> <span class='ocrx_word' id='word_1_737' title='bbox 3220 5196 3439 5264; x_wconf 86' lang='lat' dir='ltr'><strong>quidem</strong></span> 
     </span>
    </p>
   </div>
   <div class='ocr_carea' id='block_1_114' title="bbox 1863 5288 3441 5371">
    <p class='ocr_par' dir='ltr' id='par_1_114' title="bbox 1863 5288 3441 5371">
     <span class='ocr_line' id='line_1_114' title="bbox 1863 5288 3441 5371; baseline -0.01 -16"><span class='ocrx_word' id='word_1_738' title='bbox 1863 5310 2107 5371; x_wconf 76' lang='lat' dir='ltr'><strong>accepta,</strong></span> <span class='ocrx_word' id='word_1_739' title='bbox 2142 5300 2236 5354; x_wconf 88' lang='lat' dir='ltr'><strong>sed</strong></span> <span class='ocrx_word' id='word_1_740' title='bbox 2270 5315 2365 5368; x_wconf 86' lang='lat' dir='ltr'><strong>per</strong></span> <span class='ocrx_word' id='word_1_741' title='bbox 2390 5298 2538 5365; x_wconf 86' lang='lat' dir='ltr'><strong>ipsos</strong></span> <span class='ocrx_word' id='word_1_742' title='bbox 2571 5297 2736 5349; x_wconf 86' lang='lat' dir='ltr'><strong>etiam</strong></span> <span class='ocrx_word' id='word_1_743' title='bbox 2768 5305 2925 5347; x_wconf 84' lang='lat' dir='ltr'><strong>aucta</strong></span> <span class='ocrx_word' id='word_1_744' title='bbox 2958 5292 3028 5345; x_wconf 91' lang='lat' dir='ltr'><strong>ob</strong></span> <span class='ocrx_word' id='word_1_745' title='bbox 3061 5290 3285 5343; x_wconf 91' lang='lat' dir='ltr'><strong>insitum</strong></span> <span class='ocrx_word' id='word_1_746' title='bbox 3319 5288 3441 5341; x_wconf 80' lang='lat' dir='ltr'><strong>ani-</strong></span> 
     </span>
    </p>
   </div>
   <div class='ocr_carea' id='block_1_115' title="bbox 1862 5380 3443 5447">
    <p class='ocr_par' dir='ltr' id='par_1_115' title="bbox 1862 5380 3443 5447">
     <span class='ocr_line' id='line_1_115' title="bbox 1862 5380 3443 5447; baseline -0.009 -1"><span class='ocrx_word' id='word_1_747' title='bbox 1862 5410 1951 5447; x_wconf 87' lang='lat' dir='ltr'><strong>mo</strong></span> <span class='ocrx_word' id='word_1_748' title='bbox 1981 5394 2223 5447; x_wconf 88' lang='lat' dir='ltr'><strong>studium</strong></span> <span class='ocrx_word' id='word_1_749' title='bbox 2254 5389 2649 5445; x_wconf 86' lang='lat' dir='ltr'><strong>contentionis.</strong></span> <span class='ocrx_word' id='word_1_750' title='bbox 2683 5387 2759 5441; x_wconf 78' lang='lat' dir='ltr'><strong>Ex</strong></span> <span class='ocrx_word' id='word_1_751' title='bbox 2791 5399 2984 5439; x_wconf 88' lang='lat' dir='ltr'><strong>eorum</strong></span> <span class='ocrx_word' id='word_1_752' title='bbox 3022 5398 3255 5436; x_wconf 89' lang='lat' dir='ltr'><strong>numero</strong></span> <span class='ocrx_word' id='word_1_753' title='bbox 3288 5380 3443 5433; x_wconf 73' lang='lat' dir='ltr'><strong>Nilus</strong></span> 
     </span>
    </p>
   </div>
   <div class='ocr_carea' id='block_1_116' title="bbox 1862 5475 3444 5556">
    <p class='ocr_par' dir='ltr' id='par_1_116' title="bbox 1862 5475 3444 5556">
     <span class='ocr_line' id='line_1_116' title="bbox 1862 5475 3444 5556; baseline -0.009 -18"><span class='ocrx_word' id='word_1_754' title='bbox 1862 5502 2084 5556; x_wconf 90' lang='lat' dir='ltr'><strong>quoque</strong></span> <span class='ocrx_word' id='word_1_755' title='bbox 2117 5482 2629 5539; x_wconf 86' lang='lat' dir='ltr'><strong>Thessalonicensis</strong></span> <span class='ocrx_word' id='word_1_756' title='bbox 2660 5479 2856 5550; x_wconf 81' lang='lat' dir='ltr'><strong>pra-sul</strong></span> <span class='ocrx_word' id='word_1_757' title='bbox 2897 5478 3123 5546; x_wconf 82' lang='lat' dir='ltr'><strong>scripsit</strong></span> <span class='ocrx_word' id='word_1_758' title='bbox 3158 5477 3223 5529; x_wconf 87' lang='lat' dir='ltr'><strong>de</strong></span> <span class='ocrx_word' id='word_1_759' title='bbox 3261 5475 3444 5526; x_wconf 78' lang='lat' dir='ltr'><strong>causis</strong></span> 
     </span>
    </p>
   </div>
   <div class='ocr_carea' id='block_1_117' title="bbox 1862 5566 3443 5643">
    <p class='ocr_par' dir='ltr' id='par_1_117' title="bbox 1862 5566 3443 5643">
     <span class='ocr_line' id='line_1_117' title="bbox 1862 5566 3443 5643; baseline -0.009 -10"><span class='ocrx_word' id='word_1_760' title='bbox 1862 5578 2077 5633; x_wconf 82' lang='lat' dir='ltr'><strong>dissidii</strong></span> <span class='ocrx_word' id='word_1_761' title='bbox 2103 5576 2494 5638; x_wconf 85' lang='lat' dir='ltr'><strong>Ecclesiarutn,</strong></span> <span class='ocrx_word' id='word_1_762' title='bbox 2545 5572 2900 5643; x_wconf 86' lang='lat' dir='ltr'><strong>sophismatis</strong></span> <span class='ocrx_word' id='word_1_763' title='bbox 2924 5581 2980 5625; x_wconf 90' lang='lat' dir='ltr'><strong>et</strong></span> <span class='ocrx_word' id='word_1_764' title='bbox 3008 5567 3296 5623; x_wconf 78' lang='lat' dir='ltr'><strong>fraudibus</strong></span> <span class='ocrx_word' id='word_1_765' title='bbox 3327 5566 3443 5633; x_wconf 81' lang='lat' dir='ltr'><strong>ple-</strong></span> 
     </span>
    </p>
   </div>
   <div class='ocr_carea' id='block_1_118' title="bbox 1862 5660 3449 5734">
    <p class='ocr_par' dir='ltr' id='par_1_118' title="bbox 1862 5660 3449 5734">
     <span class='ocr_line' id='line_1_118' title="bbox 1862 5660 3449 5734; baseline -0.009 -12"><span class='ocrx_word' id='word_1_766' title='bbox 1862 5685 1992 5722; x_wconf 89' lang='lat' dir='ltr'><strong>num</strong></span> <span class='ocrx_word' id='word_1_767' title='bbox 2041 5667 2330 5721; x_wconf 81' lang='lat' dir='ltr'><strong>libellum:</strong></span> <span class='ocrx_word' id='word_1_768' title='bbox 2386 5664 2609 5734; x_wconf 83' lang='lat' dir='ltr'><strong>scripsit</strong></span> <span class='ocrx_word' id='word_1_769' title='bbox 2669 5663 2737 5717; x_wconf 88' lang='lat' dir='ltr'><strong>de</strong></span> <span class='ocrx_word' id='word_1_770' title='bbox 2801 5662 3039 5732; x_wconf 85' lang='lat' dir='ltr'><strong>primatu</strong></span> <span class='ocrx_word' id='word_1_771' title='bbox 3103 5674 3255 5728; x_wconf 72' lang='lat' dir='ltr'><strong>papa:</strong></span> <span class='ocrx_word' id='word_1_772' title='bbox 3313 5660 3449 5707; x_wconf 85' lang='lat' dir='ltr'><strong>alte-</strong></span> 
     </span>
    </p>
   </div>
   <div class='ocr_carea' id='block_1_119' title="bbox 1863 5752 3447 5829">
    <p class='ocr_par' dir='ltr' id='par_1_119' title="bbox 1863 5752 3447 5829">
     <span class='ocr_line' id='line_1_119' title="bbox 1863 5752 3447 5829; baseline -0.008 -15"><span class='ocrx_word' id='word_1_773' title='bbox 1863 5778 1985 5814; x_wconf 84' lang='lat' dir='ltr'><strong>runt</strong></span> <span class='ocrx_word' id='word_1_774' title='bbox 2016 5761 2259 5814; x_wconf 84' lang='lat' dir='ltr'><strong>libellum</strong></span> <span class='ocrx_word' id='word_1_775' title='bbox 2292 5774 2456 5829; x_wconf 90' lang='lat' dir='ltr'><strong>quem</strong></span> <span class='ocrx_word' id='word_1_776' title='bbox 2511 5769 2568 5811; x_wconf 87' lang='lat' dir='ltr'><strong>et</strong></span> <span class='ocrx_word' id='word_1_777' title='bbox 2602 5757 2697 5810; x_wconf 89' lang='lat' dir='ltr'><strong>alii</strong></span> <span class='ocrx_word' id='word_1_778' title='bbox 2740 5753 3047 5810; x_wconf 87' lang='lat' dir='ltr'><strong>doctissimi</strong></span> <span class='ocrx_word' id='word_1_779' title='bbox 3098 5752 3225 5815; x_wconf 80' lang='lat' dir='ltr'><strong>viri,</strong></span> <span class='ocrx_word' id='word_1_780' title='bbox 3255 5759 3310 5804; x_wconf 90' lang='lat' dir='ltr'><strong>et</strong></span> <span class='ocrx_word' id='word_1_781' title='bbox 3346 5764 3447 5801; x_wconf 80' lang='lat' dir='ltr'><strong>nos</strong></span> 
     </span>
    </p>
   </div>
   <div class='ocr_carea' id='block_1_120' title="bbox 1861 5846 3438 5927">
    <p class='ocr_par' dir='ltr' id='par_1_120' title="bbox 1861 5846 3438 5927">
     <span class='ocr_line' id='line_1_120' title="bbox 1861 5846 3438 5927; baseline -0.008 -14"><span class='ocrx_word' id='word_1_782' title='bbox 1861 5859 2295 5914; x_wconf 50' lang='lat' dir='ltr'><strong>caaminavintus</strong></span> <span class='ocrx_word' id='word_1_783' title='bbox 2327 5880 2335 5914; x_wconf 90' lang='lat'><strong>:</strong></span> <span class='ocrx_word' id='word_1_784' title='bbox 2376 5866 2428 5913; x_wconf 87' lang='lat' dir='ltr'><strong>ct</strong></span> <span class='ocrx_word' id='word_1_785' title='bbox 2464 5858 2711 5927; x_wconf 77' lang='lat' dir='ltr'><strong>qmcdant</strong></span> <span class='ocrx_word' id='word_1_786' title='bbox 2761 5854 3025 5926; x_wconf 67' lang='lat' dir='ltr'><strong>Opust&#39;ula</strong></span> <span class='ocrx_word' id='word_1_787' title='bbox 3064 5862 3251 5907; x_wconf 76' lang='lat' dir='ltr'><strong>contra</strong></span> <span class='ocrx_word' id='word_1_788' title='bbox 3289 5846 3438 5901; x_wconf 81' lang='lat' dir='ltr'><strong>Lati—</strong></span> 
     </span>
    </p>
   </div>
  </div>
