3900 6580
1100 255 1106 292 ί

215 365 321 428 its
1492 356 1922 418 parumne
1971 312 2165 414 Niu.
3342 346 3447 405 τίω

219 477 266 530 δὲ
292 475 441 527 τουτο
476 473 571 524 καὶ
601 471 679 539 τῷ
712 470 866 540 miri;
902 469 1077 522 κοινόν
1107 487 1121 534 ;
1159 470 1271 521 Οὐκ
1299 469 1406 538 ἄρα
1436 470 1574 522 κατὰ
1601 468 1776 524 πάντα

1883 465 2004 534 quis
2030 463 2230 518 habere
2261 463 2364 516 hoc
2394 461 2540 516 dicat
2567 469 2620 514 ct
2651 459 2886 529 papam?
2919 457 3036 511 Non
3066 469 3150 513 est
3202 458 3363 529 igitur
3392 461 3446 514 in
3496 533 3502 540 _

217 567 243 620 ὁ
284 566 494 632 Ῥώμης
540 561 638 614 τοῦ
675 562 880 630 Πέτρου
922 559 1189 630 διάδοχος,
1229 559 1365 615 ἀλλὰ
1413 559 1536 612 κατ’
1587 559 1774 611 ἐκεῖνα

1883 554 2135 610 omnibus
2177 569 2315 624 papa
2354 566 2644 609 successor
2695 551 2862 616 Petri,
2915 550 3010 606 sed
3049 550 3103 604 in
3136 550 3205 605 iis
3238 560 3446 605 tantum

223 657 394 726 μόνον,
423 653 548 708 καθ’
579 651 616 706 ἃ
653 653 742 706 καὶ
771 651 878 706 τῶν
916 653 1010 706 ὑπ’
1034 653 1249 705 ἐκείνου
1283 649 1773 723 χειροτονηθέντων

219 749 452 810 ἕκαστος.

771 879 1206 934 ΑΝΤΙΡΡΠΣΙΣ.
1253 930 1274 940 ,.

279 996 454 1052 Πολλὰ,
475 976 838 1069 συμπλέκεις.
871 998 1040 1050 πολλὰ
1074 996 1407 1066 συμφύρεις,
1446 997 1541 1049 καὶ
1574 994 1774 1056 πολλὰς

220 1091 556 1161 ἑπισωρεύων
615 1091 902 1162 διαφορὰς,
939 1090 1062 1144 καθ’
1115 1089 1174 1143 ἓν
1224 1089 1391 1158 μόνον
1442 1089 1624 1155 λέγεις
1679 1086 1776 1140 καὶ

221 1183 364 1238 τοῦτο
397 1182 650 1252 μερικδν,
684 1185 968 1236 κοινωνεῖν
997 1176 1088 1234 τόν
1123 1181 1331 1252 Πέτρον
1363 1180 1608 1242 καὶτοὺς
1658 1179 1774 1232 δια-

220 1278 406 1345 δόχους.
440 1270 581 1329 Εἶτα
631 1273 694 1328 τὺ
749 1273 1130 1343 κὰιριὼτατον⁶
1160 1274 1259 1343 τῆς
1318 1271 1625 1336 ὑποθέσεως
1681 1271 1776 1324 καὶ

223 1367 540 1440 κυριώτατον
599 1366 950 1436 παραλιπὼν,
1011 1366 1329 1436 συγχύσεως
1391 1368 1488 1420 καὶ
1547 1365 1774 1430 ἀταξίας

223 1457 443 1530 ἐμφαίνῃ
493 1457 841 1520 διδάσκαλος.
891 1458 1151 1528 Διάδοχον
1184 1458 1365 1526 λέγεις
1413 1456 1511 1510 τοῦ
1561 1457 1772 1528 Πέτρου

223 1555 304 1608 τὸν
347 1551 532 1606 πάπαν
583 1548 728 1605 καθὸ
769 1551 1095 1617 ἐπίσκοπος,
1121 1547 1226 1613 ὡς’
1252 1551 1348 1604 καὶ
1397 1550 1629 1614 ἕκαστος
1665 1550 1774 1604 τῶν

227 1644 304 1698 ὑπ’
329 1644 530 1698 ἐκείνου
566 1645 1064 1716 χειροτονηθέντων
1107 1631 1428 1697 ἐπισκόπων
1451 1658 1464 1674 '
1497 1643 1776 1708 ἀπόδειξιν

1877 648 1934 702 in
1960 647 2160 716 quibus
2189 660 2478 704 successor
2505 645 2670 702 etiam
2695 654 2786 701 est
2801 645 3031 716 quilibet
3062 644 3448 715 episcoporum

1878 757 1908 794 a
1935 742 2096 797 Petro
2128 740 2532 798 ordinatorum.

2420 875 2885 933 CONFUTATIO.

1951 995 2117 1050 Multa
2151 995 2458 1058 eonnectis,
2486 993 2654 1049 multa
2679 989 3262 1058 eonfundis,etmultis
3295 989 3450 1044 (ίὶσο-

1879 1089 2073 1145 rentiis
2123 1090 2340 1158 positus
2387 1101 2554 1141 unum
2591 1093 2802 1139 tantum
2863 1096 2986 1137 esse
3037 1081 3118 1136 ais
3158 1063 3450 1135 commune

1876 1179 2041 1235 Petro
2075 1187 2131 1234 ct
2181 1177 2620 1240 successoribus,
2670 1174 2833 1244 idque
2882 1173 3195 1246 privatum;
3232 1181 3288 1226 et
3316 1189 3450 1240 pras-

1879 1268 2010 1329 teris
2038 1272 2182 1342 quod
2205 1271 2499 1325 maximum
2533 1281 2588 1324 et
2615 1266 3123 1338 praestantissimum
3149 1275 3234 1319 est
3268 1265 3322 1319 in
3348 1264 3451 1319 hac

1880 1355 2130 1429 materia,
2165 1365 2339 1434 lisque
2392 1361 2731 1417 confusionis
2763 1370 2820 1415 et
2874 1358 3302 1414 inordinalionis
3334 1373 3449 1410 ma-

1879 1457 2070 1529 gister.
2100 1457 2488 1510 Successorem
2521 1451 2668 1508 Petri
2687 1452 2768 1506 ais
2793 1465 3010 1520 papam,
3029 1449 3447 1519 utepiscopuni,

1879 1558 1940 1604 ut
1972 1547 2205 1618 quilibet
2225 1545 2612 1616 episcoporum
2667 1560 2695 1598 a
2747 1544 2908 1598 Petro
2953 1542 3358 1609 ordinaturum,
3396 1553 3453 1599 et

1881 1642 2043 1712 hujus
2093 1650 2200 1695 tua:
2248 1639 2540 1709 positionis
2597 1638 2808 1691 nullum
2857 1636 3022 1691 aﬂ‘ers
3073 1636 3452 1692 testimonium

223 1738 270 1791 δὲ
305 1737 500 1804 ταύτης
537 1753 639 1789 σου
686 1738 787 1806 τῆς
837 1737 1039 1801 θέσεως
1091 1736 1352 1806 οὐδεμίαν
1400 1735 1589 1804 φέρεις
1615 1748 1629 1763 °
1660 1733 1776 1788 ἀλλ’

1883 1751 1992 1806 quo
2022 1734 2321 1804 probetur';
2352 1733 2448 1788 sed
2478 1719 2721 1802 magistri
2743 1730 3070 1785 auctoritate
3105 1731 3450 1800 pronuntias,

223 1830 386 1892 έοικας
424 1831 505 1900 τῷ
545 1830 948 1894 διδασκαλικῶς
997 1830 1428 1901 ἀποφαινομένῳ
1479 1829 1572 1882 καὶ
1616 1846 1774 1898 νομο-

225 1922 468 1978 θετοῦντι.
503 1921 900 1992 ’Δντιτὰξομεν
924 1919 1016 1976 οὖν
1050 1924 1211 1994 ἡμεῖς
1239 1922 1362 1992 οὐχὶ.
1392 1922 1462 1975 τὰ
1505 1919 1772 1992 ἡμέτερα,

225 2015 342 2070 ἀλλὰ
383 2015 452 2068 τὰ
482 2015 583 2085 τῆς
633 2016 799 2083 ἁγίας
850 2017 1122 2086 τετάρτης
1167 2015 1414 2082 συνόδου,
1453 2016 1512 2080 ἐξ
1538 2011 1616 2072 ὧν
1647 2016 1776 2071 ὲπὲ·

228 2109 390 2163 στελλε
442 2108 581 2180 πρὸς
628 2109 722 2162 τὸν
773 2108 963 2162 πάπαν
990 2124 1004 2139 ο
1045 2127 1065 2160 t
1107 2107 1172 2162 Τί
1204 2108 1310 2182 γὰρ
1342 2110 1583 2173 πίστεως
1639 2109 1777 2180 πρὸς

226 2199 540 2270 εὐφροσύνην
571 2199 873 2268 ἀνώτερον,
901 2201 968 2268 ἢν
1001 2199 1166 2261 αὐτὸς
1194 2197 1384 2270 ὥσπερ
1419 2199 1636 2270 χρυσῆν
1665 2216 1778 2253 σει-

229 2295 314 2366 ρὰν
340 2293 414 2365 τῷ
442 2295 836 2366 προστάγματι
867 2293 960 2346 τοῦ
994 2292 1226 2362 θεμένου
1277 2294 1664 2365 καταγομένην
1699 2295 1780 2358 εἰς

227 2388 358 2457 ἡμᾶς
395 2386 749 2455 διεφύλαξας,
789 2386 926 2439 πᾶσι
982 2385 1083 2454 τῆς
1115 2385 1206 2439 τοῦ
1249 2385 1527 2456 μακαρίου
1569 2387 1778 2457 Πέτρου

228 2479 387 2549 φωνῆς
412 2479 688 2550 ἑρμηνεὺς
721 2478 1162 2548 καθιστάμενο;;
1196 2477 1367 2533 Ὀοεν
1398 2479 1494 2532 καὶ¹
1519 2479 1680 2549 ἡμεῖς
1706 2479 1781 2541 ὡς

227 2571 432 2641 ἀρχηγῷ
461 2588 544 2625 σοι
572 2570 673 2625 τοῦ
711 2570 878 2625 καλοῦ
924 2571 1062 2642 πρὸς
1097 2569 1371 2641 ὠφέλειαν
1414 2573 1778 2643 χρησάμενοι,

224 2665 323 2720 τοῖς
347 2663 439 2732 τῆς
473 2663 809 2733 Ἐκκλησίας
859 2663 1076 2726 τέκνοις
1121 2663 1214 2717 τὸν
1263 2663 1466 2735 κλῆρον
1518 2664 1618 2735 τῆς
1649 2665 1780 2736 ἀλη-

227 2754 359 2819 θείας
399 2756 708 2825 ἐδείξαμ.εν.
767 2775 786 2808 ο
850 2757 938 2810 Ἐν
1002 2757 1217 2819 τούτοις
1273 2758 1306 2826 ή
1373 2755 1503 2826 ἁγία
1561 2757 1778 2823 σύνοδνς

227 2847 358 2901 καλεῖ
398 2847 488 2902 τὸν
532 2850 732 2904 παπαν
771 2849 872 2918 τῆς
900 2850 1111 2920 χρυσῆς
1157 2850 1351 2919 σειρᾶς
1385 2848 1626 2914 πίστεως
1678 2849 1780 2920 φύ-

228 2939 368 3007 λακα,
390 2943 482 2996 καὶ
514 2942 769 3012 ἑρμηνέα
797 2942 897 3011 τῆς
927 2942 1113 3010 φωνῆς
1149 2941 1245 2995 τοῦ
1277 2942 1513 3014 Πέτρου,
1547 2943 1644 2998 καὶ¹
1677 2945 1780 3017 τὴν

228 3033 388 3087 πίστιν
409 3035 469 3088 ὲν
496 3033 573 3102 τῷ
619 3036 780 3105 πάπᾳ
809 3034 1010 3104 κλῆρον
1051 3029 1192 3088 εἶναι
1224 3037 1324 3103 τῆς
1356 3035 1635 3106 ἀληθείας.
1670 3036 1780 3091 Καὶ

1879 1836 1938 1882 et
1965 1825 2165 1880 statuis
2215 1839 2371 1880 more
2426 1823 2778 1889 lcgisiatoris.
2806 1821 3158 1892 Opponemus
3194 1839 3323 1893 ergo
3355 1839 3458 1878 nos

1880 1920 1978 1976 tibi
2034 1933 2146 1973 non
2197 1928 2382 1974 nostra
2407 1958 2422 1985 ,
2455 1915 2551 1972 sed
2584 1931 2750 1972 voces
2799 1925 3000 1971 sanctas
3028 1915 3222 1986 synodi
3247 1926 3456 1986 quartae

1878 2027 1947 2067 ex
1974 2011 2206 2081 epistola
2232 2011 2354 2082 ejus
2376 2011 2442 2065 ad
2468 2025 2661 2080 papam
2697 2028 2711 2065 :
2750 2029 2768 2062 ι
2812 2009 2952 2076 Quid
2993 2011 3136 2064 enim
3166 2010 3236 2064 ad
3269 2010 3457 2066 feren-

1879 2105 2005 2159 dam
2035 2105 2280 2160 laetitiam
2319 2104 2422 2159 [ide
2447 2104 2760 2168 sublimius,
2783 2119 2945 2174 quam
2972 2114 3026 2158 tu
3059 2104 3204 2159 velut
3231 2121 3456 2162 auream

1882 2207 2156 2262 catenam,
2209 2207 2486 2267 praecepto
2533 2197 2863 2267 lcgislatoris
2908 2197 3199 2252 deductam
3231 2198 3298 2253 ad
3355 2215 3458 2256 nos

1882 2290 2134 2358 servasti,
2167 2293 2423 2347 omnibus
2453 2292 2598 2346 beati
2651 2291 2795 2346 Petri
2827 2292 2977 2346 vocis
3004 2291 3340 2349 constitutus
3369 2295 3459 2349 in-

1881 2384 2132 2453 terpres?
2168 2385 2514 2454 Quapropter
2543 2393 2597 2439 et
2631 2399 2732 2440 nos
2770 2385 2905 2439 tanti
2951 2385 3080 2440 boni
3124 2396 3174 2440 te
3214 2387 3356 2443 duce
3401 2399 3459 2444 et

1883 2486 2111 2530 auctore
2145 2475 2228 2531 usi
2262 2475 2331 2530 ad
2361 2476 2678 2541 utilitatem,
2728 2475 2984 2532 Ecclesia}
3013 2477 3139 2534 ﬁliis
3167 2480 3460 2536 haeredita-

1883 2573 1995 2622 tem
2027 2569 2277 2625 veritatis
2305 2569 2666 2625 ostendimus.
2706 2589 2724 2622 ι
2779 2571 2839 2625 in
2870 2572 2956 2627 bis
2991 2581 3178 2627 sancta
3214 2575 3458 2644 synodus

1885 2671 2043 2717 vocat
2079 2676 2276 2732 papam
2312 2678 2492 2719 aurea:
2541 2662 2664 2719 fidei
2696 2673 2902 2720 catenae
2949 2673 3374 2729 asservatorvm,
3402 2677 3462 2722 et

1885 2755 2031 2812 Petri
2080 2756 2230 2810 vocis
2283 2756 2677 2826 interpretem;
2727 2765 2784 2813 et
2842 2756 3006 2813 ﬁdem
3078 2759 3158 2812 ait
3207 2774 3327 2814 esse
3403 2761 3456 2815 in

1884 2861 2023 2917 papa
2057 2845 2306 2903 veritatis
2353 2845 2752 2904 hereditatem.
2790 2849 2857 2902 Et
2907 2848 3070 2914 infra,
3121 2850 3212 2904 ubi
3276 2867 3458 2906 sermo

1881 2948 1970 2995 est
1998 2939 2066 2994 de
2099 2939 2351 2996 Patribus
2402 2940 2638 3012 synodi:
2685 2960 2704 2994 ι
2738 2941 2946 3008 Quibus
2976 2951 3056 3008 tu,
3101 2943 3302 3012 inquit,
3347 2943 3458 2998 dux

1882 3048 2031 3099 eras,
2068 3041 2127 3087 ut
2159 3043 2322 3104 caput
2371 3033 2654 3099 membris,
2703 3033 2757 3088 in
2793 3032 2860 3088 iis
2888 3034 2981 3103 qui
3009 3043 3128 3089 tuas
3157 3050 3322 3091 voces
3368 3051 3462 3107 ge-

227 3130 496 3200 κατωτέρω
545 3129 687 3200 περὶ
753 3131 854 3200 τῆς
906 3129 1238 3200 όμηγύρεως
1298 3133 1409 3185 τῶν
1460 3132 1776 3187 ἐπισκόπων

1887 3126 2083 3181 rebant
2113 3125 2554 3182 benevolentiam
2607 3125 2925 3197 praeferens.
2955 3147 2977 3180 ι
3024 3127 3083 3183 In
3133 3129 3219 3184 his
3273 3141 3462 3186 sancta

225 3215 309 3286 τῆς
336 3217 490 3285 ἁγίας
537 3218 725 3272 αὐτῶν
776 3219 998 3272 συνόδου
1046 3219 1357 3290 γράφουσιν
1401 3220 1452 3274 oi
1498 3221 1776 3292 Πατέρεςο

231 3325 250 3358 ι
281 3301 369 3362 Ὠν
416 3310 478 3364 σὺ
531 3311 642 3382 μὲν
683 3311 762 3375 ὡς
803 3310 1017 3383 κεφαλὴ
1081 3311 1660 3384 μελῶνσήγεμόνευες,
1721 3317 1781 3368 ἐν

226 3399 321 3461 τοῖς
346 3399 439 3472 τὴν
472 3401 570 3472 σὴν
600 3402 762 3466 τάξιν
787 3401 1050 3472 ὲπέχουσι
1080 3401 1181 3472 τὴν
1227 3399 1446 3456 εὕνοιαν
1473 3403 1778 3457 ἐπιδεικνύ-

227 3505 404 3556 μενος·
439 3511 459 3544 ι
503 3493 592 3546 Ἔν
634 3493 845 3559 τούτοις
875 3496 914 3565 η
938 3493 1073 3562 ἁγία
1115 3493 1336 3558 σύνοδος
1385 3494 1645 3564 ὁμολογεῖ
1685 3495 1778 3550 τὸν

227 3575 394 3638 πάπαν
447 3586 718 3656 κεφαλὴν,
770 3587 898 3652 τοὺς
955 3587 1153 3652 ἄλλους
1208 3588 1549 3652 ἐπισκόπους
1614 3587 1774 3659 μέλη.

228 3679 393 3750 Παρῆν
423 3681 478 3734 δὲ
501 3682 558 3736 ὲν
580 3681 774 3752 ἐκείνῃ
805 3683 872 3752 τῇ
901 3679 1114 3752 συνόδῳ
1137 3682 1239 3735 καὶ
1275 3681 1590 3746 Ἀνατόλιυς
1618 3682 1771 3735 Κωνο

228 3755 731 3835 σταντινουπόλεως,
797 3771 894 3824 καὶ
951 3771 1207 3840 Μάξιμος
1277 3770 1632 3842 ’Δντιοχείαςν
1684 3771 1778 3826 καὶ

235 3859 564 3927 Ἰουσεναλιος
613 3862 1026 3933 Ἱεροσολύμων.
1070 3864 1182 3916 Καὶ
1209 3864 1512 3934 κατωτέρω
1538 3879 1556 3897 ⁹
1594 3882 1612 3916 t
1667 3865 1778 3917 Καὶ

228 3950 346 4019 πρὸς
383 3955 596 4019 τούτοις
643 3955 850 4009 ἅπασιν
901 3953 984 4007 ἔτι
1038 3955 1134 4008 καὶ
1173 3956 1296 4009 κατ’
1327 3953 1502 4010 αὐτοῦ
1531 3954 1628 4008 τοῦ
1673 3954 1777 4024 τῆς

227 4043 444 4112 ἀμπέλου
482 4047 584 4118 τὴν
645 4047 894 4117 φυλακὴν
945 4046 1099 4117 παρὰ
1145 4045 1240 4100 τοῦ
1284 4047 1539 4118 Σωτῆρος
1590 4048 1777 4100 ἐπιτε-

226 4139 514 4206 τραμμένον
561 4138 672 4209 τὴν
731 4137 934 4207 μανίαν
983 4137 1247 4203 ἐξέτεινε,
1277 4135 1514 4206 λέγομεν
1558 4135 1626 4206 δὴ
1676 4136 1777 4206 τῆς

229 4227 314 4296 σῆς
349 4231 650 4302 ὁσιότητος.
692 4249 716 4284 ι
747 4232 836 4284 Ἐν
877 4229 1093 4294 τούτοις
1116 4231 1153 4301 ἡ
1182 4228 1318 4299 ἁγία
1352 4227 1570 4292 σύνοδος
1598 4229 1778 4298 ἄμπε-

228 4317 304 4373 λον
332 4323 698 4393 εὐαγγελικῶς
744 4325 846 4395 τὴν
885 4322 1246 4393 Ἐκκλησίαν,
1274 4320 1665 4391 ἀμπελουργόν
1693 4320 1778 4373 λέ-

227 4425 300 4477 γει
318 4413 401 4467 τὸν
424 4415 638 4481 πάπαν,
680 4419 829 4482 παρὰ
857 4413 950 4466 τοῦ
980 4411 1234 4482 Σωτῆρος
1273 4408 1514 4478 Χριστοῦ
1540 4408 1775 4462 λαϐόντα

227 4502 311 4575 τὴν
339 4506 776 4577 ἀμπελουργίαν.
810 4505 920 4557 Καὶ
953 4504 1252 4576 κατωτέρω
1276 4517 1290 4531 '
1329 4521 1348 4554 ι
1388 4500 1776 4570 Πεπεισμένοι,

226 4593 288 4658 ὡς
316 4597 405 4668 τῆς
448 4597 819 4665 ἁποστολικῆς
853 4594 984 4652 παρ’
1011 4593 1140 4664 ὑμῖν
1184 4592 1492 4664 κρατούσης
1539 4593 1780 4659 ἀκτῖνος,

227 4691 309 4741 καὶ
360 4693 446 4745 ἐπὶ
511 4695 615 4763 τὴν
675 4691 734 4744 ἐν
803 4687 1387 4743 Κωνσταντινουπόλει
1449 4684 1781 4755 Ἐκκλησίαν

227 4781 448 4852 συνήθως
478 4783 770 4855 κηδόμενοι
803 4781 1064 4843 πολλάκις
1114 4778 1319 4848 ταύτην
1348 4777 1665 4848 ηπλώσατε,
1691 4777 1780 4829 διὰ

226 4873 277 4924 τὸ
303 4875 524 4944 ἄφθονον
557 4877 827 4946 ὑπάρχειν
861 4876 993 4946 ἡμῖν
1020 4873 1120 4942 τὴν
1159 4873 1268 4926 τῶν
1301 4871 1522 4925 οἰκείων
1553 4869 1777 4939 ἀγαθῶν

230 4969 344 5035 πρός
391 4971 513 5035 τοὺς
542 4971 802 5041 γνησίους
855 4968 1172 5040 μετάδοσιν.
1210 4985 1228 5018 ι
1267 4967 1376 5020 Καὶ
1440 4967 1771 5033 κατωτέρω·

231 5077 248 5108 t
278 5060 496 5131 Εἱδότες,
537 5064 612 5128 ὡς
693 5065 807 5117 πᾶν
851 5063 1004 5132 παρὰ
1052 5059 1162 5114 τῶν
1212 5059 1424 5113 τέκνων
1488 5061 1777 5129 γινόμενον

229 5155 534 5230 κατόρθωμα
581 5160 660 5223 είς
708 5157 835 5221 τοὺς
881 5157 1292 5225 οίκειουμένους
1345 5155 1598 5225 Πατέρας
1642 5154 1776 5208 ἀνα-

1883 3218 2129 3291 synodus
2179 3217 2382 3275 fatetur
2418 3234 2612 3290 papam
2675 3227 2864 3288 caput,
2896 3230 3127 3275 caeteros
3166 3222 3460 3292 episcopos

1885 3309 2151 3366 membra.
2189 3309 2430 3365 Aderant
2481 3321 2664 3366 autem
2699 3309 2754 3364 in
2794 3309 2883 3364 illa
2931 3311 3140 3381 synodo
3168 3311 3460 3368 Anatolius

1881 3398 2546 3470 Constantinopolitanus,
2613 3399 2885 3456 Maximus
2931 3399 3334 3468 Antiochenus,
3397 3412 3455 3458 et

1877 3491 2162 3547 Iuvenalis
2193 3489 2741 3563 Hierosolymitanus.
2778 3492 2843 3548 Et
2868 3492 3008 3548 infra
3043 3509 3058 3548 :
3091 3512 3110 3546 ι
3147 3493 3214 3549 Ει
3239 3494 3310 3549 ad
3339 3494 3457 3550 haec

1884 3583 2068 3639 omnia
2108 3583 2334 3653 insuper
2361 3591 2418 3639 et
2443 3593 2638 3640 contra
2666 3585 2869 3654 ipsum,
2893 3583 2979 3640 cui
3016 3585 3188 3642 virete
3209 3585 3458 3641 custodia

1883 3692 1915 3732 a
1959 3676 2242 3734 Salvatore
2297 3677 2592 3734 commissa
2649 3677 3035 3745 est,'extendit
3073 3676 3375 3746 insaniam,
3406 3679 3460 3733 id

1882 3780 1968 3826 est
2004 3780 2196 3828 contra
2249 3779 2395 3826 tuam
2438 3771 2846 3842 (apostolicam)
2888 3772 3279 3828 sanctitatem:
3321 3791 3340 3826 ι
3398 3782 3464 3827 ιιι

1879 3863 2111 3920 Lati-nus
2138 3866 2410 3934 interpres
2440 3863 2591 3933 legit.
2626 3862 2684 3918 In
2713 3863 2798 3919 bis
2845 3872 3031 3919 sancta
3063 3865 3306 3935 synodus
3356 3866 3458 3921 Ec-

1879 3939 2105 4012 clesiam
2136 3956 2452 4027 evangelice
2483 3956 2697 4011 vineam
2728 3966 2928 4021 vocat,
2969 3957 3255 4011 custodem
3287 3958 3461 4012 vinea:

1879 4062 2098 4117 papam,
2128 4058 2185 4104 et
2205 4047 2583 4118 praefecturam
2626 4049 2769 4104 hanc
2801 4062 2926 4102 esse
2957 4047 3137 4118 inquit
3167 4049 3242 4102 illi
3275 4047 3458 4103 datam

1880 4155 1911 4196 a
1936 4139 2180 4196 Christo.
2213 4141 2284 4196 Et
2329 4141 2471 4196 infra
2509 4157 2524 4197 :
2563 4161 2583 4195 ι
2614 4142 2780 4199 Plane
2815 4143 3053 4198 scientes
3096 4143 3456 4212 apostoliCnm

1880 4234 1936 4289 in
1959 4234 2116 4290 vobis
2144 4234 2367 4305 quidem
2401 4233 2612 4289 radium
2640 4249 2794 4290 suam
2827 4235 3015 4290 sedem
3048 4234 3255 4290 habere
3275 4253 3290 4300 ;
3309 4251 3454 4306 saepe

1879 4341 2012 4383 vero
2037 4328 2106 4382 ad
2151 4325 2826 4397 Constantinopolitanam
2880 4342 3104 4397 quoque
3150 4327 3452 4383 Ecclesian.

1887 4433 2041 4474 more
2063 4427 2247 4473 vestro
2307 4433 2498 4473 curam
2556 4427 2813 4488 gerentes
2847 4417 2998 4472 illum
3044 4419 3334 4488 sparsisse,
3391 4435 3458 4474 eo

1885 4508 2034 4578 quod
2095 4508 2498 4564 cousueveritis
2563 4507 2840 4563 bonorum
2920 4518 3230 4563 vestrorum
3289 4511 3460 4580 parti-

1879 4599 2156 4669 cipatione
2212 4599 2369 4655 vobis
2425 4601 2752 4669 conjunctos
2809 4600 3028 4654 abunde
3083 4599 3282 4656 ditare.
3321 4620 3339 4653 ι
3394 4603 3461 4656 Ει

1881 4690 2064 4747 infra:
2122 4711 2140 4744 ι
2189 4690 2592 4763 Αειιοεςειιιεε,
2644 4706 2807 4746 omne
2850 4693 3128 4762 egregium
3199 4701 3455 4746 natorum

1877 4782 2083 4839 factum
2137 4798 2422 4839 recurrere
2459 4784 2526 4840 ad
2571 4786 2826 4854 proprios
2870 4794 3146 4854 parentes.
3179 4784 3458 4853 Rogamus

1846 4876 2067 4952 'igitur,
2110 4877 2334 4932 decreto
2366 4885 2459 4932 tuo
2513 4885 2761 4931 nostrum
2815 4876 3021 4929 hOINil‘a
3059 4876 3352 4947 judicium,
3405 4885 3461 4931 et

1879 4970 2022 5024 sicut
2058 4983 2155 5025 nos
2205 4969 2372 5039 capiti
2404 4983 2732 5023 consensum
2770 4967 3106 5037 prmbuiinus
3137 4967 3189 5020 in
3227 4984 3284 5021 re
3317 4983 3456 5038 pra:-

1878 5062 2046 5130 clara,
2081 5063 2157 5118 ita
2209 5072 2266 5118 et
2308 5073 2496 5118 vertex
2529 5061 2841 5135 adimpleat_
2858 5060 2983 5114 ﬁliis
3014 5059 3160 5130 quod
3191 5059 3454 5115 decorum

1878 5164 1984 5210 est.
2025 5173 2044 5206 ι

228 5249 422 5318 τρέχει·
489 5253 920 5324 παρακαλοῦμεν
973 5252 1174 5316 τοίνυν,
1224 5251 1454 5321 τίμησον
1509 5251 1604 5302 καὶ
1645 5252 1766 5313 ταῖς
1807 5252 1926 5313 σαῖς
1974 5251 2178 5322 ψήφοις
2226 5251 2324 5322 τὴν
2401 5251 2619 5321 κρίσιν’
2655 5252 2751 5302 καὶ
2784 5248 2978 5319 ὥσπερ
3029 5249 3188 5318 ἡμεῖς
3258 5253 3325 5322 τῇ
3368 5268 3457 5304 xs-

228 5341 352 5411 φα)εῇ
381 5344 476 5414 τὴν
513 5349 569 5398 ἐν
602 5348 713 5407 τοῖς
780 5346 966 5408 καλοῖς
1005 5344 1324 5416 συμφωνίαν
1390 5342 1838 5414 εἰσενηνόχαμεν,
1879 5343 2023 5397 οὕτω
2067 5347 2161 5398 καὶ
2212 5347 2244 5415 ἡ
2306 5342 2518 5415 κορυφὴ
2566 5345 2676 5407 τοῖς
2728 5345 2916 5397 παισὶν
2961 5345 3353 5417 ἀναπληρώσει
3401 5346 3458 5399 τὸ

230 5451 434 5502 πρεπον.
476 5460 494 5492 ι

299 5531 377 5583 Ἐν
407 5534 669 5606 τούτοις-ί)
699 5535 829 5605 ἁγία
876 5532 1094 5596 σύνοδος
1127 5533 1381 5603 ὁμολογεῖ
1413 5532 1513 5602 τὴν
1545 5533 1779 5585 ἀποστοο

229 5619 364 5694 λικὴν
392 5627 577 5682 ἀκτῖνα
608 5632 666 5683 ὲν
692 5629 768 5700 τῷ
800 5628 960 5698 πάπᾳ.
997 5621 1404 5697 καθιδρυμένην
1455 5623 1775 5690 ἁπλωοῆναι

230 5715 463 5784 πολλάκις
521 5724 614 5776 καὶ
669 5724 748 5786 είς
799 5718 1422 5774 Κυ›νσταντινούπολινὀ
1475 5718 1570 5770 καὶ
1629 5717 1775 5769 ὃτιὸ

231 5801 538 5875 mam
571 5816 780 5888 κεφαλῆ
815 5817 912 5884 τῆς
955 5813 1288 5882 Ἐκκλησῖας
1325 5811 1571 5883 τιιαιδτηι
1606 5811 1664 5875 ἐξ
1707 5807 1773 5881 ἧς

418 5918 681 5980 Ρλτιιυι.
720 5921 836 5981 (lu.
875 5917 1146 5980 CXLIX.

1956 5531 2012 5584 in
2043 5531 2128 5584 his
2178 5538 2364 5584 sancta
2419 5531 2659 5600 synodus
2711 5528 2938 5595 fatetur,
2981 5527 3340 5596 apostolicum
3369 5545 3457 5581 ra-

1884 5626 2034 5683 dium
2069 5639 2187 5678 esse
2230 5624 2285 5676 in
2329 5638 2464 5692 papa
2497 5621 2822 5676 collocatum
2870 5629 2926 5675 et
2967 5621 3094 5675 inde
3125 5637 3266 5690 sepe
3305 5619 3455 5676 Cult-

1883 5713 2294 5781 stantinoliolim
2345 5727 2464 5766 sese
2517 5710 2750 5775 fudisse,
2815 5721 2870 5766 et
2925 5726 3119 5782 papam
3173 5727 3294 5766 esse
3352 5713 3456 5765 tale

1883 5817 2046 5879 Caput
2074 5805 2348 5877 Ecclesite,
2386 5815 2444 5862 ut
2465 5820 2529 5861 ex
2562 5820 2626 5861 eo
2654 5806 2892 5876 pendeat
2927 5804 3101 5860 honor
3133 5814 3186 5861 et
3236 5807 3454 5877 privile-

2985 5905 3061 5966 2's
