3816 6568
520 514 630 581 763

519 633 826 687 Orientales
879 647 989 687 non
1045 631 1367 702 reiecissent
1444 642 1699 701 tauquam
1762 631 2093 693 hmreticam,

521 722 856 776 recentiores
912 736 1104 776 eorum
1183 721 1420 792 theologi
1498 719 2093 789 Constantinopolitani

480 829 804 890 _nunquam
847 813 1081 870 fuissent
1135 814 1430 869 commenti
1489 825 1856 868 monstrosum
1895 811 2091 880 dogma

517 920 585 958 ex
614 903 798 959 verbis
845 913 1014 959 sexta:
1055 903 1251 974 synodi
1291 903 1428 958 bene
1461 903 1530 956 ab
1555 917 1618 957 ea
1667 901 1918 974 prolatis.
1953 901 2089 955 Cum

517 997 664 1051 enim
699 1006 849 1049 sexta
880 996 1122 1067 synodus
1157 995 1246 1065 pie
1277 994 1481 1048 dixerit
1537 994 1672 1048 duas
1707 1009 1828 1048 esse
1864 1003 2090 1047 natura-

517 1089 601 1143 les
628 1088 958 1151 voluntates,
1017 1095 1072 1142 et
1131 1087 1271 1142 duas
1301 1085 1584 1141 naturales
1633 1085 1983 1154 operationes
2034 1084 2092 1140 in

520 1195 632 1232 uno
675 1179 917 1242 Christo,
942 1177 1281 1233 recentiores
1334 1175 1414 1230 illi
1449 1174 1660 1246 opinati
1695 1183 1847 1241 sunt,
1897 1190 2093 1245 opera-

519 1269 696 1324 tiones
735 1285 764 1323 a
817 1268 1080 1340 subjectis
1103 1282 1290 1322 earum
1330 1267 1451 1337 pari
1486 1267 1651 1323 modo
1688 1267 1953 1340 distingui
1983 1284 1997 1321 :
2033 1278 2092 1323 ut

518 1360 980 1432 quemadmodum
1017 1361 1072 1415 in
1100 1359 1356 1414 humanis
1386 1359 1534 1414 aliud
1579 1369 1794 1423 natura,
1833 1360 1982 1414 aliud
2010 1368 2094 1415 est

518 1454 765 1522 operatio
819 1461 1050 1514 naturae,
1089 1453 1164 1507 ita
1196 1452 1361 1506 etiam
1433 1453 1490 1507 in
1542 1451 1746 1509 divinis
1817 1452 1966 1507 aliud
2020 1453 2093 1509 sit

518 1546 703 1600 disina
744 1545 1002 1608 essentia,
1039 1544 1188 1598 aliud
1239 1545 1490 1611 operatio
1539 1545 1760 1609 divina;
1802 1546 1944 1601 male
2002 1563 2104 1602 acc.

519 1637 692 1706 ceptls
738 1647 903 1692 sextae
961 1635 1155 1708 synodi
1209 1636 1420 1703 verbis,
1457 1652 1578 1707 quae
1621 1647 1770 1692 recte
1829 1647 2095 1694 statuerat

520 1729 659 1783 duas
718 1729 996 1784 naturales
1048 1729 1416 1799 operationes.
1481 1729 1574 1784 lll'x
1624 1739 1807 1784 tamen
1858 1744 1968 1783 non
2018 1731 2093 1785 ita

519 1823 822 1877 sentientes
869 1833 1068 1877 vocant
1118 1823 1504 1892 blasphemus,
1567 1833 1626 1878 ut
1683 1824 1872 1880 videre
1900 1836 1984 1879 est
2039 1825 2090 1878 in

517 1929 710 1968 eorum
765 1915 1068 1984 synodico,
1129 1915 1274 1985 quod
1321 1915 1510 1986 legunt
1569 1917 1744 1987 prima
1809 1917 2091 1971 Dominica

519 2005 977 2077 Quadragesimze.
1019 2006 1174 2062 Falso
1202 2007 1374 2079 igitur
1422 2007 1580 2072 dicis,
1611 2007 1747 2071 Nile,
1779 2006 2082 2061 Honorium

517 2097 573 2150 in
603 2096 707 2152 ilde
733 2113 967 2155 errasse.
991 2098 1046 2153 Si
1077 2115 1206 2155 vero
1241 2099 1785 2170 qumras,Cnrigitur
1821 2115 1850 2154 a
1878 2101 2088 2171 synodo

519 2189 809 2245 damnatus
837 2191 958 2246 est?
995 2191 1314 2266 damnatum
1362 2192 1618 2257 dicimus,
1653 2193 1748 2248 sed
1795 2207 1825 2246 a
1879 2192 2086 2263 synodo

516 2281 800 2351 acephala,
831 2282 961 2338 solis
1003 2283 1257 2338 videlicet
1294 2283 1688 2348 Orientalibus,
1713 2299 1863 2353 papa:
1893 2284 2086 2354 legatis

519 2373 652 2427 nihil
680 2374 745 2428 ad
773 2372 875 2429 hbc
915 2375 1347 2432 conferentibus.
1386 2375 1540 2443 Quod
1574 2376 1861 2430 evidenter
1891 2375 2086 2444 proba-

520 2475 608 2518 tur
658 2479 724 2520 ex
755 2465 987 2534 epistola
1023 2467 1322 2537 Agathonis
1367 2483 1518 2537 papa:
1565 2477 1673 2522 act.
1710 2483 1763 2521 IV
1794 2475 1962 2536 sexta:
2001 2482 2088 2537 sy-

520 2556 670 2610 nodi.
704 2556 840 2611 Cum
887 2558 1034 2612 enim
1084 2559 1459 2628 suspicaretur
1492 2574 1650 2630 papa,
1685 2559 1832 2629 quod
1898 2569 2083 2629 postea

517 2647 720 2712 evenit,
753 2649 1027 2720 sciretque
1054 2651 1198 2720 quod
1228 2651 1306 2705 ait
1340 2661 1563 2706 sanctus
1587 2650 1878 2716 Maximus,
1910 2662 1971 2706 ut
2001 2652 2087 2706 di-

515 2749 665 2794 ctum
702 2749 807 2803 est,
849 2742 904 2796 in
934 2758 1034 2797 suo
1070 2743 1314 2814 Dialogo,
1341 2752 1398 2799 et
1426 2741 1568 2798 fama
1618 2743 1895 2814 vulgatum
1943 2755 2086 2812 erat,

517 2832 1160 2905 ConstantinOpolitanos
1215 2851 1508 2892 numerare
1585 2836 1889 2892 Honorium
1945 2839 2086 2894 inter

517 2919 924 2990 Monothelitas,
979 2927 1086 2981 duo
1114 2927 1270 2992 dicit,
1324 2943 1449 2999 quae
1484 2927 1552 2984 ad
1605 2928 1711 2986 hoc
1769 2929 1980 2986 faciunt
2030 2933 2085 2985 in

516 3014 747 3082 epistola
802 3023 868 3070 ad
920 3018 1329 3086 imperatores:
1380 3038 1399 3072 ι
1430 3019 1729 3091 Propterea
1781 3022 2084 3086 licentiam,

517 3103 634 3158 sive
662 3107 1040 3161 auctoritatem
1076 3108 1268 3177 legatis
1316 3108 1570 3165 dedimus
1618 3110 1764 3181 apud
1793 3113 2085 3168 serenissi-

515 3210 665 3249 tnnm
717 3206 957 3251 vestrum
1016 3199 1332 3268 imperium,
1365 3208 1425 3253 ut
1484 3201 1814 3272 simpliciter
1863 3202 2086 3259 satisfa-

1684 515 2052 577 MATTlLEI
2089 515 2622 575 CAllYOFIlYLLl

3611 520 3678 585 iii

2125 631 2170 687 A
2202 629 2287 682 xei.
2318 629 2392 699 μὴ
2423 629 2498 692 ὡς
2529 627 2818 698 αἱρετικῆν
2872 627 3229 692 ἁπεϐἇλοντο,
3283 627 3383 681 οὑκ
3433 629 3490 682 ἂν
3535 633 3571 682 οι
3617 653 3678 703 με.

2191 721 2572 789 ταγενέστεροι
2622 719 2732 772 τῶν
2777 721 2834 772 ἐν
2898 719 3177 790 Βυζαντίῳ
3237 719 3594 786 θεολογούντων
3642 730 3680 779 ἐκ

2190 814 2298 866 τῶν
2383 812 2566 875 καλῶς
2629 815 2697 882 τῇ
2778 811 2912 882 ἕκτῃ
2986 812 3192 881 συνόδῳ
3270 812 3532 880 ῥηθέντων
3566 816 3682 886 δόγμα

2191 905 2482 960 ἀλλόκοτον
2567 901 3012 972 ἐφαντάσθησαν.
3101 902 3380 969 Εἰποῦσης
3455 903 3546 971 γὰρ
3586 907 3683 957 εὖτε.

2193 999 2303 1062 ϐῶς
2325 999 2423 1068 τῆς
2455 997 2624 1066 ἕκτης
2673 997 2896 1050 συνόδου
2945 995 3042 1050 δύο
3089 995 3298 1063 φυσικὰ
3338 994 3588 1063 θελήματα
3623 1004 3683 1050 ni

2191 1091 2284 1146 δύο
2325 1095 2563 1160 φυσικὰς
2615 1090 2897 1160 ἐνεργείας
2945 1090 3002 1142 ἐν
3034 1087 3114 1156 τῷ
3165 1071 3248 1140 ἐνί
3287 1086 3521 1156 Χριστῷ.
3551 1089 3685 1142 ἐκεῖνοι

2193 1182 2394 1248 ἐπίσης
2439 1180 2699 1248 ἐνόμισαν
2739 1179 2842 1242 τὰς
2897 1177 3180 1249 ἐνεργείας
3227 1177 3343 1230 τῶν
3393 1176 3688 1243 ὑποκειμένων

2193 1273 2387 1336 αὑταῖς
2438 1271 2838 1342 διακρίνεσθαι,
2873 1271 2970 1324 καὶ
2994 1269 3182 1337 ὥσπερ
3217 1268 3314 1322 ἐπὶ
3363 1267 3471 1320 τῶν
3497 1269 3691 1338 ἀνθρωπῇ

2192 1383 2302 1418 νων
2350 1365 2544 1435 ἇλλοή
2579 1364 2763 1433 φύσις,
2829 1362 2958 1416 ἄλλο
3012 1361 3046 1433 ή
3088 1360 3343 1432 ἐνέργεια
3401 1360 3496 1428 τῆς
3525 1363 3688 1427 φύσεως,

2191 1456 2336 1510 οὕτω
2367 1456 2461 1508 καὶ
2491 1455 2586 1507 ἐπὶ
2611 1455 2729 1507 τῶν
2753 1453 2915 1506 θείων
2948 1452 3079 1507 ἄλλο
3123 1447 3264 1504 εἶναι
3294 1449 3398 1519 τὴν
3444 1451 3614 1513 οὐσίαν,
3633 1457 3690 1505 καὶ

2193 1545 2322 1599 ἄλλο
2350 1545 2450 1615 τὴν
2490 1544 2642 1599 θείαν
2674 1545 2988 1612 ὲνέργειανο
3023 1542 3123 1606 τὰς
3171 1542 3429 1612 ἀφορμὰς
3468 1543 3689 1604 nauigii:-

2192 1639 2451 1702 λαϐόντες
2499 1637 2647 1706 παρὰ
2691 1638 2790 1704 τῆς
2841 1635 3012 1706 ἕκτης
3071 1633 3316 1698 συνόδου,
3365 1634 3690 1702 acutarum;

2193 1731 2366 1802 ὀρθῶς
2399 1731 2495 1784 δύο
2531 1730 2767 1800 φυσικὰς
2827 1731 3149 1798 ἐνεργείας·
3198 1727 3325 1780 ὅθεν
3380 1726 3474 1777 καὶ
3511 1728 3607 1788 τοὺς
3643 1729 3690 1796 μὴ

2193 1826 2337 1878 οὑτω
2367 1821 2699 1893 φρονοῦντας
2723 1819 2947 1875 καλοῦσι
2976 1818 3356 1890 βλασφήμους,
3377 1816 3452 1879 ὡς
3470 1817 3589 1870 ἐστιν
3606 1819 3690 1870 ἰδεῖν

2197 1920 2256 1970 ἐν
2283 1916 2364 1986 τῷ
2391 1913 2894 1983 ἀναγινωσκομένῳ
2920 1911 3104 1966 αὑτῶν
3128 1909 3394 1978 συνοδικῷ
3419 1911 3482 1978 τῇ
3509 1910 3688 1980 κυριακῇ

2123 1977 2162 2031 Β
2191 2008 2290 2074 τῆς
2332 1977 2684 2074 ’ὀρθοδοξίαᾳ
2721 1977 2878 2057 (idem
2925 2003 3027 2073 μέν
3065 2002 3162 2055 οῦν
3205 1977 3412 2070 ψευδής
3470 1977 3689 2066 ἇπελῄλεγλ

2191 2098 2319 2152 κταί
2378 2114 2494 2160 σου,
2530 2097 2712 2160 Νεῖλε,
2749 2096 2782 2164 ἠ
2820 2095 2997 2165 ῥῆσις,
3025 2093 3110 2148 ὅτι
3149 2092 3415 2162 Ὀνώριος
3454 2091 3547 2146 τῶν
3569 2091 3688 2160 ὀρθῶν

2188 2188 2352 2258 ἐξέϐη
2383 2187 2698 2258 δογμάτων.
2732 2187 2796 2239 Ei
2850 2184 2906 2238 δὲ
2938 2184 3148 2254 ζητεῖς,
3200 2183 3326 2246 Πῶς
3355 2179 3450 2237 οῦν
3489 2183 3606 2252 παρὰ
3626 2187 3687 2248 τῆς

2190 2281 2409 2334 συνόδου
2473 2280 2970 2350 ἀποκεκήρυκται;
3039 2277 3494 2348 ἀποκεκηρύχθαι
3544 2277 3685 2344 φαμὲν,

2186 2371 2322 2424 ἀλλὰ
2354 2371 2478 2442 παρ’
2514 2371 2786 2440 ἀκεφάλου
2815 2370 2916 2440 τῆς
2948 2371 3190 2434 συνόδου,
3219 2371 3399 2438 μόνων
3427 2369 3596 2438 δηλαδὴ
3616 2370 3683 2420 τῶν

2189 2464 2545 2522 ἀνατολικῶν.
2583 2463 2752 2534 μηδὲν
2798 2464 2935 2532 πρὸς
2967 2461 3127 2515 τοῦτο
3173 2460 3686 2532 συμϐαλλομένωντώ

2191 2561 2346 2614 πάπα
2388 2559 2499 2612 τῶν
2549 2557 2834 2630 πρέσϐεων
2859 2572 2875 2588 ο
2909 2557 3004 2610 καὶ
3035 2555 3228 2609 τούτου
3281 2555 3506 2624 ἐναργὴς
3529 2544 3688 2608 dixiin.

2189 2653 2272 2720 εις
2307 2653 2340 2723 ὴ
2396 2650 2656 2720 ἐπιστολὴ
2700 2648 2796 2702 τοῦ
2837 2649 2998 2702 πάπα
3031 2647 3339 2715 Ἀγάθωνος
3375 2647 3516 2698 κατα
3537 2648 3611 2713 τὴν
3634 2665 3689 2698 τε-

2187 2745 2393 2814 τάρτην
2414 2741 2515 2812 τῆς
2541 2740 2706 2814 ἐκτης
2734 2740 2955 2795 συνόδου
2992 2740 3210 2809 πρᾶξιν.
3245 2738 3600 2806 Ὑφορώμενος
3620 2739 3687 2805 γὰρ

2186 2837 2246 2889 τὸ
2271 2836 2461 2905 μέλλον
2508 2837 2536 2890 ό
2571 2835 2774 2899 παπας,
2821 2833 2920 2887 καὶ
2963 2831 3118 2894 εἰδὼς
3155 2827 3246 2885 οἷα
3306 2829 3686 2900 περιήγγελλεδὴ

2189 2931 2370 2997 φήμη,
2404 2928 2487 2982 ὅτι
2523 2926 2784 2998 Ὀνώριον
2826 2925 2878 2978 oi
2913 2922 3535 2979 Κωνσταντινουπολὶται
3556 2924 3600 2972 ὲν
3616 2924 3688 2981 τοῖς

2189 3020 2599 3092 Μονοθελήταις
2647 3018 2938 3090 ὴρίθμουν,
2999 3018 3073 3080 ὡς
3112 3015 3365 3077 εἰπόντες
3397 3015 3610 3082 ἑφθημεν
3651 3017 3688 3065 ἐκ

2187 3113 2284 3181 τῆς
2332 3110 2622 3176 διαλέξεως
2674 3109 2768 3162 τοῦ
2812 3109 2962 3161 ὁσίου
2994 3106 3252 3175 Μαξίμου
3276 3121 3290 3135 ·
3327 3105 3422 3157 δύο
3459 3107 3565 3155 τινα
3589 3103 3690 3169 λέγει

2190 3201 2326 3272 πρὸς
2357 3200 2518 3254 τοῦτο
2545 3201 2781 3270 ἁρμόδια
2822 3201 2880 3251 ἐν
2917 3201 2983 3268 τῇ
3014 3196 3148 3270 πρὸς
3179 3197 3307 3257 τοὺς
3345 3195 3580 3264 βασιλέας
3615 3197 3691 3244 ἑπι-

515 3287 664 3341 eiant
698 3287 754 3341 in
787 3298 1052 3357 quantum
1083 3292 1165 3346 eis
1207 3291 1477 3347 duntaxat
1531 3293 1840 3363 injunctum
1877 3305 1987 3362 est,
2026 3305 2083 3352 ut

2190 3290 2352 3362 στολῇ
2374 3308 2388 3322 ·
2425 3309 2445 3344 ι
2480 3291 2682 3360 Διόπερ
2712 3289 2924 3352 ἄδειαν,
2955 3288 3124 3360 ῆγουν
3175 3286 3483 3350 αὑθεντίαν,
3521 3283 3686 3336 δεδώκα-

515 3377 654 3432 nihil
713 3380 956 3450 profecto
1003 3391 1337 3452 praesumant
1383 3384 1604 3450 addere,
1669 3385 1944 3450 minuere,
1993 3395 2086 3442 aut

516 3479 754 3526 mutare.
790 3490 808 3523 ι
841 3473 908 3527 Et
967 3473 1145 3529 intra:
1186 3493 1204 3528 ι
1240 3475 1367 3532 Haec
1395 3477 1656 3547 spiritalis
1705 3487 1882 3533 mater
1915 3478 2083 3533 vestri

517 3564 850 3618 serenissimi
908 3565 1486 3635 imperii,apostolica
1547 3567 1751 3624 Christi
1810 3567 2081 3634 Ecclesia,

516 3665 638 3719 qum
669 3666 766 3720 per
797 3653 890 3708 Dei
919 3655 1307 3725 omnipotentis
1349 3653 1641 3728 gratiam‘a
1673 3659 1893 3713 tramite
1953 3673 2084 3728 apo-

516 3744 721 3798 stulicze
779 3745 1096 3802 traditionis
1143 3762 1418 3817 nunquam
1473 3764 1684 3804 errasse
1735 3749 2080 3818 probabitur,

516 3849 618 3888 nec
644 3834 914 3890 ltasreticis
938 3838 1272 3893 novitatibus
1299 3839 1590 3908 depravata
1617 3841 1908 3895 succubuit
1934 3857 1950 3907 ;
1985 3840 2100 3896 sed'

518 3935 577 3979 ut
605 3926 674 3980 ab
703 3927 929 3982 exordio
977 3928 1100 3984 ﬁdei
1130 3928 1458 3984 Christiana:
1507 3930 1752 4001 percepit
1781 3931 1849 3985 ab
1894 3941 2082 3987 aucto-

517 4017 671 4070 ribus
699 4017 815 4072 snis
847 4020 1215 4088 apostolorum
1258 4019 1463 4076 Christi
1496 4021 1836 4090 principibus
1877 4021 2082 4077 illibata

520 4124 690 4178 usque
719 4109 785 4164 ad
820 4110 980 4164 tinem
1009 4121 1313 4180 permanet,
1336 4112 1640 4166 secundum
1673 4113 1846 4183 ipsius
1866 4112 2082 4168 Domini

515 4201 823 4289 Salvatoris
862 4202 1101 4256 divinant
1150 4205 1611 4272 promissionem;
1652 4221 1814 4274 quam
1850 4221 2078 4262 suorum

515 4294 908 4362 diseipulorum
944 4296 1177 4366 principi
1207 4296 1260 4351 in
1294 4297 1604 4368 Evangeliis
1637 4298 2079 4369 fecitinquiens:

515 4385 692 4449 Pctre,
732 4386 902 4447 Petrc,
937 4403 1049 4440 erce
1105 4385 1274 4440 Satan
1306 4389 1549 4458 expetivit
1580 4397 1637 4442 ut
1669 4390 1927 4444 cribraret
1967 4407 2080 4459 vos,

513 4477 646 4529 sicut
673 4478 758 4546 qui
789 4479 1016 4532 triticum
1046 4479 1242 4533 cribrat
1271 4496 1288 4533 :
1323 4495 1418 4550 ego
1453 4489 1631 4535 autem
1663 4483 1844 4550 rogavi
1887 4499 1983 4553 pro
2007 4493 2078 4549 te,

515 4577 572 4620 ut
604 4586 704 4621 non
734 4569 942 4634 deﬁt-iul
974 4570 1106 4636 ﬁdes
1147 4580 1236 4624 tua
1257 4587 1277 4626 :
1326 4583 1373 4626 et
1409 4581 1466 4624 tu
1495 4573 1783 4643 aliquando
1801 4591 2079 4632 conversus

494 4655 770 4728 “conﬁrma
817 4663 1008 4730 fratres
1054 4664 1223 4718 tuos“.
1256 4682 1274 4716 ι
1311 4663 1447 4734 (Ιίοο
1481 4665 1657 4734 ipsum
1707 4675 1762 4722 et
1823 4668 2082 4738 synodica

513 4751 1194 4823 episcoporum‘suggestiu
1223 4765 1347 4824 post
1372 4755 1662 4826 epistolam
1694 4770 1842 4828 papm
1861 4759 2084 4816 disertis

513 4843 698 4898 verbis
743 4844 1030 4914 continet.)
1065 4847 1128 4899 Et
1154 4846 1340 4900 intra:
1396 4865 1414 4898 ι
1456 4845 1611 4904 Unde
1662 4859 1715 4903 et
1771 4851 2084 4920 apostolica:

515 4934 788 4989 memoria:
814 4935 1250 5004 praedecessores
1281 4937 1674 4994 mediocritatis
1708 4956 1860 5006 mea},
1897 4941 2082 4996 Domi-

517 5024 653 5079 nicis
703 5025 953 5080 instructi
985 5026 1252 5082 doctrinis
1288 5042 1352 5080 ex
1389 5043 1499 5096 quo
1531 5030 1790 5098 prtesules
1818 5031 2082 5087 Ecclesia:

514 5114 1133 5184 Constantinopolitanze
1195 5117 1493 5172 novitatem
1553 5119 1867 5172 haereticam
1909 5121 2081 5175 intro-

514 5206 716 5260 ducere
743 5208 924 5261 conati
973 5217 1100 5261 sunt
1160 5208 1216 5262 in
1276 5207 1677 5262 immaculatum
1719 5210 1919 5263 Christi
1980 5211 2080 5265 Ec-

513 5295 736 5349 clcsiam
761 5313 1038 5366 nunquam
1068 5315 1165 5353 cos
1193 5299 1402 5352 hortari
1434 5299 1813 5368 neglexerunt,
1855 5310 1910 5354 et
1953 5302 2082 5354 hor-
2129 5337 2133 5341 -

515 5387 680 5441 tando
734 5403 1097 5453 commovere,
1150 5401 1206 5444 ut
1250 5406 1279 5444 a
1325 5392 1472 5459 pravi
1507 5391 1775 5460 dogmatis
1839 5392 2082 5448 ha‘rctici

512 5494 701 5534 errore
733 5484 922 5534 saltem
957 5483 1184 5535 tacendo
1212 5485 1570 5538 abstinerent.
1609 5502 1628 5534 ι

2193 3401 2292 3452 μεν
2310 3385 2425 3447 τοῖς
2457 3383 2855 3452 τοποτηρηταίς
2897 3380 3033 3450 πρὸς
3077 3379 3140 3434 τδ
3179 3377 3446 3449 ὑμέτερον
3471 3378 3687 3447 γαληναῖω

2188 3475 2388 3545 κράτος
2417 3473 2510 3528 τοῦ
2569 3473 2749 3535 ἁπλῶς
2783 3469 3231 3541 ἀπολογήσασθαι
3286 3471 3369 3533 είς
3411 3471 3526 3522 ὅσον
3565 3470 3687 3526 αὐτοῖς

2157 3615 2174 3620 .,
2190 3565 2351 3635 μόνον
2386 3564 2642 3634 ἐπετέθη,
2683 3564 2768 3616 ἵνα
2800 3562 2966 3633 μηδὲν
2993 3561 3240 3634 δηλονότι
3274 3559 3683 3630 προπετεύςωντίι

2186 3658 2525 3728 προσθεῖναι,
2565 3657 2598 3728 ἢ
2635 3656 2871 3724 ὑφελεῖν,
2999 3655 3264 3720 ἀλλαξαιο
3291 3673 3312 3706 ι
3361 3653 3454 3705 καὶ
3504 3651 3684 3717 τάέξῆς.
3772 3641 3773 3648 “

2187 3751 2666 3820 Καὶλκατωτέρω·
2727 3768 2746 3802 ι
2782 3749 2930 3819 Λῦτη
2980 3750 3012 3818 ἡ
3064 3746 3415 3817 πνευματικὴ
3448 3743 3684 3814 μήτηρτιιῦ

2187 3840 2454 3912 ὑμετέρου
2514 3841 2810 3910 γαληναίου
2875 3838 3127 3908 κράτους,
3190 3838 3224 3908 ἡ
3283 3836 3590 3902 diros-mimi)
3624 3833 3682 3883 τοῦ

2186 3933 2424 4005 Χριστοῦ
2469 3931 2786 4002 Ἐκκλησία,
2817 3931 2942 4000 ἥτις
2969 3928 3061 3982 διὰ
3099 3929 3204 3999 τῆς
3251 3930 3471 3999 χάριτος
3494 3926 3575 3979 τοῦ
3598 3942 3686 3978 ταν-

2184 4027 2489 4097 τοδυνάμου
2517 4025 2656 4079 Θεοῦ
2695 4024 2801 4078 ἀπὸ
2834 4025 2930 4094 τῆς
2959 4023 3078 4076 ὁδοῦ
3110 4026 3209 4092 τῆς
3250 4023 3592 4088 ἀποστολικῆς
3619 4036 3684 4069 πι-

2186 4116 2458 4188 ραδόσεως
2498 4116 2753 4170 οὐδέποτε
2788 4115 3131 4183 πλανηθῆναι
3162 4114 3588 4178 δείκνυται,οῦτε
3615 4111 3684 4170 τεῑς

2183 4210 2292 4262 τῶν
2317 4208 2614 4279 αἱρετικῶν
2649 4209 2960 4277 καινισμοῖς
2997 4207 3396 4277 στρεϐλωθεῖσα
3438 4205 3682 4258 ὑπέπεσεν

2182 4299 2327 4354 τοῦτ’
2355 4298 2489 4352 αὑτὸ
2512 4297 2758 4369 περιέχει
2785 4299 2880 4352 καὶ
2907 4300 2939 4369 ἡ
2974 4296 3224 4368 συνοδικὴ
3250 4296 3511 4366 ἀναφορὰ,
3539 4298 3567 4364 ἡ
3597 4295 3683 4363 μετὰ
3768 4367 3769 4374 γ

2182 4393 2282 4460 τὴν
2312 4389 2604 4461 ἐπιστολὴν
2630 4389 2727 4442 τοῦ
2762 4390 2921 4444 πάπα
2939 4405 2954 4420 ·
2986 4387 3123 4443 ἀλλὰ
3157 4389 3341 4452 καθὼς
3365 4390 3429 4441 ἐκ
3457 4390 3684 4458 προοιμίων

2181 4483 2281 4551 τῆς
2307 4481 2418 4537 τῶν
2457 4482 2804 4550 Χριστιανῶν
2839 4481 3078 4545 πίστεως
3127 4481 3438 4551 παρέλαϐεν
3485 4481 3576 4532 sui
3617 4477 3682 4529 τῶν

2186 4574 2332 4627 ίδίων
2352 4573 2630 4630 αὐθεντῶν
2658 4577 2768 4627 τῶν
2797 4573 3113 4645 κορυφαίων
3138 4573 3233 4627 τοῦ
3263 4571 3493 4645 Χριστοῦ
3520 4568 3683 4624 suasu}

2116 4657 2160 4712 Ι)
2184 4664 2312 4732 λων,
2341 4665 2741 4738 ἀπαράτρωτος
2771 4667 2933 4737 μέχρι
2955 4666 3143 4730 τέλους
3176 4667 3333 4737 μένει
3363 4667 3498 4721 κατὰ
3526 4667 3605 4734 τὴν
3625 4661 3680 4712 rvi

2180 4757 2385 4826 Κυρίου
2409 4757 2573 4812 αὑτοῦ
2602 4758 2697 4812 τοῦ
2737 4760 2989 4829 Σωτῆρος
3020 4758 3172 4812 θείαν
3202 4760 3546 4829 ἐπαγγελίαν,
3565 4758 3616 4825 ῆν
3635 4753 3682 4821 τῷ

2181 4853 2394 4922 έξάρχῳ
2416 4852 2523 4905 τῶν
2539 4854 2705 4906 αὑτοῦ
2743 4855 3003 4926 μαθητῶν
3025 4855 3080 4907 ἐν
3098 4856 3210 4918 τοῖς
3237 4855 3574 4923 Εὑαγγελίοις
3587 4853 3682 4917 ὡμο-

2177 4943 2372 5013 λόγησε
2402 4943 2615 5012 φήσαςο
2650 4944 2858 5013 Πέτρε,
2883 4945 3089 5012 Πέτρε,
3123 4943 3252 4998 ἰδοὺ
3278 4947 3311 4998 ό
3345 4941 3682 5008 σιιτανὰςὲὢὲ⁴

2177 5052 2327 5103 τησε
2353 5035 2458 5089 τοῦ
2476 5035 2748 5090 σινιάσαι
2775 5035 2954 5104 ὑμᾶς,
2974 5037 3054 5103 ὡς
3076 5041 3107 5091 ό
3129 5038 3410 5098 σινιάζων
3431 5038 3523 5092 τὸν
3547 5035 3679 5090 σῖτον

2175 5126 2290 5194 ἐγὼ
2327 5126 2394 5178 δὲ
2424 5126 2555 5194 περὶ
2582 5129 2699 5182 σοῦ
2725 5125 3030 5196 ἠρώτησα,
3067 5129 3167 5180 ἵνα
3192 5128 3274 5195 μὴ
3307 5131 3546 5195 ἐκλείπει
3576 5128 3601 5191 ἡ
3623 5127 3681 5173 εἰ·

2176 5235 2310 5285 στις
2339 5235 2479 5273 σου.
2506 5222 2615 5272 Καὶ
2641 5221 2722 5273 σύ
2749 5235 2894 5274 ποτε
2920 5220 3311 5288 ἐπιστραφείς
3345 5218 3563 5287 στήριᾷ
3588 5217 3679 5276 rein;

2177 5309 2482 5378 ἀδελφούς
2515 5327 2684 5365 σου.»
2713 5312 2826 5363 Καὶ·
2851 5310 3147 5379 κατωτέρω
3167 5327 3180 5340 ·
3221 5312 3414 5364 «Ὅθεν
3446 5313 3531 5362 καὶ
3557 5309 3596 5358 oi
3619 5308 3680 5367 τῆς

2178 5403 2543 5472 ἀποστολικῆἶ
2598 5407 2839 5474 μνήμης,
2893 5405 2943 5456 οε
3006 5400 3679 5474 προηγησάμενοιτὴνέμὴι

2182 5493 2532 5564 μετριότητα,
2584 5497 2702 5556 ταῖς
2734 5497 3079 5557 δεσποτικαῖς
3131 5495 3487 5553 διδασκαλίαις
3525 5509 3675 5555 κατηκ-

513 5576 787 5642 τισμένοι,
818 5577 1001 5641 ὲξότου
1036 5578 1386 5646 καινοτομίαν
1412 5579 1690 5650 αίρετικὴν
1715 5584 1793 5645 εἰς
1816 5581 1914 5652 τὴν
1944 5584 2036 5636 τοῦ
2075 5585 2314 5654 Χριστοῦ
2344 5593 2574 5660 ἄμωμον
2612 5592 2940 5664 Ἐκκλησίαν
2980 5597 3026 5646 οἱ
3057 5592 3308 5663 πρόεδροι
3327 5581 3336 5588 ”
3354 5589 3442 5660 τῆς
3482 5592 3534 5641 ἐν
3562 5587 3668 5638 Κων-

516 5669 953 5722 σταντινουπόλει
993 5670 1324 5740 Ἐκκλησίας
1370 5671 1686 5740 εἰσαγαγεῖν
1737 5675 2089 5744 ἐπεχείρουν,
2123 5678 2379 5734 οὐδέποτε
2451 5684 2738 5753 ἠμέλησαν
2773 5686 2994 5749 τούτους
3062 5683 3478 5755 προτρέψασθαι,
3511 5679 3678 5730 καὶπλ-

520 5767 883 5834 ρακαλοῦντες
907 5768 1244 5839 ὑπομνῆσαι,
1287 5768 1373 5836 ἵνα
1441 5768 1548 5822 ἀπὸ
1586 5769 1683 5823 τοῦ
1715 5772 1924 5841 φαύλου
1987 5772 2260 5844 δόγματος
2304 5779 2400 5850 τῆς
2434 5782 2716 5854 αἱρετικῆς
2750 5782 2958 5850 πλάνης
3008 5782 3110 5834 κᾶν
3144 5781 3447 5844 σιωπῶντες
3491 5774 3682 5838 ἀποστῇς

520 5875 740 5912 σωνται.
783 5880 801 5912 ι

592 5957 608 5984 ⁸
645 5956 775 6010 Luc.
809 5973 935 6023 xm,
975 5962 1058 6013 Ἠ.
