3900 6548
159 340 251 403 713
1443 333 1880 405 REFUTATIO
1913 334 2094 398 NilJ.
2505 346 2509 351 ’
3282 338 3386 402 'i'il

154 450 360 521 ηὕρισκε
392 445 564 500 ταῦτα
597 444 980 515 νενοθευμένα.
1016 463 1035 498 ι
1071 444 1226 500 Τοῦτ’
1261 444 1396 499 αὑτδ
1424 445 1574 510 λέγει
1604 444 1697 497 καὶ

1802 443 2085 513 arguebat,
2141 443 2288 514 quod
2332 444 2742 517 supposititium
2779 460 3046 502 eanonem
3086 446 3395 516 proferret.

152 547 201 599 tv
225 544 287 611 τῇ
313 541 446 607 πρὸς
487 538 741 608 Ἰωάννην
773 537 866 592 τὸν
898 538 1232 608 ’Δντιοχείας
1263 536 1544 608 ἐπιστολῇ.
1588 538 1697 591 Καὶ

1807 537 1904 607 qui
1949 535 2209 591 secunda:
2233 538 2445 607 synodo
2493 538 2774 604 tribuitur,
2804 540 3026 594 tertium
3078 539 3147 594 de
3179 540 3387 597 honore

152 636 201 688 ἐν
218 636 278 704 τῇ
307 631 541 702 τετάρτῃ
568 629 774 700 συνόδῳ
807 631 957 684 Λέων
984 630 1014 684 ό
1035 630 1266 693 πάππας
1283 631 1513 700 γράφων
1532 629 1697 685 Πουλ-

1802 627 2048 697 episcopi
2074 627 2691 699 Constantinopolitani,
2749 630 2905 685 tertia
2956 637 3113 699 parte
3161 629 3387 684 Chalce-

152 725 292 796 χερίᾳ
319 724 385 794 τῇ
410 721 700 792 Αὑγοὺστῃ
731 721 1012 792 ἐμέμφετο
1057 721 1149 774 τὸν
1176 722 1697 776 Κωνσταντινουπό-

1803 718 2090 775 donensis.
2132 719 2199 774 Et
2243 720 2298 775 in
2325 721 2559 791 septima
2594 721 2826 793 synodo.
2850 723 3068 777 actione
3095 737 3154 787 ιι,
3189 721 3387 775 multas

151 815 270 877 λεως
312 811 644 877 Ἀνατόλιον,
703 813 789 865 ὅτι
843 812 999 865 νόθον
1031 814 1234 865 κανόνα
1263 812 1394 883 περὶ
1430 812 1540 865 τῶν
1573 829 1697 882 πρε-

1802 826 1961 882 passa
2001 822 2089 869 est
2151 814 2535 869 nmtilationes
2594 814 2663 870 ab
2716 813 3097 869 Orientalibus
3154 813 3386 885 epistola

152 905 323 957 σῦείων
351 900 758 957 Κωνσταντινου
769 904 994 967 πόλεως,
1024 904 1208 973 τρίτον
1235 905 1697 974 ἐπιγραφέμενον,

1814 904 2045 960 Adriani
2119 920 2273 978 papa:
2333 906 2401 961 ad
2446 907 2809 977 imperatores
2856 905 3274 963 Constantinum
3331 912 3385 960 et

150 996 425 1064 προέφερεν
454 994 552 1064 τῆς
579 995 842 1066 δευτέρας
881 997 1130 1053 συνόδου.
1175 997 1288 1051 Καὶ
1320 1000 1376 1050 ὲν
1408 1001 1473 1068 τῇ
1501 996 1707 1069 ἑϐδόμῃ
1801 997 2038 1053 lrenem.
2250 1056 2256 1062 ,
2866 996 2874 1004 ’

149 1090 324 1154 πολλὰς
348 1091 619 1144 πέπονθεν
640 1090 924 1154 ἀποκοπὰς
963 1091 1117 1163 παρὰ
1147 1091 1255 1147 τῶν
1296 1089 1696 1159 ἀνατολικῶνὴ
1737 1086 1997 1163 ὲπιδτολὴ
2070 1093 2163 1148 τοῦ
2193 1094 2394 1149 πάππα
2416 1090 2696 1163 ’Λδριανοὺ
2765 1093 2902 1164 πρὸς
2949 1090 3191 1161 βασιλεῖς
3238 1092 3383 1147 Κων-

149 1186 404 1241 σταντῖνον
426 1187 522 1239 καὶ
553 1186 813 1259 Εἰρήνην.
1446 1241 1453 1247 ,
1484 1236 1488 1240 .
2466 1192 2473 1204 ⁸

204 1274 476 1343 Δεύτερον,
508 1276 558 1327 εί
608 1277 705 1329 καὶ
742 1274 970 1347 δοίημεν
1018 1271 1158 1331 εἶναι
1188 1276 1248 1331 τὸ
1288 1277 1364 1347 μὴ
1392 1276 1474 1342 δν,
1503 1277 1697 1330 ἀναθε-

1889 1277 2162 1343 Secumio,
2217 1277 2369 1344 dato,
2422 1278 2569 1348 quod
2623 1277 2778 1332 nullo
2825 1278 2987 1332 modo
3035 1291 3228 1332 verum
3276 1287 3384 1330 esto

150 1362 457 1434 ματισθῆναι
521 1362 779 1432 Ὀνώριον
825 1366 980 1436 παρὰ
1026 1365 1255 1429 Λέοντος
1288 1366 1536 1428 ἐκείναις
1580 1369 1697 1429 ταῖς

1814 1367 2117 1425 Honorium
2146 1387 2175 1424 a
2202 1370 2388 1461 Leone.
2413 1385 2512 1441 per
2539 1372 2660 1427 illas
2688 1387 2868 1437 voces,
2894 1387 3031 1441 quas
3063 1380 3119 1426 tu
3149 1370 3382 1442 profers.

149 1457 356 1523 λέξεσιν,
389 1456 459 1520 ἃς
514 1457 832 1526 προφέρεις,
883 1456 1108 1526 εὔδηλον
1157 1458 1240 1512 ὅτι
1302 1458 1697 1527 ἀνεθεματίσθη

1805 1460 1977 1517 fuisse
2028 1456 2381 1518 anathemate
2420 1464 2758 1533 perculsum,
2793 1470 3011 1518 constat
3057 1463 3109 1516 id
3159 1477 3381 1532 passum

115 1578 125 1591 ι
159 1548 391 1618 ’θνώριος
413 1548 512 1619 οὑχ
539 1548 616 1611 ὡς
644 1547 940 1619 αίρετικὺς,
964 1547 1084 1603 ἀλλ’
1104 1549 1181 1612 ὡς
1205 1549 1305 1619 τὴν
1323 1548 1537 1619 αἵρεσιν
1564 1550 1697 1620 φυῆ·

1806 1552 2109 1608 llonorium
2139 1569 2251 1610 non
2289 1564 2350 1610 ut
2380 1555 2721 1621 haereticnm,
2754 1555 2850 1612 sed
2884 1570 2950 1609 eo
2981 1556 3202 1611 nomine
3231 1555 3380 1624 quod

154 1660 226 1697 ναι
270 1642 696 1712 παραχωρήσας.
751 1641 925 1694 Τοῦτο
963 1642 1027 1701 δ’,
1061 1640 1127 1695 ἂν
1152 1642 1239 1710 είη
1293 1641 1572 1712 ῥᾳθυμίας
1605 1643 1697 1696 καὶ

1807 1644 2063 1700 Ιιαετοείιιι
2097 1646 2232 1702 oriri
2275 1648 2656 1718 permisisset;
2696 1638 3227 1719 quod'negligentia:
3270 1648 3382 1702 eri-

152 1734 383 1803 ἀμελείας
418 1734 693 1802 ἔγκλημα,
723 1734 845 1804 οὐχὶ
892 1735 1182 1804 αἱρέσεωςο
1213 1732 1355 1788 ὥστε
1399 1734 1549 1790 πᾶσά
1606 1751 1697 1789 σου

1806 1749 1930 1790 men
1968 1746 2075 1798 est,
2107 1752 2217 1792 non
2265 1747 2450 1793 autem
2494 1738 2741 1794 hreresis.
2790 1739 2977 1807 ltaquc
3017 1747 3188 1812 totum
3227 1748 3377 1791 tuum

154 1823 319 1875 πίπτει
360 1824 390 1891 ἡ
424 1822 682 1890 οἰκοδομή
707 1838 720 1853 ⁸
753 1823 815 1875 οὑ
846 1822 955 1892 γὰρ
1005 1822 1214 1887 ἔδειξας
1256 1822 1284 1876 ὃ
1327 1823 1587 1892 προέθου,
1620 1824 1697 1878 ὅτι

1808 1826 1921 1881 ruit
1948 1826 2287 1905 aediﬁcium;
2324 1844 2436 1884 non
2474 1831 2623 1884 enim
2664 1829 2904 1900 probasti
2940 1828 3088 1899 quod
3118 1828 3374 1891 volebas;

155 1912 235 1962 οὐκ
255 1910 507 1963 ἀδύνατον
525 1911 618 1963 τὸν
636 1909 866 1964 πάππαν
889 1911 997 1965 τῶν
1024 1910 1198 1982 ὀρθῶν
1224 1912 1479 1967 ἐκπεσεῖν
1496 1913 1701 1984 δογμά-

155 2017 265 2054 των.

769 2114 1042 2172 ΝΕΙΛΟΣ.

210 2230 275 2281 Τὸ
298 2227 352 2281 δὲ
379 2227 564 2295 λέγειν
612 2227 803 2283 τοῦτον
860 2228 952 2283 τὸν
987 2229 1144 2299 λόγον
1193 2232 1341 2303 ἔχειν
1383 2234 1476 2287 τὸν
1509 2236 1698 2289 πάπαν

154 2318 271 2384 πρὸς
305 2317 395 2371 τὸν
434 2310 1088 2386 Κωνσταντινουπόλεως,
1122 2321 1182 2375 δν
1233 2323 1394 2385 αὐτὸς
1438 2325 1577 2395 πρὸς
1607 2327 1698 2380 τὸν

154 2405 489 2476 Καισαρείας,
512 2406 546 2478 ἢ
575 2409 713 2477 πρός
743 2424 869 2463 τινα
891 2410 1001 2462 τῶν
1029 2409 1122 2464 ὑπ’
1150 2411 1314 2465 αὑτὸν
1334 2414 1547 2483 ἱερέων,
1580 2417 1699 2481 πῶς

152 2495 204 2548 οὑ
239 2497 424 2567 κομιδῇ
464 2497 743 2551 πάνδεινον
770 2489 805 2564 ;’
831 2497 890 2553 '0
937 2500 1038 2569 μὲν
1078 2503 1188 2572 γὰρ
1234 2503 1452 2574 Ῥώμης
1482 2507 1699 2575 πρῶτος

152 2587 272 2667 πρὸς
295 2588 384 2640 τὸν
413 2589 1038 2655 Κωνσταντινουπόλεως
1060 2593 1300 2661 λέγεται,
1335 2595 1410 2659 ὡς
1439 2598 1603 2651 αὑτοῦ
1633 2616 1697 2667 γε

151 2662 389 2750 δευτέραν
413 2680 568 2746 τάξιν
602 2681 892 2753 ἐπέχοντος
912 2701 928 2717 ο
963 2683 1148 2738 οὐκέτι
1178 2686 1236 2739 δὲ
1279 2689 1307 2739 ὁ
1343 2662 1696 2748 Κωνσταντί-

151 2772 437 2835 νουπόλεως
481 2773 699 2843 πρῶτος
723 2772 867 2827 οὑτω
914 2774 1052 2845 πρὸς
1084 2776 1179 2829 τὸν
1224 2778 1583 2850 Καισαρείας,
1621 2782 1697 2845 ὡς

150 2856 336 2915 ἐκείνου
368 2880 431 2931 γε
459 2863 532 2917 τὰ
566 2863 847 2934 δευτερεῖα
896 2863 1198 2931 σώζοντοςο
1247 2868 1361 2921 ἀλλ’
1392 2872 1420 2923 ό
1471 2871 1570 2940 μὲν
1598 2873 1696 2942 τῆς

153 2954 547 3009 Κωνσταντίνου
580 2955 725 3010 οὕτω
756 2957 995 3026 πρῶτος,
1031 2957 1108 3020 ὡς
1151 2959 1339 3027 μονὰς,
1371 2962 1466 3015 καὶ
1513 2962 1589 3025 ὡς
1619 2965 1694 3034 μὴ

150 3050 247 3111 τοῖς
297 3044 476 3112 ἄλλοις
527 3050 997 3119 συντεταγμένον
1059 3051 1086 3103 ὁ
1130 3051 1188 3103 δὲ
1251 3053 1589 3122 Καισαρείας
1633 3055 1692 3108 οὑ

1801 1919 2035 1986 scilicet,
2072 1934 2181 1976 non
2235 1936 2359 1977 esse
2423 1921 2765 1992 impossibile
2818 1936 3014 1991 papam
3073 1937 3263 1977 errare
3318 1922 3373 1977 in

1803 2009 1930 2067 ﬁde.

2279 2125 2484 2184 NILUS
2524 2126 2677 2198 (Cap.
2713 2127 2876 2198 vnn.

1876 2254 1895 2288 ι
1936 2235 2052 2292 Diei
2082 2246 2289 2303 autem,
2317 2240 2390 2293 ita
2414 2253 2472 2293 se
2497 2239 2700 2295 habere
2731 2255 2927 2310 papam
2957 2239 3022 2294 ad
3051 2240 3368 2310 episcopum

1798 2329 2493 2401 ConstantinOpolitanum,
2529 2331 2673 2386 sicut
2701 2346 2759 2386 se
2803 2332 2970 2386 habet
3010 2332 3125 2401 ipse
3158 2331 3221 2385 ad
3258 2334 3374 2386 Cte-

1799 2406 2121 2476 sareensem‘
2163 2429 2260 2476 aut
2308 2422 2565 2492 quemvis
2615 2423 2782 2478 alium
2834 2440 2899 2478 ex
2944 2423 3219 2503 episcopis
3265 2425 3371 2478 sibi

1799 2513 2082 2585 subjectis,
2110 2513 2233 2584 quis
2266 2514 2369 2568 hoc
2393 2529 2550 2583 teque
2576 2516 2761 2570 animo
2795 2515 2977 2570 ferat?
3005 2515 3141 2570 Nam
3175 2514 3373 2570 Roma-

1799 2619 1904 2658 nus
1932 2603 2140 2658 dicitur
2172 2604 2379 2675 primus
2407 2606 2471 2660 ad
2502 2606 3198 2677 ϐοιιειτιιιιίιιοροὶίιοιιιιιιι,
3231 2607 3375 2661 obti-

1799 2702 1963 2751 nente
1994 2694 2100 2751 isto
2128 2696 2432 2751 secundum
2466 2698 2641 2752 locum
2670 2716 2685 2765 ;
2722 2708 2778 2753 at
2820 2714 2954 2754 vero
2982 2698 3375 2753 Constantino-

1799 2787 2073 2857 politanus
2121 2803 2228 2843 non
2272 2798 2357 2845 est
2407 2789 2481 2844 ita
2529 2790 2767 2860 primus,
2800 2801 2862 2845 ut
2899 2791 3267 2846 Czesareensis
3303 2794 3374 2845 sit

1797 2878 2109 2943 secundus;
2143 2877 2240 2933 sed
2286 2888 2341 2934 ct
2372 2881 2584 2950 primus
2617 2879 3265 2950 Constantinopolitanus
3314 2892 3373 2934 ιιι

1798 2968 2004 3035 unitas,
2034 2978 2089 3022 et
2128 2985 2238 3023 non
2269 2985 2393 3024 eum
2425 2970 2547 3025 aliis
2589 2971 2965 3026 eoordinatus.
3007 2973 3374 3027 CacSarcensis

1797 3073 1929 3113 vero
1978 3075 2084 3115 non
2133 3060 2338 3117 dicitur
2376 3063 2676 3127 secundus,
2726 3064 2822 3118 sed
2874 3064 3086 3132 primus
3128 3074 3185 3118 et
3233 3065 3369 3135 ipse,

150 3139 382 3211 δεύτερος
415 3141 767 3210 ὀνομάζεται,
793 3142 929 3196 ἀλλὰ
969 3143 1060 3207 καὶ
1094 3144 1260 3207 αὐτὸς
1289 3145 1528 3214 πρῶτος,
1556 3147 1695 3217 πλὴν

1802 3165 1925 3207 eum
1949 3151 2074 3206 aliis
2100 3162 2280 3207 tamen
2309 3152 2686 3218 eoordinatus,
2716 3155 3037 3224 habensque
3065 3158 3370 3210 secundum
3438 3166 3449 3179 ί

150 3234 216 3295 ὡς
251 3236 359 3295 τοῖς
410 3233 596 3295 ἄλλοις
637 3235 1094 3305 συντεταγμένος,
1128 3238 1223 3290 καὶ
1271 3237 1526 3309 δεύτερον
1560 3239 1697 3310 ἔχων

150 3329 233 3377 καὶ
254 3326 454 3396 τρίτον.
478 3325 602 3380 Ὅτι
626 3326 682 3379 δὲ
709 3326 770 3379 τὸ
802 3328 1071 3397 πρωτεῖον
1091 3327 1188 3382 τοῦ
1217 3330 1375 3384 πάντα
1405 3328 1699 3403 συντεταγ-

153 3416 297 3484 μένον
327 3418 425 3470 καὶ
475 3419 577 3472 οὑκ
618 3419 838 3489 ἄφετον,
884 3422 1064 3492 δῆλον.
1101 3424 1405 3495 ’Λνάγνωθι
1463 3427 1555 3481 τὸν
1606 3427 1696 3494 λς’

151 3509 331 3563 κανόνα
368 3512 466 3583 τῆς
500 3512 745 3568 συνόδου.
782 3533 803 3567 ›

678 3628 1125 3686 ’ΔΝΤΙΡΡΠΣΙΣ.

222 3740 433 3812 ’Δὶογία
466 3743 738 3815 πάντωςὴ
767 3747 992 3817 τοιαύτη
1022 3746 1307 3815 ἀναλογία.
1344 3751 1454 3805 Καὶ
1492 3751 1557 3804 σὺ
1597 3752 1698 3821 μὲν

148 3831 455 3902 ἀγανακτεῖς
514 3835 609 3888 ἐπὶ
636 3839 703 3907 τῇ
758 3838 1117 3910 πεπλασμένῃ
1147 3838 1278 3909 παρ’
1328 3840 1483 3910 ὑμῶν
1512 3843 1698 3896 ἀνισό-

149 3942 258 3997 τητι
287 3928 653 3999 δυσχεραίνων
674 3945 689 3960 ⁶
725 3930 759 4000 ἡ
801 3930 858 3984 δὲ
890 3909 1116 4003 ἀλήθεια
1166 3909 1468 4003 ἀγανακτεί
1500 3939 1565 4006 τῇ
1600 3955 1698 3991 πε-

150 4020 352 4091 ριεργίᾳ
379 4021 485 4099 τῶν
515 4024 865 4092 σοφισμάτων
890 4024 1241 4097 ἀδικουμένη.
1271 4027 1458 4098 Πολλῷ
1496 4028 1694 4093 πλέων,

150 4102 187 4164 ὦ
206 4110 394 4181 λῷστε,
425 4112 746 4184 ὑπέρκειται
774 4115 1034 4187 ὁῬὼμης
1067 4117 1162 4170 τοῦ
1182 4119 1697 4173 Κωνσταντινουπόο

157 4200 300 4267 λεως,
325 4203 358 4273 ἦ
391 4205 597 4269 ἐκεῖνος
627 4205 722 4259 τοῦ
753 4208 1096 4279 Καισαρείας
1131 4211 1226 4264 καὶ
1255 4209 1361 4264 τῶν
1391 4209 1484 4264 ὑπ’
1511 4211 1695 4266 αὑτόν.

167 4294 222 4348 ’0
246 4297 341 4364 μὲν
370 4298 480 4368 γὰρ
522 4298 712 4362 πὰπας
747 4299 1073 4370 ὑπέρκειται
1126 4300 1221 4355 τοῦ
1264 4305 1701 4357 Κωνσταντινου-

155 4372 346 4452 πόλεως
395 4392 538 4445 κατὰ
581 4391 680 4461 μὲν
712 4390 809 4461 τὴν
868 4392 1063 4464 τρίτην
1099 4393 1318 4448 σύνοδον
1370 4395 1446 4461 ὡς
1503 4398 1698 4467 κριτὴς

1798 3254 1853 3298 et
1894 3244 2142 3298 tertium.
2192 3244 2349 3310 Quod
2382 3257 2562 3299 autem
2600 3245 2869 3315 primatus
2902 3262 3052 3317 papa:
3081 3249 3373 3303 coordina-

1802 3345 1890 3391 tus
1916 3338 2006 3403 sit,
2037 3345 2092 3391 et
2133 3352 2244 3392 non
2287 3337 2595 3407 absolutus,
2629 3339 2825 3412 liquet.
2857 3338 3051 3410 Legite
3082 3349 3248 3398 sexta:
3283 3357 3371 3416 sy-

1800 3427 1926 3483 nodi
1958 3441 2228 3484 canonetu
2259 3428 2351 3484 56.
2388 3448 2407 3482 ι

2351 3631 2813 3689 CONFUTATIO.

1872 3745 1997 3804 llaec
2026 3747 2310 3819 proportio
2348 3747 2502 3803 nullo
2545 3748 2777 3804 rationis
2816 3749 3010 3804 nititur
3045 3749 3370 3807 fundamen-

1803 3848 1891 3907 to,
1924 3849 1987 3915 et
2022 3849 2078 3894 tu
2114 3840 2338 3910 quidem
2387 3856 2532 3911 aegro
2580 3841 2691 3898 fers
2735 3851 2963 3911 propter
3005 3843 3293 3898 eontietam
3342 3861 3372 3899 ιι

1800 3931 1959 3985 vobis
1988 3923 2439 4000 imparilitatem;
2469 3931 2674 3986 veritas
2702 3943 2885 3985 autem
2914 3948 3054 4002 sagi-0
3086 3934 3213 3996 fert,
3242 3935 3370 4004 quia

1799 4019 2199 4089 sophismatum
2231 4020 2475 4074 versutia
2507 4020 2966 4076 circumvenitur.
2998 4021 3168 4076 Multo
3197 4024 3371 4092 magis

1800 4112 2062 4181 prmcellit
2115 4128 2255 4183 papa
2319 4112 2975 4183 Constantinopolitano,
3028 4130 3191 4184 quam
3253 4116 3370 4185 ipse

1800 4190 2161 4272 Caesareensi,
2189 4214 2246 4259 et
2275 4205 2491 4260 caeteris
2517 4205 2623 4261 sibi
2652 4205 2907 4271 subditis.
2942 4207 3084 4278 Papa
3113 4206 3260 4261 enim
3286 4216 3371 4262 est

1799 4294 2409 4365 Constantinopolitano
2436 4297 2714 4366 superior,
2741 4292 2986 4367 utjudex
3012 4313 3080 4353 eo
3106 4300 3199 4368 qui
3223 4298 3372 4367 judi-

1799 4395 1980 4453 catur,
2020 4393 2080 4440 ut
2125 4386 2408 4456 deponens
2436 4402 2501 4439 eo
2528 4388 2621 4457 qui
2664 4388 2984 4458 deponitur,
3017 4400 3074 4443 ut
3101 4399 3371 4459 potestate

151 4479 478 4546 κρινομένου,
502 4479 578 4544 ὡς
623 4481 962 4552 καθαιρέτης
1003 4482 1460 4555 καθαιρουμένου,
1503 4485 1576 4549 ὡς
1601 4487 1697 4538 αὑ-

1803 4478 2289 4533 ‘exeommunieans
2343 4479 2858 4546 exeommunicato,
2911 4490 2972 4537 ut
3029 4492 3249 4536 constat
3304 4498 3370 4537 ex

150 4567 395 4635 θεντικῶς
427 4572 701 4642 ἀφορίζων
732 4575 1160 4645 ἀφοριζομένου,
1193 4575 1268 4640 ὡς
1297 4578 1456 4648 δῆλον
1493 4577 1559 4631 ὲκ
1589 4578 1697 4631 τῶν

150 4662 438 4717 ἐπιστολῶν
479 4665 804 4719 Κελεστίνου
859 4669 1001 4739 πρὸς
1027 4668 1319 4739 Κύριλλον,
1360 4673 1454 4724 καὶ
1493 4671 1696 4735 Νεστό-

154 4766 277 4818 ριον,
309 4753 406 4809 καὶ
446 4754 672 4826 ἑτέρους
717 4757 777 4808 ἐν
813 4758 880 4828 τῇ
921 4757 1027 4828 πρὸ
1058 4758 1168 4811 τῶν
1207 4759 1536 4830 Πρακτικῶν
1567 4762 1695 4815 συλ-

152 4841 271 4914 λογῇ
300 4844 399 4915 τῆς
427 4845 619 4917 τρίτης
642 4849 884 4901 συνόδου’
910 4849 1051 4903 κατὰ
1068 4849 1125 4902 δὲ
1154 4850 1252 4919 τὴν
1279 4853 1546 4922 τετάρτην
1573 4851 1698 4906 οὑν⁸

150 4932 256 4985 οδον
285 4935 608 5004 ὑπέρκειται
639 4936 667 4988 ὀ
700 4936 891 5002 πάπας
931 4939 1026 4992 τοῦ
1063 4941 1697 5008 Κωνσταντινουπόλεως

150 5023 215 5084 ὡς
261 5027 471 5096 κεφαλὴ
522 5028 937 5098 ἡγεμονεύουσα
975 5031 1195 5101 μέλους,
1231 5032 1306 5094 ὡς
1345 5034 1505 5098 ἀκτὶς
1529 5036 1697 5102 φωτί-

151 5115 307 5179 ζουσα
332 5119 587 5189 σὼματος
625 5120 1022 5191 φωτιζομένου,
1056 5121 1133 5185 ὡς
1178 5122 1356 5191 φύλαξ
1384 5124 1483 5193 τῆς
1522 5126 1698 5196 ἀμπέ-

150 5204 236 5258 λου
284 5209 431 5278 παρὰ
489 5207 586 5260 τοῦ
634 5209 887 5278 Σωτῆρος
939 5208 1216 5272 καταστὰς
1258 5211 1556 5264 ἐπισκόπου
1603 5211 1700 5264 λα-

150 5297 339 5367 θραίως
367 5300 436 5353 δι’
464 5299 819 5372 ἀνθρωπίνης
848 5304 1259 5370 μηχανουργίας
1308 5303 1576 5371 τιμᾶσθαι
1602 5304 1699 5357 καὶ

150 5391 509 5459 προτιμᾶσθαι
537 5389 1021 5461 προθυμουμένου,
1054 5388 1127 5453 ὡς
1170 5390 1353 5462 πατὴρ
1382 5391 1572 5445 τέκνου
1605 5390 1698 5445 καὶ

151 5478 328 5543 παιδὸς
380 5479 756 5548 δῶρανλαὸεἰν
795 5479 1156 5548 αἰτουμένου·
1190 5480 1264 5544 ὡς
1317 5480 1467 5534 ἔστιν
1504 5484 1568 5535 ἐκ
1597 5484 1698 5551 τῆς

151 5569 241 5639 ήδη
293 5571 715 5642 προενεχθείσης
752 5571 880 5625 ἰδεῖν
936 5572 1229 5644 ἐπιστολῆς
1278 5575 1377 5644 τῆς
1427 5576 1697 5647 τετάρτης

151 5664 355 5718 συνόδου
384 5666 521 5733 πρὸς
542 5665 747 5720 Λέοντα
775 5666 865 5718 τὸν
892 5665 1105 5721 πάπαν.
1141 5666 1297 5721 Κατὰ
1322 5667 1378 5720 δὲ
1411 5667 1509 5735 τὴν
1531 5666 1697 5736 ἕκτην

152 5752 353 5809 σύνοδον
384 5757 704 5827 ὑπέρκειται
734 5759 761 5810 ό
802 5756 984 5821 πάπας
1028 5757 1102 5821 ὡς
1141 5759 1324 5829 ίατρδς
1384 5756 1692 5825 νοσοῦντες,

1799 4568 2050 4637 epistolis
2093 4568 2380 4624 leestiui
2425 4569 2493 4623 ad
2535 4569 2801 4640 Cyrillum
2850 4581 2906 4626 et
2948 4572 3262 4627 Nestorium
3317 4586 3372 4627 et

1798 4658 1962 4724 alios,
1984 4660 2156 4728 prima
2185 4666 2338 4728 parte
2362 4673 2421 4713 ιιι
2450 4659 2662 4730 synodi.
2689 4660 2793 4716 Per
2823 4671 3072 4730 quartam
3101 4661 3370 4734 synodum

1800 4764 1942 4819 papa
1988 4759 2074 4805 est
2123 4751 2380 4820 superior
2434 4750 3048 4824 ConstantinOpolitano
3100 4764 3159 4809 ut
3210 4763 3373 4835 caput

1800 4841 2066 4906 membro,
2096 4849 2157 4894 ut
2190 4841 2374 4896 radius
2405 4841 2689 4898 illustrans
2720 4857 2955 4913 corpore
2983 4843 3272 4908 illustrato,
3314 4853 3372 4897 ut

1799 4933 1972 4987 yinea:
2000 4941 2187 4989 custos
2216 4950 2244 4988 a
2293 4932 2577 4988 Salvatore
2616 4934 2949 4990 constitutus
2978 4950 3046 4989 eo
3075 4936 3171 5004 qui
3201 4936 3367 4991 nimia

1801 5026 2067 5082 industria
2101 5028 2349 5097 pervenit
2387 5026 2454 5081 ad
2501 5027 2741 5081 honores
2778 5033 2836 5080 et
2872 5008 3369 5094 préeminentiam,

1800 5128 1863 5172 ιιι
1907 5133 2105 5187 parens
2152 5128 2312 5174 natos
2360 5118 2559 5174 donari
2604 5117 2711 5173 sibi
2758 5115 2965 5186 aliquid
3015 5126 3270 5186 petente;
3311 5126 3371 5171 ut

1800 5220 1953 5281 patet
1980 5226 2044 5265 ex
2074 5221 2378 5267 memorata
2409 5210 2642 5280 epistola
2673 5217 2882 5280 quarta:
2912 5209 3103 5280 synodi
3132 5210 3197 5264 ad
3229 5208 3370 5265 Leo-

1799 5314 1923 5354 nem
1955 5315 2170 5370 papam.
2206 5301 2308 5356 Per
2339 5310 2549 5355 sextam
2599 5300 2868 5370 synodum
2914 5313 3052 5368 papa
3085 5307 3170 5353 est
3202 5314 3372 5369 supe«

1800 5394 1914 5447 rior
1941 5392 2570 5462 Constantinopplitano,
2603 5400 2664 5446 ut
2700 5390 2949 5447 medicus
2985 5401 3191 5461 aegroto
3223 5393 3372 5447 sani-

1803 5494 1967 5540 tatem
2011 5484 2267 5539 Eeclcsia:
2302 5485 2563 5555 largiens,
2597 5493 2658 5539 ut
2693 5483 3204 5555 pontiﬁcalissimus
3237 5498 3365 5554 apo-

1801 5576 2008 5632 stoiica:
2051 5577 2387 5631 summitatis
2432 5578 2664 5632 antistes
2696 5577 2971 5647 episcOpis
2998 5575 3274 5640 .minitnis,
3309 5585 3370 5631 ut

1803 5670 1856 5725 in
1901 5670 2333 5739 Prosphonetieo
2379 5670 2446 5725 ad
2497 5668 2923 5726 Constantinum
2980 5670 3367 5738 imperatorem

1758 5760 2005 5815 tutetur
2063 5759 2153 5814 illa
2208 5759 2478 5829 synodus;
2539 5761 2679 5816 inter
2732 5775 2870 5830 quos
2925 5770 3046 5816 erat
3099 5758 3367 5829 Georgius
