3900 6564
443 324 545 388 807

442 443 624 498 tiones
690 438 936 512 synodus
996 439 1370 512 approbabat;

442 533 698 589 Dioscori
747 531 1014 589 adversus
1058 549 1254 604 papam
1301 549 1427 588 cum
1478 535 1710 589 horrore
1754 534 2021 589 detestata

441 633 549 682 est.
577 626 791 696 Agatho
817 641 956 696 papa
985 625 1041 680 in
1071 637 1224 682 sexta
1253 626 1466 698 synodo
1489 627 1766 683 scribebat
1805 636 2024 696 aposto-

445 717 585 774 licos
631 732 766 773 suos
815 717 1252 787 praedecessores
1296 719 1726 784 commonuisse,
1781 735 2022 790 rogasse,

445 805 766 877 increpasse
799 807 1114 864 Orientales
1158 818 1218 864 ut
1257 820 1611 866 curarentur.
1654 809 1720 864 Et
1751 811 2025 865 Adrianus

443 915 588 970 papa
640 900 694 954 in
745 902 979 971 septima
1023 901 1312 958 Tarasium
1353 902 2024 973 Constantinopolitanum

446 991 798 1058 increpabat,
849 992 999 1060 quod
1054 1007 1122 1048 ex
1175 993 1315 1048 laico
1370 992 1566 1048 ordine
1625 992 2026 1062 patriarcbatus

442 1082 668 1137 culmen
716 1092 863 1138 esset
910 1083 1162 1154 adeptus,
1192 1095 1251 1139 et
1288 1085 1685 1142 inscriberetur
1722 1085 2028 1141 meumeni-

443 1187 570 1228 cus.
618 1174 700 1228 Tu
751 1190 882 1230 vero
927 1176 1305 1247 evangelicum
1352 1178 1621 1247 pervertis
1660 1177 1936 1242 ordinem,
1973 1187 2028 1233 et

445 1280 644 1336 papam
676 1283 784 1322 non
813 1268 1087 1338 increpari
1121 1269 1282 1324 modo
1311 1271 1415 1337 vis,
1444 1271 1538 1326 sed
1567 1271 1734 1326 etiam
1757 1271 2026 1343 judicari;

442 1368 498 1413 et
538 1359 844 1414 Honorium
895 1361 1163 1426 inculcas,
1206 1377 1371 1431 quem
1411 1362 1748 1434 judicaverit
1793 1372 1850 1419 et
1897 1379 2028 1419 con-

442 1451 794 1507 demnaverit
829 1461 979 1508 sexta
1021 1452 1266 1524 synodus
1296 1457 1460 1509 etiam
1500 1466 1623 1526 post
1658 1465 1912 1510 mortem.
1962 1456 2029 1511 Et

445 1559 612 1599 vocas
662 1554 828 1600 sexta:
871 1544 1068 1616 synodi
1107 1561 1270 1618 Opus,
1304 1546 1452 1616 quod
1492 1548 1755 1619 Acepbali
1797 1557 2030 1618 egerunt

441 1634 778 1691 Orientales.
811 1636 926 1692 Nec
955 1637 1128 1702 vides,
1164 1639 1307 1693 haud
1341 1639 1549 1710 primos
1579 1639 1684 1696 hoe
1712 1655 1876 1695 ausos
1905 1656 2027 1695 esse

445 1727 638 1783 Patres
669 1737 837 1783 sexta;
862 1729 1080 1800 synodi.
1104 1729 1183 1786 Ita
1214 1731 1362 1786 enim
1394 1731 1585 1786 Patres
1610 1731 1870 1788 secunda:
1901 1747 2024 1800 syn-

1602 326 1969 386 MATTHEI
2015 324 2548 386 CARYOPIIYLLI
3570 327 3654 394 808

1428 443 1826 512 procacitatem
1887 458 2018 498 vero

2133 443 2221 495 οὐκ
2252 444 2588 512 ἐπετιμᾶτο’
2626 440 2864 510 ἐπετίμα
2915 437 3068 493 Λέων
3116 437 3173 492 ἐν
3205 440 3268 510 τῇ
3313 439 3352 493 δ’
3397 439 3653 512 Διοσκόρῳ,

2129 531 2226 585 καὶ
2276 533 2377 595 τὰς
2424 533 2780 604 ἐπιτιμήσεις
2837 529 3111 601 ἐπεκύρου
3163 530 3196 600 ἡ
3243 529 3472 594 σύνοδος.
3504 531 3586 602 τὴν
3610 534 3656 586 δὲ

2128 623 2428 694 Διοσκόρου
2477 623 2684 694 τόλμαν
2731 623 2876 676 κατὰ
2912 621 3008 695 τού
3062 624 3266 676 πάππα
3319 623 3453 691 μετά
3488 623 3657 695 φρίκης

2129 717 2599 786 ἀπεσκοράκισεν.
2662 715 2914 783 Ἀγάθων
2957 718 2986 769 ὁ
3042 715 3279 776 πάππας
3338 717 3395 767 ἐν
3446 718 3506 786 τῇ
3551 717 3658 789 ἕκτῃ

2128 808 2284 877 ἔλεγε
2319 809 2444 872 τοὺς
2511 809 2616 879 πρὸ
2655 809 2822 864 αὐτοῦ
2872 810 3150 879 ἀρχιερεῖς
3176 807 3277 878 τῆς
3317 808 3519 877 Ῥώμης
3553 810 3659 864 ὐπο-

2134 902 2359 969 μνῆσιι,
2380 899 2678 970 ἐρωτῆσαι,
2700 901 3031 968 ἐπιτιμῆσαι
3056 900 3167 962 τοῖς
3197 899 3524 962 ἀνατολικοῐς
3547 899 3658 954 ὥστε

2131 991 2559 1062 Θεραπευθῆναι.
2597 992 2707 1046 Καὶ
2751 991 3030 1062 Ἀδριανὸς
3072 993 3100 1045 ό
3149 990 3383 1054 πάππας
3428 993 3481 1044 ἐν
3527 995 3582 1062 τῇ
3627 995 3661 1055 ζ’

2130 1085 2369 1155 ἐπετίμα
2426 1084 2691 1155 Ταρασίῳ
2763 1083 2842 1154 τῷ
2895 1081 3556 1152 Κωνστανῖινουπόλειυς,
3597 1084 3660 1136 ὅτι

2130 1179 2194 1230 ἐκ
2232 1177 2426 1248 λαῖκῆς
2472 1175 2680 1240 τάξεως
2716 1177 3166 1247 ἐκεχειροτόνητο
3209 1176 3560 1247 πατριάρχης,
3590 1179 3663 1230 καί

2130 1250 2509 1340 οἰκουμενικὸς
2546 1268 2920 1339 ἐπεφημίζετο
2953 1269 3175 1346 ἀδίκως.
3210 1268 3282 1321 Σὺ
3322 1268 3378 1320 δὲ
3410 1269 3501 1337 τὴν
3531 1268 3661 1335 εὐαγ-

2130 1360 2355 1432 γελικὴν
2385 1361 2718 1432 ἀνατρέπεις
2769 1362 2947 1428 τάξιν,
2990 1362 3083 1415 καὶ
3148 1361 3329 1432 βούλει
3381 1359 3466 1414 τὸν
3507 1361 3664 1414 πάπαν

2130 1453 2231 1506 οὐκ
2282 1454 2647 1525 ἐπιτιμᾶσθαι
2696 1454 2880 1525 μόνον,
2927 1453 3066 1508 ἀλλὰ
3112 1456 3208 1507 καὶ
3252 1451 3546 1524 κρίνεσθαι.
3577 1454 3664 1506 Καὶ

2129 1544 2458 1612 ἁνακυκλεῖς
2489 1547 2579 1601 τὸν
2621 1545 2908 1616 Ὀνὼριον,
2934 1547 3010 1610 ὡς
3039 1546 3300 1620 κριθέντα
3328 1547 3421 1599 καὶ
3446 1563 3665 1615 κατακρι-

2132 1635 2294 1690 θέντα
2328 1638 2422 1690 καὶ
2473 1629 2612 1707 μετὰ
2643 1637 2874 1692 Θάνατον
2916 1638 3069 1709 παρά
3097 1639 3194 1708 τῆς
3233 1644 3287 1702 ς’
3321 1637 3548 1690 συνόδου.
3580 1637 3667 1689 Καὶ

2092 1729 2157 1780 οό
2194 1730 2347 1798 μόνοι
2390 1729 2637 1801 ἔπραξαν
2687 1731 2982 1800 ἀκεφάλως
3035 1732 3085 1786 οἱ
3133 1713 3470 1796 ἀνατολιῖιοὶ,
3517 1732 3667 1794 καλεῖς

445 1819 537 1874 odi
573 1820 982 1876 elamlestinum
1027 1825 1369 1893 scripserant
1414 1839 1682 1880 canoncm
1711 1825 1780 1881 de
1813 1827 2025 1881 honore

2133 1823 2292 1891 ἔργον
2344 1825 2442 1894 τῆς
2486 1822 2538 1889 ς’
2587 1826 2833 1880 συνόδου.
2863 1827 2976 1880 Καὶ
3028 1827 3128 1897 οὐχ
3176 1829 3312 1897 ὁρᾷς
3362 1831 3434 1898 μὴ
3468 1827 3668 1898 πρώτοις

443 1913 1039 1986 Constantinopolitani
1075 1919 1196 1973 sine
1231 1934 1408 1989 papa;
1459 1919 1533 1974 ita
1571 1930 1780 1990 quarta:
1831 1922 2024 1993 synodi

441 2008 674 2072 Patres,
731 2019 792 2063 ut
847 2006 1165 2067 enarratum
1219 2021 1340 2078 est;
1402 2012 1476 2067 ita
1526 2013 1628 2067 soli
1677 2015 2024 2084 postmodum

439 2097 754 2157 Orientales
800 2102 1074 2158 celebrata
1129 2105 1340 2175 synodo
1384 2107 1696 2176 quinisexta
1742 2107 2024 2162 schismati

443 2193 685 2248 radicem
728 2210 986 2264 posuere.
1030 2196 1086 2250 In
1131 2212 1366 2263 summa,
1409 2200 1679 2270 quidquid
1720 2199 2027 2256 Orientales

443 2285 499 2340 in
531 2288 784 2342 conciliis
810 2297 1043 2359 egerunt
1073 2291 1214 2344 clam
1245 2308 1406 2362 papa,
1436 2309 1545 2347 non
1573 2295 1746 2349 sacris
1774 2295 2030 2350 conciliis

443 2377 741 2434 tribuenda
771 2389 923 2447 sunt,
953 2380 1049 2436 sed
1081 2381 1396 2438 artiﬁciosis
1420 2372 1786 2453 quorumdam
1816 2386 2026 2439 machi-

444 2471 740 2549 namentis.
798 2470 979 2538 Quare
1035 2474 1271 2528 multum
1322 2475 1684 2545 conqueritur
1727 2476 1839 2532 Leo
1889 2495 2025 2548 papa

445 2560 499 2615 in
532 2572 730 2632 quarta
763 2564 998 2634 synodo.
1030 2564 1306 2620 Judicavit
1337 2576 1393 2621 et
1422 2567 1812 2624 condemnavit
1846 2568 2028 2624 llonoo

443 2654 587 2707 rium
621 2654 760 2708 livor
791 2669 984 2708 eorum
1028 2657 1122 2725 qui
1159 2655 1307 2710 dicta
1339 2657 1487 2710 illius
1517 2657 1659 2712 mala
1703 2659 2024 2728 interpreta-

443 2742 596 2796 tione
635 2753 993 2812 exceperunt,
1038 2755 1091 2800 et
1140 2745 1508 2815 loquebantur
1547 2763 1669 2815 qua:
1713 2747 1817 2801 sibi
1869 2748 2024 2802 (ιω-ιιι

441 2841 626 2897 erant,
666 2841 724 2885 ut
768 2833 844 2886 ait
893 2843 1125 2888 sanctus
1173 2833 1444 2889 Maximus
1492 2835 1547 2889 in
1599 2835 1814 2908 dialogo
1859 2854 2022 2906 quem

444 2939 610 2994 supra
679 2924 992 2980 citavimus.
1057 2925 1176 2981 Non
1247 2927 1502 2985 ferebant
1560 2929 1709 2984 enim
1786 2940 2025 2999 quatuor

441 3017 1086 3089 Constantinopolitauos
1148 3021 1497 3092 patriarchas
1568 3023 2020 3078 anathematizari

446 3121 509 3167 ut
549 3113 837 3169 haereticos
883 3113 1305 3194 lilonotbelitas,
1350 3122 1410 3172 et
1455 3129 1566 3171 non
1619 3115 1788 3172 inseri
1835 3117 2022 3171 Hono-

445 3205 590 3261 rium
634 3205 966 3264 Romanum.

522 3501 679 3568 Quod
713 3519 841 3558 vero
863 3503 932 3559 de
967 3504 1217 3562 moribus
1246 3505 1352 3572 ais,
1376 3521 1594 3578 papam,
1624 3524 1751 3564 eum
1785 3511 1857 3564 sit
1915 3513 2031 3580 epi-

451 3611 672 3666 scopas,
721 3596 948 3676 subesse
999 3597 1214 3653 cunctis
1273 3598 1487 3669 legibus
1543 3601 1746 3668 quibus
1785 3603 2033 3672 subjacet

449 3687 630 3742 omnis
659 3686 973 3758 episcopus,
1013 3690 1116 3744 hoc
1135 3688 1293 3759 plane
1313 3691 1665 3748 estdoetrina
1694 3703 1783 3748 tua
1808 3711 1917 3748 non
1950 3697 2032 3748 in-

446 3779 696 3850 dignum.
736 3777 896 3834 Certe
927 3793 1210 3850 nunquam
1248 3781 1456 3838 dixeris
1488 3784 1854 3852 patriareham
1888 3784 2030 3840 Con-

445 3870 992 3941 stantinopolitanutn
1023 3872 1186 3927 subdi
1227 3873 1439 3945 legibus
1469 3874 1882 3932 bierareharum
1925 3877 2030 3932 sibi

444 3963 818 4033 subjectorum
839 3963 984 4019 inter
1011 3979 1152 4035 quos
1183 3964 1273 4021 ille
1327 3965 1537 4034 primus
1556 3975 1641 4023 est
1673 3976 1734 4023 ut
1756 3968 2033 4029 unitas,et

447 4072 556 4111 non
578 4057 722 4111 sicut
743 4059 1117 4122 coordinatus,
1141 4066 1203 4113 ut
1229 4066 1284 4113 tu
1305 4057 1465 4114 dicis.
1483 4057 1772 4123 Quomodo
1789 4061 1935 4116 enim
1960 4061 2032 4116 sit

447 4165 556 4206 non
575 4151 740 4206 eoord
750 4150 934 4206 inatus
945 4160 999 4208 et
1016 4151 1408 4208 subordinatus
1423 4150 1526 4208 ?At
1543 4167 1672 4207 vero
1690 4167 1884 4222 papam
1902 4167 2033 4209 cun-

448 4241 554 4296 ctis
579 4242 802 4296 subesse
833 4241 1070 4312 legibus,
1114 4241 1320 4312 quibus
1351 4251 1409 4297 et
1437 4241 1674 4312 quilibet
1717 4243 2028 4314 cpiSCOpUS,

445 4331 666 4401 egregie
692 4331 991 4386 admodum
1024 4335 1391 4402 pronuntias;
1434 4342 1491 4388 et
1532 4333 1574 4386 si
1606 4333 1797 4388 subest
1819 4335 2032 4389 cunctis

448 4423 683 4493 legibus,
705 4423 908 4492 quibus
922 4433 981 4480 et
1005 4424 1186 4480 omnis
1209 4425 1505 4495 episcopus
1530 4467 1545 4490 ,
1569 4425 1674 4480 erit
1701 4442 1798 4495 per
1819 4437 1869 4481 te
1893 4443 2031 4497 papa

2133 1915 2294 1970 τοῦτο
2321 1918 2432 1980 τοῖς
2468 1920 2611 1972 κατὰ
2639 1919 2739 1989 τὴν
2784 1924 2838 1983 ς’
2873 1920 3093 1973 σύνοδον
3124 1921 3522 1992 τετολμῆσθαι·
3551 1921 3668 1974 οὕτω

2135 2009 2264 2080 περὶ
2334 2011 2429 2065 τοῦ
2507 2013 3137 2076 Κωνσταντινουπόλεως
3201 2013 3437 2084 κρύφιον
3503 2017 3666 2068 κανόνα

2136 2102 2379 2166 ἐξέθεντο
2417 2106 2464 2158 οί
2513 2106 2610 2176 τῆς
2646 2105 2690 2175 β’
2743 2106 2963 2160 συνόδου
3009 2107 3133 2178 δίχα
3183 2108 3284 2177 τῆς
3327 2108 3559 2172 ἐξουσίας
3595 2107 3668 2162 τοῦ

2135 2197 2370 2251 πάππαο
2404 2198 2577 2262 οὕτως
2631 2199 2680 2252 oi
2707 2199 2806 2268 τῆς
2841 2199 2880 2252 δ’
2938 2200 3015 2263 ὡς
3061 2202 3280 2270 εἴρηται
3303 2213 3320 2230 ⁸
3353 2199 3517 2264 οὕτως
3545 2201 3669 2270 μόνοι

2131 2290 2229 2359 τὴν
2275 2291 2579 2362 πενῢέκτην
2609 2293 2750 2362 μετὰ
2803 2292 2977 2348 ταῦτα
3024 2295 3074 2348 oi
3126 2293 3440 2349 ἁνειτολικοί⁵
3469 2311 3670 2364 συγκρο-

2133 2386 2399 2455 τήσαντες
2429 2387 2491 2439 τὸ
2530 2388 2740 2458 σχίσμα
2792 2389 3101 2460 ἐρῤίζωσαν
3131 2406 3145 2420 ⁶
3188 2391 3283 2445 καὶ
3337 2391 3470 2455 ὅλως
3512 2393 3601 2446 ὅσα
3630 2392 3669 2443 oi

2133 2477 2450 2532 ἀνατολικοὶ
2480 2481 2539 2534 ἐν
2574 2484 2692 2543 ταῖς
2749 2481 2989 2546 συνόδοις
3057 2481 3244 2554 κρύφα
3285 2484 3385 2538 τοῦ
3418 2485 3559 2538 πάπα
3587 2503 3670 2537 1:5-

2134 2571 2426 2641 πράχασιν,
2495 2573 2594 2642 οὐχ
2653 2573 2843 2637 ἁπλῶς
2922 2576 3275 2645 ἀπονεμητέα
3346 2579 3462 2638 sai;
3519 2579 3671 2644 ἁγίαις

2135 2664 2398 2730 συνόδοις,
2418 2664 2558 2717 ἀλλὰ
2584 2668 2702 2728 ταῖς
2727 2683 2892 2718 τινων
2922 2667 3190 2737 ἐντέχνοις
3237 2671 3668 2739 μηχανουργίαιςο

2133 2757 2260 2826 περὶ
2303 2755 2363 2810 οὗ
2398 2756 2626 2810 πλεῖστα
2660 2759 2938 2828 μέμφεται
2985 2761 3044 2810 ὲν
3086 2763 3150 2831 τῇ
3191 2761 3234 2812 δ’
3271 2762 3472 2830 συνόδῳ
3501 2762 3673 2814 Λέωνὸ

2134 2850 2342 2911 πάπας.
2388 2849 2671 2920 Ἐκρινεν,
2737 2845 2782 2905 ὧ
2838 2852 3106 2920 βέλτιστε,
3145 2857 3239 2907 καὶ
3272 2856 3554 2925 κατέκρινε
3596 2855 3672 2907 τὸν

2143 2939 2406 3010 Ὀνώριον
2447 2944 2479 3011 ἡ
2517 2943 2786 3011 βασκανία
2835 2943 2944 3000 τῶν
2984 2949 3556 3017 παρερᾳηνευσάντων
3593 2950 3672 3008 τὰς

2130 3033 2342 3087 ἐκείνου
2399 3034 2596 3100 λέξεις,
2630 3037 2722 3088 καὶ
2767 3037 3074 3093 λαλούντων
3106 3040 3175 3093 τὰ
3225 3041 3337 3093 ἀπὸ
3391 3033 3672 3113 καρδίας,ᾗ

2133 3143 2302 3195 φησιν
2349 3129 2378 3180 ὁ
2431 3129 2602 3201 μέγας
2637 3130 2890 3201 Μάξιμος
2916 3146 2930 3162 ο
2966 3133 3027 3184 ού
3084 3132 3194 3202 γὰρ
3239 3133 3406 3205 ἔφερε
3435 3135 3672 3202 τέσσαρας

2133 3221 2551 3276 Κωνσταντινου
2560 3223 2765 3287 πόλεως
2805 3227 3152 3297 πατριάρχας
3197 3228 3672 3298 ἀναθεματισϐἧναι

2131 3315 2205 3377 ὡς
2254 3315 2638 3386 Μονοοελήτας
2689 3319 3024 3387 αίρετικοὺς,
3081 3321 3176 3373 καὶ
3231 3321 3308 3392 μὴ
3361 3323 3671 3392 ἐγκεντρίσαι

2131 3404 2223 3458 τὸν
2263 3404 2479 3478 Ῥώμης
2521 3407 2798 3478 Ὀνώριον.

2207 3492 2343 3563 Περὶ
2377 3493 2433 3546 δὲ
2463 3495 2561 3565 τῆς
2593 3496 2760 3567 ἄλλης
2794 3495 3066 3564 πολιτείας
3091 3500 3118 3553 ὃ
3145 3501 3274 3574 φῂς,
3294 3504 3380 3558 ὅτι
3413 3505 3670 3569 ἐπίσκοπος

2131 3583 2209 3637 ὣν
2240 3587 2268 3638 ὁ
2299 3587 2486 3651 πάπας
2540 3590 2786 3660 ἐνέχεται
2847 3595 2940 3647 καὶ
2980 3594 3140 3659 αὐτὸς
3176 3598 3312 3650 πᾶσι
3346 3601 3458 3662 τοῖς
3493 3599 3669 3668 νόμοις,

2133 3673 2216 3742 οἷς
2249 3678 2539 3733 ὑπόκειται
2594 3683 2825 3750 ἕκαστος
2878 3687 2991 3741 τῶν
3038 3689 3378 3759 ἐπισκόπων,
3410 3695 3556 3747 τοῦτο
3592 3697 3671 3764 τῆς

2136 3769 2235 3839 σῆς
2266 3769 2419 3837 ἄξιον
2449 3773 2822 3841 διδασκαλίας.
2858 3781 2965 3833 Καὶ
2999 3783 3090 3835 τὸν
3121 3783 3221 3850 μὲν
3259 3787 3672 3843 Κωνσταντινου-

2135 3860 2346 3925 πόλεως
2381 3865 2730 3937 πατριάρχην
2755 3871 2856 3922 οὐκ
2889 3871 2954 3925 ἄν
2994 3890 3124 3926 ποτε
3178 3878 3348 3950 φαίης
3387 3880 3670 3934 ὑποκεῖσθαι

2133 3957 2244 4018 τοίς
2277 3957 2465 4027 νόμοις
2491 3958 2598 4012 τῶν
2633 3961 2726 4015 ὑπ’
2757 3964 2922 4018 αὐτὸν
2953 3967 3246 4041 ίεραρχῶν,
3290 3968 3368 4029 ὧν
3402 3979 3512 4030 ἐστι
3543 3979 3670 4048 πρῶ·

2133 4063 2224 4110 τος
2253 4048 2331 4111 ὡς
2379 4051 2572 4121 μονὰς,
2603 4053 2698 4106 καὶ
2745 4055 2820 4120 ὡς
2858 4059 2935 4129 μὴ
2968 4068 3423 4135 συντεταγμένος,
3457 4073 3588 4126 καθὰ
3620 4076 3672 4126 σὺ

2133 4143 2494 4213 λέγεις’πῶς
2555 4149 2663 4220 γὰρ
2719 4152 2785 4206 ἂν
2843 4155 2929 4226 εἴη
2981 4157 3058 4226 μὴ
3113 4169 3547 4236 συντεταγμένος
3597 4171 3674 4221 καὶ

2134 4236 2616 4310 ύποτεταγμένος;
2647 4243 2739 4297 τὸν
2787 4246 2847 4299 δὲ
2912 4247 3101 4304 πάπαν
3147 4255 3296 4321 μάλα
3330 4261 3539 4328 σεμνῶς
3565 4264 3674 4314 ἀπο-

2133 4331 2299 4403 φαίνῃ
2353 4335 2520 4387 πᾶσιν
2570 4337 2892 4392 ύποκεῐσοαι
2944 4346 3056 4406 τοῖς
3099 4344 3312 4416 νόμοις,
3345 4346 3426 4413 οἷς
3471 4356 3672 4406 καὶτῶν

2135 4425 2450 4480 ἐπισκόπων
2489 4426 2744 4494 ἕκαστος.
2778 4430 2840 4485 Εί
2871 4432 2928 4486 δέ
2975 4430 3057 4499 οἷς
3107 4440 3203 4493 καὶ
3234 4442 3344 4496 τῶν
3390 4446 3674 4500 ἐπισκόπων

445 4517 568 4587 ejus
611 4515 849 4580 ordinis,
893 4516 1053 4588 cujus
1081 4526 1139 4572 et
1181 4518 1428 4588 episcopi
1478 4520 1807 4590 sullraganei
1854 4522 2026 4576 Caesa-

2133 4516 2388 4586 ἓκαστος,
2427 4520 2525 4589 τῆς
2580 4522 2752 4593 αὐτῆς
2813 4532 2955 4581 κατὰ
3003 4528 3062 4580 σέ
3093 4531 3297 4598 τάξεως
3334 4536 3360 4588 ὁ
3394 4538 3589 4605 nam;
3620 4537 3674 4612 ἧς

449 4608 684 4662 reensis.
706 4605 774 4662 At
793 4608 894 4663 hoc
916 4607 1122 4672 dicere,
1143 4609 1274 4678 quid
1298 4611 1546 4665 estaliud
1567 4627 1728 4681 quam
1752 4611 2030 4669 insanire?

449 4697 558 4752 Sed
599 4697 645 4752 si
676 4712 864 4751 verum
915 4707 1004 4753 est
1044 4701 1227 4756 multo
1254 4701 1424 4771 magis
1459 4702 2030 4774 Constantinopolita-

447 4798 580 4840 num
603 4787 828 4844 subesse
847 4805 1002 4860 papa:
1025 4805 1190 4859 quam
1219 4791 1292 4846 illi
1323 4792 1576 4848 subditos
1601 4793 1951 4862 bierarcbas;
1973 4806 2029 4851 et

443 4879 1092 4953 Constantinopolitanus
1115 4897 1226 4938 non
1245 4881 1537 4954 subjicitur
1563 4885 1780 4958 legibus
1801 4903 2025 4944 suorum

447 4972 869 5042 episcoporum;
902 4974 1147 5044 profecto
1177 4991 1280 5031 nec
1307 4991 1445 5046 papa
1483 4977 1783 5046 subjicitur
1813 4979 2028 5050 legibus

444 5068 692 5120 omnium
733 5067 1113 5137 episcoporum
1143 5085 1157 5133 ;
1185 5083 1356 5138 quare
1381 5083 1482 5123 nec
1505 5069 1716 5139 legibus
1746 5071 2026 5140 subjectus

445 5169 532 5212 est
565 5160 768 5228 quibus
814 5161 1004 5215 subest
1053 5161 1288 5230 quilibet
1336 5164 1740 5234 episc0porttm,
1775 5163 2024 5232 quando-

447 5251 673 5320 quidem
728 5253 964 5322 quilibet
992 5253 1380 5330 episcoporum
1429 5253 1619 5310 subest
1648 5254 2022 5323 apostolorum

441 5353 501 5398 et
535 5342 755 5397 Patrum
782 5345 1035 5414 legibus;
1072 5362 1207 5415 papa
1239 5361 1369 5400 vero
1399 5360 1523 5403 cum
1554 5355 1831 5415 pastorum
1857 5359 2022 5416 caput

445 5437 536 5499 sit,
562 5436 726 5514 nullis
768 5446 1047 5506 pastorum
1096 5439 1307 5508 legibus
1338 5441 1561 5504 subest;
1595 5439 1841 5509 alioquin
1879 5457 2018 5510 quo-

443 5515 605 5581 modo
638 5529 781 5584 dicta
830 5540 882 5584 et
910 5531 1194 5585 sententiae
1221 5531 1552 5602 synodorum
1584 5537 1649 5587 de
1701 5541 1861 5603 papa‘
1885 5551 2015 5587 cun-

440 5617 640 5672 sistent
661 5619 685 5672 ?

515 5801 730 5858 Asseris
758 5803 976 5875 deinde,
1029 5822 1223 5880 papam
1261 5809 1432 5866 \‘itlcti
1483 5811 1763 5880 speciatim
1819 5829 2010 5885 repre-

2136 4610 2229 4663 καὶ
2277 4613 2326 4664 oi
2363 4614 2466 4666 ὑπὸ
2500 4614 2592 4668 τὸν
2630 4617 2969 4690 Καισαρείας
3010 4624 3326 4682 ἐπίσκοποι.
3361 4631 3428 4684 Τί
3477 4634 3519 4685 δ’
3568 4610 3675 4686 ἄλλο

2131 4705 2291 4758 τοῦτο
2338 4705 2371 4776 ἦ
2426 4707 2593 4776 μανία
2651 4711 2866 4783 σαφήςς
2923 4715 2980 4767 Εί
3025 4717 3205 4771 τοίνυν
3264 4722 3480 4789 ἀληθὲς,
3526 4724 3674 4793 πο).λῴ

2134 4796 2338 4866 μᾶλλον
2404 4799 2725 4856 ὑποκεῖσθαι
2796 4805 2890 4858 τὸν
2945 4809 3568 4877 Κωνὺταντινουπόλεως
3614 4818 3674 4883 τῷ

2131 4890 2314 4960 πὰπᾳ,
2351 4891 2385 4960 ἣ
2442 4893 2638 4965 ἐκείνῳ
2687 4896 2816 4962 τοὺς
2866 4899 2958 4953 ὑπ’
3005 4903 3168 4956 αὑτὸν
3229 4907 3528 4977 ίεράρχας·
3591 4914 3673 4960 οῗκ

2127 4983 2372 5053 ἐνέχεται
2401 4985 2457 5038 δὲ
2483 4989 2511 5039 ὁ
2543 4987 3174 5059 Κωνσταντινουπόλεως
3201 5001 3313 5061 τοῖς
3347 4995 3457 5053 τῶν
3487 5003 3675 5054 οἰκείων

2129 5077 2448 5132 ἐπισκόπων
2518 5079 2726 5150 νόμοις,
2790 5083 2903 5137 οὐδ’
2958 5085 2987 5137 ὁ
3044 5087 3230 5153 πάπας
3293 5091 3398 5160 ἄρα
3453 5095 3673 5161 ἐνέχεται

2125 5171 2240 5231 τοῖς
2287 5167 2396 5222 τῶν
2443 5171 2760 5244 ἁπανταχοῦ
2809 5177 3129 5232 ἐπισκόπων
3177 5183 3360 5253 νόμοις
3387 5199 3400 5214 ·
3437 5186 3554 5238 ὅθεν
3585 5184 3674 5237 οὐδ’

2125 5260 2388 5330 ἐνέχεται,
2425 5258 2507 5326 οἷς
2535 5264 2631 5318 καὶ
2684 5267 2918 5332 ἕκαστος
2963 5270 3075 5324 τῶν
3113 5272 3468 5340 ἐπισκόπων,
3511 5276 3673 5344 ἐπειδὴ

2124 5353 2233 5406 τῶν
2283 5357 2599 5412 ἐπισκόπων
2641 5360 2875 5425 ἕκαστος
2915 5366 3010 5416 καὶ
3061 5369 3174 5431 τοῖς
3224 5370 3333 5422 τῶν
3382 5373 3674 5423 ἀποστόλων

2126 5448 2218 5500 καὶ
2246 5447 2357 5507 τοῖς
2379 5448 2488 5502 τῶν
2507 5449 2770 5522 Πατέρων
2797 5454 3085 5510 ὑπόκειται
3108 5459 3316 5529 νόμοιςο
3357 5464 3384 5514 ὁ
3426 5463 3478 5516 δὲ
3507 5468 3672 5524 πάντας

2123 5539 2199 5600 ὡς
2245 5543 2620 5614 ποιμενάρχης
2678 5546 2886 5600 οὐδέσιν
2953 5549 3244 5606 ὑπόκειται
3298 5556 3563 5623 ποιμένων
3603 5557 3673 5606 νό-

2122 5631 2449 5712 μοιςιεῖπερ
2491 5635 2708 5705 ἀληθεῖς
2734 5641 2786 5690 αἱ
2815 5642 2922 5692 τῶν
2954 5645 3189 5700 συνόδων
3223 5648 3522 5717 ἀποφάσεις
3555 5647 3666 5716 περὶ

2118 5721 2212 5772 τοῦ
2247 5725 2421 5790 πάπα,
2453 5724 2519 5790 ἃς
2555 5730 3004 5801 προηνέγκαμεν.

2188 5811 2319 5870 Εἶτα
2347 5819 2438 5875 καί
2473 5819 2580 5891 ἰδίᾳ
2613 5822 3020 5896 ἐτιτιμώμενον
3073 5830 3356 5899 φαίνεσῢαι
3386 5810 3560 5900 Myer;
3589 5829 3665 5882 civ

2891 6031 2924 6069 \
