3900 6562
202 431 322 498 813

1483 427 1926 500 REFUTATIO
1989 433 2173 499 NlLl.

3320 423 3425 494 814

200 546 454 611 πολιτείᾳ
486 544 596 598 τῶν
629 535 970 612 Χριστιανῶν
999 565 1012 578 ο
1052 548 1244 616 πρῶτα
1279 550 1398 614 μὲν,
1427 551 1530 602 ὅσα
1562 550 1767 618 ἐγγρά-

1885 552 2162 603 :ocietate:
2209 549 2402 617 prima,
2433 563 2551 618 qua!
2583 549 2633 601 in
2679 548 2976 616 Seripturis
3029 544 3299 598 habentur
3337 547 3429 594 oa-

198 653 321 700 φως
348 634 545 702 ἔχομεν
593 636 652 687 ἐν
698 627 815 698 ταῖς
863 643 1178 702 κανονικαῖς
1225 639 1429 708 βίϐλοις
1459 653 1473 669 '
1518 641 1768 707 δεύτερα,

200 726 302 776 ὅσα
336 724 394 776 ού
439 719 526 778 διὰ
556 727 802 796 γραφῆς,
826 727 964 780 ἀλλά
1011 729 1098 782 διά
1153 731 1508 802 παραδόσεως
1556 732 1772 802 ἔχομεν,

203 816 299 866 καὶ
353 816 504 885 παρὰ.
537 817 672 869 πᾶσι
707 821 861 889 κοινῇ
899 819 1260 886 φυλάττονται
1283 837 1301 860 ο
1345 817 1456 879 οἷον
1489 821 1551 876 τὸ
1584 821 1773 891 ἑορτά·

202 905 398 966 ζεσθαι
446 907 547 977 τὴν
593 909 834 976 Χριστοῦ
885 909 1208 976 ἀνάστασιν,
1236 913 1299 965 τὸ
1345 913 1540 978 πάθος,
1587 913 1683 967 καὶ
1707 914 1774 967 τὰ

200 995 365 1062 ὃμοια
387 1012 404 1028 ·
435 997 590 1066 τρίτα
613 998 670 1050 δὲ
700 999 768 1052 τά
797 1001 940 1053 κατά
967 1001 1166 1064 τόπους
1190 1001 1450 1072 διάφορα,
1481 997 1616 1068 οἷον,
1663 1021 1770 1074 φη·

203 1085 318 1150 σὶν,
345 1089 378 1150 ἡ
410 1087 507 1142 τοῦ
532 1088 809 1142 Σαδσάτου
843 1093 1068 1158 νηστεία
1093 1108 1108 1123 ο
1137 1093 1188 1146 οί
1214 1093 1316 1163 μὲν
1344 1095 1454 1162 γὰρ
1483 1093 1775 1164 νηστεύου-

203 1195 312 1236 σιν.
333 1180 382 1232 οί
407 1179 464 1231 δὲ
493 1180 555 1232 ού
583 1181 928 1249 νηστεύουσι,
959 1185 1055 1238 καὶ
1079 1184 1146 1237 τά
1175 1184 1561 1256 παραπλήσια.
1585 1179 1774 1238 Ταῦτα

203 1269 268 1322 τά
302 1270 466 1339 τρίτα
508 1273 676 1340 φησιν
723 1271 1016 1343 ἐλευθέρας
1057 1272 1199 1330 εἶναι
1246 1275 1673 1348 παραφυλακῆς,
1705 1277 1775 1330 tv‘

202 1361 411 1421 lxeivoc
467 1361 669 1430 ἄριστα
713 1363 1092 1433 πολιτεύηται,
1127 1365 1188 1430 δς
1218 1367 1308 1432 ἂν,
1335 1369 1522 1437 φησὶν,
1555 1366 1773 1422 ὲν-τού-

201 1446 598 1522 τοιςφυλάσσῃ
631 1453 692 1509 τὸ
735 1455 856 1518 ἔθος
895 1459 991 1526 τῆς
1022 1457 1377 1528 Ἐκκλησίας,
1411 1461 1470 1512 ἐν
1509 1452 1542 1530 ᾗ
1588 1460 1655 1512 ἂν
1683 1462 1776 1528 γέ-

211 1558 382 1609 θηται,
422 1539 556 1602 Εἶτα
586 1545 748 1602 πάλιν
789 1547 950 1615 φέρει
977 1548 1038 1600 τὸ
1072 1549 1238 1618 ῥητὸν
1281 1539 1374 1602 τοῦ
1414 1547 1772 1618 ’Ᾱμδροσίου,

205 1632 298 1683 xli.
325 1634 572 1693 τοιοῦτον
594 1637 806 1694 ἐκείνου
831 1654 904 1689 πα
914 1639 1220 1708 ράγγελμα·

274 1723 368 1784 Et;
397 1726 466 1794 ἢν
504 1725 570 1777 ἂν
622 1726 840 1794 ἀφίκοιο
879 1729 1230 1798 Ἐκκλησίαν,
1267 1732 1482 1802 ἐκείνης
1514 1731 1583 1785 τὰ
1609 1732 1774 1801 ἔθιμα

209 1813 474 1878 φύλασσε,
503 1816 556 1866 εἴ
587 1833 670 1872 σοι
697 1817 957 1888 βουλητὸν
991 1821 1188 1889 μηδενὶ
1223 1821 1390 1891 μηδὲν
1439 1824 1774 1892 πρόσκομμα

208 1901 407 1955 διδόναι
455 1904 487 1971 ἢ
535 1905 784 1974 πάσχειν.
828 1887 1075 1978 Ἐγὼ
1111 1887 1780 1981 φησλννΑύγουνστῖνοςξτὸ
1811 1887 1850 1938 Β

206 1995 453 2050 τοιοῦτον
509 1999 880 2066 παράγγελμα
934 2001 1164 2056 πλεῖστα
1222 2003 1346 2056 κατ’
1403 2004 1642 2071 ἐμαυτὸν
1696 2005 1780 2056 λο-

209 2085 532 2152 γισάμενος,
559 2087 729 2151 οὓτως
756 2090 886 2158 ἔχω,
913 2088 988 2154 ὡς
1017 2092 1067 2144 εί
1097 2091 1282 2145 θεόθεν
1301 2092 1460 2163 ἐδόθη
1493 2109 1606 2162 μοι.

279 2262 393 2314 Καὶ
429 2262 485 2312 ἐν
517 2265 584 2334 τῇ
629 2261 693 2316 ιθ¹
730 2264 1025 2335 ἐπιστολῇ,
1075 2267 1202 2321 Ἐάν
1235 2285 1338 2332 τις,
1370 2270 1554 2338 φησὶν,
1590 2272 1781 2324 άνατοι

207 2353 354 2414 λικδς
383 2352 526 2422 ἀνὴρ
569 2354 849 2429 ἐνδημήσῃ
893 2359 958 2426 τῇ
995 2355 1206 2427 Ῥώμῃ,
1238 2353 1347 2426 ἆρα
1381 2359 1684 2431 νηστεύσας
1718 2363 1784 2414 τὰ

209 2441 471 2494 Σάόὄατα
520 2443 660 2513 πλὴν
718 2446 812 2496 τοῦ
866 2447 1006 2512 ἑνὸς,
1056 2449 1500 2520 ἐγκληθήσεται;
1557 2450 1622 2506 El
1677 2450 1782 2522 γὰρ

209 2531 401 2603 φαίης,
436 2533 495 2585 οὐ
534 2535 692 2602 μόνον
726 2537 1156 2606 ἀποδοκιμάζεις
1187 2538 1286 2608 τὴν
1327 2539 1618 2607 Ῥωμαίων
1653 2539 1780 2594 Ἐκ·

208 2624 466 2692 κλησίαν,
527 2625 662 2678 ἀλλὰ
709 2629 802 2679 καὶ
857 2629 1103 2696 γείτονας
1157 2631 1371 2694 πολλὰς,
1415 2631 1507 2684 καὶ
1564 2631 1783 2700 μακρὰν

206 2713 399 2776 οὔσας.

282 2810 398 2862 Καὶ
445 2810 646 2879 Πέτρος
675 2811 732 2863 δὲ
777 2813 804 2864 ὁ
849 2812 1261 2884 Ἀλεξανδρείας
1312 2814 1640 2885 ίερομάρτυς
1689 2812 1785 2880 τὴν

208 2901 473 2968 νηστείαν
499 2903 594 2970 τῆς
622 2904 904 2973 Τετάρεης
944 2906 1039 2958 καὶ
1079 2905 1436 2974 Παρασκευῆς
1467 2905 1527 2957 οὐ
1555 2904 1783 2963 κανόνος

208 2992 575 3045 ἁποστολικοῦ
629 2993 812 3061 νόμον,
845 2994 980 3048 ἀλλὰ
1027 2995 1378 3064 παραδόσεως
1411 2996 1634 3062 εὐλόγου
1682 3014 1784 3064 φης

210 3084 315 3134 σίν.
357 3083 551 3135 Καίτοι
602 3085 754 3155 παρά
792 3086 1044 3156 Γραικοῖς
1085 3089 1445 3146 ἁποστολικός
1497 3091 1622 3141 ἐστιν
1649 3089 1780 3156 περὶ

1877 640 2126 704 nonicis;
2167 639 2430 697 secunda.
2464 653 2584 708 quae“
2637 649 2744 693 non
2799 637 3025 706 scripta,
3083 635 3179 690 sed
3235 630 3430 692 tradita

1874 726 2234 791 custodimus,
2264 735 2318 780 ot
2352 734 2466 780 toto
2525 733 2794 780 terrarum
2853 725 2986 779 orbe
3045 723 3428 781 obse'rVantnr,

1864 819 2034 871 'sicuti
2067 815 2250 872 Passio
2275 825 2360 872 est
2389 827 2444 871 et
2475 815 2825 872 Resurreetio
2859 814 3088 876 Christi,
3119 825 3173 868 et
3201 808 3426 871 similia,

1873 921 1995 975 quae
2024 907 2342 963 solomniter
2378 902 2762 970 celebrantur;
2819 905 2967 960 tertii
3021 903 3257 973 generis,
3309 915 3430 969 qua:

1875 1012 1971 1065 per
2025 997 2142 1051 loca
2173 1003 2446 1051 terrenum
2481 997 2842 1065 regionesque
2901 994 3207 1056 variantur,
3265 991 3430 1046 sicuti

1873 1086 2123 1156 estquod
2159 1087 2251 1140 alii
2298 1087 2547 1156 jejunent
2576 1082 2836 1151 sabbato,
2864 1085 2958 1139 alii
3022 1095 3149 1139 vero
3202 1096 3332 1144 non,
3379 1093 3433 1132 et

1874 1179 1978 1232 alia
2009 1177 2342 1248 huiusmodi.
2383 1177 2584 1232 Totum
2616 1178 2740 1242 hoc,
2799 1175 2997 1246 inquit,
3026 1188 3199 1245 genus
3251 1187 3432 1226 rerum

1877 1270 2078 1324 liberas
2122 1268 2290 1324 habet
2342 1269 2774 1333 observationes,
2843 1281 2944 1322 nec
3009 1265 3300 1335 disciplina
3351 1272 3437 1316 est

1877 1362 1983 1414 ulla
2023 1361 2076 1414 in
2117 1360 2202 1417 his
2235 1359 2450 1424 melior,
2481 1374 2642 1429 quam
2679 1369 2738 1414 ut
2775 1374 2843 1416 eo
2896 1357 3058 1412 modo
3085 1357 3168 1410 vir
3195 1354 3472 1424 prudens-

1875 1459 1999 1521 agat
2014 1467 2124 1521 quo
2159 1466 2318 1522 agere
2378 1452 2576 1506 viderit
2606 1451 2920 1514 Ecclesiae),
2955 1450 3021 1504 ad
3051 1459 3437 1515 quamcunque

1876 1544 2015 1598 forte
2083 1542 2382 1598 devenerit.
2461 1542 2666 1597 Deinde
2722 1548 2914 1597 rursus
2975 1538 3133 1596 aﬂ‘crt
3203 1539 3437 1594 Ambro-

1879 1633 1943 1686 sii
1982 1632 2188 1687 dictum
2227 1633 2454 1703 ejusque
2517 1643 2874 1702 prmceptum:

1949 1720 2028 1776 Ad
2070 1736 2456 1791 quamcunque
2511 1724 2646 1778 forte
2697 1724 2994 1778 Ecclesium
3049 1721 3285 1781 veneris,
3321 1722 3440 1789 ejus

1883 1823 2086 1864 morem
2114 1824 2294 1874 serva,
2350 1809 2393 1863 si
2459 1809 2710 1878 cuiquam
2741 1823 2847 1864 non
2882 1809 2964 1862 vis
3009 1821 3130 1862 esse
3157 1807 3438 1868 seandalo,

1881 1915 1981 1956 nec
2010 1915 2337 1970 quemquam
2364 1900 2485 1954 tibi.
2528 1900 2640 1969 Ego
2687 1914 2839 1964 vero,
2871 1899 3052 1969 inquit
3078 1897 3438 1966 Augustinus.

1879 1991 1947 2047 de
2009 1993 2111 2047 hac
2170 1993 2440 2047 sententia
2491 1992 2655 2046 etiam
2722 1999 2888 2059 atque
2953 1989 3114 2043 etiam
3170 1987 3438 2057 cogitans,

1821 2107 1832 2120 ι
1883 2083 1954 2136 ita
1986 2082 2160 2138 hach
2189 2092 2442 2151 tanquam
2482 2097 2601 2136 eam
2662 2079 2871 2137 cmlestl
2906 2077 3133 2134 oraculo
3184 2090 3439 2144 suscepe-

1883 2187 2004 2224 ΙῚΙΙΙ.

1954 2263 2022 2318 Et
2051 2263 2210 2332 epist.
2276 2264 2366 2329 19,
2399 2263 2613 2326 Utrum,
2652 2263 2852 2332 inquit,
2908 2261 2955 2322 si
2990 2261 3276 2330 quisquam
3318 2271 3441 2311 san-

1885 2363 2004 2408 ctus
2029 2351 2322 2408 Orientalis
2362 2352 2584 2405 Romam
2607 2355 2841 2415 venerit,
2871 2359 2926 2404 et
2953 2349 3194 2404 Sabbato
3233 2346 3444 2418 jejuna-

1885 2446 2043 2509 verit,
2069 2452 2298 2512 excepto
2329 2443 2423 2498 illo
2464 2443 2553 2498 die
2578 2441 2853 2498 Paschalis
2879 2440 3096 2512 vigiliae,
3137 2436 3442 2508 culpandus

1884 2536 1996 2592 sit?
2045 2535 2099 2590 Si
2132 2533 2389 2597 allirmes,
2412 2549 2521 2589 non
2579 2534 2760 2588 solum
2795 2534 3094 2588 Romanam
3119 2529 3442 2591 Ecclesiam,

1883 2629 1978 2683 sed
2005 2628 2168 2680 etiam
2204 2621 2402 2680 multas
2428 2625 2478 2678 ei
2521 2623 2729 2679 vicinas
2759 2633 2814 2679 et
2859 2622 3186 2678 remotiores
3219 2623 3444 2676 damna-

1887 2718 1989 2772 bis.

1956 2811 2146 2866 Petrus
2175 2821 2394 2879 quoque
2421 2807 2822 2863 Alexandrinus
2865 2807 3160 2878 episcopus
3216 2816 3271 2861 et
3306 2821 3445 2858 mar-

1887 2912 1973 2974 tyr
2016 2901 2287 2972 jejunium
2320 2909 2530 2969 quartae
2567 2907 2624 2954 et
2661 2909 2828 2954 sexta:
2884 2897 3054 2962 feriae,
3109 2913 3218 2952 non
3268 2899 3444 2969 legem

1887 2993 2166 3063 apostolici
2192 2990 2439 3057 canonis,
2475 2991 2571 3046 sed
2609 2991 2920 3046 traditionis
2951 3006 3071 3047 esse
3124 2991 3304 3061 inquit
3363 3007 3449 3044 ra-

1890 3085 2020 3139 lieni
2051 3073 2428 3154 cengruentis.
2459 3084 2594 3138 Cum
2620 3091 2800 3136 tamen
2824 3082 2967 3152 apud
2999 3081 3216 3137 Graecos
3250 3082 3317 3136 de
3339 3081 3443 3136 hoc

208 3178 407 3229 τούτου
453 3176 632 3228 κανὼν
671 3175 768 3241 ξθ’,
794 3175 904 3231 οἷόν
939 3181 1055 3232 ὲστι
1087 3180 1183 3233 καὶ
1233 3181 1261 3233 ὅ
1311 3196 1479 3249 φησιν
1521 3179 1550 3231 ὁ
1598 3181 1776 3250 μέγας

1885 3184 2060 3231 exstet
2111 3189 2286 3229 canon
2338 3173 2673 3243 apostolicus
2735 3171 2824 3236 69,
2865 3172 3025 3241 quale
3077 3154 3213 3226 illud
3277 3171 3441 3224 etiam

213 3267 496 3327 Βασίλειος
525 3269 583 3319 ἐν
613 3266 691 3330 τῷ
727 3270 860 3334 Περὶ
897 3269 1004 3323 τοῦ
1034 3270 1207 3339 ἁγίου
1243 3269 1587 3337 Πνεύματος
1616 3287 1779 3335 κεφα-

1885 3277 1970 3321 est
2027 3265 2168 3335 apud
2206 3264 2460 3318 Basilium
2527 3277 2778 3332 magnum
2807 3265 2858 3317 in
2911 3262 3052 3316 libro
3105 3262 3179 3315 De
3239 3261 3446 3332 Spiritu

211 3361 348 3426 λαίῳ
377 3356 483 3422 κζ’,
504 3357 633 3412 ἔνθα
667 3362 799 3428 Περὶ
827 3359 944 3439 τῷν
981 3361 1265 3430 ἀγράφων
1303 3359 1610 3429 domuith
1632 3359 1779 3429 αὐτῷ

1885 3365 2090 3420 uincto,
2140 3355 2315 3424 capite
2359 3355 2433 3407 De
2486 3356 2749 3422 dogmatis
2803 3370 2907 3408 non
2958 3355 3201 3423 scriptis:
3249 3351 3438 3418 Tritia,

208 3453 237 3504 ό
267 3453 454 3518 λόγος,
487 3453 584 3514 τὰς
632 3455 783 3519 τρεῖς
827 3454 882 3506 ἐν
927 3453 1005 3521 τῷ
1051 3452 1386 3522 βαπτίσματι
1439 3451 1778 3512 καταδύσεις.

212 3545 274 3596 Οἱ
306 3545 366 3596 δὲ
421 3543 732 3598 ἀνατολικοὶ
765 3547 892 3614 περὶ
922 3543 1113 3596 τούτου
1161 3544 1255 3596 τὸν
1287 3542 1330 3596 ν’
1358 3543 1546 3612 ἔχουσι
1580 3543 1782 3595 κανόνα

208 3637 320 3688 τῶν
351 3635 688 3688 ἀποστόλων.
717 3635 879 3687 Ὥστε
907 3635 939 3706 ἢ
971 3634 1059 3688 τὸν
1088 3635 1292 3687 κανόνα
1337 3635 1524 3703 ἠγνόει
1549 3635 1578 3685 δ
1609 3631 1782 3701 μέγας

213 3725 516 3786 Βασίλειος,
576 3725 714 3793 ὅπερ
764 3722 1214 3776 ἀπιθανώτατον·
1281 3723 1314 3793 ἢ
1375 3723 1534 3791 δῆλον
1584 3722 1666 3773 ὅτι
1720 3722 1780 3771 ού

211 3813 415 3874 πάντες
460 3812 808 3866 ἀποστολικοὶ
858 3812 1078 3873 κανόνες
1129 3811 1180 3864 οἱ
1223 3809 1649 3882 περιφερόμενοι
1696 3810 1782 3862 ἐπ’

209 3902 436 3970 ὀνόματι
465 3900 574 3953 τῶν
602 3900 934 3962 ἀποστόλων,
972 3899 1106 3953 ἀλλὰ
1137 3899 1281 3953 νόθοι
1307 3899 1458 3962 ὄντες
1488 3902 1587 3952 οὑκ
1610 3899 1780 3967 ὀλίγοι

211 3993 327 4053 τοῖς
378 3990 624 4058 γνησίοις
669 3989 845 4056 λάθρα
893 3989 1404 4061 συνηριθμήθησαν.
1453 3989 1512 4042 Ὀ
1536 3990 1592 4044 δὲ
1627 3990 1780 4055 ἅγιος

221 4081 552 4153 Ἱερώνυμος
586 4083 642 4134 ὲν
671 4084 737 4151 τῇ
771 4082 902 4150 πρὸς
935 4084 1217 4134 Λουκίνιον
1262 4079 1544 4151 ἐπιστολῇ,
1569 4082 1779 4146 Ζητεῖς,
1821 4082 1829 4090 ’

209 4177 369 4242 φησὶ,
396 4174 524 4240 περὶ
568 4171 660 4224 τοῦ
699 4171 980 4225 Σαϐϐάτου
1016 4174 1064 4223 εί
1116 4170 1460 4240 νηστευτέον.
1491 4169 1628 4238 Περὶ
1657 4170 1778 4221 τού·

210 4281 304 4316 του
356 4266 452 4314 καὶ
491 4263 814 4325 Ἱππόλυτος
856 4263 1168 4330 γέγραφεν·
1209 4260 1320 4328 ἐγὼ
1368 4260 1425 4313 δέ
1483 4276 1566 4311 σοι
1616 4257 1778 4326 λέγω,

209 4359 305 4416 τὰς
347 4356 807 4424 ἐκκλησιαστικὰς
836 4349 1454 4423 παραδόσεις,λιάλιστα
1483 4350 1542 4403 δὲ
1581 4349 1678 4412 τὰς
1705 4351 1780 4419 μὴ

209 4446 619 4516 λυμαινομένας
649 4449 716 4516 τῇ
754 4445 958 4508 πίστει,
998 4443 1141 4496 οὕτω
1168 4443 1279 4495 δεῖν
1312 4440 1776 4510 παρατηρεῖσθαι,

1889 3449 2132 3516 inquam,
2172 3445 2226 3500 in
2284 3445 2608 3515 baptismate
2643 3444 3106 3525 immersionlicet
3138 3444 3446 3500 Orientales

1889 3539 1989 3593 hac
2045 3537 2112 3591 de
2177 3551 2235 3590 re
2325 3535 2835 3605 quinquagesimum
2891 3535 3126 3591 habeant
3183 3551 3445 3591 canoncm

1888 3628 2272 3699 apostolicum.
2307 3628 2422 3682 Aut
2453 3641 2584 3698 ergo
2612 3625 2850 3683 Basilius
2872 3628 3101 3697 Magnus
3164 3629 3447 3700 ignorabat

1888 3740 2176 3791 eauonem,
2231 3725 2377 3795 quod
2426 3724 2576 3786 nullo
2641 3725 2803 3780 modo
2859 3726 3120 3782 credibile
3170 3735 3297 3792 est;
3365 3727 3444 3780 vel

1889 3824 2119 3882 coiistat,
2157 3830 2262 3872 non
2296 3830 2488 3882 omnes
2525 3817 2620 3885 qui
2661 3817 3033 3885 apostolorum
3091 3818 3310 3880 nomine
3341 3818 3448 3871 cir-

1887 3908 2287 3972 cumferuntur,
2328 3922 2447 3968 esse
2490 3921 2728 3961 calloues
2788 3907 3138 3977 apostolicos,
3175 3909 3268 3968 sed
3308 3910 3446 3963 irrc-

1890 3999 2061 4068 psisse
2131 3998 2349 4061 multos,
2389 4007 2444 4050 et
2491 3995 2763 4066 germanis
2811 3996 2998 4052 furtim
3027 4013 3150 4065 esse
3182 4015 3448 4065 annume-

1887 4100 2052 4144 ratos.
2087 4088 2151 4142 Et
2176 4096 2399 4142 sanctus
2438 4087 2801 4157 Hieronymus
2835 4089 2891 4142 in
2925 4089 3158 4158 epistola
3185 4092 3252 4148 ad
3284 4093 3445 4155 Luci-

1886 4180 2074 4234 nium:
2119 4178 2192 4234 De
2223 4176 2481 4240 Sallbalo,
2520 4176 2716 4245 inquit,
2745 4179 2947 4245 thris
2991 4191 3172 4242 utrum
3196 4181 3448 4251 jejunan-

1885 4271 2011 4324 dum
2046 4270 2135 4323 sit.
2170 4267 2399 4340 Scripsit
2429 4265 2648 4333 quidem
2673 4276 2729 4322 et
2758 4266 3098 4340 Hippolytus,
3151 4280 3208 4326 et
3239 4272 3442 4330 diversi

1883 4363 2216 4428 scriptores;
2242 4361 2334 4413 sed
2372 4375 2470 4430 ego
2499 4359 2628 4413 illud
2679 4359 2968 4426 admoneo,
3002 4361 3325 4434 traditiones
3352 4379 3444 4423 ec-

1885 4453 2237 4515 clesiasticas,
2267 4452 2566 4521 praesertim
2599 4467 2718 4520 quae
2745 4452 2870 4509 ﬁdei
2900 4470 3009 4510 non
3040 4455 3308 4524 officiunt,
3371 4460 3444 4516 ita

209 4541 286 4603 ὡς
335 4538 730 4607 παραδέδονται
765 4537 870 4589 ὑπὸ
905 4535 1011 4589 τῶν
1040 4536 1414 4604 ἀρχαιοτέρων
1443 4548 1456 4560 ·
1505 4533 1640 4602 μηδὲ
1685 4533 1779 4594 τὴν

1886 4544 2299 4605 observandas,
2341 4552 2462 4598 uta
2513 4544 2814 4614 majoribus
2859 4545 3073 4603 traditae
3123 4557 3286 4616 sunt;
3343 4567 3444 4608 nec

211 4635 423 4704 ἑτέρων
452 4632 738 4701 συνήθειαν
767 4631 1173 4700 ἀνατρέπεσθαι
1205 4631 1271 4698 τῇ
1311 4627 1515 4695 ἑτέρων
1558 4625 1779 4692 ἐναντία

212 4723 496 4793 συνηθείᾳ.
532 4722 814 4794 Μαρτυρεῖ
838 4724 931 4774 καὶ
961 4721 1270 4783 Κασσιανδς
1305 4720 1363 4771 ἐν
1397 4718 1472 4788 τῷ
1499 4733 1783 4785 συγγραμ-

211 4814 394 4884 ματίῳ
424 4815 668 4883 περὶτῆς
701 4817 985 4883 κανονικῆς
1016 4813 1311 4881 διατάξεως
1338 4810 1446 4862 τῶν
1497 4807 1616 4878 μεθ’
1646 4808 1779 4877 ημέι

211 4923 313 4977 ραν
344 4907 522 4976 εὐχῶν
558 4908 652 4960 καὶ
702 4905 1054 4976 ψαλμῳδιῶν,
1082 4906 1212 4974 περὶ
1245 4901 1340 4955 τοῦ
1374 4900 1680 4962 Σαὸὄάτου,
1707 4898 1781 4960 ὡς

206 5001 302 5054 διὰ
354 5000 452 5068 τὴν
497 5001 604 5052 τῶν
641 4998 954 5051 ἀποστόλων
988 4996 1296 5067 ἀγρυπνίαν
1327 4995 1392 5062 τῇ
1443 4991 1650 5060 ἑσπέρᾳ
1684 4991 1779 5059 τῆς

212 5092 580 5164 Παρασκευῆς
625 5092 682 5142 ὲν
733 5091 814 5160 τῷ
859 5089 1036 5157 καιρῴ
1083 5086 1177 5138 τοῦ
1231 5085 1498 5154 σωτηρίου
1550 5080 1779 5143 πάθους,

209 5184 624 5252 ὲπιφώσκοντος
667 5180 760 5234 τοῦ
804 5179 1108 5241 Σαδδάτου,
1160 5177 1430 5246 ἐκράτησε
1485 5175 1634 5244 παρὰ
1670 5176 1781 5234 τοῖς

211 5274 553 5336 άνατολικοῖς
582 5274 837 5343 συνήθεια
869 5270 1309 5339 διανυκτερεύειν
1351 5267 1493 5327 τότε,
1519 5267 1612 5317 καὶ
1645 5264 1782 5333 μετά

209 5368 338 5428 τοὺς
369 5370 647 5435 καμάτους
673 5369 768 5433 τῆς
800 5363 1122 5433 παννυχίδος
1153 5362 1361 5415 ἀνιέναι
1398 5360 1494 5428 τὴν
1527 5355 1780 5426 νηστείαν

210 5455 479 5523 Σαϐϐάτῳ
526 5455 619 5506 καὶ
657 5457 928 5524 Κυριακῇ.
963 5455 1036 5506 Οὐ
1066 5453 1172 5523 γὰρ
1209 5451 1293 5518 δὴ,
1324 5449 1477 5516 φησὶ,
1524 5446 1708 5497 λύεται
1749 5445 1786 5510 ἡ.

211 5545 438 5614 νηστεία
489 5546 629 5597 κατὰ
675 5545 1048 5613 ⁸1ουδαῖσμόν’
1101 5545 1218 5606 πᾶς
1269 5541 1417 5612 γάρ;
1466 5537 1601 5591 ἀλλὰ
1651 5534 1781 5605 πρὸς

1886 4635 2119 4690 aliorum
2167 4633 2623 4705 consuetudinem
2677 4635 2908 4700 aliorum
2970 4640 3249 4708 contrario
3295 4656 3483 4702 more‘

1883 4725 2148 4781 subverti.
2222 4725 2478 4780 Testatur
2531 4727 2693 4782 etiam
2717 4726 3034 4795 Cassianus,
3062 4731 3154 4798 qui
3189 4731 3256 4796 de
3287 4731 3446 4786 iusti-

1883 4815 2017 4882 tutis
2045 4814 2437 4870 monachorum
2491 4815 2732 4884 scripsit,
2769 4816 2912 4871 libro
2967 4818 3129 4874 tertio
3157 4818 3225 4873 de
3273 4835 3442 4875 cano-

1885 4904 2008 4958 nico
2041 4903 2360 4958 diurnarum
2422 4904 2733 4959 orationum
2774 4915 2832 4959 ct
2860 4906 3216 4976 psalmorum
3259 4911 3440 4976 modo.

1883 4994 2160 5064 aposmlos
2212 5003 2324 5050 tota
2379 5004 2538 5052 nocte
2585 4997 2848 5060 mansisse
2893 4983 3200 5068 pervigiles
3256 5001 3444 5058 illuce-

1885 5093 2075 5142 scente
2097 5085 2360 5149 Sabbato,
2378 5087 2646 5155 passionis
2676 5097 2920 5156 tempore
2945 5107 2960 5154 ;
2984 5102 3062 5157 ac
3087 5091 3318 5159 proinde
3341 5109 3442 5162 per

1886 5184 2059 5233 totum
2097 5175 2376 5233 Orientem
2419 5177 2586 5240 fuisse
2635 5179 2691 5232 in
2744 5194 2895 5247 more
2954 5182 3215 5250 positum,
3279 5193 3336 5237 ut
3365 5184 3378 5238 i
3407 5185 3440 5236 ll

1883 5268 2053 5332 nocti,
2091 5268 2290 5338 inquit,
2357 5269 2718 5338 deputaretur
2765 5271 3072 5340 vigiliarum
3102 5275 3442 5340 solemnitas,

1884 5366 1938 5411 et
1971 5365 2094 5426 post.
2119 5357 2426 5428 vigiliarum
2456 5357 2695 5414 laborem
2729 5360 3004 5416 absolutio
3054 5362 3245 5432 jejuuii
3291 5365 3445 5418 lieret

1885 5448 2122 5504 Sabbato
2156 5457 2211 5504 et
2257 5449 2557 5506 Dominica.
2589 5451 2706 5505 Non
2741 5452 2910 5515 enim,
2969 5454 3185 5524 inquit,
3221 5454 3442 5509 absolu-

1887 5537 1961 5591 tio
2023 5538 2124 5591 ista
2181 5538 2373 5607 jejunii
2428 5540 2725 5606 reputaoda
2755 5549 2840 5594 est
2883 5539 2951 5596 ad
2995 5543 3439 5614 communionem

209 5636 400 5688 ἄνεσιν
443 5637 535 5690 καὶ
587 5638 891 5704 κουφισμὸν
941 5633 1316 5703 πεπονηκότος
1349 5629 1443 5683 τοῦ
1503 5629 1779 5696 σώματος,

1885 5615 2469 5692 festivitatisJudaictc,
2488 5630 2582 5684 sed
2615 5633 2680 5694 ad
2711 5631 3055 5687 refectionem
3089 5642 3147 5688 et
3165 5633 3442 5688 levamen-

212 5745 376 5779 πεντε
427 5729 548 5780 καθ’
577 5730 833 5799 ’ἑκάστην
881 5728 1149 5797 ἑϐδομάδα
1204 5725 1269 5778 δι’
1312 5727 1435 5777 ὅλου
1486 5722 1580 5774 τοῦ
1626 5720 1780 5781 ἔτους

213 5820 455 5890 ἡμέραις
498 5821 720 5892 νηστείᾳ
766 5821 1264 5892 κατατρυχομένου,
1313 5818 1409 5870 καὶ
1453 5813 1599 5867 δυεῖν
1645 5810 1782 5878 ήμέέ

1886 5727 1998 5772 ιυηι
2054 5717 2349 5786 corporis;
2393 5719 2536 5787 quod
2600 5736 2693 5790 per
2749 5732 2890 5779 totas
2937 5726 3063 5778 anni
3112 5724 3445 5793 septimanos

1881 5807 2084 5878 jugitcr
2109 5806 2289 5876 quinis
2314 5807 2510 5865 diebus
2539 5809 2814 5881 ieiunans,
2861 5813 2964 5869 nisi
2993 5813 3207 5869 duobus
3255 5814 3446 5878 saltem
