3900 6562
494 417 600 481 819

1639 414 2004 475 MATTHEI
2062 408 2584 477 CMlYOPnYLLl
3606 416 3690 480 $0

495 534 837 592 siasticarum
901 548 1088 588 terum
1124 535 1386 605 regulam,
1419 538 1660 606 synodus
1687 539 1855 593 fuerit
1882 553 2060 608 eaque

2172 534 2524 590 ἀποστολικοῦ
2555 532 2747 605 θρόνου
2788 530 2898 584 τῶν
2927 530 3248 585 ἐπισκόπων
3274 530 3535 601 γενομένη
3560 535 3692 588 συνάο

495 627 830 681 ωουηιυιιῐοε
856 625 879 680 ?
908 625 1041 692 Quis
1079 642 1211 681 vero
1236 627 1446 690 credat.
1482 629 1662 685 editos
1696 630 1864 684 fuisse
1898 645 2062 685 cano-

494 733 592 772 ncs
624 725 812 772 contra
839 731 1028 786 papam
1057 729 1322 788 pneseute
1369 720 1546 789 legato
1580 722 1775 792 papae?
1824 717 1890 778 Et
1920 721 1965 776 si
2005 721 2060 776 in

494 816 692 876 quarta
726 808 958 880 synodo,
989 824 1114 865 cum
1155 812 1292 865 ordo
1330 813 1764 881 patriarcharum
1824 816 2063 870 orienta-

494 899 624 952 limu
658 909 992 966 mutaretur,
1024 901 1162 956 adeo
1218 903 1446 960 moleste
1477 905 1720 960 tulerunt
1767 906 1872 962 hoc
1900 908 2059 978 legati

494 1007 668 1061 νίψαι,
721 1001 784 1046 ιιι
817 993 1260 1051 constantissime
1315 995 1706 1060 reclamarent,
1781 999 2060 1066 quomodo

493 1082 636 1152 passi
663 1092 849 1140 essent
877 1083 933 1138 in
991 1085 1304 1154 quinisexta
1351 1086 1812 1145 manifestissimis
1843 1091 2057 1145 onerari

493 1173 842 1239 contumeliis
871 1173 1016 1230 Petri
1051 1174 1238 1230 sedem
1266 1175 1289 1228 ‘I

561 1439 673 1492 Cur
721 1441 906 1505 etiam,
971 1442 1016 1495 si
1081 1455 1231 1510 papas
1281 1442 1490 1510 legatus
1547 1441 1733 1496 aderat
1763 1443 1818 1496 in
1878 1443 2061 1511 quiui-

495 1539 664 1593 sexta,
691 1545 800 1586 non
833 1531 1020 1587 docuit
1045 1531 1377 1598 Orientales,
1401 1533 1621 1600 quando
1654 1547 1812 1587 suum
1856 1532 2064 1588 scribe-

493 1622 624 1676 bant
697 1635 965 1676 canonem
1031 1623 1304 1678 decimum
1369 1624 1590 1678 tertium
1683 1623 1752 1678 de
1808 1624 2063 1679 Patribus

493 1703 1033 1779 Carthaginensibus,
1064 1705 1210 1782 quod
1246 1713 1282 1768 ii
1335 1711 1775 1775 de_continentia
1806 1722 1861 1768 et
1897 1713 2064 1768 casti-

497 1811 604 1856 tate
653 1801 976 1860 clericorum
1016 1812 1314 1858 tractantes
1344 1819 1467 1858 cum
1503 1803 1791 1870 dixissent,
1837 1805 2060 1858 subdia-

2165 627 2396 697 θροισις,
2428 626 2522 678 καὶ
2567 622 2853 677 κανονίσαι
2883 621 3207 692 τολμήσασα
3257 620 3349 674 τὸν
3386 620 3572 674 κανόνα
3605 623 3694 675 τῶν

2164 717 2642 788 ἐκκλησιαστικῶν
2694 712 2915 776 σύνοδος
2961 711 3030 766 ἂν
3074 711 3184 783 εἴη,
3217 709 3508 764 καὶταῦτα
3547 713 3695 766 οἰκου-

2167 811 2364 879 μενική
2391 827 2406 874 ;
2444 807 2569 871 Πῶς
2606 805 2651 860 δ’
2683 805 2749 860 ἂν
2789 801 2876 876 εῐη
2903 797 3136 857 πιθανὸν
3162 804 3245 863 τὸ,
3274 805 3537 872 παρόντος
3564 823 3695 858 τοπο-

2163 899 2402 972 τηρητοῦ
2433 902 2530 967 τῆς
2568 897 2812 968 Ῥώμης,
2853 896 3144 966 ἐκδοθῆναι
3178 893 3412 956 κανόνας
3455 895 3586 950 κατά
3619 895 3696 947 τοῦ

2175 993 2433 1063 Ῥώμης;
2479 992 2590 1046 Καὶ
2642 991 2689 1043 εἰ
2735 985 3007 1058 τοσαύτην
3051 985 3393 1048 ἐπεδείξαντο
3428 985 3696 1053 ἀγανάκτη-

2165 1102 2246 1136 σιν
2297 1085 2346 1136 οἰ
2402 1079 2782 1152 τοποτηρηταὶ
2835 1077 2932 1132 τοὺ
2990 1077 3192 1132 πάππα
3247 1075 3573 1144 κινουμένης
3620 1075 3699 1144 τῆς

2164 1175 2368 1238 τάξεως
2405 1173 2514 1226 τῶν
2545 1170 2881 1226 ἀνατολικῶν
2913 1167 3274 1239 πατριαρχῶν
3305 1167 3367 1217 ἐν
3405 1168 3469 1236 τῇ
3494 1166 3695 1238 τετάρτῃ

2166 1267 2387 1334 συνόδῳ,
2410 1265 2528 1328 πῶς
2555 1264 2800 1335 ἧνεγκαν
2825 1259 2969 1314 οὑτω
2992 1257 3265 1329 λαμπρῶς
3295 1256 3598 1326 ὑϐρίζεσθαι
3625 1259 3699 1310 τὸν

2164 1360 2370 1426 Πέτρου
2403 1357 2594 1425 θρόνον
2623 1358 2682 1407 ἐν
2710 1355 2778 1423 τῇ
2811 1353 3122 1424 πενθέκτῃς

2235 1449 2342 1503 Καὶ
2378 1447 2516 1511 πῶς,
2554 1445 2607 1497 εἰ
2640 1461 2704 1512 γε
2737 1443 2919 1513 παρῆν
2948 1445 3005 1495 ἐν
3029 1444 3097 1511 τῇ
3131 1441 3408 1510 -πενθέκτῃ
3447 1441 3474 1491 ό
3515 1439 3598 1491 τὸν
3627 1439 3697 1491 τόν

2165 1558 2266 1592 πον
2310 1540 2527 1607 ἐπέχων
2573 1535 2669 1588 τοῦ
2719 1536 2944 1600 πάππα,
2980 1535 3080 1588 οὑκ
3130 1531 3338 1596 ἐδίδαξε
3374 1533 3496 1594 τοὺς
3538 1534 3699 1584 ἀνατοσ

2163 1631 2350 1693 λικοὺς
2383 1627 2740 1690 ἐπισκόπους,
2777 1625 2910 1678 ἔνθα
2939 1623 3032 1677 τὸν
3065 1629 3136 1693 ιγ’
3165 1623 3352 1678 αὑτῶν
3378 1621 3564 1675 κανόνα
3593 1623 3699 1689 γρίο

2165 1740 2356 1789 φοντες
2406 1721 2630 1790 ἔλεγον·
2677 1737 2696 1772 ι
2732 1717 2874 1780 τοὺς
2907 1718 2965 1770 ἐν
3012 1716 3344 1786 Καρθαγένῃ
3390 1714 3698 1773 συνελθόντας

2165 1815 2424 1884 πρόνοιαν
2474 1810 2800 1881 τιθεμένους
2844 1810 2944 1878 τῆς
2986 1811 3042 1862 ὲν
3091 1808 3193 1878 βίῳ
3248 1808 3568 1876 σεμνότητος
3611 1805 3697 1856 τῶν

494 1905 684 1954 conos.
741 1892 1004 1950 diaconos
1057 1902 1112 1948 et
1168 1894 1521 1965 presbyteros
1564 1895 1848 1949 continere
1883 1910 1942 1949 se
1995 1895 2062 1948 ab

2172 1904 2502 1974 λειτουργῶν
2561 1903 2769 1972 φάναι,
2822 1901 2965 1954 ὥστε
3019 1900 3145 1963 τοὺς
3209 1898 3584 1957 ὑποδιακόνους
3623 1895 3696 1948 καὶ

494 1979 762 2039 uxoribus
823 1984 1129 2040 secundum
1165 1986 1385 2058 propria
1419 1995 1644 2050 Statnta,
1677 1997 1735 2040 et
1759 1985 2065 2042 Orientales
2092 1979 2105 1990 ’

495 2087 592 2146 per
614 2075 746 2132 illud
766 2075 810 2148 (ι
823 2077 1123 2136 secundum
1157 2079 1376 2148 propria
1393 2086 1648 2143 statuta»)
1679 2077 2065 2149 intelligerent,

496 2171 798 2227 secundum
855 2180 993 2228 litata
1058 2180 1342 2242 tempora;
1399 2174 1555 2243 quasi
1609 2168 2066 2242 Carthaginienses

495 2265 683 2323 Patres
715 2264 974 2332 dixerint,
1032 2274 1286 2336 oportere
1322 2265 1681 2321 inservientes
1702 2263 1858 2319 altari
1891 2263 2065 2318 conti-

497 2374 626 2414 nere
653 2373 712 2414 se
742 2358 811 2413 ab
840 2357 1127 2422 uxoribus,
1161 2357 1378 2428 quando
1403 2373 1554 2414 sacra
1584 2356 1867 2412 tractaturi
1900 2364 2062 2421 sunt;

491 2461 644 2505 extra
677 2465 806 2504 vero
836 2447 889 2503 id
921 2458 1137 2518 tempus
1161 2464 1503 2520 nequaquam
1544 2449 1652 2505 illis
1678 2447 2062 2518 denegandum

491 2543 880 2599 commercium
921 2556 1045 2596 cum
1079 2541 1375 2596 uxoribus:
1412 2557 1531 2608 cur,
1574 2541 1820 2611 inquam,
1855 2540 2066 2610 legatus

493 2651 645 2704 papa:
682 2649 789 2689 non
821 2633 1027 2696 docuit,
1062 2648 1184 2703 quae
1241 2632 1468 2689 dicenda
1501 2641 1658 2688 erant
1691 2647 1790 2702 pro
1822 2629 2064 2688 Ecclesia

494 2725 736 2780 Romana
754 2742 770 2781 :
788 2725 935 2794 quod
965 2725 1064 2780 ista
1090 2723 1384 2778 verborum
1408 2723 1784 2794 interpretatio
1806 2738 1914 2778 non
1937 2738 2067 2777 con-

491 2815 790 2885 gruiteum
818 2830 984 2871 sensu
1014 2813 1554 2885 Cartltagineusium,
1622 2814 1716 2882 qui
1785 2813 2064 2867 abstinere

492 2908 688 2967 iubent
725 2907 960 2970 clericos
1011 2907 1151 2963 sacri
1201 2906 1416 2962 ordinis
1470 2905 1774 2962 secundum
1841 2906 2062 2975 propria

495 3006 715 3065 statuta,
769 2998 853 3053 vel
903 2998 1086 3068 priora
1154 3005 1380 3064 statuta,
1446 2998 1551 3053 hoc
1605 3007 1689 3053 est
1759 2997 2068 3066 perpetuo?

496 3093 611 3154 lloc
643 3092 788 3146 enim
823 3092 1113 3147 manifeste
1135 3101 1284 3162 patet
1310 3107 1376 3148 ex
1402 3091 1585 3147 verbis
1613 3088 2065 3160 Carthaginensis

493 3186 685 3258 synodi
713 3201 770 3252 ιι,
802 3201 927 3256 cap.
953 3185 1027 3240 Ξῖ
1065 3203 1084 3238 ι
1121 3184 1378 3240 Aurelius
1405 3184 1699 3254 episcopus
1719 3182 1854 3238 dixit
1885 3200 1898 3234 :
1924 3182 2060 3235 Cum

495 3278 549 3332 in
582 3277 856 3348 praeterito
910 3277 1147 3333 concilio
1186 3276 1255 3332 de
1299 3275 1654 3332 continentiae
1682 3284 1738 3330 et
1792 3277 2062 3330 castitatis
2089 3258 2132 3316 ο

496 3368 872 3424 moderamine
904 3377 1254 3432 tractaretur,
1291 3367 1490 3438 gradus
1520 3366 1609 3422 isti
1661 3374 1773 3422 tres
1813 3368 2063 3422 conscri-

497 3461 684 3528 ptione
713 3462 949 3531 quadam
981 3461 1216 3517 castitati
1251 3476 1345 3530 per
1373 3460 1824 3518 consecrationes
1865 3461 2063 3516 annexi

495 3559 626 3607 sunt
649 3553 936 3622 episcopos
963 3552 1208 3622 inquam,
1231 3552 1589 3622 presbyteros
1615 3559 1672 3607 et
1689 3552 1969 3615 diaconos,
1990 3552 2065 3606 ita

496 3644 724 3713 placuit,
757 3651 820 3698 ut
851 3644 1119 3699 condecet
1137 3653 1519 3700 sacrosanctos
1550 3645 1847 3710 antistites,
1873 3655 1931 3700 et
1967 3645 2064 3700 Dei

499 3734 835 3799 sacerdotes,
872 3750 976 3790 nec
1001 3751 1111 3791 non
1143 3745 1200 3790 et
1227 3735 1442 3800 levitas,
1467 3736 1551 3792 vel
1587 3737 1680 3806 qui
1711 3738 2068 3792 sacramentis

502 3827 705 3886 divinis
752 3827 1079 3890 inserviunt,
1137 3828 1483 3883 continentes
1525 3827 1736 3883 essein
1768 3827 2065 3893 omnibus;

502 3934 612 3990 quo
640 3917 854 3988 possint
885 3917 1227 3986 simpliciter,
1259 3917 1403 3987 quod
1433 3933 1462 3972 a
1502 3918 1615 3972 Deo
1639 3917 1916 3986 postulant
1970 3917 2070 3971 im-

499 4019 742 4079 petrare,
765 4016 826 4062 ut
861 4006 1009 4076 quod
1043 4007 1274 4076 apostoli
1333 4006 1662 4069 docuerunt,
1695 4017 1752 4062 et
1783 4007 1899 4076 ipsa
1949 4021 2068 4062 ser-

501 4101 647 4155 vavit
673 4099 1000 4168 antiquitas,
1025 4112 1125 4153 nos
1164 4112 1384 4169 quoque
1409 4098 1808 4154 custodiamus.
1833 4098 1915 4153 Ab
1944 4098 2068 4153 uni-

500 4193 673 4250 versis
724 4191 999 4262 episcopis
1061 4192 1268 4248 dictum
1301 4201 1387 4246 cst
1414 4207 1430 4244 :
1463 4190 1735 4247 Omnibus
1767 4192 1974 4260 placet,
2006 4197 2066 4244 ut

501 4285 771 4355 episcopi,
805 4284 1107 4355 presbyteri
1138 4296 1195 4338 et
1220 4283 1464 4349 diaconi,
1490 4283 1577 4340 vel
1606 4285 1698 4352 qui
1727 4291 2070 4339 sactamenta

502 4385 872 4442 contrectant,
902 4375 1181 4447 pudicitia:
1213 4376 1472 4431 custodes
1512 4375 1678 4431 etiam
1710 4376 1779 4430 ab
1810 4375 2074 4430 uxoribus

499 4484 559 4522 se
581 4468 922 4530 contineant.
947 4466 1030 4522 Ab
1052 4467 1311 4525 omnibus
1336 4467 1539 4521 dictum
1569 4477 1674 4534 est,
1702 4467 1905 4532 Placet,
1932 4474 1992 4521 ut
2017 4467 2072 4521 in

2169 1997 2448 2058 διακόνους
2476 1997 2569 2048 καὶ
2598 1992 3008 2063 πρεσϐυτέρους
3034 1993 3097 2044 ἐκ
3127 1991 3238 2044 τῶν
3274 1988 3514 2059 συμϐίων
3537 1988 3698 2058 ἐγκρα-

2168 2088 2424 2144 τεύεσθαι
2459 2087 2603 2140 κατά
2635 2087 2764 2149 τοὺς
2799 2084 2970 2147 ἰδίους
2996 2085 3158 2153 ὄρους
3197 2102 3217 2135 ι
3260 2082 3379 2153 (καὶ
3410 2081 3490 2148 τὸ,
3527 2098 3544 2134 ι
3577 2082 3696 2134 κατά

2169 2183 2294 2244 τοὺς
2329 2180 2494 2242 ἰδίους
2537 2181 2722 2249 ὄρους,
2764 2196 2781 2230 ι
2833 2177 3135 2249 ἐξηγοῦντο
3168 2176 3220 2228 οἰ
3253 2174 3557 2235 ἀνατολικοὶ
3585 2173 3698 2225 κατὰ

2169 2276 2395 2344 καιροὺς
2442 2271 2608 2334 ἰδίους
2635 2288 2650 2302 θ
2679 2271 2755 2334 ὡς
2793 2269 2861 2324 ἂν
2904 2270 2952 2322 εἰ
3000 2268 3184 2334 ἔλεγον
3215 2266 3265 2319 οἰ
3315 2266 3375 2317 ἐν
3407 2263 3698 2335 Καρθσγένῃ

2168 2367 2370 2436 χρῆναι
2395 2366 2522 2429 τοὺς
2557 2362 2635 2433 τῷ
2665 2361 3048 2430 θυσιαστηρίῳ
3073 2357 3539 2429 προσεδρεύοντας
3567 2357 3619 2407 ἐν
3640 2353 3699 2422 τῷ

2168 2456 2346 2528 καιρῷ
2403 2457 2503 2526 τῆς
2551 2455 2661 2508 τῶν
2711 2453 2886 2520 ἁγίων
2938 2449 3391 2522 μεταχειρήσεως
3447 2447 3698 2516 ἐγκριτεὲ

2167 2546 2328 2614 εἶναι,
2358 2549 2461 2613 ἔξω
2489 2547 2544 2600 δὲ
2569 2546 2663 2600 τοῦ
2692 2544 2940 2599 τοιούτου
2977 2542 3174 2613 καιροῦ
3206 2542 3281 2610 μὴ
3313 2539 3701 2608 ἀποστερεῖσθαι

2165 2645 2263 2712 τῆς
2311 2642 2448 2711 πρὸς
2501 2642 2734 2711 νόμιμον
2785 2640 3023 2708 γυναῖκα
3075 2635 3404 2704 συναφείας)
3434 2649 3446 2660 ·
3483 2631 3591 2695 πῶς
3625 2631 3703 2682 οὑκ

2164 2731 2393 2797 ἐδίδαξε,
2427 2729 2593 2799 φημὶ,
2627 2728 2694 2782 τὰ
2720 2726 2908 2780 δίκαια
2938 2726 3039 2794 τῆς
3086 2723 3376 2793 Ῥωμαίων
3413 2719 3704 2790 Ἐκκλησίας

2167 2825 2412 2892 φάσκων,
2439 2822 2523 2874 ὅτι
2552 2819 2613 2872 οὑ
2648 2821 2936 2887 συμφωνεῖ
2966 2818 2999 2886 ἡ
3034 2815 3298 2886 ἐξήγησις
3334 2812 3510 2867 αὐτῶν
3540 2814 3637 2875 τοῖς
3660 2815 3705 2865 ἐν

2167 2913 2496 2984 Καρθαγένῃ
2536 2911 2839 2978 Πατράσιν,
2871 2909 3076 2970 οἵτινες
3133 2905 3558 2978 ἐγκρατεύεσθαι
3602 2904 3704 2966 τοὺς

2167 3008 2499 3076 ἰερωμένους
2549 3003 2834 3056 κελεύουσι
2888 3001 3029 3055 κατά
3087 3001 3212 3064 τοὺς
3251 3001 3486 3062 οἰκείους
3517 2997 3701 3066 ὅρουςῆ

2165 3097 2440 3166 ϐωμούς·
2477 3096 2628 3148 ἄλλοι
2675 3094 2732 3146 δὲ
2781 3093 3084 3163 γράφουσι,
3117 3091 3260 3146 κατὰ
3307 3093 3431 3155 τοὺς
3483 3091 3700 3162 ἀρχαίους

2166 3190 2422 3261 θεσμοὺς,
2450 3187 2652 3260 δηλαδὴ
2684 3187 3010 3259 ἀειδήποτες
3046 3187 3155 3240 Καὶ
3198 3185 3359 3254 δῆλον
3389 3184 3537 3239 τοῦτο
3567 3183 3617 3248 ἐξ
3637 3174 3696 3234 ὧν

2167 3299 2329 3351 φασιν
2373 3283 2422 3334 οξ
2474 3281 2574 3350 τῆς
2609 3278 2870 3350 δευτέρας
2914 3281 2970 3331 ἐν
3018 3276 3354 3348 Καρθαγένῃ
3386 3275 3587 3329 συνόδου
3615 3274 3697 3326 Πι-

2168 3374 2323 3444 τὲρες
2373 3375 2432 3426 ἐν
2483 3371 2562 3443 τῷ
2619 3368 2662 3442 β’
2711 3370 3029 3441 κεφαλαίῳο
3075 3389 3094 3421 ι
3131 3369 3405 3440 Αὐρήλιος
3447 3369 3696 3426 ἐπίσκοπος

2168 3461 2364 3520 εἶπεν·
2415 3465 2503 3518 Ἐν
2553 3467 2620 3536 τῇ
2679 3463 3035 3535 προλαόούσῃ
3093 3464 3298 3532 συνόδῳ
3361 3462 3486 3532 περὶ
3533 3462 3614 3529 τῆς
3655 3463 3696 3509 ἐν

2168 3558 2501 3629 ἐγκρατείᾳ,
2540 3558 2867 3629 σωφροσύνῃ
2892 3556 3337 3626 σεμνοπρεπείας
3363 3555 3609 3612 λέλεκται,
3636 3553 3696 3606 ὅτι

2167 3653 2216 3703 οἱ
2259 3650 2410 3720 τρεῖς
2442 3641 2591 3700 οὑτοι
2642 3647 2945 3714 ἀπογραφῇ
2974 3663 3081 3697 τινι
3127 3645 3197 3696 δι’
3230 3643 3569 3711 ἀφιερώσεως
3599 3655 3697 3690 suv-

2167 3739 2410 3794 δέδενται
2460 3740 2526 3807 τῇ
2559 3735 2912 3806 σωφροσύνῃ,
2947 3734 3266 3786 ἐπισκόπων
3299 3733 3461 3803 φημὶ,
3504 3727 3696 3798 πρεσϐνο

2170 3831 2345 3902 τὲρων
2397 3831 2492 3883 καὶ
2520 3829 2816 3882 διακόνων·
2855 3826 3028 3889 οὑτως
3059 3827 3248 3899 ἦρεσε,
3276 3825 3457 3886 καθὼς
3487 3823 3580 3892 χρὴ
3600 3821 3697 3879 τοὺς

2172 3922 2511 3990 ἀγιωτάτους
2556 3919 2877 3991 προέδρους,
2910 3920 2998 3971 ναὶ
3050 3919 3158 3987 μὴν
3201 3916 3297 3969 καὶ
3330 3916 3566 3978 Λευῖτας,
3594 3911 3700 3966 am

2171 4018 2263 4070 καὶ
2323 4015 2452 4077 τοὺς
2504 4011 2918 4082 ὑπηρετοῦντας
2992 4011 3104 4072 τοῖς
3177 4009 3350 4072 θείοις
3427 4005 3700 4078 μυστηρίοις

2173 4105 2468 4176 ἐγκρατεῖς
2499 4099 2642 4157 εἶναι
2669 4106 2730 4156 ἐν
2771 4101 2982 4156 ἅπασιν
3003 4118 3020 4134 ·
3059 4099 3129 4154 ἶν’
3155 4101 3358 4170 ἔχωσιν
3383 4099 3560 4160 ἁπλῶς
3593 4098 3702 4162 ὅπερ

2174 4195 2453 4249 αἰτοῦνται
2500 4193 2592 4248 τὸν
2638 4192 2772 4247 Θεὸν
2807 4191 3115 4260 λαμϐάνειν
3141 4204 3155 4220 ³
3202 4189 3353 4251 ὅπως
3394 4186 3703 4256 φυλάττωμεν

2175 4290 2271 4343 καὶ
2303 4289 2465 4358 ἡμεῖς
2495 4286 2634 4356 ὅπερ
2670 4284 2922 4348 ἐδίδαξαν
2954 4285 3003 4336 οἰ
3045 4281 3362 4344 ἀπόστολοι,
3402 4281 3492 4333 καὶ
3514 4277 3703 4345 Expira-

2175 4397 2269 4434 σεν
2298 4381 2332 4450 ἡ
2358 4379 2680 4448 ἀρχαιότης.
2714 4377 2921 4439 Πάντες
2948 4378 2998 4428 οἰ
3027 4376 3316 4428 ἐπίσκοποι
3350 4369 3498 4426 εἷπον
3520 4389 3533 4402 ο
3567 4369 3704 4422 lliztv

2175 4473 2422 4544 ἀρέσκει,
2454 4471 2541 4525 ἵνα
2579 4471 2630 4524 οἰ
2656 4471 2975 4533 ἐπίσκοποι,
3025 4470 3417 4540 πρεσϐύτεροι,
3449 4467 3536 4520 καὶ
3561 4461 3704 4517 διάγοι

501 4561 758 4618 omnibus
783 4559 925 4614 etab
955 4559 1212 4617 omnibus
1248 4559 1510 4627 pudicitia
1547 4559 1916 4624 custodiatur,
1975 4559 2067 4630 qui

2177 4585 2280 4632 νοι,
2313 4566 2347 4635 ἢ
2378 4565 2472 4620 καὶ
2500 4567 2549 4617 οἱ
2579 4565 2650 4618 τὰ
2681 4565 2963 4634 μυστήρια
2993 4562 3379 4632 ψηλαφῶντες,
3413 4561 3510 4628 τὴν
3534 4569 3708 4624 σωφρο-

504 4653 664 4708 altari
692 4651 1030 4707 deserviunt.
1073 4670 1090 4703 ι
1127 4651 1318 4707 Patres
1354 4660 1537 4706 autem
1571 4651 1790 4706 concilii
1843 4652 2076 4707 Cartha-

501 4745 745 4816 ginensis
801 4759 856 4810 v,
911 4744 1090 4813 capite
1151 4744 1355 4798 tertio:
1393 4762 1412 4796 ι
1453 4742 1748 4808 Praeterea,
1786 4742 2070 4814 inquiunt,

501 4854 626 4903 cum
685 4836 754 4901 de
819 4828 1180 4906 quorumdam
1237 4837 1590 4902 clericorum,
1641 4839 1893 4908 quamvis
1943 4856 2071 4910 erga

505 4944 708 4990 uxores
738 4927 1010 4999 proprias,
1061 4927 1457 4986 incontinentia
1488 4927 1812 4996 referretur,
1844 4930 2072 5000 placuit,

503 5023 793 5092 episcopos
844 5030 901 5077 et
979 5020 1352 5092 presbyteros.
1425 5030 1481 5076 et
1544 5020 1825 5091 diaconos,
1873 5038 2075 5080 secun-

505 5115 635 5167 dum
667 5113 850 5182 priora
899 5119 1126 5176 statuta,
1163 5110 1327 5164 etiam
1361 5111 1430 5166 ab
1465 5112 1730 5170 uxoribus
1763 5117 2068 5171 continere.

504 5204 660 5276 Quod
690 5203 794 5258 nisi
829 5201 1082 5268 fecerint,
1131 5200 1200 5256 ab
1245 5203 1622 5268 ecclesiastico
1677 5216 2070 5262 removeantur

501 5297 702 5352 oﬂicio.
735 5313 756 5348 ι

2181 4661 2348 4730 σύνην
2379 4657 2679 4728 τηροῦντες
2711 4655 2805 4710 καὶ
2837 4656 3019 4708 αὑτῶν
3048 4655 3160 4707 τῶν
3191 4653 3456 4724 γαμετῶν
3504 4649 3708 4717 ἀπέχων-

2175 4770 2288 4806 ται.
2326 4753 2534 4813 Πάντες
2581 4750 2874 4820 εἰρήκασιν
2901 4765 2915 4779 ·
2955 4749 3229 4818 Ἀρέσκει,
3260 4749 3346 4802 ἵνα
3393 4750 3452 4800 ἐν
3496 4739 3710 4798 πᾶσικαὶ

2181 4845 2332 4915 παρὰ
2369 4844 2588 4898 πάντων
2638 4840 2747 4894 τῶν
2809 4839 3227 4909 ὑπηρετούντων
3267 4842 3332 4914 τῇ
3385 4837 3614 4909 τραπέζῃ
3637 4849 3713 4900 ev-

2179 4935 2448 5002 λάσσηται
2476 4935 2511 5002 ἡ
2537 4932 2861 5003 ἐγκράτεια.
2901 4949 2920 4983 ι
2959 4931 3020 4984 Οί
3045 4930 3101 4983 δὲ
3126 4931 3227 4999 τῆς
3257 4929 3297 4982 ε’
3332 4931 3392 4984 ἐν
3427 4925 3711 4996 Καρθαγένῃ

2184 5026 2406 5080 συνόδου
2435 5025 2681 5094 Πατέρες
2709 5027 2767 5077 ἐν
2795 5022 3081 5093 κεφαλαίῳ
3112 5023 3284 5091 τρίτῳ
3315 5022 3510 5091 φασίνθ
3550 5039 3566 5068 ι
3602 5015 3714 5084 Πρὸς

2178 5120 2387 5182 τούτοις
2419 5121 2716 5188 ἀνήνεκται
2752 5121 2884 5188 περὶ
2926 5117 3025 5186 τῆς
3071 5116 3356 5185 κληρικῶν
3397 5132 3553 5169 τινων
3575 5114 3717 5180 aspa-

2181 5213 2324 5275 σίας,
2352 5212 2401 5265 εἰ
2431 5213 2522 5264 καλ⁵
2555 5213 2675 5275 ταῖς
2714 5210 2874 5273 ἰδίαις
2897 5211 3201 5280 ἐχρήσαντο
3225 5211 3496 5278 γαμεταῖς
3514 5225 3526 5239 ο
3553 5209 3716 5277 ῆρεσεν

2181 5302 2296 5366 οὖν,
2334 5304 2420 5357 ἴνα
2449 5304 2764 5365 ἐπίσκοποι,
2801 5300 3190 5372 πρεσϐύτεροι,
3227 5303 3324 5353 καὶ
3349 5299 3578 5356 διάκονοι
3603 5291 3719 5347 κατὰ

500 5391 627 5455 τοὺς
679 5389 914 5453 οἰκείους
962 5390 1144 5460 ὅρους,
1199 5389 1293 5442 καὶ
1350 5389 1532 5445 αὑτῶν
1585 5389 1900 5461 ἀπέχωνται
1959 5395 2068 5456 τῶν
2108 5398 2388 5468 γαμετῶν.
2429 5400 2528 5458 Ἂν
2559 5395 2718 5450 τοῦτο
2786 5395 2862 5466 μὴ
2893 5394 3168 5465 πράξωσι,
3235 5397 3332 5465 τῆς
3379 5395 3722 5461 ἐκκλησιαστι-

502 5489 607 5558 κῆς
647 5487 1124 5543 ἀποκινείσθωσαν
1156 5484 1446 5556 ἐργασίας.
1488 5505 1508 5540 ι

571 5585 861 5652 Quomodo
889 5583 1054 5654 igitur
1083 5582 1292 5653 legatus
1345 5598 1496 5652 papa:
1530 5584 1583 5638 in
1618 5584 1700 5640 his
1728 5601 1835 5641 non
1855 5599 2076 5642 contra-

504 5681 660 5737 dixit.
687 5691 743 5733 et
775 5693 882 5731 non
910 5675 1130 5747 aperuit
1159 5676 1554 5732 dissonantium
1603 5695 1860 5734 sensuum
1883 5681 1904 5733 ’ἰ
1924 5681 2075 5752 Quo-

508 5769 670 5823 modo
718 5784 825 5822 non
883 5767 1214 5821 contradixit
1267 5767 1530 5824 adversus
1561 5785 1825 5824 canonem
1866 5773 2074 5826 tricesi-

506 5876 654 5931 mum
711 5867 922 5916 sextum
988 5859 1054 5915 de
1121 5860 1429 5931 :rqualitatc
1504 5861 1727 5956 noueris
1797 5879 1948 5934 papa:
2023 5873 2077 5917 ct

2263 5588 2383 5650 Πῶς
2409 5585 2500 5643 οὖν
2535 5587 2562 5640 ό
2589 5583 2968 5654 τοποτηρητὴς
2997 5579 3091 5635 τοῦ
3141 5581 3216 5634 πά
3229 5598 3341 5636 mu
3377 5582 3474 5634 οὐκ
3501 5575 3720 5632 ἀντεῖπεν

2187 5686 2244 5737 ἐν
2274 5683 2504 5746 τούτοις,
2535 5681 2627 5734 καὶ
2657 5681 2757 5732 οὑκ
2786 5677 2981 5749 ἤλεγξε
3009 5677 3068 5728 τὸ
3096 5675 3462 5740 ἁσόμνρωνονς
3515 5671 3621 5729 Πῶς
3639 5666 3718 5717 οὐκ

2187 5775 2404 5825 ἀντεῖπε
2462 5772 2596 5842 πρὸς
2654 5771 2713 5823 τὸ
2761 5768 2856 5821 τοῦ
2891 5763 2978 5831 λς’
3011 5766 3233 5827 κανόνος
3284 5764 3411 5831 περὶ
3463 5760 3563 5812 τῶν
3614 5758 3716 5806 ἰσων

2190 5863 2492 5933 πρεσϐείων
2557 5862 2649 5914 τοῦ
2702 5860 2902 5914 πάππα
2944 5857 3040 5910 καὶ
3087 5854 3179 5908 τοῦ
3238 5845 3711 5906 Κωνσταντινουπό-
