3900 6610
293 428 402 497 8Εξ5

1511 477 1528 484 ί
1553 447 1994 510 ΗΕΡΗῙΑἸῚΟ
2031 451 2214 512 Nili.

3409 460 3512 524 826

295 549 418 611 τοὺς
451 547 653 613 αὐτοὺς
682 549 828 619 λέγει
873 551 1321 625 ὕπογεγραφιναι
1350 559 1416 627 τῇ
1454 576 1492 622 ς-
1533 559 1735 628 συνόδῳ
1761 577 1821 612 κα

1955 560 2076 616 dem
2123 563 2288 618 fuisse
2321 565 2521 632 inquit,
2573 566 2667 636 qui
2699 567 3076 638 subscripsere
3103 570 3154 625 in
3189 580 3338 627 sarta
3372 585 3511 644 syn-

296 642 356 708 τῇ
387 638 654 715 meum
677 657 691 672 ο
727 643 862 713 ὅπερ
896 646 995 697 οὐκ
1027 645 1226 716 ἀληθὲς
1257 647 1319 700 ἐκ
1372 648 1480 699 τῶν
1518 649 1852 718 ὑπογραφῶν

291 731 604 800 ἐλέγχεταιο
659 735 820 799 δῆλον
852 737 960 807 γὰρ
1001 737 1079 806 τῷ
1132 739 1440 808 βουλομένῳ
1495 742 1849 808 συμϐάλλειν,

288 821 370 875 ὅτι
393 825 454 876 τὺ
497 824 748 886 πλεῖστον
777 828 942 898 μέρος
979 828 1087 882 τῶν
1113 829 1549 900 ὑπογραψάντων
1575 831 1850 902 διαφέρει,

288 913 346 977 ἐξ
368 909 444 969 ὧν
475 916 649 984 ἀληθῆ
682 917 898 981 πάντως
926 919 1264 986 εὑρίσκεται,
1290 920 1327 975 ἃ
1359 922 1560 991 γράφει
1584 925 1611 976 ὁ
1636 922 1847 976 Βιϐλιο-

283 1004 551 1077 θηκάριος
583 1008 936 1071 Ἀναστάσιος
986 1011 1045 1065 ὲν
1093 1013 1170 1081 τῷ
1219 1012 1660 1084 προσφωνητικῷ
1711 1013 1849 1086 πρὸς

297 1095 552 1165 Ἰωάννην
579 1098 734 1160 δγδον
763 1100 855 1151 τὸν
885 1101 1135 1164 πάππαν,
1171 1103 1640 1173 καταϐαλλόμενος
1666 1105 1850 1174 προοί-

285 1204 410 1256 μιον
455 1192 522 1260 τῇ
555 1189 752 1244 ἑαυτοῦ
804 1192 1071 1265 ἑρμηνείᾳ
1113 1193 1211 1261 τῆς
1241 1193 1287 1258 ζ’
1317 1195 1540 1248 συνόδου
1567 1210 1582 1226 ο
1608 1195 1754 1263 λέγει
1790 1197 1847 1248 δὲ

281 1277 457 1334 ταῦτα
487 1297 504 1311 ⁸
547 1281 782 1336 «Ἰστέον
810 1283 868 1338 ἑν
922 1284 1189 1358 ταύτῃίτῇ
1224 1285 1266 1338 λ’
1312 1287 1513 1354 συνόδῳ
1564 1289 1848 1356 προσεῖναί

280 1387 404 1425 τινα
431 1371 496 1423 ἔκ
529 1389 588 1427 τε
614 1373 722 1426 τῶν
743 1375 1139 1442 ἀποστολικῶν,
1178 1378 1269 1428 καὶ
1299 1376 1409 1429 τῶν
1442 1377 1542 1447 τῆς
1571 1376 1624 1441 ς’
1663 1379 1843 1432 οίκου-

282 1463 515 1532 μενικῆς
555 1465 771 1518 συνόδου
803 1467 1042 1521 κανόνων
1070 1469 1165 1521 καὶ
1191 1470 1422 1539 ῥήσεων,
1445 1470 1481 1524 ἃ
1511 1470 1647 1542 παρ’
1680 1472 1842 1540 ἡμῖν,

273 1554 478 1622 δηλαδὴ
503 1559 612 1618 τοῖς
650 1556 966 1626 Ῥωμαίοις.
1001 1559 1126 1620 οὔτε
1181 1561 1644 1630 διερςιηνευθὲντα
1672 1562 1839 1630 φέρε-

274 1662 394 1710 ται,
427 1645 554 1700 οὔτε
577 1647 851 1703 ἀπόδεκτά
878 1651 1018 1707 ἐστι.
1049 1653 1181 1721 Περὶ
1211 1653 1306 1720 μὲν
1336 1652 1443 1721 γὰρ
1477 1652 1587 1705 τῶν
1611 1654 1843 1706 ἀποστοο

271 1736 448 1790 λικῶν
477 1737 714 1792 κανόνων
737 1740 897 1806 ίσμεν
921 1744 1106 1810 σαφῶς
1127 1743 1297 1806 ἐνίους
1327 1743 1426 1810 τὴν
1454 1744 1561 1796 τῶν
1583 1745 1840 1797 τοιούτων

271 1829 519 1882 κανόνων
556 1822 864 1902 παραδοχὴν
889 1834 963 1903 μὴ
997 1835 1195 1904 ῥαδίως
1241 1835 1535 1888 ποιεῖσθαι.
1573 1836 1678 1887 Καὶ
1731 1835 1834 1903 γὰρ

1953 647 2062 702 odo
2111 657 2166 703 et
2211 649 2264 704 in
2305 650 2646 720 quinisexta;
2689 658 2833 724 quod
2891 674 2957 713 ex
3010 660 3510 730 subscriptionibus

1954 748 2100 808 patet
2154 756 2341 796 verum
2387 758 2498 798 non
2538 759 2698 808 esse;
2724 748 2768 802 si
2809 751 2934 818 quis
2972 751 3115 806 enim
3136 753 3388 807 conferre
3413 769 3511 807 vo-

1952 829 2138 893 luerit,
2167 833 2469 902 comperiet
2496 835 2756 906 majorem
2811 848 3017 906 partem
3051 841 3143 909 qui
3167 841 3507 910 subscripse-

1953 927 2098 980 runt,
2156 934 2264 973 non
2306 933 2428 975 esse
2475 923 2715 980 eosdem.
2773 926 3058 982 Scribebat
3119 944 3250 984 sane
3295 939 3352 983 et
3399 930 3510 986 Leo

1951 1006 2170 1063 lsaurus
2223 1011 2286 1062 ad
2343 1010 2663 1080 Gregorium
2719 1014 2782 1081 ll,
2836 1017 2970 1079 Cur,
3008 1018 3282 1086 inquiens,
3317 1020 3373 1074 in
3411 1036 3508 1075 sex

1948 1096 2197 1152 conciliis
2217 1099 2282 1154 de
2302 1100 2630 1171 imaginibus
2653 1105 2788 1160 nihil
2811 1117 2896 1162 est
2923 1107 3173 1162 dictum?
3206 1118 3261 1163 et
3283 1125 3508 1179 papare-

1948 1190 2190 1257 spondit,
2209 1192 2343 1246 nihil
2382 1193 2592 1250 dictum
2620 1210 2759 1252 esse.
2791 1197 2948 1264 Quod
3003 1213 3142 1268 papa
3168 1215 3277 1254 non
3306 1201 3508 1255 fatere-

1948 1289 2057 1342 tur,
2093 1297 2194 1338 nec
2229 1285 2525 1352 imperator
2555 1287 2843 1356 obiiceret,
2866 1289 2911 1344 si
2931 1290 3242 1358 quinisexta
3259 1290 3504 1361 legitima

1949 1371 2263 1426 haberetur.
2321 1376 2395 1430 Ex
2451 1376 2654 1446 quibus
2699 1393 2826 1432 vera
2875 1393 2999 1436 esse
3059 1381 3502 1452 comperiantur.

1945 1478 2065 1532 quae
2106 1465 2300 1520 scribit
2340 1467 2796 1524 Bibliothecarius
2853 1471 3176 1528 Anastasius
3201 1472 3255 1526 in
3308 1471 3508 1541 praefa-

1948 1557 2094 1611 tione
2129 1571 2242 1612 suae
2271 1558 2326 1612 in
2358 1560 2644 1624 septimam
2691 1561 2961 1633 synodum
3030 1563 3506 1634 interpretationis

1943 1647 2008 1700 ad
2047 1647 2456 1723 Joannemﬁ’lll
2489 1671 2503 1706 :
2545 1671 2564 1704 ι
2597 1652 2738 1708 Sane
2770 1654 3072 1708 notandum
3101 1664 3188 1708 est
3209 1693 3222 1716 .
3252 1654 3502 1723 quaedam

1945 1739 1996 1792 in
2034 1738 2135 1794 hac
2165 1741 2374 1810 synodo
2394 1757 2461 1796 es
2504 1743 2878 1812 apostolorum
2913 1755 2968 1799 et
2996 1755 3166 1800 sexta:
3215 1745 3504 1800 universa-

1943 1830 2007 1884 lis
2057 1832 2248 1900 synodi
2301 1834 2606 1888 canonibus
2673 1843 2728 1888 et
2773 1835 3063 1890 sententiis
3091 1836 3344 1903 inveniri,
3380 1851 3504 1905 quae

267 1923 371 1973 καὶ
399 1924 428 1973 ό
450 1922 785 1992 προκάτοχός
808 1941 900 1978 σου
938 1927 1166 1989 πάππας
1199 1928 1226 1979 6
1269 1926 1684 1997 μακαριώτατος
1707 1927 1821 1978 xce-

1942 1937 2108 1990 penes
2163 1937 2264 1977 nos
2313 1923 2671 1994 interpretata
2732 1941 2833 1980 nec
2864 1926 3144 1981 habentur
3167 1941 3269 1980 nec
3302 1929 3503 1981 admit-

267 2027 444 2078 φανος
474 2011 680 2065 τούτων
703 2014 763 2068 οὐ
789 2013 1008 2076 πλείους
1042 2015 1074 2085 ἢ
1106 2017 1441 2081 πεντήκοντα
1477 2017 1728 2079 δεκτέους
1757 2014 1838 2072 εἷ-

265 2119 361 2152 ναι
389 2101 676 2162 συνοδικῶς
705 2105 1044 2176 ἀπεφήνατο,
1069 2107 1118 2158 εί
1153 2107 1246 2159 καὶ
1275 2109 1579 2178 ἀρχιερέων
1619 2107 1835 2176 Ῥώμης

261 2191 466 2260 θεσμοί
497 2211 640 2256 τινες
669 2199 731 2246 ἐκ
787 2197 896 2247 τῶν
932 2198 1172 2250 κανόνων
1198 2198 1425 2252 ἐκείνων
1459 2200 1832 2268 παρειλῆφοαι

259 2285 536 2339 δοκοῦσιν.
562 2287 725 2341 Ὅθεν
753 2289 817 2357 δὴ
848 2289 1181 2355 Θεσπίσματι
1211 2291 1309 2360 τῆς
1353 2290 1718 2361 ἀποστολικῆς
1737 2308 1830 2344 σου

258 2377 428 2442 ἀξίας
445 2377 505 2429 οὑ
531 2379 690 2446 μόνον
712 2381 954 2443 ἐκείνους
974 2380 1100 2444 τοὺς
1129 2388 1170 2435 ν’
1193 2381 1406 2456 δέχεται
1434 2383 1466 2452 ή
1509 2381 1829 2452 Ἐκκλησία.

259 2468 404 2520 ἀλλὰ
432 2469 527 2523 καὶ
555 2471 677 2533 τοὺς
698 2471 806 2526 τῶν
829 2473 1130 2542 ἀρχιερέων
1168 2472 1386 2544 Ῥώμης
1415 2474 1685 2537 ἅπαντας,
1742 2469 1828 2525 οἷα

257 2560 325 2629 δὴ
362 2559 686 2629 σαλπίγγων
745 2562 838 2616 τοῦ
890 2563 1204 2632 Πνεῦματος
1228 2579 1242 2595 ο
1289 2564 1378 2616 ναὶ
1426 2563 1538 2634 μην
1572 2563 1668 2618 καὶ
1703 2562 1830 2626 τοὺς

256 2652 524 2706 ἁπάντων
551 2653 781 2708 καθόλου
804 2657 910 2709 τῶν
945 2658 1212 2728 ἐκκρίτων
1243 2656 1521 2726 Πατέρων,
1577 2656 1671 2708 καὶ
1702 2656 1828 2717 τοὺς

256 2745 372 2795 τῶν
402 2744 565 2814 ἱερῶν
601 2747 839 2800 συνόδων
864 2748 1095 2810 κανόνας
1137 2747 1232 2801 καὶ
1262 2747 1592 2816 διδάγματα,
1643 2748 1827 2800 ἐκεῖνα

255 2834 471 2906 δηλαδὴ
523 2838 684 2907 μόνα,
712 2840 769 2889 ὲν
797 2831 879 2900 οἷς
906 2839 1058 2891 οὐδὲν
1100 2841 1277 2892 ἔνεστι
1309 2841 1374 2909 τῇ
1415 2838 1694 2909 όίιοοδοξίᾳ
1751 2840 1825 2910 μὴ

255 2928 577 2994 σύμφωνον,
609 2932 702 2981 καὶ
747 2931 812 3000 τῇ
849 2930 1102 3000 ὀρθότητι
1147 2930 1254 2986 τῶν
1286 2929 1434 3000 ἠθῶν
1484 2931 1824 2997 ὑπεναντίον,

251 3017 284 3084 ἢ
324 3018 437 3071 τοῖς
471 3015 701 3086 δόγμασι
730 3019 828 3086 τῆς
874 3018 1188 3087 Ῥωμαῖκῆς
1241 3018 1345 3071 κᾶν
1387 3019 1566 3072 ὁτιοῦν
1601 3020 1824 3089 ἀντιφε-

249 3109 494 3177 ρόμενον
515 3125 528 3140 ο
564 3109 765 3178 μᾶλλον
816 3109 873 3162 δὲ
927 3110 993 3163 τα
1025 3110 1268 3180 σφοδρῶς
1298 3111 1583 3178 μαχόμενα
1610 3112 1721 3174 τοῖς
1764 3109 1824 3174 ἐξ

248 3201 531 3262 ἐναντίας,
562 3200 805 3256 τουτέστι
834 3205 944 3264 τοῖς
984 3203 1301 3271 αἱρετικοτς.
1354 3202 1494 3266 Τοὺς
1519 3202 1698 3254 τοίνυν
1723 3219 1823 3255 κα-

247 3291 435 3355 νόνας,
463 3291 557 3352 οῦς
587 3309 749 3359 φασιν
769 3293 818 3344 οἱ
850 3293 1071 3363 Γραικοὶ
1096 3295 1196 3346 ὑπό
1226 3295 1323 3363 τῆς
1347 3295 1512 3363 ἕκτης
1535 3295 1817 3364 ἐκδοθῆναι

249 3383 476 3438 συνόδου
508 3383 599 3435 ἐπὶ
629 3383 884 3456 τοσοῦτον
913 3387 941 3437 ό
968 3387 1258 3454 κορυφαῖος
1288 3385 1503 3454 δέχεται
1543 3386 1734 3456 Θρόνος
1759 3389 1818 3439 ὲν

245 3477 311 3544 τῇ
341 3477 598 3546 παρούσῃ
651 3477 849 3547 ἐϐδόμῃ
891 3477 1110 3545 συνόδῳ,
1150 3479 1581 3548 ὣστε-,μηδαμῶς
1614 3480 1673 3532 re
1715 3497 1818 3532 πα-

246 3566 440 3634 ράπαν
467 3567 711 3629 ἐκείνους
758 3570 1029 3638 στέργειν,
1058 3571 1106 3622 οἳ
1142 3573 1252 3632 τοῖς
1305 3572 1594 3642 προτέροις
1631 3574 1818 3626 κανόσι

243 3661 341 3710 καὶ
370 3659 656 3725 διαταγαῖς
687 3659 796 3712 τῶν
843 3660 1012 3729 ἁγίων
1055 3661 1150 3714 τοῦ
1182 3662 1373 3730 Θρόνου
1405 3664 1597 3716 τούτου
1626 3666 1814 3735 ἀρχιε-

244 3751 412 3819 ρέων,
442 3753 477 3822 ἢ
509 3751 639 3818 γοῦν
679 3754 744 3822 τῇ
795 3755 1081 3825 σεμνότητι
1113 3754 1224 3808 τῶν
1245 3755 1395 3826 ἡϐῶν
1416 3757 1554 3810 εἰσιν
1574 3757 1817 3811 ἀντικείο

240 3861 428 3910 μενοι.
461 3845 511 3895 ei
533 3845 626 3897 καὶ
657 3846 806 3914 παρὰ
838 3847 1092 3908 Λατίνοις
1121 3848 1281 3918 μέχρι
1319 3847 1468 3901 τοῦδε
1501 3848 1814 3917 ξύμπαντες

236 3935 518 4001 ἄγνωστοι
547 3938 744 3990 παντελ
759 3939 820 4001 ἶις
869 3937 1204 3991 διατελοῦσιν
1230 3939 1403 4004 ὅντες,
1435 3940 1556 3993 οὐδὲ
1586 3942 1690 4011 γὰρ
1711 3943 1813 4011 ἠρ-

236 4028 600 4098 μηνεύθησαν
621 4044 634 4059 ·
669 4029 785 4082 ἀλλ’
811 4030 935 4084 οὐδὲ
959 4030 1218 4101 εὕρηνται
1245 4032 1301 4086 ἐν
1341 4035 1454 4095 τοῖς
1475 4032 1682 4096 λοιποῖς
1710 4051 1811 4086 πα·

235 4123 584 4189 τριαρχικοίς
618 4120 849 4191 Θρόνοις,
887 4123 1090 4192 καίπερ
1128 4123 1342 4177 Ἐλλάδι
1371 4124 1675 4194 χρωμένοις
1702 4142 1813 4193 φω-

233 4214 323 4279 νῇ,
350 4212 468 4272 τοῖς
507 4211 734 4265 ἐκείνων
775 4214 1018 4283 ἀρχείοις
1073 4214 1420 4281 ἐγκείμενοι·
1480 4216 1566 4268 ὅτι
1620 4215 1810 4285 μηδεὶς

231 4300 423 4352 αὐτῶν
454 4301 542 4353 ὅτε
587 4302 896 4367 ἐξεδίδοντο.
932 4304 963 4373 ἢ
1004 4304 1366 4370 συνεκδιδοὺς,
1402 4304 1434 4366 ἢ
1475 4305 1805 4373 συμφωνῶν,

228 4392 262 4457 ἧ
293 4391 500 4461 παρὼν
548 4394 682 4456 ὅλως
711 4393 995 4463 ἐτύγχανε.
1043 4395 1232 4449 Καίτοι
1287 4396 1725 4451 διαϐεϐαιοῦνται
1761 4399 1809 4451 οἱ
1861 4428 1866 4433 τ

229 4482 488 4551 Γραικοὶ,
526 4485 649 4544 τοὺς
682 4486 906 4547 κανόνας
935 4484 1156 4547 τούτους
1210 4485 1550 4538 ὲκτεθεῖοοαι
1597 4485 1687 4538 ὑπ’
1715 4490 1810 4539 αὐ-

1940 2022 2148 2068 tuntur.
2182 2014 2248 2068 Et
2273 2024 2420 2070 certe
2450 2015 2518 2071 de
2542 2018 2912 2086 apostolorum
2961 2019 3266 2073 canonibus
3290 2019 3500 2087 liquido

1938 2107 2208 2169 novimus,
2232 2107 2489 2176 quoniam
2513 2108 2599 2162 his
2628 2109 2848 2177 quidam
2897 2109 3055 2164 facile
3085 2125 3191 2165 non
3217 2109 3497 2178 praebuere

1935 2211 2286 2254 consensum.
2313 2197 2418 2254 Sed
2448 2207 2504 2253 et
2533 2200 2904 2265 praedecessor
2934 2209 3116 2258 vester
3135 2202 3329 2256 beatus
3359 2215 3496 2270 papa

1936 2286 2245 2358 Stephanus
2285 2305 2393 2343 non
2444 2305 2510 2344 ex
2564 2290 2650 2344 his
2706 2291 2827 2359 plus
2886 2307 3050 2360 quam
3097 2291 3494 2362 quinquaginta

1934 2379 2274 2448 recipiendos
2325 2379 2584 2449 synodice
2642 2380 3032 2450 promulgavit,
3094 2380 3490 2450 licetquaedam

1931 2472 2227 2526 constituta
2257 2474 2574 2542 pontiﬁcum
2601 2489 2663 2529 ex
2711 2473 2847 2543 ipsis
2876 2475 3184 2529 canonibus
3211 2485 3492 2542 assumpta

1929 2575 2049 2617 esse
2077 2561 2383 2616 videantur.
2418 2561 2571 2618 Unde
2598 2561 2903 2630 apostolatu
2933 2559 3128 2616 Vestro
3157 2559 3492 2615 decernente

1929 2667 2038 2709 non
2095 2656 2270 2709 solum
2339 2653 2461 2710 illos
2521 2654 2666 2710 solos
2702 2650 3094 2726 quinquaginta
3119 2667 3357 2708 canones
3389 2653 3492 2706 Ec-

1927 2745 2092 2800 clesia
2130 2745 2344 2814 recipit,
2368 2745 2464 2801 sed
2487 2754 2542 2800 et
2558 2759 2748 2799 omnes
2774 2745 3092 2814 pontificum
3117 2743 3490 2797 Romanorum

1928 2847 2117 2906 utpote
2174 2835 2413 2906 Spiritus
2447 2837 2637 2892 sancti
2691 2837 2969 2900 tubarum,
3004 2835 3134 2905 quia
3159 2845 3218 2890 et
3239 2834 3488 2889 omnium

1927 2928 2150 2984 omnino
2180 2930 2544 3000 probabilium
2579 2930 2833 2996 Patrum,
2873 2938 2929 2986 ct
2964 2937 3280 2984 sanctorum
3307 2927 3491 3010 cont-iv

1926 3015 2121 3070 liorutn
2176 3017 2392 3088 regulas
2429 3027 2485 3072 et
2509 3018 2885 3074 institutiones
2910 3017 3171 3081 admittit,
3203 3017 3326 3071 illas
3344 3011 3488 3069 dun-

1925 3116 2074 3161 taxat
2124 3123 2245 3177 quae
2303 3124 2406 3163 nec
2465 3119 2627 3164 rectas
2686 3110 2986 3174 ﬁdei,nec
3019 3108 3208 3179 probis
3238 3107 3488 3162 moribus

1924 3197 2170 3262 obviant,
2192 3200 2285 3253 sed
2311 3214 2412 3254 nec
2441 3200 2590 3255 sedis
2640 3201 2899 3255 Romanze
2937 3200 3179 3254 decretis
3214 3200 3281 3253 ad
3313 3200 3487 3252 modi-

1922 3303 2043 3343 cum
2076 3289 2206 3356 quid
2241 3291 2546 3358 resultant;
2580 3292 2712 3360 quin
2771 3291 2956 3362 potius
3028 3290 3393 3353 adversarios,
3431 3290 3485 3344 id

1920 3391 2005 3436 est
2057 3382 2363 3448 haereticos,
2412 3392 2665 3452 potenter
2694 3383 3038 3452 impugnant.
3071 3382 3212 3453 Ergo
3245 3381 3479 3452 regulas,

1919 3489 2054 3544 quas
2102 3473 2272 3529 αι·ωοὶ
2310 3490 2338 3529 a
2370 3483 2521 3530 sexta
2578 3475 2787 3546 synodo
2841 3475 3135 3544 perhibent
3168 3473 3370 3538 editas,
3408 3473 3484 3528 ita

1920 3567 1972 3620 in
2010 3566 2110 3621 hac
2139 3569 2348 3638 synodo
2379 3568 2696 3637 principalis
2757 3568 2916 3623 sedes
2964 3567 3226 3632 admittit,
3261 3574 3321 3620 ut
3353 3568 3481 3622 nul-

1916 3658 2132 3714 latenus
2165 3674 2231 3713 ex
2265 3660 2332 3714 iis
2360 3660 2463 3715 illae
2487 3660 2827 3729 recipiantur
2866 3675 2989 3729 qua:
3015 3660 3293 3729 prioribus
3318 3673 3484 3714 cano-

1918 3751 2080 3806 nibus
2126 3751 2210 3806 vel
2265 3753 2504 3807 decretis
2543 3765 2865 3808 sanctorum
2893 3752 3042 3808 sedis
3064 3753 3230 3823 hujus
3257 3752 3482 3821 pontili-

1915 3855 2061 3905 cum,
2096 3853 2186 3897 aut
2225 3853 2374 3899 certe
2406 3845 2564 3900 bonis
2581 3843 3479 3904 moribusinveniunturadverste.

1915 3935 2178 4000 Quamvis
2237 3951 2428 3992 omnes
2474 3940 2740 3992 hactenus
2783 3953 2850 3992 ex
2904 3946 3020 3993 toto
3055 3945 3306 3995 maneant
3333 3937 3477 4006 apud

1913 4029 2136 4085 Latinos
2187 4030 2496 4100 incognitae,
2524 4032 2653 4100 quia
2683 4045 2784 4086 nec
2825 4034 3222 4100 interpretata;
3253 4029 3348 4087 sed
3376 4045 3479 4084 nec

1913 4120 1967 4174 in
1994 4130 2322 4186 eteterarum
2351 4121 2795 4189 patriarchalium
2831 4121 3071 4180 sedium.
3125 4119 3260 4176 licet
3291 4118 3474 4192 Graeca

1914 4219 2138 4263 utantur
2193 4211 2397 4280 lingua,
2449 4210 2797 4281 reperiantur
2845 4208 3086 4264 archivis
3135 4194 3150 4262 ξ
3212 4207 3474 4265 nimirum

1909 4301 2035 4370 quia
2060 4302 2206 4356 nulla
2232 4317 2444 4366 earum,
2473 4317 2595 4356 cum
2619 4302 2938 4364 ederentur,
2962 4309 3058 4356 aut
3096 4300 3472 4370 promulgatis,

1909 4400 2003 4446 aut
2047 4393 2418 4455 consentiens,
2457 4403 2552 4448 aut
2601 4394 2790 4447 saltem
2849 4408 3088 4463 pra'sens
3116 4393 3334 4448 inventa
3368 4401 3471 4445 est.

1909 4484 2231 4553 Quanquam
2292 4485 2511 4539 eosdem
2569 4485 2758 4538 Patres
2813 4485 2936 4539 illas
2993 4483 3164 4538 (ἓνκοί
3224 4483 3472 4552 promul-

229 4573 341 4624 τῶν
382 4572 610 4624 ἐκείνων
641 4575 747 4626 τῶν
799 4577 1078 4645 Ιιατέρων,
1130 4577 1178 4629 οἳ
1227 4578 1327 4647 τὴν
1377 4579 1540 4646 ἕκτην
1589 4578 1803 4632 σύνοδον

1925 4593 2063 4638 {asse
2086 4579 2428 4647 perhibeant,
2461 4579 2550 4646 qui
2579 4578 2630 4630 in
2664 4587 2815 4630 sexta
2842 4577 3050 4647 synodo
3081 4574 3470 4640 suntiuvcnti;

229 4667 594 4734 συνεκρότουν
616 4683 628 4698 ·
666 4668 801 4720 ἀλλὰ
827 4669 983 4721 τοῦτο
1015 4669 1186 4734 δεῖξαι
1249 4671 1444 4737 σαφέσι
1479 4673 1802 4741 τεκμηρίοις

227 4759 329 4810 οὐκ
366 4758 434 4809 ἂν
457 4756 652 4826 ἔχοιεν.
689 4777 708 4808 s

303 4849 480 4917 Ὁρᾷς
501 4849 580 4900 ὃτι
607 4847 731 4917 σύμ
759 4867 874 4900 ωνα
900 4852 964 4918 τῇ
998 4850 1220 4919 ἀληθεία
1253 4852 1452 4919 γρὰξει
1478 4855 1504 4904 ό
1531 4854 1803 4922 ἑρμηνεὺς

237 4939 638 5004 Ἀναστάσ“ιο;;
687 4940 814 4993 Ὅτε
864 4941 995 5008 γοῦν
1032 4943 1348 5010 ἐπιχειρεῖς,
1381 4944 1466 4996 ὅτι
1494 4945 1528 5012 ἡ
1573 4942 1616 5008 ζ’
1650 4943 1804 4996 σύνο-

224 5030 310 5092 δος
351 5031 622 5101 μέμνηται
654 5033 891 5085 κανόνων
913 5034 1020 5085 τῶν
1049 5035 1108 5097 ἒξ
1133 5034 1525 5102 οίκουμενικῶν
1547 5036 1798 5099 συνόδων,

224 5123 333 5190 ἄρα
367 5123 592 5175 καὶτῶν
618 5125 716 5188 τῆς
743 5124 1065 5191 πενοέκτης,
1091 5129 1124 5193 ἡ
1157 5126 1264 5193 γὰρ
1319 5125 1519 5193 κυρίως
1548 5132 1602 5190 ς’
1638 5127 1798 5180 κανό-

225 5229 319 5277 νας
341 5214 408 5266 οὐ
438 5215 770 5283 συνέγραψεν
791 5233 804 5247 ο
831 5216 1011 5284 ἀληθῆ
1041 5217 1240 5284 λέγεις,
1267 5217 1382 5269 ἀλλ’
1405 5219 1503 5270 οὐκ
1525 5218 1799 5286 ἀναγκαῖα

227 5306 319 5356 καὶ
355 5301 632 5372 ἑνθεσμα·
681 5306 836 5358 τοῦτο
886 5310 994 5374 γὰρ
1028 5308 1563 5370 ὲσκόπειΤαράσιος
1593 5313 1620 5362 ὁ
1673 5310 1796 5372 τοὺς

225 5397 462 5456 κανόνας
493 5397 591 5463 τῆς
615 5394 659 5459 ξ’
683 5397 901 5448 συνόδου
926 5397 1393 5466 ὑπαγορεύσας,τὴ
1416 5399 1542 5460 τοὺς
1563 5400 1796 5462 κανόνας

223 5487 320 5550 τῆς
361 5487 664 5555 πενθέκτης
709 5489 1033 5556 νομισθῆναι
1081 5489 1337 5558 γνησίους
1370 5489 1502 5558 πρὸς
1549 5489 1609 5543 τὸ
1660 5491 1798 5544 ἀπε-

225 5574 415 5641 λέγξαι
466 5579 588 5640 τοὺς
633 5579 1069 5648 Εὲκονομόιχους’
1128 5580 1272 5633 ὥστε
1304 5581 1410 5632 τῶν
1457 5582 1793 5635 ἀνατολικῶν

221 5661 288 5735 ἦν
338 5669 615 5737 ἡτοιαύτη
650 5671 952 5738 οἰκονομία.
1000 5673 1056 5724 ’0
1098 5673 1154 5725 δὲ
1207 5676 1565 5736 ἀποστολικός
1605 5676 1792 5742 Θρόνος

220 5763 445 5819 τούτου;
477 5759 600 5812 οὔτε
629 5762 1023 5828 ἐπεγίνωσκεν,
1055 5763 1174 5815 οῦτε
1227 5761 1340 5834 εἶχε
1378 5767 1628 5827 κανόνας,
1673 5766 1790 5818 ἀλλ’

223 5851 312 5903 ἐπὶ
347 5851 601 5905 τοσοῦτον
633 5854 849 5919 ἐδέξατο
884 5856 937 5906 ἐν
968 5859 1029 5924 τῇ
1074 5857 1117 5919 ξ’
1160 5858 1374 5924 συνόδῳ,
1411 5858 1532 5914 ὅσον
1555 5858 1790 5915 ὲπιόοκι-

1910 4671 2004 4725 sed
2035 4670 2139 4725 hoc
2169 4669 2587 4747 nullis‘probare
2611 4669 2779 4724 certis
2813 4677 3038 4738 possunt
3074 4668 3313 4722 indiciis.
3353 4685 3370 4720 ι

1975 4849 2137 4904 Vides
2168 4849 2520 4918 interpretem
2558 4849 2908 4904 Auastasium
2950 4863 3195 4902 consona
3225 4847 3473 4904 scribere

1906 4942 2156 4996 veritati?
2185 4941 2416 5008 Quando
2472 4942 2636 5011 igitur
2661 4941 2848 5009 arguis
2877 4958 2890 4994 :
2929 4939 3172 5009 Septima
3228 4939 3471 5008 synodus

1904 5033 2154 5086 meminit
2207 5047 2479 5087 canonum
2519 5048 2612 5088 sex
2672 5033 3013 5104 generalium
3068 5033 3466 5096 conciliorum;

1900 5140 2030 5195 ergo
2057 5125 2223 5179 etiam
2271 5125 2616 5194 quinisextm,
2669 5122 3119 5192 quandoquidem
3170 5139 3291 5192 qua;
3338 5139 3468 5182 vere

1898 5227 2052 5274 sexta
2093 5217 2216 5280 fuit.
2275 5217 2455 5272 nullos
2499 5231 2738 5272 canones
2788 5216 2984 5280 edidit,
3018 5231 3143 5270 vera
3179 5217 3335 5274 dicis.
3367 5217 3464 5274 sed

1900 5327 2010 5365 non
2065 5309 2378 5367 necessario
2426 5319 2481 5365 et
2526 5310 2650 5378 jure
2704 5309 3111 5369 concludentia.
3137 5311 3271 5365 Nam
3294 5309 3462 5366 Taras

1898 5404 2037 5466 sius,
2097 5405 2193 5472 qui
2257 5403 2500 5472 septimae
2555 5400 2751 5471 synodi
2801 5416 3041 5466 canones
3099 5401 3461 5470 conscripsit.

1900 5496 2003 5549 hoc
2053 5495 2293 5559 volebat,
2345 5493 2609 5552 nimirum
2660 5507 2904 5547 canones
2927 5491 3460 5562 quiniscxuehaberi

1897 5602 1995 5653 pro
2039 5584 2320 5654 legitimis,
2375 5596 2433 5639 ut
2461 5594 2639 5652 posset
2685 5584 3017 5654 redarguere
3051 5583 3458 5638 lconomachos.

1895 5677 2083 5742 itaque
2140 5675 2497 5734 Orientalium
2555 5677 2658 5731 fuit
2711 5674 3042 5744 excogitatio
3074 5676 3459 5739 hate;atvero

1895 5770 2055 5822 sedes
2107 5768 2408 5836 apostolica
2462 5782 2561 5820 nec
2589 5767 2942 5837 agnoscebat,
2970 5782 3068 5822 nec
3102 5783 3200 5836 pro
3237 5768 3460 5818 canoni-

1893 5860 1997 5918 bus
2027 5859 2288 5925 habebat,
2319 5859 2412 5917 sed
2439 5874 2674 5917 eatenus
2707 5861 2760 5916 in
2789 5859 3022 5930 septima
3045 5857 3256 5929 synodo
3276 5869 3460 5916 susce-
