3816 6548
210 397 319 457 8'l3

1520 404 2162 468 liEFUTATiONILl.

3343 418 3452 480 Hii

283 515 349 565 Ol
381 513 477 581 τῆς
502 510 547 582 β’
576 508 798 565 συνόδου
849 512 1086 583 Πατὲρες
1119 518 1317 568 κανόνα
1349 520 1772 589 ἐγεγράφεισαν,

1952 522 2144 579 Patres
2196 526 2457 578 secundae
2508 528 2703 596 synodi
2736 529 3027 584 ediderant
3055 544 3344 594 canoncm.
3397 542 3456 586 ιιι

210 603 353 657 ὥστε
382 605 475 655 τὸν
529 605 1149 668 Κωνσταντινουπόλεως
1208 606 1353 677 ἔχειν
1389 612 1456 663 τά
1512 611 1778 679 πρεσϐεῖα

207 698 308 763 τῆς
349 696 515 765 τιμῆς
566 697 702 764 μετά
750 698 840 748 τὸν
870 697 968 762 τῆς
1025 695 1243 765 Ῥώμης
1272 701 1592 755 ἐπίσκοπον.
1640 703 1779 755 Ἀλλ’

205 786 358 853 ὅμως
395 785 647 854 Θεόφιλος
676 789 703 838 ό
736 787 1142 855 Ἀλεξανδρείας
1172 788 1508 843 ἀντεποιεῖτο
1542 794 1638 863 τῆς
1665 811 1782 865 χει-

208 877 456 945 ροτονίας
507 876 599 929 τοῦ
644 878 943 929 ἐπισκόπου
1004 880 1652 946 Κωνσταντινουπόλεως,
1685 886 1781 937 καὶ

204 968 500 1037 Διόσκορος
553 968 960 1037 Ἀλεξανδρείας
1011 971 1424 1040 ἐχειροτόνησεν
1470 974 1780 1029 Ἀνατόλιον

201 1058 296 1108 τὸν
340 1058 1006 1120 Κωνσταντινουπόλεως·
1041 1060 1164 1111 ὅθεν
1211 1062 1374 1114 παντί
1434 1080 1538 1116 που
1597 1064 1776 1134 δῆλον,

200 1145 284 1198 ὅτι
317 1146 348 1197 ὁ
381 1146 557 1198 κανὼν
592 1148 819 1209 ἐκεῖνος,
855 1148 903 1198 εί
956 1150 1049 1199 καὶ
1100 1150 1237 1211 ὅλως
1291 1150 1539 1217 γέγονεν,
1571 1152 1777 1222 ἄκυρος

200 1235 443 1304 ἔμεινεν.
474 1236 567 1288 Διδ
597 1228 664 1306 δὴ
689 1237 747 1288 ἐν
782 1238 844 1305 τῇ
875 1237 1112 1308 τετάρτῃ
1148 1234 1350 1307 συνόδῳ
1388 1241 1436 1292 oi
1469 1258 1776 1313 τοποτηρη-

198 1328 295 1380 ταὶ
339 1328 433 1380 τοῦ
471 1328 668 1381 πάππα
714 1328 805 1380 τὸν
836 1330 1038 1381 κανόνα
1084 1331 1270 1383 τοῦτον
1301 1332 1401 1385 οὑκ
1428 1332 1605 1400 ὀρθῶς
1640 1351 1773 1402 προσ

198 1417 470 1486 φέρεσθαι
519 1416 739 1485 ἔλεγον·
774 1420 867 1471 καὶ
911 1420 1064 1472 Λέων
1114 1422 1141 1472 6
1170 1420 1474 1489 τηνικαῦτα
1520 1424 1774 1488 πάπποις,

198 1510 296 1559 καὶ
344 1511 390 1561 ot
450 1509 569 1577 μετ’
612 1508 773 1561 αὑτὸν
821 1511 1101 1580 ἀρχιερεῖς
1140 1513 1395 1564 οὐδέποτε
1447 1514 1522 1575 ὡς
1553 1516 1775 1583 γνήσιον

198 1595 455 1665 ἐδέξαντο
475 1615 489 1629 ’
542 1592 730 1668 ὥσπερ
760 1602 853 1654 καὶ
886 1603 976 1654 τὸν
1008 1605 1103 1669 τῆς
1150 1605 1415 1673 τετάρτης
1447 1605 1691 1671 συνόδου,
1717 1606 1776 1658 ὃν

194 1692 291 1743 ἐπὶ
355 1690 648 1760 βεϐαιώσει
725 1692 820 1746 τοῦ
884 1695 1157 1763 προτέρου
1209 1697 1352 1757 τινὲς
1408 1697 1773 1763 ὑπεξέθεντο·

196 1781 404 1849 μέχρις
436 1780 496 1833 οὗ
528 1783 627 1849 τῆς
659 1784 881 1851 μακρᾶς
919 1784 1329 1853 κατισχυσάσης
1377 1787 1669 1855 ἐπιμονῆς,
1699 1788 1774 1849 ὡς

1883 610 2534 683 Constantinopolitanus
2584 618 2814 675 haberet
2863 621 3089 675 honoris
3140 625 3453 690 prmrogati-

1884 718 2003 757 vam
2035 716 2156 773 post
2187 706 2517 761 limnanum.
2562 710 2817 763 Attamen
2851 711 3190 780 Theophilus
3224 712 3454 766 Alexan-

1882 793 2079 848 drinus
2132 797 2452 851 vindicabat
2508 798 2616 853 sibi
2672 804 3150 856 consecrationem
3199 803 3447 873 episcolii

1881 886 2474 957 Constantinopolitani
2509 882 2613 959 (Ι),
2638 901 2693 945 οι
2720 892 3011 947 Dioscorus
3044 894 3451 948 Alexandrinus

1881 982 2226 1033 consecravit
2276 982 2591 1036 Anatolium
2638 982 3331 1051 Constantinopolitanum.
3368 987 3442 1038 lix

1879 1082 1988 1134 quo
2026 1069 2375 1125 manifestum
2406 1081 2512 1135 est,
2541 1088 2806 1127 canonem
2846 1073 3025 1137 illum,
3056 1075 3099 1128 si
3140 1074 3317 1131 factus
3338 1088 3446 1138 est,

1881 1158 2089 1211 nullum
2113 1159 2281 1213 robur
2307 1160 2592 1214 habuisse.
2616 1161 2964 1231 Quapropter
2994 1162 3153 1231 legati
3182 1179 3332 1231 papa:
3353 1180 3447 1216 ac-

1882 1251 2029 1302 tione
2064 1266 2151 1303 xvr
2206 1260 2413 1318 quarta:
2469 1254 2658 1322 synodi
2702 1255 2978 1307 immerito
3024 1254 3175 1307 illum
3215 1256 3446 1322 proferri

1879 1341 2124 1405 aiebant,
2156 1352 2213 1397 et
2243 1344 2374 1407 Leo,
2403 1355 2533 1399 tunc
2554 1349 2818 1415 temporis
2837 1364 2995 1417 papa,
3022 1358 3075 1402 et
3099 1364 3445 1403 successores

1882 1432 2006 1501 ejus
2031 1449 2311 1501 nunquam
2347 1448 2403 1489 ut
2444 1438 2748 1504 legitimum
2775 1448 3159 1507 susceperunt,
3185 1440 3450 1507 quemad-

1879 1524 2101 1577 modum
2160 1538 2217 1579 et
2278 1528 2603 1581 vicesimum
2655 1540 2905 1584 octavum
2965 1542 3173 1598 quartte
3230 1530 3446 1599 synodi,

1878 1620 2226 1683 suppositum
2264 1634 2294 1670 a
2326 1621 2652 1686 quibusdam
2696 1621 2762 1675 ad
2811 1623 3255 1676 conﬁrmandum
3301 1621 3448 1689 prio-

1880 1719 1995 1757 rem
2042 1706 2221 1766 illum.
2268 1709 2462 1768 donec.
2490 1711 2649 1777 longa
2695 1711 3023 1777 praevalente
3067 1710 3349 1773 instantia,
3390 1722 3449 1763 ut

1880 1795 2151 1850 Adrianus
2176 1812 2314 1865 papa
2354 1808 2587 1853 testatur
2619 1801 2838 1854 actione
2895 1816 2932 1854 ιι
2980 1802 3227 1868 seminis:
3253 1802 3445 1869 synodi

194 1876 470 1942 μαρτύρεῖ
508 1873 786 1943 Ἀδριανὸς
818 1876 847 1927 6
880 1875 1114 1938 πάππας
1138 1878 1194 1927 ἐν
1226 1879 1294 1947 τῇ
1335 1876 1382 1945 β’
1408 1876 1509 1946 τῆς
1536 1854 1772 1949 ἑϐδόμης

1878 1883 2132 1938 scribens
2155 1884 2221 1938 ad
2258 1887 2637 1953 imperatores,
2661 1888 3267 1959 ConstantinOpolitana
3288 1892 3447 1944 sedes

192 1965 420 2018 συνόδου
450 1966 646 2035 πράξει
680 1967 812 2035 πρὸς
846 1967 971 2029 τοὺς
1004 1967 1260 2037 βασιλέας
1294 1970 1539 2039 γράφων,
1559 1972 1586 2023 6
1622 1972 1775 2024 Κωνο

194 2058 699 2120 σταντινουπόλεως
751 2058 938 2127 θρόνος
985 2059 1084 2129 τὴν
1111 2060 1375 2131 δευτέραν
1419 2062 1775 2133 ἐκληρώσατο

190 2148 374 2214 τάξιν,
411 2148 752 2213 ὺποϐιϐάσας
795 2151 999 2220 δηλαδὴ
1030 2152 1208 2222 ἑαυτῷ
1249 2155 1374 2217 τοὺς
1411 2154 1631 2219 λοιποὺς
1662 2156 1815 2213 τῶν(

190 2240 532 2292 ἀνατολικῶν
582 2241 829 2311 θρόνους,
861 2244 955 2296 καὶ
998 2247 1370 2312 μετακινήσας
1423 2248 1491 2300 τὰ
1547 2248 1693 2317 ὅρια,
1739 2246 1774 2300 ἃ

192 2329 385 2384 ἔθεντο
423 2334 472 2385 οἱ
527 2333 816 2387 ἀπόστολοι
865 2337 1017 2407 καὶὴ
1064 2336 1257 2407 πρώτη
1308 2338 1544 2402 σύνοδος.
1598 2340 1774 2393 Κατέ-

196 2423 377 2492 πραξε
442 2425 498 2477 δὲ
550 2429 737 2490 τουτὶ,
798 2431 965 2496 φησιν
1023 2426 1331 2495 Ἁδριανὸς,
1391 2432 1457 2499 τῇ
1515 2429 1774 2501 αὑθεντίᾳ

190 2516 297 2585 τῆς
350 2518 715 2588 ἁποττολικῆς
762 2518 1032 2589 καθέδρας
1082 2520 1144 2571 τὸ
1189 2519 1441 2591 δεύτερος
1492 2519 1633 2574 εῖναι
1680 2524 1773 2575 λα-

192 2608 335 2660 εῶν.

272 2700 338 2752 Et
384 2701 443 2753 δὲ
480 2702 705 2771 Μάρκος
737 2701 838 2771 μὲν
887 2702 944 2756 ὲν
976 2700 1378 2774 ’Δλεξανδρεία,
1422 2704 1516 2756 καὶ
1554 2704 1773 2767 Εὑόδιος

188 2796 256 2846 ὲν
286 2795 696 2863 ’Δντιοχείᾳ,ὦ;
725 2810 891 2863 φησιν
922 2794 1178 2857 Εὐσέϐιος
1207 2796 1265 2847 ἐν
1291 2795 1369 2864 τῷ
1398 2795 1441 2865 β’
1471 2795 1567 2848 καὶ
1596 2794 1643 2864 γ’
1671 2797 1771 2864 τῆς

203 2883 529 2952 Ἱστορίας,
579 2885 675 2936 καὶ
714 2884 970 2952 Ἰγνάτιος
1014 2886 1042 2936 ό
1089 2883 1349 2952 θεοφόρος
1409 2884 1468 2935 ιν
1516 2886 1583 2954 τῇ
1637 2886 1769 2954 πρὸς

199 2980 502 3047 Ἀντιοχεῖς
531 2978 812 3047 ἐπιστολῇ,
835 2978 963 3035 τοὺς
992 2977 1429 3045 πατριαρχικσὺς
1453 2976 1772 3045 ἐκόσμησαν

188 3070 423 3137 θρόνους
459 3072 527 3139 τῇ
584 3068 803 3139 ἐξουσίᾳ
825 3068 916 3121 τοῦ
958 3069 1166 3137 Πέτρου
1192 3082 1209 3099 ο
1262 3069 1402 3123 ὥστε
1454 3066 1637 3136 λέγειν
1679 3068 1770 3119 τὸν

186 3164 249 3213 εν
283 3160 460 3227 ἁγίοις
484 3161 783 3229 Γρηγόριον
810 3162 900 3213 τὸν
923 3161 1182 3227 Διάλογον
1204 3161 1261 3211 ὲν
1291 3162 1358 3229 τῇ
1395 3166 1478 3227 ρα¹
1509 3160 1768 3229 ἐπιστολῇ

188 3256 337 3304 πρὸς
387 3252 644 3304 Εὐλόγιον
694 3250 1125 3304 ’Δλεεανδρείαικ
1163 3252 1247 3304 ὅτι
1292 3253 1440 3304 τρεῖς
1488 3251 1703 3304 ὕψωσεν
1744 3253 1772 3302 6

1876 3160 2037 3218 epist.
2073 3160 2195 3212 101.
2247 3160 2312 3205 ad
2348 3160 2636 3223 Eulogium
2672 3160 3107 3209 Alexandrinum
3147 3160 3290 3211 dicat
3333 3169 3446 3215 tres

1877 3256 1906 3293 a
1942 3240 2108 3295 Petro
2140 3242 2301 3298 sedes
2332 3245 2504 3298 fuisse
2543 3245 2868 3300 sublimatas
2911 3257 2967 3300 ct
3001 3263 3169 3302 unum
3202 3259 3311 3304 tres
3351 3250 3448 3304 ha-

188 3256 337 3320 πρὸς
387 3252 644 3319 Εὑλόγιον
694 3250 1125 3323 Ἀλεξανδρείας,
1163 3252 1247 3305 ὅτι
1292 3253 1440 3322 τρεῖς
1488 3251 1703 3320 ὑψωσεν
1744 3253 1772 3302 6

190 3345 407 3411 Πέτρος
461 3342 709 3411 θρόνους,
742 3343 840 3395 καὶ
892 3337 975 3404 εἷς
1025 3343 1150 3405 τοὺς
1189 3344 1339 3411 τρεῖς
1372 3337 1555 3412 εῖχενο
1595 3339 1715 3397 εἶτα
1743 3344 1771 3396 6

187 3432 819 3497 Κωνσταντινουπόλεως
851 3434 1113 3503 ἐδράξατο
1142 3435 1237 3504 τῆς
1266 3434 1524 3505 δευτέρας
1557 3436 1765 3506 χώρας,

185 3526 765 3595 παραγκωνισάμενος
796 3528 923 3587 τοὺς
957 3526 1071 3589 δύο,
1099 3528 1193 3579 καὶ⁸
1222 3527 1383 3580 τοῦτο
1425 3527 1770 3600 βεϐιασμένη

183 3618 449 3669 ἐνστάσει
512 3617 891 3685 κατεκτήσατο
931 3616 1000 3669 δι’
1032 3617 1321 3681 αὑθεντίας
1375 3617 1471 3671 τοῦ
1528 3619 1766 3672 πάππαο

188 3708 317 3769 πῶς
346 3706 447 3757 οὐκ
475 3704 698 3775 εὔδηλον
726 3707 833 3759 τῶν
861 3707 1195 3761 ἀνατολικῶν
1231 3709 1443 3777 θρόνων
1482 3710 1549 3762 τὰ
1579 3713 1770 3778 προνό-

190 3814 300 3866 μια
335 3795 607 3873 ἠρτῆσθαι
657 3796 754 3865 τῆς
804 3797 1058 3860 ἐξουσίας
1096 3798 1189 3850 τοῦ
1217 3803 1457 3861 nimia;
1515 3802 1620 3853 Καὶ
1654 3801 1769 3862 πῶς

185 3889 300 3940 οὐκ
338 3885 583 3954 εὔδηλον,
617 3888 700 3940 ὅτι
754 3886 962 3956 Πέτρου
1000 3888 1093 3941 τὸν
1131 3889 1545 3959 Ἀλεξάνδρείας
1588 3892 1771 3943 δεύτε-

188 3994 314 4048 ρον,
376 3980 470 4030 καὶ
528 3978 713 4048 τριτον
762 3979 1209 4048 καταστήσαντος
1269 3980 1361 4031 τὸν
1414 3980 1768 4050 Ἀντιοχείας,

181 4072 388 4121 ἔπειτα
436 4067 532 4120 τοὺ
593 4069 791 4121 πάππα
848 4068 1319 4138 νομοθετήσαντος
1370 4068 1625 4140 δεύτερον
1679 4072 1769 4122 τὸν

184 4157 842 4219 Κωνσταντινουπόλεως,
892 4157 1016 4227 τσην
1056 4156 1171 4226 ἔχει
1223 4160 1252 4210 ό
1314 4157 1521 4227 Πέτρος
1574 4160 1667 4212 καὶ
1720 4163 1769 4212 oi

179 4252 427 4319 διάδοχοι
464 4250 563 4320 τὴν
606 4249 858 4313 ἐξουσίαν
906 4247 1048 4302 κατά
1097 4265 1162 4315 γε
1212 4250 1272 4301 τὸ
1308 4250 1644 4318 ποιμαίνειν,
1675 4251 1770 4303 καὶ

181 4343 486 4411 κυϐερνᾷν,
524 4342 617 4394 καὶ
662 4339 996 4394 διατίθεσθαι
1045 4340 1115 4392 τὰ
1144 4340 1241 4408 τῆς
1297 4339 1669 4411 Ἐκκλησίας;
1709 4343 1769 4394 Ei

181 4435 326 4503 γοῦν
360 4433 652 4501 πρεσϐεῐόν
708 4432 825 4484 ἐστι
879 4429 974 4483 τοῦ
1025 4432 1653 4496 Κωνσταντινουπόλεως
1708 4434 1769 4485 τὸ

1875 1974 2057 2029 locum
2097 1977 2339 2032 obtinuit
2381 1981 2715 2048 secundum,
2754 1984 3017 2037 nimirum
3051 1984 3341 2039 inferiores
3386 2000 3445 2038 se

1874 2066 2226 2123 conStituens
2275 2080 2503 2126 exteras
2535 2072 2782 2128 Orientis
2827 2076 3223 2143 patriarchales
3262 2077 3445 2139 sedes,

1872 2168 1930 2211 et
1950 2160 2291 2215 transferens
2320 2163 2604 2225 terminos.
2627 2180 2767 2233 quos
2784 2174 3100 2220 statuerunt
3129 2167 3358 2235 apostoli
3390 2178 3446 2221 et

1877 2248 2053 2317 prima
2084 2252 2348 2320 synodus.
2394 2252 2517 2307 Haec
2546 2263 2756 2317 autem,
2792 2265 2852 2309 ut
2880 2256 3153 2309 Adrianus
3195 2273 3331 2325 papa
3366 2260 3446 2311 in-

1873 2341 2014 2408 quit.
2048 2342 2197 2396 sedis
2226 2344 2544 2412 apostolica:
2592 2345 2928 2401 auctoritate
2962 2344 3178 2413 habuit,
3219 2358 3278 2401 ut
3332 2348 3444 2417 jam

1876 2430 2026 2486 illius
2050 2432 2319 2489 beneﬁcio
2346 2447 2490 2491 esset
2518 2436 2787 2491 secunda.

1948 2694 2002 2747 Si
2035 2702 2167 2765 ergo
2198 2692 2413 2751 Marcus
2450 2698 2672 2765 quidem
2701 2697 3069 2765 Alexandriae,
3112 2710 3166 2755 et
3205 2697 3449 2761 Erodins

1874 2783 2204 2849 Antiochiae,
2258 2795 2317 2839 ut
2353 2788 2534 2855 inquit
2569 2783 2843 2842 Eusebius
2871 2789 2971 2843 lib.
3007 2805 3042 2842 ιι
3074 2799 3130 2844 οι
3172 2808 3228 2845 ιιι
3265 2791 3448 2845 Histo-

1875 2875 1990 2935 τίω.
2022 2885 2078 2929 et
2125 2887 2350 2930 sanctus
2403 2876 2642 2946 lgnatius
2676 2889 2885 2948 martyr
2922 2878 2975 2932 in
3020 2879 3183 2948 epist.
3226 2882 3291 2935 ad
3333 2884 3445 2937 An-

1878 2965 2189 3030 tiochenus,
2224 2970 2695 3036 patriarchalibus
2731 2973 3043 3039 praesedere
3088 2973 3314 3029 sedibus
3347 2991 3449 3028 au-

1875 3060 2133 3111 ctoritate
2166 3058 2352 3131 l'etri‘:
2375 3071 2432 3113 ut
2457 3062 2619 3129 plane
2640 3072 2865 3116 sanctus
2885 3062 3185 3130 Gregorius
3217 3076 3446 3133 magnus

1875 3151 2037 3218 epist.
2073 3152 2195 3212 iOl.
2247 3134 2319 3205 ad
2348 3152 2636 3223 Eulogium
2672 3155 3107 3209 Alexandrinum
3147 3158 3290 3211 dicat
3333 3169 3446 3215 tres

1875 3332 2060 3387 huisse
2084 3334 2316 3398 ;deinde
2338 3335 3010 3406 Conatantinopolitanus,
3042 3341 3282 3393 extrusis
3311 3342 3443 3405 illis,

1875 3424 2150 3478 secundus
2193 3434 2279 3480 est
2336 3427 2580 3493 habitus,
2637 3438 2692 3482 et
2750 3430 2857 3483 hoc
2914 3430 3134 3485 assidua
3182 3432 3445 3487 instantia

1873 3527 2202 3573 consecutus
2243 3534 2343 3588 per
2374 3521 2761 3574 auctoritatem
2791 3537 2966 3592 papae,
3014 3540 3081 3577 an
3109 3540 3217 3578 non
3254 3527 3441 3580 mani-

1874 3606 2073 3661 festum
2108 3619 2191 3663 est
2231 3610 2521 3680 privilegia
2550 3609 2912 3667 Orientalium
2949 3614 3163 3668 sedium
3200 3617 3441 3686 pendere

1872 3701 1941 3753 ab
1994 3702 2323 3755 auctoritate
2368 3704 2561 3771 papaz‘l
2616 3705 2697 3758 An
2750 3720 2857 3757 non
2914 3704 3269 3760 manifestum
3337 3718 3443 3774 est,

1872 3783 2018 3858 Quod
2057 3792 2218 3845 Petro
2244 3795 2617 3848 constituentc
2642 3796 2949 3850 secundum
2984 3797 3441 3865 Alexandrinum,

1871 3879 2275 3935 Autiuchcnum
2307 3884 2554 3944 tertium,
2594 3898 2734 3951 papa
2768 3898 2899 3939 vero
2934 3888 3287 3954 postmodum
3310 3904 3445 3943 con-

1872 3973 2104 4025 cedente
2154 3982 2212 4025 ut
2242 3974 2519 4027 secundus
2568 3986 2716 4029 esset
2766 3975 3436 4047 Co:stantinopoiitanus,

1872 4078 2057 4130 parem
2110 4063 2273 4117 habet
2306 4065 2501 4117 Petrus
2532 4073 2589 4117 et
2622 4080 2974 4120 successores
3011 4077 3337 4135 potestatem
3382 4072 3438 4127 in

1873 4154 2164 4221 pascendo,
2201 4154 2561 4223 gubernando
2597 4166 2652 4210 et
2685 4157 3029 4211 instituendo
3059 4162 3441 4217 ecclesiastico

1871 4243 2110 4298 ordine?
2147 4245 2331 4315 Itaque
2365 4248 2408 4300 si
2439 4250 2796 4317 praerogativa
2838 4247 3436 4322 Consumtinopolitaui

1871 4345 1955 4388 est
2002 4351 2121 4389 esse
2162 4338 2490 4403 secundum,
2525 4350 2581 4395 et
2612 4340 2972 4396 Alexandrini
3021 4358 3142 4398 esse
3186 4346 3438 4411 tertium,

1869 4434 1925 4477 et
1982 4426 2312 4481 Antiocheni
2368 4443 2491 4482 esse
2548 4438 2830 4496 quartum,
2889 4440 2947 4485 et
2994 4432 3109 4487 haec
3161 4433 3365 4488 habent
3406 4453 3437 4491 a

175 4528 331 4582 εἶναι
372 4526 649 4592 δεύτερον,
678 4523 769 4576 τοῦ
806 4522 1215 4592 Ἀλεξανδρείας
1266 4523 1327 4575 τὸ
1375 4525 1560 4591 τρίτον
1601 4522 1763 4586 εἶναι.

1877 4529 2041 4588 papa,
2074 4525 2294 4570 nonest
2334 4519 2691 4586 verutnquod
2726 4519 2829 4586 ais,
2878 4536 3071 4591 papam
3118 4541 3147 4576 a
3184 4524 3442 4581 Patrihns

174 4619 282 4671 τοῦ
320 4617 649 4687 Ἀντιοχείας
681 4619 740 4667 τὸ
771 4612 911 4667 εῖναι
941 4615 1221 4683 τέταρτον,
1242 4613 1337 4667 καὶ
1364 4612 1541 4667 ταῦτα
1573 4614 1759 4685 ἔχουσι

180 4710 343 4777 παρὰ
400 4708 493 4760 τοῦ
547 4710 776 4761 πάππα·
810 4708 912 4759 οὐκ
968 4706 1141 4776 ἀληθῆ
1202 4705 1403 4772 λέγεις,
1442 4706 1626 4773 Νεῖλε,
1680 4707 1763 4761 ὅτι

179 4802 345 4870 παρὰ
377 4799 483 4853 τῶν
519 4797 779 4870 Πατέρων
811 4800 1034 4867 εἴληφεν
1060 4797 1088 4850 ὁ
1123 4798 1354 4861 πάππας
1380 4799 1443 4849 τὸ
1474 4804 1756 4869 πρωτεῖον.

188 4891 427 4960 ’λξληθὲς
461 4890 535 4954 δὲ,
578 4891 661 4942 ὅτι
692 4889 841 4959 παρὰ
872 4887 969 4940 τοῦ
1016 4888 1218 4941 πάππα
1248 4888 1534 4957 εἰλήφασιν
1568 4891 1617 4942 oi
1652 4891 1763 4943 [ια-

173 4988 347 5054 τέρες
376 4982 443 5034 τὰ
469 4982 761 5051 προνόμια.
791 4982 899 5034 Καὶ
930 4980 1090 5050 εἴπερ
1120 4981 1265 5032 κατὰ
1291 4980 1372 5045 σὲ,
1410 4982 1540 5052 παρ’
1568 4976 1643 5037 ὧν
1678 5000 1757 5047 τις

173 5080 305 5145 ἔχει
341 5076 403 5127 τὸ
446 5076 755 5144 πρεσϐεῖον,
788 5073 1015 5125 ἐκείνων
1066 5075 1179 5133 τοῖς
1231 5073 1415 5141 νόμοις
1449 5073 1722 5141 ὑπάγεται
1744 5091 1758 5106 ’

171 5174 232 5221 ot
261 5168 322 5219 δὲ
353 5168 658 5219 άνατολικοὶ
686 5166 1021 5234 πατριάρχαι
1046 5164 1200 5233 παρὰ
1227 5165 1322 5217 τοῦ
1353 5163 1553 5217 πάππα
1579 5165 1762 5234 ἔχουσι

172 5262 249 5315 τὺ
294 5258 583 5328 πρεσϐεῖον
633 5254 728 5310 τοῦ
762 5254 903 5310 εἶναι
955 5255 1231 5324 δεύτερον,
1273 5256 1368 5309 καὶ
1414 5256 1621 5324 τρίτον,
1670 5260 1764 5311 καὶ

171 5353 483 5417 τέταρτον·
521 5349 627 5419 ἄρα
675 5350 816 5400 κατα
871 5349 930 5400 σὲ
974 5348 1283 5412 ἐπάναγκες
1323 5348 1626 5414 ὑπάγονται
1656 5350 1765 5404 τοῖς

171 5442 382 5509 νόμοις
430 5440 523 5492 τοῦ
558 5442 776 5492 πάππα.
812 5439 871 5491 Εἰ
928 5439 983 5490 δὲ
1017 5439 1203 5507 φαίης,
1237 5440 1297 5489 οὑ
1334 5440 1478 5507 παρὰ
1524 5439 1631 5488 τῶν
1666 5457 1766 5489 πα-

169 5532 495 5602 τριαρχῶν,
542 5531 635 5592 οὑς
694 5532 952 5599 ἐτίμησεν
1009 5532 1037 5582 6
1099 5532 1353 5592 πάππας,
1413 5531 1551 5581 ἀλλὰ
1613 5531 1765 5600 παρὰ

172 5623 433 5676 συνόδων
495 5624 887 5689 οίκουμενικῶν
968 5617 1109 5673 εἶναι
1183 5621 1243 5673 τὸ
1313 5621 1605 5689 πρεσϐεῖον
1675 5621 1765 5674 τοῦ

269 5810 347 5879 (Ι)
382 5807 457 5863 Ex
494 5810 611 5865 Vita
650 5809 1046 5879 Chrysostomi.

1874 4606 2133 4661 habuisse
2184 4608 2518 4676 primatum;
2555 4610 2650 4663 8rd
2703 4621 2921 4676 contra,
2955 4624 3141 4682 patres
3176 4615 3436 4672 habuisse

1871 4711 1899 4750 a
1938 4712 2075 4766 papa
2129 4699 2438 4771 privilegia,
2488 4709 2545 4755 et
2582 4701 2626 4755 si
2658 4715 2759 4771 per
2789 4711 2865 4767 te,
2900 4718 2931 4757 ιι
2966 4705 3170 4773 quibus
3199 4707 3434 4775 quisque

1873 4788 2107 4844 honores
2173 4791 2375 4867 sumit,
2433 4792 2647 4861 legibus
2704 4794 2929 4848 illorum
2990 4806 3078 4849 est
3137 4796 3430 4863 subditus;

1868 4877 2180 4936 Orientales
2201 4896 2333 4936 vero
2362 4884 2692 4951 patriarchae
2720 4884 2923 4940 habent
2956 4885 3195 4940 honores
3214 4902 3244 4940 ι
3273 4903 3433 4957 papa,

1872 4984 1933 5027 ut
1980 4974 2309 5036 secundum,
2353 4976 2593 5040 tertium,
2636 4985 2691 5030 et
2734 4987 2990 5045 quartum
3025 4979 3316 5033 obtineant
3350 4981 3434 5033 io-

1869 5080 2033 5130 cum;
2065 5076 2216 5122 certe
2252 5069 2420 5122 etiam
2466 5084 2616 5138 papa.-
2646 5069 2863 5138 legibus
2902 5072 3215 5126 necessario
3256 5087 3350 5141 per
3384 5083 3433 5126 te

1874 5159 2211 5215 subduntur.
2252 5159 2307 5215 Si
2359 5160 2512 5215 dicas
2570 5176 2677 5214 non
2727 5176 2849 5216 esse
2887 5162 3180 5230 primatum
3216 5179 3365 5233 papae
3401 5181 3431 5217 a

1868 5257 2221 5325 patriarchis,
2252 5272 2392 5324 quos
2416 5255 2713 5310 honoravit
2750 5272 2908 5325 papa.
2947 5257 3043 5311 sed
3080 5257 3150 5311 ab
3192 5273 3432 5312 renume-

1869 5347 2009 5399 nicis
2057 5346 2330 5409 conciliis,
2375 5346 2517 5400 dicis
2562 5361 2685 5415 quae
2731 5348 2885 5401 nullo
2941 5346 3104 5401 modo
3152 5356 3427 5402 constant.

1868 5435 2051 5490 Prima
2079 5436 2324 5506 synodus
2359 5436 2413 5489 in
2441 5448 2595 5491 sexto
2624 5453 2833 5491 canone
2870 5438 3136 5507 pramipit,
3166 5438 3425 5506 antiquos

1870 5531 2150 5584 observari
2212 5544 2415 5594 mores,
2474 5540 2532 5585 et
2589 5541 2806 5585 vetusta
2858 5530 3221 5586 Ecclesiarmu
3257 5530 3404 5598 privi

1871 5620 2008 5691 lcgia
2034 5633 2146 5673 non
2180 5618 2418 5673 turbari.
2452 5618 2507 5674 Si
2536 5634 2667 5689 ergo
2701 5635 2838 5688 papa
2864 5621 3161 5690 primatum
3198 5618 3433 5675 habebat
