3900 6560
469 431 578 493 835

1618 425 1984 485 ΜΛΤΤΙΙᾹΞῘ
2027 423 2551 484 CARYOI’HYLLI

3593 430 3682 501 836

474 552 600 598 ante
653 541 928 598 Nicanatn
982 541 1271 611 synodum,
1325 550 1385 594 ut
1431 555 1692 609 expresse
1743 540 1947 596 fatetur
1986 550 2042 594 et

2151 539 2366 601 πάππα,
2418 539 2662 593 ἀπίθανα
2727 539 2908 608 λέγεις
2977 542 3070 595 καὶ
3131 544 3410 612 ἀμήχανα.
3472 544 3582 598 Ὅτι
3625 552 3682 601 τὰ

477 635 592 702 ipsa
645 633 698 686 ltt
757 633 860 686 hoc
898 631 1094 686 eodem
1149 644 1360 685 canone
1413 632 1644 685 recitato
1691 647 1720 685 a
1775 631 2036 685 Romanis

476 726 692 778 actione
726 736 816 775 tm
853 729 1064 790 quartze
1095 719 1315 790 synodi,
1347 719 1627 790 quomodo
1661 720 1898 787 primatu
1929 719 2032 773 bo-

475 822 703 866 noratus
746 820 834 864 est
879 825 910 863 a
947 808 1205 864 conciliis
1253 806 1641 878 generalibus?
1693 807 1811 862 Non
1854 808 2038 879 itaque

473 903 782 958 contemnit
817 903 1012 956 Patres
1043 915 1204 970 papa,
1249 899 1378 969 quia
1413 900 1623 969 legibus
1667 899 1886 954 illorum
1927 916 2036 956 non

475 994 764 1058 subditur;
807 1007 930 1054 nam
979 992 1026 1046 si
1058 991 1410 1055 subderetur,
1445 990 1767 1061 evangelica
1799 1005 1906 1046 non
1937 992 2038 1046 ob-

476 1093 798 1153 temperaret
855 1083 1026 1149 dicto,
1071 1099 1180 1152 quo
1204 1083 1391 1152 jussus
1427 1090 1509 1136 est
1544 1083 1743 1138 Petrus
1787 1093 2038 1152 pascere.

479 1191 585 1228 non
617 1174 792 1244 pasci,
835 1183 892 1228 et
941 1181 1130 1228 custos
1175 1187 1297 1226 esse
1344 1173 1540 1236 vincte,
1573 1187 1682 1227 non
1717 1172 2040 1227 custodibus

475 1267 726 1328 subesse,
784 1272 839 1318 et
867 1262 1115 1316 modicus
1141 1276 1262 1316 esse
1278 1261 1644 1316 valetudinem
1677 1261 1914 1330 largiens
1943 1261 2042 1314 Ec-

477 1355 658 1408 clesia:
690 1351 974 1425 membris,
1001 1367 1110 1405 non
1148 1351 1264 1420 ipse
1297 1351 1482 1406 sanari
1510 1350 1668 1421 juxta
1706 1349 2039 1420 synodorunt

477 1443 802 1498 sententias.
830 1442 913 1500 Tu
955 1455 1086 1496 vero
1117 1440 1339 1510 quando
1371 1450 1840 1510 transgressorem
1877 1455 2042 1495 vocas

480 1547 696 1600 papam,
727 1530 857 1598 quia
886 1529 1036 1599 leges
1068 1543 1203 1598 quas
1238 1529 1424 1599 posuit
1453 1544 1564 1583 non
1593 1531 1876 1594 observat,
1901 1531 2043 1584 acci-

479 1623 563 1696 pis
602 1634 660 1676 ut
683 1622 992 1676 confessum
1009 1619 1152 1688 quod
1175 1620 1373 1690 placet,
1392 1620 1547 1690 quasi
1569 1636 1700 1674 vero
1719 1620 2042 1690 quinisextze

418 1777 431 1788 ο
480 1711 942 1780 pseudocanones
991 1711 1192 1776 ﬁrmati
1250 1719 1440 1766 essent
1484 1712 1816 1765 auctoritate
1867 1727 2037 1781 papae.

2145 630 2348 699 ἀρχαῖα
2382 629 2479 701 ἔθη
2512 631 2740 700 κρατεῖν
2771 630 3020 700 βούλεται
3049 633 3082 697 ἡ
3133 631 3325 702 πρώτη
3357 632 3579 697 σύνοδος,
3608 640 3682 689 καὶ

2149 720 2417 785 σώζεσθαι
2470 724 2538 775 τὰ
2592 723 2857 791 πρεσϐεῖα
2893 726 3013 786 ταῖς
3053 725 3404 795 Ἐκκλησίαις
3453 730 3580 782 κατὰ
3604 732 3684 799 τὴν

2146 811 2385 868 παλαιὰν
2412 812 2728 882 συνήθειαν.
2771 815 2836 869 El
2868 815 2923 867 δὲ
2969 817 3076 884 πρὸ
3106 817 3207 886 τῆς
3233 819 3294 870 ἐν
3326 816 3519 888 Noui;
3558 822 3680 888 πρώ-

2144 919 2244 968 της
2278 901 2497 955 συνόδου
2549 904 2578 954 6
2625 903 2854 964 πάπποις
2901 900 3015 972 εἶχε
3068 905 3136 958 τὰ
3178 910 3444 975 πρωτεῖα,
3488 907 3592 971 πῶς
3630 913 3680 962 τὸ

2147 991 2438 1058 πρεσδεῖον
2467 993 2655 1062 εἴληφε
2684 997 2837 1064 παρὰ
2872 995 3104 1048 συνόδων
3131 997 3558 1066 οίκουμενικῶνς
3589 1003 3680 1053 Οὐκ

2148 1084 2417 1148 ἐξουθενεῖ
2468 1084 2651 1139 τοίνυν
2709 1086 2836 1149 τοὺς
2902 1086 3153 1156 Πατέρας
3203 1087 3233 1138 δ
3285 1087 3532 1152 πάππος,
3589 1091 3681 1152 τοῖς

2147 1171 2376 1226 ἐκείνων
2412 1173 2599 1244 νόμοις
2651 1173 2726 1244 μὴ
2783 1175 3166 1245 ὑπαγόμενοςο
3221 1176 3272 1230 εί
3321 1180 3429 1247 γὰρ
3471 1179 3682 1248 ὑπήγετο

2149 1267 2260 1323 ταῖς
2305 1263 2528 1317 ἐκείνων
2567 1265 2774 1334 νόμοις,
2801 1261 2870 1336 ἦν
2906 1268 2972 1321 ἂν
3009 1268 3332 1339 παραϐάτης
3363 1271 3458 1336 τῆς
3483 1271 3681 1337 εὐαγγε-

2149 1353 2308 1422 λικῆς
2362 1353 2740 1424 θεσμοθετίας,
2783 1356 2854 1410 δι’
2901 1348 2970 1429 ἧς
3022 1360 3336 1428 ποιμαίνειν
3384 1360 3461 1429 τῷ
3520 1363 3668 1432 Πέτρ‹;

2150 1444 2576 1512 προστέτακται,
2606 1445 2667 1499 οὐ
2718 1448 3141 1518 ποιμαίνεσθαι,
3199 1449 3294 1501 καὶ
3347 1450 3518 1518 φύλαξ
3563 1436 3680 1505 εἴναι

2149 1533 2250 1600 τῆς
2274 1535 2546 1610 ἀμπέλου,
2585 1536 2647 1589 οὐ
2675 1537 3075 1606 φυλάσσεσθαι,
3107 1540 3201 1593 καὶ
3234 1540 3420 1610 ίατρδς
3449 1542 3544 1611 τὴν
3585 1543 3679 1612 ῥῶ.

2153 1641 2236 1676 σιν
2286 1625 2646 1699 χαριζόμενος
2696 1631 2807 1690 τοῖς
2856 1629 3044 1698 μέλεσι
3092 1630 3191 1697 τῆς
3245 1632 3681 1705 Ἐκκλησία;,οὑχ

2150 1717 2470 1783 ὑγιάζεσθαι
2520 1717 2660 1770 κατὰ
2709 1722 2806 1781 τὰς
2870 1721 3154 1782 συνοδικὰς
3198 1723 3518 1790 ἀποφάσεις.
3546 1725 3608 1776 Σὺ
3635 1725 3682 1776 δὲ

483 1803 586 1858 Ubi
618 1816 750 1871 ergo
781 1802 1006 1856 damnat
1037 1816 1095 1855 se
1125 1802 1304 1870 ipsum
1337 1816 1496 1870 papa,
1529 1801 1659 1855 dum
1679 1800 1902 1856 damnat
1923 1819 2044 1871 qua:

2153 1809 2239 1860 ὅτε
2270 1808 2447 1874 λέγεις
2479 1808 2806 1879 παραϐάτην
2846 1809 2932 1862 τὸν
2963 1811 3216 1874 πάππαν,
3247 1813 3484 1879 δτι.τοὺ;
3513 1814 3680 1881 νόμους

481 1907 761 1960 nunquam
793 1891 1088 1960 probavit?
1138 1891 1217 1946 lta
1255 1906 1357 1946 nec
1412 1905 1604 1962 papam
1641 1892 1934 1947 ostendisti
1972 1894 2045 1947 ie-

2151 1897 2239 1957 οὒς
2271 1897 2424 1950 ἔθετο
2453 1898 2514 1950 οὐ
2549 1899 2834 1966 φυλάττει,
2864 1901 3163 1969 λαμϐάνεις
3191 1903 3253 1954 τὸ
3297 1905 3383 1956 σοὶ
3425 1904 3600 1958 δοκοῦν
3623 1905 3681 1965 ὼς

480 1981 669 2050 gititne
715 1980 1024 2050 judicatum
1056 1991 1112 2035 et
1145 1981 1465 2038 damnatum
1499 1982 1555 2036 in
1602 1996 1771 2038 causa
1822 1985 2043 2052 dogma-

487 2082 624 2132 tum.
663 2085 764 2125 nec
786 2070 843 2124 in
873 2071 998 2126 aliis
1018 2070 1240 2126 Patrum
1266 2071 1480 2140 judicio
1509 2071 1836 2142 subjectum.
1865 2072 2044 2138 Quare

481 2162 534 2215 id
586 2161 751 2215 etiam
812 2161 959 2230 quod
1017 2155 1210 2216 subdis
1266 2173 1528 2231 tanquam
1583 2162 2042 2225 demonstratum,

482 2253 690 2308 nullam
724 2252 888 2308 habet
921 2255 1172 2309 veritatis
1195 2253 1447 2308 umbram
1473 2269 1488 2318 ;
1525 2253 1807 2319 nimirum,
1835 2254 1880 2308 si
1906 2267 2045 2323 papa

484 2358 590 2396 non
624 2343 884 2398 subditur
916 2346 1140 2400 Patrum
1167 2345 1403 2415 legibus,
1447 2359 1544 2415 per
1584 2345 1686 2399 hoc
1719 2345 1835 2398 fieri
1888 2354 1945 2399 ut
1976 2344 2045 2399 ab

483 2435 602 2502 ipso
632 2445 1083 2490 contemnantur.
1563 2467 1568 2470 -

482 2542 594 2594 ρων
644 2530 990 2598 κρινόμενον.

2151 1987 2619 2056 ὁμολογούμενον·
2687 1990 2880 2066 ὥσπερ
2941 1994 2990 2045 εί
3049 1992 3393 2063 κυρωθέντες
3445 1989 3576 2064 ἦσαν
3626 1997 3679 2063 τῇ

2151 2078 2367 2150 ἐξουσίᾳ
2396 2079 2488 2132 τοῦ
2523 2080 2724 2135 πάππα
2747 2084 2794 2136 οί
2823 2082 3214 2152 ψευδοκανόνες
3257 2087 3356 2154 τῆς
3389 2085 3681 2156 πενθέκτης.

2155 2169 2262 2222 1Ιοῦ
2297 2161 2474 2226 τοίνυν
2505 2172 2690 2225 ἀθετεῖ
2713 2173 2907 2227 ἑαυτὸν
2951 2177 2978 2226 ὁ
3011 2175 3241 2236 πάππας
3274 2177 3366 2229 διὰ
3405 2177 3466 2229 τὸ
3505 2176 3684 2230 ἀθετεῖν

2155 2259 2192 2312 ἃ
2249 2261 2518 2329 μηδέποτε
2579 2262 2948 2332 ὲδοκίμασεν;
2983 2265 3121 2321 Οὔτε
3177 2266 3312 2335 γοῦν
3370 2267 3565 2332 ἔδειξας
3611 2267 3685 2318 τὸν

2156 2354 2386 2404 πάππαν
2433 2355 2492 2404 ὲν
2528 2354 2641 2416 τοῖς
2687 2353 2968 2422 δόγμασιν·
3013 2358 3375 2429 εὐθυνόμενον
3421 2357 3686 2419 κανονικῶς

2150 2443 2243 2491 καὶ
2274 2440 2574 2511 ὲνθέσμως,
2607 2442 2735 2495 οὔτε
2780 2447 2839 2498 ὲν
2868 2449 2978 2509 τοῖς
3015 2448 3194 2511 ἀλλοις
3229 2449 3381 2520 παρὰ
3405 2448 3510 2501 τῶν
3545 2449 3684 2500 [Ιατέ-

1075 2528 1240 2581 Ὅθεν
1311 2528 1422 2582 οὐδ’
1479 2529 1508 2582 ὃ
1555 2529 1840 2596 έπιφέρεις
1886 2530 1962 2592 ὡς
2024 2529 2364 2602 ἀποδειχθὲν,
2416 2534 2529 2603 ἔχει
2583 2538 2742 2588 σκιὰν
2791 2539 3075 2606 ἡντιναοῦν
3120 2541 3407 2609 ἀληθείας·
3475 2542 3549 2594 ὅτι
3593 2542 3683 2602 τοῖς

483 2619 635 2688 παρὰ
693 2623 802 2672 τῶν
852 2621 1112 2690 Πατὲρων
1164 2620 1438 2690 κειμένοις
1491 2621 1674 2691 νόμοις
1722 2621 1797 2693 μὴ
1854 2622 2196 2692 ὑπαγόμενος
2226 2629 2250 2677 ὁ
2288 2629 2518 2689 πάππας
2544 2628 2838 2702 διαγράφει
2860 2635 3144 2698 τοσούτους
3177 2635 3444 2704 Πατέρας.

960 2736 1115 2794 NILU
1127 2737 1185 2798 S.
1227 2740 1381 2808 (Cap.
1421 2737 1588 2810 XIX.)

557 2867 576 2899 ι
621 2849 812 2903 Dicere
845 2858 1053 2911 autem,
1085 2864 1281 2920 papam
1314 2865 1424 2904 non
1458 2865 1579 2905 esse
1611 2851 1750 2906 certi
1789 2851 1895 2908 loci
1936 2853 2050 2919 cpi-

483 2953 732 3008 scOpum,
786 2940 882 2999 sed
937 2940 1188 2995 absolute
1231 2941 1576 3012 episcopum,
1609 2943 1888 3010 quomodo
1938 2957 2048 3000 non

480 3033 555 3084 sit
600 3044 723 3082 cum
780 3029 940 3088 valde
992 3030 1299 3086 manifestis
1347 3033 1632 3102 pugnare?
1678 3032 1862 3088 Primo
1897 3035 2044 3089 enim

2801 2750 3074 2806 ΝΕΙΛΟΣ.

2230 2884 2246 2913 t
2287 2866 2360 2916 Τὸ
2413 2867 2468 2916 δὲ
2509 2866 2686 2934 λέγειν
2733 2868 2807 2938 μὴ
2843 2865 2984 2927 εἶναι
3030 2870 3119 2926 τὸν
3165 2871 3393 2926 πάππαν
3423 2874 3684 2927 ἐπίσκοπον

2152 2955 2569 3025 ἀφωρισμένως,
2604 2959 2715 3009 ἀλλ’
2750 2960 2940 3022 ἁπλῶς
2979 2962 3304 3028 ἐπίσκοπον,
3347 2963 3456 3027 πῶς
3489 2965 3547 3018 οὐ
3579 2965 3681 3032 096-

2154 3048 2256 3117 δρα
2288 3050 2400 3110 τοῖς
2430 3052 2684 3118 φανεροῖς
2716 3051 3018 3121 ἀντιλέγειν
3045 3055 3200 3121 snt;
3239 3056 3456 3127 Πρῶτον
3485 3058 3578 3128 μὲν
3596 3059 3682 3127 γὰρ

478 3131 760 3175 ostensum
807 3135 973 3192 supra
1023 3131 1130 3185 est,
1173 3122 1324 3177 illum
1373 3131 1432 3178 et
1478 3129 1710 3180 caiteros
1756 3125 2045 3196 episcopos

2154 3139 2424 3200 δέδεικται
2447 3140 2709 3210 ἀνωτέρω
2733 3145 2984 3215 ὁμοταγῆ
3014 3146 3202 3202 τοῦτον
3231 3122 3371 3203 εἷναι
3395 3122 3504 3213 τοῖς
3532 3122 3683 3211 ἄλλοις

483 3227 602 3265 ιιεδο
630 3211 879 3278 ejusdem
926 3212 1181 3276 ordinis;
1211 3212 1412 3268 deinde
1460 3214 1514 3268 in
1546 3215 1764 3272 cunctis
1802 3229 2045 3269 (reuma-

465 3289 625 3356 ‘nicis
660 3302 911 3356 conciliis
946 3292 1132 3356 Ruina:
1183 3303 1475 3374 episeopus
1519 3316 1765 3360 vocatur.
1819 3307 1874 3362 Si
1917 3322 2048 3360 vero

481 3395 610 3464 quia
643 3393 696 3446 itt
725 3394 841 3448 suis
869 3395 1070 3448 litteris
1100 3411 1210 3450 non
1253 3413 1310 3450 se
1346 3397 1530 3452 Romae
1571 3398 1912 3469 episcopum,
1951 3396 2048 3454 scd

483 3485 739 3538 absolute
790 3485 1113 3555 episcopum
1149 3486 1366 3548 scribit,
1397 3488 1594 3544 habeat
1623 3501 1913 3559 propterea
1945 3490 2051 3545 hoc

483 3572 628 3628 idem
655 3581 711 3626 et
742 3571 1020 3642 Cyrinus;
1069 3574 1118 3630 is
1155 3575 1302 3630 enim
1330 3575 1536 3635 alicubi
1580 3579 1831 3634 absolute
1858 3579 1934 3634 ita
1966 3579 2052 3634 in-

482 3662 767 3726 scribitur,
800 3662 997 3733 Cyrilla
1036 3666 1277 3736 episcopo
1303 3665 1404 3736 (1);
1435 3677 1492 3722 et
1527 3671 1702 3726 multo
1742 3671 1915 3742 magis
1946 3671 2051 3726 hoc

484 3749 722 3817 Cyrillus
764 3749 986 3818 habeat,
1017 3752 1163 3821 quod
1213 3761 1269 3807 et
1310 3754 1377 3808 ab
1419 3756 1544 3810 aliis
1594 3757 1700 3812 hoc
1749 3758 1828 3812 illi
1867 3761 2050 3813 datur.

484 3839 754 3895 Similiter
799 3840 850 3894 si
887 3843 1011 3908 quis
1056 3843 1372 3913 cpiscopus,
1415 3847 1637 3916 quando
1668 3851 1882 3914 scribit,
1937 3864 2052 3904 non

484 3931 652 3982 addat
682 3929 926 4000 episcopi
972 3931 1214 3996 titulum,
1265 3935 1354 3990 hic
1391 3951 1458 3992 ne
1492 3939 1786 4009 episcopus
1829 3941 2051 4010 quidem

481 4030 636 4084 esto;
667 4019 761 4073 sed
808 4021 856 4074 si
891 4020 1069 4074 solum
1099 4037 1159 4076 se
1192 4021 1518 4094 episcopum
1552 4038 1736 4092 vocet,
1767 4028 1908 4083 certi
1944 4028 2052 4082 loci

484 4109 692 4164 limites
749 4110 945 4180 fugiat,
984 4121 1038 4166 et
1078 4114 1149 4167 sit
1209 4115 1541 4170 universalis
1589 4118 1742 4173 orbis
1774 4127 2047 4174 terrarum

483 4204 809 4270 cpiscopus;
842 4202 887 4255 si
940 4217 1075 4258 vero
1119 4215 1176 4258 et
1224 4203 1329 4260 hoc
1361 4208 1691 4278 supprimat,
1721 4209 1812 4263 hic
1843 4224 1912 4265 ne
1940 4209 2057 4288 epi-

484 4302 687 4360 scopus
739 4292 964 4361 quidem
1015 4303 1160 4350 esto.
1206 4294 1274 4351 Et
1299 4293 1600 4366 quomodo'
1631 4300 1746 4356 haec
1789 4318 1897 4356 non
1943 4304 2056 4358 sint

486 4382 758 4450 a-nigunti
789 4384 990 4440 similia
1017 4384 1041 4438 ?
1091 4403 1110 4436 ι

1046 4521 1502 4582 CONFUTATIO.

559 4624 615 4679 Si
645 4641 770 4680 cum
805 4629 1114 4686 manifestis
1155 4649 1396 4703 pugnare
1429 4646 1536 4700 est,
1581 4639 1786 4694 sentire
1816 4649 1874 4693 et
1903 4640 2050 4711 loqui

486 4716 554 4770 de
601 4718 836 4786 primatu
892 4735 1045 4790 papae
1096 4739 1443 4795 qnazcuttque
1495 4743 1659 4798 supra
1709 4731 1854 4786 dicta
1899 4744 2052 4798 sunt,

482 4809 629 4874 quod
664 4818 719 4862 et
762 4809 946 4864 Romae
977 4813 1300 4885 episcopus,
1333 4827 1390 4872 et
1421 4819 1717 4890 episcopus
1764 4822 2050 4877 universa-

483 4899 571 4958 lis,
598 4898 884 4968 impletum
914 4903 968 4956 in
995 4912 1046 4958 te
1076 4905 1209 4960 illud
1239 4917 1323 4962 cst
1350 4927 1364 4962 :
1404 4909 1492 4965 γω
1523 4923 1774 4982 ponentes
1807 4915 2050 4968 tenebras

482 4985 671 5052 lucem,
723 5000 770 5042 et
820 4991 986 5045 lucem
1041 4997 1319 5064 tenebras;
1357 5003 1622 5069 sapientes
1661 5003 1713 5056 t'tt
1752 5003 1911 5057 oculis
1965 5020 2048 5057 ve-

478 5082 628 5141 stris,
678 5091 725 5133 et
771 5098 953 5137 coram
1001 5088 1388 5160 nobismetipsis
1416 5094 1700 5162 prudentes
1727 5094 1768 5146 ί.
1800 5093 2045 5158 Natuun

475 5166 627 5234 juxta
677 5176 822 5224 luant
867 5173 1178 5231 doctrinam
1207 5179 1322 5235 haec
1369 5182 1479 5236 duo
1502 5193 1747 5252 pugnant
1787 5184 1931 5238 inter
1961 5199 2044 5251 se,

475 5263 602 5311 esse
636 5259 822 5316 Rome
850 5265 1172 5336 episcOpum
1202 5280 1257 5326 et
1295 5273 1624 5342 episcOpum
1653 5275 2038 5330 universalem.

478 5347 596 5440 rion
631 5351 706 5403 ita
736 5365 823 5406 res
848 5354 1034 5411 habet.
1067 5359 1238 5415 Norat
1267 5362 1602 5418 Athanasius
1636 5379 1694 5419 se
1723 5366 2040 5440 episcopum

475 5432 934 5512 Alexandrinum,
975 5459 1032 5502 et
1068 5449 1272 5504 Julium
1313 5454 1644 5518 Romanum,
1675 5432 1927 5510 ascendit
1959 5437 2042 5511 ta-

481 5539 604 5586 tuen
635 5547 862 5591 vocatus
896 5539 1121 5595 Romam
1154 5545 1220 5598 ad
1254 5543 1457 5600 Julium
1489 5547 1828 5616 episeopum.
1865 5558 1918 5602 οι
1951 5565 2038 5603 1'3-

551 5655 564 5682 ¹
595 5651 693 5708 lsa.
721 5673 773 5718 v,
807 5660 895 5725 90,
921 5661 1011 5715 2i.

545 5815 619 5882 (1)
660 5828 675 5866 t
707 5824 848 5882 part.
874 5832 1032 5873 conc.
1066 5820 1294 5891 Ephes.,
1329 5842 1450 5897 cap.
1487 5829 1576 5882 5‘2.

2153 3231 2260 3283 τῶν
2297 3233 2613 3285 ἐπισκόπων
2642 3251 2653 3262 ·
2691 3234 2884 3289 ἔπειτα
2909 3239 2965 3288 ἐν
2994 3239 3194 3300 πάσαις
3238 3241 3357 3308 ταῖς
3400 3242 3680 3309 οίκουμινι-

2157 3325 2278 3386 καῖς
2313 3324 2420 3378 τῶν
2475 3327 2708 3380 συνόδων
2758 3326 2976 3399 Ῥώμης
3024 3332 3323 3394 ἐπίσκοπος
3368 3335 3678 3406 ὀνομάζεται.

2155 3413 2218 3466 El
2243 3414 2300 3467 δὲ
2331 3415 2414 3468 ὅτι
2447 3417 2506 3470 ἐν
2537 3412 2617 3480 οἷς
2647 3419 2820 3483 ἀὐτὸς
2870 3423 3199 3486 ἐπιστέλλει,
3231 3424 3292 3478 οὐ
3342 3424 3546 3495 Ῥώμης
3585 3427 3680 3476 ἐπί-

2155 3523 2379 3572 σκοπον,
2421 3510 2535 3569 ἀλλ’
2593 3512 2783 3574 ἁπλῶς
2827 3513 3128 3574 ἐπίσκοπον
3175 3517 3370 3570 ἑαυτὸν
3430 3518 3672 3588 ὀνομάζει,

2158 3599 2328 3666 ἐχέτω
2358 3601 2426 3658 τὰ
2477 3601 2569 3654 ίσα
2601 3601 2688 3662 διὰ
2718 3603 2888 3663 ταῦτα
2937 3607 3029 3660 καὶ
3087 3607 3391 3677 Κύρι).λος⁶
3434 3610 3543 3663 εστι
3587 3611 3673 3678 γὰρ

2154 3689 2289 3740 ὅπου
2343 3688 2532 3752 ἁπλῶς
2591 3691 2977 3762 ἐπιγράφεται,
3029 3695 3312 3764 Κυρίλλῳ
3362 3700 3672 3766 ἐπισκόπφ·

2159 3781 2250 3830 καὶ
2302 3780 2480 3850 πολλῷ
2512 3782 2676 3834 πλέον
2720 3786 2954 3852 ἐκείνου,
2989 3788 3096 3858 ὅσῳ
3133 3792 3225 3842 καὶ
3265 3791 3392 3860 παρ’
3434 3793 3592 3847 ἄλλων
3621 3790 3675 3846 τὰ

2159 3871 2382 3922 τοιαῦτα
2413 3872 2622 3932 ἀκούει.
2657 3875 2730 3928 Οὐ
2768 3877 2876 3944 μὴν
2925 3877 3042 3930 ἀλλ’
3080 3881 3130 3932 εί
3165 3881 3262 3934 καί
3302 3900 3383 3946 τις
3419 3884 3677 3943 ἐπίσκοπος

2157 3961 2216 4010 ὲν
2270 3954 2350 4021 οἷς
2403 3961 2629 4029 γράφει,
2662 3963 2724 4016 οὐ
2775 3967 3102 4036 προστίθησι
3153 3970 3213 4022 τὸ
3257 3970 3352 4024 τοῦ
3406 3974 3672 4027 ἐπισκόπου

2155 4050 2347 4117 ὄνομα,
2381 4054 2514 4122 μηδὲ
2573 4056 2873 4120 ἐπίσκοπος
2920 4060 3062 4112 ἔστω
3100 4063 3288 4117 λοιπόν
3312 4081 3327 4095 ·
3351 4066 3463 4118 ἀλλ’
3509 4067 3568 4119 ἂν
3596 4066 3677 4135 μὲν

2159 4142 2345 4212 γράφῃ
2379 4145 2674 4209 ἐπίσκοπος
2715 4147 2902 4216 μόνον,
2940 4153 3191 4221 φευγέτω
3226 4155 3325 4225 τὴν
3346 4157 3675 4226 περιγραφὴν,

2161 4236 2252 4286 καὶ
2291 4236 2575 4299 καθολικὸς
2606 4239 2702 4308 τῆς
2732 4241 3055 4312 οίκουμένης
3088 4247 3386 4311 ἐπίσκοπος
3427 4250 3555 4302 ἔστω
3576 4264 3591 4280 ⁶
3623 4249 3677 4301 ἂν

2157 4325 2214 4379 δὲ
2245 4329 2336 4385 καὶ
2370 4327 2526 4380 τοῦτο
2579 4329 2713 4400 ἀφῇ,
2749 4333 2843 4384 καὶ
2875 4334 2977 4387 ὑπὸ
3009 4337 3098 4389 τὸν
3143 4339 3384 4392 τοιοῦτον
3411 4340 3556 4394 ἔστω.
3587 4340 3674 4392 Καὶ

2161 4417 2275 4478 πῶς
2304 4419 2364 4470 οὐ
2397 4419 2564 4472 ταῦτα
2597 4421 2882 4492 αἰνίγματι
2913 4429 3308 4497 παραπλήσιας
3350 4452 3368 4482 ι

2711 4539 2806 4592 AN
2811 4541 3142 4598 ΤΙΡΡΗΣΙΣ.

2222 4641 2284 4694 Εἰ
2323 4647 2431 4708 τοῖς
2461 4649 2717 4716 φανεροῖς
2751 4649 3056 4719 ἀντιλέγειν
3095 4654 3213 4708 ἐστὶ
3247 4657 3307 4710 τὸ
3341 4661 3463 4728 περὶ
3488 4659 3573 4730 τῆς
3599 4658 3672 4711 τοῦ

2154 4733 2350 4784 πάππα
2376 4733 2548 4804 ἀρχῆς
2571 4741 2787 4806 φρονεῖν
2824 4741 2920 4793 καὶ
2953 4743 3150 4810 λέγειν,
3175 4746 3274 4799 ὅσα
3321 4751 3526 4821 εἴρηται
3552 4753 3665 4804 ἀνω·

2152 4821 2314 4890 τέρω,
2343 4823 2426 4876 ὅτι
2458 4826 2552 4878 καὶ
2591 4824 2809 4897 Ῥώμης
2851 4831 3178 4902 ἐπίσκοπος,
3211 4839 3306 4892 καὶ
3337 4843 3672 4912 οῖκουμενικὶς

2151 4911 2466 4980 ἐπίσκοπος,
2503 4919 2863 4990 πεπλήρωται
2926 4927 3019 4977 ἐπὶ
3070 4929 3153 4980 σοὶ
3201 4931 3261 4983 τὸ
3305 4936 3464 5004 ῥητὸν
3492 4911 3670 4996 έκεῖνο,

2156 5003 2303 5095 Οὐαί
2355 5005 2409 5058 οὶ
2459 5007 2720 5074 τιθέντες
2768 5012 2834 5065 τὸ
2879 5018 3102 5082 σκότος
3143 5021 3290 5088 φῶς,
3336 5026 3521 5079 καὶτὸ
3567 5025 3671 5095 φῶς

2151 5093 2371 5160 σκότος
2395 5111 2410 5126 ο
2448 5099 2502 5150 οι
2545 5101 2786 5154 συνετοὶ
2815 5102 2884 5155 ἐν
2923 5105 3161 5174 ἑαυτοῖς
3191 5113 3290 5166 καὶ
3322 5093 3668 5169 ἐνώπιον-αὐ-

2147 5189 2279 5278 τῶνῌ
2310 5186 2736 5261 ἐπιστήμονες.
2766 5199 2921 5254 Κατὰ
2968 5201 3074 5273 γὰρ
3120 5205 3220 5275 τὴν
3275 5209 3373 5278 σὴν
3398 5209 3665 5277 ἐπιστήμην

2144 5279 2204 5329 τὸ
2228 5274 2368 5332 εῖναι
2410 5281 2629 5356 Ῥώμης
2673 5289 2990 5356 ἐπίσκοπον,
3027 5296 3122 5348 καὶ
3163 5274 3528 5371 οἰκουμενικὸν
3556 5274 3659 5354 έπέ-

2149 5387 2365 5463 σ-κοπον,
2402 5378 2535 5445 πρὸς
2560 5379 2762 5448 ἄλληλα
2802 5383 3058 5454 μάχεται.
3104 5387 3247 5442 Ἀλλ’
3275 5385 3320 5445 ὦ
3348 5396 3558 5463 γενναῖε,
3580 5392 3662 5460 οὐχ

2142 5460 2316 5526 οὕτως
2341 5465 2472 5534 ἔχει.
2503 5468 2656 5540 ’ᾘδει
2688 5474 2782 5525 καὶ
2823 5474 3138 5543 Ἀθανάσιος
3163 5481 3387 5538 Ἰούλιον
3405 5487 3661 5538 ἐπίσκοπον

2141 5553 2268 5606 ὄντα
2302 5555 2539 5628 Ῥώμης,
2574 5561 2664 5616 καὶ
2705 5563 2896 5620 ἑαυτὸν
2939 5564 3354 5645 Ἀλεξανδρείας
3384 5578 3670 5631 ἐπίσκοπον
