3816 6560
266 451 370 515 845

1573 448 2001 515 liEFUTA'l‘IO
2047 448 2225 509 NiLl.

3408 441 3513 506 846

262 581 400 617 των.
431 566 545 635 Οὐχ
579 563 751 629 οὕτως
787 567 1042 633 ἐξέλαϐον
1072 567 1172 635 τὴν
1200 566 1385 637 φωνὴν
1416 566 1465 618 οἱ
1498 564 1671 617 πολλὰ
1717 580 1819 616 κατ

1949 560 2082 613 tium
2116 567 2199 613 est
2236 557 2286 611 in
2315 555 2536 610 divinis.
2567 554 2684 610 Non
2721 556 2793 613 ita
2826 571 3016 614 vocem
3052 557 3190 611 hanc
3230 556 3514 613 intellexe-

262 656 482 726 ἐκείνης
508 657 843 725 ἁθλὴσαντις
865 660 1143 729 ἀρχιερεῖς
1162 662 1259 728 τῆς
1282 658 1523 729 Ῥώμης.
1545 658 1833 724 Πελάγιος.

260 749 356 804 καὶ
387 750 689 821 Γρηγόριος
719 752 747 804 ὁ
789 752 1067 819 Διάλογος·
1106 751 1217 807 οὐδ’
1260 753 1614 823 ἡρμήνευσαν
1660 751 1834 813 οὕτως

257 841 308 893 οἱ
366 841 466 909 τὴν
517 842 703 911 φωνὴν
754 842 957 910 ταύτην
1007 845 1215 913 πρῶτοι
1261 844 1680 914 ἑφαρπάσαντες
1730 862 1836 896 πα-

256 934 560 1002 τριάρχαι.
610 933 865 1005 Ἰωάννης
915 936 942 987 ὀ
992 934 1312 1006 Νηστευτὴς
1364 936 1460 989 καὶ
1514 936 1831 1005 Κνριακόςο

256 1024 376 1079 ἀλλ’
405 1027 826 1095 οἱκουμενικοὺς
858 1027 1171 1097 ἐπέγραφον
1205 1027 1432 1089 ἑαυτοὺς
1472 1024 1835 1095 καταχρώμε-

253 1131 339 1168 νοι
369 1114 449 1185 τῷ
482 1118 890 1187 σημαινομένῳ·
925 1118 1019 1171 καὶ
1050 1117 1124 1180 ὥς
1161 1135 1327 1187 φησιν
1357 1120 1382 1171 ό
1412 1117 1665 1185 Διάλογος
1695 1116 1833 1186 γρά-

254 1224 376 1276 φων
426 1210 766 1279 ’Δναστασίῳ
810 1210 889 1277 τῷ
929 1211 1297 1280 Ἀντιοχείας
1330 1211 1603 1281 Τοιαύτην
1651 1211 1834 1265 αἰτίαν

251 1304 648 1370 παρεχόμενοι,
686 1300 827 1356 ὥστε
869 1304 920 1355 εί
968 1303 1195 1370 ταύτην,
1232 1302 1417 1371 φησὶν,
1465 1301 1710 1368 εὐμενῶς
1740 1302 1833 1370 φέ-

254 1410 451 1462 ρομεν,
480 1395 579 1463 τῆς
613 1394 844 1447 καθόλου
884 1394 1217 1462 Ἔκκλησίας
1251 1394 1350 1462 τὴν
1394 1396 1581 1450 πίστιν
1611 1392 1833 1465 φθείροι-

255 1502 379 1554 μεν.
414 1488 522 1538 Καὶ
555 1487 653 1540 οὐκ
687 1487 832 1539 ἔστιν
859 1487 994 1539 ὅπου
1044 1487 1173 1557 περὶ
1215 1487 1317 1557 τῆς
1358 1488 1546 1556 φωνῆς
1579 1486 1829 1556 γράφων,

253 1578 459 1647 συχνὰς
483 1578 539 1632 δὲ
565 1580 694 1648 περὶ
718 1579 924 1649 ταύτης
947 1579 1148 1633 ἔδωκεν
1171 1579 1483 1647 ἐπιστολὰς,
1502 1581 1601 1633 οὐκ
1626 1579 1829 1643 ἀθετεῖ,

246 1674 350 1724 καὶ
383 1673 753 1729 ἀποϐάλλεται
784 1674 857 1737 ὡς
888 1673 1139 1744 βέϐηλον.
1168 1672 1243 1735 ὡς
1274 1671 1432 1742 ὓϐριν
1456 1673 1556 1740 τῆς
1602 1672 1831 1743 Ἐκκλη-

248 1763 399 1827 οίας,
435 1763 511 1825 ὡς
542 1765 800 1830 μεγάλων
829 1764 1092 1834 ἀφορμὴν
1124 1763 1464 1826 σκανδάλων,
1508 1761 1830 1826 ἀλαζονείας

248 1856 482 1925 μεστὴν,
518 1855 610 1911 τοῦ
646 1857 1018 1927 Ἀντιχρίστου
1051 1857 1386 1928 πρόδρομον,
1421 1854 1702 1912 ἀπώλειαν
1730 1854 1829 1924 τῆς

245 1949 517 2013 πίστεως,
553 1951 800 2015 ἀνοσίαν,
835 1949 1227 2017 ἀντιλέγουσαν
1257 1948 1336 2018 τῷ
1368 1948 1685 2018 Εὑαγγε).ίῳ
1732 1947 1827 2001 καὶ

244 2038 363 2100 τοῖς
402 2038 569 2108 ἱεροῖς
606 2041 851 2107 κανόσιν,
900 2040 1261 2111 ἀλλοτρίωσιν
1297 2040 1397 2110 τῆς
1432 2041 1693 2108 πίστεως,
1731 2041 1828 2095 καὶ

244 2131 528 2185 οἱκείωσιν
559 2133 851 2205 αἱρέσεως,
898 2134 1064 2203 φησιν
1116 2135 1176 2188 ιν
1229 2135 1295 2204 τῇ
1342 2132 1573 2205 δευτέρᾳ
1625 2132 1824 2204 πράξει

244 2226 349 2295 τῆς
390 2224 626 2296 ἑϐδόμης
662 2225 883 2281 συνόδου
919 2229 949 2281 ὁ
976 2226 1208 2292 πάπποις
1252 2226 1556 2297 Ἀδριανός.

900 2522 1179 2579 ΝΕΙΛΟΣ.

322 2650 341 2686 ι
386 2635 445 2690 Ὀ
481 2636 538 2689 δὲ
559 2637 832 2706 μακάριος
856 2636 1246 2711 Χρυσόστομος
1268 2645 1363 2697 καὶ
1386 2645 1495 2697 τῶν
1518 2645 1820 2716 ἀρχιερέων

224 2723 481 2778 ’ἕκαστον
533 2726 592 2779 ἐν
650 2727 725 2796 τῷ
759 2726 854 2779 τοῦ
888 2729 1125 2798 Χριστοῦ
1158 2731 1332 2803 θρόνῳ
1373 2733 1594 2787 καθίσαι
1648 2735 1816 2803 λέγει,

242 2815 441 2889 ὥσπερ
463 2821 589 2880 τοὺς
621 2820 882 2887 νομικοὺς
908 2821 1089 2889 ἱερέας
1114 2824 1207 2877 ἐπὶ
1228 2824 1323 2878 τοῦ
1344 2825 1530 2895 θρόνου
1550 2826 1817 2893 Μωσέως.

245 2909 416 2964 Ὥστε
447 2911 509 2963 οὐ
535 2910 677 2979 μέγα
712 2912 786 2982 τῷ
825 2911 1046 2984 Ῥώμης
1080 2915 1253 2988 θρόνῳ
1276 2917 1335 2970 τὸ
1364 2917 1515 2991 παρὰ
1542 2919 1651 2972 τῶν
1682 2921 1819 2973 ἀπο-

244 3000 452 3055 στόλων
486 3002 792 3071 καλεῖσθαι,
825 3006 1062 3060 ἑκάστου
1100 3008 1209 3062 τῶν
1237 3011 1552 3064 ἐπισκόπων
1593 3011 1687 3063 ὲπὶ
1720 3011 1816 3065 τοῦ

242 3090 441 3161 θρόνου
466 3093 840 3164 τοῦΧριστοῦ
875 3097 1217 3166 καθημένου.
1256 3119 1274 3151 ι

810 3212 1247 3273 ΔΝΤῙΡΡΗΣΙΣ.

328 3321 615 3391 ’Δνωτέρω
671 3322 770 3394 μὲν
820 3324 1009 3394 ἔλεγες
1059 3326 1292 3381 ἕκαστον
1347 3330 1457 3383 τῶν
1509 3331 1816 3386 καθολικῶν

238 3411 451 3481 θρόνων
485 3412 847 3466 ἀποστολικὸν
872 3414 1261 3483 ὀνομάζεσθαι,
1296 3418 1436 3471 ὥστε
1461 3419 1551 3471 τὸν
1583 3421 1815 3474 πάππαν

241 3500 415 3571 μηδὲν
460 3501 623 3553 πλέον
653 3501 800 3570 ἔχειν
836 3504 976 3557 κατά
1003 3520 1069 3569 γε
1096 3504 1252 3558 τοῦτο
1281 3506 1420 3578 ὑπὲρ
1456 3510 1583 3572 τοὺς
1618 3510 1811 3564 ἀνατο-

235 3595 429 3656 λικοὺς
461 3595 809 3663 πατριάρχας
831 3610 844 3623 ·
875 3594 969 3646 νῦν
998 3596 1055 3649 δὲ
1082 3596 1264 3666 λέγεις
1298 3599 1375 3668 μὴ
1405 3602 1513 3654 τῶν
1547 3619 1814 3674 πατριαρ-

237 3684 357 3754 χῶν
390 3684 571 3752 μόνον,
608 3684 744 3737 ἀλλὰ
779 3686 872 3738 καὶ
903 3686 1012 3738 τῶν
1045 3689 1361 3742 ἐπισκόπων
1388 3691 1618 3745 ἑκάστου
1648 3693 1814 3763 μηδὲν

235 3780 405 3831 πλέον
434 3780 581 3848 ἔχειν
622 3780 715 3833 τὸν
747 3780 1002 3845 πάππαν,
1034 3782 1269 3851 ἐπείπερ
1301 3782 1505 3836 κατά.τ
1525 3783 1587 3836 ὸν
1625 3786 1811 3853 μακά-

235 3888 360 3945 ριον
387 3872 779 3944 Χρυσόστομον
810 3874 1045 3939 ἕκαστος
1081 3875 1193 3929 τῶν
1226 3875 1545 3929 ἐπισκόπων
1573 3876 1813 3948 κάθηται

237 3966 336 4018 ἐπὶ
367 3965 461 4019 τοῦ
494 3966 685 4036 θρόνου
716 3966 809 4019 τοῦ
856 3964 1122 4037 Χριστοῦ’
1162 3969 1256 4022 καὶ
1293 3966 1469 4021 ταῦτα
1504 3968 1677 4036 λέγων
1719 3972 1813 4024 δύο

237 4058 603 4130 ἁμαρτάνεις
632 4057 693 4110 ιν
731 4057 848 4127 μὲν,
879 4059 963 4111 ὅτι
1008 4058 1102 4110 τοῦ
1132 4058 1526 4129 Χρυσοστόμου
1557 4061 1617 4113 τὸ
1649 4060 1812 4130 ῥητὸν

234 4149 613 4220 διαστρέφεις·
645 4144 767 4202 εἶτα
819 4150 915 4202 καὶ
964 4148 1149 4218 σαυτῷ
1186 4150 1574 4219 περιπίπτεις.
1616 4152 1703 4205 Ἑν
1731 4147 1811 4217 οἷς

234 4244 352 4312 γὰρ
380 4240 471 4294 τδν
502 4244 737 4295 πάππαν
785 4240 1165 4307 ὲξευτελίζεις,
1221 4244 1352 4311 μίαν
1402 4243 1813 4309 ἁπαξαπάντων

232 4334 589 4406 δογματίζεις
625 4335 869 4403 ἰσότητα,
901 4335 1059 4404 εἰπερ
1092 4333 1201 4385 τῶν
1230 4335 1551 4388 ἐπισκόπων
1583 4336 1811 4399 ἕκαστος

233 4430 336 4482 ἕνα
368 4426 466 4482 καὶ
493 4427 584 4479 τὸν
632 4427 797 4479 αὑτὸν
841 4428 954 4495 ἔχει
1001 4426 1096 4479 τοῦ
1143 4427 1384 4496 Χριστοῦ
1433 4426 1655 4497 θρόνον.
1690 4429 1812 4491 Πῶς

232 4522 420 4576 τοίνυν
450 4523 639 4591 ἔλεγες
671 4523 795 4583 τοὺς
826 4521 1151 4583 καθολικοὺς
1188 4520 1297 4574 τῶν
1328 4520 1535 4591 θρόνων
1559 4521 1634 4584 ὡς
1666 4523 1812 4587 ἐξαί-

237 4617 397 4687 ρετόν
425 4634 479 4668 τι
518 4615 803 4668 καλεῖσθαι
848 4613 1057 4677 πάντας
1105 4612 1542 4680 ἀποστολικούς;
1579 4614 1642 4666 Εἰ
1697 4614 1805 4681 γὰρ
1839 4637 1882 4690 ι)

236 4710 431 4779 μεῖζον
480 4708 625 4779 ἔχειν
671 4708 761 4760 τὸν
825 4704 1063 4775 Χριστοῦ
1120 4705 1331 4778 θρόνον,
1380 4708 1806 4777 ἢάποστολικὸν

236 4798 405 4866 εἶναι,
432 4808 526 4854 καὶ
564 4803 765 4863 πάντες
795 4803 844 4852 οἱ
883 4804 1174 4853 ἐπίσκοποι
1224 4802 1315 4853 τὸν
1350 4800 1587 4869 Χριστοῦ
1620 4801 1808 4869 ἔχουσι

237 4892 451 4963 θρόνον,
486 4892 687 4956 πάντες
738 4892 846 4960 ἄρα
884 4892 946 4943 τὸ
994 4888 1180 4960 μεῖζον
1221 4892 1429 4962 ἔχουσι.
1478 4892 1573 4944 καὶ
1623 4896 1705 4954 εἱς
1751 4892 1813 4946 τὸ

218 4978 389 5057 ξοὺὃὲν
422 4987 628 5055 οἴχεται
676 4990 817 5039 κατὰ
854 4984 912 5036 σὲ
967 4984 1076 5037 τῶν
1124 4985 1484 5055 πατριαρχῶν
1532 4987 1565 5054 ή
1622 4986 1813 5057 προτί-

210 5052 405 5149 τμησις
574 5076 633 5128 τὸ
676 5075 961 5129 καλεῖσθαι
993 5052 1415 5138 ἀποστολικοῦςν.
1448 5052 1807 5142 Διαστρέφεις

233 5170 293 5224 δὲ
314 5170 407 5222 καὶ
436 5170 496 5223 τὸ
528 5170 690 5239 ῥητὸν
720 5167 814 5221 τοῦ
840 5169 1257 5237 Χρυσοστόμουο
1285 5168 1431 5235 λέγει
1457 5168 1587 5237 γάρ·
1620 5185 1639 5219 ι
1686 5168 1813 5223 Ἑπὶ

234 5264 336 5331 τῆς
359 5262 637 5322 Μωῡσέως
664 5260 940 5329 καθέδρας
966 5261 1230 5315 ἐκάθισαν
1260 5261 1309 5313 οἱ
1342 5262 1692 5330 γραμματεῖς
1715 5260 1813 5315 καὶ

234 5355 287 5406 οἱ
340 5354 670 5422 Φαρισαῖοι·
714 5352 808 5405 νῦν
855 5351 912 5405 δὲ
963 5352 1063 5404 οὐκ
1113 5353 1262 5404 ἐστιν
1312 5354 1508 5415 εἰπεῖν,
1551 5352 1676 5404 Ἐπὶ
1711 5353 1811 5421 τῆς

234 5446 520 5508 Μωῦσέως
541 5444 811 5516 καθέδρας
836 5444 1100 5496 ἐκάθισαν
1133 5445 1181 5497 οἱ
1219 5443 1408 5513 ἱερεῖς,
1444 5443 1559 5496 ἀλλ’
1594 5446 1687 5496 ἐπὶ
1711 5444 1811 5513 τῆς

234 5531 332 5583 τοῦ
364 5531 627 5600 Χριστοῦ
666 5534 762 5603 τὴν
796 5533 904 5603 γὰρ
938 5533 1147 5585 ἐκείνου
1196 5532 1503 5597 διεδέξαντο
1554 5533 1810 5587 διδασκα-

234 5624 380 5676 λίαν.
420 5643 437 5675 ›
492 5626 894 5694 Ἐξηγουμένου
924 5627 1105 5680 τοίνυν
1156 5626 1251 5679 τοῦ
1295 5628 1685 5697 Χρυσοστόμου
1718 5627 1811 5680 τὸν

237 5718 430 5789 θρόνον
464 5719 541 5780 εἱς
570 5720 670 5788 τὴν
699 5720 1069 5787 διδασκαλίαν,
1120 5720 1184 5773 σὺ
1234 5721 1532 5789 λαμϐάνεις
1583 5722 1664 5782 εἰς
1710 5718 1814 5787 τὴν

307 5902 386 5974 (ι)
418 5899 537 5955 Lib.
572 5917 642 5963 vr,
675 5902 887 5970 €11.21.

1945 660 2093 708 runt.
2125 650 2217 718 qui
2248 660 2438 702 contra
2459 663 2581 702 eam
2604 652 2870 705 acerrime
2895 648 3098 704 invecti
3131 662 3259 703 sunt
3280 650 3510 707 Romani

1946 741 2257 812 pontiﬁces,
2294 739 2546 811 Pelagius
2574 749 2629 796 et
2654 740 2950 812 Gregorius
2984 741 3239 813 Dialogus
3269 742 3349 813 (ἱ)
3376 757 3514 806 ;nec

1943 834 2019 886 ita
2072 842 2203 887 sunt
2242 832 2613 902 interpretati,
2647 832 2741 901 qui
2775 834 2935 903 primi
2971 834 3121 889 hunc
3150 836 3373 891 titulum
3406 834 3514 890 sibi

1941 935 2272 996 arrogarunt
2312 925 2663 994 patriarchze,
2720 924 2964 981 Joannes
2991 927 3279 993 Jejnaator
3307 937 3365 983 et
3406 928 3517 998 Cy:

1942 1019 2162 1081 riacus;
2214 1016 2310 1074 sed
2374 1017 2752 1075 mcumenicos
2808 1032 2867 1072 se
2919 1017 3324 1087 inscripserunt
3379 1034 3513 1075 vero

1938 1113 2235 1166 abutentes
2291 1111 2634 1182 signiﬁcatur;
2669 1120 2857 1181 atque,
2891 1118 2952 1166 ut
2986 1111 3180 1167 scribit
3213 1112 3513 1182 Gregorius

1938 1202 2197 1271 Dialogus
2239 1202 2533 1256 Anastasio
2569 1201 2939 1264 Antiocheno.
2992 1201 3158 1256 talem
3207 1203 3514 1270 praebentis

1937 1309 2186 1356 causam,
2246 1301 2306 1347 ut
2355 1296 2400 1347 si
2440 1292 2604 1359 hanc,
2658 1293 2860 1363 inquit,
2893 1291 3282 1361 mquanimitcr
3327 1301 3515 1360 porta-

1937 1403 2082 1449 mus.
2120 1388 2396 1441 universae
2430 1385 2696 1440 Ecclesiae
2731 1385 2891 1440 iidem
2926 1400 3347 1453 corrumpamus
3400 1384 3513 1439 Nec

1936 1482 2090 1535 locus
2118 1488 2205 1536 est
2241 1479 2293 1531 in
2336 1493 2446 1546 quo
2482 1477 2550 1532 de
2584 1478 2688 1533 hac
2718 1492 2853 1534 voce
2901 1477 3245 1533 mentionem
3279 1475 3508 1540 faciens,

1937 1574 2259 1644 frequentes
2303 1582 2486 1627 autem
2535 1580 2764 1642 propter
2826 1572 2973 1626 illam
3021 1570 3177 1625 dedit
3221 1569 3507 1640 epistolas.

1936 1682 2057 1724 eam
2093 1684 2201 1721 non
2238 1666 2585 1721 damnaverit
2619 1664 2986 1735 rejeceritque
3014 1672 3073 1718 ut
3106 1662 3415 1733 profanam,
3450 1669 3511 1713 ut

1934 1759 2268 1815 universalis
2312 1758 2573 1813 Ecclesia:
2633 1756 2913 1827 injuriam.
2948 1763 3009 1811 ut
3038 1770 3362 1827 magnorum
3396 1752 3511 1806 ori-

1933 1848 2115 1917 ginem
2147 1847 2555 1910 scandalorum,
2593 1846 2811 1914 plenam
2847 1845 3145 1916 superbiae,
3180 1839 3506 1899 Antichristi

1933 1954 2357 2011 praecursorem.
2390 1955 2485 2009 per
2514 1954 2680 2009 quam
2731 1938 2867 1993 lides
2921 1937 3197 2009 perditur,
3228 1945 3289 1990 ut
3324 1935 3503 1990 scele-

1927 2044 2068 2089 stam
2099 2042 2154 2088 et
2184 2033 2656 2089 contradicentem
2684 2032 2983 2104 Evangelio
3019 2030 3299 2100 sacrisque
3333 2044 3505 2091 cauo-

1926 2126 2131 2194 nibus;
2170 2142 2299 2196 qua,
2333 2136 2395 2183 ut
2430 2127 2713 2181 Adrianus
2743 2140 2885 2196 papa
2912 2125 3093 2195 inquit
3124 2124 3178 2179 in
3207 2123 3325 2179 suis
3355 2122 3503 2176 litte-

1926 2219 2003 2276 ris
2029 2220 2094 2275 ad
2121 2220 2510 2289 imperatores.
2534 2219 2627 2289 qui
2659 2218 2835 2275 utitur
2862 2227 2918 2275 et
2946 2230 3232 2273 assensum
3266 2213 3500 2286 praebet,

1924 2308 2162 2365 alienum
2188 2324 2249 2366 se
2285 2324 2315 2363 a
2356 2309 2461 2364 ﬁde
2497 2308 2828 2376 orthodoxa,
2857 2316 2915 2364 et
2944 2307 3213 2366 rebellem
3243 2302 3502 2361 Ecclesiae

1923 2399 2207 2457 catholicae
2238 2401 2571 2457 manifestat.

2402 2517 2610 2575 NILUS
2649 2517 2803 2590 (Cap.
2838 2515 3007 2585 xxn.

2000 2652 2018 2684 ι
2053 2633 2253 2689 Beatus
2292 2647 2422 2688 vero
2448 2633 2609 2688 Pater
2641 2632 3069 2704 Chrysostomus
3092 2628 3260 2687 etiam
3290 2643 3491 2684 unum—

1922 2740 2199 2795 quemque
2248 2725 2567 2796 episcopum
2623 2727 2824 2780 asserit
2880 2725 2938 2780 in
2984 2723 3247 2778 cathedra
3285 2720 3492 2778 Christi

1920 2812 2147 2877 ‘sedere,
2183 2813 2645 2881 quemadmodum
2698 2813 2902 2885 legales
2947 2812 3261 2869 sacerdotes
3308 2811 3364 2867 in
3405 2827 3496 2865 cs-

1922 2901 2114 2955 thedra
2143 2901 2329 2956 Mosis.
2355 2902 2534 2968 Quare
2564 2920 2670 2957 non
2697 2914 2779 2959 est
2808 2905 2985 2974 magni
3008 2903 3321 2958 faciendum
3345 2902 3493 2972 quod

1921 2994 2107 3049 ltoma:
2129 2995 2289 3051 sedes
2313 3005 2536 3051 vocetur
2560 2998 2879 3067 apostolica,
2912 3011 3039 3051 cum
3068 2996 3248 3051 omnis
3278 2995 3495 3063 episco-

1920 3103 2022 3157 pus
2059 3090 2242 3144 sedeat
2279 3092 2333 3144 in
2366 3091 2495 3147 sede
2531 3092 2753 3147 Christi.
2797 3112 2816 3144 ι

2465 3202 2921 3261 CONFUTATIO.

1989 3311 2165 3383 Supra
2199 3311 2442 3376 dicebas,
2492 3314 2796 3383 quamlibet
2846 3314 3233 3385 principalium
3268 3316 3483 3374 sodium

1917 3405 2098 3458 v0cari
2133 3405 2514 3471 apostolicam,
2550 3413 2608 3460 ut
2648 3422 2807 3477 papa,
2851 3409 2998 3478 quod
3028 3408 3223 3465 attinet
3248 3408 3317 3464 ad
3356 3408 3488 3471 hoc.

1917 3498 2053 3551 nihil
2092 3499 2215 3567 plus
2252 3498 2450 3554 habeat
2482 3515 2645 3570 supra
2678 3508 2907 3556 caeteros
2939 3501 3301 3570 patriarchas.
3326 3502 3487 3557 Nunc

1918 3591 2057 3647 dicis
2122 3607 2316 3662 papam
2369 3607 2480 3649 non
2549 3593 2731 3651 solum
2774 3609 2940 3663 supra
2995 3594 3206 3651 nullum
3259 3596 3492 3665 patriar-

1914 3688 2099 3752 cham,
2122 3687 2218 3743 sed
2255 3703 2434 3757 neque
2481 3703 2645 3759 supra
2674 3688 2983 3759 quemlibet
3015 3691 3332 3761 episcopum
3364 3689 3487 3760 plus

1914 3777 2216 3848 quidquam
2278 3779 2507 3842 habere.
2573 3780 3025 3851 quandoquidem
3070 3783 3226 3855 juxta
3264 3784 3485 3839 beatum

1912 3869 2367 3939 Chrysostomum
2412 3872 2647 3942 quilibet
2679 3874 2974 3944 episcopus
3004 3875 3162 3931 sedet
3204 3876 3258 3931 in
3300 3878 3489 3932 cathe-

1914 3960 2011 4015 dra
2042 3961 2282 4028 Christi;
2314 3971 2369 4018 et
2403 3962 2519 4019 haec
2542 3966 2731 4019 dicens
2751 3965 2862 4021 duo
2898 3981 3131 4036 peccas:
3162 3968 3341 4041 primo
3366 3970 3487 4038 qui-

1915 4055 2065 4118 dem,
2106 4054 2234 4125 quia
2270 4054 2478 4111 dictum
2530 4053 2906 4126 Chrysostomi
2949 4061 3253 4127 pervertis;
3283 4060 3482 4116 deinde

1912 4157 1968 4200 et
2003 4148 2120 4215 ipse
2152 4155 2331 4203 tecum
2360 4162 2590 4218 pugnas.
2618 4149 2755 4204 Dum
2794 4150 2942 4205 enim
2968 4166 3164 4222 papam
3192 4152 3481 4221 deprimis.

1913 4254 2075 4293 unam
2131 4239 2423 4294 constituis
2468 4240 2714 4295 omnium
2769 4243 3157 4311 5r-qualitatem,
3211 4246 3481 4315 siquidem

1912 4331 2204 4399 episcopus
2237 4331 2471 4401 quilibet
2502 4348 2664 4386 unam
2698 4342 2754 4387 et
2777 4334 3023 4388 eamdem
3055 4334 3263 4391 Christi
3294 4339 3480 4395 cathe-

1915 4422 2070 4477 dram
2121 4422 2306 4478 habet.
2350 4424 2640 4491 Quomodo
2690 4424 2855 4495 igitur
2898 4425 3085 4484 aiebas
3138 4432 3480 4505 praecipuum

1914 4515 2019 4569 hoc
2055 4514 2259 4573 habere
2293 4515 2626 4587 principales
2657 4519 2837 4582 sedes,
2869 4520 3015 4589 quod
3049 4535 3244 4581 omnes
3282 4538 3481 4583 vocen-

1912 4616 2001 4660 tur
2036 4607 2383 4675 apostolicse?
2430 4606 2487 4663 Si
2534 4608 2683 4665 enim
2714 4611 2837 4682 plus
2875 4622 2982 4677 est,
3038 4612 3243 4672 habere
3275 4616 3481 4674 Christi

1912 4696 2097 4753 sedem
2127 4712 2292 4769 quam
2325 4699 2510 4757 vocari
2534 4702 2917 4769 apostolicum,
2946 4714 3001 4759 et
3024 4721 3215 4761 omnes
3236 4709 3479 4780 episcopi

1913 4786 2116 4842 habent
2171 4788 2491 4845 cathedram
2538 4788 2768 4854 Christi.
2823 4805 2973 4851 certe
3030 4811 3226 4852 omnes
3281 4799 3483 4855 habent

1912 4878 2058 4947 quod
2101 4881 2223 4948 plus
2259 4889 2365 4947 est,
2395 4896 2452 4936 et
2482 4886 2761 4941 evanescit
2794 4900 2891 4953 per
2935 4895 2987 4941 te
3040 4889 3477 4957 patriarcharum

1913 4971 2293 5043 praerogativa,
2345 4974 2491 5044 quod
2540 4986 2806 5031 vocentur
2843 4979 3153 5048 apostolici.
3205 4981 3482 5039 Pervertis

1913 5075 2098 5118 autem
2124 5076 2180 5120 et
2204 5066 2587 5138 Chrysostomi
2616 5069 2841 5125 dictum.
2878 5072 2967 5125 Ait
3018 5074 3162 5127 enim
3197 5094 3209 5129 :
3249 5093 3268 5127 ι
3310 5075 3485 5146 Super

1914 5154 2083 5227 Moysi
2138 5158 2458 5214 cathedram
2492 5161 2756 5216 sederunt
2813 5163 3023 5219 Scriba:
3079 5174 3135 5222 et
3194 5167 3481 5233 Phariszei,

1914 5264 2060 5304 nunc
2090 5265 2219 5305 vero
2248 5267 2357 5307 non
2389 5253 2496 5321 ita;
2540 5269 2720 5323 neque
2767 5257 2912 5311 enim
2957 5272 3126 5327 super
3162 5259 3484 5316 cathedram

1916 5340 2084 5413 Moysi
2111 5343 2375 5398 sederunt
2398 5344 2735 5412 sacerdotes,
2788 5348 2882 5402 sed
2928 5364 3095 5419 super
3138 5350 3346 5405 Christi
3392 5368 3481 5408 se-

1914 5436 2065 5497 dem.
2096 5436 2243 5490 illius
2269 5436 2418 5491 enim
2449 5452 2745 5508 suscepere
2771 5440 3103 5495 doctrinam.
3137 5458 3156 5494 ι
3184 5441 3322 5497 Cum
3346 5457 3484 5513 ergo

1914 5530 2337 5599 Chrysostomus
2374 5530 2688 5586 cathedram
2730 5533 2784 5586 in
2813 5533 3115 5587 doctrinam
3156 5534 3487 5604 interprete-

1916 5632 2022 5688 tur,
2076 5634 2131 5677 tu
2173 5626 2226 5678 in
2282 5634 2609 5694 potestatem
2662 5626 2886 5695 accipis.
2933 5626 3123 5696 Itaque
3176 5628 3481 5684 secundum

1913 5715 2286 5787 Chrysostomi
2318 5734 2540 5775 sensum
2576 5721 2840 5778 habemus
2867 5737 3054 5777 verum
3084 5724 3305 5793 dogma,
3336 5723 3484 5794 quod
