3900 6580
499 299 608 364 δεο

1647 317 2017 379 ΜᾹΤΤΗᾹΞί
2061 319 2077 377 ί

2187 315 2408 376 ιῩΟΡΗ
2419 313 2510 374 YL
2523 313 2596 372 LI
3631 311 3723 374 860

496 415 693 487 Itaque
723 417 981 489 fatentur,
1016 437 1126 478 non
1152 424 1411 495 primaria
1461 428 1674 485 ratione
1699 475 1712 494 ,
1738 431 1831 487 sed
1861 431 1932 486 ob
1970 445 2066 485 ne-

2187 426 2573 499 Ὀμολογοῦσιν
2603 419 2696 478 οὖν
2722 423 2799 494 μὴ
2827 423 2967 478 κατὰ
3020 422 3236 493 πρῶτον
3264 422 3445 491 λόγον,
3493 421 3620 476 ἀλλὰ
3648 429 3722 479 διὰ

497 509 806 566 cessitatem
851 517 1235 585 temporalium
1279 520 1554 590 attingere
1596 523 1887 591 spiritalia.
1947 522 2064 578 Hoc

497 609 680 656 autem
713 617 822 658 non
851 611 956 668 est,
990 608 1139 676 quod
1186 620 1242 662 tu
1275 609 1422 664 dicis
1475 611 1870 680 imperatorum
1916 626 2063 670 esse.

497 709 607 749 non
638 696 1052 766 episcoporum,
1090 713 1421 770 congregare
1453 702 1725 773 synodum
1759 702 2066 758 mcumetti-

497 799 644 837 cam:
671 785 765 838 sed
796 795 1019 851 contra,
1055 787 1448 858 imperatorum
1492 805 1611 846 esse
1653 807 1752 862 per
1783 793 2066 858 accidens,

496 877 882 946 episcOporum
915 895 1012 948 per
1042 895 1121 934 se.

570 969 987 1026 Valentinianus
1033 981 1090 1026 et
1152 973 1459 1028 Marcianus
1511 974 1578 1029 de
1614 988 1810 1045 quarta
1860 978 2069 1049 synodo

497 1060 801 1115 scribentes
845 1061 1019 1117 Leoni
1070 1080 1242 1135 papae,
1281 1084 1300 1116 ι
1357 1065 1734 1130 Sanctitatem,
1790 1068 2068 1138 inquiunt,

499 1151 671 1206 Tuam
705 1154 1074 1223 principatum
1105 1159 1158 1212 in
1204 1159 1524 1228 episcopatu
1562 1159 1761 1216 divinae
1784 1161 1910 1215 ﬁdei
1946 1177 2072 1231 pos-

497 1243 790 1308 sidentem,
815 1249 986 1301 sacris
1014 1247 1212 1303 litteris
1242 1251 1302 1303 in
1340 1252 1612 1321 principio
1647 1254 1851 1322 justum
1887 1253 2069 1308 credi-

499 1351 622 1390 mus
671 1337 1087 1408 alloquendam.
1127 1359 1146 1392 ›
1209 1343 1452 1407 Deinde,
1512 1363 1537 1396 .c
1582 1345 1858 1410 Quatenus
1921 1346 2071 1400 omni

501 1428 669 1497 impio
695 1445 884 1486 errore
913 1431 1148 1496 sublato,
1181 1449 1276 1504 per
1306 1435 1690 1489 celebrandam
1720 1435 1990 1507 synodum
2020 1447 2072 1492 te

498 1531 726 1575 auctore
752 1523 986 1578 maxima
1027 1541 1131 1595 pax
1163 1526 1307 1581 circa
1359 1543 1552 1582 omnes
1589 1530 1880 1599 episcopos
1945 1529 2070 1584 fidei

499 1611 782 1668 catholicae
811 1613 924 1669 ﬁat.
966 1634 984 1666 ι
1025 1617 1090 1670 Et
1126 1619 1416 1674 Pulcheria
1459 1623 1698 1692 Augusta
1728 1622 1784 1675 in
1815 1622 2069 1678 eumdem

499 1703 722 1759 modum
754 1706 924 1760 Leoni
957 1709 1224 1774 scribens,
1255 1730 1273 1763 ι
1311 1711 1379 1766 Ει
1409 1722 1715 1784 prepterea,
1750 1715 1949 1786 inquit,
1977 1726 2069 1771 tua

2170 517 2269 588 τὴν
2303 517 2553 587 ἀνάγκην
2585 516 2694 570 τῶν
2716 515 3043 581 σωματικῶν
3072 513 3340 568 ἅπτεσθαι
3366 515 3476 566 τῶν
3507 533 3723 585 πνευμα-

2169 610 2363 663 τικῶν·
2393 609 2554 663 τοῦτο
2584 609 2642 661 δὲ
2674 609 2775 662 οὐκ
2818 608 2969 660 ἔστιν
2997 608 3026 662 6
3054 609 3263 676 λέγεις,
3317 607 3602 677 βασιλέων,
3639 613 3724 664 οὐκ

2171 701 2488 756 ἐπισκόπων
2517 697 2660 755 εἶναι
2697 700 2760 754 τὸ
2793 701 3054 769 συνάγειν
3089 702 3364 763 συνόδουςο
3419 700 3610 770 μᾶλλον
3642 705 3724 772 μὲν

2169 789 2265 846 οὖν
2295 793 2631 852 τούναντίον.
2666 793 2808 846 κατὰ
2836 792 3187 863 συμϐεϐηκὸς
3235 788 3381 847 εἶναι
3431 793 3537 846 τῶν
3595 793 3726 863 βασις

2168 887 2330 951 λέων,
2362 886 2486 941 καθ’
2518 887 2652 939 ato-:6
2679 887 2789 937 τῶν
2820 887 3163 942 ἐπισκόπων.

2245 977 2696 1041 Οὐαλεντινιανδς
2717 979 2773 1030 δὲ
2798 981 2891 1030 καὶ
2921 978 3238 1049 Μαρκιανὸς
3261 978 3391 1048 περὶ
3417 977 3515 1045 τῆς
3535 975 3574 1029 δ’
3596 980 3726 1029 συνὸν

2171 1068 2262 1123 δον
2292 1069 2429 1137 πρὸς
2455 1068 2660 1121 Λέοντα
2693 1069 3000 1136 γράφοντες
3031 1067 3124 1120 τὸν
3153 1068 3412 1129 πάππαν.
3464 1067 3538 1130 ὡς
3591 1067 3726 1119 ἔστιν

2179 1160 2308 1213 ἰδεῖν
2346 1161 2402 1212 ὲν
2441 1161 2552 1221 τοῖς
2619 1160 2726 1228 πρὸ
2791 1158 2902 1212 τῶν
2953 1159 3282 1228 Πρακτικῶν
3331 1160 3431 1226 τῆς
3489 1159 3724 1224 συνόδου,

2176 1272 2200 1306 ι
2237 1253 2349 1323 Τὴν
2407 1251 2505 1322 σὴν
2537 1251 2904 1320 Ἀγιωσύνην,

2175 1346 2274 1399 καὶ
2293 1346 2575 1415 ἄρχουσαν
2607 1343 2706 1413 τῆς
2752 1344 2904 1408 θείας
2937 1344 3198 1404 πίστεως,
3249 1344 3412 1412 ἱεροῖς
3430 1343 3726 1413 γράμμασιν

2175 1439 2236 1491 ἐν
2278 1438 2519 1506 πρώτοις
2549 1436 2755 1488 δίκαιον
2779 1436 3111 1507 ἡγησάμεθα
3142 1437 3483 1504 προσειπεῖν.
3545 1452 3562 1486 ι
3591 1428 3722 1486 Εἶτα·

2182 1545 2200 1579 ι
2240 1526 2429 1588 Ὥστε,
2469 1527 2653 1596 πάσης
2683 1527 2914 1590 ἀσεϐοῦς
2947 1527 3157 1596 πλάνης
3214 1526 3631 1596 ἁποκινηθείσης
3653 1527 3724 1579 διὰ

2173 1619 2276 1689 τῆς
2295 1618 2893 1690 συγκροτηθησομένης
2935 1619 3141 1687 ταύτης
3176 1619 3397 1672 συνόδου
3443 1619 3537 1670 σοῦ
3563 1617 3726 1671 αὐθεν-

2177 1711 2420 1774 τοῦντος,
2448 1713 2682 1782 μεγίστη
2716 1713 2909 1783 εἰρήνη
2944 1714 3076 1784 περὶ
3123 1713 3333 1776 πάντας
3367 1711 3492 1773 τοὺς
3531 1712 3725 1763 ἐπισκό-

2985 1253 3175 1320 φασὶν,
3258 1252 3725 1317 ἐπισκοπεύουσαν,

500 1797 815 1854 reverentia
838 1814 1169 1871 quocunque
1190 1803 1352 1857 modo
1375 1807 1736 1874 prospexerit,
1765 1807 2074 1878 signiﬁcare

2187 1822 2312 1868 πους
2345 1805 2446 1874 τῆς
2477 1804 2778 1868 καθολικῆς
2804 1806 3042 1866 πίστεως
3068 1805 3318 1874 γένηται.
3366 1821 3387 1856 ι
3431 1801 3626 1872 Γράφει
3648 1804 3724 1856 καὶ

501 1887 789 1958 dignetur,
827 1899 888 1946 ut
913 1906 1104 1951 omnes
1132 1893 1296 1948 etiam
1332 1897 1499 1950 totius
1530 1895 1772 1952 Orientis
1801 1896 2067 1967 episcOpi.

502 1977 746 2032 Thraciae
777 1990 942 2048 atque
969 1981 1163 2053 Illyrici
1201 1984 1254 2038 in
1295 2002 1458 2038 unam
1499 1987 1776 2042 civitatem
1809 1988 2073 2044 velociter

501 2068 570 2123 ab
604 2069 980 2130 Orientalibus
1006 2075 1258 2146 partibus
1284 2079 1498 2133 valeant
1528 2081 1844 2136 convenire.
1885 2099 1906 2134 ι

2183 1897 2486 1969 Ποῦλχερία
2510 1898 2544 1968 ἡ
2574 1897 2863 1966 Δὺγοῦστα
2889 1898 3018 1966 περὶ
3041 1895 3231 1948 τούτου
3284 1895 3422 1964 πρὸς
3451 1898 3537 1946 τδν
3587 1893 3723 1946 αὐτὸν

2181 1990 2390 2044 Λέοντα
2435 1990 2525 2043 τὸν
2565 1990 2798 2044 πάππαν
2841 1989 3091 2044 τοιαῦτα·
3127 2005 3148 2042 ι
3187 1989 3294 2040 Καὶ
3329 1986 3420 2040 διὰ
3443 1985 3642 2055 τοῦτοὴ
3669 1986 3723 2053 σὴ

2181 2080 2440 2134 εὐλάϐεια
2459 2082 2583 2134 καθ’
2604 2080 2663 2133 ὃν
2695 2080 2762 2134 ἂν
2788 2081 2985 2151 φανείη
3014 2081 3236 2151 τρόπον,
3296 2082 3536 2149 σημᾶναι
3577 2093 3723 2129 κατα-

501 2163 708 2227 ξιὼσει.
734 2167 820 2220 ἵνα
852 2169 1053 2233 πάντες
1082 2173 1176 2224 καὶ
1215 2173 1398 2242 πάσης
1435 2176 1532 2245 τῆς
1575 2175 1866 2247 Ἀνατολῆς
1927 2178 1974 2230 ol
2045 2177 2362 2243 ἐπίσκοποι,
2415 2176 2637 2248 Θρᾴκης
2670 2193 2731 2229 τε
2772 2177 2868 2229 καὶ
2923 2176 3254 2246 Ἰλλυρικοῦ,
3281 2176 3364 2240 εἰς
3411 2174 3537 2244 μίαν
3594 2171 3722 2226 πολιν

499 2258 598 2329 τὴν
628 2260 892 2349 ταχίστην
926 2264 1036 2318 ἀπὸ
1073 2266 1182 2322 τῶν
1231 2267 1572 2331 ἀνατολικῶν
1605 2271 1791 2342 μερῶν
1832 2271 2282 2340 παραγένωνται.
2741 2264 2748 2270 ’

573 2358 756 2423 Vides,
787 2360 882 2429 qui
914 2370 1164 2430 quartam
1199 2365 1462 2436 synodum
1501 2381 1904 2437 congregavere
1939 2367 2074 2438 quid

499 2452 780 2506 scribant?
810 2452 1228 2509 Convocandam
1275 2457 1542 2526 synodum
1574 2472 1800 2513 auctore
1834 2474 1994 2529 papa,
2021 2468 2077 2515 et

499 2545 812 2616 signiﬁcare
857 2547 1098 2613 volente,
1147 2558 1209 2604 ut
1259 2551 1313 2605 in
1365 2568 1528 2605 uuam
1571 2555 1845 2607 civitatem
1874 2569 2075 2610 conve-

501 2638 656 2690 niant
683 2638 952 2710 episcopi.
981 2639 1094 2696 Hoc
1119 2658 1248 2713 ergo
1272 2644 1449 2697 solum
1477 2647 1712 2700 inuuunt
1740 2663 1913 2702 sacrae
1945 2664 2075 2718 syno

2254 2367 2486 2428 Βλέπεις
2523 2361 2612 2419 οἷα
2643 2364 2952 2437 γράφουσιν
2980 2367 3026 2418 οί
3057 2365 3158 2436 τὴν
3185 2367 3454 2434 τετάρτην
3478 2365 3722 2433 συναθροίο

2183 2475 2376 2522 σαντες
2417 2457 2679 2522 σύνοδονς
2727 2456 3332 2526 Συγκροτηθησομένην
3385 2458 3482 2528 τὴν
3538 2456 3720 2508 σύνοδον

2183 2549 2572 2610 αὐθεντοῦντος
2603 2549 2698 2602 τοῦ
2724 2551 2945 2611 πάππα,
3004 2551 3099 2601 καὶ
3135 2550 3382 2617 σημᾶναι
3441 2546 3722 2609 καταξιοῦν-

2181 2662 2293 2710 τος,
2325 2643 2471 2705 ὅπως
2503 2643 2580 2705 είς
2600 2641 2748 2713 ’μίαν
2778 2641 2932 2694 πόλιν
2955 2639 3380 2706 παραγένωνται
3426 2639 3475 2692 οἱ
3534 2641 3721 2691 ἐπίσκο-

501 2726 616 2790 odi,
657 2741 782 2782 cum
811 2743 868 2784 se
918 2742 1274 2801 congregatas
1309 2736 1502 2789 dicunt
1543 2736 1635 2789 Dei
1678 2739 1851 2807 gratia
1882 2748 1937 2793 et
1979 2740 2077 2792 im-

2187 2753 2291 2791 ποι.
2325 2734 2483 2788 Τοῦτ’
2513 2735 2622 2805 ἄρα
2653 2734 2750 2786 καὶ
2801 2735 2961 2804 μόνον
2991 2733 3278 2804 βούλονται
3318 2733 3372 2785 αἱ
3400 2732 3548 2800 ἆγιαι
3591 2731 3721 2782 σύνο-

501 2828 818 2889 peratorum
899 2823 1144 2878 decreto.
1219 2826 1411 2896 Neque
1475 2829 1628 2884 enim
1695 2831 1886 2900 synodi
1957 2831 2077 2900 plus

2187 2830 2278 2895 Βοι,
2307 2830 2450 2883 κατὰ
2478 2829 2614 2882 Θεοῦ
2635 2829 2798 2899 χάριν
2821 2828 3022 2890 ἑαυτὰς
3073 2829 3170 2880 καὶ
3200 2825 3483 2894 θέσπισμα
3542 2821 3720 2892 paul;-

505 2910 757 2966 tribuunt
785 2913 1210 2984 imperatoribus
1250 2933 1414 2986 quam
1449 2918 1813 2989 imperatores
1841 2923 1970 2978 sibi.

2187 2926 2277 2980 κον
2301 2923 2766 2995 συναθροισθῆναι
2795 2921 3242 2990 διαγορεύουσαισ
3282 2920 3343 2971 οὐ
3379 2919 3484 2988 γὰρ
3507 2918 3565 2986 δὴ
3585 2916 3720 2969 πλέον

2183 3016 2559 3085 ἀπονέμουσιν
2592 3016 2649 3067 αί
2679 3013 2890 3068 σύνοδοι
2943 3015 3059 3075 τοῖς
3117 3009 3455 3082 βασιλεῦσιν,
3513 3009 3541 3077 ἦ
3590 3007 3720 3060 αὐτοὶ

2108 3127 2152 3185 C
2185 3111 2394 3168 ἑαυτοῖς
2420 3111 2469 3160 οἱ
2512 3107 2772 3179 βασιλεῖς.

2256 3201 2324 3256 ’⁸0
2349 3201 2406 3254 δὲ
2426 3201 2625 3267 λέγεις,
2663 3199 2746 3252 ὅτι
2780 3199 2934 3252 Λέων
2967 3200 2994 3251 6
3030 3196 3306 3268 μακάριος
3366 3195 3586 3258 πάπποις
3614 3194 3722 3246 Θεο-

2180 3295 2342 3364 δοσίῳ
2383 3294 2458 3364 τῷ
2497 3293 2710 3364 βασιλεῖ
2737 3293 2988 3363 γράφων,
3032 3292 3157 3345 όιντὶ⁵
3192 3290 3432 3360 μεγάλου
3477 3289 3610 3353 τινὸς
3654 3291 3723 3342 al-

2183 3389 2353 3440 τεῖται
2383 3387 2715 3440 κατανεῦσαι
2744 3390 2835 3439 τδν
2864 3382 3090 3455 βασιλέα
3126 3383 3351 3454 γενικὴν
3381 3381 3721 3453 συγκρότηθῆ-

2185 3497 2271 3532 ναι
2304 3478 2520 3532 σύνοδον
2549 3480 2606 3532 ὲν
2627 3477 2852 3548 Ἰταλίᾳ,
2912 3461 3007 3530 καὶ
3035 3479 3117 3530 ὄτι
3145 3477 3244 3528 οὐκ
3279 3476 3345 3529 ἂν
3392 3476 3568 3544 ἐζήτει
3610 3475 3718 3542 ὅπερ

2185 3574 2280 3624 σὺν
2302 3571 2378 3641 τῷ
2411 3571 2605 3640 δικαίῳ
2634 3571 2872 3640 ἔφθασεν
2910 3569 3072 3640 ἔχωνο
3115 3570 3279 3634 αὐτὸς
3312 3570 3340 3622 6
3375 3569 3524 3624 Λέων
3551 3568 3716 3637 ἄριστα

2183 3665 2458 3732 διασαφεῖ,
2495 3665 2592 3717 καὶ
2623 3663 2740 3717 λύει
2767 3662 2866 3729 τὴν
2923 3663 3176 3716 ἔνστασιν
3209 3665 3265 3716 ἐν
3299 3659 3378 3726 οἷς
3404 3661 3591 3732 γράφει
3620 3660 3720 3712 κατ’

2183 3758 2355 3828 αὐτὴν
2379 3757 2598 3826 ἐκείνην
2615 3757 2716 3824 τὴν
2748 3756 3063 3826 ἐπιστολήν·
3098 3775 3116 3808 ι
3143 3757 3267 3820 Τοῖς
3315 3758 3600 3828 γράμμασι
3639 3754 3720 3821 τῆς

2187 3852 2460 3922 ὑμετέρας
2485 3850 2906 3921 φιλανθρωπίας
2936 3851 3278 3920 ἐντυχόντες,
3303 3850 3338 3904 ἃ
3358 3851 3553 3920 πρώτῳ
3580 3846 3722 3901 ἐστεί-

2183 3946 2310 3998 λατε
2342 3945 2437 3998 τοῦ
2465 3944 2742 4015 μακαρίου
2778 3942 3078 3997 ἀποστόλου
3113 3945 3322 4015 [Ιέτρου
3377 3943 3454 4013 τῷ
3483 3942 3643 4012 θρόνῳ
3667 3940 3719 3990 ἐκ

2183 4037 2282 4108 τῆς
2318 4036 2456 4105 πρὸς
2485 4039 2585 4105 την
2606 4035 2906 4104 καθολικὴν
2940 4009 3137 4087 πίστιν⁹
3181 4034 3501 4098 διαθέσεως,
3561 4028 3721 4086 τοσαύ-

2185 4146 2286 4198 την
2318 4127 2587 4197 ὲλὰὁομεν
2621 4127 2951 4196 πεποίθησιν
2980 4125 3074 4179 τοῦ
3111 4126 3470 4197 ἐκδικηθῆναι
3507 4125 3572 4179 δι’
3595 4124 3720 4194 ὑμῶν

2186 4222 2286 4291 τὴν
2322 4222 2584 4292 ἀλήθειαν
2616 4220 2713 4274 καὶ
2735 4221 2836 4291 τὴν
2865 4220 3146 4290 εἰρήνην.»
3199 4217 3355 4274 Εἶτα·
3411 4240 3430 4273 ι
3473 4205 3720 4289 Ἐγνωμεν

576 3205 731 3273 Quod
757 3220 939 3263 autem
964 3209 1179 3280 obiicis,
1209 3211 1427 3266 beatum
1451 3212 1694 3269 Leonem
1723 3231 1917 3285 papam
1944 3218 2078 3272 scri-

506 3298 684 3368 psisse
733 3300 1053 3370 imperatori
1107 3303 1441 3364 Theodosio.
1498 3317 1553 3361 et
1583 3307 1704 3361 loco
1751 3324 1962 3378 magna:
2002 3311 2078 3364 rei

507 3392 748 3461 petiisse,
788 3402 847 3447 ut
885 3393 1182 3464 imperator
1220 3407 1489 3452 annueret
1521 3399 1638 3453 ﬁeri
1673 3401 1728 3454 in
1760 3401 1911 3456 Italia
1945 3418 2080 3474 syn-

508 3483 672 3538 odum
709 3487 1052 3554 generalem;
1104 3489 1273 3556 quod,
1311 3489 1414 3554 ais,
1464 3507 1572 3546 non
1626 3507 1747 3563 quae
1785 3494 2004 3550 sivisset
2033 3496 2079 3552 si

500 3577 645 3646 juris
672 3577 759 3631 sui
805 3576 1000 3632 fuisset
1049 3589 1309 3647 prrestare
1344 3581 1476 3635 illud
1499 3621 1516 3646 ,
1560 3583 1677 3652 ipse
1707 3583 1818 3638 Leo
1843 3586 2082 3640 declarat

506 3669 735 3738 optime,
765 3677 822 3723 et
847 3669 1163 3724 instantiam
1209 3671 1371 3727 diluit
1409 3688 1508 3741 per
1534 3688 1600 3728 ea
1639 3690 1762 3744 quae
1793 3676 1846 3729 in
1887 3675 2080 3731 eadem

506 3763 739 3831 cpistola
768 3762 1002 3816 scribit:
1045 3781 1062 3812 ι
1102 3762 1325 3820 Litteris
1355 3766 1662 3820 clementiae
1696 3776 1912 3832 vestrae,
1945 3785 2082 3840 quas

507 3855 712 3910 dudum
739 3855 807 3910 ad
841 3855 987 3910 beati
1012 3856 1158 3911 Petri
1187 3856 1421 3926 apostoli
1446 3857 1632 3912 sedem
1667 3875 1766 3927 pro
1796 3861 2083 3917 catholicae

509 3947 636 4002 ﬁdei
679 3963 864 4003 amore
903 3949 1161 4014 misistis,
1199 3959 1404 4006 tantam
1455 3951 1711 4008 ﬁduciam
1747 3955 2084 4023 sump~imus

506 4041 864 4098 defendendae
923 4057 1020 4112 per
1048 4057 1146 4098 vos
1193 4045 1445 4099 veritatis
1483 4055 1538 4099 et
1570 4048 1740 4116 pacis.
1770 4064 1793 4098 ι
1831 4046 2077 4102 Deinde:

506 4150 531 4189 ι
567 4132 948 4204 Comperimus
972 4135 1119 4190 enim
1152 4151 1261 4190 non
1307 4137 1519 4192 incerto
1558 4139 1754 4194 nuntio
1779 4178 1792 4202 ,
1822 4139 1916 4192 sed
1951 4139 2086 4193 tide-

502 4227 718 4292 lissimo
765 4243 952 4282 rerum
997 4244 1118 4298 quae
1164 4239 1331 4299 gesta:
1369 4240 1499 4285 sunt
1551 4240 1867 4294 narratore,
1895 4232 2082 4288 Hilam

507 4318 738 4373 diacono
787 4329 1012 4384 nostro,
1047 4319 1377 4375 convenisse
1409 4321 1474 4374 ad
1511 4323 1780 4392 synodum
1817 4322 2077 4390 plurimos

2187 4313 2295 4383 γὰρ
2322 4311 2735 4383 διηγησαμένου
2765 4313 3066 4366 πιστότατα
3099 4312 3228 4380 ὑμῖν
3268 4312 3478 4384 ἰλάρου
3509 4311 3592 4364 τοῦ
3613 4314 3721 4380 ἡμε-

505 4413 860 4475 sacerdotes;
917 4425 1156 4480 quorum
1213 4412 1404 4482 utique
1443 4412 1752 4483 frequentia
1806 4414 2077 4469 consulta-

2187 4408 2350 4476 τέρου
2385 4404 2635 4460 διακόνου
2671 4403 2963 4466 πλείστους
3010 4405 3182 4474 ίερεῖς
3216 4405 3494 4459 συνελθεῖν
3525 4405 3597 4467 είς
3642 4401 3720 4468 τὴν

507 4501 647 4560 lieni
680 4511 736 4556 et
755 4500 965 4572 judicio
997 4501 1312 4572 profuisset,
1333 4505 1375 4558 si
1401 4505 1447 4560 is
1474 4505 1568 4575 qui
1593 4505 1697 4560 sibi
1723 4506 1902 4561 locum
1930 4507 2077 4576 prin-

2192 4495 2430 4559 σύνοδον.
2464 4491 2539 4550 ὧν
2562 4496 2596 4566 ἡ
2628 4495 2842 4568 πληθὺς
2877 4497 3095 4564 ἐγένετο
3121 4495 3184 4550 ἂν
3211 4495 3319 4567 πρὸ
3351 4496 3513 4568 ἔργου
3534 4498 3592 4566 τῇ
3614 4510 3719 4562 συμ-

505 4594 686 4652 cincnt
715 4593 1055 4657 vindicabat,
1091 4589 1489 4653 sacerdotalem
1521 4597 1958 4654 moderationem
1990 4615 2077 4654 cu-

2187 4588 2378 4660 δουλίᾳ.
2417 4587 2511 4642 καὶ
2541 4589 2608 4658 τῇ
2640 4588 2846 4658 κρίσει,
2905 4589 3064 4660 εἰπερ
3121 4587 3414 4659 ἱερατικὴν
3460 4587 3718 4641 ἐπιείκειαν

505 4688 720 4752 prodire
745 4687 1034 4744 voluisset.
1075 4707 1096 4742 ι

2195 4681 2435 4750 φυλάξαι
2487 4680 2758 4751 ἠθέλησεν
2813 4681 3064 4748 ἐκεῖνος,
3143 4683 3298 4746 ὅστις
3359 4680 3537 4752 ἑαυτῷ
3588 4679 3716 4731 τόπον

2185 4775 2507 4846 ἐξάρχοντος
2531 4773 2779 4839 ὲξεδίκει.
2814 4793 2831 4825 ι

2257 4867 2424 4934 Λέγει
2449 4867 2511 4920 δὲ
2543 4868 2675 4936 περὶ
2706 4865 3002 4938 Διοσκόρου
3024 4868 3052 4920 6
3083 4867 3336 4935 πάππας,
3373 4869 3534 4922 τόπον
3561 4866 3715 4933 ἀρχονο

2187 4979 2278 5023 τος
2307 4959 2487 5030 ἐαυτῷ
2517 4959 2907 5029 ἐκδικήσαντος
2939 4959 3027 5013 διὰ
3056 4961 3118 5013 τὸ
3153 4963 3304 5031 παρὰ
3361 4961 3623 5014 Θεοδοσίου
3644 4953 3714 5006 τοῦ

2190 5056 2458 5126 βασιλέως
2489 5055 2588 5125 τὴν
2621 5053 2912 5108 αὖθεντίαν
2963 5054 3059 5108 καὶ
3088 5055 3158 5109 τὰ
3183 5058 3428 5126 πρωτεῖα
3459 5056 3550 5126 τῆς
3576 5050 3715 5105 δευτέ-

2191 5165 2292 5218 ρας
2319 5149 2375 5199 ἑν
2407 5147 2619 5216 Ἐφέσῳ
2639 5146 2921 5217 είληφέναι
2942 5145 3182 5212 συνόδου,
3215 5146 3290 5209 ὡς
3321 5147 3478 5216 δῆλον
3506 5145 3655 5213 ἐκτῆς
3680 5137 3714 5192 α’

2189 5241 2442 5309 πράξεως
2455 5239 2556 5308 τῆς
2580 5240 2848 5310 τετάρτης
2865 5240 3108 5294 συνόδου.
3129 5239 3300 5294 Τοῦτο
3320 5241 3450 5309 γοῦν
3479 5239 3715 5310 μεμφότιεο

2191 5350 2279 5395 νος
2306 5335 2333 5385 6
2365 5333 2592 5394 πάππας
2617 5330 2878 5393 ἐνταῦθα,
2909 5332 3003 5384 καὶ
3035 5333 3093 5384 ὲν
3120 5334 3234 5395 τοῖς
3258 5336 3394 5402 πρὸς
3429 5329 3714 5401 Ποῦλχερὲαν

2189 5426 2620 5496 γράμμασι,καὶ
2644 5425 2868 5494 ἑτέρους
2901 5425 3218 5493 σαφέστατα
3275 5428 3562 5490 δείκνυσιν,
3582 5427 3649 5477 ὅτι
3675 5419 3712 5470 εἰ

2194 5518 2459 5588 βασιλέων
2504 5513 2573 5588 ἦν
2627 5517 2686 5571 τδ
2738 5517 2993 5586 συνάγειν
3049 5518 3148 5582 τὰς
3184 5521 3458 5585 συνόδους,
3497 5514 3713 5589 βασιλέων

2189 5614 2256 5666 ἂν
2301 5609 2370 5681 ἦν
2418 5610 2514 5663 καὶ
2573 5610 2632 5662 τὸ
2681 5608 2864 5662 δοῦναι
2927 5609 3027 5680 τὴν
3085 5612 3377 5666 αὑθεντίαν
3424 5610 3528 5664 τῶν
3589 5603 3711 5659 σιινό⁶

2190 5705 2295 5759 δων
2332 5705 2426 5756 καὶ
2481 5702 2552 5756 τὰ
2603 5703 2849 5769 πρωτεῖα
2903 5698 2986 5764 οἷς
3021 5701 3087 5754 ἂν
3131 5700 3430 5771 βούλοιντο.
3462 5700 3604 5755 Ἀλλὰ
3627 5693 3709 5763 μὴν

2191 5795 2350 5855 τοῦτο
2407 5792 2684 5865 μέμφεται
2733 5794 2762 5847 6
2795 5792 3064 5865 μακάριος
3108 5794 3283 5863 Λέων,
3341 5796 3421 5851 ὅτι
3464 5793 3706 5859 Διόσκοροι

579 4873 854 4946 Loquitur
898 4883 1080 4930 autem
1119 4874 1360 4946 pontifex
1409 4874 1479 4931 de
1530 4875 1814 4940 Dioscoro,
1840 4878 1934 4947 qni
1976 4877 2082 4934 sibi

507 4968 689 5033 locum
721 4967 1024 5040 principem
1075 4970 1474 5036 vindicaverat,
1519 4971 1781 5041 quoniam
1809 4972 1878 5026 ab
1908 4972 2085 5042 impe-

507 5072 690 5125 ratore
717 5060 1026 5118 Theodosio
1061 5064 1356 5133 primatum
1413 5073 1468 5118 et
1507 5065 1890 5120 auctoritatem
1923 5079 2086 5120 accc-

507 5161 664 5224 perat
695 5154 750 5208 in
779 5155 1018 5211 secunda
1047 5155 1257 5225 synodo
1309 5155 1579 5222 Ephesina
1604 5196 1617 5217 ,
1655 5167 1712 5209 nt
1745 5165 1961 5210 constat
2016 5171 2082 5210 ex

507 5243 680 5316 prima
729 5247 945 5299 actione
992 5243 1477 5302 Chalcedonensis.
1515 5245 1634 5302 Hoc
1684 5246 1850 5314 igitur
1899 5261 2087 5314 repre‘

509 5333 760 5397 bendens
794 5352 931 5406 papa
964 5345 1019 5392 et
1054 5336 1107 5390 in
1143 5336 1342 5391 litteris
1371 5338 1438 5391 ad
1472 5338 1815 5392 Pnlchcriam
1849 5347 1902 5390 ct
1924 5337 2085 5400 alios,

509 5427 950 5485 manifestissime
965 5429 1223 5494 ostendit,
1243 5429 1387 5498 quod
1403 5430 1446 5483 si
1469 5445 1671 5484 munus
1691 5432 2086 5499 imperatorum

507 5530 655 5580 esset
699 5535 1032 5591 congregare
1075 5519 1357 5590 synodos,
1401 5519 1648 5590 ipsorqu
1677 5536 1898 5590 quoque
1935 5530 2088 5576 esset

508 5613 641 5673 dare
665 5613 847 5668 locum
887 5612 1186 5682 principem
1221 5612 1276 5666 iu
1302 5611 1372 5666 iis
1407 5613 1496 5666 cui
1529 5612 1750 5666 vellent.
1785 5612 1947 5682 Atqui
1975 5612 2087 5668 Leo

510 5723 649 5778 papa
675 5707 781 5761 hoc
814 5706 1192 5776 reprehendit,
1223 5713 1278 5758 et
1312 5704 1631 5760 Dioscorum
1668 5705 1744 5759 ait
1775 5705 2088 5760 vindicasse

509 5781 614 5860 sibi
647 5795 950 5874 principem
978 5796 1183 5864 locum,
1211 5795 1464 5874 quamvis
1497 5795 1590 5853 ille
1619 5793 1724 5854 hoc
1751 5795 1820 5851 ab
1851 5796 2085 5867 impera-
