3816 6620
125 453 229 516 881
1562 464 1946 525 MONITUM.
2092 467 2098 471 ’
3255 472 3360 537 882

1467 759 2059 849 MON‘l’FUM'v

1081 911 1195 970 (Mai
1232 910 1532 962 Bibliotheca
1563 925 1685 965 nova
1713 912 1909 962 Patrum
1935 921 2051 963 tom.
2080 916 2165 976 Vl,
2193 932 2239 976 p.
2264 917 2394 976 ιιθ.)

196 1158 241 1212 Α
274 1157 472 1212 Nicetis
513 1157 600 1210 ad-
623 1155 917 1212 Theadoros
962 1156 1287 1212 redeundum
1334 1164 1427 1210 est.
1466 1154 1609 1209 Sane
1643 1171 1794 1226 quem
1831 1159 1983 1211 modo
2031 1159 2224 1214 edituri
2256 1177 2436 1215 sumus
2469 1162 2797 1219 Theodorum
2853 1164 3252 1232 Meliteniatam,
3306 1166 3361 1223 iu

124 1254 393 1313 postrema
425 1243 914 1304 Gracitatistetate
949 1242 1505 1306 collocavitAllatius
1533 1242 1760 1296 diatrib.
1806 1261 1860 1298 n.
1895 1243 2211 1314 CXXXIII,
2245 1251 2336 1318 qui
2367 1267 2488 1305 eum
2525 1251 2657 1320 facit
2689 1255 2993 1308 scribentem
3031 1271 3173 1308 anno
3205 1254 3361 1310 Chri-
3408 1307 3415 1316 ,

122 1337 191 1387 sti
220 1334 384 1397 1561,
423 1338 516 1386 sub
550 1331 758 1396 Joanne
788 1331 1144 1401 IcPalteologo
1173 1331 1514 1400 imperatore.
1545 1329 1647 1384 Sed
1676 1339 1853 1384 tamen
1890 1350 1994 1387 non
2031 1336 2208 1388 omnia
2239 1354 2398 1402 nova,
2440 1339 2706 1394 deteriora
2740 1350 2881 1407 sunt,
2915 1345 3053 1412 quod
3083 1343 3137 1396 in
3165 1344 3364 1397 cunctis

126 1424 326 1488 linguis
364 1420 1087 1492 populisque-comperimus;
1117 1431 1166 1474 et
1213 1421 1328 1490 ipse
1360 1420 1598 1474 Allutius
1641 1436 1771 1489 apus
1813 1420 2089 1487 Theodori,
2129 1439 2250 1477 mox
2281 1444 2312 1479 a
2346 1427 2494 1482 nobis
2539 1429 2736 1497 partim
2768 1430 3045 1493 edendum,
3080 1431 3163 1485 vel
3194 1434 3363 1501 potius

124 1508 920 1570 delibandum..dicitdactum,
951 1509 1136 1566 divina
1162 1508 1409 1563 doctrina
1442 1508 1716 1578 refertum.
1751 1516 1802 1562 et
1835 1509 2054 1580 dignum
2090 1512 2232 1580 quod
2274 1511 2440 1568 lucem
2471 1516 2664 1569 videat.
2698 1515 2793 1570 Est
2821 1525 2997 1570 autem
3024 1519 3132 1572 ha'c
3156 1517 3362 1573 (ἔνατος-

124 1596 756 1658 τκυτωιιςιοηιωθςριίαιη
787 1595 957 1663 inﬁmi
1002 1595 1098 1650 αὐὶ
1142 1596 1260 1650 laus
1317 1596 1631 1665 quodamma

1854 1596 2062 1662 tularis,
2102 1608 2156 1652 ut
2195 1600 2467 1671 eleganter
2502 1603 2877 1674 emendateque
2907 1603 3139 1676 plerique
3184 1624 3361 1662 omnes

123 1684 461 1754 scripserint,
497 1682 832 1745 Biemmides,
860 1691 1011 1753 puta.
1037 1682 1325 1747 Getuistus,
1364 1682 1664 1746 Planudes,
1692 1683 1861 1752 Gaza,
1900 1684 2200 1742 Demetrius
2237 1688 2529 1758 Cydonius,
2565 1689 2874 1755 Bessariou,
2906 1693 3000 1746 alii
3029 1692 3213 1760 multi;
3234 1696 3361 1749 dum

124 1770 346 1824 interim
383 1769 564 1824 Latini
590 1771 757 1824 nostri
782 1771 1068 1824 rnditatem
1099 1771 1388 1838 quamdam
1413 1770 1672 1825 scribendi
1704 1788 1814 1842 prae
1838 1789 1892 1826 se
1921 1772 2158 1842 ferebant
2185 1792 2202 1830 :
2233 1778 2395 1830 donec
2426 1777 2588 1847 paulo
2620 1788 2758 1846 post,
2793 1780 2969 1848 politis
2999 1783 3188 1835 iterum
3219 1785 3363 1853 apud

127 1876 222 1913 nos
247 1858 468 1918 litteris,
501 1865 682 1912 tantus
716 1858 871 1912 rediit
906 1855 1090 1911 Latini
1120 1858 1378 1912 sermonis
1404 1855 1570 1929 lepor,
1604 1868 1660 1911 ut
1692 1859 1814 1928 jam
1846 1859 2042 1915 Graecis
2073 1862 2412 1917 invidendum
2453 1881 2556 1918 nan
2584 1865 2764 1935 fuerit.

195 1945 375 2016 Igitur
400 1947 482 1999 hic
513 1945 810 2000 Theodorus
842 1944 1102 2014 exegetica
1131 1943 1350 1998 scientia
1393 1954 1442 1997 et
1480 1945 1978 2018 elaquentice‘copia
2012 1949 2348 2004 abundanter
2377 1952 2652 2020 pra'ditus,
2703 1964 2937 2024 quatuor
2969 1954 3262 2025 Evangelia
3307 1957 3358 2009 in

124 2053 298 2090 unam
315 2037 558 2089 seriema
593 2049 650 2088 se
675 2049 932 2096 connexa,
965 2048 1096 2086 navo
1129 2032 1512 2105 commentarii,
1538 2049 1725 2104 genere
1752 2035 2090 2106 explananda
2118 2039 2345 2107 suscepit
2378 2054 2396 2093 :
2441 2057 2622 2111 nempe
2656 2057 2784 2111 apus
2813 2060 2969 2097 suum
2997 2047 3050 2098 iu
3086 2043 3358 2098 volumina

124 2138 315 2175 navem
361 2123 601 2193 digessit,
631 2135 858 2192 quorum
887 2118 1100 2189 singula
1131 2119 1346 2173 totidem
1381 2120 1674 2186 διαλέξεις,
1702 2121 1757 2175 id
1803 2131 1878 2177 est
1924 2139 2214 2186 sermones.
2247 2125 2529 2194 habebant,
2567 2129 2658 2197 qui
2683 2145 2860 2184 omnes
2889 2132 3173 2184 immanem
3205 2136 3358 2184 unius
3416 2126 3421 2133 ’

122 2227 291 2278 supra
320 2211 586 2280 octoginta
620 2224 934 2264 sermonum.
955 2223 1220 2261 summam
1256 2207 1581 2278 efﬁciebant.
1617 2206 1722 2263 Sed
1747 2210 1888 2264 enim
1923 2227 1988 2265 ea:
2017 2228 2198 2265 novem
2229 2213 2309 2266 his
2343 2213 2694 2269 voluminibus
2722 2231 2885 2269 unum
2917 2217 3280 2270 tantummodo
3302 2219 3358 2270 in

136 2300 405 2360 Vaticana
445 2301 698 2356 codicum.
721 2298 1056 2362 bibliotheca,
1092 2298 1187 2352 sub
1216 2315 1436 2352 numero
1466 2296 1536 2353 68
1550 2297 1594 2362 ι,
1627 2296 1875 2363 habetur,
1904 2299 2043 2366 quod
2073 2309 2149 2352 est
2181 2300 2338 2353 seriei
2367 2301 2634 2369 praedicta:
2663 2313 2936 2372 quartum,
2970 2303 3214 2373 foliorum
3255 2304 3359 2359 360

121 2388 266 2442 εει-4ο
288 2429 304 2452 ,
334 2388 614 2458 scriptura:
655 2387 708 2440 in
749 2387 937 2440 charta
975 2386 1104 2440 satis
1133 2385 1420 2457 perspicua:
1449 2393 1498 2437 et
1534 2383 1851 2439 emendata.
1897 2382 2095 2454 Scopus
2141 2395 2190 2440 et
2246 2389 2386 2441 ratio
2443 2389 2602 2443 totius
2653 2391 2828 2460 operis
2862 2392 3176 2461 praponitur
3203 2392 3270 2445 in
3299 2407 3360 2444 ea

122 2475 370 2539 exordio,
397 2476 538 2544 quod
564 2473 797 2527 Allatius
827 2474 883 2528 in
900 2473 1131 2528 diatriba
1149 2489 1247 2526 sua
1274 2473 1536 2535 recitavit.
1563 2471 1804 2543 quodque
1830 2472 1982 2527 initio
2012 2474 2191 2543 quarti
2211 2477 2338 2529 torni
2365 2478 2539 2530 nescio
2559 2477 2820 2546 quomoda
2844 2487 3211 2532 conservatum
3237 2479 3354 2548 fuit.

193 2561 339 2628 Quid
387 2561 641 2631 agerem?
683 2559 826 2616 Sane
869 2561 1076 2616 animus
1111 2559 1295 2615 avebat
1336 2568 1503 2614 totum
1534 2576 1666 2630 opus
1696 2559 1751 2612 in
1783 2557 1951 2615 lucem
2000 2563 2333 2630 protrahere,
2375 2571 2542 2618 totum
2585 2565 2709 2619 item
2761 2564 2960 2620 Latina
3004 2565 3362 2620 translatione

122 2655 356 2706 donare.
406 2651 508 2706 Sed
550 2668 654 2706 non
702 2651 882 2706 omnia
928 2667 1202 2721 possumus
1229 2666 1450 2717 omnes;
1482 2652 1676 2705 etenim
1709 2650 1796 2704 hic
1833 2663 1968 2701 unus
2000 2647 2180 2710 codex,
2229 2649 2274 2701 si
2313 2649 2484 2704 debito
2517 2661 2786 2722 apparatu
2831 2655 3143 2718 instructus,
3182 2652 3362 2707 Grece

125 2741 423 2812 Latineque
451 2741 717 2803 ederetur,
750 2738 869 2809 plus
898 2755 1045 2809 aequo
1076 2739 1207 2793 mihi
1237 2747 1440 2808 tempus
1481 2740 1729 2810 eriperet,
1764 2745 1812 2791 et
1847 2735 2063 2806 plenum
2096 2738 2471 2805 prapemadum
2499 2739 2776 2806 conﬁceret
2804 2757 2951 2796 nova:
2981 2742 3138 2813 hujus
3169 2742 3358 2796 biblio-

122 2834 291 2883 theca:
317 2828 586 2884 volumen.
636 2827 1067 2883 Cantrahendum
1099 2825 1278 2892 itaque
1323 2826 1605 2880 consilium
1638 2825 1739 2896 fuit
1765 2841 1784 2878 :
1834 2833 1882 2876 et
1919 2825 2170 2892 quoniam
2201 2833 2386 2878 auctor
2435 2825 2670 2896 singulos
2702 2845 2969 2882 sermones
3019 2845 3162 2894 suos,
3215 2813 3359 2882 more

119 2918 512 2988 (.‘Irrysostomi,
540 2917 733 2972 morali
764 2917 1123 2987 peroratione,
1155 2914 1352 2969 diserta
1381 2912 1556 2969 hercle
1602 2921 1652 2968 et
1695 2910 1938 2985 perutili,
1967 2911 2254 2976 concludit,
2291 2912 2389 2967 has
2434 2929 2528 2967 nos
2573 2917 2742 2984 operis
2785 2914 3014 2970 morales
3060 2925 3239 2986 partes
3290 2918 3359 2970 ad

119 3005 466 3074 vulgandam,
485 3004 795 3075 delegimus.
833 3002 901 3056 Et
933 3005 1135 3073 priores
1165 3002 1376 3073 quidem
1397 3019 1513 3068 sex,
1553 3003 1736 3059 Grece
1782 3010 2010 3065 tantum,
2049 3001 2321 3055 brevitatis
2349 3018 2535 3064 causa.
2569 3005 2854 3072 ponimus;
2883 3012 2987 3058 tres
3031 3021 3152 3059 vero
3185 3014 3360 3074 poste-

120 3097 297 3146 riares
325 3100 642 3162 properante
671 3089 880 3145 calamo
912 3089 1131 3146 Latinas
1155 3091 1317 3144 etiam
1345 3092 1582 3161 fecimus,
1612 3091 1845 3160 prtcﬁxis
1874 3092 2065 3163 ubique
2097 3090 2286 3155 titulis.
2326 3109 2456 3162 quos
2485 3102 2671 3147 auctor
2685 3093 2812 3161 -ipse
2839 3095 2894 3149 in
2929 3095 3124 3165 prteoio
3151 3095 3356 3166 syllaba

119 3181 376 3247 scripsit;
409 3195 714 3248 quanquam
739 3179 1000 3232 breviores
1033 3178 1328 3232 necessario
1356 3187 1479 3232 sunt
1517 3178 1572 3233 hi
1603 3181 1764 3243 tituli,
1819 3197 1982 3248 neque
2026 3181 2158 3235 satis
2186 3181 2402 3249 dignum
2433 3181 2764 3236 disertissimi
2807 3183 2993 3253 scripti
3035 3182 3356 3252 prteludium

120 3268 390 3335 pra-bent.
420 3266 593 3338 Igitur
619 3267 740 3320 navi
764 3264 1096 3335 studiosique
1128 3264 1344 3322 lectores
1378 3266 1546 3322 multo
1574 3283 1668 3338 per
1709 3284 1763 3322 se
1794 3269 1979 3324 melius
2005 3268 2258 3324 Theodori
2289 3271 2454 3324 nostri
2505 3270 2886 3338 eloquentiam,
2918 3272 3136 3344 dignam
3172 3271 3360 3342 edepol

120 3355 440 3409 melioribus
470 3354 696 3415 sa’culis,
723 3355 993 3411 ttstiruare
1021 3361 1289 3423 poteruntt
1592 3375 1596 3378 ν
1823 3381 1837 3426 ι
2918 3357 2924 3363 ’

197 3442 571 3502 Verumtamen
607 3443 701 3496 hoc
743 3441 1002 3512 praecipue
1053 3457 1133 3494 me
1183 3442 1464 3512 permovit,
1509 3450 1566 3494 ut
1617 3442 1788 3496 octavi
1824 3441 2090 3511 prolixam
2137 3458 2247 3512 prte
2269 3443 2473 3498 caeteris
2510 3443 2768 3498 sermonis
2813 3446 3200 3514 perorationem
3250 3461 3354 3498 non

115 3533 449 3593 amitterem,
483 3529 590 3582 imo
621 3537 669 3581 et
699 3526 890 3582 Latina
925 3527 1360 3594 interpretatione
1395 3528 1702 3591 camitarer,
1728 3529 1856 3598 quia
1883 3529 1957 3583 ibi
1987 3528 2257 3588 luculenta
2287 3540 2337 3591 et
2362 3530 2622 3600 prteclarp
2649 3532 2706 3601 ﬁt
2737 3534 2991 3606 expositio
3017 3532 3170 3606 ﬁdei.
3197 3549 3356 3600 quam

117 3621 183 3670 de
213 3617 324 3674 SS.
357 3617 707 3672 Eucharistia:
743 3617 991 3687 mysteria
1017 3615 1200 3670 Crteca
1224 3618 1428 3687 pariter
1457 3633 1574 3671 cum
1611 3615 2128 3686 Latinapraﬁtetur
2155 3618 2414 3672 Ecclesia.
2445 3619 2656 3673 Scilicet
2686 3620 2790 3673 duo
2814 3629 2938 3673 sunt
2977 3607 3230 3691 praecipui
3263 3620 3356 3672 hec

118 3705 504 3758 terodoxorum
536 3705 590 3758 in
623 3702 902 3760 Occidente
927 3719 1132 3756 errores
1162 3711 1347 3757 contra
1395 3703 1829 3768 Eucharistiam;
1868 3720 2094 3773 quorum
2127 3707 2272 3774 prior
2292 3716 2448 3776 negat
2476 3708 3146 3770 transsubstautiationem.
3180 3708 3233 3761 id
3280 3715 3355 3760 est

117 3794 286 3864 panis
312 3809 373 3846 ac
396 3792 506 3846 vini
536 3792 588 3844 in
621 3790 816 3845 Christi
848 3807 1036 3861 corpus
1060 3793 1476 3862 sanguinemque
1508 3791 1939 3855 conversionem;
1971 3791 2112 3846 alter
2137 3809 2241 3847 non
2267 3809 2455 3862 corpus
2478 3792 2692 3858 Christi,
2718 3794 2808 3848 sed
2835 3795 2948 3864 ejus
2975 3795 3148 3866 potius
3176 3802 3356 3865 typum

119 3880 204 3933 uel
239 3879 479 3951 ﬁguram
512 3879 566 3931 in
593 3893 730 3947 pane
759 3878 979 3946 vinoque
1006 3888 1308 3933 consecrata
1339 3881 1598 3948 agnoscit.
1634 3878 1818 3949 Utique
1861 3881 2008 3949 prior
2042 3870 2502 3950 error’posteriori
2537 3883 2674 3936 viam
2705 3884 2926 3946 sternit;
2957 3899 3082 3936 nam
3121 3883 3166 3935 si
3207 3882 3357 3935 nulla
3392 3921 3400 3928 .

116 3969 443 4022 substantiae
463 3967 728 4020 conversio
758 3964 1050 4035 perﬁcitur,
1076 3973 1396 4034 manentque
1415 3967 1570 4035 panis
1603 3983 1665 4018 ac
1695 3969 1916 4032 vinum;
1949 3983 2136 4036 corpus
2171 3965 2390 4033 Christi,
2419 3976 2494 4021 tot
2520 3983 2687 4021 sacra:
2712 3967 3002 4037 Scripturte
3032 3966 3356 4037 Palrumque

120 4055 449 4109 testimoniis
486 4054 538 4106 in
574 4053 909 4106 Eucharistia
939 4061 1220 4116 assertum,
1257 4054 1472 4106 ubinam
1505 4055 1629 4108 est?
1670 4052 1924 4124 Sequitur
1951 4069 2099 4125 ergo,
2139 4062 2195 4107 ut
2230 4056 2443 4108 nonnisi
2471 4055 2646 4124 ﬁgura
2680 4057 2794 4124 ejus
2844 4073 2906 4109 ac
2953 4058 3355 4125 repra'sentatio

120 4147 174 4196 in
201 4145 303 4196 hac
332 4151 630 4211 peragenda
663 4143 909 4211 mysterio
937 4139 1057 4206 ﬁat.
1093 4139 1243 4194 Perit
1281 4142 1459 4210 itaque
1491 4141 1829 4212 [auditusque
1861 4141 2066 4196 deletur
2104 4142 2540 4212 pretiosis-snitum
2575 4142 2814 4204 omnium
2857 4144 3050 4196 divinte
3097 4159 3223 4213 erga
3261 4160 3356 4197 nos

117 4230 414 4284 charitatis
464 4229 836 4282 documentum
869 4244 932 4280 ac
963 4228 1182 4281 donum.
1219 4227 1386 4281 Primi
1431 4228 1648 4282 erroris
1674 4227 2004 4298 primipilunt
2053 4245 2108 4282 se
2159 4229 2542 4298 quodammodo
2568 4229 2694 4296 olim
2745 4233 2860 4298 (an.
2899 4229 3057 4298 1675)
3087 4231 3356 4284 constituit

117 4320 366 4371 Joannes
423 4315 756 4384 Anglicanus:
783 4313 1031 4374 Itunelmi
1064 4314 1284 4382 praesul,
1320 4316 1457 4370 edito
1506 4315 1639 4370 libro
1683 4318 1922 4382 cumbae
1954 4318 2225 4382 invenusto
2271 4316 2427 4370 titulo
2450 4316 2688 4371 Historia
2715 4318 3351 4372 lranssulastantialionis

121 4405 380 4474 pupulis;
411 4404 573 4473 quasi.
595 4403 704 4456 hac
733 4404 977 4460 doctrina
1005 4403 1219 4460 nonnisi
1243 4403 1452 4471 papalis
1481 4404 1571 4468 sit,
1599 4407 1910 4458 decernente
1939 4405 2236 4474 prwsertim
2257 4404 2413 4458 tertio
2437 4403 2766 4459 Innocentio.
2799 4404 2958 4474 Atqui
2981 4406 3137 4458 etiam
3163 4403 3354 4467 Gra'ci,

121 4494 550 4560 nominatimque
579 4500 752 4546 noster
781 4487 1101 4553 Theoddrus,
1132 4492 1266 4544 hanc
1292 4490 1523 4546 clamose
1549 4492 1848 4547 doctrinam
1871 4509 1961 4547 ore
1990 4492 2226 4562 proprio,
2251 4509 2354 4546 nou
2381 4503 2557 4547 autent
2587 4491 2793 4562 papali,
2814 4492 3187 4561 deprd'dicartt.
3212 4491 3356 4545 Nam

116 4583 263 4648 quod
293 4582 490 4634 dicitur
524 4597 555 4633 a
589 4579 736 4632 nobis
767 4579 1018 4649 vigilante
1064 4578 1318 4633 vocabulo
1349 4580 1888 4642 transsubstanliari.
1919 4580 1973 4635 id
2017 4580 2266 4634 videlicet.
2310 4597 2352 4640 α,
2392 4579 2681 4647 Theodoro,
2717 4596 2835 4634 cum
2883 4578 3067 4634 Graeca
3098 4579 3355 4645 Ecclesia,

117 4671 314 4722 eadem
344 4684 558 4738 prorsus
588 4669 800 4721 notione
826 4666 1078 4734 deﬁnitur
1121 4666 1577 4733 μεταϐάλλεσθαι,

1850 4667 2070 4729 ιεῖσθαι.
2107 4667 2647 4737 μετασκευάζεσθαι,
2681 4661 3066 4736 μεθίστασθαι,
3097 4685 3357 4738 μεταστι-

119 4757 490 4825 χειώςασθαι.
525 4753 798 4810 ποιεῖσθαι
832 4753 915 4809 vel
941 4754 1194 4821 γίνεσθαι
1231 4755 1391 4830 σῷμα
1423 4756 1519 4808 καὶ
1550 4749 1626 4823 οὔ]

1850 4755 1985 4811 ιτοῦ.
2020 4756 2146 4811 llwc
2172 4756 2424 4810 nimirum
2457 4766 2647 4820 cuncta
2678 4754 2930 4816 vocabula
2975 4753 3167 4830 legenti
3200 4755 3357 4810 Theo-

118 4851 321 4899 tlarum
347 4845 527 4898 statim
556 4852 849 4898 occurrent.
1300 4828 1316 4842 ’

194 4934 352 4988 Alter
385 4933 606 4999 pariter,
635 4933 700 4984 de
724 4940 846 5001 typo
870 4930 1064 4986 scilicet
1091 4930 1201 4984 loco
1231 4932 1305 4984 rei
1341 4947 1496 4996 verae,
1525 4948 1674 4984 error
1701 4929 2062 4986 disertissimis
2099 4929 2264 4986 verbis
2297 4949 2328 4984 a
2360 4938 2538 4992 nostra
2568 4928 2835 4984 Theodoro
2863 4930 3180 5000 exploditur,
3207 4948 3356 5000 quem

116 5021 299 5075 oculis
352 5023 588 5078 lustrare,
623 5019 755 5073 satis
798 5021 887 5071 sit.
934 5019 1180 5072 Attamen
1231 5020 1515 5072 redivivum
1551 5021 1644 5072 hoc
1679 5029 2052 5080 commentum,
2101 5034 2359 5086 nuperum
2395 5034 2600 5087 quoque
2644 5028 2928 5084 patronum
2976 5031 3161 5072 nactus
3201 5029 3354 5082 erat,

117 5112 342 5163 doctum
379 5109 551 5161 virum
613 5105 1004 5174 Anglicanum;
1051 5106 1138 5158 cui
1181 5109 1365 5159 statim
1396 5121 1513 5158 cum
1560 5106 1840 5173 peridonea
1887 5105 2078 5175 lingua:
2120 5103 2476 5176 Ecclesiteque
2515 5103 2746 5181 Syriaco:
2779 5103 3025 5172 prasitlio
3067 5104 3354 5159 catholicus

115 5202 282 5249 heros
310 5191 956 5262 orcurrens,spleudidam
987 5192 1245 5260 palmam,
1281 5191 1556 5262 philosyris
1580 5192 1698 5248 la’te
1728 5191 2115 5262 plaudentibus,
2151 5193 2462 5262 reportavit.
2511 5189 2814 5255 Redivivum
2841 5191 2953 5244 dixi
2978 5201 3354 5258 commentum,

115 5286 252 5351 quia
283 5281 405 5350 jam
449 5280 641 5334 sa'cnlo
673 5278 868 5334 Christi
898 5294 1035 5331 noua
1087 5278 1322 5332 Joannes
1353 5278 1540 5333 Scotus
1587 5279 1816 5348 Erigena
1845 5279 2000 5348 hujus
2046 5280 2244 5334 erroris
2287 5279 2514 5346 infamia
2560 5277 2912 5348 ﬂagraverat,
2955 5280 3044 5349 qui
3088 5279 3281 5332 idcirco
3321 5298 3354 5334 a

113 5369 365 5423 conciliis
398 5378 553 5439 atque
579 5367 908 5437 pontiﬁcibus
939 5366 1161 5420 solemni
1191 5367 1454 5420 sententia
1483 5368 1751 5436 perculsus
1780 5366 1897 5435 fuit.
1933 5367 2286 5434 Quamobrem
2321 5367 2522 5432 {rustra
2565 5375 2639 5418 est
2664 5366 3002 5434 supradictus
3034 5365 3352 5423 Dunelmeu-

113 5461 218 5516 sis.
263 5459 355 5528 qui
381 5458 552 5526 aperis
580 5459 664 5511 sui
696 5453 932 5524 capitula
979 5451 1103 5517 VII,
1136 5470 1190 5508 n.
1228 5453 1283 5512 7.
1313 5454 1440 5508 dum
1469 5453 1672 5523 fatetur
1699 5457 2013 5512 damnatum
2057 5455 2222 5523 fuisse
2253 5451 2566 5524 Erigcnam,
2609 5455 2759 5526 quasi
2790 5470 2984 5524 panem
3016 5463 3064 5507 et
3091 5457 3269 5508 vinum
3299 5457 3354 5508 in

120 5546 491 5609 lc‘ucharistia,
526 5545 666 5597 nuda
694 5551 900 5596 tantum
929 5543 1082 5609 signa”
1106 5557 1217 5595 esse
1243 5548 1590 5602 asseveraret,
1621 5541 1798 5608 subdit
1830 5556 2034 5611 postea,
2066 5542 2118 5594 id
2144 5540 2206 5595 ab
2237 5541 2348 5612 ejus
2372 5556 2528 5600 sensu
2557 5551 2603 5594 et
2632 5541 2740 5610 ﬁde
2771 5541 2999 5593 maxime
3027 5541 3186 5610 fuisse
3223 5543 3356 5596 alie:-

115 5650 277 5686 nmn.
327 5631 782 5685 Vernntenimuara
833 5631 941 5682 hinc
968 5629 1212 5698 Erigenw
1245 5628 1516 5698 apologia,
1549 5639 1735 5682 contra
1765 5645 1972 5683 omnem
2021 5625 2255 5682 historia:
2290 5629 2566 5696 veritatem
2595 5645 2626 5680 a
2665 5625 3007 5683 Dunelmensi
3035 5629 3138 5694 ﬁt;
3191 5644 3352 5696 quam

113 5721 418 5789 rarnperire
457 5719 520 5772 in.
546 5717 786 5787 plurimis
826 5717 972 5789 libris
999 5715 1136 5779 licet,
1173 5725 1222 5768 et
1250 5727 1388 5769 certe
1418 5716 1559 5783 apud
1588 5714 1831 5770 Natalem
1874 5715 2236 5770 Alexandrum
2266 5715 2387 5768 hist.
2417 5730 2539 5768 stuc.
2564 5710 2666 5777 IX,
2691 5715 2901 5770 dissert.
2941 5712 3098 5780 XIV,
3151 5731 3354 5782 necnon

111 5811 172 5861 in
211 5788 368 5860 I'etri
397 5808 460 5860 de
490 5803 679 5860 Marcii
713 5804 867 5872 longa
901 5788 1119 5873 epistola
1158 5804 1298 5873 apud
1334 5803 1648 5856 Dacherinm
1678 5801 1861 5872 Spicil.
1894 5812 1934 5854 t.
1971 5801 2083 5866 III,
2120 5817 2172 5868 p.
2200 5802 2325 5856 855.
2349 5801 2464 5856 Iino
2498 5818 2616 5855 vero
2653 5803 2708 5855 in
2743 5801 2981 5856 carmine
3008 5817 3214 5872 quoque
3237 5805 3354 5874 ejus

117 5896 394 5962 paschali,
424 5896 562 5968 quod
583 5912 701 5951 cum
727 5894 848 5948 aliis
881 5896 932 5949 in
958 5905 1098 5950 tumo
1128 5897 1306 5965 quinto
1335 5894 1694 5957 Classixorum
1728 5893 1835 5949 ΑΛ.
1875 5907 1965 5944 nos
1995 5891 2272 5955 edidimus,
2309 5892 2542 5960 ejusdem
2573 5892 2826 5954 hstereseps
2861 5892 3072 5960 uestigia
3109 5890 3357 5964 coargui-
