3900 6554
287 420 387 489 8511

1669 422 1998 486 ETlIlCON
2047 425 2125 484 li.

3443 427 3550 490 898

284 533 591 606 εὐφημίαις
619 533 721 604 τῆς
739 532 942 604 ἀρετῆς
972 550 986 564 ⁸
1017 535 1197 600 οὐδεὶς
1220 536 1390 599 κακὸς
1435 537 1621 598 κακῶς
1646 538 1862 590 ἀκούειν

1994 556 2079 601 ur,
2128 536 2285 592 bonis
2345 535 2570 607 virtutis
2596 538 2799 593 verbis.
2846 536 3046 595 Nullus
3091 536 3373 607 improbus
3436 540 3552 593 Vult

286 628 541 697 βούλεται
568 643 583 657 ⁰
613 628 646 698 ἡ
677 628 788 698 γὰρ
843 627 1008 697 φύσις
1039 628 1100 682 τὸ
1149 629 1282 681 ίδιον
1321 628 1654 696 ἀσπάζεται,
1687 633 1735 683 εἰ
1766 632 1865 686 καὶ

284 720 318 789 ὴ
347 719 677 790 προαίρεσις
715 720 777 772 τὸ
822 719 1073 775 ἐναντίον
1117 718 1359 790 αἱρεῖται
1386 736 1399 750 ’
1436 719 1695 775 τοσοῦτον
1729 722 1865 790 ἁγα-

284 811 375 866 θδν
428 813 461 880 ἡ
496 811 694 882 ἀρετὴ,
726 811 822 865 καὶ
866 810 1013 865 οὕτω
1063 809 1336 881 ταύτηςὴ
1379 812 1636 881 ἄσκησις,
1684 813 1866 883 τίμιον

289 902 388 971 μιν
417 902 608 973 κτῆμα
636 900 717 973 τῷ
746 902 948 973 ἔχοντι,
976 901 1193 972 ἥδιστον
1218 899 1281 954 δὲ
1310 900 1493 971 θέαμα
1527 905 1639 964 τοῖς
1668 902 1865 971 ἐντυγ-

285 1011 539 1065 χανουσι.

359 1117 436 1175 ς’.
470 1110 569 1163 Διά
626 1108 692 1177 δὴ
746 1108 908 1162 τοῦτο
948 1109 1044 1162 καὶ
1079 1109 1283 1171 πολλὰς
1339 1110 1446 1161 ἀπὸ
1498 1112 1598 1176 τῆς
1652 1108 1870 1176 φύσεως

288 1204 545 1273 ἀφορμὰς
600 1202 893 1272 δεξάμενοι
957 1203 1098 1272 πρὸς
1134 1204 1362 1274 ηάρετὴν
1422 1204 1728 1267 ἑλκούσας,
1795 1206 1869 1272 μὴ

286 1296 537 1366 ὀκνῶμεν
565 1294 704 1365 μηδὲ
733 1294 1118 1365 ἀναδυώμεθα,
1161 1296 1299 1367 μηδὲ
1322 1295 1403 1360 ὡς
1430 1295 1697 1349 ἐπίπονον
1734 1294 1869 1364 φεύ-

288 1405 480 1459 γωμεν
535 1386 637 1459 τὴν
689 1386 917 1459 ἀρετὴν,
973 1386 1092 1441 ἀλλ’
1140 1386 1396 1456 ἑλώμεθα
1433 1386 1664 1458 ταύτην,
1732 1386 1869 1440 πολὺ

292 1481 431 1551 μετά
473 1480 575 1550 τῆς
613 1478 1207 1552 ἡδονῆς-κεκτημένην
1254 1478 1316 1533 τὸ
1352 1477 1565 1551 κέρδος.
1596 1478 1873 1547 Ἀποστή-

268 1590 477 1644 -σωμεν
506 1574 763 1637 ἑαυτοὺς
788 1573 888 1643 τῆς
922 1571 1031 1641 γῆς
1054 1588 1071 1606 ο
1115 1572 1234 1628 ἄνω
1282 1572 1421 1642 πρὸς
1455 1570 1689 1642 οὐρανὸν
1741 1571 1876 1624 ἀνα·

290 1667 582 1738 ϐλέψωμεν
606 1682 621 1697 ⁸
654 1666 758 1738 τῆς
783 1668 905 1722 εκεῖ
927 1664 1203 1737 φερούσης
1235 1663 1505 1736 ἁψώμεθα
1527 1679 1543 1696 ’
1570 1663 1712 1735 μετά
1745 1662 1877 1717 πολ-

288 1758 385 1828 λῆς
436 1757 539 1828 τῆς
589 1756 833 1825 σπουδῆς
886 1757 1095 1829 ταύτην
1154 1756 1407 1827 άνύωμεν
1456 1756 1555 1829 τὴν
1585 1757 1727 1823 όδδν,
1778 1756 1875 1810 καὶ

292 1851 657 1921 προσέχωμεν
687 1850 984 1915 διαπαντὸς
1018 1852 1256 1916 ἑαυτοῖς,
1290 1850 1379 1905 ῑνα
1410 1850 1487 1921 μὴ
1517 1849 1717 1922 μικρὸν
1745 1850 1885 1923 ἀθυ-Δ

294 1943 569 2012 μήσαντες
623 1939 977 2012 ἀπολώμεθα.
1032 1941 1304 2012 Καθάπερ
1337 1942 1444 2011 γὰρ
1478 1943 1539 1997 εν
1584 1944 1695 2005 τοῖς
1745 1940 1887 1996 θεάέ

291 2051 444 2105 τροις
491 2035 544 2088 oi.
593 2034 693 2106 τὴν
730 2035 943 2105 σχοῖνον
975 2033 1076 2102 τὴν
1111 2028 1369 2089 κάτωθεν
1414 2034 1527 2088 άνω
1566 2034 1877 2103 τεταμένην

291 2126 615 2182 ἀναϐαίνειν
644 2128 741 2184 καὶ
782 2125 1135 2182 καταϐαίνειν
1173 2126 1535 2197 μελετῶντες,
1578 2127 1646 2181 ἂν
1679 2129 1879 2197 μικρὸν

292 2218 724 2291 παραϐλέψωσι,
756 2219 1215 2290 παρατραπέντες
1258 2218 1746 2290 κατενεχθήσονται
1782 2220 1881 2273 κά-

289 2327 369 2363 τω
405 2311 499 2366 καὶ
533 2311 889 2376 ἀπολοῦνται,
916 2310 1062 2367 οὕτω
1114 2312 1211 2366 καὶ
1244 2311 1295 2364 oi
1342 2310 1444 2381 τὴν
1488 2312 1878 2382 πνευματικὴν

288 2398 573 2463 ὁδεύοντες
617 2398 763 2464 ὁδὸν,
810 2398 878 2454 ἂν
911 2400 1111 2471 μικρὸν
1156 2400 1546 2471 ῥαθυμήσωσι,
1594 2418 1880 2472 κατακρη-

294 2489 603 2559 μνὶζονται.
634 2492 744 2546 Καὶ
772 2491 881 2561 γὰρ
907 2492 1125 2562 εκείνης
1153 2493 1254 2561 τῆς
1279 2493 1494 2562 σχοίνου
1521 2495 1553 2563 ἡ
1589 2493 1705 2556 ὁδὸς
1736 2493 1877 2565 αὕτη

290 2585 391 2638 καὶ
448 2585 761 2655 στενωτέρα
810 2584 909 2639 καὶ
936 2584 1120 2655 ὄρθιος
1160 2586 1257 2639 καὶ
1308 2587 1626 2657 προσάντης
1675 2588 1880 2665 μᾶλλόν

291 2678 435 2742 ἐστι,
476 2678 572 2732 καὶ
602 2678 915 2749 ὑψηλοτέρα
949 2677 1153 2749 πολλῷ,
1188 2678 1279 2732 διὰ
1315 2679 1376 2733 τὸ
1414 2681 1512 2749 τῆς
1542 2681 1748 2750 ἀρετῆς
1784 2698 1881 2751 με·

290 2772 535 2839 γαλεῖον,
586 2772 682 2825 καὶ
712 2771 921 2841 ὑψηλὸν
974 2770 1220 2842 ἀξίωμα,
1252 2772 1347 2826 καὶ
1392 2772 1598 2844 σφόδρα
1646 2774 1883 2845 σφοδρὸν

292 2866 392 2918 καὶ
443 2865 588 2917 πάνυ
626 2862 774 2932 μέγα
800 2880 815 2895 ο
856 2864 996 2934 πρὸς
1035 2862 1147 2934 γὰρ
1182 2863 1345 2917 αὑτὸν
1384 2863 1501 2918 ἀνω
1530 2864 1758 2937 τελευτᾷ
1790 2866 1882 2921 τὸν

289 2957 533 3027 οὐρανὸν
563 2960 597 3026 η
632 2957 864 3027 ῥηθεῖσα
895 2955 1089 3027 πορεία
1116 2973 1132 2987 ο
1158 2956 1253 3010 καὶ
1280 2957 1402 3010 τότε
1436 2960 1568 3028 ἡμῖν
1603 2958 1886 3030 σφαλερώ-

290 3067 432 3119 τερα
464 3050 620 3103 ἔσται
649 3050 718 3102 τὰ
754 3048 1001 3119 βήματα,
1031 3049 1159 3101 ὅταν
1192 3049 1307 3103 ἀνω
1330 3051 1428 3103 καὶ
1459 3052 1593 3121 πρὸς
1623 3052 1762 3122 αὐτῇ
1791 3069 1885 3120 γε-

292 3143 521 3214 νώμεοα
577 3144 642 3213 τῇ
692 3145 929 3213 κορυφῇ.
984 3143 1111 3204 Τοῖς
1162 3142 1273 3213 γὰρ
1317 3144 1404 3212 ἐφ’
1458 3143 1623 3214 ὕψους
1678 3146 1883 3200 ἑστῶσι

1968 630 2245 699 improbus
2284 629 2489 688 vocari.
2520 629 2722 683 Natura
2770 630 2915 695 enim
2964 628 3554 701 proltriumamplerti-

1972 729 2083 785 tur,
2116 723 2220 777 etsi
2259 720 2458 778 electio
2485 723 2822 777 contrarium
2865 724 3086 794 deligat.
3124 720 3366 777 Tantum
3399 725 3546 777 enim

1968 812 2172 867 bonum
2226 824 2311 868 est
2379 813 2573 878 virtus,
2633 822 2688 868 et
2747 814 2848 869 hoc
2898 825 2982 871 est
3044 814 3163 884 ejus
3195 814 3546 875 exercitium,

1970 904 2308 961 honorabilis
2360 904 2581 976 quidem
2636 908 2907 977 possessio
2954 907 3557 978 babenti,jucondissi-

1972 1013 2118 1054 mum
2150 1013 2281 1053 vero
2305 999 2676 1069 spectaculum
2717 1000 3086 1056 obviantibus.

2042 1104 2095 1158 6.
2134 1104 2343 1160 Idcirco
2365 1121 2487 1160 cum
2533 1107 2733 1163 multos
2766 1124 2795 1162 a
2828 1119 3019 1162 natura
3057 1109 3291 1179 impetus
3322 1124 3556 1179 excepe-

1972 1196 2146 1251 rimus
2204 1197 2269 1252 ad
2299 1198 2551 1253 virtutem
2608 1201 2887 1255 trahentes
2915 1240 2929 1262 .
2962 1217 3070 1255 non
3124 1202 3297 1256 simus
3336 1217 3555 1273 segnes,

1972 1303 2152 1358 neque
2206 1290 2684 1358 retrogrediamur,
2738 1300 2839 1345 nec
2894 1292 3060 1346 veluti
3090 1292 3430 1346 laboriosam
3468 1292 3558 1345 ιιι-

1972 1379 2186 1450 giamus
2222 1380 2509 1444 virtutem,
2551 1382 2644 1434 sed
2675 1388 2959 1443 teneamus
2991 1396 3110 1435 eant
3158 1380 3382 1435 multum
3432 1395 3559 1436 cum

1976 1470 2256 1539 voluptate
2309 1471 2600 1527 habentem
2680 1473 2893 1528 lucrum
2931 1474 3315 1544 :uElongemns
3364 1490 3464 1529 nos
3522 1494 3557 1528 ιε

1976 1572 2395 1631 terra;sursum
2426 1568 2493 1620 ad
2525 1565 2713 1621 caelos
2760 1567 3105 1636 aspiciamus.
3158 1567 3268 1622 \‘ia:
3301 1567 3407 1621 huc
3455 1568 3559 1618 du-

1977 1656 2123 1711 centi
2156 1656 2573 1723 adbzereamos;
2631 1659 2803 1715 multo
2830 1658 3032 1715 studio
3061 1660 3198 1712 viam
3229 1660 3367 1713 hanc
3388 1662 3561 1729 perli-

1978 1747 2186 1800 ciamus
2215 1756 2269 1799 et
2290 1747 2445 1801 nobis
2466 1750 2811 1804 attendamus
2830 1751 3055 1805 omnino
3075 1760 3131 1804 ut
3159 1751 3561 1819 necquicquam

1980 1838 2164 1891 animo
2186 1838 2584 1907 despondentes
2621 1856 2953 1910 pereamus.-
2974 1839 3044 1895 Ut
3073 1842 3219 1898 enim
3256 1844 3308 1896 in
3334 1842 3573 1898 theatris

1987 1931 2023 1986 ii
2058 1933 2148 1999 qui
2178 1932 2230 1985 in
2266 1931 2453 1989 funem
2490 1936 2775 1989 desursum
2820 1945 3107 1993 emensum
3162 1936 3458 1990 ascendere
3504 1948 3563 1995 et

1979 2024 2310 2081 descendere
2340 2034 2569 2090 tentant,
2629 2026 2673 2081 si
2725 2025 2804 2081 vel
2842 2027 3065 2081 minime
3091 2027 3281 2085 oculos
3313 2027 3557 2091 ﬂectant,

1979 2114 2583 2173 deferunturdeorsum
2617 2128 2673 2174 et
2698 2127 2964 2189 pereunt;
2994 2120 3065 2173 ita
3094 2119 3391 2190 spiritalem
3422 2121 3569 2179 viam

1974 2220 2202 2277 agentes
2239 2211 2284 2265 si
2319 2213 2398 2265 vel
2434 2212 2658 2268 minime
2712 2226 2915 2282 segnes
2949 2212 3099 2278 (iant,
3131 2213 3561 2281 praecipitantur.

1978 2302 2113 2359 Nam
2168 2303 2252 2357 via
2311 2305 2441 2359 fune
2495 2305 2611 2373 ipsa
2675 2306 2875 2359 arctior
2911 2342 2926 2367 ,
2985 2307 3207 2370 rectior,
3280 2308 3567 2375 magisque

1981 2398 2151 2453 ardua
2198 2405 2253 2449 et
2280 2397 2460 2459 altior,
2491 2397 2560 2452 ob
2589 2399 2806 2452 virtutis
2832 2398 3258 2468 magnitudinem
3294 2410 3348 2453 et
3374 2399 3559 2454 excel-

1980 2506 2098 2545 sam
2149 2489 2471 2561 dignitatem
2523 2490 2959 2560 ingentissimam
3010 2501 3065 2546 et
3100 2490 3431 2556 maximam;
3491 2492 3559 2547 ad

1983 2585 2157 2654 ipsum
2212 2583 2355 2639 enim
2388 2583 2587 2640 caelum
2621 2582 2820 2638 desinit
2865 2582 3147 2652 praefatum
3187 2583 3311 2650 iter,
3358 2592 3411 2637 et
3435 2592 3576 2645 tunc

1984 2678 2141 2734 nobis
2160 2677 2581 2747 periculosiores
2633 2686 2797 2731 erunt
2856 2678 3079 2747 gradus,
3108 2692 3233 2733 cum
3269 2692 3485 2733 sursum
3514 2688 3574 2733 et

1986 2769 2054 2824 ad
2086 2771 2263 2840 ipsum
2291 2772 2505 2839 apicem
2539 2771 2884 2829 devenimus.
2922 2768 2992 2823 [is
3020 2771 3167 2825 enim
3190 2771 3278 2840 qui
3306 2770 3356 2823 in
3388 2769 3578 2825 altitu-

1984 2860 2208 2918 dinibus
2250 2873 2401 2919 stant
2433 2876 2629 2931 magna
2685 2861 2980 2932 trepidatio
3007 2871 3063 2917 et
3094 2877 3197 2917 una
3238 2871 3445 2917 tantum
3481 2878 3571 2916 re-

1986 2953 2249 3023 linquitur
2270 2954 2568 3019 securitas,
2592 2969 2697 3009 non
2733 2954 2977 3010 inclinari
3010 2953 3262 3011 deorsum
3297 2967 3397 3009 nec
3428 2954 3577 3024 aspi-

1984 3061 2111 3103 cere
2149 3048 2214 3101 ad
2252 3055 2480 3106 terram.
2505 3046 2667 3102 Multa
2699 3047 2843 3102 enim
2904 3046 3104 3101 exinde
3149 3055 3208 3101 et
3262 3046 3571 3117 periculosa

1986 3141 2193 3210 vertigo
2224 3140 2447 3198 accidit.
2480 3138 2563 3195 Ne
2615 3154 2746 3209 ergo
2795 3139 3225 3209 experimentum
3279 3138 3574 3209 fugiamus,
3622 3123 3629 3129 ’

296 3237 474 3302 πολὺς
526 3238 553 3289 ό
583 3238 787 3307 τρόμος
835 3237 931 3289 καὶ
967 3236 1067 3305 μία
1098 3237 1263 3306 μόνον
1308 3237 1581 3306 ἀσφάλεια
1610 3237 1880 3307 λείπεται,

1990 3233 2241 3287 virtutem
2289 3232 2555 3297 colentes,
2608 3236 2973 3302 posteriorum
3024 3234 3457 3299 obliviscamur,
3516 3234 3569 3286 iu

292 3331 358 3385 τὸ
411 3332 489 3400 μὴ
524 3329 843 3399 κατακύψαι
887 3330 1064 3394 κάτω,
1098 3329 1235 3399 μηδὶ
1287 3331 1368 3394 είς
1416 3331 1517 3399 τὴν
1571 3334 1674 3399 γῆν
1710 3331 1878 3384 ίδεῖν·

295 3424 396 3476 καὶ
431 3422 541 3491 γάρ
595 3420 762 3483 πολὺς
794 3421 1050 3475 ἐντεῦθεν
1090 3423 1186 3475 καὶ
1227 3420 1465 3490 χαλεπὸς
1497 3422 1527 3475 ὁ
1574 3422 1883 3486 σκοτόδινος

294 3514 536 3583 γίνεται.
586 3512 773 3583 Οῦπερ
822 3513 911 3567 ἵνα
956 3512 1055 3582 τὴν
1102 3512 1313 3581 πεῖραν
1353 3511 1636 3581 φύγωμεν,
1676 3515 1881 3584 ἀρετὴν

296 3606 621 3672 ἀσκοῦντες,
652 3605 777 3660 τῶν
813 3606 912 3676 μὶν
945 3603 1172 3658 ὄπισθεν
1215 3603 1729 3672 ἐπιλανθανώμεθα,
1767 3606 1882 3667 τοῖς

296 3698 355 3752 δὲ
407 3697 723 3767 ἔμπροσθεν
772 3694 1171 3766 ὲκτεινώμεθα,
1226 3694 1367 3765 πρὸς
1418 3692 1479 3747 τδ
1532 3692 1639 3746 τῶν
1670 3693 1881 3762 ἐφετῶν

297 3790 603 3860 ἀκρότατον
637 3789 991 3859 ἐπειγόμενοι
1031 3788 1236 3857 φθάσαι
1263 3803 1277 3816 °
1322 3780 1386 3842 οὗ
1423 3786 1638 3855 γίνοιτο
1670 3787 1879 3853 πάντας

1981 3324 2257 3380 anteriora
2291 3340 2421 3379 vero
2445 3325 2801 3383 extendantur
2826 3327 2893 3380 ad
2943 3326 3376 3383 desideratorum
3409 3341 3568 3381 sum-

1985 3432 2132 3470 mum
2162 3416 2367 3471 incitati
2411 3417 2918 3486 properare,..quod
2962 3418 3182 3473 eveniat
3230 3432 3419 3473 otuues
3468 3433 3570 3473 una

1983 3510 2299 3578 contingere
2356 3509 2534 3576 gratia
2601 3518 2656 3562 et
2707 3509 3047 3563 humanitate
3123 3508 3335 3563 Domini
3395 3509 3569 3563 nostri

1982 3594 2111 3653 Jesu
2134 3597 2361 3666 Christi,
2394 3615 2490 3669 per
2514 3614 2682 3668 quem
2713 3609 2767 3653 et
2817 3615 3051 3670 quocum
3099 3602 3168 3654 sit
3205 3600 3353 3655 Patri
3394 3604 3569 3671 gloria

1984 3692 2151 3748 simul
2184 3708 2248 3749 ac
2295 3694 2642 3753 sanctissimo
2705 3692 2932 3764 Spiritui
2956 3710 3103 3750 nunc
3128 3706 3181 3752 et
3205 3709 3302 3751 seu
3326 3711 3421 3766 per
3442 3696 3569 3751 etin

1990 3789 2191 3847 saecula
2227 3790 2577 3848 saeculorum.
2607 3795 2802 3847 Amen.

296 3883 453 3951 ἡμᾶς
501 3880 782 3949 ἐπιτυχεῖν
842 3880 1043 3949 χάριτι.
1078 3880 1175 3933 καὶ
1241 3878 1626 3950 φιλανθρωπίᾳ
1672 3878 1769 3932 τοῦ
1799 3881 2013 3952 Κυρίου
2062 3882 2221 3954 ημῶν
2302 3881 2478 3953 Ἰησοῦ
2525 3882 2789 3953 Χριστοῦ,
2854 3883 2925 3938 δι’
2971 3883 3033 3940 οὖ
3065 3884 3163 3940 καὶ
3211 3883 3334 3953 μεθ’
3368 3878 3431 3940 οὗ
3478 3886 3575 3957 .τῷ

299 3980 484 4046 Πατρὶ
531 3977 565 4046 ἡ
595 3975 724 4042 δόξα
766 3974 887 4044 ἅμα
929 3974 1008 4045 τῷ
1073 3974 1327 4046 ταναγίῳ
1360 3973 1665 4045 Πνεύματι,
1698 3974 1797 4030 νῦν
1856 3977 1957 4031 καὶ
1992 3978 2101 4046 ἀεὶ,
2130 3979 2225 4032 καὶ
2254 3978 2336 4042 εἰς
2364 3978 2493 4040 τοὺς
2526 3976 2733 4041 αιῶνας
2754 3978 2875 4033 ,τῶν
2895 3977 3133 4036 ultimum.
3162 3980 3359 4051 Ὤιμην.

536 4158 920 4213 ΔΙΑΛΕΞΕΩΣ
960 4157 1216 4213 ΤΡΙΤΗΣ
1255 4158 1519 4213 llBlKON
1554 4158 1655 4229 (l).

296 4299 430 4352 Ὀτι
460 4296 554 4350 δεῖ
586 4295 741 4365 ἡμᾶς
766 4295 909 4349 ὠτία
936 4295 1281 4361 κτήσασθαι
1317 4293 1694 4363 πνευματικὰ
1724 4294 1886 4364 παρὰ

371 4367 526 4423 θεοῦ
554 4384 567 4397 ·
643 4368 738 4420 καὶ
794 4365 987 4419 ταῦτα
1041 4367 1344 4430 ,λαϐόντας
1370 4406 1384 4428 ,
1432 4366 1585 4431 πρὸς
1642 4365 1885 4420 ἅπαντα

373 4438 737 4491 κατακούειν
783 4435 901 4489 τῶν
947 4434 1232 4504 ψυχικῶν
1280 4434 1454 4502 ήμῶν
1491 4434 1730 4503 ἰατρῶν,
1777 4434 1886 4504 τῆς

371 4504 783 4577 πνευματικῆς
813 4505 1144 4574 χρῄζοντας
1176 4506 1514 4573 θεραπείας.

372 4622 445 4679 α’.
482 4621 789 4692 Τοιγαροῦν
833 4618 1125 4690 εὖξώμεθα
1156 4620 1527 4689 προστεθῆναι
1579 4621 1712 4689 ἡμῖν
1748 4618 1887 4674 ὠτία

297 4718 459 4787 παρὰ
492 4713 630 4768 Θεοῦ
652 4712 800 4785 πρὸς
836 4712 897 4765 τὸ
929 4712 1173 4779 ἀκούειν,
1207 4712 1235 4764 ὅ
1259 4729 1425 4781 φησιν
1455 4714 1487 4783 ἡ
1522 4713 1735 4785 Γραφὴ,
1762 4730 1889 4767 του-

298 4812 486 4865 τέστιν
518 4802 635 4863 ὦτα
669 4807 837 4876 νοητά
862 4805 956 4858 καὶ
988 4804 1262 4873 δυνάμενα
1292 4803 1450 4872 λόγον
1474 4804 1718 4872 ἀκούειν,
1755 4805 1889 4877 πρὸς

296 4904 362 4957 τὸ
398 4902 512 4963 τοῖς
562 4898 883 4966 λεγομένοις
941 4893 1260 4947 ἐπιϐάλλειν
1306 4894 1489 4959 καλῶς
1517 4911 1532 4925 ·
1570 4897 1663 4949 καὶ
1709 4896 1888 4951 ταῦτα

296 4994 669 5065 κτησάμενοι,
722 4989 859 5060 πρὸς
910 4986 1128 5043 ἅπαντα
1178 4985 1581 5057 κατακούωμεν
1625 4987 1792 5039 αὐτοῦ
1823 5001 1885 5040 τε

262 5093 343 5145 -Χ
356 5088 575 5163 ριστοῦη
612 5086 713 5141 καῖε
749 5084 865 5139 τῶν
910 5083 1263 5152 θεραπόντων
1314 5078 1578 5151 Χριστοῦ,
1639 5081 1735 5133 τοῦ
1776 5080 1888 5134 τῶν

296 5185 494 5256 ψυχῶν
545 5181 734 5254 ἰατροῦ
793 5182 887 5235 καὶ
933 5176 1044 5231 τῶν
1094 5176 1388 5248 σωμάτων,
1438 5174 1742 5244 κάμνοντες
1782 5173 1887 5245 ήδη

300 5281 443 5333 κατὰ
475 5278 673 5348 ψυχὴν,
707 5277 856 5338 ὅπως
888 5272 956 5327 ἂν
1000 5274 1107 5326 ἀπὸ
1141 5274 1237 5342 τῆς
1276 5265 1478 5334 κακίας
1521 5268 1887 5333 ἀναστάντες,

260 5376 263 5377 ⁷
300 5370 563 5425 ἐντεῦθεν
607 5368 938 5435 ἀπέλθωμεν
991 5363 1188 5431 ὑγιεῖς.
1221 5362 1334 5418 Καὶ
1383 5362 1491 5434 γάρ
1523 5363 1674 5416 ἐστιν
1714 5355 1924 5425 ὅντως⁹

299 5465 528 5523 ἄτοπον,
587 5460 694 5513 τῶν
746 5458 846 5529 μὲν
896 5456 1169 5525 σωμάτων
1228 5454 1385 5525 ἡμῶν
1423 5453 1749 5519 νοσούντων,
1792 5453 1889 5508 καὶ

304 5555 527 5624 ἰατροὺς
561 5551 921 5621 παρακαλεῖν,
967 5550 1063 5602 καὶ
1097 5550 1208 5613 τοῖς
1242 5548 1432 5614 νόμοις
1472 5546 1757 5601 πείθεσθαι
1785 5546 1888 5617 τῆς

379 5732 456 5799 (l)
500 5730 628 5784 Post
677 5728 839 5785 Luca:
887 5743 1005 5795 vm,
1054 5726 1107 5793 8,
1146 5725 1351 5799 verba:
1404 5722 1508 5799 Qui
1542 5726 1696 5780 habet
1736 5742 1891 5783 aures

315 5796 597 5861 audiendi,
623 5802 828 5865 audiat,
867 5811 1172 5869 eorumque
1214 5796 1686 5865 explanationem,
1709 5799 1896 5871 sequi-

2283 4157 2631 4215 SERMONIS
2679 4157 2915 4215 TEBTH
2968 4157 3290 4219 ETHICON.

1994 4291 2148 4359 Quod
2165 4304 2408 4372 oporteat
2437 4312 2532 4372 nos
2562 4296 2836 4372 spiritales
2861 4314 3018 4351 aures
3046 4315 3077 4352 a
3112 4297 3225 4372 Deo
3251 4301 3573 4372 impetrare;

2068 4372 2121 4419 et
2177 4366 2259 4419 his
2320 4366 2599 4437 acceptis,
2638 4367 2947 4422 auscultare
2998 4369 3212 4423 omnino
3264 4366 3571 4430 animarum

2064 4444 2375 4512 nostrarum
2402 4438 2651 4505 medicos,
2677 4442 3091 4511 quotiescunque
3112 4443 3349 4512 spiritali
3370 4448 3573 4501 medela

1917 4485 1964 4543 ι)
2064 4485 2436 4578 tumidam.

2072 4619 2129 4675 l.
2150 4622 2383 4678 Oremus
2403 4622 2568 4694 igitur
2595 4632 2657 4679 ut
2681 4634 2941 4694 aptentur
2972 4625 3130 4682 nobis
3186 4642 3347 4684 aures
3382 4643 3410 4681 a
3466 4628 3577 4685 Deo

1996 4714 2064 4769 ad
2095 4716 2453 4782 audiendum,
2486 4726 2543 4771 ut
2563 4717 2647 4772 ait
2674 4716 2974 4788 Scriptura,
3004 4719 3055 4774 id
3087 4728 3170 4775 est
3192 4735 3353 4776 aures
3379 4721 3578 4777 intelli-

1994 4816 2182 4879 gentes
2212 4815 2271 4864 et
2298 4808 2541 4866 valentes
2574 4814 2800 4868 verbum
2831 4811 3044 4875 audire,
3073 4821 3133 4867 ut
3159 4812 3225 4867 ad
3258 4813 3404 4869 dicta
3431 4813 3576 4870 fera-

1997 4914 2123 4956 mur
2138 4903 2277 4957 bene
2299 4912 2385 4970 ;et
2413 4902 2813 4973 hisimpetratis
2844 4905 2896 4957 in
2938 4904 3191 4958 omnibus
3207 4906 3493 4962 audiamus
3524 4915 3581 4963 rt

1992 4993 2267 5049 Christum
2293 5005 2346 5051 et
2376 4996 2654 5050 ministros
2676 4994 2903 5062 Christi,
2921 4994 3013 5066 qui
3037 4995 3339 5052 animarum
3398 4995 3577 5055 medi-

1994 5101 2091 5142 cus
2122 5096 2206 5142 cst
2226 5099 2283 5143 et
2301 5103 2588 5159 corporum
2614 5129 2630 5155 ,
2663 5089 2716 5143 in
2745 5089 2925 5144 anima
2961 5087 3349 5146 laborantesut
3370 5106 3401 5146 a
3437 5092 3579 5147 malo

1995 5176 2232 5234 devitalo
2293 5179 2487 5235 exhinc
2536 5181 2792 5235 abeamus
2836 5179 2976 5239 sani.
3024 5180 3237 5237 Etenim
3295 5193 3379 5239 est
3419 5185 3578 5255 plane

1998 5268 2291 5325 absurdum
2311 5272 2633 5342 corporibus
2664 5271 2867 5327 nostris
2886 5275 3107 5345 aegrotis
3131 5275 3372 5332 medicos
3403 5279 3569 5332 advo-

1998 5374 2123 5416 care
2154 5373 2208 5415 et
2258 5362 2466 5431 legibus
2501 5362 2877 5433 obtemperare
2909 5365 3063 5433 artis,
3099 5366 3198 5421 etsi
3241 5366 3425 5421 dicant
3484 5369 3572 5424 isti

2008 5451 2338 5508 medicinam
2364 5446 2556 5523 parari
2590 5455 2771 5524 magni
2824 5455 3008 5525 pretii,
3038 5456 3221 5511 statim
3254 5460 3473 5523 cedere,
3509 5445 3583 5515 et

1997 5546 2261 5619 quidquid
2289 5546 2572 5618 injungant
2615 5547 2838 5604 obedire
2868 5548 3151 5604 confestim
3196 5558 3251 5606 et
3306 5551 3580 5621 stipendia

2007 5740 2097 5785 tur
2141 5728 2369 5783 tertium
2403 5729 2652 5796 ethicon,
2685 5743 2809 5784 cum
2848 5728 3071 5800 egregia
3102 5726 3471 5789 confessionis
3519 5736 3581 5792 ot

2007 5800 2260 5858 ascetij
2287 5800 2608 5858 directionis
2636 5800 3005 5869 expositione.
