3972 6590
507 437 610 506 911

1642 436 2037 498 THEODORI
2076 433 2619 496 MELITENIOTE

3651 427 3764 492 91?.

506 566 622 604 sunt
651 548 1071 620 philosOphiam,
1102 547 1148 603 si
1207 547 1301 601 des
1353 545 1617 602 esurienti
1653 560 1849 613 panem
1906 554 2080 605 tuum.

2205 545 2284 614 ῖὴν
2317 547 2581 598 ἀνωτάτω
2609 544 2953 614 φιλοσοφίαν,
2982 543 3079 596 ἐάν
3105 542 3212 611 δῷς
3245 541 3500 598 πεινῶντι
3535 541 3628 596 τὸν
3660 543 3766 615 ἄρ-

487 639 552 693 'si
586 641 882 708 appetitum
910 638 1235 704 domineris,
1269 638 1314 692 si
1341 652 1538 692 vanam
1587 636 1816 705 gloriam
1867 636 2081 703 ejicias,

503 729 826 785 siiuvidiam
861 733 1144 794 tlestruas;
1191 728 1265 781 ita
1295 728 1486 796 etipse
1522 726 1774 781 Christus
1807 724 2080 780 docebat:

510 823 708 876 Discite
747 822 914 885 enim,
962 821 1264 890 inquiebat,
1323 835 1352 872 a
1391 834 1474 872 me
1517 819 1641 887 quia
1681 818 1829 870 milis
1877 832 1997 871 sum
2033 825 2088 869 et

510 915 731 970 humilis
783 917 999 980 corde;
1050 929 1153 966 non
1199 911 1383 965 dixit:
1431 909 1702 977 Jejunavi,
1759 921 1814 963 et
1856 907 2084 961 habebat

506 1009 688 1064 dicere
718 1008 784 1062 de
818 1008 1176 1076 quadraginta
1209 1005 1402 1058 diebus
1427 1043 1441 1067 ,
1474 1003 1566 1056 sed
1600 1019 1705 1055 non
1749 1001 1854 1054 hoc
1908 1001 2082 1064 dixit,

515 1116 703 1160 verum
742 1117 756 1152 :
797 1099 938 1152 Mitis
991 1114 1108 1151 sum
1161 1107 1216 1150 et
1267 1096 1483 1150 humilis
1517 1095 1705 1151 corde.
1749 1093 1816 1146 Ει
1874 1107 2087 1158 rursus,

512 1191 728 1245 mittens
758 1189 1051 1257 discipulos
1081 1201 1206 1241 suos
1228 1187 1292 1238 ad
1327 1184 1752 1254 praedicandum,
1777 1196 1879 1234 non
1915 1181 2086 1234 dixit:

509 1281 777 1351 Jejunate,
807 1282 896 1334 sed
917 1296 931 1333 :
955 1278 1127 1332 Onme
1161 1279 1306 1346 quod
1335 1285 1639 1346 apponetur
1670 1274 1828 1329 vobis
1863 1273 2092 1326 mandu-

512 1385 656 1429 cate.
689 1373 762 1426 De
785 1372 992 1426 divitiis
1023 1371 1181 1440 plane
1225 1371 1438 1438 quidem
1481 1369 1700 1420 multam
1753 1365 2089 1436 diligentiam

511 1465 877 1526 dissuadehat,
911 1463 1098 1517 dicens
1135 1479 1147 1515 :
1184 1459 1306 1514 Non
1337 1459 1607 1513 habebitis
1666 1473 1880 1520 aurum,
1918 1471 2093 1525 neque

512 1567 816 1625 argentum,
851 1569 1026 1623 neque
1051 1568 1127 1606 aes
1184 1554 1233 1606 in
1276 1552 1426 1606 zonis
1484 1549 1711 1610 vestris;
1767 1549 1880 1600 hmc
1912 1558 2090 1599 autem

515 1651 636 1702 dico
661 1647 838 1712 vobis,
870 1663 974 1700 non
1017 1643 1282 1715 jejunium
1336 1644 1619 1707 damnans,
1691 1640 1866 1700 absit,
1895 1637 2091 1692 etenim

515 1740 668 1794 Valde
691 1739 796 1792 huc
823 1739 1004 1802 laudo,
1032 1742 1128 1792 sed
1161 1752 1257 1805 pro
1288 1738 1440 1790 Vt)th
1491 1736 1700 1804 patiens
1739 1737 1950 1787 ceteris
1979 1747 2095 1786 Otn-

516 1834 674 1886 nibus
707 1831 923 1884 virtutis
955 1830 1242 1897 speciebus
1279 1827 1633 1898 posthabitis,
1688 1825 1858 1879 solam
1884 1823 2093 1878 credite

513 1922 759 1978 sullicere
786 1922 852 1976 ad
909 1921 1141 1974 salutem
1197 1930 1454 1983 vestram,
1487 1933 1605 1972 eam
1656 1931 1773 1986 quze
1845 1917 2088 1969 ultimam
2125 1892 2166 1950 Β

515 2015 614 2072 loci
673 2015 892 2068 virtutis
948 2023 1098 2067 tenet
1161 2022 1416 2081 partem:
1467 2014 1760 2064 maximum
1810 2008 1970 2062 enim:
2008 2016 2093 2060 est

513 2108 778 2173 charitas,
814 2115 867 2161 et
915 2103 1254 2169 suﬂicientia,
1288 2113 1343 2158 et
1380 2102 1724 2171 eleemosyna
1757 2115 1873 2169 qua:
1901 2110 1955 2152 et
1984 2097 2096 2151 vir-

513 2202 791 2271 ginitatem
825 2208 1047 2268 supcrat
1078 2214 1092 2251 :
1128 2197 1245 2250 sine
1268 2197 1412 2250 enim
1449 2194 1762 2264 virginitate
1796 2192 1946 2244 cerni
1991 2204 2086 2260 po-

519 2301 627 2345 test
667 2306 912 2358 regnum,
947 2289 1150 2358 absque
1188 2297 1370 2342 autem
1425 2285 1766 2356 eleemosyua
1829 2283 2082 2353 impossi-

519 2383 625 2438 hile
685 2393 786 2436 est.
866 2381 932 2435 Et
998 2381 1102 2434 huc
1165 2379 1461 2433 ostendunt
1513 2379 1755 2447 quinque
1813 2377 2092 2447 virgines;

515 2475 961 2531 Necessariornm
991 2473 1139 2527 enim
1173 2473 1276 2526 hoc
1305 2482 1359 2525 et
1386 2469 1787 2541 praecipuorum
1822 2482 2034 2520 ειιιι-ιιιια
2073 2482 2086 2518 :

519 2586 622 2624 non
653 2569 872 2638 quidem
927 2563 1221 2628 immerito,
1241 2578 1364 2618 nam
1396 2576 1492 2618 cor
1547 2562 1765 2616 virtutis
1799 2558 1933 2614 illud
1994 2573 2091 2611 vo-

517 2660 783 2716 cavimus.

587 2929 643 2982 7.
671 2927 856 2995 Itaque
901 2926 947 2980 si
986 2925 1235 2989 velimus,
1313 2939 1610 2994 possumus
1669 2934 1722 2976 et
1781 2939 1878 2976 nos
1942 2923 2090 2977 velut

521 3024 735 3076 virtutis
760 3019 1048 3087 imaginem
1077 3017 1142 3071 ad
1169 3029 1439 3086 quemque
1468 3014 1797 3084 aspicientes
1817 3015 2086 3082 apostolo-

523 3129 662 3178 rum,
683 3122 734 3167 et
757 3109 1050 3180 Scripturis
1074 3109 1271 3163 divinis
1289 3107 1388 3160 hoc
1412 3106 1695 3176 diligenter
1715 3106 2098 3174 praebentibus,

2188 653 2282 690 τον
2310 653 2430 700 σου,
2465 637 2560 691 ἐάν
2590 636 2766 706 θυμοῦ
2795 637 3099 708 κρατήσῃς,
3130 636 3198 689 ἂν
3227 633 3534 699 κενοδοξίαν
3561 635 3770 689 ἐκϐάλ-

2188 730 2308 801 λῃς,
2346 730 2414 784 ἂν
2465 730 2765 800 βασκανίαν
2793 729 2992 800 ἀνέλῃς
3013 742 3027 757 ⁸
3056 729 3202 781 οὕτω
3250 728 3342 780 καὶ
3377 726 3540 789 αὐτὸς
3571 729 3599 779 ὁ
3627 727 3770 794 Χριο

2191 825 2314 884 στος
2363 821 2618 874 ἐπαίδευε
2644 837 2660 854 ⁸
2697 820 2917 875 Μάθετε
2948 821 3080 888 γὰρ,
3121 819 3334 886 ἔλεγεν,
3381 816 3478 870 ἀπ’
3514 815 3655 884 ἐμοῦ
3685 817 3771 868 ὅτι

2189 916 2366 985 πρᾶος
2416 915 2535 984 είμὶ
2581 915 2678 969 καὶ
2707 915 2964 976 ταπεινὸς
3007 915 3074 982 τῇ
3109 910 3309 981 καρδῖᾳ
3333 925 3348 940 ⁸
3377 909 3478 962 οὐκ
3527 908 3772 976 ιτραζεν

2189 1006 2274 1059 ὅτι
2322 1006 2695 1076 Ἑνήστευσα·
2726 1005 2912 1059 καίτοι
2943 1021 3007 1073 γε
3055 1000 3202 1072 εἶχεν
3247 1001 3421 1054 είπείν
3451 1000 3550 1062 τὰς
3571 1013 3771 1051 τεσσα-

2195 1099 2431 1167 ράκοντα
2485 1099 2698 1168 ἡμέρας
2725 1112 2739 1128 ⁸
2769 1097 2885 1149 ἀλλ’
2926 1097 3028 1149 οὐκ
3057 1096 3265 1163 ἔφασκε
3320 1090 3498 1150 τοῦτο,
3531 1089 3650 1142 ἀλλ’
3688 1090 3771 1142 ὅτι

2195 1189 2539 1258 Πρᾶόν,είμι
2587 1189 2682 1242 καὶ
2735 1187 2994 1250 ταπεινὸς
3043 1189 3108 1256 τῇ
3154 1185 3374 1254 καρδίᾳ.
3413 1183 3526 1235 Καὶ
3585 1179 3703 1234 πάλ
3731 1188 3758 1232 3

2194 1283 2434 1349 πέμπων
2463 1280 2588 1341 τοὺς
2639 1281 2888 1350 μαθητὰς
2917 1280 2998 1342 είς
3031 1278 3092 1330 τὸ
3122 1278 3405 1348 κήρυγμα,
3439 1277 3543 1328 οὐκ
3581 1275 3772 1339 ιλεγεν

2195 1375 2276 1426 ὅτι
2328 1373 2662 1443 Νηστεύετε,
2715 1372 2875 1437 ἀλλὰ,
2914 1373 3027 1424 Πᾶν
3060 1370 3119 1424 τὸ
3151 1368 3592 1439 παρατιθέμενον
3644 1367 3772 1433 ὑμῖν

2197 1465 2403 1517 ἐσθίετε
2436 1481 2450 1494 ⁸
2485 1465 2785 1536 χρημάτων
2821 1464 3104 1533 μέντοιγε
3151 1462 3315 1514 ἕνεκα
3365 1457 3566 1529 πολλὴν
3615 1459 3774 1524 ἀκρί-

2196 1554 2348 1606 δειαν
2377 1555 2598 1623 ἀπῃτει,
2617 1553 2810 1622 λέγων⁹
2844 1553 2928 1623 Μὴ
2955 1551 3230 1622 κτήσησθε
3263 1550 3494 1620 χρυσὸν,
3512 1549 3653 1620 μηδέ
3676 1550 3772 1616 ἀρε

2197 1661 2389 1712 γυρον,
2415 1645 2548 1713 μηδὲ
2580 1644 2782 1714 χαλκὸν
2811 1645 2888 1706 είς
2933 1645 3032 1706 τὰς
3064 1644 3242 1706 ζώνας
3273 1642 3425 1711 ὑμῶν
3451 1657 3466 1671 ⁸
3498 1639 3679 1693 ταῦτα.
3716 1638 3770 1691 δέ

2199 1753 2342 1804 φημι
2373 1733 2505 1802 ἐγὼ,
2535 1735 2660 1804 οὐχὶ
2690 1735 2949 1805 νηστείαν
2982 1733 3248 1796 κακίζων,
3281 1731 3356 1801 μὴ
3391 1730 3632 1798 γένοιτο,
3681 1729 3772 1781 καὶ

2197 1831 2304 1897 7&9
2329 1826 2536 1896 σφόδρα
2569 1827 2773 1895 ταύτην
2808 1826 3043 1892 ἐπαινῶ,
3067 1824 3183 1878 ἀλλ’
3206 1824 3348 1894 ὑπὲρ
3369 1821 3532 1894 ἡμῶν
3563 1822 3769 1888 ἀλγῶν,

2201 1921 2304 1972 τῶν
2337 1920 2435 1988 μὲν
2470 1920 2646 1974 ἄλλων
2678 1920 2936 1972 ἁπάντων
2965 1919 3059 1988 τῆς
3085 1917 3288 1986 ἀρετῆς
3315 1915 3476 1969 είζῶν
3506 1915 3774 1984 (inclutis-

2194 2030 2326 2074 των,
2361 2012 2569 2082 ταύτην
2625 2011 2683 2064 δὲ
2723 2011 2888 2082 μόνον
2929 2010 3260 2080 νομιζόντων
3303 2009 3496 2079 ἀρκεῖν
3531 2009 3612 2069 είς
3672 2023 3774 2058 σω-

2195 2121 2259 2174 τη
2271 2103 2391 2174 ρίαν
2415 2105 2575 2174 ἡμῖν,
2600 2104 2660 2157 τὸ
2690 2102 2918 2174 ἔσχατον
2942 2100 3036 2155 τοῦ
3061 2101 3228 2172 χοροῦ
3263 2101 3362 2172 τῆς
3391 2099 3596 2171 ἀρετῆς
3626 2099 3774 2168 ἕχον-

2201 2215 2302 2250 σαν
2331 2198 2496 2267 μέρος
2524 2213 2537 2228 ⁸
2575 2199 2636 2250 τὸ
2685 2198 2794 2264 7&9
2823 2195 3105 2265 μέγιστον,
3144 2194 3333 2264 ἀγάπη
3373 2193 3470 2246 καὶ
3504 2193 3774 2244 ἐπιείκεια

2198 2293 2294 2344 καὶ
2359 2288 2726 2359 ἐλεημοσύνη,
2780 2288 2943 2359 ἢκαὶ
2975 2287 3279 2357 παρθενίαν
3332 2285 3770 2357 ὕπερηκόντιαε⁸

2197 2385 2366 2453 χωρὶς
2399 2383 2500 2452 μὲν
2523 2383 2631 2451 γὰρ
2663 2381 2988 2452 παρθενίας,
3027 2379 3252 2434 δυνατὸν
3283 2379 3572 2449 βασιλείαν
3604 2379 3734 2430 ίδεῖν
3760 2389 3773 2404 ⁸

2198 2473 2369 2544 χωρὶς
2406 2473 2462 2526 δὲ
2502 2472 2901 2544 ἑλεημοσύνης,
2951 2472 3218 2525 ἀδύνατον
3244 2486 3261 2502 ⁸
3290 2471 3387 2525 καὶ
3430 2470 3689 2538 δηλοῦσιν
3719 2471 3773 2523 ai

2199 2567 2362 2619 πέντε
2407 2565 2673 2636 παρθένοι
2699 2581 2712 2595 ⁸
2771 2566 2880 2618 τῶν
2931 2564 3042 2634 γὰρ
3078 2563 3397 2632 ἀναγκαίων
3444 2563 3607 2616 τοῦτο
3638 2563 3774 2625 ἐστὶ,

2201 2660 2296 2710 καὶ
2335 2658 2672 2728 συνεχόντων
2713 2658 2776 2710 τδ
2805 2658 2916 2710 πᾶν
2941 2673 2957 2688 ⁸
2991 2655 3092 2710 οὐκ
3124 2657 3233 2726 ἄρα
3277 2655 3610 2718 ἀπεικότως,
3648 2671 3779 2722 x19-

2200 2749 2320 2801 δίαν
2350 2751 2484 2802 αὐτὸ
2519 2749 2873 2820 κεκλήκαμεν
2904 2748 3006 2818 τῆς
3039 2749 3266 2818 ἀρετῆς.

2277 2927 2343 2991 ζ’.
2384 2928 2549 2980 Ὥστε
2581 2928 2680 2980 ἐὰν
2713 2928 2981 2998 θέλωμεν,
3021 2927 3248 2981 δυνατὸν
3279 2929 3413 2997 ἡμῖν
3441 2926 3516 2989 ὡς
3543 2929 3624 2987 είς
3658 2930 3781 2994 ἀρτ-

2203 3021 2300 3089 τῆς
2342 3021 2527 3073 είκόνα
2554 3021 2692 3092 πρὸς
2719 3021 2952 3075 ἕκαστον
2977 3022 3146 3090 ὁρῶσι
3187 3020 3293 3074 τῶν
3323 3021 3666 3085 ἀποστόλων,
3692 3024 3780 3074 καὶ

2204 3115 2324 3175 ταῖς
2360 3112 2533 3176 θείαις
2560 3113 2804 3183 Γραφαῖς
2849 3114 3214 3184 προσέχουσιν
3244 3113 3512 3186 ἀκριϐῶς,
3549 3114 3618 3167 δι’
3648 3107 3722 3168 ὧν
3748 3116 3779 3184 ἡ

521 3220 615 3273 per
645 3219 781 3274 quas
814 3205 991 3256 anima
1045 3201 1336 3253 decoratur
1390 3197 1694 3250 illuminata
1748 3196 1877 3248 nihil
1910 3198 2098 3248 cedere

2206 3204 2354 3274 ψυχὴ
2409 3202 2815 3267 καλλωπίζεται
2875 3203 3271 3274 φωτιζομένη,
3337 3203 3502 3274 μηδὲν
3559 3204 3780 3259 ἔλαττον

521 3299 662 3354 illis:
697 3312 824 3351 num
879 3295 1022 3348 enim
1079 3293 1250 3361 angeli
1277 3299 1432 3344 erant
1497 3290 1620 3344 illi?
1678 3306 1806 3343 num
1843 3291 1908 3340 de
1966 3289 2104 3344 cado

524 3387 963 3446 descendenth
1019 3384 1208 3438 Nomre
1247 3383 1490 3450 ejusdem
1549 3392 1759 3435 natura:
1820 3381 2102 3433 nobiscum

524 3481 812 3548 participes
871 3479 1133 3532 fuerunt?
1216 3491 1394 3530 nonne
1458 3476 1510 3526 in
1579 3473 1808 3525 urbibus
1883 3471 2102 3524 enutriti

521 3573 696 3627 sunt?
727 3587 907 3624 nonne
941 3570 1128 3623 iisdem
1192 3569 1272 3620 usi
1326 3565 1493 3620 sunt?
1527 3580 1706 3618 nonne
1746 3575 1890 3616 artes
1932 3563 2105 3615 mani-

524 3662 632 3714 bas
671 3659 1089 3714 exercuerunt?
1121 3658 1248 3710 lacti
1279 3669 1408 3710 sunt
1456 3666 1634 3710 autem
1691 3655 1992 3714 mirabiles,
2053 3661 2108 3705 rt

527 3741 654 3808 vere
713 3768 823 3820 pra:
855 3753 1108 3806 omnibus
1159 3749 1415 3812 mirandi,
1445 3762 1661 3801 onmem
1721 3747 1936 3798 virtutis
1985 3759 2106 3798 cum

523 3847 904 3900 exercuissent
956 3846 1122 3904 viam,
1155 3853 1209 3896 et
1239 3842 1518 3910 exemplar
1563 3840 1690 3893 facti
1746 3839 1998 3892 omnibus
2036 3835 2104 3890 ad

523 3938 780 4000 salutem,
798 3945 852 3989 et
871 3937 951 3990 sic
974 3943 1297 4004 potestatem
1329 3934 1671 3987 destruentes
1698 3929 1924 3991 diaboli,
1946 3929 2107 4000 hujus

523 4030 864 4084 succidentes
899 4043 1114 4088 nervos,
1165 4033 1512 4078 rontercntes
1541 4023 1660 4092 ejus
1687 4033 1871 4092 caput,
1910 4022 2108 4076 dissul-

529 4135 710 4176 veutes
741 4121 863 4190 ejus
897 4120 1264 4191 tyrannidem,
1284 4119 1614 4186 dissipantes
1635 4116 1750 4186 ejus
1766 4115 2102 4170 exercitum:

522 4226 573 4267 et
614 4215 714 4268 hoc
745 4213 1087 4271 miraculum,
1109 4213 1362 4264 omnibus
1406 4207 1686 4261 miraculis
1705 4206 1898 4260 melius
1926 4217 2108 4260 osten-

526 4306 716 4360 dentes
745 4323 760 4369 ;
792 4313 843 4357 et
879 4303 1162 4357 verissime
1196 4300 1416 4370 quidem
1453 4317 1467 4353 :
1510 4299 1708 4368 patitur
1735 4297 1878 4352 enim
1920 4297 2107 4350 diabo-

530 4406 614 4454 lus
643 4401 860 4470 quando
905 4399 1198 4467 expellitur
1233 4411 1488 4465 corpore,
1547 4403 1733 4464 utpote
1762 4395 1852 4462 qui
1909 4393 1978 4447 sit
2009 4408 2106 4462 po-

529 4507 697 4550 testas
729 4495 974 4548 maleﬁca
1002 4502 1058 4548 et
1086 4494 1364 4546 hominum
1415 4489 1662 4559 gaudens
1731 4488 2012 4558 punitione
2054 4499 2108 4542 et

2209 3299 2356 3366 ἔχειν
2398 3297 2624 3349 ἐκείνων
2653 3311 2664 3323 ⁸
2705 3295 2780 3366 μὴ
2829 3297 2935 3366 γὰρ
2966 3296 3192 3364 ἄγγελοι
3233 3291 3375 3366 ἦσαν
3418 3299 3660 3360 ὲκεῖνοι;
3706 3297 3780 3366 μὴ

2209 3390 2316 3460 γὰρ
2356 3387 2413 3452 ἐξ
2459 3387 2696 3458 οὐρανοῦ
2740 3387 3052 3456 κατέϐησαν
3081 3403 3097 3454 ;
3143 3389 3267 3458 οὐχὶ
3300 3388 3411 3441 τῶν
3442 3389 3626 3440 αὐτῶν
3657 3388 3780 3458 ἡμῖν

2213 3481 2511 3550 μετέσχονς
2543 3481 2646 3534 οὐκ
2678 3481 2735 3535 ὲν
2781 3479 3005 3532 πόλεσιν
3056 3479 3414 3549 ἐτράφησανς
3447 3481 3508 3532 οὗ
3546 3480 3658 3534 τῶν
3691 3480 3782 3532 αὑ·

2209 3573 2320 3623 τῶν
2349 3571 2676 3641 ἀπήλαυσαν
2705 3588 2720 3636 ;
2749 3570 2869 3638 οὐχὶ
2897 3571 3089 3640 τέχνας
3117 3572 3604 3640 μετεχειρίσαντος
3631 3571 3781 3638 γεγό-

2212 3679 2335 3714 νασι
2365 3662 2422 3715 δὲ
2455 3663 2762 3733 θαυμαστοὶ
2812 3664 2905 3716 καὶ
2939 3662 3016 3724 ὡς
3062 3663 3280 3731 ἀληθῶς
3313 3662 3780 3732 ὑπερθαύμαστοι,

2210 3756 2393 3807 πᾶσαν
2433 3756 2640 3824 ἀρετῆς
2683 3755 3027 3825 ἀσκήσαντες
3057 3755 3199 3820 ὁδὸν,
3231 3756 3326 3809 καὶ
3356 3757 3527 3808 τύπον
3559 3755 3781 3822 γενόμε-

2212 3865 2293 3900 νοι
2345 3850 2480 3901 πᾶσι
2540 3849 2676 3920 πρὸς
2734 3848 3032 3919 σωτηρίαν,
3091 3849 3184 3902 καὶ
3221 3848 3365 3902 οὕτω
3412 3849 3511 3916 τὴν
3556 3827 3780 3915 δύναμιν

2208 3941 2490 4002 ἀνελόντες
2513 3941 2606 3994 τοῦ
2628 3941 2902 4001 διαϐόλου.
2936 3941 3268 4012 ἐκκόψαντες
3285 3942 3478 3995 τούτου
3510 3943 3575 3994 τὰ
3591 3939 3686 3994 vei
3695 3958 3780 4009 91,

2211 4029 2602 4098 συντρίψαντες
2632 4033 2793 4084 αὑτοῦ
2820 4033 2920 4102 τὴν
2953 4032 3216 4102 κεφαλὴν,
3241 4032 3658 4094 καταλύσαντες
3688 4034 3779 4084 αὖ·

2208 4119 2305 4172 τοῦ
2338 4120 2439 4189 τὴν
2471 4122 2783 4190 τυραννίδα,
2818 4123 3228 4186 διασπάσαντες
3263 4124 3323 4176 τὸ
3375 4124 3740 4192 στρατόπεδον
3765 4139 3779 4154 ⁸

2209 4209 2304 4262 καὶ
2342 4209 2502 4262 τοῦτο
2543 4212 2795 4279 σημεῖον,
2835 4212 3095 4266 ἁπάντων
3139 4214 3386 4284 σημείων
3425 4216 3602 4284 μεῖζον
3665 4215 3781 4265 ἐπι-

2208 4301 2554 4370 δειξάμενοι·
2611 4304 2706 4355 καὶ
2744 4303 2890 4371 μάλα
2941 4304 3200 4367 είκότως⁸
3249 4307 3411 4374 ἀλγεῖ
3451 4307 3549 4374 μὲν
3607 4307 3716 4372 γὰρ
3755 4309 3780 4357 ό

2210 4390 2459 4454 διάϐολος
2511 4395 2640 4446 ὅταν
2686 4394 2912 4465 ἐξελαθῇ
2967 4395 3244 4466 σώματος,
3297 4397 3395 4451 ἅτε
3444 4397 3676 4464 δύναμις
3709 4394 3781 4448 tiu

2211 4481 2508 4544 κακοποιὸς
2538 4483 2634 4536 καὶ
2662 4486 2727 4553 τῇ
2761 4484 2868 4536 τῶν
2900 4484 3208 4554 ἀνθρώπιον
3249 4485 3578 4555 ἐφηδόμενος
3611 4502 3783 4554 τιμωο

531 4588 940 4649 (Ιεδιι-ιιριὶοιιε;
986 4585 1156 4638 multo
1208 4598 1338 4636 vero
1393 4583 1563 4650 magis
1618 4583 1822 4649 patitur
1884 4581 2098 4650 quando

2215 4574 2308 4644 ρία
2327 4573 2420 4626 καὶ⁸
2443 4575 2693 4644 ἀπωλείᾳ
2715 4590 2729 4603 ⁸
2755 4575 2937 4645 πολλῷ
2958 4577 3013 4629 δὲ
3041 4578 3242 4646 μᾶλλον
3265 4577 3444 4644 ἀλγεῖ,
3469 4577 3588 4657 ᾣαν
3612 4577 3785 4643 ἁμαρ-

529 4681 768 4748 pecratis
792 4678 1087 4731 liberatam
1121 4675 1268 4730 videt
1307 4675 1565 4728 animam.
1599 4673 1672 4728 Et
1723 4672 1865 4725 enirn
1904 4685 2101 4742 magna

529 4770 780 4826 dammuii
817 4776 1084 4838 potestas,
1116 4776 1399 4836 peccatum
1435 4775 1542 4832 est,
1577 4774 1763 4833 utpote
1796 4779 1916 4832 qua:
1941 4766 2009 4818 ab
2040 4778 2106 4818 eo

529 4866 756 4919 efﬁcitur
789 4863 1028 4930 fugiente
1049 4861 1327 4915 virtutem.
1365 4857 1590 4926 Prepter
1615 4859 1714 4910 hoc
1744 4869 2000 4910 mortuus
2024 4863 2109 4910 est

534 4957 808 5022 Christus,
838 4965 896 5009 ut
925 4954 1027 5008 hoc
1058 4952 1342 5008 destruat:
1369 4951 1476 5005 hoc
1505 4950 1650 5004 enim
1679 4955 1908 5003 mortem
1952 4947 2112 5002 indu-

530 5052 628 5113 xit,
663 5064 759 5116 per
818 5047 920 5101 hoc
977 5061 1039 5099 ea
1071 5061 1192 5115 qua:
1215 5058 1432 5098 sursum
1489 5050 1615 5096 sunt
1664 5042 1917 5094 deorsum
1968 5038 2107 5092 facta

532 5149 678 5193 sunt.
711 5138 768 5192 Si
786 5154 913 5208 ergo
947 5147 997 5191 et
1024 5153 1122 5190 nos
1158 5137 1226 5188 ab
1250 5135 1510 5188 omnibus
1529 5133 1835 5186 eximentes
1859 5144 1959 5184 nos
1987 5143 2108 5198 qua:

531 5232 598 5286 ad
623 5233 784 5284 vitam
809 5230 1114 5298 pertinent,
1156 5228 1450 5282 eﬂeramus
1480 5241 1581 5279 nos
1615 5225 1680 5276 ad
1717 5222 2026 5286 Christum,
2053 5229 2109 5275 ct

530 5322 894 5391 apostolorum
947 5321 1116 5374 vitam
1154 5319 1429 5372 imitantes
1454 5312 1822 5379 liamusiuxta
1861 5312 1986 5366 illos
2016 5313 2111 5363 do-

529 5425 708 5468 ctores
754 5411 934 5465 edocti
978 5412 1030 5463 in
1060 5425 1284 5478 regnum
1311 5409 1590 5472 t-mlorum,
1621 5406 1690 5459 ad
1720 5406 1824 5459 hoc
1854 5405 2024 5458 simus
2052 5403 2107 5456 in

532 5506 809 5576 Irgedocti
877 5506 930 5558 in
999 5502 1369 5570 evangelicant
1433 5511 1490 5555 et
1563 5515 1755 5554 noram
1803 5498 2106 5554 doctrinam

527 5598 734 5655 Christi
772 5637 789 5662 ,
852 5598 995 5652 hanc
1062 5597 1354 5667 diligenter
1405 5595 1642 5650 scientes
1696 5603 1749 5647 et
1805 5591 2105 5647 secundum

531 5693 776 5744 eamdem
807 5695 1180 5761 gubernantes
1215 5703 1350 5755 nos;
1387 5696 1548 5756 atque
1598 5689 1649 5741 in
1685 5687 1940 5757 praesenti
1995 5687 2108 5738 vita

533 5780 802 5846 fulgentes
857 5783 1012 5849 iuxta
1077 5782 1352 5851 apostolos
1391 5781 1637 5845 erimus,
1696 5789 1750 5832 et
1822 5780 1874 5831 in
1929 5777 2115 5831 lutnra

2206 4667 2326 4728 τίας
2357 4666 2846 4738 ἀπαλλαττομένην
2873 4669 2957 4740 ίδῃ
2988 4669 3198 4740 ψυχήν.
3229 4671 3342 4724 Καὶ
3377 4670 3538 4740 γάρή
3573 4670 3779 4738 μεγάλη

2213 4758 2309 4810 τοῦ
2346 4760 2606 4828 δαίμονος
2636 4761 2895 4832 δύναμις,
2940 4765 2973 4831 ἡ
3006 4763 3254 4833 ἁμαρτία
3290 4765 3460 4825 ἐστὶν,
3497 4765 3568 4825 ὡς
3604 4763 3664 4826 ἐξ
3690 4768 3782 4815 aL-

2211 4849 2308 4903 τοῦ
2343 4850 2819 4922 δημιουργηθεῖσα
2852 4856 3118 4923 φυγόντος
3152 4855 3253 4924 τὴν
3276 4857 3505 4924 ἀρετήν.
3533 4854 3631 4906 Διά
3659 4855 3784 4906 ταῦ-

2212 4958 2317 5013 την
2343 4943 2621 4997 ἀπέθανεν
2647 4947 2674 4998 ὁ
2701 4946 2962 5016 Χριστὸς,
2987 4949 3075 5000 ἵνα
3104 4949 3311 5017 ταύτην
3345 4946 3630 5020 καταλύσῃ
3649 4962 3666 4978 ⁸
3695 4947 3782 4998 καὶ

2214 5036 2323 5105 γάρ
2350 5034 2490 5107 αὕτη
2523 5036 2615 5090 τὸν
2644 5036 2878 5091 θάνατον
2903 5039 3167 5109 είσήγαγε
3194 5055 3209 5069 ⁸
3241 5039 3331 5094 διὰ
3351 5039 3554 5106 ταύτην
3583 5039 3651 5090 τά
3678 5038 3784 5090 ἀνω

2215 5125 2368 5179 κάτω
2406 5127 2656 5195 γέγονεν.
2705 5127 2804 5181 Ἂν
2839 5130 3020 5181 τοίνυν
3069 5130 3163 5182 καὶ
3203 5132 3368 5201 ἡμεῖς
3401 5132 3613 5185 πάντων
3651 5131 3784 5183 ἀπο⁹

2217 5217 2522 5287 στήσαντες
2557 5219 2790 5282 ἑαυτοὺς
2819 5221 2927 5272 τῶν
2964 5220 3257 5290 βιωτικῶν,
3304 5221 3624 5293 ἀναθώμεθα
3658 5223 3781 5273 ἑαυο

2213 5311 2339 5372 τοὺς
2390 5308 2468 5380 τῷ
2500 5311 2747 5380 Χριστῷ,
2801 5313 3012 5366 καὶτὸν
3050 5312 3159 5366 τῶν
3202 5315 3521 5370 ἀποστόλων
3546 5313 3660 5386 βίον
3693 5312 3782 5381 ζη-

2217 5402 2494 5466 λώσαντες
2520 5404 2810 5473 γενώμεθα
2846 5405 2969 5458 κατ’
3001 5405 3248 5469 ἐκείνους
3296 5408 3644 5478 γραμματεῖς
3683 5425 3781 5474 μα-

2215 5495 2572 5564 θητευθένττς
2619 5500 2700 5560 είς
2729 5498 2832 5570 τὴν
2886 5499 3168 5567 βασιλείαν
3215 5502 3326 5555 τῶν
3351 5501 3614 5572 οὐρανῶν,
3665 5503 3780 5551 ἀντι

2212 5587 2332 5653 τοῦ,
2375 5587 2666 5658 γενώμεθα
2699 5595 3032 5662 νομομαθεῖς
3062 5599 3142 5652 είς
3169 5595 3268 5665 τὴν
3300 5595 3668 5663 εὐαγγελικὴν
3695 5592 3780 5642 καί

2221 5680 2348 5732 νέαν
2375 5679 2728 5736 διδασκαλίαν
2755 5685 3016 5754 Χριστοῦ,
3043 5688 3121 5758 τῷ
3146 5687 3355 5757 ταύτην
3385 5685 3620 5755 ἀκρισῶς
3647 5684 3778 5736 είδέι

2216 5791 2324 5838 ναι,
2363 5772 2459 5825 καὶ
2509 5773 2887 5832 πολιτεύεσθαι
2921 5783 3059 5834 κατὰ
3089 5780 3316 5848 ταύτην,
3354 5783 3448 5833 xz‘t
3492 5779 3647 5846 ὲντζ»
3680 5796 3777 5827 παι
