3904 6570
181 408 281 473 917

1552 416 1886 482 ΕἹἩῘΟΟΝ
1920 421 2007 482 ν.
2068 478 2079 487 .

3334 421 3446 487 918

182 525 460 596 στήσαμεν
484 526 582 596 τὴν
612 526 852 597 ἐκείνου,
880 527 1075 600 μηδεὶς
1118 529 1262 585 ἔστω
1294 530 1325 585 ὁ
1351 530 1624 599 ἐγκαλῶν,
1656 533 1754 587 καὶ

1868 549 2002 600 esse,
2036 532 2222 589 nullus
2248 533 2319 590 sit
2364 534 2663 606 obiurgans
2695 544 2752 593 et
2793 537 3016 604 timens,
3067 535 3161 590 sed
3212 534 3338 591 tolle
3368 538 3444 590 le-

178 618 569 688 διδιττόμενος,
598 618 736 675 ἀλλὰ
765 619 925 675 ἄνελε
957 621 1052 676 τὸν
1096 625 1161 678 ὲκ
1192 623 1304 678 τῶν
1346 625 1531 695 νόμων
1558 626 1753 693 φόϐον,

180 709 259 778 τῷ
305 710 452 781 λόγῳ
476 712 636 779 τέως,
687 715 786 768 καὶ
824 713 948 784 ὄψει
997 716 1163 770 αὐτὸν
1208 715 1362 788 ξίφος
1400 718 1755 790 ἁρπάσαντα,

180 803 276 857 καὶ
307 804 521 867 πάντας
569 804 975 877 διαχρώμενον,
1031 809 1128 865 καὶ
1158 810 1377 874 οὐδενὸς
1409 811 1756 881 φειδόμενον,

179 896 241 949 οὐ
265 895 445 965 φίλου,
501 897 564 950 οὐ
602 898 927 967 συγγενοῦς,
982 900 1085 955 οὐκ
1120 899 1377 969 ἀδελφοῦ,
1430 902 1532 955 οὐκ
1585 900 1759 957 αὐτοῦ

179 986 272 1041 τοῦ
318 989 715 1058 γεγεννηκότος
737 1004 752 1019 ⁶
803 992 1012 1060 μᾶλλον
1052 993 1111 1047 δὲ
1142 994 1265 1048 οὐδὲ
1316 993 1632 1058 ὑποθέσεως
1666 994 1758 1049 ἕνα

181 1078 348 1134 ταῦοα
395 1081 577 1152 χρεία,
609 1083 729 1136 ἀλλ’
758 1084 1019 1155 ἐρώμεθα
1066 1085 1253 1153 αὐτὸν,
1290 1087 1343 1141 εί
1379 1086 1455 1158 μὴ
1496 1084 1758 1150 τοιαύτας

180 1169 406 1227 πλάττει
458 1172 585 1226 καθ’
634 1175 832 1230 ἑαυτὸν
882 1178 1189 1245 φαντασίας
1233 1178 1342 1241 ἀεὶ,
1402 1180 1499 1233 καὶ
1547 1179 1758 1245 πάντας

182 1264 396 1319 ἔπεισιν
440 1267 686 1339 ἀναιρῶν
714 1269 795 1340 τῷ
833 1269 1087 1343 λογισμῷ
1132 1273 1225 1327 καὶ
1266 1273 1457 1341 φίλους
1499 1274 1596 1328 καὶ
1623 1291 1758 1343 συγ-

179 1360 359 1424 γενετς
409 1359 506 1412 καὶ
552 1360 754 1426 αὐτοὺς
802 1363 931 1427 τοὺς
960 1366 1369 1434 γεγεννηκότας
1397 1384 1411 1397 ’
1462 1366 1669 1436 μᾶλλον
1699 1368 1756 1421 δὲ

180 1448 279 1502 οὐκ
310 1451 638 1521 ἐρωτήσεως
683 1454 839 1523 χρεία
863 1471 880 1486 ο
917 1457 1014 1508 καὶ
1054 1457 1164 1528 γὰρ
1212 1459 1415 1523 πάντες
1451 1458 1655 1527 τσασιν,
1682 1460 1758 1526 ὠς

179 1541 230 1592 oi
261 1541 439 1613 τούτῳ
473 1545 835 1615 κατεχόμενοι
866 1547 945 1618 τῷ
994 1551 1294 1619 νοσήματι,
1326 1553 1423 1606 καὶ
1454 1554 1630 1623 γῆρας
1664 1551 1759 1625 βα-

180 1629 439 1701 ρύνονται
473 1635 704 1704 πατρὸς,
732 1636 795 1690 τό
826 1655 887 1691 τε
917 1638 1092 1708 γλυκὺ
1118 1641 1213 1694 καὶ
1234 1643 1404 1695 πᾶσιν
1433 1644 1756 1714 ἐπέραστον,

177 1723 243 1775 τὸ
262 1724 471 1787 παῖδας
493 1726 662 1796 ἔχειν,
697 1728 837 1799 βαρὺ
863 1734 960 1783 καὶ
989 1731 1241 1801 ἐπαχθὲς
1270 1730 1414 1789 εἶναι
1442 1734 1754 1804 νομίζουσι.

179 1815 379 1870 Πολλοὶ
409 1817 542 1885 γοῦν
580 1821 677 1873 καὶ
716 1821 946 1876 ἀτοκίαν
996 1824 1085 1877 διὰ
1115 1824 1279 1879 τοῦτο
1325 1825 1631 1897 ὠνήσαντο,
1663 1826 1759 1881 καὶ

180 1905 281 1978 τὴν
309 1908 475 1976 φύσιν
504 1912 829 1982 ὲπήρωσαν,
861 1917 963 1968 οὐκ
994 1917 1281 1981 ἀνελόντες
1306 1919 1597 1989 τεχθέντας
1631 1919 1762 1983 τοὺς

181 2003 402 2061 παίσας,
446 2003 585 2056 άλλὰ
623 2006 762 2074 μηδέ
800 2006 968 2073 φῦναι
1016 2008 1119 2078 τὴν
1155 2009 1334 2080 ἀρχὴν
1368 1992 1763 2084 συγχωρήσαν-

180 2108 297 2156 τες.
345 2095 438 2164 Μὴ
471 2097 663 2152 τοίνυν
690 2097 1049 2169 θαυμάσησθε
1081 2102 1131 2154 εί
1172 2103 1263 2156 τὸν
1295 2103 1632 2176 φιλάργυρον
1674 2103 1764 2159 οὔ·

184 2179 293 2249 τῶξ
351 2189 844 2261 ἐσχηματίσαμενν
900 2194 1139 2266 καὶγὰρ
1199 2195 1337 2250 πολὺ
1387 2197 1586 2267 χείρων
1644 2190 1764 2250 ἐστὶ

180 2279 293 2330 τῶν
326 2280 657 2349 εἰρημένων.

250 2378 327 2437 ς’.
380 2374 542 2428 Ἀλλὰ
588 2378 963 2449 σκοπήσωμεν
994 2378 1113 2443 πῶς
1160 2380 1253 2434 τοῦ
1293 2380 1552 2452 δαίμονος
1594 2382 1762 2437 αὒτδν

177 2464 593 2538 ἀπαλλάξομεν.
636 2471 760 2535 Πῶς
786 2468 882 2526 οὖν
920 2473 1348 2543 άπαλλάξομενς
1377 2478 1426 2529 εί
1471 2477 1635 2547 μάθοι
1667 2494 1763 2531 σα-

178 2557 321 2626 φῶς,
362 2558 446 2613 ὅτι
479 2561 510 2631 ἡ
542 2561 880 2634 φιλαργυρία
930 2565 1072 2632 πρὸς
1119 2567 1254 2619 αὐτὸ
1284 2567 1462 2629 τοῦτο,
1526 2567 1761 2637 μάλιστα

178 2649 335 2720 αὐτῷ
384 2651 728 2707 ἐναντιοῦται
773 2656 911 2726 πρὸς
954 2657 1015 2709 τὸ
1064 2657 1310 2727 πορίζειν
1349 2661 1662 2730 χρήματαο
1710 2660 1762 2713 oi

177 2745 292 2811 γάρ
322 2742 390 2795 τὰ
424 2745 599 2814 μικρὰ
631 2747 935 2818 κερδαίνειν
970 2749 1306 2819 βουλόμενοι,
1346 2752 1593 2821 μεγάλας
1621 2755 1760 2805 ὑπο-

177 2835 410 2903 μένουσι
465 2837 675 2905 ζημίας
708 2855 721 2868 ·
758 2838 884 2893 ὅθεν
917 2841 981 2911 δὴ
1042 2841 1137 2895 καὶ
1172 2845 1447 2912 παροιμία
1499 2846 1578 2908 εἰς
1627 2844 1762 2901 αὐτὸ

174 2923 339 2976 τοῦτο
382 2925 730 2996 ἐξενήνεκται
757 2946 771 2959 ν
816 2930 1006 2983 πολλοὶ
1058 2930 1192 2998 γοῦν
1222 2932 1487 2996 πολλάκις
1538 2934 1632 2985 ἐπὶ
1667 2952 1761 3002 με-

176 3015 369 3083 γάλοις
418 3018 661 3072 δανεῖσαι
717 3020 1041 3091 βουλόμενοι
1079 3025 1285 3089 τόκοις,
1338 3029 1405 3095 τῇ
1460 3026 1761 3099 προσδοκίᾳ

174 3103 274 3157 τοὸ
326 3107 575 3174 κέρδους,
628 3109 730 3162 οὐκ
775 3109 1134 3174 ἐξετάσαντες
1177 3115 1308 3176 τοὺς
1355 3112 1756 3184 λαμϐάνοντας,

180 3197 324 3267 μετὰ
355 3200 452 3251 τοῦ
484 3201 643 3253 τόκου
674 3204 767 3254 καὶ
794 3203 887 3255 τοῦ
914 3204 1216 3271 κεφαλαίου
1242 3206 1444 3269 παντὸς
1469 3206 1725 3270 ἐξέπεσον
1744 3225 1758 3239 υ
1787 3243 1833 3299 C

174 3290 345 3342 πάλιν
395 3292 475 3353 είς
530 3292 811 3355 κινδύνους
856 3297 1257 3363 περιπεσόντες
1294 3296 1495 3366 ἕτεροι,
1546 3301 1639 3350 καὶ
1682 3299 1756 3370 μὴ

176 3380 543 3450 βουληθέντες
591 3385 749 3451 ὀλίγα
800 3386 1094 3455 προέσθαι,
1128 3390 1224 3441 καὶ
1271 3389 1366 3459 τὴν
1395 3390 1576 3461 ψυχὴν
1620 3392 1760 3459 μετὰ

172 3472 276 3540 τῆς
307 3474 501 3538 οὐσίας
523 3477 819 3530 ἀπώλεσαν
837 3495 852 3508 ⁸
878 3484 970 3531 καὶ
998 3483 1173 3551 παρὸν
1197 3483 1385 3547 πάλιν,
1413 3483 1445 3554 ἢ
1472 3485 1760 3552 ἀξιώματα

174 3566 473 3635 κερδαλέα,
507 3569 538 3637 ἦ
591 3568 721 3624 ἄλλο
753 3588 806 3624 τι
835 3573 1079 3626 τοιοῦτον
1121 3573 1462 3644 ὠνήσασθαι,
1505 3579 1760 3646 μικρολο-

174 3658 518 3728 γησάμενοι,
566 3662 627 3713 τὸ
683 3666 794 3717 πᾶν
843 3663 1159 3720 ἀπώλεσαν.
1229 3667 1449 3737 Ἐπειδὴ
1503 3669 1612 3737 γὰρ
1659 3668 1760 3720 οὐκ

175 3751 329 3803 ἴσασι
360 3756 627 3824 σπείρειν,
663 3756 780 3808 ἀλλ’
808 3758 893 3810 ἀεὶ
924 3759 1163 3827 θερίζειν
1196 3762 1631 3832 μεμελετήκασι,
1664 3765 1759 3814 καὶ

174 3841 279 3896 τοῦ
312 3845 529 3915 ἀμητοῦ
584 3848 823 3920 συνεχῶς
865 3853 1264 3906 ἐκπίπτουσιν
1309 3855 1488 3918 οὐδεὶς
1514 3853 1622 3923 γὰρ
1670 3854 1760 3907 ἀεὶ

175 3934 427 4005 θερίζειν
458 3938 704 4003 δύναται,
734 3940 926 4012 ὥσπερ
951 3944 1074 3997 οὐδὲ
1106 3947 1193 3997 ἀεὶ
1224 3945 1552 4014 κερδαίνειν.
1605 3946 1759 4000 Ἐπεὶ

172 4026 274 4081 οὖν
309 4029 373 4082 οὐ
405 4028 693 4098 βούλονται
724 4033 994 4105 δαπανᾷν,
1027 4035 1147 4089 οὐδὲ
1193 4038 1504 4107 κερδαίνειν
1542 4039 1757 4094 ίσασινο

171 4119 318 4171 ἀλλά
356 4121 460 4174 κᾶν
490 4124 727 4188 γυναῖκα
756 4123 854 4193 δέῃ
885 4124 1093 4188 λαϐεῖν,
1132 4127 1300 4179 πάλιν
1334 4128 1396 4181 τὸ
1421 4130 1556 4182 αὐτὸ
1596 4129 1761 4184 τοῦτο

172 4214 555 4268 ὑπομένουσιν
707 4216 819 4285 γὰρ
865 4214 1335 4288 ἐξηπατήθησαν,
1390 4221 1598 4292 ἄκορον
1644 4224 1758 4276 ἀντ’

168 4305 419 4372 εὐπόρου
477 4306 828 4379 λαϐόντες,ἢ
872 4311 971 4362 καὶ
1021 4311 1291 4365 πλουσίαν
1346 4313 1759 4383 είσαγαγόντες,

175 4400 278 4452 καὶ
312 4398 531 4467 μυρίων
560 4402 843 4470 γέμουσαν
870 4402 1296 4472 ἐλαττωμάτων,
1330 4406 1556 4460 πλείονα
1593 4409 1761 4462 πάλιν

169 4491 279 4561 τὴν
310 4491 521 4560 ζημίαν
565 4494 873 4562 ὑπέμειναν
898 4513 913 4526 ·
946 4496 1007 4549 οὐ
1060 4496 1172 4567 γὰρ
1204 4499 1237 4566 ὴ
1274 4500 1587 4568 περιουσία,
1641 4500 1761 4554 ἀλλ’

1856 636 1983 695 gum
2015 626 2289 690 timorem.
2315 629 2483 683 verbo
2509 636 2741 695 tantum,
2762 639 2819 686 et
2851 629 3060 685 videbis
3104 642 3229 682 eum
3260 642 3445 701 ensem

1855 719 2239 788 evaginantem
2272 728 2329 776 et
2375 736 2564 777 omnes
2609 723 2950 779 occidentem
3001 731 3055 777 et
3084 721 3287 777 nemini
3322 735 3449 792 par-

1856 816 2092 875 centem,
2126 825 2237 866 non
2284 814 2484 876 amico,
2510 828 2618 869 non
2668 824 2925 885 cognato,
2956 833 3065 873 non
3127 816 3306 880 fratri,
3336 828 3446 869 non

1858 915 1962 957 suo
2008 903 2268 972 genitori;
2323 906 2418 962 sed
2469 920 2575 960 non
2617 920 2758 976 opus
2792 914 2878 962 est
2911 922 3245 978 supponere;
3293 907 3445 961 diea-

1859 1009 1981 1049 mus
2023 1009 2153 1050 vero
2180 995 2227 1050 si
2277 1011 2382 1050 non
2443 997 2576 1052 tales
2623 998 2761 1067 apud
2805 1014 2865 1053 se
2922 999 3085 1070 ﬁngat
3142 1000 3448 1066 imagines,

1852 1100 2105 1159 semper,
2149 1098 2203 1142 et
2272 1104 2465 1145 omnes
2525 1090 2741 1146 invadat
2795 1090 3086 1146 destruens
3158 1091 3448 1145 ratiocinio

1859 1190 1914 1235 et
1960 1183 2167 1237 amicos
2218 1191 2273 1235 et
2320 1191 2581 1253 cognatos
2643 1193 2698 1239 et
2732 1185 2878 1253 ipsos
2908 1186 3210 1253 genitores.
3267 1184 3453 1238 Potius

1860 1283 2039 1328 autem
2070 1290 2182 1330 non
2235 1277 2663 1348 interrogatione
2694 1292 2831 1345 opus
2856 1289 2939 1333 est
2980 1295 2996 1332 :
3051 1290 3243 1332 omnes
3303 1277 3450 1330 enim

1859 1369 2060 1433 sciunt,
2110 1370 2382 1439 quomodo
2424 1371 2620 1426 morbo
2675 1373 2781 1426 isto
2846 1372 2991 1440 capti
3025 1381 3075 1425 et
3107 1378 3453 1425 senectutem

1858 1471 2086 1533 gravant
2113 1460 2303 1532 patris,
2328 1470 2381 1516 et
2419 1461 2562 1533 quod
2603 1462 2817 1517 caeteris
2853 1472 2960 1515 tam
3011 1461 3174 1514 dulce
3223 1468 3278 1513 ct
3301 1473 3454 1512 ama-

1861 1554 1968 1609 bile
1987 1564 2093 1616 est,
2112 1570 2274 1624 grave
2304 1564 2360 1608 et
2388 1554 2728 1611 intolerabile
2753 1569 2877 1611 esse
2899 1562 3091 1624 putant
3118 1567 3319 1623 pueros
3356 1551 3454 1604 ha-

1863 1648 2010 1703 bere.
2046 1647 2198 1703 Multi
2228 1649 2369 1702 enim
2396 1657 2451 1703 et
2494 1649 2834 1702 sterilitatem
2883 1657 3104 1717 prapter
3151 1647 3256 1701 boc
3309 1661 3459 1698 eme-

1862 1750 2013 1805 runt,
2040 1749 2091 1793 et
2128 1750 2380 1795 naturam
2433 1740 2741 1809 privarunt,
2778 1755 2886 1794 non
2946 1740 3289 1793 destruentes
3331 1752 3457 1804 par-

1867 1841 1953 1887 tos
1975 1834 2229 1892 inlantes.
2248 1832 2343 1887 sed
2378 1848 2552 1901 neque
2596 1833 2898 1905 producere
2960 1833 3282 1901 principium
3319 1845 3455 1885 con-

1866 1924 2142 1985 cedentes.
2171 1921 2250 1979 Ne
2287 1939 2416 1994 ergo
2466 1922 2737 1979 miremini
2783 1925 2825 1979 si
2880 1939 3099 1978 avarum
3140 1924 3213 1977 ita
3250 1924 3458 1977 descri-

1867 2021 2129 2088 pserimus
2160 2019 2366 2076 :nmlto
2400 2018 2542 2073 enim
2579 2018 2733 2089 pejor
2787 2027 2872 2073 est
2924 2016 3103 2073 dictis.

1936 2366 1996 2424 6.
2023 2364 2130 2423 Sed
2163 2365 2446 2422 videamus
2463 2368 2737 2437 quomodo
2766 2380 2889 2420 eum
2924 2379 2953 2418 a
2982 2365 3227 2420 drcmonc
3255 2365 3455 2421 libere-

1866 2475 2004 2515 mus.
2033 2459 2321 2527 Quomodo
2371 2473 2502 2530 ergo
2538 2458 2942 2513 liberabimus?
2992 2456 3047 2512 Si
3084 2458 3252 2513 discat
3284 2458 3454 2523 claro,

1863 2554 2147 2608 avaritiam
2208 2561 2410 2623 praeter
2470 2551 2577 2606 hoc
2622 2552 2924 2620 praesertim
2973 2550 3071 2620 ipsi
3130 2553 3460 2604 adversatur

1865 2644 1931 2700 ad
1950 2646 2281 2715 acquirenda
2322 2644 2485 2699 bona.
2514 2643 2617 2709 Qui
2677 2644 2821 2697 enim
2872 2658 3035 2712 parva
3088 2642 3237 2695 lucra
3280 2629 3472 2696 facere.

1866 2738 2080 2802 volunt,
2119 2752 2312 2805 magna
2339 2735 2815 2791 subeuntdamua.
2861 2733 3014 2789 Unde
3049 2734 3215 2804 igitur
3247 2734 3458 2789 initium

1863 2829 1929 2883 ad
1974 2832 2076 2884 hoc
2104 2829 2301 2883 accidit
2343 2825 2801 2898 (eruitur).‘Multi
2857 2828 3001 2880 enim
3056 2840 3217 2893 szrpe,
3247 2825 3462 2895 magn’s

1864 2922 2105 2979 volentes
2143 2935 2387 2976 nmtuum
2444 2923 2574 2977 dare
2609 2921 2811 2987 usuris,
2852 2923 3260 2991 exspectatione
3321 2922 3458 2978 lucri

1865 3034 1970 3073 non
2027 3019 2323 3089 probantes
2388 3032 2485 3073 eos
2535 3018 2627 3088 qui
2688 3026 3042 3081 nmtttantur,
3118 3028 3241 3070 cum
3294 3031 3459 3069 usura

1863 3122 1915 3167 ct
1969 3128 2238 3166 summam
2310 3119 2477 3163 lotam
2529 3112 2811 3163 amittunt.
2851 3108 3059 3162 Rursus
3123 3109 3173 3161 in
3218 3109 3462 3178 periculo

1864 3206 2123 3259 cadentes
2171 3204 2260 3257 alii
2307 3213 2361 3257 et
2409 3203 2657 3257 nolentes
2691 3217 2860 3271 pauca
2921 3212 3177 3270 appetere
3220 3204 3459 3255 animznn

1866 3313 1993 3353 eum
2027 3297 2181 3351 bonis
2210 3296 2545 3359 amiserunt;
2570 3305 2621 3347 et
2660 3309 2850 3347 rursus
2890 3295 3043 3347 adest
3077 3304 3132 3345 ut
3161 3293 3458 3361 dignitates

1866 3390 2075 3445 lucrum
2123 3391 2384 3444 habentes
2415 3398 2502 3440 aut
2540 3388 2684 3441 aliud
2722 3386 2994 3459 quoddam
3049 3387 3231 3441 simile
3273 3402 3461 3440 eun-re

1867 3483 2352 3553 parvipendentes,
2408 3481 2589 3535 omnia
2670 3479 3044 3551 perdiderunt.
3105 3478 3240 3533 Cum
3309 3480 3457 3533 enim

1867 3574 2115 3632 nesciant
2185 3575 2480 3640 seminare,
2557 3575 2650 3628 sed
2717 3555 2932 3643 semper
2990 3581 3192 3626 metere
3243 3585 3459 3633 curent,

1867 3684 2097 3723 amesse
2129 3667 2387 3721 continuo
2444 3666 2779 3735 privamur:
2844 3678 3004 3718 nemo
3056 3663 3199 3716 enim
3249 3679 3464 3729 semper

1868 3772 2073 3816 metere
2128 3769 2325 3828 potest.
2356 3758 2630 3828 quomodo
2661 3770 2841 3821 neque
2872 3770 3085 3822 semper
3118 3754 3457 3808 Im-riiacere.

1866 3854 2001 3907 Cum
2070 3853 2215 3906 enim
2282 3851 2456 3903 nolint
2525 3850 2853 3917 expendere.
2914 3856 3106 3916 ncque'
3144 3847 3464 3901 lucrifacere

1867 3946 2068 4000 sciunt.
2097 3942 2203 3998 Sed
2229 3940 2445 4011 quando
2478 3955 2700 3994 uxmem
2727 3938 2936 3993 ducere
2960 3945 3233 4003 coorti-at,
3272 3952 3464 3991 rursus

1869 4040 2012 4093 idem
2052 4036 2305 4091 subeunt.
2327 4032 2582 4087 Velenim
2613 4029 2823 4097 decepti
2861 4038 3006 4089 sunt.
3034 4044 3327 4097 pauperem
3365 4044 3464 4096 pro

1868 4130 2036 4187 divite
2073 4128 2426 4196 acetpientes,
2464 4124 2547 4177 vel
2576 4129 2630 4175 et
2664 4122 2882 4175 divitias
2914 4121 3232 4174 inducentcs
3266 4131 3322 4174 et
3369 4122 3463 4175 de-

1867 4240 1987 4280 cem
2015 4222 2251 4275 millibus
2287 4220 2532 4274 rei’ertas-
2560 4217 2724 4282 vitiis,
2757 4216 3015 4282 majorem
3053 4232 3243 4272 rursus
3283 4217 3465 4286 perni‘

1868 4315 2009 4369 ciem
2070 4314 2311 4368 subiere.
2364 4310 2482 4364 Non
2543 4309 2687 4363 enim
2736 4307 3088 4370 abundantia,
3137 4308 3231 4362 sed
3290 4308 3465 4360 virtus

1870 4407 2086 4462 divitias
2106 4414 2386 4475 operatur.
2416 4402 2554 4468 Quid
2591 4401 2736 4455 enim
2762 4410 2984 4470 prosunt
3005 4400 3212 4455 divitia:
3231 4399 3455 4467 quasido

1871 4500 2095 4570 prodiga
2112 4506 2199 4551 est
2221 4507 2276 4549 et
2311 4510 2537 4560 vesana,
2564 4503 2621 4548 et
2639 4494 2822 4548 omnia
2855 4502 3020 4546 vento
3048 4478 3289 4546 velocius
3324 4491 3457 4545 eiic-

168 4586 204 4645 ἠ
233 4586 415 4653 ἀρετὴ
443 4584 535 4639 τὸν
570 4587 800 4639 πλοῦτον
842 4588 1162 4656 ἐργάζεται.
1207 4590 1274 4643 Τί
1306 4593 1415 4661 γὰρ
1443 4590 1639 4661 ὄφελος
1667 4592 1761 4646 τοῦ

1872 4600 2002 4645 rat:
2039 4589 2168 4660 quid
2215 4604 2344 4657 ergo
2394 4589 2437 4643 si
2480 4586 2767 4641 libidinosa
2824 4595 2880 4640 et
2939 4583 3266 4638 innumeros
3315 4601 3465 4636 ama-

169 4676 448 4741 πλούτου,
492 4678 619 4732 ὅταν
647 4678 938 4751 δαπανηρὰ
1056 4682 1155 4737 καὶ
1182 4681 1413 4746 ἄσωτος,
1460 4686 1558 4736 καὶ
1589 4685 1766 4739 πάντα

166 4770 392 4837 άνέμου
423 4771 787 4842 σφοδρότερον
811 4775 1020 4845 ὲκφσρῇ
1050 4792 1063 4805 ·
1094 4775 1149 4828 τί
1178 4776 1258 4841 δὲ,
1286 4779 1353 4830 ἂν
1378 4776 1638 4846 ἀσελγὴς,
1671 4778 1771 4830 καὶ

168 4863 417 4931 μυρίους
448 4866 689 4933 ἐραστὰς
719 4867 1019 4947 ἐφέλκηται
1045 4885 1060 4932 ;
1094 4869 1148 4920 τί
1179 4868 1256 4931 δὲ,
1291 4872 1358 4923 ἂν
1392 4870 1671 4940 μέθυσος;
1702 4872 1763 4923 οὐ

165 4957 410 5009 πάντων
466 4956 795 5028 πενέστερον
838 4961 1049 5027 ταχέως
1078 4960 1173 5014 τὸν
1214 4961 1386 5031 ἄνδρα
1429 4963 1763 5032 ὲργάσεται;

166 5050 256 5101 (ὶῦ
294 5048 539 5118 γαμοῦσι
570 5051 626 5103 δὲ
660 5052 844 5119 μόνον,
872 5052 1008 5104 ἀλλὰ
1031 5054 1125 5106 καὶ
1151 5052 1416 5107 ὠνοῦνται
1446 5055 1767 5123 ἐπισφαλῶς

167 5143 294 5196 ὑπὸ
328 5142 428 5205 τῆς
459 5143 760 5211 ἐπιθυμίας
787 5146 888 5213 τῆς
921 5145 1150 5213 πολλῆς.
1178 5147 1241 5198 οὐ
1267 5147 1339 5198 τὰ
1365 5147 1630 5199 σπουδαῖα
1656 5149 1773 5201 τῶν

166 5237 564 5305 ἀνδραπόδων,
592 5239 725 5290 ἀλλὰ
754 5237 825 5291 τὰ
853 5238 1033 5292 εὕωνα
1054 5240 1577 5308 περιεργαζόμενοι.
1599 5238 1769 5292 Ταῦτ’

163 5326 279 5381 οὖν
314 5326 537 5381 ᾶπαντα
566 5329 1031 5399 ἀναλογισάμενοι
1056 5331 1107 5383 οί
1136 5328 1490 5400 φιλάργυροι,
1518 5328 1629 5383 τῶν
1656 5330 1769 5398 γὰρ

165 5419 321 5490 περὶ
362 5420 465 5490 τῆς
495 5421 724 5490 γεέννης
760 5422 858 5476 καὶ
886 5425 990 5493 τῆς
1019 5422 1301 5492 βασιλείας
1348 5423 1525 5489 λόγων
1554 5423 1773 5475 οὐδέπω

166 5512 417 5566 ἀκούειν
452 5514 734 5578 δύνανται,
764 5516 859 5568 καὶ
906 5516 1006 5579 τὰς
1036 5514 1242 5585 ζημίας
1289 5518 1667 5585 ὲννοήσαντες,
1704 5516 1771 5578 ἃς

144 5609 502 5676 ὠπέμειναν
533 5608 798 5672 πολλάκις
828 5608 938 5661 ἀπὸ
975 5609 1077 5677 τῆς
1108 5607 1552 5678 φιλοχρηματίας
1584 5609 1682 5662 καὶ
1710 5612 1770 5660 ὲν

165 5700 519 5770 ὃανείσμασι
551 5701 647 5754 καὶ⁸
673 5700 733 5753 ὲν
766 5700 952 5765 ὠνίοις
982 5701 1080 5755 καὶ
1107 5701 1166 5752 ὲν
1195 5700 1399 5771 γάμοις
1427 5700 1521 5752 καὶ⁵
1548 5701 1604 5752 ἐν
1633 5717 1771 5770 προ-

170 5791 449 5852 στασέαις
477 5793 571 5842 καὶ
596 5790 781 5852 ἐντοῖς
799 5788 978 5852 ἄλλοις
1005 5788 1229 5854 ᾶπασιν,
1250 5788 1646 5856 ἀποστήτωςαν
1671 5788 1765 5841 τοῦ

1880 4684 1992 4738 sios
2061 4681 2349 4737 attrahat?
2397 4680 2538 4746 Quid
2599 4690 2787 4733 autem
2845 4676 2890 4731 si
2930 4675 3236 4730 vinolenta?
3284 4691 3466 4729 nonne

1877 4775 2119 4829 omnimn
2150 4775 2522 4844 pauperiorem
2555 4770 2704 4825 brevi
2734 4771 2922 4824 reddet
2951 4769 3126 4821 virum
3151 4767 3173 4820 ?
3196 4782 3303 4823 non
3331 4783 3465 4818 uxoc

1879 4881 1993 4921 rem
2025 4877 2234 4920 tantum
2279 4867 2506 4928 ducunt,
2533 4865 2625 4918 sed
2651 4870 2910 4917 etemunt
2940 4857 3241 4929 periculose
3256 4857 3465 4923 cupidi-

1878 4960 2005 5013 tatis
2070 4973 2271 5024 cansa;
2307 4973 2415 5011 non
2486 4971 2768 5011 servorum
2835 4951 3106 5006 stadiosas
3140 4965 3303 5003 curas
3368 4952 3465 5005 sed

1876 5069 1997 5122 quae
2044 5051 2192 5122 parvi
2231 5059 2484 5104 constent
2529 5047 2845 5115 exquirunt.
2898 5042 3024 5098 Haec
3081 5043 3244 5111 igitur
3282 5044 3463 5097 omnia

1873 5142 2259 5197 ratiocinantes
2291 5141 2461 5198 avari,
2480 5139 2545 5190 de
2571 5137 2653 5192 his
2686 5138 2828 5191 enim
2856 5150 2978 5205 quae
2993 5134 3058 5189 ad
3078 5136 3382 5207 gehennam
3408 5147 3465 5192 et

1875 5252 2099 5304 regnum
2150 5242 2406 5304 spectant
2454 5232 2640 5286 audire
2694 5231 2933 5285 nondum
2983 5243 3253 5299 possunt,
3297 5244 3347 5285 et
3391 5232 3461 5285 de

1876 5331 2093 5384 damnis
2134 5329 2460 5382 meditantes
2493 5339 2613 5392 qua:
2656 5322 2945 5377 subierunt
2977 5338 3119 5391 saepe
3149 5322 3463 5392 cupiditatis

1879 5436 2043 5475 causa
2064 5463 2077 5482 ,
2117 5432 2170 5474 et
2194 5417 2398 5472 mutuis
2422 5416 2583 5477 datis.
2613 5422 2666 5469 et
2705 5414 3070 5483 eruptionibus
3094 5426 3150 5468 et
3179 5415 3462 5468 matrimo-

1880 5516 1985 5569 niis
2037 5525 2093 5566 et
2129 5511 2440 5564 intxnet'ibus
2485 5519 2540 5562 et
2595 5510 2649 5562 in
2706 5509 2917 5563 ueteris
2979 5509 3461 5571 omnibus,dis¢o-

1876 5608 2010 5661 dunt
2072 5605 2137 5658 ab
2184 5617 2369 5656 amore
2422 5602 2710 5655 bonorum.
2769 5600 2857 5655 Sic
2911 5602 3055 5656 enim
3095 5612 3348 5671 potirnnt
3404 5608 3461 5655 et

1879 5704 2202 5765 przrsentcm
2250 5694 2415 5747 vitam
2473 5692 2525 5749 in
2564 5707 2697 5761 pace
2741 5706 2923 5761 agere,
2951 5701 3005 5745 et
3035 5692 3183 5761 parvi
3223 5693 3460 5762 penden-

1879 5803 1955 5843 tis
2007 5786 2169 5843 etiam
2201 5785 2267 5842 de
2306 5784 2645 5855 philosophia
2667 5785 2858 5841 audire
2891 5783 3073 5851 verba,
3105 5793 3160 5840 ct
3181 5782 3456 5852 aspicien-
