3972 6572
261 394 375 455 929

1607 403 1937 467 ETIIIOON
1984 409 2075 469 v1.

3426 398 3529 466 930

267 524 450 573 μετος
470 508 703 579 δύναμιν
725 527 742 543 ο
775 514 866 567 καὶ
889 513 950 567 τὸ
974 514 1037 584 δὴ
1063 516 1245 583 μεῖζον
1270 516 1351 569 ὅτι
1373 517 1431 569 ἐν
1470 518 1640 588 πολλῇ
1670 522 1843 589 τρυφῇ

1957 537 2149 591 magno
2179 530 2439 592 apparatu
2471 522 2845 584 annuntiatus,
2879 535 2986 575 non
3021 528 3160 574 unus
3196 533 3257 574 ex
3286 517 3527 589 piscato-

262 605 503 669 τραφεὶς
536 606 630 657 καὶ
662 605 875 674 πλούτῳ
912 608 1091 677 πολλῷ
1120 610 1308 679 κομῶν
1334 613 1429 665 καὶ
1450 612 1601 682 παρᾶ
1635 612 1847 667 πολλῶν

260 690 766 762 δορυφορούμενος,
822 698 917 750 καὶ
975 700 1255 768 πανταχοῦ
1300 702 1440 771 μετά
1480 703 1681 771 πολλῆς
1721 706 1849 757 ἀνα-

262 783 685 851 κηρυτῖόμενος
735 788 831 855 τῆς
879 789 1227 857 ἐπιφανείας,
1277 794 1376 846 οὐκ
1429 794 1490 859 ἐξ
1541 796 1742 849 ἀλιέων
1774 796 1849 849 ὢν

261 873 358 922 καὶ
417 874 672 927 τεὶωνῶν
728 880 824 932 καὶ
863 880 977 932 τῶν
1026 882 1260 945 εὐτελῶς
1314 882 1681 953 βεϐιωκότων,
1711 886 1848 939 ἀλλὰ

260 965 547 1033 τοσαύτης
597 969 991 1034 ἀπολελαυκὼς
1035 975 1203 1043 τιμῆς
1247 976 1487 1045 ἔπασχεν
1530 978 1674 1048 ἅπερ
1710 980 1847 1033 ἑπα-

263 1072 438 1122 σχεν·
487 1060 582 1111 καὶ
620 1063 759 1133 ὅπερ
798 1065 1209 1134 φορτικώτατον
1260 1068 1491 1123 ἐπὶτῶν
1536 1072 1848 1125 ἀποστόλων

290 1145 311 1164 ν
536 1168 537 1171 η
738 1154 762 1166 _
890 1157 903 1176 .
1163 1161 1176 1179 θ
1215 1150 1219 1154 .

259 1163 408 1201 ειναι
453 1152 648 1219 ἐδόκει,
670 1173 828 1208 τουτο
843 1158 975 1210 αυτδ
1006 1160 1099 1211 καὶ
1117 1163 1278 1224 αυτὸς
1312 1164 1550 1232 ὑπέμενε
1574 1168 1723 1236 παρά
1760 1168 1850 1236 φί-

258 1236 393 1299 λων,
418 1243 574 1311 παρὰ
603 1244 850 1308 οἰκετῶν,
876 1250 1025 1315 παρὰ
1056 1250 1265 1322 ἐχθρῶν
1314 1256 1660 1324 μισούμενος,
1700 1261 1850 1327 παρά

256 1328 369 1380 τῶν
407 1328 474 1385 εὖ
531 1337 906 1400 πεπονθότων,
941 1342 1037 1393 καὶ
1082 1344 1181 1413 τὴν
1233 1345 1386 1414 ίεράν
1444 1346 1720 1417 ἄγκυραν,
1755 1351 1849 1401 τὸν

258 1422 592 1490 ἀκύμαντον
627 1428 825 1497 λιμένα
848 1447 863 1463 ο
893 1431 1053 1485 τοῦτο
1097 1436 1152 1488 δὲ
1180 1432 1248 1507 ἦν
1279 1438 1339 1491 τὸ
1376 1443 1488 1502 τοῖς
1525 1441 1848 1503 ἀποστόλοις

257 1514 588 1584 εἰρημένον,
618 1520 678 1570 τὸ
705 1518 891 1574 ἕνεκεν
918 1523 1078 1593 ἐμοῦ,
1120 1527 1279 1580 τοῦτο
1314 1529 1444 1582 ίδείν
1474 1530 1573 1583 οὐκ
1603 1528 1739 1601 εἶχε.

330 1647 387 1705 ι’.
421 1651 709 1723 Θαυμάζω
741 1658 868 1721 τοὺς
908 1662 1107 1725 παῖδας
1151 1664 1278 1726 τοὺς
1316 1668 1466 1735 τρεῖς
1499 1668 1579 1719 ὅτι
1615 1684 1850 1722 κατεπο-

251 1741 524 1809 λέμησαν
566 1750 822 1817 καμίνου.
878 1752 961 1805 ὅτι
1009 1757 1482 1826 κατεξανέστησαν
1534 1760 1801 1829 τυράννου
1830 1778 1844 1792 ο

250 1835 372 1887 ἀλλ’
408 1836 653 1892 ἄκουσον
679 1842 732 1891 τί
759 1842 1013 1910 λέγουσι’
1048 1848 1173 1909 Τοῖς
1205 1849 1349 1909 θεοῖς
1376 1868 1471 1903 σου
1505 1851 1565 1902 οὐ
1598 1852 1847 1921 λατρεύο·

254 1945 384 1995 μεν,
423 1931 521 1983 καὶ
552 1934 615 2001 τῇ
646 1935 815 1988 είκόνι
847 1939 911 2007 τῇ
948 1944 1122 2010 χρυσῇ
1228 1943 1463 2010 ἕστησας
1498 1945 1559 1996 οὐ
1593 1945 1850 2015 λατρεύο-

254 2040 402 2090 μεν·
454 2025 593 2093 ὅπερ
635 2028 865 2099 μεγίστη
914 2034 1241 2101 παραμυθία
1282 2038 1470 2099 αὐτοῖς
1517 2034 1604 2106 ἦν,
1638 2039 1701 2092 τὸ
1751 2057 1848 2091 σα-

253 2109 375 2175 φῶς
410 2112 615 2165 εἰδέναι
643 2115 723 2167 ὅτι
760 2117 847 2170 διὰ
873 2120 967 2171 τὸν
996 2120 1127 2173 Θεὸν
1157 2125 1336 2178 πάντα
1370 2127 1675 2197 πάσχουσιν
1703 2129 1847 2200 ἆπερ

252 2204 322 2254 ἂν
383 2205 685 2259 πάθωσιν·
740 2210 894 2274 οὗτος
940 2214 998 2267 δὲ
1028 2215 1128 2268 οὐκ
1185 2216 1300 2285 ᾔδει
1345 2219 1427 2271 ὃτι
1485 2221 1846 2290 ἀγωνίσματα

249 2294 441 2349 ταῦτα
495 2298 589 2350 καὶ
641 2302 783 2371 πάλη
811 2318 825 2332 ο
858 2305 908 2356 εί
936 2305 1042 2375 γὰρ
1074 2306 1213 2377 ᾔδει,
1264 2310 1363 2362 οὐκ
1394 2311 1461 2363 ἂν
1506 2311 1704 2381 ᾔσθετο
1736 2313 1845 2365 τῶν

250 2391 598 2460 γινομένων.
632 2394 758 2447 Ὅτε
791 2396 923 2464 γοῦν
951 2398 1188 2467 ἤκουσεν
1217 2402 1296 2454 ὅτι
1333 2403 1407 2471 μὴ
1440 2402 1617 2466 ἄλλως
1644 2404 1745 2458 οῐει
1777 2423 1843 2475 με

251 2483 743 2549 κεχρηματικέναι
796 2503 901 2553 σοι,
944 2489 976 2560 ἢ
1031 2488 1117 2541 ἵνα
1165 2491 1449 2562 ἀναφανῇς
1490 2493 1721 2559 δίκαιος,
1758 2498 1843 2550 ὲν-

251 2573 555 2641 νοήσωμεν
580 2576 698 2639 πῶς
721 2578 827 2631 ἀπὸ
847 2579 1005 2650 ψιλοῦ
1032 2583 1274 2651 ῥήματος
1298 2584 1499 2647 εὐθέως
1520 2588 1843 2655 ἀνέπνευσε,

252 2666 376 2726 πῶς
418 2667 771 2737 ἐξηυτέλισεν
806 2672 1020 2736 ἑαυτὸν,
1056 2676 1173 2737 πῶς
1201 2677 1321 2730 οὐδὲ
1370 2679 1696 2733 πεπονθέναι
1728 2682 1843 2734 ἐνό-

253 2774 425 2825 μισεν
461 2760 610 2827 ὅπερ
658 2762 883 2830 ἔπαθεν,
914 2765 1058 2819 οὕτω
1102 2768 1305 2836 λέγων’
1344 2770 1411 2821 Τί
1459 2770 1539 2823 ἔτι
1582 2774 1841 2842 κρίνομαι

251 2851 692 2920 νουθετούμενος
720 2858 813 2908 καὶ
849 2859 1201 2928 ἐλεγχόμενος
1225 2861 1328 2913 ὑπὸ
1362 2864 1597 2930 Κυρίου,
1628 2866 1843 2918 ἀκούων

248 2944 462 3007 ταῦτα,
500 2946 654 2998 οὐδὲν
680 2945 754 2999 ὣν
792 2949 940 3015 ἐγώ;
975 2950 1082 3001 Καὶ
1113 2951 1276 3003 πάλιν
1303 2967 1316 2980 ·
1364 2952 1523 3023 Ἀκοῇ
1578 2956 1678 3022 μὲν
1706 2955 1841 3017 ὠτὸς

249 3036 465 3102 ἤκουόν
524 3055 617 3089 σου
664 3040 723 3091 τὸ
768 3041 1070 3111 πρότερονο
1100 3043 1193 3094 νῦν
1229 3043 1287 3095 δὲ
1328 3047 1355 3097 ὁ
1410 3045 1689 3116 ὀφθαλμός
1737 3065 1839 3114 μου

248 3127 483 3197 ἑώρακέ
524 3148 581 3182 σε
607 3147 620 3159 ·
646 3131 729 3183 διὸ
756 3133 1022 3199 ὲφαύλισα
1052 3136 1287 3202 ἐμαυτὸν
1316 3137 1412 3188 καὶ
1442 3138 1645 3208 ἐτάκην
1667 3155 1677 3168 ·
1705 3140 1841 3209 ἥγη-

250 3239 357 3291 μαι
387 3223 447 3275 δὲ
490 3224 724 3293 ἐμαυτὸν
765 3225 870 3293 γῆν
903 3228 997 3280 καὶ
1032 3229 1248 3282 σποδόν.

331 3448 429 3502 ια’.
468 3449 915 3518 Κατανοῆσωμεν
944 3449 1127 3503 τοίνυν
1156 3452 1419 3521 ἀκριϐῶς,
1449 3453 1577 3505 πότε
1606 3449 1672 3523 ἦν
1704 3455 1839 3521 λαμ-

249 3542 535 3611 πρότερος
579 3544 606 3594 ὁ
651 3541 788 3605 Ἰὼό,
834 3543 926 3594 ὅτε
972 3543 1070 3612 τὴν
1119 3544 1298 3595 οὶκίαν
1340 3530 1505 3597 αύτοῦ
1556 3548 1691 3598 πᾶσι
1730 3549 1841 3610 τοῖς

248 3633 562 3704 παριοῦσιν
600 3634 868 3701 άνεώγνυ,
902 3637 998 3687 καὶ
1029 3637 1095 3687 τά
1133 3636 1261 3688 ὄντα
1314 3637 1549 3701 ἐξεδίδου
1596 3641 1709 3700 τοῖς
1742 3640 1840 3692 πέο

246 3744 451 3798 νησινο
503 3728 535 3798 ἢ
588 3729 678 3782 ὅτε
736 3730 978 3791 ἀκούσας
1027 3730 1198 3798 αὐτὴν
1245 3734 1686 3801 κατενεχθεῖσαν,
1740 3735 1839 3785 οὐκ

246 3820 742 3886 ἀπεδυσπέτησεν,
798 3820 921 3873 οὐδὲ
964 3821 1266 3889 ἐφθέγξατό
1327 3840 1378 3875 τι
1414 3824 1568 3894 ρἧα
1618 3826 1839 3895 πικρὶν,

245 3912 376 3966 ἀλλ’
430 3914 723 3981 εὐφήμησε
776 3913 869 3965 τὸν
916 3913 1083 3965 Θεόνο
1138 3914 1269 3966 πότε
1312 3915 1692 3985 φαιδρότερος,
1752 3917 1840 3969 ὅτε

247 4004 419 4057 ἔθυεν
447 4004 589 4067 ὑπὲρ
618 4005 726 4056 τῶν
756 4005 983 4070 παίδων,
1029 4007 1125 4058 καὶ
1166 4006 1303 4077 πρὸς
1347 4008 1606 4075 ὁμόνοιαν
1643 4009 1841 4069 αὐτοὺς

244 4088 419 4160 ἦγεν,
456 4092 487 4158 ἢ
520 4092 610 4143 ὅτε
646 4094 1109 4163 καταχωσθέντων
1155 4096 1336 4148 αὐτῶν
1363 4097 1457 4149 καὶ
1488 4097 1707 4166 θανάτῳ
1748 4114 1839 4149 πι-

246 4184 382 4252 κρῷ
412 4184 476 4235 τὸ
507 4182 607 4253 ζῇν
652 4184 1141 4253 ὲκμετρησάντων,
1188 4189 1324 4255 μετά
1366 4187 1572 4256 πολλῆς
1619 4190 1719 4258 τῆς
1751 4207 1839 4256 φι-

246 4276 527 4345 λοσοφίας
573 4276 770 4347 ἤνεγκε
798 4278 866 4330 τὸ
898 4277 1117 4346 συμῦόιν
1145 4294 1158 4307 ·
1199 4278 1323 4331 τότε
1372 4281 1575 4348 μᾶλλον
1610 4280 1841 4350 ἐξέλαμ-

243 4365 359 4434 ψεν
392 4367 482 4416 ὅτε
514 4366 621 4417 ἀπὸ
642 4366 739 4433 τῆς
773 4368 977 4436 κουρᾶς
1002 4367 1108 4419 τῶν
1132 4368 1421 4436 προϐάτιον
1444 4370 1572 4431 τοὺς
1600 4373 1840 4439 γυμνοὺς

248 4455 617 4526 περιέϐαλεν,
647 4456 679 4526 ἢ
714 4459 802 4509 ὅτε
836 4457 1079 4519 ἀκούσας
1110 4460 1195 4511 ὅτι
1228 4460 1341 4533 πῦρ
1370 4460 1564 4512 ἔπεσεν
1592 4461 1652 4526 ἐξ
1679 4463 1841 4532 ούρα-

1954 616 2123 680 rilms,
2177 626 2270 669 ant
2320 614 2640 684 publicanis,
2693 623 2748 667 et
2811 613 2990 669 viliter
3038 612 3379 674 viventibus.
3432 614 3526 665 sed

1956 713 2107 757 tanto
2140 703 2323 758 fruens
2364 706 2569 758 lionore
2598 718 2788 773 passus
2823 714 2906 756 est
2934 719 2999 758 ea
3026 719 3145 772 quze
3179 717 3371 770 passus
3417 711 3527 758 est.

1952 793 2015 846 Et
2039 796 2182 862 quod
2213 794 2460 864 gravius,
2495 810 2657 864 quam
2690 796 2829 865 quod
2852 796 3107 861 apostolis
3136 796 3382 864 contigit,
3404 810 3529 849 esse

1952 884 2253 948 videbatur,
2282 888 2381 938 hoc
2406 886 2581 953 ipsum
2625 886 2692 939 ab
2730 885 2920 939 amicis
2965 885 3106 948 tulit,
3136 901 3161 937 a
3192 885 3527 948 domesticis,

1953 975 2020 1027 ab
2044 975 2279 1028 inimicis
2312 977 2437 1030 odio
2465 976 2705 1039 habitus,
2738 976 2806 1029 ab
2835 976 2915 1030 his
2945 976 3035 1043 qui
3070 990 3330 1044 prospere
3360 976 3527 1045 dege-

1954 1066 2186 1130 bant;et
2217 1082 2427 1127 sacram
2462 1067 2784 1131 anchoram,
2819 1076 3029 1137 portum
3065 1067 3183 1122 sine
3211 1065 3399 1131 ﬂuctu,
3424 1071 3528 1123 lioc

1953 1158 2211 1223 apostolis
2263 1158 2466 1213 dictum
2513 1169 2614 1224 est,
2672 1159 2883 1228 propter
2916 1174 3018 1225 me,
3053 1159 3157 1213 hoc
3194 1159 3372 1214 videre
3417 1173 3525 1212 non

1951 1258 2185 1316 poterat.

2023 1641 2111 1696 10.
2149 1642 2320 1699 Miror
2350 1652 2459 1700 tres
2488 1661 2708 1715 pueros,
2739 1649 2879 1718 quod
2914 1665 3037 1705 cum
3070 1652 3280 1709 camino
3321 1669 3525 1724 pugna-

1952 1734 2083 1797 rint,
2135 1738 2280 1802 quod
2330 1737 2727 1795 iusurrcxerint
2781 1743 2833 1795 in
2885 1751 3197 1812 tyrannum.
3242 1745 3345 1801 Sed
3398 1747 3525 1802 audi

1950 1828 2077 1895 quid
2115 1828 2336 1884 dicant:
2372 1831 2493 1886 Deis
2544 1837 2651 1888 tuis
2688 1850 2795 1889 non
2837 1838 3107 1893 servimus
3146 1848 3198 1892 et
3237 1839 3522 1910 imaginem

1952 1936 2168 1975 auream
2198 1939 2357 1992 quam
2394 1927 2613 1980 erexisti
2645 1942 2751 1982 non
2787 1930 3265 1998 adoramus.Quod
3290 1940 3521 1991 maxima
3596 1938 3605 1947 ”

1949 2015 2258 2073 οὰὶοτωιὶο
2313 2026 2432 2072 erat
2488 2019 2592 2082 bis,
2633 2021 2777 2075 clare
2824 2023 2969 2077 scire
3021 2039 3079 2078 se
3124 2041 3220 2094 pro
3268 2027 3377 2082 Deo
3409 2030 3517 2095 pati

1948 2110 2089 2175 quod
2126 2110 2488 2176 patiebantur.
2553 2112 2645 2166 Ille
2694 2128 2824 2167 vero
2899 2117 3180 2171 nesciebat
3223 2134 3282 2173 se
3326 2135 3423 2190 pro
3450 2136 3519 2175 eo

1948 2203 2059 2269 pali
2093 2205 2388 2257 luctamina
2414 2215 2708 2273 etpugnas.
2736 2206 2793 2259 Si
2813 2208 2955 2261 enim
2999 2210 3266 2272 scivisset.
3292 2227 3394 2267 non
3429 2228 3524 2268 ac-

1947 2294 2180 2348 cidentia
2207 2297 2493 2350 sensisset.
2529 2296 2759 2362 Quando
2787 2299 2948 2368 igitur
2975 2302 3177 2355 audivit
3208 2304 3476 2359 dicentem
3501 2321 3521 2358 :

1946 2385 2025 2440 Nc
2050 2388 2205 2442 aliter
2234 2400 2390 2457 putes
2427 2405 2511 2442 me
2541 2391 2832 2460 temetipso
2895 2407 3050 2445 usum
3084 2408 3227 2454 esse,
3268 2411 3428 2463 quant
3460 2408 3519 2450 nt

1946 2495 2210 2548 apparens
2242 2482 2444 2547 justus,
2496 2483 2792 2552 cogitemus
2844 2487 3113 2552 quomodo
3147 2497 3365 2553 propter
3399 2488 3524 2543 exi-

1946 2588 2106 2641 gnum
2144 2575 2364 2627 verbum
2425 2574 2533 2626 cito
2578 2575 2949 2643 respiraverit,
3000 2581 3273 2645 quomodo
3296 2592 3355 2632 se
3398 2579 3520 2633 vili-

1947 2666 2162 2733 pendat,
2202 2665 2472 2733 quomodo
2501 2682 2567 2717 ne
2626 2680 2843 2733 passum
2913 2667 3127 2734 quidem
3170 2683 3230 2721 se
3258 2683 3377 2723 esse
3400 2682 3526 2738 qua

1948 2770 2138 2822 passus
2164 2764 2265 2817 est,
2308 2753 2380 2805 ita
2426 2754 2689 2821 loquens:
2740 2754 2881 2821 Quid
2936 2756 3113 2810 adhuc
3164 2757 3371 2826 judico,
3406 2777 3519 2812 mc—

1947 2849 2140 2915 ipsum.
2165 2863 2328 2914 quum
2369 2848 2662 2901 admonear
2718 2858 2773 2901 et
2830 2863 3028 2915 arguar
3068 2865 3097 2903 a
3134 2850 3381 2914 Domino,
3425 2866 3526 2905 au-

1943 2942 2096 2994 diens
2128 2942 2239 2995 tuaac
2260 2940 2348 3008 qui
2383 2940 2516 2992 nihil
2566 2941 2729 2994 sum?
2760 2939 2822 2992 Et
2857 2956 3042 2994 rursus
3069 2958 3088 2997 :
3129 2942 3326 2996 Anditu
3370 2944 3521 2997 auris

1944 3031 2226 3085 audiebam
2265 3042 2315 3083 Ie
2340 3032 2493 3100 prius
2525 3046 2542 3097 ;
2575 3046 2715 3084 nunc
2753 3042 2932 3086 autem
2985 3032 3174 3088 oculus
3210 3050 3359 3090 mens
3392 3034 3528 3091 vidit

1946 3135 1996 3175 te
2029 3140 2043 3185 ;
2072 3124 2192 3175 ideo
2213 3123 2372 3176 vilem
2404 3138 2488 3177 me
2542 3123 2786 3190 reputavi
2840 3133 2896 3178 et
2950 3137 3304 3194 consumptus
3351 3142 3468 3181 sum
3502 3144 3520 3192 ;

1868 3226 1908 3281 ρ
1946 3213 2208 3279 meipsum
2244 3212 2389 3267 enim
2432 3224 2488 3266 ut
2533 3222 2733 3268 terram
2785 3222 2840 3269 et
2895 3213 3174 3283 pulverem
3226 3215 3532 3274 arbitratus.

1948 3319 2091 3357 διιιιὶ.

2018 3444 2102 3497 ll.
2148 3442 2437 3496 Videamus
2460 3442 2621 3511 igitur
2649 3443 2964 3511 diligenter,
3008 3443 3226 3513 quando
3257 3445 3519 3502 illustrior

1945 3547 2056 3592 erat
2085 3536 2207 3601 Job,
2240 3551 2362 3587 cum
2407 3536 2620 3588 domum
2656 3551 2805 3589 suam
2868 3536 3119 3591 omnibus
3155 3532 3527 3605 praesentibus-

1946 3635 2276 3702 aperiret.et
2312 3632 2597 3686 facultates
2646 3630 2971 3701 pauperibus
3031 3630 3202 3691 daret,
3266 3631 3347 3683 vel
3392 3645 3514 3686 cum

1947 3725 2120 3793 ipsius
2142 3725 2293 3775 ruina
2326 3723 2532 3786 audita,
2558 3737 2662 3775 non
2687 3722 2924 3775 animum
2945 3721 3248 3789 despondit,
3271 3736 3369 3776 nec
3399 3737 3523 3776 ver-

1946 3817 2071 3871 bum
2107 3816 2234 3884 quid
2267 3831 2515 3868 amarum
2535 3816 2922 3883 pronuntiavit,
2951 3813 3043 3867 sed
3075 3814 3347 3868 benedixit
3371 3812 3478 3866 Deo
3503 3830 3529 3879 ι

1945 3913 2159 3980 quando
2188 3909 2403 3973 clarior,
2438 3925 2557 3961 rnni
2582 3907 2907 3961 sacriﬁcium
2936 3905 3155 3960 oﬂ'erret
3187 3922 3282 3974 pro
3314 3908 3521 3971 pueris,

1944 4015 1999 4058 et
2044 4006 2109 4057 ad
2148 4004 2487 4057 concordiam
2530 4014 2624 4053 eos
2682 4002 2921 4060 duceret,
2952 3997 3033 4050 vel
3065 4013 3190 4053 cum
3224 3998 3529 4051 inliutnatis

1945 4095 2073 4157 illis,
2108 4104 2161 4145 et
2193 4102 2366 4144 morte
2419 4105 2605 4143 amara
2655 4090 2762 4142 vita
2808 4088 3111 4151 defunctis,
3157 4104 3279 4141 cum
3326 4104 3515 4156 magna

1945 4187 2211 4254 sapientia
2262 4184 2381 4237 tulit
2437 4180 2711 4235 eventus?
2745 4190 2869 4233 tunc
2932 4180 3101 4249 magis
3145 4180 3352 4233 etlulsit
3396 4194 3525 4230 cum

1942 4276 2140 4329 vellere
2168 4274 2346 4327 ovium
2381 4272 2549 4326 nudos
2578 4271 2858 4335 vestiebat,
2889 4286 3047 4337 qnam
3110 4287 3232 4325 cum
3294 4267 3533 4322 audiens-

1944 4370 2120 4436 ignem
2150 4370 2215 4421 de
2256 4367 2393 4419 (mlo
2421 4365 2704 4429 cecidisse,
2763 4373 2817 4417 et
2880 4374 3122 4416 armenta
3170 4366 3327 4415 ilullln
3387 4376 3523 4413 cunn

1944 4461 2250 4532 pastoribus
2294 4463 2602 4519 devorasse,
2638 4470 2746 4511 non
2799 4457 3045 4510 turbatus
3095 4467 3198 4518 εει,
3229 4457 3321 4509 sed
3374 4456 3534 4509 mitis-

248 4550 377 4611 νοῦ,
422 4552 517 4603 καὶ
545 4550 819 4615 κατέφαγε
850 4550 949 4620 τὴν
979 4551 1183 4621 ἀγέλην
1228 4552 1374 4628 μετὰι
1396 4552 1505 4604 τῶν
1539 4554 1834 4622 ποιμένων,

1950 4554 2296 4609 infortunium
2335 4552 2495 4606 tulit?
2553 4549 2705 4605 Tunc
2766 4566 2997 4619 magnus
3038 4560 3153 4604 erat
3183 4560 3238 4604 et
3265 4551 3528 4611 celebris,

247 4643 315 4695 οὐ
348 4640 709 4709 διεταράχθη,
750 4641 891 4693 ἀλλὰ
936 4643 1126 4714 πράως
1156 4643 1355 4713 ἤνεγκε
1386 4642 1485 4713 τὴν
1522 4646 1835 4713 συμφοράν.

250 4734 399 4785 Τότε
436 4733 608 4801 μέγας
636 4728 704 4803 ἦν
736 4732 827 4785 καὶ
861 4733 1171 4801 εὐδόκιμος,
1204 4734 1292 4785 ὅτε
1324 4737 1389 4802 τῇ
1418 4735 1581 4806 ὑγεία
1607 4736 1700 4788 τοῦ
1735 4736 1840 4788 σώ-

254 4842 440 4896 ματος
466 4825 603 4896 πρὸς
629 4825 727 4894 τὴν
760 4824 867 4877 τῶν
895 4824 1269 4894 ἀδικουμένων
1298 4829 1567 4897 ἐκέχρητο
1601 4845 1841 4897 προστα-

252 4922 411 4982 σίαν,
448 4916 759 4987 συντρίϐων
787 4916 887 4980 τὰς
937 4917 1112 4987 μύλας
1137 4920 1248 4971 τῶν
1276 4920 1481 4973 ἀδίκων
1527 4922 1623 4975 καὶ
1652 4924 1715 4973 ἐκ
1748 4922 1843 4991 μέ-

251 5030 359 5065 σου
391 5010 624 5062 ὀδόντων
672 5010 853 5062 αὑτῶν
890 5009 1220 5078 ἐξαρπάζων
1259 5014 1636 5081 ἁρπάγματαο
1687 5013 1719 5081 ἢ
1754 5013 1843 5065 ὅτε

249 5106 321 5156 τὸ
354 5103 517 5171 σῶμα
572 5102 732 5155 τοῦτο
773 5102 930 5167 αὐτὸ,
976 5102 1041 5157 τὸ
1092 5104 1200 5157 τῶν
1238 5104 1616 5173 ἀδικουμένων
1676 5105 1845 5159 ὅπλον

253 5197 480 5265 ἑώρακε
518 5194 946 5263 κατεσθιόμενον
982 5194 1086 5247 ὑπὸ
1118 5196 1439 5265 σκωλήκων,
1474 5198 1568 5248 καὶ
1598 5198 1842 5267 καθήμε-

254 5304 355 5348 νος
392 5287 489 5338 ἐπὶ
518 5285 618 5355 τῆς
670 5288 927 5355 κοπρίας,
959 5287 1119 5350 αὐτὸς
1173 5288 1304 5340 αὐτὸ
1343 5289 1593 5352 κατέξεε,
1659 5288 1841 5341 λαϐὼν

255 5380 563 5447 ὄστρακον,
595 5376 767 5430 ταῦτά
796 5394 879 5430 τοι
920 5379 1017 5431 καὶ
1053 5378 1227 5445 ἔλεγε,
1261 5379 1415 5448 τήκῳ
1459 5380 1713 5449 βώλικσς
1740 5382 1839 5450 γῆς

254 5473 372 5524 ἀπὸ
404 5471 601 5538 ἰχῶρος
630 5469 786 5534 ξέων.
822 5472 931 5524 Καὶ
960 5488 1046 5523 τοι
1081 5473 1267 5523 ἐκεῖνα
1296 5464 1397 5536 μὲν
1431 5472 1606 5524 πάντα
1644 5490 1843 5541 κατορο

258 5561 519 5631 θώματα,
544 5559 720 5613 ταῦτα
749 5560 805 5612 δὲ
852 5560 1153 5628 παθήματα
1182 5555 1249 5631 ἦν
1272 5576 1286 5590 ο
1331 5560 1446 5612 ἀλλ’
1490 5562 1638 5629 ὅμως
1669 5564 1842 5613 ταῦτα

258 5654 428 5707 αὐτὸν
459 5652 683 5705 ἐκείνων
724 5651 925 5720 μᾶλλον
962 5652 1210 5720 ἀπέφηνε
1257 5650 1659 5718 λαμπρότερον.
1708 5653 1844 5704 Τότε

265 5745 369 5813 μὲν
406 5743 513 5813 γάρ
545 5742 930 5814 φιλάνθρωπος
958 5738 1048 5813 ἦν,
1076 5743 1172 5795 νῦν
1200 5743 1256 5796 δὲ
1284 5744 1571 5811 φιλόσοφος
1599 5745 1806 5811 ἐγίνετο
1829 5787 1843 5811 ,

1946 4660 2067 4699 cum
2124 4642 2427 4695 valetudine
2470 4642 2713 4707 corporis
2752 4650 2993 4695 uteretur
3047 4640 3115 4694 ad
3150 4640 3513 4694 defensionem

1944 4735 2143 4803 injuste
2196 4735 2533 4803 patientium,
2560 4745 2843 4788 conterens
2897 4733 3220 4803 injustorum
3273 4734 3438 4786 molas
3464 4742 3526 4784 ρι’

1950 4829 2015 4881 dc
2044 4828 2231 4881 mediis
2266 4828 2517 4883 dentibus
2559 4844 2745 4883 eorum
2788 4828 3006 4896 rapinas
3046 4828 3313 4895 eripiens,
3336 4831 3532 4894 .magisn'

1950 4934 2111 4989 quain
2147 4921 2271 4973 dum
2306 4936 2503 4987 corpus
2547 4923 2645 4973 hoc
2689 4920 2860 4986 ipsum
2899 4919 3149 4984 iniuriam
3197 4921 3528 4988 patientium-

1954 5013 2413 5081 propugnacnlum
2468 5014 2785 5065 devoratum
2844 5011 3117 5065 vermibus
3172 5011 3325 5072 vidit,
3367 5022 3417 5066 et
3461 5014 3511 5064 in

1958 5105 2081 5156 lituo
2107 5105 2321 5167 sedens,
2345 5105 2456 5172 ipse
2482 5105 2605 5157 illud
2631 5103 2881 5156 scabebat
2901 5143 2914 5163 ,
2939 5112 3129 5156 tenens
3152 5110 3369 5169 testam,
3403 5104 3519 5157 huic

1942 5198 2158 5266 quidem
2215 5197 2425 5249 ditebat
2459 5215 2472 5248 :
2501 5195 2742 5248 Tabesco
2776 5206 2932 5249 terra)
2960 5195 3143 5263 glebts
3172 5212 3199 5247 ιι
3235 5201 3533 5266 putredine

1942 5291 2191 5342 statu-ns.
2224 5288 2286 5341 Et
2318 5290 2406 5343 illa
2445 5290 2661 5354 quidem
2726 5288 2909 5342 omnia
2960 5291 3293 5359 prosperitas
3335 5302 3531 5354 erant,.

1942 5384 2057 5435 lucc
2097 5384 2339 5435 dolores.
2360 5383 2460 5435 Sed
2486 5382 2597 5433 ιλιι-ε
2624 5391 2803 5434 ιςιηιυιι
2837 5384 3010 5449 ip~um
3039 5384 3209 5452 magis
3230 5399 3390 5449 quam
3434 5382 3529 5436 illa

1943 5474 2287 5526 illustriorem
2369 5474 2804 5527 mamfcstarnnt.
2854 5472 3005 5528 Tunc
3054 5475 3196 5529 enim
3250 5475 3527 5529 humanus

1940 5574 2080 5627 erat,
2129 5581 2269 5616 nunc
2321 5565 2575 5629 sapiens;
2617 5574 2746 5619 tunc
2794 5581 3089 5635 pauperum
3139 5568 3521 5633 miserebatur,

1952 5671 2095 5710 nunc
2122 5668 2299 5708 autem
2340 5656 2566 5709 Domino
2624 5657 2829 5725 gratias
2870 5660 3003 5725 agit,
3062 5662 3186 5726 quia
3233 5663 3332 5713 scit
3364 5664 3527 5713 abeo

1950 5758 2145 5801 euiicla
2186 5748 2398 5815 disponi
2443 5749 2507 5801 ad
2554 5749 2865 5802 utilitatem.
2894 5747 2958 5801 Et
2994 5761 3048 5801 ut
3083 5748 3375 5814 discamue,
3408 5766 3522 5801 ina-
