3972 6574
290 391 393 453 933

1621 388 1945 457 ETIIICJN
1988 399 2029 457 ι’
2042 395 2091 458 Ι.

3412 421 3531 499 9M,

287 504 437 570 ζουσι
463 503 687 575 βλέπειν
716 506 809 557 καὶ
846 503 946 576 τὴν
979 505 1213 574 κοπρίαν
1260 504 1496 576 εκείνην,
1534 509 1629 559 καὶ
1659 506 1817 561 τοῦτο

1950 506 2203 578 ιπσειίυεῖε
2269 524 2542 574 οΐιεθιιιιξι,
2611 525 2663 570 et
2722 521 2903 575 nescio
2958 523 3366 594 quid:ctcnim
3419 549 3523 588 nou

285 599 346 650 ὲν
374 596 517 668 μέσῃ
558 599 628 667 τῇ
660 596 866 669 κοπρίᾳ
912 598 1250 668 καθήμενον,
1279 596 1373 651 τὸν
1409 598 1705 668 ἀνδριάντα
1756 599 1848 653 τὸν

261 690 540 763 ,χρυσοῦν,
575 688 669 743 τὸν
697 688 956 761 διάλιθον.
995 690 1085 744 τὸν
1117 692 1219 744 οὐκ
1249 685 1367 744 οἴδα
1400 691 1517 755 πῶς
1548 691 1689 744 είπω
1712 707 1725 720 ·
1754 692 1848 744 καί¹

278 783 389 853 γάρ
406 781 510 836 οὐκ
537 782 651 853 ἒχω
684 782 873 852 τιμίαν
905 782 1077 845 οὕτως
1110 781 1243 851 ὓλην
1273 782 1475 852 εὑρεῖν,
1506 782 1580 846 ὡς
1613 783 1850 853 δυνηθῆ-

277 891 369 928 ναι
411 873 756 942 παραϐαλεῖν
789 874 849 927 τὸ
895 873 1216 944 ᾑμαγμένον
1264 875 1443 929 έκεῖνο
1472 876 1632 945 σῶμα
1653 889 1669 905 ’
1704 874 1848 927 οὕτω

276 966 460 1034 πάσης
511 966 644 1035 ὕλης
685 965 871 1034 τιμίας
918 967 982 1017 ὲκ
1029 964 1228 1018 πολλοῦ
1260 964 1357 1018 τοῦ
1413 965 1718 1034 περιόντος,
1751 965 1848 1035 τῆς

279 1057 482 1128 σαρκὸς
512 1058 730 1128 ἐκείνης
760 1058 794 1129 ὴ
828 1055 990 1125 φύσις
1029 1057 1304 1111 ἐδείκνυτο
1337 1057 1718 1127 λαμπροτέρα,
1754 1060 1848 1110 καὶ

270 1150 340 1204 τά
371 1148 664 1219 τραύματα
693 1148 804 1201 τῶν
834 1149 1076 1218 ἡλιακῶν
1104 1149 1343 1203 ἀκτίνων
1373 1148 1726 1219 φαιδρότερα.

341 1286 426 1340 ιδ’.
466 1287 582 1340 Καὶ
638 1286 784 1357 μάλα
821 1285 1090 1350 εἰκότως*
1125 1279 1285 1340 αὗται
1330 1286 1432 1355 μὲν
1475 1287 1585 1358 γὰρ
1619 1288 1717 1349 τὰς
1747 1286 1843 1339 τοῦ

267 1378 526 1447 σώματος
549 1378 990 1445 καταυγάζουσιν
1015 1377 1187 1447 ὄψεις,
1219 1376 1406 1432 ἐκεῖνα
1431 1377 1488 1430 δὲ
1510 1378 1576 1431 τά
1601 1378 1701 1448 τῆς
1727 1379 1843 1430 δια-

267 1470 421 1531 νοίας
450 1469 615 1539 ἡμῶν
644 1468 977 1537 φωτίζουσιν
1009 1468 1271 1538 δμματα’
1313 1468 1396 1521 διὸ
1427 1468 1637 1521 δίκαιον
1668 1468 1841 1521 ταῦτα

264 1558 566 1629 περιφέρει
589 1559 735 1629 ἡμᾶς
764 1559 821 1610 ὲν
853 1557 927 1627 νῷ
947 1573 963 1590 ·
991 1559 1084 1611 καὶ
1111 1558 1238 1611 ὅταν
1271 1560 1329 1625 ἐξ
1352 1559 1538 1628 οὐρίας
1567 1556 1839 1627 πλέωμεν,

262 1649 326 1702 τὸ
358 1651 621 1717 ναυάγιον
655 1648 1051 1721 φοϐουμένουςο
1082 1652 1175 1704 καὶ
1209 1650 1337 1703 ὅταν
1379 1652 1709 1720 πειρασμοῖς
1747 1668 1841 1703 πε-

265 1741 650 1813 ριπίπτωμεν,
679 1742 740 1794 τὸ
764 1744 829 1795 ἐκ
850 1743 951 1811 τῆς
977 1741 1256 1811 ὑπομονῆς
1279 1741 1593 1803 ἐννοοῦντας
1616 1741 1803 1812 κέρδος
1821 1759 1835 1771 ·

1948 599 2101 653 valeo
2131 598 2343 672 dignam
2380 608 2512 660 Salis
2560 610 2836 666 materiam
2868 617 3105 683 reperire
3121 634 3281 689 quam
3309 627 3524 692 corpori

1948 689 2037 743 iSti
2076 692 2373 760 sanguineo
2408 696 2654 755 conferre
2684 706 2883 771 possint
2914 723 2927 769 ;
2958 708 3030 762 ita
3072 722 3264 768 cuneta
3289 689 3524 775 pretiosa

1926 784 2176 853 ‘tnatcria
2208 801 2272 840 ex
2309 788 2487 841 tnultis
2518 806 2638 859 quae
2669 795 2912 850 ambiunt
2939 802 3118 856 carnis
3143 804 3297 860 istius
3320 818 3514 863 natura

1948 863 2208 930 illustrior
2258 879 2572 948 apparebat,
2623 891 2677 939 et
2725 884 2947 945 vulnera
2993 892 3124 949 solis
3184 887 3350 955 radiis
3405 880 3535 957 cla;

1948 982 2114 1023 rtora.

2020 1282 2105 1336 l4.
2150 1285 2218 1339 Et
2248 1285 2404 1344 valde
2429 1302 2554 1343 vere
2591 1307 2604 1345 :
2640 1291 2693 1347 hi
2724 1295 2867 1349 enim
2903 1300 3148 1369 corporis
3187 1302 3357 1358 visum
3398 1305 3517 1361 illu-

1945 1374 2175 1438 minant,
2212 1375 2298 1431 illa
2333 1377 2699 1450 intelligentia:
2736 1396 2933 1440 nostra:
2982 1389 3168 1445 oculos
3211 1387 3517 1454 illustrant;

1944 1462 2064 1517 ideo
2117 1464 2263 1533 juste
2314 1468 2431 1523 haec
2490 1485 2586 1525 nos
2659 1472 3051 1532 circmnl’erunt
3102 1481 3153 1534 in
3212 1470 3391 1537 mente
3425 1496 3514 1550 ;c|

1941 1558 2154 1624 quando
2186 1567 2345 1612 vento
2371 1575 2630 1631 pr05pero
2673 1567 3008 1636 navigamus,
3063 1573 3402 1643 naufragium
3450 1582 3513 1633 ti-

1942 1658 2179 1715 mentes;
2207 1660 2258 1703 et
2281 1656 2493 1720 quando
2512 1658 2890 1713 teut-itionibus
2941 1663 3244 1728 obruimur,
3269 1678 3513 1735 questum

1941 1754 1971 1793 e
2002 1740 2258 1805 patientia
2302 1743 2592 1801 intuentes.
2658 1748 2723 1805 Ut
2765 1754 2905 1804 enim
2960 1753 3012 1805 in
3061 1770 3220 1810 arena
3256 1760 3512 1815 athletam

261 1834 343 1898 ὡς
372 1835 485 1905 γὰρ
514 1835 575 1887 ὲν
598 1834 675 1903 τῷ
706 1837 992 1904 σκάμματι
1021 1834 1111 1887 τὸν
1135 1834 1374 1905 ἀθλητὴν
1399 1834 1495 1888 καὶ
1527 1834 1712 1905 ίδρῶτι
1746 1853 1815 1888 κα

1943 1843 2159 1898 oportet
2189 1846 2244 1889 et.
2275 1838 2472 1891 sudore
2494 1849 2547 1891 et
2587 1840 2805 1907 pulvere
2837 1854 2889 1897 et
2925 1845 3105 1901 calore
3142 1851 3327 1913 nmlto,
3359 1864 3411 1905 et
3443 1853 3510 1905 la-

256 1928 413 1981 κόνει
442 1928 539 1982 καὶ
568 1926 745 1997 θέρμῃ
771 1927 961 1996 πολλῇ,
985 1929 1081 1981 καὶ
1103 1926 1285 1990 πόνοις
1316 1927 1409 1981 καὶ
1436 1927 1833 1994 ταλαιπωρίαις

256 2015 545 2086 μάχεσθαι
595 2017 697 2080 δεῖ,
737 2015 999 2071 οὕτωκαὶ
1051 2018 1144 2071 τὸν
1188 2019 1412 2085 ἄριστον
1439 2019 1534 2071 τοῦ
1591 2019 1831 2090 Χριστοῦ

255 2108 612 2179 στρατιώτην
650 2110 821 2163 πολλὰ
865 2109 1045 2181 χρεὼν
1089 2109 1385 2181 ὑπομένειν
1431 2110 1689 2175 ἐνταῦθα,
1738 2115 1832 2164 καὶ

252 2204 445 2253 πάντα
474 2201 664 2270 φέρειν
689 2203 973 2269 γενναίως,
1003 2201 1058 2255 εῐ
1083 2219 1147 2268 γε
1175 2201 1360 2271 μέλλοι
1388 2201 1675 2272 λαμπροὺς
1699 2203 1830 2255 άπο-

250 2290 532 2360 λήψεσθαι
560 2294 690 2355 τοὺς
726 2294 1045 2361 στεφάνους.
1073 2294 1133 2346 Εἰ
1166 2292 1271 2362 γὰρ
1303 2293 1366 2363 δὴ
1394 2295 1553 2362 σῶμα
1586 2295 1829 2363 μακαρίο

252 2383 456 2453 ζομεν,
483 2384 546 2436 τὸ
593 2384 893 2454 δυνάμενον
920 2385 1091 2454 ψύχος
1135 2386 1229 2437 καὶ
1259 2381 1449 2451 καῦμα
1482 2385 1672 2452 φέρειν
1700 2382 1828 2436 ἁλύ-

252 2493 399 2538 πως,
450 2478 547 2529 καὶ
598 2476 779 2544 λιμὸν,
826 2478 921 2531 καὶ
956 2477 1188 2543 ἔνδειαν,
1233 2477 1326 2529 καὶ
1371 2476 1701 2547 ὁδοιπορίαν,
1736 2474 1830 2529 καὶ

247 2568 637 2641 ταλαιπωρίας
667 2569 883 2640 ἑτέρας,
925 2571 1104 2636 πολλῶ
1135 2566 1351 2640 μᾶλλον
1379 2572 1461 2623 δεῖ
1504 2567 1829 2639 μακαρίζειν

245 2660 433 2731 ψυχὴν
462 2660 563 2731 τὴν
609 2660 917 2731 δυναμένην
951 2664 1238 2732 καρτερῶς
1270 2662 1366 2715 καὶ
1407 2661 1670 2731 γενναίως
1714 2662 1825 2714 τῶν

244 2754 443 2805 δεινῶν
473 2756 575 2815 τὰς
610 2753 918 2822 προσϐολάς
965 2753 1261 2823 ὑπομένειν
1294 2754 1537 2816 ἀπάτας,
1588 2752 1682 2804 καὶ
1712 2752 1827 2805 δια-

248 2848 448 2913 τηρεῖν
498 2846 800 2899 ἀδούλωτον
845 2847 1015 2915 αύτῆς
1050 2848 1140 2900 διὰ
1191 2847 1414 2900 πάντων
1450 2845 1511 2897 τὸ
1543 2847 1823 2917 φρόνημα.

246 2940 473 3009 Ὠσπερ
505 2937 598 2994 οὖν
627 2942 661 3010 ἡ
684 2941 883 3011 ἀργίας
917 2942 1011 3007 καὶ
1046 2940 1229 3003 ἀδείας
1275 2939 1625 2994 ἀπολαύουσα
1656 2938 1824 3008 ψυχὴ.

244 3031 497 3092 εὐκόλως
528 3030 631 3083 ὑπὸ
661 3049 770 3083 των
803 3028 990 3082 παϋῶν
1040 3030 1340 3086 ἁλίσκεται,
1373 3028 1547 3090 οὓτως
1583 3030 1614 3097 ἡ
1648 3030 1826 3097 διηνε-

247 3122 366 3184 κῶς
396 3124 514 3184 τοίς
546 3124 686 3192 ὑπὲρ
716 3122 816 3190 τῆς
843 3121 1044 3191 ἀρετῆς
1077 3125 1285 3189 ἀγῶσιν
1325 3121 1671 3190 ἐσχολακυία,
1701 3121 1818 3173 οὒδὲ

1938 1923 2163 1980 boribus
2192 1935 2244 1981 et
2299 1929 2534 1983 miseriis
2590 1946 2849 2001 pugnare,
2916 1936 2988 1990 ita
3059 1940 3277 1995 militent
3309 1943 3510 1999 Christi

1932 2014 2218 2080 optimum,
2278 2018 2366 2085 qui
2429 2020 2590 2073 multa
2650 2024 2805 2077 debet
2862 2025 2969 2094 pati
3032 2029 3081 2081 in
3138 2030 3237 2085 hac
3288 2035 3416 2099 vita,
3452 2049 3510 2093 et

1933 2109 2112 2159 omnia
2143 2123 2406 2175 generose
2455 2111 2618 2177 ferre,
2655 2115 2699 2168 si
2749 2131 2978 2172 coronas
3027 2124 3271 2189 accipere
3319 2128 3505 2184 debeat

1937 2195 2157 2290 multas.
2195 2200 2251 2253 Si
2284 2201 2425 2254 enim
2456 2219 2655 2274 corpus
2702 2207 2914 2262 beatum
2954 2212 3182 2270 dicimus
3225 2219 3366 2286 quod
3412 2236 3506 2290 po-

1936 2295 2040 2338 test
2074 2287 2243 2351 frigus
2268 2301 2318 2344 et
2353 2294 2585 2373 calorem
2612 2297 2727 2350 sine
2759 2300 2972 2355 tristitia
3012 2301 3172 2369 ferre,
3201 2316 3256 2362 et
3288 2287 3507 2377 famem,

1932 2386 1986 2425 et
2016 2376 2267 2443 iunpiatn,
2305 2390 2355 2432 et
2402 2381 2501 2436 iter
2531 2392 2584 2435 et
2633 2386 2878 2442 misetias
2902 2391 3052 2455 alias,
3111 2397 3280 2452 multo
3338 2376 3505 2470 magis

1931 2468 2087 2523 beata
2117 2466 2337 2525 dicenda
2371 2485 2453 2529 est
2485 2477 2667 2531 anima
2692 2497 2808 2550 qua:
2835 2482 2973 2536 valet
3010 2486 3226 2542 fortiter
3260 2502 3312 2545 et
3343 2466 3503 2560 gene-

1932 2562 2493 2619 roseinfortuniorum
2556 2584 2843 2638 aggressus
2890 2590 3079 2631 omnes
3135 2583 3422 2649 sustinere,
3452 2596 3506 2640 et

1934 2667 2029 2719 per
2059 2656 2237 2707 omnia
2275 2658 2595 2713 sententiam
2639 2677 2792 2716 suam
2842 2677 2991 2719 extra
3044 2671 3355 2728 servitutem
3389 2690 3502 2729 ser-

1933 2761 2083 2800 vare.
2118 2746 2185 2801 Ut
2235 2750 2378 2802 enim
2435 2753 2627 2806 inertia
2676 2762 2731 2809 et
2785 2758 3073 2813 securitate
3108 2760 3292 2818 {ruens
3322 2768 3501 2820 anima

1932 2838 2087 2894 facile
2117 2839 2493 2896 amictionibus
2537 2857 2860 2914 occupatur,
2896 2850 2970 2904 ita
3012 2854 3352 2922 quacjugiter
3384 2873 3502 2913 ver-

1930 2941 2084 2984 satur
2139 2931 2190 2984 in
2251 2933 2467 2987 virtutis
2526 2938 2741 3005 pttgnis,
2799 2955 2970 3009 neque
3020 2942 3214 2999 intueri
3265 2964 3500 3018 unquam

1930 3021 2243 3077 certaminis
2281 3037 2466 3078 enram
2519 3037 2693 3090 vacat,
2746 3044 2867 3083 cum
2906 3048 2964 3086 se
2992 3034 3060 3087 ab
3112 3036 3195 3089 his
3247 3042 3500 3095 omnibus

1929 3114 2273 3167 abs-traxerit.
2308 3115 2423 3168 Non
2482 3119 2621 3170 enim
2650 3118 2785 3174 bene
2828 3138 2989 3192 agere
3048 3136 3276 3191 tantum,
3302 3131 3393 3184 sed
3445 3143 3498 3187 ct

246 3214 454 3284 σχολὴν
495 3214 618 3281 άγει
646 3212 818 3266 ταῦτα
863 3213 1108 3281 ἐννοῆσαί
1153 3229 1283 3264 ποτε
1320 3213 1416 3279 τῆς
1448 3213 1576 3281 περὶ
1608 3212 1677 3262 τὰ
1714 3229 1814 3263 πα-

1926 3204 2041 3257 mali
2074 3206 2199 3271 quid
2243 3207 2349 3274 pati
2383 3210 2603 3262 multant
2643 3216 2941 3277 mercedem
2967 3216 3187 3274 habent.
3220 3220 3496 3285 Quamob-

244 3307 537 3373 λαίσματα
567 3309 859 3376 μερίμνης,
892 3307 1111 3360 πάντων
1135 3305 1300 3373 αὐτὴν
1336 3303 1655 3371 άπαγούσῃς
1680 3304 1811 3355 ἐκεί

243 3414 357 3450 νων
378 3412 393 3426 °
428 3396 492 3449 ού
522 3397 630 3466 γάρ
649 3396 711 3448 τὸ
736 3395 959 3465 ποιῆσαί
988 3413 1040 3447 τι
1077 3395 1315 3464 χρηστὸν
1348 3394 1533 3462 μόνον,
1566 3391 1703 3445 ἀλλὰ
1730 3393 1819 3444 καὶ

241 3488 310 3538 τὸ
335 3485 536 3540 παθεῖν
565 3504 619 3539 τι
663 3487 849 3549 κακὸν,
883 3484 1081 3547 πολλάς
1112 3485 1227 3554 ἔχει
1274 3486 1372 3547 τάς
1420 3482 1679 3551 ἀμοιϐάς.
1720 3480 1821 3532 Διὰ

241 3578 311 3648 δὴ
370 3577 530 3631 τοῦτο
569 3577 663 3631 καὶ
716 3578 992 3646 συγχωρεῖ
1049 3575 1311 3636 πολλάκις
1357 3575 1384 3626 6
1437 3571 1821 3641 φιλάνθρωπος

1931 3312 2045 3350 rem
2079 3312 2218 3366 saepe
2279 3298 2561 3352 hominum
2599 3312 2806 3355 amator
2834 3303 2970 3357 Dens
2990 3305 3253 3373 gloriosos
3289 3310 3340 3364 in
3376 3313 3496 3369 vitae

1929 3387 2175 3441 claritate
2219 3388 2501 3441 innumera
2558 3390 2641 3443 hic
2697 3393 2804 3458 pati
2860 3393 3158 3449 infortunia
3204 3401 3492 3468 permittit,

1928 3493 2020 3530 eos
2057 3477 2208 3530 valde
2246 3478 2492 3547 diligens,
2526 3488 2736 3549 utqnos
2766 3497 2864 3551 per
2894 3485 3005 3539 haec
3030 3490 3258 3545 adversa
3286 3503 3494 3548 amatos

1929 3567 2185 3632 olfecerit,
2213 3568 2535 3624 illustriores
2564 3574 2753 3627 melius
2779 3588 3023 3631 coronet.

240 3674 384 3735 θεὸς
436 3674 563 3735 τοὺς
600 3672 926 3740 εὐδοκίμους
970 3674 1027 3723 ἐν
1077 3670 1192 3740 βίου
1241 3669 1591 3739 λαμπρότητι
1643 3665 1818 3735 μυρία
1857 3664 2088 3732 πάσχειν
2120 3661 2355 3716 ἐνταῦθα
2376 3663 2545 3729 δεινά,
2575 3667 2783 3737 σφόδρα
2810 3668 2980 3736 φιλῶν
3005 3671 3224 3741 αὐτοὺς,
3287 3672 3363 3739 ῶς
3424 3676 3492 3731 ἂν

236 3764 333 3816 διὰ
360 3763 472 3816 τῶν
499 3763 690 3817 δεινῶν
714 3764 922 3817 τούτων
950 3764 1076 3826 τοὺς
1106 3763 1463 3836 ψιλουμένους
1497 3757 1883 3828 ἐργασάμενος
1913 3756 2354 3827 λαμπροτέρους,
2383 3759 2706 3832 στεφανώσῃ
2741 3763 3034 3830 μειζόνως.

318 3904 406 3954 ιε’.
443 3899 542 3951 Ἂν
579 3897 761 3951 τοίνυν
805 3897 1047 3968 ἀπολέσῃ
1102 3914 1187 3960 τις
1227 3899 1520 3966 χρήματα,
1572 3894 1816 3964 μηδόλως

232 3992 651 4059 δυσχερανάτω,
706 3990 842 4042 ἀλλὰ
889 3991 1153 4057 γενναίως
1206 3989 1443 4056 ἐνεγκὼν
1480 3989 1810 4057 εὐχαριστη-

233 4088 396 4137 σάτω
423 4083 504 4151 τῷ
532 4082 671 4152 Θεῷ,
699 4085 839 4136 κατὰ
856 4082 947 4136 τὸν
986 4082 1108 4135 ’1ὼὸ
1131 4081 1321 4146 εἰπὼν,
1360 4081 1419 4134 '0
1446 4080 1644 4149 Κύριος
1675 4079 1808 4132 ἔδω-

230 4197 361 4243 κεν,
393 4181 422 4230 δ
465 4178 666 4248 Κύριος
708 4177 927 4245 ἀφεῖλε·
958 4178 1036 4239 ὡς
1072 4177 1149 4245 τῷ
1185 4176 1372 4245 Κυρίῳ
1402 4174 1599 4239 ἔδοξεν,
1634 4172 1810 4235 οὕτως

228 4273 337 4324 καὶ
362 4271 616 4338 ἐγένετο*
647 4269 732 4340 εῐη
772 4269 832 4322 τὸ
876 4269 1050 4337 ὄνομα
1083 4268 1288 4338 Κυρίου
1318 4266 1690 4336 ηύλογημένον
1726 4264 1806 4325 είς

226 4365 328 4417 τὸν
359 4362 563 4415 αἰῶνα·
597 4364 690 4416 καὶ
733 4362 922 4432 κέρδος
956 4363 1058 4431 τὴν
1088 4360 1293 4429 ζημίαν
1322 4357 1411 4411 διὰ
1443 4358 1543 4427 τῆς
1585 4355 1808 4425 εὐχαρι-

1998 3891 2083 3946 15.
2125 3892 2182 3947 Si
2215 3894 2376 3962 igitur
2398 3897 2520 3962 quis
2548 3895 2682 3950 bona
2706 3897 2947 3951 amiserit
2983 3913 3320 3970 nequaquam
3346 3919 3489 3974 aegre

1917 3986 2076 4048 ferat,
2110 3986 2201 4039 sed
2235 4001 2495 4055 generose
2522 3988 2698 4041 ferens
2743 3987 2851 4043 Deo
2878 3992 3080 4057 gratias
3119 4005 3269 4061 agat,
3289 3996 3363 4049 uti
3386 3996 3487 4052 Job

1916 4074 2144 4137 dicens;
2178 4073 2434 4129 Dominus
2479 4076 2647 4137 dedit.
2688 4076 2943 4133 Dominus
2984 4079 3245 4147 abstulit;
3288 4094 3344 4138 ut
3384 4085 3488 4139 Do-

1916 4167 2063 4219 mino
2092 4164 2317 4233 placuit,
2353 4166 2551 4225 factum
2583 4177 2664 4221 est
2695 4183 2711 4229 ;
2744 4170 2816 4223 sit
2845 4185 3039 4225 nomen
3083 4171 3291 4229 Domini
3319 4175 3483 4233 bene-

1913 4258 2115 4311 dictum
2165 4259 2215 4312 in
2272 4267 2555 4313 aeternum.
2605 4260 2776 4329 Atque
2822 4260 3025 4316 lucrum
3083 4264 3338 4321 damnum
3386 4285 3484 4338 per

1912 4351 2209 4417 gratiarum
2244 4350 2510 4405 actionem
2564 4350 2776 4407 elliciet.
2822 4349 2900 4406 Ne
2942 4354 3084 4408 dicat
3133 4356 3238 4410 sibi
3283 4357 3482 4427 injuste

227 4455 395 4516 στίας
430 4455 687 4520 ποιήσει·
723 4425 815 4523 μὴ·
842 4425 1052 4508 εἰπάτω
1080 4425 1174 4506 ετξ
1208 4425 1508 4521 ἄνθρωπος
1546 4449 1806 4517 άφείλατο

1926 4444 1980 4497 ib
2009 4443 2226 4497 homine
2261 4443 2371 4497 haec
2405 4452 2557 4511 rapta
2604 4443 2770 4499 fuisse
2799 4462 2814 4509 ;
2848 4461 2968 4498 nam
3006 4450 3272 4515 quomodo
3298 4425 3479 4508 dicere

226 4543 418 4598 ταῦτα
448 4544 709 4613 ἀδικήσας
731 4559 746 4573 ·
777 4545 870 4597 καὶ
924 4544 1042 4606 πῶς
1084 4544 1381 4615 δυνήσομαι
1416 4541 1611 4605 εἰπεῖν,
1640 4542 1668 4591 6
1694 4539 1809 4593 Κύ-

230 4654 357 4707 ριος
392 4636 678 4705 ἀφείλετος
716 4643 810 4690 καὶ
851 4639 877 4690 6
917 4634 1037 4689 Ἰὼϐ
1065 4638 1172 4705 γὰρ
1216 4635 1251 4688 ἃ
1288 4636 1314 4686 6
1349 4633 1592 4696 διάϐολος
1622 4631 1802 4697 ελαὸε,

222 4725 413 4779 ταῦτα
442 4726 644 4795 ἔφησεν
672 4728 754 4780 δτι
790 4731 818 4781 6
871 4726 1072 4795 Κύριος
1107 4727 1360 4794 ἀφείλετο
1384 4743 1399 4758 σ
1453 4725 1586 4793 μηδὲ
1636 4723 1805 4777 πάλιν

224 4817 451 4870 εἰπάτω
478 4834 585 4882 τις,
617 4819 699 4871 ὅτι
728 4819 828 4871 οὐκ
869 4818 1072 4881 είδότος
1100 4818 1221 4871 οὐδὲ
1272 4815 1601 4885 βουλομένου
1634 4831 1737 4886 μου
1775 4816 1804 4867 6

223 4908 442 4978 λῃστὴς
480 4909 636 4961 ἔλαϐε
686 4913 882 4975 ταῦτα,
909 4912 1003 4963 καὶ
1052 4913 1204 4972 ποῖος
1255 4910 1408 4962 ἔσται
1457 4926 1547 4978 μοι
1583 4907 1798 4977 μισθὸς,

228 5001 339 5051 οὐκ
382 5002 522 5067 ἐμῆς
564 5000 786 5070 γνώμης
816 4998 911 5052 τοῦ
963 5000 1282 5070 πράγματος
1334 4999 1665 5064 όντοςιούδὲ
1693 5000 1803 5068 γάρ

225 5091 328 5143 τοῦ
370 5089 492 5143 Ἰὼϐ
544 5091 741 5154 είδότος
787 5092 906 5144 οὐδὲ
951 5090 1272 5161 βουλομένου
1321 5091 1493 5143 ταῦτα
1540 5091 1798 5157 ἃγένετοο

222 5181 359 5236 ἀλλ’
378 5182 527 5251 ὅμως
549 5182 646 5235 οὐκ
674 5182 895 5236 ἔλαττον
927 5184 1039 5251 ἔχει
1062 5184 1171 5236 τῶν
1199 5182 1573 5251 ἐλεημοσύνην
1601 5181 1799 5234 δόντων

224 5273 442 5331 ἐκεῖνος
476 5274 503 5325 6
541 5270 617 5341 μὴ
643 5272 766 5334 δοὺς
794 5273 915 5325 τότε
944 5288 956 5301 ⁸
1004 5273 1407 5342 ιιαραπλησίως
1445 5266 1538 5323 οὖν
1566 5270 1660 5322 καὶ
1692 5270 1800 5331 πᾶς

224 5382 315 5424 τις
354 5363 508 5427 ἄλλος
538 5364 855 5432 ἀφαιρεθεὶς
902 5365 1162 5435 χρήματα
1208 5364 1303 5416 καὶ
1334 5360 1657 5431 ὑπομείνας,
1708 5379 1800 5415 το⁸

152 5520 163 5525 η
227 5454 425 5509 σοῦτον
478 5455 705 5523 λήψεται
755 5455 969 5525 μισθὸν,
1018 5458 1144 5509 ὅσον
1187 5457 1254 5509 ἂν
1303 5456 1349 5507 εί
1408 5452 1553 5507 ἑκὼν
1604 5452 1798 5523 εῤῥιψε

222 5546 431 5613 ταῦτα,
470 5549 517 5601 εί
548 5547 683 5618 πρὸς
719 5549 955 5617 πένητας
989 5548 1327 5617 δεδαπάνηκε
1356 5563 1371 5577 ·
1399 5547 1494 5600 καὶ
1526 5548 1753 5609 εἰκότως
1780 5561 1795 5576 ·

223 5636 422 5691 τοῦτον
452 5640 683 5709 καὶγὰρ
731 5639 1087 5710 θαυμάζομεν
1137 5640 1339 5709 μᾶλλον
1390 5639 1484 5692 τὸν
1532 5637 1797 5709 ἐπηρείας

227 5728 571 5801 εὐχαρίστως
610 5730 865 5801 φέροντα,
920 5732 953 5802 ἢ
995 5732 1086 5784 τὸν
1133 5733 1324 5784 ἑκόντα
1359 5731 1571 5786 διδόντα
1594 5746 1609 5763 ⁸
1646 5730 1699 5783 τί
1732 5730 1794 5798 δή

1909 4535 2154 4605 possim:
2187 4535 2443 4588 Dominus
2478 4534 2736 4590 abstulit?
2758 4534 2858 4591 Job
2892 4540 3037 4593 enim
3067 4556 3189 4608 qute
3232 4541 3481 4600 diabolus

1910 4629 2108 4696 rapuit,
2145 4627 2260 4681 haec
2302 4627 2437 4681 dixit
2493 4644 2521 4681 a
2569 4628 2797 4683 Domino
2847 4630 3046 4688 ablata.
3076 4632 3263 4704 Neque
3292 4652 3481 4694 rursus

1907 4721 2053 4774 dicat
2079 4720 2202 4789 quis
2240 4735 2256 4774 :
2295 4718 2479 4788 Neque
2524 4721 2727 4777 sciente
2761 4737 2933 4789 neque
2977 4725 3193 4778 volente
3210 4742 3294 4781 me
3341 4729 3478 4781 latro

1895 4811 2021 4866 haec
2040 4813 2212 4881 cepit;
2242 4822 2297 4866 et
2326 4812 2503 4879 qualis
2532 4814 2634 4867 erit
2669 4814 2797 4868 mihi
2830 4814 3151 4883 stipendium
3182 4818 3225 4871 si
3265 4819 3366 4873 hoc
3391 4836 3476 4878 tuo

1905 4906 2075 4960 inscio
2131 4906 2260 4961 liat?
2291 4905 2406 4961 Non
2464 4907 2607 4961 enim
2667 4908 2871 4961 sciente
2915 4906 3016 4960 Job
3040 4922 3211 4975 neque
3259 4912 3472 4967 volente

1907 4998 2018 5052 lucc
2049 4996 2189 5052 facta
2243 5008 2404 5063 sunt;
2458 5007 2694 5051 attamen
2752 5012 2855 5051 non
2911 4997 3134 5053 inferior
3163 5009 3241 5053 est
3269 4984 3351 5055 his
3379 5005 3469 5071 qui

1902 5090 2292 5160 eleemosynam
2321 5089 2523 5143 faciunt
2550 5090 2660 5158 ipse
2684 5089 2815 5143 nihil
2843 5094 3000 5145 dans.
3032 5089 3291 5146 Similiter
3312 5094 3473 5164 igitur

1902 5179 2079 5251 quitis
2127 5182 2265 5235 alius
2317 5180 2471 5235 bonis
2520 5181 2762 5250 privatus
2808 5195 2860 5235 et
2896 5183 3105 5250 patiens
3144 5186 3469 5241 tantumsti-

1902 5272 2153 5341 pendium
2180 5273 2685 5342 accipictquantum
2715 5273 2759 5326 si
2801 5273 2912 5327 haec
2943 5274 3174 5329 libenter
3201 5276 3467 5341 eiecisset,

1900 5366 1943 5419 si
2004 5366 2325 5434 pauperibus
2375 5372 2651 5432 erogasset
2699 5373 2809 5430 ;et
2869 5366 3076 5420 merito.
3133 5366 3267 5419 Eum
3321 5368 3468 5422 enim

1902 5454 2071 5522 magis
2104 5457 2367 5506 miramur
2394 5454 2482 5521 qui
2508 5454 2863 5521 privationem
2894 5455 3047 5510 lzetus
3073 5454 3279 5519 snﬂ'ert,
3302 5471 3466 5527 quam

1898 5561 2018 5599 eum
2050 5545 2139 5612 qui
2180 5544 2271 5597 dat
2291 5543 2539 5599 libenter.
2572 5544 2680 5599 Cur
2704 5544 2910 5614 igitur?
2935 5546 3069 5613 Quia
3100 5546 3190 5599 ille
3215 5546 3466 5602 laudibus

1899 5638 2166 5693 cnntritur
2220 5635 2564 5690 conscientia}
2618 5648 2672 5692 et
2714 5635 2908 5691 bonam
2959 5653 3106 5706 spem
3161 5638 3321 5693 habet
3360 5650 3462 5694 :ct

1901 5732 2050 5802 prius
2085 5744 2343 5801 generoso
2386 5728 2587 5795 ferens,
2634 5732 2893 5785 bonorum
2942 5732 3293 5800 privationem
3331 5739 3464 5785 tunc
