  <div class='ocr_page' id='page_1' title='image "/cluster/home/n/w/nwhite01/storage/ocr_20150623/149/hvd.32044019208370/475.png"; bbox 0 0 3972 6604; ppageno 0'>
   <div class='ocr_carea' id='block_1_1' title="bbox 506 423 2099 505">
    <p class='ocr_par' dir='ltr' id='par_1_1' title="bbox 506 435 2099 505">
     <span class='ocr_line' id='line_1_1' title="bbox 506 435 2099 505; baseline -0.003 -1"><span class='ocrx_word' id='word_1_1' title='bbox 506 435 611 505; x_wconf 81' lang='grc'><strong>935</strong></span> <span class='ocrx_word' id='word_1_2' title='bbox 1629 437 2024 502; x_wconf 79' lang='lat' dir='ltr'><strong>TIIEODORI</strong></span> <span class='ocrx_word' id='word_1_3' title='bbox 2067 439 2099 500; x_wconf 71' lang='grc' dir='ltr'><strong><em>Ν</em></strong></span> 
     </span>
    </p>
   </div>
   <div class='ocr_carea' id='block_1_2' title="bbox 2204 423 3742 505">
    <p class='ocr_par' dir='ltr' id='par_1_2' title="bbox 2204 423 3742 500">
     <span class='ocr_line' id='line_1_2' title="bbox 2204 423 3742 500; baseline -0.011 -1"><span class='ocrx_word' id='word_1_4' title='bbox 2204 439 2256 500; x_wconf 66' lang='lat'><strong>.1</strong></span> <span class='ocrx_word' id='word_1_5' title='bbox 2273 437 2404 497; x_wconf 77' lang='lat' dir='ltr'><strong>I&#39;EN</strong></span> <span class='ocrx_word' id='word_1_6' title='bbox 2421 435 2614 496; x_wconf 57' lang='grc' dir='ltr'><strong>[ΟΤᾺΕ</strong></span> <span class='ocrx_word' id='word_1_7' title='bbox 3631 423 3742 484; x_wconf 74' lang='lat'><strong>936</strong></span> 
     </span>
    </p>
   </div>
   <div class='ocr_carea' id='block_1_3' title="bbox 507 539 2099 622">
    <p class='ocr_par' dir='ltr' id='par_1_3' title="bbox 507 549 2074 622">
     <span class='ocr_line' id='line_1_3' title="bbox 507 549 2074 622; baseline -0.005 -12"><span class='ocrx_word' id='word_1_8' title='bbox 507 557 596 610; x_wconf 85' lang='lat' dir='ltr'><strong>illa</strong></span> <span class='ocrx_word' id='word_1_9' title='bbox 626 553 802 622; x_wconf 74' lang='lat' dir='ltr'><strong>eiecit.</strong></span> <span class='ocrx_word' id='word_1_10' title='bbox 831 551 926 608; x_wconf 88' lang='lat' dir='ltr'><strong>llic</strong></span> <span class='ocrx_word' id='word_1_11' title='bbox 960 565 1086 608; x_wconf 76' lang='lat' dir='ltr'><strong>vero</strong></span> <span class='ocrx_word' id='word_1_12' title='bbox 1107 549 1288 607; x_wconf 87' lang='lat' dir='ltr'><strong>adhuc</strong></span> <span class='ocrx_word' id='word_1_13' title='bbox 1313 549 1563 622; x_wconf 84' lang='lat' dir='ltr'><strong>alligatus</strong></span> <span class='ocrx_word' id='word_1_14' title='bbox 1588 550 1850 608; x_wconf 76' lang='lat' dir='ltr'><strong>violenter</strong></span> <span class='ocrx_word' id='word_1_15' title='bbox 1875 551 2074 620; x_wconf 86' lang='lat' dir='ltr'><strong>spolia-</strong></span> 
     </span>
    </p>
   </div>
   <div class='ocr_carea' id='block_1_4' title="bbox 2204 539 3752 622">
    <p class='ocr_par' dir='ltr' id='par_1_4' title="bbox 2204 539 3752 614">
     <span class='ocr_line' id='line_1_4' title="bbox 2204 539 3752 614; baseline -0.01 -12"><span class='ocrx_word' id='word_1_16' title='bbox 2204 567 2347 614; x_wconf 74' lang='grc' dir='ltr'>ιοτες</span> <span class='ocrx_word' id='word_1_17' title='bbox 2384 549 2466 602; x_wconf 88' lang='grc' dir='ltr'>ὄτι</span> <span class='ocrx_word' id='word_1_18' title='bbox 2507 549 2712 608; x_wconf 79' lang='grc' dir='ltr'>ἐκεῖνος</span> <span class='ocrx_word' id='word_1_19' title='bbox 2757 544 2858 614; x_wconf 80' lang='grc' dir='ltr'><strong>μὲν</strong></span> <span class='ocrx_word' id='word_1_20' title='bbox 2889 545 2998 606; x_wconf 77' lang='grc' dir='ltr'>τοῖς</span> <span class='ocrx_word' id='word_1_21' title='bbox 3046 541 3294 602; x_wconf 79' lang='grc' dir='ltr'><strong>ἐπαίνοις</strong></span> <span class='ocrx_word' id='word_1_22' title='bbox 3331 539 3622 608; x_wconf 79' lang='grc' dir='ltr'>τρέφεται,</span> <span class='ocrx_word' id='word_1_23' title='bbox 3655 541 3752 588; x_wconf 81' lang='grc' dir='ltr'>καὶ</span> 
     </span>
    </p>
   </div>
   <div class='ocr_carea' id='block_1_5' title="bbox 509 630 2099 713">
    <p class='ocr_par' dir='ltr' id='par_1_5' title="bbox 509 642 2080 713">
     <span class='ocr_line' id='line_1_5' title="bbox 509 642 2080 713; baseline -0.003 -13"><span class='ocrx_word' id='word_1_24' title='bbox 509 655 597 700; x_wconf 87' lang='lat' dir='ltr'><strong>tus</strong></span> <span class='ocrx_word' id='word_1_25' title='bbox 621 655 722 700; x_wconf 87' lang='lat' dir='ltr'><strong>est.</strong></span> <span class='ocrx_word' id='word_1_26' title='bbox 751 643 867 699; x_wconf 82' lang='lat' dir='ltr'><strong>Non</strong></span> <span class='ocrx_word' id='word_1_27' title='bbox 901 653 1082 698; x_wconf 85' lang='lat' dir='ltr'><strong>autem</strong></span> <span class='ocrx_word' id='word_1_28' title='bbox 1120 657 1218 712; x_wconf 89' lang='lat' dir='ltr'><strong>par</strong></span> <span class='ocrx_word' id='word_1_29' title='bbox 1263 651 1348 697; x_wconf 89' lang='lat' dir='ltr'><strong>est</strong></span> <span class='ocrx_word' id='word_1_30' title='bbox 1399 642 1550 712; x_wconf 90' lang='lat' dir='ltr'><strong>prius</strong></span> <span class='ocrx_word' id='word_1_31' title='bbox 1577 657 1894 713; x_wconf 85' lang='lat' dir='ltr'><strong>persuasum</strong></span> <span class='ocrx_word' id='word_1_32' title='bbox 1925 643 2080 696; x_wconf 83' lang='lat' dir='ltr'><strong>bouis</strong></span> 
     </span>
    </p>
   </div>
   <div class='ocr_carea' id='block_1_6' title="bbox 2204 630 3752 713">
    <p class='ocr_par' dir='ltr' id='par_1_6' title="bbox 2210 630 3752 712">
     <span class='ocr_line' id='line_1_6' title="bbox 2210 630 3752 712; baseline -0.01 -17"><span class='ocrx_word' id='word_1_33' title='bbox 2210 643 2254 712; x_wconf 85' lang='grc' dir='ltr'>ᾦ</span> <span class='ocrx_word' id='word_1_34' title='bbox 2288 641 2573 704; x_wconf 84' lang='grc' dir='ltr'>συνειδότι,</span> <span class='ocrx_word' id='word_1_35' title='bbox 2613 639 2706 694; x_wconf 78' lang='grc' dir='ltr'>καὶ</span> <span class='ocrx_word' id='word_1_36' title='bbox 2752 635 2992 708; x_wconf 78' lang='grc' dir='ltr'>χρηστὰς</span> <span class='ocrx_word' id='word_1_37' title='bbox 3047 635 3162 704; x_wconf 83' lang='grc' dir='ltr'>ἔχει</span> <span class='ocrx_word' id='word_1_38' title='bbox 3191 631 3296 694; x_wconf 75' lang='grc' dir='ltr'>τὰς</span> <span class='ocrx_word' id='word_1_39' title='bbox 3341 630 3602 691; x_wconf 82' lang='grc' dir='ltr'>ἐλπίδας·</span> <span class='ocrx_word' id='word_1_40' title='bbox 3649 631 3752 680; x_wconf 74' lang='grc' dir='ltr'>καὶ</span> 
     </span>
    </p>
   </div>
   <div class='ocr_carea' id='block_1_7' title="bbox 511 723 2099 804">
    <p class='ocr_par' dir='ltr' id='par_1_7' title="bbox 511 735 2083 802">
     <span class='ocr_line' id='line_1_7' title="bbox 511 735 2083 802; baseline -0.003 -9"><span class='ocrx_word' id='word_1_41' title='bbox 511 737 791 802; x_wconf 85' lang='lat' dir='ltr'><strong>recedere,</strong></span> <span class='ocrx_word' id='word_1_42' title='bbox 815 745 871 792; x_wconf 87' lang='lat' dir='ltr'><strong>et</strong></span> <span class='ocrx_word' id='word_1_43' title='bbox 915 743 1044 792; x_wconf 88' lang='lat' dir='ltr'><strong>tunc</strong></span> <span class='ocrx_word' id='word_1_44' title='bbox 1107 735 1188 790; x_wconf 90' lang='lat' dir='ltr'><strong>eis</strong></span> <span class='ocrx_word' id='word_1_45' title='bbox 1233 736 1504 800; x_wconf 85' lang='lat' dir='ltr'><strong>evacuari,</strong></span> <span class='ocrx_word' id='word_1_46' title='bbox 1539 737 1650 790; x_wconf 67' lang='lat' dir='ltr'><strong>haec</strong></span> <span class='ocrx_word' id='word_1_47' title='bbox 1693 745 1874 790; x_wconf 88' lang='lat' dir='ltr'><strong>autem</strong></span> <span class='ocrx_word' id='word_1_48' title='bbox 1908 735 2083 788; x_wconf 86' lang='lat' dir='ltr'><strong>adhuc</strong></span> 
     </span>
    </p>
   </div>
   <div class='ocr_carea' id='block_1_8' title="bbox 2204 723 3754 804">
    <p class='ocr_par' dir='ltr' id='par_1_8' title="bbox 2204 723 3754 804">
     <span class='ocr_line' id='line_1_8' title="bbox 2204 723 3754 804; baseline -0.006 -20"><span class='ocrx_word' id='word_1_49' title='bbox 2204 734 2445 804; x_wconf 67' lang='grc' dir='ltr'>πρότερον</span> <span class='ocrx_word' id='word_1_50' title='bbox 2479 731 2742 800; x_wconf 85' lang='grc' dir='ltr'>γενναίως</span> <span class='ocrx_word' id='word_1_51' title='bbox 2781 727 3023 798; x_wconf 74' lang='grc' dir='ltr'>ἐνεγκὼν</span> <span class='ocrx_word' id='word_1_52' title='bbox 3059 727 3162 796; x_wconf 74' lang='grc' dir='ltr'>τὴν</span> <span class='ocrx_word' id='word_1_53' title='bbox 3191 725 3444 794; x_wconf 75' lang='grc' dir='ltr'><strong>στέρησιν</strong></span> <span class='ocrx_word' id='word_1_54' title='bbox 3481 723 3594 775; x_wconf 82' lang='grc' dir='ltr'>τῶν</span> <span class='ocrx_word' id='word_1_55' title='bbox 3615 735 3754 789; x_wconf 79' lang='grc' dir='ltr'>χρη-</span> 
     </span>
    </p>
   </div>
   <div class='ocr_carea' id='block_1_9' title="bbox 509 812 2099 900">
    <p class='ocr_par' dir='ltr' id='par_1_9' title="bbox 509 827 2084 900">
     <span class='ocr_line' id='line_1_9' title="bbox 509 827 2084 900; baseline -0.001 -16"><span class='ocrx_word' id='word_1_56' title='bbox 509 829 814 900; x_wconf 80' lang='lat' dir='ltr'><strong>cupieutem</strong></span> <span class='ocrx_word' id='word_1_57' title='bbox 864 829 1127 898; x_wconf 88' lang='lat' dir='ltr'><strong>spoliari;</strong></span> <span class='ocrx_word' id='word_1_58' title='bbox 1167 843 1341 897; x_wconf 87' lang='lat' dir='ltr'><strong>neque</strong></span> <span class='ocrx_word' id='word_1_59' title='bbox 1403 841 1592 882; x_wconf 82' lang='lat' dir='ltr'><strong>rursus</strong></span> <span class='ocrx_word' id='word_1_60' title='bbox 1636 827 1805 882; x_wconf 90' lang='lat' dir='ltr'><strong>multo</strong></span> <span class='ocrx_word' id='word_1_61' title='bbox 1845 836 2084 895; x_wconf 86' lang='lat' dir='ltr'><strong>tempore</strong></span> 
     </span>
    </p>
   </div>
   <div class='ocr_carea' id='block_1_10' title="bbox 2204 812 3755 900">
    <p class='ocr_par' dir='ltr' id='par_1_10' title="bbox 2204 812 3755 893">
     <span class='ocr_line' id='line_1_10' title="bbox 2204 812 3755 893; baseline -0.007 -17"><span class='ocrx_word' id='word_1_62' title='bbox 2204 825 2390 886; x_wconf 84' lang='grc' dir='ltr'>ιάτων,</span> <span class='ocrx_word' id='word_1_63' title='bbox 2422 824 2541 877; x_wconf 80' lang='grc' dir='ltr'>τότε</span> <span class='ocrx_word' id='word_1_64' title='bbox 2571 822 2712 876; x_wconf 72' lang='grc' dir='ltr'>αὐτὰ</span> <span class='ocrx_word' id='word_1_65' title='bbox 2757 821 2983 893; x_wconf 74' lang='grc' dir='ltr'>ἔρριψεν</span> <span class='ocrx_word' id='word_1_66' title='bbox 3009 833 3025 852; x_wconf 76' lang='grc'><strong>⁸</strong></span> <span class='ocrx_word' id='word_1_67' title='bbox 3059 818 3214 880; x_wconf 79' lang='grc' dir='ltr'>οὗτος</span> <span class='ocrx_word' id='word_1_68' title='bbox 3243 816 3302 870; x_wconf 70' lang='grc' dir='ltr'>δὲ</span> <span class='ocrx_word' id='word_1_69' title='bbox 3345 817 3428 870; x_wconf 76' lang='grc' dir='ltr'>ἔτι</span> <span class='ocrx_word' id='word_1_70' title='bbox 3457 812 3755 884; x_wconf 74' lang='grc' dir='ltr'>προσδεδε-</span> 
     </span>
    </p>
   </div>
   <div class='ocr_carea' id='block_1_11' title="bbox 512 907 2099 990">
    <p class='ocr_par' dir='ltr' id='par_1_11' title="bbox 512 918 2080 990">
     <span class='ocr_line' id='line_1_11' title="bbox 512 918 2080 990; baseline -0.001 -17"><span class='ocrx_word' id='word_1_71' title='bbox 512 930 877 990; x_wconf 83' lang='lat' dir='ltr'><strong>eontemptum</strong></span> <span class='ocrx_word' id='word_1_72' title='bbox 915 921 1179 974; x_wconf 89' lang='lat' dir='ltr'><strong>bonorum</strong></span> <span class='ocrx_word' id='word_1_73' title='bbox 1214 919 1460 974; x_wconf 87' lang='lat' dir='ltr'><strong>meditari</strong></span> <span class='ocrx_word' id='word_1_74' title='bbox 1496 928 1552 972; x_wconf 89' lang='lat' dir='ltr'><strong>et</strong></span> <span class='ocrx_word' id='word_1_75' title='bbox 1578 918 1799 974; x_wconf 82' lang='lat' dir='ltr'><strong>crudele</strong></span> <span class='ocrx_word' id='word_1_76' title='bbox 1828 919 2080 973; x_wconf 85' lang='lat' dir='ltr'><strong>damnum</strong></span> 
     </span>
    </p>
   </div>
   <div class='ocr_carea' id='block_1_12' title="bbox 2204 907 3752 990">
    <p class='ocr_par' dir='ltr' id='par_1_12' title="bbox 2204 907 3752 987">
     <span class='ocr_line' id='line_1_12' title="bbox 2204 907 3752 987; baseline -0.01 -17"><span class='ocrx_word' id='word_1_77' title='bbox 2204 935 2343 978; x_wconf 83' lang='grc' dir='ltr'>ιενος</span> <span class='ocrx_word' id='word_1_78' title='bbox 2365 915 2618 987; x_wconf 81' lang='grc' dir='ltr'><strong>ἀφῃρέθη</strong></span> <span class='ocrx_word' id='word_1_79' title='bbox 2647 915 2761 986; x_wconf 74' lang='grc' dir='ltr'>βίᾳ.</span> <span class='ocrx_word' id='word_1_80' title='bbox 2787 913 2904 969; x_wconf 80' lang='grc' dir='ltr'><strong>Οὐκ</strong></span> <span class='ocrx_word' id='word_1_81' title='bbox 2934 913 3052 966; x_wconf 81' lang='grc' dir='ltr'>ἐστι</span> <span class='ocrx_word' id='word_1_82' title='bbox 3085 909 3144 964; x_wconf 77' lang='grc' dir='ltr'>δὲ</span> <span class='ocrx_word' id='word_1_83' title='bbox 3179 911 3296 964; x_wconf 83' lang='grc' dir='ltr'>ίσον</span> <span class='ocrx_word' id='word_1_84' title='bbox 3325 907 3593 978; x_wconf 83' lang='grc' dir='ltr'>πρότερον</span> <span class='ocrx_word' id='word_1_85' title='bbox 3623 919 3752 956; x_wconf 65' lang='lat' dir='ltr'><strong>Iut-</strong></span> 
     </span>
    </p>
   </div>
   <div class='ocr_carea' id='block_1_13' title="bbox 510 999 2099 1078">
    <p class='ocr_par' dir='ltr' id='par_1_13' title="bbox 510 1010 1044 1066">
     <span class='ocr_line' id='line_1_13' title="bbox 510 1010 1044 1066; baseline 0.002 -2"><span class='ocrx_word' id='word_1_86' title='bbox 510 1011 758 1066; x_wconf 84' lang='lat' dir='ltr'><strong>accidens</strong></span> <span class='ocrx_word' id='word_1_87' title='bbox 799 1010 1044 1065; x_wconf 78' lang='lat' dir='ltr'><strong>sufferre.</strong></span> 
     </span>
    </p>
   </div>
   <div class='ocr_carea' id='block_1_14' title="bbox 2204 999 3752 1078">
    <p class='ocr_par' dir='ltr' id='par_1_14' title="bbox 2204 999 3752 1078">
     <span class='ocr_line' id='line_1_14' title="bbox 2204 999 3752 1078; baseline -0.01 -15"><span class='ocrx_word' id='word_1_88' title='bbox 2204 1011 2378 1063; x_wconf 74' lang='grc' dir='ltr'>ῖθέντα</span> <span class='ocrx_word' id='word_1_89' title='bbox 2411 1009 2716 1078; x_wconf 83' lang='grc' dir='ltr'>ἀποστῆναι</span> <span class='ocrx_word' id='word_1_90' title='bbox 2743 1007 3070 1078; x_wconf 80' lang='grc' dir='ltr'>χρημάτων,</span> <span class='ocrx_word' id='word_1_91' title='bbox 3099 1001 3274 1065; x_wconf 78' lang='grc' dir='ltr'>οὕτως</span> <span class='ocrx_word' id='word_1_92' title='bbox 3299 1000 3438 1054; x_wconf 68' lang='grc' dir='ltr'>αὐτὰ</span> <span class='ocrx_word' id='word_1_93' title='bbox 3481 999 3752 1059; x_wconf 74' lang='grc' dir='ltr'>κενῶσαι,</span> 
     </span>
    </p>
   </div>
   <div class='ocr_carea' id='block_1_15' title="bbox 512 1096 3760 1178">
    <p class='ocr_par' dir='ltr' id='par_1_15' title="bbox 512 1096 3760 1178">
     <span class='ocr_line' id='line_1_15' title="bbox 512 1096 3760 1178; baseline -0.003 -22"><span class='ocrx_word' id='word_1_94' title='bbox 512 1109 608 1161; x_wconf 76' lang='grc' dir='ltr'>καὶ</span> <span class='ocrx_word' id='word_1_95' title='bbox 645 1107 726 1158; x_wconf 80' lang='grc' dir='ltr'><strong>ἐτι</strong></span> <span class='ocrx_word' id='word_1_96' title='bbox 757 1107 934 1160; x_wconf 84' lang='grc' dir='ltr'>αὐτῶν</span> <span class='ocrx_word' id='word_1_97' title='bbox 963 1105 1234 1158; x_wconf 80' lang='grc' dir='ltr'>ποθοῦντα</span> <span class='ocrx_word' id='word_1_98' title='bbox 1283 1103 1766 1174; x_wconf 79' lang='grc' dir='ltr'><strong>ἀποστερηθῆναι·</strong></span> <span class='ocrx_word' id='word_1_99' title='bbox 1837 1105 1962 1159; x_wconf 80' lang='grc' dir='ltr'>οὐδὲ</span> <span class='ocrx_word' id='word_1_100' title='bbox 2036 1105 2199 1159; x_wconf 80' lang='grc' dir='ltr'>πάλιν</span> <span class='ocrx_word' id='word_1_101' title='bbox 2233 1107 2292 1159; x_wconf 80' lang='grc' dir='ltr'><strong>ἐν</strong></span> <span class='ocrx_word' id='word_1_102' title='bbox 2333 1107 2512 1176; x_wconf 86' lang='grc' dir='ltr'>πολλῷ</span> <span class='ocrx_word' id='word_1_103' title='bbox 2597 1108 2775 1178; x_wconf 84' lang='grc' dir='ltr'>χρόνῳ</span> <span class='ocrx_word' id='word_1_104' title='bbox 2825 1103 3122 1176; x_wconf 81' lang='grc' dir='ltr'><strong>μελετῆσαι</strong></span> <span class='ocrx_word' id='word_1_105' title='bbox 3165 1099 3580 1169; x_wconf 65' lang='grc' dir='ltr'>καταφρονῆσαι</span> <span class='ocrx_word' id='word_1_106' title='bbox 3643 1096 3760 1148; x_wconf 81' lang='grc' dir='ltr'>τῶν</span> 
     </span>
    </p>
   </div>
   <div class='ocr_carea' id='block_1_16' title="bbox 514 1197 2196 1271">
    <p class='ocr_par' dir='ltr' id='par_1_16' title="bbox 514 1197 2196 1271">
     <span class='ocr_line' id='line_1_16' title="bbox 514 1197 2196 1271; baseline 0 -16"><span class='ocrx_word' id='word_1_107' title='bbox 514 1201 833 1270; x_wconf 84' lang='grc' dir='ltr'>χρημάτων,</span> <span class='ocrx_word' id='word_1_108' title='bbox 865 1203 960 1254; x_wconf 73' lang='grc' dir='ltr'>καὶ</span> <span class='ocrx_word' id='word_1_109' title='bbox 995 1201 1194 1271; x_wconf 82' lang='grc' dir='ltr'>ἁθρόον</span> <span class='ocrx_word' id='word_1_110' title='bbox 1241 1199 1446 1270; x_wconf 78' lang='grc' dir='ltr'><strong>ζημίαν</strong></span> <span class='ocrx_word' id='word_1_111' title='bbox 1500 1197 1792 1268; x_wconf 77' lang='grc' dir='ltr'>συμϐᾶσαν</span> <span class='ocrx_word' id='word_1_112' title='bbox 1851 1201 2196 1268; x_wconf 81' lang='grc' dir='ltr'><strong>ὑπενεγκεῖν.</strong></span> 
     </span>
    </p>
   </div>
   <div class='ocr_carea' id='block_1_17' title="bbox 587 1337 2077 1408">
    <p class='ocr_par' dir='ltr' id='par_1_17' title="bbox 587 1337 2077 1408">
     <span class='ocr_line' id='line_1_17' title="bbox 587 1337 2077 1408; baseline 0 -16"><span class='ocrx_word' id='word_1_113' title='bbox 587 1339 673 1392; x_wconf 76' lang='grc'><strong>16.</strong></span> <span class='ocrx_word' id='word_1_114' title='bbox 725 1338 784 1394; x_wconf 86' lang='lat' dir='ltr'><strong>Si</strong></span> <span class='ocrx_word' id='word_1_115' title='bbox 823 1340 942 1408; x_wconf 85' lang='lat' dir='ltr'><strong>quis</strong></span> <span class='ocrx_word' id='word_1_116' title='bbox 981 1338 1116 1391; x_wconf 80' lang='lat' dir='ltr'><strong>alius</strong></span> <span class='ocrx_word' id='word_1_117' title='bbox 1168 1338 1428 1408; x_wconf 76' lang='lat' dir='ltr'><strong>inglorius</strong></span> <span class='ocrx_word' id='word_1_118' title='bbox 1468 1355 1502 1390; x_wconf 87' lang='lat' dir='ltr'><strong>e</strong></span> <span class='ocrx_word' id='word_1_119' title='bbox 1531 1338 1768 1408; x_wconf 89' lang='lat' dir='ltr'><strong>glorioso</strong></span> <span class='ocrx_word' id='word_1_120' title='bbox 1843 1337 1954 1400; x_wconf 85' lang='lat' dir='ltr'><strong>liat,</strong></span> <span class='ocrx_word' id='word_1_121' title='bbox 1993 1339 2077 1392; x_wconf 79' lang='lat' dir='ltr'><strong>vel</strong></span> 
     </span>
    </p>
   </div>
   <div class='ocr_carea' id='block_1_18' title="bbox 517 1429 2078 1499">
    <p class='ocr_par' dir='ltr' id='par_1_18' title="bbox 517 1429 2078 1499">
     <span class='ocr_line' id='line_1_18' title="bbox 517 1429 2078 1499; baseline 0.002 -18"><span class='ocrx_word' id='word_1_122' title='bbox 517 1429 702 1483; x_wconf 88' lang='lat' dir='ltr'><strong>morbo</strong></span> <span class='ocrx_word' id='word_1_123' title='bbox 731 1429 889 1498; x_wconf 81' lang='lat' dir='ltr'><strong>longo</strong></span> <span class='ocrx_word' id='word_1_124' title='bbox 923 1441 975 1482; x_wconf 89' lang='lat' dir='ltr'><strong>et</strong></span> <span class='ocrx_word' id='word_1_125' title='bbox 996 1430 1221 1484; x_wconf 78' lang='lat' dir='ltr'><strong>terribili</strong></span> <span class='ocrx_word' id='word_1_126' title='bbox 1253 1433 1415 1493; x_wconf 89' lang='lat' dir='ltr'><strong>lucta,</strong></span> <span class='ocrx_word' id='word_1_127' title='bbox 1447 1429 1528 1484; x_wconf 83' lang='lat' dir='ltr'><strong>vel</strong></span> <span class='ocrx_word' id='word_1_128' title='bbox 1567 1429 1709 1482; x_wconf 82' lang='lat' dir='ltr'><strong>aliud</strong></span> <span class='ocrx_word' id='word_1_129' title='bbox 1749 1429 2023 1499; x_wconf 69' lang='lat' dir='ltr'><strong>quidp‘atu</strong></span> <span class='ocrx_word' id='word_1_130' title='bbox 2047 1445 2078 1484; x_wconf 83' lang='grc' dir='ltr'>θ</span> 
     </span>
    </p>
   </div>
   <div class='ocr_carea' id='block_1_19' title="bbox 513 1513 2078 1588">
    <p class='ocr_par' dir='ltr' id='par_1_19' title="bbox 513 1513 2078 1588">
     <span class='ocr_line' id='line_1_19' title="bbox 513 1513 2078 1588; baseline -0.003 -17"><span class='ocrx_word' id='word_1_131' title='bbox 513 1519 638 1572; x_wconf 69' lang='lat' dir='ltr'><strong>vita:</strong></span> <span class='ocrx_word' id='word_1_132' title='bbox 673 1519 831 1572; x_wconf 84' lang='lat' dir='ltr'><strong>malis</strong></span> <span class='ocrx_word' id='word_1_133' title='bbox 861 1533 1053 1588; x_wconf 89' lang='lat' dir='ltr'><strong>passus</strong></span> <span class='ocrx_word' id='word_1_134' title='bbox 1085 1515 1265 1582; x_wconf 86' lang='lat' dir='ltr'><strong>luerit,</strong></span> <span class='ocrx_word' id='word_1_135' title='bbox 1293 1531 1396 1570; x_wconf 90' lang='lat' dir='ltr'><strong>non</strong></span> <span class='ocrx_word' id='word_1_136' title='bbox 1413 1513 1534 1570; x_wconf 81' lang='lat' dir='ltr'><strong>Johi</strong></span> <span class='ocrx_word' id='word_1_137' title='bbox 1568 1517 1725 1569; x_wconf 90' lang='lat' dir='ltr'><strong>modo</strong></span> <span class='ocrx_word' id='word_1_138' title='bbox 1752 1515 2078 1580; x_wconf 88' lang='lat' dir='ltr'><strong>meminerit,</strong></span> 
     </span>
    </p>
   </div>
   <div class='ocr_carea' id='block_1_20' title="bbox 517 1609 2082 1676">
    <p class='ocr_par' dir='ltr' id='par_1_20' title="bbox 517 1609 2082 1676">
     <span class='ocr_line' id='line_1_20' title="bbox 517 1609 2082 1676; baseline 0.001 -15"><span class='ocrx_word' id='word_1_139' title='bbox 517 1610 817 1664; x_wconf 86' lang='lat' dir='ltr'><strong>innumeris</strong></span> <span class='ocrx_word' id='word_1_140' title='bbox 886 1610 1042 1664; x_wconf 86' lang='lat' dir='ltr'><strong>malis</strong></span> <span class='ocrx_word' id='word_1_141' title='bbox 1103 1610 1338 1676; x_wconf 84' lang='lat' dir='ltr'><strong>luctati,</strong></span> <span class='ocrx_word' id='word_1_142' title='bbox 1393 1609 1492 1662; x_wconf 86' lang='lat' dir='ltr'><strong>etsi</strong></span> <span class='ocrx_word' id='word_1_143' title='bbox 1559 1609 1756 1661; x_wconf 73' lang='lat' dir='ltr'><strong>virtute</strong></span> <span class='ocrx_word' id='word_1_144' title='bbox 1827 1609 2082 1675; x_wconf 64' lang='lat' dir='ltr'><strong>praeditus</strong></span> 
     </span>
    </p>
   </div>
   <div class='ocr_carea' id='block_1_21' title="bbox 515 1698 2081 1770">
    <p class='ocr_par' dir='ltr' id='par_1_21' title="bbox 515 1698 2081 1770">
     <span class='ocr_line' id='line_1_21' title="bbox 515 1698 2081 1770; baseline 0.001 -21"><span class='ocrx_word' id='word_1_145' title='bbox 515 1701 686 1766; x_wconf 63' lang='lat' dir='ltr'><strong>vivat,</strong></span> <span class='ocrx_word' id='word_1_146' title='bbox 722 1701 814 1756; x_wconf 89' lang='lat' dir='ltr'><strong>sed</strong></span> <span class='ocrx_word' id='word_1_147' title='bbox 847 1711 898 1754; x_wconf 90' lang='lat' dir='ltr'><strong>et</strong></span> <span class='ocrx_word' id='word_1_148' title='bbox 930 1702 1313 1770; x_wconf 88' lang='lat' dir='ltr'><strong>prophetarum</strong></span> <span class='ocrx_word' id='word_1_149' title='bbox 1353 1713 1402 1754; x_wconf 89' lang='lat' dir='ltr'><strong>et</strong></span> <span class='ocrx_word' id='word_1_150' title='bbox 1423 1699 1692 1768; x_wconf 68' lang='lat' dir='ltr'><strong>iustorum</strong></span> <span class='ocrx_word' id='word_1_151' title='bbox 1722 1705 1778 1751; x_wconf 88' lang='lat' dir='ltr'><strong>et</strong></span> <span class='ocrx_word' id='word_1_152' title='bbox 1805 1698 2081 1768; x_wconf 78' lang='lat' dir='ltr'><strong>apostolo-</strong></span> 
     </span>
    </p>
   </div>
   <div class='ocr_carea' id='block_1_22' title="bbox 517 1791 2082 1862">
    <p class='ocr_par' dir='ltr' id='par_1_22' title="bbox 517 1791 2082 1862">
     <span class='ocr_line' id='line_1_22' title="bbox 517 1791 2082 1862; baseline -0.002 -17"><span class='ocrx_word' id='word_1_153' title='bbox 517 1809 638 1846; x_wconf 88' lang='lat' dir='ltr'><strong>rum</strong></span> <span class='ocrx_word' id='word_1_154' title='bbox 671 1793 908 1859; x_wconf 87' lang='lat' dir='ltr'><strong>ipsorum</strong></span> <span class='ocrx_word' id='word_1_155' title='bbox 945 1809 956 1844; x_wconf 95' lang='lat'><strong>:</strong></span> <span class='ocrx_word' id='word_1_156' title='bbox 998 1803 1050 1845; x_wconf 89' lang='lat' dir='ltr'><strong>et</strong></span> <span class='ocrx_word' id='word_1_157' title='bbox 1076 1807 1266 1846; x_wconf 88' lang='lat' dir='ltr'><strong>omnes</strong></span> <span class='ocrx_word' id='word_1_158' title='bbox 1301 1791 1432 1846; x_wconf 86' lang='lat' dir='ltr'><strong>istos</strong></span> <span class='ocrx_word' id='word_1_159' title='bbox 1467 1793 1744 1862; x_wconf 79' lang='lat' dir='ltr'><strong>reperiens</strong></span> <span class='ocrx_word' id='word_1_160' title='bbox 1783 1807 1886 1846; x_wconf 90' lang='lat' dir='ltr'><strong>non</strong></span> <span class='ocrx_word' id='word_1_161' title='bbox 1941 1791 2082 1844; x_wconf 82' lang='lat' dir='ltr'><strong>inter</strong></span> 
     </span>
    </p>
   </div>
   <div class='ocr_carea' id='block_1_23' title="bbox 519 1883 2084 1952">
    <p class='ocr_par' dir='ltr' id='par_1_23' title="bbox 519 1883 2084 1952">
     <span class='ocr_line' id='line_1_23' title="bbox 519 1883 2084 1952; baseline 0 -16"><span class='ocrx_word' id='word_1_162' title='bbox 519 1885 732 1948; x_wconf 77' lang='lat' dir='ltr'><strong>divites,</strong></span> <span class='ocrx_word' id='word_1_163' title='bbox 773 1894 867 1937; x_wconf 87' lang='lat' dir='ltr'><strong>aut</strong></span> <span class='ocrx_word' id='word_1_164' title='bbox 899 1883 950 1936; x_wconf 91' lang='lat' dir='ltr'><strong>in</strong></span> <span class='ocrx_word' id='word_1_165' title='bbox 985 1883 1192 1937; x_wconf 84' lang='lat' dir='ltr'><strong>deliciis</strong></span> <span class='ocrx_word' id='word_1_166' title='bbox 1222 1885 1487 1946; x_wconf 75' lang='lat' dir='ltr'><strong>viventes,</strong></span> <span class='ocrx_word' id='word_1_167' title='bbox 1527 1884 1622 1937; x_wconf 88' lang='lat' dir='ltr'><strong>sed</strong></span> <span class='ocrx_word' id='word_1_168' title='bbox 1652 1885 1791 1937; x_wconf 87' lang='lat' dir='ltr'><strong>inter</strong></span> <span class='ocrx_word' id='word_1_169' title='bbox 1822 1897 2084 1952; x_wconf 78' lang='lat' dir='ltr'><strong>pauperes</strong></span> 
     </span>
    </p>
   </div>
   <div class='ocr_carea' id='block_1_24' title="bbox 519 1975 2084 2045">
    <p class='ocr_par' dir='ltr' id='par_1_24' title="bbox 519 1975 2084 2045">
     <span class='ocr_line' id='line_1_24' title="bbox 519 1975 2084 2045; baseline -0.001 -16"><span class='ocrx_word' id='word_1_170' title='bbox 519 1987 574 2030; x_wconf 82' lang='lat' dir='ltr'><strong>et</strong></span> <span class='ocrx_word' id='word_1_171' title='bbox 618 1975 866 2040; x_wconf 70' lang='lat' dir='ltr'><strong>afﬂictos,</strong></span> <span class='ocrx_word' id='word_1_172' title='bbox 924 1985 978 2030; x_wconf 88' lang='lat' dir='ltr'><strong>et</strong></span> <span class='ocrx_word' id='word_1_173' title='bbox 1013 1975 1276 2045; x_wconf 83' lang='lat' dir='ltr'><strong>angustiis</strong></span> <span class='ocrx_word' id='word_1_174' title='bbox 1327 1991 1560 2044; x_wconf 88' lang='lat' dir='ltr'><strong>pressos,</strong></span> <span class='ocrx_word' id='word_1_175' title='bbox 1617 1977 1670 2028; x_wconf 88' lang='lat' dir='ltr'><strong>in</strong></span> <span class='ocrx_word' id='word_1_176' title='bbox 1735 1977 1910 2041; x_wconf 79' lang='lat' dir='ltr'><strong>fame,</strong></span> <span class='ocrx_word' id='word_1_177' title='bbox 1973 1975 2084 2038; x_wconf 88' lang='lat' dir='ltr'><strong>siti,</strong></span> 
     </span>
    </p>
   </div>
   <div class='ocr_carea' id='block_1_25' title="bbox 523 2067 2080 2138">
    <p class='ocr_par' dir='ltr' id='par_1_25' title="bbox 523 2067 2080 2138">
     <span class='ocr_line' id='line_1_25' title="bbox 523 2067 2080 2138; baseline -0.001 -17"><span class='ocrx_word' id='word_1_178' title='bbox 523 2073 576 2121; x_wconf 89' lang='lat' dir='ltr'><strong>in</strong></span> <span class='ocrx_word' id='word_1_179' title='bbox 653 2069 897 2121; x_wconf 89' lang='lat' dir='ltr'><strong>nuditate</strong></span> <span class='ocrx_word' id='word_1_180' title='bbox 951 2071 1228 2136; x_wconf 82' lang='lat' dir='ltr'><strong>degentes,</strong></span> <span class='ocrx_word' id='word_1_181' title='bbox 1269 2068 1472 2136; x_wconf 82' lang='lat' dir='ltr'><strong>gratias</strong></span> <span class='ocrx_word' id='word_1_182' title='bbox 1530 2076 1652 2136; x_wconf 82' lang='lat' dir='ltr'><strong>agat</strong></span> <span class='ocrx_word' id='word_1_183' title='bbox 1710 2067 1956 2131; x_wconf 88' lang='lat' dir='ltr'><strong>Domino,</strong></span> <span class='ocrx_word' id='word_1_184' title='bbox 1991 2069 2080 2138; x_wconf 88' lang='lat' dir='ltr'><strong>qui</strong></span> 
     </span>
    </p>
   </div>
   <div class='ocr_carea' id='block_1_26' title="bbox 519 2158 2087 2224">
    <p class='ocr_par' dir='ltr' id='par_1_26' title="bbox 519 2158 2087 2224">
     <span class='ocr_line' id='line_1_26' title="bbox 519 2158 2087 2224; baseline 0.001 -10"><span class='ocrx_word' id='word_1_185' title='bbox 519 2163 686 2214; x_wconf 82' lang='lat' dir='ltr'><strong>fatum</strong></span> <span class='ocrx_word' id='word_1_186' title='bbox 721 2160 822 2213; x_wconf 91' lang='lat' dir='ltr'><strong>hoc</strong></span> <span class='ocrx_word' id='word_1_187' title='bbox 868 2158 970 2212; x_wconf 87' lang='lat' dir='ltr'><strong>sibi</strong></span> <span class='ocrx_word' id='word_1_188' title='bbox 990 2160 1156 2221; x_wconf 85' lang='lat' dir='ltr'><strong>dedit,</strong></span> <span class='ocrx_word' id='word_1_189' title='bbox 1216 2174 1322 2212; x_wconf 90' lang='lat' dir='ltr'><strong>non</strong></span> <span class='ocrx_word' id='word_1_190' title='bbox 1377 2160 1500 2213; x_wconf 90' lang='lat' dir='ltr'><strong>odio</strong></span> <span class='ocrx_word' id='word_1_191' title='bbox 1533 2160 1752 2224; x_wconf 86' lang='lat' dir='ltr'><strong>habens,</strong></span> <span class='ocrx_word' id='word_1_192' title='bbox 1791 2159 1887 2214; x_wconf 83' lang='lat' dir='ltr'><strong>sed</strong></span> <span class='ocrx_word' id='word_1_193' title='bbox 1931 2160 2087 2214; x_wconf 82' lang='lat' dir='ltr'><strong>valde</strong></span> 
     </span>
    </p>
   </div>
   <div class='ocr_carea' id='block_1_27' title="bbox 522 2249 2088 2320">
    <p class='ocr_par' dir='ltr' id='par_1_27' title="bbox 522 2249 2088 2320">
     <span class='ocr_line' id='line_1_27' title="bbox 522 2249 2088 2320; baseline 0.001 -16"><span class='ocrx_word' id='word_1_194' title='bbox 522 2253 772 2320; x_wconf 81' lang='lat' dir='ltr'><strong>diligens,</strong></span> <span class='ocrx_word' id='word_1_195' title='bbox 808 2259 862 2304; x_wconf 90' lang='lat' dir='ltr'><strong>et</strong></span> <span class='ocrx_word' id='word_1_196' title='bbox 911 2249 1110 2306; x_wconf 85' lang='lat' dir='ltr'><strong>multas</strong></span> <span class='ocrx_word' id='word_1_197' title='bbox 1150 2251 1200 2303; x_wconf 90' lang='lat' dir='ltr'><strong>ei</strong></span> <span class='ocrx_word' id='word_1_198' title='bbox 1234 2265 1461 2305; x_wconf 74' lang='lat' dir='ltr'><strong>coronas</strong></span> <span class='ocrx_word' id='word_1_199' title='bbox 1496 2251 1759 2320; x_wconf 72' lang='lat' dir='ltr'><strong>prwbettS.</strong></span> <span class='ocrx_word' id='word_1_200' title='bbox 1801 2249 1933 2306; x_wconf 90' lang='lat' dir='ltr'><strong>Cum</strong></span> <span class='ocrx_word' id='word_1_201' title='bbox 1985 2251 2088 2306; x_wconf 87' lang='lat' dir='ltr'><strong>illis</strong></span> 
     </span>
    </p>
   </div>
   <div class='ocr_carea' id='block_1_28' title="bbox 528 2343 2088 2412">
    <p class='ocr_par' dir='ltr' id='par_1_28' title="bbox 528 2343 2088 2412">
     <span class='ocr_line' id='line_1_28' title="bbox 528 2343 2088 2412; baseline 0.001 -16"><span class='ocrx_word' id='word_1_202' title='bbox 528 2359 630 2398; x_wconf 91' lang='lat' dir='ltr'><strong>non</strong></span> <span class='ocrx_word' id='word_1_203' title='bbox 677 2344 800 2397; x_wconf 92' lang='lat' dir='ltr'><strong>odio</strong></span> <span class='ocrx_word' id='word_1_204' title='bbox 849 2343 1058 2398; x_wconf 83' lang='lat' dir='ltr'><strong>habens</strong></span> <span class='ocrx_word' id='word_1_205' title='bbox 1091 2352 1236 2396; x_wconf 89' lang='lat' dir='ltr'><strong>tanta</strong></span> <span class='ocrx_word' id='word_1_206' title='bbox 1292 2343 1519 2397; x_wconf 85' lang='lat' dir='ltr'><strong>adversa</strong></span> <span class='ocrx_word' id='word_1_207' title='bbox 1557 2343 1810 2412; x_wconf 88' lang='lat' dir='ltr'><strong>patienda</strong></span> <span class='ocrx_word' id='word_1_208' title='bbox 1863 2343 2088 2407; x_wconf 87' lang='lat' dir='ltr'><strong>miserit,</strong></span> 
     </span>
    </p>
   </div>
   <div class='ocr_carea' id='block_1_29' title="bbox 527 2433 2092 2502">
    <p class='ocr_par' dir='ltr' id='par_1_29' title="bbox 527 2433 2092 2502">
     <span class='ocr_line' id='line_1_29' title="bbox 527 2433 2092 2502; baseline -0.002 -14"><span class='ocrx_word' id='word_1_209' title='bbox 527 2437 618 2488; x_wconf 77' lang='lat' dir='ltr'><strong>sed</strong></span> <span class='ocrx_word' id='word_1_210' title='bbox 646 2435 768 2502; x_wconf 84' lang='lat' dir='ltr'><strong>quia</strong></span> <span class='ocrx_word' id='word_1_211' title='bbox 817 2435 1043 2488; x_wconf 90' lang='lat' dir='ltr'><strong>multum</strong></span> <span class='ocrx_word' id='word_1_212' title='bbox 1074 2448 1168 2488; x_wconf 85' lang='lat' dir='ltr'><strong>eos</strong></span> <span class='ocrx_word' id='word_1_213' title='bbox 1200 2433 1437 2496; x_wconf 85' lang='lat' dir='ltr'><strong>amabat,</strong></span> <span class='ocrx_word' id='word_1_214' title='bbox 1479 2433 1802 2488; x_wconf 75' lang='lat' dir='ltr'><strong>illustriores</strong></span> <span class='ocrx_word' id='word_1_215' title='bbox 1847 2447 1941 2486; x_wconf 90' lang='lat' dir='ltr'><strong>eos</strong></span> <span class='ocrx_word' id='word_1_216' title='bbox 1995 2447 2092 2500; x_wconf 88' lang='lat' dir='ltr'><strong>per</strong></span> 
     </span>
    </p>
   </div>
   <div class='ocr_carea' id='block_1_30' title="bbox 527 2523 2089 2593">
    <p class='ocr_par' dir='ltr' id='par_1_30' title="bbox 527 2523 2089 2593">
     <span class='ocr_line' id='line_1_30' title="bbox 527 2523 2089 2593; baseline -0.001 -15"><span class='ocrx_word' id='word_1_217' title='bbox 527 2529 754 2581; x_wconf 81' lang='lat' dir='ltr'><strong>adversa</strong></span> <span class='ocrx_word' id='word_1_218' title='bbox 791 2526 879 2578; x_wconf 90' lang='lat' dir='ltr'><strong>illa</strong></span> <span class='ocrx_word' id='word_1_219' title='bbox 914 2525 1118 2580; x_wconf 82' lang='lat' dir='ltr'><strong>eﬂ&#39;ecit.</strong></span> <span class='ocrx_word' id='word_1_220' title='bbox 1161 2525 1280 2582; x_wconf 78' lang='lat' dir='ltr'><strong>Etsi</strong></span> <span class='ocrx_word' id='word_1_221' title='bbox 1313 2525 1434 2593; x_wconf 83' lang='lat' dir='ltr'><strong>quis</strong></span> <span class='ocrx_word' id='word_1_222' title='bbox 1484 2540 1592 2578; x_wconf 88' lang='lat' dir='ltr'><strong>non</strong></span> <span class='ocrx_word' id='word_1_223' title='bbox 1643 2539 1671 2576; x_wconf 89' lang='lat' dir='ltr'><strong>a</strong></span> <span class='ocrx_word' id='word_1_224' title='bbox 1715 2523 1823 2578; x_wconf 86' lang='lat' dir='ltr'><strong>Deo</strong></span> <span class='ocrx_word' id='word_1_225' title='bbox 1865 2528 2089 2576; x_wconf 78' lang='lat' dir='ltr'><strong>adversa</strong></span> 
     </span>
    </p>
   </div>
   <div class='ocr_carea' id='block_1_31' title="bbox 524 2615 2086 2686">
    <p class='ocr_par' dir='ltr' id='par_1_31' title="bbox 524 2615 2086 2686">
     <span class='ocr_line' id='line_1_31' title="bbox 524 2615 2086 2686; baseline -0.001 -15"><span class='ocrx_word' id='word_1_226' title='bbox 524 2623 766 2686; x_wconf 68' lang='lat' dir='ltr'><strong>quaedam</strong></span> <span class='ocrx_word' id='word_1_227' title='bbox 829 2619 1088 2686; x_wconf 84' lang='lat' dir='ltr'><strong>patiatur,</strong></span> <span class='ocrx_word' id='word_1_228' title='bbox 1141 2619 1234 2671; x_wconf 88' lang='lat' dir='ltr'><strong>sed</strong></span> <span class='ocrx_word' id='word_1_229' title='bbox 1280 2633 1342 2668; x_wconf 79' lang='lat' dir='ltr'><strong>ex</strong></span> <span class='ocrx_word' id='word_1_230' title='bbox 1405 2616 1684 2670; x_wconf 78' lang='lat' dir='ltr'><strong>hominum</strong></span> <span class='ocrx_word' id='word_1_231' title='bbox 1743 2615 2086 2684; x_wconf 85' lang='lat' dir='ltr'><strong>spoliatione,</strong></span> 
     </span>
    </p>
   </div>
   <div class='ocr_carea' id='block_1_32' title="bbox 528 2706 2089 2779">
    <p class='ocr_par' dir='ltr' id='par_1_32' title="bbox 528 2706 2089 2779">
     <span class='ocr_line' id='line_1_32' title="bbox 528 2706 2089 2779; baseline -0.003 -17"><span class='ocrx_word' id='word_1_232' title='bbox 528 2711 730 2772; x_wconf 72' lang='lat' dir='ltr'><strong>gratias</strong></span> <span class='ocrx_word' id='word_1_233' title='bbox 761 2721 901 2779; x_wconf 78' lang='lat' dir='ltr'><strong>aget.</strong></span> <span class='ocrx_word' id='word_1_234' title='bbox 948 2719 1001 2763; x_wconf 86' lang='lat' dir='ltr'><strong>et</strong></span> <span class='ocrx_word' id='word_1_235' title='bbox 1049 2724 1153 2762; x_wconf 87' lang='lat' dir='ltr'><strong>non</strong></span> <span class='ocrx_word' id='word_1_236' title='bbox 1205 2707 1668 2776; x_wconf 80' lang='lat' dir='ltr'><strong>blasphemahitur</strong></span> <span class='ocrx_word' id='word_1_237' title='bbox 1715 2707 1766 2760; x_wconf 91' lang='lat' dir='ltr'><strong>in</strong></span> <span class='ocrx_word' id='word_1_238' title='bbox 1818 2723 1938 2760; x_wconf 87' lang='lat' dir='ltr'><strong>eum</strong></span> <span class='ocrx_word' id='word_1_239' title='bbox 1995 2706 2089 2774; x_wconf 91' lang='lat' dir='ltr'><strong>qui</strong></span> 
     </span>
    </p>
   </div>
   <div class='ocr_carea' id='block_1_33' title="bbox 529 2795 2092 2866">
    <p class='ocr_par' dir='ltr' id='par_1_33' title="bbox 529 2795 2092 2866">
     <span class='ocr_line' id='line_1_33' title="bbox 529 2795 2092 2866; baseline 0 -17"><span class='ocrx_word' id='word_1_240' title='bbox 529 2799 788 2865; x_wconf 81' lang='lat' dir='ltr'><strong>impedire</strong></span> <span class='ocrx_word' id='word_1_241' title='bbox 823 2807 1024 2866; x_wconf 86' lang='lat' dir='ltr'><strong>potest.</strong></span> <span class='ocrx_word' id='word_1_242' title='bbox 1056 2801 1147 2852; x_wconf 89' lang='lat' dir='ltr'><strong>sed</strong></span> <span class='ocrx_word' id='word_1_243' title='bbox 1177 2797 1431 2864; x_wconf 85' lang='lat' dir='ltr'><strong>patientis</strong></span> <span class='ocrx_word' id='word_1_244' title='bbox 1460 2797 1529 2848; x_wconf 89' lang='lat' dir='ltr'><strong>ob</strong></span> <span class='ocrx_word' id='word_1_245' title='bbox 1559 2795 1780 2866; x_wconf 88' lang='lat' dir='ltr'><strong>gloriam</strong></span> <span class='ocrx_word' id='word_1_246' title='bbox 1808 2795 2092 2864; x_wconf 87' lang='lat' dir='ltr'><strong>permittit.</strong></span> 
     </span>
    </p>
   </div>
   <div class='ocr_carea' id='block_1_34' title="bbox 531 2887 2093 2956">
    <p class='ocr_par' dir='ltr' id='par_1_34' title="bbox 531 2887 2093 2956">
     <span class='ocr_line' id='line_1_34' title="bbox 531 2887 2093 2956; baseline 0 -18"><span class='ocrx_word' id='word_1_247' title='bbox 531 2889 691 2940; x_wconf 79' lang='lat' dir='ltr'><strong>\‘elnt</strong></span> <span class='ocrx_word' id='word_1_248' title='bbox 733 2891 766 2941; x_wconf 91' lang='lat' dir='ltr'><strong>ii</strong></span> <span class='ocrx_word' id='word_1_249' title='bbox 799 2890 888 2954; x_wconf 85' lang='lat' dir='ltr'><strong>qui</strong></span> <span class='ocrx_word' id='word_1_250' title='bbox 941 2905 971 2943; x_wconf 87' lang='lat' dir='ltr'><strong>a</strong></span> <span class='ocrx_word' id='word_1_251' title='bbox 1013 2887 1123 2942; x_wconf 89' lang='lat' dir='ltr'><strong>Deo</strong></span> <span class='ocrx_word' id='word_1_252' title='bbox 1158 2889 1464 2956; x_wconf 85' lang='lat' dir='ltr'><strong>allliguntur</strong></span> <span class='ocrx_word' id='word_1_253' title='bbox 1513 2903 1766 2942; x_wconf 82' lang='lat' dir='ltr'><strong>coronam</strong></span> <span class='ocrx_word' id='word_1_254' title='bbox 1797 2887 2093 2956; x_wconf 87' lang='lat' dir='ltr'><strong>accipiunt,</strong></span> 
     </span>
    </p>
   </div>
   <div class='ocr_carea' id='block_1_35' title="bbox 528 2979 2092 3050">
    <p class='ocr_par' dir='ltr' id='par_1_35' title="bbox 528 2979 2092 3050">
     <span class='ocr_line' id='line_1_35' title="bbox 528 2979 2092 3050; baseline -0.005 -16"><span class='ocrx_word' id='word_1_255' title='bbox 528 2983 602 3034; x_wconf 87' lang='lat' dir='ltr'><strong>ita</strong></span> <span class='ocrx_word' id='word_1_256' title='bbox 633 2982 744 3049; x_wconf 72' lang='lat' dir='ltr'><strong>ipse</strong></span> <span class='ocrx_word' id='word_1_257' title='bbox 765 2981 1008 3034; x_wconf 82' lang='lat' dir='ltr'><strong>eamdem</strong></span> <span class='ocrx_word' id='word_1_258' title='bbox 1042 2983 1343 3034; x_wconf 78' lang='lat' dir='ltr'><strong>mercedem</strong></span> <span class='ocrx_word' id='word_1_259' title='bbox 1378 2979 1630 3048; x_wconf 76' lang='lat' dir='ltr'><strong>attinget,</strong></span> <span class='ocrx_word' id='word_1_260' title='bbox 1661 2979 1788 3050; x_wconf 84' lang='lat' dir='ltr'><strong>quia</strong></span> <span class='ocrx_word' id='word_1_261' title='bbox 1817 2981 1884 3033; x_wconf 92' lang='lat' dir='ltr'><strong>ab</strong></span> <span class='ocrx_word' id='word_1_262' title='bbox 1916 2979 2092 3032; x_wconf 85' lang='lat' dir='ltr'><strong>ltomi-</strong></span> 
     </span>
    </p>
   </div>
   <div class='ocr_carea' id='block_1_36' title="bbox 532 3071 2098 3140">
    <p class='ocr_par' dir='ltr' id='par_1_36' title="bbox 532 3071 2098 3140">
     <span class='ocr_line' id='line_1_36' title="bbox 532 3071 2098 3140; baseline -0.001 -14"><span class='ocrx_word' id='word_1_263' title='bbox 532 3075 691 3126; x_wconf 83' lang='lat' dir='ltr'><strong>nibus</strong></span> <span class='ocrx_word' id='word_1_264' title='bbox 725 3073 901 3126; x_wconf 89' lang='lat' dir='ltr'><strong>illatos</strong></span> <span class='ocrx_word' id='word_1_265' title='bbox 941 3087 1100 3126; x_wconf 88' lang='lat' dir='ltr'><strong>casus</strong></span> <span class='ocrx_word' id='word_1_266' title='bbox 1147 3086 1406 3140; x_wconf 86' lang='lat' dir='ltr'><strong>generose</strong></span> <span class='ocrx_word' id='word_1_267' title='bbox 1465 3073 1670 3134; x_wconf 78' lang='lat' dir='ltr'><strong>tulerit,</strong></span> <span class='ocrx_word' id='word_1_268' title='bbox 1705 3081 1760 3124; x_wconf 86' lang='lat' dir='ltr'><strong>et</strong></span> <span class='ocrx_word' id='word_1_269' title='bbox 1801 3071 1849 3126; x_wconf 88' lang='lat' dir='ltr'><strong>ei</strong></span> <span class='ocrx_word' id='word_1_270' title='bbox 1875 3071 1966 3140; x_wconf 91' lang='lat' dir='ltr'><strong>qui</strong></span> <span class='ocrx_word' id='word_1_271' title='bbox 1999 3073 2098 3126; x_wconf 85' lang='lat' dir='ltr'><strong>im-</strong></span> 
     </span>
    </p>
   </div>
   <div class='ocr_carea' id='block_1_37' title="bbox 533 3164 1794 3234">
    <p class='ocr_par' dir='ltr' id='par_1_37' title="bbox 533 3164 1794 3234">
     <span class='ocr_line' id='line_1_37' title="bbox 533 3164 1794 3234; baseline 0 -18"><span class='ocrx_word' id='word_1_272' title='bbox 533 3165 710 3234; x_wconf 84' lang='lat' dir='ltr'><strong>pedire</strong></span> <span class='ocrx_word' id='word_1_273' title='bbox 743 3175 922 3233; x_wconf 77' lang='lat' dir='ltr'><strong>potest</strong></span> <span class='ocrx_word' id='word_1_274' title='bbox 953 3166 1042 3219; x_wconf 84' lang='lat' dir='ltr'><strong>Sed</strong></span> <span class='ocrx_word' id='word_1_275' title='bbox 1079 3181 1186 3218; x_wconf 88' lang='lat' dir='ltr'><strong>non</strong></span> <span class='ocrx_word' id='word_1_276' title='bbox 1222 3165 1333 3218; x_wconf 77' lang='lat' dir='ltr'><strong>vult</strong></span> <span class='ocrx_word' id='word_1_277' title='bbox 1367 3165 1571 3231; x_wconf 77' lang='lat' dir='ltr'><strong>gratias</strong></span> <span class='ocrx_word' id='word_1_278' title='bbox 1601 3164 1794 3232; x_wconf 76' lang='lat' dir='ltr'><strong>egerit.</strong></span> 
     </span>
    </p>
   </div>
   <div class='ocr_carea' id='block_1_38' title="bbox 635 3253 2098 3324">
    <p class='ocr_par' dir='ltr' id='par_1_38' title="bbox 635 3253 2098 3324">
     <span class='ocr_line' id='line_1_38' title="bbox 635 3253 2098 3324; baseline -0.001 -16"><span class='ocrx_word' id='word_1_279' title='bbox 635 3256 836 3309; x_wconf 87' lang='lat' dir='ltr'><strong>Deinde</strong></span> <span class='ocrx_word' id='word_1_280' title='bbox 903 3256 1266 3324; x_wconf 73' lang='lat' dir='ltr'><strong>unusqttisque</strong></span> <span class='ocrx_word' id='word_1_281' title='bbox 1345 3255 1513 3307; x_wconf 82' lang='lat' dir='ltr'><strong>nostri</strong></span> <span class='ocrx_word' id='word_1_282' title='bbox 1600 3253 1958 3318; x_wconf 77' lang='lat' dir='ltr'><strong>recordetur,</strong></span> <span class='ocrx_word' id='word_1_283' title='bbox 2041 3263 2098 3308; x_wconf 89' lang='lat' dir='ltr'><strong>ut</strong></span> 
     </span>
    </p>
   </div>
   <div class='ocr_carea' id='block_1_39' title="bbox 2257 1323 3754 1410">
    <p class='ocr_par' dir='ltr' id='par_1_39' title="bbox 2257 1323 3754 1410">
     <span class='ocr_line' id='line_1_39' title="bbox 2257 1323 3754 1410; baseline -0.013 -16"><span class='ocrx_word' id='word_1_284' title='bbox 2257 1339 2356 1404; x_wconf 74' lang='grc' dir='ltr'>ις’.</span> <span class='ocrx_word' id='word_1_285' title='bbox 2393 1341 2490 1393; x_wconf 76' lang='grc' dir='ltr'><strong>Ἂν</strong></span> <span class='ocrx_word' id='word_1_286' title='bbox 2515 1337 2702 1410; x_wconf 76' lang='grc' dir='ltr'>ἕτερός</span> <span class='ocrx_word' id='word_1_287' title='bbox 2730 1351 2814 1400; x_wconf 87' lang='grc' dir='ltr'><strong>τις</strong></span> <span class='ocrx_word' id='word_1_288' title='bbox 2839 1333 3003 1386; x_wconf 78' lang='grc' dir='ltr'>πάλιν</span> <span class='ocrx_word' id='word_1_289' title='bbox 3029 1329 3218 1394; x_wconf 76' lang='grc' dir='ltr'>ἄδοξος</span> <span class='ocrx_word' id='word_1_290' title='bbox 3245 1327 3308 1394; x_wconf 80' lang='grc' dir='ltr'>ἐξ</span> <span class='ocrx_word' id='word_1_291' title='bbox 3335 1325 3547 1390; x_wconf 81' lang='grc' dir='ltr'>ἐνδόξου</span> <span class='ocrx_word' id='word_1_292' title='bbox 3581 1323 3754 1391; x_wconf 77' lang='grc' dir='ltr'>γένη-</span> 
     </span>
    </p>
   </div>
   <div class='ocr_carea' id='block_1_40' title="bbox 2185 1414 3766 1504">
    <p class='ocr_par' dir='ltr' id='par_1_40' title="bbox 2185 1414 3766 1504">
     <span class='ocr_line' id='line_1_40' title="bbox 2185 1414 3766 1504; baseline -0.014 -17"><span class='ocrx_word' id='word_1_293' title='bbox 2185 1452 2294 1498; x_wconf 87' lang='grc' dir='ltr'>ται,</span> <span class='ocrx_word' id='word_1_294' title='bbox 2326 1434 2358 1504; x_wconf 80' lang='grc' dir='ltr'>ἢ</span> <span class='ocrx_word' id='word_1_295' title='bbox 2401 1433 2536 1500; x_wconf 85' lang='grc' dir='ltr'>νόσῳ</span> <span class='ocrx_word' id='word_1_296' title='bbox 2567 1431 2757 1502; x_wconf 76' lang='grc' dir='ltr'>μακρᾷ</span> <span class='ocrx_word' id='word_1_297' title='bbox 2785 1429 2880 1482; x_wconf 74' lang='grc' dir='ltr'>καὶ</span> <span class='ocrx_word' id='word_1_298' title='bbox 2915 1427 3062 1494; x_wconf 80' lang='grc' dir='ltr'>δεινῇ</span> <span class='ocrx_word' id='word_1_299' title='bbox 3091 1421 3318 1492; x_wconf 79' lang='grc' dir='ltr'>παλαίῃ.</span> <span class='ocrx_word' id='word_1_300' title='bbox 3345 1419 3379 1490; x_wconf 69' lang='grc' dir='ltr'><strong>η</strong></span> <span class='ocrx_word' id='word_1_301' title='bbox 3411 1419 3539 1473; x_wconf 74' lang='grc' dir='ltr'>ἄλλο</span> <span class='ocrx_word' id='word_1_302' title='bbox 3567 1433 3624 1468; x_wconf 87' lang='grc' dir='ltr'><strong>τι</strong></span> <span class='ocrx_word' id='word_1_303' title='bbox 3657 1414 3766 1466; x_wconf 71' lang='grc' dir='ltr'><strong>πε-</strong></span> 
     </span>
    </p>
   </div>
   <div class='ocr_carea' id='block_1_41' title="bbox 2187 1507 3766 1592">
    <p class='ocr_par' dir='ltr' id='par_1_41' title="bbox 2187 1507 3766 1592">
     <span class='ocr_line' id='line_1_41' title="bbox 2187 1507 3766 1592; baseline -0.012 -14"><span class='ocrx_word' id='word_1_304' title='bbox 2187 1527 2348 1579; x_wconf 79' lang='grc' dir='ltr'>πονῦε</span> <span class='ocrx_word' id='word_1_305' title='bbox 2390 1525 2496 1578; x_wconf 83' lang='grc' dir='ltr'>τῶν</span> <span class='ocrx_word' id='word_1_306' title='bbox 2547 1523 2642 1576; x_wconf 87' lang='grc' dir='ltr'><strong>τοῦ</strong></span> <span class='ocrx_word' id='word_1_307' title='bbox 2687 1521 2805 1592; x_wconf 83' lang='grc' dir='ltr'>βίου</span> <span class='ocrx_word' id='word_1_308' title='bbox 2864 1518 3074 1581; x_wconf 80' lang='grc' dir='ltr'><strong>κακῶν,</strong></span> <span class='ocrx_word' id='word_1_309' title='bbox 3129 1516 3206 1587; x_wconf 74' lang='grc' dir='ltr'>μὴ</span> <span class='ocrx_word' id='word_1_310' title='bbox 3269 1511 3364 1567; x_wconf 90' lang='grc' dir='ltr'><strong>τοῦ</strong></span> <span class='ocrx_word' id='word_1_311' title='bbox 3417 1507 3538 1565; x_wconf 75' lang='grc' dir='ltr'><strong>Ίὼε</strong></span> <span class='ocrx_word' id='word_1_312' title='bbox 3595 1509 3766 1578; x_wconf 80' lang='grc' dir='ltr'>μόνον</span> 
     </span>
    </p>
   </div>
   <div class='ocr_carea' id='block_1_42' title="bbox 2188 1603 3762 1687">
    <p class='ocr_par' dir='ltr' id='par_1_42' title="bbox 2188 1603 3762 1687">
     <span class='ocr_line' id='line_1_42' title="bbox 2188 1603 3762 1687; baseline -0.012 -15"><span class='ocrx_word' id='word_1_313' title='bbox 2188 1619 2617 1687; x_wconf 79' lang='grc' dir='ltr'><strong>ἀναμνησθήτω,</strong></span> <span class='ocrx_word' id='word_1_314' title='bbox 2667 1615 2882 1686; x_wconf 87' lang='grc' dir='ltr'>μυρίοις</span> <span class='ocrx_word' id='word_1_315' title='bbox 2939 1611 3133 1672; x_wconf 75' lang='grc' dir='ltr'><strong>δεινοῖς</strong></span> <span class='ocrx_word' id='word_1_316' title='bbox 3187 1605 3624 1666; x_wconf 80' lang='grc' dir='ltr'>πυκτεύσαντος,</span> <span class='ocrx_word' id='word_1_317' title='bbox 3657 1603 3762 1654; x_wconf 71' lang='grc' dir='ltr'>καὶ</span> 
     </span>
    </p>
   </div>
   <div class='ocr_carea' id='block_1_43' title="bbox 2187 1693 3756 1776">
    <p class='ocr_par' dir='ltr' id='par_1_43' title="bbox 2187 1693 3756 1776">
     <span class='ocr_line' id='line_1_43' title="bbox 2187 1693 3756 1776; baseline -0.014 -11"><span class='ocrx_word' id='word_1_318' title='bbox 2187 1709 2358 1765; x_wconf 87' lang='grc' dir='ltr'>ταῦτα</span> <span class='ocrx_word' id='word_1_319' title='bbox 2384 1709 2589 1774; x_wconf 79' lang='grc' dir='ltr'>ζῶντος</span> <span class='ocrx_word' id='word_1_320' title='bbox 2640 1710 2696 1760; x_wconf 86' lang='grc' dir='ltr'>ἐν</span> <span class='ocrx_word' id='word_1_321' title='bbox 2727 1707 2924 1776; x_wconf 77' lang='grc' dir='ltr'>ἀρετῇ,</span> <span class='ocrx_word' id='word_1_322' title='bbox 2954 1701 3090 1757; x_wconf 80' lang='grc' dir='ltr'>ἀλλὰ</span> <span class='ocrx_word' id='word_1_323' title='bbox 3141 1701 3237 1754; x_wconf 71' lang='grc' dir='ltr'>καὶ</span> <span class='ocrx_word' id='word_1_324' title='bbox 3267 1697 3376 1752; x_wconf 85' lang='grc' dir='ltr'><strong>τῶν</strong></span> <span class='ocrx_word' id='word_1_325' title='bbox 3427 1693 3756 1768; x_wconf 82' lang='grc' dir='ltr'>προφητῶν,</span> 
     </span>
    </p>
   </div>
   <div class='ocr_carea' id='block_1_44' title="bbox 2187 1785 3766 1858">
    <p class='ocr_par' dir='ltr' id='par_1_44' title="bbox 2187 1785 3766 1858">
     <span class='ocr_line' id='line_1_44' title="bbox 2187 1785 3766 1858; baseline -0.014 0"><span class='ocrx_word' id='word_1_326' title='bbox 2187 1806 2284 1858; x_wconf 76' lang='grc' dir='ltr'>καὶ</span> <span class='ocrx_word' id='word_1_327' title='bbox 2326 1803 2433 1857; x_wconf 84' lang='grc' dir='ltr'>τῶν</span> <span class='ocrx_word' id='word_1_328' title='bbox 2484 1799 2706 1854; x_wconf 86' lang='grc' dir='ltr'>δικαίων</span> <span class='ocrx_word' id='word_1_329' title='bbox 2734 1797 2969 1852; x_wconf 72' lang='grc' dir='ltr'>καὶτῶν</span> <span class='ocrx_word' id='word_1_330' title='bbox 3020 1792 3336 1848; x_wconf 82' lang='grc' dir='ltr'>ἀποστόλων</span> <span class='ocrx_word' id='word_1_331' title='bbox 3371 1789 3548 1843; x_wconf 82' lang='grc' dir='ltr'>αὐτῶν</span> <span class='ocrx_word' id='word_1_332' title='bbox 3583 1803 3600 1817; x_wconf 76' lang='grc' dir='ltr'><strong><em>ο</em></strong></span> <span class='ocrx_word' id='word_1_333' title='bbox 3663 1785 3766 1839; x_wconf 70' lang='grc' dir='ltr'>καὶ</span> 
     </span>
    </p>
   </div>
   <div class='ocr_carea' id='block_1_45' title="bbox 2188 1877 3766 1959">
    <p class='ocr_par' dir='ltr' id='par_1_45' title="bbox 2188 1877 3766 1959">
     <span class='ocr_line' id='line_1_45' title="bbox 2188 1877 3766 1959; baseline -0.012 -13"><span class='ocrx_word' id='word_1_334' title='bbox 2188 1895 2400 1958; x_wconf 73' lang='grc' dir='ltr'>πάντας</span> <span class='ocrx_word' id='word_1_335' title='bbox 2431 1893 2656 1954; x_wconf 78' lang='grc' dir='ltr'><strong>τούτους</strong></span> <span class='ocrx_word' id='word_1_336' title='bbox 2687 1887 2862 1959; x_wconf 76' lang='grc' dir='ltr'>εὑρὼν</span> <span class='ocrx_word' id='word_1_337' title='bbox 2903 1888 2964 1940; x_wconf 89' lang='grc' dir='ltr'><strong>οὐ</strong></span> <span class='ocrx_word' id='word_1_338' title='bbox 2993 1885 3099 1938; x_wconf 83' lang='grc' dir='ltr'><strong>τῶν</strong></span> <span class='ocrx_word' id='word_1_339' title='bbox 3139 1881 3514 1936; x_wconf 74' lang='grc' dir='ltr'><strong>πλουτούντων</strong></span> <span class='ocrx_word' id='word_1_340' title='bbox 3545 1877 3610 1932; x_wconf 84' lang='grc' dir='ltr'>οὗ</span> <span class='ocrx_word' id='word_1_341' title='bbox 3645 1877 3766 1929; x_wconf 86' lang='grc' dir='ltr'><strong>τῶν</strong></span> 
     </span>
    </p>
   </div>
   <div class='ocr_carea' id='block_1_46' title="bbox 2188 1969 3765 2052">
    <p class='ocr_par' dir='ltr' id='par_1_46' title="bbox 2188 1969 3765 2052">
     <span class='ocr_line' id='line_1_46' title="bbox 2188 1969 3765 2052; baseline -0.013 -14"><span class='ocrx_word' id='word_1_342' title='bbox 2188 1983 2541 2052; x_wconf 77' lang='grc' dir='ltr'><strong>τρυφώντων,</strong></span> <span class='ocrx_word' id='word_1_343' title='bbox 2569 1979 2705 2034; x_wconf 72' lang='grc' dir='ltr'>ἀλλὰ</span> <span class='ocrx_word' id='word_1_344' title='bbox 2735 1979 2843 2032; x_wconf 84' lang='grc' dir='ltr'><strong>τῶν</strong></span> <span class='ocrx_word' id='word_1_345' title='bbox 2873 1977 3212 2044; x_wconf 78' lang='grc' dir='ltr'>πενομένων,</span> <span class='ocrx_word' id='word_1_346' title='bbox 3243 1972 3356 2026; x_wconf 85' lang='grc' dir='ltr'><strong>τῶν</strong></span> <span class='ocrx_word' id='word_1_347' title='bbox 3393 1969 3765 2037; x_wconf 78' lang='grc' dir='ltr'>θλιϐομένων,</span> 
     </span>
    </p>
   </div>
   <div class='ocr_carea' id='block_1_47' title="bbox 2189 2059 3772 2144">
    <p class='ocr_par' dir='ltr' id='par_1_47' title="bbox 2189 2059 3772 2144">
     <span class='ocr_line' id='line_1_47' title="bbox 2189 2059 3772 2144; baseline -0.011 -17"><span class='ocrx_word' id='word_1_348' title='bbox 2189 2076 2300 2127; x_wconf 87' lang='grc' dir='ltr'>τῶν</span> <span class='ocrx_word' id='word_1_349' title='bbox 2355 2073 2897 2144; x_wconf 81' lang='grc' dir='ltr'>στενοχωρουμένων,</span> <span class='ocrx_word' id='word_1_350' title='bbox 2933 2069 3042 2121; x_wconf 84' lang='grc' dir='ltr'>τῶν</span> <span class='ocrx_word' id='word_1_351' title='bbox 3075 2068 3132 2119; x_wconf 88' lang='grc' dir='ltr'><strong>ἐν</strong></span> <span class='ocrx_word' id='word_1_352' title='bbox 3177 2063 3326 2134; x_wconf 88' lang='grc' dir='ltr'><strong>λιμῷ</strong></span> <span class='ocrx_word' id='word_1_353' title='bbox 3359 2064 3454 2116; x_wconf 69' lang='grc' dir='ltr'>καὶ</span> <span class='ocrx_word' id='word_1_354' title='bbox 3485 2059 3614 2131; x_wconf 72' lang='grc' dir='ltr'>δίψῃ</span> <span class='ocrx_word' id='word_1_355' title='bbox 3665 2059 3772 2112; x_wconf 69' lang='grc' dir='ltr'>καὶ</span> 
     </span>
    </p>
   </div>
   <div class='ocr_carea' id='block_1_48' title="bbox 2187 2151 3769 2236">
    <p class='ocr_par' dir='ltr' id='par_1_48' title="bbox 2187 2151 3769 2236">
     <span class='ocr_line' id='line_1_48' title="bbox 2187 2151 3769 2236; baseline -0.01 -18"><span class='ocrx_word' id='word_1_356' title='bbox 2187 2163 2491 2236; x_wconf 81' lang='grc' dir='ltr'>γυμνότητι</span> <span class='ocrx_word' id='word_1_357' title='bbox 2519 2163 2819 2228; x_wconf 74' lang='grc' dir='ltr'><strong>διαγόντων</strong></span> <span class='ocrx_word' id='word_1_358' title='bbox 2846 2161 3028 2222; x_wconf 74' lang='grc' dir='ltr'>ὄντας,</span> <span class='ocrx_word' id='word_1_359' title='bbox 3073 2155 3524 2230; x_wconf 72' lang='grc' dir='ltr'>εὐχαριστησάτω</span> <span class='ocrx_word' id='word_1_360' title='bbox 3557 2151 3638 2221; x_wconf 85' lang='grc' dir='ltr'><strong>τῷ</strong></span> <span class='ocrx_word' id='word_1_361' title='bbox 3665 2155 3769 2203; x_wconf 80' lang='grc' dir='ltr'><strong>Δε-</strong></span> 
     </span>
    </p>
   </div>
   <div class='ocr_carea' id='block_1_49' title="bbox 2191 2241 3774 2328">
    <p class='ocr_par' dir='ltr' id='par_1_49' title="bbox 2191 2241 3774 2328">
     <span class='ocr_line' id='line_1_49' title="bbox 2191 2241 3774 2328; baseline -0.011 -18"><span class='ocrx_word' id='word_1_362' title='bbox 2191 2257 2387 2328; x_wconf 81' lang='grc' dir='ltr'>σπότῃ,</span> <span class='ocrx_word' id='word_1_363' title='bbox 2427 2255 2510 2309; x_wconf 82' lang='grc' dir='ltr'>ὅτι</span> <span class='ocrx_word' id='word_1_364' title='bbox 2543 2255 2640 2324; x_wconf 78' lang='grc' dir='ltr'>τῆς</span> <span class='ocrx_word' id='word_1_365' title='bbox 2667 2255 2864 2326; x_wconf 79' lang='grc' dir='ltr'>μοίρας</span> <span class='ocrx_word' id='word_1_366' title='bbox 2889 2251 3092 2320; x_wconf 80' lang='grc' dir='ltr'>ταύτης</span> <span class='ocrx_word' id='word_1_367' title='bbox 3121 2250 3286 2304; x_wconf 74' lang='grc' dir='ltr'>αὐτὸν</span> <span class='ocrx_word' id='word_1_368' title='bbox 3323 2247 3608 2313; x_wconf 83' lang='grc' dir='ltr'>ἐποίησεν,</span> <span class='ocrx_word' id='word_1_369' title='bbox 3639 2241 3774 2310; x_wconf 77' lang='grc' dir='ltr'>οὐχὶ</span> 
     </span>
    </p>
   </div>
   <div class='ocr_carea' id='block_1_50' title="bbox 2193 2331 3772 2417">
    <p class='ocr_par' dir='ltr' id='par_1_50' title="bbox 2193 2331 3772 2417">
     <span class='ocr_line' id='line_1_50' title="bbox 2193 2331 3772 2417; baseline -0.011 -16"><span class='ocrx_word' id='word_1_370' title='bbox 2193 2347 2393 2417; x_wconf 83' lang='grc' dir='ltr'>μισῶν,</span> <span class='ocrx_word' id='word_1_371' title='bbox 2425 2347 2561 2400; x_wconf 84' lang='grc' dir='ltr'>ἀλλὰ</span> <span class='ocrx_word' id='word_1_372' title='bbox 2599 2348 2695 2398; x_wconf 72' lang='grc' dir='ltr'>καὶ</span> <span class='ocrx_word' id='word_1_373' title='bbox 2727 2344 2934 2414; x_wconf 83' lang='grc' dir='ltr'>σφόδρα</span> <span class='ocrx_word' id='word_1_374' title='bbox 2965 2343 3159 2411; x_wconf 77' lang='grc' dir='ltr'>φιλῶν,</span> <span class='ocrx_word' id='word_1_375' title='bbox 3189 2341 3285 2393; x_wconf 78' lang='grc' dir='ltr'>καὶ</span> <span class='ocrx_word' id='word_1_376' title='bbox 3313 2336 3543 2397; x_wconf 82' lang='grc' dir='ltr'>πολλοὺς</span> <span class='ocrx_word' id='word_1_377' title='bbox 3577 2331 3772 2386; x_wconf 80' lang='grc' dir='ltr'>ἐντεῦ-</span> 
     </span>
    </p>
   </div>
   <div class='ocr_carea' id='block_1_51' title="bbox 2193 2424 3772 2508">
    <p class='ocr_par' dir='ltr' id='par_1_51' title="bbox 2193 2424 3772 2508">
     <span class='ocr_line' id='line_1_51' title="bbox 2193 2424 3772 2508; baseline -0.009 -19"><span class='ocrx_word' id='word_1_378' title='bbox 2193 2437 2284 2489; x_wconf 86' lang='grc' dir='ltr'><strong>θεν</strong></span> <span class='ocrx_word' id='word_1_379' title='bbox 2323 2436 2469 2505; x_wconf 83' lang='grc' dir='ltr'>αὐτῷ</span> <span class='ocrx_word' id='word_1_380' title='bbox 2498 2435 2778 2508; x_wconf 80' lang='grc' dir='ltr'>προξενῶν</span> <span class='ocrx_word' id='word_1_381' title='bbox 2807 2435 3108 2503; x_wconf 74' lang='grc' dir='ltr'>στεφάνους</span> <span class='ocrx_word' id='word_1_382' title='bbox 3134 2451 3148 2464; x_wconf 91' lang='grc'><strong>·</strong></span> <span class='ocrx_word' id='word_1_383' title='bbox 3179 2431 3301 2484; x_wconf 72' lang='grc' dir='ltr'>ἐπεὶ</span> <span class='ocrx_word' id='word_1_384' title='bbox 3326 2427 3616 2486; x_wconf 86' lang='grc' dir='ltr'>κάκείνους</span> <span class='ocrx_word' id='word_1_385' title='bbox 3637 2424 3772 2492; x_wconf 79' lang='grc' dir='ltr'>οὐχὶ</span> 
     </span>
    </p>
   </div>
   <div class='ocr_carea' id='block_1_52' title="bbox 2195 2515 3772 2596">
    <p class='ocr_par' dir='ltr' id='par_1_52' title="bbox 2195 2515 3772 2596">
     <span class='ocr_line' id='line_1_52' title="bbox 2195 2515 3772 2596; baseline -0.01 -16"><span class='ocrx_word' id='word_1_386' title='bbox 2195 2525 2371 2596; x_wconf 84' lang='grc' dir='ltr'>μισῶν</span> <span class='ocrx_word' id='word_1_387' title='bbox 2417 2526 2568 2596; x_wconf 70' lang='grc' dir='ltr'>ἠφίει</span> <span class='ocrx_word' id='word_1_388' title='bbox 2617 2524 2860 2579; x_wconf 88' lang='grc' dir='ltr'>τοσαῦτα</span> <span class='ocrx_word' id='word_1_389' title='bbox 2916 2525 3147 2592; x_wconf 76' lang='grc' dir='ltr'>πάσχειν</span> <span class='ocrx_word' id='word_1_390' title='bbox 3191 2521 3360 2582; x_wconf 77' lang='grc' dir='ltr'>δεινὰ,</span> <span class='ocrx_word' id='word_1_391' title='bbox 3401 2517 3518 2572; x_wconf 77' lang='grc' dir='ltr'>ἀλλ’</span> <span class='ocrx_word' id='word_1_392' title='bbox 3571 2515 3772 2582; x_wconf 80' lang='grc' dir='ltr'>ἐπειδὴ</span> 
     </span>
    </p>
   </div>
   <div class='ocr_carea' id='block_1_53' title="bbox 2195 2605 3772 2686">
    <p class='ocr_par' dir='ltr' id='par_1_53' title="bbox 2195 2605 3772 2686">
     <span class='ocr_line' id='line_1_53' title="bbox 2195 2605 3772 2686; baseline -0.01 -16"><span class='ocrx_word' id='word_1_393' title='bbox 2195 2617 2402 2686; x_wconf 80' lang='grc' dir='ltr'>σφόδρα</span> <span class='ocrx_word' id='word_1_394' title='bbox 2431 2615 2628 2684; x_wconf 87' lang='grc' dir='ltr'>ἐφίλει,</span> <span class='ocrx_word' id='word_1_395' title='bbox 2649 2615 3068 2684; x_wconf 79' lang='grc' dir='ltr'>λαμπροτέρους</span> <span class='ocrx_word' id='word_1_396' title='bbox 3097 2611 3294 2672; x_wconf 74' lang='grc' dir='ltr'>αὐτοὺς</span> <span class='ocrx_word' id='word_1_397' title='bbox 3325 2609 3415 2662; x_wconf 75' lang='grc' dir='ltr'>διὰ</span> <span class='ocrx_word' id='word_1_398' title='bbox 3437 2609 3544 2661; x_wconf 80' lang='grc' dir='ltr'>τῶν</span> <span class='ocrx_word' id='word_1_399' title='bbox 3567 2605 3772 2659; x_wconf 78' lang='grc' dir='ltr'>δεινῶν</span> 
     </span>
    </p>
   </div>
   <div class='ocr_carea' id='block_1_54' title="bbox 2193 2697 3772 2778">
    <p class='ocr_par' dir='ltr' id='par_1_54' title="bbox 2193 2697 3772 2778">
     <span class='ocr_line' id='line_1_54' title="bbox 2193 2697 3772 2778; baseline -0.008 -18"><span class='ocrx_word' id='word_1_400' title='bbox 2193 2707 2402 2762; x_wconf 87' lang='grc' dir='ltr'>τούτων</span> <span class='ocrx_word' id='word_1_401' title='bbox 2424 2707 2717 2778; x_wconf 74' lang='grc' dir='ltr'>εἰργάζετο</span> <span class='ocrx_word' id='word_1_402' title='bbox 2739 2723 2755 2738; x_wconf 75' lang='grc' dir='ltr'><strong>ο</strong></span> <span class='ocrx_word' id='word_1_403' title='bbox 2787 2707 2892 2759; x_wconf 86' lang='grc' dir='ltr'>κᾶν</span> <span class='ocrx_word' id='word_1_404' title='bbox 2926 2705 3035 2776; x_wconf 80' lang='grc' dir='ltr'>γὰρ</span> <span class='ocrx_word' id='word_1_405' title='bbox 3075 2705 3149 2774; x_wconf 76' lang='grc' dir='ltr'>μὴ</span> <span class='ocrx_word' id='word_1_406' title='bbox 3181 2703 3270 2756; x_wconf 82' lang='grc' dir='ltr'>διὰ</span> <span class='ocrx_word' id='word_1_407' title='bbox 3309 2701 3401 2754; x_wconf 80' lang='grc' dir='ltr'>τὸν</span> <span class='ocrx_word' id='word_1_408' title='bbox 3433 2699 3566 2752; x_wconf 67' lang='grc' dir='ltr'>Θεδν</span> <span class='ocrx_word' id='word_1_409' title='bbox 3615 2697 3772 2765; x_wconf 74' lang='grc' dir='ltr'>πάθῃ</span> 
     </span>
    </p>
   </div>
   <div class='ocr_carea' id='block_1_55' title="bbox 2194 2789 3772 2868">
    <p class='ocr_par' dir='ltr' id='par_1_55' title="bbox 2194 2789 3772 2868">
     <span class='ocr_line' id='line_1_55' title="bbox 2194 2789 3772 2868; baseline -0.011 -11"><span class='ocrx_word' id='word_1_410' title='bbox 2194 2805 2281 2868; x_wconf 82' lang='grc' dir='ltr'><strong>τίς</strong></span> <span class='ocrx_word' id='word_1_411' title='bbox 2311 2822 2364 2856; x_wconf 93' lang='grc' dir='ltr'><strong>τι</strong></span> <span class='ocrx_word' id='word_1_412' title='bbox 2393 2803 2503 2857; x_wconf 87' lang='grc' dir='ltr'>τῶν</span> <span class='ocrx_word' id='word_1_413' title='bbox 2532 2803 2745 2868; x_wconf 84' lang='grc' dir='ltr'>δεινῶν,</span> <span class='ocrx_word' id='word_1_414' title='bbox 2773 2801 2887 2856; x_wconf 86' lang='grc' dir='ltr'>ἀλλ’</span> <span class='ocrx_word' id='word_1_415' title='bbox 2917 2797 2978 2863; x_wconf 77' lang='grc' dir='ltr'>ἐξ</span> <span class='ocrx_word' id='word_1_416' title='bbox 3015 2797 3322 2866; x_wconf 83' lang='grc' dir='ltr'>ἀνθρώπων</span> <span class='ocrx_word' id='word_1_417' title='bbox 3356 2791 3648 2862; x_wconf 73' lang='grc' dir='ltr'>ἐπηρείας,</span> <span class='ocrx_word' id='word_1_418' title='bbox 3681 2789 3772 2840; x_wconf 76' lang='grc' dir='ltr'>εὐο</span> 
     </span>
    </p>
   </div>
   <div class='ocr_carea' id='block_1_56' title="bbox 2197 2883 3772 2966">
    <p class='ocr_par' dir='ltr' id='par_1_56' title="bbox 2197 2883 3772 2966">
     <span class='ocr_line' id='line_1_56' title="bbox 2197 2883 3772 2966; baseline -0.011 -16"><span class='ocrx_word' id='word_1_419' title='bbox 2197 2895 2522 2966; x_wconf 85' lang='grc' dir='ltr'>χαριστὴσει</span> <span class='ocrx_word' id='word_1_420' title='bbox 2559 2894 2617 2947; x_wconf 79' lang='grc' dir='ltr'><strong>δέ</strong></span> <span class='ocrx_word' id='word_1_421' title='bbox 2653 2895 2750 2947; x_wconf 69' lang='grc' dir='ltr'>καὶ</span> <span class='ocrx_word' id='word_1_422' title='bbox 2789 2893 2862 2962; x_wconf 80' lang='grc' dir='ltr'>μὴ</span> <span class='ocrx_word' id='word_1_423' title='bbox 2905 2889 3290 2961; x_wconf 66' lang='grc' dir='ltr'>βλασφημήσῃ</span> <span class='ocrx_word' id='word_1_424' title='bbox 3332 2887 3426 2939; x_wconf 79' lang='grc' dir='ltr'>τὸν</span> <span class='ocrx_word' id='word_1_425' title='bbox 3467 2883 3772 2951; x_wconf 74' lang='grc' dir='ltr'>δυνάμενοι</span> 
     </span>
    </p>
   </div>
   <div class='ocr_carea' id='block_1_57' title="bbox 2201 2974 3772 3056">
    <p class='ocr_par' dir='ltr' id='par_1_57' title="bbox 2201 2974 3772 3056">
     <span class='ocr_line' id='line_1_57' title="bbox 2201 2974 3772 3056; baseline -0.011 -15"><span class='ocrx_word' id='word_1_426' title='bbox 2201 2988 2301 3056; x_wconf 75' lang='grc' dir='ltr'>μὲν</span> <span class='ocrx_word' id='word_1_427' title='bbox 2338 2985 2606 3050; x_wconf 83' lang='grc' dir='ltr'>κωλύσαι,</span> <span class='ocrx_word' id='word_1_428' title='bbox 2660 2984 2866 3053; x_wconf 78' lang='grc' dir='ltr'>ἀφέντα</span> <span class='ocrx_word' id='word_1_429' title='bbox 2891 2983 2947 3035; x_wconf 77' lang='grc' dir='ltr'>δὲ</span> <span class='ocrx_word' id='word_1_430' title='bbox 2980 2981 3080 3050; x_wconf 78' lang='grc' dir='ltr'>τῆς</span> <span class='ocrx_word' id='word_1_431' title='bbox 3111 2979 3204 3033; x_wconf 85' lang='grc' dir='ltr'><strong>τοῦ</strong></span> <span class='ocrx_word' id='word_1_432' title='bbox 3239 2975 3574 3038; x_wconf 76' lang='grc' dir='ltr'>πεπονθότος</span> <span class='ocrx_word' id='word_1_433' title='bbox 3607 2974 3772 3026; x_wconf 75' lang='grc' dir='ltr'>ἓνεκα</span> 
     </span>
    </p>
   </div>
   <div class='ocr_carea' id='block_1_58' title="bbox 2199 3071 3770 3150">
    <p class='ocr_par' dir='ltr' id='par_1_58' title="bbox 2199 3071 3770 3150">
     <span class='ocr_line' id='line_1_58' title="bbox 2199 3071 3770 3150; baseline -0.011 -16"><span class='ocrx_word' id='word_1_434' title='bbox 2199 3079 2449 3150; x_wconf 79' lang='grc' dir='ltr'>δοκιμῆς,</span> <span class='ocrx_word' id='word_1_435' title='bbox 2492 3077 2682 3146; x_wconf 84' lang='grc' dir='ltr'>ὥσπερ</span> <span class='ocrx_word' id='word_1_436' title='bbox 2711 3079 2762 3130; x_wconf 79' lang='lat' dir='ltr'><strong>ot</strong></span> <span class='ocrx_word' id='word_1_437' title='bbox 2813 3076 2902 3128; x_wconf 79' lang='grc' dir='ltr'><strong>διὰ</strong></span> <span class='ocrx_word' id='word_1_438' title='bbox 2934 3077 3026 3127; x_wconf 73' lang='grc' dir='ltr'><strong>τὸν</strong></span> <span class='ocrx_word' id='word_1_439' title='bbox 3058 3074 3189 3126; x_wconf 71' lang='grc' dir='ltr'><strong>Θεὸν</strong></span> <span class='ocrx_word' id='word_1_440' title='bbox 3227 3071 3514 3130; x_wconf 80' lang='grc' dir='ltr'>παθόντες,</span> <span class='ocrx_word' id='word_1_441' title='bbox 3565 3083 3770 3133; x_wconf 74' lang='grc' dir='ltr'>στεφα-</span> 
     </span>
    </p>
   </div>
   <div class='ocr_carea' id='block_1_59' title="bbox 2199 3161 3770 3230">
    <p class='ocr_par' dir='ltr' id='par_1_59' title="bbox 2199 3161 3770 3230">
     <span class='ocr_line' id='line_1_59' title="bbox 2199 3161 3770 3230; baseline -0.008 -6"><span class='ocrx_word' id='word_1_442' title='bbox 2199 3171 2415 3224; x_wconf 88' lang='grc' dir='ltr'>νοῦνται</span> <span class='ocrx_word' id='word_1_443' title='bbox 2440 3189 2454 3202; x_wconf 80' lang='grc'><em>’</em></span> <span class='ocrx_word' id='word_1_444' title='bbox 2492 3169 2665 3230; x_wconf 73' lang='grc' dir='ltr'>οὕτως</span> <span class='ocrx_word' id='word_1_445' title='bbox 2711 3167 2876 3230; x_wconf 77' lang='grc' dir='ltr'>αὐτὸς</span> <span class='ocrx_word' id='word_1_446' title='bbox 2923 3167 3034 3218; x_wconf 82' lang='grc' dir='ltr'>τῶν</span> <span class='ocrx_word' id='word_1_447' title='bbox 3068 3165 3244 3218; x_wconf 80' lang='grc' dir='ltr'>αὐτῶν</span> <span class='ocrx_word' id='word_1_448' title='bbox 3293 3161 3642 3226; x_wconf 81' lang='grc' dir='ltr'>ἐπιτεύξεται</span> <span class='ocrx_word' id='word_1_449' title='bbox 3681 3179 3770 3230; x_wconf 61' lang='grc' dir='ltr'><strong>μιν</strong></span> 
     </span>
    </p>
   </div>
   <div class='ocr_carea' id='block_1_60' title="bbox 2203 3253 3771 3330">
    <p class='ocr_par' dir='ltr' id='par_1_60' title="bbox 2203 3253 3771 3330">
     <span class='ocr_line' id='line_1_60' title="bbox 2203 3253 3771 3330; baseline -0.008 -13"><span class='ocrx_word' id='word_1_450' title='bbox 2203 3263 2366 3326; x_wconf 84' lang='grc' dir='ltr'>σθῶν,</span> <span class='ocrx_word' id='word_1_451' title='bbox 2401 3263 2482 3316; x_wconf 78' lang='grc' dir='ltr'>ὅτι</span> <span class='ocrx_word' id='word_1_452' title='bbox 2527 3265 2628 3325; x_wconf 76' lang='grc' dir='ltr'>τὰς</span> <span class='ocrx_word' id='word_1_453' title='bbox 2677 3260 2830 3330; x_wconf 75' lang='grc' dir='ltr'>παρὰ</span> <span class='ocrx_word' id='word_1_454' title='bbox 2879 3258 3186 3328; x_wconf 84' lang='grc' dir='ltr'>ἀνθρώπων</span> <span class='ocrx_word' id='word_1_455' title='bbox 3237 3255 3570 3326; x_wconf 78' lang='grc' dir='ltr'>ἐπαχθείσας</span> <span class='ocrx_word' id='word_1_456' title='bbox 3621 3253 3771 3324; x_wconf 75' lang='grc' dir='ltr'>αὐτιῖ</span> 
     </span>
    </p>
   </div>
   <div class='ocr_carea' id='block_1_61' title="bbox 531 3346 2099 3426">
    <p class='ocr_par' dir='ltr' id='par_1_61' title="bbox 531 3346 2096 3418">
     <span class='ocr_line' id='line_1_61' title="bbox 531 3346 2096 3418; baseline 0.001 -19"><span class='ocrx_word' id='word_1_457' title='bbox 531 3349 808 3414; x_wconf 79' lang='lat' dir='ltr'><strong>studiosis,</strong></span> <span class='ocrx_word' id='word_1_458' title='bbox 871 3357 925 3400; x_wconf 88' lang='lat' dir='ltr'><strong>et</strong></span> <span class='ocrx_word' id='word_1_459' title='bbox 981 3349 1047 3400; x_wconf 87' lang='lat' dir='ltr'><strong>ah</strong></span> <span class='ocrx_word' id='word_1_460' title='bbox 1085 3347 1443 3418; x_wconf 80' lang='lat' dir='ltr'><strong>aﬂligentibus</strong></span> <span class='ocrx_word' id='word_1_461' title='bbox 1505 3346 1714 3400; x_wconf 87' lang='lat' dir='ltr'><strong>lucrum</strong></span> <span class='ocrx_word' id='word_1_462' title='bbox 1766 3355 2096 3412; x_wconf 79' lang='lat' dir='ltr'><strong>reportare:</strong></span> 
     </span>
    </p>
   </div>
   <div class='ocr_carea' id='block_1_62' title="bbox 2204 3346 3770 3426">
    <p class='ocr_par' dir='ltr' id='par_1_62' title="bbox 2207 3349 3770 3426">
     <span class='ocr_line' id='line_1_62' title="bbox 2207 3349 3770 3426; baseline -0.005 -16"><span class='ocrx_word' id='word_1_463' title='bbox 2207 3357 2490 3426; x_wconf 64' lang='grc' dir='ltr'>συμφορᾶς</span> <span class='ocrx_word' id='word_1_464' title='bbox 2537 3357 2736 3426; x_wconf 71' lang='grc' dir='ltr'>ἤνεγκε</span> <span class='ocrx_word' id='word_1_465' title='bbox 2763 3355 3026 3422; x_wconf 79' lang='grc' dir='ltr'>γενναίως</span> <span class='ocrx_word' id='word_1_466' title='bbox 3051 3367 3065 3382; x_wconf 78' lang='grc'><strong>⁸</strong></span> <span class='ocrx_word' id='word_1_467' title='bbox 3111 3351 3206 3404; x_wconf 75' lang='grc' dir='ltr'>καὶ</span> <span class='ocrx_word' id='word_1_468' title='bbox 3230 3351 3308 3420; x_wconf 80' lang='grc' dir='ltr'>τῷ</span> <span class='ocrx_word' id='word_1_469' title='bbox 3348 3349 3638 3421; x_wconf 75' lang='grc' dir='ltr'>δυναμένῳ</span> <span class='ocrx_word' id='word_1_470' title='bbox 3677 3350 3770 3418; x_wconf 56' lang='lat' dir='ltr'><strong>[at</strong></span> 
     </span>
    </p>
   </div>
   <div class='ocr_carea' id='block_1_63' title="bbox 527 3437 2105 3510">
    <p class='ocr_par' dir='ltr' id='par_1_63' title="bbox 527 3437 2105 3510">
     <span class='ocr_line' id='line_1_63' title="bbox 527 3437 2105 3510; baseline 0 -18"><span class='ocrx_word' id='word_1_471' title='bbox 527 3440 781 3510; x_wconf 83' lang='lat' dir='ltr'><strong>jejunaus</strong></span> <span class='ocrx_word' id='word_1_472' title='bbox 810 3440 951 3493; x_wconf 90' lang='lat' dir='ltr'><strong>enim</strong></span> <span class='ocrx_word' id='word_1_473' title='bbox 983 3451 1033 3491; x_wconf 92' lang='lat' dir='ltr'><strong>et</strong></span> <span class='ocrx_word' id='word_1_474' title='bbox 1067 3440 1298 3508; x_wconf 75' lang='lat' dir='ltr'><strong>vigilans</strong></span> <span class='ocrx_word' id='word_1_475' title='bbox 1356 3440 1536 3491; x_wconf 88' lang='lat' dir='ltr'><strong>anima</strong></span> <span class='ocrx_word' id='word_1_476' title='bbox 1569 3452 1674 3490; x_wconf 89' lang='lat' dir='ltr'><strong>non</strong></span> <span class='ocrx_word' id='word_1_477' title='bbox 1707 3437 1865 3490; x_wconf 90' lang='lat' dir='ltr'><strong>modo</strong></span> <span class='ocrx_word' id='word_1_478' title='bbox 1889 3440 2105 3507; x_wconf 84' lang='lat' dir='ltr'><strong>quando</strong></span> 
     </span>
    </p>
   </div>
   <div class='ocr_carea' id='block_1_64' title="bbox 537 3531 2102 3602">
    <p class='ocr_par' dir='ltr' id='par_1_64' title="bbox 537 3531 2102 3602">
     <span class='ocr_line' id='line_1_64' title="bbox 537 3531 2102 3602; baseline -0.001 -17"><span class='ocrx_word' id='word_1_479' title='bbox 537 3549 790 3601; x_wconf 63' lang='lat' dir='ltr'><strong>pios-pere</strong></span> <span class='ocrx_word' id='word_1_480' title='bbox 822 3549 908 3586; x_wconf 82' lang='lat' dir='ltr'><strong>res</strong></span> <span class='ocrx_word' id='word_1_481' title='bbox 965 3533 1214 3585; x_wconf 76' lang='lat' dir='ltr'><strong>feruntur</strong></span> <span class='ocrx_word' id='word_1_482' title='bbox 1263 3533 1586 3602; x_wconf 85' lang='lat' dir='ltr'><strong>sapientiam</strong></span> <span class='ocrx_word' id='word_1_483' title='bbox 1655 3533 1944 3592; x_wconf 88' lang='lat' dir='ltr'><strong>ostendit,</strong></span> <span class='ocrx_word' id='word_1_484' title='bbox 2007 3531 2102 3584; x_wconf 81' lang='lat' dir='ltr'><strong>sed</strong></span> 
     </span>
    </p>
   </div>
   <div class='ocr_carea' id='block_1_65' title="bbox 533 3622 2106 3694">
    <p class='ocr_par' dir='ltr' id='par_1_65' title="bbox 533 3622 2106 3694">
     <span class='ocr_line' id='line_1_65' title="bbox 533 3622 2106 3694; baseline 0.001 -22"><span class='ocrx_word' id='word_1_485' title='bbox 533 3627 748 3694; x_wconf 79' lang='lat' dir='ltr'><strong>quando</strong></span> <span class='ocrx_word' id='word_1_486' title='bbox 813 3639 990 3676; x_wconf 87' lang='lat' dir='ltr'><strong>rerum</strong></span> <span class='ocrx_word' id='word_1_487' title='bbox 1053 3624 1323 3676; x_wconf 86' lang='lat' dir='ltr'><strong>contraria</strong></span> <span class='ocrx_word' id='word_1_488' title='bbox 1388 3622 1633 3690; x_wconf 62' lang='lat' dir='ltr'><strong>quaedam</strong></span> <span class='ocrx_word' id='word_1_489' title='bbox 1684 3625 1833 3676; x_wconf 88' lang='lat' dir='ltr'><strong>adest</strong></span> <span class='ocrx_word' id='word_1_490' title='bbox 1870 3623 2106 3675; x_wconf 85' lang='lat' dir='ltr'><strong>cireum-</strong></span> 
     </span>
    </p>
   </div>
   <div class='ocr_carea' id='block_1_66' title="bbox 536 3712 2106 3782">
    <p class='ocr_par' dir='ltr' id='par_1_66' title="bbox 536 3712 2106 3782">
     <span class='ocr_line' id='line_1_66' title="bbox 536 3712 2106 3782; baseline -0.003 -12"><span class='ocrx_word' id='word_1_491' title='bbox 536 3719 777 3780; x_wconf 74' lang='lat' dir='ltr'><strong>Stantia,</strong></span> <span class='ocrx_word' id='word_1_492' title='bbox 830 3725 956 3768; x_wconf 91' lang='lat' dir='ltr'><strong>tunc</strong></span> <span class='ocrx_word' id='word_1_493' title='bbox 1005 3729 1188 3782; x_wconf 85' lang='lat' dir='ltr'><strong>parem</strong></span> <span class='ocrx_word' id='word_1_494' title='bbox 1241 3712 1532 3782; x_wconf 80' lang='lat' dir='ltr'><strong>gratiarum</strong></span> <span class='ocrx_word' id='word_1_495' title='bbox 1591 3715 1856 3768; x_wconf 80' lang='lat' dir='ltr'><strong>actionem</strong></span> <span class='ocrx_word' id='word_1_496' title='bbox 1889 3713 2106 3780; x_wconf 83' lang='lat' dir='ltr'><strong>referet,</strong></span> 
     </span>
    </p>
   </div>
   <div class='ocr_carea' id='block_1_67' title="bbox 539 3805 2097 3861">
    <p class='ocr_par' dir='ltr' id='par_1_67' title="bbox 539 3805 2097 3861">
     <span class='ocr_line' id='line_1_67' title="bbox 539 3805 2097 3861; baseline -0.001 -1"><span class='ocrx_word' id='word_1_497' title='bbox 539 3809 683 3860; x_wconf 90' lang='lat' dir='ltr'><strong>nullo</strong></span> <span class='ocrx_word' id='word_1_498' title='bbox 735 3808 892 3860; x_wconf 90' lang='lat' dir='ltr'><strong>modo</strong></span> <span class='ocrx_word' id='word_1_499' title='bbox 944 3823 1120 3860; x_wconf 90' lang='lat' dir='ltr'><strong>rerum</strong></span> <span class='ocrx_word' id='word_1_500' title='bbox 1161 3808 1460 3859; x_wconf 89' lang='lat' dir='ltr'><strong>mutatione</strong></span> <span class='ocrx_word' id='word_1_501' title='bbox 1513 3807 1753 3861; x_wconf 85' lang='lat' dir='ltr'><strong>emollita</strong></span> <span class='ocrx_word' id='word_1_502' title='bbox 1793 3805 1914 3860; x_wconf 88' lang='lat' dir='ltr'><strong>:ita</strong></span> <span class='ocrx_word' id='word_1_503' title='bbox 1977 3805 2097 3859; x_wconf 88' lang='lat' dir='ltr'><strong>aui-</strong></span> 
     </span>
    </p>
   </div>
   <div class='ocr_carea' id='block_1_68' title="bbox 537 3897 2098 3968">
    <p class='ocr_par' dir='ltr' id='par_1_68' title="bbox 537 3897 2098 3968">
     <span class='ocr_line' id='line_1_68' title="bbox 537 3897 2098 3968; baseline -0.002 -15"><span class='ocrx_word' id='word_1_504' title='bbox 537 3917 682 3953; x_wconf 86' lang='lat' dir='ltr'><strong>mum</strong></span> <span class='ocrx_word' id='word_1_505' title='bbox 717 3898 1110 3968; x_wconf 75' lang='lat' dir='ltr'><strong>despondentes</strong></span> <span class='ocrx_word' id='word_1_506' title='bbox 1137 3912 1204 3952; x_wconf 86' lang='lat' dir='ltr'><strong>ne</strong></span> <span class='ocrx_word' id='word_1_507' title='bbox 1239 3897 1498 3953; x_wconf 85' lang='lat' dir='ltr'><strong>secundis</strong></span> <span class='ocrx_word' id='word_1_508' title='bbox 1535 3899 1750 3967; x_wconf 84' lang='lat' dir='ltr'><strong>quidem</strong></span> <span class='ocrx_word' id='word_1_509' title='bbox 1789 3897 1948 3953; x_wconf 81' lang='lat' dir='ltr'><strong>rebus</strong></span> <span class='ocrx_word' id='word_1_510' title='bbox 1983 3911 2098 3950; x_wconf 83' lang='lat' dir='ltr'><strong>Ille-</strong></span> 
     </span>
    </p>
   </div>
   <div class='ocr_carea' id='block_1_69' title="bbox 539 3991 886 4046">
    <p class='ocr_par' dir='ltr' id='par_1_69' title="bbox 539 3991 886 4046">
     <span class='ocr_line' id='line_1_69' title="bbox 539 3991 886 4046; baseline 0 -1"><span class='ocrx_word' id='word_1_511' title='bbox 539 3994 704 4046; x_wconf 81' lang='lat' dir='ltr'><strong>liores</strong></span> <span class='ocrx_word' id='word_1_512' title='bbox 735 3991 886 4046; x_wconf 80' lang='lat' dir='ltr'><strong>ﬁunt.</strong></span> 
     </span>
    </p>
   </div>
   <div class='ocr_carea' id='block_1_70' title="bbox 2205 3442 3770 3516">
    <p class='ocr_par' dir='ltr' id='par_1_70' title="bbox 2205 3442 3770 3516">
     <span class='ocr_line' id='line_1_70' title="bbox 2205 3442 3770 3516; baseline -0.004 -15"><span class='ocrx_word' id='word_1_513' title='bbox 2205 3449 2406 3510; x_wconf 80' lang='grc' dir='ltr'>ταύτας</span> <span class='ocrx_word' id='word_1_514' title='bbox 2435 3446 2700 3506; x_wconf 83' lang='grc' dir='ltr'>κωλύσαι.</span> <span class='ocrx_word' id='word_1_515' title='bbox 2741 3447 2816 3516; x_wconf 77' lang='grc' dir='ltr'>μὴ</span> <span class='ocrx_word' id='word_1_516' title='bbox 2859 3443 3174 3514; x_wconf 69' lang='grc' dir='ltr'>βουληθέντι</span> <span class='ocrx_word' id='word_1_517' title='bbox 3209 3443 3286 3507; x_wconf 85' lang='grc' dir='ltr'><strong>δέ,</strong></span> <span class='ocrx_word' id='word_1_518' title='bbox 3321 3442 3770 3512; x_wconf 71' lang='grc' dir='ltr'>ηὐχαρίστησενο</span> 
     </span>
    </p>
   </div>
   <div class='ocr_carea' id='block_1_71' title="bbox 2205 3535 3766 3610">
    <p class='ocr_par' dir='ltr' id='par_1_71' title="bbox 2205 3535 3766 3610">
     <span class='ocr_line' id='line_1_71' title="bbox 2205 3535 3766 3610; baseline -0.004 -18"><span class='ocrx_word' id='word_1_519' title='bbox 2205 3541 2287 3593; x_wconf 76' lang='grc' dir='ltr'>ἔτι</span> <span class='ocrx_word' id='word_1_520' title='bbox 2337 3541 2568 3601; x_wconf 75' lang='grc' dir='ltr'>ἕκαστος</span> <span class='ocrx_word' id='word_1_521' title='bbox 2601 3540 2758 3607; x_wconf 79' lang='grc' dir='ltr'>ἡμῶν</span> <span class='ocrx_word' id='word_1_522' title='bbox 2803 3537 3328 3610; x_wconf 82' lang='grc' dir='ltr'>ἀναμιμνησκέσθω,</span> <span class='ocrx_word' id='word_1_523' title='bbox 3382 3535 3467 3588; x_wconf 80' lang='grc' dir='ltr'>ὅτι</span> <span class='ocrx_word' id='word_1_524' title='bbox 3518 3535 3766 3605; x_wconf 54' lang='grc' dir='ltr'><strong>καθάπερ⁹</strong></span> 
     </span>
    </p>
   </div>
   <div class='ocr_carea' id='block_1_72' title="bbox 2203 3625 3747 3696">
    <p class='ocr_par' dir='ltr' id='par_1_72' title="bbox 2203 3625 3747 3696">
     <span class='ocr_line' id='line_1_72' title="bbox 2203 3625 3747 3696; baseline -0.003 -14"><span class='ocrx_word' id='word_1_525' title='bbox 2203 3633 2252 3683; x_wconf 79' lang='grc' dir='ltr'>οξ</span> <span class='ocrx_word' id='word_1_526' title='bbox 2287 3629 2700 3693; x_wconf 75' lang='grc' dir='ltr'>σπουδάζοντες,</span> <span class='ocrx_word' id='word_1_527' title='bbox 2743 3630 2837 3682; x_wconf 83' lang='grc' dir='ltr'>καὶ</span> <span class='ocrx_word' id='word_1_528' title='bbox 2887 3629 2995 3682; x_wconf 70' lang='grc' dir='ltr'>ἀπὺ</span> <span class='ocrx_word' id='word_1_529' title='bbox 3029 3627 3140 3680; x_wconf 82' lang='grc' dir='ltr'>τῶν</span> <span class='ocrx_word' id='word_1_530' title='bbox 3188 3625 3500 3680; x_wconf 77' lang='grc' dir='ltr'>λυπούντων</span> <span class='ocrx_word' id='word_1_531' title='bbox 3551 3627 3747 3696; x_wconf 77' lang='grc' dir='ltr'>κερδαί</span> 
     </span>
    </p>
   </div>
   <div class='ocr_carea' id='block_1_73' title="bbox 2204 3713 3766 3785">
    <p class='ocr_par' dir='ltr' id='par_1_73' title="bbox 2204 3713 3766 3785">
     <span class='ocr_line' id='line_1_73' title="bbox 2204 3713 3766 3785; baseline -0.002 -15"><span class='ocrx_word' id='word_1_532' title='bbox 2204 3735 2389 3770; x_wconf 86' lang='grc' dir='ltr'>νουσιν</span> <span class='ocrx_word' id='word_1_533' title='bbox 2420 3733 2433 3748; x_wconf 66' lang='grc' dir='ltr'><strong>ι</strong></span> <span class='ocrx_word' id='word_1_534' title='bbox 2461 3721 2495 3785; x_wconf 83' lang='grc' dir='ltr'>ὴ</span> <span class='ocrx_word' id='word_1_535' title='bbox 2519 3717 2630 3785; x_wconf 82' lang='grc' dir='ltr'>γὰρ</span> <span class='ocrx_word' id='word_1_536' title='bbox 2665 3719 2911 3783; x_wconf 66' lang='grc' dir='ltr'>νήφουσι</span> <span class='ocrx_word' id='word_1_537' title='bbox 2965 3717 3062 3768; x_wconf 73' lang='grc' dir='ltr'>καὶ</span> <span class='ocrx_word' id='word_1_538' title='bbox 3109 3715 3446 3785; x_wconf 74' lang='grc' dir='ltr'>ἐγρηγορυῖα</span> <span class='ocrx_word' id='word_1_539' title='bbox 3471 3713 3646 3784; x_wconf 76' lang='grc' dir='ltr'>ψυχὴ,</span> <span class='ocrx_word' id='word_1_540' title='bbox 3699 3713 3766 3782; x_wconf 63' lang='grc' dir='ltr'>μθ</span> 
     </span>
    </p>
   </div>
   <div class='ocr_carea' id='block_1_74' title="bbox 2209 3805 3766 3876">
    <p class='ocr_par' dir='ltr' id='par_1_74' title="bbox 2209 3805 3766 3876">
     <span class='ocr_line' id='line_1_74' title="bbox 2209 3805 3766 3876; baseline -0.004 -16"><span class='ocrx_word' id='word_1_541' title='bbox 2209 3807 2370 3876; x_wconf 86' lang='grc' dir='ltr'>μόνον</span> <span class='ocrx_word' id='word_1_542' title='bbox 2395 3807 2614 3858; x_wconf 78' lang='grc' dir='ltr'>ἐπειδὰν</span> <span class='ocrx_word' id='word_1_543' title='bbox 2642 3807 2782 3858; x_wconf 77' lang='grc' dir='ltr'>κατὰ</span> <span class='ocrx_word' id='word_1_544' title='bbox 2815 3805 2944 3876; x_wconf 72' lang='grc' dir='ltr'>ῥοῦν</span> <span class='ocrx_word' id='word_1_545' title='bbox 2971 3806 3202 3874; x_wconf 80' lang='grc' dir='ltr'>φέρηται</span> <span class='ocrx_word' id='word_1_546' title='bbox 3227 3805 3294 3857; x_wconf 81' lang='grc' dir='ltr'>τὰ</span> <span class='ocrx_word' id='word_1_547' title='bbox 3321 3805 3652 3873; x_wconf 79' lang='grc' dir='ltr'>πράγματα.</span> <span class='ocrx_word' id='word_1_548' title='bbox 3674 3805 3766 3872; x_wconf 69' lang='grc' dir='ltr'>τὴν</span> 
     </span>
    </p>
   </div>
   <div class='ocr_carea' id='block_1_75' title="bbox 2209 3897 3776 3970">
    <p class='ocr_par' dir='ltr' id='par_1_75' title="bbox 2209 3897 3776 3970">
     <span class='ocr_line' id='line_1_75' title="bbox 2209 3897 3776 3970; baseline -0.004 -17"><span class='ocrx_word' id='word_1_549' title='bbox 2209 3898 2636 3970; x_wconf 81' lang='grc' dir='ltr'>εὐγνωμοσύνην</span> <span class='ocrx_word' id='word_1_550' title='bbox 2673 3899 3066 3960; x_wconf 85' lang='grc' dir='ltr'>ἐπιδείκνυται,</span> <span class='ocrx_word' id='word_1_551' title='bbox 3111 3897 3247 3950; x_wconf 80' lang='grc' dir='ltr'><strong>ἀλλᾶ</strong></span> <span class='ocrx_word' id='word_1_552' title='bbox 3298 3898 3400 3950; x_wconf 70' lang='grc' dir='ltr'>κᾶν</span> <span class='ocrx_word' id='word_1_553' title='bbox 3437 3897 3662 3950; x_wconf 75' lang='grc' dir='ltr'>ἐναντία</span> <span class='ocrx_word' id='word_1_554' title='bbox 3687 3913 3776 3958; x_wconf 79' lang='grc' dir='ltr'><strong>τις</strong></span> 
     </span>
    </p>
   </div>
   <div class='ocr_carea' id='block_1_76' title="bbox 2211 3988 3780 4060">
    <p class='ocr_par' dir='ltr' id='par_1_76' title="bbox 2211 3988 3780 4060">
     <span class='ocr_line' id='line_1_76' title="bbox 2211 3988 3780 4060; baseline -0.002 -18"><span class='ocrx_word' id='word_1_555' title='bbox 2211 3990 2557 4060; x_wconf 79' lang='grc' dir='ltr'>πραγμάτων</span> <span class='ocrx_word' id='word_1_556' title='bbox 2605 3989 2926 4060; x_wconf 80' lang='grc' dir='ltr'>περίστασις</span> <span class='ocrx_word' id='word_1_557' title='bbox 2983 3988 3466 4058; x_wconf 73' lang='grc' dir='ltr'>παρακολουθήσῃ,</span> <span class='ocrx_word' id='word_1_558' title='bbox 3527 3989 3624 4040; x_wconf 71' lang='grc' dir='ltr'>καὶ</span> <span class='ocrx_word' id='word_1_559' title='bbox 3657 3988 3780 4040; x_wconf 75' lang='grc' dir='ltr'>τότε</span> 
     </span>
    </p>
   </div>
   <div class='ocr_carea' id='block_1_77' title="bbox 535 4083 3780 4160">
    <p class='ocr_par' dir='ltr' id='par_1_77' title="bbox 535 4083 3780 4160">
     <span class='ocr_line' id='line_1_77' title="bbox 535 4083 3780 4160; baseline 0 -22"><span class='ocrx_word' id='word_1_560' title='bbox 535 4087 636 4153; x_wconf 78' lang='grc' dir='ltr'>τὴν</span> <span class='ocrx_word' id='word_1_561' title='bbox 673 4086 794 4154; x_wconf 78' lang='grc' dir='ltr'>ἴσην</span> <span class='ocrx_word' id='word_1_562' title='bbox 819 4085 1168 4154; x_wconf 83' lang='grc' dir='ltr'>εὐχαριστίαν</span> <span class='ocrx_word' id='word_1_563' title='bbox 1215 4087 1499 4152; x_wconf 73' lang='grc' dir='ltr'>ἀναφερει,</span> <span class='ocrx_word' id='word_1_564' title='bbox 1535 4085 1698 4154; x_wconf 68' lang='grc' dir='ltr'>μηδὲν</span> <span class='ocrx_word' id='word_1_565' title='bbox 1731 4087 1842 4160; x_wconf 63' lang='grc' dir='ltr'>απὸ</span> <span class='ocrx_word' id='word_1_566' title='bbox 1867 4089 1964 4156; x_wconf 83' lang='grc' dir='ltr'>τῆς</span> <span class='ocrx_word' id='word_1_567' title='bbox 1991 4085 2102 4138; x_wconf 83' lang='grc' dir='ltr'>τῶν</span> <span class='ocrx_word' id='word_1_568' title='bbox 2147 4086 2490 4154; x_wconf 78' lang='grc' dir='ltr'>πραγμάτων</span> <span class='ocrx_word' id='word_1_569' title='bbox 2563 4083 2870 4154; x_wconf 80' lang='grc' dir='ltr'>μεταϐολῆς</span> <span class='ocrx_word' id='word_1_570' title='bbox 2935 4083 3296 4153; x_wconf 71' lang='grc' dir='ltr'>χαυνουμένη.</span> <span class='ocrx_word' id='word_1_571' title='bbox 3353 4083 3524 4147; x_wconf 80' lang='grc' dir='ltr'>οὓτως</span> <span class='ocrx_word' id='word_1_572' title='bbox 3581 4087 3634 4140; x_wconf 71' lang='lat' dir='ltr'><strong>et</strong></span> <span class='ocrx_word' id='word_1_573' title='bbox 3687 4089 3780 4156; x_wconf 74' lang='grc' dir='ltr'><strong>ῥᾳ-</strong></span> 
     </span>
    </p>
   </div>
   <div class='ocr_carea' id='block_1_78' title="bbox 537 4176 2300 4248">
    <p class='ocr_par' dir='ltr' id='par_1_78' title="bbox 537 4176 2300 4248">
     <span class='ocr_line' id='line_1_78' title="bbox 537 4176 2300 4248; baseline 0 -17"><span class='ocrx_word' id='word_1_574' title='bbox 537 4179 838 4248; x_wconf 79' lang='grc' dir='ltr'>θυμοῦντες</span> <span class='ocrx_word' id='word_1_575' title='bbox 867 4177 988 4229; x_wconf 79' lang='grc' dir='ltr'>οὐδὲ</span> <span class='ocrx_word' id='word_1_576' title='bbox 1033 4177 1141 4230; x_wconf 79' lang='grc' dir='ltr'><strong>ἀπὸ</strong></span> <span class='ocrx_word' id='word_1_577' title='bbox 1171 4176 1278 4230; x_wconf 83' lang='grc' dir='ltr'>τῶν</span> <span class='ocrx_word' id='word_1_578' title='bbox 1305 4177 1662 4247; x_wconf 82' lang='grc' dir='ltr'>ὠφελούντων</span> <span class='ocrx_word' id='word_1_579' title='bbox 1711 4177 1976 4248; x_wconf 81' lang='grc' dir='ltr'>ἀμείνους</span> <span class='ocrx_word' id='word_1_580' title='bbox 2029 4176 2300 4246; x_wconf 88' lang='grc' dir='ltr'>γίνονται.</span> 
     </span>
    </p>
   </div>
   <div class='ocr_carea' id='block_1_79' title="bbox 623 4303 2106 4382">
    <p class='ocr_par' dir='ltr' id='par_1_79' title="bbox 623 4303 2106 4382">
     <span class='ocr_line' id='line_1_79' title="bbox 623 4303 2106 4382; baseline 0.001 -16"><span class='ocrx_word' id='word_1_581' title='bbox 623 4315 704 4368; x_wconf 83' lang='lat' dir='ltr'><strong>l7.</strong></span> <span class='ocrx_word' id='word_1_582' title='bbox 769 4314 1058 4382; x_wconf 85' lang='lat' dir='ltr'><strong>Pr0pterea</strong></span> <span class='ocrx_word' id='word_1_583' title='bbox 1125 4313 1214 4366; x_wconf 85' lang='lat' dir='ltr'><strong>Dei</strong></span> <span class='ocrx_word' id='word_1_584' title='bbox 1284 4314 1663 4370; x_wconf 82' lang='lat' dir='ltr'><strong>educationem</strong></span> <span class='ocrx_word' id='word_1_585' title='bbox 1703 4329 1808 4368; x_wconf 90' lang='lat' dir='ltr'><strong>non</strong></span> <span class='ocrx_word' id='word_1_586' title='bbox 1851 4303 2106 4370; x_wconf 63' lang='lat' dir='ltr'><strong>terentes</strong></span> 
     </span>
    </p>
   </div>
   <div class='ocr_carea' id='block_1_80' title="bbox 541 4407 2102 4476">
    <p class='ocr_par' dir='ltr' id='par_1_80' title="bbox 541 4407 2102 4476">
     <span class='ocr_line' id='line_1_80' title="bbox 541 4407 2102 4476; baseline 0.003 -18"><span class='ocrx_word' id='word_1_587' title='bbox 541 4419 715 4476; x_wconf 74' lang='lat' dir='ltr'><strong>grate,</strong></span> <span class='ocrx_word' id='word_1_588' title='bbox 769 4410 860 4460; x_wconf 89' lang='lat' dir='ltr'><strong>sed</strong></span> <span class='ocrx_word' id='word_1_589' title='bbox 894 4421 1036 4476; x_wconf 80' lang='lat' dir='ltr'><strong>aegre</strong></span> <span class='ocrx_word' id='word_1_590' title='bbox 1073 4407 1361 4474; x_wconf 85' lang='lat' dir='ltr'><strong>patientes,</strong></span> <span class='ocrx_word' id='word_1_591' title='bbox 1415 4419 1676 4476; x_wconf 73' lang='lat' dir='ltr'><strong>praeterea</strong></span> <span class='ocrx_word' id='word_1_592' title='bbox 1703 4407 1844 4475; x_wconf 91' lang='lat' dir='ltr'><strong>quod</strong></span> <span class='ocrx_word' id='word_1_593' title='bbox 1897 4409 2102 4462; x_wconf 84' lang='lat' dir='ltr'><strong>nullout</strong></span> 
     </span>
    </p>
   </div>
   <div class='ocr_carea' id='block_1_81' title="bbox 2291 4313 3778 4386">
    <p class='ocr_par' dir='ltr' id='par_1_81' title="bbox 2291 4313 3778 4386">
     <span class='ocr_line' id='line_1_81' title="bbox 2291 4313 3778 4386; baseline 0.001 -18"><span class='ocrx_word' id='word_1_594' title='bbox 2291 4317 2376 4380; x_wconf 85' lang='grc' dir='ltr'>ιζ’.</span> <span class='ocrx_word' id='word_1_595' title='bbox 2413 4318 2512 4369; x_wconf 82' lang='grc' dir='ltr'><strong>Διὰ</strong></span> <span class='ocrx_word' id='word_1_596' title='bbox 2558 4315 2720 4368; x_wconf 85' lang='grc' dir='ltr'>τοῦτο</span> <span class='ocrx_word' id='word_1_597' title='bbox 2752 4315 2800 4367; x_wconf 89' lang='grc' dir='ltr'><strong>οί</strong></span> <span class='ocrx_word' id='word_1_598' title='bbox 2833 4315 2932 4382; x_wconf 81' lang='grc' dir='ltr'>τὴν</span> <span class='ocrx_word' id='word_1_599' title='bbox 2961 4313 3056 4368; x_wconf 86' lang='grc' dir='ltr'><strong>τοῦ</strong></span> <span class='ocrx_word' id='word_1_600' title='bbox 3102 4315 3240 4368; x_wconf 83' lang='grc' dir='ltr'>Θεοῦ</span> <span class='ocrx_word' id='word_1_601' title='bbox 3271 4317 3522 4369; x_wconf 78' lang='grc' dir='ltr'>παιδείαν</span> <span class='ocrx_word' id='word_1_602' title='bbox 3551 4317 3630 4386; x_wconf 77' lang='grc' dir='ltr'>μὴ</span> <span class='ocrx_word' id='word_1_603' title='bbox 3661 4318 3778 4386; x_wconf 85' lang='grc' dir='ltr'>μετ’</span> 
     </span>
    </p>
   </div>
   <div class='ocr_carea' id='block_1_82' title="bbox 2193 4405 3782 4478">
    <p class='ocr_par' dir='ltr' id='par_1_82' title="bbox 2193 4405 3782 4478">
     <span class='ocr_line' id='line_1_82' title="bbox 2193 4405 3782 4478; baseline 0.003 -21"><span class='ocrx_word' id='word_1_604' title='bbox 2193 4406 2562 4478; x_wconf 80' lang='grc' dir='ltr'>ἐὐχαριστίας</span> <span class='ocrx_word' id='word_1_605' title='bbox 2591 4406 2870 4476; x_wconf 79' lang='grc' dir='ltr'>φέροντες,</span> <span class='ocrx_word' id='word_1_606' title='bbox 2906 4405 3041 4459; x_wconf 83' lang='grc' dir='ltr'><strong>ἀλλὰ</strong></span> <span class='ocrx_word' id='word_1_607' title='bbox 3070 4405 3616 4474; x_wconf 75' lang='grc' dir='ltr'>δυσανασχετοῦντες,</span> <span class='ocrx_word' id='word_1_608' title='bbox 3645 4407 3782 4477; x_wconf 80' lang='grc' dir='ltr'>πρὸς</span> 
     </span>
    </p>
   </div>
   <div class='ocr_carea' id='block_1_83' title="bbox 543 4495 2099 4570">
    <p class='ocr_par' dir='ltr' id='par_1_83' title="bbox 543 4497 2099 4568">
     <span class='ocr_line' id='line_1_83' title="bbox 543 4497 2099 4568; baseline 0 -18"><span class='ocrx_word' id='word_1_609' title='bbox 543 4516 606 4551; x_wconf 81' lang='lat' dir='ltr'><strong>ex</strong></span> <span class='ocrx_word' id='word_1_610' title='bbox 650 4514 710 4550; x_wconf 88' lang='lat' dir='ltr'><strong>ea</strong></span> <span class='ocrx_word' id='word_1_611' title='bbox 762 4497 994 4550; x_wconf 78' lang='lat' dir='ltr'><strong>fructum</strong></span> <span class='ocrx_word' id='word_1_612' title='bbox 1035 4499 1272 4566; x_wconf 88' lang='lat' dir='ltr'><strong>capiant,</strong></span> <span class='ocrx_word' id='word_1_613' title='bbox 1325 4502 1579 4552; x_wconf 81' lang='lat' dir='ltr'><strong>extremis</strong></span> <span class='ocrx_word' id='word_1_614' title='bbox 1633 4498 1840 4568; x_wconf 81' lang='lat' dir='ltr'><strong>seipsos</strong></span> <span class='ocrx_word' id='word_1_615' title='bbox 1868 4500 2099 4552; x_wconf 86' lang='lat' dir='ltr'><strong>circum-</strong></span> 
     </span>
    </p>
   </div>
   <div class='ocr_carea' id='block_1_84' title="bbox 2204 4495 3780 4570">
    <p class='ocr_par' dir='ltr' id='par_1_84' title="bbox 2213 4495 3780 4570">
     <span class='ocr_line' id='line_1_84' title="bbox 2213 4495 3780 4570; baseline -0.003 -18"><span class='ocrx_word' id='word_1_616' title='bbox 2213 4499 2290 4570; x_wconf 83' lang='grc' dir='ltr'>τῷ</span> <span class='ocrx_word' id='word_1_617' title='bbox 2320 4499 2485 4570; x_wconf 82' lang='grc' dir='ltr'>μηδὲν</span> <span class='ocrx_word' id='word_1_618' title='bbox 2511 4497 2569 4562; x_wconf 80' lang='grc' dir='ltr'>ἐξ</span> <span class='ocrx_word' id='word_1_619' title='bbox 2598 4499 2766 4562; x_wconf 78' lang='grc' dir='ltr'>αὐτῆς</span> <span class='ocrx_word' id='word_1_620' title='bbox 2797 4495 3218 4564; x_wconf 81' lang='grc' dir='ltr'>καρπώσασθαι,</span> <span class='ocrx_word' id='word_1_621' title='bbox 3252 4497 3345 4548; x_wconf 67' lang='grc' dir='ltr'>καὶ</span> <span class='ocrx_word' id='word_1_622' title='bbox 3375 4499 3495 4557; x_wconf 77' lang='grc' dir='ltr'>ταῖς</span> <span class='ocrx_word' id='word_1_623' title='bbox 3523 4495 3780 4564; x_wconf 73' lang='grc' dir='ltr'>ἐσχάταις</span> 
     </span>
    </p>
   </div>
   <div class='ocr_carea' id='block_1_85' title="bbox 545 4589 2114 4660">
    <p class='ocr_par' dir='ltr' id='par_1_85' title="bbox 545 4589 2114 4660">
     <span class='ocr_line' id='line_1_85' title="bbox 545 4589 2114 4660; baseline 0.001 -18"><span class='ocrx_word' id='word_1_624' title='bbox 545 4593 676 4644; x_wconf 88' lang='lat' dir='ltr'><strong>dant</strong></span> <span class='ocrx_word' id='word_1_625' title='bbox 703 4591 966 4644; x_wconf 65' lang='lat' dir='ltr'><strong>adrui-sis.</strong></span> <span class='ocrx_word' id='word_1_626' title='bbox 993 4589 1103 4643; x_wconf 82' lang='lat' dir='ltr'><strong>Hoc</strong></span> <span class='ocrx_word' id='word_1_627' title='bbox 1141 4594 1511 4659; x_wconf 83' lang='lat' dir='ltr'><strong>unusquisque</strong></span> <span class='ocrx_word' id='word_1_628' title='bbox 1533 4607 1596 4644; x_wconf 82' lang='lat' dir='ltr'><strong>ex</strong></span> <span class='ocrx_word' id='word_1_629' title='bbox 1641 4592 1799 4644; x_wconf 88' lang='lat' dir='ltr'><strong>nobis</strong></span> <span class='ocrx_word' id='word_1_630' title='bbox 1846 4593 2114 4660; x_wconf 64' lang='lat' dir='ltr'><strong>et‘angell-</strong></span> 
     </span>
    </p>
   </div>
   <div class='ocr_carea' id='block_1_86' title="bbox 545 4679 2116 4746">
    <p class='ocr_par' dir='ltr' id='par_1_86' title="bbox 545 4679 2116 4746">
     <span class='ocr_line' id='line_1_86' title="bbox 545 4679 2116 4746; baseline -0.001 -12"><span class='ocrx_word' id='word_1_631' title='bbox 545 4689 698 4734; x_wconf 79' lang='lat' dir='ltr'><strong>zatus</strong></span> <span class='ocrx_word' id='word_1_632' title='bbox 745 4695 852 4732; x_wconf 89' lang='lat' dir='ltr'><strong>non</strong></span> <span class='ocrx_word' id='word_1_633' title='bbox 913 4679 1324 4746; x_wconf 80' lang='lat' dir='ltr'><strong>blaSphemetur</strong></span> <span class='ocrx_word' id='word_1_634' title='bbox 1377 4679 1811 4734; x_wconf 71' lang='lat' dir='ltr'><strong>benefacieutem</strong></span> <span class='ocrx_word' id='word_1_635' title='bbox 1858 4679 2018 4734; x_wconf 85' lang='lat' dir='ltr'><strong>nobis</strong></span> <span class='ocrx_word' id='word_1_636' title='bbox 2063 4690 2116 4732; x_wconf 90' lang='lat' dir='ltr'><strong>et</strong></span> 
     </span>
    </p>
   </div>
   <div class='ocr_carea' id='block_1_87' title="bbox 545 4773 2114 4841">
    <p class='ocr_par' dir='ltr' id='par_1_87' title="bbox 545 4773 2114 4841">
     <span class='ocr_line' id='line_1_87' title="bbox 545 4773 2114 4841; baseline -0.001 -16"><span class='ocrx_word' id='word_1_637' title='bbox 545 4773 869 4826; x_wconf 78' lang='lat' dir='ltr'><strong>salvatorem</strong></span> <span class='ocrx_word' id='word_1_638' title='bbox 893 4781 947 4825; x_wconf 87' lang='lat' dir='ltr'><strong>et</strong></span> <span class='ocrx_word' id='word_1_639' title='bbox 981 4779 1212 4824; x_wconf 86' lang='lat' dir='ltr'><strong>tutorem</strong></span> <span class='ocrx_word' id='word_1_640' title='bbox 1243 4773 1294 4824; x_wconf 88' lang='lat' dir='ltr'><strong>in</strong></span> <span class='ocrx_word' id='word_1_641' title='bbox 1344 4773 1586 4826; x_wconf 80' lang='lat' dir='ltr'><strong>adversis</strong></span> <span class='ocrx_word' id='word_1_642' title='bbox 1615 4773 1842 4841; x_wconf 87' lang='lat' dir='ltr'><strong>positus,</strong></span> <span class='ocrx_word' id='word_1_643' title='bbox 1869 4789 1933 4825; x_wconf 87' lang='lat' dir='ltr'><strong>ne</strong></span> <span class='ocrx_word' id='word_1_644' title='bbox 1963 4773 2114 4826; x_wconf 82' lang='lat' dir='ltr'><strong>Iaho—</strong></span> 
     </span>
    </p>
   </div>
   <div class='ocr_carea' id='block_1_88' title="bbox 548 4863 2118 4931">
    <p class='ocr_par' dir='ltr' id='par_1_88' title="bbox 548 4863 2118 4931">
     <span class='ocr_line' id='line_1_88' title="bbox 548 4863 2118 4931; baseline -0.001 -15"><span class='ocrx_word' id='word_1_645' title='bbox 548 4881 657 4918; x_wconf 85' lang='lat' dir='ltr'><strong>rem</strong></span> <span class='ocrx_word' id='word_1_646' title='bbox 689 4865 911 4916; x_wconf 84' lang='lat' dir='ltr'><strong>istorum</strong></span> <span class='ocrx_word' id='word_1_647' title='bbox 946 4865 1160 4926; x_wconf 85' lang='lat' dir='ltr'><strong>subeat,</strong></span> <span class='ocrx_word' id='word_1_648' title='bbox 1209 4863 1327 4931; x_wconf 83' lang='lat' dir='ltr'><strong>ejus</strong></span> <span class='ocrx_word' id='word_1_649' title='bbox 1355 4877 1489 4916; x_wconf 78' lang='lat' dir='ltr'><strong>vero</strong></span> <span class='ocrx_word' id='word_1_650' title='bbox 1524 4863 1677 4915; x_wconf 89' lang='lat' dir='ltr'><strong>lucro</strong></span> <span class='ocrx_word' id='word_1_651' title='bbox 1723 4865 1790 4916; x_wconf 86' lang='lat' dir='ltr'><strong>oh</strong></span> <span class='ocrx_word' id='word_1_652' title='bbox 1833 4863 2118 4930; x_wconf 64' lang='lat' dir='ltr'><strong>impatien-</strong></span> 
     </span>
    </p>
   </div>
   <div class='ocr_carea' id='block_1_89' title="bbox 547 4953 2117 5026">
    <p class='ocr_par' dir='ltr' id='par_1_89' title="bbox 547 4953 2117 5026">
     <span class='ocr_line' id='line_1_89' title="bbox 547 4953 2117 5026; baseline -0.001 -17"><span class='ocrx_word' id='word_1_653' title='bbox 547 4959 674 5009; x_wconf 83' lang='lat' dir='ltr'><strong>tiam</strong></span> <span class='ocrx_word' id='word_1_654' title='bbox 713 4957 972 5026; x_wconf 81' lang='lat' dir='ltr'><strong>privetur,</strong></span> <span class='ocrx_word' id='word_1_655' title='bbox 1005 4965 1058 5008; x_wconf 90' lang='lat' dir='ltr'><strong>et</strong></span> <span class='ocrx_word' id='word_1_656' title='bbox 1095 4957 1146 5006; x_wconf 91' lang='lat' dir='ltr'><strong>iu</strong></span> <span class='ocrx_word' id='word_1_657' title='bbox 1185 4955 1445 5025; x_wconf 78' lang='lat' dir='ltr'><strong>abyssum</strong></span> <span class='ocrx_word' id='word_1_658' title='bbox 1480 4965 1736 5008; x_wconf 76' lang='lat' dir='ltr'><strong>extrema:</strong></span> <span class='ocrx_word' id='word_1_659' title='bbox 1791 4953 2117 5020; x_wconf 86' lang='lat' dir='ltr'><strong>perditionis</strong></span> 
     </span>
    </p>
   </div>
   <div class='ocr_carea' id='block_1_90' title="bbox 547 5047 2118 5116">
    <p class='ocr_par' dir='ltr' id='par_1_90' title="bbox 547 5047 2118 5116">
     <span class='ocr_line' id='line_1_90' title="bbox 547 5047 2118 5116; baseline -0.002 -16"><span class='ocrx_word' id='word_1_660' title='bbox 547 5049 904 5116; x_wconf 87' lang='lat' dir='ltr'><strong>deprimatur,</strong></span> <span class='ocrx_word' id='word_1_661' title='bbox 968 5049 1094 5116; x_wconf 87' lang='lat' dir='ltr'><strong>quia</strong></span> <span class='ocrx_word' id='word_1_662' title='bbox 1121 5049 1380 5101; x_wconf 75' lang='lat' dir='ltr'><strong>auxilium</strong></span> <span class='ocrx_word' id='word_1_663' title='bbox 1415 5047 1506 5100; x_wconf 84' lang='lat' dir='ltr'><strong>Dei</strong></span> <span class='ocrx_word' id='word_1_664' title='bbox 1561 5047 1836 5114; x_wconf 82' lang='lat' dir='ltr'><strong>repulerit,</strong></span> <span class='ocrx_word' id='word_1_665' title='bbox 1870 5057 1922 5100; x_wconf 78' lang='lat' dir='ltr'><strong>et</strong></span> <span class='ocrx_word' id='word_1_666' title='bbox 1955 5049 2118 5098; x_wconf 81' lang='lat' dir='ltr'><strong>vehe-</strong></span> 
     </span>
    </p>
   </div>
   <div class='ocr_carea' id='block_1_91' title="bbox 547 5139 2116 5206">
    <p class='ocr_par' dir='ltr' id='par_1_91' title="bbox 547 5139 2116 5206">
     <span class='ocr_line' id='line_1_91' title="bbox 547 5139 2116 5206; baseline 0 -14"><span class='ocrx_word' id='word_1_667' title='bbox 547 5139 864 5192; x_wconf 83' lang='lat' dir='ltr'><strong>mentiorem</strong></span> <span class='ocrx_word' id='word_1_668' title='bbox 907 5139 1194 5193; x_wconf 83' lang='lat' dir='ltr'><strong>adversum</strong></span> <span class='ocrx_word' id='word_1_669' title='bbox 1256 5157 1314 5194; x_wconf 82' lang='lat' dir='ltr'><strong>se</strong></span> <span class='ocrx_word' id='word_1_670' title='bbox 1366 5140 1636 5192; x_wconf 88' lang='lat' dir='ltr'><strong>diabolum</strong></span> <span class='ocrx_word' id='word_1_671' title='bbox 1698 5139 1938 5193; x_wconf 79' lang='lat' dir='ltr'><strong>eﬂ&#39;ecerit</strong></span> <span class='ocrx_word' id='word_1_672' title='bbox 1971 5156 1986 5206; x_wconf 89' lang='lat'><strong>;</strong></span> <span class='ocrx_word' id='word_1_673' title='bbox 2022 5141 2116 5193; x_wconf 86' lang='lat' dir='ltr'><strong>sed</strong></span> 
     </span>
    </p>
   </div>
   <div class='ocr_carea' id='block_1_92' title="bbox 549 5232 2110 5300">
    <p class='ocr_par' dir='ltr' id='par_1_92' title="bbox 549 5232 2110 5300">
     <span class='ocr_line' id='line_1_92' title="bbox 549 5232 2110 5300; baseline 0.001 -17"><span class='ocrx_word' id='word_1_674' title='bbox 549 5243 778 5285; x_wconf 75' lang='lat' dir='ltr'><strong>cunctos</strong></span> <span class='ocrx_word' id='word_1_675' title='bbox 832 5247 954 5284; x_wconf 89' lang='lat' dir='ltr'><strong>cum</strong></span> <span class='ocrx_word' id='word_1_676' title='bbox 1011 5234 1308 5298; x_wconf 78' lang='lat' dir='ltr'><strong>gratiarum</strong></span> <span class='ocrx_word' id='word_1_677' title='bbox 1355 5233 1567 5286; x_wconf 88' lang='lat' dir='ltr'><strong>actione</strong></span> <span class='ocrx_word' id='word_1_678' title='bbox 1619 5232 1760 5284; x_wconf 73' lang='lat' dir='ltr'><strong>l‘etat</strong></span> <span class='ocrx_word' id='word_1_679' title='bbox 1813 5241 2110 5300; x_wconf 60' lang='lat' dir='ltr'><strong>presseutcs</strong></span> 
     </span>
    </p>
   </div>
   <div class='ocr_carea' id='block_1_93' title="bbox 549 5322 2118 5384">
    <p class='ocr_par' dir='ltr' id='par_1_93' title="bbox 549 5322 2118 5384">
     <span class='ocr_line' id='line_1_93' title="bbox 549 5322 2118 5384; baseline -0.001 -8"><span class='ocrx_word' id='word_1_680' title='bbox 549 5325 800 5384; x_wconf 87' lang='lat' dir='ltr'><strong>dolores.</strong></span> <span class='ocrx_word' id='word_1_681' title='bbox 829 5331 888 5376; x_wconf 86' lang='lat' dir='ltr'><strong>ut</strong></span> <span class='ocrx_word' id='word_1_682' title='bbox 941 5325 1140 5376; x_wconf 78' lang='lat' dir='ltr'><strong>exhinc</strong></span> <span class='ocrx_word' id='word_1_683' title='bbox 1201 5328 1540 5378; x_wconf 87' lang='lat' dir='ltr'><strong>commodum</strong></span> <span class='ocrx_word' id='word_1_684' title='bbox 1603 5333 1657 5376; x_wconf 89' lang='lat' dir='ltr'><strong>et</strong></span> <span class='ocrx_word' id='word_1_685' title='bbox 1703 5323 1930 5376; x_wconf 86' lang='lat' dir='ltr'><strong>salutem</strong></span> <span class='ocrx_word' id='word_1_686' title='bbox 1977 5322 2118 5376; x_wconf 86' lang='lat' dir='ltr'><strong>mul-</strong></span> 
     </span>
    </p>
   </div>
   <div class='ocr_carea' id='block_1_94' title="bbox 557 5415 2118 5483">
    <p class='ocr_par' dir='ltr' id='par_1_94' title="bbox 557 5415 2118 5483">
     <span class='ocr_line' id='line_1_94' title="bbox 557 5415 2118 5483; baseline -0.001 -13"><span class='ocrx_word' id='word_1_687' title='bbox 557 5429 664 5470; x_wconf 87' lang='lat' dir='ltr'><strong>tam</strong></span> <span class='ocrx_word' id='word_1_688' title='bbox 705 5418 968 5478; x_wconf 84' lang='lat' dir='ltr'><strong>lucretur,</strong></span> <span class='ocrx_word' id='word_1_689' title='bbox 1007 5415 1223 5470; x_wconf 86' lang='lat' dir='ltr'><strong>insidiis</strong></span> <span class='ocrx_word' id='word_1_690' title='bbox 1269 5415 1468 5468; x_wconf 90' lang='lat' dir='ltr'><strong>diaboli</strong></span> <span class='ocrx_word' id='word_1_691' title='bbox 1521 5417 1775 5483; x_wconf 70' lang='lat' dir='ltr'><strong>repulsis,</strong></span> <span class='ocrx_word' id='word_1_692' title='bbox 1829 5415 1922 5468; x_wconf 88' lang='lat' dir='ltr'><strong>Dei</strong></span> <span class='ocrx_word' id='word_1_693' title='bbox 1990 5429 2118 5468; x_wconf 75' lang='lat' dir='ltr'><strong>vero</strong></span> 
     </span>
    </p>
   </div>
   <div class='ocr_carea' id='block_1_95' title="bbox 551 5505 2118 5562">
    <p class='ocr_par' dir='ltr' id='par_1_95' title="bbox 551 5505 2118 5562">
     <span class='ocr_line' id='line_1_95' title="bbox 551 5505 2118 5562; baseline -0.003 -2"><span class='ocrx_word' id='word_1_694' title='bbox 551 5523 684 5561; x_wconf 85' lang='lat' dir='ltr'><strong>cura</strong></span> <span class='ocrx_word' id='word_1_695' title='bbox 717 5507 770 5559; x_wconf 89' lang='lat' dir='ltr'><strong>in</strong></span> <span class='ocrx_word' id='word_1_696' title='bbox 793 5523 852 5561; x_wconf 89' lang='lat' dir='ltr'><strong>se</strong></span> <span class='ocrx_word' id='word_1_697' title='bbox 880 5507 1110 5560; x_wconf 87' lang='lat' dir='ltr'><strong>adducta</strong></span> <span class='ocrx_word' id='word_1_698' title='bbox 1143 5522 1158 5559; x_wconf 92' lang='lat'><strong>:</strong></span> <span class='ocrx_word' id='word_1_699' title='bbox 1183 5505 1435 5562; x_wconf 85' lang='lat' dir='ltr'><strong>diabolus</strong></span> <span class='ocrx_word' id='word_1_700' title='bbox 1457 5507 1599 5560; x_wconf 90' lang='lat' dir='ltr'><strong>euiut</strong></span> <span class='ocrx_word' id='word_1_701' title='bbox 1623 5506 1912 5558; x_wconf 87' lang='lat' dir='ltr'><strong>innumera</strong></span> <span class='ocrx_word' id='word_1_702' title='bbox 1937 5505 2118 5557; x_wconf 88' lang='lat' dir='ltr'><strong>homi-</strong></span> 
     </span>
    </p>
   </div>
   <div class='ocr_carea' id='block_1_96' title="bbox 548 5597 2122 5669">
    <p class='ocr_par' dir='ltr' id='par_1_96' title="bbox 548 5597 2122 5669">
     <span class='ocr_line' id='line_1_96' title="bbox 548 5597 2122 5669; baseline -0.001 -18"><span class='ocrx_word' id='word_1_703' title='bbox 548 5601 708 5652; x_wconf 88' lang='lat' dir='ltr'><strong>nibus</strong></span> <span class='ocrx_word' id='word_1_704' title='bbox 735 5599 960 5652; x_wconf 82' lang='lat' dir='ltr'><strong>adversa</strong></span> <span class='ocrx_word' id='word_1_705' title='bbox 995 5597 1192 5669; x_wconf 82' lang='lat' dir='ltr'><strong>ingerit</strong></span> <span class='ocrx_word' id='word_1_706' title='bbox 1217 5609 1274 5651; x_wconf 83' lang='grc' dir='ltr'><strong>ιιι</strong></span> <span class='ocrx_word' id='word_1_707' title='bbox 1319 5612 1416 5652; x_wconf 86' lang='lat' dir='ltr'><strong>eos</strong></span> <span class='ocrx_word' id='word_1_708' title='bbox 1469 5599 1522 5650; x_wconf 91' lang='lat' dir='ltr'><strong>in</strong></span> <span class='ocrx_word' id='word_1_709' title='bbox 1565 5597 1826 5669; x_wconf 79' lang='lat' dir='ltr'><strong>abyssum</strong></span> <span class='ocrx_word' id='word_1_710' title='bbox 1858 5597 2122 5666; x_wconf 85' lang='lat' dir='ltr'><strong>perditio-</strong></span> 
     </span>
    </p>
   </div>
   <div class='ocr_carea' id='block_1_97' title="bbox 550 5687 2122 5756">
    <p class='ocr_par' dir='ltr' id='par_1_97' title="bbox 550 5687 2122 5756">
     <span class='ocr_line' id='line_1_97' title="bbox 550 5687 2122 5756; baseline 0.001 -18"><span class='ocrx_word' id='word_1_711' title='bbox 550 5687 636 5740; x_wconf 86' lang='lat' dir='ltr'><strong>nis</strong></span> <span class='ocrx_word' id='word_1_712' title='bbox 674 5689 925 5752; x_wconf 86' lang='lat' dir='ltr'><strong>deducat,</strong></span> <span class='ocrx_word' id='word_1_713' title='bbox 957 5691 1175 5756; x_wconf 86' lang='lat' dir='ltr'><strong>quando</strong></span> <span class='ocrx_word' id='word_1_714' title='bbox 1205 5687 1419 5755; x_wconf 87' lang='lat' dir='ltr'><strong>quidem</strong></span> <span class='ocrx_word' id='word_1_715' title='bbox 1473 5687 1620 5740; x_wconf 78' lang='lat' dir='ltr'><strong>videt</strong></span> <span class='ocrx_word' id='word_1_716' title='bbox 1675 5687 1837 5740; x_wconf 77' lang='lat' dir='ltr'><strong>facile</strong></span> <span class='ocrx_word' id='word_1_717' title='bbox 1870 5687 2122 5754; x_wconf 86' lang='lat' dir='ltr'><strong>blasphe-</strong></span> 
     </span>
    </p>
   </div>
   <div class='ocr_carea' id='block_1_98' title="bbox 553 5778 2114 5848">
    <p class='ocr_par' dir='ltr' id='par_1_98' title="bbox 553 5778 2114 5848">
     <span class='ocr_line' id='line_1_98' title="bbox 553 5778 2114 5848; baseline 0 -17"><span class='ocrx_word' id='word_1_718' title='bbox 553 5789 787 5834; x_wconf 85' lang='lat' dir='ltr'><strong>mantem</strong></span> <span class='ocrx_word' id='word_1_719' title='bbox 817 5795 942 5834; x_wconf 86' lang='lat' dir='ltr'><strong>eum</strong></span> <span class='ocrx_word' id='word_1_720' title='bbox 976 5780 1068 5848; x_wconf 88' lang='lat' dir='ltr'><strong>qui</strong></span> <span class='ocrx_word' id='word_1_721' title='bbox 1103 5779 1432 5834; x_wconf 79' lang='lat' dir='ltr'><strong>adversitate</strong></span> <span class='ocrx_word' id='word_1_722' title='bbox 1465 5780 1694 5848; x_wconf 87' lang='lat' dir='ltr'><strong>quadam</strong></span> <span class='ocrx_word' id='word_1_723' title='bbox 1718 5778 2114 5843; x_wconf 83' lang='lat' dir='ltr'><strong>circumdatur,</strong></span> 
     </span>
    </p>
   </div>
   <div class='ocr_carea' id='block_1_99' title="bbox 2217 4588 3777 4661">
    <p class='ocr_par' dir='ltr' id='par_1_99' title="bbox 2217 4588 3777 4661">
     <span class='ocr_line' id='line_1_99' title="bbox 2217 4588 3777 4661; baseline -0.004 -15"><span class='ocrx_word' id='word_1_724' title='bbox 2217 4591 2442 4653; x_wconf 78' lang='grc' dir='ltr'>ἑαυτοὺς</span> <span class='ocrx_word' id='word_1_725' title='bbox 2482 4591 2866 4661; x_wconf 69' lang='grc' dir='ltr'>περιϐάλλουσι</span> <span class='ocrx_word' id='word_1_726' title='bbox 2911 4591 3256 4660; x_wconf 67' lang='grc' dir='ltr'><strong>συμφοραῖς⁸</strong></span> <span class='ocrx_word' id='word_1_727' title='bbox 3307 4588 3592 4641; x_wconf 75' lang='grc' dir='ltr'>καὶτοῦτο</span> <span class='ocrx_word' id='word_1_728' title='bbox 3647 4589 3777 4640; x_wconf 76' lang='grc' dir='ltr'>ἐκα-</span> 
     </span>
    </p>
   </div>
   <div class='ocr_carea' id='block_1_100' title="bbox 2216 4679 3780 4752">
    <p class='ocr_par' dir='ltr' id='par_1_100' title="bbox 2216 4679 3780 4752">
     <span class='ocr_line' id='line_1_100' title="bbox 2216 4679 3780 4752; baseline -0.003 -18"><span class='ocrx_word' id='word_1_729' title='bbox 2216 4701 2338 4746; x_wconf 78' lang='grc' dir='ltr'>στος</span> <span class='ocrx_word' id='word_1_730' title='bbox 2389 4683 2544 4752; x_wconf 74' lang='grc' dir='ltr'>ἡμῶν</span> <span class='ocrx_word' id='word_1_731' title='bbox 2594 4681 3080 4750; x_wconf 78' lang='grc' dir='ltr'>εὐαγγελιζόμενος</span> <span class='ocrx_word' id='word_1_732' title='bbox 3127 4680 3201 4749; x_wconf 83' lang='grc' dir='ltr'>μὴ</span> <span class='ocrx_word' id='word_1_733' title='bbox 3253 4679 3646 4748; x_wconf 74' lang='grc' dir='ltr'>βλασφημείτω</span> <span class='ocrx_word' id='word_1_734' title='bbox 3689 4681 3780 4731; x_wconf 68' lang='grc' dir='ltr'><strong>τὸν</strong></span> 
     </span>
    </p>
   </div>
   <div class='ocr_carea' id='block_1_101' title="bbox 2215 4773 3780 4844">
    <p class='ocr_par' dir='ltr' id='par_1_101' title="bbox 2215 4773 3780 4844">
     <span class='ocr_line' id='line_1_101' title="bbox 2215 4773 3780 4844; baseline 0 -18"><span class='ocrx_word' id='word_1_735' title='bbox 2215 4775 2510 4842; x_wconf 79' lang='grc' dir='ltr'>εὐεργέτην</span> <span class='ocrx_word' id='word_1_736' title='bbox 2541 4778 2634 4827; x_wconf 73' lang='grc' dir='ltr'>καὶ</span> <span class='ocrx_word' id='word_1_737' title='bbox 2681 4775 2903 4844; x_wconf 68' lang='grc' dir='ltr'>σωτῆρα</span> <span class='ocrx_word' id='word_1_738' title='bbox 2950 4773 3046 4825; x_wconf 73' lang='grc' dir='ltr'>καὶ</span> <span class='ocrx_word' id='word_1_739' title='bbox 3091 4773 3368 4842; x_wconf 77' lang='grc' dir='ltr'>κηδεμόνα</span> <span class='ocrx_word' id='word_1_740' title='bbox 3405 4775 3694 4841; x_wconf 80' lang='grc' dir='ltr'>γενόμενος</span> <span class='ocrx_word' id='word_1_741' title='bbox 3723 4775 3780 4826; x_wconf 80' lang='grc' dir='ltr'>ὲν</span> 
     </span>
    </p>
   </div>
   <div class='ocr_carea' id='block_1_102' title="bbox 2215 4865 3780 4936">
    <p class='ocr_par' dir='ltr' id='par_1_102' title="bbox 2215 4865 3780 4936">
     <span class='ocr_line' id='line_1_102' title="bbox 2215 4865 3780 4936; baseline 0 -18"><span class='ocrx_word' id='word_1_742' title='bbox 2215 4866 2430 4930; x_wconf 74' lang='grc' dir='ltr'>δεινοῖς,</span> <span class='ocrx_word' id='word_1_743' title='bbox 2463 4867 2550 4918; x_wconf 82' lang='grc' dir='ltr'>ἵνα</span> <span class='ocrx_word' id='word_1_744' title='bbox 2605 4867 2678 4936; x_wconf 78' lang='grc' dir='ltr'>μὴ</span> <span class='ocrx_word' id='word_1_745' title='bbox 2710 4869 2803 4919; x_wconf 70' lang='grc' dir='ltr'><strong>τον</strong></span> <span class='ocrx_word' id='word_1_746' title='bbox 2843 4866 3004 4917; x_wconf 78' lang='grc' dir='ltr'>πόνον</span> <span class='ocrx_word' id='word_1_747' title='bbox 3041 4865 3139 4934; x_wconf 80' lang='grc' dir='ltr'><strong>μὲν</strong></span> <span class='ocrx_word' id='word_1_748' title='bbox 3171 4866 3379 4917; x_wconf 76' lang='grc' dir='ltr'>τούτων</span> <span class='ocrx_word' id='word_1_749' title='bbox 3424 4867 3650 4935; x_wconf 75' lang='grc' dir='ltr'>ὑποστῇ,</span> <span class='ocrx_word' id='word_1_750' title='bbox 3687 4868 3780 4918; x_wconf 81' lang='grc' dir='ltr'><strong>τοῦ</strong></span> 
     </span>
    </p>
   </div>
   <div class='ocr_carea' id='block_1_103' title="bbox 2215 4957 3780 5028">
    <p class='ocr_par' dir='ltr' id='par_1_103' title="bbox 2215 4957 3780 5028">
     <span class='ocr_line' id='line_1_103' title="bbox 2215 4957 3780 5028; baseline 0.001 -17"><span class='ocrx_word' id='word_1_751' title='bbox 2215 4959 2273 5011; x_wconf 81' lang='grc' dir='ltr'>δὲ</span> <span class='ocrx_word' id='word_1_752' title='bbox 2305 4959 2362 5024; x_wconf 78' lang='grc' dir='ltr'>ἐξ</span> <span class='ocrx_word' id='word_1_753' title='bbox 2393 4958 2558 5011; x_wconf 88' lang='grc' dir='ltr'>αὐτοῦ</span> <span class='ocrx_word' id='word_1_754' title='bbox 2586 4959 2676 5012; x_wconf 78' lang='grc' dir='ltr'>διὰ</span> <span class='ocrx_word' id='word_1_755' title='bbox 2710 4960 2808 5027; x_wconf 84' lang='grc' dir='ltr'>τῆς</span> <span class='ocrx_word' id='word_1_756' title='bbox 2839 4959 3120 5026; x_wconf 83' lang='grc' dir='ltr'>ὑπομονῆς</span> <span class='ocrx_word' id='word_1_757' title='bbox 3150 4957 3380 5024; x_wconf 81' lang='grc' dir='ltr'>κέρδους</span> <span class='ocrx_word' id='word_1_758' title='bbox 3411 4959 3780 5028; x_wconf 75' lang='grc' dir='ltr'>ἀποστερηθῇ,</span> 
     </span>
    </p>
   </div>
   <div class='ocr_carea' id='block_1_104' title="bbox 2219 5049 3784 5122">
    <p class='ocr_par' dir='ltr' id='par_1_104' title="bbox 2219 5049 3784 5122">
     <span class='ocr_line' id='line_1_104' title="bbox 2219 5049 3784 5122; baseline -0.001 -18"><span class='ocrx_word' id='word_1_759' title='bbox 2219 5055 2315 5105; x_wconf 76' lang='grc' dir='ltr'>καὶ</span> <span class='ocrx_word' id='word_1_760' title='bbox 2357 5052 2492 5122; x_wconf 80' lang='grc' dir='ltr'>πρὸς</span> <span class='ocrx_word' id='word_1_761' title='bbox 2557 5051 2832 5122; x_wconf 74' lang='grc' dir='ltr'>βάραθρον</span> <span class='ocrx_word' id='word_1_762' title='bbox 2863 5051 3055 5102; x_wconf 79' lang='grc' dir='ltr'>ἐαυτὸν</span> <span class='ocrx_word' id='word_1_763' title='bbox 3101 5051 3200 5118; x_wconf 77' lang='grc' dir='ltr'>τῆς</span> <span class='ocrx_word' id='word_1_764' title='bbox 3241 5051 3477 5118; x_wconf 75' lang='grc' dir='ltr'>ἐσχάτης</span> <span class='ocrx_word' id='word_1_765' title='bbox 3515 5049 3784 5108; x_wconf 74' lang='grc' dir='ltr'>ἀπωλείας</span> 
     </span>
    </p>
   </div>
   <div class='ocr_carea' id='block_1_105' title="bbox 2217 5142 3784 5216">
    <p class='ocr_par' dir='ltr' id='par_1_105' title="bbox 2217 5142 3784 5216">
     <span class='ocr_line' id='line_1_105' title="bbox 2217 5142 3784 5216; baseline -0.001 -20"><span class='ocrx_word' id='word_1_766' title='bbox 2217 5145 2428 5216; x_wconf 55' lang='lat' dir='ltr'><strong>«Milon.</strong></span> <span class='ocrx_word' id='word_1_767' title='bbox 2463 5145 2562 5212; x_wconf 78' lang='grc' dir='ltr'>τὴν</span> <span class='ocrx_word' id='word_1_768' title='bbox 2613 5145 2709 5212; x_wconf 79' lang='grc' dir='ltr'>μὲν</span> <span class='ocrx_word' id='word_1_769' title='bbox 2741 5143 2834 5195; x_wconf 88' lang='grc' dir='ltr'><strong>τοῦ</strong></span> <span class='ocrx_word' id='word_1_770' title='bbox 2877 5142 3014 5195; x_wconf 78' lang='grc' dir='ltr'>Θεοῦ</span> <span class='ocrx_word' id='word_1_771' title='bbox 3061 5143 3382 5211; x_wconf 83' lang='grc' dir='ltr'>συμμαχίαν</span> <span class='ocrx_word' id='word_1_772' title='bbox 3439 5142 3784 5209; x_wconf 70' lang='grc' dir='ltr'>ἀποκρουσὰι</span> 
     </span>
    </p>
   </div>
   <div class='ocr_carea' id='block_1_106' title="bbox 2221 5226 3778 5302">
    <p class='ocr_par' dir='ltr' id='par_1_106' title="bbox 2221 5226 3778 5302">
     <span class='ocr_line' id='line_1_106' title="bbox 2221 5226 3778 5302; baseline -0.006 -18"><span class='ocrx_word' id='word_1_773' title='bbox 2221 5249 2405 5302; x_wconf 87' lang='grc' dir='ltr'>μενος,</span> <span class='ocrx_word' id='word_1_774' title='bbox 2459 5231 2817 5302; x_wconf 77' lang='grc' dir='ltr'>σφοδρότερον</span> <span class='ocrx_word' id='word_1_775' title='bbox 2863 5231 2921 5283; x_wconf 79' lang='grc' dir='ltr'>δὲ</span> <span class='ocrx_word' id='word_1_776' title='bbox 2972 5229 3093 5283; x_wconf 85' lang='grc' dir='ltr'>καθ’</span> <span class='ocrx_word' id='word_1_777' title='bbox 3142 5228 3338 5281; x_wconf 81' lang='grc' dir='ltr'>ἑαυτοῦ</span> <span class='ocrx_word' id='word_1_778' title='bbox 3392 5227 3483 5281; x_wconf 67' lang='grc' dir='ltr'><strong>τον</strong></span> <span class='ocrx_word' id='word_1_779' title='bbox 3535 5226 3778 5280; x_wconf 73' lang='grc' dir='ltr'>διὰδολον</span> 
     </span>
    </p>
   </div>
   <div class='ocr_carea' id='block_1_107' title="bbox 2220 5320 3784 5394">
    <p class='ocr_par' dir='ltr' id='par_1_107' title="bbox 2220 5320 3784 5394">
     <span class='ocr_line' id='line_1_107' title="bbox 2220 5320 3784 5394; baseline -0.001 -20"><span class='ocrx_word' id='word_1_780' title='bbox 2220 5323 2636 5393; x_wconf 80' lang='grc' dir='ltr'>ἐργασάμενος·</span> <span class='ocrx_word' id='word_1_781' title='bbox 2673 5324 2808 5377; x_wconf 77' lang='grc' dir='ltr'>ἀλλὰ</span> <span class='ocrx_word' id='word_1_782' title='bbox 2851 5325 3029 5377; x_wconf 80' lang='grc' dir='ltr'>πάντα</span> <span class='ocrx_word' id='word_1_783' title='bbox 3071 5323 3414 5394; x_wconf 82' lang='grc' dir='ltr'>εὐχαρίστως</span> <span class='ocrx_word' id='word_1_784' title='bbox 3461 5321 3674 5390; x_wconf 78' lang='grc' dir='ltr'>φερέτω</span> <span class='ocrx_word' id='word_1_785' title='bbox 3717 5320 3784 5372; x_wconf 80' lang='grc' dir='ltr'>τὰ</span> 
     </span>
    </p>
   </div>
   <div class='ocr_carea' id='block_1_108' title="bbox 2221 5412 3783 5484">
    <p class='ocr_par' dir='ltr' id='par_1_108' title="bbox 2221 5412 3783 5484">
     <span class='ocr_line' id='line_1_108' title="bbox 2221 5412 3783 5484; baseline -0.001 -19"><span class='ocrx_word' id='word_1_786' title='bbox 2221 5415 2457 5466; x_wconf 82' lang='grc' dir='ltr'>ἐνταῦθα</span> <span class='ocrx_word' id='word_1_787' title='bbox 2491 5415 2809 5484; x_wconf 81' lang='grc' dir='ltr'>παθήματα,</span> <span class='ocrx_word' id='word_1_788' title='bbox 2843 5415 2910 5468; x_wconf 77' lang='grc' dir='ltr'><strong>ἵν’</strong></span> <span class='ocrx_word' id='word_1_789' title='bbox 2943 5414 3195 5468; x_wconf 74' lang='grc' dir='ltr'>ἐντεῦθεν</span> <span class='ocrx_word' id='word_1_790' title='bbox 3237 5413 3509 5481; x_wconf 70' lang='grc' dir='ltr'>ὠφέλειαν</span> <span class='ocrx_word' id='word_1_791' title='bbox 3547 5412 3640 5464; x_wconf 76' lang='grc' dir='ltr'>καὶ</span> <span class='ocrx_word' id='word_1_792' title='bbox 3678 5427 3783 5464; x_wconf 75' lang='lat' dir='ltr'><strong>cto-</strong></span> 
     </span>
    </p>
   </div>
   <div class='ocr_carea' id='block_1_109' title="bbox 2220 5505 3786 5580">
    <p class='ocr_par' dir='ltr' id='par_1_109' title="bbox 2220 5505 3786 5580">
     <span class='ocr_line' id='line_1_109' title="bbox 2220 5505 3786 5580; baseline -0.001 -22"><span class='ocrx_word' id='word_1_793' title='bbox 2220 5507 2417 5576; x_wconf 85' lang='grc' dir='ltr'>τηρίαν</span> <span class='ocrx_word' id='word_1_794' title='bbox 2449 5507 2648 5578; x_wconf 74' lang='grc' dir='ltr'>πολλὴν</span> <span class='ocrx_word' id='word_1_795' title='bbox 2688 5509 2947 5580; x_wconf 81' lang='grc' dir='ltr'>κερδάνῃ,</span> <span class='ocrx_word' id='word_1_796' title='bbox 2979 5509 3077 5569; x_wconf 72' lang='grc' dir='ltr'><strong>τὰς</strong></span> <span class='ocrx_word' id='word_1_797' title='bbox 3111 5508 3210 5577; x_wconf 81' lang='grc' dir='ltr'>μὲν</span> <span class='ocrx_word' id='word_1_798' title='bbox 3245 5507 3535 5568; x_wconf 75' lang='grc' dir='ltr'>ἐπιϐουλὰς</span> <span class='ocrx_word' id='word_1_799' title='bbox 3563 5505 3662 5556; x_wconf 81' lang='grc' dir='ltr'><strong>τοῦ</strong></span> <span class='ocrx_word' id='word_1_800' title='bbox 3695 5520 3786 5557; x_wconf 81' lang='grc' dir='ltr'>πο-</span> 
     </span>
    </p>
   </div>
   <div class='ocr_carea' id='block_1_110' title="bbox 2223 5597 3782 5670">
    <p class='ocr_par' dir='ltr' id='par_1_110' title="bbox 2223 5597 3782 5670">
     <span class='ocr_line' id='line_1_110' title="bbox 2223 5597 3782 5670; baseline -0.001 -21"><span class='ocrx_word' id='word_1_801' title='bbox 2223 5599 2391 5668; x_wconf 84' lang='grc' dir='ltr'>νηροῦ</span> <span class='ocrx_word' id='word_1_802' title='bbox 2419 5597 2674 5670; x_wconf 80' lang='grc' dir='ltr'>δαίμονος</span> <span class='ocrx_word' id='word_1_803' title='bbox 2724 5602 3231 5670; x_wconf 76' lang='grc' dir='ltr'>ἀποκρουσάμενος,</span> <span class='ocrx_word' id='word_1_804' title='bbox 3263 5601 3364 5669; x_wconf 79' lang='grc' dir='ltr'>τὴν</span> <span class='ocrx_word' id='word_1_805' title='bbox 3395 5600 3450 5652; x_wconf 73' lang='grc' dir='ltr'>δὲ</span> <span class='ocrx_word' id='word_1_806' title='bbox 3492 5597 3582 5651; x_wconf 87' lang='grc' dir='ltr'><strong>τοῦ</strong></span> <span class='ocrx_word' id='word_1_807' title='bbox 3629 5597 3782 5666; x_wconf 73' lang='grc' dir='ltr'>κηδε-</span> 
     </span>
    </p>
   </div>
   <div class='ocr_carea' id='block_1_111' title="bbox 2226 5689 3778 5761">
    <p class='ocr_par' dir='ltr' id='par_1_111' title="bbox 2226 5689 3778 5761">
     <span class='ocr_line' id='line_1_111' title="bbox 2226 5689 3778 5761; baseline -0.002 -19"><span class='ocrx_word' id='word_1_808' title='bbox 2226 5691 2386 5758; x_wconf 82' lang='grc' dir='ltr'>μόνος</span> <span class='ocrx_word' id='word_1_809' title='bbox 2415 5693 2550 5744; x_wconf 75' lang='grc' dir='ltr'>Θεοῦ</span> <span class='ocrx_word' id='word_1_810' title='bbox 2587 5693 2877 5761; x_wconf 81' lang='grc' dir='ltr'>θεραπείαν</span> <span class='ocrx_word' id='word_1_811' title='bbox 2905 5693 3039 5760; x_wconf 71' lang='grc' dir='ltr'>πρὸς</span> <span class='ocrx_word' id='word_1_812' title='bbox 3079 5693 3268 5744; x_wconf 69' lang='grc' dir='ltr'>ἑαυτὸν</span> <span class='ocrx_word' id='word_1_813' title='bbox 3299 5689 3744 5756; x_wconf 75' lang='grc' dir='ltr'>ἐπισπασάμενος</span> <span class='ocrx_word' id='word_1_814' title='bbox 3764 5701 3778 5714; x_wconf 89' lang='grc'><strong>·</strong></span> 
     </span>
    </p>
   </div>
   <div class='ocr_carea' id='block_1_112' title="bbox 2225 5781 3782 5856">
    <p class='ocr_par' dir='ltr' id='par_1_112' title="bbox 2225 5781 3782 5856">
     <span class='ocr_line' id='line_1_112' title="bbox 2225 5781 3782 5856; baseline -0.012 -7"><span class='ocrx_word' id='word_1_815' title='bbox 2225 5785 2252 5835; x_wconf 69' lang='grc' dir='ltr'>ὁ</span> <span class='ocrx_word' id='word_1_816' title='bbox 2279 5784 2388 5853; x_wconf 73' lang='grc' dir='ltr'><strong>γὰρ</strong></span> <span class='ocrx_word' id='word_1_817' title='bbox 2419 5783 2663 5848; x_wconf 73' lang='grc' dir='ltr'>διάόολος</span> <span class='ocrx_word' id='word_1_818' title='bbox 2691 5786 2778 5841; x_wconf 81' lang='grc' dir='ltr'><strong>διὰ</strong></span> <span class='ocrx_word' id='word_1_819' title='bbox 2801 5785 2959 5840; x_wconf 84' lang='grc' dir='ltr'>τοῦτο</span> <span class='ocrx_word' id='word_1_820' title='bbox 2987 5787 3159 5856; x_wconf 85' lang='grc' dir='ltr'>μυρία</span> <span class='ocrx_word' id='word_1_821' title='bbox 3197 5788 3308 5850; x_wconf 81' lang='grc' dir='ltr'>τοῖς</span> <span class='ocrx_word' id='word_1_822' title='bbox 3347 5781 3650 5855; x_wconf 73' lang='grc' dir='ltr'>ἀνθρώποις</span> <span class='ocrx_word' id='word_1_823' title='bbox 3693 5782 3782 5832; x_wconf 76' lang='grc' dir='ltr'>ἐπ-</span> 
     </span>
    </p>
   </div>
  </div>
