3972 6568
413 410 521 477 943

1549 420 1652 481 ΤΗ
1663 417 1960 482 EODORI
2002 417 2556 482 MELITENIOT/E

3577 416 3683 484 ιιι

411 522 701 588 cumactis.
750 524 847 580 Dei
901 525 1186 597 sapientiaa
1229 527 1513 598 negotium
1535 539 1642 597 est.
1673 528 1809 584 Nam
1838 528 1984 599 quod

2110 530 2543 601 περιαγομένων,
2583 528 2681 599 τῆς
2723 526 2819 582 τοῦ
2865 528 3003 583 Θεοῦ
3051 529 3246 600 σοφίας
3288 529 3451 601 ἔργον
3490 534 3647 589 ἐστίν

411 622 543 672 sunt
573 616 627 671 in
656 615 906 672 aediliciis
937 618 1175 673 trabium
1202 620 1597 687 connexiones,
1621 620 1675 675 id
1712 620 1990 691 principes

413 708 497 764 vel
551 711 900 782 magistratus
945 711 1001 766 in
1062 712 1382 769 civitatibus
1437 723 1719 784 praestant.
1750 712 1817 768 Et
1848 713 1993 768 sicut

412 812 622 857 remoto
660 802 1051 872 gubernatore,
1106 821 1300 860 navem
1357 804 1727 869 demerseris;
1763 814 1816 860 et
1835 820 1995 861 excr-

411 895 582 947 citum
634 895 682 949 si
730 909 764 949 e
812 895 1014 951 castris
1048 895 1245 951 ducem
1273 897 1624 963 submovcas,
1658 897 1993 952 vinctosho-

412 985 588 1041 stibus
635 986 842 1041 milites
885 987 1217 1055 tradideris;
1272 989 1349 1044 sic
1381 989 1546 1043 etiam
1579 989 1647 1044 de
1673 989 1993 1045 civitatibus

413 1080 454 1132 si
489 1079 768 1149 pnincipes
798 1090 894 1134 aut
950 1079 1299 1150 magistratus
1359 1080 1676 1144 abstuleris,
1709 1081 1995 1135 icrisirra-

412 1170 770 1225 tionabilibus
794 1186 895 1225 nos
914 1170 1163 1226 vivemus
1204 1170 1663 1226 irrationabilius.
1692 1170 1992 1243 Propterea

413 1276 643 1316 severus
690 1260 891 1317 vindex
955 1271 1039 1316 est
1076 1260 1241 1327 Deus,
1265 1261 1390 1316 sibi
1422 1271 1794 1332 spernantur;
1833 1272 1891 1318 et
1914 1262 1996 1317 ul-

415 1355 619 1408 tionem
671 1369 784 1409 non
851 1354 1214 1419 mediocrem,
1265 1353 1359 1409 sed
1381 1354 1543 1425 plane
1573 1357 1890 1421 maximam,
1926 1355 1994 1411 de

416 1460 820 1517 transgressore
864 1445 1033 1515 capit.
1080 1446 1287 1517 Etjure
1316 1460 1448 1502 sane
1478 1447 1710 1516 optimo.
1742 1446 1877 1502 Nam
1902 1448 1994 1517 qui

415 1538 762 1608 principibus
780 1537 1037 1592 subditus
1060 1545 1166 1599 est,
1188 1552 1298 1590 non
1326 1535 1695 1607 principibus,
1730 1537 1825 1591 sed
1858 1538 1993 1605 Deo,

416 1633 506 1698 qui
554 1632 635 1686 sic
683 1646 771 1686 res
811 1630 1112 1694 ordinavit,
1134 1628 1327 1684 obedit
1357 1643 1373 1683 :
1406 1629 1501 1700 qui
1537 1638 1723 1685 autem
1752 1628 1863 1685 illis
1882 1645 1993 1685 non
2042 1646 2049 1661 ί

417 1726 776 1796 obtemperat,
808 1722 919 1780 Deo
945 1722 1289 1779 adversatur.

487 2031 533 2085 5.
567 2030 733 2085 Sicut
782 2038 967 2084 autem
1030 2028 1381 2100 principatus
1434 2031 1567 2099 esse;
1594 2029 1802 2085 bonum
1855 2030 1999 2087 divi-

417 2136 657 2190 mnnque
688 2120 895 2175 donum
934 2126 1040 2185 est,
1077 2119 1152 2174 ita
1207 2118 1439 2174 omnino
1460 2130 1683 2189 Oportet
1716 2137 1998 2192 quemque

417 2213 745 2283 principem,
807 2218 969 2280 prout
1017 2207 1179 2264 decet
1226 2209 1411 2263 datam
1456 2209 1727 2266 divinitus
1756 2221 1997 2281 potesta-

418 2319 551 2368 tcttt,
615 2302 835 2359 cunctis
886 2300 1438 2371 irreprehensibilem
1494 2312 1671 2359 semet
1702 2305 1995 2373 prrebere:

417 2397 676 2452 cohibere
710 2396 871 2464 iram,
905 2394 1188 2459 invidiam,
1218 2395 1578 2466 voluptatem,
1607 2405 1775 2465 atque
1812 2398 1997 2452 omnia

416 2508 481 2545 es
516 2490 699 2558 legum
723 2488 1035 2543 divinarum
1068 2502 1261 2543 norma
1285 2503 1467 2558 agere.
1497 2498 1738 2543 mentem
1770 2488 1997 2545 liberam

420 2596 767 2645 conservare,
824 2593 1004 2649 neque
1066 2579 1295 2634 omnino
1338 2580 1545 2645 sinere,
1585 2590 1645 2635 ut
1671 2582 1867 2637 animae
1888 2600 2002 2638 sua:

420 2675 740 2727 dominetur
797 2671 1146 2740 voluptatum
1207 2674 1474 2741 potentia,
1525 2682 1691 2742 atque
1756 2675 1828 2727 ita
1870 2688 2001 2729 vere

422 2768 728 2839 prim-ipem
758 2779 900 2819 esse.
924 2762 1059 2817 Nam
1120 2763 1217 2831 qui
1271 2764 1784 2827 perturbationibus
1806 2764 2003 2820 animae

424 2861 691 2915 rationem
718 2854 1043 2926 praifccerit,
1080 2853 1239 2909 facile
1290 2853 1454 2907 etiam
1484 2853 1801 2908 hominibus
1864 2871 2004 2924 pra:-

423 2955 530 3010 erit
575 2964 701 3005 cum
759 2948 965 3003 divinis
992 2944 1232 3015 legibus;
1258 2945 1333 2999 ita
1366 2952 1427 2998 ut
1453 2944 1566 3013 ipse
1590 2944 1643 2997 in
1682 2945 1852 3013 patris
1882 2945 2005 2999 loco

423 3048 664 3103 subditis
694 3045 785 3107 sit,
821 3058 946 3097 cum
969 3037 1287 3096 omnimoda
1340 3038 1767 3103 mansuetudine
1814 3039 1870 3092 in
1898 3054 2000 3107 po-

424 3143 554 3213 pulo
592 3156 693 3194 suo
725 3150 969 3200 versans,
1004 3133 1196 3202 sicque
1245 3146 1439 3186 omnes
1466 3132 1571 3186 sibi
1602 3147 1789 3188 amore
1814 3132 2003 3187 devin-

2090 623 2231 692 ὅπερ
2263 623 2373 691 γάρ
2408 623 2551 674 εἰσιν
2584 623 2644 674 εν
2676 625 2797 684 ταῖς
2833 623 3037 687 οἰκίαις
3070 623 3178 676 τῶν
3215 623 3391 690 ξύλων
3423 625 3479 679 αί
3517 626 3691 695 ἱμαν-

2090 712 2311 775 τώσεις,
2352 711 2513 764 τοῦτο
2559 712 2609 764 oi
2655 712 2918 782 ἄρχοντες
2960 713 3019 765 ὲν
3061 712 3186 774 ταῖς
3232 711 3455 766 πόλεσιν
3496 712 3689 780 ὑπάρ-

2093 819 2280 875 χουσι·
2313 805 2409 857 καὶ
2434 803 2692 874 καθάπερ
2720 804 2851 874 νηὸς
2879 804 2977 857 ἐὰν
3008 803 3331 875 ἀποστήσῃς
3354 802 3447 857 τὸν
3476 804 3704 873 κυδερο.

2093 901 2285 966 νήτην,
2331 897 2737 959 κατεπόντισας
2783 896 2844 949 τὸ
2895 895 3125 965 σκάφος,
3170 896 3271 949 καὶ
3317 894 3570 963 στρατὸν,
3617 894 3692 948 ἂν

2094 987 2453 1061 [στρατηγὸν]
2489 990 2788 1060 ἀπαγάγῃς
2818 988 2912 1042 τοῦ
2948 988 3338 1059 στρατοπέδου,
3364 987 3691 1057 δεδεμένους

2092 1086 2206 1146 τοῖς
2248 1082 2533 1151 πολεμίοις
2574 1083 2905 1151 παρέδωκας
2947 1082 3079 1142 τοὺς
3120 1080 3495 1149 στρατιώτας’
3537 1083 3691 1134 οὕτω

2096 1175 2190 1228 καὶ
2222 1175 2333 1227 τῶν
2372 1174 2582 1228 πόλεων
2624 1174 2691 1227 ἂν
2731 1174 2858 1233 τοὺς
2904 1174 3176 1242 ἄρχοντας
3219 1172 3436 1244 ἀνέλῃς,
3474 1170 3692 1241 θηρίων

2096 1266 2312 1334 ἀλόγων
2348 1265 2694 1334 ἀλογώτερον
2730 1263 3043 1333 βιωσόμεθα
3086 1262 3223 1333 βίον.
3260 1264 3359 1317 Διά
3392 1263 3548 1317 τοῦτο
3584 1263 3691 1316 καὶ

2098 1357 2327 1428 σφοδρός
2362 1358 2480 1410 ἐστι
2516 1357 2763 1427 τιμωρὸς
2800 1357 2827 1409 6
2860 1355 3029 1420 Θεὸς,
3061 1356 3272 1409 τούτων
3304 1372 3690 1425 καταφρονουο

2101 1447 2301 1517 μένων,
2334 1450 2429 1502 καὶ
2458 1448 2615 1517 δίκην
2643 1448 2705 1500 ού
2733 1448 2834 1517 τὴν
2858 1446 3153 1516 τυχοῦσαν,
3183 1446 3321 1502 ἀλλά
3351 1449 3447 1503 καὶ
3472 1449 3690 1519 σφόδρα

2100 1542 2368 1611 μεγίστην
2407 1542 2632 1595 ἀπαιτεῖ
2671 1541 2763 1595 τὸν
2802 1542 3212 1612 παρακούοντα.
3256 1543 3369 1598 Καὶ
3415 1544 3560 1613 μάλα
3605 1546 3694 1598 εί-

2099 1635 2276 1697 κᾶτως
2300 1650 2315 1666 ⁸
2352 1634 2380 1687 6
2417 1634 2518 1704 μὲν
2552 1634 2663 1707 γὰρ
2697 1636 2813 1697 τοῖς
2848 1637 3114 1705 ἄρχουσιν
3146 1634 3584 1705 ὑποτασσόμενος
3620 1638 3688 1690 οὐ

2098 1727 2210 1787 τοῖς
2243 1725 2505 1794 ἄρχουσιν
2538 1726 2904 1780 ὑποτάσσεται
2927 1767 2943 1789 ,
2975 1727 3115 1780 ἀλλά
3143 1725 3224 1796 τῷ
3255 1725 3375 1794 Θεῷ
3402 1725 3480 1795 τῷ
3510 1725 3692 1779 ταῦτα.

2100 1812 2531 1893 νομοθετήσαντι
2561 1814 2812 1869 πείθεται
2832 1833 2845 1846 ο
2875 1817 2903 1868 6
2933 1816 2992 1870 δὶ
3024 1814 3102 1887 μὴ
3130 1815 3427 1871 ὑπακούων
3451 1818 3691 1879 ἐκείνοις

2020 1882 2069 1944 Β
2097 1905 2176 1977 τῷ
2205 1904 2326 1976 Θεῷ
2358 1882 2485 1960 πολε
2496 1908 2609 1977 μετ.

2170 2048 2235 2097 ε’.
2270 2042 2484 2112 Ὠσπερ
2520 2043 2578 2095 δὲ
2609 2042 2672 2095 τὸ
2706 2041 2883 2113 ἀρχὰς
2916 2037 3060 2096 εἶναι
3095 2044 3262 2098 καλὸν
3295 2050 3391 2100 καὶ
3425 2045 3573 2101 θεῖον
3606 2046 3690 2117 τῷ

2099 2131 2216 2186 δντι
2247 2131 2458 2204 δῶρον,
2495 2131 2642 2186 οὕτω
2673 2133 2757 2186 δεῖ
2792 2134 3014 2199 πάντως
3050 2138 3144 2189 καὶ
3179 2137 3411 2192 ἕκαστον
3444 2142 3690 2209 ἄρχοντα
3756 2148 3762 2152 ”

2100 2226 2203 2296 τῆς
2229 2225 2422 2279 θεόθεν
2443 2226 2596 2297 αὐτῷ
2620 2226 2871 2299 δοθείσης
2897 2229 3074 2298 ἀρχῆς
3103 2229 3272 2296 ἀξίως
3302 2233 3472 2284 πᾶσιν
3494 2234 3695 2287 ἀνεπί-

2101 2317 2309 2389 ληπτον
2347 2312 2491 2373 εἶναι
2519 2336 2535 2352 ο
2577 2321 2676 2374 καὶ
2721 2322 2946 2390 κρατεῖν
2990 2323 3089 2393 μιν
3126 2322 3306 2394 θυμοῦ
3350 2329 3445 2379 καὶ
3486 2325 3690 2394 φθόνου

2102 2413 2198 2473 καὶ
2240 2412 2466 2483 ἡδονῆς,
2509 2415 2693 2468 πάντα
2733 2414 2791 2467 δὲ
2836 2413 2941 2467 ὑπὸ
2987 2416 3114 2479 τοὺς
3159 2416 3256 2470 τοῦ
3302 2417 3441 2469 Θεοῦ
3487 2418 3691 2488 νόμους

2103 2504 2258 2570 ἄγειν
2277 2521 2293 2536 ο
2324 2505 2420 2557 καὶ
2443 2504 2535 2557 τὸν
2561 2506 2687 2560 νοῦν
2712 2505 2998 2579 ἐλεύθερον
3022 2510 3213 2579 τηρεῖν
3230 2549 3247 2574 ,
3272 2510 3369 2560 καὶ
3401 2508 3529 2578 μηδ’
3550 2509 3690 2573 ὅλως

2103 2596 2199 2664 ὲᾷν
2226 2595 2651 2650 ἔνδυναστεῦσαι
2675 2599 2744 2668 τῇ
2773 2599 2921 2666 ψυχῇ
2951 2596 3050 2667 τὴν
3074 2596 3399 2650 δεσποτείαν
3424 2598 3536 2650 τῶν
3560 2596 3690 2666 ἡδο-

2103 2689 2213 2741 νῶν
2237 2704 2253 2718 ο
2290 2689 2389 2741 καὶ
2425 2687 2860 2758 οὖτωςάληθῶς
2896 2689 3135 2760 ἄρχοντα
3170 2686 3350 2743 εἶναι’
3387 2690 3481 2742 καὶ
3518 2692 3629 2760 γὰρ
3663 2691 3692 2743 6

2107 2779 2209 2848 μὲν
2239 2782 2352 2843 τοῖς
2391 2781 2589 2834 πάθεσι
2621 2782 2720 2850 τῆς
2752 2782 2933 2852 ψυχῆς
2965 2784 3058 2835 τὸν
3091 2783 3351 2851 λογισμὸν
3384 2785 3692 2853 επιστήσας

2107 2870 2306 2940 ῥαδίως
2341 2870 2409 2923 ἂν
2442 2872 2701 2942 ἐπισταίη
2738 2873 2833 2925 καὶ
2865 2872 3178 2942 ἀνθρώποις
3214 2874 3353 2943 μετά
3385 2874 3494 2927 τῶν
3530 2874 3691 2928 θείων

2105 2958 2310 3029 νόμων,
2341 2962 2483 3015 ὥστε
2513 2963 2679 3018 αὐτὸν
2710 2964 2769 3015 ὲν
2797 2965 3004 3034 πατρὸς
3032 2964 3185 3029 τάξει
3214 2967 3330 3027 τοῖς
3357 2966 3691 3035 ἀρχομένοις

2109 3050 2275 3113 εἶναι.
2319 3057 2461 3126 μετά
2505 3058 2685 3127 πάσης
2727 3058 3069 3130 ἡμερότητος
3108 3057 3403 3127 ὁμιλοῦντα
3442 3062 3556 3122 τοῖς
3596 3060 3693 3113 ὑπ’

2109 3148 2274 3201 αὑτὸν
2315 3150 2706 3218 ταττομένοις.
2753 3153 2853 3204 καὶ
2898 3150 3107 3213 πάντας
3153 3149 3408 3204 ἐντεῦθεν
3449 3152 3694 3220 ἐραστὰς

423 3236 598 3297 ciens,
660 3241 717 3286 ct
781 3226 1223 3284 benevolentiam
1282 3225 1390 3280 illis
1451 3240 1583 3295 erga
1632 3224 2000 3296 principatum

2110 3238 2308 3294 ἑαυτοῦ
2344 3239 2694 3295 καθιστῶντα
2717 3284 2731 3307 ,
2766 3242 2864 3295 καὶ
2898 3241 3018 3306 μετ’
3040 3242 3258 3305 εὐνοίας
3290 3243 3423 3313 περὶ
3455 3244 3558 3314 τήν
3589 3246 3693 3312 ἀρ-

423 3327 685 3391 suadens,
714 3339 831 3379 rem
865 3319 1077 3389 aedepol
1129 3316 1530 3384 diﬂicillimam,
1576 3326 1633 3372 et
1654 3332 1779 3387 qua
1806 3317 2000 3389 pneci-

425 3435 533 3491 pnc
589 3418 720 3471 iacit
782 3411 1088 3484 principem
1149 3423 1296 3465 esse.
1350 3406 1507 3471 Haud
1558 3408 1708 3465 enim
1732 3409 1893 3465 facile
1922 3417 2005 3464 tot

430 3512 715 3567 hominum
771 3508 1032 3561 allectum
1080 3503 1283 3573 poterit
1338 3500 1465 3571 quis
1491 3500 1559 3555 ad
1598 3515 1661 3557 se
1698 3503 2001 3568 attrahere,

425 3605 642 3660 etiamsi
695 3604 1045 3654 innumeram
1098 3592 1390 3664 pecuniam
1445 3592 1737 3663 largiatur,
1786 3593 2004 3649 etiamsi

429 3701 699 3771 plurimos
774 3693 1053 3749 exercitus
1118 3687 1433 3751 dcbellarit,
1463 3686 1731 3757 quidquid
1762 3686 2006 3758 denique

427 3792 577 3848 aliud
626 3786 922 3858 patraverit
978 3801 992 3837 :
1045 3798 1149 3838 nec
1195 3780 1497 3851 quidquam
1539 3790 1625 3835 est
1685 3782 1832 3848 quod
1866 3782 2006 3836 adeo

432 3885 737 3957 principem
805 3880 1051 3942 denotet,
1102 3885 1162 3930 ut
1203 3874 1375 3942 ipsius
1397 3886 1524 3942 erga
1542 3872 1793 3929 subditos
1827 3888 2003 3928 amor.

431 3982 569 4035 Nam
627 3986 807 4044 neque
860 3980 1071 4042 patrem
1119 3966 1404 4038 generatio
1445 3966 1827 4021 tantummodo
1852 3964 2006 4032 facit,

433 4070 527 4125 sed
563 4079 790 4123 etainor
816 4077 944 4133 erga
973 4060 1210 4129 genitos.
1258 4055 1415 4125 Quod
1471 4056 1516 4111 si
1549 4055 1643 4112 ubi
1675 4066 1870 4112 natura
1900 4066 2005 4123 est,

434 4167 510 4220 ibi
560 4175 804 4217 amorem
865 4170 988 4211 esse
1009 4160 1249 4223 oportet.
1306 4149 1479 4205 multo
1510 4150 1683 4220 magis
1711 4149 1805 4204 ubi
1836 4150 2010 4221 gratia

431 4272 538 4314 est.
594 4255 763 4309 Sectis
818 4263 951 4303 vero
983 4248 1078 4317 qui
1108 4244 1399 4298 hominum
1424 4242 1682 4313 princeps
1703 4258 1827 4299 esse
1858 4243 2015 4298 vide-

437 4364 547 4412 tur,
601 4341 900 4401 iracundia:
926 4349 1110 4393 autem
1135 4346 1191 4391 et
1228 4335 1519 4391 ambitioni
1545 4346 1603 4391 et
1637 4335 2013 4405 voluptatibus

435 4440 628 4503 scivit,
660 4437 839 4506 primo
862 4432 1087 4502 quidem
1128 4428 1398 4483 ridiculus
1438 4426 1679 4482 subditis
1703 4424 2010 4496 apparebit,

2108 3332 2215 3404 χὴν
2252 3333 2564 3399 διακεῖσθαι
2604 3335 2891 3400 πείθοντα,
2930 3335 2990 3389 τὸ
3030 3335 3481 3407 δυσκατόρθωτον
3525 3336 3695 3399 ὅντως

2111 3429 2367 3498 πρᾶγμα,
2395 3428 2489 3482 καὶ
2517 3428 2757 3497 μάλιστα
2782 3431 3003 3483 πάντων
3027 3429 3271 3483 δεικνύον
3294 3431 3387 3482 τὸν
3412 3428 3655 3501 ἄρχοντα
3674 3445 3691 3463 ⁶

2110 3520 2174 3573 οὗ
2214 3522 2325 3593 γὰρ
2360 3521 2599 3585 εὐκόλως
2633 3523 2910 3576 τοσούτων
2942 3520 3153 3592 ἀνδρῶν
3185 3521 3428 3575 διάθεσιν
3459 3522 3693 3591 δυνήσε-

2110 3612 2203 3667 ταί
2225 3630 2307 3675 τις
2331 3612 2528 3666 ἑαυτὸν
2551 3613 2996 3679 ἐπισπάσασθαι,
3022 3611 3125 3665 κᾶν
3149 3613 3410 3682 χρήματα
3435 3612 3693 3686 ἀναλώσῃ

2117 3703 2323 3775 μυρία,
2360 3704 2467 3759 κᾶν
2504 3705 2679 3775 μυρία
2717 3704 2921 3775 νικήσῃ
2960 3703 3299 3773 στρατόπεδα
3322 3742 3337 3766 ,
3373 3704 3481 3758 κάν
3517 3704 3695 3757 ὁτιοῦν

2113 3796 2303 3867 ἕτερον
2331 3796 2638 3867 ἐργάσηται
2661 3809 2678 3826 ⁸
2711 3799 2805 3849 καὶ
2836 3797 2992 3849 οὐδὲν
3020 3796 3164 3851 οὕτω
3196 3794 3441 3849 δείκνυσι
3473 3796 3569 3850 τὸν
3594 3797 3692 3867 τὴν

2114 3888 2294 3961 ἀρχὴν
2318 3888 2534 3958 ἔχοντα,
2561 3887 2637 3951 ὡς
2664 3889 2697 3957 ἡ
2730 3889 2863 3957 περὶ
2885 3889 3013 3951 τοὺς
3041 3889 3383 3959 ἀρχομένους
3411 3888 3693 3958 φιλοστορ-

2116 3982 2213 4051 γία
2239 3997 2257 4016 ο
2299 3983 2396 4036 καὶ
2429 3983 2539 4051 γὰρ
2571 3981 2789 4051 πατέρα
2820 3981 2883 4034 ού
2915 3981 2981 4034 τὸ
3013 3983 3275 4050 γεννῆσαι
3312 3980 3477 4051 μόνον
3513 3981 3687 4043 ποιεῖ,

2117 4075 2256 4129 ἀλλά
2293 4073 2388 4128 καὶ
2427 4074 2488 4127 τὸ
2527 4072 2707 4142 φιλεῖν
2751 4076 2892 4143 μετά
2928 4073 2991 4126 τδ
3030 4073 3320 4143 γεννῆσαι.
3358 4074 3422 4128 El
3465 4073 3525 4126 δι
3568 4073 3688 4126 ἔνθα

2119 4166 2283 4236 φύσις
2313 4168 2407 4219 καὶ
2437 4166 2661 4236 ἀγάπης
2691 4165 2852 4237 χρεία
2871 4204 2888 4232 ,
2921 4164 3105 4236 πολλῷ
3136 4166 3343 4235 μᾶλλον
3371 4165 3503 4219 ἔνθα
3535 4166 3686 4237 χάρις

2121 4256 2383 4328 ύπάρχει.
2418 4256 2479 4311 '0
2508 4256 2567 4310 δδ
2599 4255 2908 4328 ἀνθρώπων
2944 4257 3044 4325 μὲν
3074 4257 3266 4327 ἄρχειν
3294 4256 3505 4322 δοκῶν,
3538 4256 3687 4324 θυμῷ

2118 4348 2177 4402 δὲ
2214 4349 2309 4404 καλ⁵
2346 4348 2611 4420 φιλαρχίᾳ
2649 4349 2745 4402 καὶ
2781 4348 3002 4418 ἡδοναῖς
3041 4348 3314 4402 δουλεύων
3349 4349 3565 4418 πριῖιτον
3597 4348 3687 4417 μὲν

2122 4440 2532 4508 καταγὲλαστος
2565 4434 2708 4494 εἶναι
2740 4439 2946 4507 δόξειεν
2979 4440 3048 4494 ἂν
3080 4443 3195 4503 τοῖς
3225 4439 3585 4510 ἀρχομένοις.
3612 4441 3684 4491 ὅτι

437 4534 569 4604 quia
630 4542 894 4584 coronam
956 4522 1187 4595 gemmis
1216 4520 1619 4574 interstinctam
1685 4529 1743 4574 et
1786 4533 2006 4585 auream

2124 4533 2396 4601 στέφανον
2427 4532 2528 4602 μὲν
2559 4534 2718 4604 φορεῖ
2748 4532 3133 4603 λιθοκόλλητον
3162 4533 3257 4586 καὶ
3284 4532 3527 4603 χρυσοῦν
3545 4573 3559 4597 ,
3589 4546 3681 4583 σωο

438 4596 635 4695 gestat,
700 4616 1061 4689 temperantia
1129 4622 1312 4668 autem
1337 4620 1551 4667 nonest
1583 4610 1879 4665 redimitus
1913 4625 1928 4664 :
1960 4618 2006 4666 cl

2123 4596 2369 4698 φροσύνῃ
2514 4596 3084 4695 σύνκτιστεφάνωται·
3128 4624 3227 4679 καὶ
3273 4596 3555 4694 ἀλουργίδι
3596 4624 3680 4692 μὲν

441 4731 683 4787 purpura
722 4720 895 4767 totum
917 4722 1120 4777 corpus
1150 4703 1437 4776 splendet,
1468 4702 1565 4759 sed
1596 4703 1835 4758 animam
1869 4701 2019 4756 inor-

440 4823 624 4866 natam
687 4806 877 4862 babet.
937 4802 1141 4856 Deinde
1167 4815 1264 4865 ,nc
1286 4796 1567 4870 quomodo
1605 4797 1831 4868 quidem
1866 4798 2020 4867 prin-

440 4906 683 4973 cipatum
714 4896 1069 4953 adtninistret
1112 4894 1250 4948 sciet
1287 4905 1458 4946 :nam
1504 4891 1599 4961 qui
1623 4890 1729 4945 sibi
1770 4890 1876 4961 ipsi
1910 4888 2020 4945 im-

443 5010 635 5067 perare
681 4991 894 5061 nequit,
946 4987 1227 5061 quomodo
1268 4985 1416 5040 alios
1440 4983 1647 5055 poterit
1675 4982 1918 5055 dirigere
1943 4984 2023 5040 le-

442 5085 643 5157 gibus?

515 5224 569 5278 6.
609 5220 978 5288 Quamobrem
1030 5230 1143 5271 non
1195 5214 1354 5285 quasi
1392 5213 1761 5285 principatum
1794 5212 2016 5284 vitupe-

443 5327 650 5375 rantes,
680 5321 777 5367 aut
828 5323 1164 5379 quemquam
1195 5321 1321 5360 cum
1354 5312 1633 5375 potestate
1673 5320 1794 5359 esse
1825 5306 2020 5361 nolen-

446 5421 549 5469 tes,
584 5406 821 5460 dicimus
850 5400 995 5454 baud
1030 5399 1233 5454 dcbcrc
1266 5412 1370 5451 nos
1406 5396 1745 5466 principatus
1781 5397 2019 5452 ambire.

444 5501 579 5557 Nam
611 5496 769 5552 multi
818 5492 1080 5564 pimclaro
1111 5490 1345 5560 imperio
1375 5489 1481 5555 usi,
1510 5489 1620 5543 Deo
1648 5490 2019 5558 placuerunt;

445 5613 609 5667 quam
637 5610 754 5648 rem
792 5599 1065 5645 testantur
1107 5587 1345 5657 Moyses,
1372 5583 1561 5649 Josue,
1590 5583 1762 5639 David
1801 5586 2027 5641 mitissi-

446 5708 564 5753 sus,
612 5699 671 5743 ct
726 5702 851 5742 cum
896 5684 1021 5738 aliis
1077 5679 1477 5737 Constantinus
1527 5679 1758 5749 Magnus
1809 5688 1866 5733 et
1926 5694 2025 5750 par

445 5781 737 5853 apostolis,
781 5778 943 5847 cujus
971 5775 1169 5837 vitam,
1206 5781 1267 5825 ut
1297 5771 1704 5826 oblectamento
1741 5781 1798 5826 et
1837 5786 2025 5826 exem-

446 5878 542 5951 plo
569 5874 772 5931 futuris
798 5869 1020 5942 regibus
1046 5868 1212 5932 foret,
1240 5863 1508 5934 peculiari
1544 5878 1645 5919 nos
1676 5866 1885 5934 scriptu
1913 5874 2025 5919 tra-

2121 4719 2244 4773 ὅλον
2285 4721 2347 4771 τὸ
2387 4718 2550 4789 σῶμα
2588 4718 2892 4788 λάμπεται,
2927 4719 3026 4789 τὴν
3062 4717 3121 4772 δὲ
3160 4717 3345 4788 ψυχὴν
3389 4720 3680 4786 ἀκόσμητον

2122 4808 2257 4879 ἔχει.
2290 4809 2524 4864 Ἔπειτα
2555 4809 2614 4862 δὲ
2644 4809 2768 4865 ούὸδ
2800 4810 2951 4873 ὅπως
2985 4810 3441 4880 μεταχειρίσεται
3470 4807 3567 4878 τὴν
3590 4807 3677 4876 ἀρ’

2122 4904 2225 4975 χὴν
2256 4903 2612 4973 ἐπιστήσεται
2638 4920 2653 4935 ’
2685 4904 2714 4958 6
2744 4902 2854 4974 γὰρ
2886 4903 3084 4957 ἑαυτοῦ
3120 4902 3197 4972 μὴ
3228 4901 3480 4969 δυνηθεὶς
3510 4903 3678 4970 ἄρχειν

2124 4996 2241 5060 πῶς
2279 4995 2348 5050 ἀν
2382 4996 2602 5067 ἑτέρους
2641 4996 2900 5066 δυνηθείη
2940 4994 3297 5059 κατευθύνειν
3330 4996 3447 5057 τοῖς
3487 4994 3677 5060 νόμοιςό

2198 5220 2271 5285 ς’.
2294 5220 2460 5274 Ὥστε
2486 5220 2546 5274 ού
2573 5221 2673 5284 τὰς
2693 5220 2871 5292 ἀρχὰς
2902 5218 3247 5285 κακίζοντες,
3278 5219 3393 5272 οὐδ’
3419 5215 3677 5287 ἀναιροῦν-

2123 5331 2213 5378 τες
2247 5315 2310 5367 τὸ
2342 5310 2483 5367 εἷναί
2509 5332 2657 5378 τινας
2686 5315 2745 5368 ὲν
2778 5313 3071 5379 ἐξουσίαις,
3096 5314 3328 5382 εἴπομεν
3347 5310 3425 5383 μὴ
3460 5308 3675 5380 ἐφίεσθαι

2125 5407 2275 5476 ἡμᾶς
2310 5406 2417 5460 τῶν
2448 5407 2632 5477 ἀρχῶν
2669 5423 2686 5440 ο
2720 5408 2909 5459 πολλοὶ¹
2937 5408 3046 5476 γὰρ
3080 5404 3264 5465 καλῶς
3293 5409 3363 5475 τῇ
3398 5406 3534 5475 ἀρχῇ
3567 5414 3673 5471 χρη·

2129 5501 2380 5570 σάμενοι,
2435 5499 2513 5569 τῷ
2563 5500 2683 5568 θεῷ
2736 5500 3153 5570 εὐηρέστησαν·
3204 5497 3302 5549 καὶ
3374 5490 3681 5565 μαρτυροῦσι

2127 5593 2333 5660 Μωσῆς
2355 5608 2416 5644 τε
2454 5592 2547 5645 καὶ
2580 5590 2789 5661 Ἰησοῦς
2823 5591 2916 5643 καὶ
2937 5589 3103 5644 Δαόὶδ
3148 5589 3176 5641 6
3228 5587 3551 5657 πραότατος,
3596 5583 3675 5635 καὶ

2131 5684 2228 5734 σὺν
2253 5682 2462 5750 ἑτέροις
2486 5681 2701 5742 πολλοῖς
2735 5680 3142 5735 Κωνσταντῖνος
3164 5680 3193 5732 6
3228 5678 3419 5743 Μέγας
3453 5677 3540 5728 καὶ
3571 5673 3663 5727 last

2131 5774 2416 5838 πόστολος,
2444 5767 2507 5830 οὗ
2533 5772 2624 5827 τῖιν
2648 5774 2775 5843 ⁶βίον
2794 5774 3016 5844 ἥδυσμά
3044 5790 3103 5827 τε
3128 5773 3224 5826 καὶ
3274 5770 3539 5837 παίδευμα
3582 5762 3680 5828 adq

2133 5868 2212 5932 τίς
2246 5867 2474 5938 ὓστερον
2521 5866 2834 5939 βασιλεῦσιν
2893 5868 3024 5922 ὄντα
3080 5862 3537 5935 παραδεδώκαμεν
3583 5858 3678 5920 itii}
