3972 6586
316 433 406 499 945

1660 434 2002 499 ETHICON
2037 438 2209 507 VIII.

3443 441 3563 503 946
3585 461 3591 465 ’

310 547 478 621 γραφῇ
505 544 602 617 (1),
638 543 901 616 φιλοθέων
928 547 1141 619 ἀνδρῶν
1196 550 1445 618 ἀξιώσει,
1499 551 1864 621 διεξελθόντες

1989 556 2242 623 lidimus,
2270 555 2379 635 piis
2425 554 2562 611 viris
2595 554 2950 627 rogantibus;
2985 564 3277 610 narrantes
3300 571 3368 610 ex
3400 555 3548 610 illius

307 646 364 697 ἐκ
390 640 494 694 τῶν
516 638 720 693 ἐκείνου
776 640 992 696 πολλῶν
1033 643 1215 713 ὀλίγα,
1268 646 1449 700 καίτοι
1490 648 1558 718 τῇ
1610 645 1866 720 παρούσῃ

309 731 488 803 σπουδῇ
550 731 970 805 ἔνησχολημένοι
1004 750 1019 768 ’
1067 737 1207 792 ἀλλά
1266 738 1326 792 τὸ
1376 737 1472 793 τοῦ
1527 739 1859 809 πράγματος

307 824 587 886 ἑννοοῦντες
614 824 1137 899 δυσμεταχείριστον
1194 830 1451 901 μέγεθος,
1486 830 1677 903 ἐπειδὴ
1710 834 1861 887 πᾶσα

309 917 398 987 μὲν
427 914 564 986 ἀρχὴ
592 915 860 988 δυσχερής
884 934 899 949 ⁸
932 920 1031 973 καὶ
1064 920 1305 991 πάντων,
1338 923 1642 993 ἀνθρώπων
1670 925 1727 977 δὲ
1757 924 1861 994 μά-

306 1009 467 1074 λιστα,
494 1009 600 1077 ὅσῳ
617 1008 713 1063 καὶ
746 1010 937 1081 θηρίου
967 1012 1619 1087 δυσμιταχειριστότερον
1640 1015 1858 1087 ἀνθρω⁴

308 1118 414 1168 πος,
449 1102 585 1156 κατὰ
612 1101 703 1156 τὸν
726 1102 953 1159 είπόντα
983 1105 1171 1174 σοφὸν,
1232 1106 1322 1161 διὰ
1366 1096 1467 1178 τὴν
1529 1108 1717 1180 πηγὴν
1763 1107 1859 1161 τοῦ

307 1198 508 1264 φρονεῖν
529 1211 546 1228 ο
583 1196 680 1250 καὶ
720 1197 819 1251 σὺν
846 1198 1023 1267 τούτῳ
1058 1198 1351 1270 βλέποντες
1374 1201 1476 1274 τὴν
1532 1204 1645 1265 τοῖς
1695 1201 1864 1274 ῥᾳθύ-

309 1305 416 1359 μοις
464 1288 827 1359 ὲγγινομένην
887 1291 1140 1345 ἐντεῦθεν
1202 1293 1459 1365 βλάϐην,
1511 1295 1729 1359 ἑαυτοῖς
1786 1294 1864 1368 μὴ

305 1378 637 1448 προσέχουσι,
673 1381 766 1433 καὶ
791 1379 872 1450 τῷ
900 1381 1049 1453 καλῷ
1074 1383 1148 1454 μὴ
1178 1384 1362 1449 καλῶς
1391 1387 1639 1456 χρήματι
1662 1403 1864 1457 κεχρη-

307 1474 492 1542 μένοις,
526 1476 732 1530 καὶτὸν
757 1477 893 1531 Θεὸν
924 1478 1325 1548 παροξύνουσιν
1350 1481 1450 1541 οὐκ
1498 1481 1557 1533 ὲν
1609 1479 1688 1551 τῷ
1734 1479 1863 1550 μέλ-

303 1564 429 1619 λοντι
464 1568 625 1635 μόνον
657 1569 834 1635 αίῶνι,
870 1570 1007 1624 ἀλλὰ
1032 1572 1128 1626 καὶ
1152 1574 1211 1626 ὲν
1242 1574 1317 1645 τῷ
1343 1573 1594 1646 παρόντι,
1648 1574 1867 1639 τούτοις

302 1657 605 1713 ἀποδιδόντα
624 1663 765 1717 κατά
796 1664 865 1722 τὰ
896 1663 1035 1733 ἔργα
1062 1665 1245 1719 αὐτῶν
1271 1680 1288 1697 ο
1319 1664 1456 1739 ὅπερ
1484 1666 1572 1720 ἵνα
1621 1666 1697 1739 μὴ
1753 1667 1864 1722 πά-

302 1746 486 1818 θωμεν,
515 1750 771 1821 ἑλώμεθα
796 1752 1001 1824 μᾶλδιον
1023 1754 1326 1819 ἀκινδύνως
1376 1756 1670 1827 ἄρχεσθαι,
1694 1755 1728 1829 ij
1766 1757 1869 1829 ἄρ-

1977 647 2197 705 actibus
2246 648 2440 704 multis
2487 663 2716 719 paucos.
2745 663 3058 720 quanquam
3098 648 3359 719 praesenti
3390 648 3549 701 lucu-

1975 747 2231 805 bratioue
2262 746 2542 819 occupati.
2572 744 2680 801 Sed
2717 746 2791 800 rei
2827 745 3246 800 consideramus
3278 757 3546 798 summam

1978 840 2353 909 arduitatem;
2407 839 2672 913 quoniam
2718 838 2900 894 omnis
2941 837 3247 893 dominatio
3287 837 3548 895 dimcilis.

1975 934 2262 990 hominum
2296 926 2481 988 autem
2524 933 2797 995 maxime;
2832 941 3041 1001 quanto
3071 930 3284 984 scilicet
3318 929 3403 983 vel
3435 912 3551 982 fera

1977 1026 2390 1083 intractabilior
2418 1035 2505 1081 est
2529 1024 2723 1088 homo,
2766 1032 2933 1094 prout
2980 1022 3118 1076 dixit
3147 1024 3391 1091 sapiens,
3420 1036 3550 1088 pro-

1975 1130 2104 1192 pter
2132 1119 2339 1191 ingenii
2388 1117 2850 1190 profunditatem.
2895 1115 3184 1184 Simulque
3228 1113 3551 1168 observavi-

1976 1226 2100 1267 mus
2131 1210 2393 1266 damnum
2430 1209 2562 1265 hinc
2603 1207 2939 1264 socordibus
2975 1206 3261 1268 eveniens,
3294 1204 3389 1274 qui
3441 1204 3553 1257 sibi

1973 1302 2198 1357 minime
2228 1301 2542 1366 attendunt,
2574 1309 2630 1355 et
2668 1298 2901 1370 pulchra
2938 1312 2995 1353 re
3021 1312 3129 1350 non
3164 1304 3399 1352 utuntur
3430 1296 3552 1363 pul-

1976 1390 2148 1457 chre;
2181 1397 2240 1446 et
2270 1389 2441 1445 Deum
2471 1389 2717 1449 irritant.
2751 1404 2863 1444 non
2896 1389 2950 1443 in
2987 1386 3177 1442 futuro
3207 1396 3420 1442 tantum
3449 1404 3553 1439 sa:-

1972 1483 2118 1545 culo,
2143 1496 2341 1536 verum
2368 1481 2533 1535 etiam
2564 1480 2619 1534 in
2651 1480 2934 1550 praesenti,
2961 1479 3056 1550 qui
3094 1480 3195 1533 lios
3223 1492 3553 1533 remunera-

1976 1584 2067 1630 tur
2120 1574 2278 1645 juxta
2335 1588 2504 1645 opera
2560 1572 2830 1644 ipsorum.
2894 1570 3049 1642 Quod
3116 1586 3188 1625 ne
3254 1573 3553 1640 patiamur,

1975 1668 2234 1724 malimus
2285 1668 2474 1738 potius
2527 1674 2647 1722 tuto
2705 1665 2972 1735 imperari
3023 1679 3186 1733 quam
3246 1664 3555 1735 periculose

1974 1761 2268 1832 imperare.
2325 1760 2419 1815 Sic
2465 1759 2616 1815 enim
2677 1758 2973 1813 vitabimus
3020 1764 3135 1812 tum
3188 1756 3244 1811 in
3298 1755 3553 1826 praesenti

300 1843 784 1942 xatv‘intnwﬁv-w;
815 1861 832 1877 ο
854 1847 1194 1919 κερδήσομεν
1214 1850 1323 1921 γὰρ
1367 1849 1619 1907 ὶντεύθεν
1650 1848 1745 1904 καὶ
1766 1849 1869 1922 τὴν

1989 1854 2090 1908 vita
2148 1850 2369 1921 imperii
2420 1850 2688 1918 pericula,
2737 1857 2795 1904 et
2836 1848 3138 1919 repositam
3187 1846 3299 1902 illic
3331 1848 3557 1915 indigne

301 1930 605 2032 ἀπαλλαγὴν
651 1935 761 1990 τῶν
788 1937 1025 1991 ἐνταῦθα
1073 1940 1338 1997 κινδύνων
1385 1941 1475 1996 διὰ
1506 1939 1607 2014 τὴν
1666 1942 1864 2013 ἀρχὴν.

1989 1942 2298 2000 viventibus
2314 1942 2704 1999 incessabilem
2729 1942 3078 2011 punitionem
3100 1956 3116 2000 :
3138 1948 3305 2009 atque
3331 1938 3559 1994 retentis

300 2023 925 2129 καὶτῆς-ἀποκειμένης
963 2031 1081 2086 ἐκεί
1132 2035 1247 2098 τοῖς
1296 2034 1397 2088 ούκ
1445 2034 1613 2102 ἀξίως
1665 2032 1873 2106 ζήσασι

1989 2038 2256 2107 ﬁnemque
2282 2034 2663 2091 nescientibus
2680 2026 2842 2091 bonis
2876 2031 3149 2087 fruemur.
3177 2031 3309 2097 Quae
3344 2031 3554 2086 utinam

303 2118 392 2220 si];
410 2118 579 2220 ἀρχῆς
610 2119 979 2194 ἀτελευτήτου
1035 2124 1315 2190 κολάσεως
1370 2126 1471 2198 τὴν
1522 2127 1722 2198 φυγὴν,
1780 2127 1875 2180 καὶ

1989 2144 2176 2187 omnes
2200 2143 2302 2185 nos
2330 2141 2741 2197 consequamur
2791 2125 2967 2196 gratia
2998 2125 3055 2180 et
3088 2124 3429 2195 benignitate
3454 2122 3560 2174 Do-

298 2212 396 2260 τῶν
423 2212 657 2267 αίωνίων
675 2215 769 2267 καὶ
791 2216 966 2286 πέρας
1002 2217 1105 2273 ούκ
1135 2220 1519 2290 ἐπισταμένων
1564 2218 1873 2273 ἀπολαύσοο

1989 2221 2114 2278 mini
2153 2219 2328 2276 nostri
2375 2218 2505 2275 Jesu
2540 2218 2774 2281 Christi,
2824 2234 2920 2289 per
2953 2233 3120 2290 quem
3166 2226 3223 2271 et
3255 2230 3380 2271 eum
3447 2231 3558 2283 quo

303 2315 395 2371 μεν
418 2301 642 2372 ἀγαθῶν
675 2321 692 2338 ο
736 2302 812 2361 ῶν
865 2309 1082 2378 γίνοιτο
1129 2313 1342 2376 πάντας
1382 2313 1532 2383 ἡμᾶς
1593 2313 1876 2383 ἐπιτυχεῖν

1989 2311 2128 2368 Patri
2158 2309 2338 2381 gloria
2368 2318 2454 2365 est
2484 2324 2611 2365 cum
2654 2310 3015 2363 sanctissimo
3054 2307 3270 2378 Spiritu
3320 2320 3471 2360 nunc
3502 2314 3559 2359 et

299 2392 468 2463 χάριτι
494 2398 590 2450 καὶ
614 2399 995 2472 φιλανθρωπίᾳ
1046 2403 1140 2458 τοῦ
1184 2406 1393 2474 Κυρίου
1454 2405 1617 2475 ἡμῶν
1691 2405 1874 2475 Ἰησοῦ

1989 2419 2078 2473 per
2103 2400 2289 2457 omnia
2323 2399 2527 2456 sa’enla
2557 2398 2915 2455 saeculorum.
2950 2400 3149 2454 Amen.

304 2482 548 2555 Χριστοῦ,
585 2490 656 2544 δι’
679 2487 739 2548 οὗ
769 2496 863 2549 καὶ
891 2498 1013 2568 μεθ’
1039 2491 1100 2553 οὗ
1122 2498 1201 2571 τῷ
1232 2501 1462 2573 Πατρὶὴ
1492 2500 1618 2569 δόξα
1647 2499 1774 2572 ἅμα,
1831 2499 1910 2571 τῷ
1949 2497 2205 2567 παναγίῳ
2232 2494 2517 2566 Πνεύματι
2570 2492 2665 2547 νῦν
2698 2494 2794 2547 καὶ
2818 2493 2927 2558 ἀεὶ,
2957 2491 3052 2547 καὶ
3091 2490 3172 2555 εἰς
3198 2490 3326 2554 τοὺς
3353 2487 3560 2552 αἰῶνας

302 2583 400 2638 τῶν
432 2586 663 2644 αίῶνων.
699 2591 898 2664 ⁹Δμήν.

497 2750 875 2808 ΔΙΑΛΕΞΕΩΣ
930 2757 1193 2814 ΟΓΔΟΗΣ
1237 2758 1504 2817 ΗΘΙΚΟΝ
1549 2761 1649 2834 (1).

302 2886 430 2971 Περὶ
453 2888 569 2942 τῶν·
584 2891 868 2971 φρικεῶζ
901 2894 998 2947 καί
1028 2895 1207 2971 θείων
1254 2896 1355 2951 καὶ
1388 2896 1744 2971 ,ἀκρᾶν-των--
1773 2895 1873 2971 καί

364 2956 657 3037 {modoad}?
676 2963 1081 3037 toiZXma'rofr
1127 2956 1494 3037 μυστηρίωἱῗ
1515 2983 1529 2998 ο
1566 2966 1662 3020 καί
1711 2967 1801 3022 ὅτι
1832 2969 1873 3037 ἡ

2267 2751 2619 2813 SERMONIS
2650 2750 2905 2809 OCTAVI
2946 2745 3273 2807 ETHICON.

1982 2894 2059 2951 De
2110 2893 2397 2948 tremendis
2430 2899 2481 2945 et
2528 2891 2722 2944 divinis
2756 2887 3222 2955 immaculatisque
3254 2902 3316 2938 ac
3348 2883 3563 2947 vivi/ic's

2057 2963 2251 3021 Christi
2286 2962 2572 3032 mysteriis.
2604 2960 2672 3013 Et
2701 2963 2840 3029 quod
2862 2965 3049 3032 norunt
3079 2956 3342 3024 susceptio
3391 2955 3565 3024 dignis

364 3030 959 3113 τούτων-,μετάληψις
980 3035 1104 3101 τοῖς
1128 3030 1249 3104 ξιιὲν
1286 3030 1483 3104 ἀξίοις
1501 3038 1632 3092 ἐστὶ
1674 3030 1871 3108 muth

366 3098 477 3141 nia-
510 3118 640 3141 mm
662 3102 731 3141 δὴ
768 3104 1045 3141 rivatim.»
1088 3106 1163 3141 σοι(
1180 3110 1346 3141 In”...

2058 3034 2159 3103 ﬁat
2190 3036 2244 3088 in
2274 3030 2527 3097 salutem,
2556 3032 2789 3102 indignis
2819 3040 2998 3083 autem
3030 3030 3084 3083 in
3116 3043 3349 3098 pwnam.

359 3098 481 3166 pia,
510 3098 640 3169 τοῖς
662 3102 731 3157 δὲ
768 3098 1045 3173 ἀκὰξῖοις
1079 3098 1369 3174 ’κόλασις-⁷.

366 3240 432 3286 α’.
464 3236 669 3289 Σκόπει
697 3253 760 3307 γε
793 3238 903 3309 μὴν
935 3240 1179 3308 κάκεῖνο,
1212 3241 1296 3295 ὅτι
1323 3240 1472 3311 λέγει
1494 3240 1589 3295 νῦν
1619 3242 1873 3313 φανερῶς

304 3327 425 3397 περὶ
445 3332 544 3402 τῆς
578 3334 853 3403 μυστικῆς
874 3334 1232 3405 μεταλήψεως
1256 3333 1350 3389 τοῦ
1384 3336 1572 3406 τιμίου
1622 3335 1874 3406 σώματος

304 3419 459 3475 αὐτοῦ
491 3425 589 3477 καὶ
637 3422 903 3486 ζωοποιοῦ
940 3425 1237 3497 ’καθάπερ
1287 3426 1397 3498 γάρ
1444 3429 1559 3481 ἐστι
1609 3426 1877 3492 ζωοποιὸς

305 3515 438 3568 κατά
471 3518 637 3584 φύσιν
664 3518 692 3569 6
722 3518 1018 3590 μονογενὴς
1046 3518 1139 3572 τοῦ
1164 3517 1299 3574 Θεοῦ
1323 3518 1453 3583 Υἱός
1480 3536 1540 3574 τε
1556 3519 1652 3574 καὶ
1679 3520 1874 3591 Λόγος,

304 3602 438 3659 οὕτω
465 3608 528 3679 δὴ
564 3610 661 3662 καὶ
682 3610 803 3681 τὴν,
845 3605 959 3685 ὲνῇ
1016 3610 1303 3681 κατῴκησε
1349 3612 1549 3682 σάρκα,
1615 3614 1878 3677 ζωοποιὸν

307 3698 605 3767 ἀπέδειξεν,
643 3702 764 3766 ὅλος
813 3704 956 3758 κατά
980 3703 1072 3758 τὸν
1101 3705 1341 3777 ἄρρητον
1362 3705 1461 3775 τῆς
1491 3708 1737 3771 ὲνώσεως
1794 3708 1881 3761 λὸο

307 3805 398 3854 γον
427 3794 606 3867 ταύτῃ
644 3796 1034 3866 συμϐεϐηκὼς,
1083 3802 1178 3853 καὶ
1231 3801 1647 3868 μετασκευάσας
1710 3801 1882 3871 αὐτὴν

308 3886 384 3949 εἰς
411 3887 471 3941 τὸ
495 3888 629 3942 ῐδιον
652 3890 852 3958 ἀγαθὸν
879 3892 999 3961 ἦτοι
1040 3892 1140 3961 τὴν
1188 3894 1337 3963 ζωήν
1362 3909 1379 3927 ο
1441 3892 1528 3947 διὰ
1582 3891 1740 3946 τοῦτο
1787 3892 1884 3945 καὶ

310 3976 708 4045 ζωοποιεῖτοῦς
736 3983 1067 4051 μετέχοντας
1101 3983 1297 4043 αὑτοῦ,
1321 3984 1382 4036 τὸ
1419 3985 1691 4052 πανάγιον
1715 3982 1883 4053 σῶμα

206 4114 215 4126 .
309 4068 565 4139 Χριστοῦ,
596 4076 688 4126 τὸν
742 4073 973 4129 θάνατον
1030 4075 1334 4141 ἐξελαύνον,
1373 4077 1471 4129 καὶ
1513 4075 1737 4143 ὲξιστῶν
1786 4078 1886 4145 τὴν

312 4165 537 4233 φθορὰν,
569 4166 665 4220 ἅτε
689 4169 752 4238 δὴ
793 4172 883 4221 τὸν
907 4170 1004 4240 τὴν
1059 4169 1269 4238 φθορὰν
1298 4169 1520 4230 τελείως
1550 4168 1887 4237 ἀφανίζοντα

309 4254 463 4325 λόγον
513 4260 705 4313 ὡδῖνον
735 4263 792 4312 ὲν
823 4262 1003 4331 ἑαυτῷ
1048 4275 1063 4291 ⁸
1095 4261 1123 4313 6
1153 4261 1260 4330 γὰρ
1291 4260 1453 4329 ἄρτος
1492 4261 1519 4312 6
1546 4260 1604 4313 ὲν
1634 4262 1744 4321 τοῖς
1780 4276 1885 4327 μυ-

312 4352 550 4421 στηρίοις
585 4354 676 4423 ὑφ’
697 4354 858 4423 ἡμῶν
882 4355 1223 4421 ὲσΟιόμενος,
1250 4354 1348 4407 καὶ
1377 4354 1405 4405 6
1432 4350 1576 4416 οἶνος
1608 4354 1635 4406 ὁ
1658 4352 1886 4420 πινόμε-

2047 3238 2098 3294 1.
2139 3237 2299 3293 Nunc
2351 3244 2408 3291 et
2438 3232 2574 3290 illud
2602 3232 2750 3308 vide,
2778 3230 2928 3302 quod
2962 3245 3163 3300 nempe
3207 3228 3261 3282 in
3292 3224 3558 3298 przesen'i

1979 3328 2228 3398 loquitur
2256 3326 2551 3381 manifeste
2581 3323 2650 3379 de
2690 3322 2917 3394 pretiosi
2969 3335 3034 3375 ac
3079 3318 3281 3374 viviﬁci
3311 3316 3562 3386 corporis

1980 3423 2068 3477 sui
2125 3420 2358 3493 mystica
2418 3416 2837 3474 communione.
2899 3414 3057 3469 Sicut
3095 3413 3242 3466 enim
3306 3408 3561 3463 viviﬁcus

1982 3522 2177 3580 suapte
2218 3518 2415 3565 natura
2450 3519 2535 3564 e5t
2571 3505 2894 3576 unigenitus
2942 3503 3038 3558 Dei
3081 3501 3255 3556 Filius
3308 3515 3372 3553 ac
3425 3498 3561 3551 Ver-

1982 3604 2141 3671 bum,
2187 3602 2267 3658 sic
2321 3602 2491 3656 etiam
2538 3599 2707 3665 illam,
2757 3598 2813 3654 in
2870 3610 2977 3667 qua
3011 3594 3303 3657 habitavit,
3336 3606 3560 3646 carnem

1984 3696 2265 3751 viviticam
2291 3693 2499 3757 eﬂ‘ecit,
2535 3707 2660 3748 cum
2694 3690 2745 3747 ei
2784 3705 2844 3746 se
2876 3698 3049 3745 totum
3104 3682 3561 3757 perineﬂabilem

1988 3790 2215 3845 uuionis
2267 3789 2544 3842 rationem
2586 3784 2899 3854 conjunxit,
2942 3783 3306 3849 eamdemque
3359 3776 3425 3831 ad
3478 3776 3565 3830 sui

1988 3883 2163 3951 ipsius
2198 3878 2615 3940 excellentiam,
2641 3877 2692 3931 id
2717 3885 2803 3931 est
2828 3876 2996 3929 vitam
3016 3872 3232 3928 extulit.
3265 3870 3563 3939 Propterea

1986 3975 2153 4029 etiam
2184 3972 2428 4027 viviﬁcat
2462 3972 2547 4025 sui
2580 3967 2881 4038 participes
2911 3964 3329 4022 sanctissimum
3357 3961 3566 4017 Christi

1986 4082 2213 4137 corpus,
2266 4073 2501 4119 mortem
2562 4061 2789 4132 pellens.
2856 4057 3274 4128 corruptionem
3338 4055 3568 4110 submo-

1989 4176 2170 4216 vens:
2221 4158 2429 4229 quippe
2471 4154 2620 4225 quod
2677 4152 3110 4224 peremptorium
3163 4163 3394 4219 prorsus
3445 4162 3571 4199 cor-

1992 4252 2269 4322 ruptionis
2301 4250 2541 4306 Verl’ium
2577 4248 2633 4301 in
2679 4258 2738 4302 se
2770 4253 2972 4315 geSIat.
3028 4242 3241 4297 Etenim
3275 4240 3435 4309 panis
3476 4240 3567 4308 qui

1992 4362 2024 4400 a
2062 4344 2227 4399 nobis
2275 4343 2331 4396 in
2382 4340 2661 4413 mysteriis
2693 4337 3028 4399 comeditur,
3067 4343 3125 4389 et
3174 4334 3368 4388 vinum
3419 4331 3569 4399 quod

312 4460 395 4506 νος
429 4445 635 4514 ὁμοίως
669 4447 768 4499 σὺν
803 4446 982 4512 ὕδατι,
1012 4448 1111 4499 ούκ
1166 4447 1436 4500 ἀντίτυπα
1463 4446 1578 4498 ἐστι
1634 4444 1736 4513 τῆς
1790 4441 1879 4496 τοῦ

1994 4453 2135 4507 aqua
2167 4434 2407 4490 immista
2442 4432 2647 4503 pariter
2674 4430 2940 4494 bibimus,
2972 4425 3121 4481 haud
3164 4435 3293 4480 sunt
3320 4422 3570 4494 profecto

312 4534 516 4605 Κυρίου
546 4539 750 4606 σαρκδς
766 4537 859 4590 τοῦ
891 4537 1149 4607 αῖματος,
1172 4536 1288 4590 ἀλλ’
1316 4535 1456 4606 αύτὴ
1486 4537 1519 4606 ἡ
1547 4533 1644 4587 τοῦ
1677 4531 1885 4603 Κυρίου

314 4628 451 4697 σὰρξ
470 4630 563 4682 καὶ
588 4630 650 4683 τὸ
679 4623 822 4698 αἷμα
856 4645 870 4659 ·
895 4631 993 4699 οὐχ
1015 4631 1096 4683 ὅτι
1126 4628 1260 4682 αὐτὸ
1290 4626 1350 4680 τὸ
1385 4624 1697 4696 ἀναληφθὲν
1728 4625 1889 4694 σῶμα

311 4720 369 4783 ἐξ
388 4722 621 4788 ούρανοῦ
647 4722 1000 4793 κατέρχεται,
1025 4721 1142 4774 ἀλλ’
1176 4723 1258 4774 ὅτι
1290 4719 1453 4783 αὐτὸς
1479 4719 1506 4771 6
1534 4717 1699 4787 ἄρτος
1725 4717 1820 4769 καὶ
1861 4717 1891 4769 ὁ

312 4808 447 4875 οἶνος
476 4813 593 4877 ἅμα
622 4813 699 4881 τῷ
742 4812 898 4864 ὕδατι
930 4812 1065 4879 πρὸς
1090 4812 1250 4879 σῶμα
1296 4810 1393 4863 καὶ
1449 4802 1591 4878 αἷμα
1652 4801 1890 4876 Χριστοῦ

315 4904 593 4973 ἡνωμένον
622 4905 841 4975 θεότητι
874 4903 1320 4972 μεταποιοῦνται,
1341 4901 1416 4964 ὡς
1436 4901 1498 4954 τὸ
1523 4903 1587 4954 ἐκ
1609 4899 1710 4968 τῆς
1729 4897 1893 4966 ἁγίας

314 4996 594 5067 Παρθένου
632 4997 792 5066 σῶμα
822 4996 1002 5063 λόγοις
1050 4997 1391 5067 ἀπορρήτοις
1422 4994 1511 5047 διὰ
1541 4993 1644 5060 τῆς
1703 5007 1897 5062 μυστι-

315 5093 418 5159 κῆς
452 5092 701 5161 εὐλογίας
759 5093 856 5146 καὶ
884 5092 1283 5161 ἐπιφοιτήσειν-ἶ
1313 5088 1405 5140 τοῦ
1455 5087 1613 5155 ἁγίου
1643 5083 1896 5151 11⁸³⁸⁵9⁸³⁸

315 5199 426 5245 τος.
456 5184 530 5236 Οὐ
562 5184 670 5251 γὰρ
699 5178 853 5236 εἶπεν
902 5184 929 5236 6
969 5181 1199 5251 Κύριος,
1231 5180 1312 5233 ὅτι
1348 5179 1408 5233 ’0
1443 5180 1607 5249 ἄρτος
1665 5174 1724 5228 ὃν
1781 5172 1894 5241 ἐγὼ

316 5276 496 5341 δώσω,
529 5275 821 5330 ἀντίτυπόν
854 5277 973 5329 ἐστι
1000 5275 1101 5341 τῆς
1134 5272 1338 5344 σαρκός
1362 5288 1489 5342 μου,
1543 5268 1659 5324 ἀλλ’
1693 5270 1726 5341 ἠ
1760 5266 1896 5335 σάρξ

391 5456 467 5523 (1)
508 5455 646 5511 Tres
677 5455 810 5509 mihi
850 5455 902 5509 in
944 5452 1199 5509 manibus
1232 5460 1360 5505 sunt
1394 5446 1740 5523 constantini
1778 5445 1894 5523 Ma-

321 5517 409 5589 gni
452 5517 630 5589 'Vitae,
701 5541 839 5595 quas
896 5525 951 5579 in
1016 5523 1295 5578 Vaticanis
1345 5520 1630 5595 codicibus
1687 5517 1892 5595 reperi.

326 5587 521 5650 lltrum
579 5587 732 5651 vero'
769 5598 822 5649 iii
876 5610 1068 5649 earum
1138 5608 1373 5646 numero
1418 5590 1490 5644 sit
1544 5588 1680 5651 haec,
1735 5587 1895 5656 cujus

325 5682 384 5720 se
418 5675 701 5722 auctorem
737 5665 1063 5721 Theodorus
1103 5672 1292 5718 noster
1327 5663 1485 5725 dicit,
1520 5658 1648 5713 alibi
1683 5658 1898 5728 disqui-

389 5752 531 5791 mus.

389 5752 477 5789 mu
514 5775 531 5791 .

323 5752 661 5872 ’Ἵνξιιυκ
709 5806 896 5861 ethico
941 5804 1098 5875 praeit
1134 5801 1415 5875 expositio
1445 5800 1740 5855 verborum
1772 5796 1899 5875 _D_o-

330 5868 469 5932 mini
495 5878 637 5948 apud
671 5877 831 5934 Joan.
863 5868 1081 5943 VI,'52:
1120 5874 1187 5928 Et
1218 5868 1397 5944 panis,
1438 5889 1592 5944 quem
1627 5887 1720 5942 ego
1747 5868 1904 5935 dabo,

1994 4529 2183 4584 carnis
2222 4525 2621 4597 sanguinisque
2651 4521 2871 4577 Domini
2904 4520 3176 4592 antitypa,
3206 4516 3302 4574 sed
3338 4518 3573 4587 ipsamet

1956 4676 1959 4679 .
1997 4619 2218 4677 Domini
2249 4634 2380 4676 caro
2425 4626 2483 4674 et
2524 4616 2790 4687 sanguis:
2822 4629 2932 4669 non
2969 4612 3116 4683 quod
3160 4627 3387 4682 corpus,
3423 4610 3571 4678 quot

1994 4712 2259 4774 sumitur,
2311 4710 2380 4764 de
2434 4708 2577 4763 cmlo
2626 4706 2906 4773 adveniat,
2937 4706 3035 4761 sed
3071 4704 3199 4774 quia
3248 4704 3364 4772 ipse
3415 4702 3573 4771 panis

1995 4820 2121 4859 cum
2157 4804 2290 4857 vino
2325 4811 2383 4857 et
2409 4817 2556 4871 aqua
2614 4800 2670 4854 in
2701 4813 2905 4870 corpus
2936 4798 3376 4867 sanguinemque
3410 4793 3574 4848 Chri-

1996 4900 2066 4954 sti
2119 4897 2403 4953 divinitati
2454 4896 2776 4964 copulatum
2856 4901 3304 4956 convertuntur;
3363 4900 3420 4945 ut
3482 4892 3576 4945 tint

1998 4992 2137 5048 illud
2167 4992 2238 5047 de
2268 5000 2460 5047 sancta
2495 4989 2720 5059 Virgine
2750 4994 2941 5049 natum
2982 4999 3210 5051 corpus,
3240 4983 3420 5038 modis
3452 4984 3573 5038 ine.

1998 5084 2398 5144 narrabilibus,
2436 5096 2534 5150 per
2560 5080 2851 5149 mysticam
2887 5074 3331 5131 benedictionem
3363 5084 3418 5128 et
3449 5090 3576 5128 san-

1998 5175 2073 5229 cti
2112 5175 2359 5244 Spiritus
2396 5170 2884 5225 interventionem.
2921 5165 3041 5221 Non
3076 5166 3223 5220 enim
3273 5165 3417 5220 dixit
3457 5167 3577 5217 lio—

2003 5269 2193 5323 minus
2230 5284 2244 5322 :
2281 5265 2447 5319 Panis
2490 5278 2656 5333 quem
2698 5277 2799 5332 ego
2832 5259 3001 5326 dabo,
3047 5261 3337 5332 antilypon
3394 5261 3578 5313 carnis

1999 5456 2124 5495 caro
2157 5454 2275 5491 mea
2310 5445 2386 5489 est
2417 5452 2576 5506 quam
2612 5450 2706 5505 ego
2740 5432 3000 5506 dabopro
3034 5435 3217 5489 mundi
3242 5435 3373 5488 vita.
3411 5432 3580 5485 l’orro

2003 5522 2063 5565 ut
2094 5512 2147 5565 in
2187 5505 2515 5562 PraefatiOne
2546 5507 2856 5569 innuimus,
2889 5505 3054 5574 hujus
3085 5506 3383 5574 praesertim
3408 5506 3577 5557 etMci

2001 5596 2190 5639 causa.
2222 5578 2280 5632 in
2330 5592 2440 5645 quo
2471 5585 2555 5630 est
2592 5572 3183 5645 praeclarissinium’de
3225 5572 3326 5628 SS.
3363 5574 3581 5645 l'.llt'|la-

2005 5651 2159 5705 ristia
2220 5644 2621 5711 testiinonium,
2663 5659 2789 5698 cum
2844 5646 3132 5714 perspicua
3170 5644 3441 5714 dogmatis
3478 5646 3581 5696 οἰο-

2002 5724 2202 5801 etrina,
2234 5718 2352 5773 lucc
2379 5732 2480 5773 nos
2510 5714 2789 5773 Theodori
2817 5726 3076 5785 excerpta
3117 5717 3339 5787 vulgare
3387 5729 3581 5770 susce-

2001 5806 2205 5862 pimus.
3498 5828 3503 5831 -
