3972 6584
287 436 391 503 949

1619 432 1953 495 ETHICON
1997 432 2102 496 VII
2113 432 2157 493 Ι.

3454 441 3552 500 95f)

284 545 563 602 ποιεῖσθαι
595 542 928 614 πιστεύομεν
952 560 966 576 '
1002 545 1095 602 καὶ
1121 545 1321 617 ὁμοίως
1346 544 1438 600 τδν
1480 537 1625 601 οἶνόν
1662 563 1723 600 τε
1775 547 1869 599 καὶ

1979 547 2198 611 dimus;
2231 544 2531 616 vinumque
2552 561 2681 607 cum
2694 562 2841 629 aqua
2864 518 3083 619 pariter
3106 550 3159 604 in
3187 550 3551 619 sanguinem:

282 640 343 693 τῦ
372 638 523 710 ὕδωρ
550 639 631 704 είς
655 635 793 710 αἷμα
826 652 843 692 ἓ
873 638 997 693 ἐπεὶ
1025 639 1244 693 κάκεῖνο
1270 639 1331 691 τὸ
1363 638 1524 710 σῶμα
1550 641 1619 710 τῇ
1641 642 1874 711 ἐπισκηο

283 731 448 784 νὼσει
471 730 567 784 τοῦ
592 731 769 800 Λόγου
792 730 888 784 τοῦ
924 731 1405 801 ἐπισκηνώσαντος
1432 731 1490 783 ὲν
1533 726 1682 799 αὐτῷ
1705 727 1876 781 καθα-

282 821 511 890 γιασθὲν
560 821 725 893 ἄρτος
756 822 849 876 καὶ
875 817 1018 886 οἶνος
1042 823 1133 875 καὶ
1164 820 1310 891 ὕδωρ
1344 816 1413 892 ἦν
1453 824 1522 894 τῇ
1586 821 1817 890 δυνάμει
1857 836 1873 854 ·

287 914 384 968 καὶ
418 916 531 983 γὰρ
562 916 627 969 ἐκ
649 915 856 971 τούτων
891 917 1092 981 παντὸς
1134 917 1477 987 ἀνθρωπίνου
1531 916 1785 986 σώματος
1835 916 1870 986 ἠ

284 1008 588 1073 ὑπόστασις
619 1024 634 1040 ο
665 1011 758 1062 καὶ
794 1009 820 1064 6
857 1010 991 1079 πρὸς
1021 1013 1194 1065 ταῦτα
1221 1010 1437 1082 βλέπων
1458 1011 1689 1082 δυνάμει
1732 1010 1872 1081 πρὸς

282 1096 374 1149 τὶν
390 1097 557 1166 ὄγκον
572 1096 668 1150 τοῦ
685 1097 956 1169 ἡμετέρου
981 1096 1232 1170 σώματος
1252 1099 1440 1169 βλέπει
1464 1115 1482 1134 θ
1503 1100 1587 1154 ὅτι
1610 1101 1671 1153 ἐν
1698 1100 1873 1171 τούτῳ

285 1191 467 1243 ἰκεῖνα
491 1191 781 1260 γενόμενα,
808 1191 963 1243 τοῦτο
986 1192 1220 1260 γίνεται,
1248 1192 1345 1246 καὶ
1367 1194 1568 1265 τρόπον
1597 1192 1719 1247 τινὰ
1741 1209 1874 1246 ταυ-

180 1284 197 1301 ⁰
282 1282 376 1333 τόν
405 1284 555 1334 ἐστιν
590 1283 818 1348 ἐκείνοις
835 1284 894 1335 τὸ
912 1282 1082 1335 ταῦτα
1101 1282 1552 1352 παραδεξάμενον
1568 1283 1750 1353 σῶμα,
1772 1283 1875 1353 τῆς

284 1377 519 1445 τρυφῆς,
549 1374 739 1446 ὥσπερ
764 1378 999 1446 εἴρηται,
1021 1375 1157 1448 πρὸς
1178 1376 1277 1446 τὴν
1305 1375 1399 1429 τοῦ
1435 1374 1688 1447 σώματος
1712 1376 1874 1446 φύσιν

284 1464 375 1518 διὰ
401 1469 503 1536 τῆς
535 1467 891 1535 ἀλλοιωτικῆς
918 1468 1201 1535 δυνάμεως
1231 1467 1584 1538 καταλλήλως
1606 1467 1875 1538 μεθιστα-

287 1559 459 1627 μένης
488 1575 503 1589 θ
529 1558 653 1612 ὅθεν
688 1560 797 1629 γὰρ
826 1559 854 1611 6
872 1560 929 1612 ἐν
943 1559 1137 1629 ἐκείνῳ
1154 1559 1228 1629 τῷ
1244 1559 1459 1628 σώματι
1481 1558 1874 1629 μεταποιηθεὶς

282 1651 449 1720 ἄρτος
468 1653 549 1716 είς
568 1651 721 1704 θείαν
741 1652 978 1722 μετέστη
998 1650 1249 1720 δύναμιν,
1265 1651 1354 1706 διὰ
1373 1650 1466 1704 τοῦ
1483 1650 1648 1704 αὑτοῦ
1666 1650 1761 1704 καὶ
1780 1648 1876 1704 νῦν

281 1744 346 1794 τὸ
364 1744 481 1795 ἴσον
504 1744 713 1810 γίνεται
747 1758 761 1774 ο
790 1744 910 1797 ἐκεῖ
938 1760 996 1796 τε
1023 1744 1132 1814 γὰρ
1154 1746 1187 1814 ἠ
1213 1743 1306 1797 τοῦ
1324 1742 1498 1812 Λόγου
1528 1744 1690 1815 χάρις
1718 1744 1876 1812 ἅγιον

1976 637 2430 713 quandoquidem
2479 646 2535 692 et
2585 653 2789 709 corpus
2819 640 2978 705 illud,
3019 641 3186 698 Verbi
3233 640 3554 699 habitacula

1974 731 2122 801 quod
2158 734 2213 787 in
2243 745 2315 788 eo
2344 728 2629 785 residebat
2663 732 3091 796 sanctificatum,
3124 733 3284 802 panis
3320 734 3551 802 vinique

1974 838 2101 879 cum
2149 840 2291 895 aqua
2340 822 2451 880 vim
2507 823 2792 879 habebat:
2834 840 3076 895 namque
3128 825 3216 881 his
3267 825 3549 881 alimentis

1974 930 2137 973 omne
2195 932 2407 988 corpus
2463 915 2771 973 humanum
2821 916 3077 973 subsistit
3121 936 3135 972 :
3193 924 3251 973 et
3300 917 3395 986 qui
3432 917 3551 972 haec

1975 1018 2212 1079 Spectat,
2258 1011 2493 1080 perinde
2521 1022 2608 1067 est
2653 1023 2719 1067 ae
2750 1009 2797 1063 si
2844 1009 3098 1078 corporis
3130 1010 3311 1064 nostri
3366 1010 3553 1064 incre-

1975 1113 2222 1159 mentum
2263 1113 2478 1173 spectet
2522 1122 2540 1160 :
2597 1103 2732 1176 quia
2777 1101 2922 1156 intra
2969 1101 3073 1155 hoe
3124 1100 3219 1156 illa
3269 1110 3549 1169 suscepta,

1975 1208 2180 1262 corpus
2227 1210 2423 1251 revera
2471 1196 2632 1264 fiunt,
2678 1208 2735 1252 et
2772 1192 2921 1251 idem
2967 1192 3378 1263 quodammodo
3424 1208 3551 1247 cum

1976 1284 2089 1339 illis
2134 1286 2192 1340 flt
2242 1301 2446 1355 corpus
2484 1289 2675 1343 eadem
2704 1285 3031 1359 excipiens;
3066 1284 3215 1347 cibo,
3252 1294 3311 1338 ut
3343 1284 3553 1339 dictum

1974 1385 2082 1439 est,
2132 1378 2187 1431 in
2221 1381 2472 1448 corporis
2506 1390 2784 1454 naturam,
2814 1396 2913 1450 per
2957 1376 3070 1434 vim
3106 1376 3553 1438 cunvertibilem,

1966 1476 2352 1539 congruenter
2400 1471 2819 1525 transformata.
2874 1470 3029 1527 Sicut
3075 1484 3215 1541 ergo
3253 1470 3305 1523 in
3349 1467 3553 1521 Christi

1977 1572 2209 1627 corpore
2258 1571 2635 1618 commutatus
2681 1564 2842 1633 panis
2876 1563 2932 1619 in
2962 1564 3206 1619 divinam
3228 1559 3342 1617 vim
3375 1570 3555 1614 trans-

1974 1651 2113 1717 ibat,
2159 1653 2234 1707 ita
2276 1662 2335 1708 et
2384 1671 2534 1709 nunc
2589 1657 2872 1725 contingit
2915 1656 3193 1711 similiter.
3246 1652 3368 1713 Illis
3402 1653 3554 1705 enim

1977 1744 2150 1813 gratia
2182 1744 2347 1799 Verbi
2379 1756 2637 1802 sanctum
2661 1747 2937 1803 eﬂiciebat
2956 1762 3184 1816 corpus,
3213 1747 3387 1802 cuiex
3411 1758 3555 1817 parte

287 1836 469 1887 ἐποίει
505 1835 566 1888 τὸ
598 1834 782 1905 σῶμα,
811 1828 855 1904 ᾧ
889 1837 955 1889 ἐκ
982 1835 1075 1890 τοῦ
1106 1837 1276 1906 ἄρτου
1307 1838 1405 1889 καῖ
1433 1833 1529 1888 τοῦ
1577 1836 1720 1889 οῐνου
1777 1834 1873 1889 καὶ

1979 1835 2222 1905 vinoque
2246 1846 2302 1890 et
2322 1852 2469 1905 aqua
2501 1838 2865 1893 subsistentia
2884 1838 3184 1905 confiebat,
3213 1838 3287 1895 ita
3320 1847 3380 1893 ut
3408 1838 3553 1893 idem

287 1925 386 1979 τοῦ
417 1918 683 1997 ὕδατοςή
718 1928 981 1992 σύστασις
1010 1923 1101 1999 ἦν,
1130 1927 1228 1980 καλ⁸
1255 1926 1456 1998 τρόπον
1487 1927 1612 1981 τινὰ
1634 1928 1730 1980 καὶ
1778 1927 1873 1981 αὑ-

284 2018 350 2070 ειδ
388 2018 555 2087 ἄρτος
589 2020 682 2073 καὶ
707 2014 854 2081 οἶνος
887 2018 984 2071 καὶ
1018 2017 1162 2088 ὕδωρ
1187 2013 1277 2088 ἦν,
1315 2017 1549 2073 ἐνταῦθα
1582 2035 1642 2071 τε
1693 2017 1877 2072 ὡσαύ-

285 2111 441 2172 τωςό
469 2110 635 2180 ἄρτος
665 2110 759 2164 καὶ
798 2113 825 2164 6
857 2107 999 2173 οἶνος
1029 2112 1121 2165 καὶ
1149 2110 1208 2162 τὸ
1249 2110 1414 2181 ὕδωρ,
1446 2110 1589 2165 καθά
1637 2128 1801 2182 φησιν
1846 2114 1876 2165 6

300 2200 645 2264 Ἅπόστολος,
683 2202 999 2267 ἁγιάζονται
1031 2201 1120 2254 διὰ
1165 2201 1329 2270 λόγου
1361 2201 1498 2255 Θεοῦ
1556 2203 1647 2256 καὶ
1689 2202 1874 2256 ἐντσὺ-

290 2290 446 2355 ξεω·,
474 2293 536 2344 οὗ
565 2292 653 2345 διὰ
687 2291 940 2362 βρώσεως
964 2293 1221 2361 προϊόντα
1243 2295 1322 2357 είς
1346 2294 1406 2346 τὸ
1432 2294 1592 2363 σῶμα
1616 2296 1873 2363 γενέσθαι

286 2401 326 2438 τ-
414 2384 759 2456 .ἓ.ἐ;ςον.,ὰ>.λ’
791 2384 1054 2454 εὐθὺςεεές
1088 2386 1149 2443 1’1
1202 2386 1360 2459 σῶμα
1407 2387 1495 2445 6ςᾶ
1534 2386 1629 2444 τοῦ
1694 2388 1871 2460 Mam

291 2498 430 2549 μετα
443 2483 759 2551 ποιούμενα.

361 2571 424 2625 δ”
463 2572 638 2627 Τοῦτο
667 2578 756 2627 καὶ
798 2576 889 2629 ἐπὶ
914 2574 1008 2628 τοῦ
1037 2576 1183 2630 θείου
1211 2575 1586 2649 βαπτίσματος
1616 2583 1826 2649 γίνεται
1855 2596 1871 2614 ⁶

291 2667 356 2719 τὸ
383 2668 453 2735 γᾶ
463 2685 496 2738 ρ
526 2668 708 2721 κοινὸν
743 2668 912 2739 ὕδωρ,
946 2672 1042 2725 καὶ
1070 2671 1254 2740 ὀλίγου
1283 2672 1431 2736 τινος
1463 2674 1615 2742 ἀξιον
1642 2677 1750 2747 πρὸ
1772 2676 1871 2746 τῆς

289 2760 568 2828 εὐλογίας,
600 2763 740 2831 μετὰ
765 2760 857 2824 τὸν
904 2764 1175 2833 ἁγιασμδν
1227 2767 1321 2820 τὸν
1359 2766 1511 2837 παρὰ
1566 2767 1660 2821 τοῦ
1723 2768 1868 2823 θείου

294 2852 613 2919 Πνεύματος
637 2853 783 2907 θεῖον
806 2854 1015 2921 γίνεται
1045 2854 1142 2909 καὶ
1169 2856 1335 2926 ἱερὸν,
1368 2857 1629 2927 ἐνεργοῦν
1660 2861 1873 2929 μεγάλα

294 2947 388 2995 καὶ
419 2944 733 3012 θαυμαστὰ,
765 2945 909 3013 λέγω
927 2947 991 3016 δὴ
1022 2947 1293 3018 κάθαρσιν
1369 2950 1684 3022 ἁμαρτιῶν,
1742 2954 1875 3007 ἀνα-

293 3037 588 3105 καινισμὸν
619 3038 713 3092 καὶ
736 3037 1116 3107 ἀναγέννησιν,
1141 3041 1356 3103 πάντως
1380 3043 1499 3111 οὐχὶ
1529 3043 1869 3114 σωματικὴν,

292 3130 393 3183 καὶ
424 3132 489 3200 ἦν
519 3129 547 3182 6
578 3131 886 3203 Νικόδημος
920 3131 1163 3199 ενόησεν,
1189 3132 1271 3184 ἔτι
1302 3135 1368 3203 τῇ
1396 3131 1490 3184 τοῦ
1554 3135 1723 3202 νόμου
1762 3150 1871 3188 πα-

1980 1942 2183 1996 corpus
2218 1930 2377 1997 panis
2406 1921 2821 2000 quodammodo
2843 1946 2908 1988 ac
2933 1931 3124 1986 vinum
3145 1943 3200 1986 et
3222 1946 3363 2000 aqua
3381 1942 3550 1986 esset.

1976 2018 2134 2074 Nunc
2183 2030 2371 2076 autem
2407 2023 2566 2092 panis
2599 2023 2859 2080 similiter
2890 2032 2950 2079 et
2985 2024 3177 2080 vinum
3223 2036 3349 2077 cum
3383 2037 3549 2090 aqua.

1976 2109 2122 2164 sicut
2168 2110 2245 2165 ait
2286 2112 2584 2182 ApoStolus
2607 2115 2652 2179 ⁸,
2701 2113 3128 2169 sanctiﬁcantur
3178 2127 3278 2182 per
3316 2113 3547 2168 verbum

1974 2201 2071 2256 Dei
2104 2212 2161 2259 et
2200 2205 2552 2272 orationem;
2587 2221 2768 2277 neque
2803 2209 2919 2262 haec
2944 2214 3129 2261 tamen
3165 2205 3216 2259 vi
3248 2206 3550 2260 manduca-

1977 2292 2147 2348 tionis
2182 2295 2237 2349 in
2269 2310 2473 2366 corpus
2505 2297 2665 2353 Verbi
2693 2307 3004 2365 transeunt,
3039 2297 3136 2353 sed
3167 2295 3318 2353 illico
3348 2296 3402 2351 in
3428 2312 3550 2351 cor-

1974 2399 2078 2458 pus
2109 2401 2138 2440 a
2170 2385 2350 2463 verba
2376 2398 2808 2446 conumtrantur.

2042 2569 2098 2625 4.
2142 2568 2257 2624 lloc
2289 2571 2454 2624 etiam
2491 2571 2545 2625 in
2593 2571 2786 2627 divino
2818 2573 3151 2642 baptismate
3191 2571 3413 2630 accidit.
3447 2572 3543 2627 Et-

1973 2661 2122 2715 enim
2150 2676 2271 2731 qua:
2310 2664 2551 2734 vulgaris
2593 2675 2718 2720 erat
2750 2665 2990 2736 vilisque
3033 2665 3198 2736 pretii
3241 2681 3382 2736 aqua
3417 2675 3547 2721 ante

1974 2754 2464 2822 benedictionem,
2519 2764 2644 2824 post
2701 2756 3204 2813 sanetillcationem
3259 2773 3291 2812 a
3356 2757 3547 2811 divino

1975 2845 2186 2914 Spiritu
2218 2846 2497 2909 collatam,
2527 2846 2713 2901 divina
2738 2862 3005 2917 sacraque
3032 2848 3110 2912 fit,
3138 2862 3333 2917 magna
3358 2857 3414 2903 et
3445 2848 3549 2903 mi-

1973 2937 2169 2992 rabilia
2186 2953 2442 3007 Operans,
2461 2940 2869 3010 purgationem,
2894 2939 3145 3017 inquam,
3165 2949 3540 3010 peccatorum,

1974 3032 2391 3091 renovationem
2439 3042 2497 3087 et
2544 3033 3063 3103 regenerationem;
3096 3033 3243 3089 haud
3296 3034 3546 3103 profecto

1973 3123 2347 3193 corporalem,
2369 3123 2438 3180 de
2466 3139 2574 3193 qua
2599 3124 2934 3180 Nicodamus
2958 3125 3261 3195 cogitabat,
3291 3123 3389 3194 qui
3413 3124 3548 3193 legis

294 3218 685 3285 paxa':i;pzvo;
735 3218 883 3286 σκιᾷ,
923 3219 1017 3271 καὶ
1052 3218 1217 3289 μηδὲν
1246 3219 1449 3290 ὑψηλὸν
1500 3220 1872 3291 φαντασθῆναι

1979 3215 2159 3270 adhuc
2186 3216 2397 3272 umbra:
2422 3215 2762 3279 adhaerebat,
2806 3216 3057 3286 nihilque
3086 3215 3369 3271 excelsum
3401 3215 3545 3269 ima-

291 3306 613 3375 δελνάμενοε,
644 3307 777 3360 ἀλλὰ
808 3309 967 3378 ξένην
995 3312 1115 3362 τινὰ
1137 3311 1229 3362 καὶ
1265 3311 1749 3381 παρηλλαγμένην,
1778 3314 1872 3366 καὶ

292 3398 598 3467 ὸῼῦαλμοῖς
628 3401 729 3469 μὲν
750 3401 1003 3466 οὐδαμῶς
1039 3400 1406 3475 βλεπομένην,
1439 3404 1619 3476 ἐννοίᾳ
1643 3402 1700 3456 δὲ
1737 3405 1873 3479 μόνῃ

295 3490 711 3561 θεωρουμένην,
738 3494 829 3545 καὶ
860 3493 1205 3557 ὅντωςὸξίαν
1234 3492 1327 3545 τοῦ
1369 3494 1574 3565 ταύτην
1596 3498 1730 3565 ἡμῖν
1779 3515 1874 3568 χα-

298 3586 602 3654 ρισαμένου
633 3583 895 3656 Χριστοῦ,
924 3586 990 3637 δι’
1020 3587 1168 3655 ἡμᾶς
1194 3587 1475 3655 γεγονότος
1525 3589 1648 3642 καθ’
1682 3590 1830 3661 ἡμᾶς
1853 3604 1872 3623 ⁸

296 3678 409 3744 ῖνσ,
434 3675 627 3748 ὥσπερ
659 3676 1132 3745 ὲπεὸουλεύϐημεν
1172 3676 1339 3732 πάλαι
1370 3679 1509 3747 μετὰ
1565 3682 1664 3749 τῆς
1718 3680 1877 3759 μερί-

300 3786 443 3839 μνης
469 3767 564 3820 τοῦ
616 3771 1053 3838 κακουργοῦντος
1116 3771 1436 3841 ὑποχθονίου
1488 3773 1738 3844 δαίμονος
1782 3776 1875 3828 καὶ

303 3861 583 3931 μοχθηροῦ
618 3862 713 3915 καὶ
770 3860 1068 3931 βασκάνου,
1102 3864 1475 3935 προκάλυμμα
1528 3868 1625 3936 τῆς
1678 3869 1873 3921 ἑαυτοῦ

296 3954 524 4022 γνώμης
551 3953 702 4015 ἄξιον
724 3955 1018 4022 εὑρηκότος
1051 3958 1142 4008 τὸν
1166 3957 1307 4022 ὅφιν.
1336 3957 1508 4026 ὁμοίῳ
1552 3975 1611 4010 τε
1661 3960 1875 4031 ἑρπετῷ

297 4046 707 4114 ἔνοικήσαντος,
733 4048 825 4099 καὶ
850 4046 938 4099 διὰ
976 4046 1171 4099 τούτου
1197 4052 1293 4117 την
1337 4050 1479 4102 κατὰ
1531 4050 1624 4102 τοῦ
1680 4054 1874 4119 γένους

297 4138 456 4207 ἡμῶν
517 4136 797 4210 ἁμαρτίαν
862 4140 1375 4210 καινοτομήσαντος,
1430 4139 1602 4203 οὕτως
1651 4142 1876 4215 ὕστερον

298 4231 568 4297 σωθῶμεν
598 4231 739 4300 μετὰ
777 4230 879 4298 τῆς
919 4232 1202 4299 φροντίδος
1255 4231 1350 4283 τοῦ
1395 4233 1729 4304 δημιουργοῦ
1780 4239 1877 4291 καὶ

298 4317 692 4389 φιὶανθρὼπου
725 4316 861 4370 Θεοῦ
909 4319 1111 4369 τέλειον
1148 4316 1433 4387 ἄνθρωπον
1494 4319 1872 4388 ἀναλαϐόντος,

298 4414 393 4465 καὶ
426 4412 573 4464 οὕτω
604 4410 700 4482 τὴν
731 4408 825 4465 τοῦ
850 4409 1049 4480 ἐχθροῦ
1084 4398 1351 4481 πονηρίαν
1372 4410 1873 4481 ὲπανορθώσαντος,

299 4506 395 4558 καὶ
425 4504 900 4573 αὐτουργῆσαντος
924 4502 1021 4573 τὴν
1046 4502 1206 4570 ἡμῶν
1244 4500 1521 4571 σωτηρίαν
1545 4516 1561 4531 ο
1595 4501 1686 4553 τὸν
1712 4502 1876 4557 αὐτὸν

1974 3308 2151 3379 ginari
2204 3307 2461 3363 valebat:
2492 3307 2592 3364 sed
2625 3310 2985 3379 peregrinam
3027 3307 3325 3377 quamdam
3360 3306 3549 3361 diver-

1975 3413 2237 3469 samque;
2297 3408 2357 3453 et
2412 3398 2592 3454 oculis
2641 3413 2777 3453 sane
2826 3390 3187 3463 iuvisibilem’,
3241 3397 3362 3453 sola
3415 3413 3549 3452 vero

1976 3499 2161 3543 mente
2187 3489 2545 3559 spectabilem
2570 3504 2585 3555 ;
2611 3502 2852 3558 vereque
2874 3487 3094 3557 dignam
3124 3486 3349 3543 Christo
3370 3487 3547 3558 ipsam

1976 3582 2243 3648 donante,
2292 3583 2385 3652 qui
2436 3581 2612 3638 nostri
2657 3582 2831 3652 gratia
2879 3580 3061 3636 factus
3089 3590 3179 3638 est
3217 3580 3365 3637 sicut
3405 3597 3549 3635 ιιιιιιε

1976 3673 2045 3727 de
2078 3672 2257 3727 nobis.
2309 3670 2382 3727 Ut
2425 3674 2571 3727 sicut
2604 3671 2738 3727 olim
2774 3671 2995 3727 insidiis
3026 3671 3392 3727 circumventi
3439 3671 3550 3725 fni-

1977 3780 2122 3833 mus,
2157 3764 2397 3819 artificio
2424 3764 2655 3819 malefici
2687 3763 2975 3819 infernalis
3004 3762 3286 3828 draconis,
3314 3762 3550 3834 improbi

1977 3867 2034 3913 et
2065 3857 2261 3922 invidi,
2287 3857 2383 3927 qui
2414 3858 2739 3926 Operculum
2773 3865 2958 3910 mente
2990 3870 3090 3912 sua
3126 3854 3356 3927 dignum
3392 3855 3553 3911 adin-

1977 3949 2132 4004 venit
2158 3957 2499 4015 serpentem,
2525 3956 2582 4002 et
2616 3948 2674 4002 in
2701 3947 2871 4003 simili
2897 3948 3000 4002 sibi
3028 3948 3213 4017 reptili
3246 3947 3548 4013 habitavit;

1975 4051 2034 4096 et
2062 4042 2226 4111 hujus
2254 4056 2422 4109 opera
2458 4040 2639 4110 primo
2663 4039 2719 4097 in
2754 4047 3011 4095 nostrum
3039 4054 3215 4109 genus
3239 4037 3552 4094 introduxit

1979 4140 2301 4201 peccatum;
2342 4133 2423 4188 sic
2468 4148 2568 4187 nos
2606 4141 2799 4203 postea
2826 4146 2959 4186 cura
3001 4133 3273 4187 creatoris
3299 4131 3549 4185 clemen-

1978 4214 2160 4295 lisque
2212 4223 2332 4290 Dei,
2372 4223 2468 4294 qui
2520 4224 2828 4293 perfectum
2874 4221 3160 4277 hominem
3209 4223 3550 4292 assumpsit,

1979 4324 2146 4385 atque
2197 4317 2272 4371 ita
2318 4315 2531 4373 inimici
2575 4315 2843 4373 malitiam
2888 4315 3152 4383 correxit,
3187 4324 3551 4382 nostramque

1978 4409 2211 4465 salutent
2255 4420 2518 4483 cperatus
2557 4422 2672 4474 88!;
2722 4407 3140 4479 pari,iuquam,
3182 4406 3346 4463 modo
3392 4408 3553 4477 panis

1981 4515 2204 4570 quoque
2241 4510 2299 4557 et
2328 4500 2519 4554 vinum
2552 4514 2679 4554 cum
2714 4512 2881 4569 aqua,
2905 4513 3031 4568 qua:
3055 4507 3218 4555 antea
3264 4512 3354 4553 res
3399 4512 3552 4551 enim

299 4593 393 4652 οὖν
420 4597 625 4666 τρόπον
652 4597 747 4648 καὶ
772 4597 799 4647 ὁ
829 4596 988 4666 ἄρτος
1021 4596 1115 4647 καὶ
1145 4595 1173 4646 6
1202 4591 1345 4657 οἶνος
1404 4595 1523 4663 ἅμα
1574 4593 1651 4666 τῷ
1695 4593 1871 4660 ὕδατι,

1986 4594 2171 4649 munis
2200 4602 2389 4656 erant,
2420 4602 2713 4663 postquam
2741 4608 2806 4647 ea
2838 4591 3161 4663 mysterium
3192 4605 3555 4646 consecrave-

299 4690 461 4742 κοινὰ
488 4687 755 4758 πρότερον
771 4686 925 4749 ὄντα,
949 4686 1076 4738 ὅταν
1099 4688 1238 4738 αὐτὰ
1258 4687 1317 4739 τὸ
1343 4690 1639 4756 μυστήριον
1663 4686 1875 4757 ίερουρ-

299 4783 473 4854 γὴσῃ,
504 4780 667 4850 σῶμα
701 4781 795 4833 καὶ
841 4773 979 4848 αἷμα
1029 4779 1269 4847 γίνονται
1318 4779 1411 4831 τοῦ
1459 4780 1720 4847 Χριστοῦ,
1775 4782 1875 4854 τῆς

298 4874 515 4930 ἄνωθεν
552 4874 777 4944 χάριτος
824 4870 1151 4941 εὐλογούσης
1186 4872 1346 4924 αὐτὰ.

368 4966 434 5021 ε’.
469 4968 577 5020 Καὶ
599 4965 738 5027 πῶς,
766 4966 952 5033 φησιν,
984 4964 1104 5033 οὐχὶ
1137 4965 1416 5032 φαίνονται
1459 4967 1592 5032 ἡμῖν
1614 4964 1751 5035 σὰρξ
1782 4966 1873 5017 καὶ

298 5055 464 5128 αἷμα,
500 5058 616 5111 ἀλλ’
647 5058 811 5126 ἄρτος
834 5057 924 5109 καὶ
953 5051 1090 5118 οἶνος
1119 5074 1133 5121 ;
1162 5057 1262 5109 Διὰ
1305 5058 1364 5109 τὸ
1409 5056 1486 5127 μὴ
1528 5058 1674 5125 ἡμᾶς
1720 5056 1873 5127 ἀηδί-

300 5151 492 5213 ζεσθαι
522 5147 655 5217 πρὸς
680 5146 778 5216 τὴν
803 5147 1007 5218 βρῶσιν
1041 5163 1054 5177 ·
1085 5150 1132 5198 εί
1160 5148 1257 5215 μὲ)
1286 5154 1393 5216 γὰρ
1441 5147 1580 5216 σὰρξ
1611 5148 1704 5199 καὶ
1733 5142 1873 5214 αἷμα

299 5238 606 5304 ἐφαίνοντο,
642 5236 820 5305 όηδῶς
852 5238 919 5289 ἂν
944 5236 1257 5304 διεκείμεθα
1297 5238 1425 5305 περὶ
1445 5237 1543 5307 τὴν
1571 5236 1874 5307 μετάληψιν

300 5329 377 5388 ὠς
405 5326 657 5398 ἀσυνήθη
692 5328 768 5398 (1)
792 5343 806 5357 ’
840 5326 935 5380 νῦν
970 5327 1025 5379 δὲ
1052 5329 1309 5396 τοιαύτης
1338 5328 1672 5395 φαινομένης
1724 5328 1876 5396 ἡμῖν,

294 5415 549 5486 εὐχερῶς
578 5413 786 5485 ταύτης
821 5416 1336 5485 μεταλαμϐάνομεν.
1388 5413 1511 5469 Οἵδε
1538 5417 1647 5485 γὰρ
1679 5418 1705 5469 6
1744 5415 1879 5478 Θεὸς

298 5507 384 5560 ὅτι
412 5507 445 5575 ἡ
475 5496 791 5575 ἀνθρωπίνη
809 5506 1065 5559 ἀσθένεια
1097 5508 1351 5568 πολλάκις
1367 5508 1435 5559 τὰ
1456 5508 1530 5577 μὴ
1552 5507 1695 5558 κατά
1717 5509 1882 5578 συνῆς

305 5597 462 5651 θειαν
492 5599 836 5669 τετριμμένα
862 5600 1268 5668 ἀποστρέφεται
1300 5598 1727 5670 δυσχεραίνουσα
1754 5614 1769 5631 ⁸
1802 5601 1884 5653 διὸ

377 5738 401 5770 ⁸
434 5737 627 5794 l'l‘im.
658 5752 737 5803 tv,
769 5737 822 5793 5.

1985 4683 2081 4746 rit,
2114 4696 2325 4752 corpus
2349 4692 2407 4737 et
2451 4683 2680 4745 sanguis
2713 4681 2926 4738 Christi
2958 4683 3121 4748 fiunt,
3146 4696 3387 4754 superna
3420 4680 3554 4750 ipsis

1983 4773 2349 4830 benedicente
2387 4776 2586 4846 gratia.

2051 4954 2105 5010 5.
2147 4954 2340 5024 Atqui,
2371 4953 2519 5009 dicet
2551 4953 2774 5023 aliquis,
2803 4968 2906 5009 cur
2939 4968 3070 5010 caro
3098 4963 3155 5008 ct
3186 4953 3412 5024 sanguis
3442 4967 3551 5005 nun

1980 5055 2249 5116 apparent
2282 5047 2465 5114 nobis,
2497 5047 2592 5102 sed
2620 5047 2777 5115 partis
2798 5046 3140 5115 vinumque?
3164 5044 3243 5101 Nc
3273 5062 3375 5100 nos
3398 5044 3550 5098 vide-

1980 5138 2131 5204 licet,
2183 5140 2429 5207 iuquam.
2477 5154 2507 5193 a
2556 5140 2899 5193 comestione
2931 5137 3381 5193 abborreremus.
3413 5135 3546 5191 Nam

1980 5232 2026 5284 si
2062 5247 2193 5284 caro
2238 5241 2295 5285 et
2322 5230 2549 5299 sanguis
2593 5239 2952 5299 apparerent,
2981 5228 3290 5284 insuaviter
3320 5243 3548 5299 prorsus

1982 5320 2049 5374 ad
2080 5320 2520 5390 participandum
2555 5331 2664 5375 tam
2696 5321 2919 5376 insolita
2950 5319 3359 5375 accederemus.
3388 5314 3545 5371 Nunc

1982 5430 2133 5480 vero,
2170 5413 2261 5467 tali
2298 5413 2403 5467 sub
2433 5412 2609 5465 forma
2644 5427 2769 5466 cum
2814 5412 2978 5467 nobis
3021 5417 3349 5480 appareant,
3388 5406 3547 5463 facile

1987 5508 2103 5560 inec
2135 5506 2549 5575 participamus.
2578 5503 2697 5559 Scit
2736 5507 2886 5560 enim
2933 5505 3079 5560 Deus
3135 5501 3431 5556 humanam
3462 5497 3549 5552 in—

1990 5597 2306 5653 firmitatem
2339 5612 2483 5667 Saepe
2517 5611 2778 5667 respuere
2809 5612 2933 5668 qua:
2958 5594 3065 5652 sibi
3095 5608 3201 5649 non
3250 5602 3379 5650 sunt
3416 5604 3545 5649 cet:-

383 5853 461 5925 (ιθ)
502 5852 754 5909 Imitatur
815 5850 1139 5907 Theodorus
1194 5857 1447 5907 sanctum
1492 5849 1755 5924 Cyrillum
1817 5852 1871 5907 in
1913 5858 2311 5913 commentario
2345 5859 2411 5917 ad
2448 5861 2673 5920 Lucam.
