3972 6640
434 374 531 433 ενι

1570 374 1972 436 THEODOllI
2012 375 2565 437 MELITENIOT/E

3584 372 3691 434 952

428 501 588 544 sueta
626 508 638 544 :
692 488 926 559 ideoque
972 490 1131 544 solita
1165 506 1264 545 sua
1302 491 1644 563 indulgentia
1682 502 1863 555 utens,
1903 510 1998 564 per

2117 498 2191 547 καὶ
2230 499 2294 566 τῇ
2330 496 2552 565 συνήθει
2582 494 2927 592 κεχρημέηος
2977 493 3406 562 συγκαταδάσει,
3452 492 3540 546 δια
3580 491 3691 545 τῶν

431 590 697 634 t'thIIPla
724 588 935 634 natum
966 581 1102 635 facit
1122 596 1185 636 ea
1208 595 1329 651 quae
1359 590 1491 637 sunt
1523 599 1686 652 supra
1718 592 1995 639 naturam.

431 674 585 728 Sicut
629 675 801 743 igitur
862 674 919 731 in
988 675 1338 745 baptismate,
1391 677 1655 746 quoniam
1708 676 1997 732 hominum

432 784 548 821 tuos
587 777 675 821 est
721 782 862 835 aqua
894 766 1088 833 lavari,
1137 778 1194 823 ct
1231 770 1355 824 oleo
1393 769 1552 840 ungi,
1600 785 1755 840 aqua;
1787 779 1844 825 et
1876 769 1999 825 oleo

430 859 662 926 gratiam
705 858 947 927 Spiritus
993 860 1313 923 immiscuit,
1348 863 1588 932 fecitque
1624 863 1736 917 haec
1767 878 2002 916 renova-

433 949 603 1004 t;onis
633 950 915 1005 lavacrum
948 952 1502 1021 et.regenerationis;
1539 968 1596 1007 re
1626 955 1879 1009 sensibili
1918 956 2001 1008 in-

432 1043 744 1098 tellectuale
776 1043 982 1098 donum
1012 1046 1257 1099 ellicieus
1281 1061 1295 1108 ;
1320 1047 1436 1114 pari
1468 1046 1702 1110 ratione,
1736 1048 1998 1117 quoniam

431 1134 610 1189 solent
656 1136 909 1191 homines
955 1152 1151 1207 panem
1203 1138 1498 1193 comedere
1539 1139 1839 1209 vinumque
1873 1157 1997 1195 cum

431 1244 573 1297 aqua
602 1230 816 1295 bibere,
858 1230 945 1285 his
972 1232 1255 1300 copulavit
1303 1232 1562 1285 deitatem
1596 1247 1751 1286 suam
1779 1250 1795 1298 ;
1824 1249 2000 1302 eaque

432 1333 638 1388 corpus
678 1337 839 1376 suum
871 1336 936 1377 ac
967 1323 1292 1391 sanguinem
1326 1322 1591 1387 eﬂiciens,
1630 1325 1786 1393 panis
1818 1336 1997 1381 tamen

430 1410 659 1480 vinique
694 1413 1075 1482 apparentiam
1124 1414 1377 1476 retinuit,
1425 1423 1487 1468 ut
1533 1429 1563 1468 a
1608 1417 1891 1470 consuetis
1935 1433 2001 1470 ac

434 1502 778 1557 naturalibus
825 1503 893 1556 ad
939 1504 1388 1572 supernaturalia
1439 1504 1815 1560 sublevemur.
1850 1508 2000 1562 Nihil

432 1591 582 1645 cutim
633 1593 894 1647 sensibile
942 1594 1107 1649 nobis
1161 1595 1419 1650 Christus
1472 1596 1719 1662 tradidit,
1767 1598 1863 1653 sed
1914 1613 2002 1653 res

433 1684 654 1747 quidem
710 1686 1038 1752 sensibiles;
1088 1687 1271 1742 omnia
1320 1698 1501 1743 tamen
1553 1689 2005 1745 intellectualiter

433 1776 779 1846 accipienda.
830 1778 968 1833 Nam
1015 1781 1060 1834 si
1113 1781 1335 1846 quidem
1387 1781 1699 1851 incorporei
1732 1797 2000 1848 essemus,

438 1869 631 1938 utique
665 1869 1036 1937 incorporalia
1072 1872 1233 1927 nobis
1256 1872 1398 1926 dona
1429 1873 1675 1927 dedisset
1702 1891 1716 1928 :
1743 1873 1839 1927 sed
1874 1874 2001 1943 quia

435 1960 657 2030 corpori
692 1964 949 2031 copulata
997 1974 1081 2018 est
1126 1966 1333 2029 anima,
1371 1965 1621 2019 sensibili
1675 1965 1777 2019 sub
1821 1966 2009 2035 specie

437 2055 835 2109 intellectualia
878 2057 1038 2111 nobis
1071 2058 1323 2113 tradidit.
1358 2058 1549 2127 Neque
1598 2059 1804 2113 idcirco
1852 2057 2008 2128 panis

436 2148 528 2200 ille
557 2156 613 2201 et
640 2148 829 2201 vinum
869 2163 994 2202 eum
1045 2165 1209 2219 aqua,
1245 2166 1367 2219 quae
1401 2151 1453 2203 in
1487 2164 1648 2205 sacro
1690 2151 1847 2205 altari
1883 2166 2008 2204 san-

434 2238 785 2305 ctilicantur,
842 2248 1005 2311 typus
1046 2241 1269 2309 quidam
1318 2252 1445 2297 sunt
1496 2244 1702 2299 Christi
1760 2243 2009 2312 corporis

437 2329 874 2397 sanguinisque;
913 2329 1093 2384 absit!
1122 2331 1221 2385 sed
1249 2347 1449 2401 corpus
1474 2334 1654 2402 ipsum
1688 2347 1753 2387 ac
1783 2333 2007 2402 sanguis

435 2420 648 2473 Domini
681 2419 956 2475 deilicata.
994 2420 1297 2477 Caveamus
1328 2425 1510 2492 itaque
1536 2425 1834 2493 quominus
1891 2423 2008 2477 haec

436 2509 818 2564 tantummodo
851 2519 1013 2579 prout
1038 2512 1216 2566 oculis
1251 2523 1504 2581 prostant
1532 2526 1870 2583 spectemus.
1906 2513 2004 2569 sed

432 2602 639 2657 Christi
675 2602 841 2657 verba
892 2603 1217 2670 retinentes,
1253 2607 1686 2674 persuadeamus
1732 2606 2009 2660 nobismet

435 2705 602 2762 atque
627 2694 938 2758 credamus,
959 2711 1135 2764 eaque
1164 2696 1360 2749 mentis
1381 2695 1557 2751 oculis
1577 2697 2003 2767 conspiciamus.

435 2786 569 2844 Nam
600 2801 783 2840 sermo
812 2787 931 2856 ejus
961 2786 1272 2841 inlallibilis
1300 2802 1383 2841 est
1405 2805 1418 2850 ;
1443 2803 1642 2842 sensus
1665 2804 1793 2843 vero
1819 2798 2009 2844 noster

437 2880 596 2934 facile
642 2880 966 2949 decipitur:
1010 2881 1102 2936 ille
1156 2896 1438 2949 nunquam
1484 2881 1715 2945 excidit,
1761 2882 1852 2935 hic
1897 2882 2011 2952 ple-

436 2987 670 3042 rumque
706 2972 936 3027 fallitur.
966 2972 1423 3042 Quandoquidem
1464 2974 1633 3043 igitur
1677 2988 1859 3027 sermo
1889 2974 2010 3043 ejus

435 3062 610 3117 dicit:
648 3080 667 3113 ι
707 3060 822 3115 lloc
845 3072 929 3117 est
958 3077 1158 3130 corpus
1188 3078 1394 3128 meum,
1433 3081 1452 3114 ι
1487 3072 1542 3117 et
1578 3082 1597 3115 ι
1638 3062 1738 3118 llic
1767 3072 1850 3117 est
1878 3078 2006 3118 san-

2109 590 2358 660 συνήθων
2402 588 2502 659 τῆς
2572 586 2790 658 φύσεως
2852 582 3090 640 ποιεῖται
3142 588 3211 641 τὰ
3272 585 3415 656 ὑπὲρ
3474 582 3686 653 φύσιν·

2834 679 2837 680 ,
2873 662 2883 680 ι
3236 679 3241 680 ,
3275 679 3278 680 ,
3533 677 3543 680 _
3638 677 3658 680 _

2109 682 2300 753 ὥσπερ
2320 681 2412 735 06v
2431 682 2526 734 επὶ
2554 680 2648 734 1:06
2679 677 3079 752 βαπτίσματος,
3101 679 3405 750 ἐπειδήπερ
3438 677 3557 729 ἐστὶ
3574 677 3690 738 τοῖς

2107 775 2421 846 ἀνθρώποις
2471 773 2593 837 ἔθος
2651 772 2809 827 ὕδατι
2866 772 3126 826 λούεσθαι
3170 772 3265 825 καὶ
3324 770 3491 840 ἐλαίῳ
3542 769 3693 840 χρίεο

2100 867 2255 933 σθαι,
2305 864 2558 934 συνέμιξε
2607 863 2687 934 τῷ
2732 864 2885 929 ὕδατι
2937 864 3030 919 καὶ
3071 864 3150 936 τῷ
3188 865 3353 934 ἐλαίῳ
3385 864 3488 935 τὴν
3522 862 3686 935 χάριν

2104 959 2198 1011 τοῦ
2229 957 2569 1027 Πνεύματος,
2596 958 2690 1011 καλ¹
2721 959 2946 1028 ἐποίησε
2970 958 3147 1011 ταῦτα
3176 957 3401 1025 λουτρὸν
3458 959 3689 1023 ἀναγενο

2106 1050 2314 1120 νήσεως
2346 1049 2442 1101 καὶ
2468 1049 2892 1114 άνακαινίσεως,
2938 1048 3005 1102 δι’
3035 1049 3299 1119 αἰσθητοῦ
3362 1048 3691 1119 πράγματος

2105 1137 2295 1207 νοητὸν
2322 1138 2495 1209 δῶρον
2516 1137 2802 1191 ἀποτελῶν
2844 1154 2857 1168 °
2892 1137 3065 1203 οὕτως
3102 1138 3366 1200 ἐνταῦθα,
3410 1139 3535 1190 ἐπεὶ
3576 1136 3691 1196 τοῖς

2106 1229 2416 1297 ἀνθρώποις
2440 1229 2561 1292 ἔθος
2583 1228 2747 1298 ἄρτον
2772 1229 2993 1293 ἐσθίειν,
3027 1230 3123 1282 καὶ
3180 1230 3362 1283 πίνειν
3390 1224 3533 1281 οἶνον
3565 1225 3671 1295 μεθ

2106 1320 2322 1384 ὕδατος,
2350 1321 2668 1385 συνέζευξεν
2697 1321 2883 1384 αὐτοῖς
2926 1322 3028 1390 τὴν
3058 1318 3225 1373 αὑτοῦ
3258 1320 3492 1388 θεότητα
3533 1336 3547 1350 ο
3598 1319 3692 1370 καὶ

2106 1413 2337 1483 ποιήσας
2368 1410 2508 1465 αὐτὰ
2543 1411 2703 1479 σῶμα
2737 1413 2833 1464 καὶ⁷
2886 1405 3026 1479 αἷμα
3059 1410 3250 1473 αὑτοῦ,
3282 1411 3342 1465 τὸ
3398 1408 3538 1473 εἶδος
3595 1406 3694 1461 τοῦ

2106 1505 2273 1573 ἄρτου
2302 1502 2403 1556 καὶ
2429 1502 2523 1555 τοῦ
2552 1502 2694 1562 οῐνου
2732 1502 3022 1571 ἐφύλαξεν,
3052 1502 3139 1557 ῖνα
3168 1502 3257 1555 διὰ
3286 1502 3398 1554 τῶν
3442 1500 3697 1568 συνήθων

2107 1595 2206 1649 καὶ
2236 1596 2381 1648 κατὰ
2442 1594 2605 1662 φύσιν
2662 1597 2719 1648 ὲν
2770 1596 2883 1654 τοῖς
2935 1594 3075 1663 ὑπὲρ
3130 1594 3298 1663 φύσιν
3357 1593 3641 1662 γινώμεθα
3678 1607 3695 1622 ο

2106 1685 2260 1739 οὐδὲν
2279 1688 2391 1757 γάρ
2421 1686 2687 1755 αἰσθητὸν
2716 1687 3038 1757 παρέδωκεν
3066 1690 3202 1756 ἡμῖν
3236 1688 3262 1741 6
3287 1685 3550 1756 Χριστὸς,
3578 1679 3698 1738 ἀλλ’

2038 1830 2079 1884 Β
2109 1777 2344 1847 αἰσθητά
2371 1777 2469 1846 μὲν
2501 1777 2833 1847 πράγματα,
2856 1779 3039 1831 πάντα
3068 1778 3123 1831 δὲ
3146 1777 3312 1845 νοητά
3334 1792 3349 1809 ·
3382 1778 3430 1828 εἰ
3462 1776 3563 1845 μὲν
3588 1774 3699 1842 γὰρ

2112 1870 2397 1940 ἀσώματοι
2424 1865 2591 1941 ἦμεν,
2620 1870 2806 1939 γυμνά
2834 1870 2902 1924 ἂν
2933 1872 3073 1947 ῂμῖν
3127 1871 3267 1923 αὐτὰ
3311 1869 3382 1921 τά
3426 1867 3697 1936 ἀσώματα

2111 1961 2402 2031 παρέδωκε
2440 1962 2588 2031 δῶρα
2618 1978 2632 1993 ο
2666 1963 2792 2016 ἐπεὶ
2824 1963 2881 2015 δὲ
2924 1961 3135 2030 σώματι
3179 1961 3602 2029 συμπέπλεκται
3660 1958 3695 2028 ἡ

2109 2052 2281 2122 ψυχὴ,
2314 2053 2373 2105 ἐν
2428 2053 2710 2119 αἰσθητοῖς
2763 2056 2897 2124 ἡμῖν
2951 2055 3021 2107 τὰ
3071 2052 3240 2123 νοητᾶ
3288 2052 3694 2121 παραδὲδωσιν.

2111 2144 2227 2200 Οὐκ
2252 2144 2359 2215 ἄρα
2401 2144 2572 2207 τύπος
2602 2145 2628 2196 6
2661 2145 2844 2215 ἄρτος,
2874 2146 2969 2196 καὶ
3003 2144 3031 2195 6
3057 2139 3198 2205 οἶνος
3233 2144 3349 2211 ἅμα
3386 2144 3464 2211 τῷ
3512 2140 3694 2199 ὕδατι,

2109 2239 2179 2293 τὰ
2207 2241 2266 2292 ιν
2290 2238 2368 2308 τῷ
2397 2237 2529 2308 θείῳ
2567 2237 2944 2305 θυσιαστηρίῳ
2976 2236 3320 2307 άγιαζόμενα
3348 2236 3443 2288 τοῦ
3501 2233 3699 2301 σώμα-

2109 2349 2201 2394 τος
2231 2329 2326 2384 τοῦ
2359 2329 2599 2401 Χριστοῦ
2634 2332 2728 2383 καὶ
2752 2329 2848 2383 τοῦ
2889 2329 3142 2399 αἵματος,
3206 2329 3281 2399 μὴ
3312 2328 3547 2396 γένοιτο,
3577 2327 3699 2380 ἀλλ’

2110 2422 2245 2478 αὐτὸ
2276 2423 2337 2475 τὸ
2370 2422 2530 2491 σῶμα
2563 2422 2659 2476 καὶ
2697 2422 2759 2475 τὸ
2785 2416 2925 2491 αἷμα
2955 2420 3050 2475 1:06
3080 2421 3289 2491 Κυρίου
3334 2418 3654 2488 τεθεωμένα
3678 2434 3692 2449 ο

2108 2517 2189 2570 διὸ
2216 2516 2290 2586 μὴ
2321 2516 2433 2577 τοῖς
2459 2515 2737 2584 κειμένοις
2796 2514 2957 2581 μόνον
2987 2513 3382 2584 ἐμϐλέπωμεν,
3426 2514 3562 2566 ἀλλὰ
3625 2515 3695 2566 τὶ

2111 2607 2339 2677 ῥήματα
2358 2604 2523 2659 αὐτοῦ
2560 2605 2907 2677 κατέχοντες,
2942 2609 3037 2661 καὶ
3068 2605 3413 2675 πειθώμεθα,
3462 2607 3557 2657 καὶ
3606 2624 3698 2657 πι-

2110 2700 2417 2769 στεύωμεν,
2443 2698 2537 2752 καὶ
2580 2702 2791 2769 νοητοῖς
2838 2700 2980 2753 αὐτὰ
3012 2699 3301 2770 βλέπωμεν
3348 2697 3649 2766 ὀφθαλμοῖς
3677 2714 3691 2728 ο

2108 2795 2137 2847 6
2180 2792 2280 2862 μὲν
2301 2792 2410 2862 γὰρ
2476 2790 2639 2859 λόγος
2700 2790 2871 2844 αὐτοῦ
2921 2790 3363 2861 άπαραλὸγιστος
3399 2788 3573 2859 (1)⁶ή
3639 2788 3713 2847 δὲ,

2110 2884 2367 2955 αἴσθησις
2396 2884 2558 2955 ήμῶν
2590 2882 3000 2954 εὐεξαπάτητος
3029 2899 3043 2914 ·
3093 2877 3248 2945 οὗτος
3292 2883 3547 2936 οὐδέποτε
3582 2882 3700 2934 διέ-

2110 2993 2279 3030 πεσεν
2303 2992 2320 3009 ⁸
2353 2976 2496 3046 αὕτη
2522 2976 2577 3030 δὲ
2613 2976 2681 3029 τά
2734 2974 2961 3029 πλείονα
2991 2975 3317 3044 σφάλλεται.
3369 2975 3524 3028 Ἐπεὶ
3547 2969 3641 3027 οὖν
3670 2976 3698 3026 6

2110 3068 2271 3139 λόγος
2301 3069 2467 3123 αὑτοῦ
2520 3070 2679 3141 φησὶ,
2717 3086 2735 3121 ι
2776 3068 2950 3123 Τοῦτό
2988 3062 3119 3122 ἐστι
3164 3069 3226 3122 τὸ
3281 3068 3447 3138 σῶμά
3499 3084 3626 3136 μου,
3672 3086 3691 3118 ι

436 3158 560 3226 guis
596 3171 776 3219 meus,
813 3174 832 3209 ι
872 3156 980 3210 Deo
1004 3156 1323 3223 credamus,
1356 3166 1410 3210 et
1440 3156 1759 3211 nullatenus
1784 3168 2007 3212 contra-

2117 3163 2227 3225 καὶ,
2263 3180 2282 3214 ι
2311 3163 2484 3216 Τοῦτό
2539 3163 2657 3215 ἐστι
2712 3162 2774 3215 τὸ
2814 3156 2957 3229 αἷμά
3014 3180 3140 3232 μου,
3170 3181 3189 3214 ι
3236 3159 3560 3230 πειθώμεθα
3618 3161 3700 3229 τῷ

438 3250 688 3306 dicamus
718 3265 732 3302 :
759 3248 977 3303 etiamsi
1007 3247 1206 3302 rationi
1241 3259 1444 3303 nostra:
1471 3249 1813 3302 contrarium
1842 3263 2010 3318 appa-

438 3351 559 3395 rent
589 3350 754 3411 atque
781 3341 926 3396 visui
955 3342 1007 3395 id
1051 3341 1202 3410 quod
1232 3339 1575 3395 allirmatur:
1618 3355 1681 3394 ac
1717 3340 2010 3394 ratiocinio

441 3449 669 3504 prorsus
700 3416 893 3488 nostro
923 3433 1155 3506 visuque
1189 3434 1463 3505 potiorem
1488 3433 1871 3489 existimemus
1900 3448 2015 3488 ser-

439 3543 658 3584 monem
690 3528 830 3598 ejus.

513 3622 565 3675 6.
607 3620 763 3688 Quod
791 3622 835 3676 si
868 3622 1119 3676 nonnulli
1144 3622 1390 3693 antitypa
1421 3622 1671 3693 corporis
1701 3620 2015 3693 sanguinis-

443 3727 552 3779 que
591 3710 809 3764 Domini
854 3710 972 3765 haec
1012 3712 1456 3781 appellaverunt,
1497 3713 1666 3768 veluti
1719 3713 2016 3783 deiloquus

438 3805 690 3874 loquitur
743 3803 979 3859 Basilius
1034 3804 1090 3858 in
1143 3806 1390 3876 mysticis
1447 3806 1707 3862 sacriﬁcii
1758 3806 2017 3876 precibus

439 3900 668 3953 dicens:
702 3916 719 3949 ι
760 3896 1222 3967 Etproponentes
1250 3898 1501 3971 antitypa
1535 3900 1791 3969 corporis
1813 3909 1870 3954 et
1891 3914 2019 3953 san-

441 3987 626 4057 guinis
650 3987 856 4042 Christi
889 3987 1006 4047 tui:
1046 4004 1066 4037 ι
1092 3986 1239 4040 haud
1266 3988 1524 4057 equidem
1562 3997 1685 4057 post
1711 3988 2017 4043 sanctilica-

440 4081 676 4145 tionem,
711 4082 940 4149 inquam
970 4095 1095 4152 ego,
1130 4080 1228 4138 sed
1262 4090 1393 4136 ante
1433 4079 1934 4136 sanctiﬁcationem
1962 4090 2019 4134 et

442 4184 570 4231 ante
594 4184 905 4245 susceptam
940 4174 1202 4246 gratiam,
1235 4175 1315 4231 sic
1339 4188 1401 4231 ca
1435 4173 1887 4244 appellaverunt;
1927 4186 2018 4225 or-

442 4268 702 4323 dinantes
749 4268 969 4337 egregie
1023 4265 1324 4321 admodum
1376 4266 1432 4320 hi
1483 4263 1590 4319 viri
1629 4265 1903 4335 inspirati,
1956 4272 2019 4318 ut

443 4375 546 4412 nos
583 4373 709 4412 cum
764 4373 953 4413 amore
993 4374 1059 4413 ac
1111 4358 1220 4413 lide
1267 4372 1618 4423 veneremur,
1669 4366 1799 4413 ante
1850 4356 2016 4412 etiam

443 4467 610 4520 quam
652 4462 1076 4517 consecrentur,
1132 4452 1319 4507 divina
1367 4451 1484 4507 time
1530 4450 1698 4519 dona,
1755 4460 2017 4520 tanquam

2117 3252 2258 3324 Θεῷ,
2282 3254 2375 3306 καὶ
2408 3250 2483 3323 μὴ
2513 3252 2916 3322 ἀντιλέγωμεν,
2952 3252 3055 3307 κᾶν
3085 3254 3330 3307 ἔναντῐον
3363 3248 3505 3305 εἶναι
3563 3252 3697 3321 δοκῇ

2118 3348 2232 3410 τοῖς
2261 3347 2555 3418 ἡμετέροις
2575 3344 2880 3415 λογισμοῖς,
2918 3348 3012 3401 καὶ
3042 3349 3164 3409 ταῖς
3190 3346 3347 3414 ὕψεσι
3375 3349 3437 3399 τὸ
3466 3347 3701 3415 λεγόμε-

2120 3457 2213 3494 νον
2245 3457 2263 3471 ο
2300 3439 2397 3493 καὶ
2422 3438 2703 3510 λογισμῶν
2734 3439 2828 3493 καὶ
2862 3440 3042 3511 δψεων
3089 3441 3429 3511 κυριώτερον
3482 3441 3703 3511 ἔχωμεν

2122 3530 2290 3587 αὑτοῦ
2322 3532 2415 3586 τὸν
2447 3532 2634 3601 λόγον.

2194 3622 2267 3693 ς’.
2299 3625 2364 3679 Et
2394 3624 2450 3677 δὲ
2472 3623 2568 3677 καί
2594 3641 2739 3689 τινες
2766 3625 3038 3679 ἀντίτυπα
3064 3624 3161 3679 τοῦ
3195 3624 3449 3695 σώματος
3480 3626 3577 3677 καὶ
3603 3622 3696 3676 τοῦ

2124 3718 2360 3787 αῖματος
2391 3716 2487 3770 τοῦ
2528 3717 2735 3788 Κυρίου
2758 3718 2931 3772 ταῦτα
2964 3716 3254 3781 ἐκάλεσαν,
3303 3717 3380 3778 ὡς
3409 3718 3439 3770 6
3474 3716 3702 3783 θεοφάν-

2120 3826 2233 3878 τωρ
2263 3808 2367 3879 ἔφη
2394 3806 2672 3870 Βασίλειος
2702 3808 2757 3859 ιν
2787 3810 2905 3870 ταῖς
2942 3809 3232 3875 μυστικαῖς
3252 3806 3353 3875 τῆς
3385 3805 3699 3874 ἱερουργίας

2123 3903 2329 3973 εὐχαῖς,
2364 3899 2507 3955 οὕτω
2553 3898 2731 3967 λέγων
2754 3915 2770 3931 ⁸
2820 3917 2837 3952 t
2873 3900 2985 3954 Καὶ
3014 3898 3309 3969 προθέντες
3334 3900 3402 3952 τὰ
3428 3898 3700 3951 ἀντίτυπα

2122 3992 2215 4049 τοῦ
2246 3991 2499 4063 σώματος
2527 3991 2624 4043 καὶ
2652 3991 2884 4060 αἵματος
2912 3990 3006 4044 τοῦ
3022 3991 3260 4061 Χριστοῦ
3290 4005 3410 4043 σουο
3446 4009 3465 4041 ι
3500 3988 3618 4042 ἀλλ’
3640 3988 3698 4040 οὐ

2126 4086 2268 4157 μετὰ
2295 4086 2356 4138 τὸ
2388 4083 2742 4151 ἀγιασθῆναι,
2768 4078 2945 4146 εἷπον,
2973 4084 3078 4151 πρὸ
3108 4083 3292 4152 μέντοι
3312 4081 3406 4134 τοῦ
3440 4079 3702 4148 ἁγιασθῆ-

2123 4198 2234 4245 υαι,
2266 4180 2363 4233 καλ⁵
2393 4179 2500 4249 πρὸ
2537 4177 2633 4231 τοῦ
2660 4177 2759 4247 τὴν
2791 4178 2954 4247 χάριν
2996 4176 3200 4237 λαθεῖν,
3229 4174 3400 4239 οὕτως
3432 4173 3699 4227 ἐκάλεσαν

2124 4274 2224 4345 (9.),
2254 4271 2638 4340 διαταξάμενοι
2674 4270 2822 4340 μάλα
2850 4270 3029 4331 καλῶς
3060 4270 3111 4323 οῖ
3146 4268 3434 4339 θεόληπτοι
3464 4283 3701 4336 προσκυ-

2123 4370 2238 4418 νεῖν
2266 4365 2412 4434 ὴμᾶς
2448 4363 2587 4433 μετὰ
2619 4362 2784 4415 πόθου
2818 4364 2912 4416 καὶ
2944 4361 3204 4424 πίστεως,
3240 4362 3334 4413 καὶ
3356 4360 3465 4428 πρὸ
3490 4358 3585 4411 τοῦ
3614 4375 3699 4411 τε-

2124 4455 2419 4525 λειωθῆναι
2465 4452 2636 4506 ταῦτα
2664 4454 2732 4504 τὰ
2763 4454 2881 4504 θεῖα
2942 4450 3114 4518 δῶρα,
3144 4448 3219 4511 ὡς
3246 4449 3527 4501 ἀντίτυπα
3584 4446 3690 4497 τῶν

443 4548 691 4615 antitypa
726 4545 946 4599 illorum
980 4560 1102 4615 qua:
1143 4556 1414 4616 geruntur
1442 4546 1498 4600 in
1537 4559 1738 4616 magno
1764 4546 2010 4615 ingressu

2120 4552 2217 4619 τῆς
2259 4547 2504 4619 μεγάλης
2536 4544 2829 4614 γινομένης
2869 4542 3077 4595 εἰσόδου
3109 4542 3207 4612 (l),
3233 4541 3336 4607 τῆς
3386 4540 3446 4591 ἐν
3471 4542 3536 4609 τῇ
3573 4539 3690 4610 ἱερᾷ

443 4641 509 4696 nd
542 4654 755 4694 sacram
799 4637 1077 4708 liturgiam
1123 4657 1137 4693 :
1188 4652 1253 4693 ea
1276 4638 1513 4703 ratione,
1560 4652 1670 4707 qua
1717 4636 2012 4691 humanam

442 4747 666 4801 quoque
715 4730 810 4785 Dei
859 4729 1145 4785 humanati
1188 4730 1369 4785 ﬁctam
1415 4731 1728 4800 pictamque
1760 4730 2011 4797 liguram,

443 4838 702 4895 tanquam
735 4825 980 4895 ejusdem
1019 4824 1352 4895 antitypum,
1386 4838 1739 4878 veneramur.
1767 4821 2016 4890 Namque

444 4918 705 4988 imaginis
740 4918 917 4972 honor
949 4915 1015 4969 ad
1042 4925 1392 4987 prototypum
1421 4914 1643 4978 transit,
1683 4922 1742 4966 ut
1782 4928 2017 4983 magnus

444 5012 626 5080 inquit
676 5011 929 5065 Basilius.
969 5008 1280 5077 Caeteroqui
1345 5008 1489 5077 picta
1553 5005 1777 5074 quidem
1828 5004 2018 5059 Domi-

446 5106 584 5157 lthtB
615 5104 799 5155 carnis
857 5102 1061 5173 imago,
1095 5102 1262 5172 hujus
1310 5098 1536 5155 omnino
1568 5098 1855 5168 antitypon
1911 5106 2016 5159 est,

445 5211 729 5263 utinquam
769 5205 948 5249 tamen
978 5194 1087 5248 erit
1122 5193 1301 5263 ipsum
1330 5200 1685 5261 prototypon,
1706 5190 1756 5242 id
1786 5199 1871 5243 cst
1903 5190 2020 5258 ipse

443 5289 722 5341 C:;ristus.
786 5284 911 5343 llmc
956 5294 1140 5341 autem
1197 5284 1381 5339 divina
1413 5283 1582 5349 dona,
1627 5297 1750 5351 qua:
1796 5290 2024 5336 eatenus

519 5426 594 5495 (l)
636 5426 725 5497 Sic
757 5425 919 5479 etiam
958 5424 1015 5477 S.
1054 5421 1313 5497 Cyrillus.
1395 5489 1426 5497 Ἀ
1799 5486 1809 5497 _

521 5486 598 5559 (θ’)
639 5495 920 5551 Consonat
951 5486 1177 5563 prorsus
1206 5489 1777 5563 JoanlDamascenus
1799 5486 2022 5563 in_Cor-

448 5570 672 5623 drriana
710 5567 918 5619 Catena
951 5558 1030 5632 ἰ).
1068 5562 1208 5617 755:
1243 5561 1303 5611 Εἰ
1336 5560 1390 5611 δὲ
1423 5561 1695 5632 minus;
1755 5558 2027 5632 dxi-risura

447 5639 543 5690 τοῦ
579 5639 831 5704 σώματος
855 5634 949 5686 καὶ
976 5628 1077 5686 τοῦ
1106 5632 1337 5704 αἵματος
1380 5629 1830 5704 τοῦΔΚ-υρίουρτὺν
1861 5628 2024 5704 ἄρτος]

448 5693 827 5764 κα”ιτὸνόἷνον
861 5693 1245 5762 ἐκάλεσαν,ὀὺ
1282 5701 1421 5768 μετὰ
1452 5700 1512 5753 τὸ
1540 5693 1912 5766 ἁγιασθῆναι,’
1951 5693 2027 5748 εἴη

448 5795 570 5839 τῖον,
597 5777 733 5829 ἀλλὰ
759 5777 889 5845 πρὶν
921 5770 1708 5843 ἁγιασθῆναιτὴνπροσιξορὰν
1757 5768 1898 5822 οὕτω
1932 5784 2028 5821 κα-

448 5866 500 5905 Ῑιί
515 5864 727 5913 ῧλνῗεςο

2120 4640 2459 4710 λειτουργίᾳ,
2487 4639 2744 4706 καθάπερ
2778 4636 3196 4706 προσκυνοῦμεν
3226 4636 3321 4688 καὶ
3352 4634 3451 4703 τῆς
3484 4634 3694 4702 ἀνθρωο

2126 4732 2290 4802 πίνης
2318 4732 2413 4784 τοῦ
2448 4730 2801 4800 θεανθρώπου
2833 4731 3011 4795 Λόγου
3040 4728 3255 4798 μορφῆς
3284 4727 3346 4779 τὸ
3375 4728 3691 4794 ὲκτύπωμα,

2125 4825 2201 4888 ὡς
2218 4824 2429 4877 ἐκείνου
2468 4821 2770 4875 ἀντίτυπον
2801 4836 2816 4850 ⁸
2854 4822 2887 4889 ἡ
2922 4821 3029 4889 γὰρ
3060 4820 3194 4888 τιμὴ
3225 4818 3329 4887 τῆς
3365 4820 3569 4879 εἰκόνος
3601 4818 3693 4868 ἐπὶ

2124 4918 2186 4970 τὸ
2220 4916 2581 4984 πρωτότυπον
2624 4913 2914 4977 διαϐαίνει,
2946 4914 3113 4982 φησὶν
3146 4914 3173 4964 ὁ
3204 4912 3382 4982 μέγας
3422 4911 3695 4973 Βασίλειος

2124 5008 2200 5078 (2)
2229 5024 2243 5038 ο
2278 5008 2458 5060 καίτοι
2488 5024 2550 5075 γε
2595 5008 2628 5075 ἡ
2670 5007 2767 5075 μὶν
2797 5004 3170 5075 γεγραμμένη
3204 5004 3304 5072 τῆς
3348 5003 3443 5057 τοῦ
3493 5004 3694 5071 Κυρίου

2125 5101 2331 5170 σαρκὸς
2359 5098 2543 5161 εἰκὼν,
2576 5099 2768 5151 τούτου
2803 5096 2892 5150 διὰ
2944 5096 3144 5158 παντὸς
3194 5097 3485 5156 ἀντίτυπος
3537 5094 3689 5157 οὖσα,

2124 5192 2225 5243 οὐκ
2265 5191 2415 5243 ἔσται
2448 5189 2582 5243 ποτε
2610 5190 2741 5242 αὐτὸ
2770 5190 2833 5241 τὸ
2865 5190 3241 5256 πρωτότυπον,
3301 5189 3471 5257 ἡγουν
3534 5187 3691 5249 αὺτός

2125 5287 2153 5338 6
2187 5284 2443 5355 Χριστός.
2469 5282 2657 5335 Ταῦτα
2687 5282 2746 5335 δὲ
2789 5284 2855 5335 τὰ
2885 5282 3004 5335 θεῖα
3037 5280 3184 5350 δῶρα
3221 5280 3389 5350 μέχρι
3433 5280 3569 5341 τινὲς
3598 5282 3693 5331 ἀν⁴

2205 5420 2280 5488 (5)
2326 5418 2535 5486 Duplex
2587 5426 2671 5472 est
2705 5416 2772 5472 ad
2831 5416 3075 5471 Gnccam
3122 5415 3347 5488 missam
3400 5414 3685 5477 introitus;

2137 5485 2319 5546 minor
2356 5485 2516 5541 initio
2566 5490 2693 5540 dum
2726 5503 2879 5542 sacra
2910 5488 3052 5541 dona
3105 5485 3349 5540 nondum
3380 5492 3683 5539 consecrata

2135 5560 2201 5612 ad
2235 5574 2476 5612 iuensam
2501 5558 2857 5622 (lt-feruntur;
2886 5558 3079 5627 major,
3106 5572 3229 5611 cum
3249 5557 3360 5626 jam
3383 5561 3686 5609 consecrata

2137 5631 2489 5684 deducuntur
2517 5630 2582 5680 ad
2618 5629 2813 5682 altare.

2214 5700 2290 5764 (l)
2334 5700 2392 5750 S.
2446 5699 2629 5752 Basilii
2685 5699 2865 5751 locum
2917 5695 3120 5750 victesis
3152 5696 3258 5750 late
3310 5694 3609 5761 expositum
3656 5706 3685 5764 α

2138 5768 2197 5821 S.
2222 5762 2541 5835 NECt-phoru
2576 5771 2627 5821 in
2664 5785 2829 5834 opere
2861 5778 3051 5819 contra
3106 5764 3513 5821 lconomachos.
3539 5762 3683 5835 apud

2138 5856 2235 5895 nos
2270 5841 2322 5891 in
2365 5834 2463 5894 hac
2496 5840 2751 5893 szlioth.
2782 5837 2843 5891 Τ.
2876 5839 2936 5891 V.
2969 5836 3337 5909 (Patrologia’,
3368 5846 3495 5890 tum.
3525 5834 3582 5889 C.
