3972 6570
260 399 357 461 95γι

1603 401 1941 464 ETHICON
1981 404 2148 466 VIII.

3413 410 3519 477 954

257 523 457 564 τιτυπα
480 507 613 562 ὄντα
643 507 746 580 τῆς
773 507 870 562 τοῦ
924 506 1137 581 Κυρίου
1177 507 1381 578 σαρκὸς
1429 506 1524 560 καὶ
1552 508 1647 562 τοῦ
1671 508 1841 578 αἵμαο

1952 512 2195 582 antitypa
2244 520 2467 570 tuerant
2518 513 2823 573 Dominicaa
2866 515 3053 574 carnis
3097 530 3163 572 ac
3207 515 3516 588 sanguinis.

255 619 363 665 τος,
390 599 709 670 ἁγιάζονται
736 602 878 672 μετὰ
913 601 1106 669 ταῦτα,
1143 601 1239 655 καὶ
1264 600 1479 672 ἀληθῶς
1502 600 1634 655 αὐτὸ
1658 602 1837 669 τίνον-

254 710 343 747 ται
367 692 432 746 τὸ
466 695 849 763 πρωτὸτυπον,
872 694 993 766 ἦτοι
1048 694 1083 765 ἡ
1112 691 1251 766 σὰρξ
1270 693 1407 765 αὐτη
1441 693 1537 747 καὶ
1584 692 1647 746 τὸ
1695 686 1839 762 αἷμα

256 788 346 842 τοῦ
369 786 639 859 Χριστοῦ,
671 787 761 843 διὰ
818 789 919 858 τῆς
955 788 1227 860 μυστικῆς
1281 786 1558 856 εὐλογίας.
1593 787 1689 841 καὶ
1738 784 1839 853 τῆς

253 882 348 936 τοῦ
379 882 541 950 ἁγίου
600 882 916 951 Πνεύματος
976 881 1382 951 ἐπιφοιτήσεως
1414 896 1430 913 ο
1477 879 1603 932 ὅθεν
1657 875 1839 948 χρεὼν

254 978 349 1029 καὶ
371 975 461 1029 διὰ
492 972 652 1029 τοῦτο
679 974 822 1044 μετὰ
855 973 1023 1028 πόθου
1054 974 1151 1026 καὶ
1216 972 1453 1035 πίστεως
1507 972 1839 1043 προσκυνεῖν

251 1067 399 1138 ἡμᾶς
424 1066 619 1130 ταῦτα,
643 1067 780 1136 πρὸς
801 1065 862 1119 τὸ
888 1063 1241 1133 τελειωθῆναι
1259 1063 1619 1133 ἁγὸμενα(5).
1676 1060 1839 1114 Αντι-

252 1175 402 1213 τυπα
429 1157 486 1212 δὲ
509 1158 620 1210 τῶν
643 1156 951 1227 μελλόντων
971 1156 1223 1224 λέγονται
1270 1153 1465 1216 ταῦτα,
1491 1151 1587 1222 οὑχ
1631 1151 1708 1215 ὡς
1761 1153 1837 1221 μὴ

252 1250 381 1303 ὄντα
412 1249 536 1303 κατ’
564 1249 829 1317 ἀλήθειαν
861 1246 1021 1318 σῶμα
1063 1245 1158 1299 καὶ
1208 1242 1346 1314 αἷμα
1404 1242 1668 1315 Χριστοῦ,
1719 1241 1839 1295 ἀλλ’

252 1340 456 1395 δτινῦν
485 1342 583 1412 μὲν
613 1340 683 1395 δι’
713 1338 895 1393 αὐτῶν
934 1337 1241 1407 μετέχομεν
1297 1337 1396 1406 τῆς
1449 1333 1543 1388 τοῦ
1596 1332 1838 1405 Χριστοῦ

252 1430 534 1500 θεότητος,
565 1430 690 1483 τότε
713 1430 769 1482 δὲ
801 1428 1008 1494 νοητῶς
1038 1428 1125 1481 διὰ
1167 1426 1343 1497 μόνης
1392 1425 1495 1494 τῆς
1546 1426 1676 1488 θέας
1702 1441 1717 1456 ·
1749 1423 1841 1477 διά

248 1539 336 1575 τοι
365 1522 529 1575 τοῦτο
557 1521 654 1574 xui.
685 1520 939 1574 κοινωνία
963 1520 997 1590 ἡ
1021 1518 1203 1571 αὐτῶν
1221 1519 1471 1572 καλεῖται
1509 1514 1841 1585 μετάληψις,

250 1614 335 1667 ὅτι
363 1611 465 1683 τὴν
495 1612 633 1681 πρὸς
678 1611 771 1664 τὸν
802 1611 1039 1680 Χριστὸν
1092 1611 1226 1680 ἡμῖν
1287 1607 1571 1678 χαρίζεται
1619 1605 1842 1664 ἕνωσιν.

253 1708 351 1761 καὶ
375 1706 673 1767 κοινωνοὺς
711 1706 861 1774 ἡμᾶς
894 1707 1042 1757 ποιεῖ
1070 1704 1167 1771 τῆς
1224 1701 1391 1755 αὑτοῦ
1431 1699 1745 1770 βασιλείαςσ
1777 1700 1839 1750 οὑ

255 1798 366 1869 μὴν
394 1798 453 1851 δὲ
483 1797 601 1851 ἀλλ’
651 1798 733 1850 ὅτι
788 1796 884 1849 καὶ
924 1797 1203 1849 κοινωνεῖν
1246 1792 1494 1847 ἐντεῦθεν
1552 1793 1700 1862 ἡμᾶς
1748 1792 1844 1844 καὶ

1945 603 2368 659 sanctiﬁcantur
2420 614 2634 674 postea,
2672 622 2911 677 vereque
2962 608 3144 679 ipsum
3186 614 3518 677 promtypon

1945 698 2105 760 liunt,
2138 696 2190 750 id
2217 706 2303 752 est
2335 712 2463 751 caro
2496 699 2611 769 ipsa
2644 708 2698 755 et
2738 701 2963 771 sanguis
2991 700 3222 763 Christi,
3254 713 3353 769 per
3406 713 3523 768 my-

1943 790 2138 844 sticam
2167 789 2611 845 benedictionem
2635 800 2692 847 et
2720 792 2894 846 sancti
2928 791 3167 862 Spiritus
3192 790 3515 845 adventum.

1944 880 2129 947 Quare
2167 882 2336 937 etiam
2370 893 2593 953 Oportet
2637 899 2763 939 cum
2803 898 2993 938 amore
3026 899 3089 937 ac
3121 882 3229 939 (ide
3266 886 3382 936 haec
3416 896 3522 935 nos

1943 973 2200 1029 venerari
2240 975 2370 1028 dum
2428 973 2496 1028 ad
2533 976 3027 1030 sanctilicationem
3076 973 3388 1044 pompatice
3422 972 3521 1026 dc-

1942 1062 2241 1117 ducuntur.
2289 1063 2540 1137 Denique
2582 1064 2827 1135 antitypa
2863 1066 3031 1120 etiam
3084 1063 3395 1118 futurorum
3434 1061 3523 1115 tli-

1941 1164 2149 1209 cnntur
2200 1154 2340 1219 haec,
2392 1170 2501 1209 non
2557 1156 2684 1225 quia
2735 1171 2868 1210 vere
2925 1171 3129 1224 corpus
3186 1164 3242 1209 et
3297 1153 3523 1223 sanguis

1939 1245 2143 1302 Christi
2184 1261 2292 1300 non
2326 1247 2417 1312 sit,
2446 1247 2541 1301 sed
2567 1248 2696 1317 quia
2721 1265 2867 1303 nunc
2893 1248 3117 1317 quidem
3150 1263 3245 1315 per
3273 1262 3335 1300 ea
3356 1246 3526 1314 parti-

1943 1337 2196 1406 cipamus
2246 1336 2456 1393 Christi
2487 1339 2858 1405 divinitatem,
2889 1350 3021 1395 tunc
3063 1349 3248 1393 autem
3312 1338 3524 1392 intelle-

1946 1430 2206 1484 ctualiter
2239 1445 2335 1501 per
2360 1432 2534 1485 solam
2569 1433 2864 1487 visionem.
2891 1435 3062 1499 Quam
3112 1433 3183 1487 ob
3235 1448 3345 1486 rem
3378 1447 3525 1486 com-

1945 1524 2139 1579 munio
2168 1540 2389 1594 quoque
2428 1527 2543 1579 haec
2567 1525 2920 1595 participatio
2951 1526 3178 1591 dicitur,
3210 1526 3339 1596 quia
3369 1524 3528 1578 unio-

1944 1630 2073 1669 nem
2109 1615 2269 1669 nobis
2316 1631 2443 1670 cum
2480 1614 2702 1671 Christo
2750 1616 3007 1686 largitur,
3051 1626 3106 1672 et
3134 1616 3201 1670 ad
3238 1613 3392 1686 regni
3440 1614 3527 1668 sui

1946 1707 2399 1762 communionem
2426 1706 2670 1762 admittit
2695 1725 2711 1762 :
2736 1718 2792 1762 et
2823 1718 3112 1778 praeterea,
3143 1707 3290 1778 quod
3318 1707 3397 1760 sic
3425 1720 3530 1760 nos

1948 1798 2183 1853 invicem
2258 1799 2674 1854 communicare
2738 1799 3109 1869 conjungiquc
3171 1798 3325 1851 facit.
3389 1794 3531 1862 Quia

252 1895 509 1963 ἀλλήλοις
534 1891 788 1946 ἐνοῦσθαι
821 1889 1232 1961 παρασκευάζει
1259 1904 1273 1919 ·
1309 1888 1434 1941 ἐπεὶ
1465 1887 1574 1957 γὰρ
1607 1885 1667 1951 ἐξ
1724 1886 1843 1945 ἑνὸς

1952 1892 2097 1944 enim
2140 1907 2207 1945 ex
2245 1908 2354 1946 uno
2389 1906 2528 1962 pane
2558 1901 2613 1945 et
2640 1891 2813 1945 calice
2840 1890 3175 1960 percipimus
3203 1904 3418 1952 omnes,
3445 1902 3534 1941 se-

252 1988 429 2057 ᾱρτου
462 1987 560 2038 καὶ
589 1985 853 2053 ποτηρίου
885 1982 1380 2053 μετα).αμ6ἁνομεν
1429 1978 1693 2040 ἅπαντες,
1730 1976 1842 2029 λοι-

253 2080 362 2133 πὸν
402 2080 497 2132 καὶ
514 2076 573 2130 ἓν
607 2075 766 2141 σῶμα
797 2074 1060 2145 Χριστοῦ,
1090 2074 1186 2127 καὶ
1248 2072 1306 2125 ἓν
1341 2068 1504 2141 αἷμα,
1538 2071 1633 2125 καὶ
1678 2067 1843 2137 ἀλλή-

200 2200 203 2201 ν
252 2172 369 2225 λων
407 2172 549 2242 μέρη
572 2167 859 2238 γινόμεθα,
900 2169 965 2220 ὲκ
990 2168 1089 2236 τῆς
1121 2166 1326 2235 σαρκὸς
1358 2163 1525 2218 αὑτοῦ
1585 2163 1681 2214 καὶ
1732 2160 1841 2214 τῶν

251 2266 465 2317 ὀστέων
517 2261 685 2316 αὑτοῦ
744 2260 1025 2328 σύσσωμοι
1073 2257 1314 2329 Χριστοῦ
1366 2255 1838 2329 χρηματίζοντες’

252 2358 319 2412 οὗ
354 2357 466 2427 γὰρ
500 2359 579 2419 εἰς
612 2354 901 2425 ἀφεδρῶνα
939 2351 1178 2423 χωροῦσι
1209 2350 1383 2404 ταῦτα
1412 2349 1533 2401 οὐδὲ
1590 2346 1845 2416 φθείρον-

251 2467 373 2512 ται,
407 2448 529 2502 οὐδὲ
570 2447 950 2511 δαπανῶνται,
985 2446 1062 2515 μὴ
1086 2446 1316 2513 γένοιτο,
1346 2440 1463 2495 ἀλλ’
1516 2442 1596 2501 εἰς
1646 2438 1845 2490 σύστα-

254 2555 348 2592 σιν
377 2537 616 2606 οὗσιώδη
645 2535 886 2607 χωροῦσι
912 2534 1021 2587 τῶν
1045 2530 1594 2603 μεταλαμϐανόντων,
1623 2529 1723 2597 τὴν
1743 2525 1843 2595 τῆς

253 2628 443 2699 ψυχῆς
471 2627 663 2681 οὐσίαν
689 2627 782 2679 καὶ
816 2625 912 2678 τοῦ
945 2624 1200 2692 σώματος
1235 2618 1627 2689 συντηροῦντα.

327 2721 401 2784 ς’.
434 2720 547 2773 Καὶ
580 2718 653 2788 μή
686 2734 771 2781 τις
799 2716 1039 2781 ἀκούων,
1071 2712 1308 2782 Χριστὸν
1341 2715 1396 2764 ὲν
1429 2713 1561 2778 ἡμῖν
1595 2706 1845 2777 γίνεσθαι

252 2811 347 2866 διὰ
395 2812 495 2882 τῆς
547 2810 931 2880 μεταλήψεως,
984 2806 1229 2861 ἀπιστῶν
1254 2805 1462 2872 λεγέτω
1490 2819 1505 2833 ·
1537 2797 1690 2870 Ἀρα
1720 2797 1842 2863 οὖν,

254 2904 457 2974 ἐπειδὴ
489 2904 587 2956 καὶ
615 2906 672 2956 ὲν
699 2904 835 2972 ἡμῖν
868 2899 1151 2964 αὐλίζεται
1179 2898 1277 2951 τοῦ
1308 2896 1447 2950 Θεοῦ
1472 2898 1497 2947 ὁ
1525 2894 1693 2961 Λόγος
1728 2892 1843 2962 ζωὴ

253 2997 407 3051 κατὰ
437 2995 604 3064 φύσιν
635 2995 919 3064 ὑπάρχων,
952 2990 1217 3057 ζωοποιόν
1244 2992 1361 3043 ὲστι
1396 2987 1577 3043 καὶτὸ
1607 2987 1842 3038 ἑκάστου

256 3089 462 3157 σῶμας
496 3090 660 3141 ’Ἱστω
683 3088 741 3141 δὲ
775 3087 1000 3157 μᾶλλον,
1029 3084 1104 3145 ὡς
1137 3083 1323 3152 ἕτερόν
1352 3088 1470 3135 εστι
1495 3080 1555 3133 τὸ
1582 3080 1723 3132 κατὰ
1748 3077 1843 3146 μὲ-

1946 1984 2140 2053 quitur
2173 1993 2232 2037 ut
2261 2000 2429 2038 unum
2462 1998 2665 2053 corpus
2714 1983 2951 2046 Christi,
2984 1997 3246 2052 unusque
3284 1980 3530 2050 sanguis,

1947 2088 2001 2131 et
2036 2086 2228 2131 mutua
2260 2077 2505 2131 metnbra
2538 2076 2755 2143 ﬁamus,
2786 2093 2855 2131 ex
2894 2077 3043 2132 illius
3068 2090 3235 2130 carne
3267 2076 3531 2143 illiusque

1948 2169 2194 2232 ossibus,
2228 2170 2447 2223 Christo
2484 2169 2903 2239 concorporati.
2936 2168 3046 2222 Nec
3100 2183 3267 2237 porro
3297 2165 3428 2235 ghaec
3475 2166 3530 2219 in

1948 2262 2326 2331 aphedroncm
2360 2262 2652 2327 secedunt,
2688 2275 2871 2329 neque
2916 2268 3393 2328 corrumpuntur;
3428 2256 3530 2309 ab-

1945 2358 2021 2412 sit
2049 2359 2063 2411 l
2094 2359 2189 2411 sed
2223 2358 2276 2411 in
2326 2355 2750 2411 substantialem
2788 2352 3213 2408 consistentiam
3243 2356 3533 2403 transeunt

1948 2448 2424 2520 participantium,
2453 2456 2510 2503 et
2534 2447 2734 2503 anima:
2758 2443 3132 2517 corporisque
3158 2441 3527 2501 substantiam

1949 2550 2303 2600 conservant.

2020 2723 2075 2776 7.
2119 2721 2231 2791 Age
2260 2734 2415 2783 vero,
2441 2734 2511 2774 ne
2548 2720 2695 2773 forte
2752 2717 2956 2787 aliquis
2984 2718 3220 2772 audiens
3248 2714 3531 2769 Christum

1948 2815 2004 2869 in
2031 2814 2189 2867 nobis
2225 2810 2340 2865 lieri
2372 2826 2469 2880 per
2496 2809 2639 2863 hanc
2672 2808 3182 2878 participationem,
3209 2804 3532 2859 incredulus

1950 2906 2140 2961 dicat:
2172 2903 2411 2973 Ergone,
2447 2902 2577 2970 quia
2606 2899 2661 2954 in
2687 2900 2846 2954 nobis
2882 2899 2976 2953 Dei
3014 2897 3253 2952 Verbum
3296 2896 3531 2953 ltahitar.

1951 2997 2102 3068 quod
2167 3006 2253 3050 est
2310 3002 2510 3062 suapte
2569 3004 2769 3045 natura
2814 2992 2946 3056 vita,
3006 2998 3259 3044 nostrum
3312 3001 3535 3056 quoque

1953 3088 2393 3158 uniuscujusque
2433 3098 2639 3152 corpus
2668 3082 2950 3136 viviﬁcum
2979 3080 3180 3135 evadet
3206 3080 3223 3132 ἶ
3254 3078 3402 3134 Sciat
3431 3080 3535 3130 ita-

256 3181 413 3245 θίξιν
442 3180 704 3250 σχετικὴν
738 3180 886 3249 ἡμᾶς
913 3178 1060 3247 ἔχειν
1091 3179 1149 3229 ὲν
1174 3177 1392 3236 ἑαυτοῖς
1421 3173 1515 3226 τὸν
1549 3172 1678 3224 Υιδν
1723 3166 1840 3242 [τοῦ

1952 3196 2053 3252 que
2093 3179 2180 3233 hic
2222 3178 2423 3247 potius,
2456 3174 2606 3229 aliud
2645 3189 2769 3227 esse
2817 3189 2917 3243 per
2967 3172 3252 3225 relativam
3299 3168 3527 3238 partit-i-

255 3272 447 3344 Θιοῦ],
497 3274 592 3326 καὶ
651 3272 839 3342 ἕτερον
888 3269 1200 3337 ὁλοτρόπως
1250 3269 1313 3319 τὸ
1341 3266 1530 3318 τοῦτον
1589 3262 1846 3332 γενέσθαι

257 3365 474 3435 σάρκα,
500 3362 785 3415 τουτέστιν
818 3360 953 3413 ἴδιον
986 3356 1322 3427 ποιήσασθαι
1352 3356 1535 3425 σῶμα,
1556 3354 1616 3405 τὸ
1650 3354 1715 3404 ἑκ
1746 3352 1847 3419 τῆς

256 3458 432 3524 ἁγίας
468 3453 751 3523 Παρθένου
805 3451 1035 3524 ληφθὲν,
1084 3452 1184 3503 καὶ
1231 3448 1407 3517 τούτῳ
1454 3444 1655 3500 ἑνωθὲν
1705 3444 1847 3510 ὑπὲρ

251 3548 457 3619 λόγον·
487 3547 549 3601 οὐ
580 3549 690 3618 γὰρ
716 3548 776 3602 ὲν
801 3543 1280 3616 ἡμῖν,γενόμενος,
1305 3539 1724 3608 ὲνανθρωπῆσαι
1754 3537 1848 3589 λέ-

264 3661 461 3711 γεται,
493 3643 588 3696 καὶ
614 3641 874 3711 γενέσθαι
904 3638 1063 3709 σὰρξ,
1093 3636 1252 3690 τοῦτο
1288 3637 1398 3705 γὰρ
1421 3634 1644 3702 γέγονεν
1676 3628 1845 3695 ἆπαξ,

253 3737 352 3790 ὅτι
407 3737 685 3805 προῆὶθεν
730 3734 1042 3802 ἄνθρωπος,
1077 3732 1181 3783 οὐκ
1238 3726 1533 3783 ἀποϐαλὼν
1587 3728 1648 3777 τὸ
1706 3717 1848 3775 εἶναι

253 3829 429 3891 Θιός·
465 3828 601 3880 ἀλλὰ
633 3826 777 3879 κατὰ
812 3824 1033 3895 μέθεξιν
1065 3819 1326 3893 σχετικὴν
1352 3819 1570 3886 λέγεται
1591 3813 1848 3885 γενόσθαι

254 3921 588 3993 θεοπρεπῶς
636 3920 723 3972 διὰ
756 3918 851 3972 τοῦ
903 3919 1063 3985 ἁγίου
1124 3914 1439 3984 Πνεύματος
1464 3926 1480 3943 ο
1514 3910 1601 3963 ἵνα
1632 3909 1738 3978 γὰρ
1773 3907 1849 3977 μὴ

258 4016 431 4085 μόνον
463 4013 607 4068 κατὰ
650 4013 750 4083 τὴν
801 4013 1024 4081 ἀγάπην
1046 4008 1205 4062 τοῦτο
1250 4003 1561 4073 γενώμεθα,
1593 4000 1729 4055 ἀλλὰ
1755 4000 1851 4052 καὶ

254 4107 385 4159 κατ’
416 4104 552 4157 αὐτὸ
581 4103 641 4155 τὸ
682 4105 920 4173 πρᾶγμα
966 4101 1104 4170 πρὸς
1127 4098 1348 4166 ἐκείνην
1373 4092 1849 4163 ἀνακερασθὼμεν

252 4200 364 4268 τὴν
396 4199 599 4267 σάρκα,
630 4196 720 4248 διὰ
761 4197 862 4264 τῆς
910 4195 1119 4265 τροφῆς
1162 4192 1324 4245 τοῦτο
1358 4190 1592 4256 γίνεται,
1618 4188 1685 4256 ἢν
1722 4190 1850 4256 ἑχαο

261 4294 485 4365 ρισατο,
534 4289 862 4360 βουλόμενος
915 4289 1048 4358 ἡμῖν
1078 4286 1250 4350 δεῖξαι
1290 4284 1382 4337 τὸν
1431 4281 1598 4336 πόθον
1630 4280 1690 4335 ὃν
1736 4280 1850 4348 ἔχει

258 4387 400 4454 περὶ
424 4384 604 4452 ἡμᾶς’
632 4383 723 4435 διὰ
759 4380 920 4434 τοῦτο
953 4379 1211 4448 ἀνέμιξεν
1258 4375 1453 4428 ἑαυτὸν
1480 4377 1546 4443 τῇ
1596 4371 1851 4440 ἑπικήρῳ

258 4478 458 4544 φύσει,
490 4473 585 4526 καὶ
614 4472 784 4542 ἐγυρε
817 4471 877 4523 τὸ
908 4468 1070 4536 σῶμα
1127 4463 1292 4519 αὑτοῦ
1340 4465 1421 4527 εἰς
1474 4464 1644 4533 ἡμᾶς,
1676 4462 1765 4513 ἵνα
1791 4461 1851 4513 ἓν

1947 3270 2229 3342 pationem
2271 3267 2475 3321 habere
2519 3266 2664 3318 intra
2691 3280 2792 3317 nos
2818 3262 3017 3316 Filium
3050 3262 3143 3315 Dei
3172 3277 3186 3325 ;
3221 3260 3369 3313 aliud
3399 3273 3531 3310 vero

1950 3362 2177 3419 omnino
2207 3361 2355 3414 hunc
2383 3373 2610 3413 carnem
2649 3356 2794 3421 ﬂeri,
2832 3356 2882 3408 id
2919 3363 3004 3409 est
3048 3353 3340 3423 proprium
3389 3349 3533 3403 ellit-i

1950 3452 2084 3506 illud
2118 3464 2321 3520 corpus
2339 3447 2486 3519 quod
2515 3462 2582 3501 ex
2613 3453 2804 3501 sancta
2831 3444 3052 3513 Virgine
3083 3442 3389 3510 sumptum,
3418 3439 3530 3493 Deo

1950 3541 2453 3612 supernaturaliter
2490 3539 2709 3593 unitum
2754 3535 2882 3590 fuit.
2922 3533 3140 3587 Etenim
3179 3544 3530 3599 nequaquam

1950 3648 2077 3687 cum
2108 3635 2255 3686 intra
2286 3645 2390 3685 nos
2420 3637 2528 3694 est,
2556 3627 2848 3682 ltumauari
2886 3624 3115 3688 dicitur,
3143 3633 3199 3677 et
3232 3638 3363 3676 caro
3388 3619 3533 3685 ﬁeri;

1953 3725 2007 3778 id
2040 3724 2187 3778 enim
2238 3723 2410 3779 semel
2439 3722 2660 3787 accidit,
2690 3734 2815 3775 cum
2864 3720 3030 3773 homo
3066 3714 3361 3787 processit,
3396 3712 3533 3782 quin

1952 3818 2118 3873 simul
2146 3816 2427 3870 desineret
2464 3830 2586 3869 esse
2622 3816 2766 3868 Deus
2793 3829 2807 3867 :
2836 3813 2931 3867 sed
2970 3825 3063 3880 per
3093 3809 3375 3863 relativam
3406 3820 3533 3874 par-

1953 3908 2331 3979 ticipationem
2366 3906 2581 3968 ,dicitur
2628 3905 2681 3959 in
2734 3906 2897 3958 nobis
2944 3902 3160 3956 ratione
3210 3900 3321 3953 Deo
3368 3898 3537 3967 digna

1951 4004 2260 4058 consistere
2312 4015 2413 4070 per
2466 4006 2723 4053 sanctum
2767 3996 3058 4067 Spiritum.
3111 3992 3181 4048 Ut
3231 3991 3377 4047 enim
3422 4006 3537 4044 non

1950 4094 2220 4150 charitate
2252 4101 2464 4147 tantum
2501 4092 2606 4145 hoc
2635 4092 2852 4151 liamus,
2882 4087 2975 4142 sed
3008 4102 3067 4141 re
3098 4087 3288 4147 etiam,
3320 4094 3375 4138 et
3404 4098 3535 4138 cum.
3632 4095 3638 4101 '

1951 4189 2043 4242 illa
2078 4201 2246 4241 carne
2279 4186 2736 4254 permisceamur,
2782 4198 2871 4236 res
2906 4181 3023 4235 ἵκεο
3054 4179 3162 4232 cibi
3212 4190 3364 4230 more
3411 4189 3537 4242 per-

1954 4280 2164 4343 ﬁcitur,
2212 4292 2376 4347 quem
2409 4276 2640 4346 largitus
2686 4283 2796 4336 est,
2830 4273 3026 4327 volens
3057 4285 3212 4324 suam
3248 4284 3376 4337 erga
3432 4280 3538 4319 nos

1954 4374 2282 4427 charitatem
2335 4371 2741 4425 demonstrare.
2779 4366 3080 4435 Propterea
3130 4361 3438 4418 insinuavit
3474 4374 3536 4415 se

1955 4463 2179 4519 caducae
2215 4470 2446 4526 naturae,
2479 4476 2759 4529 suumque
2787 4473 2994 4528 corpus
3024 4456 3316 4511 nobiscum
3350 4452 3536 4507 immi-

257 4531 315 4622 τι
365 4531 666 4635 γενώμεθα·
708 4531 959 4632 καθάπερ
995 4531 1169 4629 ⁷σῶμα
1216 4557 1427 4626 κεφαλῇ
1466 4531 1845 4623 συνημμένον·

1956 4554 2122 4618 seuit,
2157 4563 2218 4609 ut
2264 4568 2435 4607 unum
2468 4551 2603 4622 quid
2656 4551 2937 4612 heremus,
2987 4563 3088 4603 ceu
3134 4559 3337 4615 corpus
3369 4540 3539 4611 capiti

256 4660 377 4712 τῶν
402 4656 513 4725 γὰρ
565 4656 772 4725 σφόδρα
805 4653 1118 4707 ποθούντων
1166 4650 1285 4701 ἐστὶ
1323 4649 1503 4706 τοῦτο,
1538 4648 1627 4699 καὶ
1657 4648 1722 4713 τῇ
1750 4645 1851 4713 τῆς

262 4752 530 4819 θεότητος
567 4766 717 4801 κοινάς
738 4748 828 4818 νίᾳ
882 4743 1373 4811 συναποθεωθῆναι
1399 4743 1459 4795 τὸ
1486 4738 1851 4810 ἀνθρώπινον.

261 4840 449 4897 Τοῦτο
479 4840 611 4908 γοῦν
634 4842 661 4893 ὁ
697 4838 815 4891 ’1ὼὸ
842 4836 1213 4906 αἰνιττόμενος
1243 4836 1395 4902 ἔλεγε
1434 4833 1694 4903 περὶτῶν
1723 4833 1853 4883 ἑαυ-

261 4938 366 4992 τοῦ
392 4936 647 4997 οἰκετῶν,
666 4931 745 4997 οἷς
772 4931 840 5003 ἦν
861 4932 980 5002 μεθ’
1005 4930 1308 5000 ὑπερϐολῆς
1337 4927 1604 4987 ποθεινὸς,
1632 4944 1649 4976 ι
1676 4925 1856 4994 Προσ-

264 5024 439 5093 φῦναι
493 5026 611 5085 ταῖς
670 5021 831 5091 σαρξί
884 5038 987 5091 μου
1078 5022 1177 5071 οὐκ
1234 5020 1474 5087 ἀπέσχον
1524 5016 1775 5069 ὀδοῦσιν.
1826 5032 1846 5065 ι

278 5115 521 5167 Ἐκεῖνοι
549 5116 655 5182 γὰρ
687 5114 780 5165 τὸν
812 5112 981 5165 πολὺν
1023 5110 1203 5163 αὐτῶν
1233 5107 1634 5175 ἐνδεικνύμενοι
1665 5104 1851 5168 πόθον,

269 5206 338 5260 ὂν
386 5199 557 5275 εἶχον,
601 5204 819 5273 ἔλεγον·
858 5222 877 5257 ι
925 5205 1017 5266 Τίς
1052 5205 1118 5257 ἂν
1148 5201 1259 5271 δῴη
1312 5204 1442 5272 ἡμῖν
1481 5204 1591 5253 τῶν
1635 5202 1856 5269 σαρκῶν

268 5299 445 5355 αὐτοῦ
500 5299 927 5370 ἐμπλησθῆναις
972 5315 992 5349 ι
1041 5297 1131 5349 Διὸ
1176 5296 1241 5367 δὴ
1279 5298 1371 5350 καὶ
1399 5298 1428 5349 ό
1457 5296 1690 5365 Χριστός
1723 5296 1855 5349 αὐτὸ

346 5418 368 5449 ⁸
397 5412 524 5471 Job.
554 5429 664 5470 xrx.
696 5413 789 5470 22.
867 5417 889 5447 ⁸
912 5413 1036 5469 Job.
1073 5431 1223 5478 χχχι,
1260 5414 1351 5470 51.

350 5574 434 5641 (3)
469 5572 739 5642 Loquitur
788 5572 857 5626 de
890 5568 1265 5642 veneratione
1295 5567 1470 5623 Graeci
1504 5568 1688 5642 populi
1724 5584 1853 5640 erga

273 5646 465 5700 oblata
498 5641 665 5700 etiam
708 5660 833 5697 cum
869 5641 1222 5696 deducuntur
1260 5642 1569 5709 pompatice
1593 5641 1659 5692 ad
1694 5655 1852 5694 men-

272 5733 395 5771 sam
430 5725 489 5770 ut
522 5721 961 5775 consecrentur;
1016 5711 1084 5765 de
1133 5724 1245 5780 quo
1293 5711 1399 5763 rittt
1452 5711 1584 5765 satis
1633 5719 1856 5764 contro-

273 5801 440 5841 verso
490 5785 622 5839 alibi
673 5797 773 5839 nos
806 5782 976 5837 locuti
1015 5796 1231 5846 sumus,
1264 5781 1475 5835 scilicet
1524 5781 1578 5834 in
1613 5780 1718 5833 hac
1762 5780 1853 5834 Bi-

278 5859 481 5917 blioth.
534 5866 574 5913 t.
626 5856 713 5922 ιγ,
750 5872 803 5926 p.
852 5854 943 5921 61,
984 5852 1074 5909 ubi
1110 5852 1441 5924 Eutychium
1482 5850 1851 5921 patriarcham

1948 4650 2229 4719 junctum.
2262 4646 2474 4701 Eximie
2514 4645 2662 4699 enim
2697 4645 3003 4698 amantium
3037 4642 3139 4694 hoc
3176 4654 3317 4708 opus
3343 4645 3449 4698 est,
3485 4643 3545 4689 ut

1958 4756 2056 4811 per
2082 4740 2306 4795 deitatis
2330 4739 2782 4793 communionem
2830 4735 2998 4791 simul
3038 4732 3204 4787 homo
3228 4730 3541 4785 deincetur.

1962 4834 2096 4886 Rem
2152 4831 2297 4885 hanc
2331 4831 2593 4885 videlicet
2622 4830 2797 4885 Jobus
2828 4829 3091 4889 innuens,
3127 4824 3197 4878 de
3251 4818 3543 4874 familiari-

1962 4922 2069 4976 bus
2099 4922 2216 4976 suis
2262 4921 2714 4997 aiebatkquibtts
2749 4919 2950 4974 eximie
2996 4917 3201 4970 Charus
3242 4919 3401 4966 erat:
3442 4927 3460 4960 ι
3500 4912 3543 4961 Δ

1964 5015 2223 5068 carnibus
2281 5014 2420 5067 meis
2481 5012 2678 5067 dentes
2726 5026 2835 5063 non
2890 5007 3248 5062 abstinebant
3279 5004 3322 5057 '.
3388 5020 3406 5054 ι
3460 4999 3543 5054 llli

1962 5104 2169 5174 quippe
2203 5113 2262 5156 ut
2298 5104 2532 5156 multum
2561 5116 2722 5155 suum
2766 5112 3013 5153 amorem
3043 5101 3388 5155 ostenerent,
3425 5090 3543 5143 aie-

1964 5198 2097 5254 bant
2130 5216 2143 5253 :
2180 5219 2197 5249 ι
2232 5198 2372 5263 Quis
2407 5198 2500 5251 det
2528 5196 2692 5251 nobis
2726 5206 2784 5248 ttt
2821 5199 2888 5249 tle
2934 5192 3202 5248 carnibus
3238 5190 3361 5259 ejus
3392 5194 3544 5239 satu-

1962 5310 2154 5351 rentur
2181 5294 2237 5346 ‘?
2273 5310 2291 5343 ι
2327 5292 2511 5358 Quare
2555 5300 2612 5344 ct
2640 5288 2899 5344 Christus
2948 5287 3096 5343 idern
3137 5282 3290 5348 fecit,
3326 5279 3396 5335 ad
3428 5292 3544 5331 tua-

1962 5568 2330 5637 produximua
2358 5567 2410 5622 id
2446 5568 2631 5624 cultus
2664 5582 2839 5636 genus
2870 5564 3393 5637 reprehendentem.
3429 5563 3545 5621 Re-

1960 5639 2109 5709 liqua
2152 5656 2286 5695 vero
2344 5639 2509 5709 hujus
2553 5640 2777 5693 articuli
2836 5654 3012 5708 usque
3044 5638 3121 5709 ad
3170 5652 3226 5690 η.
3282 5638 3341 5709 7,
3369 5637 3548 5709 sumit

1959 5708 2398 5850 ἓὲξὲοιέυῆἒ
2418 5705 2794 5776 Βαιηοεεοοο,
2825 5705 2994 5781 ιπούι
3042 5708 3302 5778 leguntur
3330 5708 3387 5764 in
3418 5705 3542 5764 Cat.
