3972 6584
229 408 328 473 957

1533 426 1872 490 ETHICON
1921 429 2092 494 VIII.

3392 438 3496 500 958

230 528 405 581 πάντα
457 527 770 600 οἰκονομεῖ·
810 533 838 588 ό
865 533 922 587 δὲ
960 534 1139 608 ἱερεὺς
1195 537 1295 608 τὴν
1345 538 1540 592 ἑαυτοῦ
1586 541 1795 606 δανείζε

1925 543 1998 602 do
2032 546 2277 616 linguam
2324 551 2664 619 commodat,
2695 561 3007 626 manusque
3044 552 3281 624 propria:
3326 555 3494 609 mini-

183 659 190 672 .
225 618 502 688 γλῶσσαν,
547 624 644 675 καὶ
702 625 802 697 τὴν
833 626 1030 681 ἑαυτοῦ
1069 630 1298 701 παρέχει
1329 635 1486 703 χεῖρα
1517 633 1618 703 (2).

294 717 346 765 ι’.
373 713 512 782 Περὶ
536 713 743 785 ταύτης
788 719 886 788 τῆς
917 722 1194 791 μυστικῆς
1231 724 1323 776 καὶ
1357 726 1597 794 φρικτῆς
1624 727 1816 791 θυσίας

223 802 513 874 προλέγων
563 807 658 859 καὶ
709 805 868 873 αὖθις
898 813 924 863 ὁ
955 811 1214 882 μελῳδὸς,
1258 816 1481 886 εἴρηκεν
1532 817 1707 881 οὕτως
1747 821 1816 872 ἐκ

221 895 522 964 προσώπου
573 900 814 970 Χριστοῦ
868 903 1006 972 πρὸς
1058 906 1150 958 τὸν
1203 906 1337 958 Θεὸν
1389 911 1486 962 καὶ
1542 911 1812 981 Πατέρα’

226 1007 247 1040 α
289 989 499 1043 Θυσίαν
544 993 643 1044 καὶ
695 997 1014 1066 προσφορὰν
1048 999 1150 1050 οὐκ
1178 998 1472 1069 ἠθέλησας,
1511 1022 1528 1053 ι
1567 1004 1688 1055 ἀντὶ
1717 1002 1813 1056 τοῦ

220 1080 644 1152 ἁπεδοκίμασας
687 1087 786 1156 τὴν
837 1089 1071 1157 νομικὴν
1107 1090 1298 1143 θυσίαν
1347 1093 1442 1146 καὶ
1475 1094 1573 1161 τὴν
1605 1096 1815 1148 ἐκεῖθεν

222 1177 576 1244 προσφοράν,
616 1178 906 1250 ἐνστάντος
933 1179 1178 1247 δηλονότι
1207 1183 1300 1234 τοῦ
1331 1182 1430 1251 τῆς
1459 1185 1814 1255 ὲνανθρωπή-

222 1281 356 1328 σεως
407 1268 643 1335 χρόνουο
686 1287 704 1318 ι
753 1269 912 1339 σῶμα
943 1270 1000 1323 δὲ
1047 1273 1360 1342 κατηρτίσω
1421 1292 1534 1343 μοι,
1579 1294 1596 1326 ι
1628 1277 1816 1330 τουτέ-

221 1373 306 1410 στι
331 1357 504 1429 σῶμά
540 1377 630 1428 μοι
657 1361 1070 1425 κατεσκεύασας
1097 1366 1161 1416 ὲκ
1187 1365 1536 1433 παρθενικῶν
1563 1367 1814 1434 αἱμάτων

217 1446 295 1508 είς
326 1447 390 1498 τὸ
424 1447 793 1518 θυσιασθῆναι
827 1450 987 1504 τοῦτο
1041 1455 1141 1522 τῆς
1169 1453 1276 1505 τῶν
1309 1454 1617 1525 ἀνθρώπων
1650 1456 1813 1508 ἕνεκα

218 1538 504 1607 σωτηρίας
535 1555 550 1570 ο
589 1561 607 1592 ι
643 1542 1076 1610 ὁλοκαυτώματα
1103 1546 1196 1598 καὶ
1225 1547 1353 1616 περὶ
1405 1548 1682 1616 ἁμαρτίας
1714 1549 1814 1599 οὐκ

214 1629 562 1701 ἱξεζήτησας
587 1650 601 1664 ”
631 1653 650 1686 ι
676 1635 756 1688 ἔτι
779 1637 1156 1706 σαρκωθέντος
1186 1639 1323 1707 ἐμοῦ
1345 1638 1436 1690 τοῦ
1467 1639 1689 1706 λογικοῦ
1723 1640 1817 1692 θύ-

213 1737 386 1788 ματος
425 1725 518 1775 καὶ
549 1723 834 1795 ἀληθινοῦο
859 1726 950 1780 τοῦ
1001 1728 1099 1798 τὴν
1130 1730 1407 1796 ἁμαρτίαν
1438 1732 1687 1801 αἴροντος
1717 1730 1810 1784 τοῦ

211 1813 448 1882 κόσμου,
470 1815 626 1869 οὐδὲν
647 1817 794 1888 θῦμα
825 1820 1048 1887 νομικὸν
1074 1819 1376 1890 ἐζήτησας.
1404 1841 1422 1873 ι
1461 1823 1596 1876 Τότε
1629 1819 1808 1887 εἷπον,

1923 639 2154 694 sterium
2189 643 2422 710 prmhet.

1994 734 2082 788 10.
2122 735 2198 789 De
2226 735 2331 791 hoc
2367 738 2601 808 mystico
2628 741 3023 808 tremendoque
3054 738 3324 794 sacriﬁcio
3351 740 3462 794 vati

1919 823 2112 879 cinans
2135 843 2339 883 rursus
2380 831 2652 894 melodus,
2690 832 2772 886 sic
2810 832 2992 885 aiebat
3026 849 3091 886 ex
3117 833 3328 887 Christi
3366 843 3492 901 per-

1919 932 2052 971 sona
2096 918 2161 972 ad
2203 918 2370 975 Deum
2408 921 2666 976 Patrem:
2710 941 2729 974 σ
2773 921 3113 976 Sacriﬁcium
3151 934 3205 976 et
3252 923 3490 976 oblatio-

1920 1026 2042 1063 nem
2080 1012 2377 1078 noluisti';
2423 1033 2441 1064 ›
2484 1015 2535 1068 id
2573 1027 2658 1069 est
2703 1016 2877 1084 legale
2911 1016 3238 1069 sacriﬁcium
3271 1025 3325 1069 et
3353 1016 3493 1067 indi.

1919 1099 2040 1152 dem
2078 1101 2455 1170 oblationem;
2490 1105 2616 1173 quia
2647 1106 2762 1174 jam
2803 1105 3040 1158 instabat
3097 1105 3492 1157 incarnationis

1922 1199 2171 1259 tempus;
2229 1211 2246 1243 ι
2291 1208 2499 1261 corpus
2526 1208 2708 1248 autem
2749 1195 3024 1263 perfecisti
3056 1195 3217 1257 mihi;
3261 1215 3278 1244 ι
3320 1195 3369 1246 id
3408 1205 3493 1246 est

1917 1296 2122 1350 corpus
2154 1283 2287 1336 mihi
2322 1286 2678 1353 composuisti
2710 1303 2774 1340 ex
2818 1288 3078 1357 virgineis
3107 1287 3490 1353 sanguinibns,

1918 1383 1977 1427 ut
2013 1374 2063 1425 id
2092 1387 2278 1444 postea
2316 1376 2720 1443 imn‘iolaretur,
2757 1380 2952 1432 salutis
2985 1380 3270 1432 hominum
3305 1395 3489 1430 causa.

1923 1484 1942 1516 ι
1979 1466 2310 1521 llolocausta
2349 1480 2403 1522 et
2437 1486 2540 1538 pro
2572 1481 2800 1540 peccato
2842 1488 2952 1525 non
3004 1473 3314 1540 postulasti.
3351 1490 3368 1521 ι
3413 1470 3493 1522 Me

1869 1621 1872 1624 ξ
1912 1557 2026 1627 jam
2065 1559 2350 1614 incarnato
2396 1562 2572 1618 instar
2604 1564 2893 1618 rationalis
2942 1580 3195 1632 veraeque
3233 1565 3490 1627 victimas,

1917 1661 1973 1703 et
2011 1652 2199 1706 mtmdi
2233 1666 2526 1721 peccatum
2561 1655 2812 1716 tollente,
2861 1656 3072 1709 nullum
3110 1656 3281 1724 legale
3309 1656 3490 1710 sacri-

1918 1742 2103 1794 ticium
2154 1745 2526 1812 exquisivisti.
2569 1764 2588 1797 ι
2623 1747 2780 1801 Tunc
2823 1747 2938 1800 dixi
2977 1764 2991 1800 :
3045 1747 3185 1801 Ecce
3234 1749 3420 1802 venio.
3469 1767 3487 1798 ι

1915 1831 2186 1886 Nimirum
2213 1849 2337 1887 cum
2369 1834 2562 1904 legalia
2601 1835 2875 1890 sacriﬁcia
2905 1836 3188 1905 respuisti,
3225 1848 3358 1890 tunc
3390 1852 3494 1906 ego

221 1905 357 1958 Ἰδοὺ
383 1907 509 1978 ἥκω
529 1923 544 1938 ⁶
583 1927 603 1960 ι
626 1910 911 1964 τουτέστιν
938 1912 1026 1964 ὅτε
1054 1915 1121 1964 τὰ
1152 1914 1352 1980 νομικὲι
1381 1913 1600 1982 θύματα
1630 1917 1802 1981 ἀπηυ-

1911 1922 2066 1976 dixi:
2119 1941 2250 1978 ecce
2304 1937 2365 1978 ut
2415 1926 2572 1982 vides
2609 1938 2838 1997 paratus
2859 1945 3003 1982 sum.
3035 1930 3208 1985 ltetn:
3246 1949 3262 1980 ι
3306 1905 3492 1994 Pater,

207 1999 475 2069 δόκησας,
499 2003 622 2055 τότε
651 2001 804 2056 εἷπον
837 2005 1021 2070 αὐτὸς,
1054 2006 1136 2058 ὅτι
1169 2007 1245 2070 ὡς
1271 2007 1405 2077 ὁρᾷς
1435 2009 1802 2078 ἡτοίμασμαν

208 2091 325 2156 καὶ,
361 2109 380 2142 ι
408 2091 613 2162 Πάτερ,
645 2095 940 2166 ἤγγικενή
965 2095 1106 2167 ὥρα,
1128 2099 1356 2163 δόξασόν
1373 2117 1470 2152 σου
1499 2101 1591 2152 τὸν
1618 2101 1764 2166 Υίον,
1783 2120 1800 2152 ι

204 2181 294 2237 διὰ
342 2183 444 2237 τοῦ
507 2187 750 2257 σταυροῦ
787 2189 1033 2256 πάντως,
1081 2190 1155 2252 ὡς
1191 2192 1495 2260 εὐδόκησας
1534 2194 1626 2244 τὸν
1661 2193 1806 2264 ὑπὲρ

204 2275 308 2344 τῆς
365 2279 595 2332 πάντων
633 2279 911 2349 σωτηρίας
974 2282 1246 2351 ἡμέτερον
1304 2282 1555 2336 θάνατον.
1600 2283 1806 2335 Τοῦτον

202 2367 294 2420 τὸν
340 2367 602 2439 οὐράνιον
625 2370 792 2440 ἄρτον
821 2372 915 2425 καὶ
962 2373 1178 2443 (ompr
1213 2374 1588 2443 προεικόνιζον
1622 2377 1672 2428 oi.
1707 2377 1805 2446 τῆς

202 2459 530 2526 προθέσεως
555 2461 715 2531 ἄρτοι
753 2463 810 2514 τὸ
855 2465 1123 2518 παλαιόν·
1179 2467 1423 2519 τοῦτονό
1468 2467 1698 2532 Ἡσαΐας
1747 2473 1808 2522 ἐν

200 2550 366 2621 τύπῳ
426 2552 773 2622 θεασάμενος
840 2556 1136 2625 ἄνθρακος,
1197 2559 1268 2612 δι’
1315 2560 1482 2612 αὑτοῦ
1535 2561 1638 2630 τὴν
1697 2560 1806 2613 τῶν

200 2644 504 2715 ἁμαρτιῶν
531 2646 700 2700 ἔλαϐε
731 2648 1002 2719 κάθαρσιν
1028 2666 1042 2681 ’
1076 2651 1264 2721 ὥσπερ
1312 2654 1421 2722 γὰρ
1453 2653 1664 2723 ἄνθραξ
1708 2658 1808 2707 οὐκ

198 2736 328 2788 ἔστι
397 2738 556 2802 ξύλον
610 2740 782 2808 λιτὸν,
809 2742 924 2794 ἀλλ’
965 2744 1252 2813 ἡνωμένον
1288 2747 1442 2816 πυρὶ,
1478 2747 1620 2800 οὕτω
1655 2753 1746 2801 καὶ
1780 2751 1808 2802 ὁ

199 2828 356 2892 θεῖος
391 2832 560 2901 ἄρτος
588 2833 690 2900 τῆς
725 2835 1034 2898 κοινωνίας,
1067 2838 1231 2907 ἄρτος
1285 2838 1440 2904 ψιλὸς
1493 2841 1593 2892 οὐκ
1635 2842 1782 2894 ἔστιν

195 2923 323 2977 ἀλλ’
355 2925 643 2996 ἡνωμένος
695 2926 916 2999 θεότητι
941 2945 956 2960 ο
993 2931 1155 2999 σῶμα
1185 2931 1240 2984 δὲ
1273 2933 1557 3000 ἡνωμένον
1587 2922 1807 3005 θεότητξ

198 3017 259 3069 οὐ
329 3020 440 3085 μία
496 3019 662 3086 φύσις
713 3020 885 3085 ἐστὶν,
933 3021 1070 3074 ἀλλὰ
1123 3023 1222 3090 μία
1259 3021 1358 3090 μὲν
1395 3021 1490 3074 τοῦ
1528 3023 1802 3092 σώματος,

199 3110 304 3178 τῆς
359 3111 421 3162 δὲ
477 3113 770 3182 ἡνωμένης
822 3111 976 3182 αὐτῷ
1028 3112 1280 3183 θεότητος
1330 3111 1532 3184 ἑτέροιο
1565 3116 1710 3169 ὥστε
1742 3118 1804 3169 τὸ

199 3203 635 3272 συναμφότερον
681 3205 742 3256 οὐ
797 3205 895 3272 μία
951 3205 1136 3271 φύσις,
1171 3206 1306 3260 ἀλλὰ
1347 3207 1477 3259 δύοο
1525 3209 1612 3262 διὰ
1641 3209 1803 3263 τοῦτο

198 3296 296 3345 καὶ
326 3295 396 3344 τὸ
427 3295 696 3363 μυστικὸν
724 3290 864 3366 αἷμα
896 3296 1102 3365 ταύτης
1141 3296 1238 3365 τῆς
1269 3300 1465 3368 καινῆς
1503 3303 1596 3351 καὶ
1628 3303 1798 3369 μεγά-

196 3384 297 3455 λης
335 3383 536 3447 θυσίας
567 3388 783 3441 ἐλαύνει
817 3387 918 3458 μὲν
947 3388 1212 3457 εαίμονας
1265 3389 1358 3442 καὶ
1407 3390 1693 3460 πόρρωθεν
1724 3387 1800 3443 εἷ-

194 3495 282 3532 ναι
321 3479 500 3546 ποιεί,
534 3479 688 3531 καλεί
719 3479 776 3532 δὲ
808 3481 1079 3548 ἀγγέλους
1111 3480 1248 3546 πρὸς
1280 3483 1426 3550 ἡμᾶς
1459 3483 1551 3534 καὶ
1581 3483 1671 3535 τὸν
1716 3484 1804 3536 δε-

193 3574 417 3644 σπότην
458 3577 571 3629 τῶν
607 3577 862 3642 ἀγγέλων
891 3594 907 3610 θ
943 3579 1076 3632 ὅπου
1123 3581 1232 3649 γὰρ
1265 3578 1416 3630 ίδωσι
1451 3578 1512 3629 τὸ
1565 3573 1706 3646 αἷμα
1741 3578 1802 3630 τὸ

1907 2017 2378 2086 appropinquavit
2431 2018 2589 2081 hora,
2639 2021 2885 2088 gloritica
2923 2021 3121 2076 Filium
3183 2021 3423 2085 tuum",
3466 2040 3486 2072 ι

1908 2125 2136 2179 prorsus
2182 2127 2280 2180 per
2321 2129 2567 2178 crucem,
2626 2114 3077 2183 quandoquidem
3127 2115 3225 2168 tibi
3282 2114 3490 2184 placuit

1908 2212 2096 2256 nostra
2137 2219 2238 2272 pro
2270 2206 2520 2259 omnium
2556 2206 2732 2260 salute
2769 2222 2936 2260 mors.
2972 2208 3172 2262 Panem
3203 2208 3349 2261 hunc
3380 2223 3491 2263 οω-

1907 2295 2099 2347 lestem
2141 2295 2569 2366 praeﬁgurabant
2604 2298 3011 2366 propositionis
3043 2314 3214 2368 panes
3245 2299 3491 2368 antiqui-

1908 2394 2017 2439 tus.
2071 2371 2228 2440 llune
2284 2388 2456 2442 Isaias
2507 2389 2561 2443 in
2631 2389 2894 2445 carbonis
2942 2389 3113 2459 ﬁgura
3169 2391 3486 2459 conspexit,

1908 2490 2117 2544 perque
2181 2492 2308 2531 eum
2368 2489 2724 2548 peccatorum
2767 2481 3184 2549 "purgationem
3249 2481 3486 2550 accepit.

1909 2567 2066 2622 Sicut
2098 2570 2246 2622 enim
2277 2572 2371 2639 qui
2400 2573 2743 2640 conspicitur
2785 2578 2955 2628 carbo
2986 2588 3096 2626 non
3127 2581 3211 2626 est
3253 2573 3488 2641 simplex

1909 2659 2146 2729 lignum,
2180 2663 2279 2716 sed
2314 2664 2424 2732 igni
2468 2665 2710 2727 unitum,
2738 2664 2813 2718 ita
2840 2664 3063 2718 divinus
3084 2666 3489 2719 communionis

1911 2751 2069 2818 panis
2119 2768 2227 2804 non
2278 2763 2366 2807 est
2417 2754 2640 2822 proprie
2685 2753 2865 2820 panis,
2899 2753 2996 2806 sed
3033 2752 3223 2806 deitati
3255 2753 3487 2821 conjun-

1909 2847 2100 2912 gitur:
2143 2860 2343 2914 corpus
2394 2856 2580 2900 autem
2639 2847 2831 2901 deitati
2884 2845 3283 2913 coniunctum,
3338 2845 3487 2898 haud

1913 2937 2073 2996 unica
2107 2947 2305 2990 natura
2337 2948 2443 3001 est,
2475 2937 2571 2992 sed
2605 2953 2710 2991 una
2738 2937 2960 3005 quidem
3003 2936 3253 3005 corporis
3287 2946 3485 2989 natura

1907 3040 2026 3093 est,
2070 3031 2363 3100 conjuncta
2421 3041 2608 3085 autetn
2675 3045 2803 3084 cum
2870 3045 2937 3084 eo
3002 3029 3223 3083 deitatis
3291 3028 3486 3082 altera.

1909 3124 2087 3189 Quare
2127 3135 2424 3191 utrumque
2470 3123 2612 3178 haud
2647 3138 2756 3176 una
2809 3131 3006 3176 natura
3051 3131 3156 3184 est,
3197 3120 3292 3174 sed
3340 3121 3486 3174 duae.

1911 3215 2035 3269 Ideo
2102 3215 2369 3284 mysticus
2451 3213 2678 3284 sanguis
2739 3213 2866 3267 novi
2960 3213 3126 3281 hujus
3190 3211 3489 3280 magnique

1905 3303 2160 3357 sacriﬁcii
2241 3303 2468 3371 expellit
2511 3304 3112 3372 dazmoneslongeque
3167 3303 3487 3365 submovet,

1908 3395 2132 3465 angelos
2170 3395 2609 3464 angelorumque
2670 3395 2960 3450 Dominum
3006 3395 3074 3448 ad
3126 3409 3229 3450 nos
3273 3402 3432 3448 vocat
3469 3407 3485 3444 :

1914 3485 2007 3539 ubi
2039 3487 2186 3540 enim
2237 3486 2582 3540 Dominicum
2617 3486 2937 3556 sanguinem
2969 3486 3231 3548 viderint,
3265 3485 3488 3555 fugiunt

1911 3580 2138 3648 quidem
2174 3580 2476 3646 deetnones,
2506 3581 2686 3650 angeli
2718 3589 2904 3636 autem
2933 3589 3256 3635 accurrunt.

189 3670 555 3734 δεσποτικὸν,
626 3671 892 3740 φεύγουσι
959 3674 1060 3740 μὲν
1095 3672 1370 3742 δαίμονες,
1405 3672 1760 3740 συντρέχουσι
1794 3673 1851 3725 δὲ
1895 3673 2144 3739 ἄγγελοι.

268 3763 373 3820 ια’.
395 3766 508 3818 Καὶ
531 3765 622 3817 ἵνα
645 3765 905 3835 μάθωμεν
926 3766 1020 3819 τοῦ
1042 3767 1273 3837 αἵματος
1290 3769 1480 3823 τούτου
1494 3767 1592 3829 τὴν
1621 3768 1776 3834 ἰσχὺν

191 3859 624 3927 ἀιαδράμωμεν
654 3859 747 3912 ἐπὶ
763 3859 854 3912 τὸν
867 3860 1037 3912 τύπον
1057 3859 1244 3923 αὐτοῦ,
1262 3860 1351 3912 ἐπὶ
1369 3861 1434 3912 τὰ
1460 3859 1665 3913 παλαιὰ
1685 3864 1802 3928 διη-

189 3954 432 4020 γήματα
451 3951 520 4004 τὰ
541 3953 598 4002 ὲν
617 3950 906 4020 Αἰγύπτῳ⁸
931 3953 1030 4018 τὴν
1049 3952 1284 4020 δεκάτην
1307 3969 1333 4018 γ
1347 3950 1415 4019 ὰρ
1436 3950 1646 4020 μέλλων
1663 3951 1801 4019 πλη-

189 4047 760 4117 γὴνέπάγεινόθεὺς
799 4050 914 4110 τοϊς
949 4048 1290 4114 Αἰγυπτίοις,
1325 4049 1416 4100 καὶ
1465 4047 1678 4130 ἀνελεῖν
1734 4047 1800 4098 τά

189 4141 534 4211 πρωτότοκα
557 4140 953 4210 αὐτῶν,ἔπειδὴ
970 4143 1062 4193 τὸν
1081 4143 1424 4209 πρωτότοκον
1439 4139 1603 4192 αὐτοῦ
1621 4140 1802 4193 κατεί-

187 4248 286 4300 χον
307 4231 469 4294 λαὸν,
490 4231 586 4282 ἐπε
597 4231 737 4301 μψεν
759 4233 988 4302 ἄγγελον
1007 4234 1335 4302 ὀλοθρευτὴν
1354 4233 1568 4284 ἐπιόντα
1586 4235 1706 4296 ταῖς
1719 4232 1799 4283 oi-

177 4323 351 4383 ’κίαις
375 4338 392 4352 ο
429 4323 737 4391 προσέταξε
760 4323 815 4376 δὲ
832 4327 946 4384 τοῖς
972 4323 1244 4392 Ἑϐραίοις
1281 4324 1452 4392 ἀμνὸν
1470 4322 1766 4392 ἄμωμονθῦ
1783 4350 1799 4362 ο

194 4430 313 4474 σαι,
340 4416 524 4466 καὶτὸ
547 4409 687 4484 αἷμα
708 4416 1008 4479 αύτοῦταῖς
1028 4416 1218 4486 θύραις
1240 4415 1540 4485 ἐπιχρίσαι,
1558 4413 1697 4466 ὥστε
1725 4415 1798 4484 μὴ

1983 3768 2070 3821 Η.
2114 3767 2292 3836 Atque
2330 3779 2387 3820 ut
2435 3768 2600 3838 hujus
2647 3767 2936 3838 sanguinis
2974 3767 3254 3822 discamus
3285 3774 3485 3835 poten-

1910 3860 2063 3924 tiam,
2103 3877 2452 3916 recurramus
2484 3863 2551 3915 ad
2603 3865 2725 3933 ejus
2755 3863 3000 3932 ﬁgurant,
3038 3864 3088 3917 id
3141 3873 3225 3917 est
3270 3863 3336 3916 ad
3373 3864 3487 3930 pri-

1906 3965 2026 4004 scas
2059 3962 2336 4016 gestarum
2368 3969 2551 4006 rerum
2586 3955 2638 4006 in
2672 3954 2908 4024 AZgypto
2939 3955 3310 4009 narrationes.
3344 3953 3482 4008 Nam

1909 4057 2032 4096 eum
2097 4045 2367 4099 decimam
2451 4047 2596 4100 Deus
2671 4048 2884 4115 plagam
2960 4047 3270 4100 inﬂicturus
3337 4056 3483 4101 esset

1887 4135 2206 4204 'A'Igyptiis.
2247 4145 2298 4189 et
2356 4135 2572 4189 illorum
2625 4136 3018 4205 primogenitos
3065 4137 3480 4198 interfecturus,

1909 4235 2198 4296 propterea
2277 4228 2424 4296 quod
2492 4228 2920 4298 primogenitum
2975 4231 3097 4299 ejus
3163 4228 3486 4282 detinebant

1907 4318 2192 4386 populum,
2228 4320 2380 4374 misit
2427 4321 2680 4388 angelum
2731 4322 3217 4375 extenuinatorcm
3251 4321 3342 4390 qtti
3379 4321 3483 4374 do-

1909 4425 2027 4463 mos
2056 4411 2360 4465 invaderet.
2399 4411 2674 4466 Maudavit
2704 4412 2867 4466 simul
2917 4411 3160 4466 Hebraeis
3194 4422 3251 4465 ut
3284 4413 3482 4465 imma-

187 4499 296 4567 τῆς
327 4504 630 4569 συμφορᾶς
659 4504 864 4571 ταύτης
909 4505 1107 4566 αὐτοὺς
1138 4507 1466 4568 κοινωνῆσαι
1493 4507 1603 4564 τοῖς
1635 4504 1802 4569 Αἰγυ-

1909 4503 2151 4555 colatum
2183 4517 2382 4571 agnqu
2412 4503 2783 4566 immolarcnt,
2822 4506 3055 4572 ejusque
3099 4505 3362 4574 sanguine
3398 4503 3484 4572 ja-

189 4594 409 4658 πτίοις,
445 4596 748 4666 ἐπειδήπερ
785 4593 864 4658 εἷς
895 4598 1060 4658 τόπος
1095 4598 1295 4658 αὐτοὺς
1322 4598 1572 4664 κατεῖχεν
1593 4612 1607 4627 ·
1636 4594 1696 4646 οὖ
1729 4594 1794 4663 δὴ

189 4687 294 4738 καὶ
327 4687 658 4754 γενομένου,
697 4688 758 4740 τὸ
792 4684 934 4756 αἷμα
975 4689 1095 4740 τότε
1126 4689 1244 4750 ταῖς
1279 4688 1470 4756 θύραις
1507 4689 1791 4755 ὲπικεχρι-

191 4782 406 4848 σμένον
445 4783 474 4831 ὁ
507 4779 819 4850 ὀλοθρεύων
867 4780 1032 4849 ὁρῶν,
1065 4783 1164 4832 οὐκ
1201 4780 1503 4848 ἐτόλμησεν
1533 4778 1796 4848 εξσπηδῆ-

191 4893 289 4927 σαι
312 4891 326 4904 ·
364 4873 418 4926 εί
457 4876 568 4943 γάρ
604 4878 698 4925 καί
729 4869 866 4942 αἷμα
896 4869 965 4944 ἦν
995 4873 1192 4939 ἀλόγου
1222 4873 1361 4934 ζώου
1401 4873 1464 4924 τι
1489 4874 1611 4934 τοὺς
1645 4871 1793 4938 λογι-

188 4969 335 5030 κοὺς
360 4966 544 5029 σῶζον
567 4965 892 5036 ἀνθρώπους
911 4963 1054 5030 τότε,
1075 4966 1189 5016 ἀλλ’
1210 4966 1308 5033 οὐχ
1339 4965 1410 5025 ὡς
1435 4959 1575 5032 αἷμα
1605 4965 1794 5028 ἁπλῶς

185 5060 438 5122 ἔσωζεν,
462 5056 576 5108 ἀλλ’
605 5057 679 5118 ὡς
709 5056 822 5120 ⁵τοῖ’)
870 5056 1103 5125 αἵματος
1137 5056 1232 5110 τοῦ
1264 5057 1590 5110 δεσποτικοῦ
1619 5056 1789 5120 τύπος

187 5155 292 5206 ὃν·
343 5149 617 5219 καθάπερ
651 5132 764 5219 γὰρ
810 5151 858 5202 ei
906 5148 1178 5219 βασιλικοὶ
1229 5149 1546 5218 ἀνδριάντες
1595 5149 1792 5218 άῲυχοι

186 5243 356 5300 ὅντες
381 5241 485 5292 καὶ
512 5237 837 5308 ἀναίσθητοι
857 5239 985 5301 τοὺς
1009 5239 1458 5306 καταφεύγοντας
1487 5240 1566 5296 εἰς
1593 5240 1790 5300 αὐτοὺς

188 5333 536 5404 ἀνθρώπους
574 5329 929 5398 αίσθητικοὺς
978 5332 1071 5383 καὶ
1104 5331 1384 5402 ἐμψύχους
1411 5331 1566 5393 ὄντας
1593 5329 1790 5384 διασώ-

186 5426 380 5491 ζουσι,
416 5423 582 5476 τοῦτο
610 5421 847 5475 παλαιοῦ
892 5422 1208 5487 κελεύοντος
1254 5424 1444 5494 νόμου,
1472 5424 1572 5476 οὐκ
1601 5424 1791 5493 ἐπειδὴ

188 5521 412 5592 χαλκός
453 5521 616 5584 είσιν,
646 5518 764 5571 ἀλλ’
793 5515 983 5594 ἐπειδὴ
1031 5516 1127 5570 τοῦ
1181 5517 1446 5586 βασιλέως
1478 5518 1618 5570 εἰσὶν
1649 5517 1794 5569 είκό-

266 5682 289 5715 ⁹
329 5678 483 5734 Psal.
520 5693 708 5743 χχχιχ,
748 5677 801 5742 7,
836 5675 1003 5731 llebr.
1033 5691 1086 5741 ι,
1123 5675 1178 5730 5.
1257 5677 1300 5710 ¹⁰
1323 5676 1482 5734 Joan.
1523 5692 1656 5745 xvu,
1689 5678 1742 5732 1.

1904 4609 2043 4647 uuas
2071 4595 2422 4664 inungerent,
2461 4611 2528 4648 ne
2560 4595 2814 4650 eamdem
2853 4598 3226 4651 calamitatem
3261 4597 3484 4666 partici-

1904 4699 2099 4753 parent
2123 4702 2247 4738 eum
2270 4686 2566 4757 Egyptiis,
2586 4689 2678 4756 qui
2705 4704 2892 4742 secum
2919 4692 3160 4745 unoleco
3194 4691 3485 4743 moraban—

1909 4789 2020 4832 tnr.
2056 4779 2174 4843 Quo
2206 4795 2338 4833 sane
2382 4780 2549 4844 facto,
2594 4783 2918 4849 sanguinem
2957 4783 3142 4851 januis
3173 4785 3482 4850 inspersum

1909 4870 2105 4924 videns
2138 4873 2560 4938 extertuinator,
2602 4877 2745 4926 haud
2780 4890 2948 4928 ausus
2974 4883 3058 4927 est
3093 4875 3221 4927 illuc
3241 4873 3478 4941 ingredi.

1905 4963 2018 5016 Etsi
2053 4964 2199 5016 enim
2233 4967 2458 5034 sanguis
2504 4976 2623 5019 erat
2657 4967 2829 5019 bruta:
2861 4967 3109 5034 pecudis,
3147 4966 3194 5019 is
3222 4966 3314 5032 qui
3348 4975 3482 5020 tunc

1902 5057 2202 5110 rationales
2238 5056 2494 5111 homines
2518 5057 2783 5121 salvaliat,
2823 5073 2928 5112 non
2978 5063 3156 5112 tamen
3195 5068 3474 5127 quatenus

1899 5148 2125 5214 sanguis
2181 5160 2321 5213 erat,
2381 5149 2474 5201 sed
2534 5157 2806 5215 quatenus
2861 5147 3129 5201 [lominici
3186 5147 3474 5216 sanguinis

1900 5240 2070 5307 ﬁgura
2095 5248 2236 5300 erat,
2264 5239 2534 5294 salvabat.
2559 5236 2830 5293 Nimirum
2856 5240 2996 5292 sicut
3021 5240 3228 5305 regales
3255 5249 3475 5304 statuae,

1899 5347 2022 5385 cum
2060 5330 2170 5384 sint
2201 5332 2490 5384 inscnsilos
2525 5339 2581 5385 et
2623 5331 2913 5396 inanimes,
2948 5329 3305 5384 nihilominus
3334 5344 3472 5383 con-

1898 5424 2177 5494 fugientes
2201 5425 2264 5477 ad
2295 5438 2391 5476 eas
2419 5422 2675 5477 homines
2701 5437 2865 5478 sensu
2895 5423 3184 5491 animaque
3211 5420 3473 5489 praaditos

1897 5517 2134 5579 satvant,
2173 5515 2253 5568 sic
2287 5516 2465 5583 prisca
2493 5515 2730 5586 jubente
2759 5517 2877 5586 lege
2900 5556 2915 5584 ,
2945 5527 3054 5568 non
3083 5514 3210 5582 quia
3238 5526 3311 5566 res
3335 5520 3472 5568 sunt

275 5860 363 5929 (ἓ)
401 5858 614 5915 Confer
643 5860 1118 5934 Chrysostomuzn,
1152 5869 1190 5918 t.
1212 5861 1279 5929 ll,
1306 5859 1374 5917 de
1400 5859 1712 5932 proditione
1734 5860 1886 5919 ludat
1923 5857 2114 5916 homil.
2146 5871 2188 5924 ι,
2211 5856 2244 5912 6
2274 5867 2330 5914 et
2360 5877 2422 5927 tt,
2452 5857 2502 5914 6.
