3904 6594
509 421 614 488 959

1601 412 2009 479 THEODORI
2050 410 2605 478 MELITENIOT/E
3664 421 3752 485 960

510 540 606 598 sed
639 539 769 610 quia
799 538 946 611 regis
978 546 1109 596 sunt
1154 537 1458 610 imagines:
1492 534 1574 593 sic
1604 546 1663 591 et
1708 536 1803 593 ille
1854 532 2079 604 sanguis

2204 549 2294 597 ιες,
2324 534 2467 587 οὕτω
2512 533 2577 603 δὴ
2622 532 2717 588 καὶ
2744 532 2805 588 τὸ
2835 528 2980 605 αἷμα
3019 535 3196 591 ἐκεῖνο
3224 537 3285 591 τὸ
3316 536 3655 608 ἀναίσθητον
3681 547 3755 597 καὶ

510 631 794 687 insensilis
824 640 881 686 et
906 630 1168 686 inanimis
1217 630 1492 685 animatos
1525 628 1754 685 salvavit
1800 626 2080 691 homines,

510 738 626 777 non
653 723 781 792 quia
815 724 1039 792 sanguis
1064 730 1203 786 erat,
1230 719 1325 776 sed
1347 720 1475 791 quia
1499 718 1768 775 Dominici
1796 717 2083 788 sanguinis

512 814 703 883 ﬁgura.
754 814 874 870 Jam
923 815 969 868 si
1004 814 1154 869 illius
1208 813 1378 885 ﬁgura
1433 821 1639 866 tantam
1702 811 1813 865 vim
1864 810 2081 874 habuit,

512 907 689 961 multo
719 907 981 976 majorem
1030 908 1254 962 veritas.
1304 907 1361 960 Si
1408 906 1634 975 angelus
1678 904 1860 959 visum
1893 903 2085 975 ﬁgurae

513 998 839 1065 sanguinem
892 1000 1169 1053 reveritus
1209 1007 1316 1064 est,
1372 998 1545 1052 multo
1581 997 1755 1068 magis
1809 996 2082 1060 diabolus,

514 1090 873 1151 veritatis.id
927 1102 1013 1145 est
1060 1090 1262 1145 Christi
1314 1092 1639 1161 sanguinem
1694 1091 1911 1153 videns,
1974 1103 2084 1143 non

514 1182 700 1247 januis
753 1182 1085 1249 inspersum.
1143 1183 1237 1234 sed
1290 1181 1370 1233 ori
1425 1181 1693 1246 ﬁdelium,
1745 1180 1950 1251 januis,
2004 1181 2088 1234 in-

516 1286 701 1338 quam,
734 1272 963 1325 animati
1002 1273 1191 1341 templi
1225 1271 1343 1338 Dei,
1380 1272 1552 1344 fugiet
1578 1274 1849 1345 longeque
1879 1288 1936 1330 se
1960 1273 2090 1329 sub-

515 1368 701 1417 ducet.

590 1458 677 1511 12.
718 1456 817 1512 Hic
840 1459 967 1511 novi
993 1458 1247 1513 sacriﬁcii
1282 1461 1507 1529 sanguis
1526 1460 1738 1516 effusus
1769 1461 2088 1516 universum

515 1550 781 1603 mundum
837 1551 1035 1605 abluit.
1080 1551 1315 1621 Sanguis
1358 1551 1452 1608 hic
1498 1554 1551 1607 in
1604 1553 1799 1625 ﬁgura,
1833 1555 1998 1625 adyta
2034 1564 2092 1609 et

518 1637 718 1695 Sancta
764 1648 1082 1694 sanctorum
1132 1640 1499 1710 pnriﬁcabat:
1536 1643 1759 1711 sanguis
1802 1643 1893 1697 hic
1938 1645 1992 1699 in
2029 1645 2094 1698 ﬁ-

518 1747 650 1801 gura
679 1732 849 1786 altare
882 1748 1115 1788 aureum
1165 1734 1587 1790 sanctiiicabat:
1630 1736 1838 1805 absque
1875 1737 1984 1791 hoc
2033 1738 2088 1792 in

2186 627 2393 697 ἄψυχον
2421 629 2549 691 τοὺς
2575 628 2756 698 ψυχὴν
2806 628 3035 699 ἔχοντας
3068 629 3394 700 ἀνθρώπους
3421 632 3654 691 ἔσωσεν.
3679 636 3756 690 οὒκ

2187 718 2376 789 ἐπειδὴ
2402 716 2542 788 αἷμα
2568 714 2659 791 ἦν,
2690 716 2805 772 ἀλλ’
2838 720 3031 792 ἐπειδὴ
3059 721 3154 774 τοῦ
3184 723 3421 792 αἵματος
3452 722 3552 775 τοῦ
3591 723 3756 776 626m-

2185 809 2343 863 τικοῦ
2376 810 2549 873 τύπος
2592 806 2683 881 ἦν.
2740 810 2805 865 El
2865 813 2922 866 δι
2975 812 3004 866 δ
3060 812 3233 878 τύπος
3270 814 3446 868 αὐτοῦ
3499 816 3753 876 τοσαύτην

2189 899 2350 971 ἔσχεν
2373 903 2545 973 ίσχὺν,
2574 902 2756 973 πολλῷ
2787 905 2991 972 μᾶλλον
3021 906 3302 976 ἠάλήθεια
3334 905 3413 977 (l)
3438 920 3454 934 ο
3490 906 3542 957 εἰ
3562 909 3591 959 ὁ
3610 906 3755 973 ἄττιο

2187 994 2278 1057 λος
2309 995 2430 1048 ἰδὼν
2458 996 2519 1047 τὸ
2549 990 2691 1066 αἷμα
2720 997 2817 1051 τού
2847 999 3021 1053 τύπου
3044 999 3269 1071 ᾐδέσθη,
3294 996 3490 1066 πολλῷ
3527 998 3755 1065 μᾶλλο-νε

2188 1082 2437 1148 διάϐολος
2464 1085 2588 1139 ίδὼν
2616 1087 2676 1140 τὸ
2700 1083 2837 1157 αἷμα
2864 1089 2963 1157 τῆς
2993 1088 3255 1159 ἀληθείας
3295 1090 3360 1142 τὸ
3388 1089 3491 1141 τοῦ
3521 1089 3758 1156 Χριστοῦ,

2190 1178 2310 1246 οὐχὶ
2346 1177 2543 1247 θύραις
2594 1178 3076 1248 ἐπικεχρισμὲνον,
3116 1179 3249 1233 ἀλλά
3282 1180 3363 1247 τῷ
3406 1180 3649 1247 στόματι
3672 1181 3761 1232 τῶν

2192 1268 2433 1331 πιστῶν,
2467 1271 2591 1331 ταῖς
2641 1268 2835 1339 θύραις
2868 1269 3011 1336 λέγω
3055 1269 3151 1322 τοῦ
3203 1270 3462 1339 ἐμψύχου
3505 1269 3639 1321 ναοῦ
3680 1269 3759 1322 τοῦ

2190 1356 2352 1423 Θεοῦ,
2381 1357 2643 1427 φεύξεται
2683 1360 2779 1414 καὶ
2817 1360 3035 1429 μακράν
3076 1378 3179 1413 που
3217 1362 3551 1431 γενήσεται.

2268 1449 2357 1517 ιβ’.
2390 1450 2563 1504 Τοῦτο
2591 1451 2652 1504 τὸ
2682 1451 2784 1521 τῆς
2810 1453 3005 1520 καινῆς
3040 1452 3231 1516 θυσίας
3256 1450 3400 1521 αἷμα
3427 1451 3656 1520 ἐκχυθὲν
3678 1453 3763 1503 πᾶα

2193 1557 2294 1594 σαν
2318 1540 2415 1613 τὴν
2436 1542 2768 1612 οἰκουμένην
2800 1541 3061 1609 ὲξέπλυνε
3085 1556 3101 1571 ·
3130 1542 3289 1595 τοῦτο
3326 1543 3390 1595 τὸ
3422 1535 3567 1608 αἷμα
3598 1543 3652 1589 ἐν
3672 1544 3763 1603 rei;

2192 1632 2386 1694 τύποις
2428 1633 2498 1685 τὰ
2532 1633 2705 1687 ἄδυτα
2738 1635 2926 1687 καὶτὰ
2960 1636 3129 1702 Ἀγια
3150 1634 3260 1687 τῶν
3296 1633 3475 1701 ἁγίων
3505 1632 3760 1699 ὲκάθηρευ

2194 1725 2357 1778 τοῦτο
2383 1726 2445 1779 τὸ
2476 1721 2617 1796 αἷμα
2647 1726 2704 1778 ἑν
2735 1729 2849 1789 τοῖς
2887 1726 3083 1789 τύποις
3117 1727 3176 1780 τὸ
3208 1725 3452 1796 χρυσοῦν
3486 1724 3764 1792 θυσιαστή-

518 1823 793 1893 legalibus
821 1823 1052 1893 ﬁgurato
1097 1825 1390 1881 sacriﬁciis
1440 1842 1548 1880 non
1582 1826 1819 1882 audebat
1848 1827 2092 1896 pontifex

2204 1833 2315 1885 ριον
2342 1817 2539 1887 ἡγίασε
2567 1833 2581 1848 ⁶
2613 1817 2811 1871 τούτου
2844 1820 3020 1888 χωρὶς
3049 1818 3106 1870 ὲν
3135 1819 3261 1880 ταῖς
3288 1818 3558 1887 νομικοῖς
3581 1832 3763 1867 τυπου-

522 1913 577 1967 in
617 1914 779 1985 adyta
827 1916 1040 1985 ingredi
1065 1933 1080 1971 :
1108 1920 1332 1987 sanguis
1360 1918 1448 1973 hic
1480 1918 1532 1972 in
1563 1918 1735 1989 ﬁgura
1778 1919 2093 1976 sacerdotes

520 2007 819 2064 ordinabat
858 2026 873 2063 :
923 2010 1014 2065 hic
1045 2012 1101 2065 in
1154 2009 1325 2081 ﬁgura
1361 2021 1583 2081 peccata
1620 2012 1905 2083 purgabat.
1937 2013 2091 2079 Quod

522 2099 570 2154 si
603 2100 649 2154 is
680 2101 735 2154 in
764 2100 935 2171 ﬁgura
971 2103 1132 2157 talem
1170 2114 1489 2173 tantamque
1514 2106 1625 2159 vim
1659 2105 1853 2160 habuit
1886 2115 1997 2160 tum
2037 2107 2091 2161 in

524 2192 728 2260 templo
766 2192 1147 2261 llebrasorum,
1179 2206 1294 2251 tum
1339 2196 1503 2251 etiam
1549 2198 1604 2251 in
1637 2198 1818 2251 media
1861 2197 2095 2270 Egypto

524 2284 781 2352 postibus
809 2285 1118 2355 inspersus,
1149 2298 1321 2343 multo
1368 2289 1542 2360 magis
1572 2304 1859 2359 postquam
1892 2290 2096 2346 veritas

524 2377 699 2439 venit,
744 2376 936 2431 umbra
986 2380 1363 2448 praeterlapsa.
1406 2379 1463 2435 Si
1512 2381 1760 2435 umbram
1808 2390 2096 2447 tantopere

527 2481 680 2521 mors
716 2470 1029 2535 exhorruit,
1078 2472 1389 2535 veritatem,
1438 2488 1560 2536 oro,
1607 2472 1740 2542 quid
1781 2475 1836 2526 ni
1869 2473 2099 2528 extime-

530 2561 685 2614 scat?
721 2562 820 2616 Hic
846 2572 930 2617 est
955 2563 1264 2617 animarum
1294 2575 1604 2619 nostrarum
1638 2566 1785 2620 salus
1811 2583 1824 2619 :
1870 2565 1975 2620 hoc
2003 2565 2100 2620 de-

526 2654 767 2708 lectatur
796 2656 1002 2716 anima,
1027 2655 1133 2710 hoc
1158 2667 1411 2721 ornatur,
1441 2657 1545 2711 hoc
1575 2657 1946 2711 inﬂammatur
1970 2674 1986 2712 :
2010 2658 2098 2713 hic

526 2743 652 2810 igne
681 2746 1114 2813 splcntlidiurem
1163 2759 1401 2803 mentem
1438 2758 1683 2802 nostram
1721 2748 1901 2803 reddit
1933 2767 1946 2803 :
2009 2749 2100 2804 hic

532 2851 669 2890 auro
704 2837 1052 2907 inlgidiorem
1087 2849 1330 2894 nostram
1373 2840 1610 2893 animam
1645 2841 1773 2895 facit
1810 2859 1823 2895 :
1875 2842 2101 2911 sanguis

532 2925 625 2980 hic
656 2926 949 2996 imaginem
980 2929 1139 2982 nobis
1168 2930 1418 2983 floridam
1444 2940 1703 2999 operatur
1733 2940 1788 2983 et
1820 2932 2056 3000 regalem
2082 2948 2097 2985 :

533 3019 626 3074 hic
661 3021 1013 3090 pulchritudo
1062 3022 1464 3076 inaestimabilis
1502 3034 1582 3076 est
1612 3041 1625 3077 :
1659 3022 1749 3077 hic
1770 3022 2100 3080 ﬁaccescere

529 3118 730 3173 anima:
773 3120 1113 3174 nobilitatem
1151 3135 1259 3172 non
1304 3120 1459 3182 sinit,
1493 3119 1725 3189 irrigans
1756 3135 1875 3174 eam
1923 3120 2102 3175 conti-

2198 1910 2364 1979 μένου
2394 1909 2612 1971 θυσίαις
2664 1910 2765 1963 οὐκ
2792 1910 2992 1979 ἐτόλμα
3025 1912 3052 1962 ὁ
3078 1908 3376 1981 ἀρχιερεὺς
3408 1908 3493 1970 εἰς
3521 1909 3591 1959 τὰ
3614 1908 3765 1961 ἄδυτα

2193 1997 2421 2051 εἰσιᾶναι
2448 2015 2462 2029 ·
2495 1997 2655 2051 τοῦτο
2700 2001 2763 2051 τὸ
2790 1994 2930 2067 αἷμα
2960 2000 3018 2051 ἐν
3048 2001 3159 2075 τοῖς
3198 1996 3396 2059 τύποις
3424 1996 3612 2065 ἱερέας
3643 1996 3767 2065 ἔχει·

2198 2089 2402 2160 ροτόνει
2426 2104 2442 2121 ο
2468 2091 2627 2145 τοῦτο
2663 2091 2941 2161 ἑκάθηρεν
2980 2090 3260 2160 ἁμαρτίας
3304 2091 3363 2142 ἐν
3410 2091 3528 2151 τοῖς
3572 2088 3764 2148 tum;

2196 2182 2262 2237 El
2284 2181 2342 2235 δὲ
2373 2182 2431 2233 ιν
2468 2183 2580 2243 τοῖς
2607 2181 2798 2244 τύποις
2829 2181 3101 2250 τοσαύτην
3130 2180 3289 2249 ἔσχεν
3338 2180 3500 2247 ἰσχὺν
3528 2178 3587 2229 ἐν
3614 2195 3671 2229 τε
3697 2178 3768 2247 τῷ

2196 2274 2312 2344 ναῷ
2368 2274 2479 2326 τῶν
2516 2274 2809 2345 Ἐϐραίων,
2841 2272 2897 2327 ἔν
2959 2291 3020 2326 τε
3065 2272 3329 2339 Αἰγύπτῳ
3383 2271 3531 2340 μέσῃ
3581 2270 3667 2323 ὅτε
3720 2273 3767 2322 αἱ

2198 2366 2353 2434 φλιαὶ
2390 2365 2659 2434 ἐχρίοντο,
2696 2365 2879 2435 πολλῷ
2910 2364 3115 2434 μᾶλλον
3149 2366 3237 2418 ὅτε
3261 2359 3477 2433 ἦλθενή
3528 2362 3760 2429 ἀλήθεια,

2196 2458 2298 2525 τῆς
2351 2458 2512 2519 σκιᾶς
2569 2455 3066 2525 παραδραμούσης.
3117 2455 3179 2508 Εἰ
3230 2454 3333 2523 τὴν
3370 2456 3535 2506 σκιὰν
3564 2452 3771 2514 οὗτοιςὸ

2199 2549 2429 2611 θάνατος
2471 2547 2686 2617 ἔφριξε,
2718 2548 2816 2616 τὴν
2852 2547 3116 2618 ἀλήθειαν
3152 2546 3347 2616 αὐτὴν,
3377 2546 3502 2597 εἰπέ
3535 2561 3642 2613 μοι,
3670 2542 3772 2603 πῶς

2198 2642 2301 2694 οὐκ
2347 2641 2413 2694 ἂν
2461 2640 2741 2709 ἱφοδὴθης
2780 2638 2952 2692 Τοῦτο
2982 2641 3015 2709 η
3049 2639 3295 2707 σωτηρία
3340 2637 3454 2690 τῶν
3503 2636 3773 2707 ἡμετέρων

2198 2729 2389 2800 ψυχῶν
2408 2745 2424 2761 ⁸
2452 2729 2627 2799 τούτῳ
2657 2730 2847 2799 ἥδεται
2870 2731 2904 2798 ἡ
2936 2729 3080 2800 ψυχή
3100 2747 3113 2760 ·
3137 2728 3315 2797 τούτῳ
3345 2727 3769 2790 καλλωπίζεται.

2199 2823 2377 2892 τούτῳ
2421 2819 2723 2893 πυροῦται·
2762 2820 2922 2874 τοῦτο
2957 2822 3129 2890 πυρὸς
3178 2821 3571 2890 λαμπρότερον
3625 2817 3771 2887 ἔργά-

2202 2913 2353 2977 ζεται
2376 2915 2469 2966 τὸν
2492 2914 2615 2965 νοῦν
2644 2912 2737 2965 τὸν
2764 2912 3042 2983 ἡμέτερον
3066 2926 3083 2944 ο
3114 2912 3275 2964 τοῦτο
3316 2912 3553 2980 χρυσίου
3579 2909 3773 2976 φαιδρο-

2201 3005 2366 3075 τέραν
2413 3004 2509 3075 τὴν
2560 3004 2743 3075 ψυχὴν
2798 3008 2974 3056 ποιεῖ’
3009 3003 3171 3056 τοῦτο
3200 3002 3262 3055 τὸ
3298 2998 3445 3071 αἷμα
3476 3004 3579 3069 τὴν
3608 3001 3771 3053 εἰκόνα

2202 3097 2335 3166 ἡμῖν
2363 3096 2609 3167 ἀνθηρὰν
2638 3096 2934 3166 ἐργάζεται
2972 3094 3071 3166 τὴν
3108 3094 3401 3166 βασιλικήν
3424 3110 3441 3126 ο
3472 3093 3637 3145 τοῦτο
3660 3094 3773 3145 καὶ-

528 3225 639 3264 nno
662 3219 718 3264 et
758 3210 1069 3265 enutriens.
1102 3208 1237 3264 Nam
1278 3210 1505 3278 sanguis
1535 3210 1623 3264 ille
1649 3211 1742 3279 qui
1779 3227 1809 3265 a
1837 3210 1975 3266 cibis
2001 3227 2098 3265 no-

2204 3184 2297 3246 λος
2348 3185 2668 3254 ἀμήχανον·
2719 3184 2882 3237 τοῦτο
2929 3184 3403 3255 ἀπομαρανθῆναι
3458 3183 3563 3251 τῆς
3613 3183 3776 3252 ψυχῆς

528 3298 616 3354 bis
648 3310 889 3365 creatur,
922 3301 1068 3354 haud
1092 3302 1239 3355 illico
1266 3300 1523 3365 eﬁicitnr,
1543 3303 1637 3355 sed
1664 3301 1810 3355 aliud
1835 3300 2101 3370 quiddam

529 3403 697 3447 antea
733 3394 812 3447 ﬁt.
849 3393 970 3448 Non
1006 3395 1082 3448 ita
1118 3404 1299 3449 tamen
1352 3395 1464 3455 hic.
1496 3393 1590 3449 sed
1626 3396 1864 3447 animam
1917 3394 2102 3448 statim

530 3485 747 3557 irrigat,
780 3495 837 3542 et
866 3502 1117 3558 magnam
1152 3486 1446 3556 quamdam
1479 3486 1590 3539 vim
1622 3486 1835 3541 inserit.
1870 3487 2106 3556 Sanguis

533 3577 625 3633 hic
661 3580 753 3633 vix
793 3579 1002 3634 eﬁ‘usus
1052 3579 1254 3635 caelum
1307 3578 1574 3644 grailibile
1605 3578 1753 3634 fecit.
1798 3578 2106 3634 Tremenda

535 3687 668 3726 vere
702 3682 831 3725 sunt
867 3671 1132 3727 Ecclesia:
1160 3671 1365 3727 Christi
1412 3670 1711 3744 mysteria!
1760 3672 2105 3728 tremendum

533 3778 666 3821 vere
693 3765 865 3822 altare
895 3765 1008 3821 esti

609 4002 699 4057 15.
724 4002 1071 4057 Ascendebat
1094 4001 1162 4058 de
1195 4004 1451 4074 paradiso
1484 4006 1626 4068 fons.
1664 4008 1970 4063 materialia
2005 4009 2108 4064 ﬁu-

540 4093 690 4149 mina
740 4101 1004 4149 erurtans
1037 4111 1053 4149 :
1086 4110 1153 4149 ex
1200 4094 1305 4149 bac.
1353 4110 1509 4150 sacra
1546 4113 1732 4152 mensa
1787 4098 1910 4153 fons
1960 4099 2108 4161 salit,

539 4186 806 4254 spiritalia
852 4187 1081 4241 ﬁumina
1128 4192 1404 4244 emittens.
1444 4191 1605 4246 Circa
1657 4191 1909 4246 divinum
1962 4192 2111 4246 hunc

538 4277 746 4333 fontem
778 4278 918 4332 haud
943 4278 1140 4333 salices
1169 4279 1524 4335 infructuosae
1556 4282 1810 4351 plantatze
1836 4292 1987 4349 sunt,
2011 4282 2109 4339 sed

539 4370 767 4423 arbores
796 4368 863 4423 ad
895 4384 1068 4439 usque
1092 4371 1291 4426 cwlum
1320 4388 1441 4428 sese
1463 4375 1802 4437 attollentes,
1829 4377 2112 4444 tempesti-

536 4477 670 4517 vum
702 4461 948 4517 fructum
976 4463 1251 4520 habentes
1278 4482 1495 4537 semper
1526 4477 1584 4522 et
1614 4468 2109 4536 ineorruptibilem.

2205 3278 2306 3343 τὴν
2326 3276 2607 3344 εὐγένειαν
2629 3278 2730 3329 οὐκ
2756 3276 3007 3344 ἀφίησιν,
3031 3276 3195 3345 ἀρδον
3230 3276 3410 3345 αὐτὴν
3432 3274 3675 3343 συνεχῶς
3696 3276 3778 3325 καὶ

2206 3369 2407 3438 τρέφον
2427 3384 2441 3398 ·
2466 3370 2528 3422 τὸ
2560 3368 2658 3436 μιν
2691 3369 2799 3438 γὰρ
2846 3367 2953 3422 ἀπὸ
2983 3368 3092 3420 τῶν
3140 3368 3330 3421 σιτίων
3367 3370 3508 3437 ἡμῖν
3544 3363 3682 3436 αἷμα
3705 3383 3777 3434 τις

2206 3461 2453 3531 νόμενον,
2477 3461 2579 3513 οὑκ
2627 3459 2832 3524 εὐθέως
2875 3461 3036 3514 τοῦτο
3063 3460 3302 3527 γίνεται,
3338 3460 3458 3514 ἀλλ’
3489 3460 3776 3531 ἓτερόντι·

2206 3552 2365 3607 τοῦτο
2390 3553 2447 3606 δὲ
2475 3554 2576 3623 οὐχ
2605 3552 2802 3617 οὕτως,
2841 3554 2957 3606 ἀλλ’
2996 3553 3202 3616 εὐθέως
3257 3558 3359 3623 τὴν
3404 3554 3591 3624 ψυχὴν
3622 3554 3773 3622 ἄρδει,

2208 3648 2303 3700 καὶ
2330 3645 2574 3713 μεγάλην
2604 3645 2729 3699 τινὰ
2778 3644 3012 3715 δύναμιν
3059 3646 3302 3713 ἐμποιεῖ.
3334 3645 3521 3699 Τοῦτο
3564 3646 3774 3716 ἐξεχύθη

2208 3738 2270 3793 τδ
2305 3735 2468 3807 αἷμα,
2492 3740 2586 3792 καὶ
2613 3738 2706 3791 τὸν
2732 3739 2965 3807 οὐρανὸν
2988 3739 3217 3807 ἐποίησε
3251 3739 3439 3809 βατόν.
3474 3740 3688 3807 Φρικτά
3707 3740 3780 3792 θν-

2207 3847 2316 3892 τως
2347 3831 2417 3883 τὰ
2447 3830 2724 3901 μυστήρια
2763 3830 2866 3899 τῆς
2900 3829 3231 3900 Ἐκκλησίας
3262 3831 3537 3903 Χριστοῦ·
3570 3835 3780 3904 φρίιτδν

2209 3924 2379 3985 ὅντως
2410 3924 2473 3976 τὸ
2502 3922 2913 3993 θυσιαστήριον.

2286 4019 2376 4081 ιγ’.
2436 4012 2749 4065 ’Δνέσαινεν
2798 4016 2866 4067 ὲκ
2913 4012 3009 4065 τοῦ
3055 4014 3391 4084 παραδείσου
3433 4016 3595 4086 πηγὴ
3629 4034 3780 4071 ποτα-

2216 4105 2351 4174 μοὺς
2374 4104 2670 4173 αἰσθητοὺς
2693 4106 2919 4172 ἀφιεῖσα
2942 4120 2955 4134 ·
2982 4105 3091 4159 ἀπὸ
3128 4107 3225 4175 τῆς
3251 4107 3408 4176 ιερᾶς
3436 4106 3649 4175 ταύτης
3672 4125 3782 4176 apa-

2214 4196 2385 4265 πέζης
2406 4196 2581 4252 ἄνεισι
2612 4196 2765 4264 πηγὴ
2800 4196 3082 4262 ποταμοὺς
3106 4197 3336 4265 ἀφιεῖσα
3363 4198 3779 4267 πνευματικῶς*

2214 4289 2365 4357 παρὰ
2396 4287 2602 4357 ταύτην
2650 4288 2750 4357 τὴν
2783 4288 2937 4339 θείαν
2971 4290 3156 4358 πηγὴν
3201 4292 3615 4359 πεφυτευμέναι
3660 4294 3782 4344 εἰσὶν

2212 4384 2313 4433 οὐκ
2333 4381 2477 4433 ἰτέαι
2499 4380 2761 4448 ἄκαρποι,
2786 4379 2926 4432 ἀλλά
2946 4380 3141 4449 δένδρα
3170 4382 3304 4451 πρὸς
3329 4384 3503 4436 αὑτὸν
3528 4385 3779 4452 φθὰνσντ]

2214 4469 2307 4522 τὸν
2341 4469 2590 4537 οὐρανὸν,
2618 4469 2831 4540 καρπὸν
2862 4470 3061 4539 ἔχοντα
3111 4470 3321 4540 ὦριμον
3375 4474 3469 4526 ἀεὶ
3518 4475 3618 4527 καὶ
3657 4478 3779 4543 ἀμάς

541 4557 599 4611 Si
633 4558 758 4627 quis
792 4568 1008 4623 aestuat,
1043 4564 1111 4613 ad
1144 4561 1291 4615 hunc
1320 4562 1524 4618 fontem
1551 4564 1756 4629 veniat,
1789 4572 1846 4618 et
1868 4564 2098 4618 calorem

2215 4576 2429 4631 ραντον.
2464 4558 2531 4612 Εἴ
2562 4576 2649 4622 τις
2693 4558 3016 4625 καυσοῦται,
3052 4566 3205 4629 παρα
3239 4563 3447 4632 ταύτην
3482 4567 3669 4632 ἡκέτω
3696 4567 3777 4631 τὴν

541 4646 887 4717 refrigeret:
946 4651 1091 4705 levat
1130 4652 1277 4705 enim
1335 4653 1709 4716 testuationes,
1765 4662 1822 4707 et
1878 4654 2106 4707 ardores

534 4758 727 4799 manes
769 4751 1060 4812 temperat,
1112 4761 1221 4800 non
1273 4762 1369 4800 eos
1416 4747 1511 4815 qui
1548 4763 1579 4801 a
1617 4747 1755 4809 sole,
1786 4746 1881 4800 sed
1928 4747 2022 4814 qui
2076 4764 2106 4802 a

536 4837 739 4892 diaboli
779 4839 904 4893 telis
956 4838 1132 4908 igneis
1171 4856 1186 4893 :
1245 4853 1483 4905 namque
1515 4837 1783 4907 originem
1814 4838 2105 4893 desursum

535 4933 726 4994 habet,
757 4940 816 4985 et
863 4931 991 4985 inde
1029 4931 1293 4994 radicem,
1324 4930 1470 4985 unde
1518 4940 1574 4984 et
1604 4931 1887 5000 irrigatur.
1923 4930 2109 4985 Multi-

538 5042 649 5096 que
679 5036 807 5079 sunt
839 5025 1004 5094 hujus
1035 5023 1205 5077 fontis
1234 5022 1421 5085 rivuli,
1447 5037 1586 5090 quos
1619 5023 1823 5075 emittit
1853 5020 2106 5077 Paracle-

542 5130 671 5175 tus:
704 5129 760 5174 et
784 5118 1055 5171 mediator
1087 5116 1261 5169 Filius
1292 5126 1398 5177 est,
1450 5115 1596 5169 haud
1640 5116 1879 5185 ligonem
1914 5127 2109 5171 tenens

538 5212 795 5280 viamque
828 5212 1105 5270 muniens,
1125 5208 1221 5262 sed
1243 5207 1503 5263 aﬁ‘cctum
1534 5217 1781 5261 nostrmn
1811 5209 2104 5265 suscitans.

541 5303 645 5357 llic
683 5312 768 5357 est
797 5299 1262 5355 honoratissimus
1302 5300 1448 5361 fons,
1482 5300 1643 5358 lucis.
1686 5300 1932 5366 inquam,
1964 5300 2109 5363 fons,

502 5456 505 5457 ν
538 5395 792 5450 veritatis
843 5394 1026 5447 radios
1055 5392 1353 5460 ejaculaus.
1394 5390 1778 5446 Venerabilem
1818 5394 1961 5446 hunc
1994 5393 2113 5446 fon-

543 5495 651 5541 tem
686 5502 947 5555 superna:
980 5501 1201 5554 quoque
1238 5484 1471 5538 virtutes
1513 5484 1951 5543 circumsistunt.
1985 5484 2109 5553 pul-

2210 4652 2415 4722 πηγὴν,
2443 4653 2534 4704 καὶ
2566 4652 2930 4722 καταψυχὲτω
2968 4655 3061 4707 τὸν
3092 4660 3336 4708 καύσονα
3358 4673 3372 4686 ·
3411 4660 3509 4709 καὶ
3531 4660 3638 4726 γὰρ
3662 4661 3776 4725 :51-

2214 4748 2346 4815 μοὺς
2386 4745 2525 4805 λύει,
2552 4745 2646 4799 καὶ⁵
2690 4746 2759 4798 τὰ
2787 4746 2984 4816 διακαῆ
3038 4748 3221 4802 πάντα
3254 4750 3691 4819 παραμυθεῖται,
3723 4750 3772 4800 σύ

2208 4840 2278 4891 τὰ
2308 4841 2366 4903 ἐξ
2398 4838 2572 4907 ἡλίου,
2602 4838 2738 4891 ἀλλά
2772 4839 2839 4893 τὰ
2871 4840 2980 4892 ἀπὸ
3030 4841 3136 4893 τῶν
3188 4841 3280 4893 τοῦ
3333 4842 3587 4896 διαϐόλου
3624 4844 3776 4913 βελῶν

2209 4933 2318 4984 τῶν
2350 4933 2770 5000 πεπυρωμένων
2793 4949 2807 4962 ·
2834 4933 2929 4985 καὶ
2952 4933 3061 5003 γὰρ
3086 4935 3187 5002 τὴν
3212 4934 3393 5005 ἀρχὴν
3420 4937 3637 4990 ἄνωθεν
3652 4939 3772 5005 ἔχει,

2210 5024 2305 5077 καὶ
2327 5026 2425 5094 τὴν
2449 5025 2604 5095 ῥίζαν
2632 5026 2861 5088 ἐκεῖθεν,
2893 5027 3014 5079 ὅθεν
3044 5028 3138 5078 καὶ
3161 5027 3408 5094 ἄρδεται.
3451 5030 3643 5081 Πολλοὶ
3664 5031 3776 5081 ταύ-

2207 5133 2307 5185 της
2348 5119 2446 5185 τῆς
2492 5116 2680 5185 πηγῆς
2710 5118 2760 5169 οἱ
2795 5117 3020 5186 ρύακες,
3051 5118 3145 5181 οὒς
3173 5121 3404 5187 ἀφίησιν
3432 5123 3464 5172 δ
3502 5123 3776 5190 [lapith-

2207 5224 2298 5270 τος
2318 5222 2333 5236 ·
2369 5207 2466 5260 καὶ
2502 5209 2729 5278 μεσίτης
2761 5210 2789 5260 ὁ
2821 5207 2948 5270 Υἱὸς
2983 5209 3220 5276 γίνεται,
3249 5210 3310 5262 ού
3362 5210 3619 5263 δίκελλαν
3652 5215 3775 5277 ἔχων

2211 5299 2495 5359 ὁδοποιῶν,
2528 5298 2665 5352 ἀλλὰ
2688 5298 2787 5367 τὴν
2819 5298 3060 5352 διάθεσιν
3083 5300 3318 5367 ἀνοίγων
3347 5300 3449 5370 τὴν
3474 5300 3609 5369 παρ’
3633 5303 3771 5371 ἡμῖν.

2212 5391 2363 5459 Αὖτη
2397 5392 2429 5460 ἡ
2458 5391 2728 5459 πάντιμος
2774 5392 2925 5460 πηγὴ
2962 5390 3138 5464 φωτός
3187 5395 3306 5445 ἐστι
3349 5392 3527 5463 πηγὴ,
3551 5394 3771 5445 ἀναϐλύ-

2214 5482 2382 5545 (eum
2411 5484 2510 5552 τῆς
2559 5483 2817 5550 ἀληθείας
2852 5484 3101 5543 ἀκτῖνας.
3155 5483 3341 5556 Ταύτῃ
3390 5488 3458 5554 τῇ
3509 5485 3774 5553 σεδασμὶᾳ

540 5580 911 5634 chritudinem
967 5578 1302 5632 ﬂuentorum
1356 5578 1477 5647 ejus
1531 5577 1819 5630 mirantes.
1875 5576 1993 5630 Non
2054 5587 2098 5630 et

2215 5579 2366 5646 πηγῇ
2421 5577 2515 5629 καὶ
2560 5577 2617 5627 ai
2667 5577 2779 5629 ἄνω
2817 5575 3205 5644 παρεστήκασι
3238 5576 3519 5647 δυνάμεις,
3559 5578 3697 5647 πρὸς
3724 5574 3772 5626 τὲ

546 5672 753 5726 clarius
838 5688 1003 5743 quam
1076 5686 1180 5726 nos
1246 5671 1433 5725 vident
1495 5670 1619 5741 ,illae
1702 5669 2098 5739 prepositoruu

2218 5668 2418 5731 κάλλος
2447 5667 2713 5737 ἐνορῶσαι
2742 5668 2850 5720 τῶν
2887 5663 3122 5737 ῥείθρων
3142 5683 3156 5698 ο
3180 5669 3370 5740 ἐπειδὴ
3398 5670 3494 5724 καὶ
3522 5672 3775 5739 captass-

619 5854 698 5925 (l)
718 5853 917 5911 Confer
952 5853 1429 5926 Chrysostomum,
1456 5850 1842 5920 t.\’ll,homil.
1864 5849 2127 5908 ιχηιι.
2172 5850 2219 5915 l,
2252 5848 2306 5903 in
2336 5848 2528 5906 Matth.
