3904 6570
130 396 225 464 9ὃ1

1418 387 1778 461 ΕΤΙΙΙΟΟΝ
1806 395 1974 460 VIII.

3288 404 3407 470 962‘

124 531 217 588 ρον
254 518 413 587 ἡμῶν
457 519 666 573 ἐκεῖναι
716 516 827 571 τῶν
883 510 1267 587 προκειμένων
1298 509 1571 583 θεωροῦσι
1600 510 1703 582 τὴν

1820 522 2114 562 munerum
2168 506 2280 561 vim
2339 523 2647 581 eorumque
2695 512 3025 583 Splendores
3056 513 3395 574 inaccessos.

122 609 371 680 δύναμιν,
430 611 527 664 καὶ
576 613 677 673 τὰς
733 607 1115 681 μαρμαρυγὰς
1166 604 1267 667 τὰς
1320 603 1653 674 ἀπροσίτους
1684 620 1700 635 ⁸

1810 601 1967 657 Sicut
2030 603 2179 657 enim
2235 616 2372 657 auro
2420 604 2720 673 liquefacto
2785 609 2985 677 siquis
3018 626 3239 666 manum
3295 620 3391 666 aut

122 701 165 756 ὦ
199 719 305 772 περ
343 704 452 772 γὰρ
476 700 681 773 χρυσοῦ
720 699 1048 771 τηκομένου,
1073 697 1139 752 ἀν
1171 713 1234 750 τε
1272 696 1371 764 τὴν
1417 694 1581 765 χεῖρά
1620 712 1705 759 τις

1820 694 2049 763 inguam
2100 694 2338 764 injiciat.
2387 710 2613 750 auream
2660 697 2810 754 illico
2840 698 3009 765 facit;
3040 700 3116 756 ita
3169 716 3399 771 prorsus

120 793 375 865 ἐμϐάλοι,
401 794 469 848 ἂν
502 811 561 847 τε
593 793 693 864 τὴν
720 793 992 861 γλῶτταν,
1024 791 1241 860 χρυσῆν
1277 785 1483 848 εὐθέως
1533 785 1706 855 αὐτὴν

121 887 381 957 ἐποίησεν
402 904 416 918 ο
443 887 588 940 οὕτω
620 886 685 956 δὴ
733 890 829 938 και⁹
860 883 1096 937 ἐνταῦθα
1129 880 1231 952 τὴν
1263 880 1444 950 ψυχὴν
1477 876 1707 949 ἐργάζε-

118 995 205 1031 ται
230 978 303 1031 τὰ
337 977 705 1047 προκείμενα”
730 975 924 1040 ἀναζεῖ
959 975 1059 1046 μὲν
1108 974 1218 1042 γὰρ
1252 972 1427 1042 πυρὸς
1479 971 1709 1042 σφοδρό-

118 1068 276 1138 τερον
305 1071 333 1123 6
362 1069 624 1135 πανάγιος
655 1060 809 1132 οὗτος
838 1066 1108 1134 ποταμὸς,
1141 1064 1259 1121 ἀλλῗ
1283 1064 1344 1118 οὐ
1374 1064 1543 1125 καίει,
1569 1063 1708 1117 ἀλλὰ

122 1161 377 1231 βαπτίζει
412 1161 576 1231 μόνον
618 1161 757 1229 ὅπερ
809 1158 875 1213 ἂν
905 1158 1069 1229 λάϐῃ.
1116 1157 1288 1211 Τοῦτο
1315 1154 1378 1209 τὸ
1415 1153 1708 1228 ἱερώτατον

120 1249 261 1323 αἷμα
284 1255 493 1309 ἀνωθεν
527 1251 908 1323 προετυποῦτο
955 1253 1043 1305 ἀεὶ
1077 1253 1136 1305 ἐν
1180 1252 1614 1325 θυσιαστηρίοις,
1650 1251 1709 1301 ἐν

118 1346 348 1400 δικαίων
392 1348 669 1415 σφαγαῖς·
718 1343 943 1411 τοῦτοή
996 1341 1134 1413 τιμὴ
1186 1343 1288 1410 τῆς
1339 1341 1705 1412 οίκουμένης·

120 1435 301 1508 τούτῳ
346 1437 591 1507 ἠγόρασε
642 1433 742 1506 τὴν
800 1432 1132 1502 Ἐκκλησίαν
1157 1437 1185 1487 6
1220 1432 1456 1505 Χριστός
1485 1448 1501 1465 ο
1529 1435 1710 1503 τούτῳ

121 1526 553 1597 κατεκόσμησεν
586 1526 759 1595 αὐτην
788 1524 1009 1578 ἃπασαν
1033 1538 1048 1555 ⁸
1074 1523 1334 1593 καθάπερ
1358 1522 1468 1594 γὰρ
1494 1523 1709 1592 ἀνθρω-

121 1636 225 1681 πος
255 1618 475 1682 οἰκέτας
500 1615 834 1684 ὠνούμενος,
878 1614 1063 1669 δίδωσι
1096 1615 1345 1685 χρυσίον,
1381 1615 1475 1668 καὶ
1504 1614 1714 1684 καλλω-

122 1710 284 1763 πίσαι
314 1709 477 1763 πάλιν
506 1709 637 1763 αὐτο
652 1708 711 1770 ὓς
745 1706 1097 1779 βουλόμενος,
1126 1703 1314 1777 χρυσῷ
1341 1707 1502 1759 τοῦτο
1532 1709 1708 1761 ποιεί·

120 1800 271 1855 οὕτω
324 1800 419 1854 καὶ
478 1802 508 1853 6
566 1798 801 1869 Χριστὸς
864 1798 1139 1870 ἠγόρασεν
1194 1800 1345 1869 ἡμᾶς
1398 1799 1593 1867 αἵματι
1631 1798 1711 1872 τῷ

119 1892 333 1963 οἰκείῳ,
366 1892 459 1944 καὶ
492 1891 798 1961 ἐκόσμησεν
825 1891 971 1960 ἡμᾶς
1002 1889 1177 1960 τούτῳ
1211 1890 1285 1960 τῷ
1312 1889 1528 1961 αἵματι.

195 1982 282 2036 ιδ’.
307 1983 636 2053 Προσίωμεν
667 1981 849 2036 τοίνυν
876 1984 943 2054 τῇ
976 1985 1216 2053 μυστικῇ
1255 1982 1431 2055 ταύτῃ
1456 1983 1713 2056 τραπέζῃ

111 2073 270 2144 μετά
300 2076 505 2137 παντὸς
533 2074 723 2144 φόϐου,
750 2078 845 2127 καὶ
895 2074 1258 2145 συνειδήσεως
1309 2077 1584 2145 καθαρᾶς,
1617 2078 1713 2131 καὶ

119 2169 457 2223 ἀδιστάκτου
495 2168 759 2234 πίστεως,
815 2168 912 2222 καὶ
965 2168 1148 2222 πάντα
1197 2169 1351 2221 ἐσται
1381 2169 1517 2239 ἡμῖν
1571 2169 1713 2223 καθὰ

124 2262 461 2333 πιστεύομεν
509 2262 586 2334 μὴ
619 2261 985 2326 διστάζοντες.
1016 2262 1089 2315 T6
1121 2260 1178 2313 δὲ
1212 2261 1535 2331 προσελθεῖν
1570 2262 1713 2333 μετά

123 2356 370 2417 πίστεως
400 2353 460 2405 οὐ
511 2352 573 2405 τὸ
620 2352 810 2406 λαὸεϊν
864 2352 983 2406 ἐστι
1024 2352 1187 2423 μόνον
1221 2356 1281 2407 τὸ
1322 2354 1711 2425 προκείμενον,

121 2447 268 2501 ἀλλὰ
316 2448 412 2501 καὶ
458 2445 520 2500 τδ
572 2444 713 2517 μετά
768 2445 1017 2517 καθαρᾶς
1056 2447 1285 2518 καρδίας
1340 2448 1623 2518 ἅψασθαι·
1652 2449 1714 2501 τὸ

124 2538 274 2593 οὕτω
303 2538 635 2605 δοκεῖσθαι,
674 2538 750 2603 ὡς
800 2539 951 2611 αὐτῷ
998 2541 1327 2611 προσιόντας
1348 2542 1426 2612 τῷ
1447 2542 1670 2613 Χριστῷ
1695 2557 1709 2571 ⁸

122 2632 177 2683 τί
202 2632 338 2701 γὰρ,
373 2632 421 2683 εί
454 2629 530 2702 μὴ
570 2632 757 2702 φωνῆς
791 2631 1089 2703 ἀκούομεν,
1124 2632 1505 2703 φθεγγομένου
1546 2634 1711 2688 αὑτοῦ

120 2725 215 2777 διὰ
246 2724 360 2778 τῶν
389 2723 836 2793 εὐαγγελιστῶν;
873 2724 1234 2792 Πιστεύωμεν
1263 2720 1357 2777 οὖν
1385 2727 1466 2779 ὅτι
1491 2726 1587 2778 καὶ
1618 2724 1712 2778 νῦν

120 2818 308 2869 ἐκεῖνο
343 2816 405 2870 τδ
448 2817 667 2870 δεῖπνόν
699 2818 870 2882 ἐστιν,
899 2816 956 2869 ἐν
988 2810 1032 2885 ᾧ
1064 2817 1161 2869 καὶ
1208 2815 1373 2881 αὐτὸς
1419 2818 1672 2870 ἀνέκειτο
1694 2831 1708 2845 ·
1741 2841 1747 2847 ε

116 2910 287 2962 οὶδέν
316 2909 424 2980 γὰρ
456 2911 631 2963 ἐκεῖνο
659 2908 849 2965 τούτου
882 2910 1193 2980 διενήνοχεν
1214 2926 1228 2942 ο
1261 2910 1382 2964 οὐδὲ
1418 2912 1525 2981 γὰρ
1553 2911 1713 2965 τοῦτο

122 3002 230 3069 μὲν
263 3000 550 3070 ἄνθρωπος
577 2999 897 3071 ἐργάζεται,
932 3003 1111 3055 ἐκεῖνο
1128 3002 1184 3055 δὲ
1217 3003 1380 3066 αὐτὸς
1404 3005 1431 3056 6
1454 3003 1711 3074 Χριστὸς,

122 3092 273 3145 ἀλλὰ
304 3094 403 3145 καὶ
438 3091 600 3145 τοῦτο
646 3093 871 3145 κάκεῖνο
900 3094 928 3146 ὁ
962 3093 1147 3158 αὑτός.
1179 3094 1351 3146 Ὀταν
1394 3095 1575 3148 τοίνυν
1622 3096 1715 3148 τὸν

123 3186 287 3255 ἱερέα
317 3183 620 3237 ἐπιδιδόντα
646 3186 779 3255 ἡμῖν
807 3188 1032 3255 ίδωμεν,
1071 3185 1146 3258 μὴ
1175 3186 1270 3239 τὸν
1292 3186 1443 3256 ἱερέα
1473 3186 1712 3255 νομίζω-

127 3295 263 3345 μεν,
312 3278 405 3331 τὸν
455 3278 617 3332 τοῦτο
668 3278 955 3345 ποιοῦντα,
979 3279 1115 3332 ἀλλά
1150 3280 1250 3350 τὴν
1286 3277 1525 3351 Χριστοῦ
1554 3284 1713 3351 χεῖρα

121 3370 231 3439 τὴν
262 3371 651 3441 ἐκτεινομένην
674 3386 688 3401 ⁶
717 3370 910 3442 ὥσπερ
942 3370 1052 3442 γάρ
1081 3372 1213 3425 ὅταν
1242 3371 1579 3442 βαπτίζηταί
1606 3390 1713 3435 τις.

120 3463 230 3531 οὐχ
260 3463 287 3515 6
319 3463 500 3532 ἱερεὺς
536 3462 653 3516 ἀλλ’
688 3462 715 3515 6
749 3463 884 3527 Θεός
941 3463 1090 3516 ἐστιν
1139 3464 1169 3517 6
1218 3464 1468 3534 κατέχων
1516 3464 1712 3518 τούτου

120 3554 229 3623 τὴν
262 3554 509 3624 κεφαλὴν
541 3554 762 3625 ἀοράτῳ
787 3554 1041 3625 δυνάμει,
1070 3556 1166 3608 καὶ
1189 3554 1312 3608 οῦτε
1334 3555 1565 3623 ἄγγελος
1589 3554 1714 3609 οὔτε

119 3645 477 3715 ἀρχάγγελος
511 3646 638 3699 οῦτε
692 3646 852 3709 ἀλλος
897 3663 983 3710 τις
1016 3646 1197 3718 τολμᾷ
1247 3645 1574 3715 προσελθεῖν
1624 3649 1712 3700 καὶ

118 3736 377 3806 ἅψασθαι
405 3754 421 3769 ο
448 3737 592 3792 οὓτω
614 3739 712 3792 καὶ
744 3738 840 3791 νῦν
861 3738 1093 3807 γίνεται.
1123 3739 1237 3811 Καὶ
1252 3738 1412 3808 δῆλον
1438 3738 1712 3792 ἐντεῦθεν

118 3827 202 3891 ὡς
234 3828 347 3899 γὰρ
380 3829 440 3882 ἐν
488 3828 567 3898 τῷ
620 3829 966 3901 βαπτίσματι
1012 3830 1072 3883 οὐ
1108 3828 1263 3899 λέγει
1288 3832 1317 3884 6
1355 3832 1558 3900 ἱερεὺς,
1605 3831 1713 3885 Βα-

116 3919 307 3983 πτίζω
336 3920 427 3973 τὸν
449 3920 618 3989 δεῖνα,
653 3922 789 3975 ἀλλά
825 3922 1157 3988 Βαπτίζεται
1187 3923 1288 3993 (ι).
1320 3924 1538 3988 πάντως
1566 3924 1717 3993 παρὰ

116 4014 230 4081 τῆς
284 4011 598 4083 ἀδιαιρέτου
660 4016 758 4067 καὶ
803 4015 1099 4085 δμοουσίου
1131 4014 1366 4078 Τριάδος
1394 4031 1408 4044 ·
1435 4015 1527 4068 τὸν
1552 4015 1717 4068 αὐτὸν

115 4105 178 4160 δέ
207 4107 415 4176 τρόπον
447 4106 730 4161 κάνταῦθα
764 4108 825 4160 οὐ
876 4108 1053 4177 λέγει,
1080 4107 1207 4162 Θύω
1251 4108 1364 4177 ἐγὼ
1414 4107 1508 4162 τὸν
1543 4108 1717 4179 ἀμνὸν

114 4196 226 4250 τοῦ
255 4197 419 4263 Θεοῦ,
458 4198 600 4253 ἀλλὰ
615 4198 824 4254 Θύεται
855 4202 1073 4272 ὁάμνὺς
1109 4201 1206 4255 τοῦ
1241 4199 1402 4267 Θεοῦ,
1442 4203 1603 4267 αὐτὸς
1627 4203 1718 4258 οὖ-

115 4307 218 4353 τος
246 4288 452 4361 δηλαδὴ
505 4291 703 4346 ἐαυτὸν
750 4293 1065 4364 ῐερουργῶν
1095 4294 1318 4367 εὐδοκία
1356 4294 1593 4365 Πατρδς,
1620 4295 1718 4348 καὶ

118 4378 403 4451 συνεργία
452 4379 547 4433 τοῦ
585 4380 749 4449 ἁγίου
805 4381 1166 4453 Πνεῦματοςο
1218 4384 1315 4437 καὶ
1349 4382 1517 4452 θύτης
1566 4380 1643 4436 ὢν
1692 4385 1719 4437 6

1742 3222 1784 3280 C

115 4473 317 4536 αὐτὸς,
345 4472 442 4524 καὶ
470 4471 643 4543 θῦμα,
682 4474 777 4528 καὶ
808 4474 1271 4545 προσδεχόμενος,
1295 4474 1391 4529 καὶ
1416 4474 1720 4545 διαδιδόμε-
1758 4518 1781 4531 .

1744 4559 1798 4621 D
1822 4567 2105 4637 excipiens
2131 4578 2188 4622 et
2218 4567 2482 4624 oﬂ'erens.

115 4583 241 4629 vo;.

200 4659 289 4716 ιε’.
313 4660 599 4715 Διὰτοῦτο
631 4659 707 4726 ὡς
741 4659 817 4731 τῷ
847 4658 1071 4731 Χριστῷ
1099 4659 1177 4731 τῷ
1227 4659 1367 4732 ίερεῖ
1415 4660 1719 4732 προσερχό-

119 4772 314 4827 μενοι,
341 4754 671 4825 τιμήσωμεν
702 4756 855 4825 πάσῃ
885 4752 1227 4822 καθαρότητι
1271 4752 1370 4807 τοῦ
1418 4753 1625 4823 Κυρίου
1656 4752 1719 4805 τὸ

117 4848 320 4917 σῶμα,
350 4846 561 4917 ψυχικῇ
588 4863 649 4899 τε
679 4847 776 4899 καὶ
806 4847 1099 4915 σοιματικῇ
1123 4860 1137 4874 ⁶
1161 4844 1389 4899 διπλοῦν
1423 4845 1534 4915 γάρ
1565 4847 1684 4899 ἐστι
1704 4861 1720 4877 ·

117 4938 531 5010 προσέλθωμεν
561 4939 709 5009 αὐτῷ
744 4938 898 5010 πόθῳ
946 4936 1183 5001 διακαεῖ,
1215 4937 1311 4991 καὶ
1358 4937 1723 5009 σταυροειδῶς

109 5032 228 5094 τὰς
263 5030 525 5100 παλάμας
556 5032 932 5093 τυπώσαντες,
950 5028 1010 5083 τὸ
1040 5029 1203 5098 σῶμα
1225 5027 1320 5081 τοῦ
1362 5027 1723 5098 ἐσταυρωμέ-

114 5140 227 5178 νου
283 5122 710 5192 ὕποδεξὼμεθαο
763 5122 859 5174 καὶ
913 5120 1198 5183 ἐπιθέντες
1251 5118 1566 5189 ὀφθαλμοὺς
1623 5118 1719 5170 καὶ

114 5215 292 5286 χείλη
342 5215 440 5267 καὶ
477 5215 727 5285 μέτωπα,
754 5213 847 5266 τοῦ
877 5211 1027 5265 θείου
1075 5209 1351 5280 ἄνθρακος
1401 5207 1719 5280 μεταλάὸω-

122 5306 431 5373 μεν,ὂπως
478 5303 794 5372 καταφλέξῃ
821 5304 918 5365 τὰς
953 5301 1231 5372 ἁμαρτίας
1277 5300 1458 5371 ἡμῶν,
1482 5301 1576 5353 καὶ
1609 5318 1720 5369 φω-

114 5396 261 5468 -τίσῃ
296 5395 395 5458 τὰς
423 5395 652 5466 καρδίας
687 5395 869 5465 ἡμῶν,
904 5396 1003 5449 καὶ
1030 5396 1098 5465 τῇ
1149 5394 1413 5464 μετουσίᾳ
1443 5393 1537 5446 τοῦ
1573 5392 1717 5447 θείου

117 5490 313 5557 πυρὸς
358 5489 739 5560 πυρωθῶμενο
770 5489 820 5540 οἱ
854 5487 963 5558 γὰρ
1007 5486 1198 5540 τούτου
1235 5485 1554 5557 μετέχοντες
1582 5486 1719 5555 μετὰ

110 5582 386 5651 ἀγγέλωι
433 5584 524 5634 καὶ
576 5582 940 5650 ἀρχαγγέλων
974 5582 1068 5632 καὶ
1108 5579 1217 5632 τῶν
1265 5580 1378 5633 ἅνω
1430 5578 1720 5646 δυνάμεων

114 5675 459 5745 ἑστήκασιν,
508 5675 678 5744 αὐτὴν
737 5675 1122 5744 περικείμενοι
1178 5670 1274 5724 τοῦ
1331 5668 1569 5741 Χριστοῦ
1621 5671 1721 5739 τὴν

207 5794 289 5863 (l)
331 5792 455 5850 Ilaec
505 5806 589 5852 cst
643 5796 906 5853 nimirum
943 5792 1259 5865 baptizandi
1332 5789 1568 5846 lorumla
1605 5789 1752 5861 apud
1826 5790 2044 5848 Gm‘cos
2090 5809 2105 5845 :

118 5866 371 5931 baptizo.

1810 785 1900 841 hic
1957 787 2125 843 etiam
2178 791 2461 858 proposita
2508 790 2770 860 mysteria
2828 792 3069 847 animam
3125 793 3394 851 efﬁciunt.

1809 878 2009 935 Fervet
2051 880 2198 933 enim
2233 882 2360 949 igne
2392 881 2779 937 vehementius
2827 884 3244 942 sanctissimum
3288 887 3394 941 llu-

1811 986 1935 1025 mcn
1975 972 2112 1037 hoc;
2159 983 2217 1027 at
2256 988 2364 1026 non
2400 974 2606 1036 exurit,
2657 974 2754 1030 sed
2811 974 2960 1031 lavat
3013 982 3401 1035 tantummodo

1809 1065 2079 1136 quidquid
2132 1066 2493 1136 corripuerit.
2551 1066 2653 1124 llic
2698 1070 3121 1127 sacratissimus
3173 1076 3400 1145 sanguis

1812 1158 2124 1227 antiquitus
2160 1173 2381 1228 semper
2426 1160 2889 1230 prazllgurabatur
2917 1162 2971 1216 in
3015 1162 3304 1227 altaribus,
3340 1167 3397 1221 in

1808 1248 2085 1318 iustorum
2148 1250 2416 1305 candidus.
2470 1250 2573 1306 IIic
2626 1253 2854 1321 sanguis
2908 1258 3149 1323 pretium
3206 1257 3399 1311 mundi

1810 1354 1931 1407 est;
1963 1342 2069 1399 hoc
2095 1342 2400 1399 Ecclesiam
2424 1344 2679 1400 Christus
2706 1349 3088 1416 comparavit;
3114 1347 3220 1403 hoc
3250 1348 3403 1403 illam

1812 1443 1980 1491 totam
2033 1438 2337 1493 exornavit.
2376 1436 2532 1493 Sicut
2563 1438 2711 1493 enim
2768 1440 2935 1495 homo
2963 1456 3157 1499 servos
3185 1457 3402 1508 emens,

1813 1543 2010 1584 aurum
2066 1540 2293 1599 erogat;
2352 1545 2660 1601 rursusque
2698 1547 2797 1588 eos
2854 1548 3131 1589 exornare
3183 1533 3401 1600 volens,

1813 1638 1949 1677 auro
1989 1622 2042 1676 id
2107 1632 2300 1687 curat;
2360 1622 2442 1677 sic
2503 1635 2560 1679 et
2618 1624 2877 1681 Christus
2938 1625 3074 1680 emit
3125 1641 3228 1681 nos
3272 1641 3402 1680 san»

1813 1716 1980 1783 guine
2014 1715 2260 1785 proprio,
2292 1715 2601 1786 eodemque
2640 1715 2749 1772 hoc
2795 1717 3068 1788 sanguine
3096 1731 3200 1774 nos
3230 1731 3407 1773 venu-

1815 1805 2008 1861 stavit.

1892 1985 1983 2041 Η.
2026 1985 2108 2040 Ad
2151 1985 2294 2040 hanc
2335 1985 2522 2056 itaque
2564 1985 2852 2056 mysticam
2888 2002 3139 2042 mensam
3174 1985 3408 2043 acceda-

1818 2096 1943 2134 mus
2004 2094 2132 2134 cum
2176 2079 2326 2133 omni
2384 2080 2603 2143 timore,
2648 2087 2703 2133 et
2753 2079 3097 2133 conscientia
3147 2094 3306 2148 pura.
3344 2087 3403 2134 et

1818 2172 2046 2234 indubia
2081 2172 2206 2236 lide,
2246 2183 2412 2241 atque
2443 2173 2627 2225 omnia
2668 2171 2831 2225 nobis
2873 2180 3039 2227 erunt
3089 2183 3251 2240 prout
3279 2171 3402 2226 sine

1816 2261 2177 2332 ambiguitate
2231 2261 2539 2316 credimus.
2578 2260 2717 2315 Cum
2752 2270 2936 2314 autem
2969 2261 3095 2313 dico
3126 2262 3401 2316 acceden-

1816 2353 1948 2407 dum
1979 2368 2104 2407 cum
2139 2352 2270 2417 llde,
2302 2369 2411 2405 non
2463 2350 2788 2421 accipienda
2844 2352 3227 2406 tantummodo
3279 2368 3403 2407 esse

1816 2460 2046 2499 munera
2079 2444 2338 2507 dico,sed
2361 2444 2558 2499 eadem
2592 2459 2728 2514 puro
2753 2460 2878 2499 cum
2910 2444 3075 2498 c0rde
3096 2445 3398 2515 tangenda:

1814 2549 2047 2603 prorsus
2085 2533 2233 2588 haud
2265 2549 2429 2588 secus
2462 2533 2692 2589 allectos
2730 2549 2832 2588 nos
2870 2549 2993 2589 esse
3048 2535 3197 2597 volo.
3232 2550 3402 2604 quam

1814 2627 1861 2681 si
1896 2627 1962 2681 ad
1994 2626 2274 2681 Christum
2311 2626 2491 2695 ipsum
2516 2628 2855 2689 veniremus.
2876 2625 3016 2693 Quid
3050 2628 3197 2681 enim
3228 2627 3402 2682 inter-

1814 2728 1918 2785 est,
1967 2717 2113 2789 quod
2165 2733 2355 2774 vocem
2408 2720 2526 2790 ejus
2576 2718 2804 2773 minime
2854 2718 3189 2785 audiamus,
3230 2719 3403 2789 siqui-

1817 2810 1943 2866 dem
1984 2826 2085 2880 per
2136 2811 2507 2881 evangelistas
2561 2810 2850 2880 loquitur?
2891 2809 3198 2867 Credamus
3235 2810 3407 2881 igitur

1818 2917 1968 2957 nunc
2015 2918 2238 2972 quoque
2270 2903 2406 2957 illud
2442 2902 2589 2957 idem
2624 2916 2749 2958 esse
2784 2903 3123 2969 convivium,
3153 2904 3222 2958 ad
3256 2905 3404 2972 quod

1818 2995 1937 3065 ipse
1985 2995 2396 3051 accumbebat:
2440 2995 2581 3052 nihil
2619 2995 2770 3051 enim
2818 2994 3154 3052 hodiernum
3206 2996 3276 3052 ab
3307 2997 3405 3052 illo

1818 3086 2004 3142 iliﬂert
2041 3104 2055 3142 :
2093 3102 2276 3157 neque
2333 3086 2440 3141 hoc
2489 3098 2741 3141 nostrum
2776 3086 2946 3141 homo
2979 3087 3231 3153 instruit,
3268 3088 3404 3143 illud

1817 3194 1950 3235 vero
1978 3178 2253 3243 Christus,
2296 3182 2397 3235 sed
2433 3189 2487 3235 et
2519 3180 2626 3235 hoc
2656 3189 2713 3234 et
2752 3180 2891 3235 illud
2945 3181 3089 3236 idem
3123 3180 3401 3237 Christus.

1817 3271 1953 3327 Cum
2007 3288 2139 3341 ergo
2184 3272 2531 3329 sacerdotem
2585 3271 2754 3328 nobis
2785 3274 3163 3344 porrigentem
3206 3274 3407 3329 videri-

1818 3380 2045 3425 mus.ne
2074 3373 2398 3434 reputemus
2420 3366 2772 3420 sacerdotem
2807 3364 2862 3421 id
2886 3381 3072 3435 agere,
3100 3366 3195 3421 sed
3227 3367 3400 3436 ipsam

1816 3457 2026 3514 Christi
2060 3474 2282 3514 manum
2318 3469 2633 3513 extensam.
2665 3459 2820 3515 Sicut
2846 3459 2997 3513 enim
3023 3475 3149 3513 cum
3198 3460 3404 3529 aliquis

1823 3551 2154 3622 baptizatur,
2189 3568 2534 3622 nequaquam
2588 3552 2851 3607 sacerdos
2896 3552 2994 3607 sed
3048 3552 3195 3608 Deus
3248 3554 3400 3609 illius

1817 3654 1986 3715 caput
2020 3653 2172 3700 tenet
2203 3644 2256 3699 vi
2292 3645 2595 3710 invisibili,
2631 3654 2690 3699 et
2739 3660 2922 3714 neque
2955 3646 3185 3716 angelus
3218 3662 3403 3716 neque

1817 3737 2190 3808 archangelus
2224 3752 2409 3807 neque
2463 3737 2611 3793 alius
2653 3737 2888 3807 quilibet
2918 3736 3186 3792 accedere
3234 3740 3434 3794 audet.

1818 3835 1875 3881 et
1902 3838 2154 3899 tangere;
2190 3828 2271 3885 sic
2304 3830 2473 3883 etiam
2510 3843 2659 3883 nunc
2687 3827 2772 3882 ﬁt.
2804 3826 2962 3893 Quod
2994 3827 3125 3884 inde
3151 3822 3405 3884 ostendi‘

1820 3929 1931 3985 tur,
1967 3923 2114 3990 quod
2164 3920 2311 3976 sicut
2354 3921 2411 3976 in
2442 3920 2725 3991 baptismo
2754 3936 2868 3975 non
2916 3921 3055 3976 dicit
3089 3923 3353 3978 sacerdos
3384 3940 3400 3979 :

1820 4011 1932 4082 Ego
1969 4012 2133 4067 talem
2158 4012 2438 4066 hominem
2467 4012 2709 4082 haptizo,
2742 4013 2864 4080 sed,
2888 4013 3039 4067 Talis
3055 4013 3396 4083 baptizatur,

1818 4119 2051 4175 prorsus
2080 4104 2148 4159 ab
2181 4105 2474 4160 individua
2510 4116 2565 4161 et
2596 4106 3056 4163 consubstantiali
3092 4107 3402 4175 Trinitate',

1819 4198 2012 4254 eodem
2044 4198 2209 4254 modo
2239 4198 2331 4255 hic
2358 4200 2529 4254 etiam
2560 4215 2670 4255 non
2696 4199 2836 4254 dicit
2866 4218 2879 4255 ε
2908 4199 3025 4271 Ego
3053 4202 3265 4272 Agnnm
3306 4204 3403 4259 Det

1820 4289 2069 4354 immolo,
2100 4292 2196 4347 sed
2217 4290 2404 4363 Agnus
2435 4292 2525 4347 Dei
2560 4292 2903 4355 immolatur,
2931 4292 3023 4349 hic
3058 4292 3177 4363 ipse
3205 4294 3405 4350 videli-

1820 4390 1909 4437 cet
1930 4384 2025 4453 qui
2055 4393 2230 4439 semet
2255 4384 2506 4439 immolat
2532 4384 2751 4440 volente
2777 4384 2939 4441 Patre
2967 4396 3022 4441 et
3051 4397 3246 4443 sancto
3273 4388 3404 4457 Spi-

1828 4474 1936 4530 ritu
1967 4486 2346 4546 cooperante:
2380 4477 2528 4532 idem
2568 4477 2833 4534 sacerdos
2878 4487 2935 4534 et
2980 4478 3227 4547 victima,
3257 4480 3405 4536 idem

1896 4657 1988 4712 t5.
2053 4656 2403 4728 Quapropter
2452 4657 2519 4711 ad
2574 4660 2919 4717 sacerdotem
2972 4678 3075 4719 ceu
3124 4662 3443 4718 Christum

1821 4750 2177 4814 accedentes,
2204 4750 2543 4806 honoremus
2566 4767 2693 4805 eum
2712 4753 2867 4808 omni
2890 4754 3159 4809 munditia
3190 4756 3407 4809 Domini
3466 4738 3469 4743 6

1823 4856 2047 4912 corpus,
2098 4841 2356 4910 spiritali,
2417 4843 2667 4914 inquam,
2722 4854 2780 4900 et
2834 4848 3147 4915 corporali;
3203 4848 3431 4917 duplex.

1823 4936 2028 5005 quippe
2067 4933 2307 5005 [Domini
2363 4935 2586 5007 natura]
2634 4946 2743 4991 est.
2778 4937 2916 4991 Cum
2967 4938 3188 4993 fervido
3216 4955 3409 4995 amore

1823 5027 2177 5095 accedamus,
2240 5029 2603 5098 manibusque
2645 5029 2699 5083 in
2746 5031 2931 5084 crucis
2986 5029 3219 5085 formam
3260 5048 3410 5085 εθηιο

1828 5121 2070 5191 plicatis,
2124 5120 2255 5174 illud
2316 5121 2709 5189 suscipiamus,
2757 5131 2813 5174 et
2867 5122 3066 5187 oculis,
3099 5136 3163 5176 ac
3220 5122 3433 5192 labiis,

1827 5213 2112 5282 frontique
2145 5213 2492 5282 applicantes
2525 5211 2779 5266 divinum
2820 5213 3221 5269 carbunculum
3261 5218 3411 5270 acci-

1828 5302 2070 5372 piamus,
2103 5313 2162 5355 ut
2190 5312 2414 5371 peccata
2442 5312 2631 5355 nostra
2665 5312 2884 5367 exurat,
2910 5306 3076 5358 corda
3108 5306 3405 5368 illuminet.

1827 5408 1992 5466 atque
2029 5407 2088 5449 ut
2118 5395 2289 5450 divini
2327 5395 2470 5465 ignis
2521 5395 2948 5464 participatione
3002 5398 3408 5453 inllammemur

1826 5505 1889 5543 ac
1935 5489 2280 5542 dciliccmur.
2332 5486 2469 5540 Nam
2528 5488 2622 5555 qui
2684 5488 2830 5541 hunc
2890 5490 3243 5560 participant,
3278 5507 3405 5545 cum

1828 5583 2037 5649 angelis
2072 5590 2127 5633 et
2162 5579 2513 5648 archangelis
2552 5582 2921 5651 supernisque
2952 5584 3251 5638 virtutibus
3273 5598 3409 5639 con-

1831 5674 2058 5737 sistunt,
2092 5672 2288 5726 eadem
2340 5673 2550 5727 Christi
2597 5675 2769 5744 regali
2800 5676 2939 5730 stula
2977 5679 3181 5741 \‘cslili,
3213 5689 3269 5734 ct
3294 5676 3412 5749 spi-

2166 5792 2490 5864 Buptizatur
2547 5793 2657 5860 N.;
2709 5772 2821 5853 iion
2867 5804 3050 5850 autem
3100 5813 3116 5852 :
3180 5796 3294 5869 Ege
3356 5807 3408 5853 te
