3972 6578
458 418 561 481 967

1586 404 1987 470 THEODORI
2028 401 2585 465 MELITENIOT/E
3616 401 3647 462 9

454 533 655 589 Nullus
698 526 844 583 adsit
890 522 1082 588 Judas,
1132 522 1318 579 nullus
1355 536 1578 588 avarus,
1632 522 1819 577 tmllus
1860 521 2023 575 inhu-

2149 517 2287 587 [ἀριν
2311 531 2326 547 ·
2371 510 2463 571 καὶ
2496 516 2593 585 μία
2637 516 2765 583 ἡμῖν
2791 512 2932 565 ἔστω
2978 512 3162 581 ὀδύνη,
3210 512 3269 566 es
3308 517 3383 580 μὴ
3420 533 3552 583 μετα
3569 534 3650 586 εχ.

455 638 679 685 manus,
724 619 909 674 nullus
965 615 1208 671 crudelis
1255 625 1311 669 et
1368 614 1786 676 immisericors,
1843 612 2026 667 nullus

457 712 684 768 omnino
720 710 991 779 impurus.
1038 706 1095 761 Si
1136 705 1261 774 quis
1308 714 1393 759 est
1422 704 1751 774 discipulus,
1784 703 1978 757 adesto
2009 718 2025 758 :

458 804 552 873 qui
601 817 708 855 non
764 809 895 854 sunt
946 796 1289 866 huiusmodi,
1323 811 1419 851 eos
1451 811 1557 849 non
1598 795 1793 864 recipit
1840 810 2029 849 mensa

458 898 596 951 hate.
616 912 634 944 ι
658 894 794 949 Cum
816 888 1124 959 discipulis,
1157 888 1358 957 inquit,
1382 887 1517 941 meis
1537 886 1676 941 facio
1695 885 1904 940 Pascha
1925 885 2023 940 ¹⁸.›

458 988 586 1042 Ιιιιιο
611 986 677 1039 ad
704 999 800 1037 eos
826 981 922 1053 qui
968 994 1125 1036 sacra
1153 978 1545 1034 communione
1586 994 1695 1032 non
1725 978 2028 1042 abstinent,

459 1078 603 1133 dicta
643 1085 796 1131 sunt.

536 1257 622 1313 l9.
657 1255 829 1311 Vobis
860 1266 1080 1323 quoque
1104 1260 1299 1306 auctor
1329 1265 1474 1315 sum,
1504 1264 1537 1303 o
1566 1248 1757 1305 altaris
1788 1251 2029 1306 ministri

460 1354 613 1412 {nam
652 1365 748 1403 vos
779 1348 943 1403 etiam
974 1344 1181 1415 alloqui
1211 1358 1436 1398 necesse
1454 1343 1585 1411 est),
1614 1358 1685 1397 ne
1709 1342 2032 1396 indiil‘eren-

462 1455 547 1499 ter
579 1450 638 1497 et
669 1438 1197 1512 quomodocunque,
1226 1436 1321 1490 scd
1356 1437 1525 1490 multa
1558 1451 1682 1489 cum
1714 1435 2029 1501 sedulitate,

386 1563 407 1576 -
463 1536 748 1604 multaque
802 1529 1250 1586 consideratione
1293 1528 1410 1581 ha-c
1462 1528 1606 1581 dona
1661 1526 2031 1581 distribuatis.

464 1629 650 1697 Neque
678 1626 827 1681 enim
859 1624 1033 1678 levem
1066 1622 1257 1676 feretis
1292 1636 1535 1691 pcenam,
1566 1623 1611 1674 si
1648 1635 1771 1673 cum
1799 1620 2034 1690 alicujus

462 1718 873 1789 improbitatem
942 1713 1245 1774 noveritis,
1309 1728 1435 1765 eum
1498 1711 1829 1780 participare
1889 1710 2033 1764 hanc

464 1826 706 1864 mensam
766 1807 1116 1877 permittatis.
1183 1804 1418 1874 Sanguis
1484 1804 1600 1874 ejus
1651 1804 1718 1857 de
1778 1803 2033 1857 manibus

460 1903 662 1957 vestris
694 1902 1032 1967 requirctur.
1075 1895 1307 1950 Etiamsi
1345 1896 1547 1963 aliquis
1580 1895 1686 1947 dux
1723 1893 1910 1957 fuerit,
1947 1893 2031 1947 vcl

463 2001 685 2058 prator,
727 1990 808 2044 vel
847 1990 984 2044 adeo
1019 1989 1135 2058 ipse
1170 1987 1263 2057 qui
1299 1986 1610 2040 diademate
1641 1985 1953 2046 redimitur,
1988 1984 2033 2037 si

464 2078 684 2153 indigne
718 2079 965 2140 accedat,
993 2080 1263 2147 prohibe;
1320 2094 1445 2131 nam
1477 2080 1681 2147 majore
1719 2092 1883 2146 quant
1941 2076 2034 2129 ille

465 2183 739 2246 potestate
792 2172 987 2241 polles.
1025 2169 1105 2224 Tu
1155 2178 1306 2223 certe
1358 2169 1402 2223 si
1452 2184 1608 2237 aquae
1646 2167 1852 2222 inuitem
1884 2168 2035 2238 gregi

465 2280 664 2335 purum
716 2262 1047 2316 servandum
1096 2260 1436 2327 accepisses,
1489 2257 1533 2310 si
1588 2274 1745 2311 ovem
1780 2272 2038 2312 cerneres

468 2358 699 2410 multum
735 2368 829 2406 ore
860 2367 959 2406 suo
989 2352 1169 2405 lutum
1204 2350 1552 2412 aﬂ‘erentem,
1603 2348 1747 2401 haud
1791 2348 2037 2418 profecto

471 2450 683 2501 sineres
735 2445 867 2499 illuc
909 2442 1268 2508 descendere,
1304 2451 1359 2495 et
1405 2442 1671 2495 ﬂuentum
1725 2440 2037 2508 inquinare.

467 2537 628 2593 Nunc
677 2551 809 2588 vero
855 2548 980 2587 cum
1044 2548 1151 2586 non
1196 2546 1351 2599 aqua!
1404 2530 1498 2584 sed
1551 2530 1836 2600 sanguinis
1877 2539 2041 2600 atque

468 2630 710 2701 Spiritus
762 2628 886 2682 fons
936 2625 1036 2681 tibi
1095 2624 1495 2680 custodiendus
1552 2624 1619 2678 sit
1684 2623 1937 2685 traditus,
1992 2624 2041 2679 si

470 2725 633 2781 forte,
666 2722 855 2774 videas
898 2720 1055 2789 pejus
1086 2718 1203 2771 luto
1238 2726 1522 2785 peccatum
1559 2716 1831 2771 habentes
1871 2730 2043 2787 quos-

471 2816 621 2879 dam,
651 2812 926 2880 simulque
960 2809 1307 2871 accedentes,
1343 2822 1454 2861 non
1488 2805 1818 2876 indignaris,
1863 2821 2043 2876 neque

473 2903 803 2959 submoves?
835 2902 1004 2966 Quam
1055 2914 1187 2969 ergo
1246 2898 1463 2952 veniam
1513 2897 1879 2966 impetrabis?
1916 2899 2044 2952 Ideo

478 2996 637 3051 vobis
677 2996 824 3050 hunc
878 2994 1024 3046 Deus
1075 2992 1344 3046 honorem
1394 2990 1650 3054 contulit,
1682 2998 1743 3043 ut
1799 3005 1913 3044 rem
1947 2990 2047 3043 hu-

473 3089 715 3158 iusmodi
784 3084 1123 3156 dijttdicetis.
1181 3083 1307 3137 llaac
1368 3091 1454 3136 est
1513 3091 1693 3136 vestra
1757 3080 2044 3151 dignitas,

2131 610 2340 678 ταύτης
2362 610 2466 679 τῆς
2491 607 2717 678 τροφῆς.
2750 605 2957 675 Μηδεὶς
2989 606 3170 658 τοίνυν
3202 606 3402 670 Ἰούδας
3430 611 3662 661 παοξστι
3710 616 3733 662 ,⁷

2134 702 2326 771 μηδεὶς
2379 701 2755 769 φυλάργυρος,
2816 698 3007 767 μηδεὶς
3067 698 3461 766 ἀπάνθρωπος,
3521 701 3681 770 μηδεῖ

2130 788 2279 863 ὠμὸς
2307 795 2398 846 καὶ
2428 793 2682 863 ἀνηλεής,
2740 791 2931 861 μηδεὶς
2978 792 3115 849 ὅλως
3166 793 3498 860 ἀκάθαρτος.
3534 793 3603 845 Et
3630 811 3682 845 τι

2134 884 2407 955 μαθητὴς,
2443 884 2657 953 παρίτω
2681 899 2697 914 ο
2726 882 2788 936 ού
2824 884 3035 952 δέχεται
3084 881 3212 946 τοὺς
3248 883 3322 954 μὴ
3373 885 3651 945 τοιούτους
3687 888 3718 952 τ’

2131 977 2380 1047 τράπεζα
2401 995 2415 1009 ·
2450 997 2468 1029 ι
2504 976 2656 1030 Μετὰ
2676 979 2783 1045 γὰρ
2807 975 2915 1027 τῶν
2951 975 3211 1045 μαθητῶν
3245 995 3372 1047 μου,
3400 979 3556 1045 φησὶ,
3582 980 3723 1032 ποιό·

2132 1069 2195 1121 τὸ
2262 1069 2475 1138 Πάσχα.
2515 1087 2534 1119 ι
2570 1068 2760 1123 Ταῦτα
2819 1068 2958 1138 πρὸς
2999 1068 3128 1132 τοὺς
3203 1072 3725 1140 μεταλαμϐάνοντας

2132 1160 2278 1229 λέγω
2308 1161 2409 1231 (ι).

2205 1251 2295 1308 ιθ’.
2330 1251 2697 1322 Συμϐουλεύω
2723 1252 2780 1305 δὲ
2811 1232 3071 1319 καὶθμῖν
3106 1252 3220 1313 τοῖς
3274 1252 3726 1323 διακονουμένοις

2138 1346 2384 1418 (καὶγὰρ
2414 1347 2714 1415 ἀναγκαῖον
2736 1345 2831 1399 καὶ
2860 1348 2999 1413 πρὸς
3022 1346 3168 1415 ὑμᾶς
3197 1345 3605 1417 διαλεχθῆναι).
3637 1348 3719 1419 μὴ

2136 1436 2325 1500 ἁπλῶς
2358 1436 2454 1490 καὶ⁵
2494 1434 2569 1493 ὡς
2600 1435 2810 1506 ἔτυχεν,
2842 1435 2978 1489 ἀλλά
3015 1439 3153 1506 μετά
3186 1438 3390 1507 πολλῆς
3419 1439 3723 1509 προσοχῆς,

2138 1530 2277 1600 μετά
2308 1527 2513 1597 πολλῆς
2541 1527 2881 1596 διασκέψεως
2922 1528 3203 1595 διανέμειν
3232 1532 3393 1583 ταυτὶ
3430 1532 3498 1583 τὰ
3525 1530 3676 1599 δῶρτ
3702 1546 3720 1560 ·

2137 1618 2365 1690 καὶγὰρ
2408 1619 2470 1671 ού
2515 1618 2691 1689 μικρά
2738 1618 2961 1680 κόλασις
2993 1619 3145 1688 ὑμῖν,
3186 1620 3239 1672 εί
3272 1637 3381 1672 τινι
3412 1621 3725 1684 συνειδότες

2135 1712 2258 1765 τινά
2280 1712 2574 1783 πονηρίαν,
2606 1711 3000 1780 συγχωρήσετε
3057 1713 3353 1781 μετασχεῖν
3383 1712 3590 1783 ταύτης
3620 1713 3727 1783 τῆς

2140 1803 2443 1875 τραπέζης.
2478 1804 2551 1857 Τὸ
2597 1797 2737 1871 αἷμα
2772 1801 2939 1855 αὑτοῦ
2996 1803 3060 1855 ἐκ
3112 1801 3221 1854 τῶν
3256 1802 3456 1873 χειρῶν
3482 1804 3726 1874 ἐκζητη-

2143 1895 2366 1965 θήσεται
2396 1894 2504 1947 τῶν
2549 1893 2851 1963 ὑμετέρων.
2886 1889 3004 1945 Κάν
3035 1894 3336 1963 στρατηγός
3390 1909 3475 1955 τις
3526 1890 3585 1965 ᾖ,
3619 1896 3729 1947 κᾶν

2143 1986 2409 2057 ὕπαρχος,
2432 1984 2535 2038 κᾶν
2559 1984 2719 2048 αὐτὸς
2749 1988 2775 2037 ὁ
2801 1985 2863 2037 τὸ
2891 1982 3130 2053 διάδημα
3158 1985 3567 2055 περικείμενος,
3592 1986 3731 2036 ἀνα-

2144 2079 2269 2144 ξίως
2297 2079 2355 2132 δὲ
2389 2079 2611 2148 προσίῃ,
2644 2075 2887 2129 κώλυσον
2915 2092 2928 2107 ·
2965 2077 3187 2145 μείζονα
3210 2076 3422 2130 ἐκείνου
3444 2076 3543 2147 τὴν
3573 2075 3735 2140 ἐξου-

2145 2171 2268 2223 σίαν
2296 2170 2531 2238 ἀνέχεις.
2564 2168 2635 2221 Σὺ
2669 2166 2726 2220 δὲ
2758 2168 2809 2220 εί
2835 2167 2938 2238 μὲν
2988 2168 3170 2239 πηγὴν
3224 2167 3415 2229 ὕδατος
3465 2167 3737 2238 ἐνεχειρί-

2146 2250 2279 2329 σθης
2303 2260 2597 2328 φυλάττειν
2628 2256 2872 2328 ποιμνίῳ
2896 2256 3169 2328 καθαρὰν,
3200 2251 3317 2311 εἶτα
3344 2254 3486 2322 εἶδες
3516 2257 3741 2329 πρόδα-

2142 2370 2237 2406 τον
2273 2354 2440 2405 πολὺν
2473 2353 2565 2403 ἐπὶ
2594 2350 2687 2404 τοῦ
2724 2351 2992 2420 στόματος
3025 2350 3193 2421 φέρον
3230 2350 3513 2423 βόρϐορον,
3537 2355 3640 2405 οὐκ
3660 2352 3737 2406 ἂν

2145 2446 2336 2509 εἴασας
2370 2444 2634 2512 ἐπικύψαι
2669 2442 2821 2497 κάτω
2857 2443 2949 2496 καὶ
2982 2444 3216 2496 θολῶσαι
3246 2444 3307 2495 τὸ
3337 2444 3574 2515 ῥεῖθρον*
3611 2448 3735 2498 νυνὶ

2146 2539 2204 2593 δὲ
2232 2538 2332 2609 οὐχ
2362 2536 2555 2599 ὕδατος
2603 2534 2721 2588 ἀλλ’
2764 2536 2999 2604 αἵματος
3050 2538 3145 2588 καὶ
3194 2536 3509 2605 πνεύματος
3541 2539 3736 2605 πηγὴν

2148 2628 2647 2702 ἐγκεχειρισμένος,
2681 2627 2779 2681 καὶ
2807 2626 2949 2698 δρῶν
2981 2626 3080 2697 τὴν
3109 2626 3375 2698 βορϐόρου
3410 2628 3739 2698 χαλεπωτέ-

2151 2742 2248 2795 ραν
2294 2722 2570 2793 ἁμαρτίαν
2623 2719 2846 2791 ἔχοντάς
2893 2736 3047 2783 τινας
3102 2720 3197 2772 καὶ
3231 2720 3576 2789 προσιόντας,
3624 2721 3735 2773 οὐκ

2151 2818 2479 2886 ἀγανακτεῖς
2510 2814 2633 2868 οὐδὲ
2667 2812 2956 2884 ἀπείργεις
2982 2829 2997 2877 ;
3026 2812 3134 2866 Καὶ
3168 2812 3289 2865 τίνα
3323 2812 3511 2883 σχοίης
3534 2810 3602 2865 ἂν
3625 2812 3731 2883 τὴν

2154 2905 2485 2975 συγγνώμην
2513 2941 2531 2970 ,
2564 2903 2661 2957 Διά
2682 2901 2841 2955 τοῦτο
2866 2901 3011 2971 ὑμᾶς
3035 2903 3063 2953 ὁ
3087 2900 3221 2964 Θεὸς
3256 2900 3484 2970 ἐτίμησε
3516 2901 3731 2970 ταύτην

2150 3001 2248 3072 τὴν
2281 3001 2468 3070 τιμήν,
2497 2997 2586 3051 ἵνα
2638 2998 2707 3049 τά
2737 2995 2964 3049 τοιαῦτα
2992 2995 3327 3064 διακρίνητε.
3361 2994 3536 3048 Τοῦτο
3564 2995 3733 3063 ὑμῶν

2153 3097 2186 3167 ἡ
2229 3093 2377 3160 ἀξία,
2396 3091 2561 3145 τοῦτο
2606 3091 2639 3159 ἡ
2673 3088 2965 3158 ἀσφάλεια,
2989 3086 3150 3141 τοῦτο
3188 3086 3334 3150 ἀπας
3368 3088 3398 3141 δ
3423 3088 3695 3155 στέφανος
3716 3102 3735 3118 °

476 3183 595 3235 haec
649 3178 992 3241 immunitas,
1057 3175 1173 3229 lucc
1226 3174 1407 3227 omnis
1463 3188 1711 3239 corona;
1779 3190 1888 3228 non
1945 3190 2042 3229 au-

2154 3186 2216 3239 οὑ
2264 3186 2325 3238 τὸ
2375 3179 2767 3252 περιϐαλέσθαι
2832 3177 3189 3247 χιτωνίσκους
3218 3176 3446 3241 λευκοὺς
3474 3178 3571 3231 καὶ
3599 3178 3744 3231 ἀπο-

473 3278 583 3327 tem
641 3269 896 3325 candidis
958 3266 1162 3323 tunicis
1220 3266 1638 3337 splendidisque
1691 3265 1934 3332 vestiri,
1990 3276 2042 3322 et

2152 3276 2491 3339 στίλϐοντας,
2522 3274 2615 3327 κα.)⁵
2654 3270 2945 3342 περιιέναι.

471 3376 787 3418 Circumire.

544 3456 635 3509 20.
666 3453 736 3509 At
767 3452 936 3519 enim,
969 3451 1146 3513 aiunt,
1197 3450 1471 3520 quomodo
1526 3450 1674 3505 hunc
1746 3450 1831 3505 vel
1892 3449 2047 3506 illum

472 3546 833 3601 noverimus?
914 3546 1077 3613 Atqui
1130 3560 1231 3615 ego
1283 3558 1391 3598 non
1480 3542 1548 3596 de
1602 3544 1799 3613 ignotis
1856 3542 2052 3611 loquor

474 3639 571 3693 sed
622 3638 691 3693 de
753 3637 966 3707 publice
1028 3635 1193 3691 notis.
1246 3634 1429 3691 Dtcam
1484 3636 1690 3705 aliquid
1727 3635 2050 3689 terribilius.

473 3730 595 3785 Non
677 3738 762 3784 est
841 3736 1121 3796 tantopere
1212 3726 1539 3797 ﬂagitiosum
1616 3729 1665 3781 si
1699 3726 2051 3798 encrgumeni

475 3821 621 3874 intra
711 3802 973 3888 templum
1032 3816 1163 3883 sint,
1216 3833 1376 3887 quam
1424 3816 1517 3884 hi;
1592 3817 2050 3888 quemadmodum

476 3914 555 3966 ait
645 3910 865 3975 Paulus,
971 3909 1230 3979 quoniam
1324 3908 1600 3966 Christum
1698 3909 2057 3964 conculcave-

475 4012 628 4069 ruut,
690 4013 746 4058 et
797 4002 1119 4071 sanguinem
1174 4000 1507 4058 Testamenti
1567 4003 1833 4073 pollutum
1898 4002 2055 4073 judi-

475 4102 762 4156 Caverunt,
824 4093 1061 4163 Spiritus
1115 4094 1302 4166 gratiae
1336 4094 1725 4149 contumeliam
1782 4095 2056 4159 fecerunt,

473 4181 609 4236 Nam
633 4180 967 4236 tlzemoniaco
1026 4183 1179 4252 pejor
1211 4192 1295 4238 est
1324 4192 1579 4252 peccator
1605 4193 1661 4239 et
1708 4185 1872 4239 simul
1900 4200 2059 4240 acce-

475 4271 653 4323 dens:
681 4277 738 4323 et
764 4268 855 4324 ille
888 4269 1108 4337 quidem
1138 4271 1396 4339 quoniam
1450 4279 1537 4326 est
1574 4275 1893 4343 arreptitius
1945 4289 2057 4327 non

478 4362 739 4430 punitur;
781 4361 871 4414 hic
902 4368 1113 4426 autem,
1145 4360 1189 4416 si
1223 4360 1445 4432 indigne
1479 4366 1797 4431 accesserit,
1852 4372 2058 4421 αξιοι-ιω

476 4453 751 4522 supplicio
810 4450 1066 4505 traditur.
1123 4452 1202 4507 Nc
1235 4452 1401 4523 igitur
1453 4455 1820 4511 dzemouiacos
1841 4466 2055 4513 tantum

2223 3458 2291 3511 κ’.
2335 3457 2447 3511 Καὶ
2491 3455 2657 3509 πόθεν
2704 3454 2952 3523 οἴδαμεν,
2985 3453 3140 3523 φασὶ,
3176 3450 3269 3505 τὸν
3312 3450 3459 3503 δεῖνα
3493 3450 3593 3506 καὶ
3644 3450 3746 3505 τὸν

2153 3553 2340 3618 δεῖνα;
2379 3550 2455 3602 Ού
2494 3549 2624 3617 περὶ
2657 3548 2764 3600 τῶν
2814 3546 3196 3615 ἀγνοουμένων
3225 3544 3391 3612 λέγω,
3429 3542 3567 3595 ἀλλά
3606 3546 3744 3614 περὶ

2153 3643 2264 3697 τῶν
2318 3638 2632 3707 γνωρίμων.
2676 3635 2828 3690 Εῐπω
2860 3634 2913 3687 τί
2948 3634 3419 3704 φρικωδέστερον
3456 3634 3559 3704 οὐχ
3590 3634 3741 3688 οὔτω

2156 3732 2393 3804 χαλεπὸν
2428 3732 2553 3790 τοὺς
2581 3726 3014 3795 ἐνεργουμὲνους
3046 3724 3121 3794 (1)
3148 3725 3296 3778 ἔνδον
3325 3720 3487 3790 εἶναι,
3514 3726 3591 3789 ὡς
3614 3726 3747 3779 τού-

2156 3842 2306 3888 τους,
2332 3817 2364 3897 ᾖ
2392 3839 2561 3893 φησιν
2590 3823 2617 3874 ὁ
2654 3818 2889 3883 unum,
2936 3817 3027 3871 διὰ
3076 3816 3137 3870 τὸ
3174 3816 3266 3871 τὸν
3296 3818 3534 3886 Χριστὸν
3560 3836 3742 3872 καταο

2158 3916 2425 3984 πατῆσαι,
2457 3914 2553 3966 καὶ
2579 3913 2639 3965 τὸ
2680 3906 2822 3981 αἷμα
2852 3910 2951 3979 τῆς
2981 3908 3250 3979 διαθήκης
3300 3911 3484 3964 κοινὸν
3520 3912 3749 3983 ἡγήσει-

2161 4004 2310 4067 σθαι,
2342 4004 2441 4056 καὶ
2474 4001 2574 4071 τὴν
2606 4002 2764 4070 χάριν
2801 3998 2895 4053 τοῦ
2938 3996 3250 4065 [Ινεύματος
3281 3999 3568 4071 ἐνυϐρίσαι
3588 4020 3605 4034 ·
3625 4002 3753 4056 δαι-

2163 4090 2434 4163 μονῶντος
2469 4092 2579 4161 γὰρ
2613 4091 2811 4160 χείρων
2849 4089 2878 4142 δ
2922 4091 3281 4161 ἡμαρτηκὼς,
3320 4090 3416 4142 καὶ
3447 4092 3698 4160 προσιών
3726 4110 3749 4129 ο

2160 4186 2187 4237 δ
2221 4186 2322 4256 μὲν
2359 4184 2469 4254 γὰρ
2496 4183 2684 4252 ἐπειδὴ
2735 4182 2992 4253 δαιμονᾷ,
3020 4181 3081 4235 ού
3109 4181 3401 4245 κολάζεται
3428 4199 3443 4213 ο
3473 4180 3634 4249 οὗτος
3659 4185 3750 4254 δὲ,

2158 4276 2290 4329 ὅταν
2314 4275 2552 4341 ἀναξίως
2579 4276 2802 4346 προσίῃ,
2827 4274 3082 4344 ἀθανάτῳ
3109 4276 3462 4344 παραδίδοται
3486 4276 3747 4335 κολάσει.

2112 4392 2115 4397 ί
2160 4367 2253 4438 Μὴ
2278 4368 2460 4420 τοίνυν
2512 4366 2642 4429 τοὺς
2692 4364 3063 4435 δαιμονῶντας
3093 4366 3345 4419 ἐλαύνετε
3379 4368 3565 4437 μόνον,
3600 4370 3745 4425 ἀλλὰ

2162 4462 2371 4523 πάντας
2423 4459 2634 4523 ἁπλῶς,
2664 4456 2757 4523 οὓς
2809 4459 2877 4513 ἂν
2934 4458 3083 4529 ίδητε
3119 4458 3445 4531 προσιόντας
3477 4438 3778 4527 ἀναξίαιςῗ

476 4545 758 4613 expellite,
800 4542 895 4598 sed
927 4544 1153 4598 omnino
1184 4559 1376 4600 omnes
1418 4562 1559 4616 quos
1610 4550 1833 4619 indigne
1892 4566 2042 4607 acce-

2156 4555 2367 4625 Μηδεὶς
2396 4556 2728 4607 κοινωνείτω
2760 4552 2871 4605 τῶν
2907 4551 2985 4623 μὴ
3028 4552 3290 4623 μαθητῶν
3318 4569 3334 4584 ·
3374 4555 3563 4625 μηδεὶς
3596 4556 3747 4627 λαμ-

477 4639 672 4690 dcntes
700 4632 974 4689 videritis.
1017 4632 1189 4689 Nemo
1255 4637 1644 4699 communicet,
1674 4641 1765 4709 qui
1807 4656 1917 4695 non
1974 4643 2049 4697 sit

476 4726 812 4797 discipulus:
843 4726 1022 4781 nullus
1044 4726 1279 4795 accipiat
1304 4726 1494 4794 ludas,
1554 4745 1621 4784 ne
1646 4729 1800 4786 Judae
1828 4749 2047 4804 pinnam

476 4820 614 4875 luat.
648 4819 860 4889 Corpus
881 4817 1084 4873 Christi
1117 4818 1234 4873 h:ec
1254 4834 1475 4890 quoque
1501 4824 1791 4880 multitudo
1815 4837 1921 4882 est.
1947 4830 2050 4884 Ca-

477 4919 601 4965 vete
658 4927 810 4981 ergo,
868 4926 902 4965 0
959 4911 1343 4982 mysteriorum
1398 4913 1657 4980 miniStri,
1696 4932 1764 4971 ne
1822 4919 2051 4977 irritetis

476 5003 793 5070 Dominum,
853 5004 898 5057 si
928 5018 1126 5071 corpus
1160 5002 1264 5055 hoc
1291 5017 1398 5056 non
1423 5004 1750 5073 purificetis,
1774 5020 1829 5065 ct
1858 5012 1903 5065 si
1935 5013 2049 5083 gla-

477 5096 629 5149 dium
677 5110 775 5165 pro
809 5094 1067 5149 alimonia
1138 5095 1386 5149 tradatis.
1466 5096 1570 5151 Sed
1624 5100 1838 5157 etiamsi
1911 5105 2053 5161 forte

476 5187 676 5257 aliquis
700 5188 1015 5257 ignoranter
1030 5187 1257 5242 accedat
1276 5187 1342 5242 ad
1370 5188 1590 5260 indigne
1616 5195 2054 5264 percipiendum,

475 5280 682 5349 absque
714 5281 827 5333 ullo
857 5288 1003 5332 metu
1052 5280 1376 5347 prohibete:
1412 5281 1580 5335 Deum
1632 5286 1884 5349 metuite,
1944 5306 2052 5344 non

475 5370 748 5425 homines.
786 5368 984 5440 Utique
1015 5371 1059 5426 si
1090 5370 1341 5428 homines
1393 5375 1718 5440 metueritis,
1756 5378 1824 5433 ab
1858 5379 2049 5437 iisdem

553 5554 597 5586 ¹⁶
620 5553 810 5608 Matth.
842 5570 989 5622 mn,
1032 5555 1119 5610 18.

544 5695 623 5777 (1)
664 5694 871 5775 Nempe
904 5694 1149 5777 loquitur
1178 5692 1308 5777 illis,
1345 5692 1551 5762 quibus
1584 5694 1829 5752 Ecclesia
1856 5694 2045 5752 divina

440 5812 447 5813 κ
475 5766 733 5845 mysteria
757 5782 875 5845 non
914 5766 1287 5845 interdixerit.

543 5832 621 5905 ιε)
658 5836 868 5892 Idcirco
918 5839 970 5891 in
997 5836 1248 5905 picturis,
1281 5832 1460 5891 missa
1507 5834 1821 5893 Graecorum
1891 5855 2051 5897 cncr-

2152 4647 2363 4701 6ανέτω
2401 4645 2624 4711 Ἰούδας,
2652 4646 2741 4699 ῐνα
2776 4646 2853 4716 μὴ
2887 4645 2957 4700 τὰ
3004 4645 3175 4699 Ἰούδα
3220 4647 3391 4720 πάθῃ.
3421 4649 3590 4719 Σῶμά
3624 4651 3748 4704 ἔστι

2153 4740 2390 4811 Χριστοῦ
2444 4742 2538 4792 καὶ
2570 4738 2730 4793 τοῦτο
2761 4738 2823 4791 τὸ
2854 4739 3078 4810 πλῆθος.
3120 4740 3320 4808 Ὁρᾶτε
3359 4741 3494 4808 γοῦν
3522 4742 3571 4796 oi
3622 4743 3747 4796 δια-

2150 4832 2472 4903 κονούμενοι
2518 4834 2628 4895 τοῖς
2657 4832 3001 4902 μυστηρίοις,
3034 4831 3115 4902 μὴ
3143 4831 3493 4903 παροξύνητε
3523 4833 3618 4887 τὸν
3643 4839 3750 4887 Δε-

2154 4924 2385 4993 σπότην,
2408 4924 2509 4977 ούκ
2538 4922 2965 4993 ἐκκαθαίροντες
2992 4924 3053 4976 τὸ
3087 4924 3253 4993 σῶμα
3282 4930 3458 4990 τουτῖ,
3481 4927 3557 4996 μὴ
3586 4924 3750 4995 ξίφος

2153 5015 2291 5069 δῶτε
2330 5014 2462 5069 ἀντὶ
2494 5012 2702 5085 τροφῆς
2726 5029 2743 5045 ’
2766 5012 2905 5066 ἀλλά
2951 5012 3056 5067 κᾶν
3082 5014 3186 5067 ὑπὸ
3231 5015 3455 5083 ἀγνοίας
3481 5016 3631 5080 τινις
3658 5019 3755 5088 ἕρ.

2156 5124 2365 5178 χωνται
2423 5106 2744 5175 μεθέξοντες
2794 5106 3053 5170 ἀναξίως.
3084 5107 3389 5175 κωλύσατε,
3440 5107 3513 5179 μὴ
3568 5113 3754 5180 eam}-

2155 5197 2290 5266 θῆτε
2314 5212 2329 5228 ·
2362 5196 2641 5266 φοϐήθητε
2672 5195 2765 5249 τὸν
2815 5195 2973 5263 Θεὸν,
3016 5196 3092 5267 μὴ
3144 5197 3487 5268 ἀνθρώπους.
3519 5200 3621 5253 Ἂν
3648 5217 3756 5270 φο-

2156 5289 2363 5361 ϐηθῆτε
2391 5289 2741 5359 ἀνθρώπους,
2766 5289 2859 5340 καὶ
2903 5288 2997 5340 ὐπ’
3025 5288 3209 5342 αὐτῶν
3256 5291 3757 5365 καταγελασθήσε-

2161 5385 2256 5438 σθε
2276 5400 2292 5414 ο
2317 5382 2384 5436 ἂν
2405 5382 2462 5436 δὲ
2475 5383 2567 5435 τὸν
2596 5381 2749 5449 Θεὸν,
2772 5383 2866 5435 καὶ
2894 5381 3206 5452 ἀνθρώποις
3228 5383 3502 5455 αίδέσιμοι
3528 5383 3759 5447 ἔσεσθε.

2162 5703 2381 5771 guntcni
2416 5704 2519 5759 sub
2556 5705 2817 5760 daemonis
2868 5706 3052 5775 specie
3086 5703 3259 5762 sacris
3290 5703 3508 5761 aedibus
3530 5699 3759 5762 divino-

2163 5789 2271 5845 que
2305 5776 2565 5847 mysterio
2584 5776 2957 5846 expelluntur.
