3972 6576
265 379 365 440 969

1605 376 1941 438 ETHICON
1985 375 2151 438 Vill.

3416 366 3514 424 97d

263 497 358 549 Διά
385 493 548 548 τοῦτο
589 493 665 564 μὴ
707 489 1101 563 συγχωρήσητε
1163 489 1335 545 ταῦτα
1369 489 1698 561 τολμᾶσθαι.
1735 491 1846 560 Τῆς

1953 487 2356 543 irridebimini:
2414 485 2500 539 sin
2554 485 2733 555 potius
2786 484 2975 546 Deum,
3029 481 3344 536 hominibus
3389 480 3522 547 ipsis

261 589 442 661 ψυχῆς
505 588 732 650 ἕκαστος
787 585 946 655 ὑμῶν
999 585 1295 655 ἀποστήτω
1350 584 1639 655 πρότερον,
1675 583 1708 655 ἢ
1744 582 1839 636 τοῦ

265 682 519 750 σώματος
555 678 834 748 μεταδότω
864 675 961 730 τοῦ
999 673 1337 730 Δεσποτικοῦ
1366 675 1500 744 παρ’
1525 675 1680 743 ἀξίαν
1705 690 1720 705 ’
1748 677 1845 728 καὶ

261 773 319 825 τὸ
343 767 482 842 αἷμα
533 774 594 823 τδ
646 768 847 823 εαυτοῦ
881 768 1124 838 προῖέτω
1154 767 1444 838 πρότερον,
1479 767 1512 838 ἢ
1565 753 1847 837 μεταδότω

263 865 493 933 αἵματος
537 862 681 918 οὕτω
721 861 1028 933 φρικώδους
1075 861 1230 930 παρά
1264 858 1326 915 τὸ
1369 861 1668 932 προσῆκον.
1697 861 1757 914 Et
1789 860 1848 912 δὲ

263 954 501 1025 ἠγνόησὲ
551 969 635 1015 τις
684 953 776 1006 τὸν
823 951 1048 1021 φαῦλον,
1082 951 1259 1004 πολλὰ
1311 949 1845 1022 περιεργασάμενος,

263 1048 414 1100 οὐδὲν
449 1046 706 1117 ἔγκλημα
729 1062 744 1077 ο
775 1044 948 1098 ταῦτα
977 1045 1085 1115 γάρ
1135 1061 1228 1114 μοι
1260 1045 1390 1114 περὶ
1423 1042 1533 1096 τῶν
1561 1043 1740 1113 δήλων
1767 1043 1847 1097 εἴ·

268 1153 451 1206 ρηται.
484 1135 583 1188 Ἂν
619 1129 713 1189 οὖν
745 1135 872 1197 τοὺς
899 1135 1215 1205 γνωρίμους
1245 1133 1354 1186 τῶν
1382 1134 1605 1202 φαύλων
1628 1131 1852 1203 διορθώσ-

267 1244 419 1296 σητε,
442 1227 538 1279 καὶ
562 1226 688 1291 τοὺς
721 1225 982 1295 ἀγνῶτας
1010 1224 1220 1295 ταχέως
1245 1223 1374 1292 ὑμῖν
1397 1225 1424 1276 ό
1448 1222 1580 1288 Θεὸς
1603 1225 1850 1292 γνωριεῖ.

264 1319 363 1372 ’Ἂν
397 1319 454 1372 δὲ
487 1317 714 1380 τούτους
760 1317 986 1386 ἐάσητε,
1025 1316 1171 1379 τίνος
1201 1315 1390 1369 ἕνεκεν
1435 1317 1566 1386 ὑμῖν
1605 1315 1850 1378 ἐκείνους

265 1411 536 1481 φανεροὺς
559 1411 777 1478 ποιήσει
796 1409 982 1462 λοιπόν
1003 1426 1018 1474 ;
1046 1407 1232 1462 Ταῦτα
1246 1407 1392 1470 λέγω
1415 1407 1514 1478 οὐχ
1541 1407 1627 1461 ἵνα
1649 1407 1848 1477 ἀπείρ-

146 1518 155 1530 "
264 1521 426 1574 γητε,
481 1503 594 1557 οὐδ’
649 1502 739 1556 ἵνα
791 1501 1100 1572 ὲκτέμνητε
1133 1501 1320 1570 μόνον,
1351 1501 1584 1554 ἀλλ’ἵνα
1621 1497 1852 1571 διορθώ-

268 1613 461 1660 σαντες
496 1595 884 1665 ὲπαναγάγητε
911 1611 924 1626 ’
967 1591 1110 1647 οὕτω
1144 1593 1250 1662 γὰρ
1286 1594 1377 1646 καὶ
1412 1593 1504 1646 τὸν
1531 1593 1666 1646 Θεὸν
1692 1593 1850 1646 ἵλεων

265 1687 440 1754 ἕξετε,
468 1687 562 1740 καὶ
589 1685 822 1749 πολλοὺς
843 1685 972 1749 τοὺς
991 1685 1112 1738 κατ’
1136 1685 1295 1750 ἀξίαν
1329 1683 1851 1754 μεταλαμϐάνοντας

264 1781 554 1850 εὑρήσετε,
588 1779 683 1833 καὶ
731 1781 832 1848 τῆς
867 1777 1080 1840 οἰκείας
1121 1775 1378 1845 σπονδῆς,
1430 1777 1526 1830 καὶ
1581 1776 1685 1846 τῆς
1719 1779 1850 1846 περὶ

1952 577 2250 632 venerandi
2279 575 2457 630 eritis.
2491 574 2617 629 Ideo
2648 591 2715 629 ne
2769 573 3056 644 patiamini
3090 571 3399 642 hujusmodi
3425 585 3492 622 an
3513 599 3525 607 -

1950 686 2065 723 sus.
2093 670 2302 723 Animae
2334 667 2569 737 quisque
2637 681 2748 720 sua:
2780 666 2963 735 potius
3019 662 3320 724 renuntiet,
3365 677 3526 731 quam

1950 761 2294 817 Dominicmn
2323 775 2524 828 corpus
2551 768 2740 814 contra
2787 757 3104 829 dignitatem
3137 755 3352 812 tradat:
3407 771 3532 810 san-

1950 855 2169 924 guinem
2200 853 2433 924 quisque
2472 868 2633 908 suum
2681 859 2806 907 ante
2864 852 3134 922 prodigat,
3194 866 3358 920 quam
3392 849 3530 903 adeo

1953 945 2296 1000 tremendum
2331 947 2655 1016 sanguinem
2695 952 2886 1002 contra
2909 943 2990 999 fas
3018 941 3216 999 tradat.
3265 941 3421 1010 Quod
3482 939 3530 995 si

1951 1035 2154 1106 aliquis
2174 1036 2451 1108 hominem
2489 1047 2834 1107 peccatorem
2880 1034 3231 1108 ignoraverit,
3273 1033 3530 1104 quamvis

1953 1143 2286 1199 magnopere
2306 1130 2690 1200 vestigaverit,
2715 1131 2866 1186 nulla
2883 1130 3056 1200 ipsius
3075 1129 3231 1198 culpa
3253 1127 3378 1182 erit.
3407 1125 3532 1180 llaec

1953 1219 2096 1273 enim
2130 1235 2229 1274 nos
2257 1221 2325 1276 de
2355 1220 2656 1278 manifestis
2692 1221 2863 1277 locuti
2885 1235 3096 1277 sumus.
3134 1219 3250 1274 Jam
3283 1217 3330 1273 si
3373 1225 3533 1270 notos

1953 1318 2274 1380 peccatores
2293 1312 2738 1370 emendaveritis.
2758 1313 2942 1367 statim
2966 1312 3181 1382 ignotos
3199 1324 3416 1380 quoque
3436 1325 3531 1362 vo-

1953 1400 2039 1457 bis
2089 1403 2235 1458 Deus
2266 1401 2552 1462 revelabit.
2581 1403 2739 1472 Quod
2775 1405 2819 1460 si
2856 1404 2975 1460 illos
3009 1402 3272 1459 accedere
3309 1401 3536 1472 permit-

1954 1492 2105 1557 tatis,
2126 1508 2226 1549 cur
2240 1495 2352 1567 jam
2375 1495 2620 1565 reliquos
2642 1495 2802 1551 vobis
2823 1495 2967 1574 Deus
2985 1495 3302 1551 manifestet
3317 1494 3340 1547 ?
3355 1498 3534 1562 Atque

1954 1584 2070 1640 haec
2091 1585 2199 1651 aio,
2221 1596 2280 1640 ut
2301 1603 2411 1643 non
2432 1588 2668 1646 arceatis
2692 1588 3074 1644 tantummodo
3091 1587 3173 1644 vel
3200 1586 3532 1657 praecidatis,

1953 1677 2048 1732 sed
2092 1689 2152 1734 ut
2192 1681 2515 1738 emendatos
2561 1683 2859 1738 reducatis.
2911 1683 3004 1737 Sic
3050 1681 3200 1736 enim
3253 1687 3310 1734 et
3358 1679 3531 1733 Deum

1954 1770 2249 1840 propitium
2271 1772 2568 1838 habebitis,
2583 1783 2638 1830 et
2661 1775 2862 1831 multos
2879 1774 3042 1845 digne
3058 1773 3533 1830 communicantes

263 1839 400 1934 enim.
429 1839 623 1934 ἄλλους
658 1839 980 1941 ἐπιμελείας
1015 1839 1188 1922 πολίιν
1223 1839 1572 1938 ἀπολήψεσθε
1607 1839 1699 1920 τον
1757 1839 1846 1939 μί-

1953 1839 2326 1933 comperietis,
2358 1875 2414 1921 et
2435 1875 2629 1923 vestrae
2661 1839 2994 1932 sedulitatis,
3039 1875 3206 1938 atque
3239 1881 3367 1937 erga
3391 1865 3534 1919 alios

266 1964 416 2020 σθόν.

332 2061 442 2109 κα’.
478 2055 601 2108 Ἔτι
631 2052 837 2116 πάντες
865 2052 916 2105 οί
947 2051 1115 2124 lapsi;
1155 2053 1250 2105 καὶ
1293 2053 1323 2106 ό
1370 2052 1503 2116 λαδς
1548 2052 1639 2107 διά
1683 2071 1852 2108 σπου-

263 2147 364 2216 δῆς
405 2145 700 2214 ποιώμεθα
742 2143 968 2210 πολλῆς,
1021 2141 1164 2196 ὥστε
1219 2142 1361 2214 μετά
1400 2143 1502 2214 τὴν
1545 2145 1700 2215 ίεράν
1755 2148 1851 2202 καὶ

265 2235 505 2307 φρικτὴν
532 2234 742 2306 ταύτην
771 2233 1078 2306 τράπεζαν,
1111 2232 1188 2303 μὴ
1223 2234 1360 2304 πρὸς
1392 2234 1566 2305 μέθην
1598 2238 1694 2289 καὶ
1719 2254 1850 2308 τρν-

264 2329 374 2401 φὴν
401 2329 627 2391 ἑαυτοὺς
681 2327 983 2382 ἐκδιδόναιο
1019 2330 1069 2381 εί
1119 2327 1230 2396 γὰρ
1272 2325 1532 2380 οὐδέποτε
1568 2328 1679 2398 χρὴ
1722 2313 1852 2400 ἒπρυ.

265 2421 398 2490 φᾷν,
436 2421 530 2473 καὶ
565 2417 730 2472 τοῦτο
775 2418 804 2470 6
846 2417 1056 2481 Παῦλος
1094 2417 1362 2487 ἐδήλωσεν
1393 2417 1584 2481 εἰπὼν,
1622 2435 1642 2470 ι
1692 2419 1754 2471 Ἦ
1791 2420 1850 2472 δὲ

267 2510 609 2565 σπαταλῶσα
658 2511 810 2576 ζῶσα
855 2509 1106 2580 τέθνηκε,
1158 2529 1177 2562 ι
1225 2508 1406 2579 πολλῷ
1455 2510 1657 2580 μᾶλλον
1706 2512 1850 2580 μετά

261 2603 368 2673 τὴν
415 2603 525 2656 τῶν
586 2603 905 2673 μυστηρίων
955 2602 1242 2656 κοινωνίαν
1268 2617 1283 2633 ·
1325 2603 1385 2654 οὐ
1431 2603 1540 2673 γὰρ
1573 2603 1662 2657 διὰ
1692 2605 1850 2658 τοῦτο

261 2694 569 2763 ἐγενόμεθα
622 2694 714 2747 καὶ
762 2694 970 2763 ζῶμεν,
1017 2693 1105 2746 ἵνα
1162 2692 1430 2764 φάγωμεν
1477 2695 1569 2747 καὶ
1607 2695 1848 2764 πίωμεν,

261 2786 403 2839 ἀλλά
421 2787 484 2838 τὸ
509 2789 704 2854 φαγεῖν
735 2786 826 2839 διὰ
859 2786 918 2840 τὸ
944 2785 1044 2856 ζῇν
1071 2786 1299 2853 γέγονεν
1331 2786 1390 2852 ἐξ
1420 2789 1618 2858 ἀρχῆς.
1655 2787 1849 2858 Ἡμεῖς

258 2879 318 2933 δὴ
371 2878 448 2942 ώς
493 2878 582 2932 διὰ
626 2877 790 2932 τοῦτο
839 2877 1091 2942 ἐλθόντες
1136 2882 1218 2943 είς
1271 2879 1363 2932 τον
1405 2880 1636 2950 κόσμον,
1672 2880 1849 2946 οὕτως

258 2973 344 3034 εἰς
394 2973 556 3025 τοῦτο
588 2971 766 3024 πάντα
808 2971 1285 3042 καταναλίσκομεν
1307 3010 1324 3036 ,
1357 2971 1455 3024 καὶ
1501 2974 1642 3042 μετὰ
1677 2973 1849 3044 μέθης

257 3067 373 3118 ἀπὸ
420 3065 525 3134 τῆς
555 3067 826 3137 αἰσθητῆς
871 3067 1221 3136 ἀνιστάμεθα
1251 3067 1557 3138 τραπέζης,
1601 3068 1849 3139 μηδόλως

1951 1964 2100 2007 ειη-ω
2129 1955 2359 2010 multam
2407 1957 2658 2013 referetis
2704 1959 3038 2014 mercedem.

2023 2046 2114 2102 2|.
2151 2045 2385 2119 Insuper
2417 2050 2598 2106 cuncti
2638 2049 2953 2106 sacerdotes
2987 2066 3052 2106 ac
3106 2051 3345 2121 populus
3377 2049 3534 2104 valde

1952 2137 2296 2206 studeamus,
2352 2157 2423 2197 ne
2477 2142 2603 2212 quis
2636 2151 2762 2212 post
2816 2157 3032 2197 sacrum
3079 2142 3534 2211 tremendumqne

1952 2232 2286 2300 convivium,
2323 2233 2577 2290 ebrietati
2607 2245 2664 2290 et
2687 2235 2919 2290 luxuriae
2946 2251 3004 2290 se
3052 2234 3237 2290 dedat.
3287 2235 3422 2290 Nam
3461 2234 3531 2300 si,

1952 2335 2231 2392 nunquam
2258 2323 2526 2379 luxuriari
2565 2334 2822 2394 oportere
2847 2325 3010 2381 docet
3052 2324 3255 2382 Paulus
3303 2325 3530 2381 dicens:

1960 2432 1978 2465 ι
2013 2413 2145 2481 Quae
2167 2425 2352 2472 autem
2381 2418 2434 2472 in
2463 2417 2677 2475 deliciis
2709 2429 2811 2482 est,
2833 2419 3020 2474 vivens
3040 2427 3255 2474 mortua
3278 2427 3365 2476 est
3383 2419 3428 2452 "
3453 2436 3469 2485 ;
3510 2439 3529 2472 ι

1952 2509 2127 2563 multo
2157 2508 2211 2564 id
2241 2511 2422 2566 minus
2460 2520 2585 2582 post
2615 2511 3004 2582 mysteriorum
3063 2512 3532 2568 communionem.

1950 2599 2069 2655 Non
2098 2601 2244 2657 enim
2267 2601 2334 2658 ad
2356 2603 2463 2660 hoc
2493 2603 2606 2660 nati
2641 2619 2830 2660 sumus
2855 2613 2912 2660 et
2935 2605 3190 2669 vivimus,
3224 2613 3285 2660 ut
3303 2603 3537 2659 mandu-

1951 2706 2142 2750 cemus
2195 2709 2260 2749 ac
2295 2695 2570 2763 bibamus,
2601 2697 2698 2752 sed
2732 2697 2857 2753 ideo
2896 2698 3239 2754 comedimus
3289 2706 3348 2752 ut
3387 2697 3535 2752 viva-
3589 2679 3596 2687 ’

1950 2799 2106 2842 mus:
2137 2787 2340 2858 quippe
2366 2788 2513 2844 haud
2541 2788 2725 2845 vivere
2751 2800 2810 2844 ut
2837 2805 3149 2857 vescamur,
3171 2790 3270 2846 sed
3293 2789 3443 2846 vesci
3474 2798 3536 2844 ut

1952 2877 2224 2944 vivamus,
2288 2879 2474 2950 prisco
2520 2880 2648 2950 jure
2730 2891 2995 2938 statutum
3047 2891 3153 2940 est.
3204 2882 3319 2939 Nos
3373 2898 3530 2948 vero,

1953 2970 2108 3040 quasi
2139 2970 2208 3026 ad
2236 2974 2520 3044 crapulam
2557 2975 2611 3029 in
2643 2975 2910 3030 mundum
2967 2977 3305 3042 venerimus,
3333 2987 3533 3032 cuncta

1951 3061 2013 3119 in
2063 3064 2212 3120 illam
2263 3065 2628 3145 absumimus,
2669 3066 2920 3136 ebriique
2947 3082 2979 3120 a
3021 3066 3292 3122 materiali
3344 3083 3536 3123 mensa

257 3154 679 3226 tvﬂupodpevot,
731 3156 808 3221 ὡς
862 3157 891 3210 ό
950 3158 1092 3228 μετά
1159 3157 1261 3230 τήν
1319 3159 1605 3228 τράπεζαν
1653 3161 1846 3232 καιρὸς

1952 3156 2268 3228 surgimus:
2298 3159 2522 3214 minime
2550 3167 2894 3230 reputantes,
2951 3159 3098 3229 quod
3136 3169 3260 3230 post
3289 3175 3534 3216 mensam

256 3248 619 3317 εὐχαριστίας
666 3249 786 3301 ἐστὶ
842 3248 936 3302 καὶ
967 3247 1154 3318 ὓμνων
1186 3250 1380 3318 καιρός
1408 3265 1423 3280 ο
1458 3251 1552 3304 τὸν
1591 3251 1650 3306 δὲ
1681 3253 1846 3323 εὐχα-

257 3341 560 3410 ριστοῦντα
611 3341 735 3411 οὐχὶ
786 3339 1009 3409 μεθύειν
1052 3338 1253 3410 χρεὼν,
1287 3340 1405 3394 ἀλλ’
1439 3343 1845 3414 ἐγρηγορέναι*

253 3434 282 3486 ό
317 3433 432 3502 γὰρ
478 3430 640 3485 τοῦτο
689 3431 1096 3504 ἐνθυμούμενος
1131 3432 1262 3484 ὅταν
1309 3433 1404 3486 ἐπὶ
1433 3435 1716 3506 τραπέζης
1747 3454 1848 3489 κα-

255 3524 408 3592 θίσῃ.
451 3523 534 3576 ὅτι
585 3521 727 3592 μετά
766 3522 864 3593 τήν
905 3523 1188 3591 τράπεζαν
1228 3522 1392 3576 αὐτὸν
1441 3523 1698 3596 εὔχεσθαι
1745 3527 1844 3592 δεῖ,

257 3613 598 3683 συμμέτρως
634 3613 911 3683 ἐμπλήσει
942 3613 1042 3682 τὴν
1074 3613 1337 3684 γαστέρα,
1367 3614 1457 3670 ῐνα
1504 3618 1579 3686 μὴ
1616 3616 1849 3688 βαρυνό-

257 3721 426 3774 μενος
453 3704 588 3772 γόνυ
630 3704 813 3758 κλῖναι
845 3706 1184 3779 ἀδυνατήσῃ,
1219 3711 1315 3760 καὶ
1344 3708 1439 3761 τὸν
1488 3707 1624 3762 Θεὸν
1661 3728 1845 3780 παρασ-

255 3795 514 3862 καλέσαι,
548 3795 849 3850 κάντεῦθεν
894 3797 1122 3867 γένηται
1185 3800 1280 3854 καὶ
1326 3801 1434 3856 τῶν
1468 3801 1682 3870 ἀλόγων
1721 3804 1848 3856 ἀλο-

253 3887 524 3958 γώτερος.
554 3889 616 3942 Εἰ
644 3890 752 3960 γὰρ
779 3892 966 3944 ἐκεῖνα
996 3893 1137 3962 μετά
1165 3891 1264 3965 τὴν
1291 3895 1502 3965 φάτνην
1528 3897 1847 3966 ὁδοιπορίας

255 3982 498 4036 ἅπτεται
541 3983 637 4034 καὶ
673 3982 995 4053 ἀχθοφορεῖ,
1027 3985 1126 4036 καὶ
1152 3984 1253 4054 τὴν
1283 3985 1498 4041 οἰκείαν
1527 3987 1846 4059 ἀποπληροῖ

254 4072 566 4136 διακονίαν,
598 4074 716 4137 πῶς
746 4078 848 4128 οὐκ
877 4075 1207 4146 ἀτιμότερος
1233 4076 1328 4130 καὶ
1360 4077 1542 4131 αὐτῶν
1571 4078 1676 4132 τών
1709 4079 1847 4134 ὄνων

253 4164 283 4214 ό
323 4160 465 4230 μετά
495 4161 595 4232 τήν
624 4162 906 4231 τράπεζαν
937 4164 1212 4236 ἄχρηστος
1239 4166 1532 4237 ἄνθρωπος
1564 4170 1704 4238 πρὸς
1734 4171 1846 4226 πᾶν

255 4255 425 4324 ἔργον
459 4256 556 4309 καὶ
593 4255 992 4326 ἀνεπιτήδειος,
1034 4259 1122 4310 ὅτε
1174 4258 1413 4326 μάλιστα
1460 4262 1656 4332 νήφειν
1700 4265 1844 4336 XM;

258 4347 374 4402 Καὶ
417 4346 526 4417 γὰρ
567 4348 648 4400 ὅτι
681 4347 820 4417 μετά
845 4347 944 4415 τὴν
984 4347 1228 4401 ἑστίασιν
1262 4351 1360 4420 οὐχ
1400 4351 1568 4406 ὕπνον
1597 4355 1720 4408 οὐδὲ
1754 4357 1848 4410 εὐ-

254 4441 382 4511 νὴν,
443 4441 558 4493 ἀλλ’
618 4440 788 4510 εὐχὰς
843 4440 939 4492 καὶ
996 4441 1159 4494 θείων
1215 4441 1453 4512 Γραφῶν
1515 4446 1843 4515 ἀνάγνωσιν,

255 4533 412 4602 ἡμᾶς
446 4531 791 4602 διαδέχεσθαι
846 4531 976 4603 χρὴ,
1007 4531 1168 4587 τοῦτο
1201 4538 1541 4605 σαφέστερον
1572 4538 1842 4607 ἐδήλωσεν
1875 4527 1920 4585 Ῐ)

253 4628 283 4679 ό
315 4625 553 4694 Χριστός
579 4641 594 4656 ο
627 4626 695 4678 τά
730 4624 864 4692 γοῦν
889 4625 1096 4696 ἄπειρα
1127 4625 1313 4697 πλήθη
1342 4627 1464 4680 τότε
1498 4629 1762 4696 ἑστιάσας
1787 4635 1846 4688 ἐν

253 4720 325 4788 τῇ
355 4719 570 4788 ἐρήμῳ,
597 4718 699 4772 οὐκ
729 4720 824 4772 ἐπὶ
849 4719 1042 4789 κλίνην
1071 4720 1272 4783 αὐτοὺς
1308 4720 1579 4792 ἐπεμψεν,
1609 4724 1725 4778 ἀλλ’
1753 4727 1848 4780 ἐπὶ

255 4809 415 4864 θείαν
455 4811 724 4880 ἀκρόασιν
755 4809 984 4863 ἐκάλεσε
1020 4809 1220 4879 λογίων
1245 4827 1257 4841 ·
1307 4813 1370 4865 οὐ
1413 4813 1524 4885 γὰρ
1560 4814 1844 4888 διέρρηξεν

260 4899 443 4953 αὐτῶν
472 4901 571 4963 τὰς
595 4899 886 4970 γαστέρας,
915 4898 1036 4952 οὐδὲ
1069 4898 1150 4961 είς
1177 4899 1356 4969 μέθην
1396 4903 1679 4973 ἐνέϐαλεν,
1705 4909 1844 4963 ἀλλὰ

261 4992 564 5062 πληρώσας
607 4991 790 5045 αὐτῶν
823 4992 922 5061 τὴν
972 4992 1184 5062 χρείαν,
1221 4993 1362 5064 πρὸς
1408 4995 1507 5066 τὴν
1541 5015 1845 5071 πνευματιο

257 5088 368 5149 κήν
423 5079 530 5153 ἦγε
584 5087 814 5153 τροφήν.
848 5081 1008 5136 Οὕτω
1054 5085 1148 5138 καὶ
1212 5086 1377 5155 ἡμεῖς
1433 5089 1700 5160 ποιῶμεν,
1747 5096 1844 5147 καὶ

256 5177 517 5230 τοσοῦτον
562 5176 844 5239 ίιθίσαντες
891 5176 1118 5240 ἑαυτοὺς
1173 5179 1380 5234 ἐσθίειν
1420 5182 1547 5235 ὅσον
1601 5189 1738 5254 πρὸς
1783 5189 1844 5240 τὸ

258 5266 360 5337 ζῇν
408 5266 591 5335 μόνον,
635 5267 734 5336 οὐχ
776 5267 903 5320 ὅσον
943 5267 1284 5323 διασπᾶσθαι
1326 5272 1422 5324 καὶ
1465 5273 1799 5344 βαρύνεσθαι
1825 5293 1842 5310 ο

259 5361 356 5413 καὶ
386 5360 619 5414 πάντοτε
661 5360 902 5430 μὲν-ἀπὸ
928 5360 1029 5431 τῆς
1071 5361 1359 5434 τραπέζης
1411 5367 1486 5437 μὴ
1525 5368 1619 5422 ἐπὶ
1648 5369 1841 5441 κλίνην

257 5457 375 5509 ἀλλ’
413 5456 499 5510 ἐπ’
528 5457 695 5527 εὐχὴν
720 5457 1058 5528 τρεπώμεθα
1091 5457 1188 5528 (1).

334 5598 380 5629 ¹⁸
412 5597 427 5651 Ι
461 5595 608 5650 Tim.
639 5611 692 5661 ν,
722 5596 777 5651 6.
856 5596 898 5627 ¹⁶
932 5597 1065 5652 Luc.
1106 5611 1180 5662 tx,
1218 5597 1302 5652 18.

337 5763 412 5833 (Ι)
448 5762 543 5817 Est
573 5762 835 5816 hodierna
862 5777 1082 5830 quoque
1108 5762 1452 5835 consuetudo
1487 5766 1538 5818 in
1564 5765 1831 5835 religiosis

261 5835 556 5901 sudalitiis,
618 5845 676 5886 ut
722 5842 844 5902 post
906 5848 1148 5887 mensam
1191 5833 1259 5886 ad
1313 5835 1643 5892 adorandam
1672 5833 1822 5893 bre-

583 5929 856 5990 ΡΑτιιοι.
889 5929 1006 5992 GR.
1051 5927 1174 5990 CXI
1192 5930 1305 5992 lx.

1954 3254 2171 3319 tempus
2229 3249 2565 3319 agendarum
2610 3251 2913 3320 gratiarum
2939 3258 2995 3305 et
3026 3251 3358 3321 hymnorum
3391 3260 3533 3308 tem-

1950 3355 2054 3408 pus
2079 3341 2185 3396 sit:
2219 3356 2386 3412 porro
2406 3356 2559 3420 eum,
2590 3343 2683 3412 qui
2715 3343 2921 3413 gratias
2945 3343 3077 3413 agit,
3130 3343 3281 3400 haud
3307 3345 3529 3401 ebrium

1949 3448 2071 3490 esse
2109 3443 2365 3505 oportere
2396 3434 2491 3491 sed
2525 3443 2930 3503 experrectum.
2964 3432 3101 3490 Nam
3151 3436 3243 3505 qui
3279 3437 3535 3493 conside-

1951 3533 2056 3590 ret,
2110 3525 2242 3581 dum
2266 3540 2470 3581 mensa
2516 3524 2818 3588 accumbit,
2865 3524 2982 3579 fore
3019 3533 3078 3580 ut
3106 3534 3230 3596 post
3282 3541 3529 3583 mensam

1949 3631 2140 3688 preces
2173 3618 2339 3685 dicat,
2367 3617 2414 3672 is
2441 3618 2657 3673 modice
2710 3628 2958 3674 ventrem
3005 3620 3274 3690 implebit,
3304 3635 3374 3675 ne
3406 3621 3533 3676 cibo

1949 3718 2206 3778 gravatus
2233 3724 2376 3781 genu
2410 3709 2632 3767 ﬂectere
2654 3720 2912 3780 nequeat.
2937 3720 2994 3766 et
3022 3709 3194 3767 Deum
3227 3712 3486 3768 invocare
3513 3730 3530 3775 ;
3583 3699 3604 3726 ⁶

1949 3815 2115 3875 atque
2163 3803 2291 3860 hinc
2344 3805 2436 3859 ﬁat
2491 3805 2671 3860 brutis
2723 3805 3116 3860 irrationalior.
3167 3805 3301 3861 Nam
3332 3806 3378 3862 si
3440 3807 3530 3862 illa

1951 3907 2074 3968 post
2097 3913 2360 3969 praesepe,
2396 3897 2502 3953 iter
2539 3897 2945 3967 ingrediuntur,
2997 3907 3053 3952 et
3090 3913 3258 3954 onera
3318 3898 3530 3966 ferunt,

1949 3998 2006 4043 et
2029 3989 2314 4060 proprium
2343 3987 2712 4043 ministerium
2749 3987 3033 4050 exhibent,
3061 3989 3254 4058 quidni
3281 3991 3350 4044 sit
3398 3991 3533 4060 ipsis

1949 4081 2122 4137 asinis
2172 4081 2644 4152 contemptibilior
2689 4081 2855 4136 homo
2902 4089 3024 4150 post
3057 4097 3300 4136 mensam
3353 4084 3533 4139 cuivis

1949 4172 2102 4241 operi
2154 4171 2374 4242 ineptus
2428 4181 2487 4228 et
2550 4172 2844 4242 impotens,
2884 4186 3008 4226 cum
3067 4181 3247 4226 tamen
3296 4177 3532 4230 maxime

1948 4273 2330 4338 experrectum
2353 4279 2476 4322 esse
2504 4265 2770 4334 oportet?
2806 4263 2938 4318 Nam
2976 4262 3124 4334 quod
3163 4274 3284 4334 post
3316 4265 3528 4330 cibum,

1949 4357 2095 4413 haud
2121 4371 2316 4413 somno
2355 4356 2441 4410 vel
2471 4353 2662 4419 cubili,
2703 4354 2799 4409 sed
2833 4353 3092 4424 precibus
3123 4363 3180 4407 et
3211 4352 3527 4408 divinarum

1950 4451 2361 4521 Scripturarum
2397 4447 2625 4503 lectioni
2659 4446 2964 4502 vacandum
3020 4445 3114 4510 sit,
3133 4445 3189 4501 id
3242 4445 3534 4516 perspicue

1950 4543 2193 4601 ostendit
2221 4541 2498 4607 Christus,
2547 4540 2794 4611 quicum
2836 4539 3182 4594 innumeram
3216 4537 3532 4592 multitudi-

1950 4651 2076 4690 nem
2109 4635 2163 4688 in
2190 4633 2411 4689 deserto
2435 4633 2696 4702 pavisset,
2733 4645 3082 4701 nequaquam
3107 4630 3174 4686 ad
3202 4630 3404 4686 lectum
3433 4645 3530 4685 eos

1951 4729 2124 4794 misit,
2156 4727 2252 4784 sed
2284 4726 2352 4781 ad
2385 4725 2630 4782 divinam
2661 4725 3013 4781 oraculorum
3039 4726 3292 4779 acroasin
3325 4724 3404 4777 “z
3436 4737 3532 4776 ne-

1950 4837 2057 4890 que
2082 4821 2305 4874 illorum
2328 4827 2548 4874 ventres
2577 4819 2703 4874 cibo
2731 4819 2962 4887 dirupit,
3012 4817 3108 4872 sed
3143 4817 3384 4885 ipsorum
3431 4830 3530 4869 cx-

1950 4913 2095 4982 pleta
2128 4912 2455 4968 necessitate
2489 4909 2556 4965 ad
2593 4911 2897 4980 Spiritalem
2945 4924 3126 4964 escam
3158 4906 3392 4963 vocavit.
3437 4907 3531 4963 Sic

1952 5018 2177 5074 agamus
2204 5013 2260 5060 et
2305 5019 2428 5071 nos,
2489 5013 2654 5073 atque
2708 5012 2939 5058 eatenus
2982 5009 3199 5056 nosmet
3234 4999 3528 5054 comedere

1951 5095 2406 5163 assuefaciatnus,
2467 5106 2740 5164 quatenus
2795 5095 2922 5147 vita:
2980 5090 3362 5147 tantummodo
3403 5106 3530 5146 sus-

1953 5186 2226 5241 tentanda:
2255 5202 2396 5257 opus
2418 5195 2524 5251 est,
2553 5201 2662 5240 non
2693 5182 3080 5254 dirumpeudis
3105 5181 3407 5238 stomaehis
3431 5193 3530 5238 aut

1951 5281 2272 5350 gravandis:
2314 5289 2478 5347 atque
2503 5279 2727 5333 omnino
2759 5293 2789 5330 a
2837 5292 3028 5332 mensa
3060 5292 3170 5332 non
3195 5274 3262 5330 ad
3295 5275 3524 5344 lectum,

1949 5369 2046 5425 sed
2080 5371 2146 5424 ad
2205 5384 2397 5439 preces
2437 5380 2801 5424 transeamus.

1943 5768 2082 5821 viter
2136 5771 2188 5850 in
2249 5773 2451 5842 templo
2490 5773 2570 5828 vel
2625 5773 2824 5828 sacello
2878 5769 3281 5831 Encharistiam
3339 5774 3532 5830 cuncti

1931 5852 2278 5896 COIIVClllalll.

3121 5937 3192 5997 31
