3904 6578
349 415 453 475 97')

1486 412 1588 472 ΤΠ
1601 413 1848 474 EODOR
1865 412 1888 470 Ι
1933 416 1982 470 Μ
1999 409 2490 471 ΕιΙΤΕΝΙΟΤᾹΞ

3499 415 3603 479 θ’ῖθ

345 531 639 596 Propterea
678 521 958 594 potissimo
1005 519 1322 575 insanabilis
1363 520 1586 575 morbus
1615 521 1695 584 lit,
1729 529 1784 576 ct
1808 519 1920 573 bel-

2043 516 2377 584 ῑουλεύσωσι,
2417 519 2655 590 τοσούτῳ
2703 521 2771 574 τὰ
2823 522 2924 591 τῆς
2977 522 3169 596 ἡδονῆς
3217 522 3471 588 αὔξεται.
3519 521 3606 573 Aab

343 617 434 672 lua
500 617 674 686 magis
721 613 1011 668 indomita.
1070 611 1311 664 Avaritia
1349 609 1580 675 Giezim,
1612 610 1714 663 viri
1745 607 1919 663 sancti

342 708 552 764 Elissaei
611 703 1086 765 contubernalem,
1151 703 1430 771 leprosum
1477 716 1576 771 pro
1640 699 1918 769 discipulo

263 845 275 867 κ
343 815 408 857 ac
444 798 709 869 propheta
733 795 940 851 effecit.
970 796 1098 849 Haec
1119 795 1434 850 .ludaeorum
1471 792 1748 862 principes
1777 805 1918 846 cor-

261 951 266 958 ,
341 891 514 960 rupit,
570 897 629 944 ut
679 888 849 943 dona'
882 887 1223 957 acciperent,
1280 896 1336 941 et
1396 885 1574 938 furum
1629 882 1921 953 participes

343 982 560 1035 tierent.
596 977 717 1032 llaec
744 978 940 1034 ludam
965 977 1303 1047 proditorem
1341 974 1606 1028 reddidit.
1625 973 1748 1028 Hac
1776 971 1923 1026 Ana—

342 1075 492 1128 niam
547 1071 805 1140 perdidit.
865 1069 991 1125 llaec
1047 1070 1333 1124 innumera
1363 1067 1501 1121 bella
1535 1063 1762 1130 invexit,
1792 1077 1921 1119 san-

342 1165 508 1235 guine
543 1165 679 1228 vias,
713 1163 867 1216 luctu
907 1171 1076 1232 atque
1137 1158 1430 1230 gemitibus
1460 1156 1623 1211 urbes
1654 1151 1922 1224 implevit.

344 1257 469 1312 llaec
524 1269 710 1310 coenas
765 1253 967 1309 obtulit
1019 1252 1286 1321 impuras,
1355 1263 1569 1303 mensas
1591 1246 1920 1318 piaculares,

344 1361 500 1401 escas
534 1345 744 1398 scelere
771 1344 987 1412 plenas.
1049 1341 1187 1395 Hinc
1237 1340 1402 1405 bella,
1431 1349 1486 1393 et
1510 1353 1705 1410 pugna:
1739 1353 1752 1390 :
1792 1335 1924 1390 hinc

347 1441 632 1493 bustorum
688 1434 1013 1499 spoliatorcs
1079 1451 1092 1488 :
1152 1433 1280 1489 hinc
1357 1433 1598 1502 denique
1654 1426 1927 1500 quidquid

348 1533 470 1586 mali
497 1532 681 1585 dicere
717 1537 891 1599 potes.

2027 613 2120 661 καὶ
2155 610 2326 681 ταύτῃ
2361 612 2599 679 μάλιστα
2629 614 2848 667 ἀνίατον
2883 616 2942 668 τὸ
2991 617 3204 686 νόσημα
3246 616 3486 683 γίνεται,
3518 617 3610 668 καὶ

2026 698 2334 754 δυσάλωτον
2382 705 2436 754 το
2467 702 2674 773 θηρίον.
2710 706 2881 760 Τοῦτο
2929 707 3024 759 τὸν
3071 707 3258 776 Γιεζῆ,
3281 708 3438 774 ἀνδρὶ
3469 708 3608 775 ἁγίῳ

2025 791 2105 862 τῷ
2144 791 2436 864 Ἐλισσαίῳ
2490 795 2757 860 συζῶντα,
2790 798 2991 867 λεπρδν
3035 800 3157 852 ἀντὶ
3213 797 3463 869 μαθητοῦ
3519 800 3611 851 καὶ

2026 883 2309 953 προφήτου
2342 885 2610 956 πεποίηκε
2634 903 2649 917 ⁶
2679 887 2840 942 τοῦτο
2865 891 2994 954 τοὺς
3033 890 3304 943 ἰυυδαεων
3338 891 3609 960 ἄρχοντας

2023 973 2295 1045 διέφθειρε
2321 1018 2335 1040 ,
2387 975 2764 1048 λαμϐάνοντας
2809 981 2958 1052 δῶρα
3003 982 3100 1035 καὶ
3147 985 3441 1046 κοινωνοὺς
3495 984 3610 1035 κλε-

2026 1067 2178 1120 πτῶν
2251 1070 2610 1140 γινομένους*
2671 1073 2829 1126 τοῦτο
2910 1076 3003 1128 τὸν
3066 1075 3270 1128 Ἰούδαν
3343 1074 3605 1146 προδότην

2023 1160 2360 1230 εἰργάσατο·
2415 1163 2578 1218 τοῦτο
2631 1167 2759 1230 τοὺς
2809 1169 2939 1237 περὶ
2995 1168 3252 1221 Ἀνανίαν
3309 1169 3602 1222 ἀπώλεσε·

2023 1252 2181 1306 τοῦτο
2243 1255 2474 1325 μυρίους
2508 1258 2778 1328 πολέμους
2837 1261 3157 1331 εἰσήγαγεν,
3202 1261 3456 1329 αἱμάτων
3512 1252 3632 1330 μὲνῖ

2025 1341 2124 1406 τὰς
2145 1343 2319 1408 ὁδοὺς,
2358 1344 2571 1416 ορήνων
2601 1347 2656 1401 δὲ
2687 1351 2782 1402 καὶ
2828 1350 3087 1420 οἰμωγῶν
3127 1352 3224 1416 τὰς
3256 1351 3445 1413 πάλεις
3477 1353 3606 1420 πλη-

2038 1433 2220 1502 ρῶσαν
2249 1452 2263 1468 ο
2315 1439 2410 1491 κα)⁵
2471 1439 2664 1496 δεῖπνα
2715 1443 2943 1514 ἐποέησε
2993 1444 3250 1512 γενέσθαι
3295 1443 3606 1512 ἀκάθαρτα,

2037 1527 2134 1581 καὶ
2180 1529 2466 1599 τραπέζας
2512 1535 2747 1602 ἐναγεῖς,
2804 1539 2896 1589 καὶ
2938 1537 3217 1608 ἐδέσματα
3267 1539 3610 1608 παρανομίας

348 1629 680 1695 ἐνέπλησεν·
753 1622 1007 1678 ἐντεῦθεν
1057 1624 1165 1693 γὰρ
1224 1623 1453 1694 πόλεμοι
1539 1621 1637 1675 καὶ
1690 1619 1887 1692 μάχαι,
1967 1617 2222 1678 ἐντεῦθεν
2277 1627 2662 1699 τυμϐωρύχοι,
2717 1632 2810 1685 καὶ
2861 1631 2889 1685 ὃ
2938 1633 3004 1688 ἂν
3056 1636 3218 1707 εἴπῃς
3275 1635 3472 1701 κακὸν,
3531 1637 3614 1689 ἐν-

348 1723 563 1778 τεῦθεν.

421 1817 472 1869 5.
502 1815 800 1886 PrOptcrea
827 1816 968 1870 hanc
995 1811 1156 1868 divus
1203 1811 1404 1866 l‘aulus
1431 1808 1729 1881 appellavit
1751 1807 1920 1863 simu-

2095 1805 2163 1876 γ’.
2218 1808 2320 1862 Διὰ
2390 1809 2549 1865 τοῦτο
2609 1811 3052 1885 εἰδωλολατρείαν
3107 1817 3136 1869 ὁ
3187 1818 3332 1882 Otia;
3407 1819 3611 1879 Παῦλος

353 1911 624 1964 lacruruzu
660 1908 985 1964 servitutem
1042 1906 1105 1971 ⁸⁸,
1132 1916 1190 1960 ιιι
1246 1904 1463 1958 malitia:
1490 1899 1925 1973 magnitudinem

351 2000 687 2055 ostenderet.
717 1999 845 2068 .Cur
908 2013 1040 2054 vero
1090 1997 1511 2051 simulacrorum
1560 1991 1922 2049 servitutem?

351 2094 489 2161 Quia
523 2093 678 2148 multi
707 2092 993 2162 pecuniam
1020 2091 1240 2154 habent,
1267 2089 1361 2145 sed
1392 2105 1455 2145 ea
1481 2087 1558 2142 uti
1577 2103 1684 2142 non
1700 2093 1926 2151 audent,

354 2188 446 2242 sed
503 2186 910 2258 quodammodo
954 2195 1305 2247 consecrant,
1339 2192 1394 2236 et
1421 2180 1489 2236 ad
1529 2180 1669 2236 ﬁlios
1706 2179 1931 2234 horum-

353 2297 461 2352 que
488 2290 736 2347 posteros
772 2277 1154 2334 transmittunt
1201 2276 1488 2339 intactam,
1551 2283 1809 2343 tanquam
1845 2287 1931 2327 sa-

353 2392 444 2429 cra
508 2373 758 2445 quaedam
811 2372 1042 2428 donaria
1094 2371 1301 2425 violare
1349 2376 1657 2439 parcentes.
1682 2364 1838 2434 Quod
1883 2364 1930 2420 si

351 2465 649 2536 aliquando
710 2477 1005 2536 coguntur,
1050 2463 1211 2534 quasi
1268 2461 1538 2516 nefarium
1575 2457 1779 2528 aliquid
1808 2471 1933 2527 ege-

356 2560 487 2622 rint,
535 2559 801 2628 ita.,a’gre
859 2571 916 2611 se
964 2555 1194 2611 habent.
1228 2550 1470 2624 Alioqui,
1503 2550 1648 2605 sicut
1671 2549 1932 2605 ethnicus

355 2651 714 2705 simulacrum
777 2649 929 2713 colit,
990 2647 1064 2702 ita
1123 2662 1318 2700 aurum
1345 2659 1542 2700 avarus
1571 2643 1758 2716 januis
1785 2657 1933 2698 com-

359 2742 580 2798 mendat
639 2750 697 2795 et
751 2740 911 2806 seris,
965 2755 1062 2809 pro
1105 2738 1307 2809 templo
1333 2752 1516 2793 arcam
1554 2735 1850 2799 fabricans,
1877 2741 1934 2789 et

354 2837 628 2907 argenteis
661 2835 808 2889 vasis
841 2834 1169 2888 recondens.
1230 2829 1320 2897 At,
1349 2829 1558 2900 inquis,
1592 2843 1792 2882 aurum
1821 2839 1932 2880 non

358 2931 568 2994 adorat,
604 2928 755 2982 velut
777 2925 1034 2981 ethnicus
1057 2922 1435 2979 simulacrum.
1465 2923 1720 2977 Attamen
1747 2918 1932 2974 omni-

360 3023 578 3078 modum
625 3020 704 3074 illi
771 3017 993 3073 adhibet
1031 3016 1326 3071 culturam.
1359 3013 1636 3070 Preterea
1676 3011 1934 3067 ethnicus

360 3113 629 3170 libentius
672 3111 865 3166 oculos
909 3117 965 3164 et
994 3107 1236 3162 animam
1287 3105 1543 3178 projiciet
1571 3117 1733 3173 quam
1767 3103 1937 3158 simu-

2035 1899 2294 1955 ἐκάλεσεν
2351 1903 2504 1971 αὐτὸ,
2540 1904 2601 1958 τὺ
2647 1905 2749 1976 τῆς
2797 1907 2998 1972 κακίας
3056 1909 3294 1978 μέγεθος
3347 1910 3611 1964 ἐνδεικνύ-

2037 2009 2216 2062 μενος.
2266 1995 2366 2049 Διὰ
2406 1995 2460 2049 τι
2509 1997 2987 2072 εἰδωλολατρείανς
3041 2000 3164 2054 Ὀτι
3204 2001 3393 2071 ἔχουσι
3437 2003 3610 2057 πολλοὶ

2034 2087 2314 2158 χρήματα,
2340 2091 2432 2144 καὶ
2474 2091 2788 2163 χρήσασθαι
2830 2093 3017 2155 αὐτοῖς
3060 2094 3122 2146 οὗ
3167 2093 3464 2164 τολμῶσιν,
3496 2091 3607 2148 ἀλλ’

2035 2180 2380 2250 ἀφιεροῦσιν,
2411 2181 2774 2253 εἰς’ἐκγόνους
2809 2184 2904 2236 καὶ
2932 2186 3057 2249 τοὺς
3087 2183 3146 2250 ἐξ
3177 2185 3410 2239 ἐκείνων
3433 2203 3607 2255 παρα-

2037 2275 2348 2344 πέμποντες
2402 2276 2681 2346 ἀνέπαφα,
2712 2276 2968 2348 καθὰπερ
3019 2279 3182 2333 τινῶν
3239 2279 3609 2348 ἀναθημάτων

2035 2365 2097 2420 ού
2127 2366 2434 2438 τολμῶντες
2463 2369 2725 2439 ἅψασθαι.
2761 2370 2888 2424 Ἐὰν
2913 2371 2970 2424 δέ
3003 2388 3134 2424 ποτε
3166 2372 3609 2440 ἀναγκασθῶσιν,

2037 2458 2230 2532 ὥσπερ
2276 2461 2540 2532 ἀθέμιτόν
2591 2480 2647 2516 τι
2697 2464 3031 2535 πράξαντες,
3087 2465 3231 2519 οὕτω
3287 2466 3611 2521 διάκεινται.

2039 2554 2148 2606 Καὶ
2185 2553 2360 2617 ἄλλως
2403 2554 2458 2608 δέ
2498 2553 2687 2626 ὥσπερ
2716 2557 2777 2609 τὸ
2811 2557 2997 2623 ξόανον
3029 2559 3056 2610 ὁ
3089 2557 3295 2627 Ἕλλην
3331 2558 3612 2628 περιέπει,

2038 2647 2209 2711 οὕτως
2240 2650 2268 2700 6
2294 2648 2628 2721 φιλάργυρος
2678 2650 2738 2703 τὸ
2778 2649 3005 2720 χρυσίον
3053 2649 3248 2720 θύραις
3299 2652 3616 2706 πιστεύεται

2041 2744 2134 2794 καὶ
2167 2741 2404 2811 μοχλοῖς,
2431 2742 2552 2796 ἀντὶ
2597 2741 2729 2796 ναοῦ
2766 2744 2825 2795 τὸ
2859 2741 3118 2796 κισώτιον
3159 2743 3618 2809 κατασκευάζων,

2040 2837 2135 2888 καὶ
2188 2834 2640 2905 ἐναποτιθέμενος
2698 2835 2952 2890 σκεύεσιν
3018 2837 3302 2906 ἀργυροῖς.
3362 2833 3510 2890 Ἀλλ’
3556 2834 3618 2889 ού

2043 2929 2360 2999 προσκυνεῖ,
2394 2927 2653 2998 καθάπερ
2683 2930 2908 2992 ἐκεῖνος,
2943 2927 3005 2982 τὸ
3032 2927 3242 2992 ξόανον,
3273 2927 3414 2981 ἀλλὰ
3440 2929 3622 2982 πᾶσαν

2041 3022 2410 3076 ἐπιδεῖκνυται
2468 3023 2595 3092 περὶ
2638 3021 2773 3075 αὐτὸ
2825 3022 3146 3092 θεραπείαν.
3193 3023 3366 3077 Πάλιν
3417 3023 3622 3086 ἐκεῖνος

2041 3116 2212 3186 ἡδέως
2237 3117 2300 3168 ἂν
2333 3115 2458 3177 τοὺς
2490 3113 2802 3185 ὀφθαλμοὺς
2825 3115 2921 3169 καὶ
2969 3114 3068 3185 τὴν
3101 3115 3283 3185 ψυχὴν
3330 3115 3558 3186 πρόοιτο
3589 3114 3623 3184 ἢ

361 3205 595 3260 lacrum.
656 3199 735 3256 lta
801 3199 966 3255 etiam
1030 3198 1150 3252 auri
1202 3205 1501 3251 amatores.
1560 3193 1664 3249 Sed
1705 3209 1816 3248 non
1846 3207 1934 3247 ve-

2043 3181 2106 3262 τὸ
2137 3209 2346 3275 ξόανον.
2379 3181 2561 3260 Τοῦτο
2586 3181 2681 3261 καῖ
2704 3209 2756 3260 οἱ
2793 3207 2854 3260 τὺ
2884 3181 3452 3278 χρυσῶν-φιλοῦντες.
3489 3181 3624 3262 ’Δλλῖ

361 3303 644 3359 nerantur,
668 3291 872 3362 inquis,
905 3305 1124 3346 aurum.
1151 3288 1315 3359 Atqui
1345 3303 1413 3344 ne
1441 3285 1696 3343 ethnicus
1715 3285 1938 3355 quidem

2042 3303 2104 3356 οὐ
2145 3303 2520 3374 προσκυνοῦσι
2549 3302 2610 3356 τδ
2645 3301 2897 3374 χρυσίον,
2935 3302 3135 3372 φησιν·
3177 3303 3303 3356 ούδέ
3334 3307 3542 3366 ἐκεῖνος
3570 3304 3629 3356 τὸ

359 3359 762 3450 simulacrum,
817 3383 915 3439 sed
963 3382 1362 3437 inhabitantem
1431 3379 1546 3434 illic
1607 3359 1991 3432 daztuonem.‘
2043 3359 2280 3460 εεδωλξον,
2312 3393 2427 3448 ἀλλ’
2475 3395 2624 3465 ὅμως
2646 3359 3118 3466 Ἲπροσκιλνέίτδν
3159 3395 3484 3448 “una,”
3511 3359 3628 3449 ξεί-

361 3481 439 3536 lta
500 3480 650 3534 avari
706 3478 898 3548 utique
953 3491 1151 3530 aurum
1191 3490 1299 3529 non
1325 3472 1578 3536 adorant,
1607 3470 1794 3526 sedab
1821 3467 1941 3524 auri

364 3567 588 3643 aspectu
620 3579 676 3626 et
709 3567 1155 3638 concupiscentia
1210 3565 1572 3620 resultantem
1608 3565 1661 3617 in
1693 3563 1940 3634 ipsorum

363 3665 576 3722 animas
624 3663 948 3717 daemonem.
1011 3659 1268 3714 Daemoue
1309 3659 1455 3710 enim
1485 3657 1678 3712 saevior
1703 3667 1786 3710 est
1816 3670 1945 3709 ava-

367 3757 506 3812 ritia:
550 3753 812 3819 allectus;
859 3761 1024 3820 atque
1068 3749 1198 3805 huic
1259 3747 1418 3804 multi
1456 3750 1627 3818 magis
1654 3747 1940 3814 obediuut,

367 3863 529 3920 quam
559 3847 653 3900 alii
686 3845 851 3900 idolis
886 3859 900 3894 :
934 3842 1018 3897 his
1048 3841 1193 3896 enim
1228 3839 1382 3895 multi
1404 3855 1511 3893 non
1527 3840 1944 3910 obtemperant;

368 3949 423 3992 at
452 3934 694 3992 avaritiw
728 3947 919 3988 omnes
942 3931 1166 3998 cedunt,
1216 3941 1272 3986 et
1293 3929 1558 4001 quidquid
1603 3930 1716 4000 ipsa
1739 3945 1946 4001 pra'ce-

370 4029 532 4098 perit,
600 4041 810 4081 morem
857 4033 1075 4096 gerunt.
1119 4023 1185 4078 Et
1245 4022 1451 4079 videsis
1491 4022 1621 4092 quid
1647 4038 1710 4078 ea
1740 4022 1885 4077 dicat
1928 4039 1942 4076 :

369 4121 553 4176 llostis
582 4126 700 4174 esto
737 4128 792 4172 et
819 4116 1094 4172 inimicus
1129 4114 1400 4183 omnium,
1443 4114 1638 4186 ignora
1666 4124 1942 4180 naturam,

372 4215 542 4268 Deum
591 4218 902 4274 contemne,
951 4206 1086 4262 mihi
1118 4214 1289 4262 temet
1322 4206 1568 4260 immota.
1601 4202 1660 4258 ln
1684 4206 1949 4262 omnibus

370 4303 456 4358 his
504 4303 940 4370 obtemperatur.
998 4298 1068 4353 Et
1128 4296 1438 4354 simulacris
1491 4294 1717 4367 quidem
1777 4295 1950 4352 boves

369 4408 536 4466 atque
608 4408 742 4449 oves
797 4390 1116 4457 immolant;
1170 4399 1226 4445 et
1255 4388 1484 4444 avaritia
1517 4387 1948 4444 dicitzlmmola

2046 3503 2208 3556 μονα.
2245 3485 2430 3550 Οὕτως
2484 3488 2533 3540 οἱ
2581 3487 3007 3558 φιλοχρήματοι,
3036 3487 3140 3542 κᾶν
3178 3487 3254 3559 μὴ
3304 3488 3368 3540 τὸ
3408 3490 3632 3557 χρύσεον

2045 3577 2448 3649 προσκυνῶσιν,
2490 3579 2627 3632 ἀλλὰ
2658 3581 2753 3632 τὸν
2779 3581 2887 3632 ἀπὸ
2927 3579 3027 3650 τῆς
3060 3580 3235 3649 ὅψεως
3269 3579 3368 3633 τοῦ
3402 3580 3630 3651 χρυσίου

2045 3673 2142 3726 καὶ
2169 3674 2263 3741 τῆς
2293 3671 2590 3742 ἐπιθυμίας
2617 3671 2970 3743 ἐπιπηδῶντα
2997 3672 3230 3742 δαίμονα
3263 3675 3389 3736 ταῖς
3421 3674 3628 3724 τούτων

2045 3764 2243 3835 ψυχαῖς
2264 3781 2278 3796 ο
2301 3763 2553 3836 δαίμονος
2583 3764 2692 3834 γὰρ
2719 3765 3102 3836 χαλεπώτερον
3125 3765 3223 3835 τῆς
3254 3765 3629 3836 φιλαργυρίας

2049 3859 2083 3926 ὴ
2118 3855 2384 3926 ἐπιθυμία
2409 3872 2422 3886 °
2458 3857 2554 3908 καὶ
2599 3857 2774 3928 ταύτῃ
2824 3857 3011 3910 πολλοὶ
3045 3856 3250 3928 μᾶλλον
3279 3857 3565 3910 πείθονται
3597 3855 3632 3925 ἦ

2047 3948 2225 4020 ἕτεροι
2279 3951 2391 4012 τοῖς
2432 3949 2706 4013 εἰδώλοιςο
2741 3951 2860 4002 ἐκεῖ
2909 3949 3009 4019 μὲν
3052 3950 3162 4019 γὰρ
3213 3949 3389 4004 πολλὰ
3451 3965 3633 4019 παρα-

2048 4043 2325 4109 κούουσιν,
2362 4040 2594 4097 ἐνταῦθα
2645 4040 2704 4094 δὲ
2742 4041 2920 4094 πάντα
2970 4040 3202 4107 εἴκουσι,
3230 4041 3326 4094 καὶ
3375 4040 3517 4110 ὅπερ
3565 4041 3633 4094 ἂν

2048 4136 2177 4207 εἴπῃ
2231 4134 2461 4206 ποιῆσαι
2511 4134 2812 4188 πείθονται.
2855 4133 3098 4204 Καὶ·ὃρα
3141 4134 3194 4186 τι
3249 4134 3435 4204 λέγει·
3472 4132 3634 4186 Πολέ-

2055 4247 2176 4300 μιος
2211 4229 2302 4281 Eoo
2349 4228 2443 4282 καὶ
2496 4227 2688 4298 ἐχθρὸς
2740 4227 3024 4289 ἁπάντων,
3058 4226 3249 4295 ἀγνόει
3291 4225 3391 4297 τὴν
3439 4225 3633 4300 φύσιν,

2051 4321 2386 4391 καταφρόνει
2419 4320 2577 4386 Θεοῦ,
2601 4319 2908 4374 κατὰθυσόν
2938 4337 3030 4390 μοι
3057 4319 3255 4373 σαυτόν
3275 4334 3289 4348 ·
3324 4320 3419 4372 καὶ¹
3454 4319 3637 4372 πάντα

2049 4414 2332 4469 πείθονται
2359 4430 2372 4445 ⁸
2409 4414 2501 4468 καὶ
2531 4414 2647 4476 τοῖς
2686 4415 2786 4484 μὲν
2819 4413 3029 4480 ξοάνοις
3080 4410 3208 4482 βοῦς
3256 4411 3351 4464 καὶ
3382 4409 3638 4478 πρόϐατα

370 4488 506 4543 mihi
569 4495 719 4541 tuam
769 4483 1049 4555 propriam
1099 4481 1361 4546 animam,
1391 4492 1448 4536 et
1479 4480 1568 4536 ille
1609 4479 1816 4535 obedit.
1861 4479 1937 4536 Vi-

2053 4506 2311 4561 θύουσιν’
2347 4507 2380 4572 ἡ
2441 4505 2499 4559 δὲ
2551 4479 2889 4577 φιλαργυρία
2937 4479 3126 4571 λέγει·
3172 4502 3345 4556 Θῦσόν
3393 4520 3486 4573 μοι
3533 4503 3636 4573 τὴν

369 4579 492 4636 den’
532 4578 724 4649 quales
775 4577 879 4632 ista
903 4575 1104 4630 habeat
1132 4588 1277 4639 aras,
1327 4572 1516 4644 quales
1539 4573 1765 4643 recipiat
1789 4571 1948 4627 victi-

371 4670 525 4725 mas?
549 4673 687 4739 Aptc
721 4667 906 4738 itaque
953 4679 1184 4737 magnus
1213 4661 1416 4719 Paulus
1456 4661 1744 4718 avaritiam
1771 4659 1944 4714 simu-

371 4763 650 4817 lacrorum
713 4760 1042 4814 servitutem
1101 4753 1416 4828 appellavit,
1485 4762 1677 4825 utpote
1729 4751 1948 4824 cupidi-

375 4863 546 4908 tatntn
580 4851 828 4907 omnium
855 4849 1237 4905 saevissimam.

447 4968 504 5022 4.
555 4963 794 5020 Omnino
845 4971 1032 5018 autem
1061 4961 1256 5016 vitium
1291 4961 1399 5016 hoc
1432 4959 1648 5030 ineptos
1669 4959 1798 5014 facit
1827 4958 1952 5016 illos

377 5054 471 5125 qui
497 5068 562 5108 eo
595 5061 871 5118 tenentur,
899 5050 1014 5106 sive
1044 5049 1302 5104 militaria
1352 5065 1491 5121 opus
1519 5050 1591 5105 sit
1621 5049 1738 5104 sive
1765 5049 1952 5104 civilia

377 5160 604 5200 munera
636 5157 860 5214 gerere:
896 5157 1076 5210 neque
1101 5143 1156 5196 in
1193 5142 1426 5214 publicis
1486 5150 1722 5206 tantum,
1759 5158 1950 5198 verum

375 5240 541 5293 etiam
574 5236 627 5290 in
652 5235 881 5306 privatis
916 5236 1170 5306 negotiis.
1223 5234 1358 5289 Nam
1389 5244 1444 5291 et
1480 5235 1524 5290 si
1557 5237 1696 5288 forte
1725 5249 1951 5290 uxorem

378 5333 649 5386 ducturus
697 5342 781 5385 est
827 5329 923 5399 qui
974 5329 1218 5384 avaritia:
1254 5329 1445 5383 morbo
1473 5339 1718 5400 urgetur,
1748 5343 1953 5397 nequa-

378 5438 539 5493 quam
567 5425 770 5475 virtute
807 5421 1090 5491 praeditam
1129 5421 1384 5491 accipiet,
1408 5421 1504 5476 sed
1543 5421 1790 5475 outnium
1827 5435 1951 5489 pes-

375 5516 592 5577 simam,
651 5515 898 5582 pccunia:
954 5527 1142 5568 amore
1203 5515 1408 5569 victus.
1481 5513 1550 5568 Et
1621 5513 1666 5568 si
1753 5513 1952 5567 domus

377 5602 609 5656 emenda
637 5611 739 5666 est,
773 5601 916 5656 haud
948 5601 1234 5658 decentem
1271 5604 1510 5675 ingenuo
1534 5604 1743 5658 ltmnini
1777 5617 1949 5669 emet,

377 5693 475 5748 sed
527 5709 647 5762 quae
692 5694 864 5762 pluris
907 5695 1079 5750 locari
1125 5707 1309 5766 queat.
1365 5697 1429 5753 Et
1472 5698 1517 5753 si
1573 5714 1784 5765 servos,
1835 5700 1949 5753 sive

451 5881 492 5909 "
533 5876 734 5931 Coluss.
769 5893 848 5942 ιιι,
887 5879 934 5930 Si.

2056 4597 2258 4654 σαυτοῦ
2282 4597 2480 4670 ψυχὴν,
2509 4601 2604 4652 καὶ
2637 4598 2836 4652 πείθει.
2869 4597 3033 4669 Ὁρᾷς
3065 4597 3207 4660 οἴους
3237 4595 3352 4666 ἔχει
3387 4595 3635 4666 βωμοὺς,

2053 4688 2145 4746 οἷα
2200 4691 2418 4762 δέχεται
2474 4689 2690 4760 θύματα
2718 4707 2732 4755 ;
2765 4692 3162 4759 Προσηκόντως
3203 4687 3313 4758 ἄρα
3364 4686 3579 4747 Παῦλος
3610 4689 3640 4740 ὁ

2058 4784 2234 4856 μέγας
2281 4783 2438 4837 τοῦτο
2470 4783 2924 4853 εἰδωλολατρείαν
2974 4781 3253 4844 ἐκάλεσεν,
3283 4778 3358 4842 ὡς
3410 4779 3639 4832 πάντων

2055 4875 2244 4929 παθῶν
2273 4875 2660 4945 χαλεπώτατον
2692 4876 2886 4937 πάθος.

2126 4963 2188 5016 δ’.
2217 4963 2328 5016 Καὶ
2357 4962 2639 5032 πανταχοῦ
2697 4963 2753 5016 δέ
2804 4961 2962 5015 τοῦτο
3001 4961 3063 5016 τὸ
3101 4963 3273 5027 πάθος
3317 4965 3642 5035 ἀχρήστους

2056 5054 2202 5109 ποιεῖ
2230 5055 2353 5118 τοὺς
2387 5053 2492 5107 ὑπὸ
2525 5052 2714 5106 τούτου
2749 5054 3218 5124 κεκρατημένους,
3247 5055 3314 5109 ἄν
3352 5071 3413 5109 τε
3466 5073 3646 5126 στραο

2054 5147 2315 5217 τηγῆσαι,
2349 5147 2414 5200 ἄν
2443 5163 2504 5198 τε
2531 5148 2935 5217 δημαγωγῆσαι
2963 5147 3056 5218 δὲῃ
3080 5165 3092 5178 ·
3124 5148 3328 5218 μᾶλλον
3357 5147 3414 5200 δὲ
3449 5149 3552 5201 οὐκ
3583 5152 3646 5202 ὲν

2054 5241 2164 5299 τοῖς
2231 5241 2431 5301 κοινοῖς
2485 5238 2668 5308 μόνον,
2700 5239 2836 5293 ἀλλὰ
2871 5240 2966 5292 καὶ
3017 5243 3076 5292 ἐν
3129 5242 3240 5303 τοῖς
3295 5239 3474 5303 ιδεοις.
3515 5241 3650 5293 Κᾶν

2054 5333 2291 5396 γυναῖκα
2337 5331 2444 5400 γὰρ
2493 5330 2796 5399 ἀγαγέσθαι
2841 5332 3012 5403 μέλλῃ
3057 5334 3086 5386 ὁ
3133 5333 3510 5404 φιλαργυρίαν
3553 5348 3655 5386 voc

2058 5423 2190 5488 σῶν,
2243 5425 2304 5476 ού
2358 5423 2585 5494 λήψεται
2633 5427 2733 5493 τὴν
2785 5426 3062 5496 ἐνάρετον,
3114 5426 3254 5479 ἀλλὰ
3299 5426 3396 5497 τὴν
3445 5425 3653 5478 πασῶν

2057 5514 2432 5584 φαυλοτάτην,
2492 5515 2673 5585 ἥττων
2754 5518 3055 5586 χρημάτων
3129 5518 3467 5586 γενόμενος,
3529 5517 3654 5570 κᾶν

2055 5607 2232 5659 οἰκίαν
2267 5608 2550 5678 πρίασοαι,
2573 5607 2634 5660 οὐ
2677 5607 2774 5677 τὴν
2808 5607 3080 5680 ἐλευθέρῳ
3113 5609 3458 5680 πρέπουσαν,
3498 5609 3656 5663 ἀλλὰ

2056 5700 2155 5769 την
2208 5699 2374 5751 πολὺν
2427 5700 2732 5770 δυναμένην
2781 5700 2874 5754 τὸν
2934 5701 3129 5769 μισθὸν
3181 5703 3476 5770 ἐνεγκεῖν*
3531 5700 3657 5756 κᾶν
