3972 6604
328 388 427 453 977

1692 401 2026 464 ETI-IICON
2078 402 2154 463 [Χ
2171 448 2184 463 .

3471 405 3580 470 978

323 502 576 565 οίκέτας,
639 500 740 554 κᾶν
793 502 972 556 ὁτιοῦν
1022 505 1210 576 ἓτερον
1263 496 1521 562 ὠνεῖσθαι
1583 510 1791 582 μέλλῃ,
1841 512 1901 566 τδ

2024 511 2304 582 ιιιίιιηιιοηι
2386 512 2534 566 aliud
2601 527 2786 569 emere
2849 520 3145 583 oporteat,
3223 512 3580 576 deterrimum

324 593 660 661 φαυλότατον
709 593 960 664 λήψεται,
1000 597 1090 652 διὰ
1141 598 1201 652 τὸ
1251 600 1458 671 κέρδος.
1490 603 1609 671 Καὶ,
1646 604 1698 658 τί
1755 603 1899 674 λέγω

326 685 682 754 στρατηγίαν,
719 689 814 740 καὶ
845 687 1225 759 δημαγωγίαν,
1259 695 1354 748 καὶ
1401 697 1755 766 οίκονομίας;
1797 700 1901 753 κᾶν

320 778 426 846 γὰρ
482 777 738 847 βασιλεὺς
788 777 859 852 ᾗ,
901 783 1119 838 πάντων
1173 786 1322 839 ἐστὶν
1383 789 1749 862 ἀθλιώτερος,
1805 792 1901 845 καὶ

322 866 466 937 λύμη
495 869 596 938 τῆς
638 873 990 946 οίκουμένης,
1014 877 1108 930 κα)⁵
1159 879 1380 934 πάντων
1415 881 1783 953 πενέστερος·
1821 885 1899 946 ὡς

319 963 426 1032 γὰρ
489 957 574 1025 εἷς
624 965 734 1018 τῶν
791 966 1003 1022 πολλῶν
1037 970 1399 1036 διακείσεται,
1434 974 1558 1043 οὐχὶ
1585 975 1651 1029 τὰ
1680 976 1902 1030 πάντων

319 1053 513 1108 ἑαυτοῦ
541 1057 778 1126 νομίζων
803 1056 965 1124 εἶναι,
1007 1061 1126 1114 ἀλλ’
1164 1063 1357 1121 ἑαυτὸν
1381 1065 1480 1120 ἕνα
1513 1066 1623 1119 τῶν
1655 1067 1896 1132 πάντων,

321 1145 414 1198 καὶ
472 1147 543 1199 τὰ
605 1149 824 1203 πάντων
873 1153 1161 1218 ἁρπάζων,
1210 1154 1306 1209 καὶ
1363 1157 1581 1211 πάντων
1637 1158 1897 1236 ἐλάττονα

320 1239 468 1306 ἔχειν
533 1241 805 1309 νομίζων·
865 1247 930 1312 τῇ
982 1246 1088 1315 γὰρ
1145 1245 1258 1299 τῶν
1317 1248 1534 1304 οὐδέπω
1589 1250 1902 1321 κτηθέντων

322 1331 593 1401 ἐπιθυμίᾳ
645 1334 711 1386 τὰ
775 1336 1047 1412 παρόντα,
1079 1337 1316 1408 μετρῶν,
1354 1341 1504 1395 οὐδὲν
1547 1341 1720 1396 ταῦτα
1768 1343 1904 1413 πρὸς

321 1421 511 1475 ἐκεῖνα
550 1419 689 1478 εἶναι
717 1426 1009 1496 ἡγήσεται.
1044 1429 1134 1482 Διὸ
1165 1432 1258 1483 καί
1303 1450 1386 1496 τις
1419 1434 1584 1502 φησὶν
1629 1433 1706 1498 ὡς
1752 1435 1905 1489 οὐδὲν

320 1515 670 1586 ἀνομώτερον
697 1520 836 1587 φυλα
848 1520 1050 1591 ργύρου
1079 1538 1093 1553 ·
1127 1524 1154 1573 6
1178 1525 1285 1594 γὰρ
1314 1523 1557 1588 τοιοῦτος
1590 1526 1683 1580 καὶ
1712 1526 1905 1580 ἑαυτὸν

321 1605 656 1675 ἀποδίδοται,
691 1609 787 1662 καὶ
835 1612 1011 1674 κοινὸς
1055 1616 1414 1686 περιέρχεται
1443 1616 1544 1687 τῆς
1575 1618 1904 1688 οἰκουμένης

323 1699 542 1768 ἐχθρὸς,
612 1701 796 1769 ἀλγῶν
853 1705 936 1758 ὅτι
995 1706 1070 1776 μὴ
1134 1710 1357 1778 χρυσίον
1405 1711 1560 1781 φέρει
1607 1711 1733 1766 ἀντὶ
1792 1711 1905 1765 τῶν

321 1789 614 1860 ἀσταχύων
664 1793 697 1862 ἡ
749 1793 842 1864 γῆ,
873 1796 969 1849 καὶ
997 1797 1119 1850 ἀντὶ
1150 1797 1259 1851 τῶν
1299 1801 1555 1868 ναμάτων
1585 1803 1641 1854 αί
1674 1800 1902 1872 κρῆναι,

323 1881 421 1933 καὶ
448 1882 569 1935 ἀντὶ
599 1883 707 1935 τῶν
735 1884 903 1939 λίθων
934 1887 1002 1940 τὰ
1033 1887 1134 1959 δρη
1163 1905 1176 1919 ·
1217 1889 1589 1960 δυσχεραίνων
1628 1893 1766 1962 πρὸς
1795 1894 1893 1966 τὴν

322 1970 641 2044 εὐετηρίαν,
669 1975 726 2028 ἐν
758 1977 872 2040 τοῖς
905 1981 1108 2043 κοινοῖς
1144 1980 1373 2049 ἀγαθοῖς
1423 1984 1862 2055 συνεσταλμένος
1887 2003 1902 2018 ·

325 2066 510 2118 πᾶσαν
552 2067 1034 2140 ἀποστρεφόμενος
1080 2073 1379 2144 πρόφασιν,
1433 2076 1558 2131 ὅθεν
1611 2078 1713 2132 οὐκ
1758 2079 1904 2133 ἔστιν

323 2157 596 2227 ἀργύριον
638 2158 826 2215 λαϐεῖν
854 2179 868 2194 ·
920 2165 1099 2218 πάντα
1155 2167 1467 2235 ὑπομένων,
1519 2170 1642 2224 ὅθεν
1676 2172 1770 2224 καὶ
1811 2171 1906 2226 δύο

327 2251 496 2320 μόνον
538 2253 792 2321 συλλέξαι
838 2255 1063 2322 όσολούς
1093 2256 1172 2333 ένι
1197 2273 1212 2290 ·
1247 2258 1495 2325 ἅπαντας
1546 2263 1746 2332 μισῶν,
1780 2265 1908 2329 τούς

323 2345 588 2413 πένητας,
630 2347 757 2409 τούς
809 2347 1121 2417 πλουσίους,
1175 2350 1304 2414 τοὺς
1359 2352 1459 2422 μὲν
1504 2353 1763 2425 πένητας,
1804 2354 1908 2426 μή·

324 2449 463 2487 ποτε
495 2435 891 2505 προσελθόντες
935 2441 1200 2510 αἰτήσωσι
1228 2456 1242 2471 ·
1275 2443 1399 2506 τούς
1427 2443 1484 2496 δὲ
1518 2443 1908 2510 πλουτοῦντας,

324 2525 413 2578 ὅτι
449 2527 526 2596 μὴ
555 2526 625 2580 τὰ
655 2528 882 2582 ἐκείνων
917 2527 1031 2599 ἔχει
1058 2545 1074 2561 ·
1105 2530 1353 2598 ἅπαντας
1407 2535 1476 2588 τὰ
1503 2535 1667 2590 αὐτοῦ
1695 2537 1912 2606 νομίζει

325 2618 668 2690 κεκτῆσθαι·
701 2622 795 2674 καὶ
823 2621 896 2684 ὡς
925 2620 1082 2691 παρὰ
1115 2623 1332 2678 πάντων
1359 2624 1712 2697 ἠδικημένος,
1735 2628 1910 2691 οὕτως

327 2713 471 2782 πρὸς
515 2713 741 2778 ,πάντας
797 2712 1184 2786 δυσχεραίνει·
1239 2717 1561 2790 πλησμονὴν
1618 2722 1718 2775 οὐκ
1777 2716 1909 2791 οἵδε,

328 2806 496 2876 κόρον
556 2807 656 2858 οὐκ
708 2806 1039 2862 ἐπίσταται·
1090 2810 1149 2862 έν
1203 2811 1380 2879 σκότῳ
1427 2812 1630 2882 διάγων
1677 2814 1757 2886 τῷ
1803 2816 1912 2871 τῶν

326 2897 634 2968 χρημάτων
659 2897 846 2968 ἔρωτι,
881 2899 988 2953 τῶν
1015 2903 1498 2971 περισπουδάστων
1524 2905 1582 2958 τὸ
1613 2905 1811 2971 κάλλος
1836 2909 1911 2974 ὡς

327 2989 514 3058 χρεὼν
561 2989 622 3042 οὐ
675 2989 974 3058 γινώσκει·
1017 2993 1266 3064 καθάπερ
1305 2995 1413 3048 οὐδ’
1459 2999 1488 3050 6
1537 2999 1594 3053 ὲν
1628 3000 1806 3071 σκότῳ
1838 3000 1916 3072 τῷ

327 3078 584 3149 αἰσθητῷ
611 3078 918 3151 καθήμενος
969 3080 1196 3138 δύναται
1229 3084 1450 3156 βλέπειν
1477 3087 1537 3141 τὸ
1567 3089 1763 3154 κάλλος
1805 3091 1917 3147 τῶν

329 3171 486 3242 αὐτῷ
542 3172 978 3243 προσαγομένων
1061 3174 1230 3230 λίθων
1301 3177 1531 3249 τιμίων,
1598 3181 1632 3252 ἢ
1699 3183 1988 3260 χρυσῶνο

331 3261 572 3326 σκευῶν,
606 3264 640 3334 ἢ
673 3263 962 3334 ἁλουργῶν
995 3265 1229 3338 ίματίων
1257 3283 1272 3298 ·
1310 3270 1501 3334 σκότος
1531 3273 1624 3325 καὶ
1651 3273 1761 3342 γάρ
1793 3275 1914 3329 ἐστι

330 3355 532 3436 νοητὸν
585 3357 616 3410 6
660 3356 770 3410 τῶν
799 3360 1102 3430 χρημάτων
1160 3359 1325 3432 ἔρως,
1356 3363 1509 3416 οὐδὲν
1571 3365 1756 3434 ἀφιεὶς
1807 3365 1918 3420 τῶν

329 3447 510 3502 ὅντων
558 3447 851 3516 φαίνεσθαι
907 3451 984 3514 ὡς
1037 3452 1349 3517 ἔστιν,ἀλλ’
1385 3455 1632 3528 ἑτέρως·
1686 3460 1918 3531 ἐπείπερ

333 3540 584 3610 οὐδαμοῦ
608 3541 718 3595 τῶν
759 3546 1101 3614 πραγμάτων
1156 3550 1189 3618 η
1242 3547 1402 3614 φύσις
1435 3550 1708 3619 φαίνεται,
1736 3553 1812 3616 ὡς
1863 3554 1920 3606 έν

333 3634 539 3704 πενίᾳ·
577 3634 813 3706 οὐδαμοῦ
845 3635 1018 3700 οὕτως
1069 3637 1354 3708 ἐλέγχεται
1409 3640 1480 3695 τὰ
1509 3641 1778 3698 δοκοῦντα
1815 3643 1918 3714 μὲν

335 3721 505 3792 εἶναι,
541 3727 616 3797 μὴ
643 3729 770 3782 ὄντα
800 3728 879 3793 δὲ,
910 3729 985 3791 ὡς
1017 3731 1076 3783 ὲν
1112 3731 1424 3805 φιλοσοφίᾳ.

411 3818 476 3874 ε’.
513 3820 625 3874 Καὶ
655 3820 729 3883 ῶς
755 3825 812 3873 ὲν
859 3821 1057 3892 βραχεῖ
1080 3823 1272 3892 φάναι,
1307 3827 1335 3879 6
1364 3824 1706 3900 φιλάργυρος
1735 3830 1927 3885 τοσού-

338 3929 458 3975 τοις
507 3914 600 3965 καὶ
655 3912 998 3982 τηλικούτοις
1058 3915 1405 3986 ἐνδεδεμένος
1453 3921 1667 3984 κακοῖς,
1705 3922 1926 3978 πάντων

343 4007 499 4058 ἐστὶν
534 4002 862 4075 ἀθλιώτερος
883 4022 897 4036 ·
930 4004 1118 4076 ῶσπερ
1148 4007 1239 4060 οὐν
1266 4011 1294 4061 6
1331 4009 1538 4065 τούτων
1565 4013 1925 4085 ἀπηλλαγμέ-

345 4115 436 4160 νος
472 4098 565 4149 καὶ
585 4099 892 4165 φιλοσοφῶν
919 4096 1290 4169 ζηλωτότερος
1318 4101 1538 4155 πάντων
1565 4117 1577 4132 ·
1608 4105 1636 4157 6
1674 4104 1774 4174 μὲν
1819 4104 1926 4174 γὰρ

349 4189 630 4257 ἐνάρετος,
659 4185 760 4240 κᾶν
793 4187 1008 4258 οἰκέτης
1028 4184 1083 4262 ᾖ,
1113 4189 1214 4242 κᾶν
1244 4190 1538 4262 δεσπότης,
1561 4195 1780 4248 πάντων
1808 4195 1930 4250 εστὶ

351 4277 805 4350 μακαριώτερος·
835 4278 1010 4343 οὐδεὶς
1057 4281 1166 4350 γὰρ
1213 4281 1380 4336 αὐτὸν
1439 4285 1652 4355 ποιήσει
1715 4288 1926 4358 κακῶς,

349 4369 455 4424 κᾶν
507 4371 558 4424 οί
614 4371 680 4424 ἐκ
731 4371 832 4442 τῆς
891 4372 1218 4444 οίκουμένης
1279 4375 1610 4432 συνέλθωσιν
1659 4377 1925 4447 ἅπαντες,

350 4465 498 4519 ὅπλα
535 4465 632 4517 καὶ
690 4463 1030 4535 στρατόπεδα
1086 4467 1361 4532 κινοῦντες
1415 4471 1512 4524 καὶ
1562 4471 1928 4542 πολεμοῦντες

2005 605 2447 675 quodquelucri
2498 621 2663 661 causa
2716 607 2904 677 eliget.
2971 606 3113 674 Quid
3173 605 3299 662 dico
3351 608 3584 664 militare

2003 707 2098 750 aut
2157 697 2320 752 civile
2370 705 2466 751 aut
2513 697 3045 753 administratorium
3130 699 3365 754 munus!
3447 700 3584 755 Nam

2003 786 2256 856 quamvis
2279 801 2376 842 rex
2412 785 2508 846 sit.
2537 785 2783 840 omnium
2814 786 3228 842 infelicissimus
3259 796 3366 848 est,
3393 789 3584 843 mundi

2003 876 2222 943 sordes,
2281 885 2339 932 “et
2407 878 2656 934 omnium
2687 879 3107 948 pauperrimus.
3138 880 3387 949 Namque
3413 897 3584 935 unum
3653 926 3662 931 -

2003 980 2063 1021 se
2103 966 2172 1021 de
2199 966 2389 1022 multis
2423 967 2612 1023 credet
2645 983 2660 1022 :
2696 982 2882 1037 neque
2919 968 3165 1025 omnium
3208 985 3268 1026 se
3301 969 3588 1025 dominum

2003 1057 2317 1124 mstimabit,
2381 1059 2479 1116 sed
2518 1075 2577 1118 se
2631 1075 2803 1115 unum
2837 1059 2906 1121 de
2935 1061 3184 1116 omnium
3211 1076 3446 1119 numero
3485 1079 3498 1118 :
3531 1071 3587 1118 et

2005 1165 2122 1206 rem
2183 1151 2430 1206 omnium
2474 1151 2547 1206 ad
2603 1167 2661 1207 se
2705 1153 2910 1219 trahet,
2973 1153 3222 1208 omnium
3264 1169 3322 1208 se
3355 1155 3590 1210 minime

2006 1241 2214 1300 habere
2273 1255 2495 1315 putans.
2547 1247 2796 1318 Namque
2835 1262 2906 1304 ex
2947 1247 3168 1304 illorum
3199 1263 3322 1317 qua:
3349 1248 3456 1304 sibi
3488 1248 3589 1303 ad-

2006 1337 2116 1393 huc
2148 1337 2359 1394 desunt
2382 1338 2720 1408 cupiditate,
2755 1354 2853 1395 sua
2905 1341 3128 1411 propria
3159 1339 3414 1407 metiens,
3449 1341 3588 1396 nihil

2006 1428 2124 1484 haec
2156 1445 2268 1499 prae
2293 1431 2402 1485 illis
2427 1446 2551 1486 esse
2569 1431 2856 1503 iudicabit.
2881 1432 3065 1500 Quare
3092 1441 3149 1488 et
3181 1433 3406 1503 quidam
3430 1432 3590 1499 dixit,

2007 1521 2144 1576 nihil
2199 1537 2367 1578 avaro
2399 1538 2522 1579 esse
2547 1523 2796 1594 iniquius
2828 1541 2843 1579 :
2879 1539 3007 1579 nam
3066 1524 3231 1580 homo
3270 1526 3590 1596 huiusmodi

2006 1627 2066 1668 se
2125 1613 2304 1683 ipsum
2349 1629 2570 1684 quoque
2633 1614 2822 1681 tradit,
2894 1625 2952 1670 et
3003 1617 3322 1673 communis
3377 1615 3593 1673 incedit

2008 1704 2200 1758 mundi
2229 1703 2426 1770 hostis,
2457 1703 2656 1760 dolens
2684 1704 2834 1775 quod
2892 1720 3092 1761 aurum
3119 1721 3218 1776 pro
3248 1706 3418 1774 spicis
3447 1717 3591 1761 terra

2007 1809 2119 1850 non
2158 1795 2322 1857 ierat.
2351 1804 2409 1852 et
2437 1811 2538 1867 pro
2570 1795 2801 1852 ﬂuentis
2837 1795 3042 1863 fontes,
3091 1809 3147 1853 et
3173 1812 3276 1868 pro
3313 1798 3592 1867 lapidibus

2005 1900 2259 1944 montes:
2296 1888 2541 1944 irascens
2567 1889 2698 1943 anni
2734 1888 2998 1954 ubertati,
3025 1899 3084 1945 et
3115 1890 3170 1944 in
3203 1889 3594 1946 communibus

2005 1971 2172 2036 bonis
2205 1981 2555 2051 angustiatus
2578 1999 2592 2046 ;
2619 1980 2924 2052 quamlibet
2952 1981 3295 2037 occasionem
3327 1997 3594 2052 respuens

2011 2069 2156 2124 unde
2186 2085 2294 2125 non
2329 2070 2404 2126 sit
2433 2079 2724 2142 argentum
2791 2086 3028 2141 capere;
3055 2071 3242 2126 omnia
3283 2071 3592 2141 perferens,

2010 2161 2156 2216 unde
2209 2161 2295 2216 vel
2358 2160 2498 2217 duos
2549 2170 2760 2217 tantum
2809 2161 3006 2219 obolos
3051 2163 3350 2218 corradere
3383 2163 3592 2230 liceat;

2010 2267 2204 2308 omnes
2233 2253 2362 2310 odio
2391 2253 2602 2310 habens
2633 2269 2905 2325 pauperes
2943 2268 3009 2310 ac
3036 2254 3271 2312 divites:
3298 2269 3594 2326 pauperes,

2015 2359 2087 2398 ne
2131 2344 2275 2400 forte
2337 2345 2668 2402 accedentes
2723 2353 2945 2416 petant;
3004 2346 3235 2414 divites,
3285 2347 3416 2416 quia
3475 2361 3593 2401 rem

2012 2434 2237 2492 illorum
2295 2452 2409 2492 non
2456 2437 2627 2493 habet
2686 2455 2699 2490 :
2756 2452 2954 2494 omnes
2981 2453 3080 2494 sua
3113 2439 3294 2509 ipsius
3316 2438 3599 2509 possidere

2011 2529 2410 2596 existimat;et
2437 2532 2597 2601 quasi
2620 2530 2691 2586 ab
2746 2531 3006 2586 omnibus
3029 2531 3343 2596 fraudatus,
3380 2532 3457 2587 ita
3482 2548 3602 2586 om—

2013 2622 2179 2677 nibus
2199 2632 2283 2678 est
2317 2623 2536 2679 iratus:
2571 2625 2940 2694 repletionem
3003 2640 3113 2680 non
3167 2625 3343 2690 novit,
3372 2625 3599 2680 satieta-

2015 2721 2126 2766 tem
2167 2712 2367 2768 nescit.
2411 2713 2470 2768 In
2505 2713 2751 2769 tenebris
2801 2729 3028 2770 versans
3056 2713 3130 2769 ob
3157 2714 3406 2782 pecuniae
3445 2727 3600 2769 amo-

2017 2819 2157 2871 rem,
2216 2820 2404 2860 rerum
2461 2806 2939 2862 aestimabiliorum
2996 2807 3474 2877 pulchritudinem
3541 2815 3604 2862 ut

2018 2912 2118 2968 par
2165 2905 2250 2953 est
2307 2913 2418 2953 non
2466 2898 2718 2968 agnoscit
2760 2938 2776 2963 ,
2811 2899 3272 2967 quemadmodum
3329 2914 3430 2953 nec
3489 2899 3602 2963 ille,

2019 2990 2112 3062 qui
2164 2991 2225 3044 in
2277 2989 2525 3045 tenebris
2552 2991 2906 3046 sensibilibus
2945 2992 3124 3057 sedet,
3150 3007 3381 3048 cernere
3425 3000 3607 3062 potest

2019 3081 2489 3152 pulchritudinem
2523 3083 2833 3138 oblatarum
2861 3083 2912 3138 ei
2948 3083 3190 3154 lapidum
3207 3087 3604 3154 pretiosorum,

2021 3182 2114 3228 aut
2144 3188 2439 3227 aureorum
2477 3189 2757 3236 vasorum,
2784 3185 2881 3230 aut
2908 3176 3146 3230 vestium
3171 3190 3603 3245 purpurearum.

2023 3265 2398 3320 Tenebrarum
2454 3281 2651 3336 reapse
2694 3266 3154 3322 intellectualium
3197 3271 3372 3322 instar
3401 3276 3480 3322 est
3503 3281 3606 3337 pe-

2023 3357 2198 3411 cuniae
2234 3372 2409 3420 amor,
2439 3371 2552 3411 rem
2579 3357 2788 3411 nullam
2839 3359 3058 3428 patiens
3088 3357 3265 3413 videri
3302 3357 3380 3412 uti
3413 3374 3605 3415 revera

2023 3456 2127 3512 est,
2157 3449 2254 3504 sed
2287 3449 2487 3504 aliter:
2524 3449 2973 3520 quandoquidem
3019 3465 3286 3520 nusquam
3311 3451 3388 3505 ita
3417 3467 3603 3507 rerum

2027 3549 2224 3595 natura
2279 3549 2533 3611 apparet,
2591 3552 2652 3598 ut
2693 3542 2749 3598 in
2807 3553 3139 3614 paupertate
3181 3559 3498 3614 :nusquam
3527 3546 3608 3599 sic

2026 3645 2406 3706 coarguuntur
2440 3651 2564 3706 qua:
2588 3637 2849 3694 videntur
2872 3651 3018 3704 esse,
3081 3653 3206 3694 cum
3246 3653 3357 3694 non
3385 3638 3514 3704 sint,
3548 3647 3609 3693 ut

2027 3725 2085 3781 in
2121 3727 2492 3798 philosOphia.

2101 3818 2156 3874 5.
2211 3820 2390 3890 Atque
2447 3829 2507 3875 ut
2553 3820 2884 3890 compendio
2949 3820 3220 3888 dicamus,
3276 3836 3476 3877 avarus
3530 3830 3611 3878 tot
3666 3821 3674 3826 ’

2033 3912 2314 3980 tantisque
2355 3912 2694 3967 constrictus
2741 3913 2924 3977 malis,
2957 3914 3205 3968 omnium
3231 3923 3316 3969 est
3347 3914 3612 3970 infelicis-

2032 4001 2206 4057 simus
2264 4019 2278 4055 :
2334 4003 2481 4057 sicut
2533 4003 2779 4058 vicissim
2839 4006 2935 4072 qui
2991 4004 3254 4060 hiscaret
3277 4015 3333 4059 et
3366 4006 3614 4074 philoso-

2034 4093 2255 4164 phatur,
2293 4109 2403 4163 prae
2434 4093 2695 4148 omnibus
2731 4095 3100 4150 aemulandas.
3159 4095 3378 4150 Etenim
3404 4097 3610 4152 virtute

2033 4185 2296 4256 praeditus
2320 4185 2426 4248 vir,
2449 4186 2566 4241 sive
2591 4185 2832 4241 famulus
2884 4186 2956 4242 sit
2988 4189 3104 4242 sive
3134 4187 3323 4254 herus,
3359 4191 3609 4243 omnium

2034 4286 2120 4334 est
2176 4277 2530 4334 beatissimus
2585 4294 2599 4332 :
2655 4293 2820 4333 nemo
2863 4278 3070 4349 quippe
3135 4278 3188 4334 ei
3241 4280 3382 4335 male
3424 4279 3612 4348 faciet,

2037 4370 2248 4427 etiamsi
2287 4385 2351 4426 ex
2379 4371 2512 4426 orbe
2545 4371 2806 4426 universo
2846 4386 3039 4427 omnes
3070 4371 3424 4438 conveniant,
3461 4387 3616 4430 arma

2037 4459 2427 4530 exercitusque
2493 4469 2802 4527 moventes,
2857 4459 3021 4530 eique
3050 4459 3615 4517 bcllum‘iuferentes.

352 4555 505 4628 αὐτῷ
531 4571 548 4590 ·
579 4557 608 4610 6
637 4555 692 4610 δὲ
721 4555 996 4627 μοχθηρὸς
1044 4558 1140 4611 καὶ
1189 4558 1393 4627 φαῦλος
1421 4563 1516 4615 καὶ
1544 4563 1786 4629 τοιοῦτος
1821 4559 1934 4618 οἷον
1965 4572 2014 4632 1)
2040 4555 2105 4609 Μ
2157 4569 2362 4624 Ρηνυε
2417 4561 2476 4608 οι
2521 4567 2784 4622 υθειιωωο
2843 4564 2902 4608 ει
2955 4553 3173 4624 qualem
3199 4552 3619 4624 ἀεδθτῖρδίιηυιιο

351 4647 753 4718 διεγράψαμεν,
788 4648 891 4702 κᾶν
917 4649 1177 4718 βασιλεὺς
1203 4647 1261 4724 ᾗ,
1285 4653 1389 4706 κᾶν
1416 4655 1588 4725 μυρία
1624 4658 1934 4726 περίκειται

350 4743 685 4812 διαδήματα,
742 4741 845 4796 κᾶν
896 4744 1155 4812 στρατιὰν
1213 4746 1316 4818 ἔχῃ
1383 4748 1781 4820 πολυάριθμον,
1837 4753 1936 4806 καὶ

351 4835 508 4902 παρὰ
546 4833 640 4886 τοῦ
689 4834 947 4904 τυχόντος
1002 4834 1069 4888 τὰ
1111 4836 1316 4906 ἔσχατα
1374 4838 1643 4896 πείσεται.
1687 4840 1932 4913 Οὕτωςὴ

350 4926 524 4980 κακία
558 4923 816 4988 ἀσθενέςί
849 4923 1021 4987 οὓτως
1059 4925 1279 4996 ἰσχυρὸν
1309 4928 1340 4997 ἠ
1370 4929 1540 5000 ἀρετή
1565 4930 1586 4983 -ί
1642 4933 1706 4984 Τί
1755 4932 1937 4986 τοίνυν

352 5012 662 5085 ἐπιθυμῶν,
689 5012 966 5084 ἄνθρωπε,
988 5015 1312 5084 χρημάτων,
1337 5015 1560 5080 πενθεῖς
1587 5015 1663 5080 ὡς
1691 5020 1749 5070 έν
1777 5017 1939 5090 πενίᾳ

353 5106 464 5174 ῶν;
498 5106 553 5160 τί
610 5105 848 5176 θρηνεῖς,
876 5105 1071 5177 ἑορτὴν
1122 5105 1318 5175 ἄγων;
1365 5110 1463 5163 καὶ
1528 5109 1636 5180 γὰρ
1679 5109 1882 5181 ἑορτῶν
1911 5113 1940 5164 6

351 5200 553 5270 καιρός
581 5212 595 5228 ·
631 5197 685 5250 τί
708 5196 944 5264 κλαίεις,
978 5195 1210 5251 πλούτου
1262 5197 1442 5269 ὲρῶν;
1476 5200 1572 5254 καὶ
1623 5203 1732 5273 γὰρ
1762 5203 1939 5276 πανη-

353 5307 515 5360 γυρις
579 5290 613 5360 ἠ
670 5289 906 5360 πτωχία,
975 5289 1042 5343 ἂν
1097 5294 1408 5362 σωφρονῇς.
1459 5293 1548 5359 Τί,
1600 5287 1646 5348 ὦ
1701 5296 1938 5361 παιδίον,

355 5383 566 5454 όδύρῃ;
620 5379 831 5434 παιδίον
870 5379 980 5452 γὰρ
1025 5380 1104 5434 δεῖ
1154 5381 1244 5433 τὸν
1295 5380 1541 5437 τοιοῦτον
1571 5384 1782 5441 καλεῖν.
1826 5386 1942 5438 Οὐκ

357 5477 504 5547 ἔχεις
576 5475 880 5545 χρήματα,
922 5475 1100 5543 πένης
1145 5473 1258 5540 ὥνς
1319 5477 1562 5544 μεγάλου
1614 5477 1663 5534 εἴ
1716 5479 1940 5549 φορτίου

357 5565 789 5639 ἀπηλλαγμένος
813 5581 827 5594 ·
864 5566 1066 5635 μᾶλλον
1096 5567 1153 5620 δὲ
1185 5567 1504 5637 θαυμαστὸς
1549 5567 1604 5625 εἷ
1632 5572 1733 5626 καὶ
1765 5573 1942 5643 μακά.-

361 5679 504 5733 ριοςν
559 5660 660 5732 τῆς
717 5661 1038 5730 φρονήσεως
1095 5662 1191 5716 καὶ
1245 5663 1544 5733 καρτερίας
1601 5664 1698 5720 καὶ
1759 5667 1943 5736 πάσης

360 5749 687 5819 φιλοσοφίας
730 5749 1056 5805 διδάσκαλον
1107 5751 1270 5823 έχων,
1308 5753 1452 5824 φημὶ
1490 5753 1550 5808 δι
1576 5753 1676 5826 τὴν
1723 5757 1939 5821 πενίαν,

360 5836 517 5915 ﬂaui.
566 5843 596 5896 6
639 5842 893 5914 Λάζαρος
953 5842 1130 5910 συζῶν
1178 5845 1642 5920 ὲστεφανοῦιο·ᾒ
1695 5848 1792 5903 καὶ
1847 5849 1942 5904 τὸν

2039 4645 2292 4715 quamvis
2349 4661 2444 4700 rex
2503 4649 2577 4700 sit
2616 4654 2676 4702 et
2735 4644 3016 4702 sexcentis
3067 4656 3303 4700 ornatus
3363 4647 3620 4712 coronis,

2039 4737 2297 4806 quamvis
2332 4751 2702 4791 numerosum
2726 4735 3031 4792 exercitum
3066 4735 3286 4798 habeat,
3314 4749 3347 4789 a
3372 4735 3624 4804 quolibet

2041 4828 2272 4883 summis
2307 4829 2466 4882 malis
2495 4828 2638 4881 allici
2681 4827 2906 4897 poterit.
2949 4824 3103 4881 Adeo
3127 4826 3370 4895 nequitia
3403 4827 3622 4880 infirma

2040 4922 2157 4977 est!
2210 4919 2349 4974 adeo
2403 4920 2580 4975 valida
2611 4919 2821 4974 virtus!
2861 4918 2973 4972 Cur
3005 4932 3160 4986 ergo,
3188 4933 3220 4972 ο
3247 4917 3414 4972 homo
3451 4931 3624 4987 pecu-

2041 5013 2149 5068 niae
2182 5013 2403 5083 cupide,
2428 5014 2584 5081 luges
2613 5020 2871 5080 tanquam
2894 5009 2952 5065 in
2974 5010 3258 5080 egestate?
3288 5025 3388 5065 cur
3415 5013 3624 5065 lamen-

2044 5105 2178 5160 taris
2203 5105 2261 5160 in
2297 5105 2643 5160 solemnitate
2664 5103 2687 5156 ?
2707 5103 2841 5157 Nam
2872 5101 3241 5158 solemnitatis
3267 5103 3374 5158 hoc
3405 5111 3624 5173 tempus

2042 5207 2148 5255 est.
2204 5197 2318 5254 Cur
2362 5197 2483 5262 ﬂes,
2532 5195 2852 5251 divitiarum
2886 5195 3140 5251 amator?
3170 5195 3348 5251 instar
3395 5195 3493 5250 tibi
3528 5211 3622 5250 so—

2045 5291 2347 5350 lemnitatis
2406 5300 2702 5362 paupertas
2758 5289 2887 5356 erit,
2938 5291 2984 5346 si
3037 5306 3172 5347 sana
3214 5301 3398 5347 mente
3425 5291 3622 5346 fueris.

2045 5385 2178 5453 Cur,
2223 5401 2382 5457 puer,
2441 5383 2656 5456 ejulas?
2708 5383 2846 5438 Nam
2881 5399 3116 5455 puerum
3149 5385 3431 5456 appellare
3461 5399 3627 5456 opor-

2047 5487 2126 5536 tet
2183 5478 2466 5535 hominem
2520 5477 2858 5548 hujusmodi.
2905 5479 3026 5534 Non
3089 5478 3263 5533 habes
3309 5477 3624 5547 pecuniam,

2046 5573 2174 5643 quia
2223 5585 2435 5642 pauper
2477 5570 2568 5626 es?
2621 5585 2818 5638 magno
2883 5571 3130 5640 pondere
3189 5586 3251 5626 es
3306 5570 3624 5625 liberatus:

2048 5665 2161 5720 imo
2209 5665 2380 5720 etiam
2432 5663 2794 5720 admirandus
2849 5679 2912 5718 es
2952 5679 3017 5718 ac
3045 5662 3265 5728 beatus,
3293 5662 3423 5734 quia
3443 5661 3626 5716 omnis

2048 5757 2408 5827 philosophia:
2462 5756 2777 5828 magistram
2843 5755 3013 5810 habes
3058 5756 3398 5826 pauperiem,
3431 5753 3485 5808 in
3515 5767 3622 5823 qua

2051 5849 2218 5906 vitam
2269 5848 2478 5920 degens
2526 5847 2770 5904 Lazarus
2823 5847 3216 5905 coronabatur.
3272 5847 3397 5904 [hec
3446 5845 3619 5902 Jacoi:
