3972 6576
388 383 498 451 979

1511 390 1827 459 THEODO
1840 394 1921 459 lii
1960 399 2067 458 ΜΕ
2080 392 2512 459 ῌΤΕΝΙΟΤᾸΞ

3532 390 3644 454 980

386 502 519 562 fecit
546 504 837 570 illustrem,
872 520 1012 577 pane
1068 514 1277 562 tantum
1306 509 1471 577 potiri
1500 511 1841 580 cupientem.
1874 511 1955 568 Ob

2070 514 2269 567 ’ῐακωϐ
2327 504 2494 578 ἔδειξε
2557 504 2846 582 λαμπρὸν,
2904 506 3071 581 ἄρτου
3133 510 3297 579 μύνου
3355 511 3641 582 ἐπιτυχεῖν

387 596 532 653 hanc
559 596 858 667 Josepltum
888 612 1110 667 quoque
1169 598 1513 655 admiramur
1534 643 1548 667 ,
1575 604 1668 671 qui
1696 603 1748 657 in
1776 613 1959 657 extre.

388 703 535 744 mam
563 690 787 746 devenit
812 690 1151 760 pauperiem,
1184 706 1362 762 neque
1393 695 1449 747 in
1476 695 1798 749 servitutem
1839 704 1960 750 tan-

386 781 676 836 tummodo
725 781 819 837 sed
866 790 924 837 et
970 782 1025 836 in
1080 796 1362 838 carcerem
1427 804 1441 839 :
1497 801 1676 856 neque
1705 786 1852 841 hunc
1884 787 1961 843 ita

386 873 675 928 laudamus
732 888 859 928 cum
893 872 1235 931 frumentum
1289 876 1589 942 distribuit,
1626 893 1790 947 quam
1830 894 1957 933 cum

385 979 663 1021 carcerem
695 964 965 1020 incoluit:
1000 980 1176 1037 neque
1205 974 1314 1023 tam
1347 968 1401 1023 in
1437 968 1764 1033 diademate,
1794 986 1959 1040 quam

387 1056 440 1110 in
466 1057 742 1112 vinculis:
775 1072 957 1127 neque
990 1067 1099 1113 tam
1122 1060 1346 1128 quando
1397 1061 1450 1116 in
1484 1062 1684 1117 throno
1708 1062 1956 1131 sedebat,

385 1158 551 1215 quam
575 1159 700 1201 cum
738 1145 968 1200 insidias
994 1162 1188 1215 passus
1212 1148 1637 1205 divendebatur.

455 1235 509 1293 6.
541 1236 611 1295 Δι
663 1236 812 1292 enim
868 1238 938 1293 ab
994 1239 1179 1309 aliquo
1236 1244 1599 1313 contemptim
1654 1261 1959 1315 percussus

387 1323 559 1387 fuisti,
597 1335 854 1396 tanquam
912 1343 1161 1398 pauper;
1222 1331 1417 1386 fortior
1468 1335 1596 1389 hinc
1643 1334 1819 1391 factus
1874 1352 1955 1392 es.

389 1414 494 1469 Sed
522 1429 702 1485 neque
731 1416 934 1473 nobilis
961 1432 1024 1473 es
1056 1434 1233 1488 neque
1265 1420 1515 1492 dynasta,
1551 1423 1681 1493 quia
1728 1425 1961 1480 inhono-

386 1516 537 1564 ratus
578 1518 639 1563 ut
665 1523 853 1580 egens.
884 1509 1051 1582 Atqui
1085 1514 1165 1568 sic
1200 1513 1334 1571 mihi
1380 1514 1526 1569 aliud
1564 1531 1750 1570 narras
1788 1518 1959 1573 liber-

385 1600 513 1655 tatis
539 1616 729 1671 genus.
748 1602 891 1659 Audi
915 1612 972 1659 et
1000 1605 1253 1661 ethnicos
1272 1605 1339 1660 de
1365 1607 1452 1662 his
1484 1608 1957 1679 philosophantes,

390 1690 748 1763 dicentesque
805 1694 938 1750 nihil
1001 1708 1165 1763 grave
1223 1697 1457 1765 perpeti,
1490 1699 1584 1769 qui
1643 1700 1716 1753 ita
1775 1700 1959 1753 animo

382 1783 564 1839 aﬂ'ecti
624 1793 773 1841 sunt.
836 1784 905 1842 At
932 1786 1161 1842 domum
1201 1788 1543 1858 splendidam
1577 1798 1634 1845 et
1664 1791 1953 1861 insignem,

380 1884 441 1929 et
472 1877 640 1943 septis
670 1877 976 1946 praeditam,
1016 1894 1124 1934 non
1161 1854 1353 1943 habes,
1385 1882 1512 1950 quia
1547 1883 1744 1952 apibus
1773 1854 1951 1949 cares,
1984 1854 2033 1915 Β

384 1966 619 2039 ideoque
678 1971 777 2027 has
804 1981 1052 2043 exoptas.
1102 1972 1182 2029 En
1222 1990 1353 2030 vero
1385 1978 1643 2033 universa
1693 1987 1838 2032 terra
1902 1978 1957 2032 in

385 2074 683 2133 conspectu
724 2076 817 2120 tuo
866 2074 973 2129 est,
1005 2066 1222 2135 publica
1255 2067 1506 2133 aediﬁcia,
1539 2069 1654 2124 sive
1694 2067 1823 2123 hinc
1867 2068 1960 2123 den

382 2154 732 2212 let-tationem
767 2158 886 2213 sive
943 2172 1103 2214 usum
1157 2173 1351 2226 capere
1379 2160 1537 2215 velis.
1588 2159 1731 2227 Quid
1792 2174 1957 2231 porro

379 2248 682 2317 jucundius
710 2251 907 2320 quidve
934 2252 1218 2322 pulchrius
1245 2253 1367 2307 curii
1406 2253 1772 2318 ﬁrmamento,
1808 2254 1956 2323 quod

385 2339 543 2397 nobis
569 2342 713 2397 Deus
750 2342 998 2399 extendit
1030 2344 1294 2399 lacunar?
1322 2344 1455 2398 Nam
1489 2352 1544 2398 et
1580 2345 1749 2400 nostri
1780 2345 1955 2415 gratia

382 2442 628 2487 creatum
655 2433 780 2499 fuit,
811 2443 866 2489 et
894 2449 1186 2491 commune
1223 2445 1308 2493 est
1336 2438 1571 2501 cunctis,
1602 2449 1658 2493 et
1694 2436 1952 2502 maxime,

382 2523 456 2579 ob
482 2524 944 2593 pulchritudinem
968 2542 1121 2581 suam
1156 2527 1414 2583 idoneum
1446 2529 1611 2585 menti
1636 2529 1702 2583 ad
1723 2530 1954 2586 Creato~

383 2631 496 2670 rem
533 2631 752 2672 sursum
808 2620 1151 2675 extollendaa.
1191 2620 1488 2691 Quousque
1516 2637 1616 2676 nos
1651 2637 1805 2676 amor
1837 2634 1958 2676 tan-

383 2720 572 2778 topere
608 2710 959 2778 prmsentium
1005 2727 1188 2766 rerum
1220 2713 1512 2781 occupabit
1550 2713 1951 2783 superﬂuarum

380 2806 543 2869 atque
575 2799 893 2855 inutilium?
935 2800 1071 2855 Nam
1101 2801 1306 2855 divitia:
1344 2802 1488 2856 inter
1516 2819 1609 2858 res
1649 2803 1953 2873 superﬂuas

381 2903 728 2963 reputantur,
784 2908 1014 2962 quarum
1066 2895 1213 2949 nulla
1245 2904 1331 2949 est
1378 2896 1606 2951 utilitas.
1659 2896 1954 2966 Quousque

381 2986 719 3042 vanitatibus
771 2986 1206 3041 inhzrebimns?
1253 2986 1552 3057 Quousque
1606 2989 1777 3043 caelos
1844 3003 1953 3042 non

382 3080 790 3148 suspieiemus?
818 3093 929 3132 non
962 3078 1130 3133 sobrii
1175 3079 1420 3133 erimus?
1456 3095 1562 3134 non
1596 3081 1818 3135 satietas
1845 3090 1953 3135 ter-

385 3185 638 3228 renarum
704 3184 892 3225 rerum
963 3169 1344 3239 ﬂuxarumque
1396 3185 1495 3225 nos
1559 3172 1782 3239 capiet?
1843 3187 2024 3259 nonc

381 3265 616 3332 denique
678 3264 923 3334 ipsarum
998 3262 1259 3317 vilitatem
1322 3265 1700 3332 experimento
1777 3262 1953 3317 disce-

383 3354 548 3409 usus?

450 3448 505 3501 7.
537 3444 851 3516 Cogitemus
889 3445 1015 3499 illos
1044 3444 1137 3513 qui
1187 3444 1385 3499 divites
1408 3452 1537 3499 ante
1580 3458 1681 3498 nos
1732 3446 1957 3499 exstite-

383 3551 544 3600 runt;
602 3553 789 3593 nonne
838 3537 929 3591 illa
961 3537 1146 3595 omnia
1180 3536 1479 3598 somnium,
1513 3535 1729 3601 umbra,
1762 3544 1814 3589 et
1858 3534 1955 3589 llos

382 3628 651 3685 fuerunt?
698 3642 880 3684 nonne
953 3626 1309 3682 rumusculos
1376 3634 1539 3695 atque
1588 3626 1817 3681 fabula?
1862 3626 1954 3681 ille

380 3722 537 3776 dives
562 3720 701 3787 fuit;
735 3729 790 3773 at
841 3734 990 3773 nunc
1026 3718 1116 3773 ubi
1144 3718 1365 3783 divitiae,
1396 3734 1518 3788 qua:
1543 3719 1771 3788 dilapsa!
1828 3728 1957 3773 sunt

380 3826 434 3870 et
480 3813 792 3883 corrupte?
826 3812 936 3869 Sed
995 3820 1216 3883 peccata
1264 3820 1487 3867 manent
1515 3811 1585 3866 ob
1638 3811 1757 3867 illas
1804 3826 1956 3867 com-

383 3908 573 3973 missa,
604 3916 661 3963 et
693 3914 920 3977 propter
950 3913 1171 3975 peccata
1210 3906 1444 3976 punitio.
1472 3904 1769 3975 Quousque
1794 3904 1951 3975 egeni

381 4015 445 4054 ac
471 4013 742 4069 pauperes
774 4013 865 4054 res
901 3997 1196 4053 duraturus
1221 3998 1449 4067 fugient,
1478 4000 1751 4068 perituras
1780 4010 1954 4054 secta~

380 4092 639 4147 buntur?
681 4090 800 4147 Non
849 4098 935 4146 est
983 4104 1312 4160 quemquam
1366 4090 1589 4145 divitem
1645 4105 1795 4156 esse,
1847 4090 1953 4145 nisi

381 4184 435 4240 in
493 4185 677 4238 anima
731 4183 1024 4253 opulentus
1075 4182 1185 4238 sit:
1234 4182 1396 4235 sicuti
1444 4182 1653 4236 nemini
1688 4183 1955 4253 contingit

380 4292 501 4336 esse
531 4277 783 4348 pauperi,
806 4277 909 4332 nisi
938 4276 991 4330 in
1017 4275 1202 4333 animo
1218 4284 1595 4345 paupertatem
1624 4286 1796 4345 gerat.
1815 4276 1950 4331 Nam

380 4370 425 4424 si
461 4370 642 4439 potior
677 4378 762 4423 est
792 4368 970 4422 anima
1003 4381 1259 4436 corpore,
1300 4380 1407 4420 non
1438 4378 1647 4436 queunt
1682 4367 1951 4422 debiliora

379 4462 525 4516 illam
560 4460 663 4513 sibi
716 4458 1018 4526 subjicere;
1049 4457 1144 4512 sed
1188 4473 1311 4527 qua:
1339 4458 1520 4526 potior
1567 4467 1672 4523 est,
1710 4459 1797 4513 illa
1828 4474 1951 4529 quae

2061 604 2429 674 ἔπιθυμοῦντα
2455 619 2470 635 ·
2506 602 2575 659 δι’
2602 602 2670 673 ἢν
2702 606 2798 656 καὶ
2840 600 2930 654 τὸν
2955 601 3157 672 Ἰωσὴφ
3196 602 3557 672 θαυμάζομεν
3584 607 3643 658 ὲν

2061 697 2264 768 ἐσχάτῃ
2302 696 2593 766 γενόμενον
2652 693 2816 764 πενίᾳ
2846 732 2861 759 ,
2914 694 3010 745 καὶ
3058 692 3184 762 ούχὶ
3239 693 3425 746 δοῦλον
3480 697 3645 761 μόνον

2058 789 2387 858 γενόμενον,
2434 787 2572 840 ἀλλὰ
2646 786 2742 839 καὶ
2803 785 3132 855 δεσμώτην·
3184 786 3245 838 ού
3302 786 3413 854 γὰρ
3466 784 3645 847 οὕτως

2060 878 2391 949 δπαινοῦμεν
2422 878 2586 932 αὐτὸν
2619 879 2706 931 ὅτε
2732 877 2823 930 τὸν
2857 878 3004 931 σῖτον
3032 878 3322 945 διένειμεν,
3353 877 3429 941 ὡς
3462 878 3556 931 ὅτε
3582 878 3646 930 τὸ

2059 969 2437 1041 δεσμωτήριον
2470 967 2605 1039 ῷκει
2624 985 2639 1000 °
2675 967 2796 1021 οὐδὲ
2822 969 2912 1019 ὅτε
2940 966 2999 1019 τδ
3029 967 3272 1037 διάδημα
3297 969 3638 1037 περίεκειτο,

2059 1062 2137 1122 ὡς
2173 1061 2260 1114 δτε
2312 1061 2411 1130 τὴν
2442 1060 2668 1113 ἅλυσιν·
2718 1058 2828 1110 οὐδ’
2872 1058 2961 1113 ὅτε
3010 1059 3103 1111 ἐπὶ
3157 1059 3253 1112 τοῦ
3283 1060 3477 1128 θρόνου
3512 1060 3644 1112 ἔκα-

2062 1148 2272 1216 θέζετο,
2299 1152 2373 1213 ὡς
2404 1150 2491 1203 ὅτε
2524 1148 2920 1203 ἐπεϐουλεύετο
2951 1151 3045 1203 καὶ
3074 1150 3362 1204 ἐπωλεῖτο.

2132 1241 2210 1306 ς’.
2254 1241 2393 1295 Ἀλλ’
2431 1239 2739 1311 ιτυπτὴθης
2768 1241 2919 1307 παρὰ
2952 1255 3095 1304 τινος
3117 1242 3194 1303 ὼς
3224 1240 3441 1309 πτωχὸς
3470 1257 3645 1294 κατα-

2060 1332 2353 1404 φρονηθείς
2388 1351 2402 1397 ;
2442 1332 2537 1385 καὶ
2571 1332 2622 1384 τί
2654 1330 2817 1385 τοῦτο
2849 1350 2865 1398 ;
2921 1331 3399 1401 καρτερικὼτερος
3455 1330 3646 1383 ἐντεῦ-

2060 1426 2151 1480 θεν
2182 1427 2391 1495 ἐγένου.
2427 1425 2568 1479 Ἀλλ’
2599 1426 2657 1477 ού
2681 1424 2950 1495 κέκτησαι
2998 1425 3157 1490 δόξαν
3183 1424 3275 1477 καὶ
3295 1423 3645 1489 δυναστείαν,

2058 1520 2248 1589 ἄτιμος
2279 1518 2353 1572 ὢν
2390 1519 2465 1580 ὡς
2497 1519 2688 1586 πένης.
2723 1518 2892 1571 Πάλιν
2929 1516 3097 1586 ἄλλης
3131 1516 3449 1587 ἐλευθερίας
3503 1513 3642 1580 εἶδός

2061 1628 2153 1681 μοι
2189 1609 2391 1680 λέγεις.
2426 1612 2693 1664 Ἄκουσον
2716 1610 2810 1663 καὶ
2832 1608 2937 1662 τῶν
2964 1609 3070 1675 ἔξω
3090 1610 3263 1662 ταῦτα
3293 1611 3647 1679 φιλοσοφούν-

2058 1720 2166 1756 των
2193 1705 2285 1756 καὶ
2306 1701 2579 1771 λεγόντων
2607 1700 2775 1771 μηδὲν
2796 1701 3127 1755 πεπονθέναι
3149 1701 3321 1754 δεινὸν
3351 1703 3477 1764 τοὺς
3500 1701 3653 1755 οὕτω

2060 1794 2413 1865 φρονοῦντας.
2470 1792 2610 1846 Ἀλλ’
2662 1792 2840 1846 οἰκίαν
2894 1792 2993 1846 ούκ
3040 1792 3187 1863 ἔχεις
3233 1793 3496 1862 λαμπρὰν
3547 1794 3644 1847 καὶ

2059 1887 2335 1956 περιφανῆ
2376 1886 2470 1938 καὶ
2500 1882 2824 1953 περιϐόλους
2856 1883 3116 1955 ἔχουσαν,
3148 1884 3245 1937 ἅτε
3279 1884 3642 1954 στερούμενος

2058 1979 2381 2049 χρημάτων,
2424 1977 2519 2031 καὶ
2548 1976 2635 2030 διὰ
2676 1975 2835 2030 τοῦτο
2865 1975 3074 2030 τούτων
3109 1975 3299 2049 ὀρέγῃ.
3347 1978 3488 2031 Ἀλλ’
3532 1979 3641 2033 ἰδοὺ

2065 2068 2215 2122 πᾶσα
2242 2070 2272 2137 ἡ
2302 2068 2375 2138 γῆ
2416 2066 2648 2120 ἐνώπιόν
2686 2082 2803 2131 σου,
2833 2067 2898 2119 τὰ
2930 2066 3169 2135 δημόσια
3201 2069 3639 2138 οἰκοδομήματα,

2056 2160 2168 2215 είτε
2195 2162 2279 2224 εἰς
2312 2160 2531 2231 τέρψιν,
2562 2162 2672 2213 εἴτε
2697 2161 2778 2221 εἰς
2809 2159 2996 2229 χρείαν
3023 2160 3165 2229 ἔχειν
3190 2159 3414 2223 ἐθέλεις.
3452 2162 3559 2213 Καὶ
3588 2160 3643 2211 τί

2054 2256 2417 2325 τερπνότερον
2465 2256 2561 2308 καὶ
2609 2254 2941 2325 ὡραιότερον
2988 2253 3082 2307 τοῦ
3118 2252 3499 2321 στερεώματος
3544 2253 3638 2304 τοῦ

2054 2347 2309 2418 οὐρανοῦ,
2341 2347 2399 2401 δν
2434 2349 2462 2400 δ
2488 2347 2621 2409 Θεὸς
2649 2350 2781 2418 ἡμῖν
2829 2346 3093 2410 ἐξέτεινεν
3119 2345 3317 2414 ὄροφον
3342 2360 3356 2408 ;
3408 2346 3500 2397 καὶ
3530 2344 3647 2413 γὰρ

2054 2438 2126 2494 δι’
2156 2440 2303 2512 ἡμᾶς
2336 2439 2550 2510 γέγονε,
2596 2439 2689 2493 καὶ
2719 2438 2897 2503 κοινός
2928 2438 3074 2491 ἔστιν
3108 2435 3311 2492 ἅπασιν
3343 2437 3507 2507 ἡμῖν,
3544 2436 3641 2491 καὶ

2054 2534 2123 2587 τὰ
2157 2533 2390 2603 μέγιστα
2419 2532 2637 2601 ὠφελεῖ,
2676 2532 2751 2592 ὡς
2779 2532 2865 2585 διὰ
2896 2531 2989 2584 τοῦ
3029 2531 3259 2593 κάλλους
3289 2532 3370 2591 εἰς
3406 2531 3496 2582 τὴν
3525 2532 3634 2602 Δη-

2059 2626 2318 2697 μιουργόν
2341 2626 2700 2695 ἀναπέμπων.
2724 2623 2902 2692 Μέχρι
2930 2623 3072 2686 τίνος
3092 2622 3119 2674 ὁ
3144 2621 3283 2691 ἔρως
3312 2623 3461 2690 ἡμᾶς
3488 2620 3635 2674 οὕτω

2054 2717 2275 2786 κατέχει
2294 2716 2403 2769 τῶν
2425 2716 2709 2784 παρόντων
2736 2714 3098 2785 πραγμάτων,
3117 2712 3225 2764 τῶν
3245 2712 3518 2780 περιττῶν
3548 2710 3637 2762 καὶ

2055 2811 2370 2879 ἁνονήτωνς
2402 2808 2430 2860 ὁ
2462 2808 2570 2876 γὰρ
2611 2805 2843 2869 πλοῦτος
2868 2808 2925 2859 ὲν
2955 2806 3068 2867 τοῖς
3103 2820 3171 2855 πε
3182 2805 3403 2872 ριττοῖς,
3439 2803 3497 2854 ὲν
3556 2796 3636 2862 οἷς

2053 2899 2211 2954 οὐδὲν
2229 2900 2421 2965 ὄφελος
2452 2898 2685 2967 γίνεται.
2707 2898 2885 2965 Μέχρι
2906 2894 3051 2957 τίνος
3075 2891 3503 2963 προσηλούμεθα
3523 2892 3636 2951 τοῖς

2058 2992 2310 3060 ματαίοις
2336 3007 2350 3055 ;
2386 2988 2565 3059 Μέχρι
2596 2990 2741 3051 τίνος
2767 2988 2830 3039 οὐ
2865 2985 3232 3053 διαϐλέπομεν
3262 2986 3320 3036 ὲν
3338 2986 3449 3045 τοῖς
3474 2984 3638 3053 ούραο

2055 3089 2167 3149 νοῖς
2201 3102 2216 3151 ;
2244 3085 2304 3138 ού
2335 3084 2583 3154 νήφομεν
2618 3098 2634 3148 ;
2667 3083 2729 3134 ού
2762 3078 3116 3149 λαμϐάνομεν
3162 3078 3323 3146 κόρον
3364 3077 3471 3128 τῶν
3516 3077 3636 3145 γηΐ-

2057 3195 2163 3229 νων
2195 3174 2404 3229 τούτων
2447 3174 2541 3226 καὶ
2573 3171 2997 3242 παραρρεόντων
3026 3188 3040 3234 ;
3070 3169 3130 3221 οὐ
3162 3166 3529 3238 παιδευόμεθα
3552 3166 3637 3221 tu

2055 3269 2155 3338 τῆς
2180 3268 2380 3339 πείρας
2409 3266 2589 3319 αὐτῶν
2615 3265 2715 3333 τὴν
2753 3263 3067 3327 εὐτέλειαθς

2128 3454 2195 3519 ζ’.
2238 3450 2613 3519 Ἔννοήσωμεν
2646 3448 2771 3511 τοὺς
2812 3446 2915 3517 πρδ
2966 3444 3125 3517 ἡμῶν
3184 3444 3593 3514 πλουτήσαντας
3618 3458 3632 3474 ·

2056 3546 2177 3613 οὐχὶ
2200 3544 2333 3612 δναρ
2366 3544 2543 3597 πάντα
2571 3542 2755 3593 ἐκεῖνα
2791 3556 2805 3598 :
2834 3540 2955 3608 οὐχ1⁷
2986 3538 3112 3590 σκιὰ
3151 3536 3243 3589 καὶ
3272 3536 3430 3598 ἄνθος
3468 3553 3484 3601 ;
3517 3535 3635 3605 οὐχὶ

2055 3637 2300 3706 διήγημα
2333 3633 2429 3687 καὶ
2464 3631 2636 3702 μῦθος
2670 3649 2684 3693 ;
2713 3634 2741 3683 ὁ
2772 3631 2920 3684 δεῖνα
2970 3627 3339 3696 πεπλούτηκε,
3378 3627 3472 3681 καὶ
3529 3626 3632 3678 πού

2056 3725 2506 3788 νῦνόπλοῦτοςς
2579 3720 2855 3775 Ἀπὼλετο
2902 3722 2996 3774 καί
3061 3720 3403 3788 διέφθαρται.
3475 3717 3634 3772 Ἀλλὰ

2054 3821 2125 3873 τὰ
2151 3819 2224 3871 δι’
2252 3816 2433 3872 αὐτῶν
2462 3816 2837 3885 ἁμαρτήματα
2867 3814 3037 3883 μένει,
3071 3813 3164 3865 καὶ
3190 3815 3220 3883 ή
3251 3812 3338 3866 διὰ
3354 3811 3423 3864 τὰ
3456 3812 3632 3880 ἀμαρο

2055 3913 2277 3983 τήματα
2301 3910 2543 3971 κόλασις.
2578 3908 2755 3977 Μέχρι
2790 3907 2934 3967 τινος
2966 3908 3169 3975 πτωχοὶ
3220 3907 3316 3957 καὶ
3381 3905 3626 3971 πένητες,

2056 4006 2125 4059 τὰ
2157 4005 2257 4074 μὲν
2285 4004 2516 4073 μένοντα
2546 3999 2861 4068 φεύγοντες.
2901 3998 3189 4060 διώκοντες
3218 3997 3273 4048 δὲ
3306 3996 3375 4049 τὰ
3411 3996 3630 4064 φεύγον-

2055 4114 2126 4151 τα
2163 4110 2179 4160 ς
2210 4096 2324 4149 Οὔκ
2355 4093 2471 4145 ἐστι
2504 4091 2761 4144 πλούσιον
2804 4085 2945 4141 εἶναι
2971 4086 3065 4141 τὸν
3103 4087 3177 4157 μὴ
3203 4089 3267 4157 τῇ
3299 4086 3444 4156 ψυχῇ
3471 4087 3629 4137 πλου-

2053 4184 2255 4239 τῶντα
2290 4199 2305 4214 °
2336 4183 2589 4252 καθάπερ
2628 4182 2726 4234 οὐκ
2758 4178 2835 4232 ἔνι
2870 4178 3087 4248 πτωχὸν
3138 4173 3276 4230 εἶναι
3310 4175 3403 4229 τὸν
3449 4176 3523 4247 μὴ
3574 4176 3629 4227 ἐν

2054 4278 2262 4350 διανοίᾳ
2286 4278 2477 4348 ἔχοντα
2524 4276 2622 4348 τὴν
2654 4272 2846 4325 πενίαν
2883 4289 2899 4305 ·
2927 4272 2973 4324 εί
3028 4272 3135 4342 γὰρ
3168 4270 3501 4341 κυριώτερον
3538 4269 3626 4320 τοῦ

2058 4372 2307 4441 σώματος
2334 4372 2367 4440 ἡ
2394 4368 2562 4439 ψυχὴ,
2588 4368 2688 4421 οὐκ
2720 4364 2897 4434 ἰσχύει
2926 4364 2991 4415 τὰ
3036 4362 3109 4433 μὴ
3163 4364 3490 4433 ἰσχυρότερα
3537 4363 3630 4413 αύ-

2054 4466 2155 4536 τὴν
2181 4462 2443 4516 διαθεῖναι
2474 4460 2615 4529 πρὸς
2654 4456 2825 4511 ἑαυτά
2856 4473 2870 4488 ο
2896 4455 3015 4508 ἀλλ’
3043 4456 3075 4524 ἠ
3110 4457 3272 4525 κυρῖα
3301 4455 3365 4505 τὰ
3391 4452 3467 4524 μὴ
3491 4453 3627 4505 οὕτω

378 4567 535 4621 mque
567 4566 679 4604 non
709 4561 839 4604 sunt
867 4549 1044 4603 valida
1065 4586 1082 4612 ,
1105 4548 1172 4601 ad
1195 4563 1254 4603 se
1285 4550 1450 4603 trahit
1477 4561 1640 4620 atque
1673 4560 1949 4605 transmu-

2060 4558 2225 4627 κύρια
2258 4555 2393 4626 πρὸς
2429 4552 2629 4623 ἑαυτὴν
2673 4549 2960 4617 ἐφέλκεται
2995 4550 3089 4599 καὶ
3125 4545 3459 4613 μεταϐάλλει
3486 4561 3499 4574 ·
3537 4546 3629 4597 καὶ

378 4655 477 4701 tat.
541 4641 787 4711 Namque
842 4650 900 4694 et
952 4655 1048 4694 cor
1086 4640 1130 4694 si
1167 4640 1312 4709 quod
1351 4640 1608 4695 damnum
1644 4640 1949 4709 pertulerit,

376 4741 554 4787 totum
586 4746 787 4800 corpus
814 4747 973 4802 aeque
1005 4729 1225 4786 adlicit:
1252 4740 1306 4786 et
1336 4733 1380 4787 si
1407 4747 1612 4801 aegrum
1640 4732 1827 4796 fuerit,
1853 4732 1951 4787 toti

382 4842 574 4882 "tame
598 4834 799 4890 nocet;
839 4826 923 4879 sin
957 4824 1251 4890 incolume,
1280 4840 1674 4894 usquequaque
1705 4825 1947 4894 prodest.

380 4920 553 4974 Secos
590 4933 740 4982 vero,
772 4918 817 4972 si
842 4917 989 4989 quod
1016 4916 1164 4971 aliud
1195 4916 1501 4971 membrum
1526 4916 1761 4977 laboret.
1785 4917 1952 4972 corde

377 5010 640 5066 incolumi
691 5020 967 5073 manente,
1021 5008 1182 5065 facile
1218 5018 1273 5063 et
1299 5007 1532 5062 aliorum
1578 5007 1950 5062 membrorum

376 5104 637 5160 damnum
673 5101 1009 5172 dispellitur.

440 5195 499 5249 8.
540 5194 611 5251 Ut
640 5204 827 5250 autem
850 5194 1193 5248 manifestius
1219 5192 1364 5261 quod
1395 5192 1521 5249 dico
1546 5190 1796 5253 emciam,
1830 5202 1952 5259 qua

376 5288 588 5344 utilitas
620 5301 924 5350 ramorum,
957 5285 1046 5340 die
1093 5284 1250 5351 mihi,
1284 5283 1665 5346 viridantium,
1698 5283 1745 5336 si
1795 5282 1950 5334 radix

376 5379 724 5437 marcescat?
771 5377 951 5434 Secns
988 5387 1210 5441 autem,
1254 5375 1531 5445 quodnam
1558 5374 1950 5429 detrimentum

374 5474 635 5530 foliorum
668 5472 910 5542 desuper
941 5470 1332 5535 arescentium,
1373 5466 1674 5523 dummodo
1710 5480 1840 5521 sana
1881 5465 1952 5519 sit

377 5564 571 5619 radix?
620 5563 713 5620 Sic
741 5565 905 5618 etiam
964 5561 1108 5617 nulla
1149 5569 1236 5619 est
1268 5560 1587 5614 divitiarum
1618 5558 1846 5624 utilitas,
1903 5558 1950 5612 si

374 5656 556 5713 anima
607 5656 678 5709 sit
724 5653 1055 5725 paupercula
1091 5669 1107 5706 :
1140 5651 1589 5721 nequo~vieissim
1632 5659 1789 5705 nocet
1820 5664 1953 5720 pau-

377 5746 641 5811 μοι-ωςβί
678 5746 858 5799 anima
891 5744 1049 5798 divcs
1077 5743 1169 5797 sit.
1210 5744 1277 5794 At
1306 5740 1615 5809 quomodo,
1669 5740 1948 5809 inquiunt,

380 5835 533 5890 divos
561 5836 628 5891 sit
665 5837 844 5889 anima
893 5836 937 5890 si
981 5834 1180 5903 opibus
1214 5832 1438 5887 careat?
1486 5830 1602 5885 lmo
1638 5846 1771 5886 vero
1820 5840 1950 5885 tunc

2054 4650 2163 4719 γὰρ
2192 4647 2224 4718 ἡ
2254 4644 2453 4715 καρδία
2489 4644 2621 4697 ὅταν
2653 4643 2777 4695 τινὰ
2826 4628 3046 4709 δέξηται
3082 4638 3304 4708 βλάϐην,
3380 4637 3527 4691 ἅπαν
3572 4639 3627 4690 τὸ

2058 4740 2215 4809 σῶμα
2246 4736 2392 4790 οὕτω
2421 4732 2739 4803 διατίθησι·
2783 4730 2886 4784 κᾶν
2919 4729 3221 4797 δύσκρατος
3272 4730 3523 4798 γένηται,
3555 4728 3629 4797 τῷ

2052 4830 2219 4883 παντὶ
2241 4826 2573 4897 λυμαίνεται
2615 4841 2631 4857 ·
2669 4824 2774 4877 κᾶν
2800 4820 3090 4891 εὔκρατος,
3120 4821 3181 4873 τὸ
3214 4822 3319 4875 πᾶν
3347 4822 3590 4889 ὀνίνησιν
3612 4839 3625 4852 ·

2054 4917 2123 4970 ἂν
2152 4916 2205 4969 δέ
2236 4931 2291 4967 τι
2321 4911 2432 4965 τῶν
2478 4910 2683 4965 λοιπῶν
2745 4910 3047 4979 διαφθαρῇ,
3089 4910 3297 4977 ταύτης
3360 4912 3630 4979 μενούσης

2053 5004 2262 5076 ὑγιοῦς,
2298 5004 2540 5066 εὐκόλως
2568 5003 2838 5056 κάκείνων
2859 5000 2956 5070 τὴν
2974 5000 3153 5071 λύμην
3175 5000 3627 5059 ἀποτινάσσεται.

2121 5202 2181 5257 η’
2217 5185 2337 5239 Ἵνα
2364 5182 2419 5236 δὲ
2454 5182 2547 5235 καὶ
2579 5178 2910 5248 σαφέστερον
2932 5177 2960 5230 ὃ
2980 5176 3125 5245 λέγω
3149 5176 3382 5244 ποιήσω,
3415 5174 3471 5227 τί
3504 5173 3632 5226 κλάο

2051 5280 2158 5333 δων
2180 5276 2394 5347 ὄφελος,
2425 5275 2546 5326 εἰπέ
2569 5290 2680 5341 μοι,
2722 5269 2973 5339 χλωρῶν,
2996 5271 3178 5338 ὅτανὴ
3208 5268 3333 5339 ῥίζα
3363 5268 3632 5336 μαραίνη-

2052 5388 2142 5425 ται
2177 5385 2193 5435 ς
2227 5368 2295 5421 Τί
2340 5366 2396 5420 δὲ
2430 5364 2625 5435 βλάϐος
2653 5363 2764 5416 τῶν
2814 5362 3023 5416 ἄνωθεν
3079 5358 3454 5429 ξηρανθέντων
3505 5358 3630 5427 φύλ-

2051 5462 2182 5523 λων,
2211 5458 2416 5529 ταύτης
2450 5456 2619 5526 οὖσης
2648 5454 2873 5523 ὑγιοῦς;
2903 5450 3061 5506 Οὕτω
3091 5453 3188 5505 καὶ
3218 5450 3458 5505 ἐνταῦθα
3479 5451 3632 5503 οὐδὲν

2051 5552 2245 5622 ὄφελος
2300 5548 2627 5620 χρημάτων,
2678 5548 2861 5615 ψυχῆς
2925 5544 3097 5614 οὔσης
3156 5546 3419 5614 πενιχρᾶς
3451 5560 3468 5577 θ
3515 5543 3632 5595 οὐδὲ

2055 5642 2253 5713 βλάϐος
2279 5640 2495 5702 πενίας.
2516 5636 2698 5706 ψυχῆς
2732 5638 2901 5705 οὔσης
2932 5632 3213 5696 πλουσίας.
3246 5632 3358 5686 Καὶ
3400 5632 3518 5692 πῶς
3567 5632 3631 5684 ἂν

2052 5738 2262 5804 γένοιτο
2307 5732 2557 5795 πλουσία,
2618 5731 2774 5800 φησὶ,
2806 5728 2954 5798 ψυχὴ
3011 5726 3069 5779 ἐν
3128 5726 3286 5795 πενίᾳ
3336 5725 3628 5796 χρημάτων

2052 5825 2229 5893 οὖσα;
2290 5824 2543 5879 Μάλιστα
2604 5821 2812 5877 ἂντότε
2872 5821 3127 5887 γένοιτο·
3183 5817 3305 5871 τότε
3372 5817 3483 5886 γὰρ
3535 5813 3623 5868 καὶ
