3904 6584
190 381 279 448 ρει

1540 384 1885 447 ETHlCON
1930 385 2036 446 IX.

3323 379 3430 444 982

186 495 420 557 πλουτεῖν
458 493 666 551 εἴωθεν.
698 487 761 547 Εἰ
801 494 931 564 γὰρ,
977 491 1161 557 καθὼς
1224 493 1485 558 πολλάκις
1546 495 1751 561 ἐδείξα-

1865 498 2133 553 maxime:
2170 506 2301 553 tunc
2328 496 2474 553 enim
2510 500 2627 571 ipsa
2667 498 2939 557 ditescere
2979 496 3139 555 solet.
3171 497 3228 553 Si
3257 499 3429 559 enim.

190 610 298 667 μιν,
329 586 481 642 τοῦτο
514 586 872 651 πλουτοῦντος
896 587 1219 659 τεκμήριον,
1268 586 1327 641 τὸ
1379 590 1743 658 καταφρονεῖν

184 682 466 758 χρημάτων
496 680 588 732 καί
617 680 845 750 μηδενὸς
874 679 1106 767 δεῖσθαι,
1132 678 1359 751 εὔδηλον
1409 680 1492 733 ὅτι
1552 679 1744 743 πενίας

182 777 328 833 τοῦτο
350 768 582 844 μάλιστα
618 772 870 840 σημεῖον,
911 770 973 823 τὸ
1022 772 1321 842 χρημάτων
1354 770 1605 839 ἐφίεσθαι
1636 785 1652 802 ο
1684 771 1746 825 τὸ

183 868 284 938 γὰρ
312 869 369 920 ἐν
400 865 564 935 πενίᾳ
590 858 734 916 εἶναι
765 861 969 932 μᾶλλον
1003 865 1152 916 ποιεῖ
1184 861 1432 916 πλουτεῖν
1455 876 1470 892 ’
1504 864 1595 915 καὶ
1638 862 1746 931 γὰρ

182 962 255 1016 ὅτι
278 956 640 1024 εὐκολώτερον
669 956 734 1010 ἄν
764 972 846 1016 τις
882 957 939 1006 ἐν
971 955 1135 1028 πενίᾳ
1180 955 1214 1025 ἢ
1244 957 1300 1009 ὲν
1333 954 1549 1026 πλούτῳ
1580 971 1750 1007 κατα-

184 1050 455 1122 φρονήσειε
479 1047 803 1117 χρημάτων,
834 1049 925 1100 καὶ
976 1048 1179 1118 μᾶλλον
1202 1047 1415 1116 ἐφίεται
1444 1046 1748 1119 χρημάτων

180 1145 207 1196 6
228 1139 474 1201 πλούσιος
521 1138 552 1209 ἢ
597 1140 625 1192 δ
654 1139 846 1209 πένης,
888 1126 1053 1193 παντί
1087 1157 1194 1194 που
1241 1139 1403 1215 δῆλον
1429 1154 1444 1171 ⁶
1475 1140 1550 1203 ὡς
1583 1138 1694 1210 γὰρ
1721 1141 1750 1194 ὁ

185 1234 386 1307 μεθύων
419 1231 621 1302 μᾶλλον
651 1231 782 1305 διψᾷ
809 1232 906 1287 τοῦ
941 1234 1305 1303 μετασχόντος
1332 1232 1623 1303 αὐτάρκως
1651 1231 1744 1287 τοῦ

181 1326 435 1394 πόματος,
464 1322 639 1390 οὕτως
667 1327 694 1379 ὁ
735 1325 795 1377 ἐν
843 1322 1062 1395 πλούτῳ
1094 1322 1296 1394 μᾶλλον
1324 1324 1583 1395 ,ὀρέγεται
1615 1339 1753 1393 χρη-

186 1415 361 1485 μάτων
385 1413 480 1468 τοῦ
512 1418 570 1468 ἐν
600 1416 763 1488 πενίᾳ
792 1416 947 1480 ὄντος
977 1434 991 1448 ·
1043 1417 1166 1470 οὐδὲ
1197 1418 1307 1488 γάρ
1342 1417 1491 1471 ἐστιν
1517 1413 1660 1486 αὕτη
1716 1415 1752 1483 ἡ

180 1508 431 1579 ἐπιθυμία
456 1508 705 1579 τοιαύτη,
727 1509 870 1563 ὥστε
909 1509 986 1581 τῷ
1009 1509 1217 1565 πλεῖονι
1246 1508 1584 1574 σδέννυσθαι,
1612 1508 1754 1563 ἀλλὰ

180 1600 479 1655 τούναντίον
508 1600 844 1656 ἀνάπτεσθαι
881 1601 1298 1677 πέφυκε-τούτῳ
1321 1619 1338 1635 ·
1375 1601 1472 1656 καὶ
1502 1601 1754 1671 καθάπερ

179 1695 236 1747 τὸ
262 1690 370 1762 πῦρ
406 1694 535 1748 ὅταν
588 1692 731 1768 λάϐῃ
786 1694 1013 1749 πλείονα
1051 1696 1282 1766 τροφὴν,
1336 1694 1460 1749 τότε
1508 1694 1759 1765 μάλιστα

179 1787 459 1858 ἀγριοῦται
489 1824 506 1849 ,
547 1786 691 1840 οὕτω
740 1786 834 1842 καὶ
880 1789 913 1858 ή
956 1788 1068 1841 τῶν
1125 1787 1425 1858 χρημάτων
1467 1787 1754 1857 ἐπιθυμία,

1851 600 1912 646 ιιι
1966 606 2110 661 saepe
2162 590 2687 661 demonstravimus,
2731 593 2919 649 divitis
2967 601 3051 648 est
3098 586 3432 647 conditionis

1849 692 2255 753 argumentum,
2284 698 2453 752 opum
2488 695 2856 755 contemptus,
2889 694 2945 739 et
2995 683 3198 739 nullius
3225 683 3302 737 rei
3343 684 3431 734 in—

1850 776 2110 845 digentia,
2137 785 2352 830 constat
2395 776 2634 830 vicissim
2674 777 2780 830 hoc
2826 793 2947 832 esse
2980 775 3316 847 paupertatis
3344 775 3432 828 in-

1850 867 2081 932 dictum,
2109 867 2153 919 si
2172 880 2305 935 opes
2332 866 2820 936 concupiscantur.
2841 867 3086 937 Namque
3116 867 3170 920 in
3193 879 3432 935 paupere

1852 960 1962 1012 vita
2019 960 2249 1021 versari,
2278 958 2449 1029 magis
2480 956 2606 1013 facit
2631 957 2921 1014 ditescere.
2942 956 3195 1012 Profecto
3218 955 3434 1012 facilius

1852 1067 2082 1124 pauper,
2138 1067 2301 1121 quam
2359 1054 2545 1117 dives,
2584 1066 2718 1122 opes
2759 1059 3076 1108 contemnet
3112 1051 3433 1121 :magisque

1852 1153 2005 1217 Optat
2051 1146 2340 1215 pecuniam
2391 1145 2545 1200 dives
2600 1159 2764 1217 quam
2813 1157 3044 1215 pauper,
3087 1152 3143 1199 ut
3176 1141 3435 1196 omnibus

1851 1235 2197 1306 exploratum
2220 1243 2324 1290 est.
2359 1235 2513 1290 Sicut
2543 1237 2693 1290 enim
2717 1234 2906 1290 ebrius
2929 1232 3099 1303 magis
3130 1231 3244 1285 sitit
3267 1245 3429 1301 quam

1855 1328 1950 1399 qui
1982 1326 2262 1383 moderate
2291 1327 2528 1394 biberit;
2566 1327 2645 1382 sic
2679 1328 2844 1383 etiam
2872 1326 3025 1381 dives
3054 1322 3438 1379 vehementius

1855 1421 2144 1493 pecuniam
2172 1430 2327 1493 optat
2352 1436 2516 1492 quam
2552 1434 2782 1492 pauper.
2817 1419 3067 1490 Namque
3104 1415 3247 1471 haud
3284 1417 3437 1487 ejus-

1856 1513 2005 1569 modi
2028 1522 2112 1569 εει
2147 1513 2265 1568 haec
2288 1512 2585 1583 cupiditas,
2638 1521 2695 1567 ut
2727 1513 2884 1581 copia
2935 1510 3110 1580 possit
3139 1507 3439 1578 exstingui,

1859 1607 1957 1664 sed
2017 1606 2087 1663 ab
2141 1608 2244 1663 hac
2276 1608 2461 1677 potius
2487 1608 2671 1677 augeri
2703 1604 2863 1660 solet.
2896 1606 3075 1674 Atque
3125 1611 3184 1656 ttt
3220 1600 3438 1657 ﬂamma

1860 1714 1984 1758 cum
2016 1700 2277 1771 majorem
2310 1713 2490 1753 escam
2542 1707 2700 1753 naCta
2750 1696 2916 1752 fuerit
2942 1738 2957 1759 ,
2992 1707 3122 1750 tunc
3157 1693 3443 1763 potissimo

1861 1795 2047 1859 ﬂevit,
2077 1792 2157 1848 sic
2182 1792 2430 1863 pecuniae
2469 1792 2760 1860 cupiditas,
2804 1805 2915 1861 quo
2945 1789 3066 1859 plus
3091 1788 3210 1843 auri
3256 1788 3442 1857 inges-

178 1880 301 1932 ὅταν
360 1877 523 1932 πλέον
588 1878 837 1951 ἐμϐάλλῃ
895 1880 1143 1950 χρυσίον,
1200 1879 1322 1934 τότε
1386 1881 1619 1950 μάλιστα
1674 1879 1758 1933 at!-

1865 1885 2022 1949 seris,
2056 1894 2187 1941 tunc
2212 1884 2447 1938 maxime
2478 1882 2785 1937 extollitur.

178 1986 341 2041 ρεται.

242 2059 305 2118 θ’.
338 2062 503 2118 Ὅθεν
529 2063 652 2119 οὐδὲ
670 2065 894 2136 ἥδονται
919 2067 969 2120 oi
999 2066 1302 2136 χρημάτων
1331 2068 1566 2138 ἐρῶντες
1602 2046 1757 2139 ’ὑπὲρ

175 2146 245 2208 ὧν
268 2155 505 2225 ἐχουσιν,
534 2155 630 2210 ἆτε
660 2158 954 2227 κεχηνότες
1005 2159 1101 2230 ὅλῃ
1129 2162 1196 2230 τῇ
1244 2159 1462 2231 διανοίᾳ
1505 2161 1641 2232 πρὸς
1689 2161 1760 2214 τὰ

177 2247 336 2318 μήπω
364 2246 643 2317 ληφθέντα
675 2265 690 2281 ο
726 2250 822 2305 καὶ
858 2251 933 2322 μὴ
993 2251 1156 2321 μόνον
1187 2252 1286 2323 οὐχ
1321 2254 1561 2323 ἥδονται,
1623 2252 1759 2306 ἀλλὰ

175 2342 264 2394 καὶ
292 2339 700 2411 βασανίζονται.
736 2344 849 2413 ὅσῳ
868 2344 937 2399 ἂν
974 2344 1434 2414 περιὸἀλλωνται,
1464 2345 1542 2413 τῷ
1592 2344 1760 2414 μηδὲν

174 2433 367 2488 ειδέναι
402 2434 580 2504 πέρας
609 2436 706 2505 τῆς
734 2434 996 2507 τοιαύτης
1041 2436 1362 2507 ἐπιθυμίας.
1397 2438 1611 2508 Ὥσπερ
1649 2437 1759 2509 ἄρα

174 2528 266 2582 καὶ
310 2528 339 2583 ὁ
370 2527 644 2598 διηνεκῶς
692 2527 884 2600 διψῶν,
923 2529 1029 2585 κᾶν
1085 2528 1284 2602 μυρίας
1318 2530 1486 2602 ἐκπίῃ
1550 2530 1757 2601 πηγὰς.

174 2618 269 2690 τῆς
295 2618 496 2689 ήδονῆς
523 2619 758 2683 οὐδόλως
806 2618 1153 2683 αἰσθάνεται,
1176 2618 1273 2673 διὰ
1316 2620 1383 2673 τὸ
1411 2618 1486 2690 μὴ
1547 2617 1761 2688 λαμϐά-

174 2730 224 2766 νε
236 2730 281 2765 ιν
301 2711 468 2782 κόρον
499 2730 513 2746 ·
540 2713 637 2767 καὶ
663 2711 919 2784 καθάπερ
951 2713 1118 2768 πάλιν
1148 2713 1405 2784 εὐνοῦχος
1459 2712 1761 2782 ἐπιθυμίαν

174 2806 741 2879 ἐχωνάπαρθενεῦσαι
765 2805 1066 2874 νεᾶνιν,ὠς
1104 2806 1239 2879 φησί
1276 2824 1362 2872 τις
1404 2808 1590 2877 σοφὸς,
1626 2809 1757 2861 ὅταν

172 2900 339 2970 αὐτὴν
369 2901 669 2973 περιλάϐῃ,
693 2901 1077 2970 συμπλέκεται
1113 2900 1217 2969 μὲν
1248 2903 1313 2970 τῇ
1358 2899 1635 2972 ἐρωμένῃ,
1685 2898 1761 2968 μὴ

173 2992 470 3061 δυνάμενος
500 2994 559 3048 δι
588 2995 688 3065 τὴν
720 2993 1023 3063 ἐπιθυμίαν
1068 2992 1371 3062 ἐμπλῆσαι,
1398 2990 1499 3061 τὴν
1524 2989 1763 3061 ἐσχάτην

174 3087 406 3153 βάσανον
452 3087 717 3154 ὑπομένει
746 3103 763 3119 ’
797 3085 945 3139 οὕτω
979 3085 1075 3140 καὶ
1103 3087 1131 3139 δ
1174 3084 1514 3153 φιλάργυρος
1570 3081 1762 3135 ἐπιθυο

1930 2067 1983 2122 9.
2016 2065 2387 2133 Quamobrem
2412 2081 2479 2120 ne
2502 2063 3086 2134 delcctautnrquidcm
3118 2061 3437 2117 divitiarum

1860 2164 2137 2216 amatores
2159 2160 2225 2214 iis
2242 2174 2361 2229 qua:
2394 2138 2592 2214 habent
2614 2200 2628 2222 ,
2652 2157 3095 2230 quandoquidem
3120 2166 3228 2211 tota
3256 2165 3441 2212 mente

1860 2254 1927 2307 ad
1974 2252 2096 2307 illas
2134 2252 2349 2306 inhiant
2380 2268 2515 2321 quas
2557 2252 2801 2306 nondum
2854 2250 3034 2322 adepti
3068 2258 3215 2305 sunt.
3252 2247 3441 2318 Neque

1862 2355 2072 2405 tantum
2129 2364 2238 2403 non
2290 2346 2658 2410 delectantur,
2695 2362 2887 2401 verum
2920 2346 3085 2401 etiam
3122 2343 3445 2398 cruciantur

1861 2455 1971 2511 quo
2000 2440 2173 2511 magis
2203 2440 2501 2507 ditescant,
2535 2439 2662 2508 quia
2697 2439 2907 2493 nullum
2932 2436 3250 2509 cupiditatis
3272 2435 3445 2506 hujus

1862 2533 2156 2588 terminum
2212 2540 2536 2606 agnoscunt.
2598 2529 2754 2587 Sicut
2812 2530 2959 2586 enim
3022 2530 3116 2601 qui
3173 2537 3442 2599 perpetuo

1861 2625 1999 2685 sitit.
2028 2623 2244 2681 etiamsi
2278 2633 2569 2681 sexcentos
2600 2623 2820 2679 hauriat
2855 2622 3057 2691 fontes,
3096 2621 3304 2677 nullam
3340 2634 3443 2675 vo-

1861 2718 2125 2789 luptatem
2158 2720 2323 2787 capit,
2356 2718 2485 2789 quia
2516 2717 2725 2772 nullam
2767 2715 3079 2771 satietatem
3120 2712 3440 2783 experitur;

1862 2825 2057 2866 rursus
2083 2812 2225 2866 sicut
2252 2811 2421 2882 spado
2444 2813 2674 2881 cupiens
2695 2809 3048 2880 juvcncniam
3070 2806 3447 2877 devirginare.

1863 2913 1925 2960 ut
1980 2905 2057 2959 ait
2113 2903 2338 2974 quidam
2392 2904 2613 2973 sapiens
2640 2902 2705 2969 ",
2762 2918 2888 2956 cum
2937 2917 3058 2959 eam
3090 2899 3449 2969 corripuerit,

1862 2996 2061 3052 nititur
2093 2995 2315 3066 quidem
2355 2995 2407 3049 in
2449 2998 2736 3059 amasiam,
2791 2993 2885 3049 sed
2915 2993 3043 3065 quia
3090 2978 3447 3064 cupiditatem

1865 3087 2085 3157 explere
2116 3088 2327 3157 nequit,
2361 3087 2678 3150 cruciatur;
2714 3088 2789 3139 ita
2824 3100 3021 3140 avarus
3051 3085 3170 3139 auri
3205 3084 3448 3155 argenti-

178 3181 294 3251 μῶν
324 3179 562 3251 χρυσίου
588 3181 684 3234 καὶ
711 3177 1001 3248 ἀργυρίου,
1032 3177 1167 3231 ὅταν
1194 3179 1254 3230 ἐν
1308 3176 1502 3244 κτήσει
1534 3173 1761 3242 γένηται

1867 3195 1975 3250 que
2002 3178 2255 3248 cupidus,
2288 3193 2472 3232 rerum
2508 3178 2729 3249 quidem
2770 3179 2924 3248 copia
2949 3177 3178 3248 potitur,
3201 3177 3297 3232 sed
3318 3175 3446 3247 quia

170 3274 400 3338 τούτων,
431 3272 754 3341 συγγίνεται
782 3272 883 3339 μὶν
906 3275 971 3341 τῇ
995 3268 1248 3340 εὐπορίᾳ,
1273 3268 1348 3331 ὡς
1371 3264 1577 3335 ταύτην
1601 3264 1762 3335 ἔχων,

171 3366 459 3438 ἐμπλῆσαι
493 3364 550 3418 δι
580 3365 681 3435 τὴν
730 3362 1033 3432 ἐπιθυμίαν
1068 3362 1292 3415 ἅπασαν
1324 3360 1386 3413 οὐ
1440 3358 1762 3426 δυνάμενος,

167 3457 254 3516 ἀεί
282 3459 438 3517 ἐστιν
470 3459 530 3513 έν
560 3456 723 3529 ὀδύνῃ
759 3472 772 3485 ·
808 3453 1066 3508 πλουτεῖν
1093 3453 1203 3523 γὰρ
1223 3450 1386 3505 πλέον
1416 3448 1765 3521 βουλόμενος,

170 3550 266 3606 καὶ
298 3548 706 3619 περιϐαλέσθαι
728 3546 939 3610 πλεῖον,
969 3543 1206 3598 ἀνάπτει
1257 3540 1483 3611 μᾶλλον,
1522 3538 1620 3593 καὶ
1675 3538 1768 3591 ού-

165 3643 359 3697 δέποτε
396 3641 643 3705 ἵσταται,
673 3637 816 3692 ἀλλὰ
837 3636 942 3690 κᾶν
996 3635 1169 3707 μυρία
1196 3632 1339 3705 λάϐῃ
1362 3631 1616 3696 τάλαντα,
1646 3628 1767 3683 ἐτέ-

171 3752 282 3806 ρων
311 3732 602 3789 τοσούτων
644 3728 907 3800 ἐπιθυμεῖ
938 3745 954 3761 ο
988 3727 1095 3783 κᾶν
1124 3725 1335 3781 τούτων
1370 3722 1629 3796 ἐπιτύχῃ.
1684 3721 1768 3785 δὶς

166 3829 448 3887 τοσούτων
479 3827 694 3898 ἐφίεται
729 3842 743 3857 ·
772 3824 868 3878 καὶ
893 3820 1100 3892 προῖὼν
1130 3820 1230 3874 καὶ
1258 3820 1329 3873 τὰ
1347 3817 1476 3887 δρη,
1511 3816 1611 3870 καὶ
1663 3812 1769 3884 τὴν

167 3929 293 3998 γῆν,
327 3925 433 3980 καὶ
479 3921 581 3992 τὴν
645 3918 941 3981 θάλατταν,
974 3914 1073 3968 καὶ
1113 3912 1291 3967 πάντα
1351 3908 1570 3979 εὐχεται
1617 3904 1768 3976 αὐτῷ

164 4015 436 4086 γενέσθαι
464 4010 713 4083 χρυσίον,
740 4008 939 4077 καινήν
961 4021 1088 4060 τινα
1117 4002 1317 4074 μανίαν
1365 4001 1464 4054 καὶ
1503 3998 1764 4068 φοσερὰν,

166 4108 261 4163 καὶ
292 4106 566 4163 οὐδέποτε
582 4100 898 4171 δυναμένην
952 4095 1250 4164 σϐεσθῆναι
1321 4089 1671 4161 μαινόμενος.
1703 4089 1767 4142 Et

161 4195 352 4249 τοίνυν
395 4194 467 4247 τδ
510 4192 696 4246 πλεῖον
738 4187 998 4259 ἐφίεσθαι
1035 4184 1229 4245 πενίας
1269 4182 1605 4251 τεκμήριον,
1638 4181 1667 4233 ὁ
1711 4178 1769 4232 δέ

164 4293 222 4344 ἐν
256 4290 493 4359 πλούτῳ
516 4286 784 4352 τοιοῦτος,
826 4275 986 4345 οὗτος
1017 4279 1259 4352 μάλιστά
1288 4279 1443 4332 ἐστιν
1471 4278 1532 4331 ἐν
1578 4275 1763 4344 πενίᾳ.

172 4386 345 4457 Ὁρᾷς
370 4385 468 4438 ὅτι
498 4382 623 4435 τότε
654 4379 897 4451 μάλιστα
936 4377 1162 4430 πένεται
1190 4377 1224 4445 ἡ
1254 4373 1425 4443 ψυχὴ,
1446 4374 1578 4426 ὅταν
1604 4371 1770 4421 πλου-

160 4480 228 4546 τῇ
264 4495 280 4510 ο
321 4477 429 4531 καὶ
460 4476 587 4529 τότε
614 4472 856 4536 πλουτεῖ,
883 4471 1015 4524 ὅταν
1036 4471 1096 4521 ἐν
1124 4469 1289 4537 πενίᾳ
1398 4483 1412 4531 ἶ

1871 3282 2051 3326 tamen
2089 3270 2447 3341 cupiditatem
2477 3279 2643 3325 totam
2682 3271 2902 3336 explere
2932 3271 3149 3340 nequit.
3178 3277 3446 3340 perpetuo

1867 3362 2117 3416 cruciatu
2171 3370 2417 3431 urgetur.
2457 3359 2625 3432 Magis
2665 3364 2811 3415 enim
2844 3362 3115 3417 ditescere
3148 3363 3359 3423 volens.
3394 3370 3449 3417 et

1868 3453 2121 3525 pluribus
2176 3452 2509 3515 redundare.
2570 3453 3024 3525 iucenditpotius
3078 3470 3241 3525 quant
3294 3453 3451 3513 sedat

1867 3546 2263 3617 cupiditatem:
2289 3546 2382 3601 sed
2406 3546 2509 3601 etsi
2541 3545 2733 3601 decem
2763 3544 2932 3601 millia
2966 3546 3165 3602 talenta
3208 3546 3442 3613 ceperit,
3548 3594 3555 3603 .

1869 3637 2097 3693 totidem
2159 3636 2263 3693 alia
2309 3636 2516 3708 expetit
2559 3656 2572 3692 :
2610 3653 2732 3708 quae
2782 3638 2827 3693 si
2878 3647 3210 3693 consecutus
3261 3638 3449 3699 fuerit,

1870 3731 2096 3786 totidem
2137 3742 2357 3802 exoptat
2394 3750 2408 3788 :
2459 3748 2802 3804 pergensque
2849 3750 3037 3805 porro,
3072 3746 3284 3791 montes
3312 3720 3449 3805 quo-

1869 3838 1997 3893 que,
2022 3832 2077 3879 et
2112 3833 2308 3879 terram
2338 3841 2399 3881 ac
2428 3840 2598 3891 mare,
2632 3826 2815 3881 omnia
2850 3824 3089 3896 denique
3119 3843 3315 3881 aurum
3342 3826 3446 3883 sihi

1870 3915 1987 3970 iieri
2017 3917 2285 3986 postulat,
2325 3933 2461 3972 nova
2496 3918 2731 3988 quadam
2774 3918 2987 3975 insania
3014 3961 3029 3986 ,
3081 3930 3136 3973 et
3165 3934 3445 3987 nunquam

1868 4008 2266 4077 exstinguenda
2303 4009 2604 4064 insaniens.
2660 4010 2715 4067 Si
2759 4026 2889 4082 ergo
2918 4012 3073 4081 plura
3107 4010 3448 4074 desiderare.

1863 4099 2209 4170 paupertatis
2234 4108 2321 4155 est
2358 4101 2621 4158 indicium
2648 4142 2663 4167 ,
2695 4101 3005 4172 hujusmodi
3042 4111 3223 4155 autent
3248 4109 3331 4155 est
3355 4103 3448 4170 qtti

1872 4193 1926 4246 in
1959 4190 2169 4246 divitiis
2198 4202 2488 4259 versatur,
2538 4194 2789 4264 sequitur
2842 4200 2901 4246 ut
2953 4191 3042 4246 hic
3077 4207 3187 4262 pra:
3235 4194 3451 4247 caeteris

1872 4298 2080 4353 pauper
2128 4286 2221 4338 sit.
2256 4284 2447 4339 Vidcn‘
2498 4284 2661 4355 igitur
2711 4291 2841 4340 tunc
2872 4283 3158 4354 potissimo
3190 4283 3443 4345 animam

1870 4388 1993 4427 esse
2016 4389 2331 4444 pauperem,
2350 4390 2473 4429 cum
2503 4384 2583 4429 est
2606 4375 2759 4428 dives
2780 4415 2792 4439 ,
2817 4380 2871 4428 et
2904 4382 3034 4427 tunc
3052 4388 3171 4430 esse
3198 4373 3448 4438 divitem,

1873 4481 1997 4521 cum
2041 4467 2093 4519 in
2139 4477 2457 4537 paupertate
2491 4468 2620 4522 est?

236 4574 289 4624 ι’.
332 4569 404 4621 Et
431 4567 491 4621 ὃέ
558 4566 760 4636 βούλει,
801 4563 897 4618 καὶ
955 4561 1050 4615 ἐπὶ
1094 4558 1407 4630 προσώπων
1459 4558 1551 4610 τὸν
1609 4555 1761 4621 λόγον

1950 4558 2035 4614 i0.
2068 4557 2222 4625 Quod
2263 4560 2305 4614 si
2339 4563 2533 4628 mavis,
2580 4569 2640 4616 ut
2675 4562 2836 4617 etiam
2870 4561 2923 4616 in
2952 4561 3203 4631 personis
3232 4575 3447 4616 sermo-

158 4661 559 4733 γυμνὰτωμεν
593 4673 609 4689 ·
643 4660 739 4713 καὶ
768 4656 1017 4710 εστωσαν
1051 4654 1147 4708 δύο
1203 4652 1371 4718 τινὲς,
1409 4650 1440 4703 δ
1493 4650 1594 4720 μὲν
1632 4649 1770 4718 ἔχων

161 4756 347 4827 μύρια
386 4753 657 4818 τάλαντα,
681 4751 787 4804 ὁδὶ
842 4750 975 4803 δέκα
1009 4762 1023 4778 ο
1054 4747 1153 4801 καὶ
1194 4743 1539 4816 ἀμφοτέρους
1598 4738 1771 4794 ταῦτα

1873 4666 1998 4705 nent
2053 4660 2298 4706 nostrum
2333 4668 2729 4718 exerceamus,
2782 4654 2893 4709 sint
2942 4654 3132 4724 utique
3188 4652 3299 4707 duo
3330 4652 3454 4722 qui-

1860 4734 2025 4809 Idam,
2044 4744 2182 4800 alius
2205 4745 2393 4801 decem
2427 4746 2573 4801 mille
2596 4747 2794 4802 talenta
2819 4747 3206 4810 hahens,alius
3224 4747 3410 4801 decem
3438 4765 3449 4800 :

1874 4849 2040 4904 porro
2083 4844 2376 4907 utrumque
2411 4836 2527 4892 suis
2576 4837 2895 4908 Spoliemus.
2935 4836 3067 4903 Quis
3104 4837 3323 4906 gravius
3356 4836 3451 4888 do-

1872 4927 2052 4983 lebit?
2100 4927 2242 4983 Sane
2278 4929 2370 4998 qui
2403 4927 2591 4986 decem
2652 4929 2801 4982 mille
2855 4927 3055 4983 amisit.
3102 4927 3224 4982 Non
3267 4936 3451 4983 autem

1874 5020 2049 5091 magis
2086 5018 2320 5087 doleret,
2373 5021 2477 5076 nisi
2540 5028 2664 5093 plus
2723 5028 2969 5074 amaret:
3001 5019 3143 5090 quod
3180 5020 3222 5073 si
3279 5020 3451 5090 magis

1876 5121 2042 5180 amat,
2094 5114 2267 5184 magis
2298 5115 2493 5185 cupit:
2529 5116 2572 5171 si
2630 5115 2800 5184 magis
2840 5113 3008 5183 cupit,
3054 5114 3259 5185 majore
3307 5129 3449 5187 pau-

1875 5214 2087 5276 pertate
2115 5218 2382 5279 urgetur:
2416 5223 2539 5261 nam
2580 5204 2684 5262 hoc
2716 5204 2959 5275 pazcipuc
2985 5214 3262 5276 optamus,
3294 5206 3450 5276 cujus

1874 5288 2150 5372 prtecipue
2174 5301 2481 5370 indigemus
2521 5319 2534 5354 :
2592 5315 2828 5371 namque
2856 5315 2923 5354 ett
2955 5308 3195 5371 egestate
3235 5298 3453 5368 cupidi-

156 4847 595 4921 ἀφαιρούμεθα.
632 4844 730 4909 Τίς
761 4838 857 4899 οὖν
894 4841 1098 4913 μᾶλλον
1124 4839 1356 4908 ἀλγήσει
1395 4854 1409 4903 ;
1459 4836 1518 4889 '0
1542 4836 1609 4889 τὰ
1664 4834 1781 4906 μύ-’

158 4961 257 5018 et:
286 4940 598 5003 ἀπολέσας.
626 4938 739 4991 Οὐκ
762 4936 830 4991 ἂν
855 4936 913 4989 δὲ
942 4935 1143 5006 μᾶλλον
1168 4933 1424 5003 ἤλγησεν,
1447 4930 1496 4982 εἰ
1534 4927 1608 4999 μὴ
1636 4927 1771 4996 μᾶλ-

154 5036 256 5089 λον
285 5033 480 5102 ἐφίλει
499 5047 517 5067 ο
547 5032 597 5085 εἰ
622 5032 680 5085 δὲ
719 5030 923 5100 μᾶλλον
956 5028 1126 5099 φιλεῖ,
1155 5026 1359 5096 μᾶλλον
1396 5021 1660 5093 ἐπιθυμεῖ
1681 5035 1696 5051 ο
1724 5019 1771 5072 εί

156 5129 219 5184 δὲ
240 5128 470 5201 μᾶλλον
495 5126 777 5196 ἐπιθυμεῖ,
815 5124 1014 5195 μᾶλλον
1060 5124 1214 5176 ἐστιν
1241 5120 1299 5172 ἐν
1326 5118 1489 5188 πενίᾳ.
1513 5132 1530 5147 ·
1576 5114 1771 5169 τούτου

154 5222 274 5291 γὰρ
304 5219 558 5291 μάλιστα
583 5218 979 5288 ἐπιθυμοῦμεν,
1005 5210 1067 5271 οὗ
1111 5212 1348 5285 μάλιστά
1370 5212 1540 5282 ἐσμεν
1585 5208 1644 5262 ἐν
1689 5209 1774 5261 ἐν·

156 5315 288 5389 δείᾳ
321 5330 342 5348 ο
381 5313 501 5369 ἀπὸ
531 5314 642 5383 γὰρ
667 5312 872 5376 ἐνδείας
907 5313 941 5383 ἡ
963 5308 1229 5378 ἐπιθυμία
1261 5321 1277 5337 ·
1304 5305 1433 5360 ἔνθα
1487 5303 1599 5374 γὰρ
1624 5302 1693 5358 ἂν

155 5409 359 5479 κόρος,
393 5405 700 5477 ἐπιθυμίαν
726 5405 828 5458 οὐκ
849 5403 995 5457 ἔστιν
1026 5398 1167 5455 εἶναι
1197 5414 1211 5430 θ
1246 5395 1471 5467 καὶγὰρ
1503 5394 1625 5448 τότε
1669 5392 1774 5463 μά-

156 5501 333 5555 λιστα
356 5498 637 5569 διψῶμεν,
672 5498 801 5550 ὅταν
838 5493 1032 5558 ἐνδεῶς
1086 5493 1297 5563 ἔχωμεν
1334 5488 1521 5543 ποτοῦ.
1567 5483 1775 5541 Λοιπὸν

153 5588 260 5647 οὖν
294 5588 579 5659 οὐ.παρὰ
638 5590 851 5654 πενίαν,
916 5586 1053 5640 ἀλλὰ
1099 5584 1228 5653 παρ’
1289 5583 1436 5653 ἡμᾶς
1492 5579 1691 5642 αὐτοὺς
1738 5579 1771 5649 ή

156 5685 353 5757 βλάϐη
390 5683 607 5751 γίνεται
631 5698 645 5711 ⁸
672 5681 848 5744 οὐδεὶς
871 5680 979 5751 γὰρ
1016 5680 1164 5749 ἡμᾶς
1192 5676 1531 5746 λυμανεῖται,
1564 5672 1657 5726 ἐὰν
1683 5671 1773 5741 νή-

1879 5495 2008 5540 tcm.
2051 5484 2184 5540 Nam
2237 5492 2367 5537 tunc.
2413 5485 2795 5539 vehementius
2844 5484 3079 5551 sitimus,
3137 5499 3259 5539 cum
3323 5493 3450 5552 potu

1877 5590 2149 5632 caremus.
2181 5574 2446 5645 Superest
2500 5574 2687 5644 igitur,
2726 5590 2832 5628 tton
2874 5590 2901 5627 a
2940 5582 3261 5643 paupertate
3292 5572 3385 5627 sed
3420 5588 3449 5625 a

1878 5669 2038 5725 nobis
2095 5667 2226 5737 ipsis
2282 5666 2539 5743 damnum
2596 5665 2698 5719 hoc
2750 5665 3062 5735 provenire.
3099 5662 3272 5720 Nemo
3301 5661 3450 5718 enim

236 5865 288 5898 ³⁸
352 5864 533 5919 Eccli.
565 5879 663 5917 xxx
688 5906 700 5930 ,
733 5865 821 5917 21.

1878 5396 1998 5449 tas’:
2032 5393 2128 5448 ubi
2176 5393 2325 5448 enim
2362 5393 2603 5457 satietas,
2642 5409 2751 5447 non
2786 5404 2870 5447 est
2902 5407 3130 5448 cernere
3180 5391 3452 5462 cupidita-
3532 5454 3537 5459 _
