3972 6614
443 376 547 440 983

420 601 521 642 oro
542 601 859 657 quaesoque,
890 602 958 643 ne
1010 588 1172 644 talem
1201 589 1473 658 patiamur
1504 592 1791 661 insaniam,
1843 597 1987 653 salu-

421 685 532 732 tem
577 685 820 733 nostram
855 687 1081 749 propter
1125 681 1400 736 modicum
1461 695 1748 754 argentum
1802 690 1987 758 prodi-

417 769 777 838 genteszsed
829 769 1142 827 futurarum
1207 790 1393 828 rerum
1452 790 1605 844 spem
1666 777 1986 836 foveamus:

417 873 579 913 senes
619 859 839 928 quidem
871 900 887 926 ,
919 870 1109 931 utpote
1159 864 1443 919 manifeste
1487 876 1773 923 cernentes
1822 869 1989 926 breve

419 947 577 1002 nobis
604 963 891 1018 superesse
925 950 1050 1004 vita:
1095 959 1346 1021 tempus;
1389 954 1621 1024 juvenes
1645 965 1850 1023 autem,
1889 973 1989 1014 ceu

421 1049 570 1095 certo
605 1041 860 1107 scientes,
883 1042 1042 1100 .haud
1074 1045 1305 1100 multum
1334 1045 1493 1100 nobis
1517 1048 1789 1118 reliquum
1820 1065 1941 1106 esse
1971 1069 1986 1105 :

421 1145 656 1200 namque
687 1141 746 1185 ut
787 1133 875 1187 fur
908 1134 961 1188 in
1010 1145 1191 1198 nocte,
1230 1136 1302 1190 ita
1343 1136 1462 1193 dies
1505 1138 1596 1193 illa
1630 1144 1797 1196 venit.
1829 1140 1990 1198 Omni

421 1222 588 1292 igitur
640 1225 824 1280 studio
885 1227 1122 1282 vitemus
1162 1228 1376 1298 cupida:
1428 1232 1673 1286 avaritia:
1713 1233 1990 1288 morbum.

419 1313 740 1384 Quanquam
769 1317 913 1372 enim
953 1333 1091 1374 saeva
1127 1331 1210 1375 est
1236 1320 1349 1376 haec
1383 1321 1564 1376 bellua
1589 1364 1604 1388 ,
1639 1333 1698 1378 ut
1731 1323 1990 1391 diximus,

423 1405 806 1472 nihilominus,
839 1409 883 1463 si
916 1419 1062 1465 certe
1091 1412 1344 1476 velimus,
1379 1412 1535 1468 facile
1561 1431 1680 1470 eam
1707 1419 1992 1486 superabi-

420 1513 564 1552 mus.
585 1498 702 1553 Non
725 1501 871 1554 cnim
897 1500 1080 1556 innata
1103 1511 1188 1558 est
1204 1519 1266 1558 ac
1285 1506 1550 1562 naturalis
1567 1507 1664 1562 ista
1685 1508 1956 1577 cupiditas
1977 1526 1991 1575 ;

420 1588 666 1658 alioquin
711 1590 824 1661 jam
877 1591 1004 1646 inde
1047 1609 1078 1649 a
1125 1611 1307 1650 rerum
1364 1597 1523 1652 initio
1579 1598 1742 1654 insita
1775 1597 1992 1656 fuisset.

421 1677 584 1747 Atqui
643 1680 952 1751 antiquitus
1011 1698 1189 1754 neque
1223 1700 1418 1740 aurum
1465 1697 1606 1752 erat,
1649 1703 1826 1758 neque
1873 1690 1992 1744 auri

423 1770 568 1825 ullus
593 1781 824 1829 amator.

1566 389 1969 454 TllEODORI
2013 395 2567 464 MELITENIOT/E

424 491 582 547 nobis
609 490 849 556 nocebit.
876 492 920 549 si
955 493 1139 550 sobria
1169 503 1352 552 mente
1383 497 1988 575 fuerimus.cPr-optcrea

2110 526 2308 578 ρωμεν.
2347 513 2438 569 Διὸ
2473 517 2802 586 παρακαλῶ,
2859 520 2933 591 μὴ
2996 523 3264 592 τοσαύτην
3311 526 3386 579 ὑπ

3539 484 3554 488 _
3569 414 3680 477 93$

3389 528 3684 599 ομένωμεν

2092 602 2301 668 ἄνοιαν,
2328 606 2670 674 προδιδόντες
2698 611 2796 678 τὴν
2823 615 3099 684 σωτηρίαν
3130 618 3288 686 ἡμῶν
3331 619 3421 672 διὰ
3481 623 3686 691 μικρλν

2093 695 2416 762 ἀργυρίδιον
2452 713 2465 729 ⁶
2499 699 2615 752 ἀλλ’
2649 702 3002 772 ἀντεχόμενοι
3043 707 3141 775 τῆς
3174 709 3477 780 μελλούσης
3527 712 3687 764 ἐλπί-

2091 781 2200 844 δος,
2237 787 2414 856 οἱμὲν
2460 793 2859 861 γεγηρακότες,
2897 795 2993 848 ἅτε
3042 797 3245 862 εἰδότες
3290 802 3542 871 φανερῶς
3594 805 3683 854 ὅτι

2091 873 2274 941 δλίγος
2320 879 2455 948 ἡμῖν
2499 880 2852 936 ὑπολείπεται
2893 887 2993 956 τῆς
3048 888 3193 956 ζωῆς
3244 892 3465 960 χρόνος·
3513 894 3564 946 οἱ
3621 894 3680 945 6':

2094 964 2225 1029 νέοι,
2257 965 2351 1020 ἅτε
2389 973 2747 1041 πεπεισμένοι
2783 975 2973 1044 σαφῶς
3007 978 3089 1031 ὅτι
3118 981 3180 1034 οὐ
3217 982 3349 1035 πολὺ
3380 984 3439 1036 τὸ
3497 983 3685 1036 λειπό-

2097 1070 2258 1123 μενον
2283 1077 2297 1091 ·
2325 1057 2401 1122 ὡς
2423 1060 2531 1133 γὰρ
2567 1065 2810 1134 κλέπτης
2854 1067 2911 1119 ὲν
2941 1073 3120 1136 νυκτὶ,
3179 1072 3354 1135 οὕτως
3411 1076 3442 1142 ἡ
3496 1075 3684 1144 ἡμέρα

2095 1147 2273 1218 ἐκείνη
2305 1150 2545 1220 ἔρχεται.
2601 1157 2896 1229 Φεύγωμεν
2921 1165 3078 1236 πάσῃ»
3119 1166 3324 1235 σπουδῇ
3358 1169 3454 1233 τῆς
3485 1167 3688 1235 φιλαρ-

2095 1239 2296 1328 γρρίας
2328 1244 2430 1311 τὴν
2473 1248 2626 1300 νόσον
2649 1265 2664 1280 '
2692 1252 2740 1304 εί
2771 1253 2879 1325 γὰρ
2938 1257 3031 1310 καὶ
3063 1256 3236 1311 δεινὸν
3263 1258 3412 1310 τουτὶ
3465 1258 3526 1311 τὸ
3579 1258 3683 1328 θη-

2097 1326 2231 1396 ρίον,
2259 1331 2336 1395 ὡς
2362 1334 2612 1406 εἴπομεν.
2644 1340 2759 1393 ἀλλ’
2810 1342 2961 1414 ὅμως
3006 1345 3101 1399 saw
3153 1345 3418 1416 θέλωμεν,
3478 1326 3685 1417 ρᾳδίώς

2095 1423 2468 1491 περιεσόμεθα
2499 1443 2515 1459 °
2553 1429 2614 1482 οὗ
2648 1431 2755 1501 γάρ
2784 1434 2932 1487 ἐστιν
2964 1437 2996 1505 ἡ
3031 1435 3300 1506 ἐπιθυμία
3331 1438 3472 1506 αὕτη
3498 1436 3685 1506 ἔμφυ-

2215 1514 2312 1567 καὶ
2337 1519 2544 1588 φυσική
2579 1535 2592 1549 ·
2627 1521 2658 1590 ἢ
2686 1523 2792 1593 γὰρ
2829 1525 2895 1578 ἂν
2923 1526 3078 1597 παρὰ
3109 1528 3207 1598 τὴν
3237 1527 3411 1599 ἀρχὴν
3431 1526 3680 1605 ὲνετέθῃ.

2095 1603 2212 1657 Νῦν
2233 1606 2290 1660 δὲ
2315 1611 2538 1678 χρυσίον
2561 1613 2662 1667 οὐκ
2691 1609 2758 1684 ἦν
2789 1616 3018 1686 ἀνωθεν,
3040 1620 3160 1674 οὐδὲ
3185 1619 3298 1693 ἦρα
3321 1637 3406 1684 τις
3427 1603 3681 1691 χρυσίου.

497 1864 582 1918 Η.
611 1863 766 1931 Jam,
823 1868 866 1922 si
937 1869 1136 1934 vultis,
1165 1871 1308 1953 unde
1346 1871 1452 1927 hoc
1485 1873 1686 1928 malum
1725 1877 1993 1944 eruperit,

2171 1876 2260 1925 ια’.
2310 1870 2452 1925 Ἀλλ’
2505 1873 2554 1927 εί
2605 1873 2884 1943 βούλεσθε,
2947 1877 3089 1948 λέγω
3119 1877 3283 1934 πόθεν
3338 1877 3554 1951 εἰσῆλθε
3621 1883 3686 1938 τὸ

423 1955 622 2011 dicam.
661 1958 799 2014 Dum
838 1975 1206 2025 praecessores
1254 1964 1650 2034 suosquisque
1681 1967 1992 2032 aemulatur,

425 2051 676 2104 morbum
716 2062 1021 2141 aggravat;
1051 2061 1106 2109 et
1147 2056 1486 2125 cupientem,
1516 2058 1562 2114 is
1591 2060 1685 2129 qui
1721 2061 1996 2116 antecedit

424 2139 638 2196 incitat.
669 2142 803 2198 Nam
845 2139 970 2199 eum
1006 2145 1192 2201 vident
1218 2146 1412 2203 domos
1437 2149 1770 2218 splendidas,
1809 2149 1997 2204 latitu-

423 2234 607 2288 dinem
627 2250 905 2306 agrorum,
938 2253 1236 2306 servorum,
1248 2254 1462 2311 greges,
1481 2249 1536 2296 et
1561 2249 1820 2312 argentea
1847 2257 1996 2304 vasa,

424 2335 480 2378 et
529 2326 754 2381 multam
809 2330 1262 2385 vestimentorum
1308 2333 1644 2403 congeriem,
1701 2333 1842 2388 nihil
1888 2349 1998 2388 non

425 2423 594 2482 agunt
635 2425 696 2470 ut
724 2416 863 2472 alios
897 2429 1162 2488 superent
1194 2437 1208 2474 :
1248 2428 1412 2492 atque
1439 2423 1512 2477 ita
1535 2424 1748 2493 priores
1777 2437 1994 2477 causam

430 2507 675 2574 praebent
711 2509 990 2578 secundis,
1027 2511 1080 2566 hi
1115 2521 1298 2568 autem
1354 2514 1611 2584 posteris.
1646 2515 1800 2581 Quod
1833 2514 1877 2570 si
1909 2531 1996 2570 so-

426 2598 711 2654 brietatem
772 2591 1274 2669 retinere‘vellent,
1321 2606 1446 2660 aliis
1487 2605 1732 2676 magistri
1768 2621 1879 2662 non
1920 2607 2000 2660 fo-

427 2699 567 2745 rent.
624 2692 813 2762 Neque
870 2694 1075 2750 idcirco
1123 2697 1176 2750 hi
1242 2697 1577 2765 posteriores
1631 2705 1998 2763 excusantur;

427 2793 557 2838 sunt
584 2785 731 2839 enim
785 2785 877 2841 alii
917 2787 1010 2856 qui
1051 2803 1182 2857 opes
1215 2798 1606 2855 contemnunt;
1639 2790 1784 2859 quod
1820 2790 1998 2860 ipsum

427 2890 758 2947 magnopere
786 2875 1167 2944 demonstrat,
1198 2893 1307 2933 non
1340 2894 1459 2934 esse
1515 2881 1838 2936 naturaliter
1871 2882 2003 2936 insi-

430 2979 545 3022 tum
573 2970 820 3024 avaritiae
843 2970 1116 3036 morbum,
1145 2986 1266 3040 qua:
1288 2986 1375 3025 res
1402 2986 1466 3025 ex
1486 2971 1594 3026 illis
1625 2971 1874 3042 patescit,
1904 2974 2003 3045 qui

431 3063 592 3120 alieni
652 3063 722 3119 ab
780 3078 846 3119 eo
899 3072 1045 3118 sunt.
1097 3062 1376 3132 Siquidem
1421 3065 1660 3135 physica:
1711 3067 2001 3136 qualitates

2080 1962 2266 2020 πκακόν
2295 1979 2310 1997 ο
2341 1964 2570 2028 ἕκαστος
2617 1967 2712 2020 τὸν
2761 1971 2868 2039 πρὸ
2898 1969 3062 2024 αὐτοῦ
3119 1971 3427 2042 ζηλοῦντες,
3465 1973 3686 2027 ἐπέτεια

2098 2071 2189 2105 νον
2231 2054 2294 2106 τὸ
2324 2055 2560 2126 νόσημα,
2624 2059 2720 2112 καὶ
2763 2061 2858 2113 τὸν
2924 2061 3254 2132 βουλόμενον
3305 2065 3334 2118 ό
3389 2064 3688 2135 προλαϐὼν

2100 2141 2357 2210 ὲρεθίζει.
2405 2144 2732 2217 Ὀτανσγὰρ
2787 2148 2972 2203 ίδωσιν
3016 2151 3192 2214 οἰκίας
3243 2151 3524 2223 λαμπρὰς,
3589 2155 3687 2206 καὶ

2099 2232 2306 2301 πλῆθος
2322 2235 2533 2305 ἀγρῶν.
2561 2239 2658 2290 καὶ
2687 2239 3039 2308 ἀνδραπόδων
3067 2242 3286 2310 ἀγέλας,
3321 2247 3417 2297 καὶ
3459 2245 3689 2314 ἀργυρᾶ

2102 2323 2294 2393 σκεύη,
2332 2325 2427 2377 καὶ
2455 2326 2626 2382 πολὺν
2676 2330 2910 2400 ἱματίων
2963 2333 3215 2402 φορυτδν,
3277 2336 3452 2390 πάντα
3504 2339 3686 2404 πρατ-

2101 2432 2305 2480 τουσιν,
2335 2414 2477 2470 ὥστε
2509 2419 2918 2488 ὑπερϐαλέσθαι
2951 2437 2966 2452 ο
3021 2422 3162 2476 ὥστε
3207 2423 3258 2476 oi
3313 2425 3520 2495 πρῶτοι
3571 2424 3694 2478 τῶν

2101 2504 2372 2577 δευτέρων
2398 2509 2561 2562 αιτιοι
2604 2510 2866 2578 γίνονται,
2895 2513 3140 2567 κάκεῖνοι
3159 2515 3270 2568 τῶν
3308 2517 3431 2585 μετ’
3456 2517 3680 2580 αὐτούς.

2103 2597 2167 2651 Εἰ
2196 2598 2252 2650 δὲ
2283 2599 2570 2655 ὲὸούλοντο
2597 2607 2918 2676 σωφρονεῖν,
2941 2605 3042 2659 οὐκ
3071 2603 3137 2659 ἀν
3192 2610 3305 2670 τοῖς
3344 2607 3525 2670 ἄλλοις
3565 2609 3688 2677 ὲγί-

2103 2707 2256 2744 νοντο
2305 2692 2624 2750 διδάσκαλοι
2659 2713 2674 2729 ο
2739 2697 2940 2767 μᾶλλον
2989 2698 3045 2752 δὲ
3093 2698 3215 2752 οὐδὲ
3263 2699 3478 2764 τούτοις
3533 2700 3692 2753 ἔστιν

2102 2783 2371 2852 ἀπολογία
2395 2799 2410 2815 ο
2445 2786 2555 2839 eici.
2587 2787 2694 2857 γὰρ
2719 2789 2813 2842 καὶ
2844 2788 3024 2860 ἕτεροι
3053 2792 3357 2861 χρημάτων
3407 2808 3685 2862 κατανςρο·

2103 2875 2321 2941 νοῦντες
2352 2892 2366 2908 ο
2391 2877 2420 2930 δ
2445 2879 2540 2932 καὶ
2571 2881 2700 2934 αὐτὸ
2728 2881 2931 2952 δεῖγμα
2984 2886 3241 2953 μέγιστον
3262 2885 3358 2938 τοῦ
3391 2885 3466 2955 μὴ
3519 2901 3686 2951 «pust-

2104 2968 2198 3021 κὺν
2231 2962 2371 3024 εῖναι
2393 2969 2455 3023 τὸ
2490 2971 2585 3042 τῆς
2634 2972 3000 3044 φιλαργυρίας
3038 2975 3248 3046 νόσημα
3275 2993 3291 3008 ·
3315 2977 3411 3030 καὶ
3458 2979 3523 3028 hc
3573 2976 3697 3028 τῶν

2105 3057 2311 3127 ταύτης
2360 3058 2470 3129 γὰρ
2521 3061 2964 3132 ἀπηλλαγμένων
3020 3063 3178 3118 τοῦτο
3226 3066 3441 3134 γίνεται
3502 3067 3684 3136 δῆλον,

430 3173 749 3213 communes
804 3156 1061 3212 omnibus
1089 3165 1258 3210 sunt:
1317 3156 1432 3211 haec
1482 3167 1664 3212 autem
1709 3159 2002 3228 cupiditas.

2110 3147 2292 3217 ἐπειδὴ
2330 3147 2398 3200 τὰ
2426 3149 2528 3219 τῆς
2554 3151 2770 3220 φύσεως
2804 3155 2957 3208 κοινά
2981 3155 3199 3209 πάντων
3233 3157 3382 3210 ἐστίν
3414 3172 3430 3188 °
3461 3155 3604 3224 αὕτη
3629 3158 3685 3210 δὲ

432 3249 592 3320 culpa
627 3257 814 3304 nostra
867 3247 1248 3303 tantummodo
1269 3247 1484 3302 exsistit
1517 3267 1531 3302 :
1567 3249 1694 3302 hinc
1732 3251 2000 3317 nascitur,

432 3342 563 3398 hinc
621 3350 890 3412 augetur;
939 3351 996 3396 et
1047 3341 1128 3395 illi
1163 3339 1436 3396 inhiantes
1472 3356 1596 3395 cum
1629 3345 2003 3413 occupaverit.

433 3445 623 3492 contra
653 3445 904 3491 naturam
937 3433 1064 3490 facit
1086 3434 1290 3490 vivere.
1312 3434 1525 3489 Etenim
1554 3450 1818 3489 cum-non
1841 3450 2007 3504 agno-

435 3538 597 3585 scunt
649 3529 947 3600 populares
997 3542 1148 3593 suos,
1213 3526 1440 3594 amicos,
1471 3526 1696 3591 fratres,
1743 3537 2009 3599 cognatos

435 3636 663 3692 prorsus
724 3619 1116 3690 quoslibet,et
1165 3633 1288 3673 cum
1325 3617 1434 3671 illis
1490 3633 1548 3672 se
1589 3617 1736 3688 ipsos
1789 3611 2010 3689 quoque

437 3713 746 3782 negligunt,
782 3709 835 3764 id
869 3710 1014 3764 enim
1037 3724 1170 3764 vero
1203 3718 1391 3764 contra
1413 3717 1660 3763 naturam
1695 3711 1880 3766 vivere
1901 3722 2007 3766 est.

437 3803 595 3860 Unde
635 3811 862 3872 apparet
882 3800 1220 3856 contrarium
1252 3807 1463 3855 natura:
1501 3814 1624 3856 esse
1657 3798 1763 3854 hoc
1791 3800 2008 3865 vitium,

440 3897 494 3952 id
529 3908 614 3952 est
643 3895 886 3952 avaritia
916 3895 1191 3951 morbum.

513 3988 604 4044 1‘2.
630 3988 925 4059 Propterea
958 3995 1015 4041 et
1054 3985 1226 4042 Iudas
1271 3985 1326 4040 in
1363 3985 1507 4041 hunc
1544 3985 1796 4041 morbum
1841 3985 2013 4056 bulpa

441 4101 538 4140 sua
567 4081 884 4152 implicitus,
921 4078 1167 4150 proditor
1190 4077 1392 4134 Christi
1432 4077 1666 4142 exstitit,
1699 4092 2012 4147 quanquam

442 4178 510 4232 ab
536 4175 728 4233 eodem
774 4173 994 4228 Christo
1033 4180 1278 4226 vocatus.
1327 4169 1540 4239 Quippe
1566 4184 1678 4224 non
1725 4177 1810 4223 est
1865 4183 2016 4223 coar-

443 4279 600 4324 ctans
628 4265 724 4321 Dei
762 4265 1000 4330 vocatio,
1055 4277 1234 4332 neque
1273 4261 1380 4314 vim
1439 4259 1569 4315 facit
1621 4260 1790 4314 menti
1821 4273 2013 4314 eorum

443 4361 539 4431 qui
571 4358 828 4413 virtutem
861 4353 1116 4424 amplecti
1149 4352 1344 4406 nolunt
1372 4349 1501 4404 :sed
1528 4349 1780 4404 hortatur
1808 4355 2017 4404 tantum

444 4464 502 4509 et
527 4451 767 4508 consulit
791 4491 806 4515 ,
835 4458 892 4504 et
919 4449 1114 4515 satagit
1157 4455 1322 4515 atque
1351 4441 1443 4496 dat
1473 4458 1696 4512 operam
1736 4439 2016 4496 suadendo

2110 3241 2173 3291 ἐκ
2223 3240 2498 3312 ῥᾳθυμίας
2552 3243 2588 3312 ἡ
2619 3243 2886 3314 ἐπιθυμία
2947 3245 3156 3314 γίνεται
3188 3247 3357 3318 μόνης
3387 3263 3404 3278 ο
3434 3247 3689 3312 ἐντεῦθεν

2110 3333 2330 3400 φύεται,
2365 3322 2613 3388 ἐντεῦθεν
2655 3334 2877 3401 αὗξεται
2903 3355 2918 3370 ·
2954 3339 3048 3392 καὶ
3069 3339 3194 3402 τοὺς
3243 3340 3383 3410 πρὸς
3411 3340 3582 3411 αὐτὴν
3598 3357 3692 3393 κερ

2109 3428 2342 3497 χηνότας
2373 3427 2501 3481 ὅταν
2533 3428 2651 3500 ἕλῃ,
2679 3430 2832 3500 παρὰ
2863 3431 3026 3500 φύσιν
3051 3433 3196 3485 ποιεῖ
3225 3432 3348 3502 ζῇν.
3370 3433 3547 3486 Ὅταν
3578 3435 3691 3502 γὰρ

2109 3521 2354 3588 ἀγνοῶσι
2370 3524 2495 3586 τοὺς
2511 3522 2837 3592 ὁμοφύλους,
2865 3525 2992 3588 τοὺς
3023 3525 3310 3594 ἀδελφοὺς,
3339 3527 3466 3588 τοὺς
3492 3543 3692 3595 συγγε-

2111 3617 2220 3678 νεῖς
2265 3616 2512 3681 ἅπαντας
2543 3616 2757 3683 ἁπλῶς,
2784 3621 2871 3671 καὶ
2905 3620 3043 3688 μετὰ
3068 3618 3272 3673 τούτων
3311 3619 3407 3674 καὶ
3437 3621 3685 3681 ἑαυτοὺς.

2113 3710 2264 3780 παρά
2326 3709 2490 3778 φύσιν
2519 3709 2677 3764 τοῦτό
2706 3713 2822 3764 ἐστι
2854 3712 2976 3781 ζῇν.
3010 3711 3174 3766 Ὅθεν
3217 3712 3375 3784 δῆλον
3419 3716 3501 3766 δτι
3533 3713 3691 3783 παρὰ

2113 3802 2276 3870 φύσιν
2309 3805 2343 3873 ἡ
2372 3800 2563 3868 κακία,
2589 3804 2684 3855 καὶ
2711 3800 2772 3854 τδ
2798 3803 2896 3871 τῆς
2931 3801 3295 3874 φιλαργυρίας
3338 3803 3584 3875 νόσημα.-

2190 3983 2274 4055 ιβ’.
2299 3985 2396 4038 Διά
2429 3983 2589 4039 τοῦτο
2628 3984 2725 4038 καὶ
2751 3986 2778 4039 ό
2808 3983 3008 4047 Ἰούδας
3032 3983 3205 4054 τούτῳ
3246 3983 3564 4056 περιπεσὼν
3620 3987 3694 4040 ἑκ

2117 4075 2416 4146 ῥᾳθυμίας.
2460 4075 2726 4145 προδότης
2775 4075 2989 4143 ἐγένετο
3047 4075 3142 4129 τοῦ
3191 4076 3452 4145 Χριστοῦ,
3504 4077 3690 4130 καίτοι

2115 4165 2337 4234 κληθεὶς
2373 4164 2467 4220 ὑπ’
2496 4165 2663 4219 αὐτοῦ
2686 4165 2780 4220 τοῦ
2808 4166 3050 4237 Χριστοῦ
3079 4183 3093 4198 ·
3124 4169 3216 4221 καὶ
3249 4169 3358 4238 γὰρ
3389 4169 3490 4222 οὐκ
3520 4169 3693 4237 dver—

2118 4258 2354 4328 καστικὴ
2388 4257 2484 4311 τοῦ
2507 4257 2643 4311 Θεοῦ
2677 4259 2710 4326 ἠ
2743 4257 2956 4326 κλῆσις,
2976 4258 3098 4312 οὐδὲ
3134 4258 3384 4328 βιάζεται
3411 4259 3512 4329 τὴν
3549 4260 3696 4328 γνώο

2119 4367 2228 4420 μην
2259 4351 2366 4402 τῶν
2395 4348 2469 4421 μὴ
2505 4348 2848 4421 βουλομένων
2881 4351 3084 4422 ἀρετὴν
3111 4351 3329 4406 ἑλέσθαι
3359 4367 3374 4382 °
3408 4351 3547 4404 ἀλλά
3581 4367 3692 4404 πα-

2121 4443 2298 4510 ραινεῖ
2328 4443 2422 4510 μὲν
2455 4442 2550 4495 καὶ
2583 4441 2965 4510 συμδουλεύει.
3009 4444 3104 4496 καὶ
3160 4443 3339 4497 πάντα
3396 4445 3546 4496 ποιεῖ
3598 4447 3695 4495 καὶ

447 4557 510 4602 ut
549 4545 678 4600 boui
716 4542 950 4596 ﬁamus:
985 4554 1148 4610 quam
1190 4536 1237 4591 si
1273 4535 1517 4605 nonnulli
1559 4549 1664 4588 non
1697 4532 2005 4594 admittunt,

2123 4533 2602 4603 πραγματεύεται,
2639 4531 2780 4586 ὥστε
2835 4534 3021 4586 πεῖσαι
3065 4533 3318 4600 γενέσθαι
3363 4533 3692 4603 χρηστούς·

446 4640 594 4693 haud
633 4635 839 4693 idcirco
870 4632 1050 4702 cogit;
1074 4629 1234 4685 sicuti
1267 4643 1446 4697 neque
1475 4626 1670 4682 Iudam
1701 4623 1878 4694 coegit
1899 4623 2018 4676 fieri

445 4727 678 4789 bonum,
710 4731 998 4794 postquam
1030 4719 1310 4788 improbus
1361 4731 1670 4792 pravusque
1708 4714 1867 4782 culpa
1899 4729 2020 4782 pro-

445 4819 567 4889 pria
606 4815 676 4870 ob
740 4814 890 4867 hunc
944 4810 1194 4866 morbum
1241 4816 1508 4863 evaserat.
1549 4805 1686 4860 llinc
1735 4805 1904 4866 enim,
1966 4814 2022 4858 et

446 4926 556 4965 non
595 4905 840 4972 aliunde,
895 4901 1030 4958 ﬁunt
1077 4898 1391 4971 hujusmodi
1424 4898 1796 4953 mutationes:
1832 4910 2024 4966 quem-

449 5000 744 5056 admodum
783 5014 812 5050 a
849 4996 993 5050 bono
1019 4994 1201 5048 studio
1227 4991 1525 5062 procedunt
1542 4989 1854 5045 contrarian
1876 4986 2020 5054 Quot

447 5095 596 5148 enim
647 5091 742 5163 qui
783 5090 1002 5145 fuerant
1057 5087 1318 5148 violenti,
1377 5083 1776 5139 mansuetiores
1826 5081 2024 5136 ovibus

449 5197 640 5255 postea
673 5180 1011 5237 evaserunt?
1034 5179 1179 5246 Quot
1204 5177 1470 5232 luxuriosi
1495 5215 1514 5241 ,
1542 5175 1802 5243 deinceps
1835 5171 2026 5242 pudici

450 5275 971 5342 exstiterunt‘iQuot
999 5282 1160 5328 antea
1194 5285 1438 5342 rapaces,
1456 5268 1655 5324 deinde
1685 5283 1780 5322 sua
1805 5281 2024 5337 quoque

451 5371 844 5446 proiecerunt?
877 5370 1268 5438 Quamobrem,
1293 5369 1337 5422 si
1371 5366 1635 5437 sapimus,
1668 5362 1862 5433 procul
1883 5361 2024 5431 abji-

453 5474 663 5524 ciarnus
717 5465 1032 5522 divitiarum
1065 5461 1443 5530 cupiditatem,
1483 5467 1540 5514 et
1587 5456 1829 5512 avaritia:
1879 5470 2024 5510 rnor-

455 5562 619 5626 bum;
647 5560 802 5629 cujus
833 5555 1134 5626 nequitiam
1172 5554 1273 5625 ipsi
1297 5566 1516 5623 quoque
1546 5558 1817 5604 testantur
1853 5546 2023 5609 avari,

457 5654 710 5724 injuriam
735 5651 838 5706 sibi
869 5649 986 5703 fieri
1006 5648 1339 5720 iudicantes.
1360 5642 1797 5714 quotiescunque
1825 5637 2027 5706 aliquis

458 5744 540 5797 eis
577 5743 680 5797 hoc
707 5742 1063 5812 opprobrium
1105 5736 1389 5809 obiecerit.
1419 5734 1482 5788 Et
1517 5749 1575 5788 rc
1623 5731 1845 5802 quidem
1873 5745 2024 5790 vera,

469 5849 743 5888 sumntum
779 5833 880 5888 hoc
911 5843 992 5888 est
1026 5829 1402 5901 opprobrium,
1437 5826 1728 5894 ululataque
1771 5820 2027 5892 nequitia:

2124 4627 2175 4677 εἰ
2197 4625 2251 4677 δὲ
2289 4624 2364 4694 μὴ
2393 4625 2711 4692 ἀνάσχοιντό
2737 4626 2902 4691 τινες,
2925 4625 3023 4678 οὐκ
3085 4623 3408 4692 ἀναγκάζει,
3439 4623 3700 4692 καθάπερ

2123 4714 2246 4768 eia-ie
2276 4715 2366 4766 τὸν
2414 4713 2618 4767 Ἰούδαν
2645 4715 2924 4783 ἠνάγκασε
2957 4715 3209 4781 γενέσθαι
3251 4713 3438 4778 καλὸν,
3463 4713 3697 4782 γενόμε-

2122 4824 2212 4858 νον
2244 4806 2517 4877 μοχθηρὸν
2551 4805 2648 4859 καὶ
2675 4805 2875 4876 φαῦλον
2903 4806 3009 4859 ἀπὸ
3027 4806 3218 4860 τούτου
3243 4803 3335 4858 τοῦ
3385 4807 3697 4875 νοσήματος

2123 4898 2188 4950 ἐκ
2232 4899 2502 4969 ῥᾳθυμίας
2532 4912 2546 4926 ⁶
2592 4897 2841 4950 ἐντεῦθεν
2878 4897 2970 4950 καὶ
3035 4898 3142 4966 γὰρ
3195 4898 3296 4950 οὐκ
3359 4895 3585 4950 ἄλλοθεν
3639 4898 3697 4948 αἱ

2124 4989 2370 5045 τοιαῦται
2403 4989 2717 5059 μεταϐολαὶ,
2754 4989 3001 5057 καθάπερ
3033 4989 3137 5044 ἀπὸ
3183 4990 3424 5058 σπουδῆς
3467 4991 3526 5043 at
3561 4991 3698 5059 πρὸς

2125 5083 2187 5135 τὸ
2224 5083 2488 5135 ἐναντίον.
2524 5081 2683 5133 Πόσοι
2705 5080 2835 5148 γοῦν
2855 5081 3136 5149 γενόμενοι
3163 5080 3357 5150 βίαιοι,
3405 5080 3702 5150 προϐάτων

2126 5171 2467 5244 ἡμερώτεροι
2495 5172 2777 5240 γεγόνασιν
2806 5171 3031 5243 ὕστερον
3061 5190 3077 5240 ;
3119 5173 3279 5228 Πόσοι
3305 5174 3559 5241 ἀσελγεῖς
3595 5173 3705 5226 σὼ-

2129 5279 2324 5333 φρονες
2358 5262 2496 5331 μετά
2521 5263 2692 5316 ταῦτα
2719 5265 3065 5333 κατέστησαν
3095 5281 3110 5328 ;
3163 5264 3327 5317 Πόσοι
3373 5264 3701 5317 πλεονέκται

2127 5353 2234 5425 πρὸ
2270 5353 2459 5406 τούτου
2492 5351 2719 5422 ὕστερον
2739 5353 2969 5424 ἔρριψαν
2993 5356 3085 5407 καὶ
3138 5354 3208 5407 τὰ
3249 5355 3432 5406 αὐτῶν
3460 5371 3475 5420 ;
3533 5355 3702 5408 Ὥστε

2128 5447 2224 5497 ἐὰν
2243 5445 2525 5514 νήφωμεν,
2561 5445 2898 5516 ἐκδαλοῦμεν
2917 5446 3014 5517 τὴν
3045 5447 3341 5516 ἐπιθυμίαν
3391 5447 3486 5499 τοῦ
3535 5447 3704 5500 πλού-

2128 5555 2241 5599 του,
2268 5535 2363 5587 xui.
2385 5536 2480 5605 τῆς
2511 5535 2876 5605 φιλαργυρίας
2914 5538 2973 5588 τὸ
2999 5539 3231 5604 νόσημα,
3263 5537 3401 5607 ὅπερ
3434 5537 3526 5590 καὶ
3543 5538 3704 5592 αὐτοὶ

2133 5626 2502 5698 μαρτυροῦσιν
2535 5623 2674 5680 εἶναι
2708 5629 2879 5681 κακὸν
2901 5629 2950 5679 οἱ
2985 5628 3340 5698 φιλάργυροι.
3384 5629 3701 5696 νομίζοντες

2133 5723 2290 5791 ὓδριν
2313 5722 2371 5772 ea
2399 5719 2655 5788 πρᾶγμα,
2686 5721 2815 5773 ὅταν
2845 5737 2926 5782 τις
2961 5721 3143 5781 αὐτοῖς
3199 5718 3358 5771 τοῦτο
3400 5719 3702 5789 προσενέγο

2133 5829 2205 5887 κῃ
2239 5815 2294 5866 ab
2332 5811 2530 5873 ὄνειδος
2571 5827 2583 5839 °
2613 5813 2838 5882 ἔσχατον
2889 5811 3066 5876 τοῦτο,
3097 5817 3196 5865 καὶ
3237 5810 3439 5882 ποίολῆς
3493 5808 3698 5873 κακίας
