  <div class='ocr_page' id='page_1' title='image "/cluster/home/n/w/nwhite01/storage/ocr_20150623/149/hvd.32044019208370/500.png"; bbox 0 0 3972 6608; ppageno 0'>
   <div class='ocr_carea' id='block_1_1' title="bbox 243 412 341 475">
    <p class='ocr_par' dir='ltr' id='par_1_1' title="bbox 243 412 341 475">
     <span class='ocr_line' id='line_1_1' title="bbox 243 412 341 475; baseline 0 0"><span class='ocrx_word' id='word_1_1' title='bbox 243 412 341 475; x_wconf 75' lang='lat'><strong>955</strong></span> 
     </span>
    </p>
   </div>
   <div class='ocr_carea' id='block_1_2' title="bbox 1616 406 2115 475">
    <p class='ocr_par' dir='ltr' id='par_1_2' title="bbox 1616 406 2115 475">
     <span class='ocr_line' id='line_1_2' title="bbox 1616 406 2115 475; baseline 0.006 -3"><span class='ocrx_word' id='word_1_2' title='bbox 1616 406 1959 475; x_wconf 75' lang='lat' dir='ltr'><strong>ETHICUN</strong></span> <span class='ocrx_word' id='word_1_3' title='bbox 2010 410 2115 475; x_wconf 84' lang='lat' dir='ltr'><strong>IX.</strong></span> 
     </span>
    </p>
   </div>
   <div class='ocr_carea' id='block_1_3' title="bbox 3386 418 3490 481">
    <p class='ocr_par' dir='ltr' id='par_1_3' title="bbox 3386 418 3490 481">
     <span class='ocr_line' id='line_1_3' title="bbox 3386 418 3490 481; baseline -0.019 -2"><span class='ocrx_word' id='word_1_4' title='bbox 3386 418 3490 481; x_wconf 69' lang='lat'><strong>986</strong></span> 
     </span>
    </p>
   </div>
   <div class='ocr_carea' id='block_1_4' title="bbox 241 517 1834 597">
    <p class='ocr_par' dir='ltr' id='par_1_4' title="bbox 241 518 1814 591">
     <span class='ocr_line' id='line_1_4' title="bbox 241 518 1814 591; baseline -0.001 -15"><span class='ocrx_word' id='word_1_5' title='bbox 241 519 529 585; x_wconf 76' lang='grc' dir='ltr'>ἀπόδειξις.</span> <span class='ocrx_word' id='word_1_6' title='bbox 566 519 629 573; x_wconf 78' lang='lat' dir='ltr'><strong>Ei</strong></span> <span class='ocrx_word' id='word_1_7' title='bbox 659 518 769 590; x_wconf 82' lang='grc' dir='ltr'><strong>γὰρ</strong></span> <span class='ocrx_word' id='word_1_8' title='bbox 811 519 1116 591; x_wconf 78' lang='grc' dir='ltr'>χρημάτων</span> <span class='ocrx_word' id='word_1_9' title='bbox 1161 518 1438 591; x_wconf 77' lang='grc' dir='ltr'><strong>ὑπεριδεῖν</strong></span> <span class='ocrx_word' id='word_1_10' title='bbox 1471 522 1571 575; x_wconf 74' lang='grc' dir='ltr'>οὐκ</span> <span class='ocrx_word' id='word_1_11' title='bbox 1627 523 1814 591; x_wconf 50' lang='lat' dir='ltr'><strong>eve-ps.</strong></span> 
     </span>
    </p>
   </div>
   <div class='ocr_carea' id='block_1_5' title="bbox 1940 517 3491 597">
    <p class='ocr_par' dir='ltr' id='par_1_5' title="bbox 1940 517 3491 597">
     <span class='ocr_line' id='line_1_5' title="bbox 1940 517 3491 597; baseline 0.001 -20"><span class='ocrx_word' id='word_1_12' title='bbox 1940 528 2322 595; x_wconf 57' lang='lat' dir='ltr'><strong>urgumentu&#39;m.</strong></span> <span class='ocrx_word' id='word_1_13' title='bbox 2357 517 2490 579; x_wconf 79' lang='lat' dir='ltr'><strong>Nam</strong></span> <span class='ocrx_word' id='word_1_14' title='bbox 2536 525 2581 579; x_wconf 91' lang='lat' dir='ltr'><strong>si</strong></span> <span class='ocrx_word' id='word_1_15' title='bbox 2629 541 2759 597; x_wconf 88' lang='lat' dir='ltr'><strong>opes</strong></span> <span class='ocrx_word' id='word_1_16' title='bbox 2794 535 3148 581; x_wconf 90' lang='lat' dir='ltr'><strong>contemnere</strong></span> <span class='ocrx_word' id='word_1_17' title='bbox 3184 539 3295 579; x_wconf 86' lang='lat' dir='ltr'><strong>non</strong></span> <span class='ocrx_word' id='word_1_18' title='bbox 3327 528 3491 580; x_wconf 63' lang='lat' dir='ltr'><strong>sust}.</strong></span> 
     </span>
    </p>
   </div>
   <div class='ocr_carea' id='block_1_6' title="bbox 244 612 1812 687">
    <p class='ocr_par' dir='ltr' id='par_1_6' title="bbox 244 612 1812 687">
     <span class='ocr_line' id='line_1_6' title="bbox 244 612 1812 687; baseline -0.001 -18"><span class='ocrx_word' id='word_1_19' title='bbox 244 615 398 687; x_wconf 84' lang='grc' dir='ltr'>μεθα,</span> <span class='ocrx_word' id='word_1_20' title='bbox 443 614 592 676; x_wconf 85' lang='grc' dir='ltr'>τίνος</span> <span class='ocrx_word' id='word_1_21' title='bbox 648 612 811 668; x_wconf 75' lang='grc' dir='ltr'>ἄλλου</span> <span class='ocrx_word' id='word_1_22' title='bbox 873 612 1248 685; x_wconf 78' lang='grc' dir='ltr'>περιεσόμεθα</span> <span class='ocrx_word' id='word_1_23' title='bbox 1292 631 1421 667; x_wconf 86' lang='grc' dir='ltr'>ποτε</span> <span class='ocrx_word' id='word_1_24' title='bbox 1474 616 1812 685; x_wconf 81' lang='grc' dir='ltr'>έπιθυμίας;</span> 
     </span>
    </p>
   </div>
   <div class='ocr_carea' id='block_1_7' title="bbox 242 703 1815 776">
    <p class='ocr_par' dir='ltr' id='par_1_7' title="bbox 242 703 1815 776">
     <span class='ocr_line' id='line_1_7' title="bbox 242 703 1815 776; baseline 0 -16"><span class='ocrx_word' id='word_1_25' title='bbox 242 706 366 761; x_wconf 75' lang='grc' dir='ltr'>ἀλλὰ</span> <span class='ocrx_word' id='word_1_26' title='bbox 395 703 739 776; x_wconf 76' lang='grc' dir='ltr'><strong>δοξομανίας,</strong></span> <span class='ocrx_word' id='word_1_27' title='bbox 774 705 951 775; x_wconf 85' lang='grc' dir='ltr'>θυμοῦ</span> <span class='ocrx_word' id='word_1_28' title='bbox 985 705 1018 774; x_wconf 78' lang='grc' dir='ltr'>ἢ</span> <span class='ocrx_word' id='word_1_29' title='bbox 1047 704 1222 775; x_wconf 80' lang='grc' dir='ltr'>ὀργῆς</span> <span class='ocrx_word' id='word_1_30' title='bbox 1250 723 1264 771; x_wconf 89' lang='grc'><strong>;</strong></span> <span class='ocrx_word' id='word_1_31' title='bbox 1300 706 1411 760; x_wconf 78' lang='grc' dir='ltr'>Καὶ</span> <span class='ocrx_word' id='word_1_32' title='bbox 1464 706 1583 769; x_wconf 82' lang='grc' dir='ltr'><strong>πῶς</strong></span> <span class='ocrx_word' id='word_1_33' title='bbox 1612 708 1679 761; x_wconf 76' lang='grc' dir='ltr'>ἄν</span> <span class='ocrx_word' id='word_1_34' title='bbox 1736 725 1815 770; x_wconf 86' lang='grc' dir='ltr'><strong>τις</strong></span> 
     </span>
    </p>
   </div>
   <div class='ocr_carea' id='block_1_8' title="bbox 244 797 1821 869">
    <p class='ocr_par' dir='ltr' id='par_1_8' title="bbox 244 797 1821 869">
     <span class='ocr_line' id='line_1_8' title="bbox 244 797 1821 869; baseline 0.001 -17"><span class='ocrx_word' id='word_1_35' title='bbox 244 798 525 867; x_wconf 73' lang='grc' dir='ltr'>πεισθείης</span> <span class='ocrx_word' id='word_1_36' title='bbox 566 798 868 866; x_wconf 66' lang='grc' dir='ltr'>ἐπιθυμίας</span> <span class='ocrx_word' id='word_1_37' title='bbox 905 797 1006 865; x_wconf 67' lang='grc' dir='ltr'>μὲν</span> <span class='ocrx_word' id='word_1_38' title='bbox 1040 798 1149 869; x_wconf 85' lang='grc' dir='ltr'>γὰρ</span> <span class='ocrx_word' id='word_1_39' title='bbox 1184 798 1347 851; x_wconf 74' lang='grc' dir='ltr'>ἕνεκα</span> <span class='ocrx_word' id='word_1_40' title='bbox 1398 798 1501 868; x_wconf 83' lang='grc' dir='ltr'>τῆς</span> <span class='ocrx_word' id='word_1_41' title='bbox 1559 799 1671 853; x_wconf 84' lang='grc' dir='ltr'><strong>τῶν</strong></span> <span class='ocrx_word' id='word_1_42' title='bbox 1716 817 1821 852; x_wconf 86' lang='grc' dir='ltr'>σω-</span> 
     </span>
    </p>
   </div>
   <div class='ocr_carea' id='block_1_9' title="bbox 246 887 1819 959">
    <p class='ocr_par' dir='ltr' id='par_1_9' title="bbox 246 887 1819 959">
     <span class='ocr_line' id='line_1_9' title="bbox 246 887 1819 959; baseline -0.001 -18"><span class='ocrx_word' id='word_1_43' title='bbox 246 890 420 959; x_wconf 73' lang='grc' dir='ltr'>μάτων</span> <span class='ocrx_word' id='word_1_44' title='bbox 451 890 547 942; x_wconf 73' lang='grc' dir='ltr'>καὶ</span> <span class='ocrx_word' id='word_1_45' title='bbox 572 887 744 957; x_wconf 85' lang='grc' dir='ltr'>θυμοῦ</span> <span class='ocrx_word' id='word_1_46' title='bbox 771 889 864 940; x_wconf 77' lang='grc' dir='ltr'>καὶ</span> <span class='ocrx_word' id='word_1_47' title='bbox 896 888 1067 958; x_wconf 79' lang='grc' dir='ltr'>ὀργῆς</span> <span class='ocrx_word' id='word_1_48' title='bbox 1087 888 1277 942; x_wconf 62' lang='grc' dir='ltr'><strong>πολλοὶ⁹</strong></span> <span class='ocrx_word' id='word_1_49' title='bbox 1325 888 1421 941; x_wconf 72' lang='grc' dir='ltr'>καὶ</span> <span class='ocrx_word' id='word_1_50' title='bbox 1463 891 1563 957; x_wconf 77' lang='grc' dir='ltr'>τῆς</span> <span class='ocrx_word' id='word_1_51' title='bbox 1618 890 1819 959; x_wconf 79' lang='grc' dir='ltr'>σαρκὸς</span> 
     </span>
    </p>
   </div>
   <div class='ocr_carea' id='block_1_10' title="bbox 244 980 1817 1050">
    <p class='ocr_par' dir='ltr' id='par_1_10' title="bbox 244 980 1817 1050">
     <span class='ocr_line' id='line_1_10' title="bbox 244 980 1817 1050; baseline 0 -17"><span class='ocrx_word' id='word_1_52' title='bbox 244 981 336 1048; x_wconf 77' lang='grc' dir='ltr'>τὴν</span> <span class='ocrx_word' id='word_1_53' title='bbox 366 980 719 1046; x_wconf 84' lang='grc' dir='ltr'>κατασκευὴν</span> <span class='ocrx_word' id='word_1_54' title='bbox 748 980 1085 1048; x_wconf 77' lang='grc' dir='ltr'>λογίζονται,</span> <span class='ocrx_word' id='word_1_55' title='bbox 1124 982 1223 1033; x_wconf 77' lang='grc' dir='ltr'>καὶ</span> <span class='ocrx_word' id='word_1_56' title='bbox 1251 980 1352 1043; x_wconf 81' lang='grc' dir='ltr'>τὰς</span> <span class='ocrx_word' id='word_1_57' title='bbox 1386 980 1701 1050; x_wconf 75' lang='grc' dir='ltr'>ὑπερϐολὰς</span> <span class='ocrx_word' id='word_1_58' title='bbox 1723 982 1817 1033; x_wconf 86' lang='grc' dir='ltr'><strong>ἁν-</strong></span> 
     </span>
    </p>
   </div>
   <div class='ocr_carea' id='block_1_11' title="bbox 243 1071 1820 1142">
    <p class='ocr_par' dir='ltr' id='par_1_11' title="bbox 243 1071 1820 1142">
     <span class='ocr_line' id='line_1_11' title="bbox 243 1071 1820 1142; baseline -0.001 -17"><span class='ocrx_word' id='word_1_59' title='bbox 243 1072 532 1125; x_wconf 82' lang='grc' dir='ltr'>τιτιθὲασιν</span> <span class='ocrx_word' id='word_1_60' title='bbox 571 1072 771 1142; x_wconf 82' lang='grc' dir='ltr'>ίατρῶν</span> <span class='ocrx_word' id='word_1_61' title='bbox 799 1072 991 1134; x_wconf 82' lang='grc' dir='ltr'>παίδες</span> <span class='ocrx_word' id='word_1_62' title='bbox 1024 1082 1043 1102; x_wconf 73' lang='grc'><strong><em>⁸</em></strong></span> <span class='ocrx_word' id='word_1_63' title='bbox 1090 1072 1188 1125; x_wconf 81' lang='grc' dir='ltr'>καὶ</span> <span class='ocrx_word' id='word_1_64' title='bbox 1229 1071 1323 1127; x_wconf 79' lang='grc' dir='ltr'>τὸν</span> <span class='ocrx_word' id='word_1_65' title='bbox 1350 1072 1449 1140; x_wconf 68' lang='grc' dir='ltr'>μιν</span> <span class='ocrx_word' id='word_1_66' title='bbox 1488 1071 1820 1142; x_wconf 87' lang='grc' dir='ltr'>θερμότερον</span> 
     </span>
    </p>
   </div>
   <div class='ocr_carea' id='block_1_12' title="bbox 246 1158 1823 1235">
    <p class='ocr_par' dir='ltr' id='par_1_12' title="bbox 246 1158 1823 1235">
     <span class='ocr_line' id='line_1_12' title="bbox 246 1158 1823 1235; baseline 0.001 -20"><span class='ocrx_word' id='word_1_67' title='bbox 246 1165 337 1218; x_wconf 77' lang='grc' dir='ltr'>καὶ</span> <span class='ocrx_word' id='word_1_68' title='bbox 364 1164 666 1235; x_wconf 84' lang='grc' dir='ltr'><strong>ὑγρότερον</strong></span> <span class='ocrx_word' id='word_1_69' title='bbox 698 1163 1030 1233; x_wconf 81' lang='grc' dir='ltr'>λαγνότερον</span> <span class='ocrx_word' id='word_1_70' title='bbox 1062 1158 1205 1217; x_wconf 79' lang='grc' dir='ltr'>εἶναί</span> <span class='ocrx_word' id='word_1_71' title='bbox 1254 1181 1410 1232; x_wconf 83' lang='grc' dir='ltr'>φασι,</span> <span class='ocrx_word' id='word_1_72' title='bbox 1438 1164 1532 1217; x_wconf 71' lang='grc' dir='ltr'><strong>τὸν</strong></span> <span class='ocrx_word' id='word_1_73' title='bbox 1576 1164 1633 1217; x_wconf 73' lang='grc' dir='ltr'>δὲ</span> <span class='ocrx_word' id='word_1_74' title='bbox 1683 1164 1823 1235; x_wconf 77' lang='grc' dir='ltr'>πρὸς</span> 
     </span>
    </p>
   </div>
   <div class='ocr_carea' id='block_1_13' title="bbox 251 1254 1822 1325">
    <p class='ocr_par' dir='ltr' id='par_1_13' title="bbox 251 1254 1822 1325">
     <span class='ocr_line' id='line_1_13' title="bbox 251 1254 1822 1325; baseline 0.001 -19"><span class='ocrx_word' id='word_1_75' title='bbox 251 1255 546 1325; x_wconf 80' lang='grc' dir='ltr'>ξηροτέραν</span> <span class='ocrx_word' id='word_1_76' title='bbox 564 1256 877 1322; x_wconf 62' lang='grc' dir='ltr'>ἔμπεσόντα</span> <span class='ocrx_word' id='word_1_77' title='bbox 903 1255 1242 1325; x_wconf 71' lang='grc' dir='ltr'>δυσκρασίαν</span> <span class='ocrx_word' id='word_1_78' title='bbox 1277 1254 1574 1325; x_wconf 79' lang='grc' dir='ltr'>ἀκρόχολον</span> <span class='ocrx_word' id='word_1_79' title='bbox 1603 1256 1700 1309; x_wconf 71' lang='grc' dir='ltr'>καὶ</span> <span class='ocrx_word' id='word_1_80' title='bbox 1731 1256 1822 1309; x_wconf 85' lang='grc' dir='ltr'>θυ-</span> 
     </span>
    </p>
   </div>
   <div class='ocr_carea' id='block_1_14' title="bbox 250 1344 1821 1418">
    <p class='ocr_par' dir='ltr' id='par_1_14' title="bbox 250 1344 1821 1418">
     <span class='ocr_line' id='line_1_14' title="bbox 250 1344 1821 1418; baseline -0.001 -19"><span class='ocrx_word' id='word_1_81' title='bbox 250 1344 412 1417; x_wconf 79' lang='grc' dir='ltr'>μώδη.</span> <span class='ocrx_word' id='word_1_82' title='bbox 432 1346 823 1418; x_wconf 76' lang='grc' dir='ltr'>Φυλαργυρίας</span> <span class='ocrx_word' id='word_1_83' title='bbox 855 1346 914 1400; x_wconf 68' lang='grc' dir='ltr'>δὲ</span> <span class='ocrx_word' id='word_1_84' title='bbox 941 1347 1128 1401; x_wconf 71' lang='grc' dir='ltr'>ἕνεκεν</span> <span class='ocrx_word' id='word_1_85' title='bbox 1159 1346 1338 1410; x_wconf 69' lang='grc' dir='ltr'>οὖδεὶς</span> <span class='ocrx_word' id='word_1_86' title='bbox 1357 1347 1613 1401; x_wconf 81' lang='grc' dir='ltr'>οὐδέποτε</span> <span class='ocrx_word' id='word_1_87' title='bbox 1638 1346 1821 1401; x_wconf 81' lang='grc' dir='ltr'>αὐτῶν</span> 
     </span>
    </p>
   </div>
   <div class='ocr_carea' id='block_1_15' title="bbox 250 1436 1823 1507">
    <p class='ocr_par' dir='ltr' id='par_1_15' title="bbox 250 1436 1823 1507">
     <span class='ocr_line' id='line_1_15' title="bbox 250 1436 1823 1507; baseline 0.002 -20"><span class='ocrx_word' id='word_1_88' title='bbox 250 1437 469 1506; x_wconf 70' lang='grc' dir='ltr'>ηκουσεν</span> <span class='ocrx_word' id='word_1_89' title='bbox 498 1437 804 1506; x_wconf 77' lang='grc' dir='ltr'>είρηκότων</span> <span class='ocrx_word' id='word_1_90' title='bbox 832 1453 888 1490; x_wconf 85' lang='grc' dir='ltr'><strong>τι</strong></span> <span class='ocrx_word' id='word_1_91' title='bbox 919 1436 1180 1490; x_wconf 88' lang='grc' dir='ltr'>τοιοῦτον.</span> <span class='ocrx_word' id='word_1_92' title='bbox 1227 1436 1385 1491; x_wconf 80' lang='grc' dir='ltr'>οὕτω</span> <span class='ocrx_word' id='word_1_93' title='bbox 1418 1436 1690 1507; x_wconf 76' lang='grc' dir='ltr'>ῥᾳθυμίας</span> <span class='ocrx_word' id='word_1_94' title='bbox 1724 1437 1823 1506; x_wconf 89' lang='grc' dir='ltr'>μό-</span> 
     </span>
    </p>
   </div>
   <div class='ocr_carea' id='block_1_16' title="bbox 248 1525 1819 1599">
    <p class='ocr_par' dir='ltr' id='par_1_16' title="bbox 248 1525 1819 1599">
     <span class='ocr_line' id='line_1_16' title="bbox 248 1525 1819 1599; baseline 0.003 -22"><span class='ocrx_word' id='word_1_95' title='bbox 248 1542 339 1593; x_wconf 86' lang='grc' dir='ltr'><strong>νης</strong></span> <span class='ocrx_word' id='word_1_96' title='bbox 370 1526 491 1579; x_wconf 77' lang='grc' dir='ltr'>ἐστὶ</span> <span class='ocrx_word' id='word_1_97' title='bbox 524 1527 621 1579; x_wconf 82' lang='grc' dir='ltr'>καὶ</span> <span class='ocrx_word' id='word_1_98' title='bbox 662 1526 843 1597; x_wconf 81' lang='grc' dir='ltr'>ψυχῆς</span> <span class='ocrx_word' id='word_1_99' title='bbox 897 1527 1211 1597; x_wconf 80' lang='grc' dir='ltr'>ἀναλγήτου</span> <span class='ocrx_word' id='word_1_100' title='bbox 1265 1525 1424 1580; x_wconf 76' lang='grc' dir='ltr'>τοῦτο</span> <span class='ocrx_word' id='word_1_101' title='bbox 1478 1527 1539 1580; x_wconf 80' lang='grc' dir='ltr'><strong>τδ</strong></span> <span class='ocrx_word' id='word_1_102' title='bbox 1586 1528 1819 1599; x_wconf 87' lang='grc' dir='ltr'>νόσημα,</span> 
     </span>
    </p>
   </div>
   <div class='ocr_carea' id='block_1_17' title="bbox 246 1617 1607 1691">
    <p class='ocr_par' dir='ltr' id='par_1_17' title="bbox 246 1617 1607 1691">
     <span class='ocr_line' id='line_1_17' title="bbox 246 1617 1607 1691; baseline 0.004 -21"><span class='ocrx_word' id='word_1_103' title='bbox 246 1618 336 1671; x_wconf 76' lang='grc' dir='ltr'>καὶ</span> <span class='ocrx_word' id='word_1_104' title='bbox 356 1617 584 1673; x_wconf 81' lang='grc' dir='ltr'>δυνατὸν</span> <span class='ocrx_word' id='word_1_105' title='bbox 603 1620 763 1673; x_wconf 84' lang='grc' dir='ltr'>τοῦτο</span> <span class='ocrx_word' id='word_1_106' title='bbox 797 1622 993 1688; x_wconf 78' lang='grc' dir='ltr'>φυγεῖν</span> <span class='ocrx_word' id='word_1_107' title='bbox 1023 1621 1195 1691; x_wconf 80' lang='grc' dir='ltr'>ἡμᾶς,</span> <span class='ocrx_word' id='word_1_108' title='bbox 1245 1620 1311 1674; x_wconf 80' lang='grc' dir='ltr'><strong>ἃν</strong></span> <span class='ocrx_word' id='word_1_109' title='bbox 1341 1620 1607 1691; x_wconf 78' lang='grc' dir='ltr'><strong>θέλωμεν.</strong></span> 
     </span>
    </p>
   </div>
   <div class='ocr_carea' id='block_1_18' title="bbox 311 1706 1821 1780">
    <p class='ocr_par' dir='ltr' id='par_1_18' title="bbox 311 1706 1821 1780">
     <span class='ocr_line' id='line_1_18' title="bbox 311 1706 1821 1780; baseline 0.003 -20"><span class='ocrx_word' id='word_1_110' title='bbox 311 1706 400 1776; x_wconf 68' lang='grc' dir='ltr'>ιγ’.</span> <span class='ocrx_word' id='word_1_111' title='bbox 431 1708 840 1778; x_wconf 77' lang='grc' dir='ltr'><strong>Σπουδάσωμεν</strong></span> <span class='ocrx_word' id='word_1_112' title='bbox 870 1709 1187 1780; x_wconf 86' lang='grc' dir='ltr'>τοιγαροῦν,</span> <span class='ocrx_word' id='word_1_113' title='bbox 1220 1711 1517 1778; x_wconf 71' lang='grc' dir='ltr'>ἀγαπητοὶ,</span> <span class='ocrx_word' id='word_1_114' title='bbox 1550 1709 1645 1763; x_wconf 80' lang='grc' dir='ltr'>καὶ</span> <span class='ocrx_word' id='word_1_115' title='bbox 1694 1708 1821 1764; x_wconf 85' lang='grc' dir='ltr'>τοῦ·</span> 
     </span>
    </p>
   </div>
   <div class='ocr_carea' id='block_1_19' title="bbox 242 1800 1819 1873">
    <p class='ocr_par' dir='ltr' id='par_1_19' title="bbox 242 1800 1819 1873">
     <span class='ocr_line' id='line_1_19' title="bbox 242 1800 1819 1873; baseline 0 -19"><span class='ocrx_word' id='word_1_116' title='bbox 242 1816 300 1854; x_wconf 87' lang='grc' dir='ltr'><strong>το</strong></span> <span class='ocrx_word' id='word_1_117' title='bbox 320 1800 748 1872; x_wconf 85' lang='grc' dir='ltr'>διορθώσασθαι,</span> <span class='ocrx_word' id='word_1_118' title='bbox 780 1803 876 1856; x_wconf 75' lang='grc' dir='ltr'>καὶ</span> <span class='ocrx_word' id='word_1_119' title='bbox 911 1801 981 1855; x_wconf 84' lang='grc' dir='ltr'><strong>τὰ</strong></span> <span class='ocrx_word' id='word_1_120' title='bbox 1011 1801 1137 1855; x_wconf 76' lang='grc' dir='ltr'>καθ’</span> <span class='ocrx_word' id='word_1_121' title='bbox 1164 1800 1404 1872; x_wconf 76' lang='grc' dir='ltr'>ἑκάστην</span> <span class='ocrx_word' id='word_1_122' title='bbox 1431 1801 1651 1872; x_wconf 74' lang='grc' dir='ltr'>ἠλικίαν</span> <span class='ocrx_word' id='word_1_123' title='bbox 1684 1804 1819 1873; x_wconf 82' lang='grc' dir='ltr'>ὴμίν</span> 
     </span>
    </p>
   </div>
   <div class='ocr_carea' id='block_1_20' title="bbox 1924 616 3498 688">
    <p class='ocr_par' dir='ltr' id='par_1_20' title="bbox 1924 616 3498 688">
     <span class='ocr_line' id='line_1_20' title="bbox 1924 616 3498 688; baseline -0.001 -18"><span class='ocrx_word' id='word_1_124' title='bbox 1924 632 2131 673; x_wconf 89' lang='lat' dir='ltr'><strong>nemus.</strong></span> <span class='ocrx_word' id='word_1_125' title='bbox 2172 633 2465 688; x_wconf 85' lang='lat' dir='ltr'><strong>quamnam</strong></span> <span class='ocrx_word' id='word_1_126' title='bbox 2500 632 2737 687; x_wconf 85' lang='lat' dir='ltr'><strong>unquam</strong></span> <span class='ocrx_word' id='word_1_127' title='bbox 2764 618 3049 673; x_wconf 83' lang='lat' dir='ltr'><strong>vincemus</strong></span> <span class='ocrx_word' id='word_1_128' title='bbox 3076 619 3237 673; x_wconf 79' lang='lat' dir='ltr'><strong>aliam</strong></span> <span class='ocrx_word' id='word_1_129' title='bbox 3281 616 3498 685; x_wconf 87' lang='lat' dir='ltr'><strong>cupidi-</strong></span> 
     </span>
    </p>
   </div>
   <div class='ocr_carea' id='block_1_21' title="bbox 1923 710 3495 779">
    <p class='ocr_par' dir='ltr' id='par_1_21' title="bbox 1923 710 3495 779">
     <span class='ocr_line' id='line_1_21' title="bbox 1923 710 3495 779; baseline -0.001 -17"><span class='ocrx_word' id='word_1_130' title='bbox 1923 711 2135 764; x_wconf 80' lang='lat' dir='ltr'><strong>tatem?</strong></span> <span class='ocrx_word' id='word_1_131' title='bbox 2165 726 2294 764; x_wconf 90' lang='lat' dir='ltr'><strong>num</strong></span> <span class='ocrx_word' id='word_1_132' title='bbox 2349 710 2578 779; x_wconf 67' lang='lat' dir='ltr'><strong>gloriae?</strong></span> <span class='ocrx_word' id='word_1_133' title='bbox 2611 726 2738 764; x_wconf 92' lang='lat' dir='ltr'><strong>num</strong></span> <span class='ocrx_word' id='word_1_134' title='bbox 2785 712 2952 766; x_wconf 90' lang='lat' dir='ltr'><strong>animi</strong></span> <span class='ocrx_word' id='word_1_135' title='bbox 2984 710 3342 767; x_wconf 68' lang='lat' dir='ltr'><strong>vehementia:</strong></span> <span class='ocrx_word' id='word_1_136' title='bbox 3399 718 3495 762; x_wconf 89' lang='lat' dir='ltr'><strong>aut</strong></span> 
     </span>
    </p>
   </div>
   <div class='ocr_carea' id='block_1_22' title="bbox 1921 800 3497 872">
    <p class='ocr_par' dir='ltr' id='par_1_22' title="bbox 1921 800 3497 872">
     <span class='ocr_line' id='line_1_22' title="bbox 1921 800 3497 872; baseline -0.001 -18"><span class='ocrx_word' id='word_1_137' title='bbox 1921 800 2045 855; x_wconf 65' lang='lat' dir='ltr'><strong>irai?</strong></span> <span class='ocrx_word' id='word_1_138' title='bbox 2080 801 2213 868; x_wconf 82' lang='lat' dir='ltr'><strong>Quis</strong></span> <span class='ocrx_word' id='word_1_139' title='bbox 2263 803 2314 857; x_wconf 88' lang='lat' dir='ltr'><strong>id</strong></span> <span class='ocrx_word' id='word_1_140' title='bbox 2351 801 2577 856; x_wconf 78' lang='lat' dir='ltr'><strong>Credat?</strong></span> <span class='ocrx_word' id='word_1_141' title='bbox 2621 801 2987 869; x_wconf 85' lang='lat' dir='ltr'><strong>Cupiditatem</strong></span> <span class='ocrx_word' id='word_1_142' title='bbox 3033 802 3252 872; x_wconf 87' lang='lat' dir='ltr'><strong>quidem</strong></span> <span class='ocrx_word' id='word_1_143' title='bbox 3300 813 3497 869; x_wconf 84' lang='lat' dir='ltr'><strong>corpo-</strong></span> 
     </span>
    </p>
   </div>
   <div class='ocr_carea' id='block_1_23' title="bbox 1921 879 3593 959">
    <p class='ocr_par' dir='ltr' id='par_1_23' title="bbox 1921 879 3593 959">
     <span class='ocr_line' id='line_1_23' title="bbox 1921 879 3593 959; baseline -0.001 -14"><span class='ocrx_word' id='word_1_144' title='bbox 1921 908 2067 959; x_wconf 89' lang='lat' dir='ltr'><strong>rum,</strong></span> <span class='ocrx_word' id='word_1_145' title='bbox 2124 902 2178 947; x_wconf 89' lang='lat' dir='ltr'><strong>et</strong></span> <span class='ocrx_word' id='word_1_146' title='bbox 2234 893 2401 946; x_wconf 87' lang='lat' dir='ltr'><strong>animi</strong></span> <span class='ocrx_word' id='word_1_147' title='bbox 2439 893 2864 955; x_wconf 87' lang='lat' dir='ltr'><strong>vehementiam,</strong></span> <span class='ocrx_word' id='word_1_148' title='bbox 2900 901 2957 947; x_wconf 83' lang='lat' dir='ltr'><strong>et</strong></span> <span class='ocrx_word' id='word_1_149' title='bbox 3006 893 3167 955; x_wconf 85' lang='lat' dir='ltr'><strong>iram,</strong></span> <span class='ocrx_word' id='word_1_150' title='bbox 3226 891 3383 945; x_wconf 86' lang='lat' dir='ltr'><strong>multi</strong></span> <span class='ocrx_word' id='word_1_151' title='bbox 3438 891 3493 944; x_wconf 91' lang='lat' dir='ltr'><strong>in</strong></span> <span class='ocrx_word' id='word_1_152' title='bbox 3582 879 3593 890; x_wconf 81' lang='grc'><strong>’</strong></span> 
     </span>
    </p>
   </div>
   <div class='ocr_carea' id='block_1_24' title="bbox 1922 984 3497 1054">
    <p class='ocr_par' dir='ltr' id='par_1_24' title="bbox 1922 984 3497 1054">
     <span class='ocr_line' id='line_1_24' title="bbox 1922 984 3497 1054; baseline -0.002 -16"><span class='ocrx_word' id='word_1_153' title='bbox 1922 984 2103 1038; x_wconf 82' lang='lat' dir='ltr'><strong>carnis</strong></span> <span class='ocrx_word' id='word_1_154' title='bbox 2129 993 2379 1039; x_wconf 89' lang='lat' dir='ltr'><strong>naturam</strong></span> <span class='ocrx_word' id='word_1_155' title='bbox 2408 984 2720 1048; x_wconf 88' lang='lat' dir='ltr'><strong>conferunt,</strong></span> <span class='ocrx_word' id='word_1_156' title='bbox 2754 1000 2917 1054; x_wconf 90' lang='lat' dir='ltr'><strong>quam</strong></span> <span class='ocrx_word' id='word_1_157' title='bbox 2940 1000 3068 1039; x_wconf 86' lang='lat' dir='ltr'><strong>rem</strong></span> <span class='ocrx_word' id='word_1_158' title='bbox 3108 984 3305 1039; x_wconf 89' lang='lat' dir='ltr'><strong>medici</strong></span> <span class='ocrx_word' id='word_1_159' title='bbox 3335 1000 3497 1051; x_wconf 71' lang='lat' dir='ltr'><strong>evag-</strong></span> 
     </span>
    </p>
   </div>
   <div class='ocr_carea' id='block_1_25' title="bbox 1923 1074 3494 1145">
    <p class='ocr_par' dir='ltr' id='par_1_25' title="bbox 1923 1074 3494 1145">
     <span class='ocr_line' id='line_1_25' title="bbox 1923 1074 3494 1145; baseline 0 -18"><span class='ocrx_word' id='word_1_160' title='bbox 1923 1082 2145 1144; x_wconf 78' lang='lat' dir='ltr'><strong>gerant:</strong></span> <span class='ocrx_word' id='word_1_161' title='bbox 2180 1084 2233 1129; x_wconf 91' lang='lat' dir='ltr'><strong>et</strong></span> <span class='ocrx_word' id='word_1_162' title='bbox 2262 1091 2387 1130; x_wconf 89' lang='lat' dir='ltr'><strong>cum</strong></span> <span class='ocrx_word' id='word_1_163' title='bbox 2414 1078 2505 1145; x_wconf 88' lang='lat' dir='ltr'><strong>qui</strong></span> <span class='ocrx_word' id='word_1_164' title='bbox 2537 1077 2607 1129; x_wconf 85' lang='lat' dir='ltr'><strong>sit</strong></span> <span class='ocrx_word' id='word_1_165' title='bbox 2643 1075 2872 1130; x_wconf 83' lang='lat' dir='ltr'><strong>calidior</strong></span> <span class='ocrx_word' id='word_1_166' title='bbox 2921 1075 3289 1136; x_wconf 88' lang='lat' dir='ltr'><strong>humidiorve.</strong></span> <span class='ocrx_word' id='word_1_167' title='bbox 3333 1074 3494 1128; x_wconf 79' lang='lat' dir='ltr'><strong>lasci-</strong></span> 
     </span>
    </p>
   </div>
   <div class='ocr_carea' id='block_1_26' title="bbox 1920 1166 3498 1234">
    <p class='ocr_par' dir='ltr' id='par_1_26' title="bbox 1920 1166 3498 1234">
     <span class='ocr_line' id='line_1_26' title="bbox 1920 1166 3498 1234; baseline 0 -16"><span class='ocrx_word' id='word_1_168' title='bbox 1920 1166 2130 1219; x_wconf 88' lang='lat' dir='ltr'><strong>viorem</strong></span> <span class='ocrx_word' id='word_1_169' title='bbox 2177 1181 2297 1220; x_wconf 90' lang='lat' dir='ltr'><strong>esse</strong></span> <span class='ocrx_word' id='word_1_170' title='bbox 2340 1168 2493 1221; x_wconf 90' lang='lat' dir='ltr'><strong>aiunt</strong></span> <span class='ocrx_word' id='word_1_171' title='bbox 2525 1184 2539 1220; x_wconf 87' lang='lat'><strong>:</strong></span> <span class='ocrx_word' id='word_1_172' title='bbox 2588 1179 2643 1220; x_wconf 92' lang='lat' dir='ltr'><strong>at</strong></span> <span class='ocrx_word' id='word_1_173' title='bbox 2683 1168 2970 1221; x_wconf 85' lang='lat' dir='ltr'><strong>sicciorem</strong></span> <span class='ocrx_word' id='word_1_174' title='bbox 3008 1167 3262 1221; x_wconf 90' lang='lat' dir='ltr'><strong>sortitum</strong></span> <span class='ocrx_word' id='word_1_175' title='bbox 3294 1173 3498 1234; x_wconf 55' lang='lat' dir='ltr'><strong>tempe.</strong></span> 
     </span>
    </p>
   </div>
   <div class='ocr_carea' id='block_1_27' title="bbox 1924 1257 3498 1323">
    <p class='ocr_par' dir='ltr' id='par_1_27' title="bbox 1924 1257 3498 1323">
     <span class='ocr_line' id='line_1_27' title="bbox 1924 1257 3498 1323; baseline 0 -14"><span class='ocrx_word' id='word_1_176' title='bbox 1924 1258 2215 1323; x_wconf 85' lang='lat' dir='ltr'><strong>rationem,</strong></span> <span class='ocrx_word' id='word_1_177' title='bbox 2248 1257 2569 1313; x_wconf 87' lang='lat' dir='ltr'><strong>irritabilem</strong></span> <span class='ocrx_word' id='word_1_178' title='bbox 2618 1258 2734 1313; x_wconf 91' lang='lat' dir='ltr'><strong>fore</strong></span> <span class='ocrx_word' id='word_1_179' title='bbox 2787 1267 2843 1313; x_wconf 89' lang='lat' dir='ltr'><strong>et</strong></span> <span class='ocrx_word' id='word_1_180' title='bbox 2888 1257 3237 1312; x_wconf 89' lang='lat' dir='ltr'><strong>iracundum.</strong></span> <span class='ocrx_word' id='word_1_181' title='bbox 3273 1258 3498 1311; x_wconf 77' lang='lat' dir='ltr'><strong>Verum-</strong></span> 
     </span>
    </p>
   </div>
   <div class='ocr_carea' id='block_1_28' title="bbox 1924 1347 3497 1421">
    <p class='ocr_par' dir='ltr' id='par_1_28' title="bbox 1924 1347 3497 1421">
     <span class='ocr_line' id='line_1_28' title="bbox 1924 1347 3497 1421; baseline 0.001 -20"><span class='ocrx_word' id='word_1_182' title='bbox 1924 1358 2103 1402; x_wconf 88' lang='lat' dir='ltr'><strong>tamen</strong></span> <span class='ocrx_word' id='word_1_183' title='bbox 2151 1348 2219 1403; x_wconf 90' lang='lat' dir='ltr'><strong>de</strong></span> <span class='ocrx_word' id='word_1_184' title='bbox 2272 1349 2496 1403; x_wconf 86' lang='lat' dir='ltr'><strong>avaritia</strong></span> <span class='ocrx_word' id='word_1_185' title='bbox 2553 1350 2692 1404; x_wconf 87' lang='lat' dir='ltr'><strong>nihil</strong></span> <span class='ocrx_word' id='word_1_186' title='bbox 2753 1349 3068 1421; x_wconf 86' lang='lat' dir='ltr'><strong>hujusmodi</strong></span> <span class='ocrx_word' id='word_1_187' title='bbox 3116 1349 3186 1404; x_wconf 89' lang='lat' dir='ltr'><strong>ab</strong></span> <span class='ocrx_word' id='word_1_188' title='bbox 3240 1349 3327 1404; x_wconf 88' lang='lat' dir='ltr'><strong>his</strong></span> <span class='ocrx_word' id='word_1_189' title='bbox 3389 1347 3497 1404; x_wconf 91' lang='lat' dir='ltr'><strong>dici</strong></span> 
     </span>
    </p>
   </div>
   <div class='ocr_carea' id='block_1_29' title="bbox 1923 1438 3499 1508">
    <p class='ocr_par' dir='ltr' id='par_1_29' title="bbox 1923 1438 3499 1508">
     <span class='ocr_line' id='line_1_29' title="bbox 1923 1438 3499 1508; baseline 0 -18"><span class='ocrx_word' id='word_1_190' title='bbox 1923 1453 2163 1506; x_wconf 88' lang='lat' dir='ltr'><strong>unquam</strong></span> <span class='ocrx_word' id='word_1_191' title='bbox 2187 1450 2527 1508; x_wconf 90' lang='lat' dir='ltr'><strong>compertum</strong></span> <span class='ocrx_word' id='word_1_192' title='bbox 2566 1448 2669 1495; x_wconf 91' lang='lat' dir='ltr'><strong>est.</strong></span> <span class='ocrx_word' id='word_1_193' title='bbox 2706 1439 2858 1494; x_wconf 84' lang='lat' dir='ltr'><strong>Adeo</strong></span> <span class='ocrx_word' id='word_1_194' title='bbox 2892 1439 3063 1493; x_wconf 86' lang='lat' dir='ltr'><strong>solius</strong></span> <span class='ocrx_word' id='word_1_195' title='bbox 3119 1438 3383 1492; x_wconf 71' lang='lat' dir='ltr'><strong>socordiae</strong></span> <span class='ocrx_word' id='word_1_196' title='bbox 3416 1444 3499 1491; x_wconf 89' lang='lat' dir='ltr'><strong>est</strong></span> 
     </span>
    </p>
   </div>
   <div class='ocr_carea' id='block_1_30' title="bbox 1922 1530 3497 1606">
    <p class='ocr_par' dir='ltr' id='par_1_30' title="bbox 1922 1530 3497 1606">
     <span class='ocr_line' id='line_1_30' title="bbox 1922 1530 3497 1606; baseline -0.001 -24"><span class='ocrx_word' id='word_1_197' title='bbox 1922 1530 2228 1599; x_wconf 70' lang='lat' dir='ltr'><strong>animaeque</strong></span> <span class='ocrx_word' id='word_1_198' title='bbox 2280 1530 2507 1601; x_wconf 73' lang='lat' dir='ltr'><strong>ignaviae</strong></span> <span class='ocrx_word' id='word_1_199' title='bbox 2555 1531 2645 1587; x_wconf 89' lang='lat' dir='ltr'><strong>hic</strong></span> <span class='ocrx_word' id='word_1_200' title='bbox 2702 1531 2967 1599; x_wconf 87' lang='lat' dir='ltr'><strong>morbus,</strong></span> <span class='ocrx_word' id='word_1_201' title='bbox 3013 1545 3252 1600; x_wconf 90' lang='lat' dir='ltr'><strong>eumque</strong></span> <span class='ocrx_word' id='word_1_202' title='bbox 3300 1530 3497 1606; x_wconf 59' lang='lat' dir='ltr'><strong>vitare,</strong></span> 
     </span>
    </p>
   </div>
   <div class='ocr_carea' id='block_1_31' title="bbox 1922 1621 2558 1690">
    <p class='ocr_par' dir='ltr' id='par_1_31' title="bbox 1922 1621 2558 1690">
     <span class='ocr_line' id='line_1_31' title="bbox 1922 1621 2558 1690; baseline 0.005 -16"><span class='ocrx_word' id='word_1_203' title='bbox 1922 1621 2213 1690; x_wconf 77' lang='lat' dir='ltr'><strong>potestatis</strong></span> <span class='ocrx_word' id='word_1_204' title='bbox 2236 1630 2434 1677; x_wconf 66' lang='lat' dir='ltr'><strong>nostrae</strong></span> <span class='ocrx_word' id='word_1_205' title='bbox 2453 1633 2558 1679; x_wconf 90' lang='lat' dir='ltr'><strong>est.</strong></span> 
     </span>
    </p>
   </div>
   <div class='ocr_carea' id='block_1_32' title="bbox 1997 1710 3505 1783">
    <p class='ocr_par' dir='ltr' id='par_1_32' title="bbox 1997 1710 3505 1783">
     <span class='ocr_line' id='line_1_32' title="bbox 1997 1710 3505 1783; baseline -0.003 -18"><span class='ocrx_word' id='word_1_206' title='bbox 1997 1710 2083 1765; x_wconf 72' lang='grc'><strong>15.</strong></span> <span class='ocrx_word' id='word_1_207' title='bbox 2114 1710 2444 1767; x_wconf 88' lang='lat' dir='ltr'><strong>Studeamus</strong></span> <span class='ocrx_word' id='word_1_208' title='bbox 2484 1712 2690 1783; x_wconf 85' lang='lat' dir='ltr'><strong>itaque,</strong></span> <span class='ocrx_word' id='word_1_209' title='bbox 2746 1710 3077 1777; x_wconf 89' lang='lat' dir='ltr'><strong>charissimi,</strong></span> <span class='ocrx_word' id='word_1_210' title='bbox 3118 1710 3223 1765; x_wconf 90' lang='lat' dir='ltr'><strong>hoc</strong></span> <span class='ocrx_word' id='word_1_211' title='bbox 3278 1718 3505 1779; x_wconf 83' lang='lat' dir='ltr'><strong>quoque</strong></span> 
     </span>
    </p>
   </div>
   <div class='ocr_carea' id='block_1_33' title="bbox 1925 1801 3505 1875">
    <p class='ocr_par' dir='ltr' id='par_1_33' title="bbox 1925 1801 3505 1875">
     <span class='ocr_line' id='line_1_33' title="bbox 1925 1801 3505 1875; baseline -0.001 -18"><span class='ocrx_word' id='word_1_212' title='bbox 1925 1805 2217 1858; x_wconf 87' lang='lat' dir='ltr'><strong>emendare</strong></span> <span class='ocrx_word' id='word_1_213' title='bbox 2245 1803 2457 1871; x_wconf 90' lang='lat' dir='ltr'><strong>vitium,</strong></span> <span class='ocrx_word' id='word_1_214' title='bbox 2489 1814 2545 1860; x_wconf 90' lang='lat' dir='ltr'><strong>et</strong></span> <span class='ocrx_word' id='word_1_215' title='bbox 2577 1820 2670 1860; x_wconf 89' lang='lat' dir='ltr'><strong>eas</strong></span> <span class='ocrx_word' id='word_1_216' title='bbox 2698 1819 2819 1875; x_wconf 67' lang='lat' dir='ltr'><strong>quae</strong></span> <span class='ocrx_word' id='word_1_217' title='bbox 2868 1804 2923 1859; x_wconf 91' lang='lat' dir='ltr'><strong>in</strong></span> <span class='ocrx_word' id='word_1_218' title='bbox 2970 1804 3200 1874; x_wconf 74' lang='lat' dir='ltr'><strong>singulis</strong></span> <span class='ocrx_word' id='word_1_219' title='bbox 3245 1801 3505 1857; x_wconf 44' lang='lat' dir='ltr'><strong>aetatibus&quot;</strong></span> 
     </span>
    </p>
   </div>
   <div class='ocr_carea' id='block_1_34' title="bbox 247 1887 1834 1965">
    <p class='ocr_par' dir='ltr' id='par_1_34' title="bbox 247 1893 1823 1965">
     <span class='ocr_line' id='line_1_34' title="bbox 247 1893 1823 1965; baseline 0.001 -19"><span class='ocrx_word' id='word_1_220' title='bbox 247 1893 601 1963; x_wconf 68' lang='grc' dir='ltr'>ἐπιγινόμενα</span> <span class='ocrx_word' id='word_1_221' title='bbox 626 1894 774 1965; x_wconf 83' lang='grc' dir='ltr'>πάθη</span> <span class='ocrx_word' id='word_1_222' title='bbox 799 1897 937 1963; x_wconf 82' lang='grc' dir='ltr'>πρὸς</span> <span class='ocrx_word' id='word_1_223' title='bbox 969 1894 1031 1949; x_wconf 78' lang='grc' dir='ltr'>τὸ</span> <span class='ocrx_word' id='word_1_224' title='bbox 1056 1894 1300 1948; x_wconf 72' lang='grc' dir='ltr'>ἐναντίον</span> <span class='ocrx_word' id='word_1_225' title='bbox 1352 1894 1684 1963; x_wconf 83' lang='grc' dir='ltr'>μεταθεῖναι.</span> <span class='ocrx_word' id='word_1_226' title='bbox 1725 1896 1823 1948; x_wconf 75' lang='grc' dir='ltr'>Ἂν</span> 
     </span>
    </p>
   </div>
   <div class='ocr_carea' id='block_1_35' title="bbox 1940 1887 3499 1965">
    <p class='ocr_par' dir='ltr' id='par_1_35' title="bbox 1940 1893 3499 1965">
     <span class='ocr_line' id='line_1_35' title="bbox 1940 1893 3499 1965; baseline -0.002 -16"><span class='ocrx_word' id='word_1_227' title='bbox 1940 1893 2252 1949; x_wconf 71' lang='grc' dir='ltr'>ὼοτίιιηιιιτ</span> <span class='ocrx_word' id='word_1_228' title='bbox 2270 1894 2431 1950; x_wconf 85' lang='lat' dir='ltr'><strong>nobis</strong></span> <span class='ocrx_word' id='word_1_229' title='bbox 2448 1895 2799 1965; x_wconf 79' lang='lat' dir='ltr'><strong>cupiditates,</strong></span> <span class='ocrx_word' id='word_1_230' title='bbox 2819 1895 2876 1950; x_wconf 88' lang='lat' dir='ltr'><strong>in</strong></span> <span class='ocrx_word' id='word_1_231' title='bbox 2904 1895 3242 1951; x_wconf 88' lang='lat' dir='ltr'><strong>contrarium</strong></span> <span class='ocrx_word' id='word_1_232' title='bbox 3260 1904 3499 1948; x_wconf 84' lang='lat' dir='ltr'><strong>vertere.</strong></span> 
     </span>
    </p>
   </div>
   <div class='ocr_carea' id='block_1_36' title="bbox 246 1985 1824 2058">
    <p class='ocr_par' dir='ltr' id='par_1_36' title="bbox 246 1985 1824 2058">
     <span class='ocr_line' id='line_1_36' title="bbox 246 1985 1824 2058; baseline 0.003 -20"><span class='ocrx_word' id='word_1_233' title='bbox 246 1985 298 2038; x_wconf 61' lang='grc' dir='ltr'>δὲ</span> <span class='ocrx_word' id='word_1_234' title='bbox 320 1987 438 2039; x_wconf 84' lang='grc' dir='ltr'>καθ’</span> <span class='ocrx_word' id='word_1_235' title='bbox 460 1987 697 2041; x_wconf 70' lang='grc' dir='ltr'>ἕκαστον</span> <span class='ocrx_word' id='word_1_236' title='bbox 732 1988 901 2058; x_wconf 81' lang='grc' dir='ltr'>μέρος</span> <span class='ocrx_word' id='word_1_237' title='bbox 933 1987 1034 2057; x_wconf 86' lang='grc' dir='ltr'>τῆς</span> <span class='ocrx_word' id='word_1_238' title='bbox 1073 1987 1225 2058; x_wconf 71' lang='grc' dir='ltr'>ζωῆς</span> <span class='ocrx_word' id='word_1_239' title='bbox 1271 1987 1432 2057; x_wconf 73' lang='grc' dir='ltr'>ἡμῶν</span> <span class='ocrx_word' id='word_1_240' title='bbox 1487 1987 1824 2055; x_wconf 81' lang='grc' dir='ltr'>παραπλέω-</span> 
     </span>
    </p>
   </div>
   <div class='ocr_carea' id='block_1_37' title="bbox 250 2078 1825 2151">
    <p class='ocr_par' dir='ltr' id='par_1_37' title="bbox 250 2078 1825 2151">
     <span class='ocr_line' id='line_1_37' title="bbox 250 2078 1825 2151; baseline 0.001 -20"><span class='ocrx_word' id='word_1_241' title='bbox 250 2095 345 2148; x_wconf 87' lang='grc' dir='ltr'><strong>μεν</strong></span> <span class='ocrx_word' id='word_1_242' title='bbox 388 2081 519 2143; x_wconf 82' lang='grc' dir='ltr'>τοὺς</span> <span class='ocrx_word' id='word_1_243' title='bbox 569 2082 667 2151; x_wconf 77' lang='grc' dir='ltr'>τῆς</span> <span class='ocrx_word' id='word_1_244' title='bbox 713 2080 917 2149; x_wconf 80' lang='grc' dir='ltr'>ἀρετῆς</span> <span class='ocrx_word' id='word_1_245' title='bbox 973 2082 1194 2144; x_wconf 80' lang='grc' dir='ltr'>πόνους,</span> <span class='ocrx_word' id='word_1_246' title='bbox 1263 2078 1541 2149; x_wconf 80' lang='grc' dir='ltr'>πανταχοῦ</span> <span class='ocrx_word' id='word_1_247' title='bbox 1587 2081 1825 2147; x_wconf 81' lang='grc' dir='ltr'>ναυάγια</span> 
     </span>
    </p>
   </div>
   <div class='ocr_carea' id='block_1_38' title="bbox 250 2170 1827 2242">
    <p class='ocr_par' dir='ltr' id='par_1_38' title="bbox 250 2170 1827 2242">
     <span class='ocr_line' id='line_1_38' title="bbox 250 2170 1827 2242; baseline 0.001 -19"><span class='ocrx_word' id='word_1_248' title='bbox 250 2170 633 2240; x_wconf 78' lang='grc' dir='ltr'>ὑπομένοντες,</span> <span class='ocrx_word' id='word_1_249' title='bbox 670 2172 763 2225; x_wconf 75' lang='grc' dir='ltr'><strong>ἐπὶ</strong></span> <span class='ocrx_word' id='word_1_250' title='bbox 784 2172 876 2226; x_wconf 73' lang='grc' dir='ltr'><strong>τὸν</strong></span> <span class='ocrx_word' id='word_1_251' title='bbox 902 2170 1098 2241; x_wconf 81' lang='grc' dir='ltr'>λιμένα</span> <span class='ocrx_word' id='word_1_252' title='bbox 1127 2170 1319 2225; x_wconf 78' lang='grc' dir='ltr'>λοιπὸν</span> <span class='ocrx_word' id='word_1_253' title='bbox 1347 2171 1595 2235; x_wconf 68' lang='grc' dir='ltr'>ἐλθόντες</span> <span class='ocrx_word' id='word_1_254' title='bbox 1624 2170 1827 2242; x_wconf 81' lang='grc' dir='ltr'>ἔρημοι</span> 
     </span>
    </p>
   </div>
   <div class='ocr_carea' id='block_1_39' title="bbox 248 2261 1823 2333">
    <p class='ocr_par' dir='ltr' id='par_1_39' title="bbox 248 2261 1823 2333">
     <span class='ocr_line' id='line_1_39' title="bbox 248 2261 1823 2333; baseline 0 -18"><span class='ocrx_word' id='word_1_255' title='bbox 248 2262 484 2331; x_wconf 72' lang='grc' dir='ltr'>φορτίων</span> <span class='ocrx_word' id='word_1_256' title='bbox 529 2262 967 2333; x_wconf 74' lang='grc' dir='ltr'>πνευματικῶν,</span> <span class='ocrx_word' id='word_1_257' title='bbox 1026 2264 1095 2315; x_wconf 79' lang='grc' dir='ltr'>τὰ</span> <span class='ocrx_word' id='word_1_258' title='bbox 1148 2261 1355 2332; x_wconf 70' lang='grc' dir='ltr'>ισχατα</span> <span class='ocrx_word' id='word_1_259' title='bbox 1416 2261 1823 2332; x_wconf 71' lang='grc' dir='ltr'>ὑπομενοῦμεν.</span> 
     </span>
    </p>
   </div>
   <div class='ocr_carea' id='block_1_40' title="bbox 250 2352 1828 2432">
    <p class='ocr_par' dir='ltr' id='par_1_40' title="bbox 250 2352 1828 2432">
     <span class='ocr_line' id='line_1_40' title="bbox 250 2352 1828 2432; baseline 0.001 -26"><span class='ocrx_word' id='word_1_260' title='bbox 250 2352 486 2422; x_wconf 76' lang='grc' dir='ltr'>Πέλαγος</span> <span class='ocrx_word' id='word_1_261' title='bbox 543 2354 653 2426; x_wconf 81' lang='grc' dir='ltr'>γάρ</span> <span class='ocrx_word' id='word_1_262' title='bbox 710 2355 863 2408; x_wconf 71' lang='grc' dir='ltr'>ἐστιν</span> <span class='ocrx_word' id='word_1_263' title='bbox 894 2353 1196 2423; x_wconf 81' lang='grc' dir='ltr'>τεταμένον</span> <span class='ocrx_word' id='word_1_264' title='bbox 1245 2355 1273 2407; x_wconf 87' lang='grc' dir='ltr'><strong>ό</strong></span> <span class='ocrx_word' id='word_1_265' title='bbox 1308 2353 1500 2423; x_wconf 89' lang='grc' dir='ltr'>παρὼν</span> <span class='ocrx_word' id='word_1_266' title='bbox 1536 2352 1701 2432; x_wconf 49' lang='grc' dir='ltr'>βίον</span> <span class='ocrx_word' id='word_1_267' title='bbox 1732 2354 1828 2408; x_wconf 75' lang='grc' dir='ltr'>καὶ</span> 
     </span>
    </p>
   </div>
   <div class='ocr_carea' id='block_1_41' title="bbox 252 2438 1827 2513">
    <p class='ocr_par' dir='ltr' id='par_1_41' title="bbox 252 2438 1827 2513">
     <span class='ocr_line' id='line_1_41' title="bbox 252 2438 1827 2513; baseline 0.001 -21"><span class='ocrx_word' id='word_1_268' title='bbox 252 2438 432 2512; x_wconf 84' lang='grc' dir='ltr'>ὥσπερ</span> <span class='ocrx_word' id='word_1_269' title='bbox 453 2442 513 2494; x_wconf 75' lang='grc' dir='ltr'>ἑν</span> <span class='ocrx_word' id='word_1_270' title='bbox 546 2443 614 2511; x_wconf 80' lang='grc' dir='ltr'>τῇ</span> <span class='ocrx_word' id='word_1_271' title='bbox 635 2440 878 2513; x_wconf 77' lang='grc' dir='ltr'>θαλάττῃ</span> <span class='ocrx_word' id='word_1_272' title='bbox 908 2439 1081 2511; x_wconf 80' lang='grc' dir='ltr'>ταύτῃ</span> <span class='ocrx_word' id='word_1_273' title='bbox 1112 2440 1368 2513; x_wconf 72' lang='grc' dir='ltr'>διάφοροι</span> <span class='ocrx_word' id='word_1_274' title='bbox 1412 2440 1606 2495; x_wconf 82' lang='grc' dir='ltr'>κόλποι</span> <span class='ocrx_word' id='word_1_275' title='bbox 1638 2441 1827 2509; x_wconf 77' lang='grc' dir='ltr'>διαφό-</span> 
     </span>
    </p>
   </div>
   <div class='ocr_carea' id='block_1_42' title="bbox 256 2533 1831 2604">
    <p class='ocr_par' dir='ltr' id='par_1_42' title="bbox 256 2533 1831 2604">
     <span class='ocr_line' id='line_1_42' title="bbox 256 2533 1831 2604; baseline 0.001 -18"><span class='ocrx_word' id='word_1_276' title='bbox 256 2548 373 2603; x_wconf 85' lang='grc' dir='ltr'>ρους</span> <span class='ocrx_word' id='word_1_277' title='bbox 402 2533 623 2603; x_wconf 72' lang='grc' dir='ltr'>ἐχοντες</span> <span class='ocrx_word' id='word_1_278' title='bbox 644 2533 921 2604; x_wconf 86' lang='grc' dir='ltr'>χειμῶνας</span> <span class='ocrx_word' id='word_1_279' title='bbox 953 2549 968 2564; x_wconf 93' lang='grc'><strong>·</strong></span> <span class='ocrx_word' id='word_1_280' title='bbox 1013 2536 1109 2587; x_wconf 78' lang='grc' dir='ltr'>καὶ</span> <span class='ocrx_word' id='word_1_281' title='bbox 1131 2536 1158 2587; x_wconf 85' lang='grc' dir='ltr'>ὁ</span> <span class='ocrx_word' id='word_1_282' title='bbox 1188 2534 1289 2604; x_wconf 69' lang='grc' dir='ltr'>μὲν</span> <span class='ocrx_word' id='word_1_283' title='bbox 1340 2535 1563 2603; x_wconf 79' lang='grc' dir='ltr'>Αίγαϊος</span> <span class='ocrx_word' id='word_1_284' title='bbox 1617 2533 1709 2587; x_wconf 79' lang='grc' dir='ltr'><strong>διὰ</strong></span> <span class='ocrx_word' id='word_1_285' title='bbox 1761 2534 1831 2589; x_wconf 76' lang='grc' dir='ltr'>τὰ</span> 
     </span>
    </p>
   </div>
   <div class='ocr_carea' id='block_1_43' title="bbox 253 2625 1830 2699">
    <p class='ocr_par' dir='ltr' id='par_1_43' title="bbox 253 2625 1830 2699">
     <span class='ocr_line' id='line_1_43' title="bbox 253 2625 1830 2699; baseline 0.001 -21"><span class='ocrx_word' id='word_1_286' title='bbox 253 2625 541 2696; x_wconf 76' lang='grc' dir='ltr'>πνεύματά</span> <span class='ocrx_word' id='word_1_287' title='bbox 562 2628 676 2680; x_wconf 68' lang='grc' dir='ltr'>ἐστι</span> <span class='ocrx_word' id='word_1_288' title='bbox 708 2627 945 2698; x_wconf 84' lang='grc' dir='ltr'>χαλεπός</span> <span class='ocrx_word' id='word_1_289' title='bbox 974 2643 987 2657; x_wconf 93' lang='grc'><strong>·</strong></span> <span class='ocrx_word' id='word_1_290' title='bbox 1014 2629 1043 2680; x_wconf 86' lang='grc' dir='ltr'><strong>ὁ</strong></span> <span class='ocrx_word' id='word_1_291' title='bbox 1093 2627 1150 2680; x_wconf 71' lang='grc' dir='ltr'><strong>δι</strong></span> <span class='ocrx_word' id='word_1_292' title='bbox 1200 2626 1449 2698; x_wconf 84' lang='grc' dir='ltr'>πορθμὸς</span> <span class='ocrx_word' id='word_1_293' title='bbox 1496 2628 1525 2681; x_wconf 80' lang='grc' dir='ltr'><strong>δ</strong></span> <span class='ocrx_word' id='word_1_294' title='bbox 1551 2628 1830 2699; x_wconf 76' lang='grc' dir='ltr'>Τυρρηνι-</span> 
     </span>
    </p>
   </div>
   <div class='ocr_carea' id='block_1_44' title="bbox 254 2714 1829 2791">
    <p class='ocr_par' dir='ltr' id='par_1_44' title="bbox 254 2714 1829 2791">
     <span class='ocr_line' id='line_1_44' title="bbox 254 2714 1829 2791; baseline 0.004 -24"><span class='ocrx_word' id='word_1_295' title='bbox 254 2714 342 2777; x_wconf 70' lang='grc' dir='ltr'>κὸς</span> <span class='ocrx_word' id='word_1_296' title='bbox 362 2715 448 2770; x_wconf 80' lang='grc' dir='ltr'><strong>διὰ</strong></span> <span class='ocrx_word' id='word_1_297' title='bbox 467 2718 575 2788; x_wconf 76' lang='grc' dir='ltr'>τὴν</span> <span class='ocrx_word' id='word_1_298' title='bbox 604 2719 971 2789; x_wconf 83' lang='grc' dir='ltr'>στενοχωρίαν</span> <span class='ocrx_word' id='word_1_299' title='bbox 1007 2733 1022 2747; x_wconf 89' lang='grc'><strong>·</strong></span> <span class='ocrx_word' id='word_1_300' title='bbox 1057 2719 1091 2789; x_wconf 81' lang='grc' dir='ltr'>ἡ</span> <span class='ocrx_word' id='word_1_301' title='bbox 1126 2716 1185 2771; x_wconf 78' lang='grc' dir='ltr'>δι</span> <span class='ocrx_word' id='word_1_302' title='bbox 1219 2718 1502 2789; x_wconf 79' lang='grc' dir='ltr'>Χάρυϐδις</span> <span class='ocrx_word' id='word_1_303' title='bbox 1527 2721 1560 2791; x_wconf 78' lang='grc' dir='ltr'><strong>ἡ</strong></span> <span class='ocrx_word' id='word_1_304' title='bbox 1591 2720 1730 2790; x_wconf 67' lang='grc' dir='ltr'>πρὸς</span> <span class='ocrx_word' id='word_1_305' title='bbox 1762 2721 1829 2791; x_wconf 77' lang='grc' dir='ltr'>τῇ</span> 
     </span>
    </p>
   </div>
   <div class='ocr_carea' id='block_1_45' title="bbox 258 2807 1831 2882">
    <p class='ocr_par' dir='ltr' id='par_1_45' title="bbox 258 2807 1831 2882">
     <span class='ocr_line' id='line_1_45' title="bbox 258 2807 1831 2882; baseline 0.003 -21"><span class='ocrx_word' id='word_1_306' title='bbox 258 2807 422 2879; x_wconf 72' lang='grc' dir='ltr'><strong>Λιϐύῃ</strong></span> <span class='ocrx_word' id='word_1_307' title='bbox 452 2810 546 2864; x_wconf 81' lang='grc' dir='ltr'><strong>διὰ</strong></span> <span class='ocrx_word' id='word_1_308' title='bbox 569 2810 638 2863; x_wconf 83' lang='grc' dir='ltr'>τὰ</span> <span class='ocrx_word' id='word_1_309' title='bbox 666 2811 913 2881; x_wconf 75' lang='grc' dir='ltr'>τέλματα</span> <span class='ocrx_word' id='word_1_310' title='bbox 941 2826 957 2842; x_wconf 77' lang='grc'><strong><em>⁸</em></strong></span> <span class='ocrx_word' id='word_1_311' title='bbox 991 2813 1024 2882; x_wconf 76' lang='grc' dir='ltr'><strong>ἡ</strong></span> <span class='ocrx_word' id='word_1_312' title='bbox 1056 2812 1361 2881; x_wconf 69' lang='grc' dir='ltr'>Προποντὶς</span> <span class='ocrx_word' id='word_1_313' title='bbox 1384 2812 1418 2882; x_wconf 76' lang='grc' dir='ltr'><strong>ὴ</strong></span> <span class='ocrx_word' id='word_1_314' title='bbox 1461 2809 1569 2876; x_wconf 72' lang='grc' dir='ltr'><strong>ἔξω</strong></span> <span class='ocrx_word' id='word_1_315' title='bbox 1597 2811 1691 2865; x_wconf 90' lang='grc' dir='ltr'><strong>τοῦ</strong></span> <span class='ocrx_word' id='word_1_316' title='bbox 1725 2812 1831 2865; x_wconf 82' lang='grc' dir='ltr'><strong>Εὺο</strong></span> 
     </span>
    </p>
   </div>
   <div class='ocr_carea' id='block_1_46' title="bbox 260 2896 1835 2974">
    <p class='ocr_par' dir='ltr' id='par_1_46' title="bbox 260 2896 1835 2974">
     <span class='ocr_line' id='line_1_46' title="bbox 260 2896 1835 2974; baseline 0.005 -25"><span class='ocrx_word' id='word_1_317' title='bbox 260 2896 425 2961; x_wconf 80' lang='grc' dir='ltr'>ξείνου</span> <span class='ocrx_word' id='word_1_318' title='bbox 456 2901 677 2955; x_wconf 76' lang='grc' dir='ltr'>Πόντου·</span> <span class='ocrx_word' id='word_1_319' title='bbox 699 2902 786 2955; x_wconf 81' lang='grc' dir='ltr'><strong>διὰ</strong></span> <span class='ocrx_word' id='word_1_320' title='bbox 806 2901 867 2955; x_wconf 78' lang='grc' dir='ltr'><strong>τδ</strong></span> <span class='ocrx_word' id='word_1_321' title='bbox 894 2903 1153 2973; x_wconf 76' lang='grc' dir='ltr'>ῥαγδαῖον</span> <span class='ocrx_word' id='word_1_322' title='bbox 1185 2902 1279 2957; x_wconf 85' lang='grc' dir='ltr'><strong>τοῦ</strong></span> <span class='ocrx_word' id='word_1_323' title='bbox 1334 2903 1517 2974; x_wconf 77' lang='grc' dir='ltr'>ροθίου</span> <span class='ocrx_word' id='word_1_324' title='bbox 1553 2918 1573 2934; x_wconf 84' lang='lat'>&quot;</span> <span class='ocrx_word' id='word_1_325' title='bbox 1617 2904 1688 2959; x_wconf 80' lang='grc' dir='ltr'>τὰ</span> <span class='ocrx_word' id='word_1_326' title='bbox 1726 2904 1835 2970; x_wconf 67' lang='grc' dir='ltr'><strong>ἔξω</strong></span> 
     </span>
    </p>
   </div>
   <div class='ocr_carea' id='block_1_47' title="bbox 260 2989 1834 3067">
    <p class='ocr_par' dir='ltr' id='par_1_47' title="bbox 260 2989 1834 3067">
     <span class='ocr_line' id='line_1_47' title="bbox 260 2989 1834 3067; baseline 0.004 -25"><span class='ocrx_word' id='word_1_327' title='bbox 260 2989 529 3063; x_wconf 78' lang='grc' dir='ltr'>Γαδείρων</span> <span class='ocrx_word' id='word_1_328' title='bbox 559 2993 646 3048; x_wconf 82' lang='grc' dir='ltr'>διὰ</span> <span class='ocrx_word' id='word_1_329' title='bbox 667 2994 767 3067; x_wconf 79' lang='grc' dir='ltr'>τὴν</span> <span class='ocrx_word' id='word_1_330' title='bbox 814 2995 1057 3066; x_wconf 78' lang='grc' dir='ltr'>ἐρημίαν</span> <span class='ocrx_word' id='word_1_331' title='bbox 1103 2995 1200 3047; x_wconf 79' lang='grc' dir='ltr'>καὶ</span> <span class='ocrx_word' id='word_1_332' title='bbox 1246 2994 1307 3047; x_wconf 84' lang='grc' dir='ltr'>τὸ</span> <span class='ocrx_word' id='word_1_333' title='bbox 1355 2995 1578 3065; x_wconf 71' lang='grc' dir='ltr'>ἀτριὸες</span> <span class='ocrx_word' id='word_1_334' title='bbox 1624 2997 1717 3051; x_wconf 75' lang='grc' dir='ltr'>καὶ</span> <span class='ocrx_word' id='word_1_335' title='bbox 1774 2995 1834 3049; x_wconf 80' lang='grc' dir='ltr'>τὸ</span> 
     </span>
    </p>
   </div>
   <div class='ocr_carea' id='block_1_48' title="bbox 259 3084 1830 3159">
    <p class='ocr_par' dir='ltr' id='par_1_48' title="bbox 259 3084 1830 3159">
     <span class='ocr_line' id='line_1_48' title="bbox 259 3084 1830 3159; baseline 0.004 -24"><span class='ocrx_word' id='word_1_336' title='bbox 259 3084 610 3157; x_wconf 80' lang='grc' dir='ltr'>ἀνιστόρητον</span> <span class='ocrx_word' id='word_1_337' title='bbox 635 3086 747 3140; x_wconf 86' lang='grc' dir='ltr'><strong>τῶν</strong></span> <span class='ocrx_word' id='word_1_338' title='bbox 775 3088 959 3141; x_wconf 88' lang='grc' dir='ltr'>τόπων</span> <span class='ocrx_word' id='word_1_339' title='bbox 980 3105 994 3121; x_wconf 78' lang='grc' dir='ltr'><strong><em>ο</em></strong></span> <span class='ocrx_word' id='word_1_340' title='bbox 1030 3088 1128 3142; x_wconf 73' lang='grc' dir='ltr'>καὶ</span> <span class='ocrx_word' id='word_1_341' title='bbox 1157 3087 1285 3142; x_wconf 71' lang='grc' dir='ltr'>ἄλλο</span> <span class='ocrx_word' id='word_1_342' title='bbox 1318 3088 1483 3158; x_wconf 81' lang='grc' dir='ltr'>μέρος</span> <span class='ocrx_word' id='word_1_343' title='bbox 1513 3088 1579 3141; x_wconf 85' lang='grc' dir='ltr'><strong>δι’</strong></span> <span class='ocrx_word' id='word_1_344' title='bbox 1603 3088 1789 3159; x_wconf 71' lang='grc' dir='ltr'>ἕτερον</span> <span class='ocrx_word' id='word_1_345' title='bbox 1814 3103 1830 3119; x_wconf 84' lang='grc'>⁶</span> 
     </span>
    </p>
   </div>
   <div class='ocr_carea' id='block_1_49' title="bbox 260 3174 1833 3250">
    <p class='ocr_par' dir='ltr' id='par_1_49' title="bbox 260 3174 1833 3250">
     <span class='ocr_line' id='line_1_49' title="bbox 260 3174 1833 3250; baseline 0.003 -23"><span class='ocrx_word' id='word_1_346' title='bbox 260 3174 516 3231; x_wconf 72' lang='grc' dir='ltr'>οὕτωκαὶ</span> <span class='ocrx_word' id='word_1_347' title='bbox 554 3180 647 3232; x_wconf 69' lang='grc' dir='ltr'><strong>ἐπὶ</strong></span> <span class='ocrx_word' id='word_1_348' title='bbox 677 3180 777 3249; x_wconf 84' lang='grc' dir='ltr'>τῆς</span> <span class='ocrx_word' id='word_1_349' title='bbox 806 3180 952 3248; x_wconf 77' lang='grc' dir='ltr'>ζωῆς</span> <span class='ocrx_word' id='word_1_350' title='bbox 1000 3179 1100 3249; x_wconf 83' lang='grc' dir='ltr'>τῆς</span> <span class='ocrx_word' id='word_1_351' title='bbox 1151 3179 1453 3250; x_wconf 86' lang='grc' dir='ltr'>ἡμετέρας.</span> <span class='ocrx_word' id='word_1_352' title='bbox 1505 3179 1619 3233; x_wconf 76' lang='grc' dir='ltr'><strong>Καὶ</strong></span> <span class='ocrx_word' id='word_1_353' title='bbox 1683 3180 1833 3249; x_wconf 81' lang='grc' dir='ltr'>πρῶ-</span> 
     </span>
    </p>
   </div>
   <div class='ocr_carea' id='block_1_50' title="bbox 262 3271 1832 3349">
    <p class='ocr_par' dir='ltr' id='par_1_50' title="bbox 262 3271 1832 3349">
     <span class='ocr_line' id='line_1_50' title="bbox 262 3271 1832 3349; baseline 0.003 -30"><span class='ocrx_word' id='word_1_354' title='bbox 262 3285 345 3349; x_wconf 61' lang='grc' dir='ltr'><strong>Ιεον</strong></span> <span class='ocrx_word' id='word_1_355' title='bbox 384 3271 627 3340; x_wconf 83' lang='grc' dir='ltr'>πέλαγος</span> <span class='ocrx_word' id='word_1_356' title='bbox 678 3272 825 3325; x_wconf 82' lang='grc' dir='ltr'>ἔστιν</span> <span class='ocrx_word' id='word_1_357' title='bbox 878 3272 1007 3325; x_wconf 82' lang='grc' dir='ltr'><strong>ίδεῖν</strong></span> <span class='ocrx_word' id='word_1_358' title='bbox 1060 3271 1122 3325; x_wconf 80' lang='grc' dir='ltr'>τὸ</span> <span class='ocrx_word' id='word_1_359' title='bbox 1160 3272 1261 3339; x_wconf 84' lang='grc' dir='ltr'>τῆς</span> <span class='ocrx_word' id='word_1_360' title='bbox 1318 3272 1574 3343; x_wconf 82' lang='grc' dir='ltr'>παιδικῆς</span> <span class='ocrx_word' id='word_1_361' title='bbox 1616 3272 1832 3342; x_wconf 72' lang='grc' dir='ltr'>ἡλικίας</span> 
     </span>
    </p>
   </div>
   <div class='ocr_carea' id='block_1_51' title="bbox 262 3365 1833 3437">
    <p class='ocr_par' dir='ltr' id='par_1_51' title="bbox 262 3365 1833 3437">
     <span class='ocr_line' id='line_1_51' title="bbox 262 3365 1833 3437; baseline 0.001 -21"><span class='ocrx_word' id='word_1_362' title='bbox 262 3365 421 3419; x_wconf 84' lang='grc' dir='ltr'>πολὺν</span> <span class='ocrx_word' id='word_1_363' title='bbox 447 3367 577 3437; x_wconf 76' lang='grc' dir='ltr'>ἔχον</span> <span class='ocrx_word' id='word_1_364' title='bbox 602 3366 695 3421; x_wconf 80' lang='grc' dir='ltr'>τὸν</span> <span class='ocrx_word' id='word_1_365' title='bbox 719 3367 881 3421; x_wconf 85' lang='grc' dir='ltr'>σάλον</span> <span class='ocrx_word' id='word_1_366' title='bbox 913 3367 1003 3419; x_wconf 79' lang='grc' dir='ltr'>διὰ</span> <span class='ocrx_word' id='word_1_367' title='bbox 1024 3367 1086 3420; x_wconf 77' lang='grc' dir='ltr'><strong>τὸ</strong></span> <span class='ocrx_word' id='word_1_368' title='bbox 1119 3366 1371 3437; x_wconf 80' lang='grc' dir='ltr'>ἀνόητον.</span> <span class='ocrx_word' id='word_1_369' title='bbox 1400 3366 1489 3419; x_wconf 74' lang='grc' dir='ltr'><strong>διὰ</strong></span> <span class='ocrx_word' id='word_1_370' title='bbox 1541 3367 1640 3435; x_wconf 83' lang='grc' dir='ltr'>τὴν</span> <span class='ocrx_word' id='word_1_371' title='bbox 1677 3367 1833 3419; x_wconf 81' lang='grc' dir='ltr'>εὐκο-</span> 
     </span>
    </p>
   </div>
   <div class='ocr_carea' id='block_1_52' title="bbox 261 3453 1834 3530">
    <p class='ocr_par' dir='ltr' id='par_1_52' title="bbox 261 3453 1834 3530">
     <span class='ocr_line' id='line_1_52' title="bbox 261 3453 1834 3530; baseline 0.003 -23"><span class='ocrx_word' id='word_1_372' title='bbox 261 3453 398 3522; x_wconf 90' lang='grc' dir='ltr'>λίαν,</span> <span class='ocrx_word' id='word_1_373' title='bbox 419 3458 513 3512; x_wconf 81' lang='grc' dir='ltr'>διὰ</span> <span class='ocrx_word' id='word_1_374' title='bbox 546 3459 609 3511; x_wconf 83' lang='grc' dir='ltr'><strong>τὺ</strong></span> <span class='ocrx_word' id='word_1_375' title='bbox 640 3459 716 3530; x_wconf 75' lang='grc' dir='ltr'>μὴ</span> <span class='ocrx_word' id='word_1_376' title='bbox 752 3458 1088 3529; x_wconf 81' lang='grc' dir='ltr'>πεπηγέναι.</span> <span class='ocrx_word' id='word_1_377' title='bbox 1124 3460 1224 3512; x_wconf 77' lang='grc' dir='ltr'>Δια</span> <span class='ocrx_word' id='word_1_378' title='bbox 1272 3457 1437 3512; x_wconf 86' lang='grc' dir='ltr'>τοῦτο</span> <span class='ocrx_word' id='word_1_379' title='bbox 1483 3458 1580 3511; x_wconf 76' lang='grc' dir='ltr'>καὶ</span> <span class='ocrx_word' id='word_1_380' title='bbox 1638 3457 1834 3511; x_wconf 73' lang='grc' dir='ltr'>παιδαο</span> 
     </span>
    </p>
   </div>
   <div class='ocr_carea' id='block_1_53' title="bbox 263 3547 1834 3619">
    <p class='ocr_par' dir='ltr' id='par_1_53' title="bbox 263 3547 1834 3619">
     <span class='ocr_line' id='line_1_53' title="bbox 263 3547 1834 3619; baseline 0.001 -18"><span class='ocrx_word' id='word_1_381' title='bbox 263 3550 473 3616; x_wconf 79' lang='grc' dir='ltr'>γωγοὺς</span> <span class='ocrx_word' id='word_1_382' title='bbox 508 3551 823 3619; x_wconf 72' lang='grc' dir='ltr'>ιφιστῶμεν</span> <span class='ocrx_word' id='word_1_383' title='bbox 870 3553 969 3605; x_wconf 69' lang='grc' dir='ltr'>καὶ</span> <span class='ocrx_word' id='word_1_384' title='bbox 1021 3551 1403 3617; x_wconf 82' lang='grc' dir='ltr'>διδασκάλους,</span> <span class='ocrx_word' id='word_1_385' title='bbox 1433 3549 1495 3603; x_wconf 73' lang='grc' dir='ltr'>τὸ</span> <span class='ocrx_word' id='word_1_386' title='bbox 1544 3547 1731 3605; x_wconf 85' lang='grc' dir='ltr'>λεῖπον</span> <span class='ocrx_word' id='word_1_387' title='bbox 1768 3552 1834 3619; x_wconf 77' lang='grc' dir='ltr'>τῇ</span> 
     </span>
    </p>
   </div>
   <div class='ocr_carea' id='block_1_54' title="bbox 265 3639 1838 3715">
    <p class='ocr_par' dir='ltr' id='par_1_54' title="bbox 265 3639 1838 3715">
     <span class='ocr_line' id='line_1_54' title="bbox 265 3639 1838 3715; baseline 0.001 -22"><span class='ocrx_word' id='word_1_388' title='bbox 265 3639 417 3707; x_wconf 79' lang='grc' dir='ltr'>φύσει</span> <span class='ocrx_word' id='word_1_389' title='bbox 441 3642 536 3697; x_wconf 84' lang='grc' dir='ltr'>διὰ</span> <span class='ocrx_word' id='word_1_390' title='bbox 555 3642 655 3713; x_wconf 82' lang='grc' dir='ltr'>τῆς</span> <span class='ocrx_word' id='word_1_391' title='bbox 678 3644 1001 3714; x_wconf 75' lang='grc' dir='ltr'>ἐπιμελείας</span> <span class='ocrx_word' id='word_1_392' title='bbox 1036 3644 1412 3715; x_wconf 83' lang='grc' dir='ltr'>είσφέροντες,</span> <span class='ocrx_word' id='word_1_393' title='bbox 1478 3642 1670 3712; x_wconf 83' lang='grc' dir='ltr'>ὥσπερ</span> <span class='ocrx_word' id='word_1_394' title='bbox 1718 3643 1838 3695; x_wconf 73' lang='grc' dir='ltr'>έκεῖ</span> 
     </span>
    </p>
   </div>
   <div class='ocr_carea' id='block_1_55' title="bbox 265 3729 1839 3805">
    <p class='ocr_par' dir='ltr' id='par_1_55' title="bbox 265 3729 1839 3805">
     <span class='ocr_line' id='line_1_55' title="bbox 265 3729 1839 3805; baseline 0.002 -21"><span class='ocrx_word' id='word_1_395' title='bbox 265 3729 346 3785; x_wconf 76' lang='grc' dir='ltr'>διὰ</span> <span class='ocrx_word' id='word_1_396' title='bbox 376 3735 477 3805; x_wconf 83' lang='grc' dir='ltr'>τῆς</span> <span class='ocrx_word' id='word_1_397' title='bbox 499 3738 696 3805; x_wconf 71' lang='grc' dir='ltr'>τέχνης</span> <span class='ocrx_word' id='word_1_398' title='bbox 726 3736 823 3805; x_wconf 84' lang='grc' dir='ltr'><strong>τῆς</strong></span> <span class='ocrx_word' id='word_1_399' title='bbox 846 3736 1015 3805; x_wconf 67' lang='grc' dir='ltr'>κυδες</span> <span class='ocrx_word' id='word_1_400' title='bbox 1030 3736 1270 3805; x_wconf 73' lang='grc' dir='ltr'>ιητικῆς.</span> <span class='ocrx_word' id='word_1_401' title='bbox 1300 3736 1456 3789; x_wconf 83' lang='grc' dir='ltr'>Μετὰ</span> <span class='ocrx_word' id='word_1_402' title='bbox 1493 3734 1707 3804; x_wconf 83' lang='grc' dir='ltr'>ταύτην</span> <span class='ocrx_word' id='word_1_403' title='bbox 1740 3734 1839 3805; x_wconf 80' lang='grc' dir='ltr'>τὴν</span> 
     </span>
    </p>
   </div>
   <div class='ocr_carea' id='block_1_56' title="bbox 266 3823 1841 3898">
    <p class='ocr_par' dir='ltr' id='par_1_56' title="bbox 266 3823 1841 3898">
     <span class='ocr_line' id='line_1_56' title="bbox 266 3823 1841 3898; baseline 0.004 -24"><span class='ocrx_word' id='word_1_404' title='bbox 266 3823 480 3893; x_wconf 68' lang='grc' dir='ltr'>ἠλικίαν</span> <span class='ocrx_word' id='word_1_405' title='bbox 510 3827 659 3897; x_wconf 55' lang='grc' dir='ltr'><strong>⁴ίδτοῦ</strong></span> <span class='ocrx_word' id='word_1_406' title='bbox 695 3828 984 3897; x_wconf 84' lang='grc' dir='ltr'>μειρακίου</span> <span class='ocrx_word' id='word_1_407' title='bbox 1037 3828 1345 3898; x_wconf 75' lang='grc' dir='ltr'>διαδέχεται</span> <span class='ocrx_word' id='word_1_408' title='bbox 1394 3826 1662 3892; x_wconf 75' lang='grc' dir='ltr'>θάλασσα,</span> <span class='ocrx_word' id='word_1_409' title='bbox 1711 3826 1841 3881; x_wconf 73' lang='grc' dir='ltr'>ἔνθα</span> 
     </span>
    </p>
   </div>
   <div class='ocr_carea' id='block_1_57' title="bbox 270 3914 1842 3988">
    <p class='ocr_par' dir='ltr' id='par_1_57' title="bbox 270 3914 1842 3988">
     <span class='ocr_line' id='line_1_57' title="bbox 270 3914 1842 3988; baseline 0.007 -25"><span class='ocrx_word' id='word_1_410' title='bbox 270 3914 473 3986; x_wconf 66' lang='grc' dir='ltr'>σφοδρὰ</span> <span class='ocrx_word' id='word_1_411' title='bbox 495 3916 564 3971; x_wconf 83' lang='grc' dir='ltr'>τὰ</span> <span class='ocrx_word' id='word_1_412' title='bbox 595 3915 908 3985; x_wconf 84' lang='grc' dir='ltr'>πνεύματα,</span> <span class='ocrx_word' id='word_1_413' title='bbox 942 3916 1194 3988; x_wconf 81' lang='grc' dir='ltr'>καθάπερ</span> <span class='ocrx_word' id='word_1_414' title='bbox 1227 3918 1288 3970; x_wconf 70' lang='grc' dir='ltr'>ιν</span> <span class='ocrx_word' id='word_1_415' title='bbox 1334 3915 1414 3985; x_wconf 81' lang='grc' dir='ltr'>τῷ</span> <span class='ocrx_word' id='word_1_416' title='bbox 1453 3915 1686 3983; x_wconf 47' lang='grc' dir='ltr'>Λίγαμίῳ,</span> <span class='ocrx_word' id='word_1_417' title='bbox 1740 3914 1842 3981; x_wconf 72' lang='grc' dir='ltr'>τῆς</span> 
     </span>
    </p>
   </div>
   <div class='ocr_carea' id='block_1_58' title="bbox 269 4004 1841 4077">
    <p class='ocr_par' dir='ltr' id='par_1_58' title="bbox 269 4004 1841 4077">
     <span class='ocr_line' id='line_1_58' title="bbox 269 4004 1841 4077; baseline 0.002 -22"><span class='ocrx_word' id='word_1_418' title='bbox 269 4004 565 4077; x_wconf 68' lang='grc' dir='ltr'>ἐπιθυμίας</span> <span class='ocrx_word' id='word_1_419' title='bbox 590 4008 725 4077; x_wconf 74' lang='grc' dir='ltr'>ἡμῖν</span> <span class='ocrx_word' id='word_1_420' title='bbox 745 4006 1144 4077; x_wconf 75' lang='grc' dir='ltr'>αὐξανομένης.</span> <span class='ocrx_word' id='word_1_421' title='bbox 1203 4005 1313 4060; x_wconf 79' lang='grc' dir='ltr'><strong>Καὶ</strong></span> <span class='ocrx_word' id='word_1_422' title='bbox 1347 4005 1485 4073; x_wconf 85' lang='grc' dir='ltr'>αῦτη</span> <span class='ocrx_word' id='word_1_423' title='bbox 1540 4004 1777 4075; x_wconf 72' lang='grc' dir='ltr'>μάλιστα</span> <span class='ocrx_word' id='word_1_424' title='bbox 1808 4005 1841 4073; x_wconf 83' lang='grc' dir='ltr'><strong>ὴ</strong></span> 
     </span>
    </p>
   </div>
   <div class='ocr_carea' id='block_1_59' title="bbox 270 4093 1844 4169">
    <p class='ocr_par' dir='ltr' id='par_1_59' title="bbox 270 4093 1844 4169">
     <span class='ocr_line' id='line_1_59' title="bbox 270 4093 1844 4169; baseline 0 -23"><span class='ocrx_word' id='word_1_425' title='bbox 270 4093 453 4164; x_wconf 78' lang='grc' dir='ltr'>ἡλικία</span> <span class='ocrx_word' id='word_1_426' title='bbox 483 4096 828 4167; x_wconf 81' lang='grc' dir='ltr'>διορθώσεως</span> <span class='ocrx_word' id='word_1_427' title='bbox 864 4096 1097 4169; x_wconf 72' lang='grc' dir='ltr'>ἔρημος,</span> <span class='ocrx_word' id='word_1_428' title='bbox 1127 4095 1188 4149; x_wconf 85' lang='grc' dir='ltr'>οὐ</span> <span class='ocrx_word' id='word_1_429' title='bbox 1216 4095 1304 4149; x_wconf 84' lang='grc' dir='ltr'><strong>διὰ</strong></span> <span class='ocrx_word' id='word_1_430' title='bbox 1322 4095 1382 4148; x_wconf 84' lang='grc' dir='ltr'>τὸ</span> <span class='ocrx_word' id='word_1_431' title='bbox 1409 4095 1480 4147; x_wconf 77' lang='grc' dir='ltr'>τὰ</span> <span class='ocrx_word' id='word_1_432' title='bbox 1508 4094 1844 4164; x_wconf 81' lang='grc' dir='ltr'>ἁμαρτήμα-</span> 
     </span>
    </p>
   </div>
   <div class='ocr_carea' id='block_1_60' title="bbox 270 4184 1845 4259">
    <p class='ocr_par' dir='ltr' id='par_1_60' title="bbox 270 4184 1845 4259">
     <span class='ocr_line' id='line_1_60' title="bbox 270 4184 1845 4259; baseline -0.001 -22"><span class='ocrx_word' id='word_1_433' title='bbox 270 4196 336 4238; x_wconf 80' lang='grc' dir='ltr'><strong>τα</strong></span> <span class='ocrx_word' id='word_1_434' title='bbox 355 4189 431 4257; x_wconf 81' lang='grc' dir='ltr'>μὴ</span> <span class='ocrx_word' id='word_1_435' title='bbox 484 4188 807 4259; x_wconf 73' lang='grc' dir='ltr'>ἐλέγχεσθαι</span> <span class='ocrx_word' id='word_1_436' title='bbox 843 4201 859 4218; x_wconf 86' lang='grc'><strong>·</strong></span> <span class='ocrx_word' id='word_1_437' title='bbox 920 4188 1017 4241; x_wconf 76' lang='grc' dir='ltr'>καὶ</span> <span class='ocrx_word' id='word_1_438' title='bbox 1061 4187 1170 4256; x_wconf 86' lang='grc' dir='ltr'><strong>γὰρ</strong></span> <span class='ocrx_word' id='word_1_439' title='bbox 1220 4185 1315 4239; x_wconf 74' lang='grc' dir='ltr'>καὶ</span> <span class='ocrx_word' id='word_1_440' title='bbox 1370 4184 1687 4246; x_wconf 81' lang='grc' dir='ltr'>διδάσκαλος</span> <span class='ocrx_word' id='word_1_441' title='bbox 1746 4185 1845 4236; x_wconf 78' lang='grc' dir='ltr'><strong>καὶ</strong></span> 
     </span>
    </p>
   </div>
   <div class='ocr_carea' id='block_1_61' title="bbox 271 4273 1845 4350">
    <p class='ocr_par' dir='ltr' id='par_1_61' title="bbox 271 4273 1845 4350">
     <span class='ocr_line' id='line_1_61' title="bbox 271 4273 1845 4350; baseline -0.001 -21"><span class='ocrx_word' id='word_1_442' title='bbox 271 4279 623 4350; x_wconf 82' lang='grc' dir='ltr'>παιδαγωγὸς</span> <span class='ocrx_word' id='word_1_443' title='bbox 675 4280 865 4334; x_wconf 83' lang='grc' dir='ltr'>λοιπὸν</span> <span class='ocrx_word' id='word_1_444' title='bbox 910 4278 1211 4345; x_wconf 75' lang='grc' dir='ltr'>ἐξίσταται.</span> <span class='ocrx_word' id='word_1_445' title='bbox 1264 4276 1436 4330; x_wconf 81' lang='grc' dir='ltr'>Ὅταν</span> <span class='ocrx_word' id='word_1_446' title='bbox 1491 4273 1586 4329; x_wconf 78' lang='grc' dir='ltr'>οὖν</span> <span class='ocrx_word' id='word_1_447' title='bbox 1634 4274 1705 4328; x_wconf 83' lang='grc' dir='ltr'>τὰ</span> <span class='ocrx_word' id='word_1_448' title='bbox 1746 4274 1845 4344; x_wconf 80' lang='grc' dir='ltr'>μὲν</span> 
     </span>
    </p>
   </div>
   <div class='ocr_carea' id='block_1_62' title="bbox 274 4367 1847 4443">
    <p class='ocr_par' dir='ltr' id='par_1_62' title="bbox 274 4367 1847 4443">
     <span class='ocr_line' id='line_1_62' title="bbox 274 4367 1847 4443; baseline -0.001 -22"><span class='ocrx_word' id='word_1_449' title='bbox 274 4372 565 4443; x_wconf 80' lang='grc' dir='ltr'>πνεύματα</span> <span class='ocrx_word' id='word_1_450' title='bbox 618 4372 981 4442; x_wconf 85' lang='grc' dir='ltr'>σφοδρότερον</span> <span class='ocrx_word' id='word_1_451' title='bbox 1019 4369 1273 4440; x_wconf 78' lang='grc' dir='ltr'>διαπνέῃ,</span> <span class='ocrx_word' id='word_1_452' title='bbox 1330 4368 1359 4421; x_wconf 82' lang='grc' dir='ltr'><strong>ὁ</strong></span> <span class='ocrx_word' id='word_1_453' title='bbox 1403 4367 1459 4421; x_wconf 63' lang='grc' dir='ltr'>δὲ</span> <span class='ocrx_word' id='word_1_454' title='bbox 1504 4367 1847 4439; x_wconf 74' lang='grc' dir='ltr'>κυϐερνήτης</span> 
     </span>
    </p>
   </div>
   <div class='ocr_carea' id='block_1_63' title="bbox 273 4454 1846 4533">
    <p class='ocr_par' dir='ltr' id='par_1_63' title="bbox 273 4454 1846 4533">
     <span class='ocr_line' id='line_1_63' title="bbox 273 4454 1846 4533; baseline -0.003 -20"><span class='ocrx_word' id='word_1_455' title='bbox 273 4458 691 4533; x_wconf 73' lang='grc' dir='ltr'>ἀσθενέστερος,</span> <span class='ocrx_word' id='word_1_456' title='bbox 721 4466 815 4515; x_wconf 74' lang='grc' dir='ltr'>καὶ</span> <span class='ocrx_word' id='word_1_457' title='bbox 859 4464 887 4514; x_wconf 85' lang='grc' dir='ltr'><strong>ὁ</strong></span> <span class='ocrx_word' id='word_1_458' title='bbox 922 4460 1145 4531; x_wconf 81' lang='grc' dir='ltr'>ἀμύνων</span> <span class='ocrx_word' id='word_1_459' title='bbox 1166 4457 1337 4521; x_wconf 76' lang='grc' dir='ltr'>οὐδεὶς</span> <span class='ocrx_word' id='word_1_460' title='bbox 1363 4454 1422 4530; x_wconf 77' lang='grc' dir='ltr'>ᾖ,</span> <span class='ocrx_word' id='word_1_461' title='bbox 1450 4455 1703 4525; x_wconf 63' lang='grc' dir='ltr'>ἐννόησον</span> <span class='ocrx_word' id='word_1_462' title='bbox 1752 4457 1846 4509; x_wconf 87' lang='grc' dir='ltr'><strong>τοῦ</strong></span> 
     </span>
    </p>
   </div>
   <div class='ocr_carea' id='block_1_64' title="bbox 1926 1988 3501 2061">
    <p class='ocr_par' dir='ltr' id='par_1_64' title="bbox 1926 1988 3501 2061">
     <span class='ocr_line' id='line_1_64' title="bbox 1926 1988 3501 2061; baseline -0.002 -17"><span class='ocrx_word' id='word_1_463' title='bbox 1926 1988 2083 2056; x_wconf 84' lang='lat' dir='ltr'><strong>Quod</strong></span> <span class='ocrx_word' id='word_1_464' title='bbox 2122 1991 2167 2047; x_wconf 90' lang='lat' dir='ltr'><strong>si</strong></span> <span class='ocrx_word' id='word_1_465' title='bbox 2209 2006 2304 2061; x_wconf 91' lang='lat' dir='ltr'><strong>per</strong></span> <span class='ocrx_word' id='word_1_466' title='bbox 2334 1991 2583 2061; x_wconf 76' lang='lat' dir='ltr'><strong>singulos</strong></span> <span class='ocrx_word' id='word_1_467' title='bbox 2616 1991 2738 2045; x_wconf 65' lang='lat' dir='ltr'><strong>vitae</strong></span> <span class='ocrx_word' id='word_1_468' title='bbox 2781 1999 2980 2045; x_wconf 64' lang='lat' dir='ltr'><strong>nostra:</strong></span> <span class='ocrx_word' id='word_1_469' title='bbox 3008 1988 3210 2060; x_wconf 78' lang='lat' dir='ltr'><strong>gradus</strong></span> <span class='ocrx_word' id='word_1_470' title='bbox 3249 1988 3501 2059; x_wconf 77' lang='lat' dir='ltr'><strong>neglexe-</strong></span> 
     </span>
    </p>
   </div>
   <div class='ocr_carea' id='block_1_65' title="bbox 1928 2080 3497 2151">
    <p class='ocr_par' dir='ltr' id='par_1_65' title="bbox 1928 2080 3497 2151">
     <span class='ocr_line' id='line_1_65' title="bbox 1928 2080 3497 2151; baseline -0.003 -14"><span class='ocrx_word' id='word_1_471' title='bbox 1928 2083 2105 2138; x_wconf 85' lang='lat' dir='ltr'><strong>rimus</strong></span> <span class='ocrx_word' id='word_1_472' title='bbox 2130 2081 2349 2138; x_wconf 90' lang='lat' dir='ltr'><strong>virtutis</strong></span> <span class='ocrx_word' id='word_1_473' title='bbox 2386 2083 2626 2148; x_wconf 85' lang='lat' dir='ltr'><strong>labores,</strong></span> <span class='ocrx_word' id='word_1_474' title='bbox 2657 2082 2861 2151; x_wconf 90' lang='lat' dir='ltr'><strong>ubique</strong></span> <span class='ocrx_word' id='word_1_475' title='bbox 2888 2080 3173 2149; x_wconf 81' lang='lat' dir='ltr'><strong>naufragia</strong></span> <span class='ocrx_word' id='word_1_476' title='bbox 3200 2081 3497 2151; x_wconf 78' lang='lat' dir='ltr'><strong>patientes,</strong></span> 
     </span>
    </p>
   </div>
   <div class='ocr_carea' id='block_1_66' title="bbox 1928 2173 3501 2246">
    <p class='ocr_par' dir='ltr' id='par_1_66' title="bbox 1928 2173 3501 2246">
     <span class='ocr_line' id='line_1_66' title="bbox 1928 2173 3501 2246; baseline -0.003 -17"><span class='ocrx_word' id='word_1_477' title='bbox 1928 2187 2054 2229; x_wconf 84' lang='lat' dir='ltr'><strong>cum</strong></span> <span class='ocrx_word' id='word_1_478' title='bbox 2078 2174 2131 2229; x_wconf 93' lang='lat' dir='ltr'><strong>in</strong></span> <span class='ocrx_word' id='word_1_479' title='bbox 2163 2184 2382 2246; x_wconf 89' lang='lat' dir='ltr'><strong>portum</strong></span> <span class='ocrx_word' id='word_1_480' title='bbox 2417 2173 2655 2243; x_wconf 87' lang='lat' dir='ltr'><strong>denique</strong></span> <span class='ocrx_word' id='word_1_481' title='bbox 2679 2173 2966 2229; x_wconf 83' lang='lat' dir='ltr'><strong>veniemus</strong></span> <span class='ocrx_word' id='word_1_482' title='bbox 3014 2173 3354 2242; x_wconf 86' lang='lat' dir='ltr'><strong>spiritalibus</strong></span> <span class='ocrx_word' id='word_1_483' title='bbox 3382 2186 3501 2225; x_wconf 88' lang='lat' dir='ltr'><strong>sar-</strong></span> 
     </span>
    </p>
   </div>
   <div class='ocr_carea' id='block_1_67' title="bbox 1929 2262 3498 2336">
    <p class='ocr_par' dir='ltr' id='par_1_67' title="bbox 1929 2262 3498 2336">
     <span class='ocr_line' id='line_1_67' title="bbox 1929 2262 3498 2336; baseline -0.005 -15"><span class='ocrx_word' id='word_1_484' title='bbox 1929 2266 2069 2321; x_wconf 87' lang='lat' dir='ltr'><strong>cinis</strong></span> <span class='ocrx_word' id='word_1_485' title='bbox 2117 2266 2296 2330; x_wconf 82' lang='lat' dir='ltr'><strong>vacui,</strong></span> <span class='ocrx_word' id='word_1_486' title='bbox 2337 2281 2653 2336; x_wconf 87' lang='lat' dir='ltr'><strong>supremam</strong></span> <span class='ocrx_word' id='word_1_487' title='bbox 2704 2280 2921 2334; x_wconf 64' lang='lat' dir='ltr'><strong>paanam</strong></span> <span class='ocrx_word' id='word_1_488' title='bbox 2977 2265 3216 2319; x_wconf 89' lang='lat' dir='ltr'><strong>luemus.</strong></span> <span class='ocrx_word' id='word_1_489' title='bbox 3266 2262 3498 2333; x_wconf 74' lang='lat' dir='ltr'><strong>Pelagus</strong></span> 
     </span>
    </p>
   </div>
   <div class='ocr_carea' id='block_1_68' title="bbox 1929 2352 3500 2426">
    <p class='ocr_par' dir='ltr' id='par_1_68' title="bbox 1929 2352 3500 2426">
     <span class='ocr_line' id='line_1_68' title="bbox 1929 2352 3500 2426; baseline -0.003 -15"><span class='ocrx_word' id='word_1_490' title='bbox 1929 2356 2076 2411; x_wconf 90' lang='lat' dir='ltr'><strong>enim</strong></span> <span class='ocrx_word' id='word_1_491' title='bbox 2102 2365 2313 2410; x_wconf 86' lang='lat' dir='ltr'><strong>vastum</strong></span> <span class='ocrx_word' id='word_1_492' title='bbox 2341 2365 2424 2411; x_wconf 89' lang='lat' dir='ltr'><strong>est</strong></span> <span class='ocrx_word' id='word_1_493' title='bbox 2447 2356 2556 2411; x_wconf 85' lang='lat' dir='ltr'><strong>vita</strong></span> <span class='ocrx_word' id='word_1_494' title='bbox 2575 2369 2840 2426; x_wconf 65' lang='lat' dir='ltr'><strong>praesens.</strong></span> <span class='ocrx_word' id='word_1_495' title='bbox 2860 2356 2930 2410; x_wconf 90' lang='lat' dir='ltr'><strong>Et</strong></span> <span class='ocrx_word' id='word_1_496' title='bbox 2951 2352 3411 2425; x_wconf 86' lang='lat' dir='ltr'><strong>quemadmodum</strong></span> <span class='ocrx_word' id='word_1_497' title='bbox 3446 2356 3500 2406; x_wconf 80' lang='lat' dir='ltr'><strong>in</strong></span> 
     </span>
    </p>
   </div>
   <div class='ocr_carea' id='block_1_69' title="bbox 1932 2446 3504 2509">
    <p class='ocr_par' dir='ltr' id='par_1_69' title="bbox 1932 2446 3504 2509">
     <span class='ocr_line' id='line_1_69' title="bbox 1932 2446 3504 2509; baseline -0.004 -6"><span class='ocrx_word' id='word_1_498' title='bbox 1932 2447 2037 2503; x_wconf 88' lang='lat' dir='ltr'><strong>hoc</strong></span> <span class='ocrx_word' id='word_1_499' title='bbox 2084 2448 2219 2503; x_wconf 90' lang='lat' dir='ltr'><strong>mari</strong></span> <span class='ocrx_word' id='word_1_500' title='bbox 2275 2448 2478 2503; x_wconf 86' lang='lat' dir='ltr'><strong>diversi</strong></span> <span class='ocrx_word' id='word_1_501' title='bbox 2531 2449 2688 2503; x_wconf 87' lang='lat' dir='ltr'><strong>sinus</strong></span> <span class='ocrx_word' id='word_1_502' title='bbox 2736 2456 2897 2509; x_wconf 84' lang='lat' dir='ltr'><strong>sunt,</strong></span> <span class='ocrx_word' id='word_1_503' title='bbox 2947 2447 3196 2502; x_wconf 88' lang='lat' dir='ltr'><strong>diversas</strong></span> <span class='ocrx_word' id='word_1_504' title='bbox 3239 2446 3504 2499; x_wconf 84' lang='lat' dir='ltr'><strong>habentes</strong></span> 
     </span>
    </p>
   </div>
   <div class='ocr_carea' id='block_1_70' title="bbox 1933 2532 3502 2606">
    <p class='ocr_par' dir='ltr' id='par_1_70' title="bbox 1933 2532 3502 2606">
     <span class='ocr_line' id='line_1_70' title="bbox 1933 2532 3502 2606; baseline -0.001 -19"><span class='ocrx_word' id='word_1_505' title='bbox 1933 2541 2323 2603; x_wconf 86' lang='lat' dir='ltr'><strong>tempestates;</strong></span> <span class='ocrx_word' id='word_1_506' title='bbox 2349 2550 2475 2589; x_wconf 88' lang='lat' dir='ltr'><strong>nam</strong></span> <span class='ocrx_word' id='word_1_507' title='bbox 2502 2535 2746 2606; x_wconf 63' lang='lat' dir='ltr'><strong>Egaeum</strong></span> <span class='ocrx_word' id='word_1_508' title='bbox 2772 2550 2921 2590; x_wconf 82' lang='lat' dir='ltr'><strong>mare</strong></span> <span class='ocrx_word' id='word_1_509' title='bbox 2963 2535 3034 2590; x_wconf 89' lang='lat' dir='ltr'><strong>ob</strong></span> <span class='ocrx_word' id='word_1_510' title='bbox 3065 2546 3256 2589; x_wconf 88' lang='lat' dir='ltr'><strong>ventos</strong></span> <span class='ocrx_word' id='word_1_511' title='bbox 3284 2532 3502 2588; x_wconf 74' lang='lat' dir='ltr'><strong>dimeile</strong></span> 
     </span>
    </p>
   </div>
   <div class='ocr_carea' id='block_1_71' title="bbox 1932 2620 3506 2699">
    <p class='ocr_par' dir='ltr' id='par_1_71' title="bbox 1932 2620 3506 2699">
     <span class='ocr_line' id='line_1_71' title="bbox 1932 2620 3506 2699; baseline -0.001 -20"><span class='ocrx_word' id='word_1_512' title='bbox 1932 2634 2048 2680; x_wconf 87' lang='lat' dir='ltr'><strong>est:</strong></span> <span class='ocrx_word' id='word_1_513' title='bbox 2074 2625 2273 2681; x_wconf 90' lang='lat' dir='ltr'><strong>fretum</strong></span> <span class='ocrx_word' id='word_1_514' title='bbox 2298 2626 2703 2699; x_wconf 85' lang='lat' dir='ltr'><strong>Tyrrhenicum</strong></span> <span class='ocrx_word' id='word_1_515' title='bbox 2724 2635 2945 2698; x_wconf 88' lang='lat' dir='ltr'><strong>propter</strong></span> <span class='ocrx_word' id='word_1_516' title='bbox 2975 2620 3256 2697; x_wconf 75' lang='lat' dir='ltr'><strong>angustias</strong></span> <span class='ocrx_word' id='word_1_517' title='bbox 3283 2643 3298 2693; x_wconf 87' lang='lat'><strong>;</strong></span> <span class='ocrx_word' id='word_1_518' title='bbox 3329 2625 3506 2697; x_wconf 84' lang='lat' dir='ltr'><strong>Syrtis</strong></span> 
     </span>
    </p>
   </div>
   <div class='ocr_carea' id='block_1_72' title="bbox 1931 2715 3506 2789">
    <p class='ocr_par' dir='ltr' id='par_1_72' title="bbox 1931 2715 3506 2789">
     <span class='ocr_line' id='line_1_72' title="bbox 1931 2715 3506 2789; baseline 0.001 -20"><span class='ocrx_word' id='word_1_519' title='bbox 1931 2715 2075 2785; x_wconf 85' lang='lat' dir='ltr'><strong>apud</strong></span> <span class='ocrx_word' id='word_1_520' title='bbox 2105 2715 2333 2789; x_wconf 87' lang='lat' dir='ltr'><strong>Libyam</strong></span> <span class='ocrx_word' id='word_1_521' title='bbox 2357 2717 2428 2773; x_wconf 91' lang='lat' dir='ltr'><strong>ob</strong></span> <span class='ocrx_word' id='word_1_522' title='bbox 2461 2726 2668 2772; x_wconf 89' lang='lat' dir='ltr'><strong>tractus</strong></span> <span class='ocrx_word' id='word_1_523' title='bbox 2695 2718 3001 2787; x_wconf 87' lang='lat' dir='ltr'><strong>palustres;</strong></span> <span class='ocrx_word' id='word_1_524' title='bbox 3035 2716 3325 2787; x_wconf 89' lang='lat' dir='ltr'><strong>Propontis</strong></span> <span class='ocrx_word' id='word_1_525' title='bbox 3351 2726 3506 2772; x_wconf 79' lang='lat' dir='ltr'><strong>extra</strong></span> 
     </span>
    </p>
   </div>
   <div class='ocr_carea' id='block_1_73' title="bbox 1933 2806 3508 2883">
    <p class='ocr_par' dir='ltr' id='par_1_73' title="bbox 1933 2806 3508 2883">
     <span class='ocr_line' id='line_1_73' title="bbox 1933 2806 3508 2883; baseline -0.001 -23"><span class='ocrx_word' id='word_1_526' title='bbox 1933 2813 2161 2876; x_wconf 89' lang='lat' dir='ltr'><strong>pontum</strong></span> <span class='ocrx_word' id='word_1_527' title='bbox 2192 2806 2463 2862; x_wconf 82' lang='lat' dir='ltr'><strong>Euxinum</strong></span> <span class='ocrx_word' id='word_1_528' title='bbox 2482 2816 2701 2883; x_wconf 73' lang='lat' dir='ltr'><strong>prapter</strong></span> <span class='ocrx_word' id='word_1_529' title='bbox 2720 2807 2989 2863; x_wconf 89' lang='lat' dir='ltr'><strong>undarum</strong></span> <span class='ocrx_word' id='word_1_530' title='bbox 3012 2808 3273 2877; x_wconf 75' lang='lat' dir='ltr'><strong>impetum</strong></span> <span class='ocrx_word' id='word_1_531' title='bbox 3299 2824 3313 2869; x_wconf 85' lang='lat'>;</span> <span class='ocrx_word' id='word_1_532' title='bbox 3337 2806 3508 2860; x_wconf 86' lang='lat' dir='ltr'><strong>maria</strong></span> 
     </span>
    </p>
   </div>
   <div class='ocr_carea' id='block_1_74' title="bbox 1935 2898 3507 2975">
    <p class='ocr_par' dir='ltr' id='par_1_74' title="bbox 1935 2898 3507 2975">
     <span class='ocr_line' id='line_1_74' title="bbox 1935 2898 3507 2975; baseline -0.003 -22"><span class='ocrx_word' id='word_1_533' title='bbox 1935 2898 2077 2954; x_wconf 77' lang='lat' dir='ltr'><strong>ultra</strong></span> <span class='ocrx_word' id='word_1_534' title='bbox 2101 2898 2279 2955; x_wconf 88' lang='lat' dir='ltr'><strong>Gades</strong></span> <span class='ocrx_word' id='word_1_535' title='bbox 2308 2911 2536 2973; x_wconf 91' lang='lat' dir='ltr'><strong>propter</strong></span> <span class='ocrx_word' id='word_1_536' title='bbox 2559 2901 2920 2975; x_wconf 82' lang='lat' dir='ltr'><strong>solitudinem</strong></span> <span class='ocrx_word' id='word_1_537' title='bbox 2956 2910 3011 2956; x_wconf 91' lang='lat' dir='ltr'><strong>et</strong></span> <span class='ocrx_word' id='word_1_538' title='bbox 3034 2898 3507 2961; x_wconf 86' lang='lat' dir='ltr'><strong>iter&#39;inusitatum,</strong></span> 
     </span>
    </p>
   </div>
   <div class='ocr_carea' id='block_1_75' title="bbox 1935 2990 3507 3058">
    <p class='ocr_par' dir='ltr' id='par_1_75' title="bbox 1935 2990 3507 3058">
     <span class='ocr_line' id='line_1_75' title="bbox 1935 2990 3507 3058; baseline 0 -15"><span class='ocrx_word' id='word_1_539' title='bbox 1935 2997 1991 3043; x_wconf 91' lang='lat' dir='ltr'><strong>et</strong></span> <span class='ocrx_word' id='word_1_540' title='bbox 2037 2990 2283 3045; x_wconf 88' lang='lat' dir='ltr'><strong>locorum</strong></span> <span class='ocrx_word' id='word_1_541' title='bbox 2315 2992 2701 3058; x_wconf 79' lang='lat' dir='ltr'><strong>ignorantiam,</strong></span> <span class='ocrx_word' id='word_1_542' title='bbox 2738 3000 2795 3048; x_wconf 90' lang='lat' dir='ltr'><strong>et</strong></span> <span class='ocrx_word' id='word_1_543' title='bbox 2840 2992 2961 3046; x_wconf 66' lang='lat' dir='ltr'><strong>alia:</strong></span> <span class='ocrx_word' id='word_1_544' title='bbox 2991 2992 3150 3046; x_wconf 87' lang='lat' dir='ltr'><strong>aliam</strong></span> <span class='ocrx_word' id='word_1_545' title='bbox 3190 2991 3260 3045; x_wconf 92' lang='lat' dir='ltr'><strong>ob</strong></span> <span class='ocrx_word' id='word_1_546' title='bbox 3287 3004 3507 3045; x_wconf 83' lang='lat' dir='ltr'><strong>causam</strong></span> 
     </span>
    </p>
   </div>
   <div class='ocr_carea' id='block_1_76' title="bbox 1935 3084 3510 3152">
    <p class='ocr_par' dir='ltr' id='par_1_76' title="bbox 1935 3084 3510 3152">
     <span class='ocr_line' id='line_1_76' title="bbox 1935 3084 3510 3152; baseline -0.002 -15"><span class='ocrx_word' id='word_1_547' title='bbox 1935 3093 2150 3152; x_wconf 88' lang='lat' dir='ltr'><strong>partes;</strong></span> <span class='ocrx_word' id='word_1_548' title='bbox 2207 3086 2280 3140; x_wconf 84' lang='lat' dir='ltr'><strong>ita</strong></span> <span class='ocrx_word' id='word_1_549' title='bbox 2334 3088 2594 3141; x_wconf 85' lang='lat' dir='ltr'><strong>usuvenit</strong></span> <span class='ocrx_word' id='word_1_550' title='bbox 2639 3087 2776 3141; x_wconf 50' lang='lat' dir='ltr'><strong>vitae.</strong></span> <span class='ocrx_word' id='word_1_551' title='bbox 2806 3094 3026 3140; x_wconf 64' lang='lat' dir='ltr'><strong>nostras.</strong></span> <span class='ocrx_word' id='word_1_552' title='bbox 3070 3084 3313 3139; x_wconf 87' lang='lat' dir='ltr'><strong>Primum</strong></span> <span class='ocrx_word' id='word_1_553' title='bbox 3359 3096 3510 3135; x_wconf 92' lang='lat' dir='ltr'><strong>mare</strong></span> 
     </span>
    </p>
   </div>
   <div class='ocr_carea' id='block_1_77' title="bbox 1938 3175 3510 3247">
    <p class='ocr_par' dir='ltr' id='par_1_77' title="bbox 1938 3175 3510 3247">
     <span class='ocr_line' id='line_1_77' title="bbox 1938 3175 3510 3247; baseline -0.001 -21"><span class='ocrx_word' id='word_1_554' title='bbox 1938 3175 2123 3230; x_wconf 86' lang='lat' dir='ltr'><strong>videre</strong></span> <span class='ocrx_word' id='word_1_555' title='bbox 2164 3187 2248 3231; x_wconf 86' lang='lat' dir='ltr'><strong>est</strong></span> <span class='ocrx_word' id='word_1_556' title='bbox 2277 3179 2505 3247; x_wconf 86' lang='lat' dir='ltr'><strong>puerilis</strong></span> <span class='ocrx_word' id='word_1_557' title='bbox 2548 3178 2745 3245; x_wconf 78' lang='lat' dir='ltr'><strong>aetatis,</strong></span> <span class='ocrx_word' id='word_1_558' title='bbox 2773 3177 2998 3232; x_wconf 86' lang='lat' dir='ltr'><strong>multam</strong></span> <span class='ocrx_word' id='word_1_559' title='bbox 3044 3175 3250 3229; x_wconf 87' lang='lat' dir='ltr'><strong>habens</strong></span> <span class='ocrx_word' id='word_1_560' title='bbox 3271 3188 3510 3228; x_wconf 83' lang='lat' dir='ltr'><strong>commo-</strong></span> 
     </span>
    </p>
   </div>
   <div class='ocr_carea' id='block_1_78' title="bbox 1940 3266 3505 3340">
    <p class='ocr_par' dir='ltr' id='par_1_78' title="bbox 1940 3266 3505 3340">
     <span class='ocr_line' id='line_1_78' title="bbox 1940 3266 3505 3340; baseline -0.001 -19"><span class='ocrx_word' id='word_1_561' title='bbox 1940 3268 2141 3323; x_wconf 90' lang='lat' dir='ltr'><strong>tionem</strong></span> <span class='ocrx_word' id='word_1_562' title='bbox 2171 3269 2242 3325; x_wconf 90' lang='lat' dir='ltr'><strong>ob</strong></span> <span class='ocrx_word' id='word_1_563' title='bbox 2275 3270 2544 3325; x_wconf 89' lang='lat' dir='ltr'><strong>inscitiam</strong></span> <span class='ocrx_word' id='word_1_564' title='bbox 2572 3280 2628 3325; x_wconf 90' lang='lat' dir='ltr'><strong>et</strong></span> <span class='ocrx_word' id='word_1_565' title='bbox 2655 3270 3059 3340; x_wconf 87' lang='lat' dir='ltr'><strong>simplicitatem</strong></span> <span class='ocrx_word' id='word_1_566' title='bbox 3101 3283 3164 3322; x_wconf 86' lang='lat' dir='ltr'><strong>ac</strong></span> <span class='ocrx_word' id='word_1_567' title='bbox 3208 3266 3505 3320; x_wconf 85' lang='lat' dir='ltr'><strong>levitatem.</strong></span> 
     </span>
    </p>
   </div>
   <div class='ocr_carea' id='block_1_79' title="bbox 1940 3358 3511 3433">
    <p class='ocr_par' dir='ltr' id='par_1_79' title="bbox 1940 3358 3511 3433">
     <span class='ocr_line' id='line_1_79' title="bbox 1940 3358 3511 3433; baseline -0.003 -20"><span class='ocrx_word' id='word_1_568' title='bbox 1940 3361 2237 3430; x_wconf 75' lang='lat' dir='ltr'><strong>Propterea</strong></span> <span class='ocrx_word' id='word_1_569' title='bbox 2260 3371 2316 3416; x_wconf 90' lang='lat' dir='ltr'><strong>et</strong></span> <span class='ocrx_word' id='word_1_570' title='bbox 2330 3364 2653 3433; x_wconf 67' lang='lat' dir='ltr'><strong>paedagogos</strong></span> <span class='ocrx_word' id='word_1_571' title='bbox 2670 3362 2999 3431; x_wconf 90' lang='lat' dir='ltr'><strong>apponimus</strong></span> <span class='ocrx_word' id='word_1_572' title='bbox 3016 3367 3178 3429; x_wconf 85' lang='lat' dir='ltr'><strong>atque</strong></span> <span class='ocrx_word' id='word_1_573' title='bbox 3199 3358 3511 3427; x_wconf 80' lang='lat' dir='ltr'><strong>magistros,</strong></span> 
     </span>
    </p>
   </div>
   <div class='ocr_carea' id='block_1_80' title="bbox 1939 3449 3511 3525">
    <p class='ocr_par' dir='ltr' id='par_1_80' title="bbox 1939 3449 3511 3525">
     <span class='ocr_line' id='line_1_80' title="bbox 1939 3449 3511 3525; baseline -0.003 -19"><span class='ocrx_word' id='word_1_574' title='bbox 1939 3465 2148 3509; x_wconf 73' lang='lat' dir='ltr'><strong>natum</strong></span> <span class='ocrx_word' id='word_1_575' title='bbox 2188 3454 2461 3510; x_wconf 80' lang='lat' dir='ltr'><strong>defectum</strong></span> <span class='ocrx_word' id='word_1_576' title='bbox 2513 3468 2648 3509; x_wconf 78' lang='lat' dir='ltr'><strong>cura</strong></span> <span class='ocrx_word' id='word_1_577' title='bbox 2675 3455 3014 3525; x_wconf 71' lang='lat' dir='ltr'><strong>supplentes,</strong></span> <span class='ocrx_word' id='word_1_578' title='bbox 3064 3453 3204 3507; x_wconf 77' lang='lat' dir='ltr'><strong>sicut</strong></span> <span class='ocrx_word' id='word_1_579' title='bbox 3257 3451 3313 3505; x_wconf 91' lang='lat' dir='ltr'><strong>in</strong></span> <span class='ocrx_word' id='word_1_580' title='bbox 3370 3449 3511 3502; x_wconf 90' lang='lat' dir='ltr'><strong>mari</strong></span> 
     </span>
    </p>
   </div>
   <div class='ocr_carea' id='block_1_81' title="bbox 1941 3539 3512 3613">
    <p class='ocr_par' dir='ltr' id='par_1_81' title="bbox 1941 3539 3512 3613">
     <span class='ocr_line' id='line_1_81' title="bbox 1941 3539 3512 3613; baseline -0.003 -17"><span class='ocrx_word' id='word_1_581' title='bbox 1941 3543 2290 3612; x_wconf 84' lang='lat' dir='ltr'><strong>providemus</strong></span> <span class='ocrx_word' id='word_1_582' title='bbox 2310 3544 2659 3613; x_wconf 79' lang='lat' dir='ltr'><strong>gubernandi</strong></span> <span class='ocrx_word' id='word_1_583' title='bbox 2682 3556 2818 3599; x_wconf 87' lang='lat' dir='ltr'><strong>arte.</strong></span> <span class='ocrx_word' id='word_1_584' title='bbox 2862 3544 3013 3598; x_wconf 83' lang='lat' dir='ltr'><strong>Hanc</strong></span> <span class='ocrx_word' id='word_1_585' title='bbox 3060 3550 3272 3597; x_wconf 63' lang='lat' dir='ltr'><strong>astatem</strong></span> <span class='ocrx_word' id='word_1_586' title='bbox 3304 3539 3512 3609; x_wconf 81' lang='lat' dir='ltr'><strong>excipit</strong></span> 
     </span>
    </p>
   </div>
   <div class='ocr_carea' id='block_1_82' title="bbox 1940 3631 3521 3703">
    <p class='ocr_par' dir='ltr' id='par_1_82' title="bbox 1940 3631 3521 3703">
     <span class='ocr_line' id='line_1_82' title="bbox 1940 3631 3521 3703; baseline -0.003 -16"><span class='ocrx_word' id='word_1_587' title='bbox 1940 3634 2324 3691; x_wconf 76' lang='lat' dir='ltr'><strong>adolescentia:</strong></span> <span class='ocrx_word' id='word_1_588' title='bbox 2351 3652 2522 3703; x_wconf 91' lang='lat' dir='ltr'><strong>mare,</strong></span> <span class='ocrx_word' id='word_1_589' title='bbox 2573 3636 2664 3691; x_wconf 91' lang='lat' dir='ltr'><strong>ubi</strong></span> <span class='ocrx_word' id='word_1_590' title='bbox 2701 3636 3055 3690; x_wconf 86' lang='lat' dir='ltr'><strong>vehementes</strong></span> <span class='ocrx_word' id='word_1_591' title='bbox 3082 3633 3248 3696; x_wconf 88' lang='lat' dir='ltr'><strong>venti,</strong></span> <span class='ocrx_word' id='word_1_592' title='bbox 3282 3632 3428 3686; x_wconf 88' lang='lat' dir='ltr'><strong>sicut</strong></span> <span class='ocrx_word' id='word_1_593' title='bbox 3456 3631 3521 3683; x_wconf 33' lang='lat' dir='ltr'><strong>inv</strong></span> 
     </span>
    </p>
   </div>
   <div class='ocr_carea' id='block_1_83' title="bbox 1939 3721 3515 3796">
    <p class='ocr_par' dir='ltr' id='par_1_83' title="bbox 1939 3721 3515 3796">
     <span class='ocr_line' id='line_1_83' title="bbox 1939 3721 3515 3796; baseline -0.006 -14"><span class='ocrx_word' id='word_1_594' title='bbox 1939 3726 2149 3796; x_wconf 66' lang='grc' dir='ltr'><strong>Ᾱιίεαξο.</strong></span> <span class='ocrx_word' id='word_1_595' title='bbox 2188 3736 2346 3783; x_wconf 89' lang='lat' dir='ltr'><strong>aucta</strong></span> <span class='ocrx_word' id='word_1_596' title='bbox 2390 3728 2443 3781; x_wconf 93' lang='lat' dir='ltr'><strong>in</strong></span> <span class='ocrx_word' id='word_1_597' title='bbox 2485 3728 2644 3783; x_wconf 87' lang='lat' dir='ltr'><strong>nobis</strong></span> <span class='ocrx_word' id='word_1_598' title='bbox 2687 3724 3151 3796; x_wconf 88' lang='lat' dir='ltr'><strong>concupiscentia.</strong></span> <span class='ocrx_word' id='word_1_599' title='bbox 3185 3726 3363 3791; x_wconf 82' lang='lat' dir='ltr'><strong>Atque</strong></span> <span class='ocrx_word' id='word_1_600' title='bbox 3399 3721 3515 3774; x_wconf 59' lang='lat' dir='ltr'><strong>hac</strong></span> 
     </span>
    </p>
   </div>
   <div class='ocr_carea' id='block_1_84' title="bbox 1942 3811 3523 3890">
    <p class='ocr_par' dir='ltr' id='par_1_84' title="bbox 1942 3811 3523 3890">
     <span class='ocr_line' id='line_1_84' title="bbox 1942 3811 3523 3890; baseline -0.006 -16"><span class='ocrx_word' id='word_1_601' title='bbox 1942 3822 2286 3890; x_wconf 88' lang='lat' dir='ltr'><strong>potissimum</strong></span> <span class='ocrx_word' id='word_1_602' title='bbox 2307 3830 2440 3876; x_wconf 62' lang='lat' dir='ltr'><strong>aetas</strong></span> <span class='ocrx_word' id='word_1_603' title='bbox 2461 3820 2820 3876; x_wconf 81' lang='lat' dir='ltr'><strong>emendatore</strong></span> <span class='ocrx_word' id='word_1_604' title='bbox 2843 3827 2996 3873; x_wconf 89' lang='lat' dir='ltr'><strong>caret</strong></span> <span class='ocrx_word' id='word_1_605' title='bbox 3018 3857 3032 3880; x_wconf 90' lang='lat'><strong>,</strong></span> <span class='ocrx_word' id='word_1_606' title='bbox 3058 3830 3165 3871; x_wconf 88' lang='lat' dir='ltr'><strong>non</strong></span> <span class='ocrx_word' id='word_1_607' title='bbox 3189 3814 3364 3870; x_wconf 91' lang='lat' dir='ltr'><strong>solum</strong></span> <span class='ocrx_word' id='word_1_608' title='bbox 3389 3811 3523 3883; x_wconf 84' lang='lat' dir='ltr'><strong>quia-</strong></span> 
     </span>
    </p>
   </div>
   <div class='ocr_carea' id='block_1_85' title="bbox 1944 3910 3521 3979">
    <p class='ocr_par' dir='ltr' id='par_1_85' title="bbox 1944 3910 3521 3979">
     <span class='ocr_line' id='line_1_85' title="bbox 1944 3910 3521 3979; baseline -0.004 -16"><span class='ocrx_word' id='word_1_609' title='bbox 1944 3912 2323 3967; x_wconf 88' lang='lat' dir='ltr'><strong>vehementius</strong></span> <span class='ocrx_word' id='word_1_610' title='bbox 2362 3911 2601 3976; x_wconf 80' lang='lat' dir='ltr'><strong>fastidit,</strong></span> <span class='ocrx_word' id='word_1_611' title='bbox 2627 3911 2729 3965; x_wconf 80' lang='lat' dir='ltr'><strong>sed</strong></span> <span class='ocrx_word' id='word_1_612' title='bbox 2763 3910 2891 3979; x_wconf 78' lang='lat' dir='ltr'><strong>quia</strong></span> <span class='ocrx_word' id='word_1_613' title='bbox 2933 3915 3152 3977; x_wconf 90' lang='lat' dir='ltr'><strong>peccata</strong></span> <span class='ocrx_word' id='word_1_614' title='bbox 3177 3921 3286 3961; x_wconf 92' lang='lat' dir='ltr'><strong>non</strong></span> <span class='ocrx_word' id='word_1_615' title='bbox 3328 3920 3521 3975; x_wconf 85' lang='lat' dir='ltr'><strong>repre-</strong></span> 
     </span>
    </p>
   </div>
   <div class='ocr_carea' id='block_1_86' title="bbox 1943 3995 3518 4071">
    <p class='ocr_par' dir='ltr' id='par_1_86' title="bbox 1943 3995 3518 4071">
     <span class='ocr_line' id='line_1_86' title="bbox 1943 3995 3518 4071; baseline -0.006 -14"><span class='ocrx_word' id='word_1_616' title='bbox 1943 4002 2298 4068; x_wconf 86' lang='lat' dir='ltr'><strong>henduntur;</strong></span> <span class='ocrx_word' id='word_1_617' title='bbox 2326 4018 2447 4056; x_wconf 91' lang='lat' dir='ltr'><strong>nam</strong></span> <span class='ocrx_word' id='word_1_618' title='bbox 2480 4002 2738 4071; x_wconf 77' lang='lat' dir='ltr'><strong>magister</strong></span> <span class='ocrx_word' id='word_1_619' title='bbox 2757 4010 2814 4055; x_wconf 92' lang='lat' dir='ltr'><strong>et</strong></span> <span class='ocrx_word' id='word_1_620' title='bbox 2851 3999 3205 4069; x_wconf 60' lang='lat' dir='ltr'><strong>paedagogus</strong></span> <span class='ocrx_word' id='word_1_621' title='bbox 3237 3997 3348 4067; x_wconf 80' lang='lat' dir='ltr'><strong>iam</strong></span> <span class='ocrx_word' id='word_1_622' title='bbox 3388 3995 3518 4049; x_wconf 80' lang='lat' dir='ltr'><strong>sub-</strong></span> 
     </span>
    </p>
   </div>
   <div class='ocr_carea' id='block_1_87' title="bbox 1943 4082 3519 4161">
    <p class='ocr_par' dir='ltr' id='par_1_87' title="bbox 1943 4082 3519 4161">
     <span class='ocr_line' id='line_1_87' title="bbox 1943 4082 3519 4161; baseline -0.007 -15"><span class='ocrx_word' id='word_1_623' title='bbox 1943 4092 2076 4148; x_wconf 89' lang='lat' dir='ltr'><strong>moti</strong></span> <span class='ocrx_word' id='word_1_624' title='bbox 2129 4092 2305 4147; x_wconf 89' lang='lat' dir='ltr'><strong>fuere.</strong></span> <span class='ocrx_word' id='word_1_625' title='bbox 2339 4091 2475 4147; x_wconf 87' lang='lat' dir='ltr'><strong>Cum</strong></span> <span class='ocrx_word' id='word_1_626' title='bbox 2500 4107 2631 4161; x_wconf 76' lang='lat' dir='ltr'><strong>ergo</strong></span> <span class='ocrx_word' id='word_1_627' title='bbox 2680 4089 2826 4144; x_wconf 91' lang='lat' dir='ltr'><strong>venti</strong></span> <span class='ocrx_word' id='word_1_628' title='bbox 2872 4087 3096 4158; x_wconf 87' lang='lat' dir='ltr'><strong>quidem</strong></span> <span class='ocrx_word' id='word_1_629' title='bbox 3140 4082 3519 4140; x_wconf 85' lang='lat' dir='ltr'><strong>vehementius</strong></span> 
     </span>
    </p>
   </div>
   <div class='ocr_carea' id='block_1_88' title="bbox 1945 4180 3519 4254">
    <p class='ocr_par' dir='ltr' id='par_1_88' title="bbox 1945 4180 3519 4254">
     <span class='ocr_line' id='line_1_88' title="bbox 1945 4180 3519 4254; baseline -0.007 -16"><span class='ocrx_word' id='word_1_630' title='bbox 1945 4183 2100 4250; x_wconf 86' lang='lat' dir='ltr'><strong>flant,</strong></span> <span class='ocrx_word' id='word_1_631' title='bbox 2147 4183 2481 4254; x_wconf 74' lang='lat' dir='ltr'><strong>gubernator</strong></span> <span class='ocrx_word' id='word_1_632' title='bbox 2509 4196 2639 4236; x_wconf 84' lang='lat' dir='ltr'><strong>vero</strong></span> <span class='ocrx_word' id='word_1_633' title='bbox 2684 4180 2953 4235; x_wconf 87' lang='lat' dir='ltr'><strong>infirmior</strong></span> <span class='ocrx_word' id='word_1_634' title='bbox 3003 4186 3105 4240; x_wconf 89' lang='lat' dir='ltr'><strong>est,</strong></span> <span class='ocrx_word' id='word_1_635' title='bbox 3136 4184 3193 4229; x_wconf 86' lang='lat' dir='ltr'><strong>et</strong></span> <span class='ocrx_word' id='word_1_636' title='bbox 3239 4184 3519 4243; x_wconf 89' lang='lat' dir='ltr'><strong>protector</strong></span> 
     </span>
    </p>
   </div>
   <div class='ocr_carea' id='block_1_89' title="bbox 1947 4265 3521 4343">
    <p class='ocr_par' dir='ltr' id='par_1_89' title="bbox 1947 4265 3521 4343">
     <span class='ocr_line' id='line_1_89' title="bbox 1947 4265 3521 4343; baseline -0.008 -12"><span class='ocrx_word' id='word_1_637' title='bbox 1947 4276 2132 4331; x_wconf 81' lang='lat' dir='ltr'><strong>nullus</strong></span> <span class='ocrx_word' id='word_1_638' title='bbox 2148 4286 2253 4340; x_wconf 91' lang='lat' dir='ltr'><strong>est,</strong></span> <span class='ocrx_word' id='word_1_639' title='bbox 2277 4274 2564 4330; x_wconf 86' lang='lat' dir='ltr'><strong>considera</strong></span> <span class='ocrx_word' id='word_1_640' title='bbox 2584 4281 2784 4343; x_wconf 88' lang='lat' dir='ltr'><strong>quanta</strong></span> <span class='ocrx_word' id='word_1_641' title='bbox 2815 4272 2886 4326; x_wconf 91' lang='lat' dir='ltr'><strong>sit</strong></span> <span class='ocrx_word' id='word_1_642' title='bbox 2917 4278 3231 4339; x_wconf 81' lang='lat' dir='ltr'><strong>tempestas.</strong></span> <span class='ocrx_word' id='word_1_643' title='bbox 3255 4265 3521 4320; x_wconf 84' lang='lat' dir='ltr'><strong>Posthinc</strong></span> 
     </span>
    </p>
   </div>
   <div class='ocr_carea' id='block_1_90' title="bbox 1948 4358 3520 4435">
    <p class='ocr_par' dir='ltr' id='par_1_90' title="bbox 1948 4358 3520 4435">
     <span class='ocr_line' id='line_1_90' title="bbox 1948 4358 3520 4435; baseline -0.01 -13"><span class='ocrx_word' id='word_1_644' title='bbox 1948 4368 2129 4422; x_wconf 91' lang='lat' dir='ltr'><strong>adhuc</strong></span> <span class='ocrx_word' id='word_1_645' title='bbox 2166 4366 2270 4421; x_wconf 88' lang='lat' dir='ltr'><strong>alia</strong></span> <span class='ocrx_word' id='word_1_646' title='bbox 2296 4364 2472 4421; x_wconf 74' lang='lat' dir='ltr'><strong>aetatis</strong></span> <span class='ocrx_word' id='word_1_647' title='bbox 2506 4380 2653 4435; x_wconf 89' lang='lat' dir='ltr'><strong>pars,</strong></span> <span class='ocrx_word' id='word_1_648' title='bbox 2685 4377 2884 4432; x_wconf 87' lang='lat' dir='ltr'><strong>nempe</strong></span> <span class='ocrx_word' id='word_1_649' title='bbox 2924 4360 3099 4415; x_wconf 86' lang='lat' dir='ltr'><strong>virilis</strong></span> <span class='ocrx_word' id='word_1_650' title='bbox 3128 4358 3301 4421; x_wconf 90' lang='lat' dir='ltr'><strong>subit,</strong></span> <span class='ocrx_word' id='word_1_651' title='bbox 3326 4358 3381 4410; x_wconf 91' lang='lat' dir='ltr'><strong>in</strong></span> <span class='ocrx_word' id='word_1_652' title='bbox 3412 4371 3520 4424; x_wconf 88' lang='lat' dir='ltr'><strong>qua</strong></span> 
     </span>
    </p>
   </div>
   <div class='ocr_carea' id='block_1_91' title="bbox 1950 4449 3521 4525">
    <p class='ocr_par' dir='ltr' id='par_1_91' title="bbox 1950 4449 3521 4525">
     <span class='ocr_line' id='line_1_91' title="bbox 1950 4449 3521 4525; baseline -0.01 -11"><span class='ocrx_word' id='word_1_653' title='bbox 1950 4461 2028 4514; x_wconf 83' lang='lat' dir='ltr'><strong>rei</strong></span> <span class='ocrx_word' id='word_1_654' title='bbox 2052 4459 2343 4513; x_wconf 85' lang='lat' dir='ltr'><strong>familiaris</strong></span> <span class='ocrx_word' id='word_1_655' title='bbox 2366 4473 2519 4522; x_wconf 85' lang='lat' dir='ltr'><strong>cura,</strong></span> <span class='ocrx_word' id='word_1_656' title='bbox 2546 4457 2605 4511; x_wconf 80' lang='lat' dir='ltr'><strong>in</strong></span> <span class='ocrx_word' id='word_1_657' title='bbox 2631 4471 2736 4525; x_wconf 90' lang='lat' dir='ltr'><strong>qua</strong></span> <span class='ocrx_word' id='word_1_658' title='bbox 2766 4470 2924 4519; x_wconf 79' lang='lat' dir='ltr'><strong>uxor,</strong></span> <span class='ocrx_word' id='word_1_659' title='bbox 2956 4452 3185 4523; x_wconf 63' lang='lat' dir='ltr'><strong>nuptia,</strong></span> <span class='ocrx_word' id='word_1_660' title='bbox 3218 4449 3521 4504; x_wconf 85' lang='lat' dir='ltr'><strong>liberorum</strong></span> 
     </span>
    </p>
   </div>
   <div class='ocr_carea' id='block_1_92' title="bbox 275 4540 1834 4624">
    <p class='ocr_par' dir='ltr' id='par_1_92' title="bbox 275 4547 1834 4624">
     <span class='ocr_line' id='line_1_92' title="bbox 275 4547 1834 4624; baseline -0.003 -19"><span class='ocrx_word' id='word_1_661' title='bbox 275 4556 542 4623; x_wconf 77' lang='grc' dir='ltr'>χειμῶνος</span> <span class='ocrx_word' id='word_1_662' title='bbox 579 4556 645 4608; x_wconf 77' lang='grc' dir='ltr'>τὸ</span> <span class='ocrx_word' id='word_1_663' title='bbox 664 4553 917 4624; x_wconf 84' lang='grc' dir='ltr'>μέγεθος.</span> <span class='ocrx_word' id='word_1_664' title='bbox 942 4549 1098 4607; x_wconf 74' lang='grc' dir='ltr'>Μετὰ</span> <span class='ocrx_word' id='word_1_665' title='bbox 1125 4550 1286 4604; x_wconf 84' lang='grc' dir='ltr'>τοῦτο</span> <span class='ocrx_word' id='word_1_666' title='bbox 1311 4549 1476 4606; x_wconf 76' lang='grc' dir='ltr'>πάλιν</span> <span class='ocrx_word' id='word_1_667' title='bbox 1503 4548 1692 4617; x_wconf 76' lang='grc' dir='ltr'>ἓτερον</span> <span class='ocrx_word' id='word_1_668' title='bbox 1751 4547 1834 4617; x_wconf 88' lang='grc' dir='ltr'>μέ-</span> 
     </span>
    </p>
   </div>
   <div class='ocr_carea' id='block_1_93' title="bbox 1940 4540 3520 4624">
    <p class='ocr_par' dir='ltr' id='par_1_93' title="bbox 1951 4540 3520 4620">
     <span class='ocr_line' id='line_1_93' title="bbox 1951 4540 3520 4620; baseline -0.008 -17"><span class='ocrx_word' id='word_1_669' title='bbox 1951 4550 2287 4620; x_wconf 86' lang='lat' dir='ltr'><strong>procreatio,</strong></span> <span class='ocrx_word' id='word_1_670' title='bbox 2312 4549 2507 4603; x_wconf 89' lang='lat' dir='ltr'><strong>domus</strong></span> <span class='ocrx_word' id='word_1_671' title='bbox 2541 4546 2806 4618; x_wconf 69' lang='lat' dir='ltr'><strong>regimen,</strong></span> <span class='ocrx_word' id='word_1_672' title='bbox 2824 4555 2883 4601; x_wconf 83' lang='lat' dir='ltr'><strong>et</strong></span> <span class='ocrx_word' id='word_1_673' title='bbox 2907 4545 3065 4599; x_wconf 88' lang='lat' dir='ltr'><strong>multi</strong></span> <span class='ocrx_word' id='word_1_674' title='bbox 3088 4540 3520 4599; x_wconf 86' lang='lat' dir='ltr'><strong>sollicitudinum</strong></span> 
     </span>
    </p>
   </div>
   <div class='ocr_carea' id='block_1_94' title="bbox 278 4636 1845 4719">
    <p class='ocr_par' dir='ltr' id='par_1_94' title="bbox 278 4636 1845 4719">
     <span class='ocr_line' id='line_1_94' title="bbox 278 4636 1845 4719; baseline -0.002 -23"><span class='ocrx_word' id='word_1_675' title='bbox 278 4660 362 4712; x_wconf 88' lang='grc' dir='ltr'><strong>ρος</strong></span> <span class='ocrx_word' id='word_1_676' title='bbox 380 4650 481 4719; x_wconf 78' lang='grc' dir='ltr'>τῆς</span> <span class='ocrx_word' id='word_1_677' title='bbox 510 4647 753 4717; x_wconf 77' lang='grc' dir='ltr'>ἡλικίας,</span> <span class='ocrx_word' id='word_1_678' title='bbox 789 4647 850 4700; x_wconf 83' lang='grc' dir='ltr'>τὸ</span> <span class='ocrx_word' id='word_1_679' title='bbox 868 4646 980 4699; x_wconf 83' lang='grc' dir='ltr'><strong>τῶν</strong></span> <span class='ocrx_word' id='word_1_680' title='bbox 1011 4645 1220 4715; x_wconf 81' lang='grc' dir='ltr'>ἀνδρῶν</span> <span class='ocrx_word' id='word_1_681' title='bbox 1245 4644 1479 4706; x_wconf 76' lang='grc' dir='ltr'>ἔπεισιν,</span> <span class='ocrx_word' id='word_1_682' title='bbox 1510 4642 1567 4693; x_wconf 77' lang='grc' dir='ltr'>ὲν</span> <span class='ocrx_word' id='word_1_683' title='bbox 1588 4636 1632 4708; x_wconf 83' lang='grc' dir='ltr'>ᾧ</span> <span class='ocrx_word' id='word_1_684' title='bbox 1658 4642 1725 4694; x_wconf 87' lang='grc' dir='ltr'>τὰ</span> <span class='ocrx_word' id='word_1_685' title='bbox 1746 4644 1845 4711; x_wconf 81' lang='grc' dir='ltr'>τῆς</span> 
     </span>
    </p>
   </div>
   <div class='ocr_carea' id='block_1_95' title="bbox 275 4734 1846 4811">
    <p class='ocr_par' dir='ltr' id='par_1_95' title="bbox 275 4734 1846 4811">
     <span class='ocr_line' id='line_1_95' title="bbox 275 4734 1846 4811; baseline -0.001 -22"><span class='ocrx_word' id='word_1_686' title='bbox 275 4740 589 4811; x_wconf 74' lang='grc' dir='ltr'>οἰκονομίας</span> <span class='ocrx_word' id='word_1_687' title='bbox 614 4741 892 4794; x_wconf 73' lang='grc' dir='ltr'>έπίκειται</span> <span class='ocrx_word' id='word_1_688' title='bbox 926 4753 942 4768; x_wconf 83' lang='lat'><strong><em>°</em></strong></span> <span class='ocrx_word' id='word_1_689' title='bbox 976 4739 1066 4793; x_wconf 86' lang='grc' dir='ltr'><strong>δτε</strong></span> <span class='ocrx_word' id='word_1_690' title='bbox 1112 4738 1170 4791; x_wconf 63' lang='grc' dir='ltr'>δὲ</span> <span class='ocrx_word' id='word_1_691' title='bbox 1201 4735 1339 4806; x_wconf 82' lang='grc' dir='ltr'>γυνὴ</span> <span class='ocrx_word' id='word_1_692' title='bbox 1370 4736 1466 4788; x_wconf 79' lang='grc' dir='ltr'>καὶ</span> <span class='ocrx_word' id='word_1_693' title='bbox 1523 4734 1701 4802; x_wconf 82' lang='grc' dir='ltr'>γάμος</span> <span class='ocrx_word' id='word_1_694' title='bbox 1748 4737 1846 4788; x_wconf 77' lang='grc' dir='ltr'>καὶ</span> 
     </span>
    </p>
   </div>
   <div class='ocr_carea' id='block_1_96' title="bbox 1954 4634 3524 4710">
    <p class='ocr_par' dir='ltr' id='par_1_96' title="bbox 1954 4634 3524 4710">
     <span class='ocr_line' id='line_1_96' title="bbox 1954 4634 3524 4710; baseline -0.007 -15"><span class='ocrx_word' id='word_1_695' title='bbox 1954 4640 2165 4695; x_wconf 90' lang='lat' dir='ltr'><strong>nimbi:</strong></span> <span class='ocrx_word' id='word_1_696' title='bbox 2197 4650 2439 4710; x_wconf 86' lang='lat' dir='ltr'><strong>tuncque</strong></span> <span class='ocrx_word' id='word_1_697' title='bbox 2480 4640 2757 4710; x_wconf 72' lang='lat' dir='ltr'><strong>prazcipue</strong></span> <span class='ocrx_word' id='word_1_698' title='bbox 2789 4637 3018 4693; x_wconf 87' lang='lat' dir='ltr'><strong>avaritia</strong></span> <span class='ocrx_word' id='word_1_699' title='bbox 3044 4634 3337 4691; x_wconf 78' lang='lat' dir='ltr'><strong>cﬂlorescit</strong></span> <span class='ocrx_word' id='word_1_700' title='bbox 3360 4641 3524 4702; x_wconf 88' lang='lat' dir='ltr'><strong>atque</strong></span> 
     </span>
    </p>
   </div>
   <div class='ocr_carea' id='block_1_97' title="bbox 1949 4733 2185 4789">
    <p class='ocr_par' dir='ltr' id='par_1_97' title="bbox 1949 4733 2185 4789">
     <span class='ocr_line' id='line_1_97' title="bbox 1949 4733 2185 4789; baseline 0.004 -1"><span class='ocrx_word' id='word_1_701' title='bbox 1949 4733 2185 4789; x_wconf 65' lang='lat' dir='ltr'><strong>invidia.</strong></span> 
     </span>
    </p>
   </div>
   <div class='ocr_carea' id='block_1_98' title="bbox 222 4818 3528 4922">
    <p class='ocr_par' dir='ltr' id='par_1_98' title="bbox 222 4818 3528 4922">
     <span class='ocr_line' id='line_1_98' title="bbox 222 4818 3528 4922; baseline -0.005 -34"><span class='ocrx_word' id='word_1_702' title='bbox 222 4906 237 4922; x_wconf 42' lang='lat'><strong>‘</strong></span> <span class='ocrx_word' id='word_1_703' title='bbox 277 4838 589 4893; x_wconf 82' lang='grc' dir='ltr'>παιδοποιία</span> <span class='ocrx_word' id='word_1_704' title='bbox 621 4838 717 4903; x_wconf 77' lang='grc' dir='ltr'>καὶ</span> <span class='ocrx_word' id='word_1_705' title='bbox 737 4836 916 4901; x_wconf 86' lang='grc' dir='ltr'>οίκίας</span> <span class='ocrx_word' id='word_1_706' title='bbox 960 4831 1292 4907; x_wconf 85' lang='grc' dir='ltr'>προστασία,</span> <span class='ocrx_word' id='word_1_707' title='bbox 1352 4832 1447 4885; x_wconf 80' lang='grc' dir='ltr'>καὶ</span> <span class='ocrx_word' id='word_1_708' title='bbox 1495 4831 1695 4884; x_wconf 72' lang='grc' dir='ltr'>πολλαὶ</span> <span class='ocrx_word' id='word_1_709' title='bbox 1746 4830 1855 4884; x_wconf 76' lang='grc' dir='ltr'><strong>τῶν</strong></span> <span class='ocrx_word' id='word_1_710' title='bbox 1930 4832 2231 4901; x_wconf 79' lang='grc' dir='ltr'>φροντίδων</span> <span class='ocrx_word' id='word_1_711' title='bbox 2278 4831 2532 4901; x_wconf 73' lang='grc' dir='ltr'>νιφάδες,</span> <span class='ocrx_word' id='word_1_712' title='bbox 2571 4829 2694 4884; x_wconf 84' lang='grc' dir='ltr'>τότε</span> <span class='ocrx_word' id='word_1_713' title='bbox 2745 4825 2981 4898; x_wconf 71' lang='grc' dir='ltr'>μάλιστα</span> <span class='ocrx_word' id='word_1_714' title='bbox 3017 4823 3113 4877; x_wconf 77' lang='grc' dir='ltr'>καὶ</span> <span class='ocrx_word' id='word_1_715' title='bbox 3191 4818 3528 4890; x_wconf 78' lang='grc' dir='ltr'>φιλαργυρία</span> 
     </span>
    </p>
   </div>
   <div class='ocr_carea' id='block_1_99' title="bbox 275 4930 925 5003">
    <p class='ocr_par' dir='ltr' id='par_1_99' title="bbox 275 4930 925 5003">
     <span class='ocr_line' id='line_1_99' title="bbox 275 4930 925 5003; baseline 0.005 -21"><span class='ocrx_word' id='word_1_716' title='bbox 275 4930 423 4986; x_wconf 73' lang='grc' dir='ltr'>ἀνθεῖ</span> <span class='ocrx_word' id='word_1_717' title='bbox 484 4933 579 4988; x_wconf 76' lang='grc' dir='ltr'>καὶ</span> <span class='ocrx_word' id='word_1_718' title='bbox 637 4932 925 5003; x_wconf 86' lang='grc' dir='ltr'>βασκανία.</span> 
     </span>
    </p>
   </div>
   <div class='ocr_carea' id='block_1_100' title="bbox 225 5015 1855 5089">
    <p class='ocr_par' dir='ltr' id='par_1_100' title="bbox 225 5015 1855 5089">
     <span class='ocr_line' id='line_1_100' title="bbox 225 5015 1855 5089; baseline -0.008 -9"><span class='ocrx_word' id='word_1_719' title='bbox 225 5017 250 5058; x_wconf 64' lang='grc'>⁸</span> <span class='ocrx_word' id='word_1_720' title='bbox 349 5026 429 5082; x_wconf 81' lang='grc' dir='ltr'>ιδ’.</span> <span class='ocrx_word' id='word_1_721' title='bbox 466 5027 635 5079; x_wconf 84' lang='grc' dir='ltr'>Ὅταν</span> <span class='ocrx_word' id='word_1_722' title='bbox 660 5020 755 5077; x_wconf 81' lang='grc' dir='ltr'>οὖν</span> <span class='ocrx_word' id='word_1_723' title='bbox 777 5022 1009 5075; x_wconf 70' lang='grc' dir='ltr'>ἕκαστον</span> <span class='ocrx_word' id='word_1_724' title='bbox 1040 5021 1206 5089; x_wconf 87' lang='grc' dir='ltr'>μέρος</span> <span class='ocrx_word' id='word_1_725' title='bbox 1246 5017 1347 5087; x_wconf 81' lang='grc' dir='ltr'>τῆς</span> <span class='ocrx_word' id='word_1_726' title='bbox 1376 5015 1605 5086; x_wconf 71' lang='grc' dir='ltr'>ἡλικίας</span> <span class='ocrx_word' id='word_1_727' title='bbox 1638 5028 1855 5087; x_wconf 58' lang='grc' dir='ltr'>παρερί</span> 
     </span>
    </p>
   </div>
   <div class='ocr_carea' id='block_1_101' title="bbox 280 5106 1853 5189">
    <p class='ocr_par' dir='ltr' id='par_1_101' title="bbox 280 5106 1853 5189">
     <span class='ocr_line' id='line_1_101' title="bbox 280 5106 1853 5189; baseline -0.006 -19"><span class='ocrx_word' id='word_1_728' title='bbox 280 5119 506 5189; x_wconf 75' lang='grc' dir='ltr'>χώμεθα</span> <span class='ocrx_word' id='word_1_729' title='bbox 542 5120 681 5187; x_wconf 76' lang='grc' dir='ltr'>μετὰ</span> <span class='ocrx_word' id='word_1_730' title='bbox 708 5115 1007 5183; x_wconf 85' lang='grc' dir='ltr'>ναυαγίων,</span> <span class='ocrx_word' id='word_1_731' title='bbox 1038 5110 1155 5175; x_wconf 85' lang='grc' dir='ltr'><strong>πῶς</strong></span> <span class='ocrx_word' id='word_1_732' title='bbox 1204 5110 1515 5179; x_wconf 82' lang='grc' dir='ltr'>ἀρκέσομεν</span> <span class='ocrx_word' id='word_1_733' title='bbox 1545 5110 1610 5178; x_wconf 82' lang='grc' dir='ltr'>τῇ</span> <span class='ocrx_word' id='word_1_734' title='bbox 1646 5106 1853 5177; x_wconf 77' lang='grc' dir='ltr'>παρού-</span> 
     </span>
    </p>
   </div>
   <div class='ocr_carea' id='block_1_102' title="bbox 282 5199 1849 5282">
    <p class='ocr_par' dir='ltr' id='par_1_102' title="bbox 282 5199 1849 5282">
     <span class='ocr_line' id='line_1_102' title="bbox 282 5199 1849 5282; baseline -0.011 -15"><span class='ocrx_word' id='word_1_735' title='bbox 282 5224 349 5282; x_wconf 82' lang='grc' dir='ltr'>σῃ</span> <span class='ocrx_word' id='word_1_736' title='bbox 380 5211 495 5282; x_wconf 78' lang='grc' dir='ltr'><strong>ζωῇ</strong></span> <span class='ocrx_word' id='word_1_737' title='bbox 523 5229 537 5278; x_wconf 91' lang='lat'><strong>;</strong></span> <span class='ocrx_word' id='word_1_738' title='bbox 568 5210 685 5273; x_wconf 81' lang='grc' dir='ltr'><strong>πῶς</strong></span> <span class='ocrx_word' id='word_1_739' title='bbox 708 5209 809 5280; x_wconf 75' lang='grc' dir='ltr'>τὴν</span> <span class='ocrx_word' id='word_1_740' title='bbox 842 5204 1144 5277; x_wconf 84' lang='grc' dir='ltr'>μέλλουσαν</span> <span class='ocrx_word' id='word_1_741' title='bbox 1168 5199 1568 5272; x_wconf 77' lang='grc' dir='ltr'>διαφευξόμεθα</span> <span class='ocrx_word' id='word_1_742' title='bbox 1586 5199 1807 5252; x_wconf 84' lang='grc' dir='ltr'>κόλασιν</span> <span class='ocrx_word' id='word_1_743' title='bbox 1833 5215 1849 5264; x_wconf 89' lang='lat'><strong>;</strong></span> 
     </span>
    </p>
   </div>
   <div class='ocr_carea' id='block_1_103' title="bbox 281 5290 1851 5374">
    <p class='ocr_par' dir='ltr' id='par_1_103' title="bbox 281 5290 1851 5374">
     <span class='ocr_line' id='line_1_103' title="bbox 281 5290 1851 5374; baseline -0.009 -18"><span class='ocrx_word' id='word_1_744' title='bbox 281 5302 405 5357; x_wconf 79' lang='grc' dir='ltr'>ὅταν</span> <span class='ocrx_word' id='word_1_745' title='bbox 436 5305 544 5374; x_wconf 79' lang='grc' dir='ltr'>γὰρ</span> <span class='ocrx_word' id='word_1_746' title='bbox 579 5304 637 5355; x_wconf 70' lang='grc' dir='ltr'>ιν</span> <span class='ocrx_word' id='word_1_747' title='bbox 677 5301 777 5371; x_wconf 77' lang='grc' dir='ltr'>μὲν</span> <span class='ocrx_word' id='word_1_748' title='bbox 814 5301 881 5369; x_wconf 71' lang='grc' dir='ltr'>τῇ</span> <span class='ocrx_word' id='word_1_749' title='bbox 913 5296 1111 5368; x_wconf 73' lang='grc' dir='ltr'>πρώτη</span> <span class='ocrx_word' id='word_1_750' title='bbox 1143 5295 1331 5365; x_wconf 78' lang='grc' dir='ltr'>ἡλικίᾳ</span> <span class='ocrx_word' id='word_1_751' title='bbox 1365 5292 1531 5362; x_wconf 72' lang='grc' dir='ltr'>μηδὲν</span> <span class='ocrx_word' id='word_1_752' title='bbox 1570 5290 1851 5360; x_wconf 78' lang='grc' dir='ltr'>μανθάνω-</span> 
     </span>
    </p>
   </div>
   <div class='ocr_carea' id='block_1_104' title="bbox 287 5382 1852 5464">
    <p class='ocr_par' dir='ltr' id='par_1_104' title="bbox 287 5382 1852 5464">
     <span class='ocr_line' id='line_1_104' title="bbox 287 5382 1852 5464; baseline -0.01 -17"><span class='ocrx_word' id='word_1_753' title='bbox 287 5410 384 5459; x_wconf 85' lang='grc' dir='ltr'><strong>μεν</strong></span> <span class='ocrx_word' id='word_1_754' title='bbox 424 5396 602 5464; x_wconf 73' lang='grc' dir='ltr'>ὑγιὶς,</span> <span class='ocrx_word' id='word_1_755' title='bbox 634 5394 693 5447; x_wconf 74' lang='grc' dir='ltr'>ἑν</span> <span class='ocrx_word' id='word_1_756' title='bbox 728 5392 785 5445; x_wconf 66' lang='grc' dir='ltr'>δὲ</span> <span class='ocrx_word' id='word_1_757' title='bbox 808 5395 874 5462; x_wconf 81' lang='grc' dir='ltr'>τῇ</span> <span class='ocrx_word' id='word_1_758' title='bbox 904 5390 1119 5459; x_wconf 85' lang='grc' dir='ltr'>νεότητι</span> <span class='ocrx_word' id='word_1_759' title='bbox 1154 5386 1231 5457; x_wconf 78' lang='grc' dir='ltr'><strong>μὴ</strong></span> <span class='ocrx_word' id='word_1_760' title='bbox 1262 5384 1729 5455; x_wconf 81' lang='grc' dir='ltr'>σωφρονήσωμεν,</span> <span class='ocrx_word' id='word_1_761' title='bbox 1755 5382 1852 5434; x_wconf 72' lang='grc' dir='ltr'>καὶ</span> 
     </span>
    </p>
   </div>
   <div class='ocr_carea' id='block_1_105' title="bbox 286 5474 1853 5556">
    <p class='ocr_par' dir='ltr' id='par_1_105' title="bbox 286 5474 1853 5556">
     <span class='ocr_line' id='line_1_105' title="bbox 286 5474 1853 5556; baseline -0.006 -20"><span class='ocrx_word' id='word_1_762' title='bbox 286 5484 476 5556; x_wconf 77' lang='grc' dir='ltr'>ἄνδρες</span> <span class='ocrx_word' id='word_1_763' title='bbox 527 5488 814 5554; x_wconf 87' lang='grc' dir='ltr'>γενόμενοι</span> <span class='ocrx_word' id='word_1_764' title='bbox 865 5479 1231 5552; x_wconf 81' lang='grc' dir='ltr'>φιλαργυρίας</span> <span class='ocrx_word' id='word_1_765' title='bbox 1291 5478 1367 5549; x_wconf 81' lang='grc' dir='ltr'>μὴ</span> <span class='ocrx_word' id='word_1_766' title='bbox 1413 5474 1853 5546; x_wconf 80' lang='grc' dir='ltr'>περιγενώμεθα,</span> 
     </span>
    </p>
   </div>
   <div class='ocr_carea' id='block_1_106' title="bbox 283 5569 1854 5646">
    <p class='ocr_par' dir='ltr' id='par_1_106' title="bbox 283 5569 1854 5646">
     <span class='ocr_line' id='line_1_106' title="bbox 283 5569 1854 5646; baseline -0.006 -18"><span class='ocrx_word' id='word_1_767' title='bbox 283 5578 399 5631; x_wconf 76' lang='grc' dir='ltr'>τότε</span> <span class='ocrx_word' id='word_1_768' title='bbox 431 5580 618 5646; x_wconf 81' lang='grc' dir='ltr'>ὥσπερ</span> <span class='ocrx_word' id='word_1_769' title='bbox 654 5578 732 5639; x_wconf 83' lang='grc' dir='ltr'><strong>είς</strong></span> <span class='ocrx_word' id='word_1_770' title='bbox 754 5595 874 5631; x_wconf 89' lang='grc' dir='ltr'>τινα</span> <span class='ocrx_word' id='word_1_771' title='bbox 902 5575 1125 5630; x_wconf 81' lang='grc' dir='ltr'>ἀντλίαν</span> <span class='ocrx_word' id='word_1_772' title='bbox 1151 5573 1211 5627; x_wconf 83' lang='grc' dir='ltr'>τὸ</span> <span class='ocrx_word' id='word_1_773' title='bbox 1243 5576 1417 5643; x_wconf 83' lang='grc' dir='ltr'>γῆρας</span> <span class='ocrx_word' id='word_1_774' title='bbox 1453 5570 1719 5633; x_wconf 73' lang='grc' dir='ltr'>ἐλθόντες,</span> <span class='ocrx_word' id='word_1_775' title='bbox 1758 5569 1854 5621; x_wconf 71' lang='grc' dir='ltr'>καὶ</span> 
     </span>
    </p>
   </div>
   <div class='ocr_carea' id='block_1_107' title="bbox 289 5660 1853 5737">
    <p class='ocr_par' dir='ltr' id='par_1_107' title="bbox 289 5660 1853 5737">
     <span class='ocr_line' id='line_1_107' title="bbox 289 5660 1853 5737; baseline -0.003 -16"><span class='ocrx_word' id='word_1_776' title='bbox 289 5670 485 5734; x_wconf 79' lang='grc' dir='ltr'>πάσαις</span> <span class='ocrx_word' id='word_1_777' title='bbox 518 5673 637 5733; x_wconf 79' lang='grc' dir='ltr'>ταῖς</span> <span class='ocrx_word' id='word_1_778' title='bbox 661 5668 865 5737; x_wconf 84' lang='grc' dir='ltr'>πάγαις</span> <span class='ocrx_word' id='word_1_779' title='bbox 910 5668 1135 5729; x_wconf 85' lang='grc' dir='ltr'>ταύταις</span> <span class='ocrx_word' id='word_1_780' title='bbox 1164 5666 1225 5718; x_wconf 79' lang='grc' dir='ltr'>τὸ</span> <span class='ocrx_word' id='word_1_781' title='bbox 1275 5665 1480 5730; x_wconf 67' lang='grc' dir='ltr'>σκάφος</span> <span class='ocrx_word' id='word_1_782' title='bbox 1534 5661 1633 5731; x_wconf 85' lang='grc' dir='ltr'>τῆς</span> <span class='ocrx_word' id='word_1_783' title='bbox 1673 5660 1853 5729; x_wconf 75' lang='grc' dir='ltr'>ψυχῆς</span> 
     </span>
    </p>
   </div>
   <div class='ocr_carea' id='block_1_108' title="bbox 291 5752 1855 5833">
    <p class='ocr_par' dir='ltr' id='par_1_108' title="bbox 291 5752 1855 5833">
     <span class='ocr_line' id='line_1_108' title="bbox 291 5752 1855 5833; baseline -0.004 -25"><span class='ocrx_word' id='word_1_784' title='bbox 291 5756 676 5833; x_wconf 83' lang='grc' dir='ltr'>ἀσθενέστερον</span> <span class='ocrx_word' id='word_1_785' title='bbox 703 5758 1245 5823; x_wconf 78' lang='grc' dir='ltr'>κατασκευάσαντες,</span> <span class='ocrx_word' id='word_1_786' title='bbox 1296 5754 1413 5807; x_wconf 84' lang='grc' dir='ltr'><strong>τῶν</strong></span> <span class='ocrx_word' id='word_1_787' title='bbox 1458 5752 1688 5805; x_wconf 67' lang='grc' dir='ltr'>σανίδων</span> <span class='ocrx_word' id='word_1_788' title='bbox 1739 5752 1855 5804; x_wconf 87' lang='grc' dir='ltr'>δια-</span> 
     </span>
    </p>
   </div>
   <div class='ocr_carea' id='block_1_109' title="bbox 289 5843 1849 5923">
    <p class='ocr_par' dir='ltr' id='par_1_109' title="bbox 289 5843 1849 5923">
     <span class='ocr_line' id='line_1_109' title="bbox 289 5843 1849 5923; baseline -0.004 -21"><span class='ocrx_word' id='word_1_789' title='bbox 289 5846 617 5923; x_wconf 76' lang='grc' dir='ltr'>λελυμένων,</span> <span class='ocrx_word' id='word_1_790' title='bbox 649 5852 1033 5921; x_wconf 76' lang='grc' dir='ltr'>ὰπαντήσομεν</span> <span class='ocrx_word' id='word_1_791' title='bbox 1091 5851 1169 5912; x_wconf 85' lang='grc' dir='ltr'><strong>εἰς</strong></span> <span class='ocrx_word' id='word_1_792' title='bbox 1225 5849 1433 5901; x_wconf 74' lang='grc' dir='ltr'>ἐκεῖνον</span> <span class='ocrx_word' id='word_1_793' title='bbox 1477 5844 1568 5898; x_wconf 71' lang='grc' dir='ltr'><strong>τὸν</strong></span> <span class='ocrx_word' id='word_1_794' title='bbox 1632 5843 1849 5913; x_wconf 74' lang='grc' dir='ltr'>λιμένα,</span> 
     </span>
    </p>
   </div>
   <div class='ocr_carea' id='block_1_110' title="bbox 2026 4997 3524 5082">
    <p class='ocr_par' dir='ltr' id='par_1_110' title="bbox 2026 4997 3524 5082">
     <span class='ocr_line' id='line_1_110' title="bbox 2026 4997 3524 5082; baseline -0.007 -15"><span class='ocrx_word' id='word_1_795' title='bbox 2026 5012 2117 5068; x_wconf 76' lang='lat' dir='ltr'><strong>N.</strong></span> <span class='ocrx_word' id='word_1_796' title='bbox 2150 5010 2203 5067; x_wconf 75' lang='lat' dir='ltr'><strong>Si</strong></span> <span class='ocrx_word' id='word_1_797' title='bbox 2231 5024 2362 5082; x_wconf 70' lang='lat' dir='ltr'><strong>ergo</strong></span> <span class='ocrx_word' id='word_1_798' title='bbox 2394 5008 2636 5080; x_wconf 77' lang='lat' dir='ltr'><strong>singufas</strong></span> <span class='ocrx_word' id='word_1_799' title='bbox 2654 5003 2831 5062; x_wconf 67' lang='lat' dir='ltr'><strong>atatis</strong></span> <span class='ocrx_word' id='word_1_800' title='bbox 2856 5012 3039 5074; x_wconf 89' lang='lat' dir='ltr'><strong>partes</strong></span> <span class='ocrx_word' id='word_1_801' title='bbox 3067 5003 3215 5057; x_wconf 80' lang='lat' dir='ltr'><strong>inter</strong></span> <span class='ocrx_word' id='word_1_802' title='bbox 3240 4997 3524 5069; x_wconf 76' lang='lat' dir='ltr'><strong>naufragia</strong></span> 
     </span>
    </p>
   </div>
   <div class='ocr_carea' id='block_1_111' title="bbox 1953 5092 3527 5175">
    <p class='ocr_par' dir='ltr' id='par_1_111' title="bbox 1953 5092 3527 5175">
     <span class='ocr_line' id='line_1_111' title="bbox 1953 5092 3527 5175; baseline -0.009 -15"><span class='ocrx_word' id='word_1_803' title='bbox 1953 5105 2343 5175; x_wconf 80' lang='lat' dir='ltr'><strong>transigemus,</strong></span> <span class='ocrx_word' id='word_1_804' title='bbox 2379 5101 2512 5172; x_wconf 91' lang='lat' dir='ltr'><strong>quid</strong></span> <span class='ocrx_word' id='word_1_805' title='bbox 2555 5108 2755 5154; x_wconf 61' lang='lat' dir='ltr'><strong>nostra;</strong></span> <span class='ocrx_word' id='word_1_806' title='bbox 2790 5094 3045 5168; x_wconf 80' lang='lat' dir='ltr'><strong>praesenti</strong></span> <span class='ocrx_word' id='word_1_807' title='bbox 3080 5093 3206 5148; x_wconf 70' lang='lat' dir='ltr'><strong>vita:</strong></span> <span class='ocrx_word' id='word_1_808' title='bbox 3240 5092 3527 5161; x_wconf 87' lang='lat' dir='ltr'><strong>flet?quo-</strong></span> 
     </span>
    </p>
   </div>
   <div class='ocr_carea' id='block_1_112' title="bbox 1957 5182 3526 5258">
    <p class='ocr_par' dir='ltr' id='par_1_112' title="bbox 1957 5182 3526 5258">
     <span class='ocr_line' id='line_1_112' title="bbox 1957 5182 3526 5258; baseline -0.011 -8"><span class='ocrx_word' id='word_1_809' title='bbox 1957 5194 2120 5249; x_wconf 92' lang='lat' dir='ltr'><strong>modo</strong></span> <span class='ocrx_word' id='word_1_810' title='bbox 2151 5195 2389 5249; x_wconf 87' lang='lat' dir='ltr'><strong>futuram</strong></span> <span class='ocrx_word' id='word_1_811' title='bbox 2430 5190 2722 5245; x_wconf 87' lang='lat' dir='ltr'><strong>vitabimus</strong></span> <span class='ocrx_word' id='word_1_812' title='bbox 2749 5185 3001 5258; x_wconf 80' lang='lat' dir='ltr'><strong>prenam?</strong></span> <span class='ocrx_word' id='word_1_813' title='bbox 3024 5184 3156 5239; x_wconf 86' lang='lat' dir='ltr'><strong>Nam</strong></span> <span class='ocrx_word' id='word_1_814' title='bbox 3192 5183 3238 5237; x_wconf 89' lang='lat' dir='ltr'><strong>si</strong></span> <span class='ocrx_word' id='word_1_815' title='bbox 3268 5182 3320 5235; x_wconf 90' lang='lat' dir='ltr'><strong>in</strong></span> <span class='ocrx_word' id='word_1_816' title='bbox 3351 5182 3526 5251; x_wconf 72' lang='lat' dir='ltr'><strong>primo</strong></span> 
     </span>
    </p>
   </div>
   <div class='ocr_carea' id='block_1_113' title="bbox 1953 5276 3529 5345">
    <p class='ocr_par' dir='ltr' id='par_1_113' title="bbox 1953 5276 3529 5345">
     <span class='ocr_line' id='line_1_113' title="bbox 1953 5276 3529 5345; baseline -0.01 -2"><span class='ocrx_word' id='word_1_817' title='bbox 1953 5297 2113 5344; x_wconf 60' lang='lat' dir='ltr'><strong>atate</strong></span> <span class='ocrx_word' id='word_1_818' title='bbox 2168 5287 2305 5342; x_wconf 89' lang='lat' dir='ltr'><strong>nihil</strong></span> <span class='ocrx_word' id='word_1_819' title='bbox 2356 5300 2549 5340; x_wconf 85' lang='lat' dir='ltr'><strong>sanum</strong></span> <span class='ocrx_word' id='word_1_820' title='bbox 2594 5282 2992 5345; x_wconf 88' lang='lat' dir='ltr'><strong>didicerimus,</strong></span> <span class='ocrx_word' id='word_1_821' title='bbox 3043 5280 3098 5333; x_wconf 86' lang='lat' dir='ltr'><strong>in</strong></span> <span class='ocrx_word' id='word_1_822' title='bbox 3155 5276 3529 5332; x_wconf 79' lang='lat' dir='ltr'><strong>adolescentia</strong></span> 
     </span>
    </p>
   </div>
   <div class='ocr_carea' id='block_1_114' title="bbox 1956 5366 3530 5448">
    <p class='ocr_par' dir='ltr' id='par_1_114' title="bbox 1956 5366 3530 5448">
     <span class='ocr_line' id='line_1_114' title="bbox 1956 5366 3530 5448; baseline -0.011 -15"><span class='ocrx_word' id='word_1_823' title='bbox 1956 5388 2323 5448; x_wconf 87' lang='lat' dir='ltr'><strong>temperantes</strong></span> <span class='ocrx_word' id='word_1_824' title='bbox 2367 5392 2477 5431; x_wconf 91' lang='lat' dir='ltr'><strong>non</strong></span> <span class='ocrx_word' id='word_1_825' title='bbox 2514 5375 2804 5438; x_wconf 78' lang='lat' dir='ltr'><strong>fuerimus,</strong></span> <span class='ocrx_word' id='word_1_826' title='bbox 2857 5373 2912 5426; x_wconf 90' lang='lat' dir='ltr'><strong>in</strong></span> <span class='ocrx_word' id='word_1_827' title='bbox 2947 5370 3207 5425; x_wconf 87' lang='lat' dir='ltr'><strong>virilitate</strong></span> <span class='ocrx_word' id='word_1_828' title='bbox 3238 5366 3530 5421; x_wconf 80' lang='lat' dir='ltr'><strong>avaritiam</strong></span> 
     </span>
    </p>
   </div>
   <div class='ocr_carea' id='block_1_115' title="bbox 1956 5453 3571 5539">
    <p class='ocr_par' dir='ltr' id='par_1_115' title="bbox 1956 5453 3571 5539">
     <span class='ocr_line' id='line_1_115' title="bbox 1956 5453 3571 5539; baseline -0.01 -16"><span class='ocrx_word' id='word_1_829' title='bbox 1956 5486 2065 5526; x_wconf 92' lang='lat' dir='ltr'><strong>non</strong></span> <span class='ocrx_word' id='word_1_830' title='bbox 2098 5467 2577 5539; x_wconf 83' lang='lat' dir='ltr'><strong>superaverimus;</strong></span> <span class='ocrx_word' id='word_1_831' title='bbox 2612 5472 2746 5519; x_wconf 88' lang='lat' dir='ltr'><strong>tunc</strong></span> <span class='ocrx_word' id='word_1_832' title='bbox 2778 5463 2845 5518; x_wconf 91' lang='lat' dir='ltr'><strong>ad</strong></span> <span class='ocrx_word' id='word_1_833' title='bbox 2890 5468 3235 5518; x_wconf 89' lang='lat' dir='ltr'><strong>senectutem</strong></span> <span class='ocrx_word' id='word_1_834' title='bbox 3262 5456 3426 5511; x_wconf 86' lang='lat' dir='ltr'><strong>veluti</strong></span> <span class='ocrx_word' id='word_1_835' title='bbox 3455 5453 3532 5508; x_wconf 66' lang='lat' dir='ltr'><strong>ad</strong></span> <span class='ocrx_word' id='word_1_836' title='bbox 3566 5475 3571 5481; x_wconf 90' lang='grc'><strong>·</strong></span> 
     </span>
    </p>
   </div>
   <div class='ocr_carea' id='block_1_116' title="bbox 1955 5547 3533 5634">
    <p class='ocr_par' dir='ltr' id='par_1_116' title="bbox 1955 5547 3533 5634">
     <span class='ocr_line' id='line_1_116' title="bbox 1955 5547 3533 5634; baseline -0.011 -17"><span class='ocrx_word' id='word_1_837' title='bbox 1955 5562 2247 5634; x_wconf 85' lang='lat' dir='ltr'><strong>quamdam</strong></span> <span class='ocrx_word' id='word_1_838' title='bbox 2277 5562 2547 5615; x_wconf 86' lang='lat' dir='ltr'><strong>sentinam</strong></span> <span class='ocrx_word' id='word_1_839' title='bbox 2575 5556 2842 5629; x_wconf 87' lang='lat' dir='ltr'><strong>provecti,</strong></span> <span class='ocrx_word' id='word_1_840' title='bbox 2870 5565 3159 5625; x_wconf 87' lang='lat' dir='ltr'><strong>postquam</strong></span> <span class='ocrx_word' id='word_1_841' title='bbox 3195 5551 3283 5605; x_wconf 90' lang='lat' dir='ltr'><strong>his</strong></span> <span class='ocrx_word' id='word_1_842' title='bbox 3310 5547 3533 5603; x_wconf 76' lang='lat' dir='ltr'><strong>cunctis</strong></span> 
     </span>
    </p>
   </div>
   <div class='ocr_carea' id='block_1_117' title="bbox 1954 5640 3537 5726">
    <p class='ocr_par' dir='ltr' id='par_1_117' title="bbox 1954 5640 3537 5726">
     <span class='ocr_line' id='line_1_117' title="bbox 1954 5640 3537 5726; baseline -0.011 -15"><span class='ocrx_word' id='word_1_843' title='bbox 1954 5653 2364 5726; x_wconf 86' lang='lat' dir='ltr'><strong>impedimentis</strong></span> <span class='ocrx_word' id='word_1_844' title='bbox 2410 5653 2667 5722; x_wconf 87' lang='lat' dir='ltr'><strong>scapham</strong></span> <span class='ocrx_word' id='word_1_845' title='bbox 2706 5647 2900 5704; x_wconf 77' lang='lat' dir='ltr'><strong>anima:</strong></span> <span class='ocrx_word' id='word_1_846' title='bbox 2938 5644 3296 5700; x_wconf 82' lang='lat' dir='ltr'><strong>infirmiorem</strong></span> <span class='ocrx_word' id='word_1_847' title='bbox 3329 5640 3537 5695; x_wconf 64' lang='lat' dir='ltr'><strong>eﬂece»</strong></span> 
     </span>
    </p>
   </div>
   <div class='ocr_carea' id='block_1_118' title="bbox 1954 5738 3534 5811">
    <p class='ocr_par' dir='ltr' id='par_1_118' title="bbox 1954 5738 3534 5811">
     <span class='ocr_line' id='line_1_118' title="bbox 1954 5738 3534 5811; baseline -0.011 -10"><span class='ocrx_word' id='word_1_848' title='bbox 1954 5749 2147 5811; x_wconf 87' lang='lat' dir='ltr'><strong>rimus,</strong></span> <span class='ocrx_word' id='word_1_849' title='bbox 2180 5744 2382 5800; x_wconf 91' lang='lat' dir='ltr'><strong>tabulis</strong></span> <span class='ocrx_word' id='word_1_850' title='bbox 2422 5742 2845 5805; x_wconf 88' lang='lat' dir='ltr'><strong>dissilientihus,</strong></span> <span class='ocrx_word' id='word_1_851' title='bbox 2882 5741 2941 5795; x_wconf 88' lang='lat' dir='ltr'><strong>in</strong></span> <span class='ocrx_word' id='word_1_852' title='bbox 2995 5738 3146 5792; x_wconf 89' lang='lat' dir='ltr'><strong>illum</strong></span> <span class='ocrx_word' id='word_1_853' title='bbox 3184 5742 3402 5805; x_wconf 87' lang='lat' dir='ltr'><strong>portum</strong></span> <span class='ocrx_word' id='word_1_854' title='bbox 3432 5746 3534 5786; x_wconf 63' lang='grc' dir='ltr'>ναι</span> 
     </span>
    </p>
   </div>
   <div class='ocr_carea' id='block_1_119' title="bbox 1957 5820 3533 5905">
    <p class='ocr_par' dir='ltr' id='par_1_119' title="bbox 1957 5820 3533 5905">
     <span class='ocr_line' id='line_1_119' title="bbox 1957 5820 3533 5905; baseline -0.011 -11"><span class='ocrx_word' id='word_1_855' title='bbox 1957 5838 2192 5905; x_wconf 87' lang='lat' dir='ltr'><strong>niemus,</strong></span> <span class='ocrx_word' id='word_1_856' title='bbox 2242 5836 2430 5893; x_wconf 90' lang='lat' dir='ltr'><strong>multis</strong></span> <span class='ocrx_word' id='word_1_857' title='bbox 2490 5833 2704 5893; x_wconf 82' lang='lat' dir='ltr'><strong>onerati</strong></span> <span class='ocrx_word' id='word_1_858' title='bbox 2762 5828 3071 5902; x_wconf 85' lang='lat' dir='ltr'><strong>quisquiliis</strong></span> <span class='ocrx_word' id='word_1_859' title='bbox 3131 5841 3231 5897; x_wconf 90' lang='lat' dir='ltr'><strong>pro</strong></span> <span class='ocrx_word' id='word_1_860' title='bbox 3291 5820 3533 5895; x_wconf 66' lang='lat' dir='ltr'><strong>spiritali</strong></span> 
     </span>
    </p>
   </div>
  </div>
