3972 6606
567 381 670 452 θθὶ

1674 385 2078 454 THEODORI
2107 382 2696 451 .MELITENIOTJE.

3714 387 3824 455 992

565 505 889 576 principalis
918 515 1024 574 est,
1079 516 1334 564 accurata
1407 506 1767 580 diligentique
1839 501 2210 574 applicatione
2252 503 2684 558 theorematibus
2743 501 3060 559 cmlestibus
3111 501 3512 572 perfectissime
3545 505 3828 577 perceptis

565 600 834 655 universae
871 604 1225 658 astronomia:
1256 602 1510 674 peritiam
1545 605 1857 676 acquisivit.

637 692 724 747 IV.
754 692 867 748 Hoc
885 696 1050 748 etiam
1078 696 1299 762 addere,
1331 698 1495 768 idque
1521 712 1849 770 opportune.
1876 713 2121 769 possum.

2297 691 2569 760 Δ’.-Ἐχω
2617 689 2714 743 καὶ
2760 690 2880 744 τόδε
2939 690 3295 762 προσθεῖναι,
3345 694 3440 746 καὶ
3496 693 3669 756 ὅντως
3721 695 3817 747 ἐπὶ

568 783 817 840 Salvator
837 787 1060 856 quidem
1107 798 1358 845 naturam
1387 801 1631 846 nostram
1666 799 1891 862 pr0pter
1923 809 2024 849 nos
2047 794 2132 849 in-

2232 784 2444 856 καιρόν.
2477 781 2824 837 Πολιτεύεται
2868 783 2968 853 μὲν
3014 785 3124 856 γάρ
3163 789 3225 856 τῇ
3275 785 3397 840 καθ’
3451 789 3602 858 ἡμᾶς
3650 786 3817 854 φύσε-

563 874 684 930 duit
711 878 978 943 ;inlinitis
1002 895 1136 934 vero
1159 881 1325 936 editis
1359 883 1656 949 miraculis,
1677 882 1992 940 Judzeorum
2025 886 2130 956 ipsi

2247 877 2301 929 lt‘
2331 877 2472 946 ἡμᾶς
2503 876 2532 928 θ
2572 876 2765 946 Σωτήρ
2786 893 2802 910 ο
2837 879 3049 946 μυρίων
3086 878 3144 932 δὲ
3177 880 3316 931 ὅσων
3343 879 3640 945 θαυμάτων
3675 896 3816 948 χρη·-

564 965 933 1024 insidiantinm
973 972 1176 1026 malitia
1209 981 1266 1027 et
1293 973 1494 1028 invidia
1525 975 1743 1030 tandem
1774 980 2134 1047 comprehen-

564 1073 659 1112 sus
688 1060 741 1114 iu
769 1076 988 1116 crucem
1024 1065 1218 1119 volens
1247 1075 1552 1136 sponteque
1583 1083 1681 1124 sua
1732 1070 1935 1140 agitur,
1963 1077 2021 1126 et
2075 1071 2132 1126 iu

563 1165 727 1204 carne
757 1153 978 1221 patitur.
1012 1154 1215 1210 Praeter
1235 1166 1433 1211 cetera
1465 1168 1667 1223 autem.
1699 1176 1820 1230 qua
1847 1163 2133 1232 inopinato

565 1241 898 1312 insolitaque
925 1260 1074 1300 more
1123 1251 1490 1318 contigerunt,
1525 1251 1778 1307 tenebras
1811 1255 1912 1309 soli
1945 1271 2136 1326 super-

564 1333 742 1398 fundi,
778 1336 846 1388 iis
876 1337 1041 1390 etiam
1069 1340 1162 1408 qui
1198 1354 1384 1394 rerum
1419 1343 1725 1398 caelestium
1765 1347 2011 1415 apprime
2036 1363 2134 1417 pe-

564 1424 656 1478 riti
707 1438 886 1490 erant,
921 1428 1382 1496 discernentibus,
1412 1435 1649 1501 accidit;
1686 1437 1831 1505 quod
1887 1441 2136 1494 omnium

565 1517 797 1573 maxime
827 1520 892 1574 ad
925 1520 1100 1584 illum,
1126 1525 1219 1593 qui
1244 1524 1301 1578 in
1326 1524 1472 1596 ligno
1501 1529 1978 1586 condemnationis
2005 1531 2136 1587 sub-

563 1611 709 1666 latus
745 1621 888 1680 erat,
926 1615 1390 1686 cognoscendum,
1425 1622 1572 1690 quod
1619 1621 1763 1678 Deus
1795 1623 1914 1692 ipse
1962 1634 2134 1690 esset,

562 1718 758 1758 causas
793 1707 1046 1774 praebuit.
1092 1707 1238 1764 Solis
1288 1711 1457 1778 enim,
1492 1713 1587 1782 qui
1644 1713 1755 1769 diei
1805 1717 2000 1773 oculus
2053 1729 2140 1776 est

565 1795 1066 1864 splendidissimus,
1127 1801 1374 1870 eclipsim
1411 1819 1506 1873 per
1542 1805 1687 1860 luna:
1745 1806 1799 1861 in
1861 1809 2139 1878 synodicis

566 1888 1048 1956 coniunctionibus
1086 1889 1564 1960 interpositionem
1579 1895 1732 1965 juxta
1752 1906 1965 1952 natura;
1993 1899 2139 1968 leges

565 1973 786 2042 factam,
817 1987 871 2032 at
901 1979 1020 2034 sine
1055 1996 1207 2035 mora
1240 1983 1296 2037 in
1363 1984 1607 2039 tenebris
1638 1999 1876 2055 semper,
1913 2002 2140 2045 cernere

567 2068 898 2138 quandoque
937 2072 1130 2138 datur;
1158 2088 1279 2142 qua:
1315 2074 1541 2145 insuper
1572 2077 1726 2146 prior
1757 2078 1944 2134 deﬁcit
1975 2095 2098 2149 pars
2118 2119 2134 2145 ,

569 2163 743 2228 prima
778 2176 996 2231 quoque
1029 2163 1221 2219 lumini
1255 2167 1596 2234 restituitur;
1617 2169 1988 2241 vicissimque,
2017 2188 2142 2243 qua:

568 2252 764 2307 ultimo
794 2253 1124 2310 obscuratur
1160 2256 1305 2320 loco,
1338 2267 1614 2328 postrema
1660 2262 1828 2316 etiam
1858 2265 2090 2335 emergit
2122 2283 2138 2320 :

566 2353 735 2412 atque
759 2344 923 2399 etiam
954 2346 1190 2402 diversis
1213 2347 1268 2404 in
1302 2357 1466 2405 terrae
1488 2350 1821 2419 climatibus,
1845 2355 1970 2410 aliis
1990 2355 2142 2411 aliis-

567 2448 677 2502 que
706 2434 1022 2492 hominibus
1055 2438 1204 2492 varia
1227 2447 1284 2493 et
1316 2439 1570 2511 inaequali
1603 2443 1977 2513 magnitudine
1997 2447 2140 2502 ecli-

569 2530 685 2596 psis
749 2539 994 2598 apparet.
1033 2530 1163 2596 Quae
1210 2547 1342 2588 vero
1406 2534 1509 2590 sub
1560 2536 1829 2604 passionis
1880 2547 2094 2608 tempus
2123 2581 2140 2608 ,

572 2618 793 2686 quando
828 2620 1001 2690 legale
1050 2621 1258 2678 Pascha
1308 2625 1672 2692 mactabatur,
1724 2627 1779 2682 in
1837 2629 2141 2697 plenilunio

571 2708 701 2762 luna
727 2709 825 2764 soli
857 2725 924 2766 ex
947 2710 1214 2768 diametro
1238 2715 1511 2784 opposita,
1530 2725 1583 2770 et
1613 2717 1766 2771 illinc
1787 2717 1853 2771 ad
1876 2721 2142 2791 conjunc-

575 2799 782 2852 tioncm
846 2800 1186 2856 incessanter
1241 2815 1519 2869 currente,
1579 2806 1793 2876 incidit,
1824 2813 2137 2881 "conjuncta

571 2891 836 2945 miraculo
865 2891 966 2947 fuit
996 2893 1132 2947 visa.
1169 2894 1380 2949 Statum
1428 2913 1618 2953 rursus
1653 2902 1746 2969 qui
1783 2903 1836 2956 in
1873 2903 2140 2973 principio

569 2985 694 3046 l‘uit,
735 2985 851 3040 haec
902 2986 1123 3055 eclipsis
1175 2988 1502 3045 mirabiliter
1559 2993 1806 3058 retinuit,
1850 2994 1923 3050 ita
1981 3004 2040 3050 ut
2071 2999 2141 3052 ab

573 3076 730 3130 initio
765 3088 819 3131 et
864 3086 986 3147 post
1018 3079 1220 3134 solidas
1257 3096 1353 3149 per
1387 3091 1493 3136 tres
1538 3083 1702 3140 horas
1757 3084 2024 3141 deﬁciens
2085 3099 2142 3143 et

571 3170 903 3224 obscuratus
937 3180 1083 3226 totus
1107 3171 1188 3227 sol
1221 3176 1607 3242 permanserit.
1639 3176 1920 3234 Tenebras
1950 3195 2140 3250 porro,

570 3279 693 3330 qua:
719 3273 991 3320 terrarum
1023 3265 1212 3322 orbem
1263 3268 1331 3322 ab
1379 3268 1593 3324 oriente
1621 3271 1686 3324 ad
1725 3273 1979 3328 occasum
2009 3289 2137 3343 pro-

2234 967 2471 1037 σάμενος
2500 966 2820 1032 ἐπιδείξεσι,
2853 967 3005 1032 τέλος
3050 967 3144 1022 τοῦ
3178 969 3287 1023 τῶν
3325 969 3601 1024 Ἰουδαίων
3632 970 3796 1023 ὲπιθε

2237 1057 2403 1128 μένου
2437 1057 2614 1127 τούτῳ
2645 1058 2840 1125 φθόνου
2875 1061 3082 1124 κακῶς,
3115 1058 3257 1115 ἑκὼν
3305 1059 3400 1114 ἐπὶ
3437 1061 3528 1114 τὸν
3576 1062 3789 1130 σταυρδ

2234 1149 2521 1217 ἀνάγεται,
2549 1149 2646 1202 καὶ
2694 1149 2894 1219 πάσχει
2947 1152 3113 1222 σαρκί
3138 1168 3153 1184 ο
3185 1151 3306 1204 τότε
3352 1153 3534 1205 τοίνυν
3583 1153 3725 1222 πρός
3754 1169 3822 1220 γε

2233 1245 2347 1305 τοῖς
2401 1242 2588 1304 ἀλλοις
2643 1242 2970 1311 παραδόξως
3023 1243 3411 1313 γεγενημένοις
3472 1248 3561 1298 καῖ
3626 1246 3826 1307 σκότος

2235 1332 2388 1401 ἡλίου
2431 1334 2838 1404 καταχεόμενον
2891 1330 2961 1406 ἦν
3011 1337 3127 1398 τοῖς
3173 1335 3520 1405 ηκρισωκόσι
3571 1337 3826 1406 ἀκριϐῶς

2235 1424 2305 1478 τά
2348 1425 2599 1493 οὐράνια,
2642 1427 2865 1481 πάντων
2916 1427 3156 1496 μάλιστα
3219 1429 3458 1497 παρέχον
3515 1429 3826 1498 μανθάνειν

2238 1514 2372 1569 Θεδν
2393 1512 2533 1570 εῐνσι
2561 1517 2654 1571 τδν
2687 1516 2832 1588 ξύλῳ
2869 1520 3312 1589 μετεωρισθέντα
3343 1521 3446 1584 τῆς
3473 1520 3785 1589 καταδίκης
3806 1536 3823 1552 ’

2238 1608 2339 1678 τὴν
2397 1611 2497 1678 μὲν
2551 1610 2660 1682 γὰρ
2723 1611 2986 1666 ἑκάστοτε
3065 1611 3396 1681 γιγνομένην
3461 1611 3823 1682 ἑκλειπτικὴν

2241 1703 2544 1769 φαντασίαν
2570 1701 2662 1755 τοῦ
2689 1702 2789 1771 τῆς
2814 1704 3030 1773 ἡμέρας
3066 1702 3348 1772 ὀφθαλμοῦ
3398 1703 3824 1773 λαμπροτάτου,

2241 1795 2305 1847 ὲκ
2353 1794 2464 1847 τῶν
2520 1795 2651 1865 περὶ
2691 1795 2793 1864 τὴν
2836 1794 3120 1864 συνοδικὴν
3159 1793 3425 1862 συζυγίαν
3457 1793 3555 1862 τῆς
3587 1792 3828 1863 σελήνης

2242 1884 2696 1955 ἰπιπροσθήσεων
2733 1885 2883 1939 ἔστιν
2924 1885 3056 1956 όρᾷν
3091 1884 3169 1954 τῷ
3207 1884 3307 1954 τῆς
3358 1883 3575 1954 φύσεως
3616 1887 3825 1938 ἀποτε-

2241 1978 2512 2049 λουμένην
2543 1981 2678 2048 ὅρῳ,
2704 1979 2800 2032 καὶ
2843 1981 3015 2049 μόνης
3045 1978 3398 2049 κεκτημένην
3449 1977 3643 2047 χρόνον
3671 1977 3827 2030 οὐδὲ·

2243 2088 2397 2124 ποτε.
2426 2071 2549 2124 Ἔτι
2587 2086 2652 2138 γε
2687 2069 2794 2140 μὴν
2829 2070 2926 2123 καὶ
2971 2071 3034 2123 τδ
3078 2069 3300 2140 πρῶτον
3333 2069 3587 2124 ἐκλεῖπον
3626 2072 3821 2141 μέρος,

2239 2162 2386 2228 τῷδ’
2427 2162 2562 2216 αὐτὸ
2613 2162 2708 2216 καὶ
2761 2160 2993 2229 πρώτως
3037 2160 3563 2231 ἀναπληρούμενον,
3627 2164 3826 2232 ὥσπερ

2239 2256 2374 2310 αὐτὸ
2424 2252 2752 2317 τελευταίως
2789 2253 3276 2322 ἐπισκοτούμενον,
3310 2253 3826 2326 ἀνακαθαιρόμενον

2241 2346 2511 2401 ὕστατον·
2548 2345 2686 2402 ἀλλὰ
2737 2346 2834 2402 καὶ
2885 2345 3067 2401 ἄλλοτ’
3119 2347 3302 2409 ἀλλοις
3356 2347 3675 2418 ἀνθρώποις
3726 2350 3824 2402 ἐπὶ

2239 2437 2515 2508 διαφόρων
2552 2440 2736 2511 μερῶν
2767 2437 3180 2508 φανταζόμενον
3209 2440 3309 2510 τῆς
3346 2440 3470 2509 γῆς.
3501 2441 3616 2508 Τὴν
3656 2440 3718 2492 δὲ
3762 2442 3825 2493 ἐν

2241 2529 2320 2600 τῷ
2351 2531 2603 2600 Σωτῆρος
2657 2528 2820 2583 πάθει
2860 2530 3258 2601 γεγενημένην,
3291 2531 3349 2582 ἐν
3393 2547 3455 2582 τε
3492 2530 3824 2600 πανσελήνῳ

2241 2622 2497 2689 τηνικάδε
2532 2620 2764 2691 νομικοῦ
2814 2620 3083 2690 θυομένου
3133 2621 3323 2690 φάσκα
3359 2621 3458 2690 (ί),
3490 2621 3824 2690 τελεσθῆναι

2243 2713 2340 2767 σὺν
2386 2713 2626 2784 θαύματι
2684 2715 2785 2783 τῆς
2845 2713 3077 2784 σελήνης
3141 2711 3310 2782 οὔσης
3364 2716 3428 2766 ὲκ
3492 2713 3822 2784 διαμέτρου,

2241 2807 2497 2860 κάκεῖθεν
2549 2806 2874 2876 δραμούσης
2918 2807 3166 2876 ἀχρόνως
3217 2806 3354 2874 προς
3399 2805 3659 2858 σύνοδον·
3725 2807 3825 2858 καὶ

2242 2897 2400 2961 αὖθις
2431 2897 2499 2951 αὖ
2529 2899 2629 2967 τῆς
2658 2899 2933 2969 προτέρας
2964 2898 3236 2969 τυχούσης
3268 2899 3518 2962 ὲκτςπως
3547 2899 3821 2962 στάσεως,

2243 2992 2490 3055 καὶτοῖς
2541 2989 2690 3048 ὅλοις
2743 2991 2837 3042 sui.
2886 2991 3064 3060 τρισὶν
3113 2989 3264 3051 ὅλαις
3313 2987 3488 3058 ὥραις
3529 2987 3676 3041 οὕτω
3704 2987 3825 3042 δια·-

2245 3085 2427 3154 μεῖναι
2466 3084 2605 3152 μετά
2654 3083 2746 3134 τὸν
2794 3082 2890 3134 τοῦ
2931 3082 3150 3152 πρώτου
3201 3081 3552 3143 ἐκλείποντος
3600 3083 3821 3152 χρόνον,

2241 3177 2335 3231 τοῦ
2358 3177 2404 3232 δ’
2434 3174 2500 3232 αὖ
2545 3177 2773 3247 ὕστερον
2803 3175 3024 3246 πρώτου
3045 3190 3062 3206 ο
3104 3174 3242 3243 πρὸς
3285 3173 3344 3228 δὲ
3385 3175 3481 3228 καὶ
3510 3174 3678 3243 ζόφον
3712 3175 3822 3228 πᾶ·

2244 3286 2343 3324 σαν
2366 3270 2506 3324 κατά
2536 3269 2734 3323 ταυτὸν
2765 3268 2866 3339 τὴν
2895 3267 2987 3337 ὑφ’
3017 3269 3167 3338 ἡλίου
3195 3269 3520 3338 ἀνισχοντος
3549 3267 3683 3336 ἄχρι
3732 3268 3826 3320 καὶ

567 3364 788 3413 tensum
825 3366 1161 3425 terruerunt,
1181 3374 1410 3430 quaeque
1428 3361 1624 3417 virium
1643 3377 1707 3416 ac
1731 3365 1985 3432 potentiae
2011 3381 2143 3422 cru-

2247 3363 2502 3432 δυομένου
2559 3363 2816 3432 μεγάλως
2879 3363 3295 3433 ἐκπλήττοντα,
3349 3359 3445 3415 καὶ
3510 3361 3574 3413 τδ
3637 3359 3826 3428 περιὸν

570 3447 720 3502 cifixi
749 3450 1183 3520 magnitudinem
1215 3451 1524 3516 ostendere,
1587 3454 1739 3508 solus
1791 3457 2139 3514 iuconsuetas

573 3540 742 3596 fuisse
780 3542 1018 3608 noverit,
1047 3543 1139 3613 qui
1167 3543 1234 3598 ad
1273 3547 1619 3600 astronomiae
1655 3547 1879 3604 intimos
1918 3552 2145 3620 penitis-

571 3632 852 3702 simosque
877 3649 1124 3689 recessus
1143 3637 1466 3704 penetrarit.
1499 3639 1576 3692 Ex
1609 3639 1833 3708 quibus,
1863 3641 1968 3696 nisi
2003 3642 2134 3700 data

573 3739 740 3792 opera
770 3724 1040 3793 malignus
1068 3740 1190 3780 esse
1221 3725 1342 3796 quis
1374 3727 1527 3793 velit,
1560 3730 1868 3785 caelestium
1899 3743 2147 3788 contum-

571 3819 818 3888 platione
849 3821 1170 3888 scientiiica,
1196 3837 1316 3892 qua:
1351 3837 1460 3877 non
1498 3825 1774 3880 hominem
1811 3827 2143 3896 simplicem,

577 3911 673 3965 sed
713 3911 881 3965 Deum
925 3912 1208 3968 hominem
1245 3914 1298 3968 in
1353 3913 1502 3985 ligno
1534 3917 1862 3985 pendentem
1903 3920 2147 3975 declarat

577 4016 632 4058 ct
667 4005 938 4073 pra2dicit,
981 4015 1238 4076 tanquam
1271 4018 1606 4076 praeceptore
1673 4026 1804 4065 usus
1856 4011 2145 4066 veritatem

572 4099 720 4153 hunc
748 4105 894 4154 certe
911 4099 1206 4154 admodum
1235 4102 1570 4170 cognoverit.
1592 4102 1855 4158 Tenebrae
1875 4105 2148 4174 siquidem

572 4200 882 4254 nocturnae,
941 4206 1062 4261 qua:
1119 4191 1425 4247 meridiano
1473 4201 1718 4263 tempore
1765 4196 2147 4266 contigerunt,

578 4284 882 4340 secundum
913 4285 1299 4340 astronomiae
1329 4285 1468 4339 artis
1489 4285 1742 4357 dogmata
1768 4298 1978 4344 naturae
2001 4290 2151 4359 leges

579 4395 691 4433 non
723 4387 949 4442 secutae,
985 4378 1080 4433 sed
1113 4379 1339 4449 iubente
1377 4393 1442 4434 ac
1471 4379 1824 4449 praecipiente
1872 4381 1983 4437 Deo
2021 4391 2151 4439 sunt

581 4481 898 4542 portentose
937 4471 1166 4527 obortae.

653 4564 718 4621 Υ.
751 4565 1034 4634 Tanquam
1067 4577 1200 4633 ergo
1235 4578 1350 4617 rem
1380 4563 1619 4633 aliquant
1670 4579 1859 4620 revera
1916 4566 2156 4622 adrnira-

584 4657 749 4712 bilem
778 4669 844 4710 ac
878 4653 1325 4725 pulcherrimam,
1357 4669 1477 4723 quae
1510 4655 1656 4708 inter
1699 4655 1945 4711 homines
1974 4657 2153 4712 scien-

2240 3453 2526 3508 δεικνύντα
2579 3456 2680 3521 τῆς
2726 3452 2820 3507 τοῦ
2878 3453 3285 3522 σταυρωθέντος
3339 3452 3544 3520 ἰσχύος,
3575 3451 3736 3521 μόνος
3761 3450 3824 3504 ἂν

2243 3547 2411 3617 εἰδείη
2460 3545 2648 3616 σαφῶς
2694 3547 2723 3598 ὅ
2757 3545 2810 3613 γ’
2863 3547 2944 3607 είς
2974 3543 3065 3599 τοῦ
3080 3561 3271 3618 σχατον
3305 3545 3677 3612 ἀστρονομίας
3712 3542 3818 3596 ἰών.

2248 3640 2443 3694 Ἔνθεν
2469 3657 2552 3693 τοι
2580 3638 2677 3692 καὶ
2705 3638 2861 3708 γνοίη
2888 3638 3031 3708 μάλα
3055 3637 3322 3706 ἀκριόῶς,
3349 3638 3398 3689 εί
3423 3637 3500 3706 μὴ
3525 3637 3822 3688 συντίθοιτο

2246 3731 2616 3792 ἐθελοκακεῖν,
2645 3729 2930 3800 χρώμενος
2979 3728 3056 3792 ὡς
3106 3728 3183 3799 (5)
3222 3729 3352 3799 περὶ
3381 3727 3713 3798 παιδοτρίϐῃ
3759 3731 3822 3796 τῇ

2245 3823 2353 3876 τῶν
2404 3823 2672 3891 οὐρανίων
2718 3823 3121 3892 ἐπιστημονικῇ
3170 3820 3397 3891 θεωρία,
3443 3819 3680 3889 τάληθὲς
3726 3819 3824 3889 ήδη

2249 3915 2695 3986 προαγγελλούσῃ
2733 3915 2806 3984 μὴ
2832 3914 2990 3983 ψιλὸν
3016 3914 3307 3981 ἄνθρωπον
3351 3908 3524 3974 εἶναι,
3546 3911 3823 3980 θεάνθρω-

2248 4025 2350 4062 πον
2409 4009 2468 4059 δὲ
2530 4009 2624 4060 ἐπὶ
2688 4007 2850 4073 ξύλου
2929 4005 3326 4076 κρεμάμενον·
3393 4005 3442 4056 εί
3496 4003 3562 4073 δὴ
3623 4004 3716 4054 καὶ
3770 4002 3823 4052 τδ

2247 4100 2565 4170 νυκτερινὸν
2602 4099 2722 4152 τότε
2759 4098 2946 4162 σκότος
2983 4099 3041 4150 ἐν
3087 4095 3433 4165 μεσημϐρίᾳ,
3467 4095 3547 4164 μὴ
3591 4094 3819 4162 συμσὰν,

2250 4185 2391 4263 ᾗπερ
2442 4191 2593 4245 δοκεί
2629 4194 2696 4262 τῇ
2748 4192 2936 4262 τέχνῃ,
2985 4188 3199 4257 φύσεως
3248 4187 3463 4248 πάντως
3516 4184 3821 4254 ἀκολουθίᾳ,

2249 4282 2386 4335 Θεοῦ
2413 4282 2470 4336 δὲ
2500 4282 2824 4352 θαυμασίως
2855 4279 3263 4350 προστάγματι.

2329 4549 2402 4605 E'.
2424 4552 2587 4604 Ὥστε
2612 4549 2789 4615 ἔξεστι
2820 4547 2926 4620 μὴν
2951 4547 3122 4610 ὅντως
3145 4547 3219 4609 ὡς
3250 4547 3544 4600 θεσπέσιόν
3570 4564 3623 4600 τι
3645 4544 3819 4616 χρῆμα

2255 4645 2352 4698 καὶ
2390 4644 2697 4706 κάλλιστον,
2734 4641 2833 4710 τὴν
2881 4643 2940 4694 ἐν
2982 4637 3298 4710 ἀνθρώποις
3348 4640 3693 4708 τιμιωτάτην
3736 4638 3819 4690 καὶ

585 4749 798 4818 tiasque
830 4723 1055 4802 caeteras
1081 4745 1259 4800 locum
1285 4747 1518 4799 maxime
1539 4746 1827 4801 sublimem
1858 4756 1916 4803 et
1944 4748 2144 4806 divinis

2257 4739 2542 4806 θειοτάτην
2587 4733 2686 4803 τῆς
2736 4731 2930 4801 λοιπῆς
2977 4731 3210 4800 θεωρίας
3259 4729 3498 4800 ἔχουσαν
3529 4733 3700 4798 τάξιν,
3733 4731 3819 4798 τὴν

585 4841 894 4911 proximum
922 4846 1175 4908 occupat,
1202 4840 1590 4893 astronomiam
1615 4853 1781 4909 supra
1807 4840 2038 4896 modum
2060 4857 2152 4898 ve-

584 4932 908 4996 nerandam,
937 4931 1117 5002 adque
1146 4931 1432 5001 superiora
1462 4931 1816 4987 scandentem
1848 4933 2149 5003 appellare,

584 5028 718 5095 quin
755 5025 921 5080 etiam
979 5023 1246 5094 praeconis
1283 5023 1430 5078 vices
1493 5022 1758 5077 adorandi
1797 5022 2091 5079 obeuntem
2123 5039 2153 5079 a

587 5118 698 5172 Deo
735 5117 805 5171 ad
863 5131 966 5171 nos
998 5115 1296 5186 profectam
1321 5115 1513 5169 dicere
1539 5128 1852 5184 possumus.
1901 5116 2158 5172 onmibus

587 5222 738 5267 recte
770 5210 1253 5266 considerantibus
1276 5209 1420 5280 quod
1478 5217 1698 5278 oportet
1735 5218 2157 5276 monstrantem,

581 5318 656 5360 ac
684 5304 832 5360 clare
860 5303 1305 5367 annuntiantem,
1361 5301 1542 5372 ipsum
1583 5315 1686 5371 pro
1712 5300 2031 5356 horninibus
2060 5301 2160 5355 bo-

589 5396 796 5451 utinem
825 5395 1050 5460 factum,
1081 5395 1364 5464 Deumque
1406 5406 1596 5449 rursus
1619 5401 1926 5458 manentem
1979 5395 2161 5450 carnis

582 5492 758 5548 etiam
781 5489 1158 5558 assumptione
1195 5503 1408 5543 omnem
1437 5487 1492 5541 in
1516 5501 1676 5542 cruce
1707 5494 1960 5540 naturam
1999 5500 2162 5540 reuo-

593 5599 746 5639 vare.
772 5580 1175 5639 Astronomiam
1212 5581 1494 5634 enimvero
1524 5586 1682 5632 vetus
1711 5591 1951 5645 veraque
1975 5592 2163 5631 narra-

587 5678 674 5732 tio
701 5685 807 5739 est,
835 5691 865 5729 a
901 5675 1011 5729 Deo
1043 5688 1144 5745 per
1177 5673 1432 5742 angelum
1463 5669 1617 5726 Sethi
1646 5669 1882 5739 posteris
1909 5669 2160 5726 traditam

582 5779 737 5828 «esse.
772 5765 917 5836 quod
946 5779 1044 5834 pro
1076 5771 1356 5833 comperto
1376 5761 1596 5832 quidem
1625 5760 1913 5817 habeatur.

662 5884 748 5955 (ι)
779 5883 991 5953 Πάσχα.

2259 4827 2603 4898 ὑπέρσεμνον
2625 4825 3012 4896 ἀστρονομίαν,
3037 4827 3131 4878 καὶ
3152 4824 3266 4877 ἀνω
3301 4823 3597 4893 βαίνουσαν
3620 4838 3818 4891 προσει-

2260 4923 2414 4984 πεῖν,
2477 4919 2613 4974 ἀλλά
2673 4920 2770 4972 καὶ
2823 4918 3027 4988 τρόπον
3081 4919 3324 4986 κήρυκος
3384 4916 3816 4983 σεϐασμιωτάτου

2261 5011 2389 5082 παρ’
2431 5012 2579 5083 ἡμᾶς
2631 5011 2789 5082 ἥκειν
2822 5009 2960 5078 πρὸς
3007 5008 3100 5061 τοῦ
3152 5006 3314 5065 Θεοῦ.
3349 5008 3484 5060 πᾶσι
3542 5005 3816 5060 δεικνῦσιν

2265 5105 2377 5168 τοῖς
2420 5103 2600 5167 καλῶς
2647 5102 2916 5171 ξυωρῶσι
2953 5103 3014 5154 τὸ
3045 5101 3184 5167 δέον,
3219 5100 3316 5154 καὶ
3363 5099 3634 5169 λαμπρῶς
3663 5101 3822 5163 ἀπαγι-

2265 5195 2562 5266 γέλλουλσαν
2588 5195 2730 5262 ὑπὲρ
2753 5194 3059 5264 ἀνθρώπων
3098 5191 3264 5246 αὐτὸν
3311 5192 3604 5261 γενόμενον
3629 5190 3818 5259 ἂνθρωο

2262 5307 2364 5344 πον
2406 5288 2541 5342 Θεὸν
2585 5287 2740 5352 αὖθις
2774 5289 3028 5357 μένοντα,
3055 5286 3151 5339 καὶ
3191 5283 3270 5354 τῷ
3295 5286 3396 5352 τῆς
3439 5283 3640 5354 σαρκὸς
3667 5297 3814 5351 προσ-

2265 5384 2514 5455 λήμματι
2557 5384 2741 5436 πᾶσαν
2787 5382 2880 5434 ἐπὶ
2921 5377 3155 5449 σταυροῦ
3185 5376 3284 5447 τὴν
3315 5376 3476 5445 φύσιν
3510 5373 3814 5441 ἀνανεούμε-

2266 5495 2376 5532 νον.
2418 5476 2815 5547 ’Δστρονομίαν
2865 5475 2959 5527 καὶ
3011 5472 3121 5542 γὰρ
3160 5470 3292 5540 πρὸς
3325 5469 3461 5523 Θεοῦ
3489 5469 3557 5521 δι’
3578 5465 3809 5565 ἑάγγέλου

2270 5569 2500 5633 παλαιὸς
2537 5569 2693 5636 λόγος
2721 5568 2815 5621 καὶ
2842 5564 3054 5635 ἀληθῶς
3082 5563 3222 5634 ἔχων
3245 5561 3492 5617 δεδόσθαι
3515 5561 3626 5624 τοῖς
3651 5561 3710 5613 ἐκ
3727 5561 3810 5610 τοῦ

2270 5662 2402 5731 Σηθο
2442 5662 2527 5734 εἴη
2559 5661 2645 5732 δή.

3709 5853 3740 5869 ,ν

2342 5870 2417 5941 (5)
2461 5865 2736 5938 Ὠσπερεῇ

3731 5944 3776 5953 ,⁸.
3806 5950 3848 5956 ν..
