3904 6582
118 392 213 454 993

179 501 268 568 ς’.
319 499 390 555 Τὸ
442 499 542 571 μὲν
585 500 677 555 οὖν
709 499 836 562 τοὺς
882 499 1194 569 γινομένους
1243 499 1506 552 ἑκάστοτε
1550 514 1678 565 σχη-
1713 505 1752 559 Α

117 592 415 665 ματισμοῦς
436 592 545 643 τῶν
571 590 842 658 κινήσεων
875 588 1031 658 ἡλίου
1063 606 1122 641 τε
1153 588 1251 639 καὶ
1295 588 1553 656 σελήνης,
1587 586 1685 639 καὶ

112 685 212 738 τῶν
262 682 472 738 λοιπῶν
516 683 768 752 ἀστέρων
822 681 960 750 πρός
1016 696 1075 732 τε
1124 676 1390 745 ἀλλήλους
1443 678 1539 729 καὶ
1584 678 1685 744 τὴν

113 781 207 849 γῆν
238 777 489 849 θεωρεῖν,
522 776 583 829 τό
620 793 677 829 τε
728 775 796 827 δι’
839 771 1205 841 ἀστρονομίας
1244 768 1683 838 προγνωστικὸν,

110 875 261 928 τοῦτο
296 875 360 944 δὴ
389 874 511 934 ταῖς
556 869 837 939 ἀληθείαις
870 866 943 936 (6)
981 865 1184 917 εἰδέναι
1228 862 1415 927 τέλος,
1449 864 1577 929 περί
1608 853 1684 913 ὧν

111 974 140 1040 ἡ
181 968 387 1039 σπουδὴ
436 967 516 1038 τῷ
551 963 874 1032 Πτολεμαίῳ
923 962 983 1013 ὲν
1023 961 1133 1022 τοῖς
1184 956 1333 1027 τρισὶ
1381 957 1517 1025 πρ“ς
1570 957 1684 1018 τοῖς

108 1068 235 1119 δέκα
275 1062 500 1133 βιϐλίοις
531 1060 630 1129 τῆς
668 1058 915 1127 μεγάλης
978 1051 1307 1117 συντάξεως,
1338 1050 1428 1102 καὶ
1480 1050 1684 1115 γνῶσιν

110 1154 356 1226 ἡγεῖσθαι
385 1152 559 1206 ταῦτα
597 1150 686 1202 δια
718 1146 1039 1218 φιλοσοφίας
1088 1140 1523 1211 ὲπιστημονικὴν
1558 1141 1682 1207 περί

107 1264 267 1301 τινων
297 1246 401 1300 ὑπὸ
446 1241 584 1297 Θεοῦ
628 1240 1002 1312 παρηγμένων
1047 1236 1260 1304 φύσεων
1301 1233 1410 1299 ὅπη
1459 1246 1514 1283 τε
1549 1231 1680 1300 ἔχει,

107 1341 195 1395 καὶ
256 1341 406 1402 ὅπως
462 1336 639 1391 ταῦτα
696 1335 983 1403 φέρεται,,
1016 1329 1219 1390 θεῖκοίς
1274 1321 1681 1393 πειθαρχοῦντα

105 1434 325 1497 πάντως
351 1433 502 1503 ὅροις
529 1447 589 1483 τε
636 1429 730 1481 καὶ
761 1425 1177 1495 προστάγμασι,
1214 1418 1360 1487 μέγα
1409 1416 1681 1469 δέδεικται

101 1524 460 1595 πολλαχόθεν,
483 1523 578 1575 καὶ
614 1520 689 1583 ὡς
720 1518 938 1589 ἀληθῶς
970 1514 1264 1585 ὑπερμέγα
1294 1526 1353 1563 τε
1388 1509 1481 1562 καὶ
1515 1507 1684 1574 ὑπερ-

102 1618 459 1673 σπούδαστον.

172 1798 251 1854 Ζ’.
287 1798 360 1852 Τό
389 1813 452 1865 γε
497 1793 604 1867 μὴν
643 1793 743 1856 τάς
771 1788 1069 1862 δραστικὰς
1106 1784 1315 1838 τούτων
1361 1780 1677 1849 ποιότητας,

99 1896 192 1949 καὶ
229 1893 333 1965 τὴν
368 1858 606 1959 φυσέχην
648 1884 759 1938 τῶν
804 1858 1292 1950 *συσχηματισμῶν
1337 1871 1515 1965 αὐτῶν
1548 1868 1679 1965 ίδιο-
1709 1858 1750 1913 Β

96 1960 353 2055 τροπίαν,
382 1982 566 2037 αἰτίαν
606 1978 716 2032 τῶν
766 1973 896 2043 περὶ
939 1971 1091 2041 ἡμᾶς
1125 1961 1555 2055 συμπτωμάτων
1597 1960 1680 2055 τψί-

96 2053 315 2141 θέσθαι,
362 2068 875 2143 καταψευδομένους
924 2064 1033 2118 τῶν
1082 2057 1373 2128 οὐρανίων,
1424 2054 1532 2107 κάκ
1579 2053 1679 2121 τῆς

93 2170 305 2224 τούτων
332 2168 605 2237 κινήσεως
632 2165 732 2226 τάς
764 2160 1009 2230 γενέσεις
1041 2155 1286 2217 πλέκειν,
1323 2150 1417 2204 καὶ
1440 2148 1506 2201 τά
1546 2146 1679 2216 ξυμ-

95 2263 379 2327 6αίνοντα,
434 2256 730 2312 κάντεῦθεν
792 2254 973 2308 δοκεῖν
1041 2250 1139 2320 τὴν
1201 2246 1310 2299 τῶν
1373 2240 1679 2314 μελλόντων

94 2359 249 2428 ἔχειν
301 2352 500 2407 εἰδέναι
545 2348 881 2419 πρόγνωσιν,
916 2343 944 2396 ὃ
994 2342 1057 2412 δὴ
1104 2340 1203 2408 τῆς
1257 2332 1676 2406 ἀστρολογικῆς,

89 2454 193 2522 τῆς
226 2451 275 2504 δ’
307 2448 474 2518 αὐτῆς
516 2447 611 2498 καὶ
644 2438 1034 2513 μαθηματικῆς
1076 2432 1350 2504 λαχούσης
1381 2428 1677 2522 ἐξαιρέτως

88 2520 420 2613 κεκλῆσθαι,
468 2535 840 2606 πολυασχὸλου
873 2527 1239 2600 ματαιότητὸς
1271 2527 1410 2587 ἔστι,
1446 2523 1513 2591 τῇ
1567 2520 1677 2573 τῶν

86 2612 317 2706 ἄστρων
361 2631 573 2701 κινήσει
624 2627 692 2681 τά
742 2626 989 2694 ἡμέτερα
1041 2615 1451 2689 συμφερούσης.
1503 2612 1677 2666 Τοῦτο

84 2731 278 2783 τοίνυν
306 2724 443 2796 πρὸς
474 2723 552 2792 τῷ
586 2720 753 2790 μηδὲν
781 2718 929 2785 ὑγιὲς
959 2715 1257 2783 κεκτῆσθαι
1291 2710 1386 2763 καὶ
1420 2709 1678 2780 ἀληθείας

82 2824 357 2892 ἐχόμενον
400 2816 493 2871 καὶ
544 2813 683 2883 πρὸς
730 2810 937 2878 πλάνην
981 2808 1138 2877 φέρει
1181 2805 1276 2859 καὶ
1318 2802 1481 2872 βυθὸν
1523 2803 1677 2855 ἀπω-

80 2916 249 2976 λείας
277 2914 391 2973 τοῖς
432 2906 679 2962 εὐσεϐεῖν
711 2903 952 2957 ἐθέλουσι
983 2899 1126 2952 πάνυ
1154 2914 1236 2950 τοι
1260 2896 1674 2966 λυμαινόμενοι.

79 3005 264 3062 Ταῦτ’
295 3006 402 3076 ἄρα
433 3002 527 3056 καλ⁵
570 3000 726 3067 νόμοι
757 2994 917 3058 θεῖοι,
950 2993 1042 3045 καὶ
1080 2990 1383 3043 θεσπεσίων
1428 2988 1523 3043 καὶ
1556 2989 1675 3042 θεο-

77 3098 323 3171 πρεπῶν
374 3093 723 3155 θεσπίσματα
760 3086 1103 3141 διδασκάλων
1133 3083 1231 3137 σύν
1286 3100 1349 3150 γε
1402 3086 1516 3143 τοῖς
1575 3082 1675 3151 τὴν

78 3191 337 3265 μαγικὴν
380 3185 762 3255 κακοτεχνίαν,
796 3185 890 3235 καὶ
937 3178 1072 3233 Θεοῦ
1107 3179 1296 3249 πόρρω
1348 3176 1668 3246 βάλλουσαν,

73 3285 281 3349 κακῶς
332 3283 427 3336 καὶ
456 3279 633 3340 ἀθέως
674 3274 1065 3347 ἐξησκημένην
1099 3272 1201 3343 (7),
1229 3272 1324 3324 καὶ
1355 3269 1673 3338 μαθηματι-

72 3380 245 3441 κοὺς,
306 3374 484 3429 εττουν
544 3369 931 3439 ἀστρολόγους,
987 3365 1064 3427 ὡς
1116 3366 1285 3427 εἰκὸς,
1334 3362 1671 3432 ἀποτροπιά-

71 3471 301 3535 ζονταιο
332 3467 429 3521 άτε
480 3464 546 3531 δὴ
598 3464 732 3532 πρὸς
767 3463 831 3511 τὰ
868 3459 980 3512 ἀνω
1011 3458 1314 3527 κεχηνότας
1345 3472 1409 3523 γε
1463 3456 1539 3524 μά
1555 3474 1667 3523 την,

69 3567 177 3618 καὶ
219 3565 288 3631 τῇ
336 3561 543 3614 τούτων
593 3556 808 3621 κινήσει
851 3552 950 3622 τὴν
998 3551 1279 3621 ἡμετέραν
1315 3548 1670 3619 προσαρτῶνο

65 3675 186 3720 τας
247 3654 392 3723 ζωὴν
456 3647 861 3720 θεομαχοῦντας
917 3641 1328 3711 ἀντικρυς,κα“ι
1384 3640 1671 3709 βαίνοντας

66 3752 275 3812 ὅντωςι
311 3747 451 3815 ὑπὲρ
492 3744 558 3797 τά
615 3738 961 3808 ἐσκαμμένα,
1015 3736 1109 3789 ἐπὶ
1139 3734 1294 3804 κακῷ
1345 3735 1517 3804 δήπου
1569 3734 1671 3800 τῆς

70 3845 240 3899 σφῶν
288 3840 467 3895 αὐτῶν
524 3834 787 3905 κεφαλῆς,
841 3834 900 3886 ἐν
949 3831 1051 3889 ίσω
1103 3828 1151 3883 δ’
1201 3832 1377 3883 εἰπεῖν
1427 3832 1521 3881 καὶ
1566 3828 1671 3897 ψυ-

66 3935 212 4003 xi;-

156 4201 246 4254 II'.
294 4197 431 4250 Ἀλλ’
456 4193 699 4256 ἐκείνους
737 4192 837 4262 μὲν
864 4191 1007 4244 οὕτω
1050 4189 1256 4252 πάντας
1284 4188 1343 4242 δὲ
1376 4187 1539 4253 ἀξίως
1570 4192 1670 4259 τῆς
1738 4196 1746 4205 “

66 4292 367 4367 ἡμετέρας
391 4287 683 4355 ἐξωθοῦσιν
714 4285 885 4356 αὐλῆς
917 4288 965 4338 oi
1000 4283 1178 4345 καλῶς
1210 4283 1381 4352 αὐτῆς
1411 4284 1672 4354 προϊστάο

71 4402 248 4459 μενοι
277 4402 290 4415 ·
317 4383 430 4449 ἐγὼ
468 4381 524 4433 δὲ
573 4380 784 4438 τούτοις
816 4380 919 4430 ὅσα
965 4380 1059 4430 καὶ
1089 4379 1216 4439 παῖς
1252 4376 1496 4445 πατράσι
1535 4376 1669 4427 ἑπό-

70 4495 255 4549 μενος
286 4478 394 4537 τοῖς
424 4475 587 4544 ἱεροῖς
618 4470 880 4542 τροφεῦσι
914 4470 1006 4522 καί
1038 4468 1375 4537 παιδευταῖς,
1411 4468 1507 4521 καὶ
1538 4468 1667 4537 παρ’

1181 388 1279 447 EX
1322 384 1557 447 ΜΒΠο
1608 384 1702 447 DE
1771 386 2293 448 ASTRONOMIA.

3259 392 3359 451 99$

1863 500 1947 554 \‘l.
1988 499 2357 555 Occurrentcs
2415 499 2580 570 igitur
2613 500 2850 557 subinde
2882 509 3066 559 motus
3124 501 3258 559 solis
3309 499 3368 555 et

1787 591 1929 645 luna:
1959 602 2391 663 cmicrarumque
2421 593 2703 649 stellarum
2730 595 2877 651 inter
2897 610 2956 651 se
2982 604 3039 651 et
3060 595 3128 651 ad
3160 605 3365 651 terram

1786 684 2269 753 conﬁgurationes,
2309 686 2693 755 contemplari,
2727 698 2804 753 et,
2837 703 2960 757 qua!
2985 703 3085 758 per
3115 697 3372 745 astronoo

1787 776 1950 829 miam
2005 777 2258 839 habetur.
2304 778 2735 847 praenotionem;
2780 782 2876 849 qui
2921 780 3220 837 veritatum
3267 796 3370 836 no-

1787 870 2123 924 scendarum
2164 870 2287 925 ﬁnis
2314 881 2419 935 est,
2454 873 2508 925 in
2542 872 2746 941 quibus
2778 874 3142 945 assequendis
3177 874 3359 930 trede-

1786 961 1893 1015 cim
1919 977 2126 1033 magna:
2148 965 2581 1018 constructionis
2601 964 2760 1019 libris
2780 965 3104 1032 compositis
3135 980 3361 1036 operam

1787 1069 1941 1109 suam
1972 1054 2298 1110 Ptolemaeus
2332 1056 2571 1120 locavit;
2620 1072 2797 1126 eaque
2826 1054 3189 1111 scientilicam
3241 1056 3368 1125 phi-

1788 1146 2046 1214 losophiae
2073 1148 2278 1215 regulis
2308 1150 2622 1205 existimare
2664 1149 2732 1204 de
2768 1148 3135 1219 quorumdam
3168 1164 3197 1203 a
3253 1148 3366 1203 Deo

1787 1238 2187 1308 productorum
2238 1242 2454 1295 naturis
2501 1242 2806 1305 notionem,
2840 1241 3117 1311 quomodo
3147 1242 3261 1309 ipsa
3307 1256 3365 1295 se

1786 1330 2048 1390 habeant,
2081 1339 2138 1385 et
2165 1346 2271 1399 qua
2302 1332 2513 1387 ratione
2545 1333 2745 1387 divinis
2773 1335 3061 1403 praeceptis
3089 1344 3144 1388 et
3174 1332 3365 1385 decre-

1787 1422 1854 1477 tis
1887 1439 2111 1492 prorsus
2136 1423 2493 1494 obsequendo
2528 1425 2800 1491 ferantur,
2855 1444 3049 1498 magna
3075 1435 3131 1481 et
3189 1426 3363 1480 ardua

1786 1516 1975 1570 multis
2002 1517 2340 1587 argumentis
2369 1518 2742 1574 demonstrata
2784 1535 2874 1575 res
2904 1530 3011 1583 est.
3054 1530 3222 1589 utque
3264 1534 3361 1572 ve-

1784 1623 1903 1661 rum
1935 1607 2135 1674 dicam,
2158 1622 2324 1678 supra
2359 1613 2582 1665 modum
2638 1626 2832 1680 magno
2861 1620 2916 1667 et
2947 1626 3162 1666 summo
3212 1610 3362 1665 cultu

1782 1700 2118 1755 veneranda.

1852 1792 1967 1847 Vil.
2015 1794 2322 1859 Qualitates
2349 1802 2534 1849 autem
2568 1795 2817 1863 ipsorum
2855 1795 3083 1859 activas,
3114 1803 3171 1849 et
3202 1802 3354 1849 natu-

1782 1885 1949 1939 ralem
1978 1887 2475 1957 conﬂgurationum
2500 1888 2831 1958 peculiarem
2864 1886 3109 1949 modum,
3136 1902 3359 1942 causam

1780 1995 1971 2034 eorum
1998 1996 2119 2051 qua:
2166 1981 2483 2037 hominibus
2511 1981 2793 2045 accidunt,
2824 1979 3141 2035 caelestibus
3168 1994 3367 2050 corpo-

1782 2070 1939 2128 ribus
1962 2073 2097 2129 l‘alsa
2123 2074 2418 2130 tribuendo
2440 2083 2686 2130 statuere
2712 2091 2727 2141 ;
2753 2089 2929 2144 exque
2953 2074 3173 2127 illorum
3208 2081 3356 2127 motu

1780 2163 2122 2233 genethliaca
2151 2165 2389 2221 themata
2412 2177 2740 2231 contexere;
2774 2174 2831 2221 et
2858 2163 3164 2221 accidentia
3185 2162 3360 2217 dedu-

1778 2270 1927 2319 cere,
1956 2255 2195 2327 indeque
2224 2258 2621 2327 praenotionem
2660 2258 2972 2312 futurorum
3005 2256 3193 2311 haberi
3228 2268 3358 2323 pos-

1780 2362 1860 2411 se,
1907 2348 2056 2419 quod
2096 2350 2164 2404 ad
2204 2350 2583 2420 astrologiam,
2636 2350 3041 2404 mathematica:
3087 2344 3357 2416 singulari

1780 2441 2094 2511 eximioque
2123 2443 2344 2498 nomine
2362 2443 2703 2513 insignitam,
2723 2442 2987 2511 pertinet,
3009 2439 3352 2505 existimare,

1780 2534 1973 2588 otiosa:
2002 2535 2250 2589 stultitiae
2279 2536 2346 2590 ad
2400 2545 2675 2589 astrorum
2729 2544 2935 2599 motus,
2970 2542 3229 2603 tanquam
3286 2532 3355 2587 ad

1780 2638 1994 2687 causas,
2032 2625 2299 2681 humanas
2332 2628 2577 2681 aetiones
2606 2627 2892 2682 referentis
2911 2642 3050 2696 opus
3074 2638 3175 2681 est.
3206 2624 3362 2681 Illius

1782 2716 1949 2783 igitur
1978 2718 2131 2781 artis,
2182 2734 2304 2788 quae
2343 2724 2407 2771 ad
2440 2719 2740 2788 quidquam
2801 2719 2928 2774 boni
2959 2720 3189 2788 sanique
3222 2718 3359 2772 nihil

1779 2813 2011 2877 confert,
2048 2828 2280 2882 qumque
2332 2814 2537 2868 nullam
2576 2828 2702 2866 cum
2750 2815 2983 2869 veritate
3034 2812 3355 2867 aﬂinitatem

1779 2904 1967 2964 habet,
1995 2906 2235 2973 cognitio
2263 2906 2320 2958 in
2367 2920 2639 2969 errorem,
2672 2905 3045 2973 corruptionis
3093 2905 3363 2973 perditiov

1780 2997 1971 3067 nisque
2001 2997 2276 3068 abyssum,
2306 2997 2393 3067 pie
2440 3012 2600 3067 agere
2633 2999 2946 3054 volentibus
2977 2998 3137 3052 valde
3168 2997 3358 3066 perui-

1778 3088 2005 3151 ciosam,
2038 3088 2285 3143 adducit.
2317 3087 2468 3142 Talia
2496 3088 2683 3157 igitur,
2720 3103 2827 3141 una
2858 3102 2985 3141 cum
3014 3088 3204 3157 magiae
3230 3101 3357 3155 pra-

1778 3190 1897 3232 vam
1952 3189 2151 3245 artem,
2208 3193 2331 3248 quae
2368 3178 2650 3232 hominem
2687 3194 2717 3232 a
2759 3180 2871 3232 Deo
2904 3178 3064 3249 longe
3117 3177 3357 3247 projicit,

1780 3270 2025 3339 improbe
2052 3282 2108 3325 et
2135 3278 2324 3339 spreto
2353 3272 2582 3325 numine
2612 3270 3025 3333 exercentibus,
3052 3270 3357 3324 mathema-

1779 3365 2025 3432 ticisque,
2062 3362 2320 3417 videlicet
2377 3363 2692 3432 astrologis,
2748 3372 2803 3418 et
2850 3363 2999 3432 leges
3046 3362 3266 3425 divinae,
3298 3370 3356 3416 et

1778 3456 2159 3525 magistrorum
2185 3454 2277 3507 Dei
2305 3453 2919 3523 cultorum,divinoque
2940 3454 3150 3524 Spiritu
3178 3456 3350 3509 adﬂa-

1778 3558 1955 3600 torum
1980 3545 2197 3600 oracula
2223 3547 2348 3614 jure
2376 3546 2570 3599 merito
2598 3556 2924 3600 aversantur
2940 3546 3357 3602 abominantur-

1777 3652 1902 3707 que.
1940 3637 2017 3691 llli
2049 3637 2252 3707 quippe
2286 3638 2351 3690 ad
2384 3650 2615 3704 corpora
2637 3637 2926 3705 superiora
2955 3638 3223 3691 oscitante
3255 3653 3353 3691 ore

1776 3728 1979 3782 frustra
1999 3727 2380 3795 respicientes,
2407 3726 2477 3780 ab
2501 3741 2692 3779 eorum
2722 3736 2873 3780 motu
2907 3726 3075 3780 vitam
3103 3736 3351 3782 nostram

1775 3820 2039 3891 pendere,
2073 3820 2240 3875 Deum
2273 3818 2511 3873 adverso
2544 3818 2701 3873 vultu
2746 3817 3143 3888 itnpugnando,
3201 3822 3353 3890 posi-

1775 3924 1967 3983 tosque
2008 3913 2273 3968 terminos
2309 3910 2689 3977 transiliendo,
2719 3920 3003 3979 statuunt,
3055 3915 3201 3969 unde
3235 3922 3353 3969 tan-

1772 4006 1896 4060 dem
1932 4005 1985 4059 in
2011 4013 2176 4073 caput
2202 4018 2364 4058 suum
2401 4004 2707 4074 perniciem
2762 4005 3113 4077 animamque
3143 4008 3351 4077 pariter

1771 4111 1925 4150 suam
1945 4103 2258 4150 accersunt.

1846 4188 1982 4242 Vill.
2012 4188 2105 4243 Sic
2139 4189 2329 4258 itaque
2380 4204 2578 4245 omnes
2610 4189 2736 4246 illos
2781 4206 2851 4246 ex
2910 4193 3117 4248 nostris
3148 4194 3345 4259 caulis,

1773 4282 1869 4351 qui
1909 4288 2057 4336 recte
2097 4280 2203 4335 illis
2232 4292 2477 4350 pmunt
2510 4292 2780 4349 pastores,
2811 4284 3009 4338 merito
3041 4287 3344 4355 expellunt.

1775 4377 1977 4429 llorum
2018 4374 2184 4427 etiam
2213 4390 2337 4440 ego,
2394 4384 2583 4444 utpote
2615 4374 2759 4430 (ilius
2817 4386 3034 4446 patrum
3074 4380 3348 4435 nutricio-

1776 4482 1892 4520 rum
1921 4476 1977 4520 et
2003 4465 2421 4536 padagogorum
2456 4467 2703 4536 vestigiis
2722 4467 3055 4536 insistendo,
3083 4471 3347 4538 duarum,

61 4570 246 4623 οὐδὲν
284 4568 379 4637 μὲν
408 4564 579 4633 ἄγων,
614 4563 708 4614 καὶ
731 4558 1005 4612 διαπτύων
1035 4559 1183 4611 δυοῖν
1212 4558 1320 4608 τῶν
1345 4557 1441 4625 τῆς
1473 4556 1670 4623 ἀστρο-

1783 4575 1897 4629 quze
1943 4557 2087 4612 circa
2140 4569 2285 4611 astra
2346 4571 2655 4621 versantur,
2710 4561 3067 4616 scientiarum
3115 4563 3348 4619 alteram

66 4664 362 4731 θεάμονος
389 4656 579 4726 σοφίας
605 4652 761 4705 εἱδῶν
790 4650 850 4703 τὸ
879 4650 1151 4717 δεύτερον,
1181 4648 1255 4710 ὡς
1286 4645 1578 4699 ἐπίϐουλόν
1609 4662 1670 4698 τε

68 4757 184 4809 καί
216 4750 509 4821 σφαλερὸν,
540 4746 676 4801 καθὸ
708 4744 808 4807 τάς
844 4745 953 4796 τῶν
988 4745 1473 4813 ἐμπεριεχομένων
1506 4759 1671 4812 μετα-

68 4848 258 4905 ϐολὰς
284 4845 371 4897 διὰ
416 4841 527 4894 τῶν
557 4839 805 4908 ἀστέρων
849 4834 1330 4906 συσχηματισμῶν
1376 4833 1675 4887 ἀποτελου-

68 4937 267 5008 μένας
291 4936 340 4988 οἱ
371 4934 500 5003 περὶ
551 4931 727 4985 ταῦτα
775 4927 977 5005 κομψοὶ
1016 4927 1297 4997 τηνάλλως
1342 4928 1509 4994 φασὶν
1547 4927 1672 4980 ἐπι-

69 5028 451 5087 σκέπτεσθαι,
484 5026 577 5079 καὶ
610 5024 730 5077 λίαν
773 5020 1153 5083 ἀπικινδύνως.
1201 5019 1274 5071 Τὸ
1322 5019 1587 5089 πρότερον
1615 5016 1673 5071 δὲ

61 5127 154 5193 τῇ
211 5120 365 5183 τάξει
420 5134 479 5170 τε
534 5116 629 5169 καὶ
683 5113 934 5180 δυνάμει,
994 5112 1089 5164 καὶ
1148 5111 1378 5180 φέρεται
1432 5110 1542 5180 γὰρ
1598 5109 1669 5162 τὰ

64 5213 289 5283 πρῶτα
317 5209 461 5264 κατά
486 5207 595 5261 τῶν
640 5206 838 5270 ἄλλων,
874 5204 1008 5272 πρὸς
1051 5202 1317 5272 μεγίστην
1344 5201 1532 5271 ὄνησιν
1573 5201 1670 5269 φέ-

70 5321 209 5375 ρον,
250 5304 343 5355 zeal.
375 5302 501 5370 περὶ
531 5298 630 5359 τάς
659 5298 766 5350 τῶν
791 5298 1040 5365 ἀστέρων
1074 5297 1236 5379 μένον
1268 5298 1515 5365 κινήσεις
1549 5297 1671 5366 ἔχον

64 5400 147 5449 ἐν
170 5395 321 5461 λόγῳ
348 5391 651 5458 τιθέμενος,
677 5388 833 5452 ἔδοξα
868 5385 1006 5455 πρὸς
1049 5383 1353 5455 εῦχρηστον
1391 5386 1490 5456 τῆς
1534 5388 1670 5440 θεω-

72 5488 220 5559 ρίας
255 5480 755 5552 ὑπομνηματισμὸν
787 5477 1029 5548 ἐμαυτοῦ
1059 5494 1117 5530 τε
1152 5478 1314 5548 χάριν
1346 5480 1440 5532 καὶ
1468 5480 1577 5533 τῶν
1605 5495 1669 5546 γε

66 5576 523 5651 προτρεψάντων
567 5575 630 5626 ὲκ
663 5572 1045 5626 παλαιοτάτων
1076 5573 1345 5642 συνήθων,
1384 5576 1441 5627 ἐν
1476 5574 1575 5642 μὲν
1604 5577 1669 5644 τῇ

75 5670 294 5741 πρώτῃ
338 5666 505 5737 μελῳ
553 5666 649 5717 τοῦ
707 5665 973 5735 παρόντος
1037 5665 1443 5737 συντάγματος,
1488 5666 1562 5730 ὡς
1616 5669 1672 5719 ἒν

173 5849 254 5921 (6)
289 5847 398 5912 Τὰς
430 5846 704 5918 ἀληθείας.

1776 4652 1923 4706 nullo
1962 4652 2014 4705 in
2062 4651 2239 4721 pretio
2274 4651 2472 4717 habeo,
2518 4662 2691 4721 utque
2734 4652 3103 4722 deccptricem
3151 4672 3213 4708 ac
3248 4654 3351 4709 fal-

1775 4745 1947 4798 lacetn
2013 4744 2359 4812 intutamque
2418 4758 2643 4797 aversur
2703 4760 2719 4797 :
2774 4755 3049 4813 quatenus
3109 4763 3230 4815 qua:
3289 4747 3346 4801 iu

1774 4834 1981 4887 mundo
2014 4832 2348 4887 mutationes
2394 4832 2671 4896 accidunt,
2731 4834 2799 4887 ab
2833 4843 3108 4889 astrorum
3161 4839 3346 4905 positu

1773 4935 1827 4979 et
1852 4924 2291 4993 contiguratione
2320 4922 2538 4976 immitti
2573 4933 2848 4986 asserunt,
2881 4926 2974 4992 qui
3003 4941 3123 4979 eam
3157 4929 3349 4995 prteci-

1774 5034 1881 5089 pne
1911 5020 2141 5088 iactant,
2170 5034 2235 5074 ac
2271 5018 2512 5073 maximo
2546 5032 2671 5072 cum
2721 5018 2968 5087 periculo
2993 5021 3348 5086 proﬁtentur.

1772 5109 1979 5165 Ordine
2006 5126 2135 5166 vero
2163 5121 2220 5166 et
2250 5111 2509 5168 facultate
2531 5113 2790 5182 primam,
2827 5113 3034 5183 primas
3052 5116 3200 5168 enim
3225 5131 3350 5185 par-

1776 5212 1858 5256 tes
1888 5202 2002 5257 harc
2028 5202 2293 5258 adversus
2325 5205 2458 5259 alias
2485 5205 2586 5258 sibi
2620 5206 2879 5270 vindicat,
2904 5207 3251 5262 utilissimam
3286 5223 3353 5264 ac

1774 5296 2008 5349 maxime
2038 5296 2467 5360 conducibilem,
2501 5297 2557 5352 in
2582 5305 2858 5352 astrorum
2884 5301 3126 5354 motibus
3145 5300 3350 5354 riman-

1774 5388 1858 5442 dis
1906 5389 2252 5442 solummodo
2283 5398 2595 5444 versantem
2625 5390 2845 5460 plurimi
2875 5391 3104 5454 faciens,
3148 5393 3202 5446 in
3232 5393 3351 5461 pri-

1774 5495 1859 5533 mo
1892 5480 2053 5549 hujus
2083 5478 2265 5549 operis
2301 5478 2455 5544 libro,
2493 5490 2554 5533 ut
2592 5476 2821 5535 ibeoriae
2849 5482 3263 5550 explicationem
3293 5490 3349 5537 et

1776 5574 1829 5626 in
1861 5573 2003 5625 illam
2022 5554 2501 5637 corimteutarinm,
2530 5584 2636 5626 tam
2659 5574 2784 5634 mei,
2808 5591 2971 5643 quam
3000 5575 3345 5630 hortatorqu

1775 5666 1910 5719 mihi
1942 5664 2008 5716 ab
2038 5663 2274 5731 antiquo
2312 5663 2667 5721 familiarium
2714 5683 2876 5722 causa
2914 5669 3214 5725 faciliorem
3248 5686 3346 5726 ex—

1854 5844 1928 5913 (7)
1977 5842 2425 5913 Ἑξησκημένοις.
