3904 6576
136 384 244 448 997

1234 352 1337 444 Ex
1375 381 1613 443 Ltnno
1656 380 1754 443 DE
1794 379 2321 442 ssrnoxoum.

3280 382 3388 447 998

205 494 262 548 ι’.
325 492 582 565 Μιμηταὶ
633 492 743 563 γὰρ
807 491 956 548 οὗτοι
1011 492 1107 548 τοῦ
1160 495 1374 548 ἑαυτῶν
1425 497 1714 564 γεγονότες

1892 489 1956 545 Χ.
1989 491 2286 546 Enimvero
2312 503 2438 544 cum
2492 488 2547 545 bi
2580 490 2665 546 sui
2694 491 2936 562 parentis
2966 491 3271 548 imitatores
3299 508 3388 549 es-

128 587 476 656 γεννήτορος,
511 586 710 654 σοφίαν
757 585 860 655 μιν
907 585 1008 656 τὴν
1056 586 1187 657 περὶ
1234 587 1305 641 τά
1348 588 1582 658 οὐράνια
1612 586 1709 641 καὶ

127 678 231 747 τὴν
264 676 474 732 τούτων
520 677 886 748 διακόσμησιν
930 680 1256 750 ἐπενόησαν,
1286 681 1499 751 πρῶτοι
1529 696 1712 751 γραμ-

131 766 323 836 μάτων
369 766 696 836 ἐφευρόντες
729 765 935 830 τύπους
972 767 1067 820 καὶ
1118 768 1187 820 τὰ
1237 771 1442 838 σημεῖα
1472 768 1570 821 τοῦ
1619 769 1710 821 οὐ·

132 861 299 929 ρανοῦ
339 862 433 914 καὶ
462 862 563 924 τὰς
591 860 802 930 τροπὰς
850 860 941 913 τοῦ
976 861 1246 929 ἐνιαυτοῦ,
1287 864 1385 919 καὶ
1417 864 1518 927 τὰς
1555 864 1710 917 ἐϐδο-

132 951 329 1019 μάδας,
360 952 601 1015 καὶτοῖς
639 948 908 1005 ἀπλανέσι
962 951 1071 1005 τῶν
1129 954 1376 1024 ἀστέρων
1429 954 1712 1018 ἐπιθέντες

129 1043 375 1112 ὀνόματα
425 1045 523 1097 καὶ
571 1046 689 1107 τοῖς
747 1041 1144 1113 πλανωμένοις.
1183 1046 1357 1115 ’Υπὲρ
1390 1046 1448 1099 δὲ
1492 1045 1585 1099 τοῦ
1634 1045 1709 1117 μὴ

129 1133 416 1203 διαφυγεῖν
450 1135 579 1197 τοὺς
619 1135 944 1206 ἀνθρώπους
974 1138 1042 1190 τὰ.
1063 1137 1370 1208 εὑρημένα,
1407 1137 1543 1208 μηδέ
1578 1140 1710 1209 πρὶν

132 1224 214 1286 είς
282 1226 479 1292 γνῶσιν
527 1224 703 1280 ἐλθεῖν
756 1228 1054 1298 φθαρῆναι,
1108 1229 1500 1299 προειρηκότος
1534 1227 1711 1299 ’Δδάμ

128 1315 441 1387 ἀφανισμὸν
490 1317 711 1371 ἔσεσθαι
761 1318 871 1372 τῶν
917 1320 1076 1383 ὅλων,
1117 1320 1212 1372 τὸν
1262 1319 1363 1391 μέν
1402 1318 1529 1374 κατ’
1558 1320 1712 1389 ἰσχὺν

131 1408 329 1477 πυρὸς,
362 1411 453 1462 τὸν
496 1409 549 1462 δὲ
581 1409 770 1481 ἕτερον
801 1411 940 1466 κατά
974 1414 1098 1482 βίαν
1130 1413 1228 1466 καὶ
1258 1413 1466 1482 πλῆθος
1497 1411 1711 1477 ὕδατος,

131 1501 344 1570 στήλας
389 1502 748 1572 ποιησάμενοι
801 1504 913 1572 δύο,
948 1507 1048 1576 τὴν
1101 1506 1203 1577 μὲν
1236 1508 1300 1560 ἐκ
1327 1507 1577 1573 πλίνθου,
1613 1506 1714 1577 τὴν

126 1592 180 1648 δ’
211 1593 408 1665 ἑτέραν
449 1596 513 1648 ἐκ
540 1595 715 1663 λίθου,
752 1596 1098 1668 ἀμφοτέραις
1127 1600 1195 1654 τὰ
1223 1599 1504 1670 εὑρημένα
1538 1618 1717 1671 προσ-

129 1687 402 1760 ἔγραψαν,
458 1687 545 1741 ἵνα
602 1691 701 1759 τῆς
763 1689 1044 1762 πλινθίνης
1101 1692 1206 1746 ὑπὸ
1253 1694 1353 1763 τῆς
1407 1693 1717 1764 ἐπομϐρίας

127 1776 551 1847 ἀφανισθείσης,
580 1780 612 1850 η
646 1778 818 1852 λιθίνη
853 1783 1085 1850 μείνασα
1120 1783 1335 1838 ἅπαντα
1367 1782 1486 1854 δοίη
1519 1788 1714 1855 μαθεῖν

126 1871 245 1932 τοῖς
294 1868 610 1942 ἀνθρώποις
665 1870 736 1925 τὰ
791 1873 1263 1945 ἐγγεγραμμένα·
1322 1876 1559 1949 δηλοῦσα
1614 1880 1712 1933 καὶ

130 1958 418 2032 πλινθίνην
449 1960 543 2014 ὑπ’
582 1963 762 2018 αὐτῶν
794 1965 1126 2031 ἀνατεθῆναι
1155 1984 1170 1999 ο
1197 1967 1264 2040 ῆν
1300 1967 1364 2041 δὴ
1394 1971 1490 2023 καὶ
1524 1969 1712 2040 μένειν

127 2052 277 2107 κατὰ
319 2053 418 2123 τὴν
443 2054 642 2126 Σδρίδα
689 2056 792 2127 γῆν
826 2056 987 2129 ἄχρις
1015 2059 1228 2114 ἐκείνου
1269 2063 1425 2133 φησὶ,
1464 2062 1609 2134 λέγω
1640 2064 1710 2136 δὴ

126 2147 235 2219 τὴν
260 2146 467 2217 λιθίνην
496 2158 510 2176 ⁵
540 2148 642 2219 τῆς
664 2148 721 2202 δὲ
750 2150 858 2219 γῆς
885 2151 1165 2225 ἐπομϐρίᾳ
1204 2155 1703 2229 κατακλυσθείσης,

128 2240 232 2290 καὶ
285 2237 448 2309 μόνου
499 2237 623 2291 Νῶε
660 2240 1088 2309 περισωθέντος,
1142 2244 1389 2319 ἀρχηγοῦ
1440 2264 1499 2300 τε
1548 2265 1715 2303 κατα-

130 2330 364 2393 στάντος
400 2330 659 2399 δευτέρου
692 2333 897 2401 κόσμου
922 2348 935 2361 ·
967 2334 1061 2386 καὶ
1091 2335 1154 2406 δὴ
1188 2338 1296 2390 τῶν
1345 2336 1443 2392 ἀπ’
1472 2339 1709 2407 ἐκείνου,

128 2421 224 2475 διά
266 2421 367 2493 τὴν
416 2421 482 2491 ην
530 2423 833 2492 ἐπενόησαν
886 2422 1095 2493 τόλμαν
1140 2426 1567 2497 οίκοδομούντων
1617 2429 1710 2483 τὸν

127 2513 374 2581 πύργον,
405 2512 788 2582 συγχυθέντων
828 2512 930 2583 τὴν
984 2514 1256 2583 γλῶτταν,
1281 2516 1378 2571 ἅτε
1428 2518 1493 2589 δὴ
1523 2519 1709 2584 κακῶς

127 2606 233 2661 καὶ
296 2604 470 2667 ἀθέως
542 2606 997 2674 ὁμοφωνούντων,
1056 2610 1217 2678 μόνος
1278 2612 1556 2683 Ἀρφαξάδ
1611 2615 1711 2687 τὴν

128 2697 345 2750 οἰκείαν
402 2696 775 2769 διατηρήσας,
826 2700 1113 2755 Χαλδαίων
1184 2703 1471 2773 πρόγονος.
1524 2706 1588 2759 Ol
1654 2706 1712 2762 δέ

130 2788 356 2859 φύσεως
421 2789 635 2858 ἀγαθῆς
686 2793 1018 2860 γεγονότες,
1067 2795 1159 2848 καὶ
1220 2797 1288 2850 τὰ
1349 2798 1443 2851 ἐπὶ
1499 2798 1713 2871 λιθίνης

134 2880 346 2950 στήλης
376 2880 629 2950 εὑρόντες
660 2884 1118 2954 ἐγγεγραμμένα,
1146 2885 1245 2959 τὴν
1277 2889 1387 2942 τῶν
1440 2889 1712 2960 οὐρανίων

133 2973 550 3041 συνεγράψαντο
598 2974 905 3046 ἐπιστήμην
934 2992 948 3007 ·
1002 2977 1256 3032 τοσοῦτον
1300 2979 1714 3052 θαυμασθέντες

130 3067 293 3134 παρά
319 3065 485 3118 πᾶσιν
516 3065 607 3118 ἐπὶ
652 3067 835 3137 σοφίᾳ,
870 3068 1011 3122 ὥστε
1062 3072 1307 3137 καὶτοὺς
1341 3075 1523 3128 αὐτῶν
1567 3074 1714 3145 φιλο-

1816 591 1958 646 sent,
1997 583 2065 638 de
2116 581 2435 638 coelestibus
2465 597 2771 652 eorumque
2826 582 3022 639 ordine
3074 590 3133 638 et
3187 595 3386 640 ornatu

1812 673 2188 744 philosophari
2220 673 2533 744 cogitarunt
2585 690 2600 728 :
2651 673 2926 744 primique
2960 675 3271 731 litterarum
3302 683 3389 747 ty-

1814 778 1933 835 pos,
1960 766 2085 821 caeli
2117 765 2294 835 signa.
2337 765 2467 819 anni
2498 764 2736 834 partium
2765 765 3157 822 conversiones
3180 774 3235 822 et
3264 782 3389 839 sep-

1816 858 2047 913 timanas
2083 859 2436 925 invenerunt,
2465 857 2695 928 lixisque
2726 858 2899 914 stellis
2928 874 2991 915 ac
3020 860 3254 930 planetis
3286 875 3386 915 no-

1813 952 1961 1007 mina
1992 953 2327 1024 imposuere.
2376 951 2456 1007 Ne
2486 966 2617 1006 vero
2644 952 2736 1006 illa
2796 950 3017 1008 inventa
3073 953 3389 1009 hominibus

1813 1044 2083 1114 perirent,
2109 1051 2166 1098 et
2200 1053 2494 1113 antequam
2528 1042 2713 1097 forent
2738 1043 2953 1113 cognita
2971 1050 3385 1104 evanescerent,

1814 1150 1937 1189 cum
1967 1134 2211 1189 universi
2236 1135 2567 1190 deletionem
2608 1136 2940 1204 ruinamque
2981 1132 3280 1203 duplicem,
3325 1133 3384 1187 vi

1815 1225 1955 1296 ignis
1987 1226 2238 1293 alteram,
2271 1227 2501 1281 alteram
2548 1226 2761 1281 inilnita
2795 1241 3066 1296 aquarum
3098 1225 3255 1291 copia
3301 1224 3388 1278 iu-

1815 1329 1999 1373 turam
2048 1319 2397 1388 praedixisset
2444 1318 2706 1385 Adamus,
2737 1318 3010 1373 columnis
3041 1316 3256 1373 duabus
3287 1331 3385 1372 ex-

1814 1411 2039 1466 structis
2077 1412 2414 1481 erectisque,
2458 1427 2564 1466 uua
2600 1412 2821 1482 quidem
2854 1411 3117 1477 lateritia,
3166 1408 3383 1481 lapidea

1816 1503 2014 1568 altera,
2070 1501 2291 1557 inventa
2347 1517 2443 1557 sua
2489 1504 2709 1572 utrique
2751 1504 3175 1572 inscripserunt,
3215 1511 3295 1569 ut,
3337 1500 3387 1557 si

1817 1593 2057 1648 lalCl'illa
2088 1593 2158 1648 ab
2194 1593 2510 1662 ingentibus
2561 1596 2908 1666 proinsisque
2958 1594 3229 1652 imbribus
3257 1609 3385 1650 cor-

1819 1698 2192 1758 rumperetur,
2220 1688 2434 1759 lapidea
2456 1698 2790 1758 superesset.
2815 1703 2881 1742 ex
2903 1703 3009 1757 qua
3040 1695 3264 1757 possent
3290 1686 3390 1742 Ιιοο

1820 1781 1995 1833 tnines
2021 1790 2221 1835 cuncta
2255 1781 2516 1849 inscripta
2552 1781 2859 1843 addiscere,
2892 1789 3054 1849 atque
3093 1779 3387 1834 lateritiam

1815 1870 1884 1925 ab
1922 1872 2054 1936 ipsis
2081 1886 2298 1942 quoque
2349 1871 2518 1926 fuisse
2566 1881 2805 1926 erectam
2854 1881 2910 1925 et
2950 1880 3324 1926 consecratam
3370 1887 3385 1924 :

1814 1977 1978 2033 quam
2009 1962 2193 2028 etiam,
2229 1962 2501 2035 lapideam
2533 1962 2680 2028 dico,
2713 1963 2778 2018 ad
2813 1963 2904 2019 illa
2937 1980 3113 2035 usque
3139 1973 3387 2036 tempora

1816 2053 1872 2108 in
1923 2054 2083 2127 Syria
2124 2062 2281 2110 stare
2310 2069 2373 2109 ac
2404 2069 2732 2126 permanere
2766 2055 2864 2111 ait.
2905 2056 2975 2110 At
3006 2072 3127 2112 cum
3178 2056 3388 2111 diluvio

1816 2155 1963 2201 terra
1994 2155 2253 2216 cooperta
2276 2145 2489 2213 fuisset.
2516 2163 2580 2204 ac
2611 2149 2761 2206 solus
2793 2148 2927 2216 Noe,
2960 2147 3185 2204 secundi
3230 2164 3389 2203 mun-

1814 2238 1869 2295 di
1905 2238 2161 2310 princeps
2175 2237 2375 2304 factus.
2399 2249 2652 2294 servatus
2682 2240 3144 2311 fuisset,ejusque
3176 2240 3386 2309 posteri

1814 2331 2064 2396 audacia,
2095 2346 2257 2402 quam
2289 2332 2473 2386 animo
2521 2341 3002 2402 praesumpserant,
3038 2332 3229 2387 turrim
3260 2331 3392 2387 redi-

1812 2422 2094 2485 licassent,
2135 2424 2491 2495 ipsorumque
2518 2424 2720 2494 linguae
2756 2426 3000 2479 confusa:
3028 2427 3389 2494 perturbatae-

1813 2528 1922 2583 que
1961 2513 2201 2567 fuissent
2223 2552 2239 2579 ,
2268 2514 2412 2584 quod
2446 2514 2635 2586 inique
2666 2526 2965 2587 spretoque
2989 2517 3098 2570 Deo
3121 2516 3175 2570 in
3207 2517 3388 2586 ipsum

1813 2607 2214 2677 conjurasseu.
2272 2608 2554 2677 propriam
2625 2610 2977 2679 nativamque
3029 2609 3388 2681 Arpha‘xadus

1814 2699 2062 2761 retinuit,
2090 2707 2145 2753 et
2169 2699 2553 2755 Chaldaeorum
2578 2702 2818 2756 nationis
2844 2718 3050 2773 parens
3080 2715 3387 2774 auctorque

1814 2794 1939 2849 fuit.
1981 2795 2047 2849 lli
2082 2810 2220 2850 vero
2248 2794 2486 2850 indolem
2524 2795 2725 2849 bonam
2763 2794 3155 2866 ingeniumque
3216 2799 3389 2861 naCti,

1814 2886 1936 2956 qua:
1968 2885 2198 2955 lapidea:
2232 2888 2506 2941 columnae
2576 2886 2842 2956 inscripta
2892 2896 3073 2949 erant,
3129 2887 3391 2958 inventis,

1816 2976 2121 3032 cmlectium
2173 2974 2457 3031 scientiam
2515 2976 2912 3047 conscripsere.
2972 2975 3216 3042 Quorum
3282 2986 3390 3032 tam

1819 3067 2018 3123 eximia
2053 3066 2155 3122 fuit
2183 3068 2475 3138 sapientia,
2533 3078 2591 3122 ut
2625 3082 2724 3123 eos
2752 3082 2945 3122 omnes
2980 3067 3232 3123 homines
3281 3067 3393 3123 sint

133 3155 341 3225 σόφους
385 3157 511 3227 περὶ
534 3157 897 3229 ἀστρονομίαν
934 3161 996 3214 τὸ
1029 3163 1192 3217 πλέον
1224 3165 1469 3237 ἔχοντας,
1503 3167 1593 3220 καὶ
1626 3184 1715 3237 γε-

1820 3159 2097 3223 admirati,
2128 3157 2266 3214 adeo
2300 3168 2354 3213 ut
2393 3159 2636 3227 ipsorum
2673 3157 2986 3228 philosophi
3025 3161 3076 3212 in
3109 3158 3277 3214 rebus
3304 3176 3391 3214 as-

131 3246 509 3315 νεθλιαλογεῖν
537 3250 638 3322 ήδη
671 3254 1195 3324 προσποιουμένους,
1214 3256 1517 3323 Χαλδαίους
1547 3277 1716 3331 προσ-

127 3341 530 3413 ἀγορεύεσθαι.

212 3523 325 3577 lA‘.
372 3525 627 3594 Στράϐων
677 3527 1021 3597 γεωγραφῶν
1078 3531 1234 3600 φησὶ,
1276 3531 1354 3602 τῷ
1404 3533 1573 3605 κοινῷ
1619 3534 1714 3587 τοῦ

131 3614 335 3684 γένους
368 3617 594 3686 ὀνόματι
624 3620 751 3671 κατ’
795 3619 987 3691 ἐξοχὴν
1018 3619 1452 3692 ὀνομαζομένους
1500 3626 1716 3681 οἰκοῦν-

131 3723 244 3769 τας
287 3706 384 3776 μὲν
407 3707 507 3777 τῆς
531 3707 875 3772 Βαϐυλωνίας
911 3712 1093 3781 χώραν
1120 3714 1301 3776 αὐτοῖς
1327 3717 1406 3778 είς
1432 3718 1716 3770 κατοικίαν

133 3798 536 3869 ἀφωρισμένην
572 3801 981 3871 πλησιάζουσαν
1015 3806 1126 3868 τοίς
1159 3822 1217 3857 τε
1253 3805 1461 3876 ’Ἄραψι
1511 3812 1604 3863 καὶ
1647 3815 1714 3883 τῇ

135 3891 289 3943 κατά
331 3892 543 3961 Πέρσας
571 3891 843 3966 λεγομένῃ
872 3894 1138 3968 θαλάσσῃ,
1179 3899 1260 3960 είς
1293 3900 1465 3953 πλείω
1493 3902 1549 3954 δὲ
1583 3904 1714 3974 γένη

131 3983 549 4054 διῃρημένους*
600 3988 693 4037 καὶ
755 3988 881 4050 τοὺς
933 3989 1034 4057 μὲν
1097 3991 1417 4060 Ὀρχηνοὺς,
1474 3995 1603 4057 τοὺς
1659 3995 1715 4047 δὲ

133 4076 515 4145 καλουμένους
551 4076 952 4148 Βορσιππινοὺς
984 4082 1078 4134 καὶ
1116 4083 1308 4146 ἄλλους
1343 4084 1541 4148 ἄλλως,
1566 4087 1716 4141 ὼσᾶν

134 4167 272 4222 καθ’
299 4167 541 4239 αἱρέσεις
569 4169 705 4224 ἀλλα
741 4174 837 4223 καὶ
863 4171 996 4224 ἄλλα
1043 4176 1173 4242 περὶ
1202 4175 1311 4227 τῶν
1356 4175 1534 4228 αὐτῶν
1566 4176 1718 4246 ἐχου-

131 4276 247 4323 τας
298 4260 564 4329 δόγματα.
605 4260 693 4315 Ἐν
736 4257 818 4326 οἷς
853 4264 1007 4318 ἄλλοι
1041 4282 1101 4318 τε
1152 4264 1395 4320 πλεῖστοι
1429 4267 1716 4336 γεγόνασιν

131 4352 418 4422 ἀξιόλογοι
465 4352 692 4424 ἀνδρες,
754 4355 848 4409 ml.
919 4357 1154 4425 μάλιστα
1204 4361 1569 4432 Ζωροάστρης
1622 4362 1719 4417 καὶ

137 4443 270 4515 μετ’
312 4446 521 4498 ἐκεῖνον
577 4446 806 4515 Ὀτάνης
833 4462 847 4477 ⁸
888 4449 916 4500 ὅ
958 4465 1019 4501 τε
1071 4449 1307 4518 mm.-
1358 4456 1453 4505 καὶ
1506 4453 1719 4507 Ναϐου-

1820 3249 2141 3304 tronomicis
2177 3258 2236 3304 ut
2266 3247 2586 3318 plurimum
2646 3247 2923 3318 occupati,
2974 3263 3152 3318 exque
3203 3245 3393 3318 figuris

1818 3339 2089 3397 natalitiis
2143 3339 2384 3409 coelique
2433 3330 2772 3394 tlteu'iatibus
2818 3338 3153 3408 praedicendi
3215 3347 3391 3395 artem

1817 3431 2076 3501 professi,
2114 3430 2355 3485 Chaldaei
2390 3430 2502 3485 sint
2544 3429 2708 3485 etiam
2762 3430 3038 3500 appellati.

1890 3519 1981 3575 XI.
2018 3521 2215 3576 Strabo
2264 3522 2318 3575 in
2370 3520 2530 3575 libris
2583 3520 2700 3575 suis
2740 3521 3121 3591 geograplticis
3156 3521 3397 3587 scribit,

1818 3616 2098 3671 communi
2125 3614 2306 3684 gentis
2336 3613 2560 3667 nomine
2589 3627 2689 3682 per
2712 3611 3092 3666 excellentiam
3126 3611 3392 3681 appellari

1819 3706 2024 3761 incolas
2046 3705 2385 3776 Babylonica:
2410 3704 2684 3759 Arabibus
2708 3713 2763 3757 et
2787 3702 2922 3757 mari
2953 3704 3013 3757 P»
3032 3704 3173 3757 rsico
3194 3703 3388 3757 vicinae

1819 3796 2079 3866 regionis,
2103 3811 2226 3865 qua:
2257 3796 2390 3864 ipsis
2412 3796 2463 3848 in
2502 3796 2687 3863 plures
2716 3795 2923 3850 classes
2948 3795 3140 3850 divisis
3170 3795 3236 3848 ad
3285 3795 3382 3846 Ita-

1819 3888 2103 3943 bitandum
2137 3886 2240 3941 fuit
2294 3887 2566 3938 attributa
2632 3894 2689 3939 et
2742 3887 3018 3953 seposita;
3085 3900 3395 3954 eorumque

1818 3978 1956 4031 alios
1983 3976 2297 4035 Orcbcnos.
2359 3977 2499 4029 alios
2546 3976 2938 4043 Borsippenos,
2990 3974 3129 4029 alios
3160 3975 3396 4029 diversis

1819 4067 2141 4120 nominibus
2192 4074 2417 4120 vocatos
2465 4066 2669 4129 fuisse;
2699 4074 2973 4134 quatenus
3003 4065 3172 4120 variis
3225 4065 3395 4118 sectis

1819 4161 2025 4216 addicti
2075 4161 2142 4216 de
2176 4162 2344 4216 rebus
2380 4160 2575 4215 iisdem
2637 4159 3010 4215 diversitnode
3059 4160 3395 4214 sentiebant.

1820 4254 1878 4309 ln
1907 4254 2109 4324 quibus
2136 4254 2359 4322 plurimi
2406 4252 2497 4307 alii
2533 4253 2785 4307 celebres
2811 4261 2866 4306 et
2905 4251 3066 4307 laude
3094 4251 3245 4321 digni
3297 4250 3397 4305 llo-

1821 4354 2056 4402 ruerunt
2088 4346 2214 4410 viri,
2243 4360 2477 4414 quorum
2520 4346 2836 4415 praecipuus
2871 4344 3155 4398 Zoroaster
3181 4355 3237 4398 et
3295 4342 3393 4413 qui

1820 4437 1973 4491 illum
2015 4444 2239 4491 secutus
2264 4442 2347 4488 est
2375 4433 2570 4489 Otanes
2617 4433 2903 4496 clarucre;
2960 4431 3190 4487 Cidanas
3243 4429 3400 4484 dein-

139 4511 357 4606 ριανδς,
392 4538 485 4588 καὶ
519 4538 618 4591 σὺν
646 4511 831 4602 αὐτοῖς
855 4539 882 4592 ό
915 4541 1165 4604 Σουδῖνος
1192 4511 1209 4575 ί
1250 4544 1386 4598 ἀλλὰ
1409 4546 1499 4599 καὶ
1526 4548 1715 4601 Σελευ-

1823 4547 1954 4601 ceps
1979 4540 2035 4585 et
2086 4529 2451 4595 Naburianus,
2498 4527 2702 4598 quibus
2742 4525 2978 4581 Sudinus
3028 4535 3396 4590 accensetur;

135 4631 277 4691 κίας
339 4628 602 4692 Χαλδαῖος
664 4631 759 4683 καὶ
815 4628 979 4695 οὗτός
1032 4635 1204 4689 ἐστιν.
1266 4636 1360 4691 Ἐκ
1413 4638 1619 4693 τούτων
1664 4641 1725 4694 τὸ

135 4715 387 4770 παλαιὸν
414 4720 440 4772 ό
477 4720 650 4787 μέγας
699 4720 993 4791 γενόμενος
1056 4724 1330 4796 Ἀϐραὰμ,
1364 4729 1458 4781 καὶ
1507 4730 1724 4799 πρῶτος

138 4809 285 4863 Θεὸν
339 4811 443 4864 τῶν
472 4811 611 4864 ὅλων
656 4813 993 4883 δημιουργὸν
1026 4817 1290 4885 ἐγνωκώς
1319 4835 1332 4851 ’
1358 4823 1471 4884 τοῖς
1521 4839 1581 4875 τε
1626 4824 1724 4893 τῆς

138 4904 257 4971 γῆς
309 4902 402 4954 καὶ
437 4902 716 4973 θαλάσσης
750 4905 1067 4975 παθήμασι,
1100 4910 1195 4961 καὶ
1232 4909 1335 4980 τῆς
1367 4912 1439 4981 (8)
1472 4918 1601 4985 περὶ
1632 4917 1725 4970 τὸν

134 4996 304 5065 ἣλιον
332 4993 427 5046 καὶ
456 4994 707 5066 σελήνην,
736 4999 833 5051 καὶ
858 5001 992 5052 πᾶσι
1023 5000 1136 5063 ταῖς
1162 5000 1283 5053 κατ’
1325 5005 1551 5073 οὐρανὸν
1585 5022 1727 5077 συμ-

136 5088 401 5142 ϐαίνουσι
454 5088 845 5159 λογισάμενοςο
885 5093 981 5151 καὶ
1032 5094 1209 5164 τούτῳ
1239 5096 1303 5165 δὴ
1358 5098 1726 5169 προσδραμὼν

138 5180 401 5249 ἑτοίμως*
437 5181 711 5246 καλοῦντι,
749 5182 845 5233 καὶ
896 5182 972 5245 είς
1032 5183 1313 5247 Αἴγυπτον
1348 5185 1727 5256 ἀκολουθήσας

137 5273 488 5342 κατάγοντιτ
520 5273 685 5326 κάκεῖ
713 5277 826 5336 τοῖς
865 5272 1219 5343 λογιωτάτοις
1254 5277 1572 5344 Αἰγυπτίων
1605 5277 1724 5332 δια⁹

138 5366 345 5435 φόροις
388 5364 562 5417 ἔθεσιν
606 5365 1019 5436 ἀρεσκομένοιε,
1052 5367 1146 5418 καί
1185 5368 1257 5419 τὰ
1295 5367 1429 5436 παρ’
1475 5369 1728 5440 ἀλλήλοις

80 5456 85 5459 ’
137 5455 545 5527 ἐκφαυλίζουσι
575 5458 783 5527 νόμιμα
819 5459 914 5511 καὶ
962 5457 1050 5510 διὰ
1092 5458 1249 5512 τοῦτο
1274 5458 1559 5529 δυσμενῶς
1590 5463 1728 5533 πρὸς

137 5548 427 5619 ἀλλήλους
457 5549 659 5618 ἔχουσι,
694 5548 971 5620 συντυχὼν
998 5550 1250 5614 ἐκέστοις
1273 5550 1453 5604 αὐτῶν
1475 5552 1728 5608 διαπτύει

145 5646 258 5713 μὲν
305 5636 398 5700 οὓς
447 5638 726 5692 ἐπο.οὖντο
771 5639 963 5708 λόγους
996 5642 1124 5710 περὶ
1171 5641 1280 5693 τῶν
1322 5641 1468 5696 ἰδίων
1513 5643 1727 5710 κενοὺς,

228 5817 308 5889 (8)
339 5817 485 5880 Τοῖς.

1825 4638 2017 4678 verum
2048 4623 2210 4677 etiam
2248 4620 2493 4676 Seleucus
2527 4620 2777 4677 Seleucia
2826 4618 3095 4674 oriundus
3124 4626 3210 4673 est
3258 4632 3399 4686 quo-

1826 4729 1933 4785 que
1959 4713 2264 4769 Chaldaeus.
2299 4713 2374 4767 Ex
2399 4730 2460 4768 ea
2485 4724 2647 4783 geite
2692 4728 2924 4782 magnus
2962 4710 3227 4765 Abraham
3263 4709 3395 4761 olim

1826 4816 1980 4862 ortus
2015 4806 2183 4862 Deum
2221 4807 2456 4860 universi
2487 4816 2819 4868 creatorem,
2847 4821 2912 4859 ex
2962 4804 3151 4866 vat-iis,
3186 4818 3307 4873 qua:
3340 4804 3396 4856 in

1827 4909 1973 4954 terra
2003 4907 2060 4953 ct
2086 4897 2222 4952 mari
2247 4909 2552 4954 cernuntur
2590 4898 2977 4954 adectionibus
3000 4907 3055 4951 et
3089 4895 3399 4966 proprieta-

1827 4993 1994 5053 tibus.
2028 5007 2207 5062 esque
2238 4992 2515 5052 omnibus.
2547 5007 2666 5060 qua!
2699 4993 2846 5046 circa
2893 4990 3060 5045 solem
3113 4995 3169 5043 et
3208 4989 3399 5041 lunam

1827 5095 1883 5141 et
1912 5086 2112 5141 celum
2153 5084 2432 5149 accidunt,
2471 5084 2849 5138 ratiocinando
2884 5084 3093 5152 primus
3116 5083 3398 5151 cognovit,

1828 5178 1895 5234 ad
1927 5194 2112 5248 quem,
2149 5195 2275 5233 cum
2312 5185 2536 5235 vocaret
2562 5177 2763 5245 ipsum,
2799 5177 2962 5231 celeri
2997 5190 3161 5229 cursu
3214 5188 3403 5228 acces-

1830 5272 1922 5337 sit,
1946 5283 2001 5327 et
2029 5271 2082 5325 in
2118 5270 2414 5343 Egyptum
2470 5269 2835 5324 deducentem
2891 5279 3111 5324 secutus
3144 5278 3248 5322 est.
3291 5268 3399 5324 Ubi

1831 5377 1955 5418 cum
1982 5360 2377 5433 Egyptiornm,
2405 5361 2497 5430 qui
2524 5360 3018 5415 consuetudinibus
3034 5356 3265 5415 diversis
3284 5372 3405 5415 stu-

1832 5453 2048 5518 dentes,
2102 5451 2453 5521 invicemque
2486 5450 2578 5504 alii
2616 5448 2854 5503 aliorum
2918 5448 3065 5518 leges
3117 5448 3404 5517 despectui

1831 5545 2119 5608 habentes,
2145 5543 2352 5597 mutuis
2385 5542 2532 5597 inter
2564 5557 2621 5596 se
2648 5543 2795 5596 odiis
2827 5551 2881 5596 ct
2902 5541 3202 5595 inimicitiis
3223 5548 3404 5596 certa-

1834 5636 1981 5703 bant,
2011 5635 2201 5690 l‘uisset
2233 5633 2655 5704 sapientissimis
2694 5648 3042 5705 congressus,
3086 5642 3404 5687 aversatus-
