4052 5358
271 291 326 346 is
1391 255 1959 338 onsuuvsitosus
2001 279 2320 336 l’llAslii’L-E.
3423 289 3490 344 η

267 409 349 470 (lit,
379 399 697 457 Baldcricum
726 397 1059 470 episcopum,
1097 411 1256 467 quem
1283 397 1396 465 ipsa
1427 395 1666 449 Ecclesia
1697 394 1806 448 No—
1841 405 1888 460 Α
1919 395 2400 458 tnuuus,transitus
2416 395 2480 448 ad
2493 391 3052 462 Morinos,cltronicon
3074 393 3495 468 Morinense(25l

263 492 528 550 viomeusis
569 499 724 544 vocet
767 499 1028 558 pastorem
1065 505 1166 541 non
1200 485 1414 539 aliunde
1441 485 1670 550 illatum,
1705 501 1812 536 non

259 589 424 648 alium,
450 583 536 636 sed
565 597 738 640 suum,
778 595 872 633 suo
914 579 1188 648 profusum
1212 587 1382 642 utero,
1415 591 1566 646 quem
1617 575 1813 642 gremio

260 665 529 744 susceptum.
564 689 679 743 Ipsa
727 673 824 725 sibi
875 672 1117 734 lactarit,
1148 687 1298 740 quem
1343 669 1442 724 sibi
1493 669 1815 723 ablactatum

261 771 449 838 ipsumet
495 764 732 818 educavit
769 773 816 817 et
845 763 910 816 ab
943 764 1070 832 ipsis
1117 779 1372 815 cunarum
1431 761 1662 814 exordiis
1719 775 1816 828 per

262 870 447 914 (ctutum
477 865 524 908 et
548 855 798 908 ordinum
826 855 1021 924 gradus
1057 853 1152 908 sibi
1182 853 1382 923 penitus
1425 851 1726 916 vindicavit,
1760 860 1815 904 ut

263 950 426 1002 habere
453 946 679 1016 gaudeat
716 962 780 999 ea:
821 945 933 1012 ﬁlio
959 955 1180 1014 patrem,
1205 959 1270 998 ex
1300 943 1514 998 alumno
1545 951 1814 1006 rectorem,

261 1057 314 1094 es
330 1040 568 1093 canonico
583 1053 680 1090 suo
693 1047 738 1091 et
752 1037 1120 1090 archidiacono
1133 1035 1382 1090 Baldrico
1393 1036 1688 1106 pontiﬁcem
1703 1035 1816 1108 (24)

267 1142 356 1181 non
399 1138 556 1196 posse
579 1126 833 1180 eumdem
861 1139 980 1178 esse
1007 1137 1130 1180 cum
1186 1133 1394 1189 nostro,
1423 1139 1583 1194 quem
1635 1125 1758 1180 inde
1787 1141 1818 1178 a

261 1215 513 1285 iuventute
533 1221 708 1284 usque
727 1215 792 1268 ad
816 1229 867 1266 a.
895 1215 1084 1267 saltem
1115 1213 1252 1267 1044
1307 1213 1592 1268 Gameraci
1621 1215 1820 1268 vixisse

263 1321 315 1360 ex
345 1305 502 1374 ipsius
518 1303 704 1358 verbis
733 1313 1250 1374 constet,qucmque
1277 1319 1421 1358 anno
1438 1303 1654 1358 domum
1683 1303 1820 1358 1082

263 1398 316 1451 ad
341 1396 566 1451 Morinos
611 1397 919 1460 transiisse,
965 1395 1146 1466 ibique
1180 1409 1322 1451 anno
1353 1397 1530 1450 adhuc
1577 1394 1710 1450 1001
1743 1397 1820 1450 vi-

261 1489 385 1542 xisse
409 1487 648 1555 epistolae
677 1486 793 1541 ista:
840 1487 1076 1542 tradant.
1105 1486 1422 1542 Statuamus
1461 1487 1626 1556 igitur
1659 1501 1822 1556 Opor-

266 1587 326 1631 tet
349 1586 663 1631 auterrasse
687 1577 1009 1637 Gerardum,
1035 1577 1108 1630 ita
1139 1587 1198 1630 ut
1217 1577 1526 1631 Chronicon
1563 1576 1822 1632 Camera-

264 1681 402 1721 cense
421 1681 448 1719 a
477 1665 760 1720 Balderico
787 1666 1046 1736 scriptum
1070 1665 1271 1730 sciens,
1301 1675 1356 1719 at
1376 1681 1406 1718 a
1437 1681 1672 1735 quonam
1701 1665 1824 1720 Bal-

1863 475 1882 496 ⁸
1914 513 1984 522 -
2006 483 2048 537 si
2081 499 2184 538 non
2235 499 2456 552 prorsus
2503 486 2768 554 neganda,
2795 485 2930 540 adeo
2981 495 3160 542 tamen
3189 487 3350 543 dubia
3383 503 3498 544 ma-

1917 585 2066 640 nent,
2103 583 2162 628 ut
2195 577 2304 629 sint
2329 577 2482 644 quasi
2527 592 2630 630 non
2655 579 2784 632 sint.
2815 578 2980 633 Multo
3006 579 3356 648 probabilior,
3387 581 3496 637 imo

1899 665 2013 734 per
2043 665 2210 733 ipsius
2264 667 2502 721 auctoris
2535 667 2903 722 testimonium
2933 669 3048 740 (‘26)
3075 679 3221 726 certa
3255 669 3368 726 fere
3411 673 3498 728 vi-

1917 753 2076 806 detur
2103 751 2322 814 Boschii
2355 755 2664 822 conjectura
2693 756 2830 827 (‘27),
2861 771 2930 814 ex
2957 773 3064 827 qua
3097 767 3280 816 noster
3301 770 3498 829 praater

1917 843 2104 907 Gesta,
2137 845 2430 913 etquidem
2457 847 2606 914 prius
2631 863 2794 915 quam
2833 863 2920 912 ea,
2947 848 3127 904 Vitam
3177 867 3390 922 quoque
3431 851 3490 908 S.

1917 933 2204 1003 Gaugerici
2231 949 2262 989 e
2293 936 2498 991 duabus
2535 940 2924 996 vetustioribus
2941 939 3290 1014 conscripsit.

2341 1025 2368 1096 §
2397 1025 2481 1081 Ill.
2511 1058 2582 1067 —-
2611 1027 2764 1084 Gesta
2807 1029 3066 1088 Lietberti.

1987 1115 2280 1170 Auctorem
2308 1117 2362 1170 in
2401 1116 2646 1174 Gerardo
2681 1119 2700 1172 l
2729 1119 2998 1178 calamum
3019 1123 3214 1180 sistere
3241 1125 3496 1192 voluisse,

1921 1221 2083 1274 supra
2109 1221 2174 1260 ex
2201 1207 2370 1276 ipsius
2391 1209 2568 1264 verbis
2597 1209 2846 1266 vidimus.
2878 1213 2946 1266 At
2971 1213 3326 1272 Colvenerius
3351 1247 3420 1258 «-
3447 1226 3504 1272 et

1924 1297 2066 1352 hunc
2095 1296 2288 1366 reliqui
2315 1300 2484 1352 secuti
2527 1311 2656 1354 sunt
2699 1316 2892 1360 omnes
2932 1333 3004 1346 --
3049 1305 3214 1362 Gesta
3241 1308 3501 1366 Lietberti

1921 1399 2140 1453 quoque
2199 1386 2376 1440 eidem
2417 1388 2624 1456 tribuit,
2659 1389 2760 1446 hac
2807 1407 2910 1446 una
2975 1395 3184 1450 ratione
3231 1398 3502 1462 inductus,

1923 1476 2065 1543 quod
2099 1475 2150 1530 in
2201 1477 2390 1530 codice
2413 1477 2448 1530 2
2473 1480 2634 1534 tertio
2661 1481 2798 1536 libro
2847 1484 3226 1554 subjiciuntur.
3255 1487 3360 1544 Sed
3389 1489 3504 1558 ipse

1923 1565 2054 1618 dicit
2081 1579 2148 1620 ea
2179 1567 2250 1620 ibi
2277 1567 2474 1637 scripta
2499 1583 2620 1624 esse
2639 1569 2746 1624 alia
2768 1588 2928 1626 manu
2957 1589 3118 1644 eaque
3139 1575 3298 1644 paulo
3321 1593 3500 1632 recen-

1925 1656 2064 1720 tiori,
2095 1655 2234 1711 unde
2261 1667 2468 1714 certum
2499 1658 2612 1714 fere
2647 1661 2876 1726 videtur,
2907 1664 2960 1722 in
2987 1666 3176 1720 codice
3221 1667 3500 1735 primario,

263 1757 422 1811 derico
441 1757 852 1821 uesciens,eum
875 1771 1033 1826 quem
1049 1757 1254 1826 optime
1275 1765 1432 1812 norat
1455 1757 1818 1823 Baldericum,
1849 1742 1896 1802 Β
1925 1747 2084 1816 hujus
2115 1747 2152 1800 2
2185 1747 2350 1814 fonte,
2379 1762 2442 1802 ea
2493 1765 2596 1804 non
2645 1751 2812 1808 fuisse
2851 1753 2985 1826 (‘28).
3041 1757 3356 1827 Sigebertus
3385 1761 3507 1830 qui-

263 1849 568 1917 episcOpum,
601 1848 882 1920 cogitaret.
907 1879 974 1886 —
1001 1857 1094 1901 aut
1116 1857 1282 1904 totam
1313 1848 1598 1918 epistolam
1623 1865 1824 1920 suppo-

271 1939 412 1992 sitam
437 1951 571 2003 esse,
591 1937 646 1992 id
671 1937 816 2008 quod
831 1939 898 1993 de
925 1937 1147 2008 reliquis
1175 1939 1338 1994 etiam
1359 1939 1568 1995 duabus
1585 1940 1824 1996 Boschus

263 2045 352 2082 non
381 2045 478 2082 uno
507 2045 570 2082 ex
609 2030 783 2098 capite
811 2029 1140 2097 suspicatur.
1183 2029 1358 2099 Atque
1395 2045 1586 2085 revera
1625 2031 1825 2086 habent

263 2119 530 2190 apocryphi
558 2119 821 2188 quiddam
849 2129 922 2182 et,
959 2129 1017 2172 ut
1039 2121 1114 2174 ita
1141 2120 1338 2185 dicam,
1371 2121 1491 2191 vagi
1519 2137 1533 2187 ;
1567 2121 1716 2176 color
1742 2131 1824 2176 est

263 2214 505 2268 recentior
530 2227 638 2267 non
667 2211 846 2281 qualis
877 2211 968 2266 illo
1017 2221 1260 2282 tempore
1311 2227 1431 2268 esse
1485 2212 1728 2279 solebat;
1767 2214 1821 2267 in

261 2301 419 2370 prima
446 2301 743 2356 chronicon
789 2299 1094 2356 Morinense
1125 2305 1384 2371 scriptum
1415 2303 1703 2368 iudicatur,
1728 2320 1824 2358 an-

265 2401 462 2460 tequam
489 2401 680 2446 auctor
709 2389 948 2446 Morinos
989 2393 1259 2458 venisset;
1293 2393 1346 2447 in
1391 2395 1625 2448 secunda
1667 2395 1824 2448 chro-

262 2481 402 2536 nicon
422 2481 837 2547 Cameracense,
869 2482 1012 2552 quod
1041 2491 1170 2536 ante
1192 2497 1394 2537 annum
1431 2483 1570 2538 1044
1601 2498 1823 2552 compo-

263 2572 407 2624 situm
455 2571 621 2628 fuisse
679 2573 913 2637 scimus,
947 2587 1089 2627 anno
1141 2573 1276 2628 1094
1333 2573 1508 2628 adhuc
1559 2575 1818 2630 ineditqu

264 2675 688 2732 reprmsentatur,
719 2680 842 2718 cum
868 2673 1044 2718 tamen
1073 2664 1246 2732 prima
1270 2663 1496 2733 epistola
1527 2665 1654 2718 anni
1687 2663 1826 2720 1082

262 2753 364 2822 ejus
391 2753 718 2809 mentionem
747 2753 910 2808 faciat
945 2762 1200 2823 tanquam
1231 2755 1366 2809 satis
1395 2754 1542 2818 noti;
1573 2755 1628 2808 in
1659 2755 1822 2810 tertia

261 2847 434 2906 senex,
465 2844 508 2898 si
530 2853 725 2899 noster
761 2853 924 2907 esset,
955 2845 1020 2898 ad
1061 2845 1340 2898 minimum
1367 2844 1436 2899 88
1459 2861 1724 2900 annorum
1756 2848 1825 2902 ad

259 2927 515 2989 historiam
543 2935 890 2990 scribendam
913 2935 1196 2990 invitatur.
1229 2935 1396 2990 Porro
1425 2935 1578 3005 origo
1598 2937 1824 2992 duarqu

259 3041 462 3094 prorsus
484 3037 568 3082 est
589 3029 904 3100 incognita;
933 3038 988 3081 et
1013 3042 1323 3098 quanquam
1345 3027 1718 3094 Colvenerius,
1743 3029 1826 3082 vir

259 3133 462 3172 summm
491 3119 544 3173 in
585 3120 790 3174 litteris
828 3120 991 3174 etiam
1047 3117 1343 3189 religionis,
1379 3117 1620 3186 profecto
1645 3134 1752 3173 nou
1783 3119 1829 3174 is

259 3204 347 3258 fuit
375 3208 459 3275 qui
487 3210 674 3264 sciens
721 3209 856 3263 falsa
903 3223 1001 3278 pro
1031 3209 1178 3264 veris
1209 3208 1368 3262 daret
1399 3207 1613 3277 :ipsum
1645 3218 1826 3263 tamen

257 3293 358 3348 {alii
389 3297 628 3364 potuisse
657 3298 872 3352 chartis
911 3296 1226 3366 jamdudum
1265 3297 1579 3366 suppositis,
1613 3312 1714 3353 nec
1741 3299 1826 3352 iu-

257 3385 493 3438 credibile
535 3396 642 3452 est,
678 3401 782 3442 nec
811 3387 860 3441 ei
898 3401 1058 3455 quam
1114 3386 1390 3441 memoriae
1443 3387 1588 3441 illius
1638 3388 1831 3443 merito

255 3475 504 3531 habemus
563 3485 838 3548 repugnat
891 3477 1276 3532 venerationi.‘
1305 3475 1664 3542 Quamobrem
1719 3485 1830 3531 tum

252 3562 394 3630 ipsae,
425 3575 534 3619 tum
557 3582 682 3635 qua:
718 3567 786 3621 iis
829 3567 960 3622 solis
1005 3567 1313 3621 innituntur
1342 3593 1416 3608 -
1442 3565 1706 3622 Balderici
1737 3584 1832 3623 no-

251 3665 388 3716 men,
417 3653 702 3709 sccretarii
733 3655 874 3724 apud
899 3655 1231 3710 Lietbertum
1259 3665 1420 3724 atque
1444 3654 1748 3712 Gerardum
1777 3657 1818 3713 l.

249 3803 442 3880 {lousin
471 3805 616 3880 llist.
663 3807 732 3880 de
762 3807 1024 3880 rTour‘uay
1068 3808 1120 3874 Ι,
1157 3809 1292 3880 152;
1325 3809 1706 3880 ξθηπιειιιιίιειηί
1743 3811 1828 3876 ill,

249 3875 374 3947 319;
403 3875 634 3932 Vossius
663 3877 740 3929 De
758 3879 885 3947 hist.
919 3875 1034 3932 Lai.
1079 3897 1128 3947 ν.
1161 3875 1291 3943 387;
1325 3877 1494 3933 Gallia
1525 3875 1834 3936 Christiana

248 3943 484 4018 δέ)οᾚ
512 3946 896 4018 Ceillierllist.
926 3949 1048 4018 gen.
1068 3943 1162 4002 des
1186 3957 1404 4018 auteurs
1425 3948 1828 4018 eccl.XXl.7ti;

249 4012 522 4088 Fabricius
549 4033 598 4070 s.
630 4032 722 4088 vn;
750 4012 997 4088 Bouqu'et
1035 4018 1162 4080 VIII,
1195 4017 1380 4088 prmi";
1421 4017 1640 4083 X,l96;
1697 4012 1835 4074 Baur

249 4083 464 4158 ᾔρει-(ιιι
508 4097 596 4158 et“
620 4086 846 4142 Gruber
885 4083 1138 4158 Eucycl.;
1196 4083 1448 4158 Titierry,
1485 4088 1700 4144 Lettres
1742 4107 1835 4145 sur

249 4152 404 4208 l‘hist.
453 4158 520 4209 de
553 4155 814 4220 France,
847 4173 900 4210 n.
934 4152 1018 4218 l7,
1057 4159 1109 4211 in
1159 4152 1410 4212 omnibus
1463 4159 1833 4214 Colvenerium

249 4233 574 4292 sequuntur;
611 4256 692 4265 -—
722 4225 933 4292 Paquot
972 4227 1056 4288 Ill,
1104 4226 1228 4281 655.
1259 4227 1344 4280 ed.
1392 4225 1516 4292 fol.;
1577 4227 1730 4281 [tiret
1781 4230 1832 4282 iu

249 4292 378 4366 liist.
409 4293 714 4366 Litteraire
747 4296 815 4366 de
845 4295 934 4366 Fr.
977 4297 1108 4360 \"lll,
1141 4297 1277 4360 400;
1313 4296 1556 4366 Bouquet
1582 4297 1670 4360 XI,
1699 4299 1832 4362 1222;

245 4359 433 4434 Leglay
467 4364 518 4418 in
553 4365 888 4434 Biographie
919 4367 1066 4420 utiiv.
1101 4359 1408 4428 ωτιι,⁷δςιο.
1435 4359 1490 4422 ét
1517 4368 1570 4420 in
1597 4359 1834 4422 editione

247 4449 355 4507 sua,
384 4451 506 4487 cum
541 4435 786 4490 Boscliio
813 4444 1052 4490 nostrum
1105 4453 1135 4489 a
1191 4434 1532 4490 Noviomeusi
1579 4437 1832 4507 episcopo

247 4503 512 4556 diversum
544 4519 678 4558 esse
723 4511 989 4568 statuunt,
1027 4507 1230 4573 reliqua
1274 4515 1450 4557 autem
1485 4503 1830 4574 qttze'Colr'e-

246 4574 419 4642 uerius
447 4590 514 4626 ex
549 4574 807 4642 epistolis
837 4574 940 4628 illis
961 4574 1252 4633 concludit,
1285 4575 1579 4628 admittunt
1623 4579 1826 4640 omnia,

245 4641 448 4695 scilicet
479 4641 773 4698 auctorem
805 4643 1140 4699 Bahlericutu
1167 4653 1436 4706 vocatum,
1473 4648 1830 4702 secretarium

245 4709 404 4782 fuisse
433 4712 704 4766 Lielherti
738 4723 898 4782 atque
936 4713 1162 4768 Gerardi
1211 4713 1276 4778 ΙΙ,
1304 4713 1497 4767 lilu‘um
1536 4731 1691 4770 suum
1728 4727 1832 4770 ter-

245 4780 378 4850 tium
415 4782 714 4836 deduxisse
745 4780 914 4850 usque
953 4785 1020 4837 ad
1060 4791 1286 4836 mortem
1337 4783 1617 4846 Lietherti,
1649 4793 1830 4840 trans-

425 4866 478 4904 a.
511 4851 658 4906 1082
683 4854 750 4904 ad
779 4848 1070 4907 thct'tunt
1103 4854 1414 4921 episcopum
1447 4853 1826 4920 Moritteusetn,

247 4919 422 4988 ibique
449 4923 763 4990 composito
806 4923 1075 4978 Chronico
1099 4919 1416 4989 Moriuensi,
1447 4924 1651 4978 abiisse
1699 4919 1828 4980 catt;

249 4997 410 5042 torem
439 4993 592 5045 circa
635 5007 692 5043 a.
727 4991 877 5046 1097.
997 5045 1000 5050 _
1109 4993 1112 4996 “

317 5061 423 5104 (Ξιίὶ
465 5061 653 5104 Velrlm
699 5069 818 5104 sunt
849 5063 1090 5104 aniulnlm
1122 5079 1149 5104 ει
1203 5063 1260 5104 Ω.
1299 5063 1505 5104 ιΙρρειηη
1533 5072 1695 5104 atrum
1718 5073 1826 5104 Inln

1925 1837 2046 1890 dem
2101 1839 2236 1908 (29),
2271 1838 2532 1896 Rodull‘us
2587 1843 2914 1914 biographus
2963 1847 3224 1903 Lietberti
3255 1891 3269 1914 ,
3317 1863 3508 1905 auctor

1925 1927 2196 1982 chronica:
2227 1926 2286 1984 S.
2321 1929 2552 1986 Andreae
2592 1931 2770 1988 Castri
2813 1933 3198 2002 Cameracesii,
3221 1947 3278 1992 ct
3329 1939 3506 1996 scriba

1925 2017 2129 2072 codicis
2151 2016 2460 2074 llal'niensis
2487 2020 2602 2090 (30)
2629 2035 2692 2076 ea
2711 2023 2822 2092 jam
2855 2025 2906 2076 itt
2931 2025 3064 2080 libro
3091 2036 3354 2096 gestorum
3377 2045 3510 2096 pou-

1925 2109 2124 2176 tiﬁcum
2169 2107 2626 2166 Cameracensium
2681 2114 2958 2185 legebant;
3003 2119 3096 2172 sed
3135 2119 3258 2174 inde
3304 2123 3510 2192 nequa-

1925 2214 2087 2267 quam
2120 2201 2386 2269 sequitur,
2421 2213 2696 2258 auctorem
2742 2219 2862 2260 esse
2891 2207 3164 2262 eumdem.
3207 2207 3306 2266 llic
3361 2211 3509 2265 enim

1927 2292 2138 2358 patroni
2173 2291 2255 2345 sui
2292 2291 2520 2346 Gerardi
2571 2294 2790 2351 ultimos
2816 2305 3025 2365 septem
3061 2314 3232 2355 annos
3266 2300 3510 2368 profecto

1927 2395 2032 2434 nou
2063 2389 2170 2434 tam
2203 2381 2313 2436 altu
2335 2391 2498 2452 atque
2545 2384 2778 2453 abrupto
2807 2385 3024 2442 silentio
3049 2389 3376 2454 transiisset,
3413 2406 3510 2446 ne-

1925 2487 2052 2541 que,
2079 2475 2260 2538 credo,
2297 2473 2513 2542 Lbrum,
2545 2491 2598 2530 a.
2653 2477 2790 2532 1014
2824 2479 3150 2546 absolutum,
3185 2497 3354 2551 usque
3384 2495 3510 2552 post

1927 2579 1978 2618 a.
2032 2563 2168 2636 1076
2221 2564 2528 2633 reliquisset
2571 2567 2838 2624 intactum
2865 2599 2936 2608 —
2963 2585 3088 2624 nam
3121 2577 3250 2628 tunc
3293 2574 3510 2628 demum

1925 2659 2074 2723 gesta
2105 2653 2362 2710 Lietberti
2385 2657 2690 2728 conscripta
2715 2670 2842 2716 sunt
2870 2659 3005 2731 (5i).
3024 2689 3098 2702 -—
3125 2661 3320 2720 Sermo
3338 2663 3508 2720 etiam

1927 2745 2174 2812 quamvis
2214 2745 2396 2800 colore
2417 2763 2522 2802 non
2553 2749 2779 2804 multum
2809 2751 3307 2824 diﬂ‘erathstudium
3331 2763 3511 2812 tamen

1927 2835 2320 2891 sententiarum
2355 2836 2596 2909 singulas
2617 2849 2800 2907 partes
2813 2842 3004 2912 aequali
3027 2858 3162 2900 sono
3183 2846 3510 2910 terminandi

1929 2926 2101 2982 multo
2129 2927 2302 2998 magis
2337 2939 2558 2997 apparet
2587 2945 2746 3000 quam
2781 2932 2834 2985 in
2863 2935 3210 3002 praecedenti.
3244 2937 3511 2994 Rodull‘us

1929 3029 2091 3083 porro
2124 3017 2266 3072 hanc
2292 3017 2577 3074 Gestorum
2623 3030 2834 3090 partem
2873 3023 3039 3078 Vitam
3069 3025 3315 3082 Lietberti
3351 3039 3512 3086 vocat

1933 3107 2181 3178 (32),th
2210 3109 2424 3182 nomine
2450 3124 2650 3166 vocare
2677 3113 2764 3166 vix
2791 3123 3022 3183 poterat,
3055 3117 3156 3172 nisi
3179 3132 3212 3172 a
3241 3120 3512 3187 prioribus

1931 3209 2268 3270 separatam;
2301 3208 2355 3256 et
2381 3201 2788 3260 Cameracensis
2801 3205 2965 3262 etiam
2987 3208 3328 3266 abbreviator
3347 3213 3513 3268 interc

1933 3305 2162 3360 presque
2192 3290 2451 3358 Gallicus,
2483 3307 2548 3347 eo
2569 3295 2712 3362 quod
2743 3311 2774 3350 a
2803 3296 3086 3354 Lietberto
3113 3300 3324 3354 initium
3365 3297 3512 3356 sum;

1933 3389 2174 3448 pserunt,
2203 3382 2276 3436 ibi
2311 3384 2599 3450 quamdam
2622 3393 2680 3438 ut
2703 3385 2776 3438 ita
2803 3385 2980 3441 dicam
3021 3404 3282 3444 cmsuram
3313 3391 3364 3444 in
3401 3391 3508 3446 Ge-

1933 3471 2032 3526 stis
2061 3469 2228 3526 fuisse
2255 3473 2563 3526 ostendunt.
2593 3471 2973 3542 Separavimus
2999 3476 3338 3546 igiturGesta
3363 3480 3504 3536 Liet—

1933 3561 2071 3616 berti
2113 3575 2142 3614 a
2186 3561 2349 3616 tertio
2399 3561 2574 3627 libro,
2609 3563 2831 3633 triginta
2881 3565 3112 3634 amplius
3157 3570 3314 3623 anuis
3361 3573 3513 3640 prius

1935 3651 2234 3722 composito
2257 3660 2419 3722 atque
2441 3651 2600 3706 unius
2625 3648 2854 3708 Gerardi
2885 3655 3044 3712 rebus
3065 3655 3134 3712 ab
3171 3668 3394 3714 auctore
3419 3659 3512 3717 de-

1935 3807 2624 3888 cautoremMorincnsem,
2653 3809 2706 3864 id
2741 3813 2886 3884 quod
2915 3812 3082 3868 altera
3121 3813 3366 3870 [lainaldi
3395 3819 3514 3888 epi-

1937 3879 2072 3934 stola
2105 3879 2402 3932 contendit.

2007 3947 2120 4026 (23)
2151 3947 2319 4026 Hujus
2347 3963 2610 4026 nusquam
2640 3952 2848 4026 mentio
2874 3953 2928 4026 lit
2957 3952 3136 4026 nisiin
3151 3957 3324 4023 prima
3350 3965 3514 4026 atque

1939 4019 2098 4072 tertia
2129 4017 2386 4086 epistola;
2418 4020 2614 4086 quibus
2632 4019 2984 4076 Culvcnerins
3013 4017 3166 4077 addit
3198 4043 3210 4078 :
3243 4017 3513 4080 servatum

1942 4087 2124 4162 fuitin
2147 4087 2370 4162 archipis
2414 4089 2648 4162 ejusdem
2697 4091 3114 4162 ecclesimusque
3166 4095 3236 4146 ad
3281 4105 3514 4162 tempora

1941 4155 2174 4230 Philippi
2197 4157 2260 4210 de
2280 4155 2644 4230 Luxeiuburgo
2673 4161 2896 4230 episcopi
2923 4155 3236 4216 Morineusis
3259 4175 3308 4216 et
3344 4155 3513 4219 Ceno-

1938 4225 2226 4288 ntaneusis,
2263 4227 2352 4296 qui
2399 4225 2712 4282 Cenomanis
2745 4225 2870 4282 obiit
2899 4249 2950 4282 α.
3002 4231 3158 4285 1519.
3206 4231 3308 4285 Hic
3341 4243 3514 4288 trans-

1939 4297 2065 4368 ferri
2088 4297 2222 4368 illud
2238 4296 2398 4368 jussit
2427 4313 2490 4350 ea:
2517 4297 2736 4352 Morinis
2763 4301 2831 4351 ad
2855 4299 3129 4368 collegium
3151 4302 3321 4355 sancti
3345 4301 3514 4358 Bene-

1938 4367 2065 4439 dicti
2095 4367 2150 4439 in
2181 4367 2304 4420 urbe
2344 4365 2742 4439 Cenomanensi.
2768 4368 2874 4422 Sed
2903 4365 3005 4422 ibi'
3016 4371 3128 4439 jam
3161 4371 3294 4426 Dom
3351 4372 3510 4427 Rivet

1939 4437 2066 4488 illud
2098 4435 2297 4490 frusua
2354 4437 2623 4503 qtttesivit.
2653 4435 2902 4504 Ejusdem
2937 4435 3120 4504 operis
3153 4442 3396 4496 codicem
3453 4444 3512 4497 in

1936 4505 2256 4580 bibliotheca
2285 4505 2649 4580 Fouchetiaua
2672 4519 2930 4580 recenset
2957 4505 3032 4562 Le
3053 4508 3227 4580 Long,
3249 4510 3390 4580 Bibl.
3429 4511 3518 4566 hi-

1935 4585 2071 4629 stor.
2095 4574 2164 4628 de
2216 4574 2426 4644 France
2470 4591 2521 4628 η.
2557 4577 2715 4631 5510.
2748 4577 2854 4632 Sed
2900 4576 3013 4644 jam
3041 4574 3231 4634 doctus
3259 4579 3517 4636 Camera-

1937 4645 2119 4725 censis
2165 4643 2334 4725 abbas
2348 4643 2520 4724 lilutte
2549 4647 2846 4712 dubitabat,
2877 4643 3006 4704 tium
3061 4647 3168 4703 tale
3201 4649 3512 4705 Cbronicou

1935 4723 2155 4770 omnino
2177 4723 2498 4768 exstitisset.

2157 4784 2419 4908 Xétﬁ'ss.
2449 4855 2582 4926 Aug.
2607 4854 2670 4920 ιι,
2701 4854 2824 4910 eos.
2855 4865 2910 4912 ct
2936 4859 3072 4914 Acta
3106 4857 3208 4912 ss.
3243 4858 3410 4928 Belgii
3441 4857 3508 4923 ll,

1933 4927 2116 5066 Ἦῇἑε)
2157 4995 2387 5066 Attende
2410 4994 2578 5066 etiam
2603 4997 2669 5048 ad
2700 5010 2952 5052 rasuram
3005 4996 3209 5051 codicis
3234 4997 3270 5050 2
3317 4997 3370 5051 iu
3405 4997 3513 5066 line

1935 5067 1986 5096 ΙΙΙ
2014 5063 2021 5066 ’
2051 5067 2122 5104 κη
2173 5063 2358 5104 nrnl-III
2389 5063 2552 5104 tlnhin
2591 5081 2618 5104 ει
2663 5081 2826 5104 lnam“
2859 5068 2946 5104 illa.
2993 5067 3158 5104 allow-2:
3217 5065 3506 5104 ranmilinl'i
