4052 5358
512 277 582 331 15
1459 271 1688 330 GESTA
1726 271 2142 329 PONTlFlCUM
2181 272 2793 332 CAMERACENSIUM.
3696 281 3770 336 16

504 388 742 454 stinato;
795 387 1096 473 damusque
1119 398 1151 440 e
1181 384 1459 443 codicibus
1484 385 1544 452 2,
1579 384 1660 452 2',
1694 385 1746 452 7,
1780 385 1833 440 in
1888 384 2088 456 quibus
2115 391 2163 448 Α
2192 383 2400 441 Gallica
2445 385 2674 444 collatus
2721 402 2946 443 summa:
2981 388 3228 447 utilitatis
3259 400 3345 447 est
3371 393 3441 448 ad
3481 393 3647 449 Gesta
3677 393 3770 450 illa

504 479 638 535 solis
666 478 939 549 leguntur.

873 565 917 636 ᾗ
947 563 1036 620 ιν.
1061 595 1132 606 --
1158 565 1314 620 Gesta
1351 563 1574 620 Gerardi
1617 562 1702 618 11.

572 659 736 715 Gesta
772 657 1001 714 Gerardi
1045 657 1087 710 11
1142 658 1476 712 restituimus
1519 670 1588 711 ex
1641 656 1696 721 7,
1728 655 1808 720 7‘,
1841 655 1931 710 ubi
1987 655 2080 709 alii

502 750 651 820 operi
677 765 729 804 ει.
755 749 893 805 1180
920 749 1221 818 composito
1249 757 1359 802 tam
1389 756 1543 804 arcte
1574 748 1776 806 inserta
1806 748 2077 818 leguntur,

500 851 563 899 ut
589 856 756 898 unum
782 841 945 894 unius
971 839 1210 894 auctoris
1237 854 1372 908 opus
1404 839 1574 894 videri
1613 838 1804 908 possit.
1830 837 1936 893 Sed
1964 837 2087 891 dili-

502 934 714 1005 gentius
738 930 1040 1001 inspicienti
1070 929 1257 984 statim
1292 929 1575 1000 apparebit
1614 944 1680 983 ea
1721 942 1841 997 quae
1877 927 1944 982 de
1974 926 2084 981 Ge-

502 1026 668 1082 rardo
691 1026 761 1080 ibi
789 1024 1077 1086 habentur,
1104 1022 1303 1092 scripta
1324 1037 1445 1076 esse
1466 1021 1625 1090 paulo
1653 1030 1774 1090 post
1797 1018 1914 1086 ejus
1942 1034 2084 1073 mor-

499 1127 611 1172 tem
633 1132 685 1170 a.
715 1115 854 1171 1092
879 1114 1016 1184 (53),
1041 1111 1338 1182 etquidem
1361 1120 1586 1166 auctore
1603 1110 1710 1164 alio
1728 1124 1892 1180 quam
1919 1107 2082 1164 Gesta

499 1206 760 1262 Lietberti
806 1206 940 1278 (51),
972 1205 1182 1275 reliqua
1237 1218 1382 1259 anno
1433 1206 1649 1258 demum
1708 1203 1847 1259 1180
1895 1203 2076 1258 addita

499 1313 640 1365 esse,
671 1315 738 1353 ex
768 1299 948 1354 Gestis
975 1297 1318 1367 sequentium
1361 1297 1742 1367 episcoporum
1791 1307 2077 1366 excerpta.

497 1389 801 1457 Quominus
839 1396 1020 1443 autem
1088 1386 1318 1442 Gerardi
1349 1386 1391 1440 11
1423 1400 1637 1456 quoque
1692 1396 1842 1458 gesta
1888 1402 2078 1442 excer-

495 1489 586 1551 pta
639 1488 848 1534 tantum
889 1478 978 1532 hic
1019 1479 1120 1547 legi
1160 1477 1466 1544 credamus,
1499 1478 1680 1532 versio
1729 1477 1934 1533 Gallica
1991 1494 2082 1533 ve-

497 1578 574 1625 tat
623 1571 811 1625 statim
857 1569 1143 1624 indicanda
1173 1608 1190 1634 ,
1236 1582 1358 1636 quae
1411 1583 1516 1622 non
1565 1584 1634 1622 ex
1669 1568 1857 1623 codice
1891 1569 1943 1630 7,
1972 1567 2070 1622 sed

495 1677 563 1714 ex
618 1659 800 1715 Gestis
853 1659 984 1730 ipsis
1043 1658 1210 1724 facta,
1286 1658 1342 1712 in
1417 1656 1662 1713 Gerardo
1743 1657 1787 1712 11
1839 1659 1906 1712 ad
1968 1672 2083 1712 ver-

2094 477 2106 488 ‘
2195 475 2551 530 restituenda.
2611 474 2807 531 Postea
2851 479 3198 535 continuatus
3246 480 3346 536 fuit
3395 482 3463 537 ab
3498 481 3605 537 alio
3642 498 3783 553 quo-

2190 565 2368 634 piam;
2400 566 2493 619 sed
2525 567 3011 623 hmo-interierunt.
3042 569 3189 641 Opus
3214 573 3377 628 unico
3398 573 3585 629 codice
3609 575 3643 631 9
3661 573 3780 644 jam

2186 657 2470 725 deperdito
2505 657 2710 711 editum
2758 659 2858 713 fuit
2896 661 2948 713 in
2979 661 3117 717 libro
3159 679 3171 715 :
3220 661 3647 733 Supplementum
3683 683 3780 720 seu

2185 746 2514 799 continuatio
2553 748 2784 801 chronici
2811 748 3208 806 Cameracensis
3252 753 3532 808 Balderico
3570 757 3777 812 adscri-

2184 836 2283 904 pti,
2307 843 2371 889 ab
2416 853 2468 890 a.
2499 836 2637 891 1051
2668 840 2738 891 ad
2775 855 2828 892 a.
2862 841 3021 896 1196.
3056 841 3330 901 Cameraci
3377 846 3520 914 apud
3561 845 3620 901 S.
3649 847 3780 901 Ber-

2186 930 2373 984 tltoud.
2406 930 2560 985 1786.
2594 933 2712 997 8'0,
2739 934 2936 988 deinde
2971 935 3104 989 Dom
3131 937 3273 990 Brial
3307 953 3432 1004 χιιι,
3459 937 3584 1004 554,
3611 938 3779 994 initio

2185 1021 2329 1089 quod
2365 1036 2432 1076 ex
2454 1021 2636 1077 Gestis
2671 1022 2930 1079 Lietberti
2955 1025 3112 1080 ﬂuxit
3138 1028 3363 1083 omisso.
3390 1028 3499 1085 Nos
3524 1045 3592 1084 ex
3623 1039 3777 1084 utra-

2183 1127 2293 1182 que
2313 1112 2550 1168 editione
2572 1115 2789 1180 damus,
2817 1117 3057 1185 capitum
3079 1119 3438 1175 destinctione
3481 1121 3552 1176 de
3584 1130 3779 1177 nostro

2186 1199 2767 1257 instituta.—-’Szeculo
2791 1204 3173 1274 deniqueXlll
3204 1217 3439 1263 exeunte
3467 1208 3580 1279 (10)
3607 1208 3775 1266 Gesta

2185 1289 2445 1345 Lietberti
2486 1299 2542 1345 et
2587 1291 2934 1361 sequentium
2978 1295 3212 1365 genuina
3239 1335 3254 1360 ,
3295 1312 3404 1352 non
3433 1298 3773 1363 abbreviata,

2185 1380 2372 1434 nescio
2393 1380 2515 1449 quis
2544 1380 2599 1434 in
2637 1380 2899 1436 Gallicam
2944 1382 3182 1453 linguam
3214 1388 3396 1451 vertit,
3430 1389 3610 1458 prouti
3643 1398 3774 1444 tunc

2182 1480 2400 1525 vertere
2427 1470 2676 1526 solebant
2720 1473 3004 1532 verbosius
3051 1477 3216 1546 paulo
3259 1494 3421 1548 quam
3453 1489 3634 1536 textus
3663 1481 3766 1535 La-

2185 1562 2350 1630 tinus,
2397 1563 2618 1618 omnino
2645 1571 2824 1620 tamen
2873 1567 3007 1621 satis
3056 1579 3332 1624 accurate.
3366 1571 3421 1625 ln
3473 1571 3769 1627 Lamberto

2184 1663 2241 1710 et
2271 1654 2514 1710 Gerardo
2538 1655 2601 1721 11,
2647 1671 2823 1725 neque
2862 1658 3044 1714 omisit
3073 1661 3364 1731 quicquam
3409 1678 3587 1733 neque
3613 1665 3772 1719 addi-

492 1750 620 1804 bttm
677 1748 791 1803 fere
842 1764 965 1803 cum
1018 1757 1203 1803 nostro
1249 1750 1505 1803 convenit
1540 1789 1555 1812 ,
1614 1750 1666 1804 in
1715 1737 2156 1820 sequentibusB
2186 1745 2294 1811 dit;
2349 1745 2403 1798 in
2439 1746 2817 1814 sequentibus,
2848 1746 2937 1802 ubi
2979 1747 3159 1807 Gestis
3189 1752 3320 1820 ipsis
3349 1753 3666 1823 deperditis,
3697 1770 3766 1811 ex

495 1837 668 1893 multo
695 1837 925 1906 amplior
972 1846 1078 1892 est.
1109 1837 1176 1891 Et
1222 1837 1312 1892 hic
1361 1837 1548 1908 igitur,
1577 1847 1638 1892 ttt
1687 1839 1738 1893 in
1783 1838 2072 1895 Lietberto.

495 1929 890 1998 scparavimus,
920 1943 1040 1998 quae
1077 1928 1128 1982 in
1158 1929 1213 1994 7,
1239 1928 1317 1994 7',
1339 1937 1396 1984 et
1417 1929 1470 1982 in
1501 1931 1738 1985 editione
1770 1929 1901 1985 Dom
1925 1930 2078 1985 Brial

508 2018 657 2084 Xlll,
684 2019 815 2087 476,
837 2020 992 2075 unica
1016 2020 1316 2090 hucusque,
1343 2037 1508 2076 unum
1533 2038 1670 2094 opus
1698 2023 1952 2078 etficiunt.

492 2154 520 2225 ς
548 2155 606 2230 V_.
641 2185 712 2230 τ
739 2154 898 2230 Gesta
923 2155 1204 2230 ΔΜαιιιιξξὶδ
1242 2168 1291 2230 et
1332 2161 1681 2230 sequentium.
1713 2193 1776 2204 —
1812 2162 2078 2230 Excerpta

565 2224 625 2305 δ’.
653 2221 1037 2347 ϐὅτιῇςνίεἱ.-
1062 2221 1836 2288 Abbreviatio'Cameracensis.
1861 2263 1932 2274 —
1950 2221 2079 2287 Ver-

567 2310 645 2347 sm
733 2313 763 2347 a
810 2311 912 2349 ica.

559 2388 725 2443 Gesta
780 2391 1121 2460 sequentium
1152 2391 1533 2464 episcoporum
1561 2409 1670 2449 non
1706 2393 1820 2462 jam
1867 2395 2075 2465 integra

487 2475 773 2541 habemus,
815 2479 907 2531 sed
947 2494 1049 2547 ope
1099 2481 1472 2535 tantummodo
1515 2481 1746 2536 duorum
1792 2492 2079 2554 excerpto-

487 2581 609 2620 rum
647 2574 811 2636 atque
861 2567 1128 2621 versionis
1159 2568 1401 2633 Gallicas,
1442 2569 1621 2639 qualia
1661 2570 1864 2626 fuerint
1888 2588 2076 2643 possu-

489 2674 610 2714 mus
649 2657 938 2728 conjicere.
967 2659 1127 2714 Anno
1179 2660 1446 2730 siquidem
1489 2662 1625 2717 1180
1659 2665 1981 2737 monachus,
2015 2675 2073 2719 ut

486 2748 721 2803 videtur.
774 2747 959 2803 Sancti
1001 2747 1290 2819 Gaugerici
1328 2749 1475 2821 (55),
1523 2766 1648 2806 cum
1703 2751 1872 2807 Gesta
1929 2753 2073 2809 Liet-

487 2837 666 2903 berti,
734 2836 917 2892 Vitam
977 2837 1220 2906 ejusdem
1282 2848 1336 2893 et
1391 2838 1557 2895 Gesta
1627 2840 1856 2898 Gerardi
1916 2841 1960 2898 il
2020 2843 2072 2898 in

487 2943 654 2982 unum
717 2928 967 2983 volumen
1027 2929 1142 2998 (56)
1203 2930 1658 3000 conscripsisset,
1714 2935 2069 2989 successiones

487 3018 796 3087 pontiﬁcum
841 3023 905 3072 ab
937 3018 1028 3074 illo
1066 3030 1292 3088 tempore
1333 3037 1494 3091 usque
1517 3022 1588 3074 ad
1617 3038 1826 3092 presens
1869 3032 2071 3094 tempus

485 3127 579 3180 per
617 3125 784 3164 annos
815 3111 978 3180 [mne
1001 3123 1230 3178 centum,
1260 3112 1356 3165 hoc
1382 3121 1459 3166 est
1491 3112 1556 3166 ab
1580 3129 1718 3166 anno
1741 3115 2065 3170 incarnatio-

485 3201 568 3253 nis
624 3199 778 3254 Verbi
823 3201 960 3256 1090
1011 3217 1174 3271 usque
1216 3201 1286 3254 ad
1336 3217 1534 3255 annum
1587 3201 1725 3256 1180
1769 3206 2068 3259 summatim

485 3291 763 3361 designare
801 3292 1073 3346 intendens
1107 3290 1290 3347 Gestis
1330 3292 1557 3348 Gerardi
1605 3295 1976 3350 narrationem
2005 3297 2073 3352 de

484 3384 838 3452 sequentibus
897 3384 1168 3454 episcopis
1227 3399 1294 3438 ex
1357 3384 1596 3453 ipsorum
1643 3386 1823 3442 Gestis
1878 3402 2070 3444 execr--

2184 1837 2456 1905 excerptis
2497 1836 2656 1893 modo
2697 1836 2946 1905 judicare
2973 1839 3118 1905 licet,
3164 1843 3414 1899 omisisse
3443 1845 3770 1913 perpaueuia

2185 1933 2393 1980 tantum
2424 1925 2657 1989 videtur,
2690 1927 2952 1995 adjecisse
2976 1928 3050 1982 nil
3077 1930 3183 1985 nisi
3214 1931 3364 1988 locos
3391 1934 3630 2003 quinque
3653 1933 3770 2004 (11)

2180 2031 2247 2071 ex
2268 2015 2545 2070 Lamberti
2573 2015 2838 2072 Waterloi
2879 2019 3152 2076 Chronico
3192 2022 3259 2076 ad
3289 2023 3513 2078 verbum
3549 2024 3769 2080 desum-

2182 2113 2321 2175 ptos.
2349 2104 2480 2170 Quae
2513 2105 2560 2160 si
2596 2105 2903 2161 detraxeris
2925 2147 2939 2172 ,
2979 2106 3141 2164 Gesta
3187 2109 3471 2178 deperdita
3501 2109 3771 2168 Manussis

2179 2207 2233 2252 et
2267 2196 2611 2265 sequentium
2645 2197 2762 2251 haec
2794 2197 2974 2252 versio
3017 2207 3102 2254 sat
3148 2199 3285 2254 bene
3324 2200 3568 2271 supplet;
3598 2217 3770 2273 quare

2177 2286 2493 2350 dolendum,
2525 2287 2668 2355 quod
2694 2285 2810 2354 jant
2839 2287 2891 2340 itt
2916 2303 3058 2343 anno
3084 2288 3217 2344 1155
3237 2289 3458 2356 desinit,
3493 2291 3599 2346 line
3623 2291 3767 2346 unici

2177 2377 2384 2431 codicis
2434 2376 2502 2428 10
2554 2375 2860 2446 deperdita.
2892 2375 2970 2430 Ex
3018 2377 3125 2432 hoc
3171 2379 3381 2448 primus
3416 2378 3585 2436 edidit
3629 2378 3768 2434 Dout

2179 2467 2318 2521 Brial
2346 2467 2478 2530 Xlll,
2504 2467 2642 2531 476;
2674 2477 2929 2537 excerpta
2953 2469 3197 2537 quadam
3231 2470 3378 2525 dedit
3403 2469 3602 2540 Leglay
3628 2471 3768 2538 (12).

2177 2558 2284 2613 Nos
2322 2559 2488 2628 gestis
2517 2558 2777 2612 Lietberti
2805 2567 2861 2614 et
2907 2559 3164 2614 Gerrardi
3211 2561 3278 2627 ll,
3303 2562 3499 2631 quibus
3529 2560 3602 2614 nil
3637 2564 3765 2616 novi

2176 2649 2336 2714 inest,
2367 2647 2526 2717 plane
2576 2648 2832 2714 omissis,
2875 2649 3080 2719 reliqua
3134 2650 3258 2706 inde
3300 2652 3368 2704 ah
3412 2665 3555 2704 anno
3601 2651 3760 2705 1092.

2174 2738 2355 2793 omnia
2401 2753 2468 2792 ex
2505 2737 2623 2808 ipso
2658 2738 2845 2793 codice
2877 2739 2944 2793 10
2975 2740 3168 2794 iterum
3214 2740 3587 2810 proponimus,
3619 2741 3766 2810 capi-

2177 2841 2287 2884 tum
2327 2828 2677 2884 distinctione
2705 2827 2773 2882 de
2803 2839 2990 2883 nostro
3036 2829 3246 2892 addita,
3284 2829 3526 2898 locisque
3561 2829 3763 2899 quibus

2173 2929 2457 2991 excerptor
2477 2919 2905 2988 Gaugericianus
2933 2929 2986 2974 et
3017 2921 3364 2976 abbreviator
3394 2922 3761 2977 Cameracen-

2173 3013 2249 3069 sis
2289 3013 2477 3068 eadem
2510 3020 2758 3076 narrant,
2791 3011 2846 3065 in
2879 3013 3118 3081 margine
3149 3012 3325 3068 ubivis
3363 3013 3634 3068 indicatis.

2177 3102 2206 3174 §
2234 3101 2320 3158 Vl.
2343 3101 2774 3156 —-Continuatio
2815 3101 2876 3157 S.
2908 3101 3132 3157 Andreae
3177 3103 3353 3158 Castri
3387 3102 3757 3160 Cameracesii.

2246 3195 2372 3250 Haec
2415 3202 2540 3249 sunt
2582 3209 2702 3262 quae
2729 3194 2795 3249 de
2826 3193 3008 3249 Gestis
3034 3194 3350 3263 pontiﬁcum
3396 3194 3761 3250 Cameracen-

2173 3285 2312 3340 sium
2367 3284 2433 3337 ad
2498 3298 2598 3338 nos
2658 3297 2829 3352 usque
2893 3284 3246 3338 devenerunt.
3287 3284 3760 3339 Cotttinttationcm

2172 3391 2294 3445 qua:
2323 3390 2430 3430 non
2460 3388 2526 3429 ex
2553 3375 2634 3428 eis
2665 3371 2839 3438 ﬂuxit,
2872 3373 3133 3428 habemus
3164 3387 3349 3439 unam,
3381 3373 3758 3428 brevissimam

493 3482 643 3542 ptam
696 3471 832 3544 ((37)
882 3483 990 3527 tam
1030 3482 1180 3528 arcte
1217 3473 1483 3542 subjecit,
1535 3475 1691 3543 quasi
1725 3491 1890 3530 unum
1937 3493 2071 3548 opus
2173 3482 2436 3522 annorum
2483 3466 2807 3531 1051-1179,
2842 3475 3065 3522 auctore
3109 3467 3373 3523 monacho
3419 3467 3478 3522 S.
3525 3467 3764 3522 Andreus

481 3570 662 3625 esset;
686 3562 755 3616 de
780 3576 882 3618 suo
908 3561 985 3615 nil
1034 3561 1242 3616 addens
1268 3562 1373 3614 nisi
1405 3576 1526 3630 cap.
1557 3562 1592 3615 4
1625 3562 1678 3626 6,
1712 3563 1767 3628 9,
1795 3565 1861 3618 de
1883 3575 2072 3620 sancto
2171 3558 2346 3612 Cnslri
2373 3558 2731 3613 CameraceSii
2756 3559 2900 3628 (45);
2931 3573 3095 3628 quam
3123 3567 3250 3628 POSl
3283 3559 3417 3614 Dom
3447 3556 3590 3613 Brial
3620 3553 3759 3623 X1".

483 3649 809 3720 Gaugerico,
841 3648 935 3704 sed
963 3649 1210 3718 qumdant
1246 3649 1526 3714 omittens,
1564 3663 1684 3717 quae
1729 3663 1795 3704 ex
1825 3653 2072 3707 versiOne
2171 3649 2298 3713 553,
2339 3657 2395 3703 et
2433 3648 2658 3719 Leglay,
2689 3665 2743 3718 p.
2771 3649 2896 3712 508,
2928 3649 3308 3718 subjungimus
3329 3664 3397 3704 ex
3427 3649 3616 3703 eodem
3649 3664 3763 3716 quo

483 3739 690 3794 Gallica
742 3738 1037 3807 supplenda
1075 3752 1199 3792 esse
1249 3751 1349 3792 suo
1404 3737 1525 3792 loco
1574 3737 1954 3794 indicavimus.
2002 3743 2072 3796 At
2171 3736 2248 3790 illi
2275 3738 2463 3793 codice
2497 3736 2532 3789 5
2570 3735 3112 3790 unico.-—Historia
3150 3737 3478 3806 episcopatus
3527 3736 3758 3790 Atreba-

484 3827 647 3898 hujus
674 3826 916 3895 excerpti
967 3827 1226 3881 habemus
1272 3833 1480 3880 tantum
1519 3826 1736 3881 initium
1788 3843 1957 3898 usque
2003 3831 2071 3885 ad
2171 3829 2330 3880 tensis
2378 3826 2526 3898 (44),
2574 3826 2728 3896 cujus
2757 3826 2918 3880 ﬁnem
2947 3825 3094 3880 Brial
3126 3834 3181 3880 et
3209 3825 3405 3897 Leglay
3445 3826 3758 3894 ediderunt,

484 3936 538 3975 a.
569 3919 736 3986 1095;
777 3919 983 3989 reliqua
1025 3917 1437 3982 interciderunt,
1465 3918 1669 3972 mutilis
1696 3919 1973 3975 codicibus
1993 3922 2067 3985 τ’,
2170 3933 2346 3987 neque
2369 3917 2436 3971 ad
2483 3914 2647 3971 Gesta
2678 3916 2940 3986 pertinet,
2989 3916 3191 3986 quippe
3223 3931 3253 3970 a
3297 3916 3496 3971 clerico
3520 3917 3752 3973 Atreba-

485 4008 632 4063 unde
670 4008 803 4062 Dom
845 4005 990 4060 Brial
1019 4003 1171 4070 Xlll,
1220 4004 1348 4070 176,
1393 4013 1449 4058 et
1478 4005 1509 4058 7
1538 4008 1895 4077 autographa,
1927 4011 2070 4064 unde
2171 4006 2309 4062 tensi
2339 4005 2637 4076 composita
2675 4006 2824 4060 circa
2864 4020 2916 4060 a.
2959 4005 3122 4072 1172,
3151 4019 3251 4061 nec
3277 4021 3367 4062 res
3389 4004 3748 4063 Germanicas

483 4113 586 4154 nos
625 4099 756 4154 illud
799 4097 1066 4153 dedimus.
1095 4126 1168 4135 —
1191 4095 1348 4150 Anno
1381 4109 1544 4166 porro
1593 4096 1724 4151 1191
1777 4100 2070 4156 canonicus
2169 4095 2279 4150 ullo
2306 4095 2466 4150 modo
2507 4095 2699 4166 tangit.
2730 4094 2913 4166 Neque
2937 4096 3111 4167 magis
3156 4097 3315 4152 nobis
3341 4098 3548 4154 edenda
3594 4108 3754 4155 erant

485 4187 891 4244 Cameracensis
923 4185 1037 4257 (58)
1088 4184 1252 4240 Gesta
1303 4184 1564 4240 Lietberti
1613 4193 1670 4240 et
1722 4188 2067 4256 sequentium
2169 4182 2326 4238 Gesta
2366 4185 2552 4256 quibus
2605 4186 3026 4242 Atrebatensium
3077 4187 3259 4242 civitas
3304 4188 3400 4242 sub
3444 4185 3656 4243 Urbano
3696 4191 3754 4244 in

486 4285 572 4331 sat
616 4277 857 4333 breviter
882 4273 1178 4338 contraxit,
1226 4281 1282 4328 et
1311 4273 1434 4327 inde
1465 4288 1496 4327 a
1537 4281 1714 4328 morte
1741 4273 1968 4342 Nicolai,
2011 4286 2070 4332 ut
2169 4281 2446 4350 antiquam
2466 4280 2791 4350 reformatur
2815 4281 3186 4352 dignitatem,a
3207 4281 3431 4338 Baluzio
3451 4281 3750 4356 editag(45),

485 4369 702 4423 videtur
748 4368 888 4438 (59),
919 4367 988 4421 de
1022 4379 1122 4420 suo
1158 4362 1492 4418 continuavit
1525 4363 1590 4417 ad
1642 4379 1842 4419 annum
1897 4382 2067 4436 usque

487 4459 646 4513 1191.
695 4457 796 4526 Qui
843 4457 1090 4527 quamvis
1115 4465 1170 4510 et
1195 4455 1357 4510 verba
1405 4453 1691 4510 Gestorum
1730 4459 2066 4528 quampluri-

486 4566 635 4604 mum
665 4550 976 4614 mutaverit,
1002 4557 1056 4602 et
1075 4548 1340 4619 judicium
1371 4547 1437 4602 de
1482 4548 1789 4604 hominibus
1815 4567 2065 4606 nonnun-

487 4657 649 4711 quam
684 4640 830 4696 aliud
855 4641 1054 4696 habeat
1090 4654 1250 4709 quam
1280 4637 1366 4693 illa
1393 4678 1408 4703 ,
1461 4647 1638 4694 tamen
1667 4655 1790 4695 cum
1820 4644 2066 4698 versione

556 4779 670 4837 (33}
709 4776 790 4831 Cf.
817 4793 865 4833 c.
897 4776 952 4831 9.
985 4775 1037 4829 in
1075 4774 1202 4829 (ine.

559 4780 648 4837 (55
709 4780 790 4831 Cf.
817 4793 865 4833 c.
897 4780 952 4831 9.
985 4780 1037 4829 in
1075 4780 1202 4829 fine.

559 4780 672 4921 (34;
708 4849 889 4921 Verba
927 4847 1073 4921 enim
1119 4841 1310 4912 aequali
1363 4843 1838 4921 sono.desinentta
1863 4845 2058 4921 iutine

487 4914 876 4998 sentet'uiarutn
900 4917 1036 5006 adeo
1071 4923 1330 5006 sectetur:
1358 4914 1618 4995 utcolore
1642 4919 1909 4970 sermonis
1937 4916 2059 4970 inde

2169 4386 2290 4440 quae
2319 4387 2425 4427 nen
2447 4371 2565 4426 sine
2594 4372 2830 4427 utilitate
2859 4386 2982 4427 cum
3022 4372 3203 4428 Gestis
3246 4372 3616 4439 conferentur,
3656 4376 3750 4428 sed

2167 4474 2442 4520 auctorem
2487 4465 2688 4519 habent
2715 4463 2873 4533 longe
2914 4465 3078 4520 alium
3099 4507 3114 4531 ,
3136 4465 3570 4531 Atrebateusem,
3601 4467 3748 4520 circa

2167 4573 2220 4614 a.
2256 4557 2395 4612 1102
2441 4559 2741 4623 viventem;
2802 4571 2979 4625 neque
3029 4558 3322 4627 quicquam
3372 4558 3441 4613 ad
3500 4567 3747 4613 nostram

2167 4648 2448 4704 historiam
2477 4647 2784 4703 conferunt.

2243 4777 2356 4848 (10)
2375 4795 2393 4828 ι
2415 4778 2494 4832 Du
2520 4786 2692 4848 temps
2711 4779 3082 4849 d'Euguerran
3113 4778 3179 4833 de
3203 4777 3418 4847 Crequi,
3434 4793 3643 4849 comme
3669 4792 3741 4832 on

2170 4848 2221 4902 le
2250 4849 2481 4917 voit.par
2509 4849 2560 4901 le
2586 4847 2871 4919 catalogue'
2887 4850 2982 4904 des
3012 4849 3249 4919 éveques
3274 4849 3366 4919 qui
3394 4859 3478 4904 est
3503 4847 3535 4902 ti
3557 4848 3605 4901 la
3633 4849 3745 4902 tete

2165 4920 2236 4972 du
2258 4931 2359 4972 ms.
2402 4937 2420 4969 ι
2453 4918 2638 4970 BnuL.

2300 4988 2315 5006 Ι
2335 4988 2346 5006 \
2377 4986 2415 5006 IV
2465 4986 2533 5006 ΩΟ
2586 4987 2643 5006 ΠΙ
2705 4987 2772 5006 ΠΛ
2830 4987 2897 5006 Ρη
2946 4988 3014 5006 wn
