4052 5358
527 345 596 400 19
1480 349 1701 406 GESTA
1755 353 2066 410 PONTIFIC
2077 357 2170 410 ΗΜ
2221 359 2303 413 CA
2316 359 2839 424 MERACENSIUM‘.
3715 376 3788 428 ΞΠ

521 464 702 550 terant
747 457 1064 550 scribae,riis
1105 459 1340 530 spatium
1384 461 1736 532 reliquerunt,
1773 464 1826 518 in
1863 467 2104 534 margine
2136 471 2180 530 Α
2210 472 2442 542 ascripta
2487 473 2604 528 sine
2651 475 2805 530 titulo
2849 477 3090 532 continet
3121 477 3494 550 nostri‘capita
3524 481 3564 548 l,
3598 481 3664 536 91
3695 484 3785 548 98,

519 549 716 618 saepius
765 563 898 603 voce
947 549 1133 603 desunt
1181 551 1500 608 indicantes.
1551 553 1848 621 Quaternio
1895 557 2102 627 integer

519 655 642 696 eum
673 641 712 704 l,
741 641 946 696 46-106
973 642 1085 712 jam
1117 644 1412 700 intercidit.
1441 642 1560 715 ipse
1589 647 1811 702 contuli.

589 729 646 799 5)
681 728 744 782 C.
781 729 962 800 regius
987 730 1334 797 Parisiensis,
1373 749 1426 786 η.
1465 734 1656 799 55556,
1693 736 1822 790 olim
1869 736 2097 802 Bainzii,

519 822 750 876 membr.
806 821 862 875 in
915 831 1110 891 quarto
1153 839 1280 879 sate.
1323 841 1436 890 n-v,
1483 825 1804 882 nitidissima
1848 839 2102 884 exaratos

517 925 682 984 atque
709 917 1137 972 accuratissime.
1177 918 1426 988 Capitutn
1465 919 1602 975 tituli
1643 924 1824 988 rubri;
1859 923 1911 978 in
1946 925 2101 978 tertio

489 1005 660 1072 _libro
709 1007 862 1060 nulli.
905 1005 1005 1061 Hic
1047 1007 1157 1060 illic
1203 1009 1434 1077 spatium
1475 1009 1746 1076 relictum,
1777 1011 1870 1064 ubi
1913 1027 2098 1066 vocem

517 1097 572 1150 in
603 1099 627 1151 1
661 1097 839 1168 legere
880 1114 986 1152 non
1009 1099 1119 1168 jam
1165 1108 1410 1168 poterat;
1443 1101 1534 1153 sed
1571 1101 1675 1155 hoc
1716 1117 1839 1156 raro
1877 1101 2099 1157 factum.

514 1185 730 1240 Desinit
758 1187 814 1240 in
843 1188 1020 1243 medio
1059 1187 1141 1250 lll,
1169 1188 1261 1252 19,
1291 1189 1488 1256 quibus
1517 1189 1704 1244 eodem
1737 1191 1946 1247 calamo
1977 1193 2102 1248 sub-

512 1273 691 1345 iungit
737 1276 1199 1331 continuationem
1251 1277 1628 1332 brevissimam
1675 1277 1806 1333 Post
1851 1282 2102 1335 istum-—

517 1365 732 1433 Sanine,
773 1381 935 1437 quam
975 1378 1098 1436 post
1133 1367 1300 1424 Gesta
1333 1369 1512 1422 daturi
1555 1385 1761 1425 sumus.
1805 1370 1922 1441 ipse
1965 1387 2100 1428 cou-

425 1463 432 1470 '
515 1457 634 1512 tuli.

587 1549 645 1619 4)
683 1549 743 1604 C.
775 1548 1190 1619 Aliiigemensis,
1231 1550 1352 1604 dein
1390 1552 1664 1606 societatis
1697 1550 1822 1606 Iesu
1858 1552 2104 1606 Antwcr—

513 1641 742 1712 piensis,
768 1639 878 1708 jam
907 1641 1036 1696 bibl.
1063 1643 1418 1712 Burgundicte
1451 1643 1818 1698 Bruxeliensis
1849 1661 1900 1697 n.
1937 1644 2098 1708 7675,

515 1733 720 1798 cbart.,
750 1733 866 1797 foll,
910 1747 954 1788 s.
997 1749 1106 1799 im,
1139 1735 1378 1789 continet
1417 1737 1600 1800 Gesta,
1644 1735 1948 1789 Chronicon
1992 1735 2096 1801 Eg-

2207 561 2325 616 iltt.
2371 562 2654 619 Lectiones
2683 563 2797 633 ejus
2825 566 3006 622 notavi
3037 583 3244 622 omnes.

2275 648 2352 722 [9]
2394 649 2790 707 Clmrtulariam
2825 671 2947 708 scrc.
2975 653 3090 710 XII
3122 657 3384 724 signatum
3414 657 3478 710 Α.
3509 673 3574 712 ea:
3613 661 3793 712 archi-

2203 742 2274 794 ris
2301 739 2530 796 ecclesia:
2557 743 2873 797 cathedralis
2895 742 3285 799 Cameracensis
3317 753 3452 800 teste
3477 747 3610 802 Dom
3643 747 3794 801 Brial

2202 829 2347 892 Xill,
2399 830 2523 896 534,
2560 831 2658 888 sub
2705 832 2916 886 initium
2964 834 3272 889 continebat
3319 849 3478 904 quam
3525 836 3616 890 ille
3664 837 3800 890 inde

2201 920 2368 973 edidit
2397 920 2856 976 abbreviationcm
2887 923 3172 977 Gestorum
3216 939 3246 977 a
3291 927 3554 980 canonico
3589 926 3794 980 Came-

2205 1009 2410 1064 racensi
2465 1009 2800 1075 confectam,
2841 1026 2963 1065 cum
3009 1013 3416 1068 continuatione
3464 1015 3572 1068 alia
3621 1031 3788 1068 manu

2201 1101 2429 1168 scripta,
2465 1101 2556 1153 sed
2583 1102 2714 1154 adeo
2741 1101 2948 1164 mutila,
2985 1110 3039 1154 ut
3075 1103 3196 1154 inde
3231 1104 3358 1155 certi
3389 1103 3666 1173 quicquam
3703 1103 3790 1157 vix

2201 1181 2386 1244 elicere
2411 1191 2493 1260 fas
2523 1192 2611 1245 sit.
2640 1190 2822 1245 Codex
2853 1207 2962 1260 quo
2989 1189 3285 1257 devenerit,
3317 1196 3607 1249 nescimus.

2275 1280 2362 1350 10)
2401 1281 2464 1335 G.
2489 1281 2730 1336 ecclesiae
2757 1281 3166 1336 Cameracensis
3191 1291 3492 1346 catenatus,
3511 1283 3623 1352 jam
3649 1285 3788 1341 bibl.

2203 1371 2348 1442 pubi.
2379 1372 2530 1426 Cam.
2563 1373 2689 1437 884,
2721 1381 2840 1443 post
2870 1373 3172 1443 catalognm
3211 1375 3582 1443 episcoporum
3613 1392 3792 1446 usque

2203 1461 2267 1516 ad
2296 1461 2736 1533 Enguerrandum
2763 1463 2828 1517 de
2851 1463 3051 1531 Crequi
3085 1464 3323 1518 continet
3345 1464 3633 1519 Gestorum
3661 1482 3787 1520 rer-

2202 1545 2408 1606 Sionetit
2433 1551 2715 1614 Gallicam,
2741 1567 2902 1620 quam
2928 1552 3059 1605 Dom
3089 1551 3231 1606 Brial
3259 1553 3392 1619 Xlll,
3418 1553 3541 1618 476,
3575 1571 3642 1609 ex
3670 1557 3790 1626 ipso

2202 1643 2390 1699 edidit.
2423 1643 2572 1697 Finis
2602 1644 2803 1698 codicis
2835 1643 3128 1698 intercidit.

2271 1733 2546 1787 Editiones
2577 1733 2658 1787 itte
2681 1743 2802 1787 sunt
2827 1751 2844 1787 :

515 1822 846 1877 mondanum
892 1833 1054 1893 atque
1091 1825 1364 1879 Andream
1410 1825 1898 1881 Marchianensem.
1940 1825 2099 1896 Capi-
2129 1820 2175 1878 B
2273 1823 2462 1893 Conv.)
2504 1823 2796 1878 Chronicon
2823 1824 3197 1880 Cmncracense
3222 1837 3268 1880 et
3295 1827 3649 1892 Atrebatense,
3683 1831 3790 1884 sive

516 1921 632 1966 tum
689 1912 1092 1967 distinctionem
1143 1913 1210 1968 de
1263 1930 1360 1968 suo
1411 1929 1796 1984 nonnunquam
1851 1916 2097 1977 mutavit,

513 2001 670 2070 plura
702 2002 948 2056 in-unum
975 2003 1327 2074 coniungens.
1357 2004 1488 2058 Post
1515 2005 1674 2058 linem
1716 2005 1836 2058 libri
1879 2004 2099 2059 secundi

517 2091 707 2145 eodem
750 2090 960 2147 calamo
1004 2091 1290 2163 descripsit
1329 2109 1452 2162 quae
1493 2095 1545 2146 in
1587 2095 1610 2147 l
1647 2093 1716 2148 ibi
1763 2093 1866 2148 alia
1914 2109 2102 2148 manus

519 2182 782 2248 inseruit;
819 2193 930 2237 tum
973 2185 1156 2240 statim
1200 2185 1395 2240 librum
1439 2187 1658 2241 tertium
1701 2185 1956 2254 subjecit,
1987 2187 2104 2240 sine

519 2273 712 2342 titulo,
739 2275 822 2328 cui
857 2275 908 2327 in
937 2275 1179 2345 margine
1210 2276 1310 2329 alia
1342 2291 1536 2331 manus
1561 2277 1766 2332 addidit
1795 2295 1807 2331 :
1837 2274 1924 2331 Sic
1953 2277 2104 2330 habet

517 2377 618 2415 ms.
643 2361 909 2432 exemplar
929 2363 1128 2416 dontini
1157 2363 1538 2420 Preudhomme
1563 2367 1802 2420 canonici
1827 2366 2100 2420 Camerac.

517 2452 728 2507 Desinit
753 2451 806 2506 in
831 2452 918 2520 lll,
951 2453 1040 2521 19,
1068 2453 1276 2521 medio;
1319 2455 1394 2509 nil
1426 2457 1783 2527 deperditum.
1821 2457 1937 2527 ipse
1976 2472 2106 2512 con-

521 2542 641 2597 tuli.

511 2623 534 2680 '.
593 2636 757 2708 [51c
788 2636 990 2692 [iubete
1018 2636 1208 2704 Valli,
1231 2637 1343 2706 jam
1369 2639 1703 2706 deperditus,
1733 2639 1826 2694 sed
1847 2637 2105 2693 Golvene-

529 2731 616 2784 rio
639 2731 816 2784 adhuc
836 2730 984 2784 visus
1005 2738 1060 2784 et
1083 2747 1110 2782 r
1149 2739 1390 2796 notatus,
1414 2731 1504 2800 qui
1532 2747 1654 2786 eum
1681 2731 1812 2786 dicit
1839 2731 1892 2784 in
1923 2731 2104 2784 charta

523 2821 862 2890 descriptum,
897 2819 1054 2889 idque
1097 2820 1224 2873 satis
1247 2819 1564 2889 imperfecte,
1609 2820 1674 2873 ab
1711 2820 1863 2872 annis
1899 2818 2107 2871 circiter

521 2913 594 2968 60
631 2923 722 2967 aut
762 2912 850 2966 70.
892 2910 960 2964 In
998 2927 1058 2965 eo
1103 2911 1268 2964 multa
1297 2927 1390 2981 pro
1415 2912 1634 2964 arbitrio
1663 2921 1864 2964 mutata
1890 2915 2031 2974 sunt,
2057 2917 2104 2961 et

518 3021 615 3075 pro
647 3005 902 3059 veteribus
933 3019 1064 3058 noua
1093 3005 1306 3056 nomina
1343 3003 1644 3058 substitute.
1689 3001 1990 3057 Summaria
2020 3018 2108 3054 ca-

518 3095 689 3164 pitum
736 3095 888 3148 habet
939 3103 1144 3148 tantum
1183 3093 1238 3145 in
1275 3094 1502 3147 secundo
1546 3093 1710 3158 libro,
1755 3110 1846 3146 nec
1889 3093 2102 3162 integre.

2202 1915 2420 1969 historia
2461 1917 2730 1985 utriusque
2772 1915 3024 1982 ecclesiw,
3057 1917 3222 1970 tribus
3261 1917 3406 1970 libris
3437 1919 3500 1971 ab
3531 1919 3649 1972 hinc
3679 1919 3796 1973 600

2205 2002 2312 2073 fere
2370 2007 2521 2059 annis
2574 2007 2866 2074 conscripta
2927 2025 2959 2060 a
3015 2007 3291 2061 Balderico
3349 2007 3684 2064 Noviomensi
3737 2021 3789 2063 et

2207 2093 2524 2148 Tornacensi
2571 2095 2828 2164 episcopo.
2879 2094 3038 2149 Nunc
3075 2098 3298 2166 primum
3337 2099 3392 2152 in
3433 2101 3598 2152 lucem
3644 2101 3792 2153 edita

2204 2199 2252 2242 et
2291 2189 2425 2241 notis
2461 2186 2728 2240 illustrata
2759 2204 2849 2256 per
2877 2187 3158 2258 Georgium
3203 2189 3578 2244 Coit-enerium.
3617 2191 3790 2245 Duaci

2204 2297 2268 2334 ea:
2312 2279 2404 2348 o/f.
2449 2279 2478 2331 I
2509 2277 2742 2348 Bogardi
2775 2277 2932 2345 i6l5,
2989 2279 3041 2333 in
3073 2279 3152 2344 8°,
3201 2289 3284 2334 est
3320 2281 3484 2334 editio
3515 2281 3786 2351 princeps.

2205 2371 2553 2426 Colrenerius
2583 2379 2693 2424 tres
2738 2369 2951 2424 codices
2995 2379 3211 2424 nostros
3243 2373 3297 2434 l,
3337 2371 3391 2434 2,
3435 2370 3488 2435 5,
3521 2371 3728 2435 habuit,
3757 2387 3792 2425 e

2206 2465 2406 2534 quibus
2438 2464 2749 2517 nitidiorem
2796 2462 3203 2530 auctioremque
3232 2461 3267 2514 2
3308 2477 3405 2529 pro
3437 2461 3805 2515 l'umlamcnto.

2206 2553 2408 2621 posuit,
2435 2551 2524 2605 sed
2551 2567 2618 2604 ex
2649 2552 2672 2602 1
2704 2549 2961 2610 correxit,
2993 2549 3081 2602 ubi
3114 2550 3474 2602 necessarium
3505 2547 3606 2601 sibi
3637 2549 3794 2602 viden

2207 2651 2386 2706 retur;
2437 2641 2674 2709 reliquas
2714 2638 2916 2694 codicis
2946 2640 2970 2692 1
3005 2637 3267 2692 lectiones
3314 2635 3540 2706 alicujus
3589 2638 3786 2692 saltem

2205 2729 2464 2786 momenti
2513 2727 2771 2782 indicavit
2799 2727 2850 2780 in
2883 2727 3062 2790 notis;
3091 2740 3156 2780 ex
3189 2726 3222 2780 5
3251 2735 3438 2795 utpote
3467 2727 3667 2780 recenti
3698 2734 3786 2780 at-

2207 2837 2312 2889 que
2357 2817 2678 2888 interpolato
2710 2832 2878 2886 pauca
2911 2825 3117 2871 tantum
3149 2815 3348 2870 attulit.
3380 2807 3792 2887 ln'prael'atione

2207 2912 2379 2966 fusius
2423 2912 2488 2964 de
2539 2919 2759 2964 auctore
2785 2910 2922 2977 egit,
2961 2909 3055 2964 sed
3109 2908 3181 2962 ibi
3233 2909 3406 2963 tribus
3443 2909 3560 2963 istis
3593 2909 3794 2964 litteris

2208 3013 2340 3070 quas
2375 2999 2580 3069 primus
2619 2999 2865 3069 protulit,
2894 2999 2948 3053 in
2995 3013 3234 3054 errorem
3279 3015 3336 3053 se
3380 3000 3556 3054 induci
3589 2999 3790 3070 passus

2208 3098 2308 3149 est.
2341 3089 2484 3160 quod
2533 3099 2711 3144 tamen
2754 3103 3094 3158 nequaquam
3139 3087 3240 3157 ipsi
3275 3089 3408 3142 vitio
3444 3090 3796 3152 vertendum,

522 3155 730 3239 Scriba-
765 3183 928 3238 modo
976 3197 1142 3253 quam
1193 3185 1430 3237 maxime
1483 3155 1774 3238 arbitrario
1819 3185 1956 3254 egit;
1995 3155 2101 3248 vlli,
2133 3155 2176 3215 δ
2209 3195 2328 3234 eum
2361 3155 2588 3248 cpistola
2613 3179 2699 3232 illa
2723 3155 3096 3234 Noviomensis
3125 3155 3358 3233 nondum
3391 3193 3486 3250 per
3507 3179 3788 3233 Baiuzinm

519 3273 709 3342 1849,
739 3276 792 3330 in
817 3275 977 3329 unius
1003 3275 1158 3329 lineae
1199 3276 1430 3343 spatium
1461 3274 1795 3340 decurtavit;
1828 3274 2105 3329 desinebat

520 3365 578 3421 in
605 3364 692 3430 lll‘,
721 3367 807 3428 49.
839 3367 891 3421 in
923 3367 1096 3422 media
1127 3367 1341 3437 pagina.

593 3457 652 3522 6)
689 3456 750 3512 G.
791 3457 850 3512 S'.
893 3456 1039 3512 Petri
1082 3458 1430 3523 Altimontis,
1473 3456 1584 3525 jam
1630 3459 1736 3513 civ.
1787 3457 2104 3522 Duacensis,

521 3569 579 3607 ιι.
609 3551 738 3618 800,
769 3553 836 3608 ab
863 3551 1102 3606 Antonio
1123 3551 1391 3606 monacho
1420 3551 1473 3605 in
1500 3549 1624 3606 Aito
1647 3552 1824 3605 Monte
1853 3561 2108 3604 exaratus

524 3659 652 3698 suae.
685 3659 782 3707 xu,
817 3657 927 3708 ειη
964 3643 1214 3707 membr.,
1247 3645 1327 3708 8°,
1356 3644 1422 3698 de
1449 3657 1556 3711 quo
1585 3645 1668 3711 egi
1715 3644 1768 3696 in
1809 3644 2108 3696 Annalibus

527 3734 734 3788 nostris
770 3733 898 3797 Vill,
925 3732 1059 3800 4‘28;
1107 3734 1248 3788 inter
1285 3733 1392 3786 alia
1435 3734 1676 3787 continet
1716 3731 2004 3786 Gestorum
2047 3731 2108 3784 li-

525 3825 686 3880 brum
751 3825 1049 3881 secundum
1107 3825 1458 3896 inscriptione
1523 3839 1744 3894 prorsus
1811 3832 2105 3877 carentem.

529 3917 720 3974 Scriba
751 3917 887 3972 satis
917 3925 1168 3970 accurate
1197 3917 1324 3986 egit,
1361 3924 1588 3984 excepto
1629 3914 1772 3984 quod
1815 3928 1914 3982 pro
1955 3912 2109 3966 libitu

532 4009 698 4082 piura-
740 4009 942 4064 omisit.
990 4006 1238 4076 Capitum
1293 4005 1432 4061 tituli
1481 4005 1651 4072 rubri,
1701 4003 1910 4059 numeri
1957 4001 2107 4055 nulli.

528 4101 650 4172 Ipse
678 4098 900 4155 contuli.

602 4192 658 4264 7)
687 4191 748 4245 G.
773 4187 1082 4244 Halniensis
1111 4187 1280 4253 Tott.,
1307 4205 1362 4243 n.
1395 4187 1518 4253 520,
1547 4187 1710 4252 mbr.,
1735 4192 1940 4254 quart.,
1965 4199 2010 4238 s.
2037 4197 2110 4236 xu

532 4297 648 4349 ex.,
677 4281 804 4336 olim
833 4279 935 4335 SS.
967 4281 1248 4334 Martii-um
1287 4277 1503 4334 Floren.
1539 4277 1652 4332 Hii.
1701 4277 1776 4330 Μ.
1811 4287 1857 4330 et
1897 4275 1986 4339 P.,
2019 4275 2112 4328 sed

533 4370 888 4440 scriptus,.ut
907 4370 1137 4432 videtur,
1167 4367 1443 4422 Cameraci
1471 4367 1610 4437 apud
1645 4366 1700 4420 S.
1731 4365 2109 4435 Gaugericnm.

2205 3277 2352 3324 esset
2378 3270 2540 3324 edita.
2584 3268 3020 3324 Commentarius
3061 3267 3312 3338 denique,
3344 3271 3585 3338 quamvis
3619 3269 3780 3338 paulo

2207 3359 2484 3429 prolixior,
2515 3357 2683 3412 multa
2711 3367 2888 3412 tamen
2922 3359 3160 3412 continet
3191 3373 3333 3412 nunc
3363 3373 3576 3428 quoque
3605 3359 3782 3420 utilia,

2207 3451 2401 3520 quilms
2427 3465 2531 3506 non
2576 3450 2694 3504 sine
2724 3449 2900 3504 fructu
2933 3450 3013 3503 usi
3043 3464 3265 3512 sumus;
3303 3449 3516 3503 codices
3544 3463 3705 3517 porro
3727 3447 3784 3514 Ξ,

2209 3545 2273 3608 ες,
2320 3557 2374 3599 et
2429 3543 2649 3598 tertium
2697 3543 2895 3596 librum
2938 3541 3141 3596 codicis
3177 3541 3202 3594 1
3243 3539 3355 3607 jam
3405 3539 3662 3608 perditos,
3691 3555 3790 3608 per

2211 3638 2383 3705 ipsum
2428 3635 2586 3690 modo
2629 3635 2908 3699 novimus;
2957 3621 3190 3702 cumque
3225 3633 3576 3692 Colvencrius
3617 3631 3788 3685 solida

2210 3725 2515 3780 eruditione
2562 3734 2723 3792 atque
2777 3731 3031 3778 accurata
3082 3723 3354 3789 diligentia
3405 3723 3546 3775 inter
3583 3722 3790 3788 primos

2209 3815 2520 3880 excelleret,
2545 3815 2678 3868 liber
2698 3815 2814 3884 ejus
2839 3813 3307 3883 praestantissimis
3339 3821 3620 3865 auctorum
3652 3827 3790 3880 quos

2211 3909 2382 3961 media
2411 3915 2540 3960 artas
2571 3905 2686 3959 tulit
2716 3905 3039 3958 editionibus
3069 3911 3153 3956 est
3182 3901 3642 3956 annumerandus.

2280 4001 2469 4069 Bono.)
2500 3999 2630 4053 Dom
2673 3997 2918 4066 Bouquet
2951 3995 3174 4066 ejusque
3210 3995 3618 4049 continuatores
3665 3995 3774 4050 Ge-

2211 4101 2416 4146 storum
2447 4096 2698 4158 excerpta
2730 4087 2970 4156 qumdam
3011 4103 3076 4140 ex
3125 4085 3360 4140 editione
3393 4083 3784 4139 Colveneriana

2215 4183 2557 4233 inseruerunt
2589 4177 2748 4230 tomis
2775 4175 2906 4238 Vill,
2943 4175 3066 4228 278.
3103 4175 3171 4237 Χ,
3206 4174 3325 4228 196.
3363 4173 3453 4237 XI,
3495 4172 3614 4226 122.
3649 4173 3784 4226 Dom

2215 4267 2356 4323 Briai
2397 4283 2524 4324 vero
2573 4265 2707 4330 Xill,
2759 4265 2882 4319 176.
2938 4265 3060 4320 555.
3113 4265 3236 4320 551.
3289 4281 3318 4320 e
3368 4263 3644 4318 codicibus
3693 4279 3790 4318 no-

2215 4357 2344 4412 stris
2392 4357 2445 4410 5.
2495 4357 2581 4412 10.
2630 4367 2684 4412 et
2735 4372 2796 4412 ex
2851 4357 2924 4410 7'.
2964 4357 3016 4412 9.
3064 4355 3176 4425 jam
3208 4355 3500 4424 deperditis
3532 4355 3696 4410 edidit
3725 4371 3790 4410 ea

533 4461 786 4514 Continct
807 4459 969 4514 Gesta
989 4458 1243 4512 Lietberti
1269 4467 1323 4511 et
1344 4456 1522 4510 Vitam
1546 4455 1912 4522 ejusdem,cui
1935 4453 2110 4508 scriba
2144 4485 2190 4542 Β
2212 4465 2338 4517 ,ιιιιειι
2367 4449 2526 4504 Gesta
2555 4449 2806 4513 Gerardi,
2839 4448 3125 4502 Gestorum
3169 4457 3480 4517 excerptum
3530 4447 3790 4516 Gaugcri-

531 4551 652 4604 sine
679 4551 786 4604 ullo
817 4549 970 4604 titulo
1002 4548 1096 4603 i'ol.
1125 4549 1195 4604 40
1224 4548 1452 4616 subjecit
1494 4547 1657 4602 Gesta
1693 4547 1920 4602 Gerardi
1951 4555 2113 4614 atque

533 4641 998 4694 continuationem
1041 4655 1108 4692 ex
1147 4639 1324 4694 Gestis
1362 4639 1698 4707 sequentium
1742 4639 2114 4707 episcoporum

532 4738 868 4800 exeerptam.
905 4729 1114 4783 Desinit
1153 4729 1243 4797 fol.
1273 4727 1342 4782 40
1369 4729 1420 4781 in
1455 4727 1559 4780 line
1585 4727 1978 4796 quaternionis,
2025 4741 2113 4780 se-

527 4817 1170 4886 quentilntsdeperditis.
1211 4815 1460 4870 Codicem
1501 4813 1660 4882 hujus
1692 4813 2116 4868 continuationis

528 4915 657 4962 csse
687 4909 1079 4978 autograpbum
1113 4913 1293 4959 monet
1323 4903 1585 4959 Waitzius
1617 4914 1821 4980 noster,
1872 4905 1962 4974 qui
1993 4918 2114 4956 eum

519 4997 765 5056 ‘contulit
812 5007 974 5067 atque
1013 4996 1297 5067 descripsit
1333 4995 1386 5050 in
1425 4995 1726 5051 Annalibus
1765 4997 1966 5051 nostris
2005 4995 2115 5060 VII,

531 5090 662 5145 440.

541 5201 546 5210 ε
609 5181 714 5254 [7‘]
743 5181 803 5237 C.
839 5181 896 5238 S.
927 5181 1180 5252 Sepulcri‘
1198 5181 1624 5246 Cameracensis,
1647 5181 1759 5251 jam
1787 5181 2115 5253 deperditus,

538 5272 632 5306 carl
665 5286 692 5306 α
724 5271 853 5306 nam
883 5271 1025 5306 nmini
1053 5271 1199 5306 triane
1255 5273 1341 5306 nn:
1371 5273 1494 5306 ἷηιΙΛ
1517 5273 1677 5306 Πηοιη
1705 5273 1927 5306 anu-nr."
1959 5281 2118 5306 nlnnn

2218 4541 2455 4606 cianum,
2489 4539 2948 4594 abbreviationem
2987 4539 3456 4600 Cameracensem,
3481 4539 3787 4591 versionem

2217 4631 2474 4686 Gallicam
2504 4645 2622 4682 esse
2649 4643 2810 4697 supra
2835 4627 3208 4697 exposuimus;
3241 4636 3294 4680 et
3319 4629 3565 4696 quamvis
3597 4629 3789 4682 borum

2217 4722 2504 4790 originem,
2537 4719 2715 4772 fontes
2744 4727 2904 4786 atque
2934 4716 3306 4771 auctoritatem
3350 4733 3454 4772 non
3502 4719 3634 4772 satis
3670 4735 3790 4787 pcr-

2219 4819 2455 4880 speetam
2493 4810 2740 4872 haberet,
2771 4822 2836 4861 eo
2865 4817 3042 4861 tamen
3073 4807 3208 4861 bene
3239 4809 3456 4872 meruit,
3487 4808 3630 4876 quod
3675 4809 3790 4879 pri-

2219 4916 2336 4956 mus
2371 4915 2432 4954 ea
2461 4899 2514 4954 in
2547 4899 2718 4952 lucem
2745 4897 2984 4968 protulit.

2287 4991 2476 5062 LEGL.)
2537 4989 2828 5060 Chronique
2883 4989 3100 5049 d‘Arras
3145 4998 3190 5041 et
3245 4989 3308 5040 de
3365 4985 3646 5049 Cambrai,
3694 5003 3793 5056 par

2219 5081 2484 5146 Balderic,
2517 5081 2732 5134 clumtre
2762 5063 2825 5132 tle
2855 5078 3156 5142 Térouane,
3175 5093 3322 5130 revue
3352 5094 3445 5130 sur
3479 5077 3646 5130 divers
3682 5093 3793 5164 ma-

2221 5173 2444 5225 nuscrits
2476 5181 2524 5224 et
2560 5169 2787 5223 enrirhie
2825 5169 2889 5220 de
2923 5169 3062 5220 deus;
3096 5167 3462 5236 supplementa,
3497 5181 3616 5218 avec
3655 5181 3797 5218 com-

2221 5261 2520 5306 mmtnires-
2549 5257 2801 5306 alossaire
2826 5265 2873 5306 et
2899 5255 3156 5306 ulusieurs
3179 5256 3354 5306 index.
3383 5270 3480 5306 nar
3503 5253 3550 5306 le
3581 5239 3796 5306 doctet'tr
