  <div class='ocr_page' id='page_1' title='image "/cluster/home/n/w/nwhite01/storage/ocr_20150623/149/hvd.32044015473770/016.png"; bbox 0 0 4052 5358; ppageno 0'>
   <div class='ocr_carea' id='block_1_1' title="bbox 208 280 3492 342">
    <p class='ocr_par' dir='ltr' id='par_1_1' title="bbox 208 280 3492 342">
     <span class='ocr_line' id='line_1_1' title="bbox 208 280 3492 342; baseline 0.002 -10"><span class='ocrx_word' id='word_1_1' title='bbox 208 280 267 332; x_wconf 72' lang='lat'><strong>‘21</strong></span> <span class='ocrx_word' id='word_1_2' title='bbox 1588 284 1792 339; x_wconf 68' lang='lat' dir='ltr'><strong>LIBER</strong></span> <span class='ocrx_word' id='word_1_3' title='bbox 1832 284 2108 342; x_wconf 73' lang='lat' dir='ltr'><strong>PRIMUS.</strong></span> <span class='ocrx_word' id='word_1_4' title='bbox 3409 286 3492 339; x_wconf 63' lang='grc' dir='ltr'><strong>ιη·</strong></span> 
     </span>
    </p>
   </div>
   <div class='ocr_carea' id='block_1_2' title="bbox 217 371 3480 463">
    <p class='ocr_par' dir='ltr' id='par_1_2' title="bbox 217 371 3480 463">
     <span class='ocr_line' id='line_1_2' title="bbox 217 371 3480 463; baseline 0.002 -17"><span class='ocrx_word' id='word_1_5' title='bbox 217 371 648 462; x_wconf 51' lang='grc' dir='ltr'><strong>ἷῖιιιίὺιιε</strong></span> <span class='ocrx_word' id='word_1_6' title='bbox 677 392 958 446; x_wconf 80' lang='lat' dir='ltr'><strong>historiam</strong></span> <span class='ocrx_word' id='word_1_7' title='bbox 985 391 1193 448; x_wconf 80' lang='lat' dir='ltr'><strong>discere</strong></span> <span class='ocrx_word' id='word_1_8' title='bbox 1219 395 1478 449; x_wconf 85' lang='lat' dir='ltr'><strong>deberent</strong></span> <span class='ocrx_word' id='word_1_9' title='bbox 1509 393 1684 449; x_wconf 76' lang='lat' dir='ltr'><strong>fontes</strong></span> <span class='ocrx_word' id='word_1_10' title='bbox 1715 411 1797 449; x_wconf 83' lang='lat' dir='ltr'><strong>re-</strong></span> <span class='ocrx_word' id='word_1_11' title='bbox 1827 402 1872 458; x_wconf 75' lang='grc' dir='ltr'><strong>Α</strong></span> <span class='ocrx_word' id='word_1_12' title='bbox 1901 397 2090 451; x_wconf 89' lang='lat' dir='ltr'><strong>serint.</strong></span> <span class='ocrx_word' id='word_1_13' title='bbox 2125 395 2313 450; x_wconf 83' lang='lat' dir='ltr'><strong>Finem</strong></span> <span class='ocrx_word' id='word_1_14' title='bbox 2345 394 2466 450; x_wconf 92' lang='lat' dir='ltr'><strong>libri</strong></span> <span class='ocrx_word' id='word_1_15' title='bbox 2491 411 2554 451; x_wconf 91' lang='lat' dir='ltr'><strong>ex</strong></span> <span class='ocrx_word' id='word_1_16' title='bbox 2585 395 2641 463; x_wconf 75' lang='lat'><strong>2,</strong></span> <span class='ocrx_word' id='word_1_17' title='bbox 2670 397 2720 450; x_wconf 94' lang='lat' dir='ltr'><strong>id</strong></span> <span class='ocrx_word' id='word_1_18' title='bbox 2747 405 2830 452; x_wconf 88' lang='lat' dir='ltr'><strong>est</strong></span> <span class='ocrx_word' id='word_1_19' title='bbox 2855 396 3194 460; x_wconf 70' lang='lat' dir='ltr'><strong>Colvenerio,</strong></span> <span class='ocrx_word' id='word_1_20' title='bbox 3225 405 3278 452; x_wconf 92' lang='lat' dir='ltr'><strong>et</strong></span> <span class='ocrx_word' id='word_1_21' title='bbox 3301 396 3357 450; x_wconf 64' lang='grc' dir='ltr'><strong>ε’</strong></span> <span class='ocrx_word' id='word_1_22' title='bbox 3386 397 3480 451; x_wconf 85' lang='lat' dir='ltr'><strong>de-</strong></span> 
     </span>
    </p>
   </div>
   <div class='ocr_carea' id='block_1_3' title="bbox 219 483 1800 554">
    <p class='ocr_par' dir='ltr' id='par_1_3' title="bbox 219 483 1800 554">
     <span class='ocr_line' id='line_1_3' title="bbox 219 483 1800 554; baseline -0.002 -13"><span class='ocrx_word' id='word_1_23' title='bbox 219 488 440 542; x_wconf 74' lang='lat' dir='ltr'><strong>duceret</strong></span> <span class='ocrx_word' id='word_1_24' title='bbox 493 484 772 538; x_wconf 81' lang='lat' dir='ltr'><strong>oblivione</strong></span> <span class='ocrx_word' id='word_1_25' title='bbox 818 483 1039 554; x_wconf 84' lang='lat' dir='ltr'><strong>jamjam</strong></span> <span class='ocrx_word' id='word_1_26' title='bbox 1093 483 1318 539; x_wconf 88' lang='lat' dir='ltr'><strong>obrutos</strong></span> <span class='ocrx_word' id='word_1_27' title='bbox 1373 485 1510 554; x_wconf 76' lang='lat'><strong>(53).</strong></span> <span class='ocrx_word' id='word_1_28' title='bbox 1572 485 1696 540; x_wconf 87' lang='lat' dir='ltr'><strong>Ideo</strong></span> <span class='ocrx_word' id='word_1_29' title='bbox 1747 487 1800 539; x_wconf 92' lang='lat' dir='ltr'><strong>in</strong></span> 
     </span>
    </p>
   </div>
   <div class='ocr_carea' id='block_1_4' title="bbox 218 575 1800 642">
    <p class='ocr_par' dir='ltr' id='par_1_4' title="bbox 218 575 1800 642">
     <span class='ocr_line' id='line_1_4' title="bbox 218 575 1800 642; baseline -0.003 -10"><span class='ocrx_word' id='word_1_30' title='bbox 218 576 394 632; x_wconf 79' lang='lat' dir='ltr'><strong>verbis</strong></span> <span class='ocrx_word' id='word_1_31' title='bbox 451 576 701 629; x_wconf 85' lang='lat' dir='ltr'><strong>auctoris</strong></span> <span class='ocrx_word' id='word_1_32' title='bbox 745 576 969 630; x_wconf 83' lang='lat' dir='ltr'><strong>edendis</strong></span> <span class='ocrx_word' id='word_1_33' title='bbox 1010 575 1384 630; x_wconf 89' lang='lat' dir='ltr'><strong>Colvenerium</strong></span> <span class='ocrx_word' id='word_1_34' title='bbox 1433 584 1651 631; x_wconf 82' lang='lat' dir='ltr'><strong>secutus</strong></span> <span class='ocrx_word' id='word_1_35' title='bbox 1686 587 1800 642; x_wconf 90' lang='lat' dir='ltr'><strong>est,</strong></span> 
     </span>
    </p>
   </div>
   <div class='ocr_carea' id='block_1_5' title="bbox 219 664 1801 734">
    <p class='ocr_par' dir='ltr' id='par_1_5' title="bbox 219 664 1801 734">
     <span class='ocr_line' id='line_1_5' title="bbox 219 664 1801 734; baseline 0 -12"><span class='ocrx_word' id='word_1_36' title='bbox 219 665 478 722; x_wconf 70' lang='lat' dir='ltr'><strong>adhibitis</strong></span> <span class='ocrx_word' id='word_1_37' title='bbox 508 665 602 720; x_wconf 91' lang='lat' dir='ltr'><strong>hic</strong></span> <span class='ocrx_word' id='word_1_38' title='bbox 649 665 758 720; x_wconf 91' lang='lat' dir='ltr'><strong>illic</strong></span> <span class='ocrx_word' id='word_1_39' title='bbox 792 666 1070 720; x_wconf 87' lang='lat' dir='ltr'><strong>codicibus</strong></span> <span class='ocrx_word' id='word_1_40' title='bbox 1111 665 1190 718; x_wconf 66' lang='grc' dir='ltr'><strong>ε’.</strong></span> <span class='ocrx_word' id='word_1_41' title='bbox 1231 665 1296 730; x_wconf 86' lang='lat'><strong>6;</strong></span> <span class='ocrx_word' id='word_1_42' title='bbox 1343 664 1635 734; x_wconf 90' lang='lat' dir='ltr'><strong>plurimum</strong></span> <span class='ocrx_word' id='word_1_43' title='bbox 1668 681 1801 722; x_wconf 90' lang='lat' dir='ltr'><strong>vero</strong></span> 
     </span>
    </p>
   </div>
   <div class='ocr_carea' id='block_1_6' title="bbox 216 754 1798 825">
    <p class='ocr_par' dir='ltr' id='par_1_6' title="bbox 216 754 1798 825">
     <span class='ocr_line' id='line_1_6' title="bbox 216 754 1798 825; baseline 0 -15"><span class='ocrx_word' id='word_1_44' title='bbox 216 756 378 811; x_wconf 78' lang='lat' dir='ltr'><strong>studii</strong></span> <span class='ocrx_word' id='word_1_45' title='bbox 419 754 716 811; x_wconf 86' lang='lat' dir='ltr'><strong>collocavit</strong></span> <span class='ocrx_word' id='word_1_46' title='bbox 765 755 818 810; x_wconf 91' lang='lat' dir='ltr'><strong>in</strong></span> <span class='ocrx_word' id='word_1_47' title='bbox 870 755 1286 821; x_wconf 89' lang='lat' dir='ltr'><strong>commentario,</strong></span> <span class='ocrx_word' id='word_1_48' title='bbox 1336 756 1512 811; x_wconf 89' lang='lat' dir='ltr'><strong>latiori</strong></span> <span class='ocrx_word' id='word_1_49' title='bbox 1561 757 1798 825; x_wconf 80' lang='lat' dir='ltr'><strong>quidem,</strong></span> 
     </span>
    </p>
   </div>
   <div class='ocr_carea' id='block_1_7' title="bbox 217 846 1802 916">
    <p class='ocr_par' dir='ltr' id='par_1_7' title="bbox 217 846 1802 916">
     <span class='ocr_line' id='line_1_7' title="bbox 217 846 1802 916; baseline 0 -13"><span class='ocrx_word' id='word_1_50' title='bbox 217 848 310 903; x_wconf 82' lang='lat' dir='ltr'><strong>sed</strong></span> <span class='ocrx_word' id='word_1_51' title='bbox 341 847 426 901; x_wconf 87' lang='lat' dir='ltr'><strong>vel</strong></span> <span class='ocrx_word' id='word_1_52' title='bbox 460 847 544 902; x_wconf 90' lang='lat' dir='ltr'><strong>sic</strong></span> <span class='ocrx_word' id='word_1_53' title='bbox 573 846 812 902; x_wconf 75' lang='lat' dir='ltr'><strong>libenter</strong></span> <span class='ocrx_word' id='word_1_54' title='bbox 853 847 1078 914; x_wconf 69' lang='lat' dir='ltr'><strong>legimus</strong></span> <span class='ocrx_word' id='word_1_55' title='bbox 1104 855 1386 901; x_wconf 89' lang='lat' dir='ltr'><strong>auctorem</strong></span> <span class='ocrx_word' id='word_1_56' title='bbox 1407 887 1423 910; x_wconf 89' lang='lat'><strong>,</strong></span> <span class='ocrx_word' id='word_1_57' title='bbox 1450 848 1540 916; x_wconf 92' lang='lat' dir='ltr'><strong>qui</strong></span> <span class='ocrx_word' id='word_1_58' title='bbox 1573 848 1696 902; x_wconf 88' lang='lat' dir='ltr'><strong>talia</strong></span> <span class='ocrx_word' id='word_1_59' title='bbox 1729 849 1802 903; x_wconf 92' lang='lat' dir='ltr'><strong>ita</strong></span> 
     </span>
    </p>
   </div>
   <div class='ocr_carea' id='block_1_8' title="bbox 216 937 1806 1012">
    <p class='ocr_par' dir='ltr' id='par_1_8' title="bbox 216 937 1806 1012">
     <span class='ocr_line' id='line_1_8' title="bbox 216 937 1806 1012; baseline 0 -20"><span class='ocrx_word' id='word_1_60' title='bbox 216 947 460 992; x_wconf 87' lang='lat' dir='ltr'><strong>tractare</strong></span> <span class='ocrx_word' id='word_1_61' title='bbox 504 938 662 992; x_wconf 85' lang='lat' dir='ltr'><strong>novit</strong></span> <span class='ocrx_word' id='word_1_62' title='bbox 711 945 771 991; x_wconf 93' lang='lat' dir='ltr'><strong>ut</strong></span> <span class='ocrx_word' id='word_1_63' title='bbox 815 938 1179 1012; x_wconf 30' lang='lat' dir='ltr'><strong>non‘doctum</strong></span> <span class='ocrx_word' id='word_1_64' title='bbox 1209 953 1345 1006; x_wconf 85' lang='lat' dir='ltr'><strong>opus</strong></span> <span class='ocrx_word' id='word_1_65' title='bbox 1373 937 1572 1007; x_wconf 76' lang='lat' dir='ltr'><strong>legere,</strong></span> <span class='ocrx_word' id='word_1_66' title='bbox 1601 939 1695 993; x_wconf 91' lang='lat' dir='ltr'><strong>sed</strong></span> <span class='ocrx_word' id='word_1_67' title='bbox 1731 940 1806 992; x_wconf 86' lang='lat' dir='ltr'><strong>vi-</strong></span> 
     </span>
    </p>
   </div>
   <div class='ocr_carea' id='block_1_9' title="bbox 217 1027 1804 1098">
    <p class='ocr_par' dir='ltr' id='par_1_9' title="bbox 217 1027 1804 1098">
     <span class='ocr_line' id='line_1_9' title="bbox 217 1027 1804 1098; baseline 0.001 -16"><span class='ocrx_word' id='word_1_68' title='bbox 217 1043 335 1082; x_wconf 88' lang='lat' dir='ltr'><strong>rum</strong></span> <span class='ocrx_word' id='word_1_69' title='bbox 370 1028 673 1092; x_wconf 86' lang='lat' dir='ltr'><strong>urbanum,</strong></span> <span class='ocrx_word' id='word_1_70' title='bbox 713 1027 889 1098; x_wconf 81' lang='lat' dir='ltr'><strong>qualis</strong></span> <span class='ocrx_word' id='word_1_71' title='bbox 914 1037 1018 1092; x_wconf 92' lang='lat' dir='ltr'><strong>est,</strong></span> <span class='ocrx_word' id='word_1_72' title='bbox 1057 1037 1213 1097; x_wconf 76' lang='lat' dir='ltr'><strong>grata</strong></span> <span class='ocrx_word' id='word_1_73' title='bbox 1262 1027 1493 1097; x_wconf 89' lang='lat' dir='ltr'><strong>quadam</strong></span> <span class='ocrx_word' id='word_1_74' title='bbox 1539 1045 1662 1083; x_wconf 92' lang='lat' dir='ltr'><strong>cum</strong></span> <span class='ocrx_word' id='word_1_75' title='bbox 1701 1029 1804 1084; x_wconf 83' lang='lat' dir='ltr'><strong>cle-</strong></span> 
     </span>
    </p>
   </div>
   <div class='ocr_carea' id='block_1_10' title="bbox 219 1120 1806 1192">
    <p class='ocr_par' dir='ltr' id='par_1_10' title="bbox 219 1120 1806 1192">
     <span class='ocr_line' id='line_1_10' title="bbox 219 1120 1806 1192; baseline 0.004 -20"><span class='ocrx_word' id='word_1_76' title='bbox 219 1120 396 1188; x_wconf 70' lang='lat' dir='ltr'><strong>gantia</strong></span> <span class='ocrx_word' id='word_1_77' title='bbox 429 1129 751 1174; x_wconf 90' lang='lat' dir='ltr'><strong>narrantem</strong></span> <span class='ocrx_word' id='word_1_78' title='bbox 778 1121 962 1176; x_wconf 90' lang='lat' dir='ltr'><strong>audire</strong></span> <span class='ocrx_word' id='word_1_79' title='bbox 985 1121 1141 1176; x_wconf 88' lang='lat' dir='ltr'><strong>nobis</strong></span> <span class='ocrx_word' id='word_1_80' title='bbox 1165 1122 1461 1177; x_wconf 83' lang='lat' dir='ltr'><strong>videamur.</strong></span> <span class='ocrx_word' id='word_1_81' title='bbox 1493 1123 1656 1178; x_wconf 82' lang='lat' dir='ltr'><strong>Auxit</strong></span> <span class='ocrx_word' id='word_1_82' title='bbox 1677 1138 1806 1192; x_wconf 71' lang='lat' dir='ltr'><strong>pra:-</strong></span> 
     </span>
    </p>
   </div>
   <div class='ocr_carea' id='block_1_11' title="bbox 223 1209 1807 1281">
    <p class='ocr_par' dir='ltr' id='par_1_11' title="bbox 223 1209 1807 1281">
     <span class='ocr_line' id='line_1_11' title="bbox 223 1209 1807 1281; baseline 0.003 -18"><span class='ocrx_word' id='word_1_83' title='bbox 223 1218 366 1263; x_wconf 82' lang='lat' dir='ltr'><strong>terea</strong></span> <span class='ocrx_word' id='word_1_84' title='bbox 398 1209 525 1264; x_wconf 87' lang='lat' dir='ltr'><strong>libri</strong></span> <span class='ocrx_word' id='word_1_85' title='bbox 558 1209 942 1266; x_wconf 82' lang='lat' dir='ltr'><strong>utilitatemeo</strong></span> <span class='ocrx_word' id='word_1_86' title='bbox 971 1213 1114 1280; x_wconf 88' lang='lat' dir='ltr'><strong>quod</strong></span> <span class='ocrx_word' id='word_1_87' title='bbox 1145 1212 1354 1281; x_wconf 87' lang='lat' dir='ltr'><strong>primus</strong></span> <span class='ocrx_word' id='word_1_88' title='bbox 1382 1213 1455 1267; x_wconf 84' lang='lat' dir='ltr'><strong>ibi</strong></span> <span class='ocrx_word' id='word_1_89' title='bbox 1486 1214 1654 1268; x_wconf 83' lang='lat' dir='ltr'><strong>edidit</strong></span> <span class='ocrx_word' id='word_1_90' title='bbox 1701 1222 1807 1268; x_wconf 92' lang='lat' dir='ltr'><strong>ter-</strong></span> 
     </span>
    </p>
   </div>
   <div class='ocr_carea' id='block_1_12' title="bbox 222 1300 1803 1369">
    <p class='ocr_par' dir='ltr' id='par_1_12' title="bbox 222 1300 1803 1369">
     <span class='ocr_line' id='line_1_12' title="bbox 222 1300 1803 1369; baseline 0.004 -17"><span class='ocrx_word' id='word_1_91' title='bbox 222 1301 349 1352; x_wconf 83' lang='lat' dir='ltr'><strong>tiam</strong></span> <span class='ocrx_word' id='word_1_92' title='bbox 395 1309 614 1369; x_wconf 90' lang='lat' dir='ltr'><strong>partem</strong></span> <span class='ocrx_word' id='word_1_93' title='bbox 659 1300 932 1355; x_wconf 70' lang='lat' dir='ltr'><strong>chronica:</strong></span> <span class='ocrx_word' id='word_1_94' title='bbox 959 1302 1020 1356; x_wconf 90' lang='lat' dir='ltr'><strong>S.</strong></span> <span class='ocrx_word' id='word_1_95' title='bbox 1049 1302 1248 1356; x_wconf 68' lang='grc' dir='ltr'><strong>Δηὼ-ω</strong></span> <span class='ocrx_word' id='word_1_96' title='bbox 1277 1301 1455 1357; x_wconf 81' lang='lat' dir='ltr'><strong>Castri</strong></span> <span class='ocrx_word' id='word_1_97' title='bbox 1483 1301 1803 1358; x_wconf 85' lang='lat' dir='ltr'><strong>Camerace-</strong></span> 
     </span>
    </p>
   </div>
   <div class='ocr_carea' id='block_1_13' title="bbox 222 1389 1805 1461">
    <p class='ocr_par' dir='ltr' id='par_1_13' title="bbox 222 1389 1805 1461">
     <span class='ocr_line' id='line_1_13' title="bbox 222 1389 1805 1461; baseline 0.003 -19"><span class='ocrx_word' id='word_1_98' title='bbox 222 1390 306 1452; x_wconf 82' lang='lat' dir='ltr'><strong>sii,</strong></span> <span class='ocrx_word' id='word_1_99' title='bbox 333 1403 401 1444; x_wconf 86' lang='lat' dir='ltr'><strong>eo</strong></span> <span class='ocrx_word' id='word_1_100' title='bbox 429 1404 608 1459; x_wconf 90' lang='lat' dir='ltr'><strong>usque</strong></span> <span class='ocrx_word' id='word_1_101' title='bbox 628 1389 951 1461; x_wconf 59' lang='lat' dir='ltr'><strong>incognita);</strong></span> <span class='ocrx_word' id='word_1_102' title='bbox 982 1407 1164 1459; x_wconf 85' lang='lat' dir='ltr'><strong>quam,</strong></span> <span class='ocrx_word' id='word_1_103' title='bbox 1195 1391 1337 1461; x_wconf 87' lang='lat' dir='ltr'><strong>quod</strong></span> <span class='ocrx_word' id='word_1_104' title='bbox 1371 1393 1635 1460; x_wconf 79' lang='lat' dir='ltr'><strong>integram</strong></span> <span class='ocrx_word' id='word_1_105' title='bbox 1667 1392 1805 1448; x_wconf 81' lang='lat' dir='ltr'><strong>infra</strong></span> 
     </span>
    </p>
   </div>
   <div class='ocr_carea' id='block_1_14' title="bbox 222 1480 1808 1549">
    <p class='ocr_par' dir='ltr' id='par_1_14' title="bbox 222 1480 1808 1549">
     <span class='ocr_line' id='line_1_14' title="bbox 222 1480 1808 1549; baseline 0.002 -17"><span class='ocrx_word' id='word_1_106' title='bbox 222 1493 529 1548; x_wconf 76' lang='lat' dir='ltr'><strong>proponere</strong></span> <span class='ocrx_word' id='word_1_107' title='bbox 558 1494 869 1549; x_wconf 86' lang='lat' dir='ltr'><strong>possumus,</strong></span> <span class='ocrx_word' id='word_1_108' title='bbox 912 1480 1083 1548; x_wconf 84' lang='lat' dir='ltr'><strong>ipsius</strong></span> <span class='ocrx_word' id='word_1_109' title='bbox 1113 1481 1212 1534; x_wconf 80' lang='lat' dir='ltr'><strong>viri</strong></span> <span class='ocrx_word' id='word_1_110' title='bbox 1264 1481 1510 1537; x_wconf 82' lang='lat' dir='ltr'><strong>amabilis</strong></span> <span class='ocrx_word' id='word_1_111' title='bbox 1550 1481 1808 1538; x_wconf 86' lang='lat' dir='ltr'><strong>debemus</strong></span> 
     </span>
    </p>
   </div>
   <div class='ocr_carea' id='block_1_15' title="bbox 222 1569 563 1639">
    <p class='ocr_par' dir='ltr' id='par_1_15' title="bbox 222 1569 563 1639">
     <span class='ocr_line' id='line_1_15' title="bbox 222 1569 563 1639; baseline -0.003 -16"><span class='ocrx_word' id='word_1_112' title='bbox 222 1569 563 1639; x_wconf 73' lang='lat' dir='ltr'><strong>benignitati.</strong></span> 
     </span>
    </p>
   </div>
   <div class='ocr_carea' id='block_1_16' title="bbox 292 1659 1799 1725">
    <p class='ocr_par' dir='ltr' id='par_1_16' title="bbox 292 1659 1799 1725">
     <span class='ocr_line' id='line_1_16' title="bbox 292 1659 1799 1725; baseline 0.001 -13"><span class='ocrx_word' id='word_1_113' title='bbox 292 1659 508 1714; x_wconf 75' lang='lat' dir='ltr'><strong>Nostra:</strong></span> <span class='ocrx_word' id='word_1_114' title='bbox 537 1659 796 1714; x_wconf 85' lang='lat' dir='ltr'><strong>editionis</strong></span> <span class='ocrx_word' id='word_1_115' title='bbox 827 1660 965 1714; x_wconf 85' lang='lat' dir='ltr'><strong>ratio</strong></span> <span class='ocrx_word' id='word_1_116' title='bbox 1000 1674 1061 1713; x_wconf 86' lang='lat' dir='ltr'><strong>ea</strong></span> <span class='ocrx_word' id='word_1_117' title='bbox 1094 1659 1212 1725; x_wconf 81' lang='lat' dir='ltr'><strong>fuit,</strong></span> <span class='ocrx_word' id='word_1_118' title='bbox 1249 1671 1326 1724; x_wconf 91' lang='lat' dir='ltr'><strong>ut,</strong></span> <span class='ocrx_word' id='word_1_119' title='bbox 1353 1678 1474 1716; x_wconf 88' lang='lat' dir='ltr'><strong>cum</strong></span> <span class='ocrx_word' id='word_1_120' title='bbox 1507 1662 1746 1717; x_wconf 86' lang='lat' dir='ltr'><strong>codicem</strong></span> <span class='ocrx_word' id='word_1_121' title='bbox 1779 1661 1799 1714; x_wconf 87' lang='lat' dir='ltr'><strong>l</strong></span> 
     </span>
    </p>
   </div>
   <div class='ocr_carea' id='block_1_17' title="bbox 1904 484 3480 558">
    <p class='ocr_par' dir='ltr' id='par_1_17' title="bbox 1904 484 3480 558">
     <span class='ocr_line' id='line_1_17' title="bbox 1904 484 3480 558; baseline 0.001 -18"><span class='ocrx_word' id='word_1_122' title='bbox 1904 485 2099 540; x_wconf 88' lang='lat' dir='ltr'><strong>dimus.</strong></span> <span class='ocrx_word' id='word_1_123' title='bbox 2131 485 2298 540; x_wconf 83' lang='lat' dir='ltr'><strong>Gesta</strong></span> <span class='ocrx_word' id='word_1_124' title='bbox 2339 484 2601 540; x_wconf 71' lang='lat' dir='ltr'><strong>Lietlierti</strong></span> <span class='ocrx_word' id='word_1_125' title='bbox 2648 500 2746 541; x_wconf 92' lang='lat' dir='ltr'><strong>nos</strong></span> <span class='ocrx_word' id='word_1_126' title='bbox 2794 487 2952 557; x_wconf 87' lang='lat' dir='ltr'><strong>primi</strong></span> <span class='ocrx_word' id='word_1_127' title='bbox 2983 503 3012 541; x_wconf 87' lang='lat' dir='ltr'><strong>a</strong></span> <span class='ocrx_word' id='word_1_128' title='bbox 3053 488 3480 558; x_wconf 69' lang='lat' dir='ltr'><strong>praecedentibus</strong></span> 
     </span>
    </p>
   </div>
   <div class='ocr_carea' id='block_1_18' title="bbox 1904 579 3482 650">
    <p class='ocr_par' dir='ltr' id='par_1_18' title="bbox 1904 579 3482 650">
     <span class='ocr_line' id='line_1_18' title="bbox 1904 579 3482 650; baseline 0.002 -18"><span class='ocrx_word' id='word_1_129' title='bbox 1904 579 2296 648; x_wconf 85' lang='lat' dir='ltr'><strong>separavimus,</strong></span> <span class='ocrx_word' id='word_1_130' title='bbox 2327 589 2686 650; x_wconf 88' lang='lat' dir='ltr'><strong>proponentes</strong></span> <span class='ocrx_word' id='word_1_131' title='bbox 2710 594 2772 635; x_wconf 88' lang='lat' dir='ltr'><strong>ea</strong></span> <span class='ocrx_word' id='word_1_132' title='bbox 2807 596 2872 635; x_wconf 88' lang='lat' dir='ltr'><strong>ex</strong></span> <span class='ocrx_word' id='word_1_133' title='bbox 2918 581 2954 634; x_wconf 74' lang='lat'><strong>2</strong></span> <span class='ocrx_word' id='word_1_134' title='bbox 3000 596 3092 636; x_wconf 91' lang='lat' dir='ltr'><strong>seu</strong></span> <span class='ocrx_word' id='word_1_135' title='bbox 3143 581 3482 646; x_wconf 86' lang='lat' dir='ltr'><strong>Colvenerio,</strong></span> 
     </span>
    </p>
   </div>
   <div class='ocr_carea' id='block_1_19' title="bbox 1903 668 3486 743">
    <p class='ocr_par' dir='ltr' id='par_1_19' title="bbox 1903 668 3486 743">
     <span class='ocr_line' id='line_1_19' title="bbox 1903 668 3486 743; baseline 0.003 -21"><span class='ocrx_word' id='word_1_136' title='bbox 1903 668 1960 722; x_wconf 76' lang='lat'><strong>2&#39;</strong></span> <span class='ocrx_word' id='word_1_137' title='bbox 1986 678 2044 724; x_wconf 89' lang='lat' dir='ltr'><strong>et</strong></span> <span class='ocrx_word' id='word_1_138' title='bbox 2088 671 2139 735; x_wconf 90' lang='lat'><strong>7,</strong></span> <span class='ocrx_word' id='word_1_139' title='bbox 2188 671 2281 740; x_wconf 87' lang='lat' dir='ltr'><strong>qui</strong></span> <span class='ocrx_word' id='word_1_140' title='bbox 2329 686 2467 728; x_wconf 90' lang='lat' dir='ltr'><strong>unus</strong></span> <span class='ocrx_word' id='word_1_141' title='bbox 2516 671 2676 726; x_wconf 83' lang='lat' dir='ltr'><strong>ﬁnem</strong></span> <span class='ocrx_word' id='word_1_142' title='bbox 2721 687 2907 726; x_wconf 89' lang='lat' dir='ltr'><strong>eorum</strong></span> <span class='ocrx_word' id='word_1_143' title='bbox 2937 672 3319 743; x_wconf 82' lang='lat' dir='ltr'><strong>suppeditavit,</strong></span> <span class='ocrx_word' id='word_1_144' title='bbox 3352 672 3486 726; x_wconf 89' lang='lat' dir='ltr'><strong>huc-</strong></span> 
     </span>
    </p>
   </div>
   <div class='ocr_carea' id='block_1_20' title="bbox 1905 758 3482 829">
    <p class='ocr_par' dir='ltr' id='par_1_20' title="bbox 1905 758 3482 829">
     <span class='ocr_line' id='line_1_20' title="bbox 1905 758 3482 829; baseline 0.002 -17"><span class='ocrx_word' id='word_1_145' title='bbox 1905 774 2076 829; x_wconf 87' lang='lat' dir='ltr'><strong>usque</strong></span> <span class='ocrx_word' id='word_1_146' title='bbox 2128 758 2413 814; x_wconf 89' lang='lat' dir='ltr'><strong>ineditnm.</strong></span> <span class='ocrx_word' id='word_1_147' title='bbox 2461 761 2626 817; x_wconf 85' lang='lat' dir='ltr'><strong>Gesta</strong></span> <span class='ocrx_word' id='word_1_148' title='bbox 2685 761 2910 818; x_wconf 90' lang='lat' dir='ltr'><strong>Gerardi</strong></span> <span class='ocrx_word' id='word_1_149' title='bbox 2954 763 3290 819; x_wconf 89' lang='lat' dir='ltr'><strong>restitnimus</strong></span> <span class='ocrx_word' id='word_1_150' title='bbox 3339 777 3404 817; x_wconf 87' lang='lat' dir='ltr'><strong>ex</strong></span> <span class='ocrx_word' id='word_1_151' title='bbox 3451 763 3482 815; x_wconf 86' lang='lat'><strong>7</strong></span> 
     </span>
    </p>
   </div>
   <div class='ocr_carea' id='block_1_21' title="bbox 1906 849 3482 925">
    <p class='ocr_par' dir='ltr' id='par_1_21' title="bbox 1906 849 3482 925">
     <span class='ocr_line' id='line_1_21' title="bbox 1906 849 3482 925; baseline 0.001 -21"><span class='ocrx_word' id='word_1_152' title='bbox 1906 849 2130 920; x_wconf 87' lang='lat' dir='ltr'><strong>ejusque</strong></span> <span class='ocrx_word' id='word_1_153' title='bbox 2161 851 2471 922; x_wconf 79' lang='lat' dir='ltr'><strong>apographo</strong></span> <span class='ocrx_word' id='word_1_154' title='bbox 2498 853 2575 916; x_wconf 79' lang='grc' dir='ltr'><strong>Τ,</strong></span> <span class='ocrx_word' id='word_1_155' title='bbox 2611 869 2641 906; x_wconf 96' lang='lat' dir='ltr'><strong>a</strong></span> <span class='ocrx_word' id='word_1_156' title='bbox 2670 853 2803 908; x_wconf 90' lang='lat' dir='ltr'><strong>Dom</strong></span> <span class='ocrx_word' id='word_1_157' title='bbox 2830 853 2976 908; x_wconf 89' lang='lat' dir='ltr'><strong>Brial</strong></span> <span class='ocrx_word' id='word_1_158' title='bbox 2999 867 3280 925; x_wconf 80' lang='lat' dir='ltr'><strong>expresso.</strong></span> <span class='ocrx_word' id='word_1_159' title='bbox 3319 852 3482 908; x_wconf 84' lang='lat' dir='ltr'><strong>Gesta</strong></span> 
     </span>
    </p>
   </div>
   <div class='ocr_carea' id='block_1_22' title="bbox 1907 942 3483 1014">
    <p class='ocr_par' dir='ltr' id='par_1_22' title="bbox 1907 942 3483 1014">
     <span class='ocr_line' id='line_1_22' title="bbox 1907 942 3483 1014; baseline 0 -18"><span class='ocrx_word' id='word_1_160' title='bbox 1907 942 2248 1010; x_wconf 88' lang='lat' dir='ltr'><strong>sequentium</strong></span> <span class='ocrx_word' id='word_1_161' title='bbox 2309 943 2681 1013; x_wconf 86' lang='lat' dir='ltr'><strong>episc0porum</strong></span> <span class='ocrx_word' id='word_1_162' title='bbox 2752 945 2959 1014; x_wconf 83' lang='lat' dir='ltr'><strong>integra</strong></span> <span class='ocrx_word' id='word_1_163' title='bbox 3019 959 3141 998; x_wconf 81' lang='lat' dir='ltr'><strong>cum</strong></span> <span class='ocrx_word' id='word_1_164' title='bbox 3205 959 3313 998; x_wconf 81' lang='lat' dir='ltr'><strong>non</strong></span> <span class='ocrx_word' id='word_1_165' title='bbox 3371 942 3483 1012; x_wconf 84' lang='lat' dir='ltr'><strong>jam</strong></span> 
     </span>
    </p>
   </div>
   <div class='ocr_carea' id='block_1_23' title="bbox 1908 1031 3484 1105">
    <p class='ocr_par' dir='ltr' id='par_1_23' title="bbox 1908 1031 3484 1105">
     <span class='ocr_line' id='line_1_23' title="bbox 1908 1031 3484 1105; baseline 0.002 -20"><span class='ocrx_word' id='word_1_166' title='bbox 1908 1031 2235 1097; x_wconf 90' lang='lat' dir='ltr'><strong>habeantur,</strong></span> <span class='ocrx_word' id='word_1_167' title='bbox 2279 1032 2380 1086; x_wconf 86' lang='lat' dir='ltr'><strong>tria</strong></span> <span class='ocrx_word' id='word_1_168' title='bbox 2408 1034 2664 1102; x_wconf 87' lang='lat' dir='ltr'><strong>opuscula</strong></span> <span class='ocrx_word' id='word_1_169' title='bbox 2698 1034 3042 1089; x_wconf 84' lang='lat' dir='ltr'><strong>exhibuimus</strong></span> <span class='ocrx_word' id='word_1_170' title='bbox 3077 1049 3142 1090; x_wconf 80' lang='lat' dir='ltr'><strong>ex</strong></span> <span class='ocrx_word' id='word_1_171' title='bbox 3183 1035 3379 1105; x_wconf 89' lang='lat' dir='ltr'><strong>quibus</strong></span> <span class='ocrx_word' id='word_1_172' title='bbox 3420 1049 3484 1089; x_wconf 90' lang='lat' dir='ltr'><strong>ea</strong></span> 
     </span>
    </p>
   </div>
   <div class='ocr_carea' id='block_1_24' title="bbox 1907 1119 3482 1197">
    <p class='ocr_par' dir='ltr' id='par_1_24' title="bbox 1907 1119 3482 1197">
     <span class='ocr_line' id='line_1_24' title="bbox 1907 1119 3482 1197; baseline 0.004 -23"><span class='ocrx_word' id='word_1_173' title='bbox 1907 1119 2142 1190; x_wconf 86' lang='lat' dir='ltr'><strong>suppleri</strong></span> <span class='ocrx_word' id='word_1_174' title='bbox 2169 1121 2410 1191; x_wconf 86' lang='lat' dir='ltr'><strong>possint:</strong></span> <span class='ocrx_word' id='word_1_175' title='bbox 2445 1132 2758 1192; x_wconf 85' lang='lat' dir='ltr'><strong>excerptum</strong></span> <span class='ocrx_word' id='word_1_176' title='bbox 2780 1123 2986 1179; x_wconf 77' lang='lat' dir='ltr'><strong>scilicet</strong></span> <span class='ocrx_word' id='word_1_177' title='bbox 3008 1124 3482 1197; x_wconf 81' lang='lat' dir='ltr'><strong>Gaugericianum,</strong></span> 
     </span>
    </p>
   </div>
   <div class='ocr_carea' id='block_1_25' title="bbox 1909 1211 3488 1282">
    <p class='ocr_par' dir='ltr' id='par_1_25' title="bbox 1909 1211 3488 1282">
     <span class='ocr_line' id='line_1_25' title="bbox 1909 1211 3488 1282; baseline 0.004 -18"><span class='ocrx_word' id='word_1_178' title='bbox 1909 1211 2122 1265; x_wconf 85' lang='lat' dir='ltr'><strong>auctius</strong></span> <span class='ocrx_word' id='word_1_179' title='bbox 2159 1211 2269 1281; x_wconf 90' lang='lat' dir='ltr'><strong>jam</strong></span> <span class='ocrx_word' id='word_1_180' title='bbox 2315 1227 2476 1282; x_wconf 88' lang='lat' dir='ltr'><strong>quam</strong></span> <span class='ocrx_word' id='word_1_181' title='bbox 2506 1213 2646 1281; x_wconf 89' lang='lat' dir='ltr'><strong>apud</strong></span> <span class='ocrx_word' id='word_1_182' title='bbox 2674 1212 2808 1268; x_wconf 89' lang='lat' dir='ltr'><strong>Dom</strong></span> <span class='ocrx_word' id='word_1_183' title='bbox 2847 1215 3009 1279; x_wconf 84' lang='lat' dir='ltr'><strong>Brial,</strong></span> <span class='ocrx_word' id='word_1_184' title='bbox 3047 1231 3079 1271; x_wconf 88' lang='lat' dir='ltr'><strong>e</strong></span> <span class='ocrx_word' id='word_1_185' title='bbox 3118 1216 3305 1272; x_wconf 89' lang='lat' dir='ltr'><strong>codice</strong></span> <span class='ocrx_word' id='word_1_186' title='bbox 3334 1227 3488 1271; x_wconf 88' lang='lat' dir='ltr'><strong>auto-</strong></span> 
     </span>
    </p>
   </div>
   <div class='ocr_carea' id='block_1_26' title="bbox 1908 1302 3486 1377">
    <p class='ocr_par' dir='ltr' id='par_1_26' title="bbox 1908 1302 3486 1377">
     <span class='ocr_line' id='line_1_26' title="bbox 1908 1302 3486 1377; baseline 0.006 -23"><span class='ocrx_word' id='word_1_187' title='bbox 1908 1303 2114 1372; x_wconf 78' lang='lat' dir='ltr'><strong>grapho</strong></span> <span class='ocrx_word' id='word_1_188' title='bbox 2169 1303 2238 1366; x_wconf 86' lang='lat'><strong>7;</strong></span> <span class='ocrx_word' id='word_1_189' title='bbox 2290 1302 2761 1358; x_wconf 85' lang='lat' dir='ltr'><strong>Abbreviationem</strong></span> <span class='ocrx_word' id='word_1_190' title='bbox 2816 1305 3284 1372; x_wconf 86' lang='lat' dir='ltr'><strong>Cameracensem,</strong></span> <span class='ocrx_word' id='word_1_191' title='bbox 3332 1308 3486 1377; x_wconf 84' lang='lat' dir='ltr'><strong>cujus</strong></span> 
     </span>
    </p>
   </div>
   <div class='ocr_carea' id='block_1_27' title="bbox 1909 1392 3485 1463">
    <p class='ocr_par' dir='ltr' id='par_1_27' title="bbox 1909 1392 3485 1463">
     <span class='ocr_line' id='line_1_27' title="bbox 1909 1392 3485 1463; baseline 0.004 -16"><span class='ocrx_word' id='word_1_192' title='bbox 1909 1393 2075 1447; x_wconf 91' lang='lat' dir='ltr'><strong>codex</strong></span> <span class='ocrx_word' id='word_1_193' title='bbox 2105 1392 2298 1448; x_wconf 90' lang='lat' dir='ltr'><strong>unicus</strong></span> <span class='ocrx_word' id='word_1_194' title='bbox 2329 1395 2361 1448; x_wconf 90' lang='lat'><strong>9</strong></span> <span class='ocrx_word' id='word_1_195' title='bbox 2394 1408 2502 1448; x_wconf 90' lang='lat' dir='ltr'><strong>non</strong></span> <span class='ocrx_word' id='word_1_196' title='bbox 2541 1394 2656 1463; x_wconf 91' lang='lat' dir='ltr'><strong>jam</strong></span> <span class='ocrx_word' id='word_1_197' title='bbox 2684 1404 2881 1463; x_wconf 82' lang='lat' dir='ltr'><strong>exstat,</strong></span> <span class='ocrx_word' id='word_1_198' title='bbox 2905 1411 2974 1452; x_wconf 84' lang='lat' dir='ltr'><strong>ex</strong></span> <span class='ocrx_word' id='word_1_199' title='bbox 2997 1397 3202 1454; x_wconf 89' lang='lat' dir='ltr'><strong>duabus</strong></span> <span class='ocrx_word' id='word_1_200' title='bbox 3229 1399 3485 1454; x_wconf 90' lang='lat' dir='ltr'><strong>editioni-</strong></span> 
     </span>
    </p>
   </div>
   <div class='ocr_carea' id='block_1_28' title="bbox 1910 1481 3490 1551">
    <p class='ocr_par' dir='ltr' id='par_1_28' title="bbox 1910 1481 3490 1551">
     <span class='ocr_line' id='line_1_28' title="bbox 1910 1481 3490 1551; baseline 0.004 -16"><span class='ocrx_word' id='word_1_201' title='bbox 1910 1483 2008 1537; x_wconf 88' lang='lat' dir='ltr'><strong>bus</strong></span> <span class='ocrx_word' id='word_1_202' title='bbox 2043 1498 2072 1535; x_wconf 90' lang='lat' dir='ltr'><strong>a</strong></span> <span class='ocrx_word' id='word_1_203' title='bbox 2112 1481 2386 1538; x_wconf 86' lang='lat' dir='ltr'><strong>Berthoud</strong></span> <span class='ocrx_word' id='word_1_204' title='bbox 2437 1492 2492 1537; x_wconf 86' lang='lat' dir='ltr'><strong>et</strong></span> <span class='ocrx_word' id='word_1_205' title='bbox 2541 1498 2570 1537; x_wconf 94' lang='lat' dir='ltr'><strong>a</strong></span> <span class='ocrx_word' id='word_1_206' title='bbox 2618 1483 2761 1538; x_wconf 81' lang='lat' dir='ltr'><strong>Brial</strong></span> <span class='ocrx_word' id='word_1_207' title='bbox 2808 1486 3034 1551; x_wconf 85' lang='lat' dir='ltr'><strong>curatis,</strong></span> <span class='ocrx_word' id='word_1_208' title='bbox 3076 1486 3277 1543; x_wconf 91' lang='lat' dir='ltr'><strong>omisso</strong></span> <span class='ocrx_word' id='word_1_209' title='bbox 3306 1495 3490 1542; x_wconf 83' lang='lat' dir='ltr'><strong>tamen</strong></span> 
     </span>
    </p>
   </div>
   <div class='ocr_carea' id='block_1_29' title="bbox 1912 1570 3484 1646">
    <p class='ocr_par' dir='ltr' id='par_1_29' title="bbox 1912 1570 3484 1646">
     <span class='ocr_line' id='line_1_29' title="bbox 1912 1570 3484 1646; baseline 0.003 -22"><span class='ocrx_word' id='word_1_210' title='bbox 1912 1572 2065 1638; x_wconf 87' lang='lat' dir='ltr'><strong>initio</strong></span> <span class='ocrx_word' id='word_1_211' title='bbox 2089 1587 2119 1627; x_wconf 89' lang='lat' dir='ltr'><strong>e</strong></span> <span class='ocrx_word' id='word_1_212' title='bbox 2150 1570 2328 1627; x_wconf 89' lang='lat' dir='ltr'><strong>Gestis</strong></span> <span class='ocrx_word' id='word_1_213' title='bbox 2361 1571 2622 1628; x_wconf 84' lang='lat' dir='ltr'><strong>Lietberti</strong></span> <span class='ocrx_word' id='word_1_214' title='bbox 2650 1575 2718 1627; x_wconf 90' lang='lat' dir='ltr'><strong>ad</strong></span> <span class='ocrx_word' id='word_1_215' title='bbox 2761 1575 2984 1630; x_wconf 88' lang='lat' dir='ltr'><strong>verbum</strong></span> <span class='ocrx_word' id='word_1_216' title='bbox 3012 1576 3316 1646; x_wconf 83' lang='lat' dir='ltr'><strong>descripto;</strong></span> <span class='ocrx_word' id='word_1_217' title='bbox 3348 1575 3484 1631; x_wconf 79' lang='lat' dir='ltr'><strong>Ver-</strong></span> 
     </span>
    </p>
   </div>
   <div class='ocr_carea' id='block_1_30' title="bbox 1912 1662 3484 1736">
    <p class='ocr_par' dir='ltr' id='par_1_30' title="bbox 1912 1662 3484 1736">
     <span class='ocr_line' id='line_1_30' title="bbox 1912 1662 3484 1736; baseline 0.001 -18"><span class='ocrx_word' id='word_1_218' title='bbox 1912 1663 2115 1718; x_wconf 84' lang='lat' dir='ltr'><strong>sionem</strong></span> <span class='ocrx_word' id='word_1_219' title='bbox 2146 1662 2405 1718; x_wconf 83' lang='lat' dir='ltr'><strong>Gallicam</strong></span> <span class='ocrx_word' id='word_1_220' title='bbox 2441 1679 2472 1719; x_wconf 90' lang='lat' dir='ltr'><strong>e</strong></span> <span class='ocrx_word' id='word_1_221' title='bbox 2500 1664 2686 1719; x_wconf 89' lang='lat' dir='ltr'><strong>codice</strong></span> <span class='ocrx_word' id='word_1_222' title='bbox 2709 1664 2802 1730; x_wconf 72' lang='lat'><strong>10,</strong></span> <span class='ocrx_word' id='word_1_223' title='bbox 2833 1674 2889 1720; x_wconf 92' lang='lat' dir='ltr'><strong>et</strong></span> <span class='ocrx_word' id='word_1_224' title='bbox 2931 1665 3092 1736; x_wconf 84' lang='lat' dir='ltr'><strong>hujus</strong></span> <span class='ocrx_word' id='word_1_225' title='bbox 3137 1666 3290 1722; x_wconf 82' lang='lat' dir='ltr'><strong>initio</strong></span> <span class='ocrx_word' id='word_1_226' title='bbox 3316 1667 3484 1722; x_wconf 86' lang='lat' dir='ltr'><strong>omis-</strong></span> 
     </span>
    </p>
   </div>
   <div class='ocr_carea' id='block_1_31' title="bbox 225 1740 3488 1825">
    <p class='ocr_par' dir='ltr' id='par_1_31' title="bbox 225 1740 3488 1825">
     <span class='ocr_line' id='line_1_31' title="bbox 225 1740 3488 1825; baseline 0.002 -18"><span class='ocrx_word' id='word_1_227' title='bbox 225 1754 290 1808; x_wconf 81' lang='lat' dir='ltr'><strong>ab</strong></span> <span class='ocrx_word' id='word_1_228' title='bbox 340 1761 573 1808; x_wconf 78' lang='lat' dir='ltr'><strong>auctore</strong></span> <span class='ocrx_word' id='word_1_229' title='bbox 625 1754 745 1822; x_wconf 90' lang='lat' dir='ltr'><strong>ipso</strong></span> <span class='ocrx_word' id='word_1_230' title='bbox 787 1766 1090 1810; x_wconf 87' lang='lat' dir='ltr'><strong>correctum</strong></span> <span class='ocrx_word' id='word_1_231' title='bbox 1141 1769 1259 1810; x_wconf 81' lang='lat' dir='ltr'><strong>esse</strong></span> <span class='ocrx_word' id='word_1_232' title='bbox 1314 1754 1804 1825; x_wconf 84' lang='lat' dir='ltr'><strong>perspexissemus,</strong></span> <span class='ocrx_word' id='word_1_233' title='bbox 1841 1740 1882 1796; x_wconf 75' lang='grc' dir='ltr'>Β</span> <span class='ocrx_word' id='word_1_234' title='bbox 1913 1768 1993 1817; x_wconf 88' lang='lat' dir='ltr'><strong>so,</strong></span> <span class='ocrx_word' id='word_1_235' title='bbox 2037 1753 2192 1823; x_wconf 86' lang='lat' dir='ltr'><strong>cujus</strong></span> <span class='ocrx_word' id='word_1_236' title='bbox 2229 1753 2350 1810; x_wconf 84' lang='lat' dir='ltr'><strong>fons</strong></span> <span class='ocrx_word' id='word_1_237' title='bbox 2384 1754 2563 1810; x_wconf 91' lang='lat' dir='ltr'><strong>adhuc</strong></span> <span class='ocrx_word' id='word_1_238' title='bbox 2605 1763 2802 1810; x_wconf 79' lang='lat' dir='ltr'><strong>exstat.</strong></span> <span class='ocrx_word' id='word_1_239' title='bbox 2838 1757 3310 1815; x_wconf 88' lang='lat' dir='ltr'><strong>Continuationem</strong></span> <span class='ocrx_word' id='word_1_240' title='bbox 3339 1757 3488 1812; x_wconf 87' lang='lat' dir='ltr'><strong>deni-</strong></span> 
     </span>
    </p>
   </div>
   <div class='ocr_carea' id='block_1_32' title="bbox 224 1843 1807 1915">
    <p class='ocr_par' dir='ltr' id='par_1_32' title="bbox 224 1843 1807 1915">
     <span class='ocr_line' id='line_1_32' title="bbox 224 1843 1807 1915; baseline -0.003 -16"><span class='ocrx_word' id='word_1_241' title='bbox 224 1843 512 1899; x_wconf 78' lang='lat' dir='ltr'><strong>Gestorum</strong></span> <span class='ocrx_word' id='word_1_242' title='bbox 542 1845 782 1914; x_wconf 92' lang='lat' dir='ltr'><strong>primum</strong></span> <span class='ocrx_word' id='word_1_243' title='bbox 811 1855 972 1915; x_wconf 89' lang='lat' dir='ltr'><strong>atque</strong></span> <span class='ocrx_word' id='word_1_244' title='bbox 998 1847 1292 1902; x_wconf 84' lang='lat' dir='ltr'><strong>secundum</strong></span> <span class='ocrx_word' id='word_1_245' title='bbox 1322 1845 1520 1899; x_wconf 90' lang='lat' dir='ltr'><strong>librum</strong></span> <span class='ocrx_word' id='word_1_246' title='bbox 1548 1843 1707 1914; x_wconf 88' lang='lat' dir='ltr'><strong>plane</strong></span> <span class='ocrx_word' id='word_1_247' title='bbox 1740 1858 1807 1897; x_wconf 87' lang='lat' dir='ltr'><strong>ex</strong></span> 
     </span>
    </p>
   </div>
   <div class='ocr_carea' id='block_1_33' title="bbox 222 1936 1810 2008">
    <p class='ocr_par' dir='ltr' id='par_1_33' title="bbox 222 1936 1810 2008">
     <span class='ocr_line' id='line_1_33' title="bbox 222 1936 1810 2008; baseline 0.001 -17"><span class='ocrx_word' id='word_1_248' title='bbox 222 1938 324 1991; x_wconf 87' lang='lat' dir='ltr'><strong>hoc</strong></span> <span class='ocrx_word' id='word_1_249' title='bbox 368 1936 649 2001; x_wconf 88' lang='lat' dir='ltr'><strong>daremus,</strong></span> <span class='ocrx_word' id='word_1_250' title='bbox 680 1939 1050 1993; x_wconf 77' lang='lat' dir='ltr'><strong>correctiones</strong></span> <span class='ocrx_word' id='word_1_251' title='bbox 1089 1937 1226 2008; x_wconf 89' lang='lat' dir='ltr'><strong>ejus,</strong></span> <span class='ocrx_word' id='word_1_252' title='bbox 1260 1937 1585 2001; x_wconf 90' lang='lat' dir='ltr'><strong>additiones,</strong></span> <span class='ocrx_word' id='word_1_253' title='bbox 1620 1951 1810 2006; x_wconf 65' lang='lat' dir='ltr'><strong>pennae</strong></span> 
     </span>
    </p>
   </div>
   <div class='ocr_carea' id='block_1_34' title="bbox 222 2024 1811 2098">
    <p class='ocr_par' dir='ltr' id='par_1_34' title="bbox 222 2024 1811 2098">
     <span class='ocr_line' id='line_1_34' title="bbox 222 2024 1811 2098; baseline 0.003 -19"><span class='ocrx_word' id='word_1_254' title='bbox 222 2024 404 2095; x_wconf 81' lang='lat' dir='ltr'><strong>lapsus</strong></span> <span class='ocrx_word' id='word_1_255' title='bbox 447 2026 862 2094; x_wconf 76' lang='lat' dir='ltr'><strong>religiosissime</strong></span> <span class='ocrx_word' id='word_1_256' title='bbox 899 2027 1077 2082; x_wconf 89' lang='lat' dir='ltr'><strong>ubivis</strong></span> <span class='ocrx_word' id='word_1_257' title='bbox 1132 2027 1460 2093; x_wconf 88' lang='lat' dir='ltr'><strong>indicantes,</strong></span> <span class='ocrx_word' id='word_1_258' title='bbox 1507 2043 1538 2082; x_wconf 93' lang='lat' dir='ltr'><strong>e</strong></span> <span class='ocrx_word' id='word_1_259' title='bbox 1584 2029 1811 2098; x_wconf 87' lang='lat' dir='ltr'><strong>reliquis</strong></span> 
     </span>
    </p>
   </div>
   <div class='ocr_carea' id='block_1_35' title="bbox 222 2115 1809 2189">
    <p class='ocr_par' dir='ltr' id='par_1_35' title="bbox 222 2115 1809 2189">
     <span class='ocr_line' id='line_1_35' title="bbox 222 2115 1809 2189; baseline 0.003 -21"><span class='ocrx_word' id='word_1_260' title='bbox 222 2129 353 2169; x_wconf 88' lang='lat' dir='ltr'><strong>vero</strong></span> <span class='ocrx_word' id='word_1_261' title='bbox 377 2115 663 2171; x_wconf 80' lang='lat' dir='ltr'><strong>codicibus</strong></span> <span class='ocrx_word' id='word_1_262' title='bbox 690 2131 756 2171; x_wconf 91' lang='lat' dir='ltr'><strong>ca</strong></span> <span class='ocrx_word' id='word_1_263' title='bbox 785 2125 996 2172; x_wconf 88' lang='lat' dir='ltr'><strong>tantum</strong></span> <span class='ocrx_word' id='word_1_264' title='bbox 1036 2125 1306 2179; x_wconf 89' lang='lat' dir='ltr'><strong>notantes.</strong></span> <span class='ocrx_word' id='word_1_265' title='bbox 1351 2118 1550 2187; x_wconf 87' lang='lat' dir='ltr'><strong>quibus</strong></span> <span class='ocrx_word' id='word_1_266' title='bbox 1595 2118 1678 2173; x_wconf 86' lang='lat' dir='ltr'><strong>vel</strong></span> <span class='ocrx_word' id='word_1_267' title='bbox 1710 2119 1809 2189; x_wconf 91' lang='lat' dir='ltr'><strong>ipsi</strong></span> 
     </span>
    </p>
   </div>
   <div class='ocr_carea' id='block_1_36' title="bbox 223 2207 1808 2280">
    <p class='ocr_par' dir='ltr' id='par_1_36' title="bbox 223 2207 1808 2280">
     <span class='ocr_line' id='line_1_36' title="bbox 223 2207 1808 2280; baseline 0.003 -20"><span class='ocrx_word' id='word_1_268' title='bbox 223 2220 522 2276; x_wconf 84' lang='lat' dir='ltr'><strong>eorumque</strong></span> <span class='ocrx_word' id='word_1_269' title='bbox 565 2216 761 2262; x_wconf 88' lang='lat' dir='ltr'><strong>natura</strong></span> <span class='ocrx_word' id='word_1_270' title='bbox 810 2208 1082 2280; x_wconf 80' lang='lat' dir='ltr'><strong>cognosci,</strong></span> <span class='ocrx_word' id='word_1_271' title='bbox 1111 2207 1196 2263; x_wconf 85' lang='lat' dir='ltr'><strong>vel</strong></span> <span class='ocrx_word' id='word_1_272' title='bbox 1239 2208 1606 2264; x_wconf 90' lang='lat' dir='ltr'><strong>correctiones</strong></span> <span class='ocrx_word' id='word_1_273' title='bbox 1645 2218 1808 2278; x_wconf 83' lang='lat' dir='ltr'><strong>atque</strong></span> 
     </span>
    </p>
   </div>
   <div class='ocr_carea' id='block_1_37' title="bbox 223 2296 1806 2368">
    <p class='ocr_par' dir='ltr' id='par_1_37' title="bbox 223 2296 1806 2368">
     <span class='ocr_line' id='line_1_37' title="bbox 223 2296 1806 2368; baseline 0.003 -18"><span class='ocrx_word' id='word_1_274' title='bbox 223 2296 436 2351; x_wconf 67' lang='lat' dir='ltr'><strong>lacunae</strong></span> <span class='ocrx_word' id='word_1_275' title='bbox 475 2298 530 2351; x_wconf 91' lang='lat' dir='ltr'><strong>in</strong></span> <span class='ocrx_word' id='word_1_276' title='bbox 569 2300 622 2352; x_wconf 79' lang='lat' dir='ltr'><strong>l.</strong></span> <span class='ocrx_word' id='word_1_277' title='bbox 660 2306 964 2368; x_wconf 88' lang='lat' dir='ltr'><strong>temporum</strong></span> <span class='ocrx_word' id='word_1_278' title='bbox 1001 2297 1195 2366; x_wconf 87' lang='lat' dir='ltr'><strong>injuria</strong></span> <span class='ocrx_word' id='word_1_279' title='bbox 1238 2297 1392 2353; x_wconf 69' lang='lat' dir='ltr'><strong>facta-</strong></span> <span class='ocrx_word' id='word_1_280' title='bbox 1421 2298 1653 2368; x_wconf 89' lang='lat' dir='ltr'><strong>suppleri</strong></span> <span class='ocrx_word' id='word_1_281' title='bbox 1679 2313 1806 2367; x_wconf 86' lang='lat' dir='ltr'><strong>pos-</strong></span> 
     </span>
    </p>
   </div>
   <div class='ocr_carea' id='block_1_38' title="bbox 226 2387 1801 2459">
    <p class='ocr_par' dir='ltr' id='par_1_38' title="bbox 226 2387 1801 2459">
     <span class='ocr_line' id='line_1_38' title="bbox 226 2387 1801 2459; baseline 0.003 -19"><span class='ocrx_word' id='word_1_282' title='bbox 226 2398 368 2442; x_wconf 80' lang='lat' dir='ltr'><strong>sent.</strong></span> <span class='ocrx_word' id='word_1_283' title='bbox 401 2387 646 2443; x_wconf 86' lang='lat' dir='ltr'><strong>Tertium</strong></span> <span class='ocrx_word' id='word_1_284' title='bbox 676 2404 896 2458; x_wconf 81' lang='lat' dir='ltr'><strong>quoque</strong></span> <span class='ocrx_word' id='word_1_285' title='bbox 937 2390 1136 2446; x_wconf 91' lang='lat' dir='ltr'><strong>librum</strong></span> <span class='ocrx_word' id='word_1_286' title='bbox 1165 2406 1336 2459; x_wconf 90' lang='lat' dir='ltr'><strong>usque</strong></span> <span class='ocrx_word' id='word_1_287' title='bbox 1365 2390 1432 2445; x_wconf 89' lang='lat' dir='ltr'><strong>ad</strong></span> <span class='ocrx_word' id='word_1_288' title='bbox 1463 2405 1514 2446; x_wconf 90' lang='lat' dir='ltr'><strong>c.</strong></span> <span class='ocrx_word' id='word_1_289' title='bbox 1552 2390 1624 2446; x_wconf 74' lang='grc'><strong>49</strong></span> <span class='ocrx_word' id='word_1_290' title='bbox 1661 2393 1801 2446; x_wconf 91' lang='lat' dir='ltr'><strong>med.</strong></span> 
     </span>
    </p>
   </div>
   <div class='ocr_carea' id='block_1_39' title="bbox 226 2479 1800 2550">
    <p class='ocr_par' dir='ltr' id='par_1_39' title="bbox 226 2479 1800 2550">
     <span class='ocr_line' id='line_1_39' title="bbox 226 2479 1800 2550; baseline 0.001 -17"><span class='ocrx_word' id='word_1_291' title='bbox 226 2495 291 2533; x_wconf 87' lang='lat' dir='ltr'><strong>ex</strong></span> <span class='ocrx_word' id='word_1_292' title='bbox 323 2479 514 2533; x_wconf 90' lang='lat' dir='ltr'><strong>eodem</strong></span> <span class='ocrx_word' id='word_1_293' title='bbox 547 2480 570 2532; x_wconf 73' lang='grc' dir='ltr'><strong>Ι</strong></span> <span class='ocrx_word' id='word_1_294' title='bbox 604 2479 884 2544; x_wconf 87' lang='lat' dir='ltr'><strong>dedimus,</strong></span> <span class='ocrx_word' id='word_1_295' title='bbox 931 2480 1048 2549; x_wconf 89' lang='lat' dir='ltr'><strong>ipso</strong></span> <span class='ocrx_word' id='word_1_296' title='bbox 1084 2480 1300 2550; x_wconf 89' lang='lat' dir='ltr'><strong>quidem</strong></span> <span class='ocrx_word' id='word_1_297' title='bbox 1343 2481 1454 2550; x_wconf 86' lang='lat' dir='ltr'><strong>jam</strong></span> <span class='ocrx_word' id='word_1_298' title='bbox 1501 2479 1800 2550; x_wconf 80' lang='lat' dir='ltr'><strong>deperdita,</strong></span> 
     </span>
    </p>
   </div>
   <div class='ocr_carea' id='block_1_40' title="bbox 227 2568 1802 2642">
    <p class='ocr_par' dir='ltr' id='par_1_40' title="bbox 227 2568 1802 2642">
     <span class='ocr_line' id='line_1_40' title="bbox 227 2568 1802 2642; baseline 0.001 -18"><span class='ocrx_word' id='word_1_299' title='bbox 227 2571 316 2624; x_wconf 86' lang='lat' dir='ltr'><strong>sed</strong></span> <span class='ocrx_word' id='word_1_300' title='bbox 346 2568 651 2626; x_wconf 81' lang='lat' dir='ltr'><strong>Colvenerii</strong></span> <span class='ocrx_word' id='word_1_301' title='bbox 694 2573 912 2642; x_wconf 76' lang='lat' dir='ltr'><strong>egregia</strong></span> <span class='ocrx_word' id='word_1_302' title='bbox 960 2573 1307 2628; x_wconf 86' lang='lat' dir='ltr'><strong>accuratione</strong></span> <span class='ocrx_word' id='word_1_303' title='bbox 1345 2572 1462 2642; x_wconf 87' lang='lat' dir='ltr'><strong>ejus</strong></span> <span class='ocrx_word' id='word_1_304' title='bbox 1500 2571 1802 2626; x_wconf 89' lang='lat' dir='ltr'><strong>absentiam</strong></span> 
     </span>
    </p>
   </div>
   <div class='ocr_carea' id='block_1_41' title="bbox 226 2659 1807 2731">
    <p class='ocr_par' dir='ltr' id='par_1_41' title="bbox 226 2659 1807 2731">
     <span class='ocr_line' id='line_1_41' title="bbox 226 2659 1807 2731; baseline 0.002 -20"><span class='ocrx_word' id='word_1_305' title='bbox 226 2659 360 2715; x_wconf 84' lang='lat' dir='ltr'><strong>adeo</strong></span> <span class='ocrx_word' id='word_1_306' title='bbox 388 2660 696 2731; x_wconf 88' lang='lat' dir='ltr'><strong>supplente,</strong></span> <span class='ocrx_word' id='word_1_307' title='bbox 724 2671 782 2715; x_wconf 91' lang='lat' dir='ltr'><strong>ut</strong></span> <span class='ocrx_word' id='word_1_308' title='bbox 811 2661 1136 2731; x_wconf 89' lang='lat' dir='ltr'><strong>paucissima</strong></span> <span class='ocrx_word' id='word_1_309' title='bbox 1167 2670 1374 2717; x_wconf 89' lang='lat' dir='ltr'><strong>tantum</strong></span> <span class='ocrx_word' id='word_1_310' title='bbox 1405 2661 1564 2717; x_wconf 90' lang='lat' dir='ltr'><strong>dubia</strong></span> <span class='ocrx_word' id='word_1_311' title='bbox 1593 2673 1807 2716; x_wconf 87' lang='lat' dir='ltr'><strong>reman-</strong></span> 
     </span>
    </p>
   </div>
   <div class='ocr_carea' id='block_1_42' title="bbox 1909 1843 3490 1914">
    <p class='ocr_par' dir='ltr' id='par_1_42' title="bbox 1909 1843 3490 1914">
     <span class='ocr_line' id='line_1_42' title="bbox 1909 1843 3490 1914; baseline 0.002 -19"><span class='ocrx_word' id='word_1_312' title='bbox 1909 1858 2014 1911; x_wconf 90' lang='lat' dir='ltr'><strong>que</strong></span> <span class='ocrx_word' id='word_1_313' title='bbox 2055 1843 2124 1897; x_wconf 76' lang='lat' dir='ltr'><strong>S.-</strong></span> <span class='ocrx_word' id='word_1_314' title='bbox 2158 1843 2388 1898; x_wconf 81' lang='lat' dir='ltr'><strong>Andreae</strong></span> <span class='ocrx_word' id='word_1_315' title='bbox 2435 1843 2631 1900; x_wconf 87' lang='lat' dir='ltr'><strong>iterum</strong></span> <span class='ocrx_word' id='word_1_316' title='bbox 2660 1860 2726 1900; x_wconf 79' lang='lat' dir='ltr'><strong>ex</strong></span> <span class='ocrx_word' id='word_1_317' title='bbox 2758 1845 2944 1900; x_wconf 86' lang='lat' dir='ltr'><strong>codice</strong></span> <span class='ocrx_word' id='word_1_318' title='bbox 2979 1845 3012 1897; x_wconf 77' lang='grc'><strong>5</strong></span> <span class='ocrx_word' id='word_1_319' title='bbox 3050 1847 3207 1900; x_wconf 87' lang='lat' dir='ltr'><strong>unico</strong></span> <span class='ocrx_word' id='word_1_320' title='bbox 3237 1845 3490 1914; x_wconf 84' lang='lat' dir='ltr'><strong>proponi-</strong></span> 
     </span>
    </p>
   </div>
   <div class='ocr_carea' id='block_1_43' title="bbox 1912 1933 3494 2006">
    <p class='ocr_par' dir='ltr' id='par_1_43' title="bbox 1912 1933 3494 2006">
     <span class='ocr_line' id='line_1_43' title="bbox 1912 1933 3494 2006; baseline 0.004 -20"><span class='ocrx_word' id='word_1_321' title='bbox 1912 1948 2050 1988; x_wconf 91' lang='lat' dir='ltr'><strong>mus.</strong></span> <span class='ocrx_word' id='word_1_322' title='bbox 2096 1933 2152 1987; x_wconf 91' lang='lat' dir='ltr'><strong>ln</strong></span> <span class='ocrx_word' id='word_1_323' title='bbox 2201 1934 2641 1991; x_wconf 87' lang='lat' dir='ltr'><strong>adnotationibus</strong></span> <span class='ocrx_word' id='word_1_324' title='bbox 2669 1951 2731 1990; x_wconf 88' lang='lat' dir='ltr'><strong>ea</strong></span> <span class='ocrx_word' id='word_1_325' title='bbox 2760 1950 2879 2004; x_wconf 73' lang='lat' dir='ltr'><strong>qua:</strong></span> <span class='ocrx_word' id='word_1_326' title='bbox 2918 1936 3030 2006; x_wconf 88' lang='lat' dir='ltr'><strong>jam</strong></span> <span class='ocrx_word' id='word_1_327' title='bbox 3057 1937 3195 2006; x_wconf 84' lang='lat' dir='ltr'><strong>apud</strong></span> <span class='ocrx_word' id='word_1_328' title='bbox 3225 1935 3494 1992; x_wconf 74' lang='lat' dir='ltr'><strong>Culvene-</strong></span> 
     </span>
    </p>
   </div>
   <div class='ocr_carea' id='block_1_44' title="bbox 1914 2025 3493 2099">
    <p class='ocr_par' dir='ltr' id='par_1_44' title="bbox 1914 2025 3493 2099">
     <span class='ocr_line' id='line_1_44' title="bbox 1914 2025 3493 2099; baseline 0.001 -19"><span class='ocrx_word' id='word_1_329' title='bbox 1914 2027 2053 2080; x_wconf 91' lang='lat' dir='ltr'><strong>rium</strong></span> <span class='ocrx_word' id='word_1_330' title='bbox 2100 2033 2264 2097; x_wconf 89' lang='lat' dir='ltr'><strong>atque</strong></span> <span class='ocrx_word' id='word_1_331' title='bbox 2307 2025 2691 2098; x_wconf 76' lang='lat' dir='ltr'><strong>Leglayrecte</strong></span> <span class='ocrx_word' id='word_1_332' title='bbox 2725 2028 2868 2082; x_wconf 90' lang='lat' dir='ltr'><strong>dicta</strong></span> <span class='ocrx_word' id='word_1_333' title='bbox 2913 2027 3337 2097; x_wconf 86' lang='lat' dir='ltr'><strong>reperiebamus,</strong></span> <span class='ocrx_word' id='word_1_334' title='bbox 3365 2043 3493 2099; x_wconf 81' lang='lat' dir='ltr'><strong>geo—</strong></span> 
     </span>
    </p>
   </div>
   <div class='ocr_carea' id='block_1_45' title="bbox 1913 2119 3490 2192">
    <p class='ocr_par' dir='ltr' id='par_1_45' title="bbox 1913 2119 3490 2192">
     <span class='ocr_line' id='line_1_45' title="bbox 1913 2119 3490 2192; baseline 0.001 -20"><span class='ocrx_word' id='word_1_335' title='bbox 1913 2119 2166 2192; x_wconf 81' lang='lat' dir='ltr'><strong>graphica</strong></span> <span class='ocrx_word' id='word_1_336' title='bbox 2207 2121 2463 2184; x_wconf 90' lang='lat' dir='ltr'><strong>maxime,</strong></span> <span class='ocrx_word' id='word_1_337' title='bbox 2507 2120 2575 2175; x_wconf 91' lang='lat' dir='ltr'><strong>ab</strong></span> <span class='ocrx_word' id='word_1_338' title='bbox 2612 2119 2718 2176; x_wconf 90' lang='lat' dir='ltr'><strong>illis</strong></span> <span class='ocrx_word' id='word_1_339' title='bbox 2755 2119 2986 2180; x_wconf 82' lang='lat' dir='ltr'><strong>mutuati</strong></span> <span class='ocrx_word' id='word_1_340' title='bbox 3023 2134 3230 2185; x_wconf 89' lang='lat' dir='ltr'><strong>sumus,</strong></span> <span class='ocrx_word' id='word_1_341' title='bbox 3253 2119 3490 2181; x_wconf 81' lang='lat' dir='ltr'><strong>nomina</strong></span> 
     </span>
    </p>
   </div>
   <div class='ocr_carea' id='block_1_46' title="bbox 1916 2213 3492 2284">
    <p class='ocr_par' dir='ltr' id='par_1_46' title="bbox 1916 2213 3492 2284">
     <span class='ocr_line' id='line_1_46' title="bbox 1916 2213 3492 2284; baseline -0.003 -14"><span class='ocrx_word' id='word_1_342' title='bbox 1916 2228 2103 2270; x_wconf 88' lang='lat' dir='ltr'><strong>eorum</strong></span> <span class='ocrx_word' id='word_1_343' title='bbox 2155 2213 2406 2284; x_wconf 79' lang='lat' dir='ltr'><strong>religiose</strong></span> <span class='ocrx_word' id='word_1_344' title='bbox 2453 2213 2628 2269; x_wconf 86' lang='lat' dir='ltr'><strong>ubivis</strong></span> <span class='ocrx_word' id='word_1_345' title='bbox 2673 2221 3031 2284; x_wconf 87' lang='lat' dir='ltr'><strong>apponentes;</strong></span> <span class='ocrx_word' id='word_1_346' title='bbox 3079 2221 3339 2282; x_wconf 62' lang='lat' dir='ltr'><strong>praeterea</strong></span> <span class='ocrx_word' id='word_1_347' title='bbox 3387 2213 3492 2266; x_wconf 90' lang='lat' dir='ltr'><strong>duo</strong></span> 
     </span>
    </p>
   </div>
   <div class='ocr_carea' id='block_1_47' title="bbox 1914 2301 3490 2374">
    <p class='ocr_par' dir='ltr' id='par_1_47' title="bbox 1914 2301 3490 2374">
     <span class='ocr_line' id='line_1_47' title="bbox 1914 2301 3490 2374; baseline -0.001 -17"><span class='ocrx_word' id='word_1_348' title='bbox 1914 2304 2255 2372; x_wconf 87' lang='lat' dir='ltr'><strong>potissimum</strong></span> <span class='ocrx_word' id='word_1_349' title='bbox 2285 2304 2512 2374; x_wconf 75' lang='lat' dir='ltr'><strong>exsequi</strong></span> <span class='ocrx_word' id='word_1_350' title='bbox 2556 2304 2734 2358; x_wconf 90' lang='lat' dir='ltr'><strong>conati</strong></span> <span class='ocrx_word' id='word_1_351' title='bbox 2765 2317 2953 2358; x_wconf 88' lang='lat' dir='ltr'><strong>sumus</strong></span> <span class='ocrx_word' id='word_1_352' title='bbox 2983 2320 2995 2354; x_wconf 91' lang='lat'>:</span> <span class='ocrx_word' id='word_1_353' title='bbox 3029 2311 3085 2356; x_wconf 93' lang='lat' dir='ltr'><strong>ut</strong></span> <span class='ocrx_word' id='word_1_354' title='bbox 3118 2311 3174 2357; x_wconf 92' lang='lat' dir='ltr'><strong>et</strong></span> <span class='ocrx_word' id='word_1_355' title='bbox 3201 2301 3490 2358; x_wconf 87' lang='lat' dir='ltr'><strong>chronolo-</strong></span> 
     </span>
    </p>
   </div>
   <div class='ocr_carea' id='block_1_48' title="bbox 1914 2389 3489 2461">
    <p class='ocr_par' dir='ltr' id='par_1_48' title="bbox 1914 2389 3489 2461">
     <span class='ocr_line' id='line_1_48' title="bbox 1914 2389 3489 2461; baseline 0 -18"><span class='ocrx_word' id='word_1_356' title='bbox 1914 2391 2057 2461; x_wconf 80' lang='lat' dir='ltr'><strong>giam</strong></span> <span class='ocrx_word' id='word_1_357' title='bbox 2095 2406 2257 2460; x_wconf 86' lang='lat' dir='ltr'><strong>quam</strong></span> <span class='ocrx_word' id='word_1_358' title='bbox 2307 2390 2715 2447; x_wconf 86' lang='lat' dir='ltr'><strong>accuratissime</strong></span> <span class='ocrx_word' id='word_1_359' title='bbox 2741 2389 3160 2460; x_wconf 83' lang='lat' dir='ltr'><strong>explicaremus,</strong></span> <span class='ocrx_word' id='word_1_360' title='bbox 3187 2398 3243 2445; x_wconf 88' lang='lat' dir='ltr'><strong>et</strong></span> <span class='ocrx_word' id='word_1_361' title='bbox 3266 2405 3386 2458; x_wconf 71' lang='lat' dir='ltr'><strong>qua:</strong></span> <span class='ocrx_word' id='word_1_362' title='bbox 3424 2405 3489 2444; x_wconf 85' lang='lat' dir='ltr'><strong>ex</strong></span> 
     </span>
    </p>
   </div>
   <div class='ocr_carea' id='block_1_49' title="bbox 1915 2478 3487 2551">
    <p class='ocr_par' dir='ltr' id='par_1_49' title="bbox 1915 2478 3487 2551">
     <span class='ocr_line' id='line_1_49' title="bbox 1915 2478 3487 2551; baseline -0.001 -17"><span class='ocrx_word' id='word_1_363' title='bbox 1915 2482 2036 2536; x_wconf 90' lang='lat' dir='ltr'><strong>aliis</strong></span> <span class='ocrx_word' id='word_1_364' title='bbox 2072 2480 2428 2551; x_wconf 89' lang='lat' dir='ltr'><strong>scriptoribus</strong></span> <span class='ocrx_word' id='word_1_365' title='bbox 2464 2489 2689 2549; x_wconf 83' lang='lat' dir='ltr'><strong>excepta</strong></span> <span class='ocrx_word' id='word_1_366' title='bbox 2736 2489 2892 2547; x_wconf 90' lang='lat' dir='ltr'><strong>sunt,</strong></span> <span class='ocrx_word' id='word_1_367' title='bbox 2942 2479 3135 2534; x_wconf 89' lang='lat' dir='ltr'><strong>litteris</strong></span> <span class='ocrx_word' id='word_1_368' title='bbox 3187 2478 3487 2534; x_wconf 89' lang='lat' dir='ltr'><strong>minoribus</strong></span> 
     </span>
    </p>
   </div>
   <div class='ocr_carea' id='block_1_50' title="bbox 1912 2569 2671 2642">
    <p class='ocr_par' dir='ltr' id='par_1_50' title="bbox 1912 2569 2671 2642">
     <span class='ocr_line' id='line_1_50' title="bbox 1912 2569 2671 2642; baseline -0.005 -16"><span class='ocrx_word' id='word_1_369' title='bbox 1912 2572 2338 2642; x_wconf 82' lang='lat' dir='ltr'><strong>exprimereuins</strong></span> <span class='ocrx_word' id='word_1_370' title='bbox 2365 2570 2565 2640; x_wconf 86' lang='lat' dir='ltr'><strong>ubique</strong></span> <span class='ocrx_word' id='word_1_371' title='bbox 2585 2569 2671 2641; x_wconf 76' lang='grc'><strong>(⁸).</strong></span> 
     </span>
    </p>
   </div>
   <div class='ocr_carea' id='block_1_51' title="bbox 2867 2659 3394 2723">
    <p class='ocr_par' dir='ltr' id='par_1_51' title="bbox 2867 2659 3394 2723">
     <span class='ocr_line' id='line_1_51' title="bbox 2867 2659 3394 2723; baseline -0.011 -7"><span class='ocrx_word' id='word_1_372' title='bbox 2867 2661 2929 2723; x_wconf 64' lang='lat' dir='ltr'><strong>L,</strong></span> <span class='ocrx_word' id='word_1_373' title='bbox 2967 2659 3025 2714; x_wconf 89' lang='lat' dir='ltr'><strong>C.</strong></span> <span class='ocrx_word' id='word_1_374' title='bbox 3066 2659 3394 2723; x_wconf 57' lang='lat' dir='ltr'><strong>Butunting</strong></span> 
     </span>
    </p>
   </div>
   <div class='ocr_carea' id='block_1_52' title="bbox 1305 2837 2389 2907">
    <p class='ocr_par' dir='ltr' id='par_1_52' title="bbox 1305 2837 2389 2907">
     <span class='ocr_line' id='line_1_52' title="bbox 1305 2837 2389 2907; baseline 0.002 -14"><span class='ocrx_word' id='word_1_375' title='bbox 1305 2837 1678 2894; x_wconf 65' lang='lat' dir='ltr'><strong>PREFATIO</strong></span> <span class='ocrx_word' id='word_1_376' title='bbox 1713 2837 2099 2907; x_wconf 80' lang='lat' dir='ltr'><strong>SEQUENTIS</strong></span> <span class='ocrx_word' id='word_1_377' title='bbox 2140 2839 2389 2896; x_wconf 80' lang='lat' dir='ltr'><strong>OPERIS</strong></span> 
     </span>
    </p>
   </div>
   <div class='ocr_carea' id='block_1_53' title="bbox 295 3013 3498 3108">
    <p class='ocr_par' dir='ltr' id='par_1_53' title="bbox 295 3013 3498 3108">
     <span class='ocr_line' id='line_1_53' title="bbox 295 3013 3498 3108; baseline -0 -22"><span class='ocrx_word' id='word_1_378' title='bbox 295 3030 640 3101; x_wconf 81' lang='lat' dir='ltr'><strong>Precipiente</strong></span> <span class='ocrx_word' id='word_1_379' title='bbox 669 3030 890 3088; x_wconf 89' lang='lat' dir='ltr'><strong>domino</strong></span> <span class='ocrx_word' id='word_1_380' title='bbox 916 3040 1102 3088; x_wconf 87' lang='lat' dir='ltr'><strong>nostro</strong></span> <span class='ocrx_word' id='word_1_381' title='bbox 1124 3031 1378 3103; x_wconf 87' lang='lat' dir='ltr'><strong>episcopo</strong></span> <span class='ocrx_word' id='word_1_382' title='bbox 1405 3029 1651 3086; x_wconf 83' lang='lat' dir='ltr'><strong>Gerardo</strong></span> <span class='ocrx_word' id='word_1_383' title='bbox 1674 3029 1812 3101; x_wconf 76' lang='grc'><strong>(54).</strong></span> <span class='ocrx_word' id='word_1_384' title='bbox 1845 3013 1892 3079; x_wconf 82' lang='lat' dir='ltr'>C</span> <span class='ocrx_word' id='word_1_385' title='bbox 1921 3035 2052 3090; x_wconf 90' lang='lat' dir='ltr'><strong>satis</strong></span> <span class='ocrx_word' id='word_1_386' title='bbox 2102 3043 2279 3090; x_wconf 88' lang='lat' dir='ltr'><strong>tamen</strong></span> <span class='ocrx_word' id='word_1_387' title='bbox 2319 3041 2581 3108; x_wconf 83' lang='lat' dir='ltr'><strong>apparent</strong></span> <span class='ocrx_word' id='word_1_388' title='bbox 2625 3032 2846 3103; x_wconf 88' lang='lat' dir='ltr'><strong>liquida.</strong></span> <span class='ocrx_word' id='word_1_389' title='bbox 2887 3030 2998 3088; x_wconf 87' lang='lat' dir='ltr'><strong>Nec</strong></span> <span class='ocrx_word' id='word_1_390' title='bbox 3025 3038 3202 3088; x_wconf 86' lang='lat' dir='ltr'><strong>tamen</strong></span> <span class='ocrx_word' id='word_1_391' title='bbox 3234 3045 3299 3087; x_wconf 93' lang='lat' dir='ltr'><strong>eo</strong></span> <span class='ocrx_word' id='word_1_392' title='bbox 3328 3029 3498 3086; x_wconf 89' lang='lat' dir='ltr'><strong>lector</strong></span> 
     </span>
    </p>
   </div>
   <div class='ocr_carea' id='block_1_54' title="bbox 234 3119 1816 3195">
    <p class='ocr_par' dir='ltr' id='par_1_54' title="bbox 234 3119 1816 3195">
     <span class='ocr_line' id='line_1_54' title="bbox 234 3119 1816 3195; baseline 0.001 -19"><span class='ocrx_word' id='word_1_393' title='bbox 234 3121 288 3176; x_wconf 89' lang='lat' dir='ltr'><strong>in</strong></span> <span class='ocrx_word' id='word_1_394' title='bbox 315 3131 578 3192; x_wconf 90' lang='lat' dir='ltr'><strong>quantum</strong></span> <span class='ocrx_word' id='word_1_395' title='bbox 605 3137 739 3178; x_wconf 87' lang='lat' dir='ltr'><strong>vere</strong></span> <span class='ocrx_word' id='word_1_396' title='bbox 776 3122 1016 3195; x_wconf 78' lang='lat' dir='ltr'><strong>indagari</strong></span> <span class='ocrx_word' id='word_1_397' title='bbox 1046 3122 1355 3192; x_wconf 88' lang='lat' dir='ltr'><strong>potuimus,</strong></span> <span class='ocrx_word' id='word_1_398' title='bbox 1387 3119 1454 3176; x_wconf 91' lang='lat' dir='ltr'><strong>de</strong></span> <span class='ocrx_word' id='word_1_399' title='bbox 1491 3121 1816 3191; x_wconf 90' lang='lat' dir='ltr'><strong>antiquitate</strong></span> 
     </span>
    </p>
   </div>
   <div class='ocr_carea' id='block_1_55' title="bbox 234 3211 1819 3283">
    <p class='ocr_par' dir='ltr' id='par_1_55' title="bbox 234 3211 1819 3283">
     <span class='ocr_line' id='line_1_55' title="bbox 234 3211 1819 3283; baseline -0.001 -15"><span class='ocrx_word' id='word_1_400' title='bbox 234 3223 546 3270; x_wconf 83' lang='lat' dir='ltr'><strong>nostrarum</strong></span> <span class='ocrx_word' id='word_1_401' title='bbox 575 3213 815 3279; x_wconf 86' lang='lat' dir='ltr'><strong>urbium,</strong></span> <span class='ocrx_word' id='word_1_402' title='bbox 845 3213 1122 3268; x_wconf 89' lang='lat' dir='ltr'><strong>Cameraci</strong></span> <span class='ocrx_word' id='word_1_403' title='bbox 1152 3211 1404 3268; x_wconf 88' lang='lat' dir='ltr'><strong>videlicet</strong></span> <span class='ocrx_word' id='word_1_404' title='bbox 1453 3220 1616 3283; x_wconf 88' lang='lat' dir='ltr'><strong>atque</strong></span> <span class='ocrx_word' id='word_1_405' title='bbox 1659 3213 1819 3267; x_wconf 82' lang='lat' dir='ltr'><strong>Atre-</strong></span> 
     </span>
    </p>
   </div>
   <div class='ocr_carea' id='block_1_56' title="bbox 236 3303 1818 3375">
    <p class='ocr_par' dir='ltr' id='par_1_56' title="bbox 236 3303 1818 3375">
     <span class='ocr_line' id='line_1_56' title="bbox 236 3303 1818 3375; baseline -0.001 -17"><span class='ocrx_word' id='word_1_406' title='bbox 236 3303 497 3372; x_wconf 84' lang='lat' dir='ltr'><strong>hati,sed</strong></span> <span class='ocrx_word' id='word_1_407' title='bbox 522 3314 597 3360; x_wconf 87' lang='lat' dir='ltr'><strong>et</strong></span> <span class='ocrx_word' id='word_1_408' title='bbox 641 3305 710 3360; x_wconf 80' lang='lat' dir='ltr'><strong>de</strong></span> <span class='ocrx_word' id='word_1_409' title='bbox 750 3319 934 3361; x_wconf 83' lang='lat' dir='ltr'><strong>earum</strong></span> <span class='ocrx_word' id='word_1_410' title='bbox 963 3318 1179 3375; x_wconf 91' lang='lat' dir='ltr'><strong>quoque</strong></span> <span class='ocrx_word' id='word_1_411' title='bbox 1201 3303 1505 3374; x_wconf 90' lang='lat' dir='ltr'><strong>pastoribus</strong></span> <span class='ocrx_word' id='word_1_412' title='bbox 1543 3303 1818 3359; x_wconf 74' lang='lat' dir='ltr'><strong>memoria:</strong></span> 
     </span>
    </p>
   </div>
   <div class='ocr_carea' id='block_1_57' title="bbox 237 3394 1818 3467">
    <p class='ocr_par' dir='ltr' id='par_1_57' title="bbox 237 3394 1818 3467">
     <span class='ocr_line' id='line_1_57' title="bbox 237 3394 1818 3467; baseline -0.001 -17"><span class='ocrx_word' id='word_1_413' title='bbox 237 3395 769 3462; x_wconf 88' lang='lat' dir='ltr'><strong>commendavimus;</strong></span> <span class='ocrx_word' id='word_1_414' title='bbox 801 3410 907 3451; x_wconf 91' lang='lat' dir='ltr'><strong>non</strong></span> <span class='ocrx_word' id='word_1_415' title='bbox 932 3395 1148 3465; x_wconf 91' lang='lat' dir='ltr'><strong>quidem</strong></span> <span class='ocrx_word' id='word_1_416' title='bbox 1177 3395 1392 3467; x_wconf 75' lang='lat' dir='ltr'><strong>ingenio</strong></span> <span class='ocrx_word' id='word_1_417' title='bbox 1419 3394 1565 3460; x_wconf 82' lang='lat' dir='ltr'><strong>freti,</strong></span> <span class='ocrx_word' id='word_1_418' title='bbox 1589 3394 1681 3449; x_wconf 92' lang='lat' dir='ltr'><strong>sed</strong></span> <span class='ocrx_word' id='word_1_419' title='bbox 1709 3408 1818 3448; x_wconf 83' lang='lat' dir='ltr'><strong>mo-</strong></span> 
     </span>
    </p>
   </div>
   <div class='ocr_carea' id='block_1_58' title="bbox 238 3484 1816 3556">
    <p class='ocr_par' dir='ltr' id='par_1_58' title="bbox 238 3484 1816 3556">
     <span class='ocr_line' id='line_1_58' title="bbox 238 3484 1816 3556; baseline -0.001 -17"><span class='ocrx_word' id='word_1_420' title='bbox 238 3485 435 3541; x_wconf 90' lang='lat' dir='ltr'><strong>nitoris</strong></span> <span class='ocrx_word' id='word_1_421' title='bbox 461 3485 732 3554; x_wconf 81' lang='lat' dir='ltr'><strong>dignitate</strong></span> <span class='ocrx_word' id='word_1_422' title='bbox 756 3484 1042 3556; x_wconf 91' lang='lat' dir='ltr'><strong>compulsi,</strong></span> <span class='ocrx_word' id='word_1_423' title='bbox 1072 3485 1163 3555; x_wconf 92' lang='lat' dir='ltr'><strong>qui</strong></span> <span class='ocrx_word' id='word_1_424' title='bbox 1191 3495 1434 3540; x_wconf 88' lang='lat' dir='ltr'><strong>nostram</strong></span> <span class='ocrx_word' id='word_1_425' title='bbox 1468 3484 1816 3555; x_wconf 90' lang='lat' dir='ltr'><strong>pusillitatem</strong></span> 
     </span>
    </p>
   </div>
   <div class='ocr_carea' id='block_1_59' title="bbox 234 3575 1817 3646">
    <p class='ocr_par' dir='ltr' id='par_1_59' title="bbox 234 3575 1817 3646">
     <span class='ocr_line' id='line_1_59' title="bbox 234 3575 1817 3646; baseline -0.001 -16"><span class='ocrx_word' id='word_1_426' title='bbox 234 3577 371 3646; x_wconf 87' lang='lat' dir='ltr'><strong>apud</strong></span> <span class='ocrx_word' id='word_1_427' title='bbox 418 3575 785 3646; x_wconf 71' lang='lat' dir='ltr'><strong>peritissimos</strong></span> <span class='ocrx_word' id='word_1_428' title='bbox 833 3591 990 3632; x_wconf 84' lang='lat' dir='ltr'><strong>aures</strong></span> <span class='ocrx_word' id='word_1_429' title='bbox 1037 3575 1332 3646; x_wconf 90' lang='lat' dir='ltr'><strong>periclitari</strong></span> <span class='ocrx_word' id='word_1_430' title='bbox 1382 3575 1612 3641; x_wconf 88' lang='lat' dir='ltr'><strong>maluit,</strong></span> <span class='ocrx_word' id='word_1_431' title='bbox 1656 3589 1817 3644; x_wconf 87' lang='lat' dir='ltr'><strong>quam</strong></span> 
     </span>
    </p>
   </div>
   <div class='ocr_carea' id='block_1_60' title="bbox 235 3666 1819 3738">
    <p class='ocr_par' dir='ltr' id='par_1_60' title="bbox 235 3666 1819 3738">
     <span class='ocr_line' id='line_1_60' title="bbox 235 3666 1819 3738; baseline 0.001 -20"><span class='ocrx_word' id='word_1_432' title='bbox 235 3667 440 3722; x_wconf 83' lang='lat' dir='ltr'><strong>diutius</strong></span> <span class='ocrx_word' id='word_1_433' title='bbox 470 3675 550 3722; x_wconf 79' lang='lat' dir='ltr'><strong>tot</strong></span> <span class='ocrx_word' id='word_1_434' title='bbox 580 3675 883 3736; x_wconf 87' lang='lat' dir='ltr'><strong>temporum</strong></span> <span class='ocrx_word' id='word_1_435' title='bbox 911 3667 1182 3732; x_wconf 90' lang='lat' dir='ltr'><strong>ordinem,</strong></span> <span class='ocrx_word' id='word_1_436' title='bbox 1213 3675 1292 3722; x_wconf 89' lang='lat' dir='ltr'><strong>tot</strong></span> <span class='ocrx_word' id='word_1_437' title='bbox 1319 3675 1593 3738; x_wconf 79' lang='lat' dir='ltr'><strong>gestorum</strong></span> <span class='ocrx_word' id='word_1_438' title='bbox 1626 3666 1819 3722; x_wconf 88' lang='lat' dir='ltr'><strong>seriem</strong></span> 
     </span>
    </p>
   </div>
   <div class='ocr_carea' id='block_1_61' title="bbox 233 3758 1820 3831">
    <p class='ocr_par' dir='ltr' id='par_1_61' title="bbox 233 3758 1820 3831">
     <span class='ocr_line' id='line_1_61' title="bbox 233 3758 1820 3831; baseline 0.001 -20"><span class='ocrx_word' id='word_1_439' title='bbox 233 3758 529 3816; x_wconf 86' lang='lat' dir='ltr'><strong>conticeri-.</strong></span> <span class='ocrx_word' id='word_1_440' title='bbox 578 3758 711 3826; x_wconf 62' lang='lat' dir='ltr'><strong>Quae</strong></span> <span class='ocrx_word' id='word_1_441' title='bbox 753 3758 1054 3831; x_wconf 86' lang='lat' dir='ltr'><strong>quamlibet</strong></span> <span class='ocrx_word' id='word_1_442' title='bbox 1097 3759 1302 3815; x_wconf 89' lang='lat' dir='ltr'><strong>rustico</strong></span> <span class='ocrx_word' id='word_1_443' title='bbox 1351 3773 1601 3816; x_wconf 89' lang='lat' dir='ltr'><strong>sermone</strong></span> <span class='ocrx_word' id='word_1_444' title='bbox 1654 3758 1820 3821; x_wconf 90' lang='lat' dir='ltr'><strong>edita,</strong></span> 
     </span>
    </p>
   </div>
   <div class='ocr_carea' id='block_1_62' title="bbox 1920 3120 3496 3194">
    <p class='ocr_par' dir='ltr' id='par_1_62' title="bbox 1920 3120 3496 3194">
     <span class='ocr_line' id='line_1_62' title="bbox 1920 3120 3496 3194; baseline -0.004 -15"><span class='ocrx_word' id='word_1_445' title='bbox 1920 3132 2126 3180; x_wconf 91' lang='lat' dir='ltr'><strong>temere</strong></span> <span class='ocrx_word' id='word_1_446' title='bbox 2150 3132 2452 3188; x_wconf 89' lang='lat' dir='ltr'><strong>moveatur,</strong></span> <span class='ocrx_word' id='word_1_447' title='bbox 2494 3123 2637 3193; x_wconf 91' lang='lat' dir='ltr'><strong>quod</strong></span> <span class='ocrx_word' id='word_1_448' title='bbox 2673 3133 2782 3177; x_wconf 86' lang='lat' dir='ltr'><strong>tam</strong></span> <span class='ocrx_word' id='word_1_449' title='bbox 2811 3122 3032 3194; x_wconf 88' lang='lat' dir='ltr'><strong>antiqua</strong></span> <span class='ocrx_word' id='word_1_450' title='bbox 3059 3120 3334 3176; x_wconf 90' lang='lat' dir='ltr'><strong>modernis</strong></span> <span class='ocrx_word' id='word_1_451' title='bbox 3370 3120 3496 3175; x_wconf 85' lang='lat' dir='ltr'><strong>red-</strong></span> 
     </span>
    </p>
   </div>
   <div class='ocr_carea' id='block_1_63' title="bbox 1922 3201 3497 3285">
    <p class='ocr_par' dir='ltr' id='par_1_63' title="bbox 1922 3201 3497 3285">
     <span class='ocr_line' id='line_1_63' title="bbox 1922 3201 3497 3285; baseline -0.005 -13"><span class='ocrx_word' id='word_1_452' title='bbox 1922 3216 2185 3281; x_wconf 86' lang='lat' dir='ltr'><strong>didimus;</strong></span> <span class='ocrx_word' id='word_1_453' title='bbox 2229 3201 2353 3285; x_wconf 87' lang='lat' dir='ltr'><strong>quia</strong></span> <span class='ocrx_word' id='word_1_454' title='bbox 2389 3214 2524 3270; x_wconf 90' lang='lat' dir='ltr'><strong>nihil</strong></span> <span class='ocrx_word' id='word_1_455' title='bbox 2562 3214 2804 3280; x_wconf 91' lang='lat' dir='ltr'><strong>dubium,</strong></span> <span class='ocrx_word' id='word_1_456' title='bbox 2846 3214 2980 3268; x_wconf 91' lang='lat' dir='ltr'><strong>nihil</strong></span> <span class='ocrx_word' id='word_1_457' title='bbox 3027 3214 3210 3269; x_wconf 87' lang='lat' dir='ltr'><strong>ﬁctum</strong></span> <span class='ocrx_word' id='word_1_458' title='bbox 3261 3213 3497 3282; x_wconf 85' lang='lat' dir='ltr'><strong>positum</strong></span> 
     </span>
    </p>
   </div>
   <div class='ocr_carea' id='block_1_64' title="bbox 1924 3304 3500 3375">
    <p class='ocr_par' dir='ltr' id='par_1_64' title="bbox 1924 3304 3500 3375">
     <span class='ocr_line' id='line_1_64' title="bbox 1924 3304 3500 3375; baseline -0.003 -12"><span class='ocrx_word' id='word_1_459' title='bbox 1924 3316 2027 3371; x_wconf 89' lang='lat' dir='ltr'><strong>est,</strong></span> <span class='ocrx_word' id='word_1_460' title='bbox 2057 3306 2190 3362; x_wconf 91' lang='lat' dir='ltr'><strong>nihil</strong></span> <span class='ocrx_word' id='word_1_461' title='bbox 2215 3307 2382 3362; x_wconf 91' lang='lat' dir='ltr'><strong>etiam</strong></span> <span class='ocrx_word' id='word_1_462' title='bbox 2414 3320 2603 3361; x_wconf 90' lang='lat' dir='ltr'><strong>revera</strong></span> <span class='ocrx_word' id='word_1_463' title='bbox 2633 3314 2816 3375; x_wconf 90' lang='lat' dir='ltr'><strong>preter</strong></span> <span class='ocrx_word' id='word_1_464' title='bbox 2845 3306 2989 3375; x_wconf 88' lang='lat' dir='ltr'><strong>quod</strong></span> <span class='ocrx_word' id='word_1_465' title='bbox 3015 3313 3106 3358; x_wconf 89' lang='lat' dir='ltr'><strong>aut</strong></span> <span class='ocrx_word' id='word_1_466' title='bbox 3134 3305 3186 3358; x_wconf 91' lang='lat' dir='ltr'><strong>in</strong></span> <span class='ocrx_word' id='word_1_467' title='bbox 3215 3304 3500 3358; x_wconf 88' lang='lat' dir='ltr'><strong>annalibus</strong></span> 
     </span>
    </p>
   </div>
   <div class='ocr_carea' id='block_1_65' title="bbox 1925 3394 3496 3468">
    <p class='ocr_par' dir='ltr' id='par_1_65' title="bbox 1925 3394 3496 3468">
     <span class='ocr_line' id='line_1_65' title="bbox 1925 3394 3496 3468; baseline -0.005 -14"><span class='ocrx_word' id='word_1_468' title='bbox 1925 3409 2089 3468; x_wconf 85' lang='lat' dir='ltr'><strong>atque</strong></span> <span class='ocrx_word' id='word_1_469' title='bbox 2115 3397 2356 3453; x_wconf 90' lang='lat' dir='ltr'><strong>historiis</strong></span> <span class='ocrx_word' id='word_1_470' title='bbox 2375 3396 2624 3462; x_wconf 88' lang='lat' dir='ltr'><strong>Patrum,</strong></span> <span class='ocrx_word' id='word_1_471' title='bbox 2657 3412 2752 3452; x_wconf 91' lang='lat' dir='ltr'><strong>seu</strong></span> <span class='ocrx_word' id='word_1_472' title='bbox 2779 3405 2834 3450; x_wconf 92' lang='lat' dir='ltr'><strong>et</strong></span> <span class='ocrx_word' id='word_1_473' title='bbox 2877 3395 2932 3450; x_wconf 91' lang='lat' dir='ltr'><strong>in</strong></span> <span class='ocrx_word' id='word_1_474' title='bbox 2965 3396 3133 3465; x_wconf 79' lang='lat' dir='ltr'><strong>gestis</strong></span> <span class='ocrx_word' id='word_1_475' title='bbox 3160 3409 3372 3464; x_wconf 80' lang='lat' dir='ltr'><strong>regum,</strong></span> <span class='ocrx_word' id='word_1_476' title='bbox 3399 3394 3496 3449; x_wconf 86' lang='lat' dir='ltr'><strong>sed</strong></span> 
     </span>
    </p>
   </div>
   <div class='ocr_carea' id='block_1_66' title="bbox 1921 3480 3499 3554">
    <p class='ocr_par' dir='ltr' id='par_1_66' title="bbox 1921 3480 3499 3554">
     <span class='ocr_line' id='line_1_66' title="bbox 1921 3480 3499 3554; baseline -0.006 -12"><span class='ocrx_word' id='word_1_477' title='bbox 1921 3496 1974 3542; x_wconf 91' lang='lat' dir='ltr'><strong>et</strong></span> <span class='ocrx_word' id='word_1_478' title='bbox 2021 3488 2074 3540; x_wconf 91' lang='lat' dir='ltr'><strong>in</strong></span> <span class='ocrx_word' id='word_1_479' title='bbox 2114 3485 2285 3540; x_wconf 76' lang='lat' dir='ltr'><strong>kartis</strong></span> <span class='ocrx_word' id='word_1_480' title='bbox 2313 3498 2548 3554; x_wconf 89' lang='lat' dir='ltr'><strong>quoque,</strong></span> <span class='ocrx_word' id='word_1_481' title='bbox 2585 3499 2705 3553; x_wconf 63' lang='lat' dir='ltr'><strong>quia</strong></span> <span class='ocrx_word' id='word_1_482' title='bbox 2737 3482 2916 3538; x_wconf 91' lang='lat' dir='ltr'><strong>adhuc</strong></span> <span class='ocrx_word' id='word_1_483' title='bbox 2957 3483 3010 3536; x_wconf 90' lang='lat' dir='ltr'><strong>in</strong></span> <span class='ocrx_word' id='word_1_484' title='bbox 3057 3481 3279 3536; x_wconf 89' lang='lat' dir='ltr'><strong>archivo</strong></span> <span class='ocrx_word' id='word_1_485' title='bbox 3329 3480 3499 3549; x_wconf 87' lang='lat' dir='ltr'><strong>ipsius</strong></span> 
     </span>
    </p>
   </div>
   <div class='ocr_carea' id='block_1_67' title="bbox 1926 3568 3499 3644">
    <p class='ocr_par' dir='ltr' id='par_1_67' title="bbox 1926 3568 3499 3644">
     <span class='ocr_line' id='line_1_67' title="bbox 1926 3568 3499 3644; baseline -0.005 -11"><span class='ocrx_word' id='word_1_486' title='bbox 1926 3576 2181 3633; x_wconf 77' lang='lat' dir='ltr'><strong>:ecclesize</strong></span> <span class='ocrx_word' id='word_1_487' title='bbox 2211 3582 2355 3638; x_wconf 91' lang='lat' dir='ltr'><strong>sunt,</strong></span> <span class='ocrx_word' id='word_1_488' title='bbox 2382 3574 2742 3644; x_wconf 88' lang='lat' dir='ltr'><strong>repperimus,</strong></span> <span class='ocrx_word' id='word_1_489' title='bbox 2779 3579 2869 3626; x_wconf 90' lang='lat' dir='ltr'><strong>aut</strong></span> <span class='ocrx_word' id='word_1_490' title='bbox 2899 3586 2931 3625; x_wconf 87' lang='lat' dir='ltr'><strong>a</strong></span> <span class='ocrx_word' id='word_1_491' title='bbox 2967 3570 3132 3626; x_wconf 89' lang='lat' dir='ltr'><strong>certis</strong></span> <span class='ocrx_word' id='word_1_492' title='bbox 3175 3568 3499 3625; x_wconf 88' lang='lat' dir='ltr'><strong>relatoribus</strong></span> 
     </span>
    </p>
   </div>
   <div class='ocr_carea' id='block_1_68' title="bbox 1927 3658 3503 3732">
    <p class='ocr_par' dir='ltr' id='par_1_68' title="bbox 1927 3658 3503 3732">
     <span class='ocr_line' id='line_1_68' title="bbox 1927 3658 3503 3732; baseline -0.007 -10"><span class='ocrx_word' id='word_1_493' title='bbox 1927 3675 1982 3722; x_wconf 90' lang='lat' dir='ltr'><strong>et</strong></span> <span class='ocrx_word' id='word_1_494' title='bbox 2007 3666 2120 3720; x_wconf 87' lang='lat' dir='ltr'><strong>visa</strong></span> <span class='ocrx_word' id='word_1_495' title='bbox 2154 3673 2208 3720; x_wconf 91' lang='lat' dir='ltr'><strong>et</strong></span> <span class='ocrx_word' id='word_1_496' title='bbox 2232 3663 2413 3720; x_wconf 88' lang='lat' dir='ltr'><strong>audita</strong></span> <span class='ocrx_word' id='word_1_497' title='bbox 2440 3662 2766 3732; x_wconf 88' lang='lat' dir='ltr'><strong>accepimus.</strong></span> <span class='ocrx_word' id='word_1_498' title='bbox 2799 3660 3047 3730; x_wconf 81' lang='lat' dir='ltr'><strong>Alioquin</strong></span> <span class='ocrx_word' id='word_1_499' title='bbox 3075 3658 3270 3718; x_wconf 50' lang='lat' dir='ltr'><strong>melius.</strong></span> <span class='ocrx_word' id='word_1_500' title='bbox 3297 3665 3379 3714; x_wconf 89' lang='lat' dir='ltr'><strong>est</strong></span> <span class='ocrx_word' id='word_1_501' title='bbox 3419 3667 3503 3722; x_wconf 84' lang='lat' dir='ltr'><strong>ta-_</strong></span> 
     </span>
    </p>
   </div>
   <div class='ocr_carea' id='block_1_69' title="bbox 1929 3753 2858 3827">
    <p class='ocr_par' dir='ltr' id='par_1_69' title="bbox 1929 3753 2858 3827">
     <span class='ocr_line' id='line_1_69' title="bbox 1929 3753 2858 3827; baseline -0.006 -14"><span class='ocrx_word' id='word_1_502' title='bbox 1929 3773 2074 3824; x_wconf 88' lang='lat' dir='ltr'><strong>cere,</strong></span> <span class='ocrx_word' id='word_1_503' title='bbox 2107 3772 2267 3827; x_wconf 91' lang='lat' dir='ltr'><strong>quam</strong></span> <span class='ocrx_word' id='word_1_504' title='bbox 2298 3755 2431 3811; x_wconf 84' lang='lat' dir='ltr'><strong>falsa</strong></span> <span class='ocrx_word' id='word_1_505' title='bbox 2460 3755 2702 3826; x_wconf 78' lang='lat' dir='ltr'><strong>proferre</strong></span> <span class='ocrx_word' id='word_1_506' title='bbox 2725 3753 2858 3823; x_wconf 81' lang='lat'><strong>(55).</strong></span> 
     </span>
    </p>
   </div>
   <div class='ocr_carea' id='block_1_70' title="bbox 1409 3949 2327 4041">
    <p class='ocr_par' dir='ltr' id='par_1_70' title="bbox 1409 3949 2327 4041">
     <span class='ocr_line' id='line_1_70' title="bbox 1409 3949 2327 4041; baseline -0.004 -1"><span class='ocrx_word' id='word_1_507' title='bbox 1409 3954 1792 4041; x_wconf 76' lang='lat' dir='ltr'><strong>LIBER.</strong></span> <span class='ocrx_word' id='word_1_508' title='bbox 1838 3949 2327 4040; x_wconf 78' lang='lat' dir='ltr'><strong>PRIMUS.</strong></span> 
     </span>
    </p>
   </div>
   <div class='ocr_carea' id='block_1_71' title="bbox 308 4161 1825 4233">
    <p class='ocr_par' dir='ltr' id='par_1_71' title="bbox 308 4161 1825 4233">
     <span class='ocr_line' id='line_1_71' title="bbox 308 4161 1825 4233; baseline 0.001 -17"><span class='ocrx_word' id='word_1_509' title='bbox 308 4163 359 4216; x_wconf 77' lang='grc'><strong>1.</strong></span> <span class='ocrx_word' id='word_1_510' title='bbox 397 4161 576 4217; x_wconf 75' lang='lat' dir='ltr'><strong>Causa</strong></span> <span class='ocrx_word' id='word_1_511' title='bbox 617 4162 949 4217; x_wconf 80' lang='lat' dir='ltr'><strong>conditarum</strong></span> <span class='ocrx_word' id='word_1_512' title='bbox 995 4163 1204 4218; x_wconf 82' lang='lat' dir='ltr'><strong>urbium</strong></span> <span class='ocrx_word' id='word_1_513' title='bbox 1240 4173 1567 4233; x_wconf 83' lang='lat' dir='ltr'><strong>prenotatur.</strong></span> <span class='ocrx_word' id='word_1_514' title='bbox 1595 4163 1825 4218; x_wconf 85' lang='lat' dir='ltr'><strong>Urbibus</strong></span> 
     </span>
    </p>
   </div>
   <div class='ocr_carea' id='block_1_72' title="bbox 239 4253 1826 4324">
    <p class='ocr_par' dir='ltr' id='par_1_72' title="bbox 239 4253 1826 4324">
     <span class='ocr_line' id='line_1_72' title="bbox 239 4253 1826 4324; baseline 0.001 -16"><span class='ocrx_word' id='word_1_515' title='bbox 239 4255 509 4323; x_wconf 85' lang='lat' dir='ltr'><strong>quondam</strong></span> <span class='ocrx_word' id='word_1_516' title='bbox 553 4254 894 4310; x_wconf 74' lang='lat' dir='ltr'><strong>:edilicandis</strong></span> <span class='ocrx_word' id='word_1_517' title='bbox 937 4269 1003 4310; x_wconf 88' lang='lat' dir='ltr'><strong>ea</strong></span> <span class='ocrx_word' id='word_1_518' title='bbox 1047 4255 1282 4324; x_wconf 92' lang='lat' dir='ltr'><strong>primum</strong></span> <span class='ocrx_word' id='word_1_519' title='bbox 1312 4269 1473 4308; x_wconf 87' lang='lat' dir='ltr'><strong>causa</strong></span> <span class='ocrx_word' id='word_1_520' title='bbox 1505 4253 1572 4307; x_wconf 90' lang='lat' dir='ltr'><strong>ab</strong></span> <span class='ocrx_word' id='word_1_521' title='bbox 1598 4256 1826 4310; x_wconf 88' lang='lat' dir='ltr'><strong>auctori-</strong></span> 
     </span>
    </p>
   </div>
   <div class='ocr_carea' id='block_1_73' title="bbox 245 4344 1820 4416">
    <p class='ocr_par' dir='ltr' id='par_1_73' title="bbox 245 4344 1820 4416">
     <span class='ocr_line' id='line_1_73' title="bbox 245 4344 1820 4416; baseline 0.001 -18"><span class='ocrx_word' id='word_1_522' title='bbox 245 4344 348 4399; x_wconf 89' lang='lat' dir='ltr'><strong>bus</strong></span> <span class='ocrx_word' id='word_1_523' title='bbox 370 4344 480 4416; x_wconf 80' lang='lat'><strong>(56)</strong></span> <span class='ocrx_word' id='word_1_524' title='bbox 509 4345 764 4400; x_wconf 81' lang='lat' dir='ltr'><strong>extitisse</strong></span> <span class='ocrx_word' id='word_1_525' title='bbox 811 4344 1032 4410; x_wconf 89' lang='lat' dir='ltr'><strong>dicitur,</strong></span> <span class='ocrx_word' id='word_1_526' title='bbox 1073 4353 1133 4400; x_wconf 90' lang='lat' dir='ltr'><strong>ut</strong></span> <span class='ocrx_word' id='word_1_527' title='bbox 1180 4345 1426 4400; x_wconf 86' lang='lat' dir='ltr'><strong>homines</strong></span> <span class='ocrx_word' id='word_1_528' title='bbox 1467 4345 1663 4414; x_wconf 90' lang='lat' dir='ltr'><strong>passim</strong></span> <span class='ocrx_word' id='word_1_529' title='bbox 1714 4346 1820 4400; x_wconf 91' lang='lat' dir='ltr'><strong>ritu</strong></span> 
     </span>
    </p>
   </div>
   <div class='ocr_carea' id='block_1_74' title="bbox 246 4433 1821 4506">
    <p class='ocr_par' dir='ltr' id='par_1_74' title="bbox 246 4433 1821 4506">
     <span class='ocr_line' id='line_1_74' title="bbox 246 4433 1821 4506; baseline 0.002 -18"><span class='ocrx_word' id='word_1_530' title='bbox 246 4433 476 4491; x_wconf 76' lang='lat' dir='ltr'><strong>ferarum</strong></span> <span class='ocrx_word' id='word_1_531' title='bbox 505 4438 856 4503; x_wconf 84' lang='lat' dir='ltr'><strong>oberrantes,</strong></span> <span class='ocrx_word' id='word_1_532' title='bbox 891 4437 1086 4506; x_wconf 89' lang='lat' dir='ltr'><strong>quibus</strong></span> <span class='ocrx_word' id='word_1_533' title='bbox 1116 4452 1291 4506; x_wconf 86' lang='lat' dir='ltr'><strong>neque</strong></span> <span class='ocrx_word' id='word_1_534' title='bbox 1329 4452 1466 4503; x_wconf 88' lang='lat' dir='ltr'><strong>mos,</strong></span> <span class='ocrx_word' id='word_1_535' title='bbox 1507 4451 1677 4505; x_wconf 89' lang='lat' dir='ltr'><strong>neque</strong></span> <span class='ocrx_word' id='word_1_536' title='bbox 1711 4437 1821 4491; x_wconf 89' lang='lat' dir='ltr'><strong>cul-</strong></span> 
     </span>
    </p>
   </div>
   <div class='ocr_carea' id='block_1_75' title="bbox 243 4527 1819 4600">
    <p class='ocr_par' dir='ltr' id='par_1_75' title="bbox 243 4527 1819 4600">
     <span class='ocr_line' id='line_1_75' title="bbox 243 4527 1819 4600; baseline 0.002 -22"><span class='ocrx_word' id='word_1_537' title='bbox 243 4535 328 4582; x_wconf 90' lang='lat' dir='ltr'><strong>tus</strong></span> <span class='ocrx_word' id='word_1_538' title='bbox 357 4529 570 4584; x_wconf 88' lang='lat' dir='ltr'><strong>ratione</strong></span> <span class='ocrx_word' id='word_1_539' title='bbox 606 4529 873 4600; x_wconf 77' lang='lat' dir='ltr'><strong>magistra</strong></span> <span class='ocrx_word' id='word_1_540' title='bbox 918 4529 1223 4598; x_wconf 81' lang='lat' dir='ltr'><strong>regebatur,</strong></span> <span class='ocrx_word' id='word_1_541' title='bbox 1262 4527 1534 4596; x_wconf 90' lang='lat' dir='ltr'><strong>nichilque</strong></span> <span class='ocrx_word' id='word_1_542' title='bbox 1580 4528 1819 4582; x_wconf 91' lang='lat' dir='ltr'><strong>divinum</strong></span> 
     </span>
    </p>
   </div>
   <div class='ocr_carea' id='block_1_76' title="bbox 242 4617 1820 4688">
    <p class='ocr_par' dir='ltr' id='par_1_76' title="bbox 242 4617 1820 4688">
     <span class='ocr_line' id='line_1_76' title="bbox 242 4617 1820 4688; baseline 0.004 -21"><span class='ocrx_word' id='word_1_543' title='bbox 242 4626 330 4669; x_wconf 89' lang='lat' dir='ltr'><strong>aut</strong></span> <span class='ocrx_word' id='word_1_544' title='bbox 355 4617 658 4672; x_wconf 90' lang='lat' dir='ltr'><strong>humanum</strong></span> <span class='ocrx_word' id='word_1_545' title='bbox 683 4617 989 4687; x_wconf 88' lang='lat' dir='ltr'><strong>sapiebant,</strong></span> <span class='ocrx_word' id='word_1_546' title='bbox 1021 4619 1114 4673; x_wconf 90' lang='lat' dir='ltr'><strong>sed</strong></span> <span class='ocrx_word' id='word_1_547' title='bbox 1142 4628 1363 4688; x_wconf 84' lang='lat' dir='ltr'><strong>propter</strong></span> <span class='ocrx_word' id='word_1_548' title='bbox 1391 4631 1630 4673; x_wconf 88' lang='lat' dir='ltr'><strong>errorem</strong></span> <span class='ocrx_word' id='word_1_549' title='bbox 1661 4628 1820 4687; x_wconf 90' lang='lat' dir='ltr'><strong>atque</strong></span> 
     </span>
    </p>
   </div>
   <div class='ocr_carea' id='block_1_77' title="bbox 1935 4157 3500 4217">
    <p class='ocr_par' dir='ltr' id='par_1_77' title="bbox 1935 4157 3500 4217">
     <span class='ocr_line' id='line_1_77' title="bbox 1935 4157 3500 4217; baseline -0.001 -3"><span class='ocrx_word' id='word_1_550' title='bbox 1935 4161 2273 4215; x_wconf 80' lang='lat' dir='ltr'><strong>inscientiam</strong></span> <span class='ocrx_word' id='word_1_551' title='bbox 2317 4175 2458 4216; x_wconf 71' lang='lat' dir='ltr'><strong>cmca</strong></span> <span class='ocrx_word' id='word_1_552' title='bbox 2507 4176 2569 4215; x_wconf 86' lang='lat' dir='ltr'><strong>ac</strong></span> <span class='ocrx_word' id='word_1_553' title='bbox 2623 4160 2911 4217; x_wconf 84' lang='lat' dir='ltr'><strong>temeraria</strong></span> <span class='ocrx_word' id='word_1_554' title='bbox 2957 4159 3298 4214; x_wconf 73' lang='lat' dir='ltr'><strong>dominatrix</strong></span> <span class='ocrx_word' id='word_1_555' title='bbox 3337 4157 3500 4213; x_wconf 78' lang='lat' dir='ltr'><strong>animi</strong></span> 
     </span>
    </p>
   </div>
   <div class='ocr_carea' id='block_1_78' title="bbox 1931 4248 3502 4321">
    <p class='ocr_par' dir='ltr' id='par_1_78' title="bbox 1931 4248 3502 4321">
     <span class='ocr_line' id='line_1_78' title="bbox 1931 4248 3502 4321; baseline -0.003 -16"><span class='ocrx_word' id='word_1_556' title='bbox 1931 4252 2202 4320; x_wconf 90' lang='lat' dir='ltr'><strong>cupiditas</strong></span> <span class='ocrx_word' id='word_1_557' title='bbox 2229 4251 2294 4306; x_wconf 80' lang='lat' dir='ltr'><strong>ad</strong></span> <span class='ocrx_word' id='word_1_558' title='bbox 2319 4266 2377 4305; x_wconf 91' lang='lat' dir='ltr'><strong>se</strong></span> <span class='ocrx_word' id='word_1_559' title='bbox 2410 4249 2725 4321; x_wconf 85' lang='lat' dir='ltr'><strong>explendam</strong></span> <span class='ocrx_word' id='word_1_560' title='bbox 2753 4251 2960 4306; x_wconf 89' lang='lat' dir='ltr'><strong>viribus</strong></span> <span class='ocrx_word' id='word_1_561' title='bbox 2983 4250 3222 4318; x_wconf 88' lang='lat' dir='ltr'><strong>corporis</strong></span> <span class='ocrx_word' id='word_1_562' title='bbox 3249 4248 3502 4302; x_wconf 87' lang='lat' dir='ltr'><strong>abuteba-</strong></span> 
     </span>
    </p>
   </div>
   <div class='ocr_carea' id='block_1_79' title="bbox 1931 4339 3502 4413">
    <p class='ocr_par' dir='ltr' id='par_1_79' title="bbox 1931 4339 3502 4413">
     <span class='ocr_line' id='line_1_79' title="bbox 1931 4339 3502 4413; baseline -0.003 -16"><span class='ocrx_word' id='word_1_563' title='bbox 1931 4354 2018 4397; x_wconf 76' lang='grc' dir='ltr'><strong>ιω·</strong></span> <span class='ocrx_word' id='word_1_564' title='bbox 2044 4343 2352 4413; x_wconf 89' lang='lat' dir='ltr'><strong>pernitiosis</strong></span> <span class='ocrx_word' id='word_1_565' title='bbox 2381 4343 2734 4408; x_wconf 89' lang='lat' dir='ltr'><strong>satellitibus;</strong></span> <span class='ocrx_word' id='word_1_566' title='bbox 2787 4373 2853 4383; x_wconf 91' lang='lat'>--</span> <span class='ocrx_word' id='word_1_567' title='bbox 2901 4341 2980 4396; x_wconf 84' lang='lat' dir='ltr'><strong>illi</strong></span> <span class='ocrx_word' id='word_1_568' title='bbox 3008 4342 3224 4409; x_wconf 87' lang='lat' dir='ltr'><strong>inquam</strong></span> <span class='ocrx_word' id='word_1_569' title='bbox 3255 4339 3502 4392; x_wconf 90' lang='lat' dir='ltr'><strong>homines</strong></span> 
     </span>
    </p>
   </div>
   <div class='ocr_carea' id='block_1_80' title="bbox 1929 4430 3500 4497">
    <p class='ocr_par' dir='ltr' id='par_1_80' title="bbox 1929 4430 3500 4497">
     <span class='ocr_line' id='line_1_80' title="bbox 1929 4430 3500 4497; baseline -0.004 -7"><span class='ocrx_word' id='word_1_570' title='bbox 1929 4430 2208 4492; x_wconf 83' lang='lat' dir='ltr'><strong>instructis</strong></span> <span class='ocrx_word' id='word_1_571' title='bbox 2245 4435 2461 4490; x_wconf 91' lang='lat' dir='ltr'><strong>urbium</strong></span> <span class='ocrx_word' id='word_1_572' title='bbox 2507 4436 2772 4490; x_wconf 71' lang='lat' dir='ltr'><strong>mmnibus</strong></span> <span class='ocrx_word' id='word_1_573' title='bbox 2820 4436 2871 4489; x_wconf 90' lang='lat' dir='ltr'><strong>in</strong></span> <span class='ocrx_word' id='word_1_574' title='bbox 2920 4448 3082 4486; x_wconf 88' lang='lat' dir='ltr'><strong>unum</strong></span> <span class='ocrx_word' id='word_1_575' title='bbox 3129 4430 3500 4497; x_wconf 79' lang='lat' dir='ltr'><strong>convenirent,</strong></span> 
     </span>
    </p>
   </div>
   <div class='ocr_carea' id='block_1_81' title="bbox 1931 4521 3503 4596">
    <p class='ocr_par' dir='ltr' id='par_1_81' title="bbox 1931 4521 3503 4596">
     <span class='ocr_line' id='line_1_81' title="bbox 1931 4521 3503 4596; baseline -0.003 -17"><span class='ocrx_word' id='word_1_576' title='bbox 1931 4530 2087 4580; x_wconf 82' lang='lat' dir='ltr'><strong>Iidem</strong></span> <span class='ocrx_word' id='word_1_577' title='bbox 2122 4528 2300 4583; x_wconf 89' lang='lat' dir='ltr'><strong>colere</strong></span> <span class='ocrx_word' id='word_1_578' title='bbox 2325 4537 2379 4582; x_wconf 91' lang='lat' dir='ltr'><strong>ct</strong></span> <span class='ocrx_word' id='word_1_579' title='bbox 2410 4528 2674 4596; x_wconf 85' lang='lat' dir='ltr'><strong>justitiam</strong></span> <span class='ocrx_word' id='word_1_580' title='bbox 2706 4529 2940 4580; x_wconf 86' lang='lat' dir='ltr'><strong>retinere</strong></span> <span class='ocrx_word' id='word_1_581' title='bbox 2969 4524 3268 4584; x_wconf 87' lang='lat' dir='ltr'><strong>discerent,</strong></span> <span class='ocrx_word' id='word_1_582' title='bbox 3301 4532 3356 4576; x_wconf 90' lang='lat' dir='ltr'><strong>et</strong></span> <span class='ocrx_word' id='word_1_583' title='bbox 3385 4521 3503 4575; x_wconf 90' lang='lat' dir='ltr'><strong>aliis</strong></span> 
     </span>
    </p>
   </div>
   <div class='ocr_carea' id='block_1_82' title="bbox 1929 4614 3504 4690">
    <p class='ocr_par' dir='ltr' id='par_1_82' title="bbox 1929 4614 3504 4690">
     <span class='ocr_line' id='line_1_82' title="bbox 1929 4614 3504 4690; baseline -0.004 -18"><span class='ocrx_word' id='word_1_584' title='bbox 1929 4636 2119 4690; x_wconf 89' lang='lat' dir='ltr'><strong>parere</strong></span> <span class='ocrx_word' id='word_1_585' title='bbox 2158 4635 2254 4674; x_wconf 89' lang='lat' dir='ltr'><strong>sua</strong></span> <span class='ocrx_word' id='word_1_586' title='bbox 2295 4620 2567 4674; x_wconf 78' lang='lat' dir='ltr'><strong>volonlate</strong></span> <span class='ocrx_word' id='word_1_587' title='bbox 2610 4624 3055 4680; x_wconf 78' lang='lat' dir='ltr'><strong>consuescerem;</strong></span> <span class='ocrx_word' id='word_1_588' title='bbox 3091 4631 3151 4669; x_wconf 88' lang='lat' dir='ltr'><strong>ac</strong></span> <span class='ocrx_word' id='word_1_589' title='bbox 3193 4629 3299 4667; x_wconf 90' lang='lat' dir='ltr'><strong>non</strong></span> <span class='ocrx_word' id='word_1_590' title='bbox 3345 4614 3504 4668; x_wconf 86' lang='lat' dir='ltr'><strong>modo</strong></span> 
     </span>
    </p>
   </div>
   <div class='ocr_carea' id='block_1_83' title="bbox 310 4778 3506 4865">
    <p class='ocr_par' dir='ltr' id='par_1_83' title="bbox 310 4778 3506 4865">
     <span class='ocr_line' id='line_1_83' title="bbox 310 4778 3506 4865; baseline -0.003 -19"><span class='ocrx_word' id='word_1_591' title='bbox 310 4792 421 4865; x_wconf 69' lang='lat'><strong>(5&#39;5)</strong></span> <span class='ocrx_word' id='word_1_592' title='bbox 656 4791 723 4847; x_wconf 80' lang='grc'><strong>10</strong></span> <span class='ocrx_word' id='word_1_593' title='bbox 755 4793 845 4865; x_wconf 36' lang='lat' dir='ltr'><strong>:“A</strong></span> <span class='ocrx_word' id='word_1_594' title='bbox 896 4811 992 4865; x_wconf 77' lang='lat' dir='ltr'><strong>une</strong></span> <span class='ocrx_word' id='word_1_595' title='bbox 1037 4795 1253 4865; x_wconf 69' lang='grc' dir='ltr'><strong>(ἔροιιιιεΔ</strong></span> <span class='ocrx_word' id='word_1_596' title='bbox 1279 4793 1344 4844; x_wconf 75' lang='lat' dir='ltr'><strong>ait</strong></span> <span class='ocrx_word' id='word_1_597' title='bbox 1390 4793 1435 4845; x_wconf 85' lang='lat' dir='ltr'><strong>le</strong></span> <span class='ocrx_word' id='word_1_598' title='bbox 1494 4794 1821 4860; x_wconf 72' lang='lat' dir='ltr'><strong>pali-iolixme</strong></span> <span class='ocrx_word' id='word_1_599' title='bbox 1853 4778 1899 4837; x_wconf 77' lang='grc' dir='ltr'><strong>Ῐ)</strong></span> <span class='ocrx_word' id='word_1_600' title='bbox 1927 4804 1972 4846; x_wconf 81' lang='lat' dir='ltr'><strong>et</strong></span> <span class='ocrx_word' id='word_1_601' title='bbox 2007 4793 2308 4863; x_wconf 78' lang='lat' dir='ltr'><strong>Eginliard,</strong></span> <span class='ocrx_word' id='word_1_602' title='bbox 2343 4795 2481 4848; x_wconf 67' lang='lat' dir='ltr'><strong>deum</strong></span> <span class='ocrx_word' id='word_1_603' title='bbox 2517 4791 2772 4865; x_wconf 70' lang='lat' dir='ltr'><strong>éri&#39;ivains</strong></span> <span class='ocrx_word' id='word_1_604' title='bbox 2817 4789 3047 4865; x_wconf 62' lang='lat' dir='ltr'><strong>frangitis</strong></span> <span class='ocrx_word' id='word_1_605' title='bbox 3092 4788 3216 4865; x_wconf 48' lang='lat' dir='ltr'><strong>dolat</strong></span> <span class='ocrx_word' id='word_1_606' title='bbox 3249 4801 3344 4865; x_wconf 58' lang='lat' dir='ltr'><strong>nos</strong></span> <span class='ocrx_word' id='word_1_607' title='bbox 3388 4787 3506 4865; x_wconf 44' lang='lat' dir='ltr'><strong>étuf</strong></span> 
     </span>
    </p>
   </div>
   <div class='ocr_carea' id='block_1_84' title="bbox 244 4861 1823 4931">
    <p class='ocr_par' dir='ltr' id='par_1_84' title="bbox 244 4861 1823 4931">
     <span class='ocr_line' id='line_1_84' title="bbox 244 4861 1823 4931; baseline 0.003 -19"><span class='ocrx_word' id='word_1_608' title='bbox 244 4861 528 4928; x_wconf 71' lang='lat' dir='ltr'><strong>provincia!</strong></span> <span class='ocrx_word' id='word_1_609' title='bbox 556 4879 613 4915; x_wconf 80' lang='lat' dir='ltr'><strong>se</strong></span> <span class='ocrx_word' id='word_1_610' title='bbox 637 4861 862 4926; x_wconf 76' lang='lat' dir='ltr'><strong>réveille,</strong></span> <span class='ocrx_word' id='word_1_611' title='bbox 890 4864 927 4915; x_wconf 82' lang='lat' dir='ltr'><strong>il</strong></span> <span class='ocrx_word' id='word_1_612' title='bbox 948 4875 1020 4918; x_wconf 78' lang='lat' dir='ltr'><strong>est</strong></span> <span class='ocrx_word' id='word_1_613' title='bbox 1050 4861 1253 4918; x_wconf 69' lang='lat' dir='ltr'><strong>nature!</strong></span> <span class='ocrx_word' id='word_1_614' title='bbox 1278 4878 1375 4931; x_wconf 87' lang='lat' dir='ltr'><strong>que</strong></span> <span class='ocrx_word' id='word_1_615' title='bbox 1400 4870 1596 4931; x_wconf 82' lang='lat' dir='ltr'><strong>chaque</strong></span> <span class='ocrx_word' id='word_1_616' title='bbox 1619 4866 1823 4916; x_wconf 83' lang='lat' dir='ltr'><strong>contrée</strong></span> 
     </span>
    </p>
   </div>
   <div class='ocr_carea' id='block_1_85' title="bbox 244 4931 1825 5002">
    <p class='ocr_par' dir='ltr' id='par_1_85' title="bbox 244 4931 1825 5002">
     <span class='ocr_line' id='line_1_85' title="bbox 244 4931 1825 5002; baseline 0.002 -19"><span class='ocrx_word' id='word_1_617' title='bbox 244 4933 531 5002; x_wconf 64' lang='lat' dir='ltr'><strong>r‘enquiére</strong></span> <span class='ocrx_word' id='word_1_618' title='bbox 568 4947 642 4984; x_wconf 81' lang='lat' dir='ltr'><strong>nn</strong></span> <span class='ocrx_word' id='word_1_619' title='bbox 688 4949 797 5002; x_wconf 8' lang='lat' dir='ltr'><strong>pen,</strong></span> <span class='ocrx_word' id='word_1_620' title='bbox 837 4933 1206 4996; x_wconf 83' lang='lat' dir='ltr'><strong>d‘elle-méme,</strong></span> <span class='ocrx_word' id='word_1_621' title='bbox 1257 4942 1304 4985; x_wconf 83' lang='lat' dir='ltr'><strong>et</strong></span> <span class='ocrx_word' id='word_1_622' title='bbox 1352 4932 1527 5002; x_wconf 62' lang='lat' dir='ltr'><strong>sachs</strong></span> <span class='ocrx_word' id='word_1_623' title='bbox 1551 4948 1606 4985; x_wconf 84' lang='lat' dir='ltr'><strong>ce</strong></span> <span class='ocrx_word' id='word_1_624' title='bbox 1640 4931 1825 5001; x_wconf 81' lang='lat' dir='ltr'><strong>qu‘elle</strong></span> 
     </span>
    </p>
   </div>
   <div class='ocr_carea' id='block_1_86' title="bbox 247 4999 1823 5082">
    <p class='ocr_par' dir='ltr' id='par_1_86' title="bbox 247 4999 1823 5082">
     <span class='ocr_line' id='line_1_86' title="bbox 247 4999 1823 5082; baseline 0.001 -29"><span class='ocrx_word' id='word_1_625' title='bbox 247 4999 445 5068; x_wconf 62' lang='lat' dir='ltr'><strong>hiauit,</strong></span> <span class='ocrx_word' id='word_1_626' title='bbox 473 4999 621 5082; x_wconf 63' lang='lat' dir='ltr'><strong>alar:</strong></span> <span class='ocrx_word' id='word_1_627' title='bbox 643 5001 831 5082; x_wconf 79' lang='lat' dir='ltr'><strong>qu’elle</strong></span> <span class='ocrx_word' id='word_1_628' title='bbox 855 5004 991 5056; x_wconf 84' lang='lat' dir='ltr'><strong>avait</strong></span> <span class='ocrx_word' id='word_1_629' title='bbox 1015 5020 1115 5082; x_wconf 74' lang='lat' dir='ltr'><strong>une</strong></span> <span class='ocrx_word' id='word_1_630' title='bbox 1147 5003 1405 5082; x_wconf 46' lang='lat' dir='ltr'><strong>existence</strong></span> <span class='ocrx_word' id='word_1_631' title='bbox 1437 4999 1823 5082; x_wconf 50' lang='lat' dir='ltr'><strong>iudépendautc</strong></span> 
     </span>
    </p>
   </div>
   <div class='ocr_carea' id='block_1_87' title="bbox 245 5069 1819 5140">
    <p class='ocr_par' dir='ltr' id='par_1_87' title="bbox 245 5069 1819 5140">
     <span class='ocr_line' id='line_1_87' title="bbox 245 5069 1819 5140; baseline 0.002 -19"><span class='ocrx_word' id='word_1_632' title='bbox 245 5080 290 5121; x_wconf 79' lang='lat' dir='ltr'><strong>et</strong></span> <span class='ocrx_word' id='word_1_633' title='bbox 345 5087 423 5140; x_wconf 17' lang='lat' dir='ltr'><strong>ne,</strong></span> <span class='ocrx_word' id='word_1_634' title='bbox 465 5069 687 5140; x_wconf 59' lang='lat' dir='ltr'><strong>formai!</strong></span> <span class='ocrx_word' id='word_1_635' title='bbox 733 5089 828 5140; x_wconf 79' lang='lat' dir='ltr'><strong>pas</strong></span> <span class='ocrx_word' id='word_1_636' title='bbox 893 5089 992 5126; x_wconf 82' lang='lat' dir='ltr'><strong>une</strong></span> <span class='ocrx_word' id='word_1_637' title='bbox 1047 5074 1286 5126; x_wconf 82' lang='lat' dir='ltr'><strong>banlieue</strong></span> <span class='ocrx_word' id='word_1_638' title='bbox 1341 5072 1405 5125; x_wconf 85' lang='lat' dir='ltr'><strong>de</strong></span> <span class='ocrx_word' id='word_1_639' title='bbox 1454 5069 1632 5126; x_wconf 77' lang='lat' dir='ltr'><strong>Paris.</strong></span> <span class='ocrx_word' id='word_1_640' title='bbox 1689 5070 1819 5140; x_wconf 84' lang='lat' dir='ltr'><strong>Ibid.</strong></span> 
     </span>
    </p>
   </div>
   <div class='ocr_carea' id='block_1_88' title="bbox 245 5137 1824 5210">
    <p class='ocr_par' dir='ltr' id='par_1_88' title="bbox 245 5137 1824 5210">
     <span class='ocr_line' id='line_1_88' title="bbox 245 5137 1824 5210; baseline 0.001 -19"><span class='ocrx_word' id='word_1_641' title='bbox 245 5152 365 5210; x_wconf 80' lang='lat' dir='ltr'><strong>pag.</strong></span> <span class='ocrx_word' id='word_1_642' title='bbox 399 5137 476 5194; x_wconf 74' lang='lat'><strong>29</strong></span> <span class='ocrx_word' id='word_1_643' title='bbox 511 5157 526 5192; x_wconf 87' lang='lat'><strong>:</strong></span> <span class='ocrx_word' id='word_1_644' title='bbox 562 5137 824 5210; x_wconf 75' lang='lat' dir='ltr'><strong>Puisqn’il</strong></span> <span class='ocrx_word' id='word_1_645' title='bbox 859 5152 933 5195; x_wconf 76' lang='lat' dir='ltr'><strong>est</strong></span> <span class='ocrx_word' id='word_1_646' title='bbox 976 5143 1245 5196; x_wconf 78' lang='lat' dir='ltr'><strong>démontré</strong></span> <span class='ocrx_word' id='word_1_647' title='bbox 1278 5140 1618 5208; x_wconf 82' lang='lat' dir='ltr'><strong>aujourd‘hui</strong></span> <span class='ocrx_word' id='word_1_648' title='bbox 1667 5139 1824 5210; x_wconf 82' lang='lat' dir='ltr'><strong>qu‘on</strong></span> 
     </span>
    </p>
   </div>
   <div class='ocr_carea' id='block_1_89' title="bbox 249 5209 1826 5282">
    <p class='ocr_par' dir='ltr' id='par_1_89' title="bbox 249 5209 1826 5282">
     <span class='ocr_line' id='line_1_89' title="bbox 249 5209 1826 5282; baseline 0.001 -21"><span class='ocrx_word' id='word_1_649' title='bbox 249 5209 462 5277; x_wconf 52' lang='grc' dir='ltr'><strong>πέρθαι</strong></span> <span class='ocrx_word' id='word_1_650' title='bbox 504 5209 849 5282; x_wconf 65' lang='grc' dir='ltr'><strong>ᾳρρτοίοηάὶν</strong></span> <span class='ocrx_word' id='word_1_651' title='bbox 888 5211 1138 5265; x_wconf 80' lang='lat' dir='ltr'><strong>l’liistoire</strong></span> <span class='ocrx_word' id='word_1_652' title='bbox 1173 5210 1497 5282; x_wconf 13' lang='lat' dir='ltr'><strong>qu’arl’aide</strong></span> <span class='ocrx_word' id='word_1_653' title='bbox 1533 5211 1622 5282; x_wconf 82' lang='lat' dir='ltr'><strong>des</strong></span> <span class='ocrx_word' id='word_1_654' title='bbox 1664 5213 1826 5262; x_wconf 70' lang='lat' dir='ltr'><strong>(toru-</strong></span> 
     </span>
    </p>
   </div>
   <div class='ocr_carea' id='block_1_90' title="bbox 248 5278 1825 5358">
    <p class='ocr_par' dir='ltr' id='par_1_90' title="bbox 248 5278 1825 5358">
     <span class='ocr_line' id='line_1_90' title="bbox 248 5278 1825 5358; baseline -0.002 -26"><span class='ocrx_word' id='word_1_655' title='bbox 248 5287 410 5358; x_wconf 61' lang='lat' dir='ltr'><strong>ntcnts</strong></span> <span class='ocrx_word' id='word_1_656' title='bbox 441 5278 744 5358; x_wconf 52' lang='lat' dir='ltr'><strong>erigimur,</strong></span> <span class='ocrx_word' id='word_1_657' title='bbox 776 5283 1029 5358; x_wconf 63' lang='grc' dir='ltr'><strong>βοαῖς]αυὶ</strong></span> <span class='ocrx_word' id='word_1_658' title='bbox 1057 5278 1248 5358; x_wconf 31' lang='grc' dir='ltr'><strong>ιιίάιιιὶις</strong></span> <span class='ocrx_word' id='word_1_659' title='bbox 1290 5281 1354 5333; x_wconf 87' lang='lat' dir='ltr'><strong>de</strong></span> <span class='ocrx_word' id='word_1_660' title='bbox 1393 5296 1473 5333; x_wconf 73' lang='grc' dir='ltr'><strong>σεε</strong></span> <span class='ocrx_word' id='word_1_661' title='bbox 1521 5281 1825 5358; x_wconf 62' lang='lat' dir='ltr'><strong>decurrimus</strong></span> 
     </span>
    </p>
   </div>
   <div class='ocr_carea' id='block_1_91' title="bbox 1929 4853 3513 4938">
    <p class='ocr_par' dir='ltr' id='par_1_91' title="bbox 1929 4853 3513 4938">
     <span class='ocr_line' id='line_1_91' title="bbox 1929 4853 3513 4938; baseline -0.007 -23"><span class='ocrx_word' id='word_1_662' title='bbox 1929 4853 2105 4938; x_wconf 66' lang='lat' dir='ltr'><strong>diciin</strong></span> <span class='ocrx_word' id='word_1_663' title='bbox 2140 4853 2494 4938; x_wconf 51' lang='lat' dir='ltr'><strong>scupconnent</strong></span> <span class='ocrx_word' id='word_1_664' title='bbox 2532 4863 2584 4938; x_wconf 73' lang='grc' dir='ltr'><strong>ὰ⁵</strong></span> <span class='ocrx_word' id='word_1_665' title='bbox 2609 4861 2762 4938; x_wconf 70' lang='lat' dir='ltr'><strong>peine</strong></span> <span class='ocrx_word' id='word_1_666' title='bbox 2795 4853 3104 4938; x_wconf 34' lang='lat' dir='ltr'><strong>(lexisicnce.</strong></span> <span class='ocrx_word' id='word_1_667' title='bbox 3145 4853 3201 4908; x_wconf 83' lang='lat' dir='ltr'><strong>Si</strong></span> <span class='ocrx_word' id='word_1_668' title='bbox 3243 4854 3344 4906; x_wconf 83' lang='lat' dir='ltr'><strong>l‘an</strong></span> <span class='ocrx_word' id='word_1_669' title='bbox 3389 4862 3513 4938; x_wconf 64' lang='lat' dir='ltr'><strong>venit</strong></span> 
     </span>
    </p>
   </div>
   <div class='ocr_carea' id='block_1_92' title="bbox 1929 4929 3513 5002">
    <p class='ocr_par' dir='ltr' id='par_1_92' title="bbox 1929 4929 3513 5002">
     <span class='ocr_line' id='line_1_92' title="bbox 1929 4929 3513 5002; baseline -0.008 -18"><span class='ocrx_word' id='word_1_670' title='bbox 1929 4933 2155 5002; x_wconf 78' lang='lat' dir='ltr'><strong>qu’enfm</strong></span> <span class='ocrx_word' id='word_1_671' title='bbox 2185 4929 2498 5001; x_wconf 55' lang='lat' dir='ltr'><strong>Ia&#39;jeuncsse</strong></span> <span class='ocrx_word' id='word_1_672' title='bbox 2533 4932 2604 5002; x_wconf 75' lang='lat' dir='ltr'><strong>ait</strong></span> <span class='ocrx_word' id='word_1_673' title='bbox 2635 4929 2724 4983; x_wconf 83' lang='lat' dir='ltr'><strong>des</strong></span> <span class='ocrx_word' id='word_1_674' title='bbox 2765 4935 2909 4989; x_wconf 77' lang='lat' dir='ltr'><strong>idées</strong></span> <span class='ocrx_word' id='word_1_675' title='bbox 2944 4930 3110 5002; x_wconf 58' lang='lat' dir='ltr'><strong>justas</strong></span> <span class='ocrx_word' id='word_1_676' title='bbox 3148 4939 3237 4976; x_wconf 78' lang='lat' dir='ltr'><strong>sur</strong></span> <span class='ocrx_word' id='word_1_677' title='bbox 3263 4929 3513 5002; x_wconf 34' lang='lat' dir='ltr'><strong>nulpasss</strong></span> 
     </span>
    </p>
   </div>
   <div class='ocr_carea' id='block_1_93' title="bbox 1931 4990 3576 5072">
    <p class='ocr_par' dir='ltr' id='par_1_93' title="bbox 1931 4990 3576 5072">
     <span class='ocr_line' id='line_1_93' title="bbox 1931 4990 3576 5072; baseline 0.002 -18"><span class='ocrx_word' id='word_1_678' title='bbox 1931 4990 2093 5072; x_wconf 52' lang='lat' dir='ltr'><strong>qu&#39;on&#39;</strong></span> <span class='ocrx_word' id='word_1_679' title='bbox 2127 4990 2273 5072; x_wconf 65' lang='lat' dir='ltr'><strong>[uia</strong></span> <span class='ocrx_word' id='word_1_680' title='bbox 2312 5005 2515 5056; x_wconf 82' lang='lat' dir='ltr'><strong>montré</strong></span> <span class='ocrx_word' id='word_1_681' title='bbox 2553 4999 2817 5072; x_wconf 78' lang='lat' dir='ltr'><strong>jusqu&#39;ici</strong></span> <span class='ocrx_word' id='word_1_682' title='bbox 2863 4990 2984 5054; x_wconf 62' lang='lat' dir='ltr'><strong>satis</strong></span> <span class='ocrx_word' id='word_1_683' title='bbox 3040 4993 3135 5072; x_wconf 70' lang='grc' dir='ltr'><strong>(1εῆ</strong></span> <span class='ocrx_word' id='word_1_684' title='bbox 3179 4990 3418 5072; x_wconf 53' lang='grc' dir='ltr'><strong>ξυιιίειξΐε</strong></span> <span class='ocrx_word' id='word_1_685' title='bbox 3470 4990 3576 5072; x_wconf 41' lang='grc' dir='ltr'><strong>ξίν</strong></span> 
     </span>
    </p>
   </div>
   <div class='ocr_carea' id='block_1_94' title="bbox 1930 5058 3516 5141">
    <p class='ocr_par' dir='ltr' id='par_1_94' title="bbox 1930 5058 3516 5141">
     <span class='ocr_line' id='line_1_94' title="bbox 1930 5058 3516 5141; baseline -0.01 -15"><span class='ocrx_word' id='word_1_686' title='bbox 1930 5058 2155 5141; x_wconf 71' lang='lat' dir='ltr'><strong>fiiusses,</strong></span> <span class='ocrx_word' id='word_1_687' title='bbox 2187 5071 2224 5124; x_wconf 79' lang='lat' dir='ltr'><strong>il</strong></span> <span class='ocrx_word' id='word_1_688' title='bbox 2255 5081 2338 5141; x_wconf 6' lang='lat' dir='ltr'><strong>est,</strong></span> <span class='ocrx_word' id='word_1_689' title='bbox 2359 5081 2520 5140; x_wconf 79' lang='lat' dir='ltr'><strong>temps</strong></span> <span class='ocrx_word' id='word_1_690' title='bbox 2549 5058 2614 5122; x_wconf 74' lang='lat' dir='ltr'><strong>de</strong></span> <span class='ocrx_word' id='word_1_691' title='bbox 2647 5058 2703 5141; x_wconf 65' lang='grc' dir='ltr'><strong>ζα</strong></span> <span class='ocrx_word' id='word_1_692' title='bbox 2753 5058 2942 5141; x_wconf 61' lang='grc' dir='ltr'><strong>γήρως</strong></span> <span class='ocrx_word' id='word_1_693' title='bbox 2968 5078 3033 5117; x_wconf 83' lang='lat' dir='ltr'><strong>en</strong></span> <span class='ocrx_word' id='word_1_694' title='bbox 3061 5060 3282 5141; x_wconf 63' lang='lat' dir='ltr'><strong>relation</strong></span> <span class='ocrx_word' id='word_1_695' title='bbox 3324 5058 3516 5141; x_wconf 64' lang='lat' dir='ltr'><strong>directe</strong></span> 
     </span>
    </p>
   </div>
   <div class='ocr_carea' id='block_1_95' title="bbox 1930 5128 3514 5209">
    <p class='ocr_par' dir='ltr' id='par_1_95' title="bbox 1930 5128 3514 5209">
     <span class='ocr_line' id='line_1_95' title="bbox 1930 5128 3514 5209; baseline 0 -21"><span class='ocrx_word' id='word_1_696' title='bbox 1930 5128 2052 5196; x_wconf 65' lang='lat' dir='ltr'><strong>&#39;miec</strong></span> <span class='ocrx_word' id='word_1_697' title='bbox 2073 5128 2298 5209; x_wconf 56' lang='lat' dir='ltr'><strong>ce&#39;passé</strong></span> <span class='ocrx_word' id='word_1_698' title='bbox 2322 5128 2610 5196; x_wconf 70' lang='lat' dir='ltr'><strong>lui-uiéme.</strong></span> <span class='ocrx_word' id='word_1_699' title='bbox 2639 5138 2739 5192; x_wconf 69' lang='lat' dir='ltr'><strong>Le:</strong></span> <span class='ocrx_word' id='word_1_700' title='bbox 2778 5128 3001 5209; x_wconf 33' lang='lat' dir='ltr'><strong>[émoin‘s</strong></span> <span class='ocrx_word' id='word_1_701' title='bbox 3025 5128 3280 5181; x_wconf 70' lang='grc' dir='ltr'><strong>οειιιαίνεδ</strong></span> <span class='ocrx_word' id='word_1_702' title='bbox 3302 5137 3412 5180; x_wconf 77' lang='grc' dir='ltr'><strong>δοηι</strong></span> <span class='ocrx_word' id='word_1_703' title='bbox 3442 5128 3514 5186; x_wconf 68' lang='grc' dir='ltr'><strong>ίάν</strong></span> 
     </span>
    </p>
   </div>
   <div class='ocr_carea' id='block_1_96' title="bbox 1930 5203 3056 5282">
    <p class='ocr_par' dir='ltr' id='par_1_96' title="bbox 1930 5203 3056 5282">
     <span class='ocr_line' id='line_1_96' title="bbox 1930 5203 3056 5282; baseline 0.003 -29"><span class='ocrx_word' id='word_1_704' title='bbox 1930 5203 2188 5282; x_wconf 61' lang='lat' dir='ltr'><strong>pourqitoi</strong></span> <span class='ocrx_word' id='word_1_705' title='bbox 2216 5225 2276 5282; x_wconf 74' lang='lat' dir='ltr'><strong>ne</strong></span> <span class='ocrx_word' id='word_1_706' title='bbox 2301 5227 2397 5274; x_wconf 84' lang='lat' dir='ltr'><strong>pas</strong></span> <span class='ocrx_word' id='word_1_707' title='bbox 2424 5212 2495 5266; x_wconf 85' lang='lat' dir='ltr'><strong>les</strong></span> <span class='ocrx_word' id='word_1_708' title='bbox 2527 5209 2660 5282; x_wconf 72' lang='lat' dir='ltr'><strong>faire</strong></span> <span class='ocrx_word' id='word_1_709' title='bbox 2690 5203 3056 5282; x_wconf 60' lang='lat' dir='ltr'><strong>enteudre</strong></span> 
     </span>
    </p>
   </div>
   <div class='ocr_carea' id='block_1_97' title="bbox 2005 5264 3119 5358">
    <p class='ocr_par' dir='ltr' id='par_1_97' title="bbox 2005 5264 3119 5358">
     <span class='ocr_line' id='line_1_97' title="bbox 2005 5264 3119 5358; baseline 0 0"><span class='ocrx_word' id='word_1_710' title='bbox 2005 5264 2117 5358; x_wconf 58' lang='grc' dir='ltr'>(δέ)</span> <span class='ocrx_word' id='word_1_711' title='bbox 2157 5264 2359 5358; x_wconf 48' lang='lat' dir='ltr'><strong>Primi):</strong></span> <span class='ocrx_word' id='word_1_712' title='bbox 2382 5264 2489 5358; x_wconf 60' lang='lat' dir='ltr'><strong>itii</strong></span> <span class='ocrx_word' id='word_1_713' title='bbox 2511 5264 2659 5358; x_wconf 70' lang='grc' dir='ltr'><strong>,ἑθάῖι</strong></span> <span class='ocrx_word' id='word_1_714' title='bbox 2689 5264 2757 5358; x_wconf 64' lang='lat'><strong>=1?</strong></span> <span class='ocrx_word' id='word_1_715' title='bbox 2770 5264 3119 5358; x_wconf 41' lang='lat' dir='ltr'><strong>ﬁta-‘95:;</strong></span> 
     </span>
    </p>
   </div>
   <div class='ocr_carea' id='block_1_98' title="bbox 3126 5332 3522 5358">
    <p class='ocr_par' dir='ltr' id='par_1_98' title="bbox 3126 5332 3522 5358">
     <span class='ocr_line' id='line_1_98' title="bbox 3126 5332 3522 5358; baseline 0 0"><span class='ocrx_word' id='word_1_716' title='bbox 3126 5346 3311 5358; x_wconf 58' lang='grc' dir='ltr'><strong>..Α-...Μ</strong></span> <span class='ocrx_word' id='word_1_717' title='bbox 3377 5332 3522 5358; x_wconf 64' lang='grc' dir='ltr'><strong>ιιι-ξηε-</strong></span> 
     </span>
    </p>
   </div>
  </div>
