4052 5358
537 316 608 370 εδ
1497 317 1718 374 CESTA
1767 319 2182 377 PONTIFICUM
2223 322 2832 382 CAMERACENSIUM.
3729 343 3803 398 Ξῖ

538 427 748 486 ιευοέὀε
782 421 1129 498 excipiendos
1161 435 1462 488 communis
1501 435 1770 490 commodi
1801 451 1988 504 causa,
2021 438 2114 494 sed
2145 451 2188 506 Α
2221 452 2326 506 que
2377 437 2627 510 regiones-
2663 458 2772 496 suo
2807 445 3035 514 imperio
3078 445 3370 520 adiungere
3417 454 3802 515 meditabatur.

535 524 700 577 etiam
727 523 892 578 vitam
919 525 1272 580 amittendam
1299 526 1644 581 estimarent.
1680 527 1811 593 Quae
1855 529 2110 584 nimirum

535 630 718 680 causa,
749 615 874 671 licet
902 632 1006 671 non
1035 617 1452 688 improperanda
1481 618 1726 672 videatur
1760 620 2006 676 extitisse
2042 651 2112 660 —

534 807 589 853 et
633 799 791 856 tectis
846 798 1188 855 silvestribus
1247 801 1457 856 abditos
1497 817 1566 856 ex
1610 802 1741 857 feris
1783 813 1839 859 et
1882 805 2113 860 inmani-

531 890 634 944 bus
661 890 820 945 mites
856 891 1096 947 reddiae
1119 901 1429 948 mansuetos
1456 925 1526 934 —
1566 894 1618 948 in
1663 896 1890 950 consilio
1933 905 2110 953 tamen

529 983 887 1052 providentizu
926 985 1232 1041 ordinantis
1256 988 1270 1017 ³
1321 987 1478 1057 longe
1518 989 1679 1044 altior
1718 1005 1897 1045 rermn
1947 1007 2108 1047 causa

529 1074 980 1143 portendebatur;
1020 1091 1114 1145 per
1155 1093 1315 1147 quam
1361 1080 1596 1134 humana
1643 1083 1951 1150 prudentia,
1983 1087 2108 1139 dum

529 1165 646 1219 suis
673 1166 956 1222 consulere
985 1158 1169 1223 usibus
1200 1173 1460 1238 putabat,
1491 1185 1894 1242 superventura:
1932 1186 2111 1246 poste-

529 1255 677 1310 ritati
706 1257 909 1312 utiliter
930 1261 1293 1326 ministraret;
1329 1262 1578 1317 videlicet
1599 1273 1659 1318 ut
1680 1266 1810 1334 ipsis
1837 1269 1951 1323 suis
1974 1284 2110 1324 mte-

527 1346 688 1403 nibus
710 1348 848 1404 nihil
870 1349 1013 1405 aliud
1035 1353 1358 1420 pretenderc
1384 1355 1713 1423 viderentur,
1737 1360 1842 1416 nisi
1863 1363 2107 1432 quaedam

531 1447 592 1492 ut
638 1439 713 1494 ita
751 1439 930 1496 dicam
971 1443 1118 1513 regia
1161 1444 1392 1500 aedilicia
1433 1457 1774 1519 construere,
1811 1453 1866 1508 in
1913 1456 2111 1524 quibus

529 1544 654 1585 mox
697 1531 878 1587 futura
920 1543 1107 1588 sancta
1140 1545 1312 1592 mater
1347 1540 1591 1596 recelesia
1618 1544 1969 1614 principalem
1995 1563 2108 1604 sua:

525 1621 807 1692 dignitatis
853 1640 1036 1681 arcem
1082 1635 1139 1681 et
1181 1631 1532 1699 apostolicam
1581 1636 1766 1692 sedem
1812 1638 2106 1697 obtineret.

525 1711 698 1770 llabet
736 1731 970 1786 namque
1009 1720 1440 1789 pentbatheucus
1479 1724 1672 1798 Moysi,
1697 1730 1848 1798 quia,
1875 1731 2109 1789 Hebreu-

526 1823 646 1861 rum
679 1809 878 1878 populo
903 1812 972 1866 ab
997 1810 1252 1883 Egyptia
1281 1814 1650 1875 dominatione
1668 1835 1941 1890 revocato,
1970 1827 2113 1882 Deus

525 1899 774 1955 civitates
826 1903 1066 1969 gentium
1127 1905 1482 1973 possidendas
1537 1914 1770 1970 misticis
1831 1916 2114 1975 beneﬁciis

524 1991 866 2059 promitteret
893 2003 948 2048 ct
973 1994 1222 2061 donaret,
1243 1996 1397 2066 juxta
1425 2000 1555 2058 illud
1583 2002 1889 2064 Psalmistte
1913 2024 1929 2063 :
1958 2030 1976 2062 ι
2006 2010 2112 2066 Dc-

525 2081 604 2136 dit
628 2082 732 2137 illis
761 2085 1301 2159 regionesgentium,
1330 2100 1385 2146 et
1407 2092 1622 2150 labores
1645 2100 1964 2168 populorum
1991 2117 2113 2172 pos-

524 2174 784 2230 sederunt
826 2175 1000 2247 (Psal.
1030 2194 1135 2244 etv,
1167 2181 1282 2251 44).
1323 2183 1477 2241 Unde
1512 2197 1568 2242 et
1613 2191 1854 2249 occiduas
1896 2207 2114 2265 quoque

524 2266 770 2336 regionis
793 2270 976 2335 urbes,
1018 2288 1154 2343 quas
1191 2276 1470 2344 gentilitas
1504 2283 1804 2341 muralibus
1843 2288 2112 2344 machinis

522 2365 578 2412 et
607 2359 760 2414 miris
783 2361 1154 2417 nobilitaverat
1179 2364 1428 2433 oliiciuis,
1460 2371 1633 2428 infusa
1661 2391 1760 2445 per
1788 2380 1975 2436 orbem
2004 2397 2110 2436 mc-

522 2445 686 2502 clesia
714 2448 860 2503 velut
891 2452 1052 2521 regia:
1083 2454 1381 2522 majestatis
1419 2475 1577 2518 arces
1616 2477 1865 2536 occupat.

594 2539 984 2596 ‘2.Comlilares
1046 2547 1251 2599 urbium
1311 2548 1585 2606 Cameraci
1643 2566 1691 2610 et
1747 2559 1983 2616 Atrebati
2019 2582 2105 2619 ηοω

520 2633 788 2702 sciuntur;
851 2641 1032 2696 Julius
1094 2661 1210 2699 vero
1271 2646 1434 2704 Cesar
1467 2691 1483 2717 ,
1551 2657 1811 2723 superatis
1887 2660 2107 2731 Alpibus

520 2731 568 2774 et
633 2725 802 2782 Gallis
866 2731 1176 2790 Atrebatum
1243 2755 1405 2809 usque
1469 2743 1744 2801 deueniens
1777 2788 1792 2813 ,
1858 2725 2106 2809 Cenaeum

521 2817 704 2870 ducem
731 2821 1048 2892 subjugavit.
1089 2826 1195 2882 Sed
1239 2829 1352 2887 haec
1386 2834 1452 2889 de
1475 2851 1635 2892 causa
1667 2840 2105 2902 aediﬁcandarum

520 2910 731 2964 urbium
755 2913 1042 2972 sulliciant.
1077 2919 1151 2974 De
1175 2926 1487 2983 auctoribus
1510 2945 1641 2986 vero
1669 2947 1859 2988 earum
1889 2935 2103 2994 dissen-

519 2999 602 3054 sio
625 3000 942 3074 plerumque
970 3008 1278 3078 invenitur,
1306 3015 1444 3072 adeo
1477 3028 1537 3073 nt
1566 3036 1663 3076 nec
1697 3025 1847 3078 urbis
1885 3028 2102 3095 quidem

520 3090 707 3146 Romae
735 3095 888 3166 origo
909 3097 1195 3168 diligenter
1218 3108 1390 3173 possit
1421 3111 1661 3178 agnosci.

519 3195 552 3235 a
576 3181 835 3273 :I'roj‘anis
857 3195 1020 3256 atque
1051 3191 1454 3264 Aboriginibus,
1479 3198 1568 3254 alii
1598 3201 1667 3255 ab
1695 3181 1966 3273 Evandro,
2009 3181 2100 3267 alii

520 3284 550 3322 a
576 3270 806 3329 Romulo
827 3290 948 3330 eam
974 3281 1244 3336 conditam
1290 3283 1458 3342 fuisse
1505 3301 1774 3346 asserunt.
1807 3270 1960 3353 Unde
2005 3315 2102 3356 nos

519 3378 624 3418 nec
670 3365 959 3424 historicos
1008 3387 1109 3427 nee
1163 3389 1618 3437 commentatores
1669 3386 1817 3440 varia
1863 3389 2103 3446 dicentes

517 3453 773 3525 imperite
833 3461 1232 3534 condempnare
1282 3469 1578 3537 debemus,
1638 3477 1762 3546 quia
1810 3482 2104 3551 antiquitas

518 3545 635 3614 ipsa
687 3551 894 3606 creavit
944 3568 1206 3612 errorem.
1238 3557 1344 3616 Sed
1392 3562 1436 3617 si
1478 3545 2098 3630 'tantzecivitatis-certa

519 3638 670 3692 ratio
691 3656 796 3694 non
821 3655 1066 3713 apparet,
1081 3664 1186 3702 non
1213 3651 1408 3706 mirum
1431 3654 1474 3707 si
1505 3655 1556 3708 in
1591 3656 1820 3713 aliarum
1849 3664 2101 3731 opinione

518 3726 815 3783 dubitatur.
863 3731 1130 3790 Facturus
1177 3737 1341 3805 igitur
1401 3743 1728 3799 mentionem
1784 3726 2096 3806 sanctorum

515 3825 766 3884 patrum,
789 3834 927 3888 quos
954 3825 1173 3892 provida
1196 3827 1298 3882 Dei
1330 3829 1611 3898 dispositio
1630 3836 1973 3893 Atrebatensi
2003 3856 2098 3895 seu

521 3903 903 3962 Camaraccnsi
950 3911 1206 3968 mcclesia:
1252 3931 1470 3985 preesse
1529 3925 1847 3991 constituit,
1903 3929 2096 3985 harum

521 3993 750 4050 duarum
775 3999 1084 4057 conditores
1130 4007 1344 4062 urbium
1378 4012 1581 4080 scripto
1604 4026 1864 4074 annotare
1897 4021 2098 4078 debue-

523 4098 661 4137 ram.
691 4084 798 4142 Sed
823 4089 949 4158 quia
976 4093 1193 4148 nomina
1245 4107 1337 4152 aut
1393 4105 1709 4160 memoriam
1757 4123 1942 4165 eorum
1996 4130 2096 4170 nec

519 4176 766 4235 historiae
799 4191 893 4236 aut
913 4185 1138 4240 annales
1161 4196 1254 4242 aut
1279 4191 1442 4246 etiam
1467 4193 1608 4251 fama
1633 4210 1906 4269 superstes
1933 4207 1953 4235 ²
1976 4221 2094 4261 ser-

520 4280 746 4334 vavere,
776 4269 954 4326 dehis
978 4276 1280 4332 consultius
1310 4282 1540 4338 reticere
1569 4289 1897 4354 censuimus,
1930 4310 2093 4364 quam

517 4353 826 4414 fabulosum
864 4362 993 4431 quid
1038 4365 1327 4424 coniicere.
1377 4371 1454 4426 De
1503 4377 1840 4444 temporibus
1879 4353 2094 4454 quoque

519 4447 860 4504 conditarum
885 4452 1076 4508 eadem
1101 4466 1313 4513 constat
1333 4462 1492 4528 ratio,
1518 4474 1575 4518 ut
1595 4480 1822 4535 quorum
1846 4447 2096 4532 auctores

520 4537 937 4604 nesciuntur,.et
966 4550 1204 4612 tempora
1227 4547 1518 4612 sileantur.
1547 4565 1732 4623 preter
1759 4561 1903 4629 quod
1950 4563 2094 4620 inter

519 4627 860 4696 antiquiores
899 4638 957 4684 et
989 4633 1283 4691 nobiliores
1328 4641 1488 4695 urbes
1528 4627 1845 4704 Atrebatum
1892 4668 2091 4713 nomen

517 4712 796 4781 obtinere,
841 4717 892 4772 si
917 4721 1041 4788 quis
1067 4721 1320 4780 historias
1361 4725 1486 4781 Julii
1513 4729 1732 4790 Cesaris
1774 4745 2088 4810 retexuerit,

518 4817 626 4903 non
675 4806 966 4903 ignorabit.
1006 4810 1107 4868 Hic
1147 4831 1380 4888 namque
1424 4829 1704 4893 postquam
1731 4833 1903 4888 totius
1930 4806 2090 4903 pmnc

511 4892 746 4949 orientis
773 4896 961 4954 orbem
988 4901 1234 4959 Romano
1249 4892 1586 4980 subjugasset
1611 4916 1854 4987 imperio,
1903 4892 2090 4996 reges-

520 4996 628 5051 que
670 4987 911 5055 gentium
980 4992 1292 5052 tributarios
1337 4997 1581 5070 fecisset,
1630 5007 1818 5066 videns
1869 4987 2010 5083 quod
2039 5017 2089 5071 ei

2221 527 2371 582 Unde
2400 531 2670 598 superatis
2712 533 2958 603 Alpibus,
3005 535 3282 608 Gallisque
3312 541 3334 573 ⁸
3372 543 3440 596 ad
3474 544 3805 604 deditionem

2167 637 2184 650 ν
2215 619 2420 674 coactis
2442 629 2534 674 aut
2563 623 2741 691 gladio
2790 627 3074 684 trucidatis
3097 669 3114 696 ,
3142 632 3284 686 forte
3308 632 3624 692 Atrebatum
3641 679 3658 704 ,
3682 654 3807 708 qua

535 721 643 762 non
675 706 820 762 enim
861 707 966 763 vile
996 707 1403 764 autabsurdum
1444 708 1639 773 fuerat,
1684 709 1930 764 homines
1969 714 2114 781 agris
2154 738 2166 754 ο

2215 721 2498 779 supererant
2541 713 2592 768 in
2624 719 2882 773 extremis
2907 718 3096 783 Galliae
3127 723 3357 792 ﬁnibus,
3387 738 3573 799 septus
3599 731 3808 787 milita-

2215 799 2370 855 ribus
2396 803 2568 870 copiis
2593 804 2829 860 devenit.
2863 807 2962 863 Cui
2992 826 3117 866 cum
3172 814 3344 879 cives,
3390 817 3593 874 Comeo
3622 821 3762 877 duce
3785 861 3802 890 ,

2213 889 2336 943 viro
2361 891 2570 948 militia:
2600 897 2800 952 veteris
2829 899 3116 969 stipendiis
3136 906 3354 976 egregio
3397 917 3452 961 et
3488 909 3664 979 gentis
3688 927 3806 967 sum

2213 991 2266 1036 et
2289 985 2477 1052 patria:
2499 986 2671 1042 salute
2694 988 3117 1060 ferventissimo,
3145 996 3464 1054 resisterent
3498 1018 3518 1053 :
3545 1001 3804 1070 indigna»

2217 1083 2322 1138 tus,
2346 1076 2488 1143 quod
2519 1076 2779 1134 Romana:
2805 1083 3058 1149 potentiae
3105 1087 3356 1142 resistere
3384 1091 3676 1150 auderent,
3713 1092 3804 1145 cui

2213 1171 2459 1218 extrema
2489 1164 2654 1221 ludia:
2679 1177 2965 1237 paterent,
3003 1172 3260 1245 Assyrius
3306 1187 3469 1248 atque
3507 1179 3806 1251 Egyptius

2211 1262 2490 1322 parerent,
2539 1253 2852 1312 Macedonia
2907 1270 2962 1316 et
3000 1265 3177 1319 omnis
3207 1264 3474 1321 Palestina
3507 1270 3658 1339 regio
3685 1285 3806 1324 ser-

2210 1341 2370 1407 viret,
2387 1341 2590 1404 Scotia.
2609 1359 2731 1414 qua
2757 1347 2900 1402 nihil
2917 1351 3078 1406 terris
3101 1352 3539 1425 debebat,atque
3559 1356 3812 1412 Saxonia

2211 1431 2490 1487 inaccessa
2521 1433 2806 1504 paludibus
2833 1447 2888 1493 et
2933 1439 3090 1496 inviis
3133 1452 3284 1511 septa
3321 1446 3652 1516 regionibus,
3678 1447 3810 1516 jam

2213 1526 2513 1592 tremebat,
2540 1536 2816 1596 postremo
2861 1531 3042 1585 omnia
3092 1530 3332 1600 subjecta
3361 1544 3512 1600 erat,
3541 1535 3644 1590 nisi
3676 1552 3810 1606 quas

2211 1615 2380 1671 nimio
2406 1625 2540 1671 mstu
2569 1626 2671 1677 aut,
2691 1618 2812 1688 geiu
2863 1619 3010 1674 invia
3060 1631 3215 1687 sunt,
3265 1634 3319 1677 et
3359 1625 3480 1679 ideo
3508 1634 3662 1679 extra
3689 1627 3804 1681 Ro-

2213 1718 2435 1760 manum
2497 1706 2814 1776 imperium,
2860 1709 2986 1779 quia
3039 1713 3228 1766 eadem
3287 1724 3443 1768 cura
3497 1715 3806 1771 humanum

2143 1794 2187 1854 Β
2216 1809 2402 1860 ustum,
2433 1825 2508 1836 --
2531 1798 2813 1866 superbis
2859 1799 3202 1870 indignatus,
3237 1803 3612 1860 vehementius
3651 1806 3810 1861 obsi-

2218 1883 2379 1939 dioni
2398 1885 2664 1941 incubuit.
2699 1885 3023 1948 Conﬂictum
3045 1891 3450 1960 promptissime
3473 1895 3542 1947 ab
3565 1902 3804 1964 utraque

2213 1983 2390 2042 parte,
2416 1975 2588 2031 donec
2611 1989 2945 2034 memoratus
2966 1978 3196 2036 Comeus
3217 1981 3262 2047 ⁸,
3286 1981 3515 2038 Romani
3537 1983 3807 2055 principis

2211 2063 2582 2122 fortitudinem
2610 2067 2885 2124 sustinere
2934 2083 3040 2124 non
3093 2070 3309 2137 valens,
3336 2088 3460 2128 cum
3497 2074 3708 2131 civibus
3729 2076 3812 2130 ad

2212 2153 2541 2210 deditionem
2570 2167 2876 2226 cogeretur.
2903 2159 3010 2213 Alii
3033 2160 3342 2218 rebellionis
3363 2179 3575 2232 ausum,
3602 2174 3656 2222 et
3681 2181 3805 2222 mo-

2211 2260 2304 2299 ras
2331 2246 2629 2301 obsidionis
2660 2248 2715 2302 in
2743 2248 2918 2303 virum
2950 2250 3113 2320 capiti
3144 2251 3484 2310 ulciscendas
3508 2255 3789 2311 acclama-

2209 2336 2359 2391 bant.
2375 2337 2460 2392 Fit
2485 2352 2816 2404 concursus,
2831 2339 2900 2394 ad
2920 2340 3038 2409 ejus
3064 2342 3400 2400 advenientis
3420 2347 3796 2416 spectaculum

2209 2426 2469 2482 Romanis
2499 2427 2914 2486 confluentibus.
2940 2431 3057 2486 Alii
3072 2433 3255 2490 videre
3279 2433 3546 2503 deiectum
3576 2437 3802 2492 deside-

2208 2516 2424 2578 rabant,
2453 2531 2614 2586 quem
2660 2517 2832 2591 paulo,
2861 2528 2987 2574 ante
3015 2520 3069 2574 in
3100 2521 3434 2590 amplissimo
3467 2525 3675 2578 honore
3702 2541 3807 2595 po-

2209 2599 2376 2653 situm
2401 2616 2625 2654 summa:
2654 2602 2736 2656 rei
2755 2617 2973 2670 preesse
2996 2602 3370 2672 intuebantur;
3394 2606 3483 2660 alii
3506 2608 3803 2666 certabant

2207 2689 2435 2746 illudere
2462 2701 2653 2761 capto;
2711 2692 2802 2747 alii
2850 2693 2996 2750 vices
3045 2710 3226 2750 rerum
3278 2698 3634 2754 humanarum
3683 2709 3798 2756 tam

2205 2779 2388 2835 varias
2417 2789 2578 2850 atque
2600 2781 2867 2840 ﬂexibiles
2899 2785 3256 2841 mirabantur.
3300 2786 3551 2858 Plerique
3577 2791 3800 2845 consul-

2209 2871 2316 2927 tius
2348 2872 2795 2942 ingemiscebant,
2821 2876 2910 2946 qui
2943 2876 2995 2930 in
3025 2878 3218 2933 alienis
3237 2880 3453 2935 casibus
3481 2880 3581 2936 sibi
3603 2883 3798 2936 eadem

2204 2977 2366 3032 posse
2389 2964 2642 3018 accidere
2670 2965 3018 3022 estimabant.
3047 2968 3214 3022 Cesar
3249 2985 3344 3039 pre
3372 2971 3568 3026 ceteris
3607 2986 3798 3025 move-

2205 3053 2365 3107 luitur-
2410 3054 2648 3124 ingenita
2696 3056 2861 3110 animi
2912 3059 3358 3126 mansuetudine,
3400 3061 3553 3115 illum
3584 3060 3790 3116 dudum

1696 3112 1831 3220 Eam
1857 3116 2097 3220 ρῖοτῖίῖιξξ
2125 3137 2168 3198 C
2203 3112 2516 3199 bellatorem
2574 3147 2900 3216 superbum,
2959 3112 3157 3204 subito?
3197 3112 3792 3220 potesta—t—ima—ddi—c—tum

2206 3233 2440 3290 hostium
2460 3273 2475 3299 ,
2505 3234 2668 3290 alieni
2697 3245 2863 3291 nutus
2907 3247 3110 3294 sortem
3141 3240 3378 3308 operiri,
3409 3241 3534 3296 vita:
3561 3241 3792 3296 naufra-

2203 3341 2352 3397 gum,
2376 3325 2587 3381 exulem
2635 3327 2769 3396 spei,
2802 3327 3070 3385 incertum
3097 3331 3312 3386 salutis.
3344 3331 3578 3386 Tantum
3611 3332 3796 3406 valere

2204 3424 2479 3470 momenta
2507 3415 2560 3470 in
2589 3415 2800 3486 preliis,
2832 3425 2890 3471 ut
2931 3419 3083 3473 brevi
3113 3434 3240 3475 casu
3273 3420 3518 3490 dispares
3555 3421 3640 3476 sui
3669 3423 3799 3477 red-

2203 3504 2356 3570 dant,
2387 3521 2510 3561 cum
2537 3515 2629 3561 aut
2670 3515 2916 3576 potentes
2937 3509 3296 3579 dejiciuntur,
3343 3518 3436 3564 aut
3483 3509 3668 3566 amicti
3700 3511 3782 3567 le-

2201 3605 2416 3651 vantur.
2444 3597 2629 3667 Itaque
2661 3613 2789 3666 pars
2829 3598 3056 3666 melior,
3101 3615 3287 3656 eorum
3318 3600 3527 3657 scilicet
3571 3603 3796 3672 quiho-

2203 3701 2334 3739 nore
2363 3687 2734 3754 potiebantur,
2790 3690 2841 3743 in
2899 3705 3037 3759 quos
3087 3692 3267 3760 potius
3309 3692 3529 3748 Cesaris
3561 3695 3800 3750 consilia-

2202 3773 2563 3840 reclinabant,
2595 3776 2808 3832 mitiora
2838 3781 3064 3835 consilia
3091 3783 3316 3837 dabant.
3337 3783 3569 3840 Maxima
3603 3796 3794 3843 tamen

2202 3865 2343 3933 apud
2365 3864 2617 3920 Cesarem
2642 3870 2819 3936 portio
2840 3871 3032 3926 salutis
3061 3873 3180 3928 viro
3221 3873 3320 3927 luit
3346 3874 3573 3932 devotus
3593 3880 3791 3947 patria:

2202 3952 2420 4008 animus
2441 3964 2494 4008 et
2515 3966 2756 4025 spectata
2779 3959 2832 4013 iu
2863 3962 3025 4016 rebus
3046 3963 3256 4020 bellicis
3278 3965 3468 4022 virtus.
3484 3969 3793 4028 Advertens

2201 4060 2435 4114 namque
2468 4047 2521 4101 in
2561 4062 2685 4103 eum
2736 4050 2868 4106 ﬁdei.
2882 4061 2935 4106 et
2969 4055 3173 4126 egregii
3203 4057 3368 4113 animi
3399 4065 3792 4132 constantiam,

2201 4135 2344 4191 inter
2369 4138 2574 4206 primos
2604 4141 2858 4198 militaris
2897 4147 3098 4216 negotii
3128 4147 3276 4204 viros
3317 4158 3373 4204 et
3398 4153 3576 4222 regios
3611 4157 3793 4210 consi-

2198 4226 2387 4284 liarios
2409 4233 2711 4299 promovit,
2747 4249 2845 4304 per
2882 4252 3040 4306 quem
3064 4240 3404 4309 postmodum
3449 4244 3617 4298 multa
3643 4255 3791 4303 stre-

2198 4333 2320 4373 nuae
2341 4319 2554 4378 virtutis
2602 4323 2830 4396 insignia
2873 4328 3108 4398 peregit.
3156 4328 3292 4385 Nam
3333 4331 3476 4387 bello
3501 4341 3796 4403 strenuus,

2197 4408 2426 4465 consilio
2446 4411 2641 4480 bonus,
2674 4431 2836 4486 quam
2859 4417 3170 4489 frequenter
3199 4421 3512 4480 innumeras
3540 4426 3783 4485 hostium

2125 4489 2173 4549 ε)
2198 4501 2385 4570 copias
2410 4518 2576 4574 parva
2605 4522 2766 4563 manu
2795 4509 3018 4576 fuderit,
3049 4526 3156 4567 non
3185 4521 3268 4568 est
3297 4517 3567 4584 presentis
3593 4533 3790 4586 perse-

2197 4595 2288 4664 qui
2315 4597 2536 4667 negotii.
2560 4598 2760 4655 Parent
2787 4599 2900 4670 (57)
2941 4612 3117 4657 autem
3152 4621 3323 4676 usque
3355 4610 3408 4661 in
3459 4608 3784 4668 hodiernum

2195 4691 2489 4745 constratis
2519 4692 2808 4762 aggeribus
2855 4692 2970 4748 loca
3021 4697 3161 4765 apud
3210 4698 3494 4755 Mariolum
3527 4702 3658 4775 (58),
3688 4706 3786 4760 ubi

2195 4776 2457 4833 Romanae
2491 4781 2635 4836 acies
2671 4792 2845 4837 castra
2880 4793 3237 4842 mctaverant.

2265 4870 2318 4923 '5.
2363 4869 2517 4934 Quod
2563 4870 2748 4927 Clodio
2804 4892 2898 4929 rex
2946 4877 3119 4932 missis
3182 4879 3599 4946 exploratoribus
3659 4899 3780 4939 cum

2197 4960 2386 5028 grandi
2415 4964 2644 5017 exercitu
2691 4963 3034 5021 Cameracum
3062 4969 3341 5039 ingressus,
3375 4973 3672 5026 Christianis
3699 4975 3782 5028 in-

2703 5058 2921 5084 ..Lei..-.3s
2995 5060 3230 5084 n--.:.-..-
3276 5063 3576 5084 l'-..------
3629 5063 3765 5084 --..l"

2199 5051 2422 5084 los-rant...
2469 5071 2498 5084 υ
2508 5057 2562 5084 -.ι
2572 5072 2645 5084 Α...
