4052 5358
252 266 317 322 35
1626 256 1825 313 LIBER

1947 254 2138 313 .IMUS.
3443 268 3515 321 26

262 388 431 431 tamen
458 388 661 429 nomen
688 384 742 429 et
768 373 968 428 famam
996 373 1243 430 obtinere
1266 388 1411 438 eam,
1448 388 1537 429 res
1561 374 1672 444 ipsa
1699 372 1837 427 indi-
1864 372 1915 432 Α
1943 371 2011 426 ab
2044 372 2126 427 eis
2149 374 2192 440 ',
2223 374 2309 430 cui
2332 362 2610 433 exercitus
2640 378 2832 434 fortior
2859 379 3238 435 comitabatur,
3273 379 3406 443 Tibi,
3437 401 3515 436 ιη-

262 475 356 528 cat,
382 468 532 535 quod
564 466 619 519 in
645 466 812 534 gestis
835 465 1179 534 antiquorum
1209 467 1409 534 scripta
1442 480 1583 535 saepe
1625 480 1835 519 memo-

262 564 405 611 ratur
427 556 473 610 '.
504 554 707 609 Narrat
737 556 865 610 item
891 554 1225 610 Francorum
1260 556 1505 622 historia,
1526 556 1667 626 quod
1691 563 1840 625 post-

261 663 411 719 quam
462 648 757 703 dominicae
800 648 1098 703 sanctionis
1136 649 1405 703 sententia
1449 649 1631 720 gentili
1662 649 1840 718 gladio

264 740 496 795 ferienda
508 739 687 795 Gallia
713 742 1033 804 traderetur,
1058 739 1271 797 Iustino
1290 741 1838 815 imperatore[(Gesta

262 849 303 886 r.
340 830 465 899 Fr.)
498 832 694 888 Clodio
725 848 819 887 rex
861 831 1141 887 habitabat
1183 834 1237 886 in
1282 832 1545 903 Disbargo
1591 834 1839 898 castello,

261 922 309 976 in
348 918 553 978 ﬁnibus
596 922 984 992 Toringorum,
1026 923 1249 993 regione
1284 923 1610 979 Germaniae.
1655 925 1712 979 In
1755 926 1839 980 his

260 1022 433 1067 autem
465 1012 742 1083 partibus.
771 1014 823 1067 id
853 1022 935 1067 est
962 1012 1029 1066 ad
1062 1013 1417 1067 meridianam
1456 1014 1667 1083 plagam
1702 1016 1837 1069 citra

262 1102 532 1167 Rhenum,
575 1102 899 1157 habitabant
949 1102 1180 1158 Romani
1231 1119 1401 1174 usque
1444 1104 1690 1172 Ligerem
1738 1104 1837 1158 ﬂu—

264 1191 421 1245 vium.
454 1189 615 1245 Ultra
652 1190 900 1261 Ligerem
939 1190 1160 1247 ﬂuvium
1198 1193 1358 1248 Gothi
1398 1195 1837 1250 dominabantur.

263 1278 675 1350 Burgundiones
695 1296 911 1351 quoque
934 1283 1289 1339 Arrianorum
1317 1296 1523 1341 sectam
1554 1299 1841 1357 sequentes

265 1372 578 1428 habitabant
625 1381 782 1429 trans
826 1374 1127 1439 Rodanum,
1179 1378 1321 1446 quod
1369 1378 1582 1447 adjacet
1630 1380 1839 1435 civitati

265 1463 631 1533 Lugdunensi.
655 1464 848 1519 Clodio
868 1478 1069 1532 autem,
1102 1469 1284 1523 missis
1308 1470 1746 1539 exploratoribus
1775 1473 1841 1527 ad

266 1553 449 1605 urbem
479 1551 863 1616 Cameracum,
902 1555 953 1609 in
987 1571 1093 1624 qua
1135 1556 1359 1612 Romani
1393 1560 1702 1615 habitantes
1726 1561 1839 1629 jam

265 1647 575 1702 christiana:
638 1648 916 1719 religionis
975 1650 1245 1705 culturam
1310 1652 1661 1717 exhibebant,
1725 1655 1843 1721 ipse

264 1747 444 1808 postea
496 1754 619 1794 cum
671 1740 863 1810 grandi
915 1742 1160 1797 exercitu
1213 1744 1458 1798 Rhenum
1506 1748 1744 1807 transiit.
1788 1761 1841 1803 et

266 1828 625 1885 Carbonarias
672 1830 972 1901 ingressus,
1027 1832 1425 1889 Tornacensem
1473 1836 1660 1890 urbem
1708 1838 1847 1891 obti-

264 1920 397 1975 nuit.
438 1920 649 1976 Exinde
690 1936 864 1991 ttsque
906 1921 974 1975 ad
1020 1920 1468 1978 Cameracensem
1521 1926 1707 1979 urbem
1756 1942 1847 1983 ve-

265 2011 438 2074 niens,
471 2026 647 2080 pauco
693 2010 956 2081 temporis
996 2012 1172 2080 spatio
1212 2013 1435 2079 resedit,
1468 2013 1845 2085 Romanosque

264 2114 397 2167 quos
429 2102 503 2155 ibi
537 2102 768 2165 invenit,
811 2103 1103 2158 interfecit.
1137 2105 1344 2160 Exinde
1372 2121 1545 2178 usque
1583 2108 1843 2165 Somnam

264 2188 480 2244 ﬂuvium
508 2192 849 2265 occupavit]

330 2280 386 2334 4.
430 2280 586 2347 Quod
615 2281 933 2348 Clodoveus,
965 2301 1057 2339 rex
1096 2296 1316 2355 quartus
1354 2304 1386 2340 α
1420 2287 1687 2352 Clodione,
1737 2288 1847 2344 Ra-

263 2370 606 2439 gnacfturittm
638 2373 1009 2426 consobrinum
1039 2391 1215 2440 suum,
1250 2392 1346 2443 pro
1374 2392 1435 2429 eo
1467 2378 1609 2446 quod
1641 2394 1758 2431 eum
1790 2380 1846 2433 in

265 2462 395 2513 urbe
413 2476 517 2513 non
543 2462 794 2530 suscepit,
828 2464 1187 2533 congressione
1211 2466 1393 2519 habita
1428 2467 1708 2534 interfecit.
1741 2467 1845 2523 Sed

264 2558 318 2602 et
342 2551 588 2619 ejusdem
622 2553 865 2609 historiae
901 2563 1081 2609 textus
1111 2554 1335 2621 indicat,
1364 2557 1508 2627 quod
1541 2556 1847 2613 Clodoveus

268 2655 360 2694 rex
419 2652 649 2709 quartus
695 2652 822 2713 post
868 2642 1201 2707 Clodionem,
1260 2645 1312 2698 in
1364 2647 1499 2701 urbe
1554 2645 1849 2703 Cameraco

266 2728 642 2797 ltagnachario
686 2735 1018 2789 consobrino
1080 2743 1176 2789 aut
1225 2744 1422 2805 nepote
1475 2751 1577 2792 suo
1625 2740 1849 2794 custode

268 2821 479 2887 relicto,
509 2823 562 2877 in
594 2824 756 2880 terris
780 2834 835 2881 et
858 2826 1192 2891 civitatibus,
1228 2843 1365 2898 quas
1398 2843 1570 2898 usque
1602 2830 1848 2885 Aurelia-

267 2927 392 2964 num
422 2915 732 2982 occupavit,
760 2916 1092 2971 morabatur.
1117 2915 1273 2971 Uudc
1300 2933 1422 2972 cum
1446 2920 1681 2988 quodam
1712 2929 1847 2976 tem-

1940 468 2152 535 quiunt,
2190 476 2383 537 tuoque
2418 466 2642 521 Farom‘.
2672 468 2899 524 Nescius
2932 470 3043 539 ipse
3081 468 3267 526 dolose
3308 470 3510 534 ﬁctum,

1941 567 2161 628 propter
2186 557 2451 612 Faronem
2473 559 2844 615 consiliarium
2866 575 3022 615 suum
3044 574 3203 629 quem
3223 560 3314 616 ille
3336 561 3513 617 Solum

1941 649 2264 717 posthabitis
2310 649 2672 717 palatinorum
2722 652 3055 721 primoribus
3094 669 3259 723 super
3302 653 3515 723 negotia

1942 737 2089 807 regni
2120 738 2496 800 constituerat,
2524 769 2595 778 —
2616 739 2682 793 de
2710 755 2837 808 quo,
2865 756 2989 795 cunt
3020 742 3263 797 muneris
3285 752 3376 795 aut
3409 742 3517 796 cibi

1938 827 2142 896 aliquid
2171 826 2390 880 allatum
2429 828 2590 894 foret,
2630 830 2811 885 dicere
2839 843 3197 886 consueverat
3225 851 3237 886 :
3270 832 3390 887 Sint
3415 833 3519 886 ista

1939 919 2069 971 mihi
2094 934 2308 988 meoque
2333 917 2535 973 Faroni
2554 951 2624 961 --
2648 922 2870 992 regibus
2895 923 3058 993 igitur
3083 926 3409 994 congressis,
3439 924 3517 979 hii

1941 1012 2217 1066 dominum
2255 1027 2411 1067 suum
2440 1012 2494 1067 in
2538 1014 2654 1083 ipso
2682 1014 2934 1071 conﬂictu
2977 1017 3151 1086 proelii
3188 1018 3341 1089 juxta
3383 1032 3517 1071 con-

1941 1109 2161 1154 ventum
2191 1101 2472 1167 deserunt,
2504 1102 2599 1171 ipsi
2628 1119 2722 1172 per
2747 1120 2913 1174 prona
2948 1104 3234 1175 fugientes,
3262 1106 3518 1161 simulato

1943 1199 2171 1253 terrore,
2242 1188 2493 1244 hostibus
2556 1200 2702 1261 terga
2765 1203 3005 1247 vertunt.
3074 1194 3515 1265 Comprehensus

1942 1280 2349 1351 Ragnacharius
2368 1280 2655 1335 occiditur.
2681 1282 3057 1340 Proditoribus
3078 1295 3279 1351 autem,
3298 1294 3520 1358 propter

1942 1374 2190 1428 vitiatum
2211 1390 2427 1438 aurum,
2450 1374 2735 1429 adversum
2762 1390 2942 1445 regem
2967 1379 3400 1439 susurrantibus.
3432 1377 3523 1434 ille

1945 1464 2283 1532 respondisse
2313 1465 2505 1528 fertur,
2534 1464 2623 1518 tali
2654 1480 2751 1520 eos
2792 1467 2992 1535 prcecio
3021 1468 3264 1533 meritos,
3300 1468 3391 1538 qui
3421 1468 3521 1523 do-

1945 1554 2146 1608 minum
2189 1569 2345 1608 suum
2386 1564 2578 1623 sponte
2619 1555 2685 1609 ad
2729 1565 2957 1611 mortem
2995 1557 3230 1622 ducunt;
3266 1558 3368 1613 hoc
3416 1558 3522 1612 illis

1945 1644 2086 1711 quod
2114 1645 2362 1699 viverent
2395 1645 2595 1699 debere
2623 1644 2889 1711 sufﬁcere,
2926 1661 2993 1700 ne
3031 1647 3359 1702 detestandae
3397 1662 3523 1717 pro-

1946 1736 2165 1791 ditionis
2212 1751 2399 1805 ptenas
2452 1736 2663 1791 luerent
2722 1737 2774 1790 in
2831 1739 3116 1793 tormentis
3163 1740 3205 1790 τ.
3261 1737 3518 1808 Legimus

1946 1833 2126 1881 autem
2155 1826 2207 1880 in
2244 1826 2412 1896 gestis
2444 1825 2737 1879 llemorum
2765 1825 3078 1896 pontiﬁcum
3114 1825 3305 1897 (FLon.
3341 1845 3378 1891 t,
3411 1828 3525 1900 l3},

1946 1918 2087 1987 quod
2124 1931 2249 1989 rege
2283 1916 2510 1988 prmfato
2541 1915 2832 1982 Cloduveo,
2867 1926 2927 1971 ut
2965 1919 3235 1987 posterius
3270 1918 3461 1988 liquet,
3494 1935 3526 1973 a

1946 2022 2134 2068 sancto
2172 2012 2421 2083 Remigio
2464 2027 2529 2068 ac
2577 2022 2768 2069 sancto
2821 2012 3051 2067 Vedasto
3090 2014 3365 2081 baptizato
3401 2029 3526 2067 cum

1946 2104 2227 2159 sororibus
2256 2104 2415 2158 simul
2438 2112 2493 2158 et
2523 2119 2647 2158 cum
2677 2119 2870 2174 magno
2894 2103 3230 2157 Francorum
3260 2103 3528 2167 exercitu,

1948 2212 2075 2266 pars
2118 2198 2337 2266 quidem
2377 2210 2574 2266 magna
2616 2194 2973 2260 Francorum,
3027 2194 3203 2248 adhuc
3248 2193 3532 2249 incredula

1950 2292 2178 2345 necdum
2202 2304 2488 2353 conversa,
2511 2302 2634 2343 cum
2663 2287 2767 2342 isto
2803 2285 3179 2355 ﬂagnaehario
3204 2285 3451 2355 principe
3474 2284 3528 2337 in

1946 2383 2080 2437 locis
2122 2391 2275 2435 trans
2307 2378 2567 2434 Somnam
2599 2376 2840 2442 ﬂuvium,
2885 2375 2938 2431 id
2976 2384 3058 2430 est
3088 2375 3140 2429 in
3174 2374 3306 2427 urbe
3338 2374 3532 2428 Came-

1950 2486 2097 2535 raco,
2146 2470 2198 2524 in
2244 2468 2567 2524 inﬁdelitate
2613 2466 2928 2535 aliquandiu
2970 2465 3307 2528 morabatur,
3355 2463 3531 2517 donec

1948 2574 2179 2632 superna
2228 2558 2400 2631 gratia
2454 2558 2792 2626 disponente,
2850 2555 2945 2611 sed
3002 2554 3272 2609 Clodoveo
3337 2554 3532 2607 trium-

1949 2653 2173 2719 phante,
2207 2651 2347 2705 idem
2374 2647 2801 2720 ltegnacbarius,
2832 2642 3161 2717 ﬂagitiorum
3193 2650 3433 2697 sectator
3463 2654 3530 2695 ac

1952 2740 2365 2811 tutpitudinum,
2396 2737 2609 2792 vinctus
2642 2751 2671 2789 a
2704 2734 2930 2790 Francis
2958 2742 3015 2788 et
3040 2748 3071 2787 a
3114 2733 3246 2797 suis,
3279 2741 3339 2786 ut
3369 2732 3530 2786 modo

1951 2838 2206 2900 diximus,
2262 2833 2497 2889 traditus
2550 2839 2636 2888 est
2686 2840 2741 2886 et
2799 2830 3193 2899 interemptus,
3244 2827 3533 2895 omnisque

1950 2927 2282 2981 Francorum
2316 2924 2544 2995 populus
2571 2922 2637 2976 ad
2659 2920 2860 2976 Christi
2887 2919 3044 2973 ﬁdem
3073 2933 3169 2988 per
3190 2917 3410 2972 beatum
3435 2916 3535 2970 Re-

266 3016 395 3069 pore
420 3014 811 3072 reverteretur,
837 3007 950 3076 ipse
973 3008 1385 3077 Baguacharius
1406 3013 1681 3065 mundano
1707 3014 1847 3067 fastu
1875 3046 1925 3108 ε
1955 3018 2172 3087 migittm
2214 3014 2551 3070 convertitur
2582 3020 2635 3068 et
2659 3009 3009 3081 baptizatur,]
3044 3010 3183 3063 sicut
3223 3009 3353 3063 inibi
3389 3008 3527 3079 legi-

265 3095 555 3163 superbus,
590 3106 797 3153 mutata
831 3100 937 3155 ﬁde
972 3102 1021 3155 ei
1061 3102 1214 3157 urbis
1254 3102 1563 3171 ingressu
1606 3106 1844 3175 negavit.

268 3184 364 3239 llic
412 3196 639 3257 propter
685 3189 1087 3246 obscenitatem
1131 3208 1343 3247 morum
1397 3203 1455 3247 et
1501 3193 1849 3249 insolentiam

266 3275 510 3333 Francos
538 3280 640 3334 sibi
676 3281 938 3337 adversos
965 3282 1189 3348 fecerat,
1223 3285 1460 3339 maxime
1490 3299 1589 3353 pro
1614 3301 1682 3341 eo
1706 3287 1850 3355 quod

270 3369 503 3441 [(Gnao.
544 3372 677 3428 Tun.
720 3390 783 3438 tl,
822 3375 914 3445 Ω)
962 3376 1180 3432 effrenis
1222 3378 1275 3431 in
1316 3376 1551 3441 luxuria,
1616 3376 1851 3433 Venerio

267 3463 401 3517 adeo
427 3463 677 3520 fervebat
708 3468 978 3531 incendio,
1008 3478 1067 3523 ut
1095 3483 1195 3524 nec
1220 3485 1250 3522 a
1276 3470 1474 3525 civium
1502 3486 1602 3526 nec
1631 3470 1853 3540 propin-

269 3568 500 3622 quorum
534 3558 856 3629 coniugibus
894 3574 1019 3615 suas
1069 3561 1455 3629 comprimeret
1502 3562 1847 3631 cupiditates.

272 3645 398 3711 Qua:
448 3647 670 3717 quidem
724 3649 776 3703 ei
832 3649 1021 3705 laatalis
1072 3651 1224 3706 exitii
1269 3667 1431 3707 causa
1469 3654 1666 3707 extitit.
1713 3652 1848 3709 Nam

271 3735 580 3803 huiusmodi
627 3738 839 3795 famoso
882 3740 1114 3797 ludibrio
1149 3742 1344 3797 Franci
1380 3742 1610 3808 eﬂ‘erati,
1654 3760 1850 3802 causas

270 3830 465 3897 quibus
487 3831 602 3900 regi
624 3832 849 3887 exitium
873 3842 1174 3889 maturetur
1194 3844 1433 3899 nectunt,
1457 3846 1849 3893 commentum-

270 3934 373 3987 que
400 3922 727 3989 proditionis
759 3922 1029 3980 Clodoveo
1065 3925 1179 3997 regi
1218 3925 1550 3995 signiﬁcant.
1576 3928 1677 3993 Qui
1719 3942 1849 3998 pro-

271 4010 452 4065 missis
475 4013 783 4083 proditores
798 4029 1182 4085 corrumpens,
1198 4017 1472 4072 subaerato
1486 4016 1679 4072 fefellit
1691 4033 1845 4073 auro.

271 4103 455 4162 Pactio
482 4107 602 4164 hmc
634 4108 757 4177 fuit,
792 4119 856 4164 ut
887 4125 1066 4182 regem
1097 4112 1343 4168 hostibus
1378 4117 1722 4184 congressuri
1752 4117 1849 4171 de-

269 4208 538 4254 sererent.
574 4201 799 4273 Sdmpta
842 4203 1025 4272 itaque
1056 4204 1123 4260 de
1149 4205 1262 4259 suis
1293 4220 1457 4260 manu
1504 4207 1703 4272 valida,
1728 4206 1849 4263 Clo-

270 4286 474 4346 doveus
508 4291 793 4349 adversum
832 4293 1267 4364 Ragnacharium
1307 4297 1478 4353 movit
1515 4299 1844 4364 exercitum;

1956 3122 2092 3160 mus.
2128 3105 2232 3159 Sed
2268 3104 2445 3173 potius
2491 3117 2589 3171 per
2633 3101 2852 3156 beatum
2887 3099 3179 3153 Vcdastum
3219 3097 3529 3160 credimus;

1954 3211 2247 3267 numquam
2275 3195 2420 3249 enim
2450 3202 2697 3248 sanctum
2723 3190 3027 3260 Remigium
3061 3190 3111 3243 in
3142 3188 3342 3243 nostris
3365 3187 3534 3257 parti-

1953 3290 2054 3344 bus
2081 3288 2302 3341 verbum
2347 3285 2439 3339 Dei
2482 3283 2680 3354 populo
2720 3280 3029 3350 predicasse
3057 3278 3384 3341 audivimus,
3432 3276 3527 3330 sed

1952 3382 2021 3435 ab
2053 3380 2142 3433 illo
2163 3388 2218 3432 et
2243 3392 2272 3429 a
2306 3391 2433 3445 rege
2468 3374 2679 3428 noviter
2714 3371 2992 3439 baptizata
3022 3368 3151 3423 huic
3181 3376 3379 3420 nostra:
3404 3366 3523 3419 urbi

1954 3474 2019 3527 ad
2054 3470 2474 3525 convertendam
2516 3474 2729 3535 gentem
2771 3463 3034 3517 directum
3078 3460 3299 3514 beatum
3350 3458 3529 3512 Vcda-

1952 3573 2096 3619 stum
2119 3559 2502 3630 cognovimus;
2536 3570 2704 3626 quare
2732 3554 2880 3609 illum
2922 3552 3081 3623 hujus
3113 3549 3314 3621 negotii
3346 3556 3539 3603 aucto-

1952 3671 2067 3711 rem
2096 3653 2388 3709 credimus.

2021 3750 2075 3803 5.
2117 3746 2308 3802 Sevitt'a
2340 3756 2665 3814 paganorum
2688 3748 2734 3793 et
2765 3738 2939 3791 clades
2962 3735 3333 3789 cristianorum
3357 3731 3537 3801 expri-

1951 3843 2130 3896 mitur.
2176 3838 2345 3909 lgitur
2393 3832 2654 3905 propositi
2703 3830 2888 3901 cperis
2931 3827 3071 3883 ratio
3115 3825 3306 3896 exigit,
3342 3832 3535 3893 patres

1950 3933 2234 4000 utriusque
2272 3929 2419 3984 sedis
2456 3925 2579 3981 stilo
2616 3921 2893 3995 prosequi,
2939 3920 3024 3974 vel
3079 3918 3277 3989 quibus
3319 3915 3411 3984 qui
3464 3911 3537 3967 ad

1949 4019 2263 4093 pontiﬁcale
2290 4017 2485 4073 solium
2516 4026 2853 4070 successere.
2882 4009 3050 4065 Porro
3076 4009 3176 4062 has
3205 4007 3338 4061 duas
3364 4003 3537 4057 fuisse

1951 4121 2152 4168 matres
2202 4107 2461 4165 :rcclesite
2505 4105 2684 4169 sedes,
2728 4109 2880 4157 certa
2926 4114 3014 4154 res
3066 4105 3169 4162 est,
3214 4111 3334 4166 qua:
3386 4107 3531 4147 nunc

1949 4206 2108 4261 unius
2135 4200 2369 4272 pastoris
2390 4194 2763 4254 moderamine
2787 4199 3081 4263 reguntur;
3106 4188 3250 4257 quod
3276 4184 3435 4239 facile
3456 4197 3527 4236 ex

1952 4291 2407 4364 descriptionibus
2430 4286 2670 4360 Dyonisii
2703 4297 2853 4355 papa:
2882 4278 3253 4350 perpenditur,
3281 4273 3371 4343 qui
3404 4272 3529 4364 uni-

273 4378 367 4445 Qui
398 4389 451 4434 et
478 4381 588 4449 ipse
618 4384 824 4439 directa
857 4363 975 4441 acie
1000 4386 1110 4456 regi
1142 4401 1434 4443 occurrere
1461 4400 1638 4457 parat.
1670 4363 1848 4445 Missis
1874 4375 1927 4437 Ῑ)
1955 4363 2138 4442 γετείεν
2164 4381 2460 4455 ριόνῖηοὶἱε
2508 4376 2748 4448 Singulas
2804 4373 2962 4430 Sedes
3004 4368 3240 4440 Ρτορτίίδ
3280 4363 3529 4457 ιβτηιῖηξε

271 4468 458 4540 itaque
485 4474 920 4544 exploratoribus
946 4479 1013 4533 ad
1039 4481 1512 4549 contemplandum
1542 4483 1845 4538 exercitum

264 4557 543 4627 Clodovei,
563 4580 669 4620 non
692 4568 928 4623 advertit
951 4568 1129 4623 dolum
1152 4571 1490 4638 nuntiorum,
1513 4573 1605 4641 qui
1625 4572 1851 4628 factiose

266 4654 380 4722 regi
434 4655 721 4712 audaciam
781 4674 850 4715 ex
911 4658 1211 4727 majoribus
1253 4662 1425 4730 copiis
1478 4662 1840 4718 suscitabant.

265 4737 591 4812 liujusmodi
629 4758 786 4803 erant
831 4751 997 4805 verba
1035 4751 1375 4818 nuntiorum,
1412 4769 1536 4808 cum
1573 4762 1843 4824 quaereret

1952 4454 2239 4540 discrevit;
2270 4475 2411 4529 sicut
2438 4470 2602 4526 etiam
2631 4467 2954 4523 Hincmarus
2991 4461 3279 4531 episcopus
3316 4456 3369 4510 in
3411 4454 3535 4507 suis

1952 4569 2105 4625 libris
2133 4558 2325 4623 difﬁnit
2354 4563 2485 4635 (59).
2529 4560 2689 4634 [Nota
2713 4557 2855 4629 quod
2877 4554 3004 4609 olim
3031 4545 3443 4635 Cameracensis
3471 4550 3531 4597 et

1952 4657 2327 4714 Atrebatcnsis
2355 4630 2475 4710 duae
2505 4630 2719 4707 fuerant
2744 4662 2863 4717 qua:
2899 4643 3059 4698 modo
3085 4639 3367 4694 uniuntur.
3397 4630 3551 4685 Hae

1951 4762 2136 4807 auctor
2171 4751 2279 4819 ipse
2308 4748 2383 4803 ita
2413 4746 2469 4799 in
2504 4741 2741 4798 murat’ne
2770 4732 3024 4804 addidit.]
3067 4730 3175 4785 llas
3209 4729 3346 4783 duas
3373 4720 3534 4778 sedes

1526 4926 1758 4982 νΑΙὶΙᾹΞ
1793 4926 2200 4987 LECTIONES.

302 5109 362 5189 ,⁸.
392 5106 640 5196 Posth’t‘rc
683 5111 739 5165 Ξ.
766 5111 843 5166 2‘.
872 5111 1077 5196 addunt
1102 5125 1122 5163 :
1150 5108 1315 5196 liber
1336 5110 1709 5196 na‘lﬂttllq,.fIlti
1728 5108 1952 5188 jnbenle
1984 5107 2356 5196 .Ilulio‘Cesarc
2403 5121 2473 5161 ex
2502 5095 3069 5196 senatusconsulti?

2665 5150 2910 5196 ζ’ζδῖᾖζᾴζ..
2945 5165 3056 5196 Ιηιυὶ
3087 5150 3289 5196 famosa
3336 5150 3531 5196 distin-
