4052 5358
522 317 584 372 27
1475 321 1696 380 GESTA
1737 324 2154 384 PONTIFICUM
2202 329 2284 386 CA
2295 329 2812 388 MERACENSIUM.
3699 329 3778 396 ‘28

519 433 708 488 beatus
733 429 1017 502 Vcdastus,
1053 435 1178 505 quia
1222 443 1346 506 post
1385 443 1466 490 tot
1509 435 1904 504 infestatioues,
1951 455 2090 508 quas
2125 445 2170 504 Α
2199 443 2325 511 quid
2377 444 2518 497 inter
2563 444 2726 514 Alpes
2766 451 2819 497 ct
2874 441 3184 504 Pirincum,
3237 446 3378 512 quod
3417 445 3664 504 Occcano
3721 461 3780 508 et

517 523 756 586 diximus
787 531 842 578 et
870 524 1065 582 dicturi
1097 541 1308 592 sumus,
1351 526 1644 596 plurimum
1685 537 1928 583 vastatas
1974 546 2096 598 rep-

517 615 680 682 perit,
728 613 829 669 sub
859 629 968 670 uno
1013 616 1278 684 regimine
1317 617 1579 674 cohibuit.
1623 617 1694 670 At
1733 633 1864 672 vero
1893 621 2096 688 primos

516 716 704 756 carum
725 711 908 771 patres
927 704 1172 772 qmedam
1197 706 1488 761 vetustatis
1513 706 1818 762 obscuritas
1849 723 1880 762 a
1908 719 2097 764 nostra

517 794 743 850 seclusit
763 797 1047 861 memoria,
1073 797 1237 852 immo
1259 814 1320 853 ea
1347 814 1466 868 quze
1495 803 1734 870 peccatis
1753 803 2098 872 exigentibus

518 885 813 940 Galliarum
849 885 1125 942 atcclesi'as
1155 902 1486 957 paganorum
1520 891 1830 958 persecutio
1867 892 2097 946 subver-

518 976 610 1040 tit;
642 991 764 1048 qua:
790 976 925 1032 adeo
967 979 1020 1032 in
1065 978 1444 1033 cristiauorum
1477 978 1730 1048 populum
1775 979 2096 1038 effcrbuissc

517 1063 732 1136 legitur,
760 1075 817 1120 ut
845 1067 1114 1132 cristiani,
1143 1068 1232 1137 qui
1267 1082 1329 1122 ea
1371 1076 1692 1137 tempestate
1731 1069 1964 1134 fuerant,
1997 1086 2097 1142 per

515 1154 740 1211 latibula
770 1157 951 1212 divina
980 1157 1318 1214 celebrarent
1349 1159 1614 1214 misteria.
1647 1159 1704 1216 Si
1733 1162 1824 1231 qui
1853 1172 2032 1218 autem
2063 1179 2093 1220 a

517 1247 742 1316 paganis
769 1249 1240 1318 repperiebautur,
1261 1261 1356 1304 aut
1383 1251 1700 1308 verberibus
1721 1253 2096 1310 adiciebantur

517 1345 610 1390 aut
639 1337 817 1406 gladio
844 1339 1284 1404 trucidabantur;
1315 1340 1464 1394 multi
1497 1341 1550 1394 in
1584 1342 1781 1411 spclcis
1816 1351 1910 1398 aut
1935 1343 2095 1402 fossis

516 1427 886 1484 subterraneis
910 1431 1020 1502 (60)
1049 1431 1300 1486 absconsi
1325 1429 1750 1488 suffocabautur.
1781 1433 1870 1490 Sic
1890 1437 2094 1490 obeun-

516 1517 660 1574 tibus
713 1519 1122 1584 sacerdotibus,
1182 1521 1490 1576 intermissa
1542 1537 1824 1578 sacrorum
1875 1525 2088 1592 cilicia;

515 1609 772 1678 quicquid
822 1610 889 1664 ad
935 1611 1074 1665 sacri
1119 1611 1298 1667 cultus
1345 1613 1746 1670 observantiam
1787 1618 2090 1685 spectabat,

515 1699 823 1756 remissmn.
857 1699 1297 1758 lucumbcntibus
1336 1703 1534 1768 ruinis,
1576 1703 1666 1758 alii
1700 1720 1759 1760 se
1803 1708 2091 1776 precipita-

2185 531 2390 586 aliheuo
2441 531 2762 596 includitur,
2819 533 3067 600 Quadus,
3125 534 3447 602 Wandalus',
3503 538 3774 606 Sarmata,

2195 619 2353 674 Alani
2376 659 2390 683 ,
2423 620 2656 690 Gipedcs
2675 661 2688 685 ,
2713 621 2929 677 l‘lcrucli
2951 623 2996 686 ⁸,
3032 623 3309 690 Saxones,
3335 627 3776 699 Burgundiones,

2197 709 2505 774 Alamanni,
2536 721 2588 766 et
2615 726 2648 766 ο
2671 712 2898 782 lugenda
2931 714 3231 784 respublica
3252 717 3278 769 ε’
3303 719 3486 774 hostes
3513 719 3777 778 Pannonii

2201 810 2568 856 vastaverunt.
2606 801 2814 856 Etenim
2847 803 3016 858 Assur
3045 806 3194 859 venit
3235 821 3357 860 cum
3399 808 3523 864 illis.
3559 809 3779 882 Magnu-

2199 893 2373 947 tiacus
2395 892 2590 948 nobilis
2611 893 2877 961 quondam
2909 893 3102 948 civitas
3127 907 3280 967 capta
3303 906 3466 968 atque
3493 900 3777 968 subversa,

2195 992 2253 1038 et
2305 983 2356 1036 in
2410 983 2650 1038 aecclesia
2717 984 2882 1038 multa
2935 985 3211 1039 hominum
3275 988 3421 1041 milia
3487 991 3776 1044 trucidata.

2197 1072 2530 1144 Wangioues
2578 1074 2736 1146 longa
2771 1075 3052 1130 obsidione
3095 1077 3281 1152 deleti,
3315 1081 3601 1136 [ternorum
3646 1085 3780 1139 urbs

2195 1175 2510 1234 prepoteus.
2545 1164 2858 1231 Ambianis,
2884 1166 3178 1222 Atrabalus
3223 1168 3382 1240 [Nota
3417 1173 3557 1239 quod
3589 1171 3780 1228 Hiero-

2197 1255 2379 1310 nimus
2431 1271 2552 1310 cum
2611 1255 2744 1311 aliis
2781 1257 3005 1312 urbibus
3080 1259 3497 1316 destructionem
3561 1278 3778 1334 quoque

2197 1345 2472 1399 Atrebatis
2519 1345 2743 1416 plangit.
2777 1345 2907 1402 Htec
2937 1355 3122 1400 auctor
3167 1349 3220 1401 in
3267 1349 3560 1422 margine],
3591 1363 3777 1410 extre-

2199 1433 2381 1503 mique
2416 1434 2691 1488 hominum
2737 1433 2947 1500 Morini,
2982 1437 3281 1502 Tornacus,
3320 1439 3569 1495 Nemetes
3599 1451 3779 1496 trans-

2199 1523 2321 1578 lata:
2371 1523 2423 1577 in
2472 1523 2840 1579 Gern'tauiam.
2882 1527 3186 1596 Aquitania:
3219 1544 3520 1600 novemque
3553 1534 3778 1602 pepule—

2203 1631 2318 1670 rum
2373 1615 2746 1686 Lugdunensis
2771 1625 2826 1670 et
2853 1617 3219 1674 Narbonensis
3261 1621 3550 1689 provincia:
3595 1633 3776 1692 preter

2201 1721 2404 1776 paucas
2446 1709 2608 1763 urbes
2647 1715 2842 1780 cuncta
2881 1709 3134 1780 populata
3169 1720 3314 1776 sunt,
3345 1727 3478 1781 quas
3526 1723 3581 1768 et
3629 1715 3777 1784 ipsas

515 1792 668 1856 haut,
719 1791 810 1846 alii
859 1792 1049 1862 patriae
1103 1792 1372 1848 incendiis
1431 1795 1836 1862 exurebautur;
1902 1799 2093 1866 paucis
2129 1796 2168 1854 Β
2201 1798 2332 1854 foris
2367 1798 2594 1868 gladius,
2627 1799 2772 1854 intus
2799 1811 2977 1854 vastat
3005 1800 3198 1866 fames,
3234 1823 3251 1854 ι
3285 1812 3336 1858 et
3369 1803 3594 1878 cetera.]

516 1893 697 1937 tamen
733 1897 902 1952 usque
940 1883 1008 1938 ad
1051 1883 1298 1937 ultimum
1343 1885 1394 1938 in
1440 1900 1540 1940 suo
1579 1901 1804 1942 munere
1835 1903 2094 1957 perseve-

517 1973 787 2038 rantibus,
827 1982 990 2044 atque
1031 1975 1260 2031 invicem
1299 1991 1358 2031 se
1403 1977 1764 2044 hortantibus,
1798 1995 1868 2036 ne
1903 1982 1957 2035 iu
2000 1999 2095 2051 po-

517 2063 838 2118 sterioribus
867 2074 1131 2134 ponerent
1151 2080 1320 2120 sacrae
1345 2066 1622 2138 religionis
1645 2066 1900 2135 cilicium,
1927 2087 2090 2141 quam

517 2154 707 2212 salutis
719 2157 1049 2226 praesidium.
1066 2157 1230 2212 Recte
1241 2172 1424 2214 secum
1437 2159 1544 2230 agi,
1559 2158 1603 2214 si
1620 2160 1800 2229 pietati
1818 2162 2095 2233 impende-

520 2257 662 2314 rent,
685 2249 1130 2319 quoddeheretur
1153 2251 1496 2318 necessitati;
1519 2252 1964 2322 pulcherrimum,
1981 2257 2024 2310 si
2041 2257 2094 2312 in

516 2339 703 2406 patria:
715 2339 833 2394 sinu
848 2340 1062 2409 sepeliri
1078 2339 1284 2396 liceret.
1299 2341 1435 2408 Quid
1449 2343 1592 2398 enim
1609 2342 1824 2411 juvaret
1846 2347 2094 2413 evadere,

515 2433 811 2502 ctsupersti
822 2441 926 2488 tem
941 2433 1121 2488 vivere
1133 2433 1378 2504 religioni
1393 2434 1414 2487 ?
1428 2433 1736 2489 Prcelarum
1755 2437 1932 2506 potius
1945 2454 2096 2493 com-

523 2523 658 2577 mori
707 2523 795 2593 pio
843 2523 1074 2578 muneri.
1103 2524 1255 2591 Quod
1283 2525 1328 2582 si
1355 2525 1498 2594 quis,
1523 2525 1744 2594 periculi
1791 2537 1934 2582 metu
1959 2570 1973 2592 ,
2004 2530 2092 2584 de-

523 2623 690 2678 serat,
721 2614 1066 2684 sacrilegium
1108 2623 1220 2678 est,
1270 2613 1316 2668 si
1348 2615 1468 2686 quis
1499 2615 1738 2686 impleat,
1771 2619 2096 2674 sacrilicium

519 2712 604 2758 est
631 2705 734 2772 pia:
758 2705 1026 2773 passionis
1049 2705 1298 2760 victoria.
1331 2704 1546 2760 lnfulati
1577 2707 1756 2776 itaque
1791 2709 2108 2767 sacerdotes

521 2795 662 2850 inter
708 2809 836 2850 suas
875 2795 1084 2852 hostias
1121 2795 1562 2862 immolabantur,
1591 2806 1648 2852 et
1697 2799 1878 2854 amicti
1910 2815 2095 2856 sacer-

520 2885 791 2942 dotalibus
816 2886 970 2942 stolis
993 2887 1134 2942 iuter
1160 2902 1388 2958 corpora
1423 2888 1726 2944 occisorum
1755 2890 1904 2944 humi
1947 2890 2096 2960 jace-

519 2975 672 3031 bant.
705 2977 810 3033 Sed
855 2994 955 3036 nec
999 2979 1174 3036 solum
1209 2979 1264 3034 in
1293 2980 1464 3036 sacris
1492 2980 1755 3037 ministris
1787 2989 1934 3038 tanta
1966 2994 2102 3039 stra-

519 3084 617 3138 ges
645 3068 978 3136 desevicrat,
1007 3070 1101 3126 sed
1150 3079 1206 3126 et
1247 3070 1512 3141 reliquum
1560 3072 1752 3143 vulgus
1796 3074 2096 3132 miserrima

520 3161 655 3216 cede
683 3161 985 3218 cruciabat.
1019 3160 1264 3216 Humana
1289 3139 1471 3232 itaque
1499 3139 1702 3231 pariter
1729 3174 1892 3234 atque
1915 3167 2098 3222 divina
2127 3139 2172 3200 δ

525 3253 962 3310 tuaculahantur.
1015 3253 1204 3309 Nonne
1254 3264 1310 3310 et
1351 3253 1418 3310 de
1469 3255 1556 3310 bis
1603 3255 1814 3311 dixerat
1867 3258 2034 3314 David
2084 3275 2099 3314 :

538 3343 803 3400 Venerunt
854 3357 1036 3416 gentes
1063 3347 1138 3399 .in
1183 3345 1520 3400 hereditatem
1576 3357 1759 3414 luant,
1803 3349 2102 3418 polluerunt

524 3437 774 3508 templum
816 3448 1056 3492 sanctum
1089 3448 1268 3503 tuum,
1305 3449 1589 3506 posuerunt
1641 3441 1886 3496 mortalia
1931 3459 2104 3498 cervo-

524 3544 642 3582 rum
676 3539 884 3582 tuorum
912 3545 1056 3583 escas
1101 3529 1401 3583 volatilibus
1429 3528 1578 3595 carli;
1623 3531 1924 3600 eﬂ'uderunt
1973 3551 2100 3588 sau-

523 3620 730 3690 guinem
770 3637 948 3674 eorum
981 3619 1116 3674 velut
1165 3637 1356 3690 aquam
1403 3621 1457 3674 in
1491 3622 1712 3676 circuitu
1749 3623 2101 3692 Hierusalem,

523 3721 572 3767 et
605 3727 708 3765 non
733 3721 846 3765 erat
879 3713 968 3780 qui
1005 3710 1242 3780 sepeliret
1285 3708 1457 3780 (Psal.
1495 3726 1696 3765 Lsxvut
1717 3751 1736 3776 ,
1767 3713 1904 3782 1-5).
1933 3713 2104 3768 Simul

521 3802 668 3858 enim
709 3811 838 3856 tunc
866 3811 922 3856 et
954 3811 1143 3872 gentes
1175 3811 1438 3855 venerunt
1485 3801 1536 3856 iu
1593 3803 1946 3858 hereditatem
1985 3805 2099 3872 Dei,

521 3908 644 3964 quae
690 3893 968 3950 auferrent
1013 3892 1228 3958 omnia,
1259 3901 1313 3946 et
1359 3892 1556 3962 templa
1595 3893 1686 3948 Dei
1725 3893 1925 3963 polluta
1978 3905 2104 3951 sunt

521 3985 774 4042 manibus
801 3986 1090 4058 impiorum
1117 3993 1172 4042 et
1213 3983 1478 4055 insepulta
1519 3983 1808 4052 jacucrunt
1837 3986 2098 4053 cadavera

521 4077 952 4142 interfectorum,
991 4077 1060 4131 ad
1097 4089 1277 4130 escam
1313 4074 1492 4128 avium
1529 4085 1584 4130 et
1627 4075 1918 4130 bestiarum
1949 4091 2102 4131 vora-

521 4166 764 4222 citatem.
797 4165 1011 4220 Eli'usus
1056 4165 1298 4235 sanguis,
1327 4175 1388 4220 ut
1429 4172 1707 4235 stagnaret
1735 4164 1787 4220 in
1822 4166 2100 4237 templum,

523 4259 740 4322 deesset
763 4258 852 4328 qui
883 4257 1167 4328 sepeliret;
1197 4256 1323 4326 quia
1351 4271 1378 4309 a
1411 4256 1717 4311 viventibus
1757 4256 1806 4308 in
1837 4267 2102 4322 mortuos,

524 4365 556 4404 a
588 4349 898 4412 mortuisiu
922 4363 1018 4404 eos
1039 4348 1130 4418 qui
1161 4347 1336 4402 adhuc
1376 4347 1645 4412 viverent,
1687 4347 1838 4402 furor
1861 4349 2104 4405 transfe-

523 4440 764 4496 rebatur.
792 4439 1048 4495 Solvebas
1069 4437 1242 4494 Gallia
1267 4438 1500 4506 antiquae
1521 4437 1750 4493 feritatis
1773 4441 2098 4496 mercedem.

2271 1891 2324 1946 6.
2371 1889 2598 1944 Sanctus
2658 1889 2931 1958 Vedaslus,
2977 1892 3154 1946 divina
3205 1894 3460 1962 dirigente
3505 1897 3674 1963 gratia
3719 1900 3776 1952 in

2197 1980 2335 2036 lianc
2385 1980 2701 2048 provinciam
2751 1980 3042 2045 deueniens,
3091 1978 3404 2036 Clodocenm
3453 2001 3655 2055 regem,
3711 1988 3778 2042 ob

2199 2080 2436 2124 eventum
2479 2069 2598 2123 belli
2627 2071 2799 2124 minus
2841 2072 3074 2141 prosperi
3120 2072 3188 2125 ad
3235 2073 3431 2128 cultum
3476 2077 3776 2132 christiana:

2200 2157 2325 2226 ﬁdei
2359 2170 2618 2222 coactum,
2647 2159 2716 2212 ad
2741 2170 2980 2214 sanctum
3013 2159 3308 2230 Remigium
3334 2163 3476 2217 ducit
3505 2164 3777 2234 baptizan-

2200 2252 2345 2306 dum.
2381 2253 2566 2321 itaque
2613 2251 2740 2305 dum
2791 2253 2906 2307 inec
2951 2253 3218 2310 tiranuica
3267 2257 3443 2312 rabies
3479 2257 3531 2311 iu
3574 2258 3775 2314 Christi

2201 2343 2504 2398 mcclcsiam
2559 2343 2856 2410 dcsevirct,
2911 2342 3007 2398 fuit
3061 2345 3255 2400 civitas
3316 2347 3602 2402 Atrebates
3659 2349 3778 2405 sine

2199 2433 2444 2504 principe
2478 2435 2766 2490 sacerdotii
2800 2451 2968 2505 usque
2993 2437 3061 2491 ad
3092 2447 3303 2507 tempus
3331 2441 3502 2494 sancti
3539 2441 3774 2496 Vedasti.

2201 2521 2466 2578 AScclesia
2497 2525 2793 2589 destructa,
2829 2525 2977 2580 locus
3023 2527 3074 2579 iu
3109 2529 3456 2584 solitudinem
3502 2535 3774 2594 redactus,

2197 2611 2436 2666 ferarum
2467 2613 2729 2668 habitatio
2756 2613 2931 2670 factus
2959 2625 3058 2670 est.
3085 2615 3270 2687 [(Vita
3297 2617 3358 2672 S.
3393 2617 3648 2690 Vedotti.)
3677 2621 3781 2677 llic

2201 2709 2421 2756 sanctus
2453 2701 2542 2754 Dei
2581 2700 2860 2758 confessor
2901 2712 2959 2758 et
2988 2705 3236 2774 egregius
3279 2706 3606 2776 predicator,
3641 2717 3776 2764 tem-

2199 2791 2422 2862 poribus
2469 2791 2748 2848 fortissimi
2793 2793 2936 2864 regis
2983 2803 3112 2850 tunc
3143 2798 3401 2868 temporis
3445 2799 3776 2855 Francorum

2201 2883 2474 2952 Clodovei,
2497 2886 2550 2938 in
2575 2885 2672 2940 has
2697 2885 2875 2941 divina
2905 2887 3169 2957 dirigcnte
3189 2889 3360 2960 gratia
3387 2890 3455 2944 ob
3486 2893 3778 2946 nntltorum

2203 2975 2430 3032 salutem
2473 2978 2720 3046 pervenit
2765 2977 3057 3050 regiones]
3095 2978 3261 3050 Cujus
3313 2981 3388 3036 rei
3437 2983 3683 3037 ordinem
3720 2993 3778 3037 et

2203 3084 2457 3134 causam,
2480 3078 2739 3140 quantum
2788 3069 3025 3126 brevitas
3061 3072 3286 3140 patitur,
3323 3073 3446 3128 stilo
3485 3089 3782 3145 prosequa-

2205 3175 2348 3214 mur.
2401 3159 2566 3216 l‘orro
2617 3171 2946 3216 memoratus
2995 3164 3245 3233 princeps
3298 3164 3558 3219 fauaticis.
3599 3167 3782 3221 adlmc

2206 3253 2490 3308 tenebatur
2543 3254 2818 3310 erroribus
2871 3253 3170 3319 involutus,
3219 3253 3333 3326 [sed
3382 3263 3501 3310 erat
3544 3255 3592 3310 ei
3641 3271 3782 3310 uxor

2205 3343 2460 3414 religiosa
2505 3343 2867 3414 haptismique
2919 3346 3274 3401 sacramentis
3325 3345 3558 3412 initiata,
3609 3347 3783 3403 Crho-

2207 3435 2392 3492 tltildis
2437 3435 2656 3490 nomine
2703 3433 2800 3506 (ν.
2853 3433 3071 3508 νεά.),]
3109 3435 3220 3490 ﬁlia
3269 3437 3560 3505 Chilperici
3615 3437 3780 3507 regis,

2203 3542 2362 3596 quem
2389 3525 2771 3584 Gundebaldus
2800 3541 2891 3581 rex
2925 3526 3094 3582 frater
3113 3527 3233 3595 ejus
3255 3529 3388 3582 ortis
3416 3527 3778 3584 simultatibus

2205 3617 2570 3680 interfecerat.
2605 3616 2730 3672 Huic
2769 3618 3223 3672 christianissima
3259 3619 3442 3686 regina
3476 3632 3657 3688 regem
3688 3633 3782 3671 co-

2206 3710 2334 3764 ti.lie
2379 3709 2774 3772 hlandicbatur,
2819 3710 3052 3764 suadens
3083 3712 3150 3764 ab
3190 3711 3451 3765 idolatriae
3479 3710 3686 3764 cultura
3715 3711 3790 3764 ad

2203 3800 2364 3854 unius
2391 3799 2504 3853 veri
2549 3799 2645 3854 Dei
2684 3799 2888 3854 cultum
2931 3801 3204 3864 converti,
3256 3809 3314 3853 ut
3361 3817 3457 3869 per
3501 3801 3790 3854 mulierem

2205 3888 2414 3942 lidclem
2449 3887 2755 3943 salvaretur
2781 3889 2866 3942 vir
2893 3886 3124 3942 inﬁdelis
3157 3887 3204 3957 (l
3237 3889 3360 3941 (.‘or.
3393 3904 3500 3952 vn,
3529 3887 3638 3958 14).
3675 3888 3780 3942 Sed

2205 3996 2298 4034 rex
2339 3980 2540 4048 reginas
2569 3981 2854 4035 consilium
2886 3981 3064 4034 minus
3093 3980 3366 4043 audiebat,
3403 3981 3526 4047 quia
3555 3981 3780 4034 deorum

2203 4088 2422 4127 Slloi‘illll
2471 4073 2676 4131 auxilio
2719 4074 2834 4128 lieri
2879 4074 3166 4129 eSIimahat
3209 4074 3260 4127 in
3317 4073 3567 4128 omnibus
3591 4073 3633 4136 9,
3663 4087 3785 4141 qua:

2204 4165 2304 4220 sibi
2342 4181 2602 4236 prospere
2645 4167 2910 4223 accidisse
2954 4167 3290 4221 videbantur.
3320 4164 3494 4219 Anxia
3533 4165 3598 4218 de
3641 4165 3784 4235 regis

2203 4259 2382 4327 potius
2425 4258 2600 4313 salute
2645 4273 2805 4328 quam
2855 4259 2922 4313 de
2967 4257 3114 4328 regni
3159 4256 3402 4326 potentia
3447 4255 3660 4323 regina,
3692 4257 3780 4308 ubi

2204 4349 2392 4403 Salutis
2418 4350 2586 4404 consil
2613 4365 2704 4404 unt
2731 4365 2912 4420 regem
2947 4349 3334 4418 contempsisse
3361 4347 3536 4409 videt,
3570 4344 3684 4398 dari
3715 4346 3784 4400 ab

2205 4441 2431 4498 Excelso
2477 4442 2713 4511 postulat
2755 4441 3140 4512 oportunitatis
3187 4448 3474 4501 eventum,
3533 4453 3639 4508 quo
3699 4435 3782 4490 vel

526 4534 593 4590 Si
617 4533 738 4602 quis
776 4548 1040 4588 caesorum
1079 4542 1314 4603 stragem
1359 4539 1670 4594 recenseat,
1717 4521 2024 4588 Babilonios
2049 4535 2100 4588 in
2133 4504 2179 4562 ί)
2207 4532 2288 4588 sic
2321 4550 2412 4588 rex
2445 4533 2753 4603 compulsus
2781 4533 2972 4588 salutis
3017 4547 3128 4586 sua:
3155 4539 3392 4586 sumeret.
3419 4529 3779 4583 occasionem.

527 4625 860 4682 Hierusalem
887 4623 1178 4680 revertisse
1203 4622 1514 4677 arbitretur.
1563 4620 1784 4692 [(Fton.
1816 4639 1855 4687 I,
1884 4623 1962 4694 6.)
1991 4623 2100 4677 llu-

520 4717 612 4787 jus
653 4714 1050 4786 persecutionis
1099 4713 1346 4770 meminit
1401 4713 1591 4770 beatus
1645 4711 1985 4768 llieronimus
2049 4715 2102 4769 in

523 4810 754 4882 epistola
777 4809 844 4865 de
863 4809 1224 4880 monogamia,
1246 4809 1372 4864 dum
1393 4807 1690 4863 barbaricae
1712 4811 2102 4878 persecutionis

525 4901 801 4974 planctum
831 4899 1032 4955 faceret
1063 4901 1130 4952 ad
1159 4897 1554 4968 Aggerundiam
1591 4900 1823 4954 nobilem
1861 4901 2100 4968 viduam,

525 4993 824 5048 exhortans
850 5005 969 5046 eam
1014 4989 1080 5044 de
1115 4988 1516 5057 perseverantia
1559 4988 1854 5055 viduitatis,
1885 4991 1958 5044 ita
1992 5007 2106 5044 mc-

526 5081 790 5122 mnmmln
821 5081 962 5122 intnr
1003 5089 1183 5122 cetera
1214 5093 1228 5122 ε
1269 5096 1288 5122 ι
1321 5077 1748 5122 Innumerabiles
1795 5088 1850 5122 nl,
1881 5077 2104 5122 fornnic-

2210 4623 2342 4696 [(V.
2379 4623 2528 4695 ναι.)
2561 4624 2762 4679 Bellum
2793 4624 2976 4693 itaque
3001 4639 3090 4678 rex
3123 4619 3432 4675 Alemannis
3457 4618 3662 4680 indicit,
3691 4618 3783 4670 sed

2211 4715 2527 4783 imparatos,
2557 4723 2617 4767 ut
2647 4713 2846 4774 voluit,
2877 4727 2982 4766 non
3009 4711 3256 4766 oll‘endit.
3297 4710 3430 4762 Nam
3462 4708 3534 4761 hii
3561 4707 3782 4760 collecta

2209 4820 2368 4858 manu
2401 4805 2596 4868 valida,
2626 4819 2768 4858 circa
2814 4802 2960 4872 ripas
2991 4801 3162 4856 Rheni
3191 4799 3428 4853 illuni-uis
3455 4796 3569 4866 regi
3597 4810 3782 4849 occur-

2211 4879 2394 4959 rere,‘
2423 4894 2762 4963 patriamque
2807 4907 2959 4946 suam
3008 4889 3198 4945 bellica
3251 4887 3452 4942 virtute
3498 4883 3786 4940 defendere

2212 4984 2519 5056 temptant.)
2563 4983 2828 5038 invocatis
2874 4985 2940 5036 ad
2989 4980 3247 5034 auxilium
3299 4977 3442 5047 regis
3492 4973 3595 5029 diis
3639 4971 3781 5035 suis,

2211 5076 2402 5122 Frmmi
2457 5075 2508 5122 in
2564 5077 2678 5122 insn
2730 5072 3129 5122 congressionis
3189 5079 3448 5122 atinaratu
3505 5067 3786 5122 coeperunt
