4052 5358
267 284 337 341 29
1635 278 2171 344 ιΙΒΕἰὶῐῚῖηἱῐῖε.
3475 279 3546 338 50

267 395 428 458 simul
458 413 515 456 et
564 382 862 456 fb'rmldi‘ne
901 390 1146 456 dissoluti
1170 443 1184 466 ,
1234 391 1354 457 vita:
1386 398 1580 473 potius'
1601 392 1857 474 despero:
1887 403 1934 462 Α
1964 396 2184 455 saiict'ii's
2212 405 2342 456 vero
2380 400 2647 456 Vedastus
2677 403 2800 454 cum
2830 401 2991 457 beato
3018 395 3264 475 Remigio
3291 396 3401 476 ‘pe'r
3449 405 3551 459 alin

269 495 608 560 tionequam
651 491 897 546 victoria)
941 491 1223 561 dispendio
1262 493 1477 562 agitari.
1516 491 1714 548 Videas
1765 509 1856 550 rex

265 582 544 652 palantem
595 580 918 646 exercitum,
965 596 1128 651 supra
1181 583 1291 636 vim
1335 584 1561 638 terroris
1604 585 1857 638 virtutem

268 672 434 726 animi
482 685 703 738 gerens,
733 671 983 740 prohibet
1014 672 1282 741 trepidare
1319 673 1549 738 milites,
1585 674 1860 742 magisque

265 764 317 819 in
345 763 583 832 prelium
613 763 885 825 accendit,
923 777 991 816 ne
1021 763 1156 817 tanti
1190 763 1510 819 estimarcnt
1542 765 1732 819 mortis
1766 779 1860 833 pe-

267 850 504 906 riculum
538 866 704 920 quam
735 850 919 920 gloriae
948 852 1301 923 triumphum.
1332 852 1450 923 Ipse
1481 855 1662 923 itaque
1688 854 1861 923 signi-

263 944 347 997 fer
394 957 668 997 revocans
717 943 882 1008 acies,
911 943 1118 1012 primus
1159 961 1356 1014 equum
1399 946 1450 999 in
1484 947 1690 1002 hostem
1727 947 1859 1016 egit,

264 1042 318 1086 et
347 1031 594 1087 clamore
621 1048 820 1103 magno
850 1035 1061 1102 sequuti
1085 1035 1252 1090 ceteri
1281 1036 1482 1090 acriter
1508 1036 1858 1092 dimicabant.

264 1123 558 1178 Alemanni
588 1139 620 1177 e
649 1134 842 1178 contra
872 1124 1078 1180 viribus
1107 1135 1164 1181 et
1191 1142 1417 1182 numero
1449 1130 1859 1197 prestanliores,

265 1214 466 1284 quibus
495 1230 597 1284 pro
643 1215 755 1268 vita
783 1223 836 1268 et
865 1217 1055 1285 patriae
1099 1216 1351 1272 libertate
1381 1234 1468 1273 res
1502 1228 1640 1287 erat,
1681 1235 1862 1290 empe—

267 1317 396 1361 runt
421 1306 648 1362 fortiter
674 1305 915 1361 Francos
942 1322 1169 1378 urgere;
1200 1308 1288 1363 alii
1315 1309 1564 1380 sagittis,
1597 1311 1688 1365 alii
1721 1312 1860 1379 telis,

265 1399 356 1452 alii
385 1398 604 1453 balistis
629 1399 883 1454 cedentes
912 1399 1220 1455 confodere.
1254 1400 1366 1455 Rex
1392 1410 1572 1457 autem
1601 1403 1688 1457 ubi
1719 1403 1862 1456 mul-

267 1498 451 1545 torum
483 1490 782 1545 amissione
807 1491 958 1545 videt
985 1491 1308 1548 dilabentem
1351 1508 1454 1547 non
1490 1507 1648 1562 posse
1689 1493 1864 1548 subsi-

266 1592 415 1638 stere
439 1583 769 1647 exercitum,
809 1598 909 1638 nec
939 1591 1161 1638 vocatos
1205 1583 1343 1639 Deos
1371 1583 1592 1638 instanti
1624 1585 1862 1654 periculo

265 1672 371 1727 sibi
399 1673 753 1737 subvenisse,
785 1673 949 1728 rebus
974 1673 1276 1743 desperatis
1307 1673 1661 1730 fortissimum
1693 1675 1860 1730 Deum

1961 492 2103 560 quod
2155 492 2413 562 temporis
2460 491 2764 557 detinetur;
2818 493 2884 546 ad
2947 508 3107 562 quem
3169 495 3427 551 nobilium
3495 503 3552 550 et

1963 582 2340 652 religiosorum
2372 581 2574 637 multus
2607 581 2648 613 ‘°
2692 583 2762 638 ob
2806 581 3074 638 celebrem
3117 585 3545 642 conversationis

1962 673 2158 726 famam
2185 671 2243 726 fit
2273 688 2590 728 concursus.
2619 674 2766 729 Inter
2793 688 2932 744 quos
2960 689 3086 746 cum
3127 689 3252 728 eum
3285 675 3546 730 doctrinae

1963 765 2178 822 celestis
2212 780 2396 820 amore
2441 766 2785 820 familiariter
2805 781 2946 820 unus
2976 779 3071 836 pre
3101 765 3298 820 ceteris
3322 766 3547 822 visitare

1963 865 2375 922 consuesceret,
2424 865 2480 910 et
2529 856 2758 926 quadam
2807 856 2893 911 die
2928 842 3154 926 vespere
3198 837 3598 913 ineumbente‘t

1964 948 2042 1002 sol
2072 950 2139 1004 ad
2163 963 2420 1004 occasum
2446 958 2651 1013 rueret,
2677 949 2850 1002 noluit
2876 948 3048 1003 virum
3077 950 3280 1018 absque
3300 949 3546 1004 caritatis

1963 1039 2162 1094 viatico
2207 1038 2499 1094 dimittere.
2555 1037 2793 1108 Rogatus
2844 1038 3006 1109 igitur
3051 1053 3186 1108 puer
3222 1039 3406 1093 vinum
3453 1038 3547 1093 de-

1964 1127 2141 1191 ferre,
2175 1143 2298 1181 cum
2347 1128 2670 1182 exhaustum
2712 1143 2873 1183 omne
2918 1129 3283 1184 renuntiasset
3327 1138 3548 1199 propter

1965 1216 2234 1286 hospitum
2263 1216 2647 1286 frequentiam,
2685 1215 2753 1272 de
2780 1216 2905 1271 ﬁdei
2928 1216 3131 1272 divitiis
3160 1218 3304 1273 haud
3329 1218 3545 1281 dubius,

1966 1313 2148 1366 vinum
2181 1313 2246 1366 de
2288 1312 2433 1368 sicco
2477 1327 2604 1367 vase
2635 1325 3115 1380 superexcrescere
3156 1311 3303 1366 dedit
3337 1311 3549 1380 prccio-

1964 1418 2106 1457 sum.
2135 1403 2437 1459 Advertens
2478 1403 2669 1458 beatus
2719 1401 2999 1472 Remigius
3028 1401 3079 1456 in
3114 1401 3287 1456 virum
3318 1417 3548 1457 conver-

1965 1492 2193 1547 sationis
2221 1503 2273 1547 et
2295 1493 2660 1562 spiritualium
2691 1491 2952 1545 donorum
2986 1490 3235 1560 insignia,
3266 1490 3546 1561 indignum

1963 1583 2119 1638 duxit
2148 1583 2375 1638 siderea:
2411 1581 2675 1651 lampadis
2722 1581 2902 1636 lumen
2935 1579 3102 1636 clausi
3144 1581 3243 1636 sub
3287 1581 3548 1644 tenebris,

1965 1686 2084 1740 qua:
2114 1671 2180 1726 ad
2228 1671 2458 1726 salutem
2506 1680 2562 1724 et
2610 1669 3056 1724 illuminationem
3103 1668 3302 1724 melius
3346 1667 3551 1724 luceret

269 1763 723 1827 ehristianorum,
766 1777 926 1832 quem
974 1741 1158 1834 regina
1191 1763 1473 1818 colendum
1501 1765 1551 1818 ei
1588 1775 1858 1831 suaserat,
1889 1741 1936 1802 Β
1965 1763 2281 1817 multorum.
2333 1761 2574 1816 Favente
2625 1761 2791 1832 igitur
2836 1774 2961 1830 rege
2997 1758 3265 1814 Clodoveo
3286 1799 3300 1823 ,
3331 1773 3426 1826 per
3455 1757 3557 1812 Dei.

268 1855 570 1921 invocavit,
617 1865 745 1911 voto
787 1871 847 1911 se
894 1856 1168 1926 obligans,
1215 1872 1274 1912 se
1326 1872 1448 1912 eum
1488 1873 1587 1912 suo
1616 1857 1858 1912 exercitu

269 1960 432 2001 sacro
460 1946 615 2001 fonte
649 1946 984 2011 diluendum,
1013 1947 1060 2001 si
1099 1947 1376 2003 conversis
1404 1949 1566 2003 rebus
1593 1949 1768 2002 victor
1794 1947 1862 2001 ab

267 2034 524 2090 hostibus
561 2043 878 2090 remeasset.
925 2035 1036 2090 Nec
1082 2052 1229 2091 mora
1264 2038 1521 2092 recreatis
1565 2037 1774 2092 viribus
1807 2044 1862 2090 et

269 2123 542 2192 reparatis
570 2124 902 2194 agminibus,
927 2139 1051 2177 cum
1101 2126 1307 2180 auxilio
1355 2126 1639 2182 Trinitatis
1679 2127 1863 2182 hostes

270 2213 562 2279 invadunt,
593 2224 648 2269 et
683 2229 846 2285 pmne
891 2215 957 2269 ad
986 2217 1408 2273 internecionem
1447 2233 1636 2273 omnes
1671 2219 1861 2274 devin-

271 2312 426 2369 cunt,
458 2305 564 2360 nisi
616 2307 814 2376 quibus
863 2307 990 2376 fuga
1042 2316 1136 2362 aut
1183 2309 1384 2363 deditio
1434 2308 1533 2362 fuit
1575 2311 1641 2362 ad
1674 2311 1859 2362 vitam.

271 2392 590 2465 lntelligens
621 2412 716 2450 rex
750 2414 854 2452 non
886 2408 993 2452 tam
1040 2414 1136 2454 sua
1181 2400 1380 2453 virtute
1423 2414 1584 2468 quam
1619 2399 1710 2453 Dei
1747 2416 1865 2454 Inu-

271 2500 403 2540 uere
432 2487 620 2542 hostes
649 2499 963 2557 superatos,
993 2490 1080 2544 cui
1116 2505 1175 2544 se
1203 2490 1323 2544 lidei
1369 2501 1494 2545 voto
1527 2491 1864 2546 constrinxe-

272 2584 378 2640 rat,
407 2575 541 2648 [(V.
595 2575 744 2647 Ved.)
774 2578 990 2633 Tullum
1032 2595 1155 2634 mox
1180 2582 1446 2650 _oppidum
1473 2582 1626 2646 adiit,
1657 2584 1862 2649 audito,

270 2665 340 2719 ibi
373 2667 600 2720 beatum
615 2665 910 2723 Vedastum
937 2669 1188 2725 laudabili
1209 2672 1465 2743 religione
1483 2675 1590 2728 Deo
1611 2673 1861 2744 servire].

271 2753 368 2810 Cui
399 2772 527 2811 cum
559 2758 823 2813 adventus
867 2762 949 2814 sui
996 2777 1217 2816 causam
1253 2773 1567 2832 exponeret,
1597 2772 1651 2816 et
1675 2779 1866 2834 pugna:

269 2855 562 2912 eventum,
590 2849 680 2916 qui
711 2866 779 2904 ex
829 2851 1050 2906 deorum
1105 2853 1443 2909 invocatione
1483 2855 1535 2907 in
1581 2855 1864 2910 adversum

268 2947 545 2999 cesserat,
578 2940 644 2992 ad
669 2939 870 2994 Christi
904 2957 1100 2995 nomen
1133 2945 1368 2998 secundo
1391 2959 1640 2999 successu
1677 2954 1866 3016 prere-

271 3026 429 3080 nisse
464 3027 771 3082 notilicaret
807 3049 820 3083 :
851 3031 932 3084 vir
978 3032 1222 3097 Domini,
1276 3035 1478 3103 gratias
1521 3051 1686 3105 agens
1735 3035 1864 3100 ‘L’eo,

272 3116 363 3182 qui
413 3115 668 3184 gentibus
715 3134 939 3187 regnum
985 3135 1139 3174 suum
1183 3123 1431 3191 apperire
1475 3125 1726 3194 dignatus
1758 3136 1859 3191 csl,

271 3206 448 3276 etepit
478 3207 760 3263 catholica:
793 3209 914 3263 fidei
964 3211 1326 3266 ministerium
1369 3214 1478 3283 regi
1519 3214 1862 3279 adnuntiare,

271 3304 325 3350 et
367 3298 722 3367 ewangelieis
773 3301 1165 3356 assertionibus
1219 3304 1539 3358 instructum
1592 3307 1746 3360 duxit
1798 3306 1862 3358 ad

273 3392 648 3446 venerabilem
694 3393 867 3447 virum
903 3394 995 3448 Dei
1045 3395 1369 3466 Remigium,
1417 3397 1506 3466 qui
1553 3406 1680 3451 tunc
1733 3407 1863 3451 tem-

273 3483 431 3551 poris
461 3482 744 3539 Bernensis
769 3484 1013 3540 ecclesiae
1053 3501 1232 3540 arcem
1260 3489 1502 3553 tenebat;
1537 3487 1792 3559 [(Fi.oo.,
1826 3505 1863 3552 ι,

276 3573 391 3644 15.)
429 3575 518 3628 vir
545 3590 612 3628 er.
639 3576 900 3643 sapientia
930 3577 1330 3648 virtutibusque
1357 3579 1552 3644 factus,
1579 3581 1731 3650 cujus
1761 3582 1869 3650 spi-

276 3664 563 3718 ritualium
610 3666 870 3720 virtutum
921 3667 1148 3739 insignia
1197 3677 1425 3723 testatur
1480 3686 1612 3740 gens
1663 3670 1868 3726 Gallica

275 3768 372 3824 per
402 3773 531 3810 eum
562 3757 630 3812 ad
657 3757 935 3813 Christum
960 3775 1252 3826 conversa;
1285 3762 1380 3833 (ν.
1417 3763 1568 3836 Ved.)
1593 3767 1677 3819 cui
1705 3765 1867 3820 etiam

276 3848 533 3903 Ormisda
560 3865 695 3921 papa
722 3853 873 3907 vices
893 3868 1020 3908 suas
1043 3855 1314 3922 quondam
1342 3855 1393 3908 in
1421 3855 1609 3911 Galliis
1637 3858 1872 3927 agendas

275 3941 653 3997 commiserat.
708 3942 977 4024 Yedastus
1025 3947 1190 4018 igitur
1240 3947 1586 4002 festinantem
1633 3951 1698 4002 ad
1749 3950 1871 4004 vita:

277 4032 488 4090 fontem
512 4035 816 4091 deducebat
839 4053 1041 4109 regem.
1062 4040 1179 4106 Quo
1200 4040 1253 4094 in
1276 4040 1471 4094 itinere
1493 4041 1704 4095 cuidam
1729 4059 1872 4096 caeco

279 4124 347 4180 ad
394 4141 457 4182 se
491 4127 750 4184 clamanti
804 4131 889 4183 vir
924 4131 1012 4186 Dei
1057 4131 1237 4186 lumen
1288 4133 1520 4188 reddidit
1567 4135 1869 4198 oculorum,

280 4232 387 4271 non
418 4218 542 4273 sine
570 4220 932 4276 admiratione
959 4222 1320 4291 palatinorum
1365 4239 1674 4294 procerum,
1708 4225 1872 4279 immo

281 4310 446 4364 etiam
476 4313 642 4382 regis,
674 4328 834 4382 quem
866 4317 1134 4384 presentis
1163 4317 1427 4371 exhibitio
1458 4317 1700 4372 miraculi
1731 4318 1872 4372 chri-

1962 1854 2362 1926 providentiam
2420 1854 2730 1908 ordinatum
2783 1853 3096 1924 episcopum
3153 1850 3220 1904 ad
3281 1849 3551 1918 evangeli-

1963 1946 2194 2001 zandum
2222 1945 2521 2000 Cameraco
2549 1952 2605 1998 et
2647 1942 2908 1998 Atrebate
2936 1941 3122 2011 dirigit
3155 1939 3429 2012 urbibus.]
3457 1938 3550 1994 Li-

1963 2045 2094 2108 quet
2123 2038 2163 2068 “
2195 2052 2346 2107 ergo,
2377 2035 2519 2106 quod
2571 2049 2666 2090 rex
2718 2034 2851 2100 iste,
2879 2040 3084 2104 quanto
3121 2031 3419 2102 impensius
3448 2045 3551 2100 pa-

1965 2137 2151 2182 ternas
2205 2127 2362 2182 sedes
2432 2133 2740 2190 amaverat,
2813 2132 2965 2178 tanto
3043 2120 3371 2192 probatioris
3427 2121 3552 2175 vita:

1963 2230 2235 2288 pastorem
2264 2233 2328 2271 eo
2355 2216 2457 2271 loci
2485 2215 2849 2285 delegaverat.
2870 2213 2944 2268 lbi
2969 2211 3113 2268 enim
3139 2219 3324 2280 preter
3345 2219 3554 2264 ceteras

1963 2309 2146 2373 sedes,
2169 2315 2228 2360 ut
2252 2305 2416 2376 paulo
2447 2303 2694 2373 superius
2723 2303 2924 2357 dictum
2948 2309 3030 2356 cst
3059 2300 3130 2370 (c.
3160 2299 3238 2370 4),
3263 2297 3552 2367 specialius

1966 2398 2318 2464 versabatur;
2353 2397 2582 2466 ideoque
2613 2393 2804 2462 majori
2854 2392 3028 2464 gratia
3061 2390 3175 2463 (6i)
3211 2392 3423 2453 ductus,
3457 2403 3549 2458 pa-

1964 2489 2157 2543 storali
2221 2485 2486 2556 regimine
2561 2483 2878 2555 parochiam
2957 2481 3134 2537 ditare
3205 2479 3549 2544 conabatur;

1963 2580 2162 2650 quippe
2213 2577 2418 2632 nullum
2467 2575 2747 2631 meliorem
2787 2587 2952 2644 quam
2994 2567 3550 2639 beatumNedastum

1964 2681 2019 2726 et
2063 2670 2129 2724 ad
2164 2667 2398 2722 ferocem
2429 2663 2686 2736 populum
2716 2659 3080 2718 edomandum
3125 2667 3181 2714 et
3206 2659 3274 2713 ad
3321 2656 3552 2728 gratiam

1968 2762 2091 2818 fidei
2137 2759 2482 2815 excitandam
2526 2756 2850 2819 arbitratus,
2898 2767 2996 2822 per
3033 2765 3194 2821 quem
3234 2748 3349 2818 ipse
3393 2745 3552 2801 fidem

1966 2851 2289 2907 catholicam
2337 2849 2516 2903 fuerat
2554 2847 2804 2914 adeptus.
2851 2841 3155 2898 Notandum
3185 2852 3348 2903 vero,
3379 2837 3524 2906 quod

1970 2953 2026 2996 ut
2055 2957 2214 3010 supra
2251 2939 2528 3006 tetigimus
2567 2938 2638 3007 (c.
2669 2935 2746 3006 5),
2776 2935 2861 2989 ha;
2904 2934 3024 2988 duae
3069 2929 3344 3002 parochia:
3391 2935 3552 2982 antea

1973 3035 2184 3104 gemina
2213 3028 2506 3102 episcopali
2533 3025 3005 3085 administratione
3047 3019 3380 3093 gaudebant;
3413 3033 3553 3072 nunc

1974 3135 2176 3192 autem,
2201 3123 2328 3194 quia
2350 3124 2419 3178 ab
2449 3122 2553 3177 hoc
2577 3127 2768 3177 sancto
2798 3115 3054 3189 pontifice
3073 3120 3299 3168 vastatze
3326 3118 3552 3180 repertis

1969 3227 2116 3282 sunt,
2143 3231 2250 3270 uno
2279 3215 2543 3286 regimine
2566 3210 2896 3282 colliguntur
2921 3208 2984 3261 ¹¹.
3020 3203 3152 3277 [(γ.
3193 3202 3343 3274 Ved.)
3373 3200 3473 3268 Qui
3502 3205 3554 3255 in

1969 3310 2241 3365 Atrebatas
2282 3305 2432 3361 urbis
2479 3305 2704 3360 introitu
2760 3300 3010 3356 claudum
3066 3311 3270 3361 unum,
3322 3294 3554 3347 alterum

1970 3415 2194 3464 caecum,
2227 3399 2528 3454 clamantes
2550 3397 2616 3450 ad
2644 3408 2723 3458 se,
2757 3394 2900 3448 hunc
2927 3391 3061 3444 lucis
3083 3389 3373 3455 ademptae,
3405 3384 3555 3438 illum

1973 3489 2280 3545 ambulandi
2331 3487 2589 3542 facultate
2640 3484 2881 3540 donavit.
2934 3481 3325 3550 lntrogrcssus,
3375 3481 3554 3544 stupet

1973 3583 2143 3637 ﬂenda
2173 3580 2322 3636 urbis
2351 3579 2669 3648 dejectione.
2701 3574 2838 3630 Nam
2879 3571 3118 3642 antiquis
3153 3570 3320 3624 ferme
3353 3574 3554 3634 tempo-

1974 3675 2124 3729 ribus
2152 3688 2323 3728 sacra:
2352 3686 2417 3727 eo
2448 3670 2548 3726 loci
2589 3669 2711 3724 fidei
2747 3666 2997 3722 ﬂoruisse
3041 3662 3356 3732 religionem
3388 3673 3549 3728 agno-

1972 3767 2080 3831 vit;
2115 3766 2209 3821 sed
2242 3771 2462 3834 propter
2491 3762 2753 3817 offensam
2802 3757 3150 3814 incolentium
3172 3795 3186 3820 ,
3217 3751 3430 3808 occulto
3460 3751 3557 3803 sed

1968 3856 2115 3924 justo
2157 3855 2250 3910 Dei
2277 3854 2481 3924 judicio
2513 3852 2710 3907 tradita
2759 3857 2843 3905 est
2873 3863 2997 3903 cum
3031 3845 3230 3902 ceteris
3256 3843 3444 3898 Galliae
3475 3841 3560 3893 vel

1973 3947 2280 4002 Germania:
2320 3943 2634 4000 civitatibus
2667 3953 2879 4012 pagano
2924 3945 2979 3993 et
3022 3935 3227 4006 perfido
3276 3934 3556 3986 Hunorum

1976 4039 2088 4110 regi
2117 4038 2296 4091 Attila:
2319 4037 2448 4092 urbs
2471 4049 2687 4105 quoque
2712 4033 2800 4086 illa
2827 4027 3193 4100 depredanda.
3213 4023 3312 4090 Qui
3340 4031 3563 4092 propter

1976 4130 2142 4185 animi
2173 4129 2438 4184 sazvitiam
2469 4140 2569 4182 nec
2606 4121 2980 4179 sacerdotibus
3012 4118 3142 4181 Dei,
3185 4124 3245 4169 ut
3270 4128 3433 4182 supra
3465 4110 3561 4163 de-

1977 4223 2246 4286 flevimus,
2278 4236 2381 4275 nec
2409 4219 2655 4275 ecclesiis
2687 4215 2778 4270 Dei
2811 4210 3169 4269 reverentiam
3201 4211 3424 4260 noverat
3458 4202 3561 4254 im-

1976 4317 2236 4385 pendere,
2269 4314 2361 4368 scd
2407 4313 2588 4366 omnia
2633 4309 2789 4380 quasi
2835 4311 3129 4374 tempestas
3170 4295 3560 4354 immanissima

283 4397 474 4454 stianae
521 4401 647 4456 fidei
704 4404 918 4460 fervore
975 4408 1242 4460 acet-ndit.
1295 4407 1548 4462 Cernitur
1597 4423 1769 4476 usque
1821 4409 1871 4462 in
1907 4424 1954 4484 υ
1983 4410 2127 4464 ferro
2159 4407 2393 4462 vastavit
2415 4415 2470 4459 et
2500 4403 2629 4475 igni.
2673 4395 3069 4458 Perscrutanti,
3101 4394 3141 4447 si
3168 4390 3313 4484 quod
3344 4388 3561 4484 signum

282 4488 610 4546 hodiernum
653 4494 886 4550 ecclesia
937 4495 989 4550 in
1047 4497 1414 4552 testimonium
1449 4499 1664 4553 virtutis
1713 4499 1872 4569 hujus

279 4589 620 4650 constructa,
679 4585 732 4638 in
779 4601 884 4654 qua
917 4588 1200 4643 orantibus
1230 4597 1285 4642 et
1314 4588 1662 4644 credentibus
1704 4589 1870 4644 benc-

279 4669 401 4724 ficia
433 4683 748 4742 prestantur
774 4679 975 4734 divina.

354 4761 412 4814 7.
445 4762 640 4820 Beatus
688 4767 947 4824 Vedastus
984 4772 1159 4825 riuum
1197 4773 1261 4825 de
1300 4773 1436 4827 sicco
1476 4789 1594 4827 vase
1631 4773 1871 4843 protulit,

283 4861 330 4904 et
369 4869 404 4905 a
441 4867 625 4910 sancto
661 4857 899 4931 Remigio
929 4861 1204 4916 ordinatus
1229 4863 1524 4934 episcopus,
1558 4863 1749 4918 claudo
1781 4882 1869 4919 ve-

1980 4503 2223 4559 ccelesia:
2268 4499 2551 4570 patuisset,
2599 4495 2802 4550 nullum
2851 4488 3050 4543 veteris
3086 4483 3269 4568 templi
3302 4480 3563 4570 indicium

1977 4595 2226 4667 parebat,
2259 4569 2384 4662 quia
2432 4590 2532 4644 loci
2583 4589 2717 4644 situs
2745 4583 3002 4651 vepribus
3037 4589 3091 4633 et
3121 4575 3291 4648 spinis
3324 4574 3436 4667 jam
3480 4569 3564 4667 in:

1981 4661 2291 4749 horruerat,
2340 4693 2395 4738 et
2436 4682 2524 4736 ubi
2557 4678 2828 4749 quondam
2878 4671 3220 4743 psallentium
3254 4664 3441 4726 chori,
3490 4661 3564 4716 ibi

1981 4778 2148 4834 lustra
2180 4774 2419 4830 ferarum
2445 4771 2785 4825 videbantur.
2815 4764 3054 4819 Tandem
3086 4761 3230 4815 inter
3266 4756 3566 4810 fraemcnta

1983 4882 2267 4925 murorum
2317 4861 2626 4936 diligentius
2671 4855 3089 4926 contemplatus,
3139 4845 3368 4917 invenit]
3417 4859 3567 4898 aram

279 4943 494 5013 stigium
521 4955 570 5000 et
609 4964 743 5003 arca
772 4953 940 5005 reddit
972 4953 1157 5007 visum.
1197 4955 1507 5024 Baptizatus
1552 4956 1732 5026 itaque
1776 4974 1871 5012 rex

282 5046 406 5091 cum
433 5037 785 5108 optimatibus
828 5043 945 5100 suis
989 5045 1056 5101 ad
1088 5059 1297 5119 sceptra
1350 5049 1500 5121 regni
1544 5050 1869 5122 regreditur;

1981 4973 2186 5018 sancta:
2215 4959 2308 5012 Dei
2333 4953 2614 5028 genitricis
2642 4952 2843 5014 Maria,
2877 4961 3060 5018 quam,
3087 4944 3214 4998 licet
3255 4940 3399 5038 inter
3425 4947 3570 5038 stra-

1982 5070 2102 5123 gem
2139 5027 2452 5113 murorum,
2483 5053 2663 5097 tamen
2709 5043 2933 5098 inlesam
2971 5034 3147 5089 adhuc
3191 5029 3396 5087 servari
3435 5027 3575 5081 divi-

1577 5203 1653 5222 ‘YI
1673 5203 1736 5222 nl
1765 5204 1809 5222 ΙΝ
1846 5207 1866 5222 Ι
1891 5200 2224 5222 unm-nnvro
