4052 5358
474 252 533 311 3]
1438 248 1663 304 GESTA
1704 246 2121 304 PONTIFKJL'M
2164 245 2248 301 CA
2258 242 2770 301 MERACENSIUM.
3654 242 3731 298 53

476 360 621 414 nitus
654 373 760 413 non
805 358 1045 427 ambigit.
1079 358 1193 426 Qua
1242 358 1293 413 in
1325 374 1381 414 re
1415 359 1678 415 intellexit
1705 359 1789 414 vir
1826 367 2048 414 sanctus
2077 363 2124 419 Α
2152 354 2301 411 urbis
2344 354 2463 410 loco
2506 351 2807 413 eminebat,
2838 350 3032 406 'divino
3077 349 3202 421 igne
3252 363 3570 406 succensum
3622 360 3732 406 est.

476 482 546 493 —
576 450 730 507 nobis
758 466 972 521 quoque
1000 452 1300 522 intelligere
1341 452 1499 507 datur
1527 481 1597 491 —
1620 451 1690 506 ibi
1730 449 2053 521 ponfilicalis

478 543 751 600 cathedrae
786 559 967 599 arcem
1000 545 1268 609 extitisse,
1295 544 1577 615 prcsertim
1614 559 1736 598 cum
1768 552 1823 599 et
1859 542 2057 614 Dyoui-

480 636 592 691 sius
620 650 779 705 papa,
808 651 966 706 quem
985 635 1140 704 juxta
1170 637 1547 691 chronicornm
1580 634 1740 690 ﬁdem
1774 634 1931 689 annis
1950 634 2057 688 265

481 739 607 783 ante
656 728 996 783 Hormisdam
1043 745 1237 800 papam
1266 770 1280 793 ,
1335 729 1425 799 qui
1475 738 1717 797 tempore
1765 726 1867 782 fuit
1912 726 2057 781 beati

482 820 723 885 Vedasti,
760 830 977 877 constat
1005 820 1262 876 Roinanae
1297 820 1541 875 ecclesiae
1582 821 1764 875 sedem
1796 819 2056 883 tenuisse,

485 915 629 970 inter
655 924 865 970 ceteras
896 913 994 969 bas
1038 928 1250 983 quoque
1281 913 1462 967 urbes.
1514 912 1866 967 Cameracum
1898 919 2060 979 atque

484 1008 842 1071 Atrebatum,
882 1006 1149 1075 ascriptus
1193 1014 1250 1059 et
1293 1020 1415 1059 cum
1462 1004 1573 1058 suis
1616 1004 1887 1074 parochiis
1923 1016 2063 1070 eque

487 1100 773 1154 distinctas
816 1096 1095 1166 reliquerit
1130 1097 1194 1161 ³³,
1232 1112 1352 1151 cum
1403 1095 1642 1166 singulas
1684 1095 1927 1150 dioceses
1956 1094 2064 1149 cir-

489 1190 832 1259 cumscriptis
868 1187 1065 1243 ﬁnibus
1099 1188 1391 1251 ordinavit,
1436 1196 1489 1241 et
1532 1188 1786 1242 editiores
1822 1199 2065 1255 quasque

492 1281 964 1350 tnetropolitanas,
1019 1279 1306 1334 inferiores
1355 1294 1482 1334 vero
1526 1279 1895 1351 sull‘raganeas
1944 1293 2067 1334 esse

493 1371 745 1425 instituit.
779 1370 939 1443 [Nota
977 1370 1121 1440 quod
1167 1370 1455 1440 Dyonisius
1498 1384 1631 1439 papa
1660 1370 1799 1424 inter
1842 1376 2067 1423 caeteras

494 1461 650 1516 sedes
681 1460 1019 1531 pontiﬁcales
1056 1461 1407 1515 C:nneracum
1437 1471 1490 1515 et
1515 1461 1831 1515 Atrebatum
1862 1459 2067 1515 descri-

495 1554 686 1623 pseril.
715 1552 913 1607 Auctor
942 1554 995 1606 in
1026 1550 1219 1623 marg.]

566 1645 619 1697 8.
671 1643 824 1709 Quod
872 1643 927 1697 in
970 1643 1095 1697 urbe
1150 1641 1352 1717 Vienna
1400 1642 1577 1697 habita
1618 1642 1805 1697 sinodo
1845 1658 1876 1695 a
1925 1642 2072 1694 beato

2157 445 2307 500 lianc
2367 444 2563 499 divina:
2626 442 3011 514 indignationis
3069 441 3594 497 animadversionem
3659 455 3736 498 ex

2156 535 2361 592 offensa
2412 534 2693 590 hominum
2747 532 3011 588 accidisse
3057 532 3400 586 advertentes
3462 531 3735 601 episcopi,

2156 627 2431 684 communi
2475 625 2703 682 consilio
2768 624 3120 679 decreverunt
3176 624 3382 678 servari
3436 621 3736 693 jejunium,

2156 719 2299 791 quod
2330 718 2506 773 triduo
2552 724 2679 771 ante
2723 717 3097 770 ascensionem
3134 714 3345 769 Domini
3391 728 3564 783 usque
3591 727 3740 769 nunc

2158 824 2256 879 per
2280 822 2469 863 onmes
2506 806 2801 861 Galliarum
2843 804 3104 860 ecclesias
3150 806 3361 876 agitur;
3403 804 3591 874 sicque
3621 805 3742 875 ipsa

2162 900 2436 955 tribulatio
2461 909 2625 969 atque
2653 897 2935 953 subversio
2961 897 3186 965 quievit.

2230 994 2286 1047 9.
2321 991 2518 1046 Beatus
2568 988 2820 1044 Vedastus
2841 988 2904 1041 de
2933 989 3029 1041 hoc
3070 988 3245 1042 seculo
3274 988 3536 1056 migravit,
3586 988 3743 1058 cujus

2161 1085 2357 1138 exitum
2383 1081 2626 1135 columna
2652 1080 2781 1133 lucis
2808 1079 3105 1134 illustravit.
3133 1077 3227 1148 (ι’.
3273 1078 3429 1149 Ved.)
3457 1079 3613 1134 Rexit
3645 1079 3746 1149 igi-

2164 1182 2252 1229 tur
2273 1173 2524 1244 egregius
2558 1171 2649 1225 Dei
2677 1170 2931 1227 sacerdos
2980 1168 3248 1225 Vedastus
3290 1170 3547 1239 predictte
3595 1170 3747 1225 urbis

2164 1265 2461 1319 :rcclesiam
2521 1263 2678 1318 annis
2755 1261 2975 1317 circiter
3034 1261 3125 1316 40.
3191 1261 3359 1331 Cujus
3409 1260 3747 1315 mentionem

2165 1355 2358 1409 beatus
2383 1353 2657 1421 Remigius
2685 1353 2914 1423 benigne
2942 1352 3131 1406 recolit
3178 1352 3231 1405 in
3288 1359 3613 1407 testamento
3648 1364 3750 1405 suo

2169 1444 2241 1498 ita
2283 1443 2529 1497 scribens
2563 1442 2767 1514 (FLon.
2794 1458 2833 1505 ι,
2882 1442 3018 1511 18)ξ
3090 1440 3340 1495 Ecclesia
3391 1439 3748 1503 Atrebatensi,

2171 1536 2257 1590 cui
2286 1534 2396 1589 Deo
2418 1546 2633 1587 auctore
2674 1532 2960 1588 Vedastum
2981 1533 3199 1601 fratrem
3226 1548 3397 1586 meum
3418 1532 3750 1586 carissimum

2173 1628 2467 1697 episcopum
2490 1626 2807 1689 consecravi,
2835 1641 2900 1678 ea:
2921 1625 3058 1677 dono
3071 1624 3186 1693 jam
3217 1624 3345 1676 dicti
3374 1622 3617 1692 pincipis,
3647 1625 3665 1641 '
3694 1621 3750 1675 id

498 1732 780 1797 Mamerto,
823 1741 1033 1786 vocatus
1073 1741 1287 1786 sanctus
1331 1730 1599 1803 Remigius
1625 1747 1719 1801 pro
1743 1747 1798 1785 se
1835 1742 2072 1785 sanctum

2188 1728 2249 1770 est
2282 1714 2602 1779 Hludowici,
2652 1732 2803 1780 quem
2831 1715 2895 1767 de
2932 1730 3083 1767 sacro
3134 1714 3277 1783 fonte
3320 1713 3547 1782 suscepi,
3600 1710 3755 1765 uillas

504 1821 791 1875 Vedastum
833 1823 1056 1887 direxit;
1097 1823 1186 1876 ubi
1226 1823 1511 1893 coepiscopi
1562 1824 1697 1877 inter
1742 1834 1912 1877 cetera
1959 1836 2076 1891 qua:

498 1922 873 1987 tractaverunt,
894 1914 1155 1985 jejunium
1185 1916 1325 1985 quod
1349 1915 1524 1969 triduo
1558 1926 1680 1970 ante
1724 1915 2079 1970 ascensionem

501 2002 716 2056 Domini
764 2007 966 2073 agitur,
1023 2006 1284 2058 observari
1331 2007 1689 2062 decreverunt.
1744 2004 1873 2079 [(V.
1924 2004 2077 2077 Ved.)

502 2093 791 2163 Reparatis
821 2094 1003 2164 templi
1033 2096 1299 2161 aediliciis,
1327 2096 1518 2152 beatus
1554 2096 1815 2153 Vedastus
1843 2097 2081 2151 circum-

498 2183 731 2253 jaeentis
765 2185 1043 2254 provintiae
1084 2185 1309 2255 pepulos
1349 2186 1417 2239 ab
1450 2185 1698 2242 idolatria
1732 2186 1967 2241 cultibus
1993 2186 2081 2241 di-

504 2274 647 2330 vinis
676 2275 1023 2346 maneipavit,
1052 2274 1174 2330 fana
1198 2276 1421 2331 deorum
1448 2277 1684 2342 diruens,
1712 2276 1985 2333 accclesias
2014 2276 2083 2331 ad

504 2368 702 2422 summi
734 2368 945 2424 decoris
996 2368 1208 2424 culmen
1260 2369 1499 2439 erigens.
1532 2367 1966 2438 Claruitnbiqne
2006 2366 2083 2420 di-

508 2458 648 2512 vina:
675 2459 912 2527 cognitio
958 2443 1118 2528 legis;
1149 2457 1352 2512 Christi
1398 2472 1593 2512 nomen
1643 2466 1957 2511 cunctorum
1984 2472 2083 2510 au-

507 2549 757 2603 diebatur
801 2550 856 2603 in
886 2564 1001 2604 ore.
1042 2549 1205 2620 Signa
1236 2559 1415 2602 autem
1456 2556 1510 2602 et
1549 2548 1799 2608 virtutes,
1829 2562 1949 2615 qua:
1991 2561 2088 2615 per

510 2652 633 2691 enm
665 2637 843 2692 divina
875 2638 1119 2692 exhibuit
1147 2638 1411 2707 potentia,
1447 2637 1575 2707 quia
1620 2636 1903 2691 brevitatis
1931 2635 2088 2690 stilus

510 2744 618 2781 non
646 2729 809 2799 capit,
839 2730 1067 2784 curiosis
1096 2729 1389 2784 lectoribus
1421 2728 1555 2782 liber
1580 2726 1700 2781 vita:
1724 2728 1841 2797 ejus
1878 2726 2089 2795 plenius

516 2819 736 2875 indicat.
784 2818 951 2891 llnjus
1001 2820 1333 2890 temporibus
1386 2819 1568 2873 habita
1612 2817 1835 2873 sinodus
1885 2815 2090 2871 Vienna

513 2913 650 2967 urbe
700 2911 1049 2977 describitur,
1086 2912 1155 2965 ad
1212 2928 1375 2981 quant
1420 2910 1717 2966 Galliarum
1769 2907 2005 2980 episcopi
2060 2922 2092 2961 a

515 3003 677 3065 beato
706 3003 966 3060 Mamerto
986 3006 1268 3060 convocati
1289 3018 1447 3073 pmne
1470 3017 1659 3057 omnes
1688 3007 2091 3063 convenerunt;

519 3049 963 3167 genita“;
980 3049 1015 3151 ἶ
1011 3049 1155 3167 fit};
1165 3049 1268 3151 1.1;;
1289 3049 1749 3166 ’ὲῖίίᾆῷᾞέἆᾴιῖ
1761 3049 2093 3162 magna;
2122 3049 2169 3112 ο

518 3198 707 3258 utpote
754 3188 950 3244 divinis
999 3187 1228 3258 eloquiis
1282 3185 1709 3242 eruditissiu‘mm
1750 3193 1805 3238 et
1848 3191 2099 3253 prestan-

520 3278 676 3334 tioris
712 3278 899 3348 gratia:
928 3278 1209 3351 privilegio
1261 3277 1740 3339 facumlissitmun,
1776 3274 1962 3329 venire
1996 3288 2096 3343 pe-

524 3370 748 3425 tierunt.
777 3370 847 3424 At
889 3371 972 3425 vir
1013 3380 1230 3429 sanctus
1276 3370 1429 3427 senio
1458 3369 1659 3441 gravis.
1702 3383 1824 3422 cum
1853 3365 2099 3435 corporis

523 3461 895 3519 imbecillitate
949 3463 1311 3529 detineretur,
1369 3464 1585 3519 beatum
1637 3461 1763 3516 illuc
1808 3458 2099 3514 Vedastum

526 3555 746 3609 vicariae
793 3555 1172 3611 sollicitudinis
1212 3556 1585 3624 cooperarium
1632 3554 1833 3608 direxit
1861 3552 1996 3622 (62).
2044 3551 2101 3605 ln

526 3662 591 3700 ea
623 3661 853 3716 namque
890 3646 1055 3709 urbe.
1102 3654 1161 3700 ut
1202 3646 1393 3701 beatus
1437 3645 1726 3716 Gregorius
1771 3641 2103 3698 Turonensis

528 3737 682 3791 urbis
726 3736 1013 3807 episcopus
1042 3736 1231 3792 scribit
1273 3736 1327 3791 in
1371 3736 1538 3806 gestis
1582 3734 1938 3795 Francorum.
1977 3739 2106 3786 tunc

530 3829 795 3898 temporis
823 3828 1063 3883 inaudita
1107 3829 1255 3884 cives
1297 3827 1539 3898 prodigia
1575 3833 1898 3882 terrueram.
1925 3821 2103 3892 (Gesta

530 3935 575 3972 τ.
612 3917 734 3990 Fr.)
778 3919 913 3976 Hinc
942 3920 1086 3975 enim
1132 3928 1281 3991 motu
1312 3928 1469 3974 terra:
1516 3919 1782 3982 maximo,
1813 3916 2105 3972 multarum

530 4009 882 4065 ecclesiarum
906 4012 1083 4066 subita
1114 4012 1395 4067 eversione
1414 4020 1470 4067 et
1489 4010 1757 4065 ruentium
1785 4008 2108 4079 palatiorutn

534 4104 909 4169 concussione,
942 4104 1125 4174 gravis
1164 4105 1362 4160 animis
1392 4104 1621 4173 dejectio
1658 4103 1998 4169 incubuerat,
2030 4102 2109 4156 iu—

534 4193 804 4249 stantibus
839 4196 1095 4266 prodigiis
1115 4235 1132 4262 ,
1164 4197 1349 4250 mundi
1381 4195 1667 4261 terminum
1701 4202 1757 4248 et
1805 4203 2109 4248 extremum

528 4282 720 4352 judicii
758 4285 901 4341 diem
932 4296 1383 4356 superventurum
1410 4283 1796 4355 spectantibus.
1829 4283 2001 4339 Porro
2038 4283 2112 4338 ibi

2177 1810 2310 1862 duas
2333 1810 2387 1862 in
2424 1807 2696 1877 stipendiis
2725 1806 3032 1862 clericorum
3058 1804 3307 1874 delegavi,
3333 1802 3497 1859 Orcos
3521 1803 3756 1858 videlicet

2178 1910 2224 1954 et
2242 1898 2679 1970 Sabneetum.(V.
2701 1898 2848 1969 Ved.)
2865 1896 3201 1967 Ejusexitum
3216 1896 3464 1953 columna
3488 1895 3758 1951 lucisvisa

2181 2008 2209 2045 a
2235 1991 2423 2046 cellula
2450 1989 2565 2058 ejus
2596 1990 2661 2045 ad
2684 1990 2873 2045 caelum
2898 2004 3066 2059 usque
3090 1988 3393 2059 con5picuze
3414 1987 3550 2042 lucis
3583 1994 3758 2041 tractu

2182 2082 2490 2152 pertingere
2521 2080 2845 2151 designavit,
2870 2094 3029 2149 quam
3049 2093 3172 2133 mox
3189 2078 3565 2147 subsequentis
3581 2077 3765 2132 obitus

2183 2187 2336 2227 Sacra
2366 2172 2734 2227 illnstraverat
2756 2170 2890 2225 dies.
2925 2168 3121 2223 Mirum
3146 2168 3294 2232 illud,
3326 2169 3471 2238 quod
3502 2168 3643 2222 inter
3678 2167 3764 2221 lac

2186 2248 2530 2321 crimantium
2570 2262 2803 2335 gemitus
2835 2262 2886 2316 in
2921 2270 3067 2315 terra
3098 2258 3441 2328 psallentium
3477 2273 3636 2313 voces
3665 2272 3767 2310 au-

2185 2358 2474 2413 diebantur
2504 2357 2556 2410 in
2583 2355 2732 2410 caelo.
2767 2351 3023 2422 Sepultus
3070 2358 3158 2405 est
3183 2358 3362 2405 autem
3409 2350 3461 2403 in
3518 2347 3765 2403 mcclesia

2185 2449 2357 2503 beata.-
2387 2445 2611 2515 virginis
2646 2442 2850 2507 Mariae,
2883 2439 3025 2494 haud
3055 2439 3241 2507 procul
3290 2438 3358 2490 ab
3408 2437 3524 2504 ipso
3581 2435 3765 2498 altari,

2189 2541 2255 2592 ad
2283 2538 2575 2591 australem
2604 2534 2838 2605 plagam.
2872 2532 2928 2586 lu
2952 2546 3057 2599 quo
3086 2529 3205 2583 loco
3234 2544 3329 2600 per
3374 2528 3578 2596 aliquot
3632 2539 3767 2580 tem-

2188 2629 2338 2697 pnris
2364 2628 2587 2697 quievit,
2622 2638 2904 2696 quousque
2947 2621 3225 2678 revelante
3280 2620 3506 2676 Domino
3554 2634 3583 2673 a
3632 2619 3767 2674 viris

2192 2718 2395 2772 sanctis
2437 2716 2701 2770 Autberto
2753 2722 2915 2783 atque
2964 2711 3274 2766 Audomaro
3326 2709 3394 2764 ad
3435 2709 3643 2772 locum,
3675 2708 3771 2763 ubi

2194 2824 2337 2864 nunc
2360 2806 2476 2876 ejus
2504 2805 2766 2861 memoria
2814 2802 3002 2875 fulget,
3049 2801 3282 2858 feliciter
3319 2811 3403 2857 est
3448 2800 3766 2863 translatus,

2196 2900 2335 2954 sicut
2365 2900 2416 2953 in
2444 2898 2581 2952 libro
2614 2898 2737 2951 vita:
2760 2894 2901 2965 ejus,
2954 2893 3254 2964 etpkmius
3306 2892 3359 2946 in
3407 2891 3574 2962 gestis
3624 2890 3766 2945 beati

2197 2991 2442 3049 Antbcrti
2468 2990 2682 3059 legitur.
2705 2987 2760 3042 In
2783 3002 2886 3056 qua
2914 2985 3267 3041 translatione
3292 2982 3766 3038 beatusAudoma-

2203 3095 2293 3136 rus
2326 3087 2600 3149 receptum
2628 3075 2924 3147 corruptile
2953 3075 3097 3130 lucis
3115 3089 3309 3129 munus
3333 3071 3506 3128 l'ertur
3532 3072 3768 3141 reimpe-

2202 3180 2341 3227 trata
2373 3170 2635 3234 caecitate,
2662 3169 2881 3223 vitasse.
2912 3164 3082 3233 Hujus
3105 3174 3226 3235 post
3250 3164 3458 3221 obitum
3510 3162 3773 3218 miracula

2201 3266 2334 3321 alias
2361 3264 2588 3334 diligens
2623 3261 2791 3317 lector
2821 3256 3105 3329 inveniet.]

2272 3356 2359 3411 i0.
2384 3354 2427 3387 “
2451 3353 2532 3408 De
2558 3353 2763 3408 homine
2794 3366 2888 3421 per
2909 3347 3235 3403 advocationi
3263 3345 3429 3399 sancti
3463 3342 3675 3399 Vedasti
3720 3344 3776 3397 in

2202 3465 2440 3521 campum
2479 3455 2789 3503 sustentata.
2838 3442 3018 3499 Pauca
3045 3456 3196 3505 vero,
3218 3454 3337 3509 qua:
3359 3436 3559 3492 uestris
3588 3436 3783 3491 diebus

2207 3547 2415 3603 meritis
2452 3543 2611 3611 hujus
2658 3541 2798 3596 beati
2842 3535 3165 3594 confessoris
3212 3550 3240 3587 a
3273 3532 3581 3588 videntibus
3639 3531 3776 3585 facta

2208 3634 2541 3704 accepimus,
2594 3643 2934 3698 nequaquam
2989 3622 3345 3695 pretereunda
3387 3620 3779 3676 estimavimus.

2208 3730 2264 3784 In
2300 3725 2574 3782 Dcrniensi
2605 3723 2717 3795 (65)
2748 3733 2980 3789 namque
3009 3715 3282 3769 territorio
3310 3712 3577 3783 quendam
3606 3726 3671 3765 ex
3706 3710 3785 3763 fa-

2208 3820 2355 3874 milia
2399 3816 2573 3873 sancti
2635 3811 2854 3869 Vedasti
2910 3808 3183 3863 hominem
3234 3804 3359 3858 mali
3422 3802 3783 3872 rapinatores,

2207 3914 2397 3968 alieme
2423 3904 2795 3967 substantiola:
2818 3902 3107 3963 inhiantes,
3139 3896 3325 3966 pravis
3368 3892 3789 3949 insimulationi-

2210 4010 2309 4064 bus
2332 4004 2506 4061 adorti
2530 4008 2672 4065 sunt,
2702 4008 2757 4052 et
2777 3995 2847 4050 ob
2893 3993 2997 4047 hoc
3028 4005 3184 4045 suum
3237 3988 3556 4042 advocatum
3597 3984 3650 4037 in
3695 3984 3789 4053 jus

2209 4108 2553 4173 quaerentes,
2607 4095 2780 4164 ipsum
2831 4086 3048 4157 quidem
3095 4080 3368 4137 hominem
3404 4077 3472 4132 ad
3517 4076 3793 4145 singulare

2210 4200 2505 4250 certamen,
2532 4183 2674 4255 quod
2715 4179 2916 4235 rustice
2941 4174 3172 4230 dicimus
3194 4182 3468 4238 campum,
3520 4179 3790 4255 provoca--

2212 4290 2359 4339 runt.
2424 4278 2525 4346 Qui
2551 4253 2895 4330 advocatum
2951 4279 3108 4322 stmm
3157 4260 3468 4315 adfuturum
3519 4253 3793 4327 pollicitus

533 4374 723 4431 bestiae
748 4377 929 4431 multa:
955 4352 1299 4442 oberrantes,
1325 4352 1455 4447 lupi,
1486 4378 1597 4431 ursi
1621 4391 1685 4431 ac
1712 4375 1856 4430 cervi
1880 4374 2107 4445 ingrcssi
2140 4392 2188 4453 υ
2216 4376 2354 4431 intra
2382 4371 2540 4441 hujus
2569 4365 2699 4437 legis
2737 4357 3056 4415 ditlinienda:
3082 4352 3396 4453 terminum.
3424 4354 3635 4453 sum?"a
3653 4358 3790 4453 1’0"“

533 4479 633 4536 per
662 4475 869 4537 portam
900 4469 1160 4532 civitatis,
1192 4469 1437 4524 homines
1466 4468 1725 4539 plurimos
1765 4468 2111 4532 devorantes,

538 4556 642 4611 hoc
669 4573 767 4627 per
805 4567 975 4614 totum
1010 4576 1208 4615 annum
1239 4561 1524 4615 faciebant.
1558 4558 1983 4629 Snperveuiente
2011 4559 2115 4613 sol-

538 4646 739 4718 lempni
763 4651 849 4704 die
870 4652 1104 4720 paschae,
1136 4662 1356 4707 sanctus
1381 4652 1672 4708 Mamertus
1697 4652 1936 4722 ejusdem
1966 4653 2115 4707 urbis

540 4741 825 4811 episcopus
868 4760 989 4798 cum
1040 4745 1093 4798 in
1144 4745 1258 4814 ipsa
1306 4745 1486 4815 vigilia
1539 4760 1753 4800 sacrum
1810 4745 2116 4800 misteriunr

541 4834 860 4904 celebraret,
908 4837 1167 4908 palatium
1210 4853 1425 4909 quoque
1475 4838 1679 4909 regale,
1709 4836 1850 4908 quod
1888 4836 2116 4892 editiore

2215 4482 2336 4524 cum
2374 4434 2586 4527 baculo,
2626 4434 2696 4510 ad
2725 4451 3009 4509 ccnohinm
3047 4445 3148 4499 viri
3182 4442 3271 4495 Dei
3298 4434 3790 4532 pergere-festina-

2214 4561 2311 4622 vit,
2337 4524 2667 4619 causamque
2687 4542 3047 4615 proclamans,
3085 4530 3295 4588 abbatis
3314 4524 3649 4622 advocatiam
3691 4524 3790 4621 im-

2216 4613 2469 4719 ploravit.
2500 4613 2883 4697 Abbasautcm
2913 4645 3013 4701 pro
3047 4622 3359 4682 diﬂicultate
3404 4616 3548 4719 longi
3583 4613 3792 4719 itineris

2214 4707 2538 4799 detrectavit
2566 4732 2709 4786 ferre
2746 4722 3084 4792 suﬂ'ragium,
3118 4716 3282 4769 immo
3308 4710 3551 4799 divinum
3583 4707 3792 4799 monuit

2218 4787 2577 4903 ξξξέξεῖξτέη
2606 4817 2886 4877 auxilium.
2914 4787 3147 4865 Dmnino
3189 4804 3371 4871 itaque
3403 4795 3679 4854 desolatus
3725 4787 3799 4841 ad

1786 4990 2018 5048 VARle
2055 4982 2453 5046 LECTIONES.

618 5119 666 5192 ¹ξ
688 5122 825 5175 hanc
858 5136 912 5189 q.
944 5122 1130 5174 urbem
1157 5122 1441 5191 ascriplam
1475 5122 1748 5190 reliquerit
1779 5126 1944 5192 primo
1988 5123 2205 5177 habebat
2250 5123 2308 5179 l;
2354 5116 2668 5192 sedant-tor
2695 5107 2821 5192 inse
2852 5102 2925 5192 ita
2968 5093 3226 5157 correxit,
3278 5100 3331 5142 ut
3393 5102 3528 5141 nunc
3583 5082 3799 5151 legitur.

545 5189 589 5220 ιδ
619 5172 1325 5262 ingenua...una};
1344 5172 1565 5247 agatis
1589 5172 2224 5263 ante'.¢;;,;.a”;;.zaar
2245 5172 2373 5259 ἔρξε.
2451 5184 2493 5215 ιδ
2521 5182 2827 5250 expectaret
2860 5172 2910 5223 ι.

1993 5343 2132 5358 “ἿΛο“
2159 5341 2203 5358 ,η
