4052 5358
228 218 294 274 33
1603 220 1803 280 LIBER
1843 222 2118 281 PRIMUS.
3422 238 3493 294 55

229 351 324 392 sua
352 333 669 400 revertitur,
693 334 915 407 solaque
955 337 1006 392 in
1048 336 1263 393 Domini
1316 336 1447 393 fisus
1496 336 1809 404 clementia,
1845 345 1888 401 Α

230 435 545 496 susceptam
595 426 764 496 legem
827 428 1074 485 refellere
1119 445 1464 500 nequaquam
1507 432 1804 487 estimavit.

228 517 367 589 Ergo
393 518 697 588 prescripta
723 518 811 574 die
831 519 1036 589 judicio
1075 535 1135 576 se
1181 532 1595 592 repraesentans,
1648 524 1810 578 advo-

227 608 420 664 catiam
434 608 537 662 Dei
550 619 603 663 et
616 610 788 663 sancti
802 609 1019 665 V'edasti
1034 611 1133 666 sibi
1150 611 1482 682 profuturam
1495 615 1808 684 assumpsit,

228 699 543 769 nullumque
560 700 705 755 aliud
736 710 949 756 scutum
984 717 1147 770 quam
1186 718 1373 772 peram
1405 704 1508 759 sibi
1536 718 1811 775 opponen-

228 793 345 845 dam
376 792 711 847 fiducialiter
738 794 805 848 ad
829 793 1186 849 dirimendam
1208 810 1439 865 pugnam
1457 797 1805 853 exclamavit.

228 882 565 953 Factumque
589 893 675 939 est
696 884 879 940 divina
913 896 1178 956 Operante
1199 886 1511 955 clementia,
1543 892 1687 958 quod
1718 890 1807 945 ubi

230 972 537 1027 obluctator
557 973 701 1028 alter
720 974 1004 1046 diligenter
1025 986 1288 1043 armatus,
1304 992 1602 1049 congressu
1620 980 1808 1035 habito

229 1063 366 1119 illius
398 1065 635 1121 inermis
656 1082 842 1136 peram
873 1067 1075 1139 ingenti
1102 1069 1211 1125 ictu
1248 1071 1608 1139 percusserit,
1662 1080 1807 1127 tanta

229 1162 281 1207 et
304 1162 412 1208 tam
456 1155 632 1211 densa
686 1157 881 1213 nebula
934 1159 1076 1215 inter
1108 1174 1202 1216 eos
1224 1162 1290 1216 de
1317 1161 1433 1231 ipsa
1461 1177 1594 1232 pera
1622 1165 1808 1219 statim

229 1246 493 1312 exoritur,
524 1255 586 1301 ut
614 1257 809 1303 neuter
836 1249 1068 1306 alterum
1099 1252 1282 1307 videre
1306 1254 1591 1322 potuisset.

295 1361 382 1414 ll.
421 1360 503 1415 De
554 1363 768 1417 homine
823 1381 1026 1435 quoque
1079 1383 1171 1435 per
1228 1378 1468 1422 sanctum
1524 1367 1807 1423 Vedastum

233 1452 463 1505 liberato.
494 1452 551 1507 ln
585 1466 692 1507 una
724 1468 936 1523 quoque
970 1455 1243 1522 azcclesia,
1291 1474 1411 1528 quae
1458 1459 1511 1513 in
1537 1459 1808 1529 episcopio

234 1538 555 1596 Leodecensi
595 1543 722 1607 sita,
763 1542 816 1597 in
850 1544 1054 1600 honore
1103 1548 1277 1602 sancti
1314 1546 1534 1603 Vedasti
1585 1548 1805 1612 colitur,

236 1641 412 1701 raptor
440 1634 667 1702 quidam
691 1637 958 1705 pessimus
988 1640 1301 1708 compositis
1327 1640 1697 1697 fraudulenter
1717 1658 1807 1696 ca-

1990 338 2009 410 [
2035 339 2122 394 l3.
2154 339 2248 411 (V.
2273 338 2445 413 (λαυρ.
2476 340 2588 415 (05)
2614 359 2695 399 ιιι.
2730 344 2805 416 l.)
2833 345 3205 406 DeBerloaldo
3229 353 3489 425 episcopo.

1916 431 2043 489 Post
2103 449 2383 491 excessum
2439 435 2581 491 beati
2640 436 2926 508 Gaugerici
2980 444 3241 499 successit
3275 445 3327 500 in
3358 448 3493 503 sede

1912 522 2208 592 pontiﬁcali
2260 525 2598 592 Bertoaldus,
2646 542 2712 583 ex
2748 528 3085 587 Francorum
3114 573 3130 600 ,
3191 535 3492 595 nobilitatis

1912 617 2186 683 prosapia,
2203 616 2289 669 vir
2309 619 2636 687 apostolicus
2664 635 2728 675 ac
2756 621 2881 677 dote
2904 624 3164 681 virtutum
3188 630 3489 697 preclarns.

1914 702 2012 758 llic
2040 720 2223 760 amore
2249 722 2312 762 ac
2343 710 2691 767 veneratione
2742 713 2888 769 beati
2925 714 3212 787 Gaugerici
3271 720 3488 785 ductus,

1911 808 2016 861 qua
2048 808 2263 863 semper
2301 809 2359 849 ut
2387 799 2525 851 titius
2550 801 2836 871 flagrabat,
2893 804 2943 857 in
2976 807 3281 863 cubiculum
3313 812 3491 866 sancti

1910 882 2035 943 viri,
2062 884 2203 939 unde
2226 886 2462 941 animam
2494 890 2560 943 ad
2606 891 2768 947 carlos
2808 895 3031 961 emisit,
3087 896 3283 955 lectum
3331 917 3488 957 suum

1911 983 2249 1029 constratum
2279 977 2492 1043 locavit,
2518 996 2621 1035 non
2645 987 3049 1055 presumptioue
3074 989 3265 1047 lubrici
3294 994 3490 1060 animi,

1910 1063 2004 1117 sed
2032 1073 2240 1133 certus,
2268 1070 2393 1138 quia
2436 1070 2580 1125 hunc
2629 1072 2804 1128 locum
2835 1077 2994 1132 nullae
3035 1081 3277 1138 adversae
3320 1087 3489 1154 partis

1913 1151 2216 1210 fantastica:
2264 1156 2473 1213 insidia:
2517 1171 2800 1229 vexarent,
2840 1180 2999 1234 quem
3046 1170 3131 1225 vir
3178 1151 3358 1229 tantus
3404 1176 3489 1230 sui

1912 1244 2092 1301 obitus
2115 1260 2244 1301 casu
2270 1249 2492 1305 dicavit.
2520 1251 2575 1307 In
2605 1269 2712 1323 quo
2736 1269 2858 1308 cum
2888 1257 3067 1327 aliqua
3104 1272 3265 1317 nocte
3293 1280 3490 1333 pausa-

1912 1343 2016 1399 ret,
2068 1340 2318 1407 apparuit
2394 1341 2468 1395 illi
2526 1359 2624 1413 per
2669 1346 2843 1401 visum
2895 1347 3085 1406 beatus
3128 1350 3486 1424 Gaugericus,

1910 1423 2103 1482 blande
2129 1428 2344 1497 quidem
2375 1446 2440 1485 ac
2492 1433 2685 1490 leniter
2726 1436 3026 1507 alloquens,
3057 1448 3117 1495 ut
3172 1423 3479 1515 promptius

1910 1528 2089 1572 emoto
2143 1518 2340 1577 lectulo
2393 1530 2819 1595 presumptionis
2871 1531 3087 1601 culpam
3146 1536 3487 1592 meminisset

1909 1610 2085 1679 piare,
2111 1612 2155 1667 si
2178 1615 2480 1684 propicium
2524 1618 2624 1673 sibi
2666 1635 2790 1675 eum
2825 1623 3028 1679 habere
3058 1625 3335 1682 voluisset.
3363 1627 3488 1683 Mox

232 1699 443 1777 lumuiis
458 1699 754 1780 hominem
777 1727 938 1798 cepit,
965 1699 1227 1803 nexisqite
1253 1742 1375 1803 post
1399 1741 1605 1805 tergum
1633 1736 1807 1791 mani-
1839 1711 1881 1769 Β
1909 1699 2001 1805 “ie,
2022 1713 2295 1805 suminow
2323 1705 2538 1805 [GENIP’
2574 1710 2717 1805 de
2754 1710 2965 1805 Ῑῗδωῗη
3012 1713 3191 1805 “.‘m‘
3230 1716 3487 1805 θλΡ¹θν⁵⁸ν

235 1816 326 1871 bus
345 1826 399 1871 et
422 1816 552 1873 fune
582 1820 799 1876 ascellis
852 1826 1149 1893 supposito,
1206 1828 1563 1896 torquendum
1612 1828 1805 1886 durius

236 1906 547 1963 abducebat.
588 1909 758 1977 Quem
793 1929 917 1968 mox
957 1915 1161 1970 czelitus
1201 1919 1596 1989 emancipatum
1633 1922 1801 1992 respi-

235 1998 561 2070 ciens,equo
603 2004 828 2069 desiliit,
883 2006 1142 2077 illumque
1192 2025 1289 2079 per
1339 2024 1397 2066 se
1425 2008 1541 2066 fore
1571 2012 1806 2068 solutum

236 2104 440 2161 quoquo
470 2094 633 2149 modo
671 2097 1011 2166 existimans,
1044 2100 1182 2155 male
1213 2102 1553 2159 verberatum
1609 2106 1807 2162 iterum

237 2181 393 2235 artius
427 2184 749 2240 vinculavit.
781 2188 1039 2259 Equoque
1066 2206 1311 2257 ascenso,
1344 2205 1567 2265 repente
1592 2213 1808 2268 quoque

239 2269 461 2327 laxatum
490 2276 743 2343 intuitus,
764 2295 888 2334 cum
917 2281 1098 2337 furore
1125 2284 1289 2338 etiam
1315 2299 1411 2355 per
1435 2303 1645 2341 comam
1669 2290 1809 2344 arri-

239 2363 359 2430 puit,
398 2366 827 2439 verberibusque
850 2371 1123 2439 allectum,
1179 2377 1341 2430 tertio
1400 2393 1496 2447 per
1551 2380 1805 2447 genitalia

240 2454 501 2525 obligavit.
528 2456 641 2513 Nec
665 2458 881 2531 longum
910 2480 1056 2528 vero,
1076 2466 1395 2522 dissolutum
1423 2470 1682 2538 respexit,
1703 2472 1810 2526 sic-

241 2559 333 2614 que
361 2549 579 2602 tandem
625 2551 889 2617 devictus,
954 2554 1151 2609 divinae
1187 2557 1443 2625 potentiae
1492 2559 1807 2614 cmdendum

238 2638 516 2694 cstimavit.
552 2640 663 2697 lloc
692 2652 879 2697 autem
922 2646 1130 2702 meritis
1152 2648 1326 2704 sancti
1378 2648 1596 2705 Vedasti
1626 2666 1656 2705 a
1693 2651 1807 2708 Deo

240 2743 544 2786 concessum
579 2750 736 2788 nemo
760 2736 851 2806 qui
871 2736 1097 2794 dubitet.

303 2842 386 2896 li.
428 2844 562 2899 Post
630 2846 916 2903 Vedastum
948 2854 1194 2908 successit
1257 2854 1585 2923 Dominicus,
1628 2870 1805 2929 postea

244 2931 511 3004 Yedul/us,
563 2939 751 2994 deinde
779 2941 958 2996 beatus
988 2943 1332 3014 Congeriem.
1369 2947 1533 3003 Beato
1573 2949 1808 3007 Vedasto

239 3026 298 3077 ad
325 3029 628 3095 pontificale
676 3032 869 3087 solium
916 3034 1228 3092 Dominicus
1265 3040 1551 3105 successit,
1581 3043 1665 3095 cui
1702 3041 1805 3097 Ve-

239 3118 420 3175 dulfns.
455 3123 537 3177 Ab
565 3125 667 3179 isto
704 3127 1008 3197 ceterisque
1037 3131 1446 3186 successoribus
1468 3134 1584 3202 ejns
1608 3134 1802 3190 Cama-

238 3213 465 3267 racensis
531 3217 777 3273 mcclesia
856 3220 1143 3288 specialem
1224 3223 1559 3293 principatus
1627 3227 1804 3281 aulam

238 3306 452 3373 accepit,
484 3322 606 3376 qua:
654 3311 975 3366 sacerdotali
1025 3313 1285 3382 regimine
1310 3315 1478 3370 multo
1510 3327 1635 3372 ante
1668 3327 1804 3371 tem-

130 3426 146 3443 .
237 3407 374 3461 pore,
406 3395 549 3451 sicut
577 3406 632 3453 et
655 3401 970 3466 Atrabatus,
1004 3413 1247 3469 vacarat,
1279 3421 1344 3460 ex
1372 3421 1479 3475 quo
1506 3406 1802 3461 Galliarum

237 3496 435 3555 quoque
491 3490 770 3546 :ecclesias
827 3491 1124 3550 barbarica:
1196 3497 1590 3564 persecutionis
1631 3500 1806 3555 caedes

238 3585 551 3633 vastaverat.
610 3580 716 3636 Sed
758 3596 864 3637 non
894 3583 1095 3639 idcirco
1121 3585 1244 3654 jure
1265 3586 1386 3656 quis
1413 3588 1704 3654 dubitabit,
1735 3605 1803 3644 an

236 3661 351 3720 huic
369 3669 631 3726 (ecclesia:
660 3672 827 3742 aliqui
863 3685 989 3729 ante
1018 3676 1344 3745 prefuisscnt
1374 3681 1651 3735 rectores?
1677 3697 1800 3736 eum

237 3755 329 3812 hoc
354 3774 417 3813 ex
470 3762 927 3834 descriptionibus
980 3766 1221 3838 Dyonisii
1252 3785 1405 3839 papa:
1436 3770 1596 3827 facile
1644 3775 1804 3828 datur

236 3844 469 3919 intelligi,
525 3861 586 3907 ut
641 3855 891 3923 superius
934 3856 1016 3928 (c.
1058 3858 1112 3922 5,
1145 3860 1199 3928 7)
1229 3875 1485 3931 expresse
1521 3872 1800 3919 ostensum

237 3937 398 4005 est";
460 3940 549 3997 vel
599 3946 743 4013 quod
803 3945 989 4001 Clodio
1040 3962 1134 4002 rex
1199 3949 1509 4016 Romanos,
1560 3966 1698 4022 quos
1728 3953 1801 4007 ibi

236 4025 545 4088 christianos
592 4034 917 4102 invenerat,
974 4037 1326 4093 interfecerit.
1379 4038 1549 4110 llnjus
1592 4038 1797 4095 V'edulll

236 4121 451 4194 episcopi
480 4125 614 4181 licet
641 4127 820 4198 aliqua
846 4126 984 4183 forte
1005 4131 1353 4186 memoranda
1373 4142 1522 4200 gesta
1546 4131 1795 4199 fuissent,

238 4212 480 4273 incertum
539 4227 740 4286 tamen,
774 4236 843 4276 an
876 4222 1075 4277 desidia
1100 4237 1168 4277 an
1199 4224 1423 4278 raritate
1450 4225 1796 4294 scriptorum,

239 4306 410 4373 quibus
463 4326 610 4381 saepe
638 4312 804 4367 multa
836 4312 1052 4369 silentio
1076 4325 1491 4382 consenescunt,
1518 4317 1583 4370 ad
1610 4326 1796 4373 nostra

240 4410 386 4467 usque
408 4410 650 4471 tempora
701 4406 992 4474 superstite
1024 4406 1165 4461 fama
1196 4422 1300 4463 non
1338 4412 1639 4472 durarunt;
1667 4404 1797 4479 pre;
1819 4410 1872 4467 Ι)

237 4496 308 4541 ter
326 4494 552 4565 quodiin
602 4497 774 4566 gestis
819 4498 959 4552 beati
991 4498 1274 4570 Gaugerici
1308 4499 1443 4572 (64),
1471 4501 1561 4571 qui
1585 4502 1637 4555 ei
1662 4516 1786 4555 suc—

236 4581 383 4634 cchit
405 4584 470 4637 ad
508 4586 909 4654 pontificatum,
958 4588 1206 4660 legimus,
1235 4590 1383 4645 illum
1413 4593 1573 4647 rebus
1601 4593 1788 4648 buma-

237 4670 311 4725 nis
335 4687 635 4746 exemptum
668 4679 735 4733 ad
766 4680 989 4735 meliora
1026 4683 1303 4739 transisse.
1334 4683 1441 4738 Per
1468 4686 1609 4754 quod
1634 4688 1791 4741 datur

237 4763 459 4839 intelligi,
493 4786 599 4827 non
623 4787 745 4827 eum
778 4773 1085 4842 bujustnodi
1113 4776 1291 4831 meriti
1321 4775 1509 4843 fuisse,
1539 4778 1625 4834 cui
1657 4794 1787 4849 sup-

234 4856 373 4921 plicia
403 4874 498 4929 pro
520 4862 703 4933 culpa,
743 4879 931 4919 verum
956 4867 1161 4936 preinia
1187 4869 1484 4923 reddantur
1504 4884 1602 4939 pro
1633 4870 1791 4924 inno-

238 4948 414 5015 centia,
443 4953 583 5021 quod
603 4962 685 5009 est
712 4954 780 5011 ad
804 4955 1027 5010 meliora
1052 4959 1328 5014 transisse.

1911 1791 2041 1845 etin
2072 1794 2260 1848 eodem
2290 1796 2537 1853 cubiculo
2566 1799 2738 1854 altare
2784 1800 3013 1857 Domino
3043 1803 3096 1857 in
3130 1805 3395 1860 memoria
3444 1804 3487 1837 "

1909 1879 2054 1934 beati
2084 1880 2368 1953 Gaugerici
2395 1886 2686 1953 dedicavit,
2718 1890 3144 1962 pigneribusque
3172 1904 3487 1950 sanctorum

1911 1973 2222 2041 conpositis,
2256 1973 2455 2031 divinis
2483 1978 2719 2034 cultibus
2749 1981 2992 2050 aptavit;
3058 1983 3149 2039 ubi
3205 2000 3377 2055 usque
3432 1986 3488 2040 in

1911 2062 2231 2121 hodiernum
2254 2068 2546 2126 celebratio
2576 2082 2765 2128 sancta
2793 2076 3095 2146 peragitur,
3120 2077 3287 2133 immo
3307 2088 3362 2134 et
3379 2080 3488 2135 Deo

1911 2169 2033 2211 veta
2074 2157 2379 2215 solvuntur.

1982 2246 2068 2302 l4.
2084 2248 2111 2302 Ι
2119 2251 2332 2319 uterfuit
2356 2254 2541 2307 sinodo
2555 2254 2872 2312 Bertoaldus
2888 2260 3155 2329 episcopus
3170 2279 3293 2317 eum
3305 2275 3485 2318 sancto

1908 2335 2135 2408 Amulio
2161 2350 2210 2393 et
2239 2342 2418 2396 multis
2450 2345 2572 2398 aliis
2596 2362 2615 2410 ;
2645 2347 2735 2399 ubi
2757 2352 3051 2405 necessaria
3089 2352 3321 2407 ecclesia
3374 2366 3488 2407 tm-

1910 2437 2052 2483 ctata
2066 2441 2185 2485 sunt
2201 2430 2311 2502 (an.
2332 2433 2479 2504 625).
2500 2435 2819 2507 Reperimus
2840 2441 3001 2495 etiam
3035 2444 3085 2496 in
3108 2445 3274 2511 gestis
3291 2445 3487 2500 Remo-

1908 2534 2029 2575 rum
2058 2523 2433 2594 episcOporum
2466 2525 2647 2598 (Flod.
2678 2545 2738 2593 ιι,
2774 2530 2851 2601 5),
2880 2533 3021 2601 quod
3043 2534 3151 2603 ipse
3173 2533 3487 2591 Bcrtoaldus

1907 2610 2195 2680 episcopus
2210 2613 2455 2669 interfuit
2475 2617 2686 2683 sinodo,
2701 2634 2865 2688 quam
2882 2620 3177 2677 Sonnatius
3189 2622 3485 2680 Remorum

1908 2700 2195 2772 episcopus
2238 2704 2550 2772 celebravit,
2590 2722 2715 2762 cum
2767 2707 3063 2767 Teoderico
3115 2713 3486 2785 Lugdunensi,

1910 2790 2159 2848 Sinduflo
2194 2793 2508 2863 Viennensi,
2535 2797 2767 2867 Sulpitio
2796 2797 3144 2869 Bituricensi,
3168 2804 3489 2878 Medegiselo

1910 2880 2236 2952 Turonensi,
2267 2887 2478 2943 Senoco
2507 2889 2849 2959 Elosauensi,
2874 2892 3101 2949 Leontio
3134 2895 3487 2964 Santonensi,

1910 2972 2192 3031 Modoaldo
2248 2977 2597 3047 Treverensi,
2631 2982 2975 3041 Chuneberto
3010 2986 3341 3056 Coloniensi,
3394 2991 3490 3045 Ri-

1834 3058 1880 3120 C
1912 3068 2096 3123 cberio
2127 3069 2446 3137 Senonensi,
2464 3074 2673 3129 Donato
2691 3076 3125 3146 Vcsontionensi,
3156 3097 3278 3136 cum
3305 3085 3490 3141 multis

1909 3162 2075 3216 etiam
2107 3163 2230 3219 aliis
2252 3166 2541 3235 episcopis,
2565 3183 2795 3237 quorum
2834 3174 3052 3225 nomina
3098 3174 3339 3230 brevitas
3390 3193 3486 3232 ne-

1909 3255 2092 3325 glexit.
2117 3258 2637 3331 Reperiturquoque
2658 3270 2880 3319 sanctus
2892 3265 3151 3323 Arnulfus
3175 3269 3489 3327 interfuisse

1908 3342 2247 3400 Mettensium
2280 3350 2482 3417 presul.
2540 3350 2593 3403 In
2638 3366 2744 3419 qua
2768 3353 2960 3407 sinodo
3008 3357 3176 3410 multa
3230 3358 3488 3429 leguntur

1909 3434 2061 3488 utilia
2088 3437 2409 3501 constituta,
2441 3438 2508 3493 de
2536 3438 2696 3494 rebus
2725 3440 2922 3495 scilicit
2940 3441 3226 3507 aveclesiae,
3251 3446 3489 3515 qualiter

1908 3530 2208 3584 tractanda:
2235 3531 2364 3585 sint.
2393 3529 2470 3585 De
2489 3531 2705 3587 clericis
2747 3533 3019 3600 videlicet,
3078 3535 3125 3590 si
3172 3536 3263 3605 qui
3312 3537 3487 3593 rebul-

1906 3619 2069 3676 lionis
2103 3636 2293 3675 ausum
2324 3622 2688 3678 sacramentis
2721 3637 2781 3678 se
2806 3631 2898 3677 aut
2920 3625 3205 3697 scripturae
3238 3626 3490 3696 conjura-

1907 3712 2053 3766 tione
2080 3714 2541 3779 constrinxerint,
2593 3723 2758 3785 atque
2810 3716 3036 3772 insidias
3091 3718 3349 3789 episcOpo
3387 3735 3488 3776 suo

1904 3803 2100 3858 callida
2127 3803 2449 3875 allegatione
2469 3805 2837 3872 confecerint;
2869 3816 2929 3863 ut
2957 3809 3001 3863 si
3025 3809 3286 3865 admoniti
3303 3826 3489 3867 emen-

1904 3898 2035 3954 dare
2063 3900 2505 3969 contempserint,
2529 3902 2699 3969 gradu
2732 3902 2951 3972 proprio
2990 3903 3212 3958 omnino
3265 3903 3481 3972 priven-

1904 3997 2009 4043 tur.
2046 3990 2175 4045 Item
2206 3992 2254 4047 si
2279 3992 2403 4060 quis
2439 3991 2609 4060 judex
2652 3992 2938 4063 cujuslibet
2979 3996 3189 4051 ordinis
3225 3995 3487 4052 clericum

1902 4079 2136 4150 publicis
2171 4082 2544 4138 sanctionibus
2593 4082 2855 4139 inclinare
2901 4088 3328 4155 presumpserit,
3388 4097 3487 4142 aut

1900 4172 2342 4240 proquibuslibet
2366 4173 2545 4228 causis
2568 4174 2774 4243 absque
2785 4175 3115 4230 conscientia
3141 4185 3194 4231 et
3215 4176 3484 4246 permissu

1902 4261 2144 4331 episcopi
2166 4263 2517 4331 distringere,
2543 4270 2637 4318 aut
2662 4263 3005 4319 contumeliis
3037 4264 3120 4317 vel
3149 4264 3361 4333 injuriis
3403 4266 3484 4319 af-

1903 4352 2063 4407 ficere
2086 4353 2493 4422 presumpserit,
2531 4354 2913 4408 communione
2952 4353 3214 4424 privetur.
3269 4354 3397 4409 Item
3435 4356 3482 4411 si

1897 4444 2021 4513 quis
2050 4444 2397 4499 homicidium
2419 4453 2607 4513 sponte
2628 4444 2982 4509 commiserit,
3008 4453 3062 4498 et
3082 4461 3188 4499 non
3218 4446 3487 4502 violentia:

1902 4539 1945 4570 ⁸⁸
1973 4539 2254 4606 resistens,
2278 4539 2373 4593 sed
2404 4539 2510 4593 vim
2537 4539 2742 4594 faciens
2765 4538 2968 4604 impetu
2992 4538 3095 4593 hoc
3116 4537 3326 4604 fecerit,
3358 4556 3483 4595 cum

1899 4627 2005 4685 isto
2029 4630 2246 4698 penitus
2274 4646 2380 4684 non
2409 4629 2919 4685 communicandum
2944 4647 2957 4695 ;
3010 4630 3087 4684 sic
3113 4639 3318 4695 tamen,
3350 4641 3407 4686 ut
3437 4633 3484 4688 si

1900 4722 2275 4791 paenitentiam
2301 4720 2492 4793 egerit,
2526 4720 2580 4774 in
2611 4719 2761 4776 exitu
2789 4720 3187 4777 communionis
3227 4721 3485 4777 viaticum

1900 4828 2007 4867 non
2036 4824 2284 4884 negetur.
2320 4813 2453 4868 Item
2480 4812 2525 4867 si
2548 4811 2781 4868 clericus
2801 4814 3149 4883 proficiscens
3175 4812 3242 4867 de
3260 4812 3489 4869 civitate

1898 4905 1966 4959 ad
1988 4906 2125 4961 alias
2167 4905 2419 4961 civitates
2467 4905 2696 4960 voluerit
2742 4916 2836 4961 aut
2874 4904 3180 4977 provincias
3236 4920 3487 4976 pergere,

1900 4999 2173 5067 pontificis
2230 4998 2318 5053 sui
2366 4994 2610 5066 epistolis
2646 4996 3083 5061 commendetur;
3116 4995 3257 5065 quod
3283 4994 3328 5050 si
3368 4998 3492 5055 sine

1515 5157 1748 5213 VARle
1786 5155 2189 5215 LECTIONES.

297 5288 338 5319 "
365 5298 420 5344 ut
449 5305 493 5346 s.
530 5308 578 5350 e.
628 5310 677 5351 ο.
718 5311 770 5352 e.
817 5307 1005 5352 auctor
1039 5296 1177 5351 intra
1198 5295 1363 5351 lineas
1386 5292 1661 5358 supplevit.
1742 5294 1785 5326 "
1811 5292 2015 5350 honore
2035 5292 2087 5347 5.
2166 5287 2210 5319 ’⁸
2241 5286 2476 5343 Violenle
2504 5288 2554 5341 i-
2584 5294 2630 5340 εί
2659 5281 2820 5340 “Ott
