4052 5358
529 265 596 325 35
1485 267 1711 324 GESTA
1761 255 2180 319 PONTIFICUM
2219 253 2829 313 CAMERACENSIUM.
3719 259 3794 315 36

529 382 770 450 epistolis
800 383 1075 453 profectus
1097 383 1259 440 fuerit
1293 377 1626 445 manifestis,
1651 378 1795 433 nullo
1833 375 1996 430 tnodo
2025 386 2108 425 re-
2139 379 2182 430 Α
2211 369 2336 422 vita;
2361 368 2496 422 liber
2523 367 2700 422 editus
2731 365 3442 433 insinuat,coruseavit.Qui
3465 365 3630 422 etiam
3653 368 3796 424 liber

527 475 776 542 cipiatur.
808 475 940 530 Item
965 476 1009 530 si
1041 478 1161 546 quis
1197 476 1249 530 in
1296 475 1535 546 quolibet
1568 471 1735 542 gradu
1774 469 1856 522 vel
1895 463 2107 536 cingulo

527 565 856 620 constitutus
879 577 972 620 aut
999 577 1266 638 potestate
1319 563 1590 628 suffultus,
1623 563 1956 618 decendente
1989 559 2105 628 cpi-

543 669 708 723 scopo
733 673 821 712 res
855 657 1144 727 cujuslibet
1175 657 1498 714 conditionis
1535 655 1588 709 in
1623 654 1815 708 domus
1839 651 1922 706 vel
1949 665 2106 720 agros

525 743 781 798 mcclesia:
802 748 1008 816 positas
1050 757 1176 801 ante
1221 747 1612 820 reserationem
1672 744 1976 800 testamenti
2021 741 2104 795 vel

524 836 854 890 audientiam
876 852 1038 892 ausus
1067 835 1233 892 fuerit
1261 850 1555 906 occupare,
1587 837 1670 890 vel
1717 834 1974 888 {ecclesiae
2015 848 2104 888 re-

523 926 714 995 pagula
737 925 1021 1000 effringere
1045 937 1100 983 et
1139 928 1526 999 supellectilem
1571 927 1710 981 infra
1739 926 1954 981 dommn
2000 939 2106 979 tec-

523 1016 700 1072 t-lcsiaa
727 1019 956 1088 positam
986 1020 1298 1088 contingere
1321 1020 1402 1073 vel
1435 1019 1666 1075 scrutari
1693 1017 2100 1088 presumpserit,

523 1119 552 1158 a
603 1109 982 1164 communione
1039 1110 1460 1164 Christianorum
1525 1110 1739 1179 penitus
1799 1108 2100 1188 abdicetur.

523 1198 654 1252 Item
679 1207 738 1253 ut
762 1199 942 1253 clerici
984 1200 1272 1270 cujuslibet
1304 1201 1510 1255 ordinis
1546 1216 1720 1269 neque
1745 1215 1842 1269 pro
1871 1199 2102 1270 prapriis

522 1301 695 1356 neque
731 1303 830 1358 pro
856 1289 1262 1344 tecelesiasticis
1289 1292 1474 1346 causis
1499 1291 1662 1346 aliter
1689 1291 1840 1345 adire
1872 1292 2104 1346 debeant

521 1373 718 1442 fo’rum,
767 1391 868 1431 nec
903 1392 1096 1432 causas
1139 1379 1320 1433 dicere
1352 1378 1766 1444 audcant,'nisi
1817 1395 1950 1449 quas
1977 1395 2098 1434 cum

439 1447 456 1466 ’
517 1465 783 1532 permissu
804 1474 861 1520 et
876 1465 1111 1523 consilio
1132 1468 1366 1540 episcopi
1397 1483 1558 1538 agere
1589 1469 1670 1524 eis
1695 1469 1858 1523 fuerit
1879 1470 2100 1524 omnino

520 1556 865 1622 permissum.
890 1558 1021 1612 ltem
1051 1559 1258 1622 viduas,
1291 1575 1411 1628 qua:
1447 1575 1505 1614 se
1533 1561 1760 1615 Domino
1792 1562 2100 1616 consecrari.

508 1646 807 1715 petierunt,
843 1649 926 1702 vel
961 1647 1166 1717 puellas
1204 1649 1434 1706 Domino
1483 1665 1862 1717 consecratas,
1924 1651 2100 1706 nullus

519 1752 693 1808 neque
719 1754 814 1809 per
845 1743 1229 1796 auctoritatem
1253 1743 1459 1815 regiam
1508 1760 1684 1814 neque
1734 1745 2098 1815 qualicunque

521 1835 790 1894 potestate
839 1827 1086 1885 suffultus
1127 1841 1220 1886 aut
1257 1834 1474 1901 propria
1519 1836 1849 1898 temeritate,
1908 1851 2100 1903 rapere

521 1915 604 1970 vel
636 1917 852 1972 trahere
898 1919 1112 1974 audeat.
1176 1920 1378 1986 Quodsi
1433 1926 1650 1991 utrique
1697 1924 2097 1990 consenserint,

519 2011 901 2066 communione
925 2013 1223 2082 priventur.
1253 2013 1440 2068 Preter
1477 2015 1576 2069 hcc
1604 2015 1768 2070 etiam
1796 2015 1897 2070 alia
1933 2015 2098 2070 multa

517 2108 752 2154 tractata
779 2109 929 2164 sunt,
963 2116 1081 2170 qua:
1117 2100 1244 2156 licet
1271 2101 1408 2156 satis
1435 2101 1605 2168 utilia,
1635 2111 1815 2158 tamen
1866 2103 2100 2160 brevilo-

515 2192 643 2259 quio
671 2191 984 2262 gaudentes,
1027 2192 1378 2262 pretereunda
1411 2193 1803 2248 estimavimus.

585 2280 676 2334 iii.
718 2277 814 2350 (V.
841 2279 1012 2350 Gaug.
1045 2297 1126 2346 ut,
1158 2279 1373 2352 3.)!510
1399 2281 1606 2351 presule
1653 2281 1744 2354 [ur
1793 2283 1848 2336 in
1886 2281 2100 2337 basilica

512 2373 686 2425 sancti
716 2369 1022 2442 Gaugarici,
1048 2384 1230 2428 sancto
1257 2371 1854 2444 Gaugaricointimante,
1878 2389 2104 2443 compre-

515 2462 781 2515 henditur.
819 2463 932 2518 Sub
955 2461 1112 2530 hujus
1137 2471 1378 2532 tempore
1420 2464 1506 2516 fur
1534 2465 1750 2530 quidam
1777 2465 2100 2533 intempesta

513 2560 678 2606 nocte
713 2549 992 2606 basilicam
1020 2553 1193 2607 sancti
1235 2552 1521 2624 Gaugerici
1550 2555 1853 2624 ingressus,
1885 2570 2100 2610 sacrum

517 2640 617 2694 viri
646 2640 1023 2709 sepulchrum,
1069 2644 1210 2712 quod
1257 2645 1394 2698 miro
1419 2643 1634 2700 artificii
1661 2660 1825 2716 opere
1859 2661 1994 2702 auro
2049 2654 2104 2700 ct

517 2727 746 2802 gemmis
765 2733 1062 2799 renitebat,
1086 2733 1322 2804 spoliare
1368 2737 1635 2807 cupiebat.
1684 2737 1755 2792 At
1785 2738 1864 2791 vir
1891 2739 2101 2794 Domini

513 2823 734 2892 ianitori
758 2840 856 2880 suo
884 2840 981 2896 per
1005 2827 1179 2881 visum
1204 2829 1920 2898 apparuit,memoriamque
1949 2845 2100 2884 suam

517 2929 547 2968 a
580 2914 880 2970 latronibus
905 2925 1218 2988 temptatam
1275 2921 1568 2987 intimavit,
1623 2921 1990 2987 denuntians,
2045 2931 2102 2976 ut

511 3017 734 3076 captum
759 3007 934 3062 furem
954 3009 1078 3064 sine
1102 3007 1320 3065 laesione
1345 3011 1494 3065 abire
1521 3011 1875 3080 permitteret.
1903 3011 2102 3080 Sicque

515 3096 722 3151 factum
751 3109 854 3153 est.

591 3185 1036 3260 i6..Subneclilur
1059 3193 1358 3249 Ablebertus
1372 3193 1476 3248 sive
1491 3195 1893 3260 Emebertus,ex
1917 3206 2100 3250 sancta

509 3279 686 3347 stirpe.
724 3283 1046 3350 progenitus.
1084 3283 1211 3339 Post
1240 3285 1580 3340 licrtoaldnm
1626 3287 1888 3342 successit
1911 3289 2102 3343 beatus

513 3369 838 3436 Ablebertus
870 3374 962 3443 qui
991 3375 1064 3428 ita
1101 3375 1155 3430 in
1183 3377 1428 3448 catalogo
1453 3377 1826 3448 cpisc0porum
1859 3380 2103 3432 nomina-

517 3465 626 3524 tus,
657 3461 726 3514 ab
767 3461 958 3518 incolis
989 3479 1117 3518 vero
1143 3475 1198 3519 et
1229 3467 1423 3521 vicinis
1467 3467 1788 3523 Etnebertus
1820 3469 2102 3524 dicebatur

515 3547 652 3619 (66).
683 3548 778 3618 (V.
805 3549 1004 3622 Guad.)
1033 3551 1131 3606 Hic
1171 3567 1238 3606 ex
1262 3553 1612 3608 Bracbatensi
1642 3571 1780 3625 pago
1817 3557 2098 3623 oriundus,

516 3639 838 3706 pereuntibus
895 3642 1162 3709 siquidem
1206 3651 1260 3696 et
1297 3644 1425 3698 vita:
1466 3655 1522 3697 et
1569 3643 1786 3711 generis
1841 3647 2102 3713 dignitate

515 3731 857 3798 clarissimis,
909 3741 1066 3802 patre
1095 3733 1347 3789 videlicet
1391 3733 1602 3790 Witero
1649 3736 1878 3802 comite,
1912 3747 2100 3794 sancto

517 3821 661 3885 viro,
687 3830 852 3892 atque
882 3823 1207 3893 Amulberga
1234 3835 1408 3878 matre
1429 3825 1605 3880 editus
1631 3836 1734 3881 est.
1753 3827 1919 3897 Cujus
1935 3829 2098 3883 etiam

519 3921 776 3986 quattuor
797 3923 996 3969 sanctae
1022 3929 1238 3972 sorores
1269 3915 1488 3972 fuerunt
1524 3919 1606 3974 ha:
1637 3935 1651 3972 :
1685 3919 1966 3982 Reinildis,
1999 3919 2097 3975 Sa-

517 4003 1192 4070 raehildis,Ertnenlindis
1213 4047 1226 4072 ,
1256 4007 1564 4063 beatissima
1610 4023 1824 4078 quoque
1851 4009 2096 4076 Gnodila,

517 4093 700 4162 iunior
723 4107 900 4164 aetate,
954 4101 1186 4168 sednon
1234 4103 1412 4155 minus
1439 4104 1768 4172 prcstantior
1788 4105 2096 4173 sanctitate.

523 4187 652 4252 Quae
675 4191 914 4258 profecto
936 4201 1225 4261 antequam
1250 4205 1396 4256 nata,
1424 4206 1492 4247 an
1534 4193 1726 4262 angelo
1773 4195 2102 4251 beatissima:

523 4282 682 4335 matri
717 4283 1010 4349 nunciata,’
1037 4285 1153 4341 dies
1196 4302 1323 4341 suos
1357 4286 1518 4341 bouis
1573 4287 1830 4356 operibus
1880 4291 2101 4344 vincere

2210 460 2552 514 Ahlebertum
2601 459 2914 527 pontificem
2957 468 3012 512 et
3063 459 3198 512 mira
3243 459 3532 513 sanctitate
3579 460 3792 516 clarum

2207 559 2560 621 protestatur,
2585 558 2639 603 et
2661 565 2867 604 morum
2889 550 3217 620 ingenuitate
3231 552 3614 620 conspicuum;
3645 555 3794 622 quod

2207 655 2308 695 nec
2329 640 2702 702 dubitandum,
2724 641 3005 707 presertim
3021 655 3141 694 cum
3165 650 3220 694 et
3243 649 3348 694 tam
3375 643 3582 697 sanctis
3601 655 3656 698 et
3681 655 3796 699 tam

2208 729 2510 800 magnificis
2537 729 2812 784 natalibus
2841 739 3018 783 ortum
3072 729 3205 800 (67).
3244 730 3342 785 llic
3363 733 3620 786 nimirum
3667 749 3798 804 pre-

2209 817 2384 872 libatan
2429 819 2656 882 sororis,
2688 818 2740 871 id
2770 827 2853 872 est
2877 817 3134 879 Guodilaz,
3173 816 3285 885 jam
3317 819 3498 874 triduo
3539 823 3793 890 sepultae,

2207 910 2469 964 ttunulum
2498 929 2525 964 a
2551 909 2756 966 latrone
2784 909 3043 980 pestifero
3071 911 3327 966 violatum
3355 911 3602 978 audiens,
3633 913 3795 982 inge-

2207 1003 2362 1066 muit,
2391 1002 2767 1071 latronemque
2800 1002 3162 1077 anathematis
3207 1003 3423 1057 vinculo
3460 1003 3742 1058 innodavit
3771 1020 3788 1068 ;

2205 1093 2368 1147 immo
2391 1094 2552 1146 etiam
2575 1103 2758 1148 exerta
2783 1094 3172 1162 inprecatione,
3203 1102 3262 1148 ut
3289 1094 3459 1160 signis
3489 1093 3796 1148 fatentibus

2203 1180 2398 1240 saltem.
2413 1190 2660 1250 posteros
2673 1197 2781 1236 non
2807 1182 3020 1246 lateret,
3035 1181 3298 1247 obtinuit;
3327 1183 3430 1236 hoc
3451 1182 3612 1236 modo
3631 1195 3792 1245 sane,

2204 1280 2262 1324 ut
2287 1273 2330 1326 si
2355 1272 2439 1326 vir
2466 1280 2632 1337 esset,
2669 1273 2892 1344 claudus
2952 1271 3036 1326 vel
3093 1271 3336 1342 quolibet
3377 1273 3540 1326 modo
3593 1269 3794 1327 debilis
3835 1295 3838 1300 τ

2205 1359 2375 1424 fieret,
2405 1361 2451 1416 si
2476 1361 2698 1426 femina,
2724 1362 2856 1417 vitio
2877 1366 3019 1431 quod
3057 1363 3216 1432 vulgo
3240 1363 3470 1418 dicimus
3497 1362 3793 1430 gutteriam

2205 1449 2339 1520 (68),
2365 1465 2582 1520 semper
2623 1466 2728 1505 nou
2762 1459 2995 1506 careret.
3044 1451 3106 1504 Et
3153 1452 3257 1506 hoc
3303 1451 3546 1506 mirabile
3589 1451 3736 1506 dictu
3769 1467 3790 1516 ;

2203 1554 2438 1608 nutuque
2467 1553 2680 1592 omnem
2733 1541 2904 1608 ipsam
2952 1541 3264 1610 progeniem
3317 1540 3432 1594 lucc
3481 1541 3550 1593 ita
3597 1551 3790 1608 postea

2203 1627 2424 1690 habere,
2455 1627 2589 1682 liber
2615 1630 2728 1698 ipse
2757 1629 2974 1684 fatetur.
3008 1629 3158 1684 Unde
3190 1631 3348 1684 datur
3405 1628 3660 1700 intelligi,
3705 1630 3794 1685 vi-

2131 1710 2175 1770 B
2205 1732 2321 1770 rum
2347 1717 2556 1772 altioris
2583 1719 2765 1772 meriti
2795 1717 3088 1790 extitisse]

2276 1810 2361 1863 17.
2407 1807 2506 1862 Hic
2531 1811 2600 1862 ad
2636 1809 2897 1864 Martinus
2943 1811 3178 1880 sepultus
3221 1821 3320 1877 est,
3361 1811 3451 1865 sed
3479 1811 3547 1866 ad
3575 1811 3780 1867 Milbo-

2205 1898 2354 1951 dium
2385 1899 2674 1952 translatus
2701 1900 2763 1952 1’.
2807 1898 2930 1954 Fuit
2957 1909 3136 1958 autem
3178 1900 3322 1967 huic,
3351 1911 3406 1955 ut
3435 1901 3634 1968 ferunt,
3663 1917 3787 1971 pre-

2191 1979 2374 2054 dium,
2407 1992 2550 2061 quod
2601 1991 2858 2047 Martinas
2889 1993 3002 2064 (69)
3055 1995 3276 2060 dicitur,
3323 1995 3539 2050 familiis
3565 1995 3788 2064 quidem

2201 2090 2258 2133 et
2289 2081 2450 2134 rebus
2494 2080 2825 2136 cireumlluis
2875 2082 3379 2153 locupletissimum,
3415 2085 3485 2139 de
3533 2099 3638 2154 quo
3689 2084 3786 2139 Dei

2206 2171 2482 2244 genitricis
2541 2172 2842 2227 accclesiam
2891 2173 3006 2244 (70)
3071 2175 3340 2230 bteredem
3380 2173 3606 2241 fecerat,
3665 2177 3784 2240 sed,

2205 2265 2478 2318 nescimus
2526 2279 2632 2334 qua
2685 2280 2848 2320 causa
2898 2267 3004 2321 nisi
3045 2267 3392 2326 infestatione
3421 2283 3784 2339 paganorum,

2173 2349 2178 2354 ’
2205 2354 2480 2410 amiserat.
2513 2353 2614 2410 llic
2641 2357 3052 2425 superveniente
3080 2357 3168 2413 die
3216 2373 3328 2412 sua:
3377 2357 3700 2424 vocationis,
3727 2359 3786 2412 in

2205 2445 2392 2500 eodem
2441 2461 2601 2515 pago,
2637 2446 2761 2500 villa
2817 2446 3066 2500 videlicet
3106 2461 3268 2516 quam
3314 2447 3416 2500 loci
3449 2448 3788 2502 habitatores

2206 2531 2340 2586 llam
2388 2534 2500 2601 (7t)
2547 2535 2752 2600 dicunt,
2793 2533 3098 2598 defunctus,
3164 2535 3417 2604 migravit
3463 2551 3496 2590 a
3549 2537 3782 2598 mundo;

2205 2622 2436 2692 illucque
2480 2624 2741 2693 sepultus,
2791 2625 2984 2680 deinde
3039 2625 3108 2680 ad
3158 2625 3418 2681 Martinas
3445 2627 3786 2697 deportatus,

2201 2723 2390 2784 postea
2430 2729 2561 2770 vero
2599 2715 2666 2770 ad
2693 2715 3017 2771 Melbodinm
3061 2717 3373 2784 translatus,
3421 2719 3602 2790 ibique
3641 2736 3789 2776 nunc

2207 2805 2508 2873 quiescens,
2533 2808 2958 2862 resurrectionis.
2978 2809 3121 2863 diem
3149 2820 3424 2880 expectat.

2317 2895 2450 2968 [l8.
2496 2899 2676 2969 (17.)
2739 2899 2812 2954 De
2851 2911 3032 2954 sancto
3087 2903 3354 2956 Autberlo.
3422 2901 3534 2974 (V.
3601 2903 3786 2984 Autb.)

2141 3011 2144 3013 λ
2210 2989 2337 3044 Post
2375 2993 2514 3044 hunc
2543 2993 2593 3044 in
2623 2993 2751 3046 sede
2780 2993 3076 3062 pontificali
3115 2995 3306 3050 beatus
3335 2997 3600 3051 successit
3650 2997 3790 3050 Aut-

2129 3069 2174 3126 C
2207 3083 2395 3138 bertus
2420 3085 2555 3156 (7&2),
2588 3087 2672 3139 vir
2690 3087 2937 3156 egregius
2971 3097 3027 3141 et
3056 3089 3181 3142 vitae
3217 3090 3409 3144 merito
3432 3089 3785 3159 conspicuus,

2205 3178 2537 3246 temporibus
2591 3179 2873 3247 Dagoberti
2929 3179 3072 3248 regis
3111 3179 3467 3235 Francorum.
3535 3181 3638 3247 Qui
3685 3197 3790 3252 pro

2205 3267 2483 3324 familiaris
2533 3271 2784 3326 amicitia:
2834 3271 3042 3341 gratia,
3095 3285 3200 3339 qua
3252 3288 3375 3326 eum
3438 3273 3789 3343 singulariter

2203 3363 2460 3426 amabat,
2517 3363 2777 3418 fratribus
2831 3363 2921 3432 qui
2982 3364 3033 3417 in
3090 3363 3333 3418 :ecclesia
3384 3365 3557 3419 beatae
3596 3363 3786 3420 Mariae

2204 3453 2636 3520 famulabantur,
2687 3455 2778 3510 ubi
2839 3455 2920 3510 vir
2979 3455 3072 3510 [lci
3132 3455 3455 3526 pontificalis
3513 3456 3790 3512 cathedrae
3875 3459 3898 3478 '

2203 3546 2526 3616 fungebatur
2547 3547 2719 3602 cilicio
2736 3589 2751 3613 ,
2777 3564 2941 3602 unum
2965 3548 3161 3618 regalis
3191 3548 3575 3603 munificentiae
3597 3547 3788 3604 fiscum

2203 3638 2452 3704 donavit,
2509 3653 2668 3708 quem
2720 3639 2907 3710 Oneng
2954 3641 3066 3712 (75)
3113 3643 3182 3696 ab
3237 3641 3460 3709 antiquo
3511 3641 3786 3696 dicebant.

2177 3725 2372 3798 'llujus
2401 3730 2542 3784 beati
2582 3731 2681 3784 viri
2722 3741 2868 3802 gesta
2904 3748 3003 3800 pro
3056 3733 3278 3786 raritate
3324 3731 3648 3801 scriptorum
3680 3747 3787 3787 non

2203 3819 2358 3890 plene
2401 3831 2716 3890 patuerunt,
2773 3833 2952 3892 preter
2981 3827 3125 3892 quod
3165 3825 3218 3877 in
3253 3824 3421 3894 gestis
3469 3833 3788 3880 sanctorum

2202 3912 2292 3981 qui
2329 3913 2498 3982 ipsius
2535 3915 2686 3969 fuere
2723 3915 3090 3985 temporibus,
3125 3931 3295 3985 pauca
3333 3901 3697 3986 repperimus,
3734 3917 3788 3970 in

2202 4007 2400 4073 quibus
2442 4007 2642 4061 celebri
2694 4009 2954 4061 memoria
2997 4007 3112 4076 ipse
3154 4007 3442 4072 recolitur,
3496 4009 3562 4062 de
3589 3997 3790 4077 quibus

2203 4099 2382 4168 aliqua
2411 4101 2651 4156 breviter
2674 4117 2980 4156 narramus.
3013 4087 3247 4155 Puerum
3277 4102 3545 4171 quendam
3579 4102 3692 4172 (74)
3719 4117 3782 4158 ex

2203 4195 2375 4248 sacris
2399 4195 2638 4250 fontibus
2672 4204 2984 4266 susceptum
3013 4203 3067 4249 et
3091 4193 3262 4250 sacris
3291 4193 3462 4249 literis
3492 4195 3750 4274 traditum
3769 4235 3784 4256 ,

2205 4305 2326 4344 cum
2354 4291 2611 4346 attentius
2636 4291 2703 4346 ad
2743 4306 2928 4346 sacros
2963 4289 3180 4346 ordines
3207 4301 3529 4358 promovere
3561 4288 3788 4342 medita-

519 4373 1063 4444 studuit,.multisquc
1097 4377 1388 4432 virtutibus
1410 4387 1463 4431 et
1495 4378 1793 4443 miraculis,
1829 4387 1886 4434 ut
1935 4380 2103 4448 ipsius
2131 4407 2179 4464 υ
2211 4395 2388 4451 retur,
2443 4385 2751 4442 fallentibus
2804 4385 2986 4441 verbis
3027 4383 3347 4453 deceptum,
3415 4383 3662 4438 diabolus
3719 4380 3785 4436 ad

1771 4603 1997 4662 VARUE
2032 4605 2428 4662 [.ISCTIONES.

599 4763 640 4838 ίέ
669 4762 824 4816 Hunc
845 4763 1050 4818 titulum
1083 4777 1267 4820 nuetOr
1304 4767 1410 4836 ipse
1440 4777 1616 4838 postea
1647 4769 1779 4822 inter
1807 4767 1971 4822 lineas
2003 4781 2046 4822 et
2077 4771 2132 4823 in
2169 4773 2400 4840 margine
2431 4772 2589 4825 minio
2621 4771 2896 4842 supplevit.

2030 4943 2256 5001 NOT.‘E.

601 5045 712 5136 (66)
751 5067 974 5123 Multum
1027 5078 1174 5124 errat
1228 5081 1436 5134 noster,
1493 5071 1838 5130 Ablebertum
1899 5089 1949 5126 a.
1998 5073 2102 5127 650

526 5151 802 5194 mortuum
831 5140 1165 5194 confundens
1188 5156 1309 5193 cum
1345 5141 1630 5195 Etuelm-tu
1653 5159 1746 5196 seu
1775 5143 2100 5206 llildeherto,

2204 5075 2372 5132 GLAY.

2278 5149 2393 5208 (70)
2433 5147 2900 5205 Cameracensem.
