4052 5358
233 293 300 348 5':
1625 293 1824 350 LIBER
1861 295 2136 354 PRIMUS.
2315 341 2322 344 -
3435 311 3507 372 58

233 400 516 456 exteriora
551 401 792 458 retraxit.
825 403 926 470 Qui
951 401 1250 474 adsumptis
1273 404 1374 460 sibi
1405 405 1750 474 aequissimis
1767 416 1822 461 et
1851 413 1900 470 Α
2001 409 2092 464 20.
2133 409 2270 484 (19.)
2307 411 2498 484 (Ιὸὲιι.)
2527 413 2780 470 Sanctum
2817 413 3098 472 Vedastunt
3123 417 3330 480 levavit.
3355 422 3510 483 Atre-

235 493 524 550 seditiosis
549 494 892 562 hominibus,
931 495 1096 566 cmpit
1123 497 1360 552 viatores
1385 495 1642 550 infestare
1663 537 1680 562 ,
1721 507 1824 553 tra-

236 584 386 650 here,
411 585 678 654 spoliare.
697 585 795 652 Qui
813 600 934 640 cum
951 585 1036 642 his
1049 585 1242 642 studiis
1259 587 1518 642 attentius
1531 587 1822 648 insisteret,

233 687 292 734 et
309 679 396 732 vir
421 679 626 732 beatus
671 678 788 748 ejus
827 679 1040 734 ruinam
1093 678 1350 746 defieret,
1395 678 1538 736 forte
1579 696 1718 736 unus
1759 693 1827 734 ex

235 769 584 838 mnplicibtis
609 770 724 824 suis
749 777 932 840 raptus
959 771 1025 824 ad
1053 771 1312 840 supplicia
1345 771 1459 844 (75)
1484 811 1500 838 ,
1522 770 1708 838 juveni
1740 773 1824 826 cui

235 849 468 916 dabatur
522 864 644 916 haec
678 863 876 918 vidisse
935 879 1186 934 magnum
1233 859 1462 920 incuSsi‘t
1519 866 1822 920 horrorem.

233 948 330 1004 Cui
364 959 494 1020 post
515 952 848 1006 horrendam
871 953 1132 1010 visionem
1171 955 1396 1026 angelus
1425 955 1490 1010 de
1511 955 1642 1012 caelo
1663 971 1824 1026 appa-

231 1057 392 1108 rens,
451 1052 798 1112 protestetur
855 1045 1050 1100 talibus
1103 1061 1226 1102 eum
1274 1061 1490 1117 quoque
1547 1047 1826 1118 suppliciis

231 1131 518 1199 debitum,
569 1149 674 1205 pro
701 1149 766 1190 eo
807 1137 950 1206 quod
979 1137 1154 1192 virum
1209 1138 1302 1192 Dci
1348 1139 1666 1194 Antbcrtum
1703 1139 1826 1193 reli-

233 1223 468 1291 quisset.
503 1223 624 1280 Hoc
650 1233 856 1282 terrore
885 1235 1196 1296 correptum
1215 1227 1468 1296 juvenem
1493 1229 1576 1283 vir
1603 1239 1824 1284 sanctus

235 1315 482 1384 recepit,
523 1315 696 1382 aluit,
734 1306 800 1370 et.
833 1319 900 1372 ad
941 1319 1302 1374 sacerdotium
1331 1335 1500 1390 usque
1534 1321 1822 1389 promovit.

233 1406 402 1474 Cujus
433 1406 610 1462 multa
667 1409 722 1462 in
773 1409 914 1464 libro
943 1411 1066 1466 vita:
1100 1411 1217 1481 ejus
1263 1411 1524 1466 miracula
1571 1427 1742 1482 usque
1771 1413 1824 1466 in

235 1511 498 1567 presens,
525 1497 574 1552 si
601 1497 692 1552 cui
725 1506 808 1552 est
837 1499 1042 1563 Otium,
1075 1499 1334 1554 inveniet.

305 1587 396 1640 l9.
441 1585 580 1657 (18.)
617 1586 670 1656 (1
679 1588 813 1658 bid.)
845 1587 997 1653 Quod
1019 1587 1076 1643 S.
1103 1587 1306 1644 Gislani
1335 1589 1624 1644 (ecclesiam
1647 1607 1828 1644 conse-

233 1680 422 1743 cravit,
435 1688 680 1734 sanetum
695 1676 1018 1734 Vincentium
1029 1679 1276 1744 excoluit,
1291 1681 1828 1736 sanctamll’aldetm-

1929 491 2056 558 bato
2079 503 2244 558 etiam
2281 505 2336 560 in
2377 505 2582 560 honore
2623 506 2798 562 beata:
2849 508 2944 563 Dei
2995 509 3274 578 genitricis
3327 511 3512 572 Mariae

1929 593 2174 648 accclcsia
2203 595 2380 650 fuerat
2411 597 2690 662 dedicata,
2729 599 2782 652 in
2825 615 2930 670 qua
2977 603 3300 672 pontificalis
3341 607 3510 675 apicis

1931 683 2158 738 thronus
2191 685 2510 740 habebatur.
2555 685 2615 740 lu
2652 687 2754 742 hac
2785 688 2978 745 beatus
3001 689 3266 748 Vedastus
3287 733 3304 759 ,
3355 693 3510 762 cujus

1929 787 2088 840 supra
2119 773 2231 842 (78)
2270 775 2614 832 meminimus
2633 817 2650 842 ,
2675 777 2820 832 haud
2845 780 3032 848 procul
3055 782 3123 838 ab
3143 781 3324 846 altari,
3352 799 3509 840 verso

1893 931 1898 936 θ
1929 865 1996 916 ad
2031 863 2320 920 australem
2345 865 2556 936 plagam
2597 869 2886 936 sepulchro
2907 909 2921 933 ,
2969 869 3298 938 quiescebat.
3333 874 3504 939 Quem

1925 953 2118 1008 beatus
2145 952 2456 1020 Autbertus,
2483 955 2766 1028 designato
2783 957 2888 1014 sibi
2911 957 2977 1012 ab
2991 958 3184 1030 angelo
3201 960 3504 1016 aedificandi

1925 1046 2152 1100 oratorii
2187 1045 2338 1113 loco,
2379 1055 2429 1102 ct
2457 1047 2680 1102 fundata
2707 1050 2952 1106 arcclcsia
2979 1091 2998 1116 ,
3043 1051 3286 1108 adhibito
3321 1068 3506 1111 secum

1925 1125 2086 1190 beato
2119 1136 2428 1192 Audomaro
2453 1137 2832 1194 Terwanensis
2852 1141 3000 1196 urbis
3019 1141 3292 1212 episcopo,
3327 1151 3506 1198 trans-

1929 1225 2069 1279 tulit.
2107 1226 2162 1280 In
2206 1241 2310 1294 qua
2353 1227 2706 1284 translatione
2743 1229 2882 1282 idem
2913 1231 3105 1286 beatus
3131 1230 3506 1297 Audomarus,

1927 1328 2048 1368 cum
2083 1325 2228 1370 esset
2265 1329 2468 1383 caecus,
2533 1325 2808 1386 receptum
2855 1319 3034 1374 lumen
3078 1321 3506 1392 parvipendens,

1927 1408 2182 1463 amissam
2207 1411 2384 1466 subito
2401 1411 2698 1468 caecitatem
2729 1413 3029 1482 reparavit;
3063 1414 3152 1470 ubi
3173 1415 3225 1468 in
3251 1415 3506 1470 memoria

1929 1501 2192 1570 presentis
2230 1502 2398 1556 seculi
2429 1503 2474 1532 ²²
2499 1501 2743 1558 azcclesia
2767 1511 2987 1558 constat
3007 1504 3184 1558 adhuc
3213 1504 3266 1558 in
3303 1505 3510 1559 honore

1925 1591 2068 1644 beati
2117 1591 2365 1646 Autherti
2413 1603 2746 1648 constructa.
2799 1593 2856 1648 lu
2905 1593 3024 1650 loco
3077 1609 3206 1648 vero
3252 1594 3512 1648 divinitus

1928 1681 2210 1750 designato
2237 1684 2330 1738 vir.
2347 1685 2556 1738 Domini
2587 1685 2972 1740 monasterium
2999 1685 3340 1752 construxit,
3369 1694 3422 1740 et
3443 1701 3510 1742 ex

233 1773 354 1824 dem
374 1783 423 1826 et
447 1781 690 1826 sanctam
707 1771 1064 1844 Aldegundem
1075 1773 1256 1829 velavit
1273 1774 1414 1842 (Ibid
1424 1776 1484 1846 .).
1505 1775 1618 1831 Sub
1636 1779 1824 1832 eodem
1855 1751 1900 1810 Β
1933 1772 2090 1826 rebus
2119 1773 2234 1828 suis
2259 1774 2516 1828 tecclesize
2543 1774 2596 1827 in
2619 1791 2772 1829 usuin
2803 1774 3176 1831 famulantium
3203 1789 3302 1844 pro
3326 1751 3508 1830 rerum

233 1859 350 1916 fere
383 1870 630 1932 tempore
659 1862 852 1918 beatus
880 1863 1129 1919 Gislenus
1171 1865 1242 1920 ab
1265 1865 1494 1921 Athenis
1521 1867 1826 1938 digressus,

233 1953 374 2006 dum.
415 1955 556 2032 ortis
611 1954 980 2010 simultatibus
1031 1957 1175 2026 apud
1231 1957 1446 2011 beatum
1503 1957 1826 2014 Autbertum

233 2053 622 2100 accusaretur:
653 2046 743 2101 ille
763 2047 1050 2102 advertens
1081 2047 1444 2104 simulationis
1469 2065 1694 2118 causas,
1721 2067 1826 2108 non

233 2135 414 2192 solum
462 2151 570 2192 non
633 2136 1142 2205 condempnandum
1207 2139 1516 2202 estimavit,
1561 2141 1656 2196 sed
1703 2157 1826 2196 cum

235 2243 432 2298 magna
486 2228 840 2302 veneratione
889 2229 1166 2298 suscepit,
1213 2230 1622 2300 aicclesianique
1663 2247 1824 2301 quam

235 2317 378 2372 idem
399 2327 624 2374 sanctus
644 2316 898 2374 Gislcuus
922 2329 1320 2385 construxerat,
1343 2323 1628 2392 adsumpto
1643 2340 1824 2380 sucum

235 2410 398 2464 beato
423 2410 674 2464 Amantio
699 2450 714 2472 ,
747 2409 798 2464 in
821 2411 1030 2466 honore
1063 2413 1432 2482 apostolorum
1463 2418 1822 2470 consecravit.

237 2489 578 2555 ﬂiobeatnm
613 2499 976 2562 Vincentium,
1017 2503 1256 2570 quiante
1275 2503 1630 2575 Madelgarius
1653 2507 1827 2563 dictus

237 2599 351 2654 est,
375 2606 502 2644 cum
525 2591 652 2644 vita:
675 2591 954 2648 saecularis
973 2593 1186 2648 actibus
1211 2603 1506 2664 occupatus
1529 2605 1824 2664 teneretur,

235 2688 290 2734 et
321 2680 652 2736 militaribus
677 2681 912 2752 negotiis
936 2690 992 2736 et
1021 2683 1150 2754 regii
1187 2686 1398 2753 generis
1413 2687 1666 2758 conjugio
1684 2699 1828 2742 esset

235 2771 470 2835 nobilis,
515 2772 570 2826 in
607 2781 816 2826 tantum
855 2773 1022 2828 divini
1057 2776 1260 2831 auioris
1295 2775 1510 2832 fervore
1541 2779 1822 2845 accendit,

235 2873 296 2917 ut
349 2865 560 2918 militia:
602 2864 818 2936 cingulo
873 2867 1207 2937 postposito,
1261 2867 1494 2940 laxoquc
1542 2869 1822 2940 conjugio,

235 2958 544 3010 nionastico
569 2954 756 3011 habitu
785 2965 1018 3026 sumpto,
1043 2958 1144 3012 sub
1165 2969 1368 3014 sancite
1397 2961 1824 3016 conversatTonis

235 3045 422 3115 regula
461 3059 526 3100 se
549 3047 968 3117 constringeret.
1009 3047 1176 3120 Cujus
1219 3065 1385 3115 uxor,
1433 3051 1586 3106 beata
1615 3053 1826 3108 scilicet

233 3134 640 3204 Waldetrudis,
701 3139 988 3209 adsumpta
1037 3140 1140 3196 sibi
1190 3157 1446 3209 germana
1497 3157 1596 3197 sua
1633 3183 1650 3208 ,
1704 3159 1824 3212 quae

233 3227 566 3298 virginitatis
583 3231 918 3299 propositum
947 3230 1172 3286 Domino
1199 3232 1428 3298 dicarat,
1450 3261 1520 3274 ——
1545 3236 1628 3288 hze
1651 3235 1826 3288 ambae

233 3319 466 3386 sumptis
495 3333 528 3372 a
566 3319 726 3374 beato
753 3321 1020 3376 Autbcrto
1061 3321 1233 3376 sacris
1274 3322 1658 3390 velaminibus,
1711 3329 1826 3380 ba-c

233 3408 284 3462 in
321 3422 512 3465 monte
553 3411 644 3480 qui
674 3411 874 3466 dicitur
897 3413 1228 3470 Castrilocus
1255 3414 1408 3486 (76),
1463 3415 1556 3470 illa
1603 3416 1656 3470 in
1707 3415 1824 3472 loco

231 3503 322 3571 qui
361 3503 568 3558 dicitur
625 3504 954 3560 Melbodium
1021 3505 1170 3577 (77),
1228 3507 1424 3562 divinis
1485 3523 1545 3562 sc
1589 3508 1824 3564 cultibus

233 3609 406 3663 usque
431 3595 478 3625 ³⁸
501 3595 572 3649 ad
597 3596 760 3650 linem
779 3607 1160 3652 exercuerunt.
1185 3597 1456 3652 Eratvero
1479 3599 1530 3652 in
1557 3597 1825 3654 Melbodio

233 3685 630 3740 monasterium
661 3703 692 3741 a
721 3689 878 3741 beata
903 3689 1220 3758 Aldcguude
1252 3697 1658 3753 constructum,
1681 3689 1822 3757 quod

229 3773 420 3830 beatus
449 3777 690 3843 pontifex
723 3777 776 3830 in
807 3777 1014 3832 honore
1041 3779 1210 3834 beatae
1241 3779 1468 3850 virginis
1523 3779 1704 3833 Maria:
1769 3789 1826 3834 ct

231 3877 550 3920 sanctorum
613 3868 982 3936 apostolorum
1043 3880 1502 3932 consecraverint,
1569 3871 1826 3926 adhibitis

230 3970 416 4012 secum
447 3957 580 4012 viris
607 3957 877 4030 religiosis
897 3998 912 4024 ,
950 3973 1087 4028 quos
1115 3961 1240 4014 vitae
1275 3959 1444 4030 ipsius
1486 3960 1618 4030 liber
1647 3961 1826 4015 editus

231 4051 470 4106 insinuat
501 4049 565 4104 ".

1929 1865 2296 1932 oportunitate
2325 1865 2566 1918 donavit.
2609 1864 2774 1934 Cujus
2804 1865 2880 1919 rei
2911 1867 3110 1920 seriem
3151 1865 3362 1920 libellus
3387 1865 3512 1922 vim

1927 1953 2044 2024 ejus
2095 1954 2306 2022 plenius
2361 1955 2618 2012 ostendit.
2661 1955 2858 2010 Beatus
2910 1953 3291 2019 Vindicianus,
3341 1953 3432 2024 qui
3463 1953 3514 2010 ei

1927 2047 2187 2102 successit
2211 2048 2266 2100 in
2285 2048 2644 2118 episcopium,
2662 2047 3023 2102 existentibus
3043 2047 3220 2102 causis
3241 2046 3514 2100 ablatiam

1930 2137 2268 2194 Theoderico
2325 2140 2436 2210 regi
2492 2140 2714 2194 donavit
2747 2179 2786 2210 ,.
2819 2147 3032 2193 retento
3079 2138 3180 2192 sibi
3225 2137 3517 2208 pastoralis

1928 2229 2208 2300 privilegio
2225 2231 2533 2300 .reginiinis.
2575 2231 2772 2286 Beatus
2793 2244 2923 2285 vero
2949 2229 3241 2284 Autbertus
3261 2269 3278 2296 ,
3317 2227 3516 2298 populo

1927 2333 2025 2372 suo
2050 2320 2118 2372 ad
2143 2320 2348 2374 cultum
2381 2320 2662 2374 dominica:
2710 2321 2833 2374 fiJei
2881 2321 3220 2390 mancipato,
3281 2319 3510 2374 feliciter

1927 2409 2118 2464 clausit
2151 2411 2292 2464 dicm
2319 2451 2334 2475 ,
2367 2412 2716 2482 sepultusque
2741 2421 2828 2467 est
2853 2414 2905 2466 in
2929 2413 3176 2468 mcclcsia
3197 2413 3336 2468 beati
3363 2412 3512 2468 Petri

1929 2496 2080 2569 (79),
2112 2515 2232 2570 qua:
2269 2509 2418 2554 extra
2451 2515 2638 2556 muros
2664 2501 2818 2556 urbis
2849 2501 3156 2556 Camer-acte
3188 2510 3308 2556 erat
3345 2501 3514 2556 aedili-

1927 2597 2082 2652 cata;
2115 2603 2260 2644 nunc
2283 2596 2488 2654 autem,
2515 2589 2788 2660 ampliatis
2809 2589 3078 2645 montibus
3097 2599 3154 2646 et
3181 2591 3516 2646 monasterio

1929 2678 2210 2734 meliorato
2237 2719 2252 2742 ,
2289 2679 2432 2734 intra
2459 2681 2660 2736 mteuia
2691 2681 2841 2736 urbis
2864 2681 2908 2712 ”
2933 2681 3100 2752 ipsius
3125 2681 3380 2752 quiescit.

1995 2771 2086 2824 2i.
2139 2769 2276 2841 (20.)
2339 2771 2424 2840 (Α.
2473 2770 2644 2837 Ved.;
2701 2772 2774 2828 cf.
2837 2772 3112 2844 V.Leod.)
3183 2773 3516 2830 Vinditianus

1925 2865 2192 2933 episcopus
2217 2865 2495 2929 successit,
2533 2873 2582 2918 et
2611 2865 2676 2919 de
2705 2867 3030 2920 umrtit‘isato
3069 2865 3132 2921 S.
3167 2865 3514 2936 Leodegario.

1927 2953 2058 3008 Post
2107 2955 2224 3024 ejus
2269 2971 2550 3027 excessum
2605 2957 2718 3029 (an.
2765 2957 2892 3025 670i
2942 2959 3128 3014 beatus
3178 2959 3518 3014 Yinditianzis

1928 3043 2166 3112 ejusdem
2193 3047 2452 3102 aecclcsia:
2473 3047 2656 3102 sedem
2687 3049 2974 3120 regendam
3021 3049 3262 3118 suscepit
3309 3058 3518 3120 tempo-

1929 3135 2080 3190 ribus
2105 3135 2424 3192 Theoderici
2475 3138 2649 3208 regis,
2697 3138 2794 3192 lilii
2850 3137 3103 3194 Clodovei
3157 3155 3223 3194 ex
3267 3139 3514 3196 Balhilde

1927 3227 2346 3296 prudentissima
2377 3227 2582 3298 regina.
2626 3227 2726 3282 Hic
2749 3226 3118 3282 Theodericus
3148 3235 3272 3298 post
3297 3228 3518 3284 Clotha-

1929 3320 2068 3372 rium
2121 3317 2385 3386 fratrem,
2439 3320 2532 3390 qui
2583 3320 2736 3388 prior
2787 3319 2842 3373 in
2882 3335 3108 3392 regnum
3169 3321 3342 3392 patris
3391 3336 3517 3376 cum

1927 3409 2188 3465 Badhilde
2216 3419 2390 3466 matre
2427 3411 2692 3466 successit
2718 3451 2734 3476 ,
2763 3426 3036 3466 summam
3065 3413 3216 3481 regni
3243 3415 3514 3482 suscepit,

1933 3499 2288 3554 renitentibus
2353 3500 2596 3570 plurimis
2643 3514 2710 3554 ex
2759 3499 3090 3554 Francorum
3139 3500 3515 3570 principibus,

1929 3593 2166 3648 maxime
2193 3601 2408 3662 propter
2429 3593 2728 3648 Ebroinum
2748 3631 2763 3657 ,
2810 3591 2902 3660 qui
2937 3589 3109 3660 major
3130 3592 3322 3647 domus
3349 3593 3514 3663 regia

1927 3686 2034 3740 illis
2053 3685 2410 3756 pcrmolcstus
2430 3693 2566 3739 erat.
2619 3684 2773 3740 Unde
2797 3693 3190 3756 consurgentes
3225 3689 3512 3742 adversum

1931 3774 2322 3831 Theodericum
2348 3785 2400 3828 et
2428 3775 2720 3828 Ebroiuum
2740 3812 2755 3839 ,
2805 3783 3084 3844 utrosque,
3111 3774 3282 3828 tonsis
3320 3775 3516 3844 capitis

1903 3905 1906 3908 .
1929 3866 2189 3930 crinibus,
2207 3866 2257 3920 in
2277 3863 2584 3934 Burgundia
2601 3863 2842 3918 Luxovio
2859 3865 3188 3920 monasterio
3205 3864 3514 3927 recludunt,

1929 3966 1985 4034 et
2015 3955 2380 4012 Childericum
2413 3957 2632 4012 tertium
2665 3956 2886 4012 fratrem
2907 3996 2924 4023 ,
2963 3956 3056 4026 qui
3115 3957 3169 4010 in
3213 3957 3516 4012 Austrasiis

1927 4049 2172 4117 partibus
2219 4048 2523 4120 imperabat
2599 4061 2764 4118 super
2788 4058 3042 4104 cunctum
3075 4063 3298 4125 regnum
3343 4049 3516 4103 susci-

1537 4161 1770 4216 VAlllA‘.
1813 4158 2212 4216 LECTIONES.

303 4270 348 4300 '°
391 4269 460 4323 de
495 4283 553 4324 se
582 4283 634 4323 c.
665 4283 727 4323 se
756 4285 812 4322 tl.
843 4270 908 4340 1.
971 4271 1010 4300 ²¹
1048 4271 1118 4324 ita
1146 4271 1197 4325 Ξ.
1227 4283 1287 4325 νει
1321 4269 1489 4340 primo
1513 4271 1670 4324 etiam
1703 4271 1750 4324 1.
1782 4273 1870 4322 sed
1899 4267 2074 4340 iiijioc
2095 4253 2290 4340 manus
2321 4269 2564 4340 qua'dnm
2611 4269 2796 4325 δίει-ιιιί
2823 4269 2962 4324 ΧΗ.
2991 4287 3098 4335 43:13.,
3141 4287 3242 4323 non
3274 4271 3510 4324 auctoris

241 4341 438 4404 nostri,
471 4356 619 4394 voces
647 4355 784 4408 tinos
815 4355 864 4391 v.
901 4339 936 4392 i.
981 4341 1016 4393 l'
1043 4359 1091 4396 υ.
1121 4342 1157 4396 i.
1187 4344 1273 4395 i0.
1391 4340 1520 4411 V.l.
1553 4345 1617 4394 Λ.
1645 4357 1694 4394 c.
1731 4340 1768 4394 i.
1805 4343 1859 4394 h.
1890 4327 2038 4411 [3.1).
2066 4357 2116 4411 g.
2154 4339 2220 4392 lii.
2257 4327 2418 4393 erosit
2446 4381 2460 4404 ,
2517 4351 2564 4393 et
2614 4342 2808 4410 partim
2851 4343 2905 4393 in
2937 4327 3124 4411 rasura
3154 4381 3169 4401 ,
3224 4341 3418 4408 partim
3459 4343 3516 4394 in

235 4411 470 4478 margine
497 4412 705 4478 scripsit
731 4411 1036 4480 sequentia,
1076 4429 1140 4466 ea:
1195 4411 1308 4466 Vita
1343 4411 1400 4466 S.
1441 4410 1677 4480 Λιιιὺινιέ
1712 4412 1780 4462 ad
1827 4409 2038 4462 verbum
2071 4409 2358 4478 excerpta:
2414 4413 2574 4466 beato
2615 4409 2870 4464 videlicet
2917 4410 3194 4474 Amantio,
3253 4411 3514 4465 llrsmaro

236 4480 430 4534 abbate
460 4490 515 4533 et
543 4481 903 4550 coepisc0po,
934 4497 1142 4535 necnon
1170 4483 1428 4537 Audocno
1459 4479 1910 4550 llothomagcnsis
1957 4481 2105 4534 urbis
2147 4481 2431 4550 episcopo,
2479 4481 2573 4534 sed
2611 4492 2665 4534 et
2721 4481 3018 4535 llumberto
3065 4481 3204 4534 bone
3245 4483 3513 4535 memorie
3599 4541 3602 4544 ,

233 4550 490 4618 episcopo
513 4559 569 4603 ct
597 4549 824 4614 abbate,
852 4567 947 4603 seu
979 4551 1176 4607 Ettone
1198 4563 1252 4606 ct
1281 4552 1506 4620 Eloquio
1539 4549 1857 4616 abbatibus,
1887 4555 1940 4604 et
1963 4551 2186 4604 Erinino
2214 4549 2762 4620 viro’illuslrissimo,
2793 4551 3094 4614 dedicavit,
3145 4561 3191 4602 et
3226 4551 3280 4601 iu
3303 4567 3515 4604 summa

234 4623 730 4690 sequentisipaginie
753 4621 994 4690 margine
1015 4636 1034 4673 .'
1065 4626 1322 4678 Sanctum
1351 4618 1413 4678 γξ
1445 4622 1484 4674 1.
1513 4620 1772 4674 Ati'cbato
1801 4637 1864 4690 υ.
1881 4621 1936 4690 in
1972 4621 2024 4672 li.
2055 4621 2108 4674 b.
2143 4621 2206 4672 D.
2233 4635 2284 4688 g.
2319 4620 2485 4675 Mario
2517 4618 2666 4672 Idem
2701 4621 2890 4673 habent
2921 4623 2974 4674 5.
2997 4620 3046 4672 5.
3079 4621 3220 4690 unde
3253 4631 3508 4688 apparet,

237 4690 466 4762 codiceni
489 4689 556 4753 ἓ,
587 4694 674 4762 qui
703 4707 762 4745 ea
805 4689 1040 4747 nondum
1067 4694 1215 4746 liabet
1241 4731 1256 4757 ,
1301 4693 1418 4761 jam
1447 4701 1578 4760 unite
1602 4690 1786 4744 siccati
1817 4689 1932 4742 XII
1963 4690 2121 4762 ﬁnem
2150 4701 2419 4760 exceptum
2451 4691 2612 4762 fuisse
2634 4707 2698 4744 ex
2731 4691 2811 4762 l._
2859 4691 2902 4762 ’ξ
2949 4693 3024 4744 ita
3063 4689 3118 4743 2.
3149 4700 3196 4762 et
3237 4690 3405 4762 prjmo
3449 4691 3500 4762 1.

236 4759 532 4858 scd-ﬁgite?
569 4757 658 4813 illa
702 4779 893 4816 manus
937 4781 981 4817 s.
1035 4763 1152 4816 XII
1187 4780 1271 4818 ex.
1302 4757 1574 4833 prcsciitis
1612 4777 1670 4814 se
1697 4776 1849 4814 eraso
1907 4759 2114 4829 scripsit
2170 4757 2303 4816 tanti
2345 4757 2620 4822 miraculi,
2675 4760 2812 4830 quod
2871 4761 3059 4815 habent
3095 4759 3254 4814 etiam
3282 4757 3335 4812 ὅ.
3365 4760 3417 4814 4.
3453 4759 3512 4816 5.

321 4829 444 4884 ubis
471 4831 520 4883 l.

1749 4911 1977 4968 NOTAE.

307 5003 424 5073 (75)
465 5002 682 5058 Scilicet
709 5007 936 5072 inferni,
969 5013 1027 5058 ut
1057 5014 1200 5074 patet
1228 5020 1291 5060 ex
1329 5004 1434 5058 vita
1461 5001 1516 5055 S.
1557 5003 1822 5058 Autherti.
1853 5010 1903 5068 ι)
1930 5005 2158 5059 Auberto
2193 5013 2240 5056 et
2271 5006 2578 5074 Audomaro
2599 5007 2792 5060 sanctis
2813 5046 2827 5072 ,
2855 5015 2969 5074 post
2997 5021 3164 5060 annos
3188 5006 3517 5074 episcopatus

241 5070 415 5146 Coum:
470 5141 516 5146 __
923 5070 928 5072 ’
1057 5070 1070 5074 “
1929 5077 2012 5129 sui
2063 5074 2182 5129 H8.
2226 5075 2348 5140 Qua
2407 5070 2756 5146 translatione
2810 5070 3056 5146 peracta,
3115 5077 3193 5130 vir
3220 5070 3432 5146 sancta:
3466 5085 3516 5128 et

311 5143 426 5216 (Ili)
469 5141 635 5216 pletis.
931 5175 936 5180 -
1073 5175 1076 5178 ~
1929 5147 2104 5216 dignm
2159 5149 2429 5202 memoria:
2495 5143 2774 5216 Autbertus
2810 5141 3100 5216 'rpiscopus
3159 5144 3395 5216 migravit
3451 5145 3521 5195 ad

312 5213 426 5290 (zz)
469 5213 768 5290 alaubeuge.
1931 5213 2251 5290 Dominum;
2279 5221 2366 5275 cui
2395 5214 2644 5290 successit
2668 5215 3051 5290 iVinrlitiunns,
3083 5214 3282 5267 meritis
3318 5227 3367 5290 _et
3401 5227 3522 5281 ope-

313 5281 426 5358 εἶθ)
467 5281 596 5358 gap.
621 5286 651 5339 6
674 5281 790 5358 δῖμι,
937 5355 944 5358 _
1085 5353 1108 5358 _
1651 5351 1662 5358 _
1789 5352 1806 5358 _
1931 5289 2075 5358 ribus
2091 5293 2138 5336 et
2162 5283 2274 5358 ipse
2291 5282 2627 5358 magniﬁcus.
2651 5286 2886 5358 Annales
2901 5283 3238 5358 liliipuenses
3262 5281 3522 5358 minores,
