4052 5358
184 294 244 348 ὀί
1587 284 1777 343 LIBER

1877 285 2106 342 itiMlJS.
3402 284 3473 340 ω

186 402 578 455 circumventa
636 406 721 455 cst
770 398 1059 470 aqnodam
1104 397 1307 470 juvene
1358 413 1467 453 non
1534 399 1785 468 ignobilis
1814 407 1860 463 Α
1892 398 1983 452 Dei
2048 396 2369 457 venerabilis
2423 396 2709 467 cpiscopus
2762 408 2963 453 sanctae
3030 398 3123 452 Dei
3195 397 3473 468 genitricis

186 491 406 560 generis
432 529 451 554 ,
493 489 596 546 sed
632 490 881 559 ignobilis
920 491 1113 555 animi,
1173 499 1232 545 ut
1256 488 1373 558 ejus
1392 490 1637 559 cenjugio
1659 491 1781 560 jure

188 582 529 637 matrimonii
549 583 914 652 cupniaretur.
931 583 1059 649 Quae
1074 582 1201 636 dum
1225 595 1323 636 nec
1350 597 1485 636 auro
1513 591 1606 635 aut
1630 597 1779 652 gem—

187 673 288 727 mis
307 688 418 729 nec
450 673 570 729 ullo
596 684 1039 730 ornamentorum
1075 672 1473 745 generefrangi
1497 674 1779 744 potuisset,

184 766 481 835 quominus
527 766 861 837 virginitatis
886 767 1213 837 propositum
1252 765 1485 831 laxaret,
1535 774 1594 820 et
1631 779 1784 820 more

191 858 452 912 nobilium
481 857 820 913 teuﬁnarum
834 860 951 914 viro
974 859 1173 928 potenti
1191 858 1528 928 jnngeretnr,
1569 873 1667 915 nec
1687 874 1783 928 pa-

190 960 365 1004 rentes
386 964 527 1005 suos
549 964 720 1021 super
736 951 1039 1021 huiusmodi
1062 950 1345 1005 consilium
1373 950 1561 1004 audire
1584 950 1777 1015 nollet;

189 1038 476 1110 desperato
487 1040 713 1110 juvenis
741 1058 927 1097 amore
956 1052 1217 1113 captaque
1242 1042 1641 1110 oportunitate,
1674 1058 1778 1111 qua

189 1132 420 1201 puellam
445 1134 703 1205 palemis
722 1135 928 1190 adibus
954 1135 1119 1190 solam
1146 1144 1329 1203 posset
1350 1132 1651 1198 offendere,
1697 1150 1783 1189 as-

188 1231 398 1293 sumpta
438 1239 635 1280 secum
677 1224 1032 1280 nefandon
1057 1224 1211 1279 turba
1242 1223 1535 1287 sociorum,
1563 1223 1780 1278 domum

185 1329 400 1369 omnem
424 1315 911 1372 circumvallarunt
931 1358 948 1384 ,
972 1325 1028 1372 et
1066 1316 1208 1371 facta
1238 1316 1533 1385 irruptione
1564 1316 1781 1370 domum

186 1420 403 1461 etnnem
419 1410 761 1476 perscrutati
782 1418 934 1475 sunt;
958 1409 1283 1477 tandemque
1308 1406 1541 1463 loculum
1594 1406 1647 1461 in
1675 1420 1783 1477 quo

190 1498 339 1567 virgo
356 1497 569 1554 latebat
599 1498 872 1555 curiosius
912 1498 1360 1568 coiitcmplantes,
1383 1498 1653 1553 inventam
1675 1498 1786 1553 vio-

189 1587 363 1645 lenter
392 1600 683 1646 traxerunt
703 1605 875 1659 usque
890 1591 956 1645 ad
978 1591 1153 1646 locum
1185 1591 1275 1645 ubi
1307 1605 1449 1645 nunc
1469 1598 1781 1646 constructa

188 1689 275 1735 est
309 1682 538 1737 basilica
563 1684 620 1737 in
653 1683 859 1738 honore
880 1682 1120 1738 ninnium
1150 1683 1779 1753 sattcmrum,'precipuc

1885 486 2187 544 accclesiam
2210 487 2623 543 Atrebatensem
2651 503 2716 543 ex
2744 490 2904 544 rebus
2925 489 3156 559 propriis
3179 504 3283 543 una
3306 491 3470 545 etiam

1886 592 2009 633 cum
2044 594 2171 649 rege
2199 578 2536 634 Theoderico
2564 590 2945 650 augmentans,
2984 580 3159 649 villis,
3188 580 3473 648 acclesiis,

1888 671 2075 736 terris,
2133 662 2456 727 molendinis
2493 672 2799 742 ceterisque
2851 672 3103 727 subsidiis
3148 671 3469 744 ampliavit,

1884 771 2047 833 atque
2091 763 2144 817 in
2205 764 2440 835 generali
2487 764 2683 834 placito
2733 765 3005 820 residente
3053 780 3178 836 rege
3221 756 3475 835 prefato,

1883 852 2155 910 seculares
2194 869 2260 908 ac
2304 854 2624 922 judiciarias
2653 865 2950 926 potestates
2977 872 3072 927 per
3098 858 3465 929 pontificalem

1884 946 2284 1012 auctoritatem,
2316 949 2659 1017 presentibus
2678 949 3095 1019 quidemmultis
3128 950 3466 1020 coepiscopis

1883 1054 2006 1091 cum
2036 1054 2161 1109 rege
2202 1041 2367 1094 etiam
2414 1038 2528 1108 jam
2561 1041 2705 1095 dicto
2752 1041 3170 1111 astipulantibus
3196 1082 3211 1107 ,
3262 1043 3466 1113 scripto

1884 1129 2165 1201 privilegio
2204 1140 2260 1185 et
2297 1147 2326 1185 a
2363 1130 2612 1187 Johanne
2659 1147 2794 1202 papa
2848 1132 3198 1197 confirmato,
3254 1135 3323 1188 ab
3374 1134 3462 1190 illa

1884 1220 2127 1275 mcciesia
2171 1235 2361 1277 omnes
2397 1223 2612 1292 penitus
2641 1223 2888 1278 exclusit.
2934 1223 3084 1290 Quod
3124 1224 3463 1294 privilegium

1885 1310 1993 1365 tale
2028 1319 2112 1365 est
2142 1328 2156 1365 :
2221 1330 2241 1362 ‹
2301 1312 2502 1367 Sancto
2537 1322 2591 1368 et
2643 1314 2963 1369 universalis
2995 1316 3249 1371 :ecclesiae
3283 1317 3464 1388 prmio

1884 1402 1993 1457 sori
2045 1402 2360 1459 beatissimo
2405 1404 2637 1459 Johanni
2691 1420 2843 1475 papae
2890 1406 3133 1463 llomano
3180 1410 3463 1479 episcopo.

1886 1512 2004 1551 rum
2082 1498 2382 1569 episcopo,
2472 1497 2813 1554 Vinditianus
2903 1515 3093 1556 servus
3179 1517 3461 1559 servorum

1886 1589 1978 1644 Dei
2019 1590 2293 1658 minimus,
2348 1592 2401 1644 in
2438 1589 2656 1647 Christo
2696 1592 2924 1647 Domino
2952 1593 3208 1663 quicquid
3230 1593 3479 1653 felicius-

1885 1682 2081 1739 Notum
2107 1686 2180 1740 sit
2228 1685 2535 1754 paternitati
2587 1694 2777 1740 vestra:
2824 1700 2921 1739 seu
2970 1684 3219 1742 omnibus
3265 1696 3467 1744 sanctze

185 1774 410 1841 quidem
439 1775 618 1829 sancti
642 1773 864 1830 V'cdasti
882 1815 897 1840 ,
928 1788 1136 1830 necnon
1158 1785 1215 1831 et
1239 1775 1588 1831 veneratione
1610 1742 1777 1845 ipsius
1808 1742 1855 1802 Β
1888 1777 1979 1831 Dei
2006 1777 2251 1833 ecclesia:
2271 1778 2533 1847 prolibus,
2549 1778 2593 1833 si
2615 1777 2817 1845 aliquid
2834 1777 2904 1833 de
2930 1778 3092 1833 rebus
3113 1778 3469 1835 nostrislocis

190 1878 359 1919 saera:
400 1866 654 1936 virginis.
695 1865 847 1922 Tunc
891 1869 1138 1923 funestus
1182 1866 1425 1923 carnifex
1452 1908 1468 1935 ,
1527 1868 1778 1923 dentibus

192 1955 477 2017 frendens.
534 1959 824 2029 euaginata
877 1959 1057 2030 gladio
1105 1976 1419 2031 percussere
1485 1962 1773 2016 interiecit.

187 2047 291 2113 Qui
339 2063 471 2102 an:
519 2058 580 2103 ut
636 2051 957 2122 sanguinem
1012 2052 1239 2122 virginis
1281 2051 1443 2117 vidit,
1485 2050 1633 2121 justo
1679 2052 1772 2107 Dei

184 2135 390 2205 judicio
424 2156 596 2199 oecus
626 2141 803 2198 factus
836 2151 939 2198 est.
970 2143 1302 2214 Sepultaque
1337 2153 1424 2200 est
1472 2145 1523 2198 in
1552 2144 1772 2199 basilica

190 2229 476 2288 bcatorum
499 2234 871 2302 apostolorum
905 2233 1052 2291 Petri
1077 2246 1131 2291 et
1158 2236 1307 2290 Pauli
1344 2237 1623 2306 sanctique
1650 2239 1774 2293 Sul-

190 2323 314 2391 pit-ii
338 2324 699 2394 confessoris,
760 2343 882 2399 qua:
910 2337 1216 2384 constructa
1257 2338 1339 2383 est
1386 2329 1439 2383 in
1485 2329 1609 2384 villa
1656 2345 1775 2400 qua:

192 2425 415 2470 vocatur
440 2416 778 2475 Pomeriolas
806 2419 944 2491 (84).

255 2506 347 2561 25.
389 2508 531 2579 (ει.)
578 2509 771 2581 (Ibit)
832 2510 986 2577 Quod
1026 2511 1209 2568 beatus
1246 2515 1517 2584 episcopus
1559 2516 1774 2586 virginis

187 2615 377 2668 corpus
407 2602 478 2654 ad
498 2602 669 2656 locum
700 2604 1079 2674 interfectiom's
1111 2606 1286 2660 retulit
1314 2648 1328 2673 ,
1371 2617 1419 2662 et
1461 2607 1774 2665 llarduinus

187 2687 361 2745 tamen
391 2695 598 2765 recepit.
630 2692 898 2752 Triennio
923 2712 1051 2753 vero
1076 2697 1290 2770 expleto
1316 2710 1437 2770 post
1464 2703 1774 2772 passionem

186 2783 329 2852 eius,
362 2788 612 2855 quaedam
643 2799 890 2844 matrona
915 2790 1139 2858 nobilis,
1174 2793 1391 2849 nomine
1420 2794 1771 2863 Amaltrudis,

188 2890 317 2933 voce
346 2879 531 2933 diruta
562 2883 891 2937 commonita
918 2893 1031 2949 est,
1062 2894 1119 2939 ut
1148 2886 1364 2942 beatum
1393 2886 1773 2944 Vindicianmn

186 2970 642 3029 Cameracensem
674 2975 991 3046 episcopum
1039 2978 1189 3033 adire
1234 2979 1493 3047 deberet,
1550 2991 1611 3036 ut
1662 2983 1777 3054 ipse

190 3078 305 3118 cum
336 3066 490 3121 clero
533 3082 633 3122 suo
669 3082 737 3123 ac
779 3069 935 3139 plebe
976 3070 1151 3125 vicina
1192 3087 1406 3126 sacrum
1451 3087 1650 3143 corpus
1706 3075 1773 3129 ad
1802 3090 1848 3151 α

190 3158 364 3214 locum
392 3160 793 3217 interfectionis
829 3179 950 3218 cum
989 3180 1199 3218 summa
1228 3165 1575 3221 veneratione
1606 3166 1774 3223 refer-

193 3262 303 3316 ret,
332 3254 463 3323 quia
498 3252 678 3308 locum
710 3253 860 3309 illum
890 3254 1148 3311 Dominus
1188 3256 1359 3324 signis
1400 3267 1454 3312 et
1498 3259 1774 3315 miraculis

192 3343 491 3400 clarifieare
520 3346 885 3417 disposuerat.
922 3346 1073 3415 Quod
1114 3348 1309 3403 beatus
1330 3349 1572 3419 pontifex
1599 3392 1617 3423 ,η
1648 3367 1771 3405 niox

196 3446 251 3489 ut
270 3437 561 3492 referentis
586 3439 755 3494 verba
785 3439 1019 3505 audivit,
1081 3439 1305 3511 implere
1341 3441 1572 3495 curavit.
1606 3441 1775 3496 Porro

194 3526 535 3595 ilarduinns,
572 3531 664 3600 qui
694 3546 815 3585 eam
858 3530 1227 3594 interfecerat,
1292 3531 1414 3587 licet
1472 3534 1776 3589 miserrime

194 3629 247 3673 et
274 3635 396 3675 cum
434 3622 733 3690 ignominia
758 3662 775 3688 ,
805 3622 981 3679 adhuc
1014 3622 1069 3677 in
1100 3624 1348 3680 cecitatis
1397 3639 1508 3680 sua:
1540 3626 1775 3681 tenebris

193 3712 422 3768 vivebat.
458 3714 562 3782 Qui
610 3726 673 3771 ut
715 3732 930 3772 sacrum
962 3715 1187 3787 virginis
1231 3729 1430 3789 corpus
1479 3718 1546 3773 ad
1595 3716 1772 3773 locum

197 3817 556 3862 memoratum
580 3807 774 3865 referri
802 3808 1043 3875 audivit,
1076 3808 1377 3880 dampnans
1414 3819 1469 3864 et
1514 3824 1775 3880 recogno-

192 3913 345 3955 scens
369 3910 660 3971 peccatum
682 3916 864 3967 suum,
894 3901 1109 3957 obviam
1129 3902 1341 3972 corpori
1364 3917 1423 3957 se
1452 3901 1605 3969 jubet
1625 3902 1772 3968 duci,

195 4000 245 4044 et
292 4003 419 4049 ante
470 3992 733 4048 feretrum
777 4008 837 4049 se
864 3994 1176 4063 prostravit.
1230 3994 1312 4048 Ad
1347 4009 1506 4064 quem
1554 4010 1679 4050 mox
1717 4006 1775 4050 ut

196 4085 326 4138 sacri
362 4086 615 4157 cerporis
656 4084 820 4154 bajuli
868 4094 1270 4155 pervenerunt,
1322 4085 1502 4141 lumen
1526 4088 1771 4158 recepit;

198 4189 524 4247 aureasque
571 4178 640 4232 ad
689 4178 1047 4249 episcopum,
1112 4178 1360 4235 narravit
1415 4190 1616 4249 quanta
1668 4181 1770 4236 sibi

199 4267 520 4324 acciderant.
576 4270 649 4324 Ex
682 4270 951 4341 presentis
1002 4270 1165 4341 igitur
1196 4272 1481 4328 occasione
1524 4275 1770 4330 miraculi

202 4360 471 4432 episc0pns
496 4363 664 4417 verbo
689 4363 815 4418 dato
847 4364 913 4418 ad
943 4363 1194 4434 populum
1216 4404 1230 4429 ,
1285 4375 1534 4420 sanctum
1576 4381 1773 4437 corpus

203 4450 249 4504 in
275 4454 514 4508 :eeclesia
538 4463 1005 4525 supramemorata
1031 4455 1277 4525 sepelivit
1301 4460 1413 4525 (an.
1449 4457 1622 4531 675).]

259 4542 345 4602 25.
384 4544 527 4617 (25.)
563 4544 717 4611 Quod
738 4561 895 4614 super
930 4561 1010 4600 re:
1051 4545 1403 4601 Atrebatemis
1427 4548 1675 4605 wccleria:
1707 4548 1764 4604 S.

204 4632 378 4689 Maria
404 4636 737 4704 privilegium
776 4653 809 4690 a
836 4635 1079 4691 Johanne
1109 4654 1246 4707 papa
1289 4638 1596 4709 conﬁrmari
1631 4640 1769 4694 obti-

200 4724 319 4778 nuit.
374 4722 487 4781 Hoc
530 4736 714 4783 autem
763 4726 1026 4799 scriptum
1073 4726 1450 4797 repperimus,
1500 4732 1644 4800 quod
1688 4732 1773 4787 vir

1878 1879 2196 1922 sanctorum
2233 1867 2315 1921 vel
2352 1869 2405 1922 in
2432 1867 2734 1923 substantia
2765 1882 3059 1937 pauperum
3111 1867 3464 1935 conferimus,

1878 1957 1982 2011 hoc
2009 1957 2165 2012 nobis
2191 1958 2377 2028 procul
2407 1958 2570 2014 dubio
2598 1958 2650 2013 in
2676 1968 2933 2015 teternam
2957 1960 3347 2017 beatitudinem
3378 1976 3467 2016 rev

1880 2048 2041 2102 tribui
2090 2049 2434 2105 confidimus.
2476 2049 2585 2105 Nos
2618 2050 2836 2123 quidem
2868 2050 2934 2105 dc
2967 2061 3112 2106 tanta
3151 2053 3467 2108 misericor-

1876 2139 1967 2193 dia
1996 2149 2049 2194 et
2086 2140 2289 2209 pietate
2315 2141 2526 2196 Domini
2549 2141 2901 2207 confidentes,
2931 2142 2984 2197 in
3012 2153 3463 2203 conventntenc.

1878 2233 2128 2287 rabilium
2149 2234 2525 2304 episcoporum
2550 2234 2878 2288 'nostrorum
2919 2249 3105 2289 coram
3136 2251 3264 2306 rege
3295 2236 3463 2307 pissiv

1877 2337 1967 2374 mo
2000 2322 2336 2377 Theoderico
2372 2323 2425 2376 in
2461 2323 2700 2394 generali
2737 2322 2957 2392 placito,
3005 2324 3147 2380 hanc
3173 2325 3460 2395 epistolam

1878 2415 2274 2475 robomvintus.
2297 2415 2717 2485 roboratumque
2738 2414 3124 2484 inperpetuum
3148 2415 3267 2471 fore
3298 2428 3462 2488 cpta-

1879 2522 2021 2561 nnis.
2051 2506 2156 2561 Lex
2192 2508 2491 2577 priscorum
2523 2522 2738 2577 quoque
2784 2508 3027 2577 exposcit
3051 2509 3462 2576 auctoritatem,

1876 2607 1937 2652 ιιι
1958 2597 2284 2666 quicumque
2311 2596 2536 2652 voluerit
2557 2598 2621 2651 de
2645 2598 2805 2651 rebus
2827 2596 3182 2667 suispropriis
3202 2600 3462 2664 vendere.

1877 2691 2096 2753 cedere.
2147 2690 2485 2754 condonare,
2545 2704 2701 2744 suum
2748 2699 3111 2745 stramentum
3166 2693 3479 2752 secundum

1878 2778 2051 2849 legem
2081 2779 2315 2835 Salicam
2340 2779 2610 2835 licentiam
2639 2777 3084 2851 liabeatalligare.
3116 2781 3462 2854 Quapropter

1879 2872 2127 2927 noverint
2155 2886 2345 2929 omnes
2373 2870 2577 2935 fideles,
2607 2880 2887 2941 presentes
2936 2886 3001 2927 ac
3031 2872 3221 2939 futuri,
3252 2875 3467 2944 pontifi-

1878 2962 1982 3017 cali
2015 2963 2340 3017 auctoritate
2371 2963 2474 3017 hoe
2496 2961 2799 3033 episcopale
2849 2962 3185 3034 privilegium
3211 2977 3465 3021 constru.

1880 3065 2025 3111 ctum
2061 3071 2090 3109 a
2120 3065 2419 3111 memorato
2455 3071 2580 3127 rege
2621 3056 2975 3122 Theoderico,
3002 3058 3467 3118 utinviolabilitcr

1880 3157 2238 3201 conservetur
2258 3146 2327 3201 ab
2359 3146 2619 3201 hodierno
2649 3145 2738 3200 die
2779 3155 2834 3201 et
2855 3146 3130 3219 deinceps.
3153 3147 3258 3203 Per
3281 3150 3473 3218 pontir

1880 3235 2089 3291 ficalem
2118 3237 2503 3291 auctoritatem
2533 3249 2722 3291 ontnes
2766 3236 3040 3292 seculares
3065 3249 3123 3293 et
3144 3237 3463 3307 iudiciariae

1877 3336 2174 3396 potestates
2198 3327 2544 3382 excludimus
2591 3341 2915 3397 omnemque
2939 3328 3233 3384 clamorem
3259 3339 3316 3385 et
3336 3347 3462 3387 ont-

1877 3431 2001 3471 nem
2033 3417 2367 3471 invasionem
2399 3417 2728 3473 abazcclesia
2778 3426 2981 3473 sancta:
3008 3418 3189 3472 laris:
3227 3421 3459 3477 Διί-οων

1880 3505 2049 3561 tensis
2071 3506 2344 3572 civitatis;
2375 3506 2470 3565 sed
2495 3517 2556 3561 ut
2580 3506 2741 3562 liccat
2779 3508 3059 3563 canonicis
3090 3508 3199 3565 Deo
3218 3510 3352 3567 inibi
3382 3512 3468 3568 fa-

1878 3595 2209 3651 tnulantibus
2237 3611 2303 3650 ex
2331 3595 2432 3651 hoc
2460 3605 2519 3651 et
2544 3596 2599 3651 in
2629 3597 2895 3666 reliquum
2936 3607 3148 3669 tempus
3175 3600 3355 3669 quiete
3379 3601 3464 3658 vi.

1876 3702 2024 3752 vere,
2051 3687 2120 3742 ab
2140 3688 2286 3743 omni
2345 3690 2618 3745 nmndano
2665 3691 2896 3759 strepitu
2946 3700 3370 3761 sequestramus.
3396 3695 3460 3755 Si

1878 3788 2058 3835 autem
2095 3779 2219 3835 talis
2267 3781 2513 3836 extiterit
2567 3797 2749 3847 causa,
2798 3792 2851 3836 ut
2904 3798 3246 3841 successores
3287 3788 3459 3843 nostri

1876 3872 2126 3940 precaria
2156 3872 2236 3926 vel
2261 3872 2521 3928 beneﬁcia
2551 3873 2620 3927 de
2640 3873 2803 3929 rebus
2832 3874 2899 3927 ad
2945 3875 3265 3931 clericorum
3297 3892 3457 3936 nsunt

1876 3961 2277 4031 pertinentibus
2305 3971 2527 4033 patrare
2556 3963 2864 4029 maluerint,
2916 3965 3018 4020 hoc
3064 3965 3456 4022 interdicimus.

1878 4050 2173 4106 lnterdictu
2199 4051 2368 4106 etiam
2392 4053 2754 4109 anathematis
2799 4063 2857 4107 et
2896 4054 3189 4126 pontificali
3217 4057 3459 4111 auctori.-

1879 4148 1990 4196 tatc
2014 4142 2339 4207 stabilimus,
2366 4151 2436 4213 ιιι
2458 4142 2632 4213 ipsum
2685 4140 3074 4199 monasterium
3103 4161 3226 4200 cum
3256 4147 3338 4201 his
3367 4146 3465 4209 vii.-

1873 4231 1961 4296 lis,
2005 4232 2253 4288 Belrenio
2299 4202 2437 4305 (έὲ),
2477 4202 2828 4293 ’Μθόοηίνίηθ
2880 4235 2990 4305 (86)
3021 4237 3160 4291 inter
3186 4237 3284 4297 has
3325 4202 3463 4297 dna:

1880 4324 2035 4381 villas
2065 4341 2283 4382 mansos
2309 4326 2395 4389 ΒΟ,
2421 4326 2666 4382 culturas
2694 4327 2780 4390 il.
2809 4327 3081 4381 :ecclesias
3107 4327 3142 4387 2
3163 4342 3286 4390 cum
3308 4330 3459 4391 omni

1801 4438 1851 4497 ι)
1879 4417 2003 4471 dote
2024 4424 2078 4472 et
2098 4417 2347 4472 omnibus
2378 4417 2724 4489 appenditiis,
2762 4418 2929 4487 Aquis
2955 4416 3081 4448 ⁹²’⁸⁸
3102 4395 3215 4487 (8ἧ)
3242 4418 3294 4471 in
3320 4432 3461 4489 pago

1878 4511 2233 4567 Atrebatense
2255 4527 2375 4567 cum
2399 4512 2646 4568 aecclesia
2698 4520 2755 4566 et
2793 4514 2921 4566 dote
2943 4526 3036 4565 seu
3064 4510 3315 4571 omnibus
3361 4527 3471 4599 ap-i

1870 4602 2147 4673 penditiis,
2173 4601 2557 4659 Friscinicnrte
2574 4604 2687 4673 (88)
2701 4618 2822 4657 cum
2838 4602 3090 4657 omnibus
3107 4602 3471 4672 appenditiis,‘

1872 4694 2088 4750 Batzala
2124 4695 2236 4768 (89)
2270 4712 2391 4751 cum
2441 4696 2684 4751 :ecclesia
2707 4705 2762 4749 et
2781 4696 3035 4750 omnibus
3058 4692 3176 4759 ejus
3201 4692 3471 4769 appendi-f

1875 4787 1988 4855 tiis,
2033 4786 2246 4843 Berlcta
2295 4789 2408 4861 (90)
2462 4804 2582 4849 eum
2626 4786 2880 4847 omnibus
2908 4784 3250 4858 appenditiis,
3285 4777 3471 4861 Suum-1

1514 4881 1741 4945 νΑΒΙΑΞ
1780 4889 2182 4957 ιερτιοΝιῖδ,

262 4988 388 5022 ⁵-³*
424 4991 755 5061 Αίιιιιενηιιί
786 4993 836 5047 1.
977 4989 1130 5064 grani
1159 5008 1366 5049 erasum
1396 5003 1491 5048 est.

1692 5099 1933 5176 ΝΟΤΑΞ.

265 5216 369 5291 ιιι)
403 5216 519 5291 Non
553 5225 641 5291 est
673 5216 1046 5285 Pommerenl,
1087 5217 1183 5273 sed
1227 5214 1663 5291 §aint-§ouplet,
1706 5215 1756 5291 in

203 5283 360 5353 cuius
387 5289 665 5343 territorio
732 5303 865 5358 ager
908 5283 1132 5358 quidam
1185 5288 1361 5345 adhuc
1412 5283 1750 5345 Ponimereul

1964 5227 2606 5358 iggilggrslﬁ‘tlcxlarrond.
2636 5290 2985 5358 Saint-Pou,
3015 5294 3111 5350 sed
3140 5294 3213 5349 nil
3237 5293 3310 5348 ibi
3335 5307 3469 5358 nosa
