  <div class='ocr_page' id='page_1' title='image "/cluster/home/n/w/nwhite01/storage/ocr_20150623/149/hvd.32044015473770/027.png"; bbox 0 0 4052 5358; ppageno 0'>
   <div class='ocr_carea' id='block_1_1' title="bbox 611 377 684 446">
    <p class='ocr_par' dir='ltr' id='par_1_1' title="bbox 611 377 684 446">
     <span class='ocr_line' id='line_1_1' title="bbox 611 377 684 446; baseline 0 -1"><span class='ocrx_word' id='word_1_1' title='bbox 611 377 684 446; x_wconf 66' lang='grc'><strong>13</strong></span> 
     </span>
    </p>
   </div>
   <div class='ocr_carea' id='block_1_2' title="bbox 1563 371 2902 476">
    <p class='ocr_par' dir='ltr' id='par_1_2' title="bbox 1563 371 2902 476">
     <span class='ocr_line' id='line_1_2' title="bbox 1563 371 2902 476; baseline 0.002 -24"><span class='ocrx_word' id='word_1_2' title='bbox 1563 393 1800 476; x_wconf 41' lang='grc' dir='ltr'><strong>σεξτΑῆ</strong></span> <span class='ocrx_word' id='word_1_3' title='bbox 1836 391 2254 454; x_wconf 78' lang='lat' dir='ltr'><strong>PONTIFICUM</strong></span> <span class='ocrx_word' id='word_1_4' title='bbox 2301 371 2902 457; x_wconf 76' lang='lat' dir='ltr'><strong>CAMEMCENSIUM‘.</strong></span> 
     </span>
    </p>
   </div>
   <div class='ocr_carea' id='block_1_3' title="bbox 3791 409 3866 462">
    <p class='ocr_par' dir='ltr' id='par_1_3' title="bbox 3791 409 3866 462">
     <span class='ocr_line' id='line_1_3' title="bbox 3791 409 3866 462; baseline 0 0"><span class='ocrx_word' id='word_1_5' title='bbox 3791 409 3866 462; x_wconf 66' lang='grc' dir='ltr'>τι</span> 
     </span>
    </p>
   </div>
   <div class='ocr_carea' id='block_1_4' title="bbox 601 501 3870 583">
    <p class='ocr_par' dir='ltr' id='par_1_4' title="bbox 601 501 3870 583">
     <span class='ocr_line' id='line_1_4' title="bbox 601 501 3870 583; baseline 0.005 -28"><span class='ocrx_word' id='word_1_6' title='bbox 601 503 696 556; x_wconf 60' lang='lat' dir='ltr'><strong>aia</strong></span> <span class='ocrx_word' id='word_1_7' title='bbox 747 501 858 571; x_wconf 85' lang='lat'><strong>(9|)</strong></span> <span class='ocrx_word' id='word_1_8' title='bbox 912 517 1032 557; x_wconf 90' lang='lat' dir='ltr'><strong>cum</strong></span> <span class='ocrx_word' id='word_1_9' title='bbox 1092 501 1337 559; x_wconf 64' lang='lat' dir='ltr'><strong>ateclesia</strong></span> <span class='ocrx_word' id='word_1_10' title='bbox 1393 512 1446 560; x_wconf 89' lang='lat' dir='ltr'><strong>et</strong></span> <span class='ocrx_word' id='word_1_11' title='bbox 1492 505 1615 562; x_wconf 82' lang='lat' dir='ltr'><strong>dole</strong></span> <span class='ocrx_word' id='word_1_12' title='bbox 1663 515 1720 562; x_wconf 91' lang='lat' dir='ltr'><strong>et</strong></span> <span class='ocrx_word' id='word_1_13' title='bbox 1772 509 2020 562; x_wconf 83' lang='lat' dir='ltr'><strong>omnibus</strong></span> <span class='ocrx_word' id='word_1_14' title='bbox 2079 508 2194 577; x_wconf 83' lang='lat' dir='ltr'><strong>ejus</strong></span> <span class='ocrx_word' id='word_1_15' title='bbox 2224 511 2268 570; x_wconf 80' lang='grc' dir='ltr'><strong>Α</strong></span> <span class='ocrx_word' id='word_1_16' title='bbox 2299 507 2486 571; x_wconf 84' lang='lat' dir='ltr'><strong>tiente,</strong></span> <span class='ocrx_word' id='word_1_17' title='bbox 2530 508 2738 563; x_wconf 71' lang='lat' dir='ltr'><strong>inferno</strong></span> <span class='ocrx_word' id='word_1_18' title='bbox 2767 511 3110 580; x_wconf 87' lang='lat' dir='ltr'><strong>perfruantur</strong></span> <span class='ocrx_word' id='word_1_19' title='bbox 3142 509 3492 581; x_wconf 57' lang='lat' dir='ltr'><strong>sine&#39;gnudio.</strong></span> <span class='ocrx_word' id='word_1_20' title='bbox 3527 512 3714 569; x_wconf 83' lang='lat' dir='ltr'><strong>Amen.</strong></span> <span class='ocrx_word' id='word_1_21' title='bbox 3749 517 3870 583; x_wconf 73' lang='lat' dir='ltr'><strong>Ego</strong></span> 
     </span>
    </p>
   </div>
   <div class='ocr_carea' id='block_1_5' title="bbox 611 593 2182 667">
    <p class='ocr_par' dir='ltr' id='par_1_5' title="bbox 611 593 2182 667">
     <span class='ocr_line' id='line_1_5' title="bbox 611 593 2182 667; baseline 0.003 -22"><span class='ocrx_word' id='word_1_22' title='bbox 611 593 936 663; x_wconf 85' lang='lat' dir='ltr'><strong>appenditiis</strong></span> <span class='ocrx_word' id='word_1_23' title='bbox 967 635 982 656; x_wconf 91' lang='lat'><strong>,</strong></span> <span class='ocrx_word' id='word_1_24' title='bbox 1034 593 1134 649; x_wconf 88' lang='lat' dir='ltr'><strong>Ors</strong></span> <span class='ocrx_word' id='word_1_25' title='bbox 1179 595 1298 665; x_wconf 70' lang='lat'><strong>(9’2)</strong></span> <span class='ocrx_word' id='word_1_26' title='bbox 1347 611 1466 650; x_wconf 85' lang='lat' dir='ltr'><strong>cum</strong></span> <span class='ocrx_word' id='word_1_27' title='bbox 1517 596 1768 652; x_wconf 90' lang='lat' dir='ltr'><strong>omnibus</strong></span> <span class='ocrx_word' id='word_1_28' title='bbox 1823 597 2182 667; x_wconf 87' lang='lat' dir='ltr'><strong>appcnditiis,</strong></span> 
     </span>
    </p>
   </div>
   <div class='ocr_carea' id='block_1_6' title="bbox 609 684 2184 758">
    <p class='ocr_par' dir='ltr' id='par_1_6' title="bbox 609 684 2184 758">
     <span class='ocr_line' id='line_1_6' title="bbox 609 684 2184 758; baseline 0.003 -20"><span class='ocrx_word' id='word_1_29' title='bbox 609 684 895 740; x_wconf 86' lang='lat' dir='ltr'><strong>Santscido</strong></span> <span class='ocrx_word' id='word_1_30' title='bbox 923 686 1034 755; x_wconf 82' lang='grc'>(95)</span> <span class='ocrx_word' id='word_1_31' title='bbox 1067 702 1188 740; x_wconf 89' lang='lat' dir='ltr'><strong>cum</strong></span> <span class='ocrx_word' id='word_1_32' title='bbox 1215 688 1327 742; x_wconf 85' lang='lat' dir='ltr'><strong>suis</strong></span> <span class='ocrx_word' id='word_1_33' title='bbox 1358 687 2045 757; x_wconf 77' lang='lat' dir='ltr'><strong>appenditiis,Radenivilla</strong></span> <span class='ocrx_word' id='word_1_34' title='bbox 2071 688 2184 758; x_wconf 72' lang='grc'>(94)</span> 
     </span>
    </p>
   </div>
   <div class='ocr_carea' id='block_1_7' title="bbox 607 775 2182 847">
    <p class='ocr_par' dir='ltr' id='par_1_7' title="bbox 607 775 2182 847">
     <span class='ocr_line' id='line_1_7' title="bbox 607 775 2182 847; baseline 0 -18"><span class='ocrx_word' id='word_1_35' title='bbox 607 787 732 829; x_wconf 87' lang='lat' dir='ltr'><strong>cum</strong></span> <span class='ocrx_word' id='word_1_36' title='bbox 755 775 1060 831; x_wconf 88' lang='lat' dir='ltr'><strong>molendino</strong></span> <span class='ocrx_word' id='word_1_37' title='bbox 1083 793 1190 831; x_wconf 92' lang='lat' dir='ltr'><strong>uno</strong></span> <span class='ocrx_word' id='word_1_38' title='bbox 1219 792 1378 845; x_wconf 84' lang='lat' dir='ltr'><strong>super</strong></span> <span class='ocrx_word' id='word_1_39' title='bbox 1406 777 1728 831; x_wconf 87' lang='lat' dir='ltr'><strong>Crientionis</strong></span> <span class='ocrx_word' id='word_1_40' title='bbox 1746 778 2016 830; x_wconf 85' lang='lat' dir='ltr'><strong>fluviolum</strong></span> <span class='ocrx_word' id='word_1_41' title='bbox 2045 777 2182 847; x_wconf 74' lang='lat'><strong>(95),</strong></span> 
     </span>
    </p>
   </div>
   <div class='ocr_carea' id='block_1_8' title="bbox 608 865 2179 938">
    <p class='ocr_par' dir='ltr' id='par_1_8' title="bbox 608 865 2179 938">
     <span class='ocr_line' id='line_1_8' title="bbox 608 865 2179 938; baseline 0.002 -19"><span class='ocrx_word' id='word_1_42' title='bbox 608 865 715 920; x_wconf 85' lang='lat' dir='ltr'><strong>alio</strong></span> <span class='ocrx_word' id='word_1_43' title='bbox 735 866 1042 921; x_wconf 89' lang='lat' dir='ltr'><strong>molendino</strong></span> <span class='ocrx_word' id='word_1_44' title='bbox 1067 867 1116 920; x_wconf 92' lang='lat' dir='ltr'><strong>in</strong></span> <span class='ocrx_word' id='word_1_45' title='bbox 1139 867 1420 922; x_wconf 84' lang='lat' dir='ltr'><strong>Dominica</strong></span> <span class='ocrx_word' id='word_1_46' title='bbox 1442 877 1594 922; x_wconf 90' lang='lat' dir='ltr'><strong>curte</strong></span> <span class='ocrx_word' id='word_1_47' title='bbox 1614 868 1746 938; x_wconf 76' lang='grc'>(96),</span> <span class='ocrx_word' id='word_1_48' title='bbox 1762 867 2179 938; x_wconf 73' lang='lat' dir='ltr'><strong>Maraculo(97),</strong></span> 
     </span>
    </p>
   </div>
   <div class='ocr_carea' id='block_1_9' title="bbox 604 958 2182 1029">
    <p class='ocr_par' dir='ltr' id='par_1_9' title="bbox 604 958 2182 1029">
     <span class='ocr_line' id='line_1_9' title="bbox 604 958 2182 1029; baseline 0.001 -19"><span class='ocrx_word' id='word_1_49' title='bbox 604 974 728 1012; x_wconf 81' lang='lat' dir='ltr'><strong>eum</strong></span> <span class='ocrx_word' id='word_1_50' title='bbox 760 959 1088 1029; x_wconf 89' lang='lat' dir='ltr'><strong>integritate,</strong></span> <span class='ocrx_word' id='word_1_51' title='bbox 1119 958 1357 1013; x_wconf 61' lang='lat' dir='ltr'><strong>aterlesia</strong></span> <span class='ocrx_word' id='word_1_52' title='bbox 1390 973 1512 1012; x_wconf 92' lang='lat' dir='ltr'><strong>cum</strong></span> <span class='ocrx_word' id='word_1_53' title='bbox 1563 959 1707 1021; x_wconf 90' lang='lat' dir='ltr'><strong>dote,</strong></span> <span class='ocrx_word' id='word_1_54' title='bbox 1735 958 2099 1014; x_wconf 85' lang='lat' dir='ltr'><strong>decimancula</strong></span> <span class='ocrx_word' id='word_1_55' title='bbox 2135 958 2182 990; x_wconf 81' lang='lat'><strong>&quot;</strong></span> 
     </span>
    </p>
   </div>
   <div class='ocr_carea' id='block_1_10' title="bbox 603 1048 2192 1118">
    <p class='ocr_par' dir='ltr' id='par_1_10' title="bbox 603 1048 2192 1118">
     <span class='ocr_line' id='line_1_10' title="bbox 603 1048 2192 1118; baseline 0.001 -16"><span class='ocrx_word' id='word_1_56' title='bbox 603 1049 657 1102; x_wconf 79' lang='lat' dir='ltr'><strong>in</strong></span> <span class='ocrx_word' id='word_1_57' title='bbox 691 1048 897 1103; x_wconf 82' lang='lat' dir='ltr'><strong>Rodulli</strong></span> <span class='ocrx_word' id='word_1_58' title='bbox 930 1058 1080 1105; x_wconf 89' lang='lat' dir='ltr'><strong>curte</strong></span> <span class='ocrx_word' id='word_1_59' title='bbox 1110 1049 1245 1118; x_wconf 83' lang='lat'><strong>(98),</strong></span> <span class='ocrx_word' id='word_1_60' title='bbox 1296 1049 1546 1103; x_wconf 89' lang='lat' dir='ltr'><strong>similiter</strong></span> <span class='ocrx_word' id='word_1_61' title='bbox 1583 1049 1636 1102; x_wconf 93' lang='lat' dir='ltr'><strong>in</strong></span> <span class='ocrx_word' id='word_1_62' title='bbox 1685 1048 1942 1103; x_wconf 71' lang='lat' dir='ltr'><strong>Vinziaco</strong></span> <span class='ocrx_word' id='word_1_63' title='bbox 1969 1049 2014 1080; x_wconf 80' lang='lat'><strong>&quot;</strong></span> <span class='ocrx_word' id='word_1_64' title='bbox 2041 1049 2192 1118; x_wconf 71' lang='lat'><strong>(99),</strong></span> 
     </span>
    </p>
   </div>
   <div class='ocr_carea' id='block_1_11' title="bbox 601 1137 2178 1207">
    <p class='ocr_par' dir='ltr' id='par_1_11' title="bbox 601 1137 2178 1207">
     <span class='ocr_line' id='line_1_11' title="bbox 601 1137 2178 1207; baseline -0.001 -15"><span class='ocrx_word' id='word_1_65' title='bbox 601 1153 667 1192; x_wconf 78' lang='lat' dir='ltr'><strong>ex</strong></span> <span class='ocrx_word' id='word_1_66' title='bbox 685 1139 943 1194; x_wconf 88' lang='lat' dir='ltr'><strong>hodierno</strong></span> <span class='ocrx_word' id='word_1_67' title='bbox 967 1138 1054 1193; x_wconf 91' lang='lat' dir='ltr'><strong>die</strong></span> <span class='ocrx_word' id='word_1_68' title='bbox 1079 1148 1133 1191; x_wconf 91' lang='lat' dir='ltr'><strong>ct</strong></span> <span class='ocrx_word' id='word_1_69' title='bbox 1157 1138 1208 1192; x_wconf 91' lang='lat' dir='ltr'><strong>in</strong></span> <span class='ocrx_word' id='word_1_70' title='bbox 1237 1137 1499 1206; x_wconf 83' lang='lat' dir='ltr'><strong>reliquum</strong></span> <span class='ocrx_word' id='word_1_71' title='bbox 1523 1146 1732 1207; x_wconf 90' lang='lat' dir='ltr'><strong>tempus</strong></span> <span class='ocrx_word' id='word_1_72' title='bbox 1751 1137 1886 1192; x_wconf 82' lang='lat' dir='ltr'><strong>sitin</strong></span> <span class='ocrx_word' id='word_1_73' title='bbox 1909 1145 2178 1206; x_wconf 78' lang='lat' dir='ltr'><strong>potestate</strong></span> 
     </span>
    </p>
   </div>
   <div class='ocr_carea' id='block_1_12' title="bbox 603 1224 2171 1295">
    <p class='ocr_par' dir='ltr' id='par_1_12' title="bbox 603 1224 2171 1295">
     <span class='ocr_line' id='line_1_12' title="bbox 603 1224 2171 1295; baseline -0.001 -15"><span class='ocrx_word' id='word_1_74' title='bbox 603 1227 990 1280; x_wconf 85' lang='lat' dir='ltr'><strong>canonicorum</strong></span> <span class='ocrx_word' id='word_1_75' title='bbox 1032 1225 1083 1278; x_wconf 91' lang='lat' dir='ltr'><strong>in</strong></span> <span class='ocrx_word' id='word_1_76' title='bbox 1114 1225 1231 1295; x_wconf 88' lang='lat' dir='ltr'><strong>ipso</strong></span> <span class='ocrx_word' id='word_1_77' title='bbox 1282 1225 1613 1280; x_wconf 80' lang='lat' dir='ltr'><strong>monasterio</strong></span> <span class='ocrx_word' id='word_1_78' title='bbox 1646 1225 1754 1280; x_wconf 87' lang='lat' dir='ltr'><strong>Deo</strong></span> <span class='ocrx_word' id='word_1_79' title='bbox 1799 1224 2171 1280; x_wconf 72' lang='lat' dir='ltr'><strong>servientium.</strong></span> 
     </span>
    </p>
   </div>
   <div class='ocr_carea' id='block_1_13' title="bbox 600 1313 2172 1385">
    <p class='ocr_par' dir='ltr' id='par_1_13' title="bbox 600 1313 2172 1385">
     <span class='ocr_line' id='line_1_13' title="bbox 600 1313 2172 1385; baseline -0.001 -16"><span class='ocrx_word' id='word_1_80' title='bbox 600 1313 711 1370; x_wconf 75' lang='lat' dir='ltr'><strong>Nec</strong></span> <span class='ocrx_word' id='word_1_81' title='bbox 727 1315 922 1384; x_wconf 79' lang='lat' dir='ltr'><strong>aliquis</strong></span> <span class='ocrx_word' id='word_1_82' title='bbox 949 1323 1227 1385; x_wconf 87' lang='lat' dir='ltr'><strong>presumat</strong></span> <span class='ocrx_word' id='word_1_83' title='bbox 1263 1331 1328 1370; x_wconf 75' lang='lat' dir='ltr'><strong>ex</strong></span> <span class='ocrx_word' id='word_1_84' title='bbox 1360 1316 1442 1369; x_wconf 90' lang='lat' dir='ltr'><strong>his</strong></span> <span class='ocrx_word' id='word_1_85' title='bbox 1473 1330 1592 1383; x_wconf 76' lang='lat' dir='ltr'><strong>quae</strong></span> <span class='ocrx_word' id='word_1_86' title='bbox 1630 1315 1884 1380; x_wconf 75' lang='lat' dir='ltr'><strong>diximus,</strong></span> <span class='ocrx_word' id='word_1_87' title='bbox 1916 1329 2034 1384; x_wconf 66' lang='lat' dir='ltr'><strong>quae</strong></span> <span class='ocrx_word' id='word_1_88' title='bbox 2061 1330 2172 1368; x_wconf 83' lang='lat' dir='ltr'><strong>mc-</strong></span> 
     </span>
    </p>
   </div>
   <div class='ocr_carea' id='block_1_14' title="bbox 599 1401 2176 1472">
    <p class='ocr_par' dir='ltr' id='par_1_14' title="bbox 599 1401 2176 1472">
     <span class='ocr_line' id='line_1_14' title="bbox 599 1401 2176 1472; baseline 0.001 -16"><span class='ocrx_word' id='word_1_89' title='bbox 599 1411 841 1456; x_wconf 88' lang='lat' dir='ltr'><strong>moratus</strong></span> <span class='ocrx_word' id='word_1_90' title='bbox 869 1401 1083 1458; x_wconf 79' lang='lat' dir='ltr'><strong>inclitus</strong></span> <span class='ocrx_word' id='word_1_91' title='bbox 1136 1417 1230 1458; x_wconf 73' lang='lat' dir='ltr'><strong>rex</strong></span> <span class='ocrx_word' id='word_1_92' title='bbox 1277 1403 1352 1458; x_wconf 79' lang='lat' dir='ltr'><strong>de</strong></span> <span class='ocrx_word' id='word_1_93' title='bbox 1375 1402 1536 1458; x_wconf 92' lang='lat' dir='ltr'><strong>rebus</strong></span> <span class='ocrx_word' id='word_1_94' title='bbox 1565 1403 1798 1472; x_wconf 83' lang='lat' dir='ltr'><strong>propriis</strong></span> <span class='ocrx_word' id='word_1_95' title='bbox 1847 1415 1902 1457; x_wconf 91' lang='lat' dir='ltr'><strong>et</strong></span> <span class='ocrx_word' id='word_1_96' title='bbox 1947 1403 2012 1456; x_wconf 88' lang='lat' dir='ltr'><strong>de</strong></span> <span class='ocrx_word' id='word_1_97' title='bbox 2055 1404 2176 1458; x_wconf 76' lang='lat' dir='ltr'><strong>al‘is</strong></span> 
     </span>
    </p>
   </div>
   <div class='ocr_carea' id='block_1_15' title="bbox 597 1493 2175 1565">
    <p class='ocr_par' dir='ltr' id='par_1_15' title="bbox 597 1493 2175 1565">
     <span class='ocr_line' id='line_1_15' title="bbox 597 1493 2175 1565; baseline 0 -17"><span class='ocrx_word' id='word_1_98' title='bbox 597 1505 696 1563; x_wconf 90' lang='lat' dir='ltr'><strong>per</strong></span> <span class='ocrx_word' id='word_1_99' title='bbox 720 1495 906 1565; x_wconf 86' lang='lat' dir='ltr'><strong>regale</strong></span> <span class='ocrx_word' id='word_1_100' title='bbox 934 1503 1246 1564; x_wconf 84' lang='lat' dir='ltr'><strong>preceptum</strong></span> <span class='ocrx_word' id='word_1_101' title='bbox 1286 1494 1458 1550; x_wconf 85' lang='lat' dir='ltr'><strong>eidem</strong></span> <span class='ocrx_word' id='word_1_102' title='bbox 1489 1495 1604 1548; x_wconf 82' lang='lat' dir='ltr'><strong>loco</strong></span> <span class='ocrx_word' id='word_1_103' title='bbox 1647 1494 1911 1564; x_wconf 77' lang='lat' dir='ltr'><strong>delegavit</strong></span> <span class='ocrx_word' id='word_1_104' title='bbox 1952 1493 2025 1548; x_wconf 89' lang='lat' dir='ltr'><strong>ad-</strong></span> <span class='ocrx_word' id='word_1_105' title='bbox 2040 1510 2175 1564; x_wconf 85' lang='lat' dir='ltr'><strong>opus</strong></span> 
     </span>
    </p>
   </div>
   <div class='ocr_carea' id='block_1_16' title="bbox 594 1583 2173 1654">
    <p class='ocr_par' dir='ltr' id='par_1_16' title="bbox 594 1583 2173 1654">
     <span class='ocr_line' id='line_1_16' title="bbox 594 1583 2173 1654; baseline 0.001 -18"><span class='ocrx_word' id='word_1_106' title='bbox 594 1583 941 1648; x_wconf 85' lang='lat' dir='ltr'><strong>clericorum,</strong></span> <span class='ocrx_word' id='word_1_107' title='bbox 991 1584 1191 1638; x_wconf 78' lang='lat' dir='ltr'><strong>inferre</strong></span> <span class='ocrx_word' id='word_1_108' title='bbox 1235 1583 1470 1654; x_wconf 85' lang='lat' dir='ltr'><strong>aliquam</strong></span> <span class='ocrx_word' id='word_1_109' title='bbox 1517 1584 1835 1648; x_wconf 79' lang='lat' dir='ltr'><strong>molestiam,</strong></span> <span class='ocrx_word' id='word_1_110' title='bbox 1872 1585 1966 1640; x_wconf 86' lang='lat' dir='ltr'><strong>sed</strong></span> <span class='ocrx_word' id='word_1_111' title='bbox 2014 1585 2173 1638; x_wconf 73' lang='lat' dir='ltr'><strong>liceat</strong></span> 
     </span>
    </p>
   </div>
   <div class='ocr_carea' id='block_1_17' title="bbox 593 1672 2174 1744">
    <p class='ocr_par' dir='ltr' id='par_1_17' title="bbox 593 1672 2174 1744">
     <span class='ocr_line' id='line_1_17' title="bbox 593 1672 2174 1744; baseline 0.001 -17"><span class='ocrx_word' id='word_1_112' title='bbox 593 1674 673 1730; x_wconf 86' lang='lat' dir='ltr'><strong>eis</strong></span> <span class='ocrx_word' id='word_1_113' title='bbox 703 1673 883 1743; x_wconf 87' lang='lat' dir='ltr'><strong>quiete</strong></span> <span class='ocrx_word' id='word_1_114' title='bbox 904 1673 1404 1742; x_wconf 80' lang='lat' dir='ltr'><strong>omniapossidere,</strong></span> <span class='ocrx_word' id='word_1_115' title='bbox 1432 1689 1539 1743; x_wconf 87' lang='lat' dir='ltr'><strong>quo</strong></span> <span class='ocrx_word' id='word_1_116' title='bbox 1579 1674 1794 1728; x_wconf 86' lang='lat' dir='ltr'><strong>valeant</strong></span> <span class='ocrx_word' id='word_1_117' title='bbox 1832 1672 2052 1728; x_wconf 90' lang='lat' dir='ltr'><strong>liberius</strong></span> <span class='ocrx_word' id='word_1_118' title='bbox 2074 1689 2174 1744; x_wconf 86' lang='lat' dir='ltr'><strong>pro</strong></span> 
     </span>
    </p>
   </div>
   <div class='ocr_carea' id='block_1_18' title="bbox 591 1761 2170 1832">
    <p class='ocr_par' dir='ltr' id='par_1_18' title="bbox 591 1761 2170 1832">
     <span class='ocr_line' id='line_1_18' title="bbox 591 1761 2170 1832; baseline 0.001 -16"><span class='ocrx_word' id='word_1_119' title='bbox 591 1772 726 1831; x_wconf 89' lang='lat' dir='ltr'><strong>pace</strong></span> <span class='ocrx_word' id='word_1_120' title='bbox 754 1771 954 1817; x_wconf 68' lang='lat' dir='ltr'><strong>sancta:</strong></span> <span class='ocrx_word' id='word_1_121' title='bbox 982 1761 1074 1816; x_wconf 89' lang='lat' dir='ltr'><strong>Dei</strong></span> <span class='ocrx_word' id='word_1_122' title='bbox 1101 1762 1357 1818; x_wconf 61' lang='lat' dir='ltr'><strong>{ecclesim</strong></span> <span class='ocrx_word' id='word_1_123' title='bbox 1379 1772 1434 1816; x_wconf 91' lang='lat' dir='ltr'><strong>et</strong></span> <span class='ocrx_word' id='word_1_124' title='bbox 1457 1763 1564 1816; x_wconf 84' lang='lat' dir='ltr'><strong>vita</strong></span> <span class='ocrx_word' id='word_1_125' title='bbox 1591 1763 1736 1832; x_wconf 85' lang='lat' dir='ltr'><strong>regis</strong></span> <span class='ocrx_word' id='word_1_126' title='bbox 1758 1772 1812 1816; x_wconf 90' lang='lat' dir='ltr'><strong>et</strong></span> <span class='ocrx_word' id='word_1_127' title='bbox 1834 1762 2080 1832; x_wconf 75' lang='lat' dir='ltr'><strong>conjugis</strong></span> <span class='ocrx_word' id='word_1_128' title='bbox 2108 1779 2170 1818; x_wconf 88' lang='lat' dir='ltr'><strong>ac</strong></span> 
     </span>
    </p>
   </div>
   <div class='ocr_carea' id='block_1_19' title="bbox 2284 595 3862 671">
    <p class='ocr_par' dir='ltr' id='par_1_19' title="bbox 2284 595 3862 671">
     <span class='ocr_line' id='line_1_19' title="bbox 2284 595 3862 671; baseline 0.005 -21"><span class='ocrx_word' id='word_1_129' title='bbox 2284 595 2556 652; x_wconf 72' lang='lat' dir='ltr'><strong>Iohannes</strong></span> <span class='ocrx_word' id='word_1_130' title='bbox 2583 611 2717 666; x_wconf 87' lang='lat' dir='ltr'><strong>papa</strong></span> <span class='ocrx_word' id='word_1_131' title='bbox 2749 600 2850 652; x_wconf 90' lang='lat' dir='ltr'><strong>hoc</strong></span> <span class='ocrx_word' id='word_1_132' title='bbox 2875 599 3216 668; x_wconf 84' lang='lat' dir='ltr'><strong>privilegium</strong></span> <span class='ocrx_word' id='word_1_133' title='bbox 3248 615 3276 654; x_wconf 91' lang='lat' dir='ltr'><strong>a</strong></span> <span class='ocrx_word' id='word_1_134' title='bbox 3305 615 3422 654; x_wconf 88' lang='lat' dir='ltr'><strong>mea</strong></span> <span class='ocrx_word' id='word_1_135' title='bbox 3449 603 3714 671; x_wconf 75' lang='lat' dir='ltr'><strong>parvitate</strong></span> <span class='ocrx_word' id='word_1_136' title='bbox 3740 606 3862 659; x_wconf 75' lang='lat' dir='ltr'><strong>edi-</strong></span> 
     </span>
    </p>
   </div>
   <div class='ocr_carea' id='block_1_20' title="bbox 2283 688 3878 759">
    <p class='ocr_par' dir='ltr' id='par_1_20' title="bbox 2283 688 3878 759">
     <span class='ocr_line' id='line_1_20' title="bbox 2283 688 3878 759; baseline 0.006 -19"><span class='ocrx_word' id='word_1_137' title='bbox 2283 695 2394 741; x_wconf 89' lang='lat' dir='ltr'><strong>tum</strong></span> <span class='ocrx_word' id='word_1_138' title='bbox 2417 688 2623 741; x_wconf 84' lang='lat' dir='ltr'><strong>firmavi</strong></span> <span class='ocrx_word' id='word_1_139' title='bbox 2650 703 2713 742; x_wconf 90' lang='lat' dir='ltr'><strong>ac</strong></span> <span class='ocrx_word' id='word_1_140' title='bbox 2735 689 3000 743; x_wconf 84' lang='lat' dir='ltr'><strong>roboravi.</strong></span> <span class='ocrx_word' id='word_1_141' title='bbox 3051 689 3162 759; x_wconf 82' lang='lat' dir='ltr'><strong>Ego</strong></span> <span class='ocrx_word' id='word_1_142' title='bbox 3194 689 3428 745; x_wconf 86' lang='lat' dir='ltr'><strong>Marinus</strong></span> <span class='ocrx_word' id='word_1_143' title='bbox 3457 692 3694 747; x_wconf 75' lang='lat' dir='ltr'><strong>vicarius</strong></span> <span class='ocrx_word' id='word_1_144' title='bbox 3709 694 3878 748; x_wconf 42' lang='lat' dir='ltr'><strong>sedis;</strong></span> 
     </span>
    </p>
   </div>
   <div class='ocr_carea' id='block_1_21' title="bbox 2281 779 3867 856">
    <p class='ocr_par' dir='ltr' id='par_1_21' title="bbox 2281 779 3867 856">
     <span class='ocr_line' id='line_1_21' title="bbox 2281 779 3867 856; baseline 0.006 -25"><span class='ocrx_word' id='word_1_145' title='bbox 2281 779 2585 848; x_wconf 68' lang='lat' dir='ltr'><strong>apostolica:</strong></span> <span class='ocrx_word' id='word_1_146' title='bbox 2610 781 2816 835; x_wconf 82' lang='lat' dir='ltr'><strong>ﬁrmavi</strong></span> <span class='ocrx_word' id='word_1_147' title='bbox 2844 797 2906 835; x_wconf 91' lang='lat' dir='ltr'><strong>ac</strong></span> <span class='ocrx_word' id='word_1_148' title='bbox 2941 780 3209 836; x_wconf 84' lang='lat' dir='ltr'><strong>roboravi.</strong></span> <span class='ocrx_word' id='word_1_149' title='bbox 3264 783 3378 853; x_wconf 80' lang='lat' dir='ltr'><strong>Ego</strong></span> <span class='ocrx_word' id='word_1_150' title='bbox 3415 783 3654 839; x_wconf 81' lang='lat' dir='ltr'><strong>Andreas</strong></span> <span class='ocrx_word' id='word_1_151' title='bbox 3725 786 3867 856; x_wconf 56' lang='lat' dir='ltr'><strong>epi-~</strong></span> 
     </span>
    </p>
   </div>
   <div class='ocr_carea' id='block_1_22' title="bbox 2281 871 3884 944">
    <p class='ocr_par' dir='ltr' id='par_1_22' title="bbox 2281 871 3884 944">
     <span class='ocr_line' id='line_1_22' title="bbox 2281 871 3884 944; baseline 0.004 -22"><span class='ocrx_word' id='word_1_152' title='bbox 2281 883 2473 938; x_wconf 87' lang='lat' dir='ltr'><strong>sc0pus</strong></span> <span class='ocrx_word' id='word_1_153' title='bbox 2514 871 2832 940; x_wconf 82' lang='lat' dir='ltr'><strong>subscripsi.</strong></span> <span class='ocrx_word' id='word_1_154' title='bbox 2881 872 2992 942; x_wconf 83' lang='lat' dir='ltr'><strong>Ego</strong></span> <span class='ocrx_word' id='word_1_155' title='bbox 3047 873 3366 927; x_wconf 84' lang='lat' dir='ltr'><strong>Bonihertus</strong></span> <span class='ocrx_word' id='word_1_156' title='bbox 3399 875 3679 944; x_wconf 79' lang='lat' dir='ltr'><strong>episcopus</strong></span> <span class='ocrx_word' id='word_1_157' title='bbox 3732 879 3884 930; x_wconf 55' lang='lat' dir='ltr'><strong>suhu</strong></span> 
     </span>
    </p>
   </div>
   <div class='ocr_carea' id='block_1_23' title="bbox 2278 957 3856 1034">
    <p class='ocr_par' dir='ltr' id='par_1_23' title="bbox 2278 957 3856 1034">
     <span class='ocr_line' id='line_1_23' title="bbox 2278 957 3856 1034; baseline 0.005 -24"><span class='ocrx_word' id='word_1_158' title='bbox 2278 957 2496 1026; x_wconf 84' lang='lat' dir='ltr'><strong>scripsi.</strong></span> <span class='ocrx_word' id='word_1_159' title='bbox 2527 959 2637 1026; x_wconf 76' lang='lat' dir='ltr'><strong>Ego</strong></span> <span class='ocrx_word' id='word_1_160' title='bbox 2659 959 2980 1014; x_wconf 86' lang='lat' dir='ltr'><strong>Laurentius</strong></span> <span class='ocrx_word' id='word_1_161' title='bbox 3003 962 3286 1030; x_wconf 83' lang='lat' dir='ltr'><strong>episcopus</strong></span> <span class='ocrx_word' id='word_1_162' title='bbox 3312 962 3358 994; x_wconf 71' lang='grc'><strong>³⁸</strong></span> <span class='ocrx_word' id='word_1_163' title='bbox 3387 963 3703 1033; x_wconf 70' lang='lat' dir='ltr'><strong>subscripsi.</strong></span> <span class='ocrx_word' id='word_1_164' title='bbox 3737 965 3856 1034; x_wconf 84' lang='lat' dir='ltr'><strong>Ego</strong></span> 
     </span>
    </p>
   </div>
   <div class='ocr_carea' id='block_1_24' title="bbox 2277 1043 3856 1124">
    <p class='ocr_par' dir='ltr' id='par_1_24' title="bbox 2277 1043 3856 1124">
     <span class='ocr_line' id='line_1_24' title="bbox 2277 1043 3856 1124; baseline 0.006 -26"><span class='ocrx_word' id='word_1_165' title='bbox 2277 1043 2675 1101; x_wconf 87' lang='lat' dir='ltr'><strong>Pedelbrandus</strong></span> <span class='ocrx_word' id='word_1_166' title='bbox 2705 1049 2988 1118; x_wconf 82' lang='lat' dir='ltr'><strong>episcopus</strong></span> <span class='ocrx_word' id='word_1_167' title='bbox 3016 1049 3328 1121; x_wconf 84' lang='lat' dir='ltr'><strong>subscripsi.</strong></span> <span class='ocrx_word' id='word_1_168' title='bbox 3360 1051 3686 1121; x_wconf 79' lang='lat' dir='ltr'><strong>EgoNautor</strong></span> <span class='ocrx_word' id='word_1_169' title='bbox 3737 1056 3856 1124; x_wconf 82' lang='lat' dir='ltr'><strong>epi-</strong></span> 
     </span>
    </p>
   </div>
   <div class='ocr_carea' id='block_1_25' title="bbox 2275 1135 3881 1212">
    <p class='ocr_par' dir='ltr' id='par_1_25' title="bbox 2275 1135 3881 1212">
     <span class='ocr_line' id='line_1_25' title="bbox 2275 1135 3881 1212; baseline 0.006 -24"><span class='ocrx_word' id='word_1_170' title='bbox 2275 1149 2470 1203; x_wconf 88' lang='lat' dir='ltr'><strong>scopus</strong></span> <span class='ocrx_word' id='word_1_171' title='bbox 2512 1135 2826 1207; x_wconf 86' lang='lat' dir='ltr'><strong>subscripsi.</strong></span> <span class='ocrx_word' id='word_1_172' title='bbox 2845 1138 2953 1208; x_wconf 82' lang='lat' dir='ltr'><strong>Ego</strong></span> <span class='ocrx_word' id='word_1_173' title='bbox 2974 1137 3206 1194; x_wconf 71' lang='lat' dir='ltr'><strong>Hilarius</strong></span> <span class='ocrx_word' id='word_1_174' title='bbox 3218 1141 3512 1210; x_wconf 79' lang='lat' dir='ltr'><strong>episcopus</strong></span> <span class='ocrx_word' id='word_1_175' title='bbox 3532 1143 3881 1212; x_wconf 83' lang='lat' dir='ltr'><strong>subscripsi.-</strong></span> 
     </span>
    </p>
   </div>
   <div class='ocr_carea' id='block_1_26' title="bbox 2275 1224 3880 1302">
    <p class='ocr_par' dir='ltr' id='par_1_26' title="bbox 2275 1224 3880 1302">
     <span class='ocr_line' id='line_1_26' title="bbox 2275 1224 3880 1302; baseline 0.006 -24"><span class='ocrx_word' id='word_1_176' title='bbox 2275 1224 2387 1294; x_wconf 85' lang='lat' dir='ltr'><strong>Ego</strong></span> <span class='ocrx_word' id='word_1_177' title='bbox 2416 1225 2760 1282; x_wconf 83' lang='lat' dir='ltr'><strong>Constantius</strong></span> <span class='ocrx_word' id='word_1_178' title='bbox 2780 1229 3063 1298; x_wconf 88' lang='lat' dir='ltr'><strong>episcopus</strong></span> <span class='ocrx_word' id='word_1_179' title='bbox 3089 1230 3406 1298; x_wconf 87' lang='lat' dir='ltr'><strong>subscripsi.</strong></span> <span class='ocrx_word' id='word_1_180' title='bbox 3449 1232 3562 1302; x_wconf 84' lang='lat' dir='ltr'><strong>Ego</strong></span> <span class='ocrx_word' id='word_1_181' title='bbox 3587 1232 3880 1287; x_wconf 53' lang='lat' dir='ltr'><strong>Martinus</strong></span> 
     </span>
    </p>
   </div>
   <div class='ocr_carea' id='block_1_27' title="bbox 2273 1316 3864 1393">
    <p class='ocr_par' dir='ltr' id='par_1_27' title="bbox 2273 1316 3864 1393">
     <span class='ocr_line' id='line_1_27' title="bbox 2273 1316 3864 1393; baseline 0.005 -23"><span class='ocrx_word' id='word_1_182' title='bbox 2273 1316 2556 1386; x_wconf 89' lang='lat' dir='ltr'><strong>episcopus</strong></span> <span class='ocrx_word' id='word_1_183' title='bbox 2579 1319 2895 1388; x_wconf 89' lang='lat' dir='ltr'><strong>subscripsi.</strong></span> <span class='ocrx_word' id='word_1_184' title='bbox 2941 1319 3052 1390; x_wconf 78' lang='lat' dir='ltr'><strong>Ego</strong></span> <span class='ocrx_word' id='word_1_185' title='bbox 3105 1320 3530 1390; x_wconf 79' lang='lat' dir='ltr'><strong>Christophorus</strong></span> <span class='ocrx_word' id='word_1_186' title='bbox 3567 1323 3864 1393; x_wconf 80' lang='lat' dir='ltr'><strong>episcopus</strong></span> 
     </span>
    </p>
   </div>
   <div class='ocr_carea' id='block_1_28' title="bbox 2274 1403 3858 1482">
    <p class='ocr_par' dir='ltr' id='par_1_28' title="bbox 2274 1403 3858 1482">
     <span class='ocr_line' id='line_1_28' title="bbox 2274 1403 3858 1482; baseline 0.006 -26"><span class='ocrx_word' id='word_1_187' title='bbox 2274 1403 2585 1472; x_wconf 78' lang='lat' dir='ltr'><strong>subscripsi.</strong></span> <span class='ocrx_word' id='word_1_188' title='bbox 2640 1405 2751 1475; x_wconf 84' lang='lat' dir='ltr'><strong>Ego</strong></span> <span class='ocrx_word' id='word_1_189' title='bbox 2805 1405 3038 1462; x_wconf 88' lang='lat' dir='ltr'><strong>Thomas</strong></span> <span class='ocrx_word' id='word_1_190' title='bbox 3065 1408 3351 1479; x_wconf 89' lang='lat' dir='ltr'><strong>episcopus</strong></span> <span class='ocrx_word' id='word_1_191' title='bbox 3389 1412 3703 1481; x_wconf 84' lang='lat' dir='ltr'><strong>subscripsi.</strong></span> <span class='ocrx_word' id='word_1_192' title='bbox 3740 1414 3858 1482; x_wconf 80' lang='lat' dir='ltr'><strong>Ego</strong></span> 
     </span>
    </p>
   </div>
   <div class='ocr_carea' id='block_1_29' title="bbox 2273 1493 3880 1572">
    <p class='ocr_par' dir='ltr' id='par_1_29' title="bbox 2273 1493 3880 1572">
     <span class='ocr_line' id='line_1_29' title="bbox 2273 1493 3880 1572; baseline 0.004 -25"><span class='ocrx_word' id='word_1_193' title='bbox 2273 1493 2422 1548; x_wconf 82' lang='lat' dir='ltr'><strong>Felix</strong></span> <span class='ocrx_word' id='word_1_194' title='bbox 2453 1495 2743 1565; x_wconf 89' lang='lat' dir='ltr'><strong>episcopus</strong></span> <span class='ocrx_word' id='word_1_195' title='bbox 2775 1498 3092 1566; x_wconf 85' lang='lat' dir='ltr'><strong>subscripsi.</strong></span> <span class='ocrx_word' id='word_1_196' title='bbox 3116 1499 3232 1569; x_wconf 79' lang='lat' dir='ltr'><strong>Ego</strong></span> <span class='ocrx_word' id='word_1_197' title='bbox 3254 1500 3535 1557; x_wconf 86' lang='lat' dir='ltr'><strong>Audoinus</strong></span> <span class='ocrx_word' id='word_1_198' title='bbox 3581 1504 3880 1572; x_wconf 68' lang='lat' dir='ltr'><strong>arcltiepE-~</strong></span> 
     </span>
    </p>
   </div>
   <div class='ocr_carea' id='block_1_30' title="bbox 2272 1585 3854 1663">
    <p class='ocr_par' dir='ltr' id='par_1_30' title="bbox 2272 1585 3854 1663">
     <span class='ocr_line' id='line_1_30' title="bbox 2272 1585 3854 1663; baseline 0.006 -24"><span class='ocrx_word' id='word_1_199' title='bbox 2272 1600 2468 1654; x_wconf 89' lang='lat' dir='ltr'><strong>scopus</strong></span> <span class='ocrx_word' id='word_1_200' title='bbox 2495 1585 2807 1656; x_wconf 88' lang='lat' dir='ltr'><strong>subscripsi.</strong></span> <span class='ocrx_word' id='word_1_201' title='bbox 2847 1588 2959 1658; x_wconf 82' lang='lat' dir='ltr'><strong>Ego</strong></span> <span class='ocrx_word' id='word_1_202' title='bbox 2986 1587 3373 1660; x_wconf 84' lang='lat' dir='ltr'><strong>Austrcgisilus</strong></span> <span class='ocrx_word' id='word_1_203' title='bbox 3410 1592 3692 1663; x_wconf 88' lang='lat' dir='ltr'><strong>episcopus</strong></span> <span class='ocrx_word' id='word_1_204' title='bbox 3716 1595 3854 1648; x_wconf 85' lang='lat' dir='ltr'><strong>sub-</strong></span> 
     </span>
    </p>
   </div>
   <div class='ocr_carea' id='block_1_31' title="bbox 2273 1673 3864 1752">
    <p class='ocr_par' dir='ltr' id='par_1_31' title="bbox 2273 1673 3864 1752">
     <span class='ocr_line' id='line_1_31' title="bbox 2273 1673 3864 1752; baseline 0.003 -22"><span class='ocrx_word' id='word_1_205' title='bbox 2273 1673 2488 1746; x_wconf 82' lang='lat' dir='ltr'><strong>Scripsi.</strong></span> <span class='ocrx_word' id='word_1_206' title='bbox 2513 1676 2622 1746; x_wconf 84' lang='lat' dir='ltr'><strong>Ego</strong></span> <span class='ocrx_word' id='word_1_207' title='bbox 2661 1676 3036 1748; x_wconf 81' lang='lat' dir='ltr'><strong>Ravcngarius</strong></span> <span class='ocrx_word' id='word_1_208' title='bbox 3062 1679 3347 1748; x_wconf 86' lang='lat' dir='ltr'><strong>episcopus</strong></span> <span class='ocrx_word' id='word_1_209' title='bbox 3379 1680 3698 1750; x_wconf 89' lang='lat' dir='ltr'><strong>subscripsi.</strong></span> <span class='ocrx_word' id='word_1_210' title='bbox 3735 1683 3864 1752; x_wconf 76' lang='lat' dir='ltr'><strong>Ego</strong></span> 
     </span>
    </p>
   </div>
   <div class='ocr_carea' id='block_1_32' title="bbox 2273 1764 3862 1840">
    <p class='ocr_par' dir='ltr' id='par_1_32' title="bbox 2273 1764 3862 1840">
     <span class='ocr_line' id='line_1_32' title="bbox 2273 1764 3862 1840; baseline 0.003 -21"><span class='ocrx_word' id='word_1_211' title='bbox 2273 1764 2512 1819; x_wconf 89' lang='lat' dir='ltr'><strong>Silvinus</strong></span> <span class='ocrx_word' id='word_1_212' title='bbox 2539 1765 2828 1835; x_wconf 86' lang='lat' dir='ltr'><strong>episc0pus</strong></span> <span class='ocrx_word' id='word_1_213' title='bbox 2867 1766 3184 1836; x_wconf 89' lang='lat' dir='ltr'><strong>subscripsi.</strong></span> <span class='ocrx_word' id='word_1_214' title='bbox 3229 1767 3341 1837; x_wconf 82' lang='lat' dir='ltr'><strong>Ego</strong></span> <span class='ocrx_word' id='word_1_215' title='bbox 3387 1766 3750 1840; x_wconf 81' lang='lat' dir='ltr'><strong>Leodcgarins</strong></span> <span class='ocrx_word' id='word_1_216' title='bbox 3775 1771 3862 1824; x_wconf 70' lang='lat' dir='ltr'><strong>ab</strong></span> 
     </span>
    </p>
   </div>
   <div class='ocr_carea' id='block_1_33' title="bbox 594 1843 3857 1924">
    <p class='ocr_par' dir='ltr' id='par_1_33' title="bbox 594 1843 3857 1924">
     <span class='ocr_line' id='line_1_33' title="bbox 594 1843 3857 1924; baseline 0.002 -18"><span class='ocrx_word' id='word_1_217' title='bbox 594 1854 827 1908; x_wconf 81' lang='lat' dir='ltr'><strong>ﬁliorum</strong></span> <span class='ocrx_word' id='word_1_218' title='bbox 855 1868 918 1908; x_wconf 86' lang='lat' dir='ltr'><strong>ac</strong></span> <span class='ocrx_word' id='word_1_219' title='bbox 947 1862 1089 1908; x_wconf 90' lang='lat' dir='ltr'><strong>statu</strong></span> <span class='ocrx_word' id='word_1_220' title='bbox 1120 1853 1289 1924; x_wconf 82' lang='lat' dir='ltr'><strong>regni,</strong></span> <span class='ocrx_word' id='word_1_221' title='bbox 1321 1854 1881 1910; x_wconf 85' lang='lat' dir='ltr'><strong>Dominicletnentiam</strong></span> <span class='ocrx_word' id='word_1_222' title='bbox 1913 1869 2161 1910; x_wconf 70' lang='lat' dir='ltr'><strong>exorare.</strong></span> <span class='ocrx_word' id='word_1_223' title='bbox 2198 1843 2240 1899; x_wconf 75' lang='grc' dir='ltr'><strong>Β</strong></span> <span class='ocrx_word' id='word_1_224' title='bbox 2270 1851 2434 1922; x_wconf 77' lang='lat' dir='ltr'><strong>impio</strong></span> <span class='ocrx_word' id='word_1_225' title='bbox 2458 1851 2640 1920; x_wconf 83' lang='lat' dir='ltr'><strong>judice</strong></span> <span class='ocrx_word' id='word_1_226' title='bbox 2688 1853 2924 1910; x_wconf 89' lang='lat' dir='ltr'><strong>Ebroino</strong></span> <span class='ocrx_word' id='word_1_227' title='bbox 2951 1855 3208 1910; x_wconf 83' lang='lat' dir='ltr'><strong>cathedra</strong></span> <span class='ocrx_word' id='word_1_228' title='bbox 3253 1856 3728 1924; x_wconf 75' lang='lat' dir='ltr'><strong>Augustidunense</strong></span> <span class='ocrx_word' id='word_1_229' title='bbox 3749 1860 3857 1913; x_wconf 56' lang='lat' dir='ltr'><strong>de-</strong></span> 
     </span>
    </p>
   </div>
   <div class='ocr_carea' id='block_1_34' title="bbox 597 1943 3854 2016">
    <p class='ocr_par' dir='ltr' id='par_1_34' title="bbox 597 1943 3854 2016">
     <span class='ocr_line' id='line_1_34' title="bbox 597 1943 3854 2016; baseline 0.001 -16"><span class='ocrx_word' id='word_1_230' title='bbox 597 1946 657 2000; x_wconf 82' lang='lat' dir='ltr'><strong>Si</strong></span> <span class='ocrx_word' id='word_1_231' title='bbox 689 1948 808 2013; x_wconf 83' lang='lat' dir='ltr'><strong>quis</strong></span> <span class='ocrx_word' id='word_1_232' title='bbox 835 1960 964 2000; x_wconf 90' lang='lat' dir='ltr'><strong>vero</strong></span> <span class='ocrx_word' id='word_1_233' title='bbox 1015 1945 1334 2000; x_wconf 89' lang='lat' dir='ltr'><strong>observator</strong></span> <span class='ocrx_word' id='word_1_234' title='bbox 1364 1946 1523 2015; x_wconf 84' lang='lat' dir='ltr'><strong>hujus</strong></span> <span class='ocrx_word' id='word_1_235' title='bbox 1565 1945 1828 2016; x_wconf 79' lang='lat' dir='ltr'><strong>privilegii</strong></span> <span class='ocrx_word' id='word_1_236' title='bbox 1871 1961 1905 1999; x_wconf 86' lang='lat' dir='ltr'><strong>a</strong></span> <span class='ocrx_word' id='word_1_237' title='bbox 1939 1945 2096 2000; x_wconf 89' lang='lat' dir='ltr'><strong>nobis</strong></span> <span class='ocrx_word' id='word_1_238' title='bbox 2123 1946 2176 1977; x_wconf 73' lang='grc'>³³</span> <span class='ocrx_word' id='word_1_239' title='bbox 2268 1945 2481 2011; x_wconf 83' lang='lat' dir='ltr'><strong>positus</strong></span> <span class='ocrx_word' id='word_1_240' title='bbox 2503 1943 2694 2013; x_wconf 86' lang='lat' dir='ltr'><strong>scripsi</strong></span> <span class='ocrx_word' id='word_1_241' title='bbox 2717 1953 2773 1998; x_wconf 91' lang='lat' dir='ltr'><strong>et</strong></span> <span class='ocrx_word' id='word_1_242' title='bbox 2803 1945 3122 2014; x_wconf 85' lang='lat' dir='ltr'><strong>subscripsi.</strong></span> <span class='ocrx_word' id='word_1_243' title='bbox 3147 1945 3280 2000; x_wconf 84' lang='lat' dir='ltr'><strong>Data</strong></span> <span class='ocrx_word' id='word_1_244' title='bbox 3303 1946 3358 2001; x_wconf 86' lang='lat'><strong>8.</strong></span> <span class='ocrx_word' id='word_1_245' title='bbox 3387 1947 3514 2002; x_wconf 86' lang='lat' dir='ltr'><strong>ldus</strong></span> <span class='ocrx_word' id='word_1_246' title='bbox 3531 1947 3679 2014; x_wconf 81' lang='lat' dir='ltr'><strong>Mati,</strong></span> <span class='ocrx_word' id='word_1_247' title='bbox 3697 1965 3854 2004; x_wconf 79' lang='lat' dir='ltr'><strong>anno</strong></span> 
     </span>
    </p>
   </div>
   <div class='ocr_carea' id='block_1_35' title="bbox 589 2033 3840 2108">
    <p class='ocr_par' dir='ltr' id='par_1_35' title="bbox 589 2033 3840 2108">
     <span class='ocr_line' id='line_1_35' title="bbox 589 2033 3840 2108; baseline 0.003 -15"><span class='ocrx_word' id='word_1_248' title='bbox 589 2040 719 2094; x_wconf 86' lang='lat' dir='ltr'><strong>editi</strong></span> <span class='ocrx_word' id='word_1_249' title='bbox 750 2039 1011 2102; x_wconf 78' lang='lat' dir='ltr'><strong>extiterit,</strong></span> <span class='ocrx_word' id='word_1_250' title='bbox 1042 2038 1272 2108; x_wconf 87' lang='lat' dir='ltr'><strong>accipiat</strong></span> <span class='ocrx_word' id='word_1_251' title='bbox 1301 2038 1600 2093; x_wconf 88' lang='lat' dir='ltr'><strong>mercedem</strong></span> <span class='ocrx_word' id='word_1_252' title='bbox 1630 2053 1658 2091; x_wconf 91' lang='lat' dir='ltr'><strong>a</strong></span> <span class='ocrx_word' id='word_1_253' title='bbox 1697 2038 1944 2102; x_wconf 87' lang='lat' dir='ltr'><strong>Domino,</strong></span> <span class='ocrx_word' id='word_1_254' title='bbox 1975 2047 2030 2093; x_wconf 90' lang='lat' dir='ltr'><strong>et</strong></span> <span class='ocrx_word' id='word_1_255' title='bbox 2067 2037 2165 2092; x_wconf 88' lang='lat' dir='ltr'><strong>be-</strong></span> <span class='ocrx_word' id='word_1_256' title='bbox 2269 2033 2322 2086; x_wconf 78' lang='lat'><strong>7.</strong></span> <span class='ocrx_word' id='word_1_257' title='bbox 2351 2033 2500 2104; x_wconf 80' lang='lat' dir='ltr'><strong>regni</strong></span> <span class='ocrx_word' id='word_1_258' title='bbox 2551 2034 2750 2090; x_wconf 86' lang='lat' dir='ltr'><strong>domini</strong></span> <span class='ocrx_word' id='word_1_259' title='bbox 2783 2035 2951 2090; x_wconf 85' lang='lat' dir='ltr'><strong>nostri</strong></span> <span class='ocrx_word' id='word_1_260' title='bbox 2990 2034 3308 2092; x_wconf 89' lang='lat' dir='ltr'><strong>Theodorici</strong></span> <span class='ocrx_word' id='word_1_261' title='bbox 3341 2038 3503 2108; x_wconf 75' lang='lat' dir='ltr'><strong>regis,</strong></span> <span class='ocrx_word' id='word_1_262' title='bbox 3539 2039 3840 2102; x_wconf 67' lang='grc' dir='ltr'><strong>Ῐηάὶοίίοιιο</strong></span> 
     </span>
    </p>
   </div>
   <div class='ocr_carea' id='block_1_36' title="bbox 590 2123 3846 2198">
    <p class='ocr_par' dir='ltr' id='par_1_36' title="bbox 590 2123 3846 2198">
     <span class='ocr_line' id='line_1_36' title="bbox 590 2123 3846 2198; baseline 0 -16"><span class='ocrx_word' id='word_1_263' title='bbox 590 2129 953 2183; x_wconf 89' lang='lat' dir='ltr'><strong>ncdictioncm</strong></span> <span class='ocrx_word' id='word_1_264' title='bbox 984 2143 1012 2181; x_wconf 89' lang='lat' dir='ltr'><strong>a</strong></span> <span class='ocrx_word' id='word_1_265' title='bbox 1037 2129 1189 2182; x_wconf 87' lang='lat' dir='ltr'><strong>vobis</strong></span> <span class='ocrx_word' id='word_1_266' title='bbox 1215 2129 1357 2182; x_wconf 88' lang='lat' dir='ltr'><strong>etab</strong></span> <span class='ocrx_word' id='word_1_267' title='bbox 1386 2129 1647 2182; x_wconf 87' lang='lat' dir='ltr'><strong>omnibus</strong></span> <span class='ocrx_word' id='word_1_268' title='bbox 1677 2128 1830 2183; x_wconf 91' lang='lat' dir='ltr'><strong>nobis</strong></span> <span class='ocrx_word' id='word_1_269' title='bbox 1853 2128 1905 2182; x_wconf 92' lang='lat' dir='ltr'><strong>in</strong></span> <span class='ocrx_word' id='word_1_270' title='bbox 1931 2129 2166 2197; x_wconf 83' lang='lat' dir='ltr'><strong>presenti</strong></span> <span class='ocrx_word' id='word_1_271' title='bbox 2265 2124 2301 2176; x_wconf 70' lang='grc'><strong>2</strong></span> <span class='ocrx_word' id='word_1_272' title='bbox 2326 2123 2436 2193; x_wconf 81' lang='lat' dir='ltr'><strong>(an.</strong></span> <span class='ocrx_word' id='word_1_273' title='bbox 2465 2123 2749 2196; x_wconf 77' lang='lat' dir='ltr'><strong>685).-Ego</strong></span> <span class='ocrx_word' id='word_1_274' title='bbox 2804 2127 3140 2182; x_wconf 79' lang='lat' dir='ltr'><strong>Vinditianus</strong></span> <span class='ocrx_word' id='word_1_275' title='bbox 3167 2128 3449 2198; x_wconf 86' lang='lat' dir='ltr'><strong>episcopus</strong></span> <span class='ocrx_word' id='word_1_276' title='bbox 3472 2129 3626 2198; x_wconf 89' lang='lat' dir='ltr'><strong>jussu</strong></span> <span class='ocrx_word' id='word_1_277' title='bbox 3654 2132 3846 2186; x_wconf 86' lang='lat' dir='ltr'><strong>domni</strong></span> 
     </span>
    </p>
   </div>
   <div class='ocr_carea' id='block_1_37' title="bbox 586 2213 3884 2295">
    <p class='ocr_par' dir='ltr' id='par_1_37' title="bbox 586 2213 3884 2295">
     <span class='ocr_line' id='line_1_37' title="bbox 586 2213 3884 2295; baseline 0.003 -28"><span class='ocrx_word' id='word_1_278' title='bbox 586 2218 719 2282; x_wconf 78' lang='lat' dir='ltr'><strong>vita,</strong></span> <span class='ocrx_word' id='word_1_279' title='bbox 741 2225 795 2270; x_wconf 93' lang='lat' dir='ltr'><strong>et</strong></span> <span class='ocrx_word' id='word_1_280' title='bbox 821 2217 873 2270; x_wconf 93' lang='lat' dir='ltr'><strong>in</strong></span> <span class='ocrx_word' id='word_1_281' title='bbox 920 2216 1102 2270; x_wconf 85' lang='lat' dir='ltr'><strong>futura</strong></span> <span class='ocrx_word' id='word_1_282' title='bbox 1156 2217 1322 2270; x_wconf 89' lang='lat' dir='ltr'><strong>vitam</strong></span> <span class='ocrx_word' id='word_1_283' title='bbox 1354 2226 1634 2281; x_wconf 74' lang='lat' dir='ltr'><strong>mternam,</strong></span> <span class='ocrx_word' id='word_1_284' title='bbox 1685 2231 1864 2271; x_wconf 89' lang='lat' dir='ltr'><strong>amen.</strong></span> <span class='ocrx_word' id='word_1_285' title='bbox 1911 2215 2010 2284; x_wconf 84' lang='lat' dir='ltr'><strong>Qui</strong></span> <span class='ocrx_word' id='word_1_286' title='bbox 2038 2231 2168 2272; x_wconf 86' lang='lat' dir='ltr'><strong>vero</strong></span> <span class='ocrx_word' id='word_1_287' title='bbox 2265 2213 2579 2270; x_wconf 84' lang='lat' dir='ltr'><strong>Theoderici</strong></span> <span class='ocrx_word' id='word_1_288' title='bbox 2612 2215 2754 2285; x_wconf 77' lang='lat' dir='ltr'><strong>regis</strong></span> <span class='ocrx_word' id='word_1_289' title='bbox 2783 2224 2840 2270; x_wconf 89' lang='lat' dir='ltr'><strong>et</strong></span> <span class='ocrx_word' id='word_1_290' title='bbox 2863 2225 3050 2287; x_wconf 81' lang='lat' dir='ltr'><strong>rogatu</strong></span> <span class='ocrx_word' id='word_1_291' title='bbox 3100 2217 3366 2275; x_wconf 79' lang='lat' dir='ltr'><strong>Johannis</strong></span> <span class='ocrx_word' id='word_1_292' title='bbox 3387 2221 3582 2276; x_wconf 90' lang='lat' dir='ltr'><strong>summi</strong></span> <span class='ocrx_word' id='word_1_293' title='bbox 3613 2222 3842 2291; x_wconf 83' lang='lat' dir='ltr'><strong>pontifi-</strong></span> <span class='ocrx_word' id='word_1_294' title='bbox 3879 2289 3884 2295; x_wconf 95' lang='lat'><em>_</em></span> 
     </span>
    </p>
   </div>
   <div class='ocr_carea' id='block_1_38' title="bbox 587 2307 2166 2378">
    <p class='ocr_par' dir='ltr' id='par_1_38' title="bbox 587 2307 2166 2378">
     <span class='ocr_line' id='line_1_38' title="bbox 587 2307 2166 2378; baseline -0.001 -14"><span class='ocrx_word' id='word_1_295' title='bbox 587 2307 1579 2378; x_wconf 74' lang='lat' dir='ltr'><strong>nostrzeauctoritatiparvipenderint,</strong></span> <span class='ocrx_word' id='word_1_296' title='bbox 1605 2316 1660 2361; x_wconf 90' lang='lat' dir='ltr'><strong>et</strong></span> <span class='ocrx_word' id='word_1_297' title='bbox 1700 2308 1841 2364; x_wconf 84' lang='lat' dir='ltr'><strong>hanc</strong></span> <span class='ocrx_word' id='word_1_298' title='bbox 1884 2307 2166 2377; x_wconf 81' lang='lat' dir='ltr'><strong>pontiﬁca-</strong></span> 
     </span>
    </p>
   </div>
   <div class='ocr_carea' id='block_1_39' title="bbox 587 2397 2166 2469">
    <p class='ocr_par' dir='ltr' id='par_1_39' title="bbox 587 2397 2166 2469">
     <span class='ocr_line' id='line_1_39' title="bbox 587 2397 2166 2469; baseline 0.003 -19"><span class='ocrx_word' id='word_1_299' title='bbox 587 2416 691 2456; x_wconf 87' lang='lat' dir='ltr'><strong>.em</strong></span> <span class='ocrx_word' id='word_1_300' title='bbox 715 2397 1088 2455; x_wconf 84' lang='lat' dir='ltr'><strong>auctoritatem</strong></span> <span class='ocrx_word' id='word_1_301' title='bbox 1121 2413 1278 2452; x_wconf 86' lang='lat' dir='ltr'><strong>mann</strong></span> <span class='ocrx_word' id='word_1_302' title='bbox 1303 2408 1482 2452; x_wconf 89' lang='lat' dir='ltr'><strong>nostra</strong></span> <span class='ocrx_word' id='word_1_303' title='bbox 1504 2399 1821 2467; x_wconf 58' lang='lat' dir='ltr'><strong>roboratam</strong></span> <span class='ocrx_word' id='word_1_304' title='bbox 1871 2398 2166 2469; x_wconf 82' lang='lat' dir='ltr'><strong>infringere</strong></span> 
     </span>
    </p>
   </div>
   <div class='ocr_carea' id='block_1_40' title="bbox 585 2490 2163 2561">
    <p class='ocr_par' dir='ltr' id='par_1_40' title="bbox 585 2490 2163 2561">
     <span class='ocr_line' id='line_1_40' title="bbox 585 2490 2163 2561; baseline 0.001 -16"><span class='ocrx_word' id='word_1_305' title='bbox 585 2493 875 2555; x_wconf 84' lang='lat' dir='ltr'><strong>voluerint,</strong></span> <span class='ocrx_word' id='word_1_306' title='bbox 899 2491 1022 2546; x_wconf 89' lang='lat' dir='ltr'><strong>inde</strong></span> <span class='ocrx_word' id='word_1_307' title='bbox 1045 2490 1329 2561; x_wconf 84' lang='lat' dir='ltr'><strong>dirigimus</strong></span> <span class='ocrx_word' id='word_1_308' title='bbox 1361 2491 1428 2545; x_wconf 89' lang='lat' dir='ltr'><strong>ad</strong></span> <span class='ocrx_word' id='word_1_309' title='bbox 1454 2501 1690 2546; x_wconf 81' lang='lat' dir='ltr'><strong>vestram</strong></span> <span class='ocrx_word' id='word_1_310' title='bbox 1715 2491 2071 2554; x_wconf 87' lang='lat' dir='ltr'><strong>clementiam,</strong></span> <span class='ocrx_word' id='word_1_311' title='bbox 2105 2501 2163 2546; x_wconf 89' lang='lat' dir='ltr'><strong>ut</strong></span> 
     </span>
    </p>
   </div>
   <div class='ocr_carea' id='block_1_41' title="bbox 583 2581 2162 2652">
    <p class='ocr_par' dir='ltr' id='par_1_41' title="bbox 583 2581 2162 2652">
     <span class='ocr_line' id='line_1_41' title="bbox 583 2581 2162 2652; baseline -0.001 -16"><span class='ocrx_word' id='word_1_312' title='bbox 583 2583 728 2652; x_wconf 75' lang='lat' dir='ltr'><strong>quod</strong></span> <span class='ocrx_word' id='word_1_313' title='bbox 759 2597 789 2636; x_wconf 90' lang='lat' dir='ltr'><strong>a</strong></span> <span class='ocrx_word' id='word_1_314' title='bbox 820 2582 976 2636; x_wconf 89' lang='lat' dir='ltr'><strong>nobis</strong></span> <span class='ocrx_word' id='word_1_315' title='bbox 993 2583 1304 2636; x_wconf 87' lang='lat' dir='ltr'><strong>roboratum</strong></span> <span class='ocrx_word' id='word_1_316' title='bbox 1331 2589 1434 2644; x_wconf 91' lang='lat' dir='ltr'><strong>est,</strong></span> <span class='ocrx_word' id='word_1_317' title='bbox 1459 2581 1651 2635; x_wconf 89' lang='lat' dir='ltr'><strong>stabile</strong></span> <span class='ocrx_word' id='word_1_318' title='bbox 1683 2582 2014 2651; x_wconf 86' lang='lat' dir='ltr'><strong>permittatis</strong></span> <span class='ocrx_word' id='word_1_319' title='bbox 2052 2597 2162 2636; x_wconf 89' lang='lat' dir='ltr'><strong>non</strong></span> 
     </span>
    </p>
   </div>
   <div class='ocr_carea' id='block_1_42' title="bbox 585 2669 2162 2740">
    <p class='ocr_par' dir='ltr' id='par_1_42' title="bbox 585 2669 2162 2740">
     <span class='ocr_line' id='line_1_42' title="bbox 585 2669 2162 2740; baseline -0.002 -15"><span class='ocrx_word' id='word_1_320' title='bbox 585 2673 760 2726; x_wconf 85' lang='lat' dir='ltr'><strong>solum</strong></span> <span class='ocrx_word' id='word_1_321' title='bbox 789 2686 820 2725; x_wconf 89' lang='lat' dir='ltr'><strong>a</strong></span> <span class='ocrx_word' id='word_1_322' title='bbox 844 2671 1016 2736; x_wconf 83' lang='lat' dir='ltr'><strong>vobis,</strong></span> <span class='ocrx_word' id='word_1_323' title='bbox 1042 2670 1134 2726; x_wconf 90' lang='lat' dir='ltr'><strong>sed</strong></span> <span class='ocrx_word' id='word_1_324' title='bbox 1172 2670 1239 2724; x_wconf 88' lang='lat' dir='ltr'><strong>ab</strong></span> <span class='ocrx_word' id='word_1_325' title='bbox 1267 2669 1518 2724; x_wconf 91' lang='lat' dir='ltr'><strong>omnibus</strong></span> <span class='ocrx_word' id='word_1_326' title='bbox 1547 2670 1749 2724; x_wconf 85' lang='lat' dir='ltr'><strong>nostris</strong></span> <span class='ocrx_word' id='word_1_327' title='bbox 1773 2670 2042 2740; x_wconf 88' lang='lat' dir='ltr'><strong>episcopis</strong></span> <span class='ocrx_word' id='word_1_328' title='bbox 2067 2670 2162 2739; x_wconf 88' lang='lat' dir='ltr'><strong>qui</strong></span> 
     </span>
    </p>
   </div>
   <div class='ocr_carea' id='block_1_43' title="bbox 584 2759 2158 2834">
    <p class='ocr_par' dir='ltr' id='par_1_43' title="bbox 584 2759 2158 2834">
     <span class='ocr_line' id='line_1_43' title="bbox 584 2759 2158 2834; baseline -0.001 -18"><span class='ocrx_word' id='word_1_329' title='bbox 584 2770 870 2832; x_wconf 83' lang='lat' dir='ltr'><strong>sunterga</strong></span> <span class='ocrx_word' id='word_1_330' title='bbox 898 2775 1012 2815; x_wconf 87' lang='lat' dir='ltr'><strong>vos.</strong></span> <span class='ocrx_word' id='word_1_331' title='bbox 1044 2760 1186 2814; x_wconf 90' lang='lat' dir='ltr'><strong>Deus</strong></span> <span class='ocrx_word' id='word_1_332' title='bbox 1214 2759 1574 2829; x_wconf 86' lang='lat' dir='ltr'><strong>omnipotens,</strong></span> <span class='ocrx_word' id='word_1_333' title='bbox 1620 2761 1712 2834; x_wconf 85' lang='lat' dir='ltr'><strong>qui</strong></span> <span class='ocrx_word' id='word_1_334' title='bbox 1757 2760 2011 2816; x_wconf 82' lang='lat' dir='ltr'><strong>cathedra</strong></span> <span class='ocrx_word' id='word_1_335' title='bbox 2036 2761 2158 2814; x_wconf 82' lang='lat' dir='ltr'><strong>uni-</strong></span> 
     </span>
    </p>
   </div>
   <div class='ocr_carea' id='block_1_44' title="bbox 583 2847 2155 2918">
    <p class='ocr_par' dir='ltr' id='par_1_44' title="bbox 583 2847 2155 2918">
     <span class='ocr_line' id='line_1_44' title="bbox 583 2847 2155 2918; baseline 0 -16"><span class='ocrx_word' id='word_1_336' title='bbox 583 2850 712 2903; x_wconf 84' lang='lat' dir='ltr'><strong>tatis</strong></span> <span class='ocrx_word' id='word_1_337' title='bbox 737 2850 1036 2905; x_wconf 85' lang='lat' dir='ltr'><strong>doctrinam</strong></span> <span class='ocrx_word' id='word_1_338' title='bbox 1067 2850 1243 2918; x_wconf 89' lang='lat' dir='ltr'><strong>posuit</strong></span> <span class='ocrx_word' id='word_1_339' title='bbox 1271 2849 1539 2913; x_wconf 88' lang='lat' dir='ltr'><strong>veritatis,</strong></span> <span class='ocrx_word' id='word_1_340' title='bbox 1562 2847 1832 2904; x_wconf 84' lang='lat' dir='ltr'><strong>faeiatvos</strong></span> <span class='ocrx_word' id='word_1_341' title='bbox 1863 2863 2155 2903; x_wconf 83' lang='lat' dir='ltr'><strong>memorent</strong></span> 
     </span>
    </p>
   </div>
   <div class='ocr_carea' id='block_1_45' title="bbox 586 2939 2157 3010">
    <p class='ocr_par' dir='ltr' id='par_1_45' title="bbox 586 2939 2157 3010">
     <span class='ocr_line' id='line_1_45' title="bbox 586 2939 2157 3010; baseline 0.001 -19"><span class='ocrx_word' id='word_1_342' title='bbox 586 2939 1090 3010; x_wconf 80' lang='lat' dir='ltr'><strong>intellectoremque</strong></span> <span class='ocrx_word' id='word_1_343' title='bbox 1117 2939 1219 3004; x_wconf 90' lang='lat' dir='ltr'><strong>sui,</strong></span> <span class='ocrx_word' id='word_1_344' title='bbox 1253 2939 1570 3009; x_wconf 88' lang='lat' dir='ltr'><strong>placeatque</strong></span> <span class='ocrx_word' id='word_1_345' title='bbox 1615 2939 1768 2994; x_wconf 85' lang='lat' dir='ltr'><strong>vobis</strong></span> <span class='ocrx_word' id='word_1_346' title='bbox 1794 2948 2012 3009; x_wconf 84' lang='lat' dir='ltr'><strong>propter</strong></span> <span class='ocrx_word' id='word_1_347' title='bbox 2034 2954 2157 2993; x_wconf 87' lang='lat' dir='ltr'><strong>eum</strong></span> 
     </span>
    </p>
   </div>
   <div class='ocr_carea' id='block_1_46' title="bbox 587 3029 2159 3088">
    <p class='ocr_par' dir='ltr' id='par_1_46' title="bbox 587 3029 2159 3088">
     <span class='ocr_line' id='line_1_46' title="bbox 587 3029 2159 3088; baseline 0 -3"><span class='ocrx_word' id='word_1_348' title='bbox 587 3033 640 3085; x_wconf 83' lang='lat' dir='ltr'><strong>in</strong></span> <span class='ocrx_word' id='word_1_349' title='bbox 675 3032 1014 3088; x_wconf 83' lang='lat' dir='ltr'><strong>orationibus</strong></span> <span class='ocrx_word' id='word_1_350' title='bbox 1033 3029 1230 3085; x_wconf 88' lang='lat' dir='ltr'><strong>vestris</strong></span> <span class='ocrx_word' id='word_1_351' title='bbox 1259 3031 1568 3087; x_wconf 89' lang='lat' dir='ltr'><strong>meminisse</strong></span> <span class='ocrx_word' id='word_1_352' title='bbox 1595 3031 1758 3086; x_wconf 87' lang='lat' dir='ltr'><strong>etiam</strong></span> <span class='ocrx_word' id='word_1_353' title='bbox 1801 3030 1927 3084; x_wconf 90' lang='lat' dir='ltr'><strong>mei.</strong></span> <span class='ocrx_word' id='word_1_354' title='bbox 1966 3049 1984 3081; x_wconf 71' lang='grc' dir='ltr'><strong>ο</strong></span> <span class='ocrx_word' id='word_1_355' title='bbox 2016 3030 2159 3085; x_wconf 76' lang='grc' dir='ltr'><strong>-Αι</strong></span> 
     </span>
    </p>
   </div>
   <div class='ocr_carea' id='block_1_47' title="bbox 2263 2303 3039 2376">
    <p class='ocr_par' dir='ltr' id='par_1_47' title="bbox 2263 2303 3039 2376">
     <span class='ocr_line' id='line_1_47' title="bbox 2263 2303 3039 2376; baseline 0.003 -18"><span class='ocrx_word' id='word_1_356' title='bbox 2263 2303 2342 2358; x_wconf 89' lang='lat' dir='ltr'><strong>cis</strong></span> <span class='ocrx_word' id='word_1_357' title='bbox 2370 2303 2560 2372; x_wconf 87' lang='lat' dir='ltr'><strong>scripsi</strong></span> <span class='ocrx_word' id='word_1_358' title='bbox 2589 2313 2643 2358; x_wconf 87' lang='lat' dir='ltr'><strong>et</strong></span> <span class='ocrx_word' id='word_1_359' title='bbox 2670 2306 2984 2376; x_wconf 87' lang='lat' dir='ltr'><strong>subscripsi.</strong></span> <span class='ocrx_word' id='word_1_360' title='bbox 3018 2325 3039 2359; x_wconf 74' lang='grc' dir='ltr'><strong>ι</strong></span> 
     </span>
    </p>
   </div>
   <div class='ocr_carea' id='block_1_48' title="bbox 2330 2392 3847 2465">
    <p class='ocr_par' dir='ltr' id='par_1_48' title="bbox 2330 2392 3847 2465">
     <span class='ocr_line' id='line_1_48' title="bbox 2330 2392 3847 2465; baseline 0.006 -20"><span class='ocrx_word' id='word_1_361' title='bbox 2330 2392 2420 2445; x_wconf 70' lang='lat'><strong>27.</strong></span> <span class='ocrx_word' id='word_1_362' title='bbox 2449 2392 2587 2463; x_wconf 67' lang='lat'><strong>(26.)</strong></span> <span class='ocrx_word' id='word_1_363' title='bbox 2633 2393 2787 2460; x_wconf 82' lang='lat' dir='ltr'><strong>Quod</strong></span> <span class='ocrx_word' id='word_1_364' title='bbox 2840 2396 2916 2449; x_wconf 86' lang='lat' dir='ltr'><strong>rir</strong></span> <span class='ocrx_word' id='word_1_365' title='bbox 2957 2395 3168 2451; x_wconf 77' lang='lat' dir='ltr'><strong>Domini</strong></span> <span class='ocrx_word' id='word_1_366' title='bbox 3218 2397 3573 2465; x_wconf 82' lang='lat' dir='ltr'><strong>Viuditiamts,</strong></span> <span class='ocrx_word' id='word_1_367' title='bbox 3602 2400 3847 2454; x_wconf 73' lang='lat' dir='ltr'><strong>adhibito</strong></span> 
     </span>
    </p>
   </div>
   <div class='ocr_carea' id='block_1_49' title="bbox 2262 2480 3841 2552">
    <p class='ocr_par' dir='ltr' id='par_1_49' title="bbox 2262 2480 3841 2552">
     <span class='ocr_line' id='line_1_49' title="bbox 2262 2480 3841 2552; baseline 0.003 -15"><span class='ocrx_word' id='word_1_368' title='bbox 2262 2501 2436 2537; x_wconf 77' lang='lat' dir='ltr'><strong>secum</strong></span> <span class='ocrx_word' id='word_1_369' title='bbox 2462 2483 2522 2539; x_wconf 89' lang='lat' dir='ltr'><strong>S.</strong></span> <span class='ocrx_word' id='word_1_370' title='bbox 2564 2483 2870 2552; x_wconf 83' lang='lat' dir='ltr'><strong>Lantberlo,</strong></span> <span class='ocrx_word' id='word_1_371' title='bbox 2909 2487 2963 2540; x_wconf 84' lang='lat' dir='ltr'><strong>in</strong></span> <span class='ocrx_word' id='word_1_372' title='bbox 3011 2480 3135 2541; x_wconf 78' lang='lat' dir='ltr'><strong>villa</strong></span> <span class='ocrx_word' id='word_1_373' title='bbox 3184 2489 3508 2544; x_wconf 82' lang='lat' dir='ltr'><strong>Hunoleortlt</strong></span> <span class='ocrx_word' id='word_1_374' title='bbox 3546 2490 3841 2544; x_wconf 71' lang='lat' dir='ltr'><strong>(ecclesiam</strong></span> 
     </span>
    </p>
   </div>
   <div class='ocr_carea' id='block_1_50' title="bbox 2259 2575 3842 2646">
    <p class='ocr_par' dir='ltr' id='par_1_50' title="bbox 2259 2575 3842 2646">
     <span class='ocr_line' id='line_1_50' title="bbox 2259 2575 3842 2646; baseline 0.006 -20"><span class='ocrx_word' id='word_1_375' title='bbox 2259 2576 2598 2643; x_wconf 70' lang='lat' dir='ltr'><strong>consecravit.</strong></span> <span class='ocrx_word' id='word_1_376' title='bbox 2633 2575 2880 2630; x_wconf 85' lang='lat' dir='ltr'><strong>Preterea</strong></span> <span class='ocrx_word' id='word_1_377' title='bbox 2931 2592 3060 2632; x_wconf 78' lang='lat' dir='ltr'><strong>vero</strong></span> <span class='ocrx_word' id='word_1_378' title='bbox 3105 2578 3246 2632; x_wconf 87' lang='lat' dir='ltr'><strong>idem</strong></span> <span class='ocrx_word' id='word_1_379' title='bbox 3301 2579 3542 2646; x_wconf 83' lang='lat' dir='ltr'><strong>prefatus</strong></span> <span class='ocrx_word' id='word_1_380' title='bbox 3591 2579 3842 2645; x_wconf 76' lang='lat' dir='ltr'><strong>pontifex</strong></span> 
     </span>
    </p>
   </div>
   <div class='ocr_carea' id='block_1_51' title="bbox 2260 2661 3844 2732">
    <p class='ocr_par' dir='ltr' id='par_1_51' title="bbox 2260 2661 3844 2732">
     <span class='ocr_line' id='line_1_51' title="bbox 2260 2661 3844 2732; baseline 0.006 -17"><span class='ocrx_word' id='word_1_381' title='bbox 2260 2661 2598 2717; x_wconf 77' lang='lat' dir='ltr'><strong>Vinditianus</strong></span> <span class='ocrx_word' id='word_1_382' title='bbox 2626 2665 2678 2716; x_wconf 92' lang='lat' dir='ltr'><strong>in</strong></span> <span class='ocrx_word' id='word_1_383' title='bbox 2717 2664 2838 2719; x_wconf 90' lang='lat' dir='ltr'><strong>vico</strong></span> <span class='ocrx_word' id='word_1_384' title='bbox 2859 2665 2973 2732; x_wconf 91' lang='lat' dir='ltr'><strong>qui,</strong></span> <span class='ocrx_word' id='word_1_385' title='bbox 3026 2677 3056 2718; x_wconf 91' lang='lat' dir='ltr'><strong>a</strong></span> <span class='ocrx_word' id='word_1_386' title='bbox 3105 2667 3232 2721; x_wconf 90' lang='lat' dir='ltr'><strong>sede</strong></span> <span class='ocrx_word' id='word_1_387' title='bbox 3275 2666 3668 2722; x_wconf 75' lang='lat' dir='ltr'><strong>Camer-accuse</strong></span> <span class='ocrx_word' id='word_1_388' title='bbox 3717 2668 3844 2724; x_wconf 69' lang='lat' dir='ltr'><strong>fere</strong></span> 
     </span>
    </p>
   </div>
   <div class='ocr_carea' id='block_1_52' title="bbox 2257 2749 3839 2826">
    <p class='ocr_par' dir='ltr' id='par_1_52' title="bbox 2257 2749 3839 2826">
     <span class='ocr_line' id='line_1_52' title="bbox 2257 2749 3839 2826; baseline 0.004 -22"><span class='ocrx_word' id='word_1_389' title='bbox 2257 2760 2462 2819; x_wconf 79' lang='lat' dir='ltr'><strong>septem</strong></span> <span class='ocrx_word' id='word_1_390' title='bbox 2499 2749 2717 2805; x_wconf 84' lang='lat' dir='ltr'><strong>milibus</strong></span> <span class='ocrx_word' id='word_1_391' title='bbox 2742 2751 2972 2810; x_wconf 83' lang='lat' dir='ltr'><strong>distans.</strong></span> <span class='ocrx_word' id='word_1_392' title='bbox 3020 2753 3336 2808; x_wconf 89' lang='lat' dir='ltr'><strong>vocabulum</strong></span> <span class='ocrx_word' id='word_1_393' title='bbox 3365 2753 3839 2826; x_wconf 76' lang='lat' dir='ltr'><strong>HunolcnrtUOO)</strong></span> 
     </span>
    </p>
   </div>
   <div class='ocr_carea' id='block_1_53' title="bbox 2258 2841 3840 2913">
    <p class='ocr_par' dir='ltr' id='par_1_53' title="bbox 2258 2841 3840 2913">
     <span class='ocr_line' id='line_1_53' title="bbox 2258 2841 3840 2913; baseline 0.005 -17"><span class='ocrx_word' id='word_1_394' title='bbox 2258 2841 2326 2896; x_wconf 89' lang='lat' dir='ltr'><strong>ab</strong></span> <span class='ocrx_word' id='word_1_395' title='bbox 2358 2841 2596 2911; x_wconf 83' lang='lat' dir='ltr'><strong>antiquis</strong></span> <span class='ocrx_word' id='word_1_396' title='bbox 2622 2844 2852 2913; x_wconf 90' lang='lat' dir='ltr'><strong>accepit,</strong></span> <span class='ocrx_word' id='word_1_397' title='bbox 2881 2847 3296 2912; x_wconf 88' lang='lat' dir='ltr'><strong>monasterium,</strong></span> <span class='ocrx_word' id='word_1_398' title='bbox 3337 2848 3613 2904; x_wconf 87' lang='lat' dir='ltr'><strong>accersitis</strong></span> <span class='ocrx_word' id='word_1_399' title='bbox 3645 2863 3840 2904; x_wconf 83' lang='lat' dir='ltr'><strong>secum</strong></span> 
     </span>
    </p>
   </div>
   <div class='ocr_carea' id='block_1_54' title="bbox 2255 2924 3846 3006">
    <p class='ocr_par' dir='ltr' id='par_1_54' title="bbox 2255 2924 3846 3006">
     <span class='ocr_line' id='line_1_54' title="bbox 2255 2924 3846 3006; baseline 0.006 -20"><span class='ocrx_word' id='word_1_400' title='bbox 2255 2924 2360 2987; x_wconf 85' lang='lat' dir='ltr'><strong>non</strong></span> <span class='ocrx_word' id='word_1_401' title='bbox 2390 2931 2576 3002; x_wconf 88' lang='lat' dir='ltr'><strong>paucis</strong></span> <span class='ocrx_word' id='word_1_402' title='bbox 2597 2932 2932 3004; x_wconf 86' lang='lat' dir='ltr'><strong>coepiscopis</strong></span> <span class='ocrx_word' id='word_1_403' title='bbox 2943 2950 3155 3006; x_wconf 89' lang='lat' dir='ltr'><strong>unaque</strong></span> <span class='ocrx_word' id='word_1_404' title='bbox 3174 2937 3336 2991; x_wconf 89' lang='lat' dir='ltr'><strong>etiam</strong></span> <span class='ocrx_word' id='word_1_405' title='bbox 3354 2940 3511 2992; x_wconf 90' lang='lat' dir='ltr'><strong>beato</strong></span> <span class='ocrx_word' id='word_1_406' title='bbox 3534 2937 3846 2995; x_wconf 70' lang='lat' dir='ltr'><strong>Lantbertrs</strong></span> 
     </span>
    </p>
   </div>
   <div class='ocr_carea' id='block_1_55' title="bbox 2254 3023 3844 3096">
    <p class='ocr_par' dir='ltr' id='par_1_55' title="bbox 2254 3023 3844 3096">
     <span class='ocr_line' id='line_1_55' title="bbox 2254 3023 3844 3096; baseline 0.003 -16"><span class='ocrx_word' id='word_1_407' title='bbox 2254 3023 2592 3080; x_wconf 88' lang='lat' dir='ltr'><strong>Leodecense</strong></span> <span class='ocrx_word' id='word_1_408' title='bbox 2619 3029 2842 3082; x_wconf 88' lang='lat' dir='ltr'><strong>martire</strong></span> <span class='ocrx_word' id='word_1_409' title='bbox 2869 3027 3293 3096; x_wconf 85' lang='lat' dir='ltr'><strong>preciosissimo,</strong></span> <span class='ocrx_word' id='word_1_410' title='bbox 3317 3029 3383 3084; x_wconf 83' lang='lat' dir='ltr'><strong>ad</strong></span> <span class='ocrx_word' id='word_1_411' title='bbox 3411 3028 3620 3084; x_wconf 85' lang='lat' dir='ltr'><strong>laudent</strong></span> <span class='ocrx_word' id='word_1_412' title='bbox 3647 3031 3738 3084; x_wconf 91' lang='lat' dir='ltr'><strong>Dei</strong></span> <span class='ocrx_word' id='word_1_413' title='bbox 3771 3043 3844 3085; x_wconf 76' lang='lat' dir='ltr'><strong>eL</strong></span> 
     </span>
    </p>
   </div>
   <div class='ocr_carea' id='block_1_56' title="bbox 594 3113 3836 3191">
    <p class='ocr_par' dir='ltr' id='par_1_56' title="bbox 594 3113 3836 3191">
     <span class='ocr_line' id='line_1_56' title="bbox 594 3113 3836 3191; baseline -0.002 -15"><span class='ocrx_word' id='word_1_414' title='bbox 594 3123 685 3176; x_wconf 83' lang='lat' dir='ltr'><strong>ille</strong></span> <span class='ocrx_word' id='word_1_415' title='bbox 724 3136 739 3176; x_wconf 89' lang='lat'><strong>:</strong></span> <span class='ocrx_word' id='word_1_416' title='bbox 768 3139 788 3174; x_wconf 78' lang='grc' dir='ltr'><strong>ι</strong></span> <span class='ocrx_word' id='word_1_417' title='bbox 831 3121 1144 3177; x_wconf 81' lang='lat' dir='ltr'><strong>Vindieiano</strong></span> <span class='ocrx_word' id='word_1_418' title='bbox 1168 3135 1290 3175; x_wconf 90' lang='lat' dir='ltr'><strong>cum</strong></span> <span class='ocrx_word' id='word_1_419' title='bbox 1317 3121 1647 3191; x_wconf 89' lang='lat' dir='ltr'><strong>coepiscopis</strong></span> <span class='ocrx_word' id='word_1_420' title='bbox 1685 3121 1998 3190; x_wconf 79' lang='lat' dir='ltr'><strong>degentibus</strong></span> <span class='ocrx_word' id='word_1_421' title='bbox 2031 3120 2154 3175; x_wconf 84' lang='lat' dir='ltr'><strong>Gal-</strong></span> <span class='ocrx_word' id='word_1_422' title='bbox 2253 3113 2656 3171; x_wconf 80' lang='lat' dir='ltr'><strong>venerationem</strong></span> <span class='ocrx_word' id='word_1_423' title='bbox 2691 3117 2860 3170; x_wconf 87' lang='lat' dir='ltr'><strong>sancti</strong></span> <span class='ocrx_word' id='word_1_424' title='bbox 2901 3115 3040 3171; x_wconf 88' lang='lat' dir='ltr'><strong>Petri</strong></span> <span class='ocrx_word' id='word_1_425' title='bbox 3085 3117 3442 3181; x_wconf 88' lang='lat' dir='ltr'><strong>consecravit,</strong></span> <span class='ocrx_word' id='word_1_426' title='bbox 3475 3117 3652 3187; x_wconf 86' lang='lat' dir='ltr'><strong>ibique</strong></span> <span class='ocrx_word' id='word_1_427' title='bbox 3669 3118 3836 3172; x_wconf 78' lang='lat' dir='ltr'><strong>cleri-</strong></span> 
     </span>
    </p>
   </div>
   <div class='ocr_carea' id='block_1_57' title="bbox 580 3193 3841 3280">
    <p class='ocr_par' dir='ltr' id='par_1_57' title="bbox 580 3193 3841 3280">
     <span class='ocr_line' id='line_1_57' title="bbox 580 3193 3841 3280; baseline -0.001 -16"><span class='ocrx_word' id='word_1_428' title='bbox 580 3211 775 3277; x_wconf 78' lang='lat' dir='ltr'><strong>liarum</strong></span> <span class='ocrx_word' id='word_1_429' title='bbox 813 3210 1010 3265; x_wconf 86' lang='lat' dir='ltr'><strong>finibus</strong></span> <span class='ocrx_word' id='word_1_430' title='bbox 1051 3211 1344 3266; x_wconf 82' lang='lat' dir='ltr'><strong>fraternam</strong></span> <span class='ocrx_word' id='word_1_431' title='bbox 1385 3211 1746 3265; x_wconf 85' lang='lat' dir='ltr'><strong>visitationem</strong></span> <span class='ocrx_word' id='word_1_432' title='bbox 1784 3221 1840 3266; x_wconf 90' lang='lat' dir='ltr'><strong>et</strong></span> <span class='ocrx_word' id='word_1_433' title='bbox 1868 3220 2149 3280; x_wconf 83' lang='lat' dir='ltr'><strong>paternam</strong></span> <span class='ocrx_word' id='word_1_434' title='bbox 2180 3193 2224 3256; x_wconf 71' lang='grc' dir='ltr'>Ε</span> <span class='ocrx_word' id='word_1_435' title='bbox 2254 3220 2350 3260; x_wconf 91' lang='lat' dir='ltr'><strong>cos</strong></span> <span class='ocrx_word' id='word_1_436' title='bbox 2385 3212 2440 3259; x_wconf 87' lang='lat' dir='ltr'><strong>et</strong></span> <span class='ocrx_word' id='word_1_437' title='bbox 2494 3204 2933 3260; x_wconf 87' lang='lat' dir='ltr'><strong>sanctimoniales</strong></span> <span class='ocrx_word' id='word_1_438' title='bbox 2987 3206 3284 3262; x_wconf 88' lang='lat' dir='ltr'><strong>constituit.</strong></span> <span class='ocrx_word' id='word_1_439' title='bbox 3344 3205 3533 3261; x_wconf 79' lang='lat' dir='ltr'><strong>Postea</strong></span> <span class='ocrx_word' id='word_1_440' title='bbox 3589 3222 3716 3260; x_wconf 88' lang='lat' dir='ltr'><strong>vero</strong></span> <span class='ocrx_word' id='word_1_441' title='bbox 3746 3209 3841 3261; x_wconf 81' lang='lat' dir='ltr'><strong>vir</strong></span> 
     </span>
    </p>
   </div>
   <div class='ocr_carea' id='block_1_58' title="bbox 579 3303 2146 3372">
    <p class='ocr_par' dir='ltr' id='par_1_58' title="bbox 579 3303 2146 3372">
     <span class='ocr_line' id='line_1_58' title="bbox 579 3303 2146 3372; baseline -0.001 -12"><span class='ocrx_word' id='word_1_442' title='bbox 579 3305 1031 3363; x_wconf 67' lang='lat' dir='ltr'><strong>benedictionem.</strong></span> <span class='ocrx_word' id='word_1_443' title='bbox 1088 3305 1285 3360; x_wconf 85' lang='lat' dir='ltr'><strong>Audite</strong></span> <span class='ocrx_word' id='word_1_444' title='bbox 1331 3304 1651 3360; x_wconf 90' lang='lat' dir='ltr'><strong>sententiam</strong></span> <span class='ocrx_word' id='word_1_445' title='bbox 1703 3319 1862 3372; x_wconf 90' lang='lat' dir='ltr'><strong>quam</strong></span> <span class='ocrx_word' id='word_1_446' title='bbox 1914 3304 2056 3358; x_wconf 89' lang='lat' dir='ltr'><strong>dico.</strong></span> <span class='ocrx_word' id='word_1_447' title='bbox 2090 3303 2146 3358; x_wconf 86' lang='lat' dir='ltr'><strong>Si</strong></span> 
     </span>
    </p>
   </div>
   <div class='ocr_carea' id='block_1_59' title="bbox 580 3396 2147 3466">
    <p class='ocr_par' dir='ltr' id='par_1_59' title="bbox 580 3396 2147 3466">
     <span class='ocr_line' id='line_1_59' title="bbox 580 3396 2147 3466; baseline 0 -16"><span class='ocrx_word' id='word_1_448' title='bbox 580 3398 702 3466; x_wconf 71' lang='lat' dir='ltr'><strong>quis</strong></span> <span class='ocrx_word' id='word_1_449' title='bbox 723 3399 789 3454; x_wconf 89' lang='lat' dir='ltr'><strong>de</strong></span> <span class='ocrx_word' id='word_1_450' title='bbox 813 3397 1216 3455; x_wconf 88' lang='lat' dir='ltr'><strong>successoribus</strong></span> <span class='ocrx_word' id='word_1_451' title='bbox 1243 3398 1460 3462; x_wconf 87' lang='lat' dir='ltr'><strong>vestris,</strong></span> <span class='ocrx_word' id='word_1_452' title='bbox 1491 3396 1573 3450; x_wconf 94' lang='lat' dir='ltr'><strong>vel</strong></span> <span class='ocrx_word' id='word_1_453' title='bbox 1610 3409 1790 3451; x_wconf 90' lang='lat' dir='ltr'><strong>comes</strong></span> <span class='ocrx_word' id='word_1_454' title='bbox 1819 3410 1910 3451; x_wconf 89' lang='lat' dir='ltr'><strong>seu</strong></span> <span class='ocrx_word' id='word_1_455' title='bbox 1936 3396 2147 3465; x_wconf 85' lang='lat' dir='ltr'><strong>cupidi-</strong></span> 
     </span>
    </p>
   </div>
   <div class='ocr_carea' id='block_1_60' title="bbox 583 3488 2148 3559">
    <p class='ocr_par' dir='ltr' id='par_1_60' title="bbox 583 3488 2148 3559">
     <span class='ocr_line' id='line_1_60' title="bbox 583 3488 2148 3559; baseline -0.001 -16"><span class='ocrx_word' id='word_1_456' title='bbox 583 3499 668 3543; x_wconf 81' lang='lat' dir='ltr'><strong>tas</strong></span> <span class='ocrx_word' id='word_1_457' title='bbox 689 3488 932 3559; x_wconf 85' lang='lat' dir='ltr'><strong>judicum</strong></span> <span class='ocrx_word' id='word_1_458' title='bbox 955 3498 1050 3544; x_wconf 90' lang='lat' dir='ltr'><strong>aut</strong></span> <span class='ocrx_word' id='word_1_459' title='bbox 1081 3489 1184 3542; x_wconf 91' lang='lat' dir='ltr'><strong>ulla</strong></span> <span class='ocrx_word' id='word_1_460' title='bbox 1213 3489 1456 3558; x_wconf 88' lang='lat' dir='ltr'><strong>opposita</strong></span> <span class='ocrx_word' id='word_1_461' title='bbox 1499 3502 1752 3558; x_wconf 87' lang='lat' dir='ltr'><strong>persona,</strong></span> <span class='ocrx_word' id='word_1_462' title='bbox 1801 3488 1944 3542; x_wconf 88' lang='lat' dir='ltr'><strong>hanc</strong></span> <span class='ocrx_word' id='word_1_463' title='bbox 1983 3489 2148 3543; x_wconf 84' lang='lat' dir='ltr'><strong>dona-</strong></span> 
     </span>
    </p>
   </div>
   <div class='ocr_carea' id='block_1_61' title="bbox 581 3576 2167 3646">
    <p class='ocr_par' dir='ltr' id='par_1_61' title="bbox 581 3576 2167 3646">
     <span class='ocr_line' id='line_1_61' title="bbox 581 3576 2167 3646; baseline -0.002 -13"><span class='ocrx_word' id='word_1_464' title='bbox 581 3581 784 3634; x_wconf 85' lang='lat' dir='ltr'><strong>tionem</strong></span> <span class='ocrx_word' id='word_1_465' title='bbox 816 3579 900 3635; x_wconf 87' lang='lat' dir='ltr'><strong>vel</strong></span> <span class='ocrx_word' id='word_1_466' title='bbox 928 3578 1416 3639; x_wconf 87' lang='lat' dir='ltr'><strong>confirmationem,</strong></span> <span class='ocrx_word' id='word_1_467' title='bbox 1445 3593 1606 3646; x_wconf 85' lang='lat' dir='ltr'><strong>quam</strong></span> <span class='ocrx_word' id='word_1_468' title='bbox 1637 3593 1733 3646; x_wconf 87' lang='lat' dir='ltr'><strong>pro</strong></span> <span class='ocrx_word' id='word_1_469' title='bbox 1765 3576 1856 3630; x_wconf 89' lang='lat' dir='ltr'><strong>Dei</strong></span> <span class='ocrx_word' id='word_1_470' title='bbox 1886 3577 2080 3632; x_wconf 89' lang='lat' dir='ltr'><strong>intuitu</strong></span> <span class='ocrx_word' id='word_1_471' title='bbox 2095 3587 2167 3632; x_wconf 83' lang='lat' dir='ltr'><strong>et.</strong></span> 
     </span>
    </p>
   </div>
   <div class='ocr_carea' id='block_1_62' title="bbox 581 3659 2150 3727">
    <p class='ocr_par' dir='ltr' id='par_1_62' title="bbox 581 3659 2150 3727">
     <span class='ocr_line' id='line_1_62' title="bbox 581 3659 2150 3727; baseline 0 -6"><span class='ocrx_word' id='word_1_472' title='bbox 581 3683 767 3722; x_wconf 90' lang='lat' dir='ltr'><strong>amore</strong></span> <span class='ocrx_word' id='word_1_473' title='bbox 795 3668 978 3721; x_wconf 88' lang='lat' dir='ltr'><strong>divino</strong></span> <span class='ocrx_word' id='word_1_474' title='bbox 1009 3666 1124 3721; x_wconf 87' lang='lat' dir='ltr'><strong>fieri</strong></span> <span class='ocrx_word' id='word_1_475' title='bbox 1150 3659 1228 3718; x_wconf 76' lang='lat' dir='ltr'><strong>vel</strong></span> <span class='ocrx_word' id='word_1_476' title='bbox 1274 3665 1490 3718; x_wconf 82' lang='lat' dir='ltr'><strong>firmare</strong></span> <span class='ocrx_word' id='word_1_477' title='bbox 1519 3666 1856 3727; x_wconf 85' lang='lat' dir='ltr'><strong>decrevistis,</strong></span> <span class='ocrx_word' id='word_1_478' title='bbox 1907 3667 2150 3722; x_wconf 89' lang='lat' dir='ltr'><strong>minuere</strong></span> 
     </span>
    </p>
   </div>
   <div class='ocr_carea' id='block_1_63' title="bbox 581 3755 2150 3831">
    <p class='ocr_par' dir='ltr' id='par_1_63' title="bbox 581 3755 2150 3831">
     <span class='ocr_line' id='line_1_63' title="bbox 581 3755 2150 3831; baseline -0.001 -19"><span class='ocrx_word' id='word_1_479' title='bbox 581 3767 677 3813; x_wconf 88' lang='lat' dir='ltr'><strong>aut</strong></span> <span class='ocrx_word' id='word_1_480' title='bbox 701 3773 732 3812; x_wconf 88' lang='lat' dir='ltr'><strong>a</strong></span> <span class='ocrx_word' id='word_1_481' title='bbox 760 3759 880 3813; x_wconf 87' lang='lat' dir='ltr'><strong>loco</strong></span> <span class='ocrx_word' id='word_1_482' title='bbox 904 3757 1206 3831; x_wconf 75' lang='lat' dir='ltr'><strong>distrahere</strong></span> <span class='ocrx_word' id='word_1_483' title='bbox 1229 3755 1483 3810; x_wconf 88' lang='lat' dir='ltr'><strong>maluerit</strong></span> <span class='ocrx_word' id='word_1_484' title='bbox 1519 3773 1532 3809; x_wconf 91' lang='lat'>:</span> <span class='ocrx_word' id='word_1_485' title='bbox 1565 3755 1857 3825; x_wconf 89' lang='lat' dir='ltr'><strong>apostolica</strong></span> <span class='ocrx_word' id='word_1_486' title='bbox 1885 3757 2150 3811; x_wconf 83' lang='lat' dir='ltr'><strong>sententia</strong></span> 
     </span>
    </p>
   </div>
   <div class='ocr_carea' id='block_1_64' title="bbox 581 3845 2155 3917">
    <p class='ocr_par' dir='ltr' id='par_1_64' title="bbox 581 3845 2155 3917">
     <span class='ocr_line' id='line_1_64' title="bbox 581 3845 2155 3917; baseline -0.003 -13"><span class='ocrx_word' id='word_1_487' title='bbox 581 3849 920 3914; x_wconf 88' lang='lat' dir='ltr'><strong>damnamus,</strong></span> <span class='ocrx_word' id='word_1_488' title='bbox 952 3859 1009 3902; x_wconf 87' lang='lat' dir='ltr'><strong>et</strong></span> <span class='ocrx_word' id='word_1_489' title='bbox 1032 3863 1128 3917; x_wconf 88' lang='lat' dir='ltr'><strong>per</strong></span> <span class='ocrx_word' id='word_1_490' title='bbox 1154 3845 1511 3916; x_wconf 85' lang='lat' dir='ltr'><strong>pontificalem</strong></span> <span class='ocrx_word' id='word_1_491' title='bbox 1550 3845 1929 3900; x_wconf 77' lang='lat' dir='ltr'><strong>auctoritatem</strong></span> <span class='ocrx_word' id='word_1_492' title='bbox 1953 3861 1980 3900; x_wconf 92' lang='lat' dir='ltr'><strong>a</strong></span> <span class='ocrx_word' id='word_1_493' title='bbox 2013 3846 2155 3901; x_wconf 86' lang='lat' dir='ltr'><strong>limi-</strong></span> 
     </span>
    </p>
   </div>
   <div class='ocr_carea' id='block_1_65' title="bbox 581 3935 2148 4006">
    <p class='ocr_par' dir='ltr' id='par_1_65' title="bbox 581 3935 2148 4006">
     <span class='ocr_line' id='line_1_65' title="bbox 581 3935 2148 4006; baseline -0.001 -15"><span class='ocrx_word' id='word_1_494' title='bbox 581 3937 741 3992; x_wconf 87' lang='lat' dir='ltr'><strong>nibus</strong></span> <span class='ocrx_word' id='word_1_495' title='bbox 761 3945 962 3992; x_wconf 78' lang='lat' dir='ltr'><strong>sancta:</strong></span> <span class='ocrx_word' id='word_1_496' title='bbox 992 3935 1084 3990; x_wconf 91' lang='lat' dir='ltr'><strong>Dei</strong></span> <span class='ocrx_word' id='word_1_497' title='bbox 1107 3936 1362 3991; x_wconf 71' lang='lat' dir='ltr'><strong>:ccclesia:</strong></span> <span class='ocrx_word' id='word_1_498' title='bbox 1385 3945 1809 4006; x_wconf 83' lang='lat' dir='ltr'><strong>sequestramus,</strong></span> <span class='ocrx_word' id='word_1_499' title='bbox 1839 3945 1894 3990; x_wconf 87' lang='lat' dir='ltr'><strong>et</strong></span> <span class='ocrx_word' id='word_1_500' title='bbox 1945 3952 1973 3991; x_wconf 93' lang='lat' dir='ltr'><strong>a</strong></span> <span class='ocrx_word' id='word_1_501' title='bbox 2003 3945 2148 3992; x_wconf 68' lang='lat' dir='ltr'><strong>centu</strong></span> 
     </span>
    </p>
   </div>
   <div class='ocr_carea' id='block_1_66' title="bbox 581 4023 2147 4096">
    <p class='ocr_par' dir='ltr' id='par_1_66' title="bbox 581 4023 2147 4096">
     <span class='ocr_line' id='line_1_66' title="bbox 581 4023 2147 4096; baseline -0.001 -16"><span class='ocrx_word' id='word_1_502' title='bbox 581 4034 934 4096; x_wconf 83' lang='lat' dir='ltr'><strong>supernorum</strong></span> <span class='ocrx_word' id='word_1_503' title='bbox 963 4039 1329 4094; x_wconf 77' lang='lat' dir='ltr'><strong>segregamus,</strong></span> <span class='ocrx_word' id='word_1_504' title='bbox 1359 4034 1455 4079; x_wconf 92' lang='lat' dir='ltr'><strong>eta</strong></span> <span class='ocrx_word' id='word_1_505' title='bbox 1478 4040 1643 4096; x_wconf 75' lang='lat' dir='ltr'><strong>regno</strong></span> <span class='ocrx_word' id='word_1_506' title='bbox 1665 4024 1756 4078; x_wconf 91' lang='lat' dir='ltr'><strong>Dei</strong></span> <span class='ocrx_word' id='word_1_507' title='bbox 1783 4023 2147 4080; x_wconf 79' lang='lat' dir='ltr'><strong>excludimus:</strong></span> 
     </span>
    </p>
   </div>
   <div class='ocr_carea' id='block_1_67' title="bbox 580 4112 2150 4183">
    <p class='ocr_par' dir='ltr' id='par_1_67' title="bbox 580 4112 2150 4183">
     <span class='ocr_line' id='line_1_67' title="bbox 580 4112 2150 4183; baseline 0.003 -17"><span class='ocrx_word' id='word_1_508' title='bbox 580 4115 752 4168; x_wconf 86' lang='lat' dir='ltr'><strong>sancti</strong></span> <span class='ocrx_word' id='word_1_509' title='bbox 777 4113 918 4168; x_wconf 85' lang='lat' dir='ltr'><strong>Petri</strong></span> <span class='ocrx_word' id='word_1_510' title='bbox 955 4112 1153 4170; x_wconf 88' lang='lat' dir='ltr'><strong>Christi</strong></span> <span class='ocrx_word' id='word_1_511' title='bbox 1178 4113 1430 4183; x_wconf 86' lang='lat' dir='ltr'><strong>janitoris</strong></span> <span class='ocrx_word' id='word_1_512' title='bbox 1454 4121 1616 4183; x_wconf 86' lang='lat' dir='ltr'><strong>atque</strong></span> <span class='ocrx_word' id='word_1_513' title='bbox 1647 4113 1903 4180; x_wconf 78' lang='lat' dir='ltr'><strong>clavigeri</strong></span> <span class='ocrx_word' id='word_1_514' title='bbox 1935 4113 2150 4170; x_wconf 88' lang='lat' dir='ltr'><strong>celestis</strong></span> 
     </span>
    </p>
   </div>
   <div class='ocr_carea' id='block_1_68' title="bbox 581 4202 2150 4275">
    <p class='ocr_par' dir='ltr' id='par_1_68' title="bbox 581 4202 2150 4275">
     <span class='ocr_line' id='line_1_68' title="bbox 581 4202 2150 4275; baseline 0.003 -17"><span class='ocrx_word' id='word_1_515' title='bbox 581 4205 730 4275; x_wconf 81' lang='lat' dir='ltr'><strong>regni</strong></span> <span class='ocrx_word' id='word_1_516' title='bbox 755 4205 1046 4260; x_wconf 76' lang='lat' dir='ltr'><strong>interdicta</strong></span> <span class='ocrx_word' id='word_1_517' title='bbox 1069 4204 1465 4271; x_wconf 85' lang='lat' dir='ltr'><strong>interdicimus,</strong></span> <span class='ocrx_word' id='word_1_518' title='bbox 1481 4214 1536 4258; x_wconf 90' lang='lat' dir='ltr'><strong>et</strong></span> <span class='ocrx_word' id='word_1_519' title='bbox 1564 4219 1686 4275; x_wconf 90' lang='lat' dir='ltr'><strong>cum</strong></span> <span class='ocrx_word' id='word_1_520' title='bbox 1711 4202 1844 4258; x_wconf 73' lang='lat' dir='ltr'><strong>Iuda</strong></span> <span class='ocrx_word' id='word_1_521' title='bbox 1889 4205 2150 4262; x_wconf 84' lang='lat' dir='ltr'><strong>traditore</strong></span> 
     </span>
    </p>
   </div>
   <div class='ocr_carea' id='block_1_69' title="bbox 579 4274 2148 4362">
    <p class='ocr_par' dir='ltr' id='par_1_69' title="bbox 579 4274 2148 4362">
     <span class='ocr_line' id='line_1_69' title="bbox 579 4274 2148 4362; baseline -0.001 -12"><span class='ocrx_word' id='word_1_522' title='bbox 579 4274 787 4350; x_wconf 84' lang='lat' dir='ltr'><strong>domini</strong></span> <span class='ocrx_word' id='word_1_523' title='bbox 810 4295 980 4350; x_wconf 84' lang='lat' dir='ltr'><strong>nostri</strong></span> <span class='ocrx_word' id='word_1_524' title='bbox 1025 4294 1149 4349; x_wconf 83' lang='lat' dir='ltr'><strong>Jesu</strong></span> <span class='ocrx_word' id='word_1_525' title='bbox 1180 4293 1379 4350; x_wconf 86' lang='lat' dir='ltr'><strong>Christi</strong></span> <span class='ocrx_word' id='word_1_526' title='bbox 1426 4304 1570 4349; x_wconf 90' lang='lat' dir='ltr'><strong>sorte</strong></span> <span class='ocrx_word' id='word_1_527' title='bbox 1606 4274 1991 4362; x_wconf 57' lang='lat' dir='ltr'><strong>pe&#39;rmittimus,</strong></span> <span class='ocrx_word' id='word_1_528' title='bbox 2013 4295 2148 4350; x_wconf 81' lang='lat' dir='ltr'><strong>utin</strong></span> 
     </span>
    </p>
   </div>
   <div class='ocr_carea' id='block_1_70' title="bbox 590 4380 2151 4454">
    <p class='ocr_par' dir='ltr' id='par_1_70' title="bbox 590 4380 2151 4454">
     <span class='ocr_line' id='line_1_70' title="bbox 590 4380 2151 4454; baseline -0.005 -13"><span class='ocrx_word' id='word_1_529' title='bbox 590 4385 666 4441; x_wconf 65' lang='lat' dir='ltr'><strong>tie</strong></span> <span class='ocrx_word' id='word_1_530' title='bbox 686 4384 872 4454; x_wconf 84' lang='lat' dir='ltr'><strong>judieii</strong></span> <span class='ocrx_word' id='word_1_531' title='bbox 897 4400 1018 4440; x_wconf 92' lang='lat' dir='ltr'><strong>cum</strong></span> <span class='ocrx_word' id='word_1_532' title='bbox 1045 4383 1258 4440; x_wconf 88' lang='lat' dir='ltr'><strong>diabolo</strong></span> <span class='ocrx_word' id='word_1_533' title='bbox 1289 4392 1344 4438; x_wconf 86' lang='lat' dir='ltr'><strong>et</strong></span> <span class='ocrx_word' id='word_1_534' title='bbox 1389 4382 1649 4436; x_wconf 90' lang='lat' dir='ltr'><strong>ministris</strong></span> <span class='ocrx_word' id='word_1_535' title='bbox 1671 4380 1806 4450; x_wconf 89' lang='lat' dir='ltr'><strong>ejus,</strong></span> <span class='ocrx_word' id='word_1_536' title='bbox 1850 4380 1994 4436; x_wconf 89' lang='lat' dir='ltr'><strong>luctu</strong></span> <span class='ocrx_word' id='word_1_537' title='bbox 2019 4396 2151 4450; x_wconf 85' lang='lat' dir='ltr'><strong>qna-</strong></span> 
     </span>
    </p>
   </div>
   <div class='ocr_carea' id='block_1_71' title="bbox 2251 3290 3834 3364">
    <p class='ocr_par' dir='ltr' id='par_1_71' title="bbox 2251 3290 3834 3364">
     <span class='ocr_line' id='line_1_71' title="bbox 2251 3290 3834 3364; baseline 0.003 -18"><span class='ocrx_word' id='word_1_538' title='bbox 2251 3291 2462 3347; x_wconf 91' lang='lat' dir='ltr'><strong>Domini</strong></span> <span class='ocrx_word' id='word_1_539' title='bbox 2480 3292 2533 3346; x_wconf 91' lang='lat' dir='ltr'><strong>in</strong></span> <span class='ocrx_word' id='word_1_540' title='bbox 2566 3291 2690 3346; x_wconf 83' lang='lat' dir='ltr'><strong>villa</strong></span> <span class='ocrx_word' id='word_1_541' title='bbox 2720 3290 2881 3347; x_wconf 88' lang='lat' dir='ltr'><strong>Savia</strong></span> <span class='ocrx_word' id='word_1_542' title='bbox 2910 3293 3097 3363; x_wconf 82' lang='lat' dir='ltr'><strong>~(l0l),</strong></span> <span class='ocrx_word' id='word_1_543' title='bbox 3131 3308 3228 3349; x_wconf 88' lang='lat' dir='ltr'><strong>suo</strong></span> <span class='ocrx_word' id='word_1_544' title='bbox 3254 3294 3500 3350; x_wconf 87' lang='lat' dir='ltr'><strong>videlicet</strong></span> <span class='ocrx_word' id='word_1_545' title='bbox 3531 3295 3739 3364; x_wconf 89' lang='lat' dir='ltr'><strong>predio,</strong></span> <span class='ocrx_word' id='word_1_546' title='bbox 3772 3297 3834 3351; x_wconf 80' lang='lat' dir='ltr'><strong>in</strong></span> 
     </span>
    </p>
   </div>
   <div class='ocr_carea' id='block_1_72' title="bbox 2249 3382 3835 3454">
    <p class='ocr_par' dir='ltr' id='par_1_72' title="bbox 2249 3382 3835 3454">
     <span class='ocr_line' id='line_1_72' title="bbox 2249 3382 3835 3454; baseline 0.003 -16"><span class='ocrx_word' id='word_1_547' title='bbox 2249 3383 2486 3438; x_wconf 72' lang='lat' dir='ltr'><strong>oratorio</strong></span> <span class='ocrx_word' id='word_1_548' title='bbox 2500 3382 2591 3452; x_wconf 88' lang='lat' dir='ltr'><strong>qui</strong></span> <span class='ocrx_word' id='word_1_549' title='bbox 2613 3384 2713 3438; x_wconf 87' lang='lat' dir='ltr'><strong>lem</strong></span> <span class='ocrx_word' id='word_1_550' title='bbox 2726 3383 2894 3438; x_wconf 85' lang='lat' dir='ltr'><strong>sancti</strong></span> <span class='ocrx_word' id='word_1_551' title='bbox 2911 3383 3120 3438; x_wconf 86' lang='lat' dir='ltr'><strong>Martini</strong></span> <span class='ocrx_word' id='word_1_552' title='bbox 3135 3385 3441 3454; x_wconf 86' lang='lat' dir='ltr'><strong>aliquandiu</strong></span> <span class='ocrx_word' id='word_1_553' title='bbox 3455 3398 3835 3450; x_wconf 79' lang='lat' dir='ltr'><strong>conversatus.</strong></span> 
     </span>
    </p>
   </div>
   <div class='ocr_carea' id='block_1_73' title="bbox 2251 3474 3868 3544">
    <p class='ocr_par' dir='ltr' id='par_1_73' title="bbox 2251 3474 3868 3544">
     <span class='ocr_line' id='line_1_73' title="bbox 2251 3474 3868 3544; baseline 0.003 -17"><span class='ocrx_word' id='word_1_554' title='bbox 2251 3474 2422 3529; x_wconf 89' lang='lat' dir='ltr'><strong>sacris</strong></span> <span class='ocrx_word' id='word_1_555' title='bbox 2447 3488 2669 3543; x_wconf 89' lang='lat' dir='ltr'><strong>operum</strong></span> <span class='ocrx_word' id='word_1_556' title='bbox 2716 3474 2930 3529; x_wconf 89' lang='lat' dir='ltr'><strong>indiciis</strong></span> <span class='ocrx_word' id='word_1_557' title='bbox 2967 3490 3075 3530; x_wconf 88' lang='lat' dir='ltr'><strong>non</strong></span> <span class='ocrx_word' id='word_1_558' title='bbox 3107 3491 3292 3544; x_wconf 89' lang='lat' dir='ltr'><strong>parum</strong></span> <span class='ocrx_word' id='word_1_559' title='bbox 3321 3476 3612 3540; x_wconf 88' lang='lat' dir='ltr'><strong>claruerat,</strong></span> <span class='ocrx_word' id='word_1_560' title='bbox 3639 3477 3834 3532; x_wconf 83' lang='lat' dir='ltr'><strong>crebe-</strong></span> <span class='ocrx_word' id='word_1_561' title='bbox 3863 3479 3868 3482; x_wconf 85' lang='grc'><em>’</em></span> 
     </span>
    </p>
   </div>
   <div class='ocr_carea' id='block_1_74' title="bbox 2251 3561 3833 3635">
    <p class='ocr_par' dir='ltr' id='par_1_74' title="bbox 2251 3561 3833 3635">
     <span class='ocr_line' id='line_1_74' title="bbox 2251 3561 3833 3635; baseline 0.003 -19"><span class='ocrx_word' id='word_1_562' title='bbox 2251 3562 2509 3634; x_wconf 86' lang='lat' dir='ltr'><strong>rin.isque</strong></span> <span class='ocrx_word' id='word_1_563' title='bbox 2561 3561 3024 3628; x_wconf 89' lang='lat' dir='ltr'><strong>collocutionibus,</strong></span> <span class='ocrx_word' id='word_1_564' title='bbox 3056 3565 3536 3629; x_wconf 77' lang='lat' dir='ltr'><strong>exhortationibus,</strong></span> <span class='ocrx_word' id='word_1_565' title='bbox 3562 3567 3792 3635; x_wconf 85' lang='lat' dir='ltr'><strong>apostoli</strong></span> <span class='ocrx_word' id='word_1_566' title='bbox 3822 3594 3833 3604; x_wconf 83' lang='lat'><strong><em>~</em></strong></span> 
     </span>
    </p>
   </div>
   <div class='ocr_carea' id='block_1_75' title="bbox 2253 3653 3833 3720">
    <p class='ocr_par' dir='ltr' id='par_1_75' title="bbox 2253 3653 3833 3720">
     <span class='ocr_line' id='line_1_75' title="bbox 2253 3653 3833 3720; baseline 0.003 -14"><span class='ocrx_word' id='word_1_567' title='bbox 2253 3655 2331 3706; x_wconf 90' lang='lat' dir='ltr'><strong>cis</strong></span> <span class='ocrx_word' id='word_1_568' title='bbox 2372 3653 2845 3720; x_wconf 86' lang='lat' dir='ltr'><strong>predicationibus,</strong></span> <span class='ocrx_word' id='word_1_569' title='bbox 2878 3654 3076 3710; x_wconf 89' lang='lat' dir='ltr'><strong>multos</strong></span> <span class='ocrx_word' id='word_1_570' title='bbox 3128 3655 3257 3709; x_wconf 90' lang='lat' dir='ltr'><strong>inibi</strong></span> <span class='ocrx_word' id='word_1_571' title='bbox 3311 3654 3380 3708; x_wconf 87' lang='lat' dir='ltr'><strong>ad</strong></span> <span class='ocrx_word' id='word_1_572' title='bbox 3409 3669 3653 3710; x_wconf 90' lang='lat' dir='ltr'><strong>normam</strong></span> <span class='ocrx_word' id='word_1_573' title='bbox 3699 3654 3833 3710; x_wconf 66' lang='lat' dir='ltr'><strong>vitae</strong></span> 
     </span>
    </p>
   </div>
   <div class='ocr_carea' id='block_1_76' title="bbox 2253 3744 3825 3817">
    <p class='ocr_par' dir='ltr' id='par_1_76' title="bbox 2253 3744 3825 3817">
     <span class='ocr_line' id='line_1_76' title="bbox 2253 3744 3825 3817; baseline 0.001 -20"><span class='ocrx_word' id='word_1_574' title='bbox 2253 3744 2487 3798; x_wconf 89' lang='lat' dir='ltr'><strong>salubris</strong></span> <span class='ocrx_word' id='word_1_575' title='bbox 2520 3747 2887 3814; x_wconf 82' lang='lat' dir='ltr'><strong>exequendam</strong></span> <span class='ocrx_word' id='word_1_576' title='bbox 2917 3747 3252 3801; x_wconf 81' lang='lat' dir='ltr'><strong>excitaverat</strong></span> <span class='ocrx_word' id='word_1_577' title='bbox 3304 3747 3369 3799; x_wconf 83' lang='grc'><strong>³⁸.</strong></span> <span class='ocrx_word' id='word_1_578' title='bbox 3398 3747 3535 3817; x_wconf 69' lang='grc'>(27.)</span> <span class='ocrx_word' id='word_1_579' title='bbox 3572 3745 3825 3802; x_wconf 73' lang='lat' dir='ltr'><strong>Veterem</strong></span> 
     </span>
    </p>
   </div>
   <div class='ocr_carea' id='block_1_77' title="bbox 2251 3832 3830 3891">
    <p class='ocr_par' dir='ltr' id='par_1_77' title="bbox 2251 3832 3830 3891">
     <span class='ocr_line' id='line_1_77' title="bbox 2251 3832 3830 3891; baseline 0.003 -5"><span class='ocrx_word' id='word_1_580' title='bbox 2251 3847 2380 3888; x_wconf 87' lang='lat' dir='ltr'><strong>vero</strong></span> <span class='ocrx_word' id='word_1_581' title='bbox 2405 3832 2670 3888; x_wconf 76' lang='lat' dir='ltr'><strong>kartulam</strong></span> <span class='ocrx_word' id='word_1_582' title='bbox 2698 3835 2751 3889; x_wconf 90' lang='lat' dir='ltr'><strong>in</strong></span> <span class='ocrx_word' id='word_1_583' title='bbox 2780 3836 3002 3890; x_wconf 87' lang='lat' dir='ltr'><strong>archivo</strong></span> <span class='ocrx_word' id='word_1_584' title='bbox 3030 3837 3288 3891; x_wconf 71' lang='lat' dir='ltr'><strong>atcclesiae</strong></span> <span class='ocrx_word' id='word_1_585' title='bbox 3314 3837 3502 3891; x_wconf 85' lang='lat' dir='ltr'><strong>sancti</strong></span> <span class='ocrx_word' id='word_1_586' title='bbox 3534 3836 3830 3891; x_wconf 84' lang='lat' dir='ltr'><strong>lluntbertl</strong></span> 
     </span>
    </p>
   </div>
   <div class='ocr_carea' id='block_1_78' title="bbox 2253 3927 3826 3998">
    <p class='ocr_par' dir='ltr' id='par_1_78' title="bbox 2253 3927 3826 3998">
     <span class='ocr_line' id='line_1_78' title="bbox 2253 3927 3826 3998; baseline 0.002 -18"><span class='ocrx_word' id='word_1_587' title='bbox 2253 3927 2604 3995; x_wconf 89' lang='lat' dir='ltr'><strong>repperimus,</strong></span> <span class='ocrx_word' id='word_1_588' title='bbox 2655 3943 2814 3997; x_wconf 89' lang='lat' dir='ltr'><strong>quam</strong></span> <span class='ocrx_word' id='word_1_589' title='bbox 2844 3929 2944 3982; x_wconf 91' lang='lat' dir='ltr'><strong>sub</strong></span> <span class='ocrx_word' id='word_1_590' title='bbox 2996 3929 3282 3998; x_wconf 60' lang='lat' dir='ltr'><strong>praesentia</strong></span> <span class='ocrx_word' id='word_1_591' title='bbox 3331 3937 3386 3984; x_wconf 91' lang='lat' dir='ltr'><strong>et</strong></span> <span class='ocrx_word' id='word_1_592' title='bbox 3439 3928 3624 3984; x_wconf 86' lang='lat' dir='ltr'><strong>favore</strong></span> <span class='ocrx_word' id='word_1_593' title='bbox 3661 3928 3826 3996; x_wconf 81' lang='lat' dir='ltr'><strong>hujus</strong></span> 
     </span>
    </p>
   </div>
   <div class='ocr_carea' id='block_1_79' title="bbox 2253 4019 3824 4089">
    <p class='ocr_par' dir='ltr' id='par_1_79' title="bbox 2253 4019 3824 4089">
     <span class='ocr_line' id='line_1_79' title="bbox 2253 4019 3824 4089; baseline 0.001 -17"><span class='ocrx_word' id='word_1_594' title='bbox 2253 4019 2422 4073; x_wconf 87' lang='lat' dir='ltr'><strong>sancti</strong></span> <span class='ocrx_word' id='word_1_595' title='bbox 2451 4019 2845 4089; x_wconf 86' lang='lat' dir='ltr'><strong>poutificisipse</strong></span> <span class='ocrx_word' id='word_1_596' title='bbox 2872 4021 2956 4074; x_wconf 87' lang='lat' dir='ltr'><strong>vir</strong></span> <span class='ocrx_word' id='word_1_597' title='bbox 2984 4029 3340 4075; x_wconf 89' lang='lat' dir='ltr'><strong>sanctustunc</strong></span> <span class='ocrx_word' id='word_1_598' title='bbox 3354 4020 3612 4089; x_wconf 89' lang='lat' dir='ltr'><strong>temporis</strong></span> <span class='ocrx_word' id='word_1_599' title='bbox 3629 4020 3824 4084; x_wconf 81' lang='lat' dir='ltr'><strong>abbas.</strong></span> 
     </span>
    </p>
   </div>
   <div class='ocr_carea' id='block_1_80' title="bbox 2251 4109 3823 4180">
    <p class='ocr_par' dir='ltr' id='par_1_80' title="bbox 2251 4109 3823 4180">
     <span class='ocr_line' id='line_1_80' title="bbox 2251 4109 3823 4180; baseline 0 -15"><span class='ocrx_word' id='word_1_600' title='bbox 2251 4109 2316 4165; x_wconf 90' lang='lat' dir='ltr'><strong>de</strong></span> <span class='ocrx_word' id='word_1_601' title='bbox 2345 4109 2460 4164; x_wconf 85' lang='lat' dir='ltr'><strong>villa</strong></span> <span class='ocrx_word' id='word_1_602' title='bbox 2494 4109 2739 4165; x_wconf 73' lang='lat' dir='ltr'><strong>.‘l-laceriis</strong></span> <span class='ocrx_word' id='word_1_603' title='bbox 2761 4110 2907 4180; x_wconf 71' lang='grc'>(102)</span> <span class='ocrx_word' id='word_1_604' title='bbox 2937 4111 3172 4180; x_wconf 86' lang='lat' dir='ltr'><strong>scripsit,</strong></span> <span class='ocrx_word' id='word_1_605' title='bbox 3204 4111 3275 4164; x_wconf 90' lang='lat' dir='ltr'><strong>ita</strong></span> <span class='ocrx_word' id='word_1_606' title='bbox 3308 4124 3367 4164; x_wconf 89' lang='lat' dir='ltr'><strong>se</strong></span> <span class='ocrx_word' id='word_1_607' title='bbox 3413 4110 3702 4164; x_wconf 88' lang='lat' dir='ltr'><strong>habentem</strong></span> <span class='ocrx_word' id='word_1_608' title='bbox 3729 4110 3776 4142; x_wconf 76' lang='lat'><strong>&quot;</strong></span> <span class='ocrx_word' id='word_1_609' title='bbox 3805 4129 3823 4165; x_wconf 89' lang='lat'><strong>:</strong></span> 
     </span>
    </p>
   </div>
   <div class='ocr_carea' id='block_1_81' title="bbox 2257 4199 3822 4271">
    <p class='ocr_par' dir='ltr' id='par_1_81' title="bbox 2257 4199 3822 4271">
     <span class='ocr_line' id='line_1_81' title="bbox 2257 4199 3822 4271; baseline 0 -18"><span class='ocrx_word' id='word_1_610' title='bbox 2257 4219 2274 4253; x_wconf 83' lang='grc' dir='ltr'><strong>ι</strong></span> <span class='ocrx_word' id='word_1_611' title='bbox 2302 4200 2538 4255; x_wconf 58' lang='lat' dir='ltr'><strong>Annali</strong></span> <span class='ocrx_word' id='word_1_612' title='bbox 2557 4201 2704 4271; x_wconf 87' lang='lat' dir='ltr'><strong>regni</strong></span> <span class='ocrx_word' id='word_1_613' title='bbox 2729 4201 2910 4256; x_wconf 90' lang='lat' dir='ltr'><strong>domni</strong></span> <span class='ocrx_word' id='word_1_614' title='bbox 2929 4204 3095 4254; x_wconf 86' lang='lat' dir='ltr'><strong>nostri</strong></span> <span class='ocrx_word' id='word_1_615' title='bbox 3115 4200 3399 4255; x_wconf 88' lang='lat' dir='ltr'><strong>Childerici</strong></span> <span class='ocrx_word' id='word_1_616' title='bbox 3417 4199 3628 4270; x_wconf 81' lang='lat' dir='ltr'><strong>gloriosi</strong></span> <span class='ocrx_word' id='word_1_617' title='bbox 3655 4201 3822 4270; x_wconf 88' lang='lat' dir='ltr'><strong>regis,</strong></span> 
     </span>
    </p>
   </div>
   <div class='ocr_carea' id='block_1_82' title="bbox 2256 4290 3853 4362">
    <p class='ocr_par' dir='ltr' id='par_1_82' title="bbox 2256 4290 3853 4362">
     <span class='ocr_line' id='line_1_82' title="bbox 2256 4290 3853 4362; baseline -0.001 -17"><span class='ocrx_word' id='word_1_618' title='bbox 2256 4293 2338 4346; x_wconf 82' lang='grc'><strong>15.</strong></span> <span class='ocrx_word' id='word_1_619' title='bbox 2369 4291 2634 4346; x_wconf 86' lang='lat' dir='ltr'><strong>Kalendas</strong></span> <span class='ocrx_word' id='word_1_620' title='bbox 2661 4291 2860 4362; x_wconf 83' lang='lat' dir='ltr'><strong>Aprilis</strong></span> <span class='ocrx_word' id='word_1_621' title='bbox 2888 4291 2930 4323; x_wconf 83' lang='lat'><strong>&quot;</strong></span> <span class='ocrx_word' id='word_1_622' title='bbox 2960 4291 3233 4362; x_wconf 71' lang='lat' dir='ltr'><strong>(an.672).</strong></span> <span class='ocrx_word' id='word_1_623' title='bbox 3252 4291 3360 4358; x_wconf 83' lang='lat' dir='ltr'><strong>Ego</strong></span> <span class='ocrx_word' id='word_1_624' title='bbox 3389 4291 3440 4343; x_wconf 92' lang='lat' dir='ltr'><strong>in</strong></span> <span class='ocrx_word' id='word_1_625' title='bbox 3473 4290 3564 4343; x_wconf 91' lang='lat' dir='ltr'><strong>Dei</strong></span> <span class='ocrx_word' id='word_1_626' title='bbox 3599 4292 3853 4344; x_wconf 79' lang='lat' dir='ltr'><strong>nomine‘</strong></span> 
     </span>
    </p>
   </div>
   <div class='ocr_carea' id='block_1_83' title="bbox 2251 4381 3852 4452">
    <p class='ocr_par' dir='ltr' id='par_1_83' title="bbox 2251 4381 3852 4452">
     <span class='ocr_line' id='line_1_83' title="bbox 2251 4381 3852 4452; baseline 0 -16"><span class='ocrx_word' id='word_1_627' title='bbox 2251 4381 2622 4437; x_wconf 88' lang='lat' dir='ltr'><strong>Chonebertus</strong></span> <span class='ocrx_word' id='word_1_628' title='bbox 2667 4382 2731 4447; x_wconf 84' lang='grc'><strong>³⁸,</strong></span> <span class='ocrx_word' id='word_1_629' title='bbox 2776 4382 2877 4438; x_wconf 90' lang='lat' dir='ltr'><strong>etsi</strong></span> <span class='ocrx_word' id='word_1_630' title='bbox 2909 4382 3156 4452; x_wconf 87' lang='lat' dir='ltr'><strong>indignus</strong></span> <span class='ocrx_word' id='word_1_631' title='bbox 3189 4393 3460 4452; x_wconf 86' lang='lat' dir='ltr'><strong>peccator,</strong></span> <span class='ocrx_word' id='word_1_632' title='bbox 3485 4381 3732 4450; x_wconf 82' lang='lat' dir='ltr'><strong>cogitans</strong></span> <span class='ocrx_word' id='word_1_633' title='bbox 3753 4383 3821 4436; x_wconf 83' lang='lat' dir='ltr'><strong>de</strong></span> <span class='ocrx_word' id='word_1_634' title='bbox 3847 4405 3852 4409; x_wconf 84' lang='grc'><strong>·</strong></span> 
     </span>
    </p>
   </div>
   <div class='ocr_carea' id='block_1_84' title="bbox 1877 4509 2551 4568">
    <p class='ocr_par' dir='ltr' id='par_1_84' title="bbox 1877 4509 2551 4568">
     <span class='ocr_line' id='line_1_84' title="bbox 1877 4509 2551 4568; baseline 0.001 -4"><span class='ocrx_word' id='word_1_635' title='bbox 1877 4509 2111 4565; x_wconf 69' lang='lat' dir='ltr'><strong>VARME</strong></span> <span class='ocrx_word' id='word_1_636' title='bbox 2154 4511 2551 4568; x_wconf 83' lang='lat' dir='ltr'><strong>LECTIONES.</strong></span> 
     </span>
    </p>
   </div>
   <div class='ocr_carea' id='block_1_85' title="bbox 650 4605 1164 4661">
    <p class='ocr_par' dir='ltr' id='par_1_85' title="bbox 650 4605 1164 4661">
     <span class='ocr_line' id='line_1_85' title="bbox 650 4605 1164 4661; baseline -0.008 1"><span class='ocrx_word' id='word_1_637' title='bbox 650 4606 690 4638; x_wconf 80' lang='lat'>&quot;</span> <span class='ocrx_word' id='word_1_638' title='bbox 726 4605 938 4661; x_wconf 69' lang='lat' dir='ltr'><strong>decimi</strong></span> <span class='ocrx_word' id='word_1_639' title='bbox 963 4606 1073 4661; x_wconf 91' lang='lat' dir='ltr'><strong>cui.</strong></span> <span class='ocrx_word' id='word_1_640' title='bbox 1115 4607 1164 4659; x_wconf 83' lang='lat' dir='ltr'><strong>l.</strong></span> 
     </span>
    </p>
   </div>
   <div class='ocr_carea' id='block_1_86' title="bbox 1259 4599 2513 4657">
    <p class='ocr_par' dir='ltr' id='par_1_86' title="bbox 1259 4599 2513 4657">
     <span class='ocr_line' id='line_1_86' title="bbox 1259 4599 2513 4657; baseline -0.001 0"><span class='ocrx_word' id='word_1_641' title='bbox 1259 4605 1308 4637; x_wconf 69' lang='grc' dir='ltr'><strong>’θ</strong></span> <span class='ocrx_word' id='word_1_642' title='bbox 1344 4619 1390 4657; x_wconf 92' lang='lat' dir='ltr'><strong>s.</strong></span> <span class='ocrx_word' id='word_1_643' title='bbox 1422 4602 1730 4656; x_wconf 81' lang='lat' dir='ltr'><strong>ttittinziaco</strong></span> <span class='ocrx_word' id='word_1_644' title='bbox 1753 4601 1804 4655; x_wconf 82' lang='lat' dir='ltr'><strong>l.</strong></span> <span class='ocrx_word' id='word_1_645' title='bbox 1826 4599 1881 4654; x_wconf 77' lang='lat'><strong>3.</strong></span> <span class='ocrx_word' id='word_1_646' title='bbox 1911 4599 1964 4653; x_wconf 80' lang='grc'><strong>4.</strong></span> <span class='ocrx_word' id='word_1_647' title='bbox 1995 4600 2048 4654; x_wconf 88' lang='grc'><strong>5.</strong></span> <span class='ocrx_word' id='word_1_648' title='bbox 2095 4601 2148 4655; x_wconf 91' lang='lat' dir='ltr'><strong>in</strong></span> <span class='ocrx_word' id='word_1_649' title='bbox 2193 4601 2414 4656; x_wconf 84' lang='lat' dir='ltr'><strong>unziaco</strong></span> <span class='ocrx_word' id='word_1_650' title='bbox 2459 4603 2513 4656; x_wconf 72' lang='lat'><strong>2.</strong></span> 
     </span>
    </p>
   </div>
   <div class='ocr_carea' id='block_1_87' title="bbox 575 4669 3330 4746">
    <p class='ocr_par' dir='ltr' id='par_1_87' title="bbox 575 4669 3330 4746">
     <span class='ocr_line' id='line_1_87' title="bbox 575 4669 3330 4746; baseline -0.002 -17"><span class='ocrx_word' id='word_1_651' title='bbox 575 4676 736 4746; x_wconf 61' lang='lat' dir='ltr'><strong>cujus</strong></span> <span class='ocrx_word' id='word_1_652' title='bbox 777 4676 964 4746; x_wconf 76' lang='lat' dir='ltr'><strong>capitis</strong></span> <span class='ocrx_word' id='word_1_653' title='bbox 1010 4687 1207 4746; x_wconf 82' lang='lat' dir='ltr'><strong>partem</strong></span> <span class='ocrx_word' id='word_1_654' title='bbox 1239 4685 1446 4746; x_wconf 50' lang='lat' dir='ltr'><strong>(Laetae</strong></span> <span class='ocrx_word' id='word_1_655' title='bbox 1475 4674 1657 4740; x_wconf 77' lang='lat' dir='ltr'><strong>ipsein</strong></span> <span class='ocrx_word' id='word_1_656' title='bbox 1705 4669 2142 4746; x_wconf 70' lang='lat' dir='ltr'><strong>s_cedula_assata</strong></span> <span class='ocrx_word' id='word_1_657' title='bbox 2180 4671 2448 4746; x_wconf 64' lang='lat' dir='ltr'><strong>suppleuit,</strong></span> <span class='ocrx_word' id='word_1_658' title='bbox 2504 4681 2617 4746; x_wconf 67' lang='lat' dir='ltr'><strong>post</strong></span> <span class='ocrx_word' id='word_1_659' title='bbox 2663 4673 3270 4746; x_wconf 71' lang='lat' dir='ltr'><strong>excitavera_t__signunt;</strong></span> <span class='ocrx_word' id='word_1_660' title='bbox 3311 4687 3330 4724; x_wconf 92' lang='lat'><strong><em>:</em></strong></span> 
     </span>
    </p>
   </div>
   <div class='ocr_carea' id='block_1_88' title="bbox 3027 4594 3834 4670">
    <p class='ocr_par' dir='ltr' id='par_1_88' title="bbox 3027 4594 3834 4670">
     <span class='ocr_line' id='line_1_88' title="bbox 3027 4594 3834 4670; baseline 0.002 -16"><span class='ocrx_word' id='word_1_661' title='bbox 3027 4603 3072 4633; x_wconf 75' lang='lat'><strong>“</strong></span> <span class='ocrx_word' id='word_1_662' title='bbox 3104 4603 3242 4654; x_wconf 85' lang='lat' dir='ltr'><strong>deest</strong></span> <span class='ocrx_word' id='word_1_663' title='bbox 3282 4603 3333 4654; x_wconf 79' lang='lat' dir='ltr'><strong>l.</strong></span> <span class='ocrx_word' id='word_1_664' title='bbox 3431 4601 3476 4632; x_wconf 89' lang='grc'><strong>³⁸</strong></span> <span class='ocrx_word' id='word_1_665' title='bbox 3540 4594 3834 4670; x_wconf 76' lang='lat' dir='ltr'><strong>Reliquam</strong></span> 
     </span>
    </p>
   </div>
   <div class='ocr_carea' id='block_1_89' title="bbox 3380 4673 3816 4740">
    <p class='ocr_par' dir='ltr' id='par_1_89' title="bbox 3380 4673 3816 4740">
     <span class='ocr_line' id='line_1_89' title="bbox 3380 4673 3816 4740; baseline 0 -18"><span class='ocrx_word' id='word_1_666' title='bbox 3380 4685 3398 4722; x_wconf 90' lang='lat'><strong><em>:</em></strong></span> <span class='ocrx_word' id='word_1_667' title='bbox 3433 4687 3625 4740; x_wconf 81' lang='lat' dir='ltr'><strong>ponens</strong></span> <span class='ocrx_word' id='word_1_668' title='bbox 3674 4673 3816 4738; x_wconf 68' lang='lat' dir='ltr'><strong>quod</strong></span> 
     </span>
    </p>
   </div>
   <div class='ocr_carea' id='block_1_90' title="bbox 2616 4601 2923 4657">
    <p class='ocr_par' dir='ltr' id='par_1_90' title="bbox 2616 4601 2923 4657">
     <span class='ocr_line' id='line_1_90' title="bbox 2616 4601 2923 4657; baseline -0.01 0"><span class='ocrx_word' id='word_1_669' title='bbox 2616 4601 2660 4634; x_wconf 86' lang='grc'><strong>³³</strong></span> <span class='ocrx_word' id='word_1_670' title='bbox 2689 4602 2842 4657; x_wconf 91' lang='lat' dir='ltr'><strong>uobis</strong></span> <span class='ocrx_word' id='word_1_671' title='bbox 2873 4603 2923 4656; x_wconf 84' lang='lat' dir='ltr'><strong>l.</strong></span> 
     </span>
    </p>
   </div>
   <div class='ocr_carea' id='block_1_91' title="bbox 575 4740 3812 4811">
    <p class='ocr_par' dir='ltr' id='par_1_91' title="bbox 575 4740 3812 4811">
     <span class='ocr_line' id='line_1_91' title="bbox 575 4740 3812 4811; baseline -0.002 -14"><span class='ocrx_word' id='word_1_672' title='bbox 575 4740 726 4799; x_wconf 76' lang='lat' dir='ltr'><strong>initio</strong></span> <span class='ocrx_word' id='word_1_673' title='bbox 745 4740 968 4799; x_wconf 77' lang='lat' dir='ltr'><strong>seedqu</strong></span> <span class='ocrx_word' id='word_1_674' title='bbox 1006 4740 1203 4811; x_wconf 80' lang='lat' dir='ltr'><strong>repetit.</strong></span> <span class='ocrx_word' id='word_1_675' title='bbox 1247 4743 1447 4806; x_wconf 80' lang='lat' dir='ltr'><strong>Reliqui</strong></span> <span class='ocrx_word' id='word_1_676' title='bbox 1477 4757 1660 4811; x_wconf 74' lang='lat' dir='ltr'><strong>novam</strong></span> <span class='ocrx_word' id='word_1_677' title='bbox 1698 4741 1891 4811; x_wconf 82' lang='lat' dir='ltr'><strong>lineam</strong></span> <span class='ocrx_word' id='word_1_678' title='bbox 1933 4740 2218 4811; x_wconf 76' lang='lat' dir='ltr'><strong>incipiant;</strong></span> <span class='ocrx_word' id='word_1_679' title='bbox 2271 4740 2324 4792; x_wconf 74' lang='grc'><strong>4.</strong></span> <span class='ocrx_word' id='word_1_680' title='bbox 2358 4742 2410 4792; x_wconf 83' lang='lat' dir='ltr'><strong>in</strong></span> <span class='ocrx_word' id='word_1_681' title='bbox 2437 4742 2668 4811; x_wconf 74' lang='lat' dir='ltr'><strong>margine</strong></span> <span class='ocrx_word' id='word_1_682' title='bbox 2689 4743 2892 4808; x_wconf 82' lang='lat' dir='ltr'><strong>scripsit</strong></span> <span class='ocrx_word' id='word_1_683' title='bbox 2918 4755 2936 4792; x_wconf 91' lang='lat'><em>:</em></span> <span class='ocrx_word' id='word_1_684' title='bbox 2961 4741 3186 4811; x_wconf 86' lang='lat' dir='ltr'><strong>Videtur</strong></span> <span class='ocrx_word' id='word_1_685' title='bbox 3209 4741 3296 4794; x_wconf 91' lang='lat' dir='ltr'><strong>hic</strong></span> <span class='ocrx_word' id='word_1_686' title='bbox 3326 4741 3529 4811; x_wconf 80' lang='lat' dir='ltr'><strong>aliquid</strong></span> <span class='ocrx_word' id='word_1_687' title='bbox 3595 4741 3812 4811; x_wconf 74' lang='lat' dir='ltr'><strong>deesse.</strong></span> 
     </span>
    </p>
   </div>
   <div class='ocr_carea' id='block_1_92' title="bbox 581 4809 3359 4882">
    <p class='ocr_par' dir='ltr' id='par_1_92' title="bbox 581 4809 3359 4882">
     <span class='ocr_line' id='line_1_92' title="bbox 581 4809 3359 4882; baseline -0.002 -15"><span class='ocrx_word' id='word_1_688' title='bbox 581 4813 912 4868; x_wconf 80' lang='lat' dir='ltr'><strong>Colrenerius</strong></span> <span class='ocrx_word' id='word_1_689' title='bbox 960 4809 1144 4882; x_wconf 64' lang='lat' dir='ltr'><strong>norum</strong></span> <span class='ocrx_word' id='word_1_690' title='bbox 1188 4823 1365 4882; x_wconf 80' lang='lat' dir='ltr'><strong>eaput</strong></span> <span class='ocrx_word' id='word_1_691' title='bbox 1400 4810 1583 4882; x_wconf 74' lang='lat' dir='ltr'><strong>incipit</strong></span> <span class='ocrx_word' id='word_1_692' title='bbox 1614 4813 1770 4882; x_wconf 9' lang='lat' dir='ltr'><strong>,r__eui</strong></span> <span class='ocrx_word' id='word_1_693' title='bbox 1814 4810 2021 4882; x_wconf 85' lang='lat' dir='ltr'><strong>de__suo_</strong></span> <span class='ocrx_word' id='word_1_694' title='bbox 2074 4809 2282 4882; x_wconf 74' lang='lat' dir='ltr'><strong>titulum</strong></span> <span class='ocrx_word' id='word_1_695' title='bbox 2340 4809 2566 4882; x_wconf 56' lang='lat' dir='ltr'><strong>pra’ﬁqit</strong></span> <span class='ocrx_word' id='word_1_696' title='bbox 2612 4811 2855 4882; x_wconf 79' lang='lat' dir='ltr'><strong>in_nullo</strong></span> <span class='ocrx_word' id='word_1_697' title='bbox 2912 4811 3095 4882; x_wconf 64' lang='lat' dir='ltr'><strong>codice</strong></span> <span class='ocrx_word' id='word_1_698' title='bbox 3138 4810 3359 4882; x_wconf 48' lang='lat' dir='ltr'><strong>oin-ium:</strong></span> 
     </span>
    </p>
   </div>
   <div class='ocr_carea' id='block_1_93' title="bbox 3480 4808 3818 4880">
    <p class='ocr_par' dir='ltr' id='par_1_93' title="bbox 3480 4808 3818 4880">
     <span class='ocr_line' id='line_1_93' title="bbox 3480 4808 3818 4880; baseline 0 0"><span class='ocrx_word' id='word_1_699' title='bbox 3480 4809 3529 4880; x_wconf 69' lang='lat' dir='ltr'><strong>it</strong></span> <span class='ocrx_word' id='word_1_700' title='bbox 3583 4808 3818 4880; x_wconf 54' lang='lat' dir='ltr'><strong>Seque:</strong></span> 
     </span>
    </p>
   </div>
   <div class='ocr_carea' id='block_1_94' title="bbox 575 4875 3812 4949">
    <p class='ocr_par' dir='ltr' id='par_1_94' title="bbox 575 4875 3812 4949">
     <span class='ocr_line' id='line_1_94' title="bbox 575 4875 3812 4949; baseline -0.002 -15"><span class='ocrx_word' id='word_1_701' title='bbox 575 4884 809 4949; x_wconf 80' lang='lat' dir='ltr'><strong>diploma</strong></span> <span class='ocrx_word' id='word_1_702' title='bbox 857 4897 920 4936; x_wconf 76' lang='lat' dir='ltr'><strong>ea:</strong></span> <span class='ocrx_word' id='word_1_703' title='bbox 964 4879 1080 4936; x_wconf 74' lang='lat' dir='ltr'><strong>MS.</strong></span> <span class='ocrx_word' id='word_1_704' title='bbox 1148 4875 1479 4935; x_wconf 75' lang='lat' dir='ltr'><strong>Maricolensi</strong></span> <span class='ocrx_word' id='word_1_705' title='bbox 1514 4875 1805 4949; x_wconf 50' lang='lat' dir='ltr'><strong>sigilla}.</strong></span> <span class='ocrx_word' id='word_1_706' title='bbox 1857 4875 2133 4930; x_wconf 81' lang='lat' dir='ltr'><strong>llumberti</strong></span> <span class='ocrx_word' id='word_1_707' title='bbox 2199 4875 2460 4949; x_wconf 70' lang='lat' dir='ltr'><strong>munito,</strong></span> <span class='ocrx_word' id='word_1_708' title='bbox 2500 4877 2856 4949; x_wconf 70' lang='lat' dir='ltr'><strong>Hense/reniti:</strong></span> <span class='ocrx_word' id='word_1_709' title='bbox 2894 4880 3054 4932; x_wconf 85' lang='lat' dir='ltr'><strong>edidit</strong></span> <span class='ocrx_word' id='word_1_710' title='bbox 3080 4879 3134 4932; x_wconf 88' lang='lat' dir='ltr'><strong>in</strong></span> <span class='ocrx_word' id='word_1_711' title='bbox 3166 4878 3306 4932; x_wconf 81' lang='lat' dir='ltr'><strong>Actis</strong></span> <span class='ocrx_word' id='word_1_712' title='bbox 3326 4877 3415 4933; x_wconf 87' lang='lat' dir='ltr'><strong>SS.</strong></span> <span class='ocrx_word' id='word_1_713' title='bbox 3477 4875 3812 4949; x_wconf 59' lang='lat' dir='ltr'><strong>Illartii&#39;lll,</strong></span> 
     </span>
    </p>
   </div>
   <div class='ocr_carea' id='block_1_95' title="bbox 575 4947 3810 5020">
    <p class='ocr_par' dir='ltr' id='par_1_95' title="bbox 575 4947 3810 5020">
     <span class='ocr_line' id='line_1_95' title="bbox 575 4947 3810 5020; baseline -0.002 -16"><span class='ocrx_word' id='word_1_714' title='bbox 575 4947 700 5007; x_wconf 71' lang='lat'><strong>560.</strong></span> <span class='ocrx_word' id='word_1_715' title='bbox 742 4953 879 5006; x_wconf 83' lang='lat' dir='ltr'><strong>unde</strong></span> <span class='ocrx_word' id='word_1_716' title='bbox 895 4969 1011 5020; x_wconf 74' lang='lat' dir='ltr'><strong>qum</strong></span> <span class='ocrx_word' id='word_1_717' title='bbox 1031 4961 1265 5020; x_wconf 12' lang='lat' dir='ltr'><strong>oinostro</strong></span> <span class='ocrx_word' id='word_1_718' title='bbox 1301 4947 1599 5020; x_wconf 52' lang='lat' dir='ltr'><strong>differimu&#39;</strong></span> <span class='ocrx_word' id='word_1_719' title='bbox 1621 4947 1949 5020; x_wconf 69' lang='lat' dir='ltr'><strong>subjieimus,</strong></span> <span class='ocrx_word' id='word_1_720' title='bbox 1980 4956 2034 4998; x_wconf 84' lang='lat' dir='ltr'><strong>ut</strong></span> <span class='ocrx_word' id='word_1_721' title='bbox 2059 4961 2298 5016; x_wconf 79' lang='lat' dir='ltr'><strong>quamam</strong></span> <span class='ocrx_word' id='word_1_722' title='bbox 2331 4947 2463 5014; x_wconf 74' lang='lat' dir='ltr'><strong>ﬁdes</strong></span> <span class='ocrx_word' id='word_1_723' title='bbox 2491 4947 2614 5002; x_wconf 79' lang='lat' dir='ltr'><strong>huic</strong></span> <span class='ocrx_word' id='word_1_724' title='bbox 2658 4949 2893 5004; x_wconf 80' lang='lat' dir='ltr'><strong>habenda</strong></span> <span class='ocrx_word' id='word_1_725' title='bbox 2915 4949 2980 5003; x_wconf 80' lang='lat' dir='ltr'><strong>sit</strong></span> <span class='ocrx_word' id='word_1_726' title='bbox 3013 4952 3069 5003; x_wconf 87' lang='lat' dir='ltr'><strong>in</strong></span> <span class='ocrx_word' id='word_1_727' title='bbox 3099 4949 3289 5002; x_wconf 83' lang='lat' dir='ltr'><strong>talibus</strong></span> <span class='ocrx_word' id='word_1_728' title='bbox 3341 4957 3607 5017; x_wconf 74' lang='lat' dir='ltr'><strong>appareat.</strong></span> <span class='ocrx_word' id='word_1_729' title='bbox 3637 4948 3679 4978; x_wconf 80' lang='grc'><strong>³⁷</strong></span> <span class='ocrx_word' id='word_1_730' title='bbox 3724 4947 3810 5000; x_wconf 81' lang='lat' dir='ltr'><strong>l5.</strong></span> 
     </span>
    </p>
   </div>
   <div class='ocr_carea' id='block_1_96' title="bbox 575 5015 1868 5076">
    <p class='ocr_par' dir='ltr' id='par_1_96' title="bbox 575 5015 1868 5076">
     <span class='ocr_line' id='line_1_96' title="bbox 575 5015 1868 5076; baseline -0.007 -1"><span class='ocrx_word' id='word_1_731' title='bbox 575 5021 695 5076; x_wconf 78' lang='lat' dir='ltr'><strong>Kal.</strong></span> <span class='ocrx_word' id='word_1_732' title='bbox 725 5023 791 5074; x_wconf 87' lang='lat' dir='ltr'><strong>A.</strong></span> <span class='ocrx_word' id='word_1_733' title='bbox 823 5015 1008 5076; x_wconf 70' lang='lat' dir='ltr'><strong>desunt</strong></span> <span class='ocrx_word' id='word_1_734' title='bbox 1042 5019 1180 5072; x_wconf 78' lang='lat' dir='ltr'><strong>Mar.</strong></span> <span class='ocrx_word' id='word_1_735' title='bbox 1279 5020 1324 5050; x_wconf 81' lang='grc'>³⁸</span> <span class='ocrx_word' id='word_1_736' title='bbox 1357 5015 1681 5072; x_wconf 80' lang='lat' dir='ltr'><strong>llumbertus</strong></span> <span class='ocrx_word' id='word_1_737' title='bbox 1714 5015 1868 5068; x_wconf 76' lang='lat' dir='ltr'><strong>Mar.</strong></span> 
     </span>
    </p>
   </div>
   <div class='ocr_carea' id='block_1_97' title="bbox 2061 5125 2293 5184">
    <p class='ocr_par' dir='ltr' id='par_1_97' title="bbox 2061 5125 2293 5184">
     <span class='ocr_line' id='line_1_97' title="bbox 2061 5125 2293 5184; baseline 0.022 -5"><span class='ocrx_word' id='word_1_738' title='bbox 2061 5125 2293 5184; x_wconf 70' lang='lat' dir='ltr'><strong>NOTAE.</strong></span> 
     </span>
    </p>
   </div>
   <div class='ocr_carea' id='block_1_98' title="bbox 2321 5218 2520 5234">
    <p class='ocr_par' dir='ltr' id='par_1_98' title="bbox 2321 5218 2520 5234">
     <span class='ocr_line' id='line_1_98' title="bbox 2321 5218 2520 5234; baseline 0 0"><span class='ocrx_word' id='word_1_739' title='bbox 2321 5219 2421 5234; x_wconf 61' lang='grc' dir='ltr'><strong>ΙΛΙΙ.</strong></span> <span class='ocrx_word' id='word_1_740' title='bbox 2482 5218 2520 5234; x_wconf 59' lang='grc' dir='ltr'>λ</span> 
     </span>
    </p>
   </div>
  </div>
