4052 5358
246 353 321 409 $5
1512 354 1517 359 '
1630 345 1827 400 LIBER
1868 340 2152 400 PRIMUS.
3452 337 3528 393 16

254 462 349 516 Dei
379 461 586 515 timore
618 454 695 516 vel
724 458 908 513 .eterni
940 457 1063 513 boni
1114 458 1469 512 retributione
1498 470 1591 510 seu
1624 456 1843 511 abluen-
1871 461 1918 518 Α
1946 454 2096 507 .luda:
2122 448 2395 506 lscariotis
2422 449 2510 518 qui
2540 448 2820 505 Dominum
2847 449 3068 505 tradidit
3087 450 3151 516 ⁸⁸,
3181 458 3239 506 et
3260 451 3305 506 si
3335 468 3528 509 emcn-

253 553 336 606 dis
363 551 504 605 meis
548 551 814 620 peccatis;
862 549 987 618 quia
1035 548 1167 603 dicit
1218 547 1497 617 Scriptura
1534 565 1546 599 :
1584 566 1602 597 ι
1656 547 1845 601 Facite

254 641 407 696 vobis
436 641 652 695 amicos
678 642 743 693 de
775 655 1078 693 mammona
1108 639 1430 708 iniquitatis,
1459 638 1549 707 qui
1577 653 1670 691 vos
1714 654 1843 707 per-

253 730 452 786 ducant
482 732 543 785 in
576 741 815 785 aeternas
841 730 1147 784 mansiones
1173 738 1515 791 sanctorum;
1547 747 1565 776 ι
1599 742 1843 781 rursum-

256 838 357 891 que
381 823 520 876 dicit
546 840 560 875 :
603 842 621 874 ι
659 821 847 877 Facite
871 822 1021 876 vobis
1048 836 1238 875 saccos
1260 868 1265 873 .
1284 819 1595 875 elemosinze
1618 819 1706 887 qui
1735 833 1840 872 non

258 926 606 971 veterascunt
633 916 679 947 ³⁸
719 936 736 967 ι
769 944 839 955 —-
860 915 1056 970 iccirco
1076 916 1238 977 dono,
1269 912 1412 982 quod
1442 914 1841 982 imperpetuum

255 1008 514 1061 donatum
546 1023 671 1062 esse
702 1000 849 1070 volo,
880 1006 948 1060 ad
994 1013 1398 1060 sacrosanctum
1448 1003 1841 1057 monasterium

254 1098 394 1163 quod
417 1111 652 1151 vocatur
677 1096 987 1160 Maricolas,
1016 1095 1158 1164 quod
1184 1096 1265 1148 vir
1300 1094 1525 1148 illustris
1567 1092 1840 1147 Hunther-

257 1198 341 1242 tus
364 1188 411 1219 “
433 1188 713 1257 quondam
740 1203 841 1242 suo
860 1199 1019 1254 opere
1044 1184 1368 1247 construxit,
1393 1184 1481 1239 ubi
1499 1198 1599 1253 ego
1628 1183 1739 1251 ipse
1760 1181 1841 1235 in-

254 1279 452 1348 dignus
478 1288 742 1346 peccator
768 1277 939 1331 abbas
984 1288 1203 1344 preesse
1244 1272 1431 1329 videor
1460 1272 1524 1336 “,
1552 1286 1839 1326 consecra-

254 1376 367 1421 tum
400 1368 454 1421 in
483 1368 694 1422 honore
725 1377 927 1421 sancta:
972 1364 1154 1419 Maria:
1196 1364 1385 1418 matris
1417 1363 1628 1417 Domini
1666 1361 1840 1416 nostri

253 1458 378 1513 Jesu
408 1458 613 1514 Christi
646 1467 703 1515 et
743 1459 917 1513 sancti
940 1456 1083 1511 Petri
1107 1465 1161 1510 et
1182 1454 1329 1509 Pauli
1361 1454 1724 1523 apostolorum
1755 1452 1838 1508 vel

254 1553 599 1619 reiiqltm'um
630 1551 975 1605 dominorum
990 1548 1082 1617 qui
1108 1548 1159 1601 in
1186 1548 1297 1617 ipsa
1326 1547 1548 1600 basilica
1570 1560 1834 1601 veneran-

255 1654 363 1708 tur,
388 1645 555 1698 sitnm
582 1644 635 1697 in
665 1659 803 1714 pago
846 1641 1262 1697 Fanomarcensi
1289 1640 1435 1711 (105)
1463 1655 1623 1710 super
1652 1636 1839 1693 ﬂuvio-

254 1735 365 1787 lum
394 1736 489 1803 qui
530 1746 764 1790 vocatur
820 1733 1013 1802 Helpre
1052 1733 1199 1802 (104)
1234 1749 1247 1785 :
1283 1732 1384 1786 hoc
1431 1730 1576 1785 est“
1630 1738 1837 1799 partem

1948 541 2365 605 darenoluerit,
2393 550 2564 594 nmtet
2602 542 2739 594 Deus
2789 556 3006 598 sensum
3032 541 3148 607 ejus
3175 551 3229 597 et
3251 542 3305 597 in
3332 543 3421 598 illo
3435 542 3531 611 iit:-

1946 634 2086 687 dicio
2120 632 2344 699 recipiat
2393 632 2533 701 quod
2560 632 2797 693 Anauias
2828 641 2882 686 et
2926 631 3151 701 Sa'phira
3204 642 3531 703 receperunt

1946 724 2000 777 in
2063 723 2324 791 presenti,
2356 732 2408 776 et
2455 723 2675 792 insuper
2721 723 3181 792 inseratcogenti
3245 722 3377 779 ﬁsco
3401 725 3523 782 auri

1944 813 2110 867 libras
2130 812 2339 875 decem,
2361 822 2415 866 et
2438 814 2622 871 decem
2645 814 2850 883 argenti
2886 816 3061 882 pondo
3090 825 3313 869 coactus
3333 816 3515 871 exsul:

1945 913 2036 957 vat
2071 903 2137 956 ⁸⁷.
2167 901 2277 956 Nec
2308 903 2352 956 si
2377 903 2504 971 quid
2538 904 2749 969 repetit.
2779 903 2913 957 nihil
2932 903 2974 934 ³⁸
3014 904 3192 959 valeat
3225 906 3522 963 vindicare.

1945 1004 1999 1047 et
2033 1005 2240 1051 merces
2273 1000 2457 1045 nostra
2483 992 2695 1050 inantca
2722 992 2971 1060 proficiat
2997 994 3065 1048 ad
3092 994 3342 1049 salutem.
3380 995 3449 1048 Et
3470 996 3521 1049 si

1943 1082 2120 1150 aliqua
2144 1089 2468 1141 strumenta,
2502 1090 2594 1133 aut
2623 1082 2911 1136 anterioris
2932 1090 3025 1134 aut
3046 1083 3363 1151 posterioris
3391 1099 3525 1153 quo-

1944 1171 2074 1225 libet
2108 1171 2324 1240 ingenio
2367 1170 2451 1223 vel
2500 1180 2835 1241 argumento,
2890 1173 2956 1227 de
2986 1175 3203 1229 nomine
3233 1184 3421 1232 nostro
3467 1176 3521 1233 in

1941 1262 2259 1332 propinquis
2312 1263 2447 1317 meis
2498 1262 2580 1316 vel
2625 1272 2911 1318 extraneas
2958 1248 3218 1333 personas
3248 1265 3527 1333 fueritusv

1944 1366 2126 1410 tensus
2158 1364 2249 1409 aut
2269 1355 2378 1409 ullo
2394 1370 2627 1424 unquam
2654 1363 2891 1424 tempore
2919 1358 3251 1426 apparuerit,
3273 1359 3523 1415 falsarias

1940 1461 2060 1502 esse
2089 1456 2475 1517 cognoscatur,
2506 1456 2581 1503 et
2634 1447 2810 1501 inanis
2839 1458 3173 1516 permaneat.
3201 1448 3305 1505 Sed
3324 1450 3369 1481 δ’
3399 1467 3524 1521 prc-
3552 1504 3555 1509 ,

1940 1550 2067 1591 sens
2094 1537 2365 1591 donatioa
2392 1552 2478 1590 mc
2518 1536 2657 1590 facta
2697 1538 2842 1591 omni
2891 1546 3133 1608 tempore
3176 1542 3327 1594 litma
3362 1541 3523 1596 etin-

1940 1624 2137 1678 violata
2169 1634 2505 1694 permaneat,
2556 1624 2897 1693 stipulatione
2935 1627 3162 1681 subnixa
3210 1629 3523 1684 idoneorum

1942 1717 2179 1780 testium,
2208 1716 2392 1773 domui
2445 1717 2693 1772 videlicet
2767 1716 3112 1773 \‘iudentiani
3161 1720 3420 1792 episcopi,
3467 1731 3525 1777 et

255 1798 553 1878 maximam
587 1824 654 1877 de
679 1798 1021 1893 possessione
1061 1798 1245 1876 nostra
1278 1822 1329 1873 in
1362 1819 1484 1872 villa
1534 1798 1835 1886 nuncupata
1868 1798 1912 1857 Β
1940 1807 2181 1863 F'Ilbeﬂi
2206 1810 2310 1864 mei
2339 1809 2547 1873 fratris.
2574 1810 2667 1863 sed
2699 1808 2772 1863 ίη-
2828 1810 2902 1863 ΠΙ·
2929 1811 2975 1841 ”
3006 1811 3199 1865 Λοιυῐη
3230 1811 3520 1877 Matienus.

257 1914 541 1977 Macerias,
580 1914 684 1968 sila
744 1914 796 1967 in
859 1928 993 1983 pago
1038 1912 1386 1989 Laudunensi
1432 1926 1594 1979 super
1620 1910 1839 1964 ﬂuvium

254 2004 480 2071 lseram,
515 2020 676 2075 quam
698 2003 766 2059 de
793 2005 911 2058 avia
942 2019 1057 2059 mea
1085 2004 1193 2059 Deo
1237 2013 1448 2058 sacrata
1480 2000 1777 2056 Audeliaua
1800 2003 1843 2033 ’δ’

252 2095 530 2167 quondam
559 2095 687 2150 dato
728 2096 910 2165 prcciu
935 2110 1030 2166 per
1074 2095 1405 2152 venditionis
1444 2094 1657 2149 titulum
1694 2110 1843 2149 com-

251 2189 463 2258 paravi,
492 2188 596 2243 hoc
622 2196 705 2243 est
730 2202 948 2243 mansos
962 2188 1280 2251 dominicos,
1311 2187 1526 2256 ubiipsa
1555 2186 1840 2240 Audiliana

256 2282 477 2345 mansit,
509 2280 592 2335 vel
618 2292 805 2351 postea
854 2294 951 2334 nos
1002 2278 1389 2346 editicavimus,
1424 2287 1481 2332 et
1522 2278 1844 2331 tcrrationes

258 2371 429 2441 (405),
460 2380 517 2427 et
549 2387 734 2427 servos
759 2380 815 2426 et
843 2371 1066 2426 ancillas
1104 2370 1226 2425 illcs
1254 2379 1306 2425 et
1337 2371 1476 2424 illas.
1520 2368 1628 2423 Hos
1680 2368 1845 2436 igitur

259 2478 481 2521 mansos
510 2480 632 2520 cum
655 2463 829 2519 terris
870 2464 1112 2519 concidis
1139 2473 1195 2518 et
1229 2464 1441 2534 pascuis
1470 2463 1521 2517 in
1575 2462 1841 2532 integrqu

258 2571 355 2625 per
377 2557 521 2610 hanc
551 2555 747 2611 seriem
790 2554 1029 2625 epistolm
1085 2563 1283 2610 nostra:
1326 2554 1655 2619 donationis,
1683 2568 1841 2621 quam

262 2645 498 2700 [tlinum
552 2645 826 2701 notarium
882 2646 1121 2701 scribere
1172 2647 1499 2714 rogavimus,
1553 2645 1620 2698 ad
1674 2644 1845 2714 ipsam

258 2736 544 2791 basilicam
578 2747 780 2792 sancta:
800 2736 981 2792 Maria:
1002 2736 1273 2792 Mariculis
1288 2739 1303 2807 (
1319 2736 1434 2806 [06)
1452 2746 1842 2798 constructam,

258 2846 287 2881 a
324 2830 565 2898 presenti
605 2830 689 2883 die
720 2830 986 2884 tradimus
1039 2830 1103 2884 ad
1133 2830 1533 2898 possidendum.
1584 2829 1705 2883 llaec
1722 2844 1843 2882 om-

256 2918 345 2971 nia
370 2932 538 2987 supra
559 2917 835 2973 nominata
854 2918 921 2972 ad
945 2918 1117 2989 ipsum
1146 2918 1535 2973 monasterium
1566 2918 1839 2985 delegavi-

258 3024 409 3071 ums,
481 3019 543 3063 ut
568 3010 663 3080 ipsi
690 3009 940 3064 monachi
980 3009 1061 3063 vel
1081 3023 1422 3064 successores
1454 3008 1623 3062 nostri
1658 3008 1710 3061 in
1740 3023 1853 3061 suo

252 3099 377 3166 jure.
406 3098 493 3152 vel
520 3100 891 3154 dominatione
916 3115 942 3151 a
970 3100 1207 3167 presenti
1230 3100 1317 3153 die
1349 3100 1612 3167 recipiant
1633 3098 1701 3151 ad
1718 3112 1844 3167 pos-

258 3188 571 3252 sidendum,
600 3191 792 3243 tamin
853 3190 1016 3243 terris
1064 3204 1226 3257 quam
1277 3190 1545 3253 domibus,
1592 3187 1843 3252 ediﬁciis,

261 3279 571 3350 mancipiis,
598 3281 786 3343 vineis,
816 3282 1197 3351 silvis,pratis,
1222 3284 1461 3350 pascuis,
1492 3283 1646 3351 aquis
1676 3299 1845 3352 aqua-

262 3384 491 3438 rumque
513 3370 845 3435 decursibus,
876 3370 1081 3440 absqne
1102 3372 1260 3424 ullius
1302 3372 1499 3440 judicis
1521 3354 1841 3442 interpella—

263 3462 407 3516 tione
428 3462 507 3527 ”;
544 3462 886 3532 habeantque
911 3464 1072 3516 insua
1087 3471 1352 3532 potestate
1386 3463 1622 3526 tenendi,
1656 3463 1840 3526 dandi,

262 3553 976 3619 vendendi,'commutandi,
1036 3552 1121 3607 vel
1155 3552 1296 3623 quod
1356 3552 1550 3608 exinde
1574 3552 1846 3606 voluerint

266 3643 523 3698 faciendi.
580 3644 872 3713 Propterea
903 3644 957 3697 in
1013 3644 1112 3698 ista
1156 3644 1383 3714 epistola
1436 3643 1747 3708 definimus,
1786 3651 1845 3697 ut

266 3738 407 3790 nulla
447 3737 617 3792 altera
643 3738 687 3770 ⁸⁵
715 3738 925 3793 ratione
954 3736 1224 3792 calumnia
1256 3738 1309 3789 in
1336 3736 1674 3806 postmodum
1704 3738 1847 3790 inter

266 3828 410 3895 ipsos
443 3842 633 3882 servos
664 3827 755 3882 Dei
787 3827 871 3880 vel
903 3828 1129 3882 heredes
1160 3838 1375 3881 nostros
1403 3843 1507 3881 non
1539 3828 1842 3882 adcrescat.

264 3915 318 3968 Si
349 3915 475 3983 quis
499 3929 627 3969 vero
650 3924 768 3984 post
795 3932 914 3977 nos,
939 3916 1081 3985 quod
1115 3916 1351 3969 futurum
1378 3930 1500 3971 esse
1529 3931 1631 3969 non
1665 3917 1846 3971 credi-

264 4022 406 4069 mus,
435 4005 483 4059 si
515 4005 713 4076 aliquis
758 4007 823 4061 de
848 4050 851 4055 ν
876 4008 1169 4063 heredibus
1204 4009 1405 4063 nostris
1452 4018 1543 4062 aut
1594 4008 1854 4078 qnzelibet

262 4097 510 4165 opposita
532 4104 762 4166 persona
790 4108 981 4152 contra
1011 4099 1150 4154 hanc
1189 4099 1532 4154 donationem
1583 4109 1841 4161 nostram,

262 4203 428 4254 quam
463 4187 578 4242 fieri
595 4189 925 4258 rogavimus,
946 4191 1236 4244 venireaut
1262 4189 1556 4260 infringere
1569 4191 1803 4245 voluerit
1831 4210 1843 4244 :

264 4280 521 4347 primitus
548 4278 682 4333 iram
720 4280 873 4334 trime
923 4280 1223 4348 majestatis
1259 4282 1521 4341 incurrat,
1554 4290 1611 4335 et
1635 4283 1857 4335 sitana-.

267 4370 469 4434 thema,
502 4382 558 4423 et
607 4369 849 4431 deleatur
900 4384 1097 4424 nomen
1128 4368 1244 4437 ejus
1278 4370 1344 4424 de
1373 4370 1513 4424 libro
1556 4370 1847 4424 viventium

1940 1899 2058 1970 Ipse
2087 1910 2265 1955 tamen
2316 1899 2689 1957 Chuuebcrtus
2738 1902 2806 1967 ⁵⁸,
2840 1902 2939 1958 ctsi
2996 1912 3269 1971 peccator,
3328 1904 3515 1971 abbas,

1942 1999 2159 2068 propria
2188 2015 2349 2053 manu
2381 1998 2664 2054 confirmo.
2697 2017 2716 2050 ι

1957 2127 1961 2130 ~
2012 2090 2102 2145 28.
2137 2089 2385 2158 Sepultus
2412 2102 2485 2143 est
2514 2091 2567 2144 in
2592 2099 2764 2144 monte
2788 2089 2846 2145 S.
2884 2089 3073 2162 Eligii.
3104 2092 3180 2148 De
3208 2091 3327 2146 Vita
3360 2091 3524 2161 hujus

1942 2180 2245 2235 beatissimi
2278 2179 2552 2250 pontificis
2580 2189 2744 2250 atque
2770 2181 3143 2251 gloriosissimi
3192 2182 3526 2237 confessoris

1942 2274 2145 2328 Christi
2183 2287 2352 2340 pauca
2382 2272 2687 2337 retulimus,
2733 2287 2851 2341 quae
2903 2281 2997 2327 aut
3041 2288 3139 2343 pro
3188 2273 3417 2329 raritate
3444 2283 3527 2331 ct

1945 2365 2158 2436 ignavia
2186 2367 2512 2435 scriptorum
2548 2366 2789 2433 neglecta
2817 2374 3092 2435 putamus,
3122 2375 3215 2420 aut
3251 2381 3349 2434 pro
3374 2366 3523 2419 sedi»

1950 2459 2190 2514 tionibus
2231 2457 2547 2527 procellosis
2594 2457 2790 2526 quibus
2840 2465 3057 2513 sanctas
3111 2456 3204 2511 Dei
3249 2456 3525 2510 (ecclesias

1944 2564 2159 2618 semper
2206 2548 2558 2618 naufragasse
2600 2562 2763 2617 supra
2817 2548 3052 2602 diximus
3082 2547 3149 2618 (ε.
3190 2546 3270 2615 5),
3313 2547 3517 2616 scripta

1944 2641 2255 2711 disperiisse
2283 2640 2573 2695 credimus.
2607 2640 2759 2707 Quod
2794 2638 3039 2710 profecto
3064 2640 3285 2694 minime
3312 2650 3396 2694 est
3416 2639 3522 2691 du-

1944 2732 2245 2787 bitandum.
2272 2731 2414 2785 Fieri
2448 2732 2592 2785 enim
2640 2739 2816 2801 potest
2840 2741 2920 2796 ut,
2950 2746 3072 2787 cum
3107 2730 3271 2785 tantis
3302 2730 3527 2785 subver~

1945 2822 2189 2879 sionibus
2233 2822 2602 2878 mcclesiarum
2634 2838 2741 2877 una
2786 2822 2950 2877 etiam
2996 2821 3295 2884 volumina,
3329 2821 3527 2890 quibus

1946 2915 2118 2969 series
2146 2914 2272 2969 vita:
2301 2923 2356 2968 et
2381 2914 2767 2969 miraculorum
2807 2914 2972 2982 hujus
3009 2914 3182 2968 sancti
3213 2914 3315 2967 viri
3352 2915 3526 2968 conti.

1948 3004 2196 3069 nebatur,
2227 3005 2376 3060 auris
2404 3005 2620 3073 quidem
2646 3005 2943 3060 ridentibus
2972 3006 3142 3077 (107),
3169 3006 3519 3075 disperirent.

1947 3095 2213 3162 Quoniam
2247 3112 2375 3151 vero
2398 3112 2509 3166 pro
2535 3100 3019 3167 supramcmoratis
3072 3099 3252 3154 causis
3290 3100 3527 3154 existen-

1952 3186 2097 3239 tibus
2125 3186 2392 3240 incertum
2417 3197 2502 3241 est
2527 3188 2689 3242 etiam
2741 3199 2947 3259 quanto
2992 3189 3245 3245 videlicet
3287 3198 3529 3263 tempore

1950 3276 2253 3331 atcclesiam
2285 3277 2763 3336 Camaracensium
2800 3290 3034 3348 rexerat,
3063 3291 3119 3338 et
3145 3298 3262 3353 qua-
3286 3300 3531 3354 persona:

1949 3362 2064 3431 ejus
2090 3366 2400 3421 l'unehrilati
2441 3370 2587 3438 (103)
2628 3371 2980 3425 interfuerant
3013 3390 3025 3425 :
3062 3375 3182 3429 ideo
3208 3389 3273 3429 ex
3304 3375 3388 3427 his
3416 3390 3524 3427 me-

1950 3456 2053 3511 lius
2078 3468 2161 3511 cst
2189 3457 2351 3512 silere
2400 3476 2560 3528 quam
2595 3462 2897 3516 fabulosum
2929 3465 3058 3534 quid
3089 3468 3374 3519 conﬁcere.
3414 3465 3528 3518 Hoc

1950 3558 2130 3604 autem
2160 3566 2257 3618 pro
2288 3560 2439 3606 certo
2468 3552 2655 3607 audire
2676 3551 2926 3619 sulliciat,
2959 3556 3101 3624 quod
3153 3556 3219 3608 ad
3277 3569 3527 3608 remune-

1949 3639 2211 3693 rationem
2266 3641 2347 3695 sui
2394 3640 2593 3695 laboris
2631 3641 2891 3707 dieobita
2946 3645 2980 3698 5
3022 3643 3143 3699 ldus
3166 3643 3339 3698 Martii
3372 3645 3523 3713 (ltiti)

1951 3734 2203 3802 migravit
2236 3735 2302 3789 ad
2330 3734 2626 3799 Christum,
2664 3737 3013 3807 sepultusque
3038 3749 3122 3793 est
3173 3738 3225 3791 in
3278 3737 3522 3802 basilira,

1949 3825 2002 3879 in
2032 3826 2149 3881 loco
2174 3827 2421 3882 videlicet
2456 3827 2546 3897 qui
2575 3828 2775 3882 dicitur
2825 3828 2976 3885 Mons
3026 3830 3196 3885 sancti
3225 3829 3404 3900 Eligii,
3436 3828 3528 3882 ubi

1948 3918 2218 3987 quondam
2255 3920 2387 3990 ipse,
2413 3935 2534 3973 cum
2566 3930 2841 3991 egrotaret
2866 3923 3004 3991 apud
3029 3921 3325 3979 Brosellam
3357 3921 3528 3987 (ΗΟ),

1950 4010 1983 4064 d
2007 4011 2201 4064 mcesis
2231 4026 2341 4064 sua:
2371 4010 2725 4077 territorium,
2746 4011 2905 4080 jussit
2933 4027 2992 4067 se
3022 4012 3438 4081 transferri,pro
3461 4026 3527 4062 co

1951 4102 2091 4170 quod
2116 4102 2187 4156 ibi
2225 4102 2413 4156 beatus
2445 4101 2647 4172 Eligius
2672 4103 3023 4159 habitationis
3061 4119 3170 4157 suae
3211 4103 3413 4158 fecerat
3445 4102 3528 4154 di-

1953 4193 2276 4257 versorium,
2309 4193 2393 4247 cui
2424 4194 2615 4249 beatus
2644 4192 2997 4249 Vindicianus
3025 4193 3275 4249 familiari
3310 4209 3406 4248 usu
3438 4193 3521 4246 t'i-

1953 4285 2199 4340 lectionis
2228 4286 2521 4340 inhescrat.
2750 4296 2751 4299 ‘
2852 4266 2861 4283 ’

2024 4375 2115 4431 29.
2149 4374 2382 4429 Clericus
2402 4378 2614 4446 quidam
2656 4377 2854 4432 tumulo
2886 4380 3055 4432 sancti
3102 4378 3198 4431 viri
3245 4378 3530 4439 nesciemer

267 4461 474 4526 celesti,
505 4469 559 4519 ct
580 4478 699 4516 cum
749 4462 914 4533 justis
952 4477 1055 4515 non
1088 4462 1378 4521 scribatur.
1406 4464 1499 4516 sed
1529 4463 1601 4517 sit
1629 4477 1853 4517 consors
1882 4482 1928 4537 υ
1956 4464 2236 4531 insultans,
2262 4466 2454 4522 lumine
2475 4468 2732 4537 privatur,
2778 4478 2824 4523 et
2873 4470 2990 4523 item
3026 4470 3375 4526 illuminatur.
3400 4468 3530 4525 Post

1586 4620 1819 4675 VARl/E
1857 4619 2258 4679 LECTIONES.

338 4753 462 4822 ³³].
496 4750 546 4805 d.
584 4749 623 4805 Γ.
655 4768 709 4805 v.
734 4767 779 4808 s.
804 4767 854 4807 c.
889 4768 943 4822 q.
986 4768 1039 4807 η.
1062 4768 1115 4805 v.
1147 4752 1331 4807 desunt
1384 4751 1521 4806 Μαν,

1635 4753 1679 4785 ⁶⁰
1713 4753 2053 4810 Radoltertus
2097 4754 2235 4808 Mar.
2266 4757 2409 4825 quod
2474 4769 2706 4822 rectum;

2758 4757 3007 4828 fundator
3070 4762 3207 4814 enim
3269 4777 3373 4813 non
3428 4760 3529 4828 [u't

275 4820 332 4904 ᾗ
370 4820 689 4904 Humbertus
734 4823 863 4893 ipse,
894 4820 1376 4904 hdﬂadobertus,
1431 4823 1979 4904 aliasCItroaettertus
2005 4842 2097 4881 seu
2148 4820 2513 4904 (Jhuueberlus
2556 4820 2769 4904 dictus:
2815 4828 2895 4883 Ex
2941 4831 3044 4904 hac
3093 4830 3333 4904 nominis
3360 4820 3531 4904 forata

242 4940 245 4943 ,
272 4889 645 4966 (ihunebertus
669 4889 821 4966 error
843 4894 1008 4966 nostri
1039 4905 1183 4966 ortus
1198 4911 1307 4949 esse
1323 4904 1508 4962 potest.
1538 4895 1579 4924 “
1599 4895 1796 4966 itt.e._i_.
1826 4894 1863 4947 i.
1896 4911 1951 4965 p.
1982 4913 2043 4952 a.
2076 4913 2127 4966 p.
2158 4897 2427 4966 v.7ttesunt
2464 4897 2599 4950 Mar.

277 4963 407 5014 liana
451 4974 619 5016 const.
658 4963 795 5017 Mar.
825 4965 873 4996 “
900 4964 1201 5028 advocatia,
1224 4966 1506 5019 vexatione
1536 4964 1681 5016 addit
1726 4963 1863 5016 Il-lar.

272 5033 313 5064 “
350 5041 400 5087 ct
428 5034 652 5105 insuper
681 5065 747 5073 —
775 5037 1021 5092 exsolvat
1049 5035 1234 5089 desunt
1261 5035 1400 5089 Mar.
1478 5035 1524 5065 ⁸⁸
1553 5039 1693 5089 deest
1721 5032 1858 5086 Mar.

2678 4897 2723 4928 “
2756 4898 2808 4951 h.
2829 4914 2877 4952 ρ.
2917 4900 3101 4951 desunt
3126 4898 3264 4952 Mur.
3290 4898 3335 4929 ⁵³
3365 4899 3533 4952 Andi-

2419 4968 2465 4999 “
2494 4967 2584 5020 sed
2611 4982 2656 5020 s.
2688 4967 2807 5037 c.7l.
2836 4968 2877 5021 l.
2908 4984 2962 5037 q.
2996 4968 3067 5037 υ,
3092 4976 3130 5020 t.
3162 4969 3345 5021 desunt
3385 4968 3545 5023 Mur.‘

2374 5038 2418 5069 ⁵ο
2453 5038 2525 5091 ill.
2553 5036 2701 5097 ctill.
2738 5036 2878 5092 Mar.
2930 5036 2995 5076 ’5‘
3028 5036 3357 5101 llumberlus
3387 5037 3533 5093 Mur.

1960 4971 2004 5003 "
2033 4965 2171 5021 deest
2204 4965 2257 5017 Μ
2263 4983 2342 5020 ar.

1943 5040 1990 5075 ιθ
2028 5047 2085 5096 et
2128 5035 2266 5090 Mar.

1772 5164 2017 5237 ΝΟΤΑζ,
