4052 5358
483 346 553 398 47
1442 344 1667 400 casn
1715 337 2135 400 PONTIFICUM
2170 339 2775 400 causamunam.
3548 404 3555 410 ,
3651 345 3737 404 rs

483 456 709 510 multum
742 453 1019 524 temporis,
1048 468 1170 509 cum
1195 452 1307 523 jam
1339 455 1596 512 Dominus
1620 462 1872 509 sanctum
1896 467 2050 509 suum
2080 454 2128 512 Λ
2159 451 2424 521 ignobilis,
2451 452 2545 507 sed
2574 452 2783 522 privato
2831 447 3036 505 lumine
3090 448 3315 511 debilis;
3346 466 3479 523 qna:-
3515 457 3735 524 paratis

484 545 759 601 miriticari
797 545 1107 614 disponeret
1154 560 1339 609 musa,
1388 546 1689 600 intervenit
1716 559 1835 614 qua
1887 543 2059 613 signis

483 638 911 693 evidentioribus
952 625 1182 707 jacentis
1227 639 1419 691 merita
1453 636 1845 692 manifestaret.
1888 636 2057 690 Erant

482 728 725 781 Atrebati
757 725 1014 781 nobilium
1042 722 1282 780 virorum
1323 726 1436 789 lilii,
1472 725 1774 780 literalibus
1817 724 2055 794 discipli-

480 818 570 873 nis
598 818 698 872 sub
742 816 998 885 magistro
1044 816 1345 871 erudiendi.
1386 815 1453 868 Et
1498 823 1709 884 tempus
1762 815 2056 868 advenerat

482 923 591 977 quo
622 908 720 977 ipsi
734 906 921 977 pueri,
949 906 1018 961 ab
1043 906 1229 960 eodem
1280 905 1539 974 magistro
1582 904 1786 974 rogati,
1811 904 1877 958 ad
1921 903 2057 959 seri-

482 999 716 1067 ptoriam
786 1007 955 1052 artem
1006 995 1267 1064 liquorem
1317 994 1498 1051 facere
1547 996 1824 1051 deberent.
1880 995 2055 1050 Locus

480 1101 687 1157 autem,
736 1106 845 1161 quo
890 1090 978 1143 vir
1018 1088 1110 1143 Dei
1161 1087 1404 1157 sepultus
1449 1088 1779 1157 quiescebat,
1821 1086 1932 1157 jam
1965 1101 2057 1142 ve.-

484 1184 671 1252 pribus
723 1192 778 1238 et
828 1181 1004 1251 spinis
1053 1177 1245 1249 plenus
1284 1188 1431 1245 erat,
1474 1194 1573 1234 nec
1620 1178 1897 1233 habitator
1923 1176 2058 1233 inibi

483 1284 600 1329 erat
632 1316 647 1339 ,
702 1289 800 1345 pro
854 1288 920 1328 eo
964 1271 1109 1343 quod
1170 1271 1449 1342 gentilium
1508 1270 1853 1326 infestatione
1905 1268 2056 1325 locus

482 1381 548 1418 ex
576 1364 743 1417 multo
771 1375 1018 1431 tempore
1046 1360 1293 1415 desertus
1323 1359 1518 1416 fuerat.
1553 1360 1721 1428 llujus
1752 1360 1855 1427 rei,
1884 1375 2047 1431 quam

480 1468 667 1519 narro,
699 1464 867 1509 testes
885 1468 1060 1522 usque
1093 1452 1160 1507 ad
1194 1461 1381 1507 nostra
1431 1461 1671 1522 tempora
1717 1453 2049 1522 superfuere.

482 1544 942 1614 Supramcmorati
974 1558 1213 1614 namque
1234 1541 1420 1596 clerici
1443 1542 1593 1612 (Ill)
1621 1556 1743 1595 cum
1767 1538 2053 1607 circnmja-

478 1636 654 1689 contis
684 1633 926 1689 nemoris
949 1635 1157 1703 spineta
1185 1633 1499 1692 lustrarent,
1532 1631 1600 1685 ad
1622 1630 1893 1686 basilicam
1915 1631 2053 1685 forte

481 1727 775 1780 divertunt.
800 1725 907 1780 Ubi
936 1725 1061 1780 dum
1083 1725 1164 1789 hi,
1199 1724 1395 1793 quibus
1435 1722 1597 1777 altior
1646 1735 1799 1776 mens
1851 1720 2050 1786 fuerat,

2160 540 2384 605 viaticis,
2421 542 2687 612 proﬁcisci
2726 541 2951 597 Romam
3000 540 3067 596 ad
3118 540 3302 596 limina
3355 543 3734 613 apostolorum

2159 647 2255 701 pro
2286 632 2587 703 recipienda
2616 632 2791 687 salute
2817 632 3178 703 disposuerat.
3223 632 3391 690 Nocte
3436 635 3599 707 igitur
3629 651 3725 703 ea,

2157 741 2261 794 qua
2292 729 2564 797 sequentis
2589 728 2692 783 diei
2725 742 2881 783 mane
2909 726 3259 797 profectionis
3280 728 3384 783 iter
3408 739 3723 800 paraverat.

2158 817 2414 873 divinitus
2443 827 2838 884 commonctur,
2863 827 2922 873 ut
2951 819 3018 873 ad
3046 818 3393 889 sepulchrum
3420 820 3561 875 beati
3592 820 3725 876 Vin-

2156 906 2339 962 ditimi
2364 923 2488 963 cum
2514 908 2784 964 oblatione
2811 924 2905 963 sua
2928 920 3267 979 properaret,
3295 910 3367 965 ibi
3399 918 3602 981 optata:
3632 911 3725 965 Ιυον

2155 1000 2233 1055 cis
2278 1001 2591 1056 romniertia
2640 1010 2941 1070 receptura.
2971 1002 3135 1057 Facto
3179 992 3359 1072 itaque
3385 1003 3723 1073 crepusculo,

2155 1098 2411 1160 carpento
2463 1092 2899 1161 superimposita,
2926 1102 2984 1146 ut
3011 1093 3215 1148 monita
3246 1092 3441 1158 fuerat,
3463 1093 3725 1164 explevir.

2157 1178 2390 1235 Veniens
2420 1181 2585 1249 igitur
2611 1181 2676 1235 ad
2706 1180 2967 1236 tmnulum
2995 1182 3100 1237 viri
3130 1182 3250 1247 Dei,
3282 1197 3403 1237 mox
3432 1192 3492 1237 ut
3520 1192 3730 1240 terram

2154 1271 2328 1327 oculis
2348 1272 2547 1344 attigit,
2581 1273 2752 1343 aperti
2787 1282 2911 1329 sunt
2945 1272 3086 1329 oculi
3131 1272 3266 1344 ejus,
3299 1282 3353 1329 et
3379 1274 3459 1329 sic
3484 1274 3729 1345 gaudens

2155 1362 2315 1417 rcdiit
2344 1364 2410 1417 ad
2438 1363 2674 1433 propria.

2223 1453 2311 1507 33.
2341 1453 2500 1507 Multi
2525 1454 2744 1509 diversis
2767 1454 3084 1509 cruciatibus
3101 1454 3242 1524 ιι(εεὶ
3266 1464 3408 1519 sunt,
3429 1454 3569 1525 quod
3593 1464 3730 1509 tem-

2152 1542 2293 1611 plum
2321 1544 2435 1614 ejus
2457 1543 2738 1598 violarunt.
2766 1543 3018 1599 Heinrico
3049 1554 3229 1600 autem
3254 1544 3524 1615 quondam
3549 1544 3722 1612 impc-

2156 1641 2356 1697 ratore,
2389 1634 2523 1688 ortis
2552 1632 2914 1690 simultatibus
2963 1633 3104 1688 inter
3146 1631 3466 1688 Balduinum
3492 1631 3639 1702 (H5)
3668 1640 3729 1685 et

2153 1723 2434 1779 Arnulfum
2463 1726 2714 1781 comitem
2755 1725 2923 1796 (Ill),
2954 1725 3248 1781 Balduinus
3288 1725 3521 1781 colecta
3557 1738 3727 1778 manu

478 1824 747 1877 orassent,
768 1814 1014 1884 juniores
1036 1814 1197 1869 situm
1219 1813 1491 1867 interioris
1511 1810 1767 1866 tecclesia:
1783 1811 2050 1867 curiosius
2081 1795 2128 1855 Β
2154 1812 2462 1881 Amulium,
2493 1814 2617 1885 quia
2654 1795 2887 1870 numero
2908 1815 3134 1871 inferior
3156 1824 3293 1881 erat,
3324 1832 3354 1869 a
3386 1814 3730 1869 Valentianie

480 1903 1005 1972 cuiatemplabantur.
1042 1903 1188 1960 Unus
1219 1911 1398 1959 autem
1441 1917 1506 1957 ex
1556 1902 1642 1957 his
1691 1902 1758 1956 ad
1786 1902 2048 1957 tumulum

480 1995 582 2047 viri
621 1995 713 2049 Dei
739 1994 1008 2049 incautius
1032 1994 1318 2059 accedens,
1351 1993 1491 2048 sicut
1533 2001 1682 2047 terra
1708 1992 1995 2048 dehiscens
2018 2008 2049 2047 a

479 2096 692 2136 summo
720 2097 892 2150 usque
920 2084 1173 2137 deorsum
1195 2084 1391 2138 rimam
1420 2082 1643 2145 fecerat,
1695 2082 1785 2137 ille
1833 2092 2052 2152 arrepto

480 2171 693 2226 sarculo
718 2172 882 2241 carpit
910 2171 1221 2242 speluncam
1249 2172 1405 2243 quasi
1451 2172 1720 2227 insultans
1763 2172 2052 2228 lodicando

482 2273 871 2335 pertemptare.
896 2265 995 2332 Qui
1025 2265 1207 2320 statim
1243 2265 1485 2321 ctecitate
1530 2279 1837 2335 percussus,
1888 2262 2053 2333 coepit

481 2355 751 2424 palpando
778 2356 970 2413 ducem
999 2372 1269 2426 quaerere,
1318 2357 1507 2411 ducem
1555 2356 1811 2411 clamare.
1857 2354 2051 2409 Exter-

480 2448 568 2500 riti
592 2447 683 2515 qui
714 2448 942 2503 aderant
963 2449 1140 2503 subita
1170 2458 1398 2505 eventus
1441 2448 1850 2511 immutatione,
1880 2445 2050 2515 magis

479 2538 580 2591 sibi
606 2536 837 2607 quisque
859 2539 1103 2603 timebat,
1162 2554 1230 2593 ne
1270 2540 1511 2609 percussi
1572 2537 1733 2594 simili
1784 2536 2049 2591 sententia

481 2628 863 2695 plecterentur.
896 2628 1310 2686 Sciscitantibus
1355 2640 1535 2685 autem
1587 2628 1783 2699 privati
1829 2643 2048 2683 causam

480 2716 721 2779 luminis,
749 2718 1051 2787 respondit,
1080 2734 1147 2774 ex
1177 2719 1522 2774 insultatione
1548 2717 1859 2783 temeraria,
1883 2732 2048 2786 quam

480 2806 745 2861 tumulato
774 2808 1047 2875 intulerat,
1075 2810 1177 2864 sibi
1221 2811 1420 2866 misero
1469 2810 1573 2865 hoc
1623 2809 1906 2864 accidisse.
1964 2807 2048 2862 lu-

478 2906 641 2952 vento
668 2898 830 2969 igitur
857 2899 1113 2955 salutaris
1141 2902 1361 2957 remedii
1385 2901 1633 2965 consilio,
1682 2915 1911 2970 puerum
1952 2915 2046 2954 ca-

474 2988 604 3055 pitis
624 2986 705 3042 sui
737 2988 1180 3060 deditioneﬂli)
1204 3000 1369 3046 tantm
1398 2990 1884 3046 animadversionis
1911 2991 2046 3044 iram

477 3078 693 3147 placare
718 3080 967 3135 suadent.
1023 3079 1220 3149 Sicque
1274 3079 1474 3135 factum
1497 3089 1619 3147 est;
1670 3093 1792 3135 mea
1844 3080 2045 3136 lumine

478 3181 717 3239 recepto,
754 3186 887 3239 puer
908 3172 1047 3226 haud
1076 3172 1420 3229 mediocriter
1446 3172 1747 3243 castigatus
1770 3171 1946 3227 rediit.

550 3262 636 3315 50.
671 3260 771 3316 Ubi
814 3260 1094 3316 Fulbertus
1122 3263 1390 3331 episcopus
1433 3275 1672 3319 sanctum
1699 3280 1884 3333 corpus
1914 3262 2048 3317 beati

493 3348 786 3416 l'iuditiani
812 3351 1096 3419 honoriﬁce
1124 3351 1330 3405 levavit.
1376 3351 1546 3422 Hujus
1590 3353 1772 3424 itaque
1804 3352 2050 3409 miraculi

478 3441 621 3493 fama
653 3453 749 3508 per
787 3439 1018 3495 vicinam
1066 3440 1340 3509 regionem
1393 3443 1697 3511 pertonuit,
1730 3442 2051 3513 plebemque

480 3529 638 3598 longe
684 3528 897 3598 lateque
944 3545 1104 3598 super
1130 3532 1526 3587 venerationem
1559 3533 1690 3586 tanti
1722 3532 1821 3587 viri
1847 3533 2051 3588 excita—

480 3616 575 3669 vit.
610 3615 723 3681 Qua
746 3616 906 3670 etiam
930 3616 1218 3674 Fulbcrtus
1238 3618 1476 3688 pontifex
1510 3622 1789 3683 attonitus,
1815 3622 1911 3691 qui
1928 3632 2050 3690 post

478 3702 630 3756 illum
658 3703 785 3757 15ιιι
815 3704 870 3757 in
907 3705 1180 3774 cpiscopio
1227 3707 1431 3773 extitit,
1468 3718 1716 3763 sanctum
1743 3725 1940 3777 corpus
1970 3713 2045 3765 le-

478 3808 612 3848 vare
632 3793 915 3864 disposuit,
947 3805 999 3851 et
1031 3796 1326 3852 honoriﬁce
1369 3798 1427 3852 in
1469 3798 1657 3855 locello
1686 3800 1891 3870 lapideo
1919 3814 2049 3855 con-

478 3882 649 3935 ditum
676 3884 911 3953 repperit
936 3884 1095 3954 (circa
1126 3901 1215 3938 an.
1242 3885 1388 3957 940).
1422 3885 1589 3942 Suum
1642 3896 1822 3944 autem
1863 3890 2048 3945 archi-

478 3969 785 4037 diaconnm,
819 3980 876 4025 ut
909 3972 1109 4038 ferunt,
1136 3972 1467 4030 Honoratum
1490 3974 1641 4046 juxta
1678 3978 2046 4048 quiescentem

480 4062 743 4116 intactum
773 4061 1009 4133 reliquit.

544 4150 631 4205 51.
668 4151 768 4207 Ubi
790 4156 985 4210 meritis
1009 4157 1177 4210 sancti
1203 4155 1484 4214 l'inditiaru'
1505 4164 2047 4221 caecusilluruinatnr.

471 4242 606 4297 Erat
634 4254 881 4314 preterea
914 4246 966 4299 in
994 4248 1267 4305 territorio
1304 4250 1672 4309 Attrebatensi
1721 4255 1914 4309 mulier
1948 4258 2046 4310 ba-

486 4333 621 4388 bens
652 4334 867 4389 unicum
898 4335 1085 4401 lilium,
1116 4339 1223 4403 cui,
1251 4341 1556 4409 patentibus
1583 4343 1768 4399 oculis.
1804 4345 1891 4399 lux
1926 4347 2041 4416 ipsa

2152 1903 2393 1973 expulit;
2448 1904 2588 1973 quod
2637 1904 2855 1974 quidem
2902 1913 3141 1959 castrum
3202 1904 3428 1974 imperio
3481 1902 3722 1957 Heinrici

2153 1998 2498 2068 subiugatum
2526 1998 2723 2053 fuerat.
2750 1998 3066 2069 Indignatus
3102 2000 3393 2069 imperator
3422 2010 3601 2053 rerum
3639 1996 3737 2071 in-p

2151 2090 2401 2156 solentia,
2424 2098 2661 2144 castrum
2685 2099 2739 2145 et
2756 2092 2869 2159 ipse
2883 2088 3165 2147 obsidione
3185 2090 3377 2145 clausit
3399 2091 3511 2162 (an.
3540 2087 3721 2156 l006).

2151 2180 2232 2234 Ad
2266 2180 2409 2235 hunc
2436 2180 2733 2236 llotbertus
2758 2180 3089 2237 Francorum
3122 2197 3214 2237 rex
3244 2180 3562 2236 innovandae
3587 2179 3725 2234 an.i—

2152 2270 2294 2325 cilia!
2322 2270 2519 2341 gratia,
2551 2271 2649 2326 sed
2675 2282 2729 2326 et
2758 2271 3060 2327 Ricbardus
3088 2271 3561 2343 Rotomagensium
3586 2272 3731 2349 dux,

2150 2373 2274 2414 cum
2298 2360 2506 2415 inﬁnita
2532 2360 2872 2417 multitudine
2898 2372 3287 2418 convenerunt.
3320 2361 3467 2416 Gens
3492 2361 3609 2429 ipsa
3642 2360 3727 2413 fc-

2152 2461 2248 2502 rox
2296 2458 2352 2504 et
2396 2450 2606 2519 inquies
2639 2451 2808 2521 (115),
2856 2461 2911 2505 et
2958 2452 3198 2505 avaritia:
3243 2450 3438 2505 studiis
3480 2448 3722 2513 fervens,

2150 2552 2251 2592 nec
2273 2538 2545 2594 recclesias
2574 2539 2667 2594 Dei
2710 2540 2978 2594 immunes
3010 2540 3337 2606 reliquerant
3367 2536 3722 2592 incursionis.

2149 2627 2321 2682 Porro
2359 2628 2768 2682 Atrabatensem
2822 2628 3153 2698 provinciam
3204 2634 3557 2698 peragrantes
3580 2664 3596 2689 ,
3631 2640 3722 2694 pa-

2150 2716 2307 2769 triam
2337 2716 2535 2771 misera
2572 2717 2717 2771 caede
2747 2717 3036 2771 vexabant.
3067 2716 3144 2770 Ex
3168 2716 3253 2770 bis
3282 2714 3445 2784 aliqui
3469 2714 3535 2768 ad
3559 2726 3724 2768 mon-

2150 2813 2256 2859 tem
2279 2806 2450 2861 sancti
2476 2806 2656 2876 Eligii,
2687 2806 2754 2861 de
2783 2821 2891 2876 quo
2916 2822 3077 2877 supra
3107 2805 3460 2861 disseruimus
3497 2805 3565 2874 (c.
3596 2802 3720 2871 28).

2148 2896 2513 2962 devenientes,
2538 2896 2827 2951 audierunt
2856 2896 3239 2950 monasterium
3269 2893 3448 2949 multis
3469 2891 3717 2965 pecuniis

2146 2996 2202 3041 et
2244 2988 2684 3058 congestionibus
2736 2986 3016 3043 refertum.
3055 2987 3221 3041 Facto
3272 2985 3435 3056 igitur
3476 2985 3715 3056 agmine,

2150 3078 2409 3148 templum
2444 3079 2745 3149 irrumpere
2787 3080 3116 3149 nitebantur.
3150 3077 3531 3133 lteuitentibus
3551 3076 3714 3132 cleri-

2147 3171 2249 3235 cis,
2280 3187 2419 3225 unus
2450 3171 2736 3226 barbarico
2784 3171 2964 3225 [iurare
3019 3180 3335 3234 conmotus,
3368 3169 3481 3225 telo
3506 3170 3721 3225 vibrato

2149 3275 2315 3313 unum
2345 3276 2411 3314 ex
2438 3259 2867 3316 sacerdotalibus
2897 3261 3032 3315 viris
3074 3262 3129 3314 iu
3174 3261 3291 3331 ipso
3339 3260 3485 3314 aditu
3532 3259 3718 3327 templi

2149 3350 2466 3420 prostravit;
2506 3351 2671 3405 ceteri
2700 3365 2851 3417 vero,
2877 3351 3129 3406 fraterna:
3184 3352 3332 3407 necis
3388 3350 3574 3405 dolone
3618 3366 3712 3404 ac-

2149 3444 2339 3507 censi,
2396 3444 2727 3514 pertinacius
2777 3446 3134 3500 rebellabant.
3190 3446 3507 3501 Ditlicultate
3551 3446 3716 3514 igitur

2151 3533 2314 3597 facta,
2334 3547 2457 3590 cum
2488 3535 2672 3591 hostes
2721 3536 2975 3607 templum
3024 3536 3308 3607 elIringere
3340 3552 3444 3591 non
3476 3544 3718 3606 possent,

2149 3641 2287 3679 unus
2313 3641 2524 3690 eorum,
2563 3641 2763 3682 vesano
2786 3629 2974 3698 spiritu
3007 3637 3269 3692 armatus,
3305 3635 3503 3683 tectum
3530 3627 3713 3696 templi

2149 3732 2376 3772 ascensu
2407 3718 2706 3786 superavit,
2730 3726 2785 3773 et
2816 3734 2911 3787 per
2935 3718 3208 3786 laquearia
3238 3731 3359 3772 sese
3390 3718 3532 3771 intro
3563 3731 3712 3769 sum-

2148 3806 2317 3870 misit,
2341 3816 2395 3860 et
2420 3806 2742 3875 improvisus
2768 3807 2915 3861 viros
2933 3821 2963 3861 a
2996 3816 3147 3877 tergo
3169 3807 3337 3861 ferire
3364 3807 3549 3876 cepit.
3578 3804 3714 3860 Tur-

2146 3898 2258 3953 bati
2287 3898 2647 3966 quiaderant,
2678 3912 2798 3951 cum
2826 3898 3032 3952 hostem
3078 3899 3129 3952 in
3178 3899 3356 3953 medio
3402 3899 3487 3953 sui
3525 3912 3715 3952 cerne-

2146 3997 2301 4053 rent;
2333 3989 2460 4042 dum
2492 3989 2790 4057 posteriora
2840 3988 3167 4053 detendunt,
3213 3988 3438 4043 liberum
3475 3989 3712 4043 anterio-

2149 4082 2297 4137 ribus
2317 4082 2521 4137 aditum
2552 4083 2920 4152 praebuerunt.
2970 4083 3073 4150 Qui
3119 4084 3388 4139 irruentes
3424 4082 3714 4155 plerosque
3749 4134 3760 4148 ,

2147 4181 2498 4240 necaverunt,
2546 4184 2601 4227 et
2647 4175 2893 4229 cruentis
2918 4173 3167 4229 manibus
3208 4182 3391 4229 sancta
3446 4178 3712 4230 contami-

2147 4277 2361 4333 nantes,
2380 4268 2665 4324 diesauros
2709 4268 2987 4333 ecclesia,
3015 4276 3195 4324 vestes
3212 4270 3372 4323 etiam
3402 4269 3711 4325 sacerdota-

2146 4359 2227 4412 les
2254 4359 2612 4415 sustulerunt.
2628 4358 2738 4415 Nec
2763 4358 2978 4429 lonme
3010 4367 3187 4415 tamen
3212 4359 3396 4424 laetati,
3420 4376 3540 4416 mox
3561 4362 3709 4433 (116)

473 4422 642 4523 multo
684 4440 747 4478 ex
802 4434 1042 4523 tempore
1092 4428 1406 4523 negabatur.
1438 4429 1589 4485 Hunc
1639 4443 1813 4487 mater
1858 4451 2037 4490 SCClllll
2070 4461 2121 4523 υ
2148 4448 2289 4502 inter
2312 4463 2371 4503 se
2399 4448 2569 4519 spolia
2595 4422 2923 4515 άξγίεθηιιῆ,
2954 4449 3195 4520 plerique
3219 4422 3420 4521 arrepti
3447 4466 3478 4507 ε
3510 4422 3711 4506 ἀέξει.οᾷ

475 4513 819 4585 adsumptum
870 4519 936 4571 ad
987 4519 1332 4588 sepulchrum
1381 4522 1520 4576 beati
1565 4523 1855 4579 Vinditiani
1915 4540 2042 4581 con-

472 4604 657 4669 duxit;
696 4606 786 4659 ubi
831 4608 1147 4675 perductum
1184 4625 1346 4678 super
1378 4612 1548 4666 altare
1585 4628 1801 4667 cereum
1846 4614 2042 4672 olTerre

471 4694 619 4758 fecit,
654 4695 876 4763 ipsaque
904 4698 1178 4765 paululum
1213 4708 1434 4753 oratura
1460 4704 1847 4769 prosternitur.
1871 4704 2039 4761 Mani-

467 4784 606 4840 festa
637 4785 728 4841 Dei
758 4788 953 4842 virtute
978 4805 1111 4857 puer
1145 4790 1346 4847 lumine
1394 4802 1629 4861 recepto,
1659 4810 1749 4849 rec
1773 4812 1807 4851 o
1845 4799 2037 4855 itinere

469 4874 633 4945 cmpit
664 4877 896 4945 regredi,
931 4879 1062 4933 nihil
1090 4880 1347 4936 haesitans
1384 4890 1438 4935 et
1467 4882 1566 4936 vite
1595 4884 1782 4939 ducem
1812 4903 1916 4942 non
1950 4903 2035 4943 re-

468 4980 712 5033 quarens.

541 5054 611 5096 59
664 5055 791 5097 llam
814 5059 1051 5098 numllnm
1082 5060 1268 5100 "ln’;at"
1306 5079 1438 5102 ια’-ος
1475 5065 1636 5102 θυῖε-ητ-
1675 5072 1861 5104 opponis
1925 5070 2036 5106 ιτ..-

2147 4538 2237 4592 uio
2263 4538 2682 4607 torquebantur;
2712 4540 2802 4594 alii
2852 4540 3047 4611 linguis
3094 4541 3293 4607 adusti,
3340 4542 3428 4596 alii
3488 4543 3708 4612 proprio

2144 4645 2325 4685 morsu
2382 4630 2630 4700 precisis,
2684 4629 2925 4701 plerique
2968 4633 3216 4688 cruribus
3251 4634 3471 4695 exustis,
3506 4634 3707 4688 misero

2142 4719 2378 4774 cruciatu
2409 4719 2794 4789 plectebantur.
2829 4720 2993 4775 Fama
3017 4720 3323 4789 hnjusmodi
3360 4723 3557 4778 ceteris
3598 4732 3706 4777 ter-

2141 4825 2317 4865 rorem
2346 4811 2592 4875 incussit,
2627 4825 2696 4866 ne
2717 4812 2782 4866 de
2804 4811 2989 4881 spoliis
3019 4813 3274 4866 aecclesim
3319 4812 3459 4867 illius
3488 4813 3707 4867 attactis

2141 4917 2264 4957 seva
2286 4917 2498 4972 quoque
2520 4904 2689 4973 pestis
2712 4917 2805 4960 eos
2826 4905 3157 4960 incenderet.
3174 4903 3277 4959 Sed
3294 4915 3346 4959 et
3361 4906 3704 4977 comeslll'i)

2140 5008 2263 5046 mox
2292 5002 2349 5046 ut
2377 4993 2428 5047 in
2456 4995 2689 5063 patriam
2729 5010 2977 5051 reversus
3006 5005 3110 5060 est,
3136 4997 3426 5066 quaestione
3456 4995 3593 5050 facta
3636 4999 3706 5051 de

2140 5082 2402 5106 ιΙ.Α--..-.Σ-
2434 5084 2585 5106 Δε...ε-
2629 5086 2720 5106 ---ι
2780 5086 2949 5106 _--3--
3014 5100 3212 5106 --------
3239 5094 3342 5106 -__._
3426 5100 3588 5106 ----A.-
3642 5102 3658 5105 _
3692 5088 3702 5105 1

2519 5086 2585 5106 .2-
2629 5086 2720 5106 ---ι
2780 5086 2949 5106 _--!n-
3014 5100 3099 5106 ---
