4052 5358
485 350 548 430 5t
1452 369 1677 437 essm
1716 361 2774 436 nominenammaxumam.
3671 358 3750 420 δί’

482 495 630 545 vare.
662 486 728 546 Et
761 492 1016 561 quiequid
1049 493 1242 549 exinde
1271 491 1433 550 fiscus
1458 505 1640 549 noster
1675 497 1892 565 exigere
1916 495 2063 563 pote-
2096 503 2140 557 Λ
2171 493 2232 547 fit
2270 492 2540 546 minorad
2572 484 2799 560 singula.
2834 485 2895 541 Et
2929 488 3026 541 hoc
3053 493 3158 548 est,
3194 481 3337 552 quod
3367 481 3420 535 in
3443 480 3544 535 hac
3569 495 3625 534 re
3653 498 3742 534 me

489 589 607 647 rat,
648 581 701 636 in
763 582 1122 638 luminarihus
1174 585 1341 653 ipsius
1387 583 1642 638 mcclesite
1689 584 2063 640 coneinnanda

486 670 876 739 perpetualiter
927 673 1295 728 concessimus
1340 672 1406 728 ad
1444 673 1770 728 habendum.
1809 674 2062 728 Contine-

485 762 658 815 Latur
679 762 856 816 etiam
889 763 944 818 in
976 764 1163 818 eodem
1191 773 1445 834 precepto
1489 763 1672 817 domui
1707 772 1761 818 et
1803 761 2062 833 genitoris

489 851 683 914 nostri,
715 853 858 920 quod
887 853 929 905 si
953 851 1074 921 quis
1097 850 1224 916 dux,
1249 865 1451 917 comes,
1479 851 1733 917 vicarius,
1760 866 1851 905 seu
1876 849 2064 919 quisli-

481 942 584 997 bet
609 957 677 999 ex
715 943 1001 1011 iudiciaria
1034 948 1298 1012 potestate
1338 943 1716 998 auctoritatem
1747 942 1930 998 domui
1967 955 2062 1011 ge-

487 1033 682 1088 nitoris
708 1034 756 1066 ⁷⁸
786 1034 956 1088 nostri
994 1030 1074 1088 vel
1102 1041 1508 1089 antecessorum
1543 1049 1729 1103 regum
1761 1033 2064 1101 irrumpere

491 1121 559 1184 τ’,
593 1130 686 1174 ant
725 1120 927 1174 violare
955 1123 1376 1190 praesumpserit,
1411 1122 1609 1177 solidos
1638 1130 1923 1176 sexcentos
1951 1119 2065 1174 cul-

489 1209 1019 1278 pabilis‘judicetm';
1069 1209 1316 1265 videlicet
1346 1220 1405 1265 ut
1440 1212 1556 1265 dua:
1592 1214 1772 1280 partes
1804 1209 1856 1263 in
1886 1208 2066 1263 archi-

485 1311 618 1350 ‘vum
657 1296 826 1367 ipsius
855 1297 1114 1353 wcclesia:
1162 1299 1536 1364 admittantur,
1566 1310 1619 1355 et
1648 1300 1861 1354 tertiam
1904 1299 2065 1353 fiscus

493 1387 688 1456 regalis
707 1387 960 1456 'retipiat,
997 1398 1055 1442 ut
1082 1387 1259 1443 nullus
1288 1389 1392 1444 tale
1425 1390 1550 1456 quid
1572 1390 1769 1443 audeat
1798 1388 1843 1419 ⁸ο
1871 1402 2063 1458 perpe-

488 1484 656 1532 trare.
681 1477 833 1544 Quod
856 1479 930 1532 ita
953 1487 1008 1534 et
1024 1493 1122 1534 nos
1144 1495 1241 1550 per
1261 1480 1398 1534 hanc
1422 1490 1660 1534 nostram
1686 1479 2066 1534 auctoritatem

491 1569 896 1637 confirmamus,
943 1578 1002 1625 ut
1034 1570 1172 1624 sicut
1209 1585 1239 1624 a
1271 1571 1470 1625 domno
1510 1579 1566 1624 et
1611 1569 1852 1640 genitore
1883 1578 2066 1623 nostro

489 1656 574 1714 vel
605 1658 648 1690 ⁸⁸
677 1659 1111 1715 antecessoribus
1141 1660 1355 1728 regibus
1377 1653 1630 1714 collatura
1661 1668 1823 1728 atque
1857 1657 2060 1713 confir-

484 1758 708 1804 matum
739 1759 842 1816 est,
875 1751 957 1817 ita
996 1751 1041 1782 ⁸³
1087 1751 1340 1819 deinceps
1374 1749 1753 1804 inviolabiliter
1784 1761 2067 1804 conserve-

2166 582 2321 635 valde
2360 579 2639 645 sollicitat,
2689 577 2941 648 quoniam
2988 577 3060 628 ita
3104 571 3325 628 confusa
3371 579 3497 624 sunt
3531 568 3742 639 judicia

2163 671 2539 742 ptBnilcntiutn
2565 669 2617 724 in
2644 668 3080 738 presbyterorum
3104 671 3411 718 nostrorum
3435 658 3738 728 opusculis,

2166 768 2328 829 atque
2389 757 2599 814 diversa
2642 765 2697 810 et
2736 756 2878 811 inter
2929 769 2988 808 se
3034 748 3396 821 discrepantia
3449 756 3505 800 et
3542 744 3742 800 nullius

2165 850 2487 904 auctoritate
2531 847 2782 912 suffulta,
2833 855 2893 901 ut
2938 845 3030 899 vix
3061 851 3301 914 propter
3349 837 3741 893 dissonantiam

2163 942 2395 1011 possint.
2422 941 2680 997 discerni.
2724 939 2878 994 Unde
2924 937 3015 1003 fit,
3062 946 3121 990 ut
3175 931 3626 988 concurrentibus
3675 928 3746 982 ad

2165 1030 2460 1086 remedium
2487 1028 2842 1100 paenitentiae,
2869 1035 2977 1081 tam
3013 1040 3112 1095 pro
3137 1023 3398 1078 librorum
3427 1018 3747 1075 confusione

2167 1133 2327 1188 quam
2352 1119 2517 1173 etiam
2552 1132 2652 1188 pro
2675 1117 2876 1189 ingenii
2910 1116 3165 1172 tarditate
3190 1113 3495 1168 nullatenus
3524 1109 3745 1163 valeant

2167 1215 2478 1272 subvenire.
2529 1214 2905 1284 Quapropter,
2955 1211 3239 1268 carissime
3290 1207 3477 1271 frater,
3531 1204 3638 1259 noli
3694 1213 3748 1258 te

2168 1307 2344 1376 ipsum
2391 1305 2547 1360 nobis
2576 1318 2794 1375 negare,
2824 1305 2915 1372 qui
2947 1318 3163 1370 semper
3192 1301 3246 1356 in
3290 1299 3487 1355 divinis
3511 1293 3747 1351 ardenti

2167 1399 2350 1454 animo
2380 1397 2681 1467 disciplinis
2718 1411 2783 1451 ac
2817 1394 3006 1451 solerti
3040 1407 3170 1449 cura
3201 1389 3596 1459 scripturarum
3638 1399 3751 1440 me-

2168 1491 2519 1548 ditationibus
2541 1487 2939 1560 perfectissimo
2959 1487 3071 1542 otio
3087 1483 3334 1548 floruisti.
3348 1481 3540 1549 Arripe
3561 1492 3749 1548 quteso

2158 1582 2286 1636 sine
2308 1579 2678 1636 excusationis
2704 1579 2870 1633 verbo
2891 1575 3052 1646 hujus
3080 1573 3311 1628 sarcina:
3339 1570 3567 1642 pondus,
3602 1583 3631 1620 a
3661 1581 3750 1620 me

2169 1670 2389 1742 quidem
2435 1669 2530 1723 tibi
2569 1668 2898 1738 impositum,
2944 1665 3037 1718 sed
3066 1678 3096 1717 a
3139 1661 3383 1722 Domino,
3429 1657 3581 1728 cujus
3608 1670 3750 1710 onus

2171 1762 2290 1816 leve
2329 1769 2432 1826 est,
2465 1760 2830 1830 levigandum.
2880 1755 3000 1812 Noli
3035 1755 3245 1817 timere,
3288 1765 3459 1821 neque
3493 1747 3753 1802 formides

495 1845 602 1893 tur.
633 1837 757 1894 llmc
795 1839 993 1911 quippe
1035 1841 1326 1896 auctoritas
1375 1849 1470 1894 aut
1511 1858 1540 1894 a
1587 1839 1835 1893 fidelibus
1866 1846 2068 1893 sancta:

2173 1852 2332 1921 hujus
2358 1849 2538 1921 Operis
2573 1829 3017 1919 magnitudinem,
3052 1844 3144 1898 sed
3175 1840 3407 1897 viriliter
3443 1839 3485 1871 ⁸⁷
3523 1835 3747 1898 accede,

495 1928 586 1982 Dei
625 1928 881 1984 arcclesite
928 1939 984 1985 et
1035 1931 1233 1986 nostris
1277 1933 1459 1986 verius
1505 1931 1550 1963 ⁸³
1589 1930 1858 1992 credatur,
1907 1943 2067 1982 mauu

491 2017 714 2086 prepria
744 2019 930 2073 subter
969 2034 1086 2076 eam
1125 2019 1455 2074 firmavimus
1496 2029 1552 2073 et
1597 2019 1740 2072 anuli
1777 2019 1944 2074 nostri
1984 2019 2068 2070 in-

493 2111 774 2178 pressione
800 2112 999 2182 signari
1019 2135 1021 2138 ⁴
1035 2113 1320 2182 jussimus.
1346 2112 1569 2183 Signum
1598 2111 1892 2166 illndowici
1924 2126 2070 2166 sere-

497 2201 708 2256 nissimi
741 2202 1102 2272 imperatoris.
1140 2203 1247 2274 Ego
1283 2204 1570 2259 Durandus
1598 2203 1861 2257 diaconus
1889 2205 1954 2255 ad
1993 2203 2070 2255 vi-

410 2325 414 2330 -
497 2306 616 2347 cem
651 2293 1000 2350 llelisacharii
1035 2295 1338 2367 recognovi.
1371 2294 1563 2350 Amen.
1596 2297 1724 2349 Data
1749 2303 1832 2348 est
1860 2295 1920 2347 l7
1945 2292 2065 2350 Kal.

493 2383 686 2450 Maias,
717 2385 859 2442 anno
897 2387 1110 2443 Christo
1141 2388 1373 2459 pr0pitio
1403 2389 1435 2442 5
1473 2388 1656 2444 domui
1690 2387 1736 2419 ⁸⁸
1765 2387 2067 2441 Hludowici

495 2477 724 2546 piissimi
779 2481 1032 2550 augusti,
1095 2482 1387 2534 indictione
1435 2480 1468 2534 9
1517 2490 1626 2550 (an.
1679 2480 1825 2550 816).
1874 2481 2066 2533 Actum

497 2569 820 2639 Aquisgrani
841 2571 988 2639 regio
1011 2569 1292 2638 palatio”,
1321 2571 1371 2623 in
1397 2570 1488 2624 Dei
1515 2571 1750 2622 nomine.
1778 2571 1947 2623 Amen
1963 2569 2060 2622 ⁸⁸.»

497 2657 598 2712 llic
630 2659 794 2714 etiam
836 2657 1145 2712 interfuisse
1182 2658 1371 2713 sinodo
1404 2659 1675 2712 invenitur
1732 2656 1970 2729 [\‘FLoo.,
2003 2658 2064 2723 ll,

495 2748 585 2817 18)
613 2763 774 2817 quam
806 2763 947 2803 anno
977 2748 1046 2803 ab
1074 2748 1448 2803 incarnatione
1493 2748 1692 2803 domini
1742 2748 1910 2802 nostri
1941 2747 2068 2802 Jcsu

501 2838 704 2894 Christi
731 2837 835 2893 814
879 2837 1151 2894 Vulfarius
1180 2839 1523 2893 Rernensium
1556 2838 1991 2907 archiepisc0pus
2016 2837 2067 2890 in

496 2929 742 2986 :ecclesia
788 2927 1135 2986 Noviom‘eusi
1186 2945 1306 2985 cum
1339 2929 1458 2984 aliis
1488 2930 1820 3000 coepisc0pis
1859 2929 2066 2994 habuit,

496 3021 588 3078 ubi
641 3021 888 3078 videlicet
919 3019 1187 3077 sententia
1230 3022 1487 3077 ventilata
1529 3029 1613 3077 est
1644 3019 1782 3075 inter
1827 3019 2070 3076 Wendil-

499 3125 710 3166 marum
769 3111 917 3182 (12⁸5)
969 3121 1024 3166 et
1075 3109 1411 3166 Rothardum
1459 3111 1608 3182 (19.4)
1650 3110 1952 3182 episcopos,
2005 3111 2070 3166 de

499 3199 747 3255 terminis
775 3199 1182 3270 parrochiarum
1211 3217 1452 3255 suarum.

495 3309 500 3312 ·
567 3291 658 3345 40.
689 3290 823 3362 (58.)
850 3291 928 3346 De
949 3290 1301 3357 Halilcltario,
1344 3310 1492 3365 quem
1521 3293 1631 3348 Ebo
1653 3294 2070 3363 archiepiscopus

497 3382 734 3454 subjecta
769 3381 985 3453 epistola
1029 3384 1298 3438 humiliter
1325 3385 1612 3454 alloquitur
1649 3369 1782 3455 (1b.,
1815 3385 1924 3455 l9).
1960 3384 2072 3438 llil-

495 3476 763 3532 ~dovvardo
791 3475 942 3547 (125)
971 3490 977 3493 ‘
1003 3491 1129 3531 vero
1161 3476 1522 3533 Halitcharius
1554 3478 1835 3543 successit,
1866 3479 1949 3532 vir
1982 3478 2077 3533 do-

490 3565 678 3621 'etrina
713 3565 1040 3635 apostolicus
1067 3575 1122 3621 et
1151 3565 1255 3620 fide
1301 3567 1620 3622 catholicus.
1672 3566 1770 3621 Hic
1818 3567 2070 3636 precibus

505 3659 708 3712 Ebonis
742 3658 1027 3713 Remensis
1059 3657 1444 3728 archiepiscopi
1484 3674 1578 3714 sex
1631 3658 1840 3713 libellos
1879 3660 1946 3712 de
1990 3673 2074 3714 re-

503 3747 692 3802 mediis
729 3757 1070 3818 peccatorum
1114 3756 1168 3802 et
1212 3749 1404 3804 ordine
1434 3749 1517 3804 vel
1551 3743 2073 3820 judiciiS'pmniten-

507 3840 594 3893 tia:
629 3840 949 3909 conscripsit
981 3837 1163 3911 (19.6);
1221 3839 1287 3893 ad
1329 3857 1489 3910 quem
1517 3840 1718 3896 Ebonis
1766 3841 1886 3896 talis
1930 3849 2079 3894 extat

503 3930 728 4002 epistola
759 3949 773 3985 :
801 3949 819 3983 ι
857 3931 1316 3986 Rcverentissimo
1356 3931 1409 3984 in
1445 3930 1660 4001 Christo
1685 3930 1838 3984 fratri
1871 3946 1934 3986 ac
1965 3931 2076 3985 filio

504 4021 841 4077 lialitcbario
869 4022 1141 4092 episcopo,
1186 4020 1300 4076 Eho
1348 4020 1598 4091 indignus
1625 4021 1906 4094 episcopus
1932 4020 2071 4076 salu-

505 4123 634 4168 tem.
662 4113 778 4170 Non
805 4115 988 4169 dubito
1015 4121 1120 4168 tuae
1170 4111 1223 4166 id
1247 4121 1433 4167 notum
1473 4105 1591 4167 esse
1612 4113 1844 4173 caritati,
1875 4120 2078 4182 quanta

495 4202 660 4257 nobis
702 4203 1096 4258 accclesiastica:
1127 4200 1442 4270 disciplinae,
1495 4199 1819 4269 quantisque
1861 4209 2078 4254 nostro-

494 4307 626 4347 ‘tum
663 4291 1076 4348 necessitatibus
1103 4291 1463 4353 subditorum,
1501 4300 1553 4343 et
1588 4290 1805 4358 insuper
1831 4289 2078 4342 mundia-

507 4377 639 4435 lium
679 4381 1138 4452 oppressionibus,
1175 4380 1370 4451 quibus
1398 4379 1596 4434 cotidie
1626 4380 1916 4450 agitamur,
1952 4394 2080 4433 cura

507 4474 866 4539 constringat.
901 4471 1127 4535 idcirco,
1173 4481 1232 4524 ut
1282 4479 1456 4524 tecum
1495 4470 1718 4535 contuli,
1762 4485 1828 4525 ex
1857 4469 2078 4524 Patrum

2167 1942 2295 2010 quia
2325 1940 2508 2008 aderit
2529 1939 2624 1993 tibi
2660 1937 2751 2006 qui
2786 1936 2960 1991 dixit:
2994 1954 3011 1986 ι
3050 1933 3212 2003 Aperi
3242 1946 3304 1986 os
3341 1939 3515 1991 tuum,
3558 1936 3608 1980 et
3649 1940 3751 1994 ego

2174 2051 2192 2083 ι
2225 2028 2527 2098 adimplcbo
2554 2027 2704 2082 illud.
2729 2046 2747 2078 ι
2782 2024 2901 2080 Scis
2922 2024 3087 2087 enim,
3117 2021 3337 2092 optime,
3366 2019 3550 2090 parvis
3583 2031 3750 2086 parva

2168 2121 2433 2185 sufﬁcere,
2463 2133 2564 2174 nec
2610 2117 2677 2172 ad
2729 2131 2973 2172 mensam
3029 2121 3403 2183 magnatorum
3452 2121 3749 2179 pauperum

2173 2213 2388 2266 turbam
2421 2224 2580 2279 posse
2626 2207 2902 2263 accedere.
2962 2203 3076 2260 Noli
3113 2212 3216 2257 tute
3249 2199 3550 2258 devotionis
3595 2196 3752 2252 nobis

2170 2302 2492 2358 subtrahere
2518 2300 2827 2363 scientiam,
2851 2297 2960 2353 noli
2983 2310 3269 2351 accensam
3293 2295 3348 2348 in
3375 2303 3426 2347 te
3447 2291 3546 2348 sub
3570 2288 3752 2344 modio

2169 2405 2370 2463 ponere
2401 2393 2698 2454 lucernam,
2731 2389 2824 2444 sed
2861 2387 3105 2456 precelso
3141 2399 3262 2439 eam
3295 2394 3597 2451 superpone
3625 2393 3753 2432 can-

2171 2481 2414 2545 delabro,
2448 2488 2505 2532 ut
2534 2480 2711 2533 luceat
2741 2478 2994 2532 omnibus
3037 2475 3128 2544 qui
3175 2475 3227 2527 iu
3277 2473 3435 2526 domo
3497 2470 3590 2524 Dei
3623 2478 3755 2523 sunt

2169 2569 2430 2626 fratribus
2464 2568 2592 2633 tuis,
2636 2575 2690 2620 et
2717 2565 2899 2635 profer
2923 2564 3078 2617 nobis
3121 2560 3284 2616 veluti
3315 2559 3492 2614 scriba
3529 2559 3748 2618 doctus,

2170 2659 2313 2730 quod
2348 2657 2605 2728 accepisti
2635 2673 2666 2711 a
2697 2656 2947 2711 Domino.
2980 2654 3171 2708 Aderit
3219 2652 3314 2707 tibi
3351 2651 3510 2720 hujus
3545 2649 3751 2706 laboris

2168 2751 2365 2807 itinere
2402 2749 2545 2804 illius
2583 2748 2777 2818 gratia,
2823 2748 2913 2817 qui
2947 2746 2992 2780 ⁸⁸
3028 2747 3236 2801 duobus
3265 2744 3544 2814 discipulis
3573 2745 3753 2799 eunti-

2171 2841 2290 2903 bus,
2326 2840 2546 2894 tertium
2583 2853 2642 2892 se
2687 2837 2891 2891 socium
2937 2836 3143 2891 addidit
3177 2835 3230 2888 in
3268 2833 3375 2898 via,
3407 2842 3464 2888 et
3501 2833 3753 2902 apperuit

2169 2933 2278 2988 illis
2305 2946 2515 2996 sensus,
2550 2940 2605 2984 ut
2635 2937 2854 2985 sanctas
2877 2927 3238 2998 intelligerent
3259 2924 3595 2994 Scripturas.
3628 2921 3750 2991 Spi-

2172 3024 2308 3078 ritus
2336 3021 2628 3093 paraclitus
2656 3019 2804 3075 omni
2837 3017 3081 3073 veritatis
3118 3016 3387 3079 doctrina,
3420 3024 3476 3068 et
3514 3012 3756 3083 perfecta

2173 3112 2423 3168 caritatis
2457 3111 2712 3174 scientia,
2744 3120 2835 3165 tua
2857 3108 3216 3179 resplendeat
3239 3107 3285 3143 δ’
3321 3115 3560 3177 pectora,
3587 3103 3760 3160 caris-

2097 3178 2142 3240 ε
2177 3205 2313 3261 sime
2340 3203 2528 3260 frater.
2560 3202 2711 3259 Vale.
2748 3224 2767 3256 ι

2201 3350 2204 3354 .
2241 3296 2330 3350 41.
2365 3295 2503 3367 (59.)
2543 3295 2623 3349 Ad
2664 3293 2896 3358 Ebonem
2933 3292 3301 3347 Ilalitcharius
3340 3289 3612 3361 epistolam
3673 3305 3760 3342 re-

2175 3389 2354 3442 scribit
2391 3387 2544 3458 (ιιι).
2572 3387 2652 3442 Ad
2681 3401 2801 3456 quae
2821 3386 2868 3417 ⁹⁰
2891 3385 3034 3441 idem
3065 3385 3191 3440 talia
3215 3383 3464 3439 rescribit
3493 3380 3750 3436 Haltcha-

2173 3481 2288 3534 rius
2329 3497 2345 3533 ε
2405 3498 2422 3530 ι
2474 3479 2701 3542 Domino
2755 3485 2812 3532 et
2862 3476 3155 3532 venerabili
3207 3477 3260 3530 in
3315 3473 3533 3529 Christo
3583 3472 3758 3526 Eboni

2176 3567 2601 3638 archiepiscopo,
2629 3565 2998 3621 llalitcharius
3026 3567 3278 3620 minimus
3299 3563 3498 3619 Christi
3525 3563 3761 3618 famulus

2175 3659 2426 3714 salutem.
2471 3658 2782 3726 Postquam,
2818 3655 3119 3709 venerande
3150 3663 3322 3724 pater,
3353 3653 3591 3709 directas
3625 3652 3758 3707 bea-

2172 3747 2426 3803 titudinis
2463 3757 2657 3803 vestra:
2692 3749 2871 3818 accepi
2901 3748 3136 3812 litteras,
3180 3746 3375 3816 quibus
3417 3761 3503 3802 me
3550 3746 3760 3800 hortari

2176 3838 2381 3908 dignati
2423 3839 2556 3895 estis
2620 3853 2688 3893 ne
2724 3839 2920 3893 mentis
2948 3851 3175 3892 acumen
3224 3837 3381 3891 inerti
3416 3836 3760 3906 torpentiqne

2179 3931 2288 3985 otio
2334 3930 2753 3995 snmmitterem,
2812 3929 2904 3984 sed
2943 3929 3239 4000 cognitioni
3296 3943 3360 3983 ac
3413 3926 3757 3981 meditationi

2168 4015 2378 4076 cotidie
2417 4037 2588 4078 sacra:
2615 4022 2910 4092 Scriptura:
2943 4038 3026 4076 me
3053 4022 3338 4092 vigilanter
3369 4021 3655 4080 traderem,
3703 4027 3763 4073 et

2186 4112 2405 4182 insuper
2433 4128 2500 4167 ex
2529 4121 2840 4167 sanctorum
2875 4111 3098 4165 Patrum
3137 4125 3513 4179 cauouumque
3543 4118 3763 4164 senten-

2183 4205 2271 4259 tiis
2317 4204 2744 4273 poenitentialem
2795 4205 2849 4258 in
2904 4219 3010 4258 uno
3061 4201 3330 4257 volumine
3358 4215 3755 4271 aggregarem:

2182 4293 2376 4348 durum
2409 4295 2776 4363 quidemmihi
2804 4305 2857 4348 et
2883 4293 3032 4350 valde
3064 4291 3277 4348 difﬁcile
3307 4290 3760 4358 tremendumque

2182 4382 2286 4439 hoc
2308 4399 2520 4455 quoque
2556 4384 2656 4439 fuit
2688 4385 2992 4455 imperium,
3017 4393 3076 4437 ut
3106 4385 3242 4438 hanc
3272 4381 3602 4449 susciperem
3633 4397 3755 4433 sar-

2185 4477 2390 4541 Ciuam,
2418 4491 2578 4546 quam
2608 4491 2636 4530 a
2667 4476 3020 4546 prudentibus
3051 4489 3316 4544 cognosco
3341 4472 3604 4527 relictam.
3632 4469 3762 4524 Mul-

511 4560 691 4625 dictis,
722 4575 982 4614 canonum
1012 4575 1225 4630 quoque
1269 4559 1570 4623 sententiis,
1617 4561 1683 4614 ad
1721 4575 1854 4630 opus
1880 4575 2043 4616 consa
2110 4533 2157 4590 θ
2187 4575 2421 4638 tumque
2468 4568 2685 4623 renisus
2736 4583 2854 4622 sum
2898 4566 3164 4622 voluntati
3201 4575 3413 4630 vestrm,
3458 4579 3563 4618 non
3601 4562 3759 4617 velud

401 4709 403 4712 ,
512 4647 790 4703 cerdotum
840 4658 1145 4702 nostrorum
1181 4663 1472 4718 excerpere
1508 4649 1934 4718 pmniteutialem
1980 4649 2078 4703 mi-

394 4737 411 4781 ξ’
497 4738 657 4818 nime
685 4737 858 4804 valui;
893 4739 1020 4808 quia
1056 4739 1270 4795 animus
1305 4755 1428 4795 cum
1467 4741 1722 4796 dividitur
1751 4758 1847 4812 per
1888 4742 2073 4809 multa,

2189 4657 2496 4725 procaciter
2523 4660 2711 4725 durus,
2740 4659 2832 4726 sed
2867 4659 3098 4729 propriae
3133 4656 3484 4724 infirmitatis
3509 4654 3760 4710 tarditate

2183 4747 2510 4803 admonitus.
2537 4747 2649 4804 ilac
2680 4751 2880 4806 etenim
2911 4747 3046 4805 cura
3073 4747 3355 4805 sollicitus.
3390 4746 3758 4804 necessarium

1833 4871 2063 4929 VARUE
2081 4852 2496 4936 (LECTIONES.

593 4978 640 5012 ⁷⁸
663 4980 714 5033 d.
744 4989 799 5033 et
829 4996 880 5046 κ.
911 4983 996 5035 cli.
1040 5005 1043 5010 ί
1069 4978 1116 5015 τε
1145 4977 1454 5046 inrumpere
1480 4985 1564 5036 rh.
1639 4982 1685 5015 ⁸ο
1716 4981 1942 5036 auderet
1970 4984 2054 5035 cli.
2131 4985 2173 5017 ⁸¹
2210 4984 2290 5038 vel
2322 4987 2392 5040 ab
2420 5003 2470 5040 a.
2503 5004 2549 5040 r.
2583 4989 2856 5046 praedictae
2883 4989 3127 5044 ecclesiae
3152 4988 3422 5045 conlatum
3450 4989 3536 5042 ch.
3609 4989 3655 5022 ⁸³
3687 4987 3761 5042 ita
