4052 5358
225 372 306 430 5‘5

1617 355 1818 412 UBE“

1936 352 2128 412 Hills.
3443 339 3516 394 Ἧι

219 494 388 555 ﬂuxi,
417 499 476 545 ut
507 485 834 560 aliquandiu
883 497 968 539 me
997 498 1028 537 a
1056 481 1328 537 scribendi
1377 477 1680 536 temeritate
1715 489 1824 528 sus-
1857 473 1908 529 Δ
1939 467 2222 524 monaclus
2241 483 2266 532 ,'
2296 476 2432 560 quia
2461 464 2808 560 dubitabatur
2833 469 2884 516 et
2911 462 3176 560 incertum
3205 464 3356 520 crat,
3404 471 3513 526 qtae

229 599 568 656 penderem;
611 581 741 652 quia
775 575 1199 647 sicut'perpcndi
1229 573 1454 642 injurcti
1483 571 1666 642 operis
1691 569 1824 623 ditii-

233 669 522 738 cultatetn,
553 673 632 727 ita
661 683 719 727 et
741 667 1070 740 injuugentis
1093 665 1406 722 auctoritati
1429 679 1530 718 nec
1559 663 1704 716 volui
1729 677 1828 716 nec

235 765 398 822 debui
426 775 821 833 usquequaque
849 759 1130 822 resistere;
1157 765 1364 822 certus,
1389 757 1518 826 quia
1543 753 1826 810 imbecilli-

237 871 412 915 tatem
441 875 622 914 meam
661 859 833 913 multo
863 856 1092 926 amplius
1111 861 1294 908 vestra
1327 850 1611 920 adjuvaret
1645 845 1822 914 preci-

221 953 442 1022 ‘pientis
487 951 762 1020 dignitas,
825 963 984 1020 quam
1029 953 1282 1018 gravaret
1331 957 1466 998 mea:
1505 937 1824 1012 ignorantia:

237 1043 550 1098 ditlicultas.
587 1041 799 1098 Valete.
835 1059 856 1093 ι

309 1135 402 1188 Β.
437 1135 576 1206 (40.)
609 1134 688 1188 De
719 1131 1224 1204 Constantinopolim
1259 1129 1490 1201 plurima
1522 1136 1822 1182 sancto-rum

239 1228 466 1296 pignora
489 1227 674 1280 attulit
697 1227 788 1294 (Λ.
813 1224 996 1288 Einh.,
1019 1241 1107 1277 an.
1124 1221 1271 1286 89.8).
1289 1223 1388 1276 llic
1407 1223 1474 1276 ab
1497 1221 1822 1289 imperatore

239 1319 446 1372 ιιτιι-οιο
478 1319 630 1386 (ιιι-ί)
667 1303 1188 1386 ConStantinnpoiim
1233 1315 1448 1376 missus,
1477 1323 1532 1368 et
1561 1327 1592 1365 a
1625 1311 1826 1364 Micha-

239 1409 368 1464 ιιι-ιθ
397 1410 754 1479 imperatore,
796 1411 936 1465 sicut
988 1411 1110 1463 inde
1164 1423 1416 1464 reversus
1465 1407 1578 1476 ipse
1619 1403 1828 1465 retulit,

227 1501 546 1556 bonorilice
583 1512 870 1572 susceptus
906 1512 1006 1556 est.
1047 1501 1198 1556 Unde
1247 1502 1360 1570 ipse
1411 1499 1576 1552 multa
1625 1507 1680 1552 et
1709 1511 1832 1566 prc-

241 1591 398 1645 ciosa
427 1591 742 1646 sanctorum
781 1593 1024 1663 pignora,
1051 1593 1225 1647 sancti
1251 1591 1500 1646 videlicet
1527 1599 1834 1659 protomar—

233 1683 388 1754 tyris
416 1683 708 1754 Stephani,
753 1683 980 1748 Cosmte,
1025 1683 1230 1738 Antimi
1267 1681 1696 1738 Nicomediensis
1721 1679 1836 1748 epi-

247 1775 415 1843 scOpi,
450 1783 504 1828 et
536 1775 772 1830 Teodori
826 1777 1097 1847 martyris,
1129 1791 1250 1844 quae
1285 1775 1338 1828 in
1378 1774 1622 1828 mcclesia
1653 1773 1830 1827 beata:

249 1851 456 1921 Mariae
485 1869 838 1922 continentur
885 1867 1084 1932 adhuc,
1131 1867 1465 1938 asportavi1;
1525 1879 1733 1919 necnon
1769 1873 1823 1918 et

243 1957 458 2011 tabulas
487 1959 778 2024 eburneas,
815 1959 1011 2028 quibus
1047 1959 1170 2013 libri
1209 1957 1447 2027 cooperti
1479 1957 1674 2011 ibidem
1706 1969 1826 2010 esse

231 2059 584 2116 spectantur.
614 2049 783 2119 Hujus
823 2067 870 2104 vs
895 2067 952 2106 ro
976 2059 1216 2120 tempore
1242 2049 1330 2121 (Α.
1365 2049 1546 2114 Εἱιι.¹ι.,
1577 2063 1666 2101 an.
1699 2045 1824 2114 8l8)

233 2140 576 2196 tuduwicus
629 2141 756 2196 Pius
815 2157 914 2196 rex
959 2157 1054 2212 per
1111 2139 1465 2196 Cameracum
1527 2138 1825 2203 transiens,

235 2235 574 2304 'Aquisgrani
597 2235 673 2289 ad
705 2235 1104 2290 hibernandum
1133 2234 1444 2290 revertitur.
1475 2233 1671 2289 Beatus
1696 2248 1828 2290 vero

241 2325 484 2396 pontifex
537 2327 590 2380 in
629 2341 764 2396 pact-
810 2341 933 2382 cum
981 2326 1228 2396 patribus
1282 2325 1396 2380 suis
1446 2325 1826 2380 dormitioncm

241 2417 576 2488 suscipiens,
613 2417 856 2488 sepultus
891 2427 973 2473 est
1013 2415 1066 2472 in
1113 2417 1287 2472 Monte
1317 2418 1490 2472 sancti
1523 2415 1678 2486 Eligii
1709 2415 1826 2483 (ait.

243 2507 372 2578 830)
388 2509 432 2580 ].

315 2598 406 2650 45.
439 2599 578 2668 (41.)
618 2597 878 2653 Successit
919 2597 1098 2654 beatus
1131 2597 1499 2662 Theodericus,
1531 2613 1681 2667 queat
1720 2597 1830 2652 Ebo

243 2687 672 2756 accbiepiscopus
697 2688 796 2741 sibi
817 2690 869 2741 in
895 2688 1079 2742 sinodo
1091 2687 1326 2758 judicent
1347 2685 1518 2758 degit.
1543 2686 1672 2742 Post
1691 2689 1832 2743 hunc

251 2781 448 2834 summi
493 2779 785 2834 sacerdotii
838 2795 1035 2836 munus
1067 2779 1435 2835 Theodericus
1471 2795 1500 2832 a
1539 2779 1833 2836 Luduwico

251 2870 496 2939 suscepit
521 2869 693 2940 (19.8),
725 2869 812 2924 vir
838 2879 1082 2939 spectate
1110 2870 1414 2925 sanctitatis
1452 2878 1506 2923 et
1538 2871 1835 2939 prophetiae

253 2961 446 3029 spiritu
471 2961 728 3016 divinitus
747 2961 1072 3017 illustratus.
1096 2961 1259 3029 Cujus
1285 2971 1526 3031 tempore
1547 2963 1838 3017 Lotltarius

256 3059 466 3118 patrem
509 3050 868 3108 {.udnwicum
918 3068 1132 3124 regem,
1183 3053 1643 3109 consentientibus
1685 3055 1836 3111 falsis

1933 563 1985 616 in
2029 561 2146 614 loco
2193 558 2430 627 positum
2477 556 2762 612 crederent
2805 552 3264 626 prcciosissimum
3313 565 3512 618 corpus

1931 653 2104 706 sancti
2133 650 2378 712 Vedasti,
2413 648 2665 718 quatsivit
2691 655 2744 700 et
2769 645 2980 700 invenit
3007 659 3152 698 anno
3175 641 3392 712 quidem
3419 641 3514 694 du-

1935 743 2158 798 minica:
2183 741 2580 796 Incarnationis
2605 739 2740 804 859.;
2773 740 3054 792 inventura
3081 750 3210 790 vero
3241 734 3314 788 ita
3357 749 3514 802 para-
3585 759 3604 804 ξ

1929 836 2038 900 vit,
2089 843 2150 888 ut
2177 833 2222 888 si
2253 833 2394 888 forte
2423 840 2601 888 metus
2627 831 2902 886 Danorunt
2945 836 3199 900 cogeret,
3249 825 3517 894 fugientes
3587 811 3599 834 ²

1927 927 2184 982 aliorsum
2213 923 2510 980 deferrent.

1997 1039 2109 1112 [45.
2145 1039 2280 1110 (ιδ.)
2321 1039 2428 1094 Ubi
2467 1041 2519 1095 in
2553 1041 2739 1096 sinodo
2773 1041 2838 1096 de
2875 1040 3076 1094 Ebonis
3100 1037 3430 1106 depositione
3464 1043 3514 1088 et

1925 1131 1974 1185 Η
1983 1132 2120 1186 incm
2130 1134 2212 1186 ari
2232 1133 2564 1186 ordinatione
2583 1135 2832 1201 scriptum
2851 1129 3068 1199 pratuli!
3091 1129 3277 1200 (Ιιίου.
3297 1145 3382 1192 ιιι,
3400 1127 3512 1196 Η).

1917 1221 2022 1292 Huj
2033 1239 2094 1278 us
2103 1223 2268 1278 etiam
2281 1225 2472 1281 diebus
2485 1221 3014 1293 honorabilispresul
3029 1219 3071 1276 Η
3081 1222 3376 1283 incntarus,
3391 1228 3518 1288 post.

1929 1315 2168 1370 Eboncm
2206 1318 2508 1388 depositum
2527 1315 2772 1385 ejusdem
2795 1313 3038 1369 ecclesia:
3059 1313 3350 1382 cpiscopus
3371 1325 3518 1366 anno

1915 1409 2011 1463 "sui
2039 1409 2382 1477 cpiscOpatus
2407 1407 2459 1472 7,
2490 1406 2743 1461 sinodum
2795 1405 2986 1460 habuit
3023 1402 3514 1472 conprovincialetu

1932 1503 2074 1571 apud
2105 1501 2488 1556 Suessonicam
2523 1499 2712 1554 urbem
2747 1497 2802 1552 i-n
2839 1495 3174 1551 monasterio
3201 1495 3378 1550 sancti
3405 1494 3516 1549 ble-

1934 1592 2110 1658 dardi,
2137 1608 2259 1648 cum
2279 1591 2548 1648 Venelonc
2573 1589 2843 1646 Sennensi
2869 1587 3301 1658 archiepiscopo,
3334 1585 3520 1642 Amal-

1937 1685 2050 1738 rico
2063 1683 2364 1739 Turoncnsi
2381 1725 2395 1748 ,
2421 1693 2477 1738 et
2505 1684 2606 1738 hoc
2629 1681 2966 1736 Theoderico
2993 1679 3376 1733 Camarscensi
3397 1679 3520 1745 cpi--

1935 1787 2118 1844 scopo,
2135 1785 2186 1829 ct
2203 1775 2386 1831 multis
2409 1775 2529 1830 aliis
2551 1774 2820 1844 episcopis
2839 1781 2894 1827 et
2915 1770 3224 1832 abbatibus,
3245 1771 3520 1824 residente

1931 1881 2144 1936 quoque
2166 1869 2218 1922 in
2237 1867 2414 1922 medio
2435 1867 2668 1937 glorioso
2705 1879 2830 1935 rege
2855 1863 3060 1918 Karoio
3080 1862 3193 1932 (an.
3222 1860 3370 1930 853).
3419 1861 3520 1916 Uti

1927 1960 2170 2028 quaedem
2191 1961 2496 2015 necessaria
2511 1959 2771 2014 atcclesia:
2797 1958 2888 2012 Dei
2919 1963 3046 2010 sunt
3061 1963 3393 2024 pertractata
3423 1968 3522 2006 nc-

1927 2051 2091 2119 gotia.
2123 2051 2226 2106 Ad
2275 2067 2440 2122 quam
2483 2051 2732 2106 sinodmn
2773 2049 3100 2105 accedentes
3141 2037 3363 2116 quidam
3413 2045 3520 2098 Re-

1928 2142 2130 2197 mensis
2151 2143 2408 2198 :ecciesia:
2436 2141 2688 2200 canonici
2717 2155 2780 2196 ac
2808 2139 3080 2200 monachi,
3134 2137 3520 2192 claniaverunt
3543 2183 3548 2188 ,

1923 2247 2222 2303 suspensos
2245 2249 2305 2290 se
2337 2251 2367 2290 a
2400 2234 2612 2305 prefato
2641 2231 3054 2301 archiepiscopo
3095 2244 3192 2286 suo
3237 2229 3308 2284 ab
3335 2229 3512 2283 admi-

1919 2325 2258 2380 nistratione
2290 2327 2543 2380 ordinum
2567 2323 3110 2386 tecclesiasticorum,
3152 2322 3219 2376 ad
3263 2336 3400 2392 quos
3441 2323 3516 2378 ab

1933 2415 2122 2488 Ebone
2151 2419 2423 2486 quondam
2457 2416 2698 2486 provecti
2751 2415 2988 2469 fuerant.
3027 2413 3198 2468 Electi
3243 2413 3410 2483 igitur
3433 2412 3523 2483 ju-

1935 2507 2085 2561 dices
2119 2509 2405 2576 utriusque
2445 2508 2649 2578 partis,
2699 2505 2753 2562 id
2789 2515 2874 2562 est
2909 2503 3301 2574 archiepiscopi
3333 2511 3388 2558 et
3409 2503 3523 2558 cla-

1929 2607 2225 2664 matorem,
2251 2599 2453 2652 auditis
2484 2599 2663 2653 causis
2689 2597 3014 2653 altrinsecus
3033 2639 3046 2661 ,
3094 2596 3476 2668 judicaverunt
3501 2615 3516 2649 :

1933 2691 2075 2763 quod
2113 2691 2158 2746 si
2205 2691 2318 2745 Ebo
2355 2691 2798 2761 archiepiscopus
2839 2690 2893 2744 in
2941 2703 3040 2745 suo
3079 2699 3224 2744 statu
3253 2703 3518 2752 manens.

1935 2787 2196 2842 canonice
2254 2786 2352 2841 hos
2402 2786 2600 2839 fratres
2637 2784 3004 2849 ordinaverit,
3053 2779 3315 2838 deberent
3360 2781 3524 2836 mini-

1933 2891 1980 2934 sl
1995 2893 2147 2944 rare;
2173 2879 2218 2934 si
2248 2887 2427 2933 autem
2447 2877 2650 2946 injuste
2671 2875 2908 2944 deiectus
2930 2873 2992 2931 et'
3007 2877 3271 2930 canonice
3292 2873 3490 2930 restitu
3510 2904 3522 2915 -

1939 2979 2047 3036 tus,
2067 2979 2186 3041 post
2217 2987 2370 3026 suam
2403 2969 2724 3026 canonicam
2752 2967 3150 3023 restitutionem
3183 2967 3401 3021 eosdem
3425 2981 3522 3019 or-

1939 3061 2238 3128 dinaverit,
2282 3063 2400 3116 sine
2449 3061 2554 3115 alia
2595 3060 2898 3130 quaestione
2943 3059 3203 3113 deberent
3233 3059 3395 3112 etiam
3417 3057 3525 3111 'mi-

257 3141 556 3211 ιὲιιίεεοιιίε,
599 3144 836 3197 mminit:
869 3143 1052 3198 Ebone
1077 3144 1369 3198 Remorum
1408 3145 1832 3214 archiepiscopo,
1863 3150 1912 3214 C
1947 3155 2202 3208 nistrarc.
2225 3151 2578 3223 interrogatis
2606 3152 2791 3220 itaque
2819 3150 3224 3206 ordinatoribus
3245 3149 3524 3204 llinctnari

261 3249 290 3284 ιι
349 3233 501 3301 regni
551 3233 777 3301 imperio
815 3233 1106 3304 dejeccrat.
1157 3234 1500 3304 Principibus
1543 3246 1724 3290 tanten
1761 3238 1842 3290 itt-

253 3319 400 3387 justc
430 3321 698 3390 deiectum
727 3323 1304 3390 animadvertentibus,
1328 3335 1383 3380 et
1410 3327 1610 3381 eisdem
1635 3327 1844 3398 episco-

239 3413 367 3482 ‘pis,
398 3413 494 3482 qui
531 3421 658 3470 ante
695 3425 1104 3482 consenserant,
1135 3417 1579 3481 acclamantibus,
1611 3419 1664 3472 in
1699 3419 1841 3486 pris-

255 3505 371 3558 tino
407 3507 615 3560 honore
662 3508 944 3562 restitutus
981 3517 1083 3562 est.
1139 3507 1385 3579 [(FLon.,
1421 3507 1485 3570 ll,
1536 3507 1652 3577 20).
1709 3507 1841 3562 Post

235 3595 372 3650 'luec
405 3605 733 3668 congregata
765 3597 958 3653 sinodo
1009 3599 1061 3651 in
1108 3599 1332 3654 Metensi
1380 3598 1627 3653 tecclesia
1659 3600 1838 3654 sancti

251 3685 550 3760 Stephani,
583 3689 880 3758 imperator
912 3706 1022 3759 pne
1061 3693 1270 3746 cunctis
1321 3691 1560 3747 Ebonem
1595 3701 1840 3758 accusat,
1915 3689 1922 3695 ’

225 3775 400 3843 'quod
432 3791 561 3830 eum
607 3777 742 3834 falso
774 3779 949 3835 fuerat
999 3781 1334 3845 criminatus,
1381 3792 1435 3835 ct
1465 3781 1666 3836 eisdem
1697 3782 1842 3837 falsis

249 3866 582 3922 criminibus
634 3871 935 3939 appetitum
965 3888 996 3926 a
1036 3887 1202 3942 regno
1235 3871 1526 3940 deiecerat,
1570 3875 1842 3943 armisque

227 3955 477 4020 'ablatis,
505 3973 606 4012 nec
632 3959 936 4015 confessum
962 3977 1061 4016 nec
1087 3963 1390 4017 convictum
1415 3977 1602 4018 contra
1631 3966 1842 4036 rogatas

255 4047 672 4104 :ecclesiasticas
695 4050 764 4105 ab
795 4049 1056 4106 ecclesia:
1094 4053 1242 4108 aditu
1293 4053 1689 4110 eliminaverat.
1739 4057 1840 4123 Qui

255 4136 471 4206 oljecla
492 4141 842 4208 erubescens,
865 4157 1031 4212 seque
1053 4145 1192 4200 male
1212 4145 1404 4201 fecisse
1427 4161 1838 4218 rccOgnoscens,

257 4238 319 4283 ut
349 4230 402 4284 in
437 4231 633 4286 sinodo
660 4235 842 4288 omnia
879 4233 1125 4304 legaliter
1151 4237 1598 4307 adimplerentur,
1650 4255 1842 4294 secun-

239 4319 384 4372 ‘dnm
415 4320 722 4378 Affricanos
748 4339 986 4380 canones
1020 4327 1121 4381 sibi
1143 4325 1356 4394 judices
1387 4329 1670 4400 episc0pos
1696 4330 1840 4384 dele-

262 4410 356 4480 git,
377 4411 521 4468 inter
532 4429 668 4482 quos
681 4417 844 4470 etiam
865 4415 1044 4472 Tende
1053 4419 1222 4474 ricum
1239 4421 1549 4490 episcopum
1573 4437 1838 4479 convoca-

263 4501 381 4574 vit.]
415 4503 520 4558 Istc
543 4507 705 4560 etiam
730 4523 872 4564 anno
894 4507 1102 4566 Domini
1121 4511 1244 4566 852.
1274 4511 1358 4568 16.
1384 4513 1481 4568 Kal
1525 4513 1836 4572 Decembris

262 4593 658 4650 ordinationem
696 4597 1018 4654 clericorum
1059 4603 1188 4656 fecit
1231 4603 1282 4657 in
1325 4607 1651 4661 monasterio
1697 4607 1837 4662 Lau-

264 4681 434 4738 hiensi
491 4685 660 4756 (129).
711 4688 867 4744 Αιιηο
909 4693 1071 4746 etiam
1115 4693 1236 4749 8.“.
1271 4695 1537 4750 dedicavit
1568 4707 1836 4754 monaste-

267 4771 405 4826 rium
439 4775 490 4827 in
521 4777 744 4833 Vaslcro
775 4780 946 4852 (rso),
983 4792 1198 4852 petente
1234 4783 1521 4841 llariherto
1550 4787 1765 4844 abbate.

334 4861 422 4916 44.
455 4865 592 4936 (42.)
625 4867 728 4922 Ubi
766 4882 1006 4925 sanctum
1045 4889 1230 4943 corpus
1273 4877 1410 4931 beati
1447 4875 1660 4932 Vedasti
1688 4895 1834 4947 qure-

247 4955 408 5020 ’δὴ-ει,
429 4957 830 5027 implorantibus
859 4963 1161 5028 monachis,
1199 4978 1246 5020 et
1294 4967 1508 5022 inuenit.
1547 4968 1680 5022 Dani
1711 4985 1839 5024 vero

269 5053 395 5103 tunc
438 5051 697 5119 temporis
732 5068 830 5122 per
873 5053 1144 5109 viciniam
1171 5057 1328 5128 hujus
1377 5059 1658 5115 dioccscos
1705 5061 1844 5116 male

271 5137 660 5204 debaccantes.
697 5145 960 5202 :eeclesiis
1003 5147 1355 5204 iusultabant.
1405 5150 1586 5204 Ouare
1621 5150 1706 5204 vir
1739 5152 1844 5204 Do-

1944 3247 2010 3300 de
2036 3245 2235 3300 Elmnis
2258 3245 2597 3316 depositione
2624 3252 2677 3298 et
2701 3241 2978 3297 lliucmari
3008 3242 3373 3306 ordinatione,
3403 3255 3526 3295 sur-

1945 3353 2078 3406 gens
2112 3335 2479 3392 Theodericus
2501 3334 2914 3390 Camaraccnsis
2950 3334 3250 3404 episcopus,
3283 3333 3546 3401 porrexit.

1946 3428 1996 3482 in
2029 3436 2318 3498 conspectu
2347 3425 2607 3497 principis
2633 3433 2688 3478 et
2719 3425 2896 3478 sinodi
2929 3425 3207 3494 scriptum,
3235 3425 3526 3480 continens

1944 3519 2188 3572 ordinem
2225 3517 2578 3588 depositionis
2619 3513 2816 3584 prolati
2846 3515 3069 3569 Ebonis.
3103 3515 3257 3572 Tunc
3291 3515 3521 3568 ventila—

1946 3619 2060 3664 tmn
2107 3617 2190 3665 est
2273 3607 2508 3678 qualiter
2550 3613 2939 3661 exauctoratus
2978 3608 3263 3679 cpiscopus
3312 3607 3524 3662 restitui

1945 3701 2168 3764 debeat,
2202 3707 2254 3754 ct
2283 3699 2410 3769 quia
2453 3699 2594 3754 idem
2639 3697 2753 3753 Ebo
2799 3699 3081 3756 restitutus
3122 3695 3384 3752 canonice
3417 3712 3524 3750 non

1947 3793 2133 3856 fuerit,
2178 3793 2400 3861 insuper
2439 3799 2494 3846 et
2527 3792 2592 3845 ab
2617 3791 2910 3861 apostolica
2941 3790 3107 3855 sede,
3149 3789 3340 3858 Sergio
3386 3805 3522 3859 papa
3560 3839 3562 3842 ,

1949 3884 2307 3938 confirmante
2327 3883 2694 3952 dejectionem
2719 3865 2882 3949 illius,
2909 3883 3234 3952 dampnatus
3257 3882 3521 3946 extiterit,
3551 3941 3554 3944 Α

1947 3987 2004 4028 ιιι
2029 3975 2079 4028 in
2111 3973 2248 4030 laica
2281 3973 2658 4030 tantummodo
2688 3975 3074 4030 communione
3100 3979 3366 4029 maneret.
3395 3973 3516 4030 8ἰο-

1944 4081 2051 4134 que
2109 4067 2386 4121 decretum
2424 4075 2541 4130 est,
2587 4075 2646 4121 ut
2691 4066 2947 4136 quicquid
2990 4067 3044 4121 in
3093 4067 3526 4124 ordinationibus

1921 4157 2297 4236 _:ecclesiastis
2317 4157 2431 4213 Eho
2459 4159 2580 4228 post
2601 4157 2993 4227 depositionem
3025 4172 3176 4228 suam
3203 4167 3408 4228 egerat,
3439 4175 3542 4214 se-.

1945 4247 2176 4304 cundum
2203 4249 2546 4303 traditionem
2572 4249 2883 4312 apostolirm
2909 4249 3073 4312 sedis,
3103 4258 3285 4318 preter
3305 4264 3520 4306 sacrum

1919 4319 2236 4410 baptisma,
2265 4341 2408 4408 quod
2439 4340 2490 4393 in
2521 4342 2739 4396 nomine
2774 4354 2976 4396 Sancta:
3021 4339 3302 4398 Trinitatis
3346 4343 3520 4412 perfe-

1945 4441 2092 4485 ctum
2120 4440 2226 4496 est,
2260 4431 2472 4485 irritum
2501 4429 2827 4497 haberetur,
2869 4441 2924 4486 et
2955 4415 3188 4486 ordinati
3224 4431 3291 4484 ab
3319 4445 3384 4485 eo
3410 4447 3516 4488 tec—

1945 4519 2268 4596 clcsiasticis
2295 4517 2553 4590 gradibus
2585 4520 2947 4591 privarentur.
2984 4521 3146 4589 Tunc.
3166 4535 3305 4576 unus
3330 4535 3397 4576 ex
3427 4523 3520 4578 de-

1939 4611 2101 4682 jectis
2137 4610 2397 4668 fratribus
2429 4611 2669 4667 libellum
2714 4612 3155 4683 proclamalionis
3191 4614 3440 4683 exposuit
3469 4615 3520 4668 in

1949 4701 2146 4766 medio,
2181 4701 2236 4755 in
2264 4717 2372 4771 quo
2394 4703 2786 4764 continebatur,
2823 4705 2964 4772 quod
2999 4703 3118 4757 ideo
3148 4718 3207 4758 se
3242 4704 3310 4758 ab
3339 4703 3523 4758 Ebone

1944 4793 2317 4864 permisissent
2339 4794 2602 4859 ordinari,
2617 4793 2741 4864 quia
2756 4795 3022 4856 viderant,
3037 4792 3402 4864 suil‘ragancos
3417 4794 3494 4848 lie
3505 4823 3522 4834 -

1947 4885 2149 4941 mensis
2177 4883 2434 4941 tecclesite
2489 4886 2542 4940 in
2584 4901 2747 4938 unum
2793 4901 2919 4954 cum
2947 4883 3145 4939 litteris
3181 4883 3526 4952 imperatoris

1948 4974 2190 5029 Lotharii
2220 4969 2560 5042 convenisse,
2587 4983 2642 5030 et
2664 4975 2894 5030 eundem
2920 4975 3162 5030 Ebonem
3195 4972 3518 5027 restituisse.

1947 5065 2054 5119 Sed
2077 5075 2133 5119 et
2156 5065 2388 5131 litteras,
2413 5061 2569 5138 quasi
2597 5081 2663 5122 ex
2693 5068 2913 5124 nurnine
2942 5063 3260 5120 Theoderici
3287 5063 3526 5132 episcopi

1945 5168 1998 5204 at
2028 5167 2332 5204 ceterorum
2365 5155 2605 5204 ninedom
2634 5159 2914 5204 dinmcane
2946 5155 3317 5204 misconnrnm
3354 5152 3521 5204 maniv
