4052 5358
550 362 623 425 85
1511 374 1733 432 GESTA
1785 372 2202 433 PONTIFICUM
2248 376 2857 437 CAMERACENSIUM.
3745 381 3817 439 56

545 482 735 553 sisque
754 484 1146 555 comprobatis,
1170 485 1308 557 jussi
1345 496 1472 543 sunt
1502 489 1885 544 communione
1905 490 2207 557 privari,‘A
2235 489 2372 544 done
2393 507 2425 543 α
2452 500 2636 547 sancto
2665 492 2905 563 episcopo
2937 495 3404 550 excommunicato.
3446 494 3639 553 Postea
3678 513 3816 556 vero

548 585 650 645 pro
667 590 733 632 eo
754 578 899 646 quod
920 578 1190 649 episcopis
1220 580 1345 635 talia
1372 579 1611 648 objieere
1645 582 2127 652 presumpsissent.

547 664 645 721 llis
676 667 747 722 ita
785 670 1120 733 terminatis.
1154 670 1477 727 [Iincmarus
1521 673 1966 744 archiepiscopus
2016 674 2131 743 pri-

546 764 726 813 matus
758 758 840 812 sui
885 758 1062 815 locum
1101 761 1325 830 recepit.
1355 760 1521 829 Cujus
1560 771 1751 817 extant
1778 764 1978 832 scripta
2006 764 2127 833 pln-

545 846 717 912 rima,
745 863 866 918 qua:
893 848 1009 920 ipse
1035 851 1101 906 de
1130 851 1235 907 ﬁde
1263 851 1529 907 catholica
1559 861 1615 908 et
1638 853 1706 909 de
1751 853 2129 909 conservando

541 942 668 1013 jure
687 944 959 1001 catholico
980 946 1323 1016 conscripsit.
1554 946 1557 949 ’

612 1036 703 1092 46.
743 1037 881 1108 (με)
937 1038 1147 1107 Scripta
1185 1038 1465 1093 lliucmari
1500 1040 1571 1094 ad
1601 1040 1940 1095 Teodericum
1974 1052 2023 1095 et
2057 1042 2128 1095 ad

546 1127 685 1183 alios
718 1130 973 1199 quosdam
998 1129 1175 1199 (ibid.,
1196 1144 1313 1200 cap.
1346 1130 1460 1199 2t).
1503 1131 1649 1186 Inter
1671 1146 1793 1201 quae
1832 1132 1996 1186 etiam
2020 1131 2126 1185 Im-

544 1221 691 1275 moui
722 1219 1135 1291 Noviomagcusi
1162 1208 1437 1291 episcopo,
1471 1238 1569 1293 pro
1590 1223 1818 1279 consilio
1839 1232 1895 1279 et
1924 1223 2128 1279 auxilio

548 1312 727 1366 dando
762 1311 1100 1369 Theoderico
1139 1313 1520 1369 Cameracensi
1560 1315 1763 1384 presuli
1808 1329 1969 1385 super
1992 1330 2123 1385 quo-

542 1403 667 1455 dam
693 1402 1058 1469 inobedientc,
1081 1404 1172 1473 qui
1197 1403 1368 1458 Deum
1395 1420 1498 1459 non
1531 1404 1753 1460 timebat
1776 1414 1830 1460 et
1858 1404 2125 1459 aecclcsia-

543 1492 739 1549 sticum
783 1493 1145 1551 ministerium
1212 1509 1320 1549 non
1382 1495 1753 1549 reverebatur.
1795 1494 1904 1565 Ipsi
1955 1494 2121 1549 etiam

542 1577 885 1641 Theoderico
916 1601 1016 1655 pro
1041 1585 1276 1654 quodam
1309 1583 1561 1650 llettone,
1592 1585 1835 1639 Lotharii
1865 1584 2006 1655 regis
2031 1600 2119 1637 va-

518 1677 696 1743 ωηο,
728 1678 816 1734 cui
844 1679 1120 1734 communi
1158 1692 1424 1734 consensu
1468 1678 1845 1749 pwnitcntiam
1872 1677 2120 1747 injunxe-

540 1777 653 1832 rat,
681 1768 867 1837 quise
896 1765 1200 1823 absolutum
1242 1783 1272 1821 a
1317 1766 1530 1838 prclan
1572 1766 1908 1821 Theoderico
1954 1764 2122 1820 fuisse

2232 580 2318 633 vir
2343 581 2563 650 quidam
2588 582 2821 653 negotiis
2861 583 3188 640 militaribus
3224 584 3476 653 deditus,
3517 589 3612 644 sed
3643 606 3811 662 rapa-

2230 670 2411 726 citatis
2440 673 2635 728 studiis
2660 674 2924 740 intentus,
2950 676 3327 745 possessiones
3357 688 3565 735 sancta:
3597 679 3805 749 Mariae,

2228 776 2350 833 quae
2369 763 2422 817 in
2452 764 2732 820 territorio
2753 766 3102 823 Atrebatensi
3124 766 3503 837 conjacebant,
3529 770 3808 843 frequenti

2234 852 2548 909 incursione
2572 854 2889 926 depopulari
2922 869 3299 915 consueverat.
3342 860 3457 928 Qua
3491 863 3559 918 de
3599 880 3815 934 resepe

2214 944 2297 998 'ab
2318 945 2578 1017 episeopo
2607 954 2863 1011 vocatus,
2903 963 3027 1003 cum
3072 948 3319 1004 maleﬁcii
3353 950 3438 1006 sui
3472 951 3635 1007 ﬁnem
3676 953 3813 1009 dare

2228 1035 2512 1103 noluisset,
2534 1036 2715 1107 presul
2739 1039 3047 1109 apostolica:
3063 1040 3405 1096 auctoritatis
3429 1042 3579 1112 virga
3606 1041 3782 1099 ferien
3797 1072 3811 1083 ο

2227 1124 2351 1179 dam
2384 1125 2501 1195 ejus
2530 1126 2739 1182 rabiem
2776 1127 3074 1182 estimarit.
3131 1126 3311 1183 Semel
3360 1129 3558 1199 igitur,
3588 1132 3704 1196 bis,
3750 1143 3810 1188 et

2230 1215 2390 1269 tertio
2418 1228 2671 1272 vocatum
2691 1257 2710 1282 ,
2736 1218 2833 1273 sed
2878 1218 3204 1272 renitentem
3223 1260 3238 1283 ,
3289 1222 3807 1277 excommunicarit.

2225 1305 2321 1361 ille
2363 1307 2431 1362 ad
2470 1318 2824 1379 augmentum
2876 1296 3277 1380 dampnationis
3325 1326 3438 1367 sua!
3493 1322 3675 1369 reatus
3719 1315 3809 1371 sui

2226 1400 2438 1471 culpam
2467 1418 2572 1457 non
2608 1404 2784 1459 solum
2816 1418 3207 1475 recognoscere
3247 1406 3420 1462 noluit
3441 1447 3454 1473 ,
3503 1423 3692 1465 verum
3724 1409 3810 1477 ip-

2225 1504 2340 1544 sam
2369 1491 3230 1561 presulisexcmnmunicationem
3258 1494 3519 1551 furiosius
3541 1510 3811 1566 spernere

2225 1580 2517 1651 verbisque
2539 1582 2878 1638 tumentibus
2901 1585 3195 1655 reprobare
3233 1585 3429 1655 coepit,
3458 1592 3513 1639 et
3540 1584 3806 1653 majorem

2228 1670 2520 1726 tirannidis
2548 1687 2659 1727 sua:
2687 1672 3008 1729 violentiam
3041 1674 3271 1730 minari:
3310 1689 3434 1730 cum
3468 1686 3688 1745 rcpcnte
3715 1674 3807 1729 in-

2226 1770 2308 1814 ter
2334 1758 2566 1816 furentis
2594 1761 2935 1818 blasfemiam
2960 1762 3174 1828 infelix,
3221 1778 3322 1835 per
3348 1773 3613 1819 secretam
3643 1774 3808 1818 natu-

540 1858 841 1924 fatebatur;
868 1868 922 1914 et
966 1874 1065 1929 pro
1109 1859 1345 1929 quodam
1389 1858 1694 1927 presbitero
1716 1897 1733 1923 ,
1784 1871 1944 1927 quem
1978 1858 2120 1912 idem
2154 1845 2194 1902 Β
2225 1868 2340 1908 ram
2371 1854 2506 1909 fusis
2525 1854 2860 1921 visceribus,
2885 1856 2980 1911 Dei
3005 1855 3216 1926 judicio
3251 1872 3543 1928 percussus
3568 1857 3805 1922 interiit,

540 1947 912 2003 Theodericus
944 1948 1544 2011 excommunieaverat,
1588 1961 1685 2016 pro
1714 1962 1821 2016 quo
1850 1961 1984 2015 papa
2013 1944 2118 1998 Ro-

514 2040 1060 2105 .manusvﬂincmaro
1089 2041 1302 2101 litteras
1330 2039 1583 2103 miserat,
1629 2053 1765 2108 quas
1805 2038 1920 2108 ipse
1944 2037 2119 2092 eidem

544 2128 883 2186 Theoderico
912 2132 1185 2186 mittebat.
1223 2130 1355 2185 Item
1397 2144 1495 2198 pro
1525 2130 1718 2198 prcfati
1758 2126 2002 2182 liettouis
2024 2128 2120 2181 ab-

544 2221 829 2277 solutione.
862 2222 992 2279 Item
1025 2237 1125 2292 pro
1149 2224 1310 2289 rebus
1339 2221 1621 2277 Bernensis
1647 2220 1943 2283 mcclcsitn.
1983 2234 2123 2290 quas

542 2312 645 2368 sibi
694 2328 792 2383 per
836 2313 1159 2385 prestariam
1210 2313 1578 2369 Theodericus
1615 2313 1848 2385 delegari
1883 2312 2117 2384 petebat.

514 2400 740 2463 .llaioni
784 2420 1001 2475 quoque
1044 2404 1236 2460 illustri
1274 2406 1497 2473 comiti,
1545 2406 1845 2477 gratiarum
1882 2403 2121 2460 referens

510 2496 793 2553 .actiones
875 2512 975 2565 pro
1028 2497 1364 2567 benignitate
1418 2506 1474 2552 ct
1525 2497 1888 2551 sollicitudine
1958 2512 2118 2566 quam

518 2587 737 2655 domno
759 2586 1098 2643 Theoderico
1120 2586 1503 2641 Camaracensi
1528 2585 1749 2655 presuli,
1765 2587 1885 2641 viro
1906 2597 2118 2650 sancto,

521 2685 601 2747 _et
625 2675 891 2748 aecclesiaa
920 2676 1090 2746 ipsius
1118 2676 1378 2730 exhibere
1409 2674 1654 2729 curabat.
1689 2674 1916 2744 Scripsit
1955 2675 2118 2729 etiam

542 2762 807 2819 Lothario
836 2764 1032 2833 regi",
1065 2763 1176 2819 ﬁlio
1202 2763 1546 2833 imperatoris
1575 2764 1850 2830 Lotharii,
1881 2778 1977 2833 pro
2006 2764 2119 2821 ele-

537 2853 720 2909 ctione
751 2853 989 2924 episc0pi
1029 2854 1289 2909 arcelesia:
1333 2853 1678 2909 concedenda
1719 2853 2117 2910 Cameracensi.

520 2944 762 3013 ,Ncrnon
787 2942 1055 3003 Gontario
1077 2935 1410 3010 Coloniensi,
1439 2953 1499 2999 ut
1525 2943 1824 3000 intercedat
1848 2945 1990 3015 apud
2019 2944 2121 2999 Lo-

537 3033 775 3088 tltariutn
812 3047 1027 3103 regem,
1088 3042 1145 3087 et
1175 3042 1385 3104 satagat
1422 3047 1522 3103 pro
1566 3032 1830 3089 electione
1858 3034 2116 3089 canonica

535 3123 948 3180 Cameracensis
995 3125 1235 3196 episcopi
1298 3136 1421 3196 post
1466 3125 1748 3180 decessum
1799 3118 2117 3181 Theoderici

535 3216 830 3271 venerandi
853 3216 1100 3285 prcsnlis.
1133 3215 1377 3272 Mortuus
1400 3216 1544 3271 enim
1559 3225 1698 3271 erat.
1726 3215 1859 3272 Item
1876 3217 2116 3273 secundo

514 3307 624 3373 ,vcl
655 3308 817 3362 tertio
844 3323 942 3378 pro
966 3308 1153 3363 eadem
1183 3324 1261 3374 re,
1299 3305 1597 3374 afﬁrmans,
1628 3322 1736 3362 non
1764 3306 1866 3362 nisi
1898 3306 2115 3377 regula-

538 3396 676 3453 riter
698 3397 750 3451 in
774 3397 964 3452 diebus
992 3397 1105 3453 suis
1131 3397 1239 3451 illic
1264 3397 1575 3468 episcopum
1599 3395 2006 3468 ordinandum]

607 3488 699 3543 47.
735 3489 873 3560 (45.)
904 3489 1110 3544 Damno
1137 3488 1457 3545 Theoderico
1490 3490 1601 3544 suis
1639 3489 1959 3559 pradiceute,
1984 3506 2117 3543 coxa

534 3579 821 3649 frangitur.
862 3577 1031 3646 Hujus
1068 3593 1200 3633 vero
1228 3577 1335 3633 tale
1370 3576 1571 3632 factum
1600 3616 1615 3642 ,
1661 3576 1983 3647 quibusdam
2023 3576 2116 3646 qui

536 3670 650 3722 suis
673 3682 844 3738 prope
875 3667 1209 3737 temporibus
1245 3665 1398 3723 fuere
1430 3666 1825 3731 referentibus,
1858 3666 2118 3735 cognovi-

514 3775 678 3831 (mus,
714 3759 855 3828 quod
886 3756 1241 3828 progrediens
1268 3759 1331 3812 ad
1358 3756 1630 3828 quendam
1663 3757 1709 3787 "
1739 3756 1972 3811 diocesis
2006 3770 2117 3810 suac

536 3851 715 3906 locum
765 3864 865 3920 pro
926 3849 1208 3903 sanctione
1277 3834 1709 3911 mcclesiastica,
1768 3861 1891 3900 cum
1939 3843 2115 3904 adlmc

538 3940 712 3994 tribus
736 3937 849 3994 fere
878 3937 1099 3992 milibus
1122 3937 1189 3991 ab
1213 3939 1349 3992 urbe
1380 3937 1630 4001 distaret,
1658 3937 1711 3991 in
1738 3935 1934 4005 spiritu
1955 3950 2117 3989 casus

537 4031 622 4084 sui
654 4029 953 4100 periculum
993 4029 1249 4100 agnovit,
1303 4028 1448 4098 quod
1494 4027 1879 4083 comitantibus
1931 4040 2113 4080 secum

536 4117 848 4189 iutimavit,
883 4119 1072 4177 dicens
1113 4136 1128 4174 :
1182 4118 1479 4184 Noveritis,
1526 4118 1746 4189 fratres,
1807 4118 1937 4171 haut
1965 4116 2117 4185 longe

540 4209 890 4285 periculosam
938 4210 1085 4265 nobis
1123 4209 1600 4263 instare'ruinam.
1658 4207 1755 4263 Cui
1796 4222 1917 4263 cum
1948 4207 2116 4261 comi-

537 4310 752 4365 tantes,
804 4310 864 4355 ut
892 4300 1067 4356 locum
1108 4299 1471 4367 declinassetf,
1525 4307 1809 4352 mouerent
1846 4314 1858 4350 τ
1903 4296 2115 4366 Nequa-

531 4408 717 4463 quam,
748 4392 923 4461 inquit
947 4433 960 4455 ,
991 4392 1186 4461 fratres
1215 4391 1346 4457 mei,
1394 4388 1712 4443 voluntatem
1751 4386 1847 4441 Dei
1886 4387 2115 4456 effugere

2222 1946 2571 2017 sepultusque
2594 1956 2679 2003 est
2699 1944 2888 2019 procul
2918 1949 2988 2004 ab
3009 1949 3144 2004 urbe
3160 1947 3317 2016 ista
3335 1951 3477 2005 riam
3503 1950 3804 2016 publicam,

2222 2038 2311 2092 ubi
2341 2053 2439 2092 nec
2476 2047 2722 2094 mortuus
2759 2048 2965 2109 partem
3006 2056 3129 2094 cum
3167 2039 3419 2096 ﬁdelibus
3454 2042 3652 2096 habere
3682 2055 3803 2093 tne-

2223 2127 2442 2183 ruisset.
2470 2128 2644 2183 Porro
2674 2128 2961 2183 manifesto
2987 2130 3186 2184 divina:
3202 2130 3691 2186 animadversionis
3710 2129 3805 2199 ju-

2222 2220 2389 2287 dicio,
2421 2230 2568 2275 terra
2599 2236 2708 2291 quo
2732 2222 3026 2291 sepultura:
3048 2222 3199 2277 locus
3222 2224 3566 2278 ambiebatur
3583 2266 3599 2288 ,
3625 2223 3805 2280 tribus

2221 2325 2320 2381 per
2346 2311 2632 2366 circuitum
2661 2311 2866 2367 cubitis
2887 2312 2956 2365 ab
2988 2312 3098 2368 imo
3124 2313 3198 2367 ita
3221 2314 3454 2376 exarsit,
3497 2313 3571 2369 ub
3612 2313 3680 2368 ab
3706 2327 3805 2367 oc-

2222 2402 2385 2457 cultis
2420 2403 2691 2457 meatibus
2728 2403 2979 2457 incendio
3030 2404 3232 2460 emisso
3261 2403 3563 2470 fatisceret;
3594 2415 3805 2459 etcum

2224 2494 2275 2547 id
2306 2494 2661 2548 cernentibus
2692 2494 2892 2548 mirum
2922 2504 2976 2549 et
3020 2495 3423 2551 formidandum
3456 2506 3627 2561 esset,
3667 2497 3805 2551 illud

2224 2586 2396 2655 magis
2423 2585 2741 2655 stupebant,
2796 2587 2940 2654 quod
2986 2601 3086 2655 per
3121 2587 3414 2641 triennium
3461 2586 3516 2641 in
3544 2602 3675 2659 agro
3710 2588 3808 2643 illo

2225 2692 2315 2730 ros
2357 2685 2453 2729 aut
2493 2677 2672 2745 pluvia
2713 2690 2817 2731 non
2867 2677 3091 2741 cecidit,
3132 2691 3233 2732 nec
3274 2691 3495 2748 gramen
3526 2679 3800 2748 apparuit.

2223 2764 2449 2833 Expleto
2472 2780 2599 2820 vero
2622 2766 2888 2830 triennio,
2942 2780 3064 2821 eum
3102 2765 3185 2820 vir
3228 2764 3322 2820 Dei
3361 2775 3524 2821 nocte
3563 2766 3802 2835 quadam

2222 2866 2321 2927 per
2344 2857 2574 2912 extasim
2622 2858 2675 2912 in
2722 2856 2953 2912 sublimo
2990 2864 3306 2926 raperetur,
3360 2857 3490 2911 vidit
3537 2858 3799 2911 miserum

2224 2947 2363 3001 miro
2395 2955 2452 3002 et
2486 2946 2830 3002 formidando
2875 2945 3102 3017 suplicio
3150 2944 3407 2999 cruciari.
3453 2943 3619 3015 Cujus
3652 2954 3802 2999 sorte

2222 3039 2527 3095 miserrima
2559 3046 2919 3108 conpunctus,
2946 3052 3069 3092 mox
3095 3046 3154 3090 ut
3179 3037 3231 3090 in
3256 3050 3315 3090 se
3342 3035 3527 3101 rediit,
3568 3036 3800 3102 sumptis

2222 3145 2406 3187 secum
2428 3144 2566 3199 quos
2587 3129 2789 3194 voluit,
2821 3128 2888 3183 ad
2921 3128 3254 3198 sepulturam
3296 3124 3751 3196 nsquc'pervenit
3778 3142 3795 3190 ;

2220 3221 2583 3291 expositoque
2611 3218 2842 3274 consilio
2862 3258 2877 3280 ,
2925 3216 3052 3272 licet
3075 3216 3456 3271 auctoritatem
3494 3231 3599 3269 non
3628 3215 3795 3269 habe-
3826 3258 3831 3262 .

2224 3322 2326 3379 ret,
2356 3326 2573 3367 servum
2595 3325 2782 3373 unum,
2807 3308 2899 3379 qui
2919 3308 2968 3363 ci
2988 3308 3249 3363 habendis
3272 3306 3459 3361 usibus
3480 3306 3793 3367 inhaeserat,

2220 3419 2414 3459 causas
2445 3401 2681 3458 defuncti
2713 3415 2874 3471 agere
2899 3398 3088 3469 jubet,
3135 3406 3190 3453 et
3230 3406 3289 3451 ut
3325 3396 3634 3467 impositum
3674 3410 3795 3449 mo-

2219 3492 2346 3546 dum
2372 3490 2704 3562 ptenitentiae
2738 3504 2837 3560 pro
2870 3502 2937 3544 eo
2972 3488 3083 3557 ipse
3120 3486 3404 3557 expleret,
3445 3485 3568 3539 data
3596 3483 3697 3538 sibi
3725 3483 3796 3537 ab

2218 3586 2473 3655 episcopo
2490 3599 2591 3653 pro
2618 3584 2721 3637 hac
2742 3581 3051 3652 expletione
3074 3580 3224 3651 (l5!)
3252 3577 3523 3631 libertatis
3549 3575 3793 3645 optione.

2217 3673 2411 3729 Postea
2444 3688 2573 3727 vero
2596 3672 2753 3727 tellus
2780 3673 2897 3726 visa
2929 3679 3013 3725 est
3033 3669 3326 3725 herbidare
3353 3667 3421 3718 ’³.

2289 3764 2382 3820 49.
2410 3762 2548 3834 (Π.)
2584 3762 2739 3828 Quod
2768 3770 2995 3829 tempore
3018 3759 3178 3826 huius
3219 3756 3463 3821 templum
3492 3754 3628 3808 beati
3649 3752 3797 3821 Gau-

2216 3856 2376 3927 gerici
2406 3856 2665 3921 inceptum
2695 3862 2802 3916 est,
2846 3859 2894 3905 et
2924 3849 3101 3903 eodem
3146 3862 3286 3900 anno
3324 3845 3469 3899 obiit.
3496 3842 3609 3899 Sub
3637 3842 3796 3910 hujus

2218 3949 2362 4005 beati
2386 3947 2660 4020 pontiﬁcis
2684 3946 2906 4009 diebus,
2937 3959 3081 3999 anno
3122 3941 3372 3996 videlicet
3404 3938 3795 3994 incarnationis

2220 4041 2434 4097 Domini
2480 4038 2651 4096 nostri
2679 4035 2803 4091 Jesu
2840 4034 3041 4091 Christi
3080 4033 3205 4090 865.
3237 4032 3327 4088 t6.
3365 4030 3486 4085 Kal.
3516 4028 3674 4096 Julii,
3713 4030 3797 4085 in-

2216 4144 2430 4203 ceptum
2477 4142 2563 4188 est
2610 4129 2867 4199 templum
2920 4126 3096 4183 sancti
3156 4123 3443 4195 Caugerici
3501 4120 3794 4187 aediﬁcari,

2216 4224 2359 4294 quod
2388 4231 2575 4292 postea
2604 4218 2905 4274 honoriﬁce
2935 4208 3394 4277 consummatum,
3428 4212 3520 4267 sed
3550 4220 3796 4282 tempore

2216 4313 2435 4385 quidem
2462 4310 2713 4374 Rotradi,
2759 4307 3001 4376 ejusdem
3024 4306 3169 4361 sedis
3204 4306 3271 4359 ab
3317 4304 3433 4374 ipso
3456 4301 3796 4356 Theoderico

2219 4402 2361 4458 tertii
2391 4400 2667 4471 episcopi,
2710 4408 2771 4453 ut
2801 4398 2853 4453 in
2884 4396 3234 4467 sequentibus
3279 4394 3478 4464 legitur
3503 4392 3575 4459 (c.
3608 4390 3727 4462 6t).
3762 4406 3793 4446 τι

533 4483 802 4549 debemus,
834 4484 922 4552 qui
945 4482 1060 4537 ideo
1090 4482 1335 4551 perculit,
1359 4492 1414 4534 ut
1444 4480 1827 4548 sanet,idcirco
1854 4477 2110 4539 vulnerat,

2222 4492 2545 4548 Normannis
2570 4490 2736 4545 etiam
2764 4504 2886 4543 cum
2910 4487 3133 4542 civitate
3157 4485 3434 4539 incensum
3462 4491 3563 4536 cst.
3591 4480 3792 4534 Eodem

536 4584 593 4629 ut
623 4576 913 4629 medeatur.
950 4574 1190 4629 Necdum
1216 4574 1381 4630 verba
1408 4571 1788 4643 compleverat,
1822 4579 1878 4624 et
1905 4584 2032 4625 ecce
2057 4568 2109 4622 in

532 4680 819 4719 occursum
861 4665 978 4735 ejus
1026 4666 1110 4718 vir
1156 4663 1375 4737 quidam
1422 4660 1702 4715 mendicus
1732 4658 1969 4714 advenit.
2008 4654 2110 4723 Qui

534 4772 658 4811 cum
685 4771 743 4811 se
775 4756 841 4809 ad
867 4755 1212 4811 salutandum
1251 4756 1565 4825 episcopum
1599 4751 1822 4821 pronior
1854 4749 2111 4806 inclinas-

535 4852 648 4910 set,
701 4843 877 4899 mulus
915 4844 1002 4899 cui
1050 4845 1337 4914 cpiscopus
1380 4841 1684 4903 insederat,
1725 4856 1789 4894 ex
1826 4838 2111 4894 salutantis

535 4945 685 4992 motu
716 4935 960 5001 territus,
996 4937 1173 4993 subito
1199 4938 1249 4991 in
1276 4936 1548 4990 diversum
1575 4932 1788 4996 resiliit,
1813 4940 1869 4985 ct
1895 4928 2101 4983 ruentis

533 5025 669 5081 eliso
707 5041 900 5093 crure,
950 5034 1196 5096 apertum
1241 5038 1493 5094 campum
1544 5023 1734 5077 tenuit.
1771 5020 1840 5074 At
1884 5018 2110 5073 comites

533 5128 779 5173 rnentctn
821 5118 1131 5189 episcopum
1175 5118 1538 5190 excipientes,
1591 5115 1825 5185 propriis
1866 5112 2009 5169 ulnis
2039 5112 2107 5165 ad

532 5211 721 5260 urbem
755 5208 1084 5260 baiularunt.

2222 4600 2349 4640 vero
2364 4599 2528 4648 anno,
2552 4581 2733 4637 Nonas
2750 4578 3003 4649 Augusti,
3023 4576 3392 4633 Theodericus
3414 4574 3701 4644 episcopus
3720 4572 3789 4625 ad
3843 4576 3848 4580 ”

2222 4673 2712 4733 remunerationem
2755 4684 2977 4725 suorum
3024 4668 3273 4723 laborum
3318 4673 3543 4720 vocatus
3569 4703 3585 4728 ,
3650 4662 3792 4716 diem

2218 4766 2448 4828 clausit,
2495 4760 2848 4833 sepultusque
2876 4766 2963 4813 est
2998 4757 3051 4812 in
3085 4754 3413 4811 monasterio
3452 4749 3626 4807 sancti
3652 4748 3792 4803 Aut-

2218 4858 2383 4913 berti.
2416 4854 2523 4911 Sed
2552 4864 2798 4922 tempore
2827 4851 2969 4907 tertii
3011 4849 3163 4920 (152)
3236 4845 3452 4902 Ottouis
3494 4845 3794 4914 imperato-

2218 4950 2324 5011 ris,
2368 4947 2469 5003 sub
2517 4945 2773 5001 Fulberto
2822 4941 3062 5010 ejusdem
3116 4937 3262 4993 sedis
3309 4938 3563 5006 episcopo
3613 4942 3791 4987 trans-

2216 5040 2360 5093 latus
2403 5046 2488 5093 est
2531 5036 2586 5092 in
2616 5033 3005 5101 Germaniam,
3034 5030 3178 5085 sicut
3218 5030 3273 5084 in
3314 5027 3670 5083 seouentibus
3715 5022 3787 5077 Ie-

2212 5131 2376 5201 gitur.

2289 5221 2357 5258 κη
2406 5219 2497 5256 ΙᾸΩ
2526 5219 2544 5256 Χ
2593 5216 2716 5256 pne!
2746 5218 2881 5254 Ιηιηρ
2905 5214 3139 5254 ωρρΙιιὸη
3165 5230 3197 5252 n
3221 5220 3430 5252 nnclnr:
3452 5209 3617 5250 3:55:23
3635 5205 3786 5248 11:32.":
