4052 5358
298 286 365 341 57
1675 290 1875 349 LIBER
1916 295 2191 355 PRIMUS.
3489 307 3562 365 58

300 415 589 457 excessum
614 400 729 471 (an.
761 400 886 471 865)
914 400 1153 457 :ccclesia
1196 400 1673 461 Cameracensium
1701 423 1731 462 a
1761 424 1883 479 pas-
1917 418 1962 474 Α
1991 410 2278 468 dominica:
2340 412 2734 471 incarnationis
2770 418 2781 427 ⁴
2811 417 2936 483 866,
3012 416 3287 474 Iohannes
3360 429 3562 475 sancta:

303 493 461 549 torali
496 494 764 564 regimine
796 510 890 565 per
916 503 1025 551 tres
1062 496 1283 550 circiter
1308 512 1478 553 annos
1500 501 1745 566 vacavit,
1786 502 1888 557 hac

301 590 514 645 scilicet
551 590 903 645 contentione
938 590 1117 645 habita
1158 589 1303 645 inter
1332 590 1681 647 Hincmarum
1710 594 1891 649 archi-

302 682 623 752 episcopum
649 690 703 738 et
732 682 1112 752 imperatorem
1145 682 1291 753 (133)
1320 681 1662 738 Lotharium.
1705 682 1887 773 Siqui-

303 777 427 831 dem
464 777 766 847 imperator
808 777 1023 832 cuidam
1054 776 1253 832 clerico
1277 776 1582 832 Guntberto
1627 776 1887 847 episcopii

304 851 534 924 contulit
577 868 933 940 dignitatem;
991 867 1086 923 sed
1129 866 1570 938 archiepiscopus
1606 882 1730 922 cum
1776 867 1891 922 suis

307 959 675 1030 coepiscopis,
705 958 811 1014 hoc
844 958 961 1014 ﬁeri
992 967 1183 1013 contra
1214 973 1401 1015 sacros
1420 973 1659 1014 canones
1698 957 1892 1013 adver-

305 1059 444 1112 tens,
462 1066 587 1105 cum
610 1049 756 1104 omni
782 1050 1107 1106 auctoritate
1133 1049 1439 1120 refragatus
1456 1058 1559 1115 est,
1574 1049 1893 1120 cunctisque

309 1141 485 1211 ipsius
514 1140 777 1197 :ecclesiaz
799 1140 1016 1196 clericis
1040 1155 1102 1196 ac
1126 1140 1392 1196 militibus
1415 1140 1515 1196 sub
1542 1142 1894 1195 anathemate

310 1231 616 1296 interdixit,
648 1248 715 1289 ne
743 1232 867 1302 quis
901 1247 1089 1288 eorum
1132 1247 1257 1287 cum
1289 1230 1537 1287 adultero
1568 1240 1784 1300 pastore
1813 1230 1893 1284 ul-

312 1325 422 1380 lum
452 1340 741 1381 assensum
770 1334 865 1379 aut
900 1324 1331 1380 familiaritatem
1378 1324 1582 1381 habere
1614 1331 1890 1393 putasset;

310 1414 713 1471 usumfructum
742 1430 873 1470 vero
903 1422 1097 1479 teme,
1135 1415 1281 1484 quod
1321 1414 1668 1484 imperatoris
1714 1422 1836 1468 erat
1866 1453 1883 1479 ,

310 1507 693 1562 tantummodo
724 1505 1158 1564 commodarent.
1203 1504 1383 1575 Quare
1426 1522 1534 1561 non
1578 1505 1668 1562 ditt
1708 1520 1897 1561 mora-

312 1612 430 1667 tus,
503 1599 709 1655 invitus
776 1598 1057 1655 abscessit.
1130 1598 1336 1654 Dehinc
1403 1613 1533 1654 vero
1600 1598 1897 1667 imperator

313 1692 636 1749 Tetboldum
666 1692 941 1762 quendam
962 1690 1219 1746 clericum
1252 1689 1585 1755 intromisit;
1609 1690 1703 1745 sed
1736 1690 1894 1745 simi-

1989 503 2265 559 memorite
2285 504 2572 576 episcopus
2594 522 2624 560 a
2658 506 2917 561 Lothario
2966 508 3196 573 minore,
3231 508 3341 564 tilio
3363 507 3565 564 Lotba-

1990 594 2055 648 rii
2086 595 2444 663 imperatoris,
2477 599 2878 667 praeordinante
2908 599 3091 655 divina
3115 598 3333 670 .‘gratia,
3363 601 3566 655 substi-

1992 686 2180 741 tuitur.
2206 686 2303 743 llic
2329 698 2512 745 autem
2566 690 2711 761 regia
2753 691 2805 746 in
2857 692 2979 746 aula
3018 694 3276 755 nutritus,
3318 695 3562 748 cantoris

1992 776 2172 833 ollicio
2207 778 2553 851 fungebatur.
2595 781 2766 851 Hujus
2794 784 2938 840 enim
2973 785 3024 840 in
3060 785 3347 856 superficie
3378 785 3564 854 sepul-

1992 873 2124 921 tune
2199 867 2304 923 tale
2374 868 2637 940 scriptum
2713 882 2935 929 constat
3006 874 3264 930 marmori
3343 888 3567 929 caraxa-

1994 967 2106 1013 tum
2134 959 2307 1029 (tat).

1994 1047 2195 1118 Regum
2221 1048 2500 1119 magni/ica
2534 1051 2738 1121 fueram
2774 1051 3003 1108 nutritus
3031 1054 3084 1109 in
3103 1054 3253 1119 aula,

2065 1138 2132 1193 In
2158 1157 2259 1211 qua
2285 1142 2517 1195 cantoris
2545 1144 2753 1197 nomine
2777 1144 2985 1213 [unctus
3008 1161 3174 1199 eram.

1996 1229 2117 1285 Non
2137 1232 2362 1300 propriis
2386 1232 2603 1295 meritis,
2634 1232 2748 1287 sola
2772 1234 2963 1303 pietate
3000 1232 3271 1297 Tonantis,

2064 1322 2294 1377 Antistes
2323 1324 2426 1377 ista
2449 1324 2622 1392 {actus
2653 1325 2707 1379 in
2738 1325 2867 1381 urbe
2888 1325 3011 1396 fui;

1996 1411 2168 1477 Quam
2197 1424 2458 1483 prestante
2487 1413 2598 1469 Deo
2623 1417 2805 1471 monui
2826 1426 3186 1488 contempnere
3207 1432 3409 1484 semper

2065 1502 2350 1560 Illecebras
2388 1507 2591 1571 mundi,
2616 1507 2813 1577 gaudia
2841 1524 2964 1563 vera
2986 1510 3153 1579 sequi.

2000 1590 2162 1646 Nunc
2207 1604 2383 1649 autem
2440 1594 2583 1663 facta
2618 1597 2894 1666 carnisque
2946 1598 3239 1668 animmque
3288 1598 3573 1669 dirempta,

2068 1681 2301 1754 Septima
2325 1694 2441 1754 post
2470 1698 2620 1741 sexta
2646 1686 2868 1742 sabbata
2900 1686 3049 1758 (155)
3075 1688 3345 1757 perﬁcio”

313 1787 437 1840 liter
456 1798 520 1838 ea
551 1784 899 1839 contentione
926 1781 1239 1843 frustratus,
1259 1782 1449 1837 exivit.
1474 1778 1662 1836 Tertio
1681 1794 1896 1849 quoque
1926 1768 1971 1828 Β
2001 1778 2180 1833 Donec
2208 1781 2265 1834 in
2305 1781 2531 1835 adventu
2560 1781 2759 1837 Christi
2786 1800 2883 1838 sua
2908 1783 3141 1838 membra
3170 1787 3400 1835 resumat

312 1874 652 1938 llilduinum,
693 1887 852 1927 suum
880 1881 1169 1941 cognatum
1217 1872 1310 1927 sed
1363 1880 1418 1926 et
1463 1886 1619 1925 suum
1661 1869 1895 1939 capella-

313 1981 480 2027 num,
526 1963 627 2035 ipsi
672 1964 937 2020 accelesizc
975 1966 1241 2043 prellcere
1274 1963 1579 2029 estimavit;
1631 1963 1727 2020 sed
1771 1964 1897 2034 quia

312 2065 508 2114 contra
545 2054 722 2126 legem
760 2055 1077 2110 canonicam
1108 2064 1263 2119 erat,
1315 2054 1638 2109 llincmarus
1682 2067 1899 2124 quoque

316 2147 759 2203 benedictionem
795 2161 917 2201 cum
945 2145 1095 2200 omni
1136 2146 1334 2200 virtute
1378 2144 1612 2215 negavit.
1643 2143 1741 2199 His
1769 2158 1900 2215 ergo

319 2241 391 2295 ita
414 2220 907 2303 contendentibus,
953 2237 1200 2293 :ecclesia
1231 2237 1487 2307 pastorali
1517 2235 1780 2306 regimine
1808 2235 1902 2291 de-

318 2334 506 2389 stituta
528 2331 979 2387 labefactabatur.
1011 2330 1165 2386 Unde
1188 2330 1478 2386 Nicholaus
1496 2345 1633 2400 papa
1658 2329 1902 2400 graviter

320 2436 522 2487 motus.
550 2440 680 2495 sepe
710 2425 1057 2489 Lotharium,
1083 2423 1250 2478 immo
1276 2437 1493 2492 quoque
1522 2419 1899 2487 Hincmarum,

320 2518 476 2588 quasi
502 2532 669 2587 super
706 2516 760 2571 id
795 2515 995 2586 negotii
1039 2514 1400 2587 negligentem
1440 2522 1497 2568 et
1530 2512 1898 2577 incuriosum,

321 2608 545 2663 directis
574 2605 827 2677 epistolis
856 2605 1230 2661 succensebat.
1269 2603 1423 2659 llunc
1471 2604 1653 2673 itaque
1693 2602 1903 2657 litteras

320 2697 631 2767 hujusmodi
661 2698 729 2751 ad
761 2694 1039 2753 Nicolaum
1059 2710 1250 2765 papam
1275 2694 1541 2750 direxisse
1569 2692 1901 2763 reperimus,

321 2788 539 2861 {(Fcon.
557 2802 643 2850 ut,
662 2786 795 2857 l2.)t
821 2785 1043 2841 Domino
1060 2774 1216 2841 unice
1236 2783 1694 2855 singulariterque
1731 2781 1906 2838 susci-

322 2878 547 2950 piendo,
583 2885 804 2948 patrum
829 2876 968 2953 patri
999 2882 1054 2931 et
1095 2890 1305 2931 summa
1348 2874 1696 2929 veneratione
1736 2874 1906 2930 hono-

236 2976 239 2979 “
321 2971 517 3036 rando,
538 2970 977 3027 reverentissimo
997 2984 1151 3041 papa:
1169 2967 1448 3035 Nicholao,
1465 2968 1786 3024 Hincmarus
1808 2983 1906 3023 no-

2075 1870 2328 1942 Spiritus,
2358 1884 2539 1928 octava
2555 1874 2674 1942 jam
2714 1875 2956 1928 radiante
2979 1874 3083 1928 die.

2004 1964 2108 2031 Qui
2129 1966 2257 2035 legis
2283 1967 2425 2021 hunc
2468 1968 2704 2034 titulum,
2753 1969 2944 2035 frater,
3000 1968 3226 2023 subsiste
3275 1978 3577 2035 parumper,

2074 2057 2141 2112 Et
2166 2059 2269 2121 dic,
2296 2069 2545 2115 wternam
2576 2076 2880 2130 promerear
2901 2060 3156 2131 requiem.

2074 2150 2186 2222 [ὄὲ.
2210 2150 2349 2221 (50.)
2371 2150 2559 2222 (FLon.
2585 2150 2669 2217 Ill,
2685 2151 2777 2222 21)
2800 2150 2953 2217 Quod
2972 2148 3243 2204 Iohannes
3262 2145 3583 2203 ordinationl

2001 2240 2225 2310 Bertulﬁ
2256 2243 2482 2311 episcopi
2504 2242 2764 2310 interfuit.
2813 2239 2968 2297 Iiunc
2991 2241 3044 2295 in
3071 2240 3410 2295 ordinatione
3449 2235 3584 2290 Ber-

2004 2332 2116 2386 tulli
2146 2332 2492 2387 Trevirensis
2512 2332 2903 2402 archiepiscOpi
2949 2330 3277 2386 venerabilis
3321 2329 3583 2384 llincma-

2006 2438 2121 2488 rus,
2171 2421 2327 2491 cujus
2355 2422 2519 2492 paulo
2548 2432 2674 2478 ante
2705 2423 3037 2478 mentionem
3083 2422 3333 2485 fecimus,
3358 2435 3425 2475 ex
3465 2417 3584 2487 jus.

2005 2516 2158 2571 sione
2235 2514 2418 2570 Karoli
2464 2515 2625 2586 regis,
2665 2530 2787 2570 cum
2846 2513 3141 2569 Hincmaro
3206 2511 3586 2569 Laudunensis

2005 2608 2260 2677 episcopo
2281 2615 2337 2660 et
2358 2605 2549 2661 Odone
2570 2605 2881 2661 Belvacensi
2904 2605 2970 2661 ad
2992 2605 3305 2675 petitionem
3334 2600 3587 2657 Adventii

2007 2696 2288 2752 Mettensis
2316 2696 2363 2728 ’δ
2390 2704 2445 2751 et
2474 2695 2679 2750 Arnulll
2709 2694 2976 2751 Tullensis
3003 2695 3382 2765 episcoporum
3430 2691 3586 2762 ejus-t

2013 2788 2136 2844 dem
2176 2787 2518 2843 Trevirensis
2546 2789 2824 2843 dioceseos
2858 2787 3102 2850 miserat,
3140 2785 3441 2840 informans
3468 2797 3587 2847 eos,

2005 2878 2275 2950 quomodo
2306 2878 2358 2932 id
2395 2879 2498 2932 rite
2530 2877 2643 2931 lteri
2676 2877 2900 2932 deberet
2936 2876 3201 2931 canonica
3253 2873 3585 2945 apostolica-

2008 2984 2117 3041 que
2142 2969 2491 3037 auctoritate,
2524 2978 2583 3024 ut
2611 2968 2785 3025 sacris
2835 2967 3039 3038 regulis
3074 2964 3218 3022 nulla
3259 2973 3355 3020 aut
3406 2962 3583 3031 negli-

324 3063 497 3127 mine,
523 3075 633 3116 non
659 3061 876 3127 merito,
902 3059 1193 3115 Remorum
1213 3059 1497 3131 episcopus
1518 3073 1583 3115 ac
1613 3057 1787 3128 plebis
1810 3057 1905 3114 Dei
1934 3112 1980 3175 Ο
2010 3064 2192 3135 gentia
2223 3072 2317 3118 aut
2346 3063 2751 3133 presumptione
2797 3062 2850 3116 in
2876 3061 3061 3131 aliquo
3086 3059 3467 3114 discederent.

326 3153 564 3175 f,__--l---
620 3152 673 3175 Ι..
704 3152 919 3175 _..!-.-I-
948 3160 1140 3175 -.--s....
1170 3152 1476 3175 --_-n!s-s:-
1534 3166 1635 3175 ..--
1663 3150 1904 3175 n.l-_‘...
2089 3156 2154 3175 NI!
2204 3154 2282 3175 [vs
2321 3156 2335 3175 \
2375 3154 2535 3175 In---
2588 3153 2649 3175 Ill
2702 3154 2793 3175 A-\
2834 3150 3065 3175 nr--..:_._
3100 3150 3288 3175 --.Σ-ι-
3320 3146 3467 3175 11:--.

325 3153 586 3209 famulus.
619 3152 675 3207 1n
698 3152 929 3223 epistola
948 3160 1143 3207 vestra:
1167 3152 1501 3218 sanctitatis,
1534 3166 1635 3222 per
1663 3150 1906 3209 Odonem

326 3247 643 3316 episcopum
683 3244 957 3315 episcopis
1003 3244 1056 3299 in
1100 3259 1268 3316 regno
1307 3243 1549 3300 Lotbarii
1595 3259 1695 3315 pro
1728 3242 1912 3315 prejue

329 3336 476 3390 dicio
497 3332 914 3390 Cameracensis
937 3332 1197 3391 aacclesite
1219 3334 1450 3400 directa,
1482 3334 1645 3405 relegi
1674 3343 1912 3391 vestram

331 3426 719 3484 auctoritatem
763 3427 1164 3482 sciscitaturam
1231 3425 1387 3496 cujus
1433 3427 1679 3497 neglectu
1724 3428 1914 3482 eadem

333 3519 581 3576 aecclesia
612 3519 750 3575 ultra
790 3520 1065 3575 decimum
1112 3534 1353 3575 mensem
1403 3528 1622 3590 pastore
1668 3518 1917 3575 vacaret?

336 3610 491 3667 Unde
542 3618 603 3664 ut
644 3625 748 3667 non
801 3610 1081 3682 negligens
1133 3625 1162 3665 a
1206 3619 1392 3665 vestro
1430 3607 1735 3680 apostolatu
1795 3623 1919 3664 suc-

334 3718 609 3768 censear,
658 3701 879 3774 judico,
949 3704 1260 3759 auctoritati
1303 3712 1501 3758 vestra:
1537 3710 1659 3772 post
1682 3701 1920 3757 directas

337 3796 627 3852 Hlothario
670 3805 725 3851 et
765 3796 1036 3865 episcopis
1073 3796 1224 3866 regni
1273 3794 1393 3863 ejus
1437 3803 1602 3864 atque
1632 3792 1916 3858 Hilduino,

338 3888 431 3957 qui
464 3886 692 3941 eandem
725 3886 1017 3941 ecclesiam
1054 3884 1439 3955 inregulariter
1473 3884 1793 3954 occupavit,
1844 3884 1920 3938 ita

2086 3156 2176 3211 55.
2201 3154 2339 3226 (5L)
2372 3154 2561 3223 (an.
2587 3153 2674 3219 Ill,
2702 3154 2796 3222 23)
2826 3150 3066 3207 Plurima
3095 3150 3289 3219 scripta
3316 3145 3593 3202 Hincmari

2012 3248 2390 3319 archiepiscopi
2434 3248 2504 3302 ad
2538 3247 2786 3300 domuum
2838 3243 3155 3299 Iohannem.
3204 3240 3360 3301 lluic,
3410 3237 3461 3291 izl
3500 3230 3593 3289 est

2013 3340 2215 3396 domno
2250 3338 2485 3395 Iohanni
2514 3336 2916 3397 Cameracensi,
2951 3333 3153 3404 petenti
3200 3327 3592 3385 conuuendati-

2016 3431 2120 3486 tias
2143 3429 2261 3485 dari
2297 3429 2399 3484 sibi
2433 3428 2657 3482 Romam
2691 3422 3054 3495 proficiscenti
3110 3420 3342 3479 litteras,
3385 3432 3450 3469 ex
3497 3430 3593 3469 009

2016 3520 2164 3577 nine
2200 3520 2383 3575 domui
2433 3516 2710 3574 Hinemari
2766 3515 3004 3571 Adriano
3046 3527 3197 3583 papa:
3249 3505 3589 3570 olferendas,

2018 3611 2318 3668 rescribit:
2371 3610 2515 3681 quod
2576 3609 2623 3663 si
2671 3606 2984 3663 redditurus
3033 3600 3352 3671 obsequium
3404 3594 3595 3651 cmsari

2020 3703 2250 3761 Romam
2285 3703 2416 3758 velit
2469 3702 2540 3756 ita
2583 3714 2829 3772 pergere,
2867 3707 2927 3752 ut
2965 3692 3232 3764 obsequio
3274 3692 3388 3746 Deo
3412 3686 3598 3745 debito

2024 3796 2247 3853 caesaris
2275 3794 2608 3850 contrarium
2636 3807 2743 3847 non
2770 3796 2915 3846 esset
2938 3785 3281 3856 obsequium,
3307 3779 3600 3839 canonicas

2014 3888 2256 3945 libenter
2284 3889 2333 3944 ei
2378 3887 2589 3942 litteras
2631 3885 2937 3947 tribueret;
2977 3879 3060 3935 sin
3093 3886 3273 3935 autem
3307 3887 3408 3944 pro
3432 3869 3598 3924 cauSa

338 3986 399 4030 ut
426 3984 558 4031 ante
600 3991 764 4046 quam
814 3975 960 4044 ipsas
1003 3974 1291 4030 mitteretis
1314 3974 1572 4044 epistolas
1592 4012 1610 4040 ν
1659 3974 1924 4030 hactenus
2035 3978 2282 4034 Lotbarii
2313 3978 2473 4050 regis,
2506 3992 2627 4048 qua:
2657 3975 2799 4031 inter
2824 3987 2946 4028 eum
2978 3978 3032 4024 et
3060 3968 3230 4038 ipsius
3253 3978 3475 4019 uxorem
3504 3960 3594 4014 diu

340 4067 696 4141 prejudicium
726 4081 1081 4136 permanere;
1114 4080 1309 4134 meque
1340 4063 1660 4119 Lothariom
1703 4076 1920 4133 regem,
2021 4069 2281 4123 ventilata
2315 4067 2513 4133 fuerat,
2540 4065 2797 4136 quoniam
2827 4058 3296 4118 commendatitias
3322 4056 3377 4110 in
3406 4054 3510 4109 hac
3542 4066 3603 4105 re

344 4172 402 4216 et
425 4161 622 4233 legatis
658 4168 715 4213 et
756 4159 976 4222 litteris,
1013 4165 1173 4227 prout
1199 4156 1386 4227 potui,
1428 4169 1571 4226 saepe
1598 4163 1655 4210 et
1683 4168 1900 4222 eousqut

2026 4163 2159 4219 dare
2183 4161 2393 4215 litteras
2421 4173 2525 4212 non
2560 4155 2796 4219 valebat,
2843 4146 3299 4222 reprehensibiles
3325 4144 3458 4197 dare
3487 4154 3596 4195 non

348 4253 468 4307 inde
493 4252 935 4315 commonuisse,
959 4253 1136 4306 donec
1178 4248 1345 4319 regiis
1387 4247 1501 4303 suis
1556 4246 1753 4301 litteris
1792 4244 1900 4299 mih

2024 4256 2245 4318 audeat,
2297 4251 2421 4320 quia
2478 4264 2582 4304 nec
2633 4247 2870 4301 debeat:
2918 4239 3207 4313 presertim
3260 4249 3385 4291 cum
3430 4246 3604 4300 nuper

356 4345 681 4414 respondit:
747 4342 1060 4399 [lilduinutn
1118 4342 1185 4397 ad
1242 4350 1481 4396 vestram
1548 4337 1900 4394 auctoritaten

2026 4345 2280 4401 dominus
2334 4342 2607 4397 Adrianus
2655 4339 2864 4393 litteras
2896 4335 2943 4390 ei
2975 4346 3086 4389 sum
3126 4323 3470 4385 auctoritatis
3506 4338 3604 4394 per

352 4450 506 4490 suum
533 4434 768 4505 legatum
798 4434 1036 4499 misisse,
1069 4442 1126 4489 et
1154 4432 1290 4488 nihil
1316 4431 1476 4487 aliter
1503 4430 1569 4486 de
1597 4431 1809 4501 prefata
1839 4442 1928 4483 ec-
1952 4439 2005 4500 ι)
2030 4438 2326 4494 Λοιπάυηι
2382 4433 2799 4488 Namuctensem
2875 4426 3185 4496 episcopum
3251 4417 3482 4481 miser“.
3550 4414 3604 4471 in

351 4527 1004 4597 ειθδίθνῦίεῖυιεϐετθιι
1047 4525 1341 4596 άὶεροηετο
1376 4522 1664 4589 άθὶὶυίεεθ,
1695 4524 1925 4579 doma
2031 4531 2230 4601 quibus
2303 4526 2693 4599 signiﬁcaverit
2743 4540 2808 4578 se
2861 4519 3183 4584 certamina,
3257 4531 3377 4586 qua:
3452 4512 3608 4569 sedes

354 4617 506 4674 vobis
529 4616 653 4672 inde
683 4630 1002 4687 responsum
1029 4616 1322 4685 acciperet.
1352 4613 1400 4688 ι]
2032 4617 2331 4691 apostolica
2381 4632 2479 4687 per
2536 4625 2911 4671 antecessores
2972 4625 3100 4667 suos
3148 4606 3503 4664 Benedictum
3554 4612 3612 4659 et

421 4708 662 4780 5|.(l9.)
682 4707 967 4764 Hildutnus
986 4707 1287 4779 expellitur,
1302 4716 1514 4762 sanctus
1528 4704 1930 4762 Johannessub-
2032 4711 2353 4768 Nicholaum
2387 4710 2439 4764 in
2463 4709 2566 4764 hac
2597 4720 2758 4763 causa
2800 4710 3126 4764 certaverat,
3156 4699 3348 4769 sequi;
3380 4709 3609 4751 monens

359 4812 591 4872 ³⁸09⁸³⁸⁸⁷-
641 4800 824 4871 ιιειίιυο
846 4799 1160 4870 ευρηάίειπ
1182 4799 1457 4855 “imoimo
1478 4797 1929 4866 ίηιθνίιηβθνθιο·
2034 4819 2187 4870 eum,
2221 4812 2281 4857 ttt
2312 4801 2454 4872 quod
2480 4814 2644 4870 super
2674 4800 2776 4853 hoc
2801 4795 3017 4865 negotio
3046 4798 3259 4864 gestum
3284 4796 3390 4852 est,
3421 4784 3599 4841 nulla-

363 4912 476 4951 rem
536 4902 591 4951 et
644 4896 1111 4966 archiepiscopum
1163 4891 1370 4947 tamdiu
1430 4890 1721 4963 processit,
1765 4891 1935 4946 donec
2040 4906 2198 4951 tenus
2246 4892 2495 4951 enervari
2549 4890 2903 4952 consentiat;
2950 4888 3346 4952 intimansque,
3380 4876 3618 4949 qualiter

364 4986 691 5057 imperatore
711 4984 967 5043 Lothario
984 4965 1225 5051 murtuo,
1245 4984 1497 5041 Hilduino
1514 4983 1762 5053 expulso,
1787 4999 1935 5040 anno
2039 4986 2510 5043 excommunicata
2543 4982 2711 5038 fuerit
2732 4978 3045 5037 Waldrada.
3072 4974 3238 5034 Addit
3256 4972 3447 5034 etiam,
3474 4965 3622 5042 quod

1646 5092 1883 5155 VARLE
1920 5096 2321 5154 LECTIONES.

441 5213 488 5245 ’δ
515 5212 665 5267 lineae
693 5216 1051 5286 superscripsit
1080 5215 1190 5278 ipse
1217 5222 1417 5266 auctor.

1863 5315 2000 5356 mw
2014 5314 2068 5352 Δΐ
