4052 5358
481 305 551 362 59
1297 327 1304 336 ι
1445 304 1668 364 GESTA
1701 306 2112 372 PONTIFICUM
2152 316 2754 379 CAMERACENSIUM.
3659 338 3732 394 60

483 421 601 476 sine
621 431 853 476 consuto
907 417 1358 488 cocpiscopor‘tnn
1387 417 1594 478 litteras
1621 421 1668 476 ei
1697 422 2058 492 dimissui-ias,
2090 435 2134 493 Α
2165 439 2338 510 tantes
2369 433 2434 488 dc
2463 431 2558 488 Dei
2584 449 2770 489 amore
2795 435 2877 490 vel
2923 445 3125 492 adorna
3155 439 3296 494 bona
3349 443 3728 514 retributione,

481 514 720 568 maxime
765 527 865 582 pro
916 525 975 566 re
1026 509 1258 576 incerta,
1303 509 1434 566 dare
1481 512 1750 580 nequiret.
1809 512 1943 570 Item
1991 517 2058 570 de

481 605 636 662 obitu
690 605 956 672 Lotharii,
1005 609 1324 676 exhortans,
1371 619 1430 664 ut
1489 611 1610 664 sine
1669 612 1934 668 dilatione
1990 615 2058 668 ad

483 696 740 752 Karolum
767 715 948 770 regem
977 700 1182 756 veniat.
1209 701 1339 756 Item
1380 715 1478 772 pro
1501 703 1733 772 quodam
1757 706 2059 774 presbitero

483 787 896 846 Cameracensis
933 795 1255 862 parrochiae,
1305 797 1396 864 qui
1435 809 1496 850 se
1541 797 1720 867 ipsum
1767 809 2053 856 castrave-

485 887 592 944 rat,
649 878 922 951 frequenti
979 885 1215 940 monitus
1265 885 1318 939 id
1367 901 1528 956 agere
1579 889 1910 954 visitatione,
1967 905 2054 946 ne.

481 970 659 1026 sciens
697 973 824 1042 quid
850 974 974 1029 inde
1007 975 1152 1029 sacri
1189 977 1549 1032 decernerent
1601 993 1840 1035 canones
1873 997 1888 1046 ;
1922 981 2056 1036 con-'

482 1062 772 1134 siliumque
803 1068 1143 1132 ,admonens,
1197 1077 1259 1122 ut
1333 1069 1622 1141 diligenter
1677 1072 2054 1141 investigetur,

481 1156 679 1224 quibus
719 1157 816 1211 siti
835 1158 1009 1214 modis
1045 1159 1372 1226 admissum,
1402 1170 1458 1217 et
1507 1163 1726 1218 interim
1755 1178 1854 1234 per
1881 1164 2057 1218 indul-

482 1247 722 1316 gentiam
787 1250 1059 1318 presbiter
1109 1252 1252 1308 idem
1313 1265 1534 1309 maneat
1586 1255 1640 1309 in
1695 1257 1886 1312 ordine
1935 1273 2054 1322 suo,

481 1341 656 1395 donec
681 1341 735 1394 in
774 1341 1092 1410 provinciali
1129 1343 1342 1410 sinodo,
1387 1347 1515 1415 quid
1547 1348 1742 1404 exinde
1767 1350 2056 1416 tenendum

479 1429 959 1498 sit,.iuveniatur,
1028 1436 1172 1503 quod
1223 1451 1322 1490 nec
1381 1439 1651 1508 preceptis
1724 1441 2057 1511 evangelicis

480 1525 842 1588 contrarium,
899 1541 1000 1580 nec
1052 1526 1286 1583 decretis
1343 1540 1660 1584 sanctorum
1719 1534 2058 1601 repperiatur

481 1615 790 1678 adversum.
827 1617 960 1673 Item
1011 1621 1309 1690 gratiarum
1371 1622 1614 1678 referens
1667 1626 1911 1681 actiones
1957 1643 2058 1696 pro

481 1705 764 1764 beneﬁciis
789 1724 932 1780 saepe
962 1712 1064 1766 sibi
1109 1713 1178 1766 ab
1205 1728 1274 1767 eo
1303 1713 1578 1784 impensis,
1631 1727 1839 1787 petens,
1873 1728 1934 1772 ut
1968 1735 2055 1773 re-

480 1796 674 1864 quirat‘
687 1812 996 1854 sermonem
1029 1803 1202 1856 sancti
1228 1803 1514 1872 Augustini
1539 1805 1605 1860 de
1627 1806 1780 1876 lapsu
1807 1808 2056 1862 monachi

479 1890 757 1956 etviduae,
811 1908 876 1947 ac
905 1895 1007 1948 sibi
1057 1896 1122 1950 ad
1173 1899 1672 1956 transscribendum
1718 1903 1916 1966 mittat,
1973 1903 2060 1959 vel

413 1980 422 1996 ”
491 1982 810 2038 transscribi
834 1984 1000 2038 faciat
1025 1996 1079 2041 et
1102 1987 1168 2041 ad
1193 1989 1496 2058 proximam
1525 1992 1775 2047 sinodum
1805 1995 1906 2050 sibi
1931 1994 2061 2048 aﬂ'e-

483 2079 609 2137 rat;
669 2075 1065 2143 expositionem
1127 2095 1344 2151 quoque
1415 2081 1574 2137 Beda:
1633 2085 1687 2140 in
1753 2087 2060 2155 proverbiis

482 2159 790 2219 Salomduis
823 2166 890 2220 ad
937 2167 1164 2226 eandem
1191 2169 1444 2224 sinodum
1475 2171 1577 2226 sibi
1606 2173 1806 2228 deferri
1841 2183 2056 2244 petens.

485 2253 706 2310 Intimat
729 2257 913 2323 etiam,
947 2260 1088 2329 quod
1113 2275 1248 2331 papa
1273 2261 1550 2319 Romanus
1583 2265 1784 2322 Kal-elo
1841 2266 1951 2337 regi
2005 2275 2061 2322 et

483 2346 757 2416 episcopis
787 2348 956 2419 ipsius
979 2351 1126 2422 regni
1159 2353 1406 2421 quaedam
1469 2355 1721 2410 mandata
1773 2357 2056 2420 direxerit,

484 2438 772 2508 de.quibus
797 2441 850 2496 in
893 2441 1085 2499 siuodo
1140 2445 1212 2498 sit
1257 2459 1482 2501 necesse
1539 2449 1758 2503 tractari
1793 2465 1808 2514 ;
1839 2449 1983 2503 unde
2009 2457 2062 2504 ct

423 2557 426 2561 -
487 2542 584 2584 rex
625 2530 1056 2598 metropolitanis
1091 2536 1242 2602 regni
1271 2534 1356 2589 sui
1401 2535 1618 2590 litteras
1671 2537 1904 2600 miserit,
1933 2553 2060 2607 pre-

481 2617 709 2686 cipiens,
727 2630 800 2674 .ut
821 2623 1172 2691 coepiscopos
1197 2639 1327 2679 suos
1353 2625 1422 2679 ad
1446 2627 1673 2681 eandem
1699 2635 2064 2683 convocarent

484 2713 758 2768 sinodum.
793 2713 922 2768 Item
959 2731 1056 2783 pro
1095 2726 1250 2786 parte
1277 2717 1522 2782 decimae,
1551 2733 1715 2788 quam
1751 2719 1853 2775 sibi
1889 2720 2062 2790 signi-

485 2805 730 2860 ﬁcatum-
768 2804 949 2860 fuerat
971 2808 1042 2863 ab
1097 2809 1321 2879 antiqua
1375 2809 1524 2880 regia
1579 2811 1785 2881 capella
1850 2813 2060 2878 tulisse,

483 2907 540 2952 et
569 2897 724 2952 alteri
753 2913 916 2968 quam
947 2899 1162 2954 naviter
1201 2909 1516 2956 sacraverat
1563 2900 1836 2957 addidisse
1865 2919 1880 2966 ;
1915 2905 2059 2972 quod

483 2989 610 3058 quia
639 2997 826 3044 contra
855 2987 1068 3060 regulas
1091 2999 1260 3057 esset,
1293 2992 1631 3058 emendare,
1663 2995 1706 3047 si
1753 2995 1826 3048 sit
1855 3005 2064 3061 actum,

486 3077 692 3134 suadet.
723 3078 855 3134 Item
879 3093 978 3150 pro
1013 3081 1246 3149 quodam
1281 3082 1608 3151 presbitero,
1640 3083 1734 3152 qui
1770 3084 1836 3138 ad
1879 3085 2062 3139 sedem
2093 3109 2136 3170 ρ

487 3169 814 3226 Remensem
889 3171 1342 3240 proclamaverat,
1417 3172 1771 3243 prejudicium
1837 3191 1896 3230 se
1955 3178 2064 3246 pati

433 3297 436 3300 ~
487 3273 715 3331 questus
737 3264 802 3318 ab
825 3263 1016 3319 eodem
1053 3265 1272 3335 presule
1319 3281 1440 3330 suo,
1471 3265 1770 3323 interdicto
1811 3267 1913 3323 sibi
1943 3275 2066 3322 cum

455 3389 458 3391 λ
491 3356 654 3412 rebus
703 3358 816 3412 suis
843 3355 1020 3413 oﬂicio
1071 3373 1287 3428 quoque
1322 3357 1666 3422 sacerdotali,
1703 3375 1804 3414 nee
1863 3368 2065 3429 sponte

488 3447 746 3502 confesso
794 3463 895 3502 nec
942 3449 1270 3520 regulariter
1308 3450 1558 3505 convicto
1603 3463 1702 3520 pro
1753 3451 1986 3506 tumultu
2011 3459 2067 3505 et

489 3539 782 3595 homicidio
825 3549 1162 3611 perpetrato,
1225 3541 1316 3595 ubi
1381 3540 1704 3597 interfuerat
1750 3552 1805 3596 et
1861 3543 2066 3596 invitus

489 3645 638 3685 arma
671 3633 1008 3687 defendendo
1037 3647 1097 3687 se
1137 3641 1469 3702 sumpserat,-
1525 3633 1912 3700 hominemque
1953 3631 2068 3685 vul-

493 3731 802 3787 neraverat,
844 3737 950 3777 non
1005 3713 1184 3778 tamen
1233 3739 1398 3793 quam
1417 3725 1464 3758 "
1513 3723 1725 3778 occisus
1783 3722 1978 3776 fuerat.
2008 3720 2064 3775 In

495 3810 694 3878 quibus
750 3811 948 3866 litt-eris
991 3807 1232 3867 ostendit
1270 3829 1336 3867 ex
1386 3812 1712 3867 auctoritate
1733 3825 1890 3865 sacra
1925 3809 2069 3880 quid

493 3905 834 3960 discretionis
879 3905 931 3958 in
975 3903 1282 3972 huiusmodi
1335 3903 1404 3958 sit
1461 3917 1627 3957 causa
1665 3901 1979 3964 tenendum,
2015 3907 2071 3954 et

395 4024 397 4026 -
492 4009 616 4066 qua:
657 4009 938 4052 sacrorum
987 4011 1256 4051 canonum
1311 3997 1421 4050 sint
1471 3995 1777 4051 adhibenda
1807 3992 2066 4062 capitula.

493 4083 694 4139 Scribit
723 4086 790 4139 ad
817 4085 1044 4139 eundem
1071 4093 1125 4140 et
1148 4084 1252 4139 alia
1283 4083 1576 4155 quaedath
2039 4095 2054 4118 -'

493 4195 502 4210 ι
564 4177 652 4232 51.
688 4177 824 4248 (52.)
863 4175 1175 4247 Prereptum
1229 4193 1386 4247 super
1427 4175 1778 4246 possessiones
1846 4189 1979 4244 quas
2011 4173 2067 4225 in

494 4287 628 4341 pago
659 4268 960 4324 Condrense
1013 4279 1211 4324 sancta:
1265 4269 1456 4323 Maria:
1497 4269 1801 4339 adquisivit.
1854 4266 1954 4320 Ilie
1979 4265 2072 4319 ,Ισ-

500 4361 707 4416 hannes
734 4361 1106 4431 possessiones
1147 4361 1199 4414 in
1231 4377 1368 4432 pago
1417 4361 1733 4416 Condrcnse
1763 4359 2070 4430 (I56)-san-

2159 537 2258 591 pro
2281 524 2584 580 animarum
2635 537 2944 582 nostrarum
2999 531 3237 587 remedio
3278 548 3372 589 seu
3403 552 3502 606 pro
3538 540 3732 600 ,anima

2160 616 2342 670 domui
2373 631 2436 670 ac
2464 617 2698 674 senioris
2736 621 2905 674 nostri
2953 617 3218 678 Johannis
3253 623 3728 688 Cameracensiam

2159 705 2416 776 episcopi,
2469 705 2679 775 aliquas
2719 723 2808 764 res
2856 717 3092 775 nostras,
3160 727 3299 782 quas
3357 717 3471 787 ipse
3512 721 3580 774 ad
3627 721 3732 778 hoc

2161 795 2468 851 faciendum
2495 799 2653 853 nobis
2711 799 2914 855 donare
2961 802 3216 870 dignatus
3255 816 3458 873 est,,et
3494 827 3630 880 quas
3655 813 3732 882 illi

2159 889 2392 944 domnus
2432 890 2727 961 imperator
2753 891 3045 948 Lotharius
3075 909 3173 964 per
3199 911 3354 952 suam
3410 895 3728 958 misericor-

2159 982 2304 1036 diam
2333 992 2388 1036 et
2411 997 2510 1052 per
2537 997 2694 1039 suum
2717 996 3030 1055 preceptum
3063 989 3116 1042 in
3143 989 3234 1059 jus
3255 993 3532 1060 pr0prium
3559 995 3730 1062 dedit,

2159 1090 2282 1144 quas
2333 1075 2606 1130 habentur
2658 1076 2714 1130 in
2777 1093 2914 1148 pago
2969 1079 3382 1148 Condrustinse,
3467 1085 3733 1143 donamus

2160 1175 2323 1236 atque
2381 1167 2806 1246 trapsfundimus
2853 1171 2920 1224 ad
2961 1182 3168 1241 partem
3224 1173 3482 1230 arcelesite
3527 1188 3732 1234 sancta:

2161 1256 2256 1311 Dei
2319 1257 2598 1326 genitricis
2653 1257 2860 1326 Maria},
2923 1262 3012 1317 ubi
3062 1261 3357 1330 jamdictus
3404 1267 3734 1323 venerabilis

2159 1346 2402 1414 pontifex
2429 1348 2659 1403 domnus
2708 1348 2985 1407 Joliannes
3027 1354 3304 1423 prcsidere
3339 1355 3573 1412 videtur.
3605 1357 3720 1413 [Ioc

2159 1449 2275 1496 est:
2307 1441 2362 1495 in
2405 1441 2523 1496 vico
2588 1440 2724 1496 IIoio
2777 1443 2950 1516 (157),
2990 1461 3154 1516 super
3215 1447 3435 1505 ﬂuvium
3486 1453 3730 1522 ejusdem

2159 1534 2395 1587 nominis
2445 1533 2598 1600 Iloio,
2640 1535 2940 1592 mcclesiam
2999 1539 3055 1592 in
3122 1540 3330 1596 honore
3382 1554 3584 1598 sanctae
3631 1543 3730 1600 Dei

2157 1623 2443 1690 genitricis
2521 1622 2736 1691 Mariae,
2823 1641 3068 1682 mansum
3143 1628 3531 1686 dominicatum
3607 1649 3731 1690 cum

2159 1711 2393 1766 castitiis
2453 1711 2602 1783 (158)
2654 1715 2721 1770 ad
2763 1731 2928 1785 quem
2987 1717 3260 1787 aspiciunt
3295 1721 3362 1775 de
3403 1729 3548 1776 terra
3609 1737 3734 1776 ara-

2163 1807 2252 1863 bili
2305 1810 2569 1864 bunuaria
2617 1811 2665 1842 "
2715 1812 2860 1883 (I59)
2887 1813 2942 1877 4,
2984 1813 3051 1868 de
3080 1814 3214 1868 silva
3267 1815 3531 1870 bunuaria
3571 1817 3721 1884 .200;

2161 1911 2289 1955 sunt
2327 1899 2401 1956 ibi
2457 1901 2748 1957 molendini
2789 1903 2846 1957 2.
2901 1903 2957 1957 In
3000 1903 3107 1959 alio
3166 1905 3286 1960 loco
3317 1906 3370 1960 in
3419 1906 3546 1962 villa
3599 1907 3729 1962 Ilai-

2163 1991 2268 2054 dis,
2325 2007 2571 2046 mansum
2617 1993 3004 2049 dominicatum
3051 2011 3177 2052 cum
3222 1998 3456 2054 castitiis
3482 2009 3535 2054 et
3564 2001 3732 2054 arbo-

2163 2092 2283 2138 reto
2333 2099 2495 2154 super
2549 2084 2772 2141 ﬂuvium
2831 2085 3102 2151 Sclevum,
3142 2090 3209 2143 ad
3242 2105 3401 2158 quem
3462 2093 3736 2161 aspiciunt

2165 2173 2233 2228 de
2285 2182 2426 2228 terra
2482 2175 2669 2230 arabili
2735 2177 3000 2232 bunuaria
3055 2179 3144 2242 35,
3203 2180 3270 2234 de
3314 2191 3472 2250 prato
3525 2183 3736 2237 bunua-

2164 2263 2244 2318 ria
2269 2263 2324 2330 9,
2363 2265 2430 2321 de
2455 2265 2590 2320 silva
2633 2267 2898 2322 bunuaria
2937 2267 3062 2333 100,
3105 2271 3282 2324 mansi
3315 2272 3543 2330 serviles
3569 2272 3624 2336 6,
3652 2281 3739 2327 est

2164 2353 2236 2409 ibi
2268 2355 2458 2410 catnba
2483 2355 2631 2428 (140)
2664 2357 2715 2409 1.
2746 2358 2800 2410 In
2824 2357 2934 2412 alio
2963 2359 3080 2414 loco
3105 2359 3158 2413 in
3187 2359 3313 2414 villa
3356 2361 3556 2416 Dacilla
3586 2379 3740 2416 man-

2165 2459 2282 2498 sum
2335 2445 2726 2500 dominicatum
2785 2461 2906 2500 cum
2940 2449 3170 2502 castitiis
3218 2465 3382 2516 super
3407 2449 3628 2516 Gorbia,
3671 2453 3740 2507 ad

2163 2549 2326 2603 quem
2373 2535 2646 2602 aspiciunt
2673 2535 2742 2589 de
2775 2544 2920 2589 terra
2949 2536 3140 2590 arabili
3201 2537 3467 2592 bunuaria
3515 2539 3609 2604 47,
3672 2542 3742 2595 de

2165 2631 2322 2693 prato
2366 2623 2632 2678 bunuaria
2679 2625 2734 2689 5,
2793 2625 2860 2679 de
2907 2625 3046 2678 silva
3100 2626 3368 2680 bunuaria
3421 2627 3512 2693 50,
3564 2629 3740 2683 mansi

2167 2713 2393 2768 serviles
2435 2713 2493 2778 4,
2539 2721 2626 2768 est
2675 2713 2748 2767 ibi
2795 2714 2984 2768 camba
3015 2716 3066 2770 1.
3114 2715 3169 2768 In
3217 2715 3325 2771 alio
3381 2715 3503 2772 loco
3527 2716 3580 2770 in
3611 2717 3742 2772 villa

2168 2801 2390 2880 Halogis
2443 2818 2607 2874 super
2633 2801 2854 2858 ﬂuvium
2885 2803 3104 2859 Pauleia
3137 2821 3354 2861 mansos
3387 2808 3442 2872 5,
3472 2806 3741 2862 habentes

2167 2895 2232 2950 de
2253 2905 2407 2949 terra
2439 2895 2630 2952 arabili
2657 2896 2918 2950 bunuaria
2945 2896 3035 2952 55.
3077 2897 3132 2950 In
3165 2896 3271 2951 alio
3295 2885 3444 2963 loco,
3478 2898 3574 2967 qui
3601 2897 3738 2952 dici-

2171 2995 2258 3039 tur
2283 2984 2568 3051 Falmana,
2598 2985 2653 3040 in
2695 2985 2822 3040 villa
2845 2985 3268 3057 Grandicampo,
3299 3001 3547 3042 mansum
3569 2985 3742 3042 domi-

2169 3075 2413 3129 nicatum
2459 3089 2584 3130 cum
2609 3075 2865 3142 castitiis,
2890 3075 2957 3130 ad
3001 3091 3164 3145 quem
3205 3077 3475 3147 aspiciunt
3503 3071 3740 3133 de‘terra

2170 3168 2366 3223 arabili
2403 3167 2671 3223 bunuaria
2701 3169 2794 3234 50,
2821 3170 2888 3224 de
2919 3167 3054 3224 silva
3091 3169 3362 3225 bunuaria
3411 3171 3537 3235 200,
3567 3173 3742 3225 mansi

2171 3257 2371 3314 ibidem
2405 3259 2778 3316 deservieutes
2804 3259 2856 3314 8.
2889 3259 2958 3314 Et
2983 3260 3037 3314 in
3076 3259 3196 3314 loco
3233 3271 3545 3330 nuncupata
3573 3259 3744 3314 Glevo

2169 3363 2254 3406 est
2283 3353 2504 3406 mansos
2527 3353 2578 3406 1.
2603 3351 2659 3404 In
2687 3349 2793 3428 alio
2823 3349 2942 3405 Ioco
2965 3349 3018 3404 in
3049 3349 3173 3404 villa
3205 3349 3550 3424 IIarsanium,
3583 3365 3746 3418 super

2170 3443 2390 3500 ﬂuvium
2427 3443 2657 3508 Wenna,
2694 3459 2946 3498 mansum
2999 3443 3392 3498 dominieatum
3453 3442 3745 3518 habentem

2171 3539 2238 3592 de
2264 3549 2408 3593 terra
2435 3536 2626 3594 arabili
2657 3538 2923 3591 bunuaria
2977 3535 3061 3599 I2,
3089 3537 3154 3590 de
3181 3543 3340 3605 prato
3385 3533 3654 3590 bunuaria
3687 3533 3744 3597 2,

2171 3629 2238 3682 de
2263 3628 2396 3683 silvia
2421 3627 2687 3681 bunuaria
2707 3627 2796 3690 50,
2824 3641 2946 3696 qua:
2975 3627 3206 3680 habetur
3228 3627 3281 3680 in
3307 3627 3426 3682 loco
3449 3613 3743 3688 Carcinio;

2173 3733 2398 3772 mansos
2419 3717 2646 3772 serviles
2669 3715 2867 3772 ibidem
2915 3715 3292 3771 deservientes
3314 3715 3477 3770 absos
3502 3711 3652 3786 (HI)
3691 3717 3748 3778 ι,

2171 3825 2312 3864 unus
2339 3823 2407 3863 ex
2453 3807 2562 3862 illis
2601 3809 2844 3863 estsitus
2877 3806 2931 3860 in
2961 3805 3081 3861 loco
3112 3806 3385 3868 Carcinio,
3445 3806 3584 3861 alter
3611 3821 3740 3861 vero

2173 3900 2228 3954 in
2259 3900 2376 3954 loco
2415 3897 2687 3966 Wadingo
2736 3913 2902 3968 super
2948 3901 3064 3972 jam
3109 3897 3310 3952 dictum
3343 3895 3584 3950 ﬂuvium.
3621 3899 3753 3963 Qure

2173 3989 2436 4059 colligunt
2475 3990 2528 4043 in
2561 4003 2776 4045 summa
2803 3989 2980 4044 mansi
3007 3987 3100 4054 3i,
3134 3997 3190 4044 et
3221 3989 3364 4043 inter
3405 3998 3604 4042 terram
3627 4003 3754 4041 ara-

2171 4076 2335 4134 bilem
2359 4086 2415 4133 et
2440 4086 2596 4147 prata
2619 4079 2688 4132 ad
2707 4079 3098 4134 dominicatum
3127 4079 3457 4149 pertinentia
3481 4079 3749 4134 bunuaria

2176 4171 2299 4235 140,
2323 4179 2378 4226 et
2399 4171 2466 4226 de
2485 4171 2620 4226 silva
2647 4171 2911 4226 bunuaria
2939 4171 3042 4228 600
3063 4182 3206 4228 eteo
3233 4171 3484 4240 amplius,
3509 4171 3756 4242 exceptis

2175 4263 2504 4317 communiis
2537 4277 2657 4332 qua:
2686 4263 2958 4318 habentur
2991 4264 3044 4318 in
3073 4263 3192 4318 loco
3223 4271 3537 4332 nuncupato
3563 4261 3756 4317 Carci-

2177 4353 2291 4419 nio,
2323 4361 2379 4408 et
2408 4355 2668 4426 quicquid
2700 4355 2766 4410 ad
2796 4355 3041 4426 predicta
3065 4355 3179 4411 loca
3211 4355 3425 4425 aspicit,
3455 4371 3578 4409 cum
3605 4355 3755 4409 omni

493 4461 600 4506 clm
629 4452 717 4505 Dei
748 4454 936 4506 matris
962 4453 1222 4508 meclesite
1244 4469 1274 4507 a
1305 4455 1540 4522 quodam
1575 4452 1846 4507 Machario
1883 4448 2076 4520 adqui-
2105 4443 2154 4503 D
2181 4447 2517 4518 integri-tate,
2557 4457 2632 4503 et-
2664 4457 2840 4504 terras
2885 4447 3060 4504 cultas
3106 4455 3162 4502 et
3227 4447 3480 4514 incultas,
3545 4447 3753 4518 pervia,

495 4539 642 4603 sivit,
669 4543 1025 4597 conventione
1049 4543 1266 4612 quidem
1313 4543 1454 4598 inter
1487 4559 1546 4597 se
1579 4543 1720 4597 facta
1765 4540 2072 4610 huiusmodi

394 4656 396 4658 τ
493 4643 554 4687 et
591 4631 795 4704 scripto
835 4646 1146 4703 prarcepto:
1197 4653 1218 4686 ι
1253 4635 1400 4690 Bene
1447 4635 1683 4704 possidet
1739 4635 1827 4689 ille
1871 4649 1960 4688 res
2015 4633 2070 4686 in
2115 4637 2122 4643 ’

497 4722 601 4776 hoc
625 4723 840 4789 swculo,
868 4727 958 4794 qui
985 4727 1053 4778 de
1078 4727 1310 4781 terrenis
1359 4735 1522 4795 atque
1565 4724 1789 4779 caducis
1839 4739 2070 4793 compa-

500 4823 582 4868 rat
617 4816 822 4884 premia
851 4817 1202 4885 sempiterna.
1236 4818 1576 4889 Quapropter
1599 4833 1698 4871 nos
1749 4819 1800 4872 in
1833 4817 1926 4871 Dei
1967 4829 2068 4868 no-

497 4905 643 4960 mine
684 4903 989 4962 Macharius
1019 4916 1075 4960 et
1095 4907 1330 4976 conjunx
1363 4923 1482 4963 mea
1539 4907 1854 4970 (iondrada,
1901 4905 2066 4974 ’ωειδ-

2181 4536 2507 4606 wadiscapia
2533 4537 2704 4607 (142),
2728 4547 2904 4608 prata,
2933 4553 3156 4609 pascua,
3185 4537 3369 4602 silvas,
3393 4537 3753 4603 communias,

2179 4643 2350 4698 aquas
2370 4631 2745 4702 aquarumque
2769 4632 3049 4696 decursus,
3079 4640 3134 4686 et
3158 4627 3424 4700 mancipia
3467 4630 3757 4698 utriusque

2180 4709 2364 4783 Senis,
2413 4737 2643 4793 quorum
2673 4723 2776 4778 150
2799 4733 2966 4787 sunt.
3003 4724 3077 4781 Ea
3111 4724 3358 4779 videlicet
3401 4723 3612 4778 ratione
3642 4723 3759 4778 haec

2180 4814 2360 4868 omnia
2401 4816 2651 4886 superius
2677 4815 2822 4871 dicta
2865 4818 2931 4872 ad
2952 4825 3164 4888 partem
3192 4815 3522 4886 supradicta:
3551 4825 3758 4870 sancta:

2183 4906 2279 4962 Dei
2315 4907 2575 4964 tecclesia:
2615 4907 3029 4966 Cameracensis
3072 4909 3361 4975 tradimus,
3405 4917 3466 4963 ut
3497 4907 3622 4964 dum
3656 4921 3757 4962 nos

1773 5015 2003 5071 νΑιιιίΕ
2037 5013 2445 5072 LECTIONES.

567 5136 613 5169 ³⁵
637 5152 758 5191 eum
786 5137 876 5206 qui
907 5135 1066 5190 Flod.
1100 5205 1116 5206 ί
1139 5135 1188 5168 ⁸⁸
1240 5135 1388 5206 Imm}
1429 5149 1632 5206 semper
1685 5133 1734 5188 I.
1771 5139 1980 5200 excepto
2032 5101 2171 5200 quod
2221 5127 2298 5184 bis
2345 5127 2412 5183 hi'
2453 5129 2654 5195 scribit,
2682 5129 2880 5185 scilicet
2933 5129 2999 5184 de
3054 5129 3189 5185 silva
3217 5125 3304 5186 bi.
3332 5125 3437 5183 CC.
3467 5134 3515 5180 et
3581 5131 3759 5194 postea

499 5205 566 5261 de
622 5217 767 5263 terra
806 5205 998 5264 arabili
1053 5205 1122 5264 bi'
1163 5205 1405 5262 XXXIII.

2032 5311 2168 5358 mvr
2179 5313 2239 5358 Ε
