4052 5358
237 362 300 424 6!
1247 393 1256 412 ι
1377 397 1384 404 -
1557 371 1754 432 “BER
1815 374 1842 430 Ι

1942 377 2100 438 nus;
2275 387 2346 398 λ·
2541 335 2566 344 ’
3335 383 3344 400 ι
3421 381 3498 437 os

237 483 650 552 advixerimus,
689 482 870 538 liccat'
896 481 1052 538 nobis
1091 499 1190 538 usu
1245 485 1544 542 fructuario
1574 490 1821 544 excolere
1847 493 1895 555 Α
1925 505 2132 562 partem
2163 461 2485 566 supradicta:
2514 487 2768 568 acelesia:
2806 485 3228 561 Cameracensis,
3247 483 3310 552 in
3341 497 3494 553 ῐεδιῑ-

243 587 302 634 et
323 577 652 646 possidere;
685 585 738 629 et
762 575 938 629 infans
961 576 1178 630 nomine
1207 577 1485 642 Achildus,
1511 593 1674 646 quam
1703 580 1818 649 ipsa

245 668 482 739 conjunx
504 677 698 724 nostra
727 665 1015 720 Guudrada
1043 665 1116 742 de.
1149 667 1258 722 alio
1279 669 1396 722 viro
1427 670 1660 738 peperit,
1691 681 1820 724 nec-

241 776 350 815 non
379 761 450 814 et'
468 759 714 814 infantes
739 757 830 827 qui
877 757 946 812 de
977 757 1168 812 eadem
1221 759 1334 828 ipsa
1387 759 1613 829 conjuge
1666 761 1822 816 nohis

243 850 757 915 nasciturisunt,-si
785 849 1106 918 superstites
1153 849 1312 904 nobis
1355 847 1578 914 fuerint,
1627 851 1821 906 simili-

237 951 326 996 ter
382 941 644 1004 habeant,
675 938 852 992 'dum'
895 938 1218 1004 advixeriut,‘
1293 938 1702 996 usufructuario
1754 939 1822 994 ad

247 1029 606 1086 excolendum
633 1037 692 1083 et
717 1027 1100 1098 possidendum
1131 1044 1146 1093 ;
1175 1031 1232 1082 et
1275 1027 1356 1082 sic
1401 1037 1522 1098 post
1563 1037 1812 1084 nostrum

233 1128 638 1174 etncstrorum
669 1117 942 1172 infantum
975 1119 1042 1172 de
1069 1118 1172 1172 hac
1201 1116 1322 1174 luce
1351 1117 1675 1183 discessum,
1710 1117 1826 1172 hate

249 1210 430 1262 omnia
451 1223 574 1262 cum
593 1207 748 1262 omni
769 1206 1076 1277 integritate
1097 1215 1154 1262 et
1173 1207 1586 1262 emolioratione
1611 1208 1678 1260 ad
1703 1223 1826 1276 pre-

245 1299 412 1353 fatam
443 1307 650 1352 sanctae
679 1297 778 1352 Dei
809 1297 1112 1352 ecclesiam
1139 1296 1592 1354 Cameracenseat
1633 1311 1815 1352 rever-

251 1396 456 1440 tantur.
497 1385 769 1440 Similiter
788 1394 846 1441 et
881 1386 938 1440 in
987 1386 1426 1455 compensatione
1453 1386 1614 1456 hujus
1646 1384 1830 1444 merit!

252 1477 404 1532 dedit
429 1475 590 1532 nobis
617 1475 762 1532 idem
801 1475 986 1532 senior
1009 1483 1194 1532 nost‘er
1220 1475 1496 1532 Johannes
1520 1477 1826 1546 episcenos,

251 1584 348 1636 per
373 1581 706 1622 consensum
731 1580 898 1636 supra
949 1566 1186 1622 fidelium
1207 1566 1532 1622 clericorum
1571 1566 1831 1622 Camera-

254 1661 498 1716 censinm
523 1669 580 1714 et
605 1659 894 1722 laicorum,
916 1667 992 1714 ex;
1008 1661 1166 1714 rebus
1187 1669 1390 1715 sancta:
1425 1660 1608 1714 Maria:
1631 1659 1832 1716 Came-

261 1749 514 1804 racensis
535 1747 804 1803 tecclesia:
833 1747 1018 1802 villam
1059 1763 1180 1818 qua:
1201 1797 1204 1800 .
1229 1750 1428 1804 dicitur
1461 1749 1676 1815 Villnre,
1711 1767 1832 1820 quas

1921 585 2089 640 vitate
2137 585 2526 654 purificationis
2571 595 2772 640 sancta:
2820 569 3038 651 hiarim;
3089 587 3222 642 etsi
3270 585 3337 641 de
3375 585 3492 658 ipso

1921 687 2088 730 censu
2139 675 2274 728 tardi
2324 683 2415 728 aut
2470 673 2804 746 negligentes
2850 677 3281 744 apparuerimus,
3330 675 3492 732 fidem

1923 763 2116 818 exinde
2163 764 2444 830 faciamus,
2489 773 2542 819 et
2591 773 2779 819 ccutra
2835 765 3200 835 supradictam
3251 773 3491 820 sanctam

1923 853 2017 910 Dei
2051 853 2350 909 ecclesiam
2389 855 2492 910 hoc
2536 869 2940 924 componamus.
2971 853 3036 908 Et
3063 854 3130 909 de
3173 853 3304 926 ipsis
3334 855 3495 908 rebus

1925 945 2008 999 vel
2047 944 2330 1014 mancipiis
2358 944 2465 1000 ullo
2495 947 2652 999 modo
2699 952 3020 1014 poteStatem
3063 961 3168 1000 non
3203 945 3497 999 habeamus

1917 1033 2088 1088 ‘tlaudi
2117 1033 2200 1086 vel
2228 1035 2588 1087 commutandi
2616 1043 2708 1086 aut
2737 1033 3026 1098 alicnandi,
3057 1035 3157 1088 nisi
3186 1035 3252 1088 ad
3281 1033 3497 1088 salvan-

1925 1123 2053 1176 dum
2081 1131 2138 1177 et
2163 1121 2610 1186 cmeliorandum,
2660 1123 2786 1176 dum
2833 1125 3233 1188 advixcrimus;
3271 1129 3334 1179 'et
3375 1131 3502 1193 post

1929 1223 2170 1264 nostrum
2197 1219 2253 1266 et
2283 1219 2595 1268 nostrorum
2643 1211 2905 1266 infantum
2935 1213 3001 1268 de
3029 1213 3130 1266 hac
3157 1213 3274 1267 luce
3300 1213 3500 1266 disces-

1927 1317 2072 1367 Sum,
2101 1303 2215 1358 haec
2233 1303 2414 1356 omnia
2441 1301 2747 1372 supradicta
2779 1317 2902 1358 cum
2933 1305 3076 1358 omni
3111 1305 3419 1374 integritate
3447 1312 3504 1357 et

1929 1392 2334 1448 emelioratione
2359 1393 2427 1447 ad
2473 1402 2720 1447 sanctam
2767 1393 2862 1448 Dei
2900 1393 3200 1450 mcclesiant
3247 1393 3503 1449 Camera-

1932 1495 2147 1536 censem
2173 1481 2528 1534 revertantur.
2556 1479 2612 1536 Si
2641 1496 2788 1543 vero,
2813 1483 2956 1551 quod
2981 1482 3217 1538 futurum
3243 1497 3364 1538 esse
3393 1497 3502 1536 non

1933 1575 2244 1638 credimus,
2302 1573 2496 1642 aliquis
2555 1575 2624 1628 de
2669 1573 2959 1630 heredibus
3003 1589 3072 1629 ac
3119 1573 3507 1646 prohe‘redibus

1936 1666 2356 1722 nostris‘contra
2393 1667 2532 1722 hanc
2560 1666 2904 1721 donationem
2947 1676 3184 1721 nostram
3231 1665 3342 1720 sive
3389 1679 3508 1735 pre-

1936 1757 2140 1810 cariam
2169 1757 2354 1810 venire
2383 1764 2475 1810 aut
2507 1769 2626 1811 eam
2657 1757 2956 1826 inquietare
2985 1756 3344 1827 temptaverit,
3373 1756 3508 1810 iram

257 1846 340 1892 est
371 1839 476 1892 sita
499 1837 556 1891 in
579 1853 726 1908 pago
747 1837 1074 1906 Hagntense,
1097 1854 1264 1910 super
1307 1839 1526 1896 liurium
1561 1841 1830 1907 Unctium,
1867 1867 1906 1926 Β
1943 1847 2032 1900 Dei
2055 1847 2436 1916 omnipotentis
2473 1855 2529 1901 et
2569 1857 2772 1902 sanctae
2795 1845 3079 1902 Trinitatis
3105 1847 3366 1916 incurrat,
3396 1853 3452 1899 et
3477 1861 3510 1900 a

237 1929 346 1982 ubi
372 1927 541 1981 habet
571 1941 824 1982 mansum
851 1929 1268 1994 ootninicatum,
1295 1939 1354 1984 et
1381 1929 1450 1986 de
1475 1941 1618 1985 terra
1641 1929 1833 1986 arabili

263 2016 334 2070 ibi
363 2015 664 2085 aspicieute
707 2016 975 2072 bunuaria
1027 2017 1150 2082 112,
1183 2019 1250 2072 de.
1277 2027 1434 2088 prato
1475 2019 1738 2074 bunuaria
1778 2019 1832 2086 4,

265 2108 330 2162 de
357 2107 496 2164 silva
529 2121 626 2177 per
653 2109 1056 2164 estimatiouetn
1083 2109 1226 2164 inter
1253 2109 1455 2166 Villare
1483 2119 1540 2164 et
1559 2109 1678 2168 loco
1707 2127 1838 2166 nun-

245 2207 462 2269 cupata
489 2197 796 2268 Harilegias
824 2199 1090 2256 bunuaria
1114 2201 1214 2255 l00
1247 2210 1302 2258 et
1329 2201 1628 2256 :ecclesiam
1653 2217 1834 2256 unam.

267 2289 324 2344 In
357 2289 635 2346 Gentlinio
667 2305 794 2344 cum
843 2289 1236 2346 mcclesiastico
1283 2299 1474 2346 manso
1505 2291 1740 2346 habente
1773 2293 1838 2346 de

243 2421 246 2426 .
273 2386 420 2432 terra
443 2377 638 2442 arabili
693 2377 959 2432 bunuaria
992 2378 1080 2444 l2,
1113 2388 1170 2436 et
1205 2379 1510 2436 molendina
1534 2380 1590 2434 2.
1643 2380 1700 2434 In
1724 2380 1840 2449 ipso

274 2465 470 2522 Villare
501 2483 626 2524 cunt
657 2469 862 2524 tnansis
880 2469 936 2533 2,
975 2479 1030 2526 et
1051 2470 1260 2526 cumbis
1298 2472 1354 2524 2.
1395 2471 1610 2526 Mansos
1637 2471 1840 2526 etenim

267 2559 362 2628 qui
381 2559 448 2614 ad
461 2561 830 2629 supradictus]
847 2573 1096 2616 mansum
1119 2561 1508 2618 dominicalum
1531 2560 1852 2616 deserviunt-

273 2649 502 2702 vestitos
529 2649 678 2720 (143)
709 2649 792 2714 12,
819 2659 876 2705 et
899 2649 1032 2710 alios
1059 2652 1147 2720 qui
1179 2665 1352 2722 nuper
1393 2651 1570 2706 vestiti
1594 2659 1724 2706 sunt
1753 2649 1844 2716 12,

275 2740 374 2809 qui
399 2753 506 2795 nec
529 2740 710 2796 adhuc
755 2741 1024 2810 integrum
1055 2753 1300 2812 possunt
1357 2741 1844 2798 solverecensum

247 2832 440 2892 .absos
461 2833 550 2889 l6.
573 2832 858 2888 ilansuras
919 2834 1120 2888 etenim
1151 2833 1208 2888 in
1257 2835 1376 2904 ipso
1405 2834 1606 2890 Villare
1637 2835 1692 2898 9,
1724 2847 1844 2902 qua:

243 2967 252 2980 ..
275 2923 480 2980 debent
507 2923 714 2980 solvere
729 2923 936 2980 solidos
953 2925 1006 2992 6,
1035 2933 1092 2980 et
1109 2925 1310 2980 dicitur
1326 2927 1380 2988 8,
1410 2935 1464 2982 et
1491 2934 1618 2982 sunt
1636 2925 1756 2984 absi
1779 2926 1848 2979 ⁸⁷.

281 3012 342 3068 In
430 3012 554 3068 loco
623 3023 932 3084 nuncupata
995 3012 1408 3069 Grandovillare
1483 3015 1626 3068 inter
1695 3029 1851 3070 man-

271 3123 466 3164 suram
509 3117 564 3163 et
617 3116 822 3163 terram
871 3107 1130 3164 arabilctn
1205 3109 1471 3164 bunuaria
1525 3109 1582 3162 5.
1629 3108 1688 3162 lu
1737 3107 1850 3162 alio

1939 1937 2214 1992 liminibus
2263 1947 2466 1993 sancta:
2513 1939 2606 1994 Dei
2650 1939 2910 1994 :ecclesite
2955 1939 3163 1994 alienus
3191 1939 3409 1995 existat.
3445 1937 3512 1991 Et

1939 2027 2160 2096 insuper
2190 2027 2254 2079 ad
2281 2035 2490 2096 partem
2521 2026 2634 2082 fisci
2658 2027 2776 2081 auri
2801 2027 2966 2083 libras
2993 2025 3081 2092 i0,
3105 2026 3312 2098 argenti
3336 2026 3512 2097 ponda

1937 2119 2027 2183 50,
2059 2127 2278 2174 coactus
2304 2119 2574 2174 exsolvat.
2624 2120 2690 2174 Et
2726 2119 2842 2175 hate
2873 2119 3090 2175 donatio
3139 2119 3346 2189 pariter
3390 2133 3514 2173 cum

1927 2208 2188 2277 precaria
2209 2209 2364 2263 ﬁrma
2385 2219 2438 2264 et
2463 2208 2672 2265 stabilis
2691 2218 3005 2280 permaneat
3029 2207 3517 2278 cumstipulatione

1939 2297 2187 2352 subnixa.
2202 2299 2394 2352 Actum
2415 2300 2710 2353 Cameraco
2732 2298 2954 2354 civitate
2973 2307 3098 2354 ante
3121 2297 3294 2352 altare
3314 2307 3516 2352 sanctae

1941 2387 2140 2452 Marize,
2172 2387 2350 2442 idibus
2395 2388 2596 2458 Aprilis
2621 2402 2763 2441 anno
2795 2387 3088 2442 Dominica:
3113 2385 3506 2440 lncarnationis

1941 2477 2046 2534 885
2073 2477 2222 2547 (tu)
2269 2478 2562 2532 indictione
2585 2477 2616 2530 7
2643 2487 2697 2532 et
2726 2492 2872 2532 anno
2899 2475 2968 2530 55
3007 2479 3154 2547 regni
3186 2475 3387 2529 domini
3422 2489 3520 2528 ηυ-

1945 2567 2044 2622 stri
2075 2567 2256 2622 Karoli
2297 2567 2460 2638 regis,
2493 2577 2548 2622 et
2587 2567 2640 2621 in
2691 2581 2944 2622 successu
2989 2566 3230 2621 Lotharii
3279 2564 3420 2636 regis
3461 2563 3517 2618 5.

1948 2657 2060 2728 Ego
2086 2656 2360 2712 Johanues
2389 2660 2676 2728 cpiscopus
2701 2659 2842 2713 hanc
2871 2658 3214 2712 donationem
3255 2656 3440 2725 relegi,
3466 2663 3523 2710 et

1945 2750 2170 2818 propria
2203 2765 2361 2803 manu
2391 2749 2626 2803 firmavi.
2657 2750 2698 2818 -ι-
2723 2749 2950 2818 Signum
2972 2745 3232 2804 Macharii
3258 2753 3311 2801 et
3339 2745 3524 2800 uxoris

1947 2838 2068 2908 ejus
2093 2838 2418 2901 Gundradm,
2450 2839 2542 2908 qui
2587 2840 2728 2894 hanc
2759 2837 3100 2894 donationem
3145 2833 3356 2907 pariter
3399 2850 3524 2890 cum

1951 2930 2201 2999 precaria
2229 2927 2346 2983 tieri
2373 2927 2458 2982 vel
2488 2929 2693 2983 firmari
2721 2937 3062 2998 rogaverunt.
3104 2927 3216 2996 Ego
3259 2925 3526 2992 Ernaldns

1951 3019 2204 3087 indiguus
2229 3018 2506 3087 presbiter
2537 3026 2591 3072 ct
2626 3017 2892 3072 manualis
2922 3016 3165 3070 notarius
3193 3016 3333 3070 hanc
3355 3015 3524 3070 dona-

1953 3109 2156 3164 tionem
2183 3107 2404 3175 jubente
2435 3107 2630 3162 domno
2653 3105 2898 3161 Johanne
2925 3106 3176 3176 episcopo
3213 3103 3428 3173 scripsi.
3463 3121 3482 3155 ι

279 3197 400 3252 loco
425 3208 730 3265 nuncupata
779 3195 1046 3252 Hunliaco
1083 3197 1226 3252 inter
1277 3211 1588 3252 mansuram
1633 3206 1692 3250 et
1737 3204 1846 3250 ter—
1877 3195 1923 3258 C
2023 3197 2112 3251 55.
2151 3195 2288 3267 (55.)
2322 3195 2640 3250 Ecclesium
2685 3193 3032 3250 Laubiensem
3076 3195 3140 3248 ab
3173 3191 3530 3262 inquietudine

247 3303 402 3344 -ram
471 3287 732 3344 arabilcm
807 3287 1068 3342 buuuaria
1125 3287 1208 3352 ὃς
1271 3302 1394 3356 qua:
1463 3286 1728 3356 colligunt
1795 3285 1850 3339 in

277 3393 498 3433 summa
539 3377 711 3434 mansi
751 3375 874 3442 44';
905 3385 962 3431 et
1013 3377 1286 3446 mancipia
1333 3378 1618 3446 utriusque
1663 3389 1851 3438 sexus,

279 3483 410 3536 quae
475 3466 544 3520 ad
601 3466 776 3534 ipsum
828 3463 1033 3520 Viliare
1105 3465 1394 3534 aspiciunt,
1445 3479 1540 3520 seu
1598 3462 1854 3533 quicquid

255 3560 352 3624 ad
393 3556 916 3628 predictum-loeutu
969 3571 1094 3612 cum
1137 3556 1391 3611 omnibus
1438 3553 1776 3624 appendiciis
1801 3560 1858 3610 et

287 3646 692 3718 integritatibus
718 3646 836 3700 suis
861 3645 1142 3714 pertinet,
1181 3653 1360 3700 terras
1389 3645 1564 3700 cultas
1597 3651 1656 3698 et
1681 3641 1856 3698 incul-

257 3777 264 3782 .
289 3751 398 3805 tas,
415 3734 999 3808 pervia,;\vadiscapia,
1021 3743 1202 3804 prata,
1225 3749 1446 3804 pascua,
1469 3734 1662 3798 silvas,
1681 3747 1860 3802 aquas

289 3843 664 3899 aquarumque
701 3827 988 3882 decursus.
1017 3825 1144 3882 Haec
1164 3826 1346 3882 omnia
1378 3825 1536 3880 nobis
1581 3824 1856 3880 concessit

291 3923 526 3976 domnus
561 3920 745 3976 senior
769 3927 960 3975 noster
983 3919 1258 3974 Iohannes
1277 3919 1587 3988 episcOpus,
1619 3932 1684 3972 eo
1715 3917 1864 3972 vide-

261 4055 266 4060 .
293 4013 420 4070 licet
443 4022 656 4076 tenore,
683 4017 742 4064 ut
763 4010 906 4065 sicut
925 4011 1174 4079 superius
1194 4009 1456 4076 diximus,
1483 4009 1610 4064 dum
1633 4007 1859 4062 advixe—

299 4107 486 4168 rimus,
533 4113 740 4168 utrum,
767 4111 826 4157 et
843 4102 992 4170 quod
1011 4101 1262 4156 dedimus
1287 4111 1344 4156 et
1365 4101 1508 4171 quod
1537 4099 1864 4168 accepimus,

295 4203 616 4265 potestatem
644 4193 979 4255 habeamus;
1009 4207 1222 4248 necnon
1251 4199 1306 4246 et
1329 4191 1642 4258 supradicta
1670 4189 1870 4244 Achel-

297 4284 402 4348 dis,
449 4297 546 4338 seu
573 4294 632 4338 et
669 4281 838 4336 ceteri
882 4279 1118 4336 infantes
1163 4280 1358 4344 nostri,
1385 4279 1478 4348 qui
1519 4277 1872 4346 dejamdicta

267 4374 526 4445 conjuge
581 4387 705 4428 mea
743 4369 1006 4426 nascituri
1029 4379 1188 4435 sunt,
1217 4371 1266 4424 si
1301 4370 1619 4438 superstites
1653 4367 1872 4422 nobis”

265 4499 270 4508 ι
299 4462 519 4525 fuerint.
545 4462 799 4518 similiter
820 4463 944 4517 dum
957 4460 1284 4524 advixerint,
1305 4467 1622 4528 potestatem
1643 4459 1874 4514 habeant

1939 3284 2292 3340 .Ifarlcutinm
2328 3283 2586 3338 liberauit.
2611 3284 2974 3339 Excrescente
2999 3282 3230 3352 denique
3257 3279 3528 3335 discordia

1935 3375 2096 3430 inter
2133 3373 2422 3428 Karlenses
2443 3381 2498 3428 et
2523 3372 2932 3437 Lotharienses,
2969 3371 3216 3426 tecclesia
3261 3369 3530 3424 Laubien-

1956 3463 2035 3518 sis
2083 3463 2224 3517 male
2267 3461 2738 3517 labefactabatur:
2787 3464 2922 3516 adeo
2973 3461 3190 3530 quippe,
3243 3468 3534 3512 ut‘everso

1939 3553 2178 3624 penitus
2234 3552 2364 3608 loco.
2403 3549 2728 3608 famulantes
2779 3550 2992 3621 pulsum
3047 3550 3114 3604 iri
3161 3547 3531 3604 crederentur.

1960 3645 2259 3716 Episcopus
2303 3652 2516 3699 tamen'
2542 3643 2724 3698 divino
2777 3641 3005 3697 consilio
3051 3655 3178 3696 usus
3223 3639 3332 3712 (an.
3363 3636 3535 3706 ¹868).

1939 3735 2248 3806 οροιθιίευω
2275 3733 2424 3806 (145)
2471 3735 2612 3804 quod
2651 3733 2828 3788 adhuc
2859 3733 2914 3788 in
2943 3725 3146 3788 eadem
3175 3728 3422 3786 recclesia
3449 3743 3538 3782 re—

1961 3833 2234 3887 servatur,
2279 3823 2534 3891 scripsit;
2589 3829 2646 3876 et
2683 3821 2784 3875 hoc
2827 3820 3126 3891 apostolica
3175 3817 3497 3873 auctoritate
3523 3856 3538 3880 ,

1965 3916 2058 3972 sed
2110 3924 2166 3969 et
2218 3929 2248 3968 a
2298 3912 2832 3984 conprovincialibus
2875 3912 3144 3982 episcOpis
3185 3909 3539 3971 confirmato,

1965 4019 2156 4060 omnes
2183 4004 2442 4060 :ecclesite
2479 4004 2648 4074 ipsius
2685 4017 3004 4073 pervasores
3047 4017 3077 4055 a
3109 3999 3542 4054 Christianorum

1967 4095 2234 4150 societate
2261 4103 2636 4163 sequestrans,
2667 4093 2762 4148 tali
2805 4093 2964 4148 modo
2989 4089 3290 4146 mcclesiam
3323 4101 3356 4140 a
3399 4095 3545 4140 tanto

1967 4183 2249 4254 naufragio
2271 4185 2562 4240 inmunem.
2579 4183 2817 4253 reliquit.
3225 4191 3228 4196 '

2014 4273 2461 4347 [56.(54.)(Ft.on.
2474 4289 2554 4336 ut,
2568 4273 2736 4344 22.)"
2747 4289 2844 4326 um:
2856 4271 3174 4325 Hincmartts
3185 4263 3546 4320 Laudunensis

1969 4365 2238 4433 episcoyus
2255 4363 2310 4416 in
2331 4363 2514 4416 sinodo
2535 4363 2634 4416 tibi
2648 4358 3051 4428 iudicemclegit.
3073 4355 3188 4412 Hoc
3199 4369 3326 4410 vero
3341 4353 3394 4407 in
3413 4351 3548 4406 scri-

1973 4453 2080 4524 ptis
2104 4453 2450 4508 Remensium
2475 4454 2844 4522 episcoporum
2873 4447 3195 4511 invenimus,
3230 4443 3372 4515 quod
3395 4442 3551 4496 llinc-
3577 4495 3586 4504 ,

265 4569 396 4618 ,υειι
439 4554 741 4610 fructuario
774 4553 1024 4608 excolere
1071 4561 1124 4606 et
1165 4550 1460 4620 possidere.
1514 4549 1578 4602 Et
1625 4563 1721 4618 pro
1765 4547 1878 4617 ipso
1909 4535 1955 4593 Ι)
1983 4543 2550 4600 tnarusLaudunensis
2569 4537 3430 4613 episcopuspromultisculpisac
3455 4549 3550 4604 pro

301 4661 396 4698 usu
445 4645 758 4698 censuimus
801 4641 960 4698 annis
1001 4641 1228 4712 singulis
1279 4639 1482 4695 solidos
1524 4637 1579 4702 2,
1617 4649 1676 4692 ut
1711 4638 1875 4706 ipsos,
1959 4651 2198 4702 ,ntorum
2251 4634 2594 4704 obscenitate
2648 4635 2718 4690 ab
2771 4633 3173 4702 archiepiscopo
3223 4629 3551 4688 llincmaro,

271 4735 424 4792 .dutn
457 4736 845 4804 atlvixerimus,
869 4733 1147 4788 exsolvere
1185 4731 1480 4796 faciamus;
1535 4729 1784 4784 similiter
1823 4737 1879 4784 et
1955 4743 2084 4792 .suo
2129 4729 2418 4794 avunculo,
2449 4728 2694 4783 districto
2731 4726 2786 4780 in
2815 4719 3336 4782 conventu‘sinodali
3385 4718 3554 4786 impe-

259 4867 268 4878 ,
297 4827 468 4884 nostri
491 4826 754 4892 infantes.
780 4825 906 4880 dum
933 4823 1260 4888 advixerint,
1283 4821 1559 4878 exsolvere
1587 4819 1790 4876 faciant
1809 4835 1838 4872 a

1959 4821 2222 4878 otebatur.
2276 4818 2380 4886 Qui
2421 4822 2602 4887 itaque
2657 4817 2952 4874 secundum
2998 4811 3324 4868 Affricanum
3381 4805 3559 4862 conci-

1565 4951 1800 5012 VARIE
1829 4951 2211 5013 LECTIONES

1725 5109 1774 5142 ⁸⁸
1803 5114 1992 5170 nobint
2023 5117 2074 5171 l.

1805 5243 2038 5305 ΝΟΤΔΕ.

251 5143 258 5154 ·-
317 5139 328 5166 .’
361 5113 410 5154 ⁸⁷
437 5131 694 5174 numerus
736 5114 796 5170 iu
834 5113 1075 5180 Lugeat,
1109 5114 1278 5184 spatio
1313 5129 1416 5169 non
1447 5111 1650 5168 relicto.
