4052 5358
501 262 575 321 63

1444 262 1667 319 GESTA
1704 262 2121 325 PONTIFICUM
2158 258 2766 319 CAMERACENSIUM.

3679 242 3750 302 6'8

470 360 473 363 '
506 353 659 416 lium,
686 349 899 421 iudices
919 350 1120 408 electos
1140 352 1361 423 expetiit
1387 370 1403 419 ;
1432 352 1570 409 inter
1587 368 1723 423 quos
1745 355 1906 409 etiam
1932 354 2083 409 dom-
2111 361 2159 417 Α
2189 362 2365 415 sante,
2381 352 2672 417 credimus,
2688 359 2747 405 ut
2769 346 2954 417 quanti
2970 343 3222 401 videlicet
3239 324 3418 399 meriti
3443 338 3755 401 sit.fatente

506 458 634 497 num
662 439 966 498 Johannem
995 442 1248 497 obtinuit.
1282 441 1301 515 j
1887 506 1889 509 ι

575 530 666 590 57.
696 533 833 603 (55.)
882 532 1127 604 Sepultus
1168 543 1243 589 est
1288 544 1437 589 extra
1481 535 1851 590 monasterium
1885 546 2081 590 sancta:

507 619 698 676 Harii:
723 622 780 685 in
815 621 1046 677 (ecclesia
1097 632 1291 678 sanctte
1345 620 1565 687 Crucis;
1615 623 1705 677 sed
1757 640 1789 676 a
1839 622 2076 677 Gerardo

506 711 746 779 episcopo
795 711 851 765 in
897 713 1268 767 monasterium
1314 712 1600 768 translatus
1641 724 1738 768 est.
1790 713 2079 783 Postquam

507 808 691 853 autem
728 800 842 870 ipse
870 801 1098 856 domnus
1144 798 1417 857 Johannes
1461 802 1839 857 dormitionem
1871 802 2081 871 accepit

510 888 565 943 in
595 889 810 947 Christo
835 892 946 962 (an.
978 890 1123 962 879),
1167 891 1406 961 sepultus
1434 901 1517 947 est
1566 894 1621 947 in
1666 892 1908 957 basilica,
1960 908 2080 962 qme

509 988 630 1035 erat
677 980 733 1035 in
785 981 1043 1035 honorem
1083 989 1285 1035 sanctae
1335 980 1526 1037 Crucis
1571 991 1879 1036 constructa
1923 981 2079 1049 juxta

510 1067 895 1122 monasterium
932 1079 1133 1123 sancta:
1161 1068 1344 1124 Mariae
1388 1070 1454 1123 ad
1502 1070 1794 1124 australem
1842 1070 2078 1140 plagam,

509 1155 690 1224 ibique
717 1155 923 1225 quievit
961 1171 1132 1227 usque
1158 1158 1227 1211 ad
1283 1166 1495 1228 tempus
1542 1158 1768 1214 Gerardi
1817 1159 2081 1230 episcopi,

507 1245 598 1315 qui
625 1245 674 1303 ei
704 1245 1030 1302 tredecimus
1052 1247 1104 1301 in
1136 1247 1322 1304 sedem
1350 1251 1635 1305 successit.
1665 1250 1928 1304 Nimirum
1952 1266 2076 1319 pre-

508 1341 651 1396 dicta
680 1340 899 1397 basilica
921 1341 1036 1411 jam
1060 1357 1129 1399 ex
1160 1352 1315 1414 parte
1351 1354 1675 1412 corruerat;
1706 1361 1774 1402 ex
1817 1362 1927 1417 quo
1952 1362 2080 1402 vero

509 1438 655 1489 stare
698 1433 1007 1501 videbatur,
1050 1450 1118 1492 ex
1168 1445 1440 1495 vetustate
1494 1438 1703 1499 ruinam
1752 1439 2077 1495 minabatur.

510 1519 796 1593 Quumque
825 1524 940 1594 ipse
973 1526 1204 1583 domnus
1235 1528 1520 1599 episcopus
1559 1530 1862 1600 predictum
1897 1545 2079 1585 mona-

2180 443 2396 513 quidem
2429 443 2544 509 ipso
2580 438 2858 503 miraculo,
2899 446 3084 507 aperte
3135 436 3425 490 videretur.
3476 433 3624 489 Multi
3658 433 3757 489 de-

2181 536 2345 603 nique
2373 533 2462 589 alii
2494 549 2525 588 a
2554 533 2719 588 variis
2748 530 3057 600 langoribus
3084 526 3257 582 curati
3288 535 3434 582 sunt.

2252 627 2341 682 60.
2369 625 2504 698 (58.)
2528 625 2606 680 De
2624 623 2858 679 Rotrado
2886 623 3143 693 episcopo.
3170 618 3368 675 Sancto
3380 615 3757 674 veroJuhanni

2179 723 2235 777 in
2259 721 2592 792 episcopium
2638 716 2911 774 Rotradus
2937 711 3217 770 successit.
3251 710 3351 765 llic
3372 709 3474 764 fuit
3503 709 3761 778 tempori-

2179 812 2280 867 bus
2319 809 2430 883 [(Α.
2472 807 2709 879 Vedast.)
2760 804 2968 862 Arnulfl
3014 800 3359 874 imperatoris
3397 799 3565 870 (H7).
3594 813 3758 867 quem

2181 902 2446 957 australes
2459 899 2677 963 Franci,
2695 896 2939 953 videntes
2951 894 3168 967 quidem
3188 888 3533 963 imperatoris
3551 889 3630 943 Ka
3638 889 3759 953 roli,

2182 992 2277 1046 lilii
2324 990 2582 1046 Luduvici
2613 986 3057 1050 Transrenensis,
3090 984 3234 1038 vires
3261 983 3327 1036 ad
3356 980 3647 1051 regendum
3678 981 3763 1033 in-

2180 1081 2406 1143 validas,
2424 1094 2489 1135 eo
2508 1077 2738 1145 dejecto,
2766 1077 2833 1131 ad
2850 1072 3128 1145 imperiale
3147 1070 3762 1140 soliumpromoverunt.

2249 1172 2338 1225 61.
2368 1170 2503 1241 (59.)
2525 1168 2637 1223 Hoc
2652 1183 2857 1237 pressae
2876 1166 3056 1220 civitas
3080 1162 3398 1218 Cameracus
3428 1177 3544 1215 cum
3568 1158 3762 1233 templo

2179 1262 2347 1315 sancti
2389 1260 2667 1330 Gaugerici
2694 1274 2727 1312 a
2769 1256 3095 1311 Normannis
3124 1253 3478 1309 succenditur.
3512 1250 3627 1306 Sub
3657 1249 3764 1304 htt-

2175 1355 2264 1425 jus
2287 1352 2452 1407 etiam
2493 1350 2682 1406 diebus
2712 1351 2800 1423 (Α.
2832 1347 3069 1418 Vedast.)
3103 1344 3355 1417 procella:
3393 1342 3761 1396 Nortmanno-

2183 1457 2299 1498 rum
2328 1457 2425 1512 per
2451 1455 2666 1497 omnem
2693 1440 2835 1496 hanc
2855 1438 3113 1495 viciniam
3142 1432 3520 1491 miserabiliter
3548 1432 3762 1486 intona-

2182 1531 2333 1596 bant,
2360 1530 2454 1602 qui
2501 1546 2646 1587 anno
2673 1528 2967 1587 Dominicte
3008 1523 3397 1582 incarnationis
3419 1522 3542 1586 881,
3583 1519 3617 1575 5
3640 1520 3760 1574 Kal.

509 1615 733 1671 sterium
782 1616 1092 1686 ampliorari
1144 1634 1315 1690 usque
1356 1622 1422 1676 ad
1468 1621 1774 1691 sepulcrum
1817 1619 2080 1675 Johannis
2181 1616 2423 1676 Januarii
2453 1622 2807 1677 Cameracum
2857 1617 3114 1691 ingressi,
3152 1613 3416 1672 incendiis
3448 1622 3502 1668 et
3533 1612 3767 1668 occisio-

509 1707 746 1778 episcopi
780 1708 1135 1779 disposuerat,
1178 1713 1439 1782 condigna
1490 1712 1837 1768 veneratione
1887 1727 2084 1782 corpus
2118 1693 2160 1752 θ
2190 1709 2347 1766 nibus
2369 1710 2639 1767 civitatem
2662 1724 2877 1766 omnem
2898 1709 3284 1769 devastarunt;
3312 1713 3368 1760 et
3396 1703 3462 1758 ad
3485 1699 3763 1757 cumulum

509 1799 577 1853 de
623 1799 870 1869 sepulcro
895 1801 1089 1857 levavit
1117 1810 1172 1857 et
1202 1802 1341 1859 infra
1373 1804 1757 1859 monasterium
1796 1803 2076 1873 sepelivit.

512 1887 614 1944 Ubi
659 1890 915 1946 nonnulla
956 1895 1294 1961 postmodum
1332 1903 1541 1964 patrata
1580 1894 1877 1964 probantur
1914 1894 2080 1949 mira.

507 1976 665 2045 cula,
713 1980 802 2034 ubi
860 1979 1140 2050 frigoritici
1190 1991 1353 2052 atque
1400 1982 1629 2037 diversis
1676 1982 2085 2054 aagritudinibus

508 2073 757 2142 occupati
829 2073 1108 2130 venientes
1139 2113 1157 2141 ,
1229 2084 1413 2146 optata
1484 2085 1762 2133 merentur
1822 2076 2084 2147 sospitate

509 2160 724 2223 donari.

582 2253 670 2309 58.
696 2253 857 2325 (56.)
911 2254 1223 2315 Contractus
1266 2260 1420 2313 ltonto
1464 2260 1533 2314 ad
1572 2262 1868 2331 sepulcrum
1912 2262 2081 2317 sancti

505 2342 766 2401 Johannis
822 2346 992 2403 salute
1031 2348 1281 2407 donatur.
1330 2350 1589 2422 Superest
1643 2355 1825 2408 adhuc
1882 2354 2078 2415 homo.

509 2433 781 2491 Walterus
820 2439 1037 2493 nomine
1063 2440 1133 2505 '9,
1159 2442 1242 2494 ctti
1276 2442 1536 2496 membris
1566 2442 1783 2512 adeptis,
1824 2442 2015 2513 langor
2051 2459 2084 2497 a

508 2541 678 2594 puero
704 2542 968 2596 gressum,
1008 2538 1189 2583 cetera
1230 2545 1445 2601 quoque
1488 2531 1731 2601 corporis
1773 2530 1946 2587 ollicia
1992 2547 2085 2585 ne-

507 2625 751 2683 gaverat.
802 2615 937 2671 Nam
970 2617 1334 2674 marcentibus
1364 2620 1545 2675 nervis
1590 2619 1789 2675 talares
1835 2619 2085 2676 cruribus

508 2707 880 2771 adheserant,
929 2715 987 2761 ut
1029 2706 1178 2762 nullo
1234 2711 1520 2766 conamine
1569 2693 1775 2779 sejungi
1822 2711 2082 2764 valerent.

510 2794 664 2851 llunc
700 2794 896 2851 lectulo
934 2795 1242 2866 impositum
1287 2806 1465 2852 mater
1510 2799 1581 2853 ad
1626 2798 1933 2868 sepulcrum
1982 2798 2084 2853 viri

511 2885 607 2943 Dei
635 2884 859 2957 bajulari
886 2885 1036 2951 fecit,
1067 2885 1248 2955 ibique
1271 2902 1365 2955 per
1383 2887 1589 2958 aliquot
1615 2889 1731 2944 dies
1745 2889 2086 2945 orationibus

509 2959 767 3041 cuntfilio
785 2976 1039 3047 perstitit.
1081 2972 1509 3044 Superveniente
1555 2977 1839 3031 nativitate
1886 2987 2087 3033 sanctae

510 3065 715 3131 Mariae,
743 3040 863 3136 quae
891 3066 924 3121 6
969 3065 1091 3121 ldus
1122 3040 1458 3135 Septembris
1485 3067 1765 3136 agebatur,
1801 3067 1941 3121 inter
1971 3067 2083 3135 ipsa
2106 3040 2157 3126 ,Ο

511 3156 849 3213 matutinalia
870 3154 1062 3221 olllcia,
1087 3170 1210 3210 cum
1240 3154 1381 3211 forte
1401 3155 1675 3226 paululum
1701 3156 2085 3222 obdormisset,

510 3248 666 3315 vidit,
693 3256 754 3302 ut
780 3248 894 3318 ipse
923 3248 1096 3303 adhuc
1124 3247 1313 3313 refert,
1342 3262 1528 3304 senem
1557 3249 1829 3318 quendam
1855 3248 1958 3304 sibi
1987 3248 2087 3302 ad»

508 3340 724 3403 sistere,
755 3338 908 3409 cujus
938 3346 1085 3395 tactu
1120 3339 1456 3397 consolidata
1484 3349 1610 3396 sunt
1635 3354 1795 3395 crura
1821 3338 1957 3409 ejus.
1990 3338 2089 3394 Hic

509 3438 694 3486 autem
728 3446 826 3500 per
864 3430 1070 3501 aliquot
1094 3446 1264 3485 annos
1290 3445 1358 3487 ex
1386 3431 1669 3500 stipendiis
1695 3430 1956 3487 ecclesia:
1983 3426 2087 3497 ali-

512 3531 599 3576 tus
634 3530 724 3581 est.
747 3523 838 3576 ‘°°.

581 3609 672 3665 59.
703 3609 839 3681 (57.)
860 3609 936 3663 De
959 3626 1120 3679 puero
1144 3618 1430 3672 contracto,
1455 3608 1544 3663 sed
1572 3608 1769 3662 meritis
1798 3607 1935 3664 beati
1959 3622 2116 3677 pono'

511 3703 668 3770 tiﬁeis
693 3702 965 3769 sospitate.
1012 3698 1121 3755 Nec
1165 3700 1427 3756 dissimile
1454 3699 1582 3755 illud
1610 3714 1825 3771 quoque
1856 3699 2086 3761 videtur,

510 3791 655 3861 quod
702 3792 896 3847 iterum
951 3790 1131 3845 divina
1181 3789 1465 3845 clementia
1512 3790 1722 3845 meritis
1769 3789 1941 3845 sancti
1984 3789 2088 3843 viri

511 3880 821 3937 contulerit.
852 3880 1132 3947 Quendam
1183 3895 1416 3951 namque
1445 3895 1693 3950 puerum,
1730 3880 1951 3936 nomine
1989 3879 2086 3937 llo-

511 3974 799 4037 ribertnm,
830 3987 896 4028 ex
922 3972 1126 4028 familia
1173 3974 1346 4029 sancti
1378 3972 1667 4044 Gaugeriei
1699 3974 1883 4030 vivere
1910 3974 2086 4030 adhuc

505 4064 906 4134 cognoscimus,
940 4079 1098 4134 quem
1147 4073 1265 4135 post
1312 4080 1424 4120 sua:
1467 4064 1766 4121 nativitatis
1797 4064 2089 4119 triennium

510 4162 661 4210 tanta
706 4153 956 4210 debilitas
996 4153 1367 4210 crusculorum
1418 4153 1564 4224 (M6)
1612 4154 1752 4209 forte
1793 4153 2091 4209 contractis

507 4245 714 4312 nervis,
757 4245 1093 4316 obrepserat,
1134 4253 1191 4299 nt
1242 4244 1350 4299 alio
1398 4260 1558 4315 ρωηο
1608 4245 1838 4304 triennio
1890 4246 2088 4316 pedum

452 4390 461 4399 ,
506 4334 683 4392 cilicia
705 4351 811 4392 non
843 4335 1086 4391 haberet.
1116 4336 1266 4391 Unde
1292 4345 1466 4392 mater
1487 4336 1672 4394 sedulo
1702 4352 1941 4406 gemens,
1966 4338 2087 4393 uni-

506 4439 635 4479 cum
663 4425 907 4483 vehiculo
939 4426 1248 4495 impositum
1297 4441 1395 4497 per
1446 4428 1612 4483 multa
1637 4430 1751 4485 loca
1773 4440 2083 4485 sanctorum

508 4516 818 4586 deportavit
845 4531 860 4579 ;
892 4515 986 4571 sed
1011 4516 1210 4573 nullius
1230 4518 1509 4574 medicina:
1538 4521 1841 4590 profectum
1866 4521 2084 4591 adepta,

514 4606 734 4665 tandem
819 4614 948 4660 ante
1010 4607 1337 4675 sepulcrum.
1383 4610 1541 4680 hujus
1606 4610 1748 4665 beati
1815 4613 2089 4683 pontilicis

434 4696 815 4754 ~~-1:alloc‘avit.
863 4698 1245 4769 Huncitaque
1288 4715 1397 4757 non
1446 4700 1617 4756 multo
1652 4712 1791 4772 post,
1826 4712 2087 4773 operante

508 4787 696 4841 divina
753 4786 1037 4845 clementia
1092 4788 1401 4859 meritisque
1446 4789 1600 4859 hujus
1637 4792 1808 4847 sancti
1846 4793 2085 4864 episcopi

514 4878 776 4935 medelam
809 4880 1246 4950 impetrantibus,
1292 4880 1656 4937 ambulantem
1703 4883 1938 4939 reduxit.
1972 4884 2087 4941 lloc

508 4984 642 5042 ergo
669 4980 858 5028 sancto
880 4973 996 5028 viro
1020 4972 1302 5037 reservari,
1332 4972 1427 5026 Dei
1478 4973 1815 5043 providentia
1860 4975 2088 5047 dispen-

2114 4379 2165 4439 D

2164 4524 2325 4582 vllem
2352 4540 2450 4595 pro
2479 4524 2669 4582 eadem
2698 4536 2865 4579 causa
2898 4520 3106 4593 gratias
3136 4515 3403 4582 referens,
3424 4514 3552 4585 quia
3576 4511 3771 4567 devote

2188 1802 2386 1859 furoris
2408 1813 2653 1859 sanctum
2682 1811 2737 1858 et
2753 1799 3062 1858 venerabile
3076 1797 3334 1868 templum
3361 1793 3535 1849 sancti
3556 1792 3772 1862 Gange-

2190 1894 2284 1948 rici
2334 1894 2705 1959 incendentes,
2748 1908 2869 1948 cum
2922 1890 3129 1947 infinita
3164 1887 3331 1959 preda
3358 1886 3425 1941 ad
3450 1893 3764 1941 suacastra

2188 1983 2388 2038 reversi
2416 1991 2563 2038 sunt.
2600 1981 2803 2037 lterum
2835 1996 2964 2035 vero
2990 1986 3295 2036 remeantes
3312 1977 3456 2033 circa
3483 1974 3767 2031 sollemni-

2188 2081 2354 2127 tatem
2388 2073 2561 2128 sancti
2592 2070 2759 2134 Petri,
2794 2072 2981 2127 urbem
3030 2069 3346 2125 Atrebatum
3387 2066 3765 2123 devenerunt:

2185 2166 2438 2223 omnibus
2468 2180 2605 2236 quos
2627 2164 2698 2219 ibi
2724 2179 3012 2235 repperere
3032 2161 3354 2225 interfectis,
3370 2157 3594 2216 circuita
3615 2155 3762 2212 omni

2188 2266 2333 2312 terra
2372 2256 2517 2312 ferro
2545 2264 2603 2311 et
2652 2255 2774 2326 igne
2816 2264 3015 2309 cuncta
3061 2251 3401 2324 pepulantes,
3450 2248 3521 2303 ad
3555 2261 3652 2303 sua
3685 2261 3772 2300 re-

2186 2358 2490 2406 vertuntur.
2519 2348 2663 2403 Inter
2684 2346 2843 2414 hujus
2868 2343 3149 2400 seditionis
3176 2348 3524 2406 tempestates
3544 2344 3771 2391 vocatus

2185 2441 2492 2511 episcopus,
2530 2438 2673 2492 diem
2700 2436 2894 2491 clausit
2922 2434 3033 2503 (an.
3064 2429 3218 2501 887.)
3260 2428 3657 2496 tumulatusqne
3686 2432 3775 2480 est

2186 2532 2240 2586 in
2268 2529 2512 2586 ascclesia
2543 2527 2716 2583 sancti
2745 2524 3015 2582 Autberti.

2254 2620 2349 2677 εξ.
2389 2618 2525 2692 (60.)
2558 2618 2804 2689 Sequitur
2848 2613 3040 2669 Dodilo
3081 2611 3367 2681 episcopus.
3416 2608 3544 2664 Post
3570 2606 3774 2661 Rotra.

2187 2712 2312 2766 dum
2359 2709 2607 2781 regendae
2665 2706 2922 2762 ecclesia:
2966 2716 3152 2759 curam
3198 2700 3386 2755 Dodilo
3435 2696 3772 2766 suscipiens,

2187 2819 2333 2859 anno
2358 2802 2571 2857 Domini
2618 2801 2720 2857 887
2748 2799 2898 2870 (M8)
2933 2806 2989 2852 et
3018 2796 3082 2851 16
3114 2794 3232 2849 Kal.
3257 2792 3461 2863 Aprilis
3484 2790 3799 2860 episcopus

2187 2896 2471 2950 ordinatur
2492 2893 2580 2953 (Α.
2614 2891 2875 2960 Vedast.).
2906 2889 3005 2944 llic
3043 2901 3204 2942 unam
3248 2882 3387 2953 juris
3432 2882 3514 2937 sul
3566 2881 3768 2940 villam,

2174 2984 2453 3039 'Buxerias
2493 2982 2641 3055 (M9)
2693 2980 2933 3040 nomine.
2987 2974 3354 3047 stipendiariis
3397 2972 3625 3027 fratrum
3675 2969 3771 3040 qui

2192 3075 2245 3129 in
2274 3074 2517 3129 tecclesia
2545 3074 2716 3127 beata:
2747 3069 2929 3124 Μαι-ξω
2952 3065 3373 3126 famulabanlur,
3397 3061 3678 3131 delegavit.

2175 3202 2181 3207 -
2259 3164 2347 3219 65.
2376 3163 2512 3234 (61.)
2543 3161 2713 3216 Multa
2740 3160 2959 3229 scripta,
3003 3173 3120 3228 qua:
3158 3153 3327 3207 Fulco
3352 3153 3774 3221 archiepiscopus

2188 3252 2695 3322 Dodiloniepiscopo
2716 3261 2765 3305 et
2797 3251 2920 3304 aliis
2963 3247 3277 3319 quibusdam
3318 3246 3534 3299 miserit.
3572 3244 3644 3298 De
3669 3243 3777 3297 hoc

2190 3343 2243 3398 in
2295 3344 2463 3413 gestis
2509 3340 2860 3398 llemensium
2890 3338 3206 3410 pontificum
3243 3335 3542 3404 reperimus
3571 3332 3768 3403 (Fwo.

2189 3448 2264 3499 tv,
2296 3435 2374 3503 6),
2406 3433 2548 3503 quod
2602 3431 2769 3486 Fulco
2817 3430 3058 3499 ejusdem
3116 3427 3262 3483 sedis
3308 3424 3771 3494 archiepiscopus,

2188 3523 2391 3592 scripta
2437 3523 2513 3577 illi
2563 3522 2773 3577 miserit
2819 3534 2917 3590 pro
2954 3519 3167 3589 placitis
3220 3517 3321 3572 sibi
3372 3515 3442 3570 ab
3477 3530 3544 3571 eo
3586 3514 3775 3581 datis,

2189 3616 2257 3668 ad
2280 3629 2403 3682 qua:
2433 3613 2656 3673 minime
2701 3611 3029 3672 attenderat,
3079 3623 3306 3663 monens
3350 3615 3407 3663 et
3450 3620 3664 3675 rogans,
3712 3614 3776 3661 ut

2190 3713 2401 3773 satagat
2431 3703 2616 3758 venire
2658 3702 2724 3756 ad
2771 3700 3075 3771 preximum
3126 3698 3412 3769 placiturus,
3464 3696 3776 3765 ubicunque

2169 3808 2284 3848 rex
2317 3793 2432 3849 Odo
2465 3792 2627 3848 fuerit
2656 3806 2782 3847 cum
2819 3790 3111 3860 episcopis,
3143 3788 3359 3858 quando
3386 3802 3523 3851 rem,
3552 3787 3619 3842 de
3664 3801 3773 3855 qua

2176 3893 2319 3939 tunc
2346 3883 2627 3955 agebatur,
2654 3882 2723 3937 de
2768 3880 3091 3951 llildegarde
3127 3887 3182 3934 et
3230 3876 3618 3953 Hirmengarde
3664 3882 3773 3931 tert-

2190 3974 2401 4028 minare
2431 3973 2712 4029 deberent.
2760 3973 3122 4027 Accusatores
3173 3981 3386 4038 quoque
3439 3967 3607 4037 ipsius
3645 3963 3772 4019 llir-

2168 4064 2521 4134 mengardis,
2560 4078 2762 4133 eosque
2808 4063 2898 4133 qui
2930 4061 3288 4131 presbiterum
3334 4057 3630 4115 luminibus
3656 4057 3772 4127 pri-

2189 4156 2399 4210 variae
2426 4156 2681 4225 suspendi
2711 4154 3007 4224 jusserunt,
3060 4167 3183 4207 cum
3220 4150 3306 4205 his
3354 4148 3623 4208 omnibus.
3675 4147 3771 4217 qui

2189 4247 2364 4303 eidem
2397 4247 2631 4302 infanda:
2658 4246 2887 4317 jnssioni
2912 4250 3209 4316 paruerunt
3239 4240 3320 4295 vel
3350 4238 3585 4295 factores
3614 4237 3773 4308 hujus

2192 4340 2415 4396 sceleris
2443 4340 2793 4405 exstiterunt,
2818 4335 3150 4393 commoneri
3176 4331 3409 4388 faciat“u
3427 4338 3480 4386 et
3510 4328 3772 4385 canonice

2192 4434 2501 4499 convocari,
2527 4440 2586 4488 ut
2613 4431 2738 4486 huic
2766 4426 3053 4486 eonventui
3077 4441 3137 4482 se
3168 4423 3770 4491 studeantpreseutare.

2192 4619 2363 4691 ipsius
2385 4616 2861 4674 commonitionem
2886 4611 3202 4683 susceperit,
3234 4617 3289 4663 et
3324 4607 3392 4663 ad
3419 4605 3760 4662 constitutau

2191 4708 2334 4764 diem
2362 4708 2739 4779 paratissimus
2766 4703 3090 4761 occurrerit.
3121 4700 3252 4755 Illud
3281 4711 3409 4753 vero
3446 4705 3774 4752 succensae
3816 4760 3823 4765 ,

2191 4801 2425 4866 videtur,
2452 4816 2569 4863 cur,
2602 4815 2724 4853 cum
2760 4800 2825 4851 de
2856 4794 3085 4865 negotiis
3108 4787 3491 4847 ecclesiasticis
3517 4792 3771 4857 ageretur

2194 4906 2381 4955 causa,
2421 4905 2527 4945 non
2580 4905 2676 4959 per
2705 4887 2985 4948 clericum,
3024 4883 3117 4939 scd
3164 4897 3261 4951 per
3312 4877 3521 4933 laicalis
3564 4873 3771 4930 ordiris

2196 4980 2470 5037 hominem
2499 4979 2600 5036 sibi
2632 4977 2893 5033 mandare
2922 4972 3202 5029 voluisset.
3239 4968 3359 5039 Ipse
3384 4980 3514 5021 vero
3540 4964 3721 5019 domm
3741 4976 3771 5016 ς

1786 5134 2018 5192 VARUE
2061 5134 2469 5194 LECTIONES.

595 5247 642 5279 ”
667 5245 755 5302 W.
782 5262 843 5301 n.
863 5256 1049 5300 auctor
1076 5251 1185 5315 ipse
1222 5248 1605 5318 superscripsit.
1686 5246 1751 5278 ¹⁰⁰
1781 5246 1878 5303 llic
1901 5278 1970 5289 —-
1995 5259 2079 5305 est
2110 5260 2297 5304 auctor
2345 5251 2453 5320 ipse
2492 5248 2719 5303 addidit.
2798 5244 2861 5277 ¹⁰¹
2894 5242 3098 5298 faciant
3135 5241 3185 5294 1.
