4052 5358
224 321 290 377 σε
1210 298 1225 317 ⁸
1605 312 1804 369 LIBER
1841 313 2120 377 Patrius.
3414 325 3484 380 eo

222 432 388 489 Falco
412 473 428 497 ,
481 434 687 504 partim
738 428 967 489 senioris
1016 431 1237 487 scr-ilio
1280 430 1567 496 detentus,
1611 429 1807 497 partim
1837 433 1883 487 Α
1912 426 1977 479 ad
2014 427 2219 497 potiora
2268 436 2630 497 provexerat;
2688 428 2781 483 sed
2815 436 2865 484 et
2902 428 3170 499 quomodo
3217 430 3480 489 Bodulfus

224 540 500 595 corporea:
534 526 998 583 incommoditatis
1020 525 1260 579 molestia
1290 524 1623 594 prepeditns,
1650 522 1807 592 juxta

225 617 535 671 condictum
579 619 773 673 venire
810 617 1141 687 neqitiverat.
1172 617 1441 672 Admonet
1476 617 1638 672 etiam
1683 631 1807 671 eum

225 706 541 761 meminisse
569 707 793 773 debere,
835 706 1010 777 qualis
1054 706 1168 777 ipse
1214 722 1339 777 erga
1372 722 1496 762 eum
1535 707 1808 777 quondam

223 795 486 859 extiterit,
518 797 760 865 qualiter
786 798 903 853 sine
948 809 1093 867 rege,
1136 798 1255 853 sine
1296 798 1411 853 ullo
1449 797 1618 868 ipsius
1662 797 1807 869 parti

223 884 539 941 consulente
568 887 750 942 modis
772 886 1021 941 omnibus
1044 888 1319 952 institerit,
1347 898 1408 944 ut
1433 889 1500 943 ad
1523 890 1668 944 hunc
1697 890 1809 958 epi-

224 973 498 1043 scopalem
530 976 845 1045 perveniret
880 975 1161 1040 honorem,
1190 992 1311 1031 cum
1353 978 1529 1032 adhuc
1572 976 1811 1047 perfecte

224 1072 377 1118 notus
418 1080 531 1119 non
562 1074 709 1120 esset
736 1082 751 1131 ;
783 1066 857 1120 ita
887 1075 1063 1122 tamen
1087 1081 1185 1136 pro
1214 1082 1280 1122 eo
1304 1068 1496 1139 egerit,
1526 1067 1807 1138 velutipro

224 1152 386 1209 fratre
436 1155 753 1222 carissimo,
804 1156 927 1225 quia
958 1158 1263 1213 crediderat
1292 1169 1349 1214 et
1375 1160 1634 1215 credebat
1660 1161 1713 1214 in
1740 1174 1807 1214 co

222 1242 521 1314 simplicem
551 1248 915 1315 prudentiam,
944 1249 1107 1304 ﬁdem
1136 1266 1241 1305 non
1268 1251 1473 1315 ﬁctam,
1505 1252 1717 1306 ﬁrmam
1750 1260 1807 1306 et

222 1333 668 1389 indenmtabilem
727 1336 1098 1393 stabilitatem.
1163 1339 1482 1407 Speraverat
1540 1340 1702 1395 etiam
1751 1342 1803 1396 in

218 1423 477 1477 onmibus
513 1424 614 1479 sibi
654 1436 1062 1497 cooperatorem
1105 1438 1157 1485 et
1195 1432 1494 1501 adjutorem
1524 1431 1661 1487 fore.
1704 1433 1808 1488 Per

222 1512 364 1565 illam
400 1525 538 1584 ergo
565 1510 838 1571 sinceram
868 1517 1237 1585 dilectionem,
1265 1535 1426 1589 quam
1452 1523 1504 1577 in
1534 1522 1652 1593 ipso
1680 1538 1802 1580 cre-

219 1603 399 1666 debat,
434 1619 563 1659 eum
591 1621 650 1660 se
672 1606 809 1662 dicit
838 1624 1077 1674 monere,
1110 1612 1399 1676 mandans,
1422 1620 1481 1666 ut
1500 1614 1802 1683 posthabita

217 1696 364 1747 onini
402 1696 661 1751 dilatione
687 1696 771 1753 vel
801 1701 1175 1768 occupatione,
1210 1702 1277 1756 ad
1320 1703 1625 1757 condictum
1667 1718 1800 1759 con-

1908 517 1994 570 vir
2037 519 2263 572 devotus
2301 518 2576 573 abbatiam
2624 522 2894 589 quandam
2938 522 2991 576 in
3027 521 3187 592 hujus
3216 523 3481 583 Herdonia

1909 606 2193 676 parrochia
2247 607 2405 662 sitam
2433 647 2447 671 ,
2500 607 2751 663 Ilernensi
2810 610 3136 681 delegaverit
3181 612 3438 669 παιδίω
3464 655 3482 680 ,

1908 694 2251 750 committens
2269 695 2428 751 simul
2456 697 2628 753 eidem
2654 700 2928 769 '“corpns
2954 702 3094 757 beati
3122 701 3307 758 Calisti
3330 719 3481 774 papae

1907 792 1959 837 et
1980 784 2261 854 martyris,
2306 785 2449 855 quod
2479 786 2825 857 impetratum
2864 804 2895 843 a
2926 788 3169 846 Romana
3214 792 3483 847 detulerat

1907 872 2062 927 urbe.
2088 871 2305 926 lntimat
2329 888 2477 943 ergo,
2500 875 2731 943 qualiter
2750 886 3006 945 precatus
3032 880 3102 933 sit
3124 880 3484 937 amicabiliter

1909 959 2176 1028 prefatum
2261 961 2573 1017 Dodilonem
2634 964 2702 1018 ad
2776 967 3135 1024 Atrabatense
3199 972 3481 1027 castellum

1908 1052 2114 1117 venire,
2158 1063 2213 1107 et
2259 1054 2383 1108 inde
2412 1055 2630 1125 pignera
2667 1059 2859 1126 prefati
2900 1061 3159 1132 martyris
3182 1062 3481 1118 honoriﬁce

1909 1142 2089 1197 levare
2128 1151 2289 1212 atque
2353 1158 2523 1214 usque
2581 1147 2649 1200 ad
2698 1151 2984 1205 cenobium
3024 1151 3196 1206 sancti
3236 1152 3479 1219 Quintini

1905 1231 2172 1287 deducere
2196 1232 2383 1302 (FLoo.
2410 1249 2483 1300 tv,
2500 1234 2609 1306 16).
2636 1236 2789 1293 Hunc
2807 1240 2968 1293 etiam
2993 1240 3294 1296 Hetilonem
3315 1256 3480 1311 expe-

1907 1322 2085 1387 tic‘rat,
2120 1332 2178 1375 ut
2203 1322 2271 1375 ad
2319 1323 2492 1391 ipsum
2529 1326 2813 1379 eenobium
2835 1337 3164 1393 occurrerit,
3196 1331 3477 1387 et‘tamdiu

1906 1427 2028 1466 cum
2060 1428 2219 1468 δεδι-το
2239 1415 2594 1470 comitaretur
2637 1433 2881 1487 corpore,
2907 1421 3078 1475 donec
3113 1422 3225 1485 ipse
3247 1423 3475 1475 domnus

1906 1503 2073 1558 Fulco
2121 1506 2347 1569 veniret,
2399 1514 2455 1560 et
2501 1506 2755 1563 decenter
2780 1508 2908 1564 illud
2936 1511 3186 1581 excipere
3215 1526 3384 1580 usque
3406 1512 3473 1564 ad

1906 1595 2226 1653 Remensem
2280 1600 2485 1656 valeret
2549 1600 2737 1654 urbem
2793 1600 3080 1666 deducere,
3128 1601 3216 1656 ubi
3270 1603 3473 1657 tamdiu

1906 1699 2214 1744 servaretur
2263 1705 2567 1762 quousque,
2611 1705 2747 1761 pace
2786 1691 3017 1759 reddita,
3068 1692 3186 1746 loco
3232 1696 3471 1763 proprio,
3552 1760 3553 1763 η

217 1793 438 1838 unum,
470 1785 855 1857 episcoporum,
898 1761 1119 1860 ρξεεθη,
1161 1761 1350 1847 έάθδεε
1394 1795 1627 1859 ειιηιετη9
1656 1793 1797 1848 “una
1834 1761 1878 1821 Β
1906 1777 2073 1846 ipsius
2103 1778 2367 1835 lletilonis
2416 1761 2705 1851 parrochia
2750 1781 2855 1837 sito
2880 1783 2968 1848 ‘”,
3020 1761 3247 1838 restitui
3268 1761 3487 1854 posset.

218 1887 380 1928 causa
401 1886 653 1946 excepta,
679 1877 783 1932 nisi
806 1884 1011 1932 tantum
1035 1877 1645 1949 inﬁrmitatecorporea.
1675 1882 1802 1937 Per-

217 1980 381 2021 sonas
405 1968 574 2023 etiam
606 1971 922 2039 promissas,
953 1987 1089 2043 quas
1126 1988 1224 2045 per
1260 1974 1489 2030 alteram
1524 1977 1798 2047 signiﬁca-

217 2066 371 2112 verat
418 2058 705 2145 epistolam
730 2102 747 2127 ,
796 2065 1126 2120 commoneri
1183 2066 1440 2122 canonice
1501 2067 1695 2133 faciat,
1741 2080 1801 2125 ut

218 2156 526 2215 preparata
578 2149 648 2204 ad
697 2151 1014 2207 sollemnem
1063 2162 1263 2209 cretum
1307 2155 1682 2225 episcoporum
1711 2157 1817 2212 die'

221 2239 424 2306 pre-lixa
469 2252 533 2293 se
574 2249 826 2312 satagant
875 2251 1208 2313 presentare.
1260 2243 1393 2300 item
1431 2260 1552 2300 cum
1603 2249 1797 2302 ceteris

220 2328 553 2399 coepiscopis
574 2329 779 2386 Didone
798 2330 1160 2399 Landunensi,
1192 2333 1434 2391 lletilone
1454 2335 1794 2393 Noviomensi

220 2415 433 2471 Ricull'o
480 2418 826 2486 Suessorum,
862 2421 1189 2477 Herimando
1211 2423 1522 2489 Morinensi,
1553 2426 1798 2482 scribens

221 2510 342 2565 huic
365 2512 573 2579 presuli
612 2514 857 2571 Dodiloni
918 2516 1201 2587 signiﬁcat,
1253 2519 1353 2573 hos
1397 2518 1690 2588 premissos
1741 2518 1794 2571 in

220 2602 405 2656 urbem
438 2602 762 2662 Remensem
796 2610 1113 2664 convenisse
1144 2609 1405 2679 prcsules,
1436 2610 1503 2664 ad
1552 2618 1789 2665 tractan-

218 2691 343 2745 dum
360 2690 431 2747 de
453 2696 775 2763 pervasione
791 2697 1065 2764 Balduim,
1090 2698 1157 2754 de
1176 2714 1286 2769 quo
1307 2700 1598 2768 scripserat
1616 2699 1791 2754 eidem

222 2779 441 2846 Dodilo,
484 2784 776 2841 admonere
831 2786 998 2853 illum,
1052 2798 1111 2843 ut
1173 2788 1514 2859 resipisceret
1558 2802 1589 2842 a
1628 2802 1793 2858 pravo

220 2872 544 2930 temeritatis
572 2890 681 2930 sua:
711 2876 875 2932 fastu.
909 2877 1013 2933 Sed
1040 2879 1291 2948 quoniam
1337 2878 1478 2935 idem
1503 2878 1681 2951 presul
1709 2892 1795 2934 re-

218 2962 534 3032 scripserat,
560 2980 848 3024 occurrere
871 2983 930 3023 se
960 2969 1164 3023 eisdem
1186 2968 1493 3039 presulibus
1517 2982 1578 3025 se
1603 2969 1794 3039 ncqui-

218 3053 399 3119 visse,
467 3056 595 3125 quia
647 3073 804 3113 suum
858 3059 963 3115 iter
1018 3058 1473 3114 Nortmannorum
1526 3059 1793 3130 prerlpuit

217 3142 453 3213 gladius,
473 3160 572 3201 ceu
602 3150 668 3202 de
696 3150 969 3209 eomumni
996 3150 1303 3221 conpatitur
1325 3151 1508 3206 exitio.
1538 3152 1786 3207 Ceterum

216 3234 356 3302 quod
379 3235 613 3305 petierat
650 3238 1028 3306 deBalduino,
1060 3241 1112 3297 in
1150 3242 1251 3297 hoc
1296 3241 1595 3312 adquiescit
1621 3243 1694 3306 ei,
1730 3252 1791 3298 ut

217 3324 575 3393 admonendo,
606 3329 942 3387 exhortando
964 3341 1017 3386 et
1064 3331 1393 3402 increpando
1440 3333 1627 3388 sedulo
1661 3349 1786 3389 eum

216 3412 493 3483 corripiat,
524 3425 583 3470 ut
611 3433 642 3472 a
680 3434 777 3481 sua
806 3420 1109 3491 corrigatur
1134 3422 1425 3491 pravitate,
1474 3423 1687 3478 divinas
1734 3424 1785 3479 ei

216 3516 520 3571 proponens
569 3517 880 3562 sanctorum
927 3510 1225 3565 sententias
1268 3509 1507 3564 Patrum.
1554 3511 1787 3567 Litteras

217 3590 375 3646 etiam
400 3594 578 3648 eidem
604 3595 862 3652 Balduino
884 3598 950 3653 ab
974 3599 1211 3669 ipsorum
1231 3600 1606 3670 episcoporum
1633 3610 1787 3670 parte

218 3681 365 3752 dirigi
397 3683 684 3753 signiﬁcat.
726 3687 800 3742 De
824 3688 1019 3759 quibus
1046 3689 1317 3754 hortatur,
1349 3701 1405 3744 ut
1429 3691 1475 3745 si
1519 3689 1685 3745 fuerit
1729 3692 1783 3747 in

217 3787 460 3841 presens,
488 3776 540 3830 ei
589 3778 920 3847 recitentur;
951 3781 996 3835 si
1042 3782 1237 3837 absens
1267 3781 1454 3847 fuerit,
1494 3796 1592 3853 per
1628 3798 1783 3838 suum

215 3864 652 3922 archidiaconum
680 3869 783 3939 ipsi
813 3872 1163 3938 transmittat,
1194 3874 1285 3944 qui
1312 3874 1477 3930 etiam
1512 3888 1605 3930 eas
1635 3873 1783 3930 illum

214 3952 513 4024 intelligere
555 3956 739 4012 faciat.
781 3959 933 4027 Quod
980 3962 1026 4017 si
1072 3970 1130 4017 et
1176 3979 1299 4019 eum
1347 3965 1437 4021 ille
1485 3967 1788 4036 nequiverit

213 4044 383 4113 adire,
416 4046 625 4103 litteras
653 4048 770 4119 ipse
796 4051 1008 4120 publice
1037 4067 1218 4107 coram
1257 4070 1318 4111 se
1370 4056 1474 4123 legi
1517 4058 1683 4112 faciat
1727 4058 1783 4113 in

219 4129 336 4188 loco
365 4134 458 4188 ubi
488 4135 781 4193 Balduinus
802 4138 1112 4210 religionem
1155 4144 1414 4213 pervasit,
1444 4154 1495 4200 et
1527 4147 1784 4218 deinceps

212 4222 311 4277 nisi
348 4224 657 4294 resipuerit,
687 4242 794 4281 non
816 4228 864 4281 ei
898 4228 979 4282 vel
1018 4232 1313 4288 monachus
1356 4233 1440 4289 vel
1486 4237 1803 4295 canonicos.

213 4313 292 4368 vel
309 4314 539 4384 quilibet
566 4320 670 4372 rite
697 4317 1040 4376 Christianus
1062 4321 1403 4396 adiungatur,
1438 4326 1481 4381 si
1506 4344 1611 4383 non
1643 4345 1778 4384 ana-

1902 1869 1971 1922 At
2000 1868 2187 1924 Dodilo
2219 1886 2341 1925 cum
2393 1872 2667 1929 debuisset
2714 1887 2874 1943 agere
2923 1874 3064 1944 quod
3106 1875 3413 1944 petebatur,
3440 1888 3472 1928 e

1901 1969 2115 2027 contra,
2152 1962 2426 2018 liliationis
2481 1978 2546 2019 ac
2586 1964 2943 2020 fraternitatis
2970 1967 3276 2035 posthabita
3322 1978 3472 2019 reve-

1902 2050 2099 2115 rentia,
2148 2050 2202 2106 in
2230 2052 2408 2107 medio
2433 2066 2724 2109 occurrens
2755 2055 2855 2109 via:
2879 2065 2934 2109 et
2961 2056 3027 2110 de
3072 2056 3321 2111 manibus
3344 2070 3470 2128 ges-

1900 2143 2129 2198 tantium
2165 2154 2409 2201 sanctum
2431 2147 2623 2218 pignus
2647 2147 2942 2217 abripiens,
2966 2150 3106 2218 apud
3128 2163 3186 2205 se
3208 2149 3467 2219 reposuit,

1898 2234 2081 2290 dicens
2110 2249 2215 2290 non
2244 2235 2373 2289 illud
2392 2250 2452 2291 se
2493 2237 3129 2307 cuiquamredditurum,
3158 2240 3261 2295 nisi
3290 2241 3466 2295 eidem

1899 2325 2130 2381 lletiloni
2184 2327 2236 2381 in
2288 2326 2443 2397 cujus
2507 2329 2892 2384 dinoscebatur
2939 2330 3105 2387 fuisse
3176 2334 3467 2402 parrochia

1898 2418 2227 2488 depositum;
2276 2426 2331 2473 et
2384 2420 2487 2474 hoc
2517 2421 2689 2490 ipsum
2718 2436 2869 2475 nova:
2900 2420 3109 2477 fraudis
3144 2433 3462 2494 argumento

1898 2508 2149 2578 gessisse,
2195 2522 2302 2576 quo
2356 2508 2559 2563 valeret
2586 2508 2854 2579 prefatum
2884 2521 3080 2580 corpus
3110 2526 3324 2566 sacrum
3353 2505 3469 2566 cui-

1896 2587 2016 2651 dam
2049 2596 2325 2653 Hucboldo
2349 2597 2533 2654 comiti
2560 2599 2792 2655 tradere.
2836 2598 3099 2667 Quocirca
3130 2601 3288 2671 petiit
3316 2601 3463 2656 hunc

1896 2686 2223 2752 lletilonem,
2281 2696 2340 2740 ut
2394 2687 2620 2743 missum
2670 2702 2828 2743 suum
2873 2688 2943 2743 ad
2995 2703 3118 2744 eum
3163 2689 3361 2763 dirigat
3407 2700 3465 2747 et

1893 2788 2124 2848 paterno
2146 2792 2209 2833 ac
2230 2777 2471 2833 fraterno
2501 2793 2687 2835 amore
2727 2780 2904 2850 ipsum
2934 2781 3260 2853 redarguens
3289 2783 3466 2838 corri-

1893 2878 2005 2942 gat,
2037 2870 2171 2926 etin
2209 2870 2522 2925 memoriam
2570 2871 2619 2926 ei
2645 2880 2865 2927 revocet
2891 2874 3161 2942 quomodo
3187 2872 3467 2944 religionis

1893 2962 2060 3017 solius
2100 2970 2154 3018 et
2197 2961 2346 3026 ﬁdei,
2386 2975 2549 3032 quam
2594 2962 2647 3017 in
2694 2976 2760 3017 eo
2812 2961 2928 3019 fore
2951 2964 3228 3029 credebat,
3262 2963 3473 3019 intuitu

1895 3054 2043 3109 illum
2065 3053 2263 3123 absque
2282 3054 2426 3124 regis
2450 3054 2830 3125 aut'principis
2851 3054 3077 3126 alicujus
3088 3056 3464 3126 expectatione

1892 3148 1949 3202 in
1979 3146 2106 3202 sede
2139 3145 2430 3215 pontiﬁcali
2456 3146 2745 3213 locaverit;
2779 3154 3105 3217 maneatque
3134 3157 3192 3203 ut
3219 3162 3250 3203 a
3282 3157 3461 3219 coepta

1893 3239 2199 3296 temeritate
2220 3238 2410 3308 pedem
2451 3248 2683 3303 revocet,
2712 3252 2780 3292 ne
2811 3237 3012 3310 aliquid
3058 3238 3201 3294 hunc
3230 3240 3461 3295 eundem

1890 3328 2357 3397 archiepiscopum
2405 3335 2594 3382 contra
2635 3342 2713 3391 se,
2745 3328 2891 3395 quod
2930 3328 3071 3382 idem
3109 3328 3264 3395 nolit,
3302 3336 3479 3400 agere

1889 3420 2176 3491 conpellat.
2201 3420 2355 3475 llunc
2398 3434 2613 3490 quoque
2635 3427 2887 3488 precatur
2908 3418 3209 3485 Hetilonem
3238 3420 3458 3485 obnixe.

1889 3526 1957 3567 ne
1996 3510 2068 3566 illi
2111 3524 2392 3565 assensum
2440 3510 2495 3564 in
2527 3524 2586 3563 re
2614 3507 2702 3563 tali
2730 3511 2973 3579 prebeat,
3006 3510 3100 3566 sed
3125 3510 3287 3579 justze
3312 3512 3457 3582 parti

1888 3602 1943 3656 in
1962 3602 2213 3656 omnibus
2245 3601 2442 3664 faveat,
2472 3608 2527 3654 et
2562 3599 2872 3655 thesaurum
2920 3600 3170 3658 celestem
3200 3602 3456 3657 Remensi

1888 3690 2145 3749 ascclesim
2199 3704 2228 3742 a
2279 3698 2677 3759 prememorato
2744 3689 2861 3744 viro
2909 3691 3186 3756 traditum,
3242 3692 3362 3746 urbi
3392 3707 3457 3745 ac

1885 3779 2119 3835 basilica:
2148 3779 2317 3850 ipsius
2359 3779 2568 3833 restitui
2625 3793 2732 3833 non
2779 3780 2952 3835 solum
3002 3782 3337 3847 consentiat,
3360 3781 3458 3836 sed

1885 3872 2047 3927 etiam
2071 3872 2197 3926 totis
2233 3870 2437 3925 viribus
2456 3868 2725 3943 adjuvet.)
3425 3868 3433 3876 ’

1955 3965 2044 4020 64.
2071 3963 2206 4036 (62.)
2234 3963 2559 4032 Preceptum,
2587 3962 2737 4032 quod.
2752 3972 2915 4033 super
2936 3979 3017 4018 res
3037 3961 3245 4019 Sancus
3270 3962 3465 4019 Mariis

1884 4053 1948 4108 ab
1980 4051 2203 4121 Arnulfo
2231 4067 2346 4120 rege
2365 4050 2573 4119 ﬁrmari
2603 4050 2846 4105 obtinuit.
2881 4053 3123 4124 Denique
3154 4053 3455 4110 ecclesiam

1883 4158 2096 4200 summo
2142 4141 2328 4197 labore
2371 4142 2698 4211 gubernans,
2748 4132 2932 4198 multis
2978 4144 3455 4199 commoditatibus

1882 4237 2097 4292 munire
2140 4236 2402 4292 exercuit.
2453 4236 2548 4292 lllo
2578 4238 2739 4293 etiam
2789 4245 3005 4308 petente
3051 4237 3310 4291 Amulqu
3357 4252 3450 4292 rex

1880 4334 2204 4399 praeceptum
2233 4320 2595 4385 imniunitstis
2630 4322 2937 4400 'bujusmodi
2957 4337 3157 4383 sancta:
3179 4327 3270 4383 Dei
3303 4328 3454 4398 geni-

215 4406 468 4462 thematis
496 4408 711 4464 vinculo
758 4410 1022 4479 implicari
1055 4413 1304 4470 voluerit.
1338 4415 1396 4471 Si
1433 4416 1609 4473 Hetilo
1637 4434 1775 4489 quo-
1804 4433 1858 4495 D
1886 4422 2035 4478 tricis
2082 4420 2342 4479 ecclesia:
2391 4421 2651 4491 scriptum
2705 4420 3017 4477 roboravit:
3061 4437 3081 4471 ι
3126 4418 3181 4474 In
3232 4421 3469 4476 nomine

212 4509 315 4564 que
349 4497 420 4551 ad
465 4498 742 4554 civitatem
780 4500 1129 4558 Adtrabatem
1173 4508 1413 4573 venerit,
1466 4508 1654 4564 Dodilo
1701 4510 1779 4567 illi

212 4595 457 4639 occurrat
499 4595 557 4639 ut
580 4588 645 4643 de
675 4588 777 4642 hac
799 4604 859 4644 re
887 4591 1030 4660 quod
1074 4594 1338 4662 agendum
1392 4605 1477 4651 est
1519 4599 1780 4654 caimnice

211 4690 467 4747 peragere
496 4681 727 4748 possint,
764 4688 821 4735 et
846 4682 1100 4751 quicquid
1128 4684 1252 4739 inde
1295 4685 1542 4753 fecerint,
1583 4688 1781 4745 litteris

213 4764 309 4819 sibi
351 4765 640 4835 signiticet.
673 4768 910 4825 Hetiloni
954 4771 1152 4841 presuli
1200 4773 1395 4832 litteris
1437 4780 1674 4847 mandat,
1721 4790 1780 4837 ut

212 4856 581 4927 proﬁciscatur
624 4875 749 4915 cum
798 4860 1046 4917 ﬁdelibus
1111 4864 1251 4936 regis
1293 4867 1360 4921 ad
1420 4868 1731 4925 Atrebatem
1759 4909 1777 4937 ,

216 4958 373 5014 agens
398 4961 498 5015 pro
521 4963 700 5018 posse,
728 4948 873 5020 quod
921 4951 973 5005 in
1012 4951 1120 5009 alio
1147 4954 1348 5025 scripto
1377 4960 1778 5025 agendum'sibi

218 5037 443 5104 repperit
458 5038 846 5109 signiﬁcatum.
879 5040 1008 5097 Item
1054 5057 1155 5114 pro
1187 5044 1296 5112 his,
1317 5059 1437 5117 qua:
1458 5064 1488 5102 a
1523 5049 1780 5107 Dodilone

753 5134 1175 5160 ιιαίηυΑ-ιξαηιισδσι
1217 5154 1459 5160 ο---..4-,-
1518 5157 1539 5160 _
1728 5145 1741 5160 I

216 5125 580 5160 PMan-nano:
604 5148 667 5160 ..Α
676 5134 817 5160 ιιι-ι...
826 5143 840 5160 ι
849 5150 912 5160 η..
926 5136 1008 5160 -..ζ

1883 4513 2098 4569 Domini
2139 4512 2307 4570 nostri
2337 4521 2393 4570 et
2438 4511 2724 4569 salvatoris
2766 4510 2891 4567 Jesu
2920 4510 3144 4576 Christi,
3190 4509 3461 4566 Arnulfus‘

1884 4605 2064 4661 divina
2113 4605 2286 4676 gratia
2337 4619 2453 4660 rex.
2507 4603 2640 4660 Cum
2665 4603 3012 4674 petitionibus
3040 4614 3319 4658 servorum
3353 4600 3450 4657 Dei

1882 4698 2045 4770 justis
2075 4707 2129 4754 et
2158 4697 2568 4754 rationabilibus
2587 4695 2756 4752 divini
2777 4696 2953 4751 cultus
2980 4710 3162 4750 amore
3181 4695 3451 4760 favemus,

1885 4804 2118 4861 superna
2169 4788 2344 4858 gratia
2381 4803 2480 4845 nos
2526 4787 2727 4843 muniri
2759 4800 2866 4841 non
2885 4783 3190 4842 difﬁdimus.
3215 4783 3454 4840 Proinde
3510 4808 3511 4811 η

1884 4880 2093 4936 noverit
2146 4880 2414 4935 industria
2459 4894 2554 4936 seu
2602 4879 2873 4950 sagacitas
2918 4876 3158 4931 oninium
3208 4876 3450 4930 ﬁdelium

1879 4978 2213 5036 nostrorum,
2276 4979 2385 5027 tam
2436 4972 2769 5042 presentium
2815 4986 2977 5042 quam
3026 4978 3082 5027 et
3119 4969 3449 5030 futurorum,

1880 5063 2006 5133 quia
2030 5062 2114 5116 vir
2141 5059 2464 5117 venerabilis
2489 5061 2699 5130 Dodilo,
2725 5061 3131 5118 Cameracensis
3160 5058 3307 5113 urbis
3338 5052 3456 5124 epi;
