4052 5358
594 304 662 359 67
1545 345 1554 356 ι
1577 311 1800 368 GESTA
1848 310 2150 374 PONTIFIC

2252 311 2260 366 Ι
2299 311 2908 376 ,ΟᾹΜΕΒᾹΟΕΝΞΙΗΜ

3779 325 3861 383 68

592 451 967 498 antecessores
994 442 1166 498 nostri
1199 421 1351 514 reges
1379 443 1777 500 denominatam
1817 447 2022 511 sedem,
2047 461 2167 517 quae
2194 455 2241 512 Α
2271 443 2440 498 beata:
2487 447 2760 501 memoria:
2789 451 2793 456 '
2832 448 3263 504 antecessoribus
3322 448 3524 504 nostris
3583 452 3858 521 prcdictmr

596 540 681 588 est
711 533 762 587 in
814 533 1019 589 honore
1065 541 1264 588 sanctae
1287 533 1378 588 Dei
1405 535 1682 605 genitricis
1713 535 1893 590 Maria:
1922 552 2167 607 semper-

589 639 697 696 que
744 625 1010 695 virginis,
1059 626 1128 680 ob
1164 641 1402 681 amorem
1451 626 1544 680 Dei
1587 634 1654 681 et
1714 627 2164 696 tranquillitatem

589 713 818 770 fratrum
851 715 1047 770 ibidem
1076 716 1500 778 consiStentium,
1527 731 1741 787 semper
1779 718 1878 772 sub
1921 717 2168 786 plenissi-

588 823 672 861 ma
706 807 932 862 tuitione
977 818 1032 862 et
1073 808 1431 863 immanitatis
1456 807 1772 864 defensione
1818 809 2176 865 habuissent."

585 900 691 954 Pro
733 900 988 955 firmitate
1045 911 1224 954 tamen
1281 900 1360 954 rei
1401 899 1698 967 postulavit
1771 914 1871 955 nos
1921 902 2163 972 profatus

583 991 871 1060 cpiscopus
919 990 1130 1056 Dodilo,
1163 999 1221 1044 ut
1258 992 1572 1046 eorumdcm
1602 1006 1788 1061 regum
1813 993 2162 1046 auctoritates

586 1082 638 1134 in
668 1095 853 1136 amore
893 1081 986 1136 Dei
1025 1089 1080 1135 et
1126 1081 1432 1136 reverentia
1479 1090 1682 1136 sanetae
1731 1080 1827 1137 Dei
1878 1083 2162 1154 genitricis

583 1169 766 1224 Mariae
817 1179 998 1224 nostra
1035 1170 1358 1225 auctoritate
1386 1170 1856 1226 contirmaremus.
1894 1173 2045 1240 Quod
2083 1173 2158 1226 ita

583 1275 680 1328 per
705 1259 1061 1314 interventum
1095 1259 1420 1314 venerabilis
1444 1261 1680 1330 episcopi
1711 1263 1880 1317 nostri
1909 1263 2172 1318 Salomo-'

581 1352 667 1406 nis
697 1351 1400 1422 libentcradquievitnus,et
1426 1351 1497 1406 ita
1524 1352 1576 1406 iu
1607 1353 1857 1408 omnibus
1880 1355 2168 1409 concessi-'

578 1458 700 1497 mus
723 1452 884 1513 atque
940 1458 1036 1513 per
1082 1445 1187 1498 hoc
1219 1453 1535 1514 preceptuni
1587 1457 1786 1500 nostra:
1819 1448 2156 1500 auctoritatis

578 1535 975 1590 roboravimus.
1027 1533 1396 1605 Precipieutes
1419 1550 1550 1604 ergo
1593 1535 1866 1606 jubemus,
1897 1537 2153 1592 utnullus

572 1625 738 1695 judex
768 1626 1014 1696 publicus
1071 1625 1154 1681 vel
1205 1625 1460 1696 quislibet
1481 1642 1546 1680 ex
1573 1625 1858 1694 judiciaria
1887 1637 2155 1698 potestate

579 1717 633 1770 in
658 1716 930 1772 tecclesias
959 1725 1053 1770 aut
1094 1715 1213 1771 loca
1251 1715 1334 1770 vel
1362 1731 1522 1786 agros
1551 1732 1644 1772 seu
1677 1717 1915 1788 reliquas
1938 1733 2149 1788 posscs-

2269 533 2526 588 :ecclesiaa
2549 535 2808 591 collatum
2845 545 3007 606 atque
3043 538 3314 594 firmatum
3343 551 3471 607 ,est,
3509 542 3583 598 ita
3605 552 3660 600 et
3689 547 3862 603 dein-.

2268 637 2396 692 ceps
2442 623 2822 681 inviolabiliter
2863 638 3235 683 conservetur.
3284 631 3349 685 Et
3390 643 3450 685 ut
3487 633 3602 689 haec
3650 647 3862 692 nostra.

2266 712 2561 767 auctoritas
2583 729 2614 768 a
2645 713 2894 770 ﬁdelibus
2926 726 3126 773 sancte
3154 718 3246 774 Dei
3274 721 3531 781 :ccclcsitc
3560 733 3622 786 et,
3640 727 3854 782 nostris

2267 801 2448 854 verius
2475 804 2798 874 certiusque
2845 804 3119 873 credatur,
3164 823 3324 862 manu
3388 813 3602 880 propria
3653 815 3858 876 subter.

2265 907 2381 946 cant
2417 894 2770 961 ﬁrmavimus,
2800 909 2854 952 et
2877 899 3038 954 anulo
3072 908 3256 956 nostro
3275 899 3536 968 jussimus
3566 903 3841 974 insigniri.

2265 982 2691 1054 Signumdomni
2717 989 2924 1043 Amulli
2953 991 3293 1048 invictissimi
3327 996 3488 1063 regis.
3521 996 3845 1069 Wicbingus

2263 1077 2621 1132 c.1ticcllarius
2679 1079 2745 1133 ad
2814 1081 2986 1136 vicem
3059 1083 3368 1139 Theotmari
3418 1087 3839 1156 archicapellani

2264 1169 2570 1237 recognovi.
2619 1168 2754 1222 Data
2818 1170 2872 1224 8.
2925 1172 3050 1227 ldus
3093 1171 3236 1228 Junii
3269 1190 3414 1231 anno
3446 1177 3842 1235 incarnationis

2261 1251 2473 1309 Domini
2499 1257 2625 1314 89.4.
2662 1257 2955 1318 indictione
2986 1263 3072 1316 12.
3117 1280 3259 1320 anno
3310 1267 3362 1320 7.
3414 1268 3595 1323 domui
3627 1270 3846 1324 Amulli.

2260 1345 2489 1412 piissimi
2539 1349 2696 1417 regis.
2751 1351 2945 1406 Actum
3014 1353 3332 1412 Wormatitc
3368 1358 3421 1412 in
3464 1360 3556 1414 Dei
3615 1363 3840 1416 nomine

2258 1435 2510 1493 filiciter.
2541 1441 2817 1498 Amen‘".
2847 1463 2878 1495 ι.
2929 1489 2933 1492 λ

2337 1525 2449 1598 [65.
2477 1528 2615 1600 (65.)
2655 1529 3046 1588 Consecrationi
3082 1535 3292 1590 llcrivei
3345 1537 3624 1594 Remorum
3657 1543 3842 1597 archi-

2256 1617 2480 1686 episcopi
2509 1619 2744 1688 iatcrfuit
2800 1621 3008 1691 (FLOD.,
3048 1640 3140 1688 tv,
3191 1627 3301 1695 ll).
3357 1625 3455 1682 llic
3503 1629 3834 1686 ordinatioui

2258 1704 2472 1762 llerivei
2518 1709 2909 1781 archiepiscopi
2947 1729 3069 1767 cum
3111 1716 3308 1770 ceteris
3337 1717 3598 1782 interluit,
3621 1721 3840 1775 scilicet

577 1805 758 1860 siones
786 1807 1043 1876 prodicta:
1071 1806 1346 1872 tccclesize,
1373 1822 1510 1876 quas
1549 1808 1808 1862 moderno
1830 1818 2068 1878 tempore
2097 1826 2148 1863 in

2261 1793 2470 1852 lliculfo
2512 1795 2834 1853 Suessorum
2877 1801 3156 1872 episcopo,
3204 1803 3426 1874 Otgario
3453 1807 3831 1875 Ambianensi,

575 1897 904 1966 quibuslibet
930 1898 1083 1969 pagis
1105 1899 1189 1953 vel
1211 1898 1503 1953 territoriis
1529 1898 1666 1953 infra
1690 1900 1950 1954 ditionem
1983 1902 2151 1970 impe-

575 1989 640 2042 rii
665 1989 832 2043 nostri
853 1989 1000 2060 juste
1019 1998 1074 2045 et.
1103 1989 1346 2060 legaliter
1375 1999 1671 2045 memorata
1708 1999 1855 2046 tenet
1877 1992 1956 2045 vel
1983 1993 2151 2062 passi-

572 2078 663 2132 det
692 2081 958 2144 accelesia‘,
1001 2080 1084 2134 vel
1114 2095 1178 2134 ea
1208 2096 1324 2150 qum
1376 2081 1630 2152 deinceps
1657 2096 1686 2136 a
1717 2083 1998 2139 catholicis
2017 2085 2150 2140 viris

569 2167 745 2222 eidem
783 2169 978 2224 collata
1008 2169 1208 2225 fuerint
1229 2170 1507 2236 mcclesim,
1534 2173 1601 2226 ad
1631 2187 1826 2228 causas
1855 2174 2149 2245 exigendas

569 2275 663 2318 aut
687 2261 836 2316 Deda
896 2262 980 2318 vel
1028 2264 1334 2319 mansiones
1363 2263 1443 2317 vel
1483 2272 1706 2334 paratas
1735 2262 2026 2330 faciendas,
2055 2275 2148 2321 aut

571 2355 918 2425 lidejussores
963 2356 1250 2421 tollendos,
1284 2364 1379 2410 aut
1405 2355 1656 2410 homines
1684 2355 1854 2427 ipsius
1887 2356 2148 2412 mcclesiae

569 2455 679 2501 tam
733 2447 996 2518 ingenuos
1046 2461 1207 2517 quam
1250 2461 1438 2504 servos
1511 2462 1677 2518 super
1731 2456 1934 2503 terram
1978 2450 2147 2519 ipsius

564 2527 971 2595 commanentes
1015 2551 1356 2608 nequaquam
1411 2537 1832 2606 distringendos,
1874 2539 1958 2594 vel
2007 2539 2147 2594 ullas

573 2628 930 2682 redibitiones
975 2637 1067 2682 aut
1113 2629 1348 2684 inlicitas
1393 2629 1709 2683 occasiones
1759 2628 2144 2697 requirendus,

568 2720 767 2772 nostris
791 2729 844 2773 et
879 2720 1076 2774 futuris
1108 2720 1440 2790 temporibus
1471 2720 1677 2792 ingredi
1711 2720 1932 2784 audeat,
1959 2720 2040 2775 vel
2080 2735 2143 2776 ea

565 2797 686 2880 quae
712 2825 872 2880 supra
901 2821 1200 2866 memorata
1222 2821 1348 2866 sunt
1378 2812 1590 2881 penitus
1611 2813 1826 2883 exigere
1848 2821 2140 2880 prcsumat.

567 2902 674 2957 Sed
706 2903 867 2958 liceat
915 2911 1215 2960 memorato
1251 2902 1448 2972 presuli
1481 2904 1699 2973 suisque
1743 2903 2144 2960 successoribus

569 3011 655 3052 res
681 2997 933 3067 prodicta}
961 2997 1224 3052 mcclesia:
1252 3012 1373 3051 eum
1400 2996 1606 3052 cellulis
1637 3006 1692 3052 et
1742 2998 1903 3052 rebus
1931 2995 2014 3050 vel
2049 2997 2156 3050 ho-'

567 3089 805 3144 minibus
855 3087 957 3142 sibi
1009 3087 1258 3158 legaliter
1319 3088 1576 3158 subjectis
1637 3087 1737 3143 sub
1806 3087 2143 3142 inmunitatis

566 3189 763 3235 nostra:
803 3178 1117 3235 defensione
1137 3179 1320 3250 quieto
1349 3179 1540 3235 ordine
1561 3178 1858 3249 possidere,
1881 3187 1933 3233 et
1958 3187 2143 3233 nostro

565 3273 800 3341 ﬁdeliter
823 3289 1015 3342 parere
1048 3273 1293 3344 imperio,
1320 3281 1482 3343 atque
1508 3289 1608 3344 pro
1633 3273 1928 3328 stabilitate
1959 3282 2141 3328 nostra

565 3364 650 3420 vel
675 3367 842 3422 totius
861 3366 1071 3437 imperii
1094 3381 1123 3419 a
1154 3366 1263 3420 Deo
1284 3365 1441 3420 nobis
1468 3365 1648 3420 collati
1678 3366 1756 3421 vel
1783 3354 2155 3421 conservandi

564 3475 668 3513 una
707 3474 831 3513 cum
881 3459 1026 3514 clero
1067 3467 1122 3513 et
1177 3457 1376 3528 populo
1418 3458 1519 3513 sibi
1559 3457 1802 3526 subjecto
1845 3459 2016 3513 libere
2047 3449 2153 3513 Dei

564 3548 988 3604 miscricordiam
1038 3562 1287 3604 exorare.
1345 3546 1412 3601 Et
1452 3546 1711 3616 quidquid
1759 3547 1954 3601 exinde
1981 3546 2142 3602 fiscus

563 3626 752 3694 noster
788 3641 1006 3711 exigere
1034 3647 1267 3709 poterat,
1293 3639 1345 3692 in
1378 3639 1731 3692 luminaribus
1755 3639 1924 3708 ipsius
1954 3640 2142 3693 mccle-

564 3732 659 3786 sia:
713 3731 1084 3785 concinnanda
1142 3731 1528 3800 perpetualiter
1565 3731 1931 3784 concessimus
1992 3731 2142 3784 adhi~

567 3822 802 3874 beudum
829 3820 916 3872 ποθ.
947 3819 1201 3874 Pretcrca
1243 3820 1642 3883 constituimus,
1684 3835 1753 3875 ne
1783 3822 1905 3890 quis
1929 3822 2034 3874 dux
2060 3822 2139 3876 vel

563 3924 753 3964 comes
797 3918 960 3980 atque
1010 3910 1268 3976 vicarius,
1327 3925 1420 3964 seu
1450 3910 1706 3978 quislibet
1734 3925 1798 3964 ex
1849 3909 2152 3978 judiciaria

567 4012 834 4073 potestate
848 4012 1086 4058 nostram
1103 4003 1184 4057 vel
1205 4011 1606 4058 antecessorum
1630 4010 1938 4058 nostrorum
1952 4019 2138 4073 regum

566 4097 950 4152 auctoritatem
970 4096 1036 4128 ¹⁰⁸
1071 4084 1277 4151 violare
1305 4104 1604 4165 prcsumat.
1661 4094 1817 4161 Quod
1849 4095 1892 4150 si
1930 4091 2150 4161 fecerit,‘

565 4189 746 4245 causis
794 4189 1064 4260 regalibus
1099 4189 1172 4243 sit
1230 4188 1522 4254 obnoxius,
1571 4196 1627 4243 et
1682 4187 1900 4258 insuper
1956 4185 2141 4243 solidis

565 4280 670 4349 600
695 4282 977 4352 culpabilis
1009 4281 1314 4350 judicetur;
1349 4279 1601 4335 videlicet
1635 4289 1693 4334 ut
1717 4279 1835 4333 dua:
1879 4288 2059 4350 partes
2085 4280 2139 4334 in

564 4372 844 4427 arcbivum
896 4371 1064 4442 ipsius
1109 4370 1367 4427 tecclesia:
1419 4369 1793 4434 admittantur,
1841 4376 1894 4423 et
1925 4368 2138 4423 tertiam

2253 1883 2528 1942 Nantioue
2566 1887 2971 1958 Catalauneusi,
3003 1892 3234 1949 Rodull‘o
3265 1896 3632 1964 Laudunensi,
3662 1898 3838 1954 Otfri-

2253 1973 2320 2029 do
2344 1975 2752 2044 Silvanectensi,
2797 1983 3102 2052 ceterisque
3127 1985 3466 2050 diocesaneis
3493 2003 3844 2046 consensum

2252 2066 2602 2134 prebentibus
2651 2078 2710 2125 et
2755 2070 3035 2131 decretum
3064 2074 3224 2144 hujus
3248 2079 3610 2145 ordinationis
3639 2095 3834 2136 corro-

2256 2156 2593 2214 borantibus.
2658 2160 2838 2233 [(64.)
2887 2164 2986 2220 llic
3041 2179 3221 2223 autem
3272 2174 3567 2229 exstructis
3628 2175 3832 2238 muris,

2250 2248 2428 2303 menia
2471 2250 2620 2305 urbis
2653 2252 2705 2306 in
2753 2261 2959 2309 tantum
2994 2258 3295 2329 ampliaiit,
3347 2272 3406 2315 ut
3437 2265 3826 2318 monasterium

2249 2339 2423 2396 sancti
2451 2340 2723 2408 Autberti,
2767 2347 2912 2414 quod
2962 2357 3116 2402 extra
3163 2359 3302 2415 erat,
3346 2352 3486 2406 infra
3543 2363 3826 2408 murorum

2247 2430 2508 2486 ambitum
2544 2434 2842 2491 cohiberet.
2886 2437 3272 2496 Monasteriqu
3324 2443 3487 2498 etiam
3539 2446 3628 2500 Dei
3661 2447 3828 2516 geni-

2251 2521 2401 2577 tricis
2421 2521 2604 2578 Maria:
2615 2525 2938 2582 aediﬁcatum
2963 2529 3218 2585 Kalendis
3237 2532 3460 2601 Augusti
3489 2536 3830 2599 sollemniter

2247 2613 2608 2678 consecravit,
2654 2615 2995 2686 tabulamque
3052 2619 3239 2674 altaris
3288 2630 3619 2691 argenteam,
3658 2641 3834 2693 quam

2249 2702 2449 2756 nostris
2502 2703 2698 2759 diebus
2757 2707 3011 2774 vidimus,
3079 2710 3436 2780 sciphumque
3480 2723 3826 2786 argenteum,

2247 2805 2408 2860 quem
2453 2793 2644 2850 diebus
2683 2795 2837 2852 festis
2885 2800 3293 2857 subdiaconi'in
3325 2805 3576 2861 manibus
3613 2807 3832 2876 ferunt,

2247 2884 2472 2942 calicem
2521 2904 2756 2959 quoque,
2790 2907 2912 2946 cum
2963 2893 3082 2949 aliis
3111 2910 3327 2966 quoque
3351 2903 3688 2957 ornamentis
3717 2920 3830 2958 ως-

2247 2978 2426 3036 elesite
2438 2979 2584 3036 fecit.
2601 2981 2984 3047 Monasterium
2996 2988 3158 3041 etiam
3178 2988 3726 3050 Laubienseadbibito
3741 3010 3825 3050 se-

2247 3084 2368 3126 cum
2384 3070 2656 3142 Stephano
2675 3075 3266 3152 Leodeccnsicpiscopo
3290 3086 3632 3140 consecravit
3646 3086 3822 3157 (150).

2248 3163 2348 3230 Qui
2381 3164 2527 3219 inter
2567 3166 2682 3221 huic
2731 3180 2905 3223 morte
2951 3182 3264 3238 proventus,
3313 3174 3457 3229 diem
3512 3175 3728 3241 clausit,
3766 3179 3829 3232 in

2248 3255 2475 3326 ipsoque
2505 3267 2710 3313 sancta:
2736 3257 2917 3315 Mat-ite
2939 3267 3292 3320 -ntonasterio
3309 3266 3375 3320 ad
3401 3269 3822 3336 septemtriona-

2246 3347 2351 3402 lem
2381 3349 2590 3421 plagam
2621 3353 2864 3422 sepultus
2884 3363 2988 3410 est.

2269 3468 2272 3475 ι
2315 3441 2404 3496 66.
2437 3441 2574 3512 (65.)
2613 3443 2913 3514 Stephanus
2968 3449 3224 3516 sequitur,
3271 3453 3360 3521 qui
3392 3454 3444 3506 in
3474 3455 3660 3508 sinodo
3699 3473 3823 3510 cum

2246 3532 2404 3586 Isaac
2433 3538 2621 3590 comite
2651 3553 2828 3591 coram
2875 3541 3268 3612 archiepiscopo
3295 3556 3536 3613 pacatur.
3571 3547 3826 3602 Dodiloui

2245 3628 2505 3682 successit
2533 3627 2842 3699 Stephanus
2881 3633 2931 3686 in
2958 3635 3138 3689 sedem
3171 3638 3560 3705 pontiﬁcalem,
3593 3640 3679 3692 vir
3708 3649 3816 3693 tam

2243 3719 2643 3777 wcclcsiasticis
2675 3739 2836 3792 quam
2860 3726 3198 3782 sccular'rbus
3231 3730 3526 3800 disciplinis
3553 3732 3824 3787 sulIieicn-

2246 3809 2329 3864 ter
2357 3811 2672 3878 instructus,
2703 3817 2793 3884 qui
2841 3830 2928 3872 res
2975 3819 3215 3888 ejusdem
3245 3822 3387 3877 sedis
3416 3823 3673 3877 arcclesia:
3704 3839 3821 3876 am-

2243 3904 2494 3972 plioravit
2533 3915 2586 3962 et
2615 3910 2886 3978 preceptis
2913 3911 3074 3978 regiis
3103 3911 3462 3967 continuavit.
3501 3913 3713 3986 [(‘FLoo.
3743 3929 3818 3975 tv.

2245 3997 2356 4067 l9.)
2405 3996 2504 4051 Hic
2569 3999 2817 4052 interfuit
2887 4001 3076 4055 sinodo
3136 4017 3296 4071 quam
3354 4003 3542 4056 habuit
3597 4003 3824 4058 Sculfus

2243 4087 2534 4142 Remorum
2583 4090 3044 4159 archiepiscomts,
3115 4107 3403 4148 successor
3461 4092 3700 4170 llerivei,
3758 4095 3812 4148 in

2241 4182 2367 4235 villa
2409 4182 2689 4252 Troslegio
2737 4185 2848 4252 (an.
2892 4184 3042 4254 9‘24).
3075 4184 3208 4238 (lum
3237 4186 3502 4255 episcopis
3536 4186 3822 4239 ltemeusis

2245 4274 2521 4329 dioccscos
2555 4274 2760 4329 all‘uere
2814 4277 3052 4330 nonnulli
3101 4292 3316 4347 quoque
3353 4279 3599 4333 comites.
3634 4278 3689 4333 In
3713 4293 3819 4348 qua

2242 4378 2296 4422 et
2334 4368 2482 4422 Isaac
2511 4383 2694 4424 comes
2735 4368 2802 4421 ad
2817 4368 3244 4422 satisfactionem
3262 4370 3429 4429 venit,
3455 4386 3552 4439 pro
3585 4371 3668 4425 his
3699 4385 3822 4439 qua:

567 4461 730 4518 fiscus
782 4463 976 4532 regalis
1024 4472 1211 4519 noster
1256 4461 1501 4530 recipiat,
1553 4470 1611 4515 ut
1649 4459 1825 4514 nullus
1862 4459 1967 4513 tale
2012 4459 2140 4528 quid
2171 4453 2412 4528 Dprave
2464 4468 2874 4530 perpetraverat
2916 4460 3177 4512 adversus
3228 4459 3526 4513 aecclesiam
3557 4460 3822 4514 Camara-

567 4553 764 4608 audere
788 4554 855 4586 ¹⁰⁶
890 4555 1144 4624 deinceps
1187 4560 1482 4624 prcsumat.
1540 4551 1689 4618 Quod
1742 4553 1814 4606 ita
1840 4561 1894 4607 et
1923 4566 2021 4606 nos
2048 4566 2143 4620 per

567 4646 708 4701 hanc
735 4656 975 4704 nostram
1003 4650 1380 4706 auctoritatem
1408 4643 1814 4716 conlirinautus,
1842 4658 1902 4704 ut
1940 4650 2082 4706 sicut
2109 4664 2139 4704 a

916 4741 941 4758 ο

2249 4561 2486 4614 censcm,
2560 4549 2828 4618 quoddam
2901 4547 3179 4602 castellum
3233 4550 3517 4620 Stephani,
3591 4553 3824 4621 presulis

2249 4641 2486 4711 ejusdem
2535 4643 2701 4706 urbis,
2766 4641 2948 4695 dolosa
3015 4642 3460 4711 comprehensum
3502 4644 3823 4714 pcrvasione

1799 4805 2034 4860 VARIJS
2065 4800 2469 4862 LECTIONES.

675 4939 746 4972 ⁸⁸⁸
796 4956 846 4995 c.
888 4941 953 4994 ad
994 4941 1299 4997 habendum
1345 4943 1528 4996 charta
1580 4941 1850 5012 originalis
1908 4959 2065 5012 quam
2131 4917 2262 5014 vidit
2313 4937 2460 4993 Colv.

675 5021 744 5063 rat
803 5012 856 5064 in
912 5012 1094 5064 charta
1140 5012 1384 5064 oriainali
1439 5023 1565 5064 teste
1619 5011 1762 5064 Colv.
1876 5013 1944 5043 ¹⁰⁸
1990 5013 2173 5064 videre
2202 5012 2257 5064 l.
2312 5009 2366 5063 5.

1990 5027 2173 5067 viuere
2202 5027 2226 5064 1
2239 5045 2257 5064 ο
2312 5027 2366 5063 ο.

567 4997 744 5065 δειναί
803 5012 856 5065 in
907 5012 1094 5082 {horta
1140 5012 1384 5082 originali
1439 5023 1565 5066 teste
1619 4997 1762 5066 εόιυ.

2567 4938 2659 5010 ¹⁰⁸λ
2683 4939 2818 4994 hanc
2885 4957 3052 4995 rocen:
3109 4952 3291 4994 auctor
3343 4941 3451 5010 ipse
3509 4941 3820 5006 adscripsit:

2490 5009 2555 5042 ¹⁰⁷
2623 5007 2746 5062 Post
2794 5011 2928 5064 hanc
2998 5029 3169 5064 rorem
3218 5007 3400 5065 auctor
3458 5013 3564 5079 ipse
3612 5011 3821 5078 signant

521 5119 534 5146 ,
567 5083 739 5156 posuit
807 5073 996 5158 ςςνί-ν,
1051 5092 1098 5136 et
1138 5084 1190 5135 in
1220 5073 1472 5160 :scedula.
1513 5094 1732 5147 assuta,
1793 5082 1972 5162 eodem
2027 5084 2176 5163 signo
2223 5081 2478 5164 repetito,
2541 5081 2744 5148 scripsit
2797 5085 2948 5164 reroa
2997 5095 3016 5131 .'
3061 5081 3157 5164 llic
3203 5091 3380 5162 autem
3429 5073 3824 5164 cistruct'isn-r-
