4052 5358
288 271 362 326 σε)
1691 269 1862 327 UBE]

1965 273 2207 330 mnus.
2591 249 2598 255 ’
3483 278 3566 357 7o_

286 379 650 435 succendens.
683 378 787 434 Pro
817 392 924 449 quo
953 376 1191 432 taeiuore
1213 378 1504 432 vadatusin
1530 378 1630 433 hac
1654 379 1864 440 sinodo,
1901 386 1943 441 Α
1975 397 2080 449 que
2145 397 2328 445 sexus,
2399 396 2523 436 cum
2569 383 2731 439 terris
2799 383 2956 441 cultis
3000 395 3054 443 et
3101 387 3333 451 incultis,
3360 392 3556 459 pratis,

283 479 511 524 centum
549 469 701 522 libris
727 469 934 538 argenti
965 477 1188 538 pacatur
1216 483 1337 521 cum
1368 467 1578 534 prefato
1600 468 1874 537 Stephano

279 561 569 631 episcopo,
601 571 876 630 satagente
929 559 1213 614 lleriberto
1241 568 1293 614 ct
1349 559 1469 614 aliis
1502 560 1596 629 qui
1645 560 1873 616 aderant

283 649 528 706 antite
559 651 897 724 comitibus]

354 743 448 798 67.
489 742 634 814 (66.)
676 741 852 813 Hujus
900 743 1106 796 obtentu
1173 739 1404 794 Karolm
1458 756 1550 794 rex
1577 757 1734 810 super
1764 757 1874 809 prec

283 834 487 888 bendas
545 834 778 901 fratrum
829 832 1036 886 Sam-tte
1069 831 1259 885 Hariw
1306 831 1441 884 hanc
1491 831 1870 884 immunitatem

279 927 631 980 restauravit.
673 925 789 980 Hoc
831 927 992 980 etiam
1032 933 1270 995 petente,
1317 922 1550 977 Karolus
1586 937 1678 976 rex
1709 936 1875 991 super

280 1017 592 1087 prehendas
629 1015 858 1070 fratrum
904 1025 1106 1070 sancta:
1153 1015 1246 1069 Dei
1290 1014 1571 1085 genitricis
1615 1011 1873 1067 :ecclesia:

281 1117 627 1178 preceptum,
651 1106 795 1176 quod
833 1105 1122 1176 deﬂagrata
1152 1106 1371 1160 civitate
1409 1105 1668 1175 perierat,
1713 1117 1872 1157 reno-

283 1199 430 1252 vavit
480 1198 585 1252 hoc
627 1197 788 1251 modo
818 1215 831 1250 ε
865 1215 884 1247 ι
921 1196 976 1250 1η
1011 1197 1228 1251 nomine
1264 1205 1470 1251 sancta:
1496 1205 1549 1249 et
1581 1194 1873 1249 individme

281 1286 573 1342 Trinitatis
602 1286 832 1342 Karolus
877 1287 1060 1340 divina
1112 1287 1441 1358 propitiante
1466 1285 1749 1340 clementia
1777 1301 1869 1339 rex

281 1375 648 1440 Francorum,
696 1375 781 1428 vir
840 1373 1086 1429 illustris.
1131 1375 1393 1442 Quotiens
1423 1373 1747 1429 utilitatibus
1773 1389 1872 1428 :ec-

282 1467 574 1521 clesiarum
605 1477 662 1522 et
681 1467 981 1522 commodis
1025 1468 1136 1522 Deo
1175 1466 1508 1522 serventium
1536 1465 1870 1522 rationabili-

282 1568 364 1612 ter
392 1561 769 1628 providemus,
809 1559 910 1614 hoc
952 1558 1108 1614 nobis
1143 1568 1250 1613 tam
1299 1559 1368 1612 ad
1420 1559 1667 1628 corporis
1703 1573 1866 1628 quam

280 1653 476 1705 anima:
551 1647 815 1715 salutem,
865 1665 1138 1720 quamque.
1190 1649 1257 1704 ad
1314 1649 1664 1704 stabilitatem
1715 1648 1864 1718 regni

1974 471 2128 538 aquis
2175 487 2504 542 aquarumve
2549 474 2885 539 decursibus,
2935 477 3302 551 molendinis,j
3323 480 3560 542 camhis,’

1973 560 2144 626 silvis,
2191 571 2246 615 et
2290 564 2542 618 omnibus
2590 565 2656 619 ad
2705 581 2791 620 res
2819 567 3045 623 fratrum
3073 571 3347 639 predietas
3387 572 3551 640 perti-

1975 651 2246 719 nentibus,
2281 655 2438 709 modo
2476 663 2528 708 et
2562 657 2818 728 deinceps
2845 659 2898 713 in
2924 671 3242 731 perpetuum
3276 671 3385 716 tam
3416 678 3548 734 prec

1974 749 2156 796 sentes
2195 759 2358 812 quam
2406 756 2455 800 et
2491 745 2653 801 futuri
2685 747 2800 814 ejus
2849 748 2949 804 loci
2995 765 3338 806 successores
3364 752 3549 807 clerici

1974 837 2190 885 teneant
2228 843 2390 902 atque
2417 837 2746 902 possideant,
2775 839 3034 896 habentes
3068 849 3390 910 potestatem
3425 843 3551 912 jure

1977 930 2183 974 tantum
2209 922 2536 977 hereditario
2565 941 2631 980 ex
2657 928 2736 982 eis
2781 928 2960 985 facere
3009 930 3272 1001 quidquid
3305 949 3551 988 commn-

1974 1010 2025 1062 ni
2073 1011 2291 1065 decreto
2344 1028 2438 1081 per
2469 1017 2774 1071 unanimem
2803 1033 3124 1074 consensum
3163 1021 3309 1092 juste
3335 1023 3550 1094 delege-

1975 1100 2100 1152 rint.
2127 1100 2268 1154 Sane
2304 1102 2372 1165 si,
2408 1104 2546 1171 quod
2578 1106 2797 1161 minime
2822 1109 3168 1174 arbitramur,
3199 1111 3394 1182 aliquis
3424 1113 3550 1168 huic

1973 1199 2158 1244 nostro
2208 1191 2398 1247 obvius
2425 1195 2644 1248 decreto
2672 1195 2931 1264 quidlibet
2977 1207 3070 1253 aut
3106 1199 3360 1267 injuriam
3386 1215 3553 1270 agere

1972 1277 2123 1334 nisus
2175 1279 2363 1345 fuerit,
2411 1283 2683 1337 sexcentis
2721 1284 2904 1340 solidis
2933 1287 3212 1357 culpabilis
3254 1289 3548 1358 iudicetur,

1972 1374 2048 1428 ita
2092 1384 2153 1430 ut
2202 1376 2320 1429 dua:
2367 1377 2560 1431 horum
2606 1387 2789 1448 partes
2840 1380 3079 1450 ejusdem
3133 1382 3236 1438 loci
3288 1383 3547 1438 fratribus

1969 1465 2183 1529 cedant,
2217 1476 2272 1520 et
2321 1468 2537 1520 tertiam
2571 1467 2734 1523 ﬁscus
2774 1471 2998 1538 recipiat
3027 1471 3201 1543 regis;
3240 1483 3291 1527 et
3326 1472 3549 1544 insuper

1969 1553 2111 1622 quod
2142 1554 2324 1623 inique
2355 1553 2570 1608 molitus
2607 1567 2709 1619 est,
2757 1557 3066 1612 evindicare
3098 1559 3404 1615 nullatenus
3453 1577 3547 1614 va-

1970 1642 2097 1709 leat,
2132 1651 2191 1698 ut
2226 1660 2385 1700 nemo
2407 1645 2520 1714 jam
2551 1646 2656 1701 tale
2683 1647 2811 1714 quid
2843 1663 3107 1716 usurpare
3154 1660 3448 1717 presznnat.
3478 1649 3545 1704 Et

280 1745 445 1798 totius
469 1743 630 1797 nobis
659 1759 687 1795 a
723 1742 834 1797 Deo
877 1741 1056 1796 collati
1088 1749 1141 1796 et
1165 1740 1545 1803 conservandi,
1581 1739 1866 1809 provenire
1899 1723 1944 1785 Β
1970 1743 2028 1789 ut
2057 1735 2215 1805 hujus
2240 1736 2400 1790 edicti
2449 1738 2744 1792 auctoritas
2789 1738 3186 1793 ineluctabilem
3234 1741 3556 1808 perenniter

276 1848 436 1903 poste
495 1848 594 1903 per
643 1833 828 1886 omnia
884 1832 1226 1887 conﬁdimus.
1279 1830 1449 1885 Porro
1484 1839 1662 1884 autem
1705 1846 1864 1885 nosse

276 1926 529 1979 volumus
557 1925 800 1978 omnium
844 1924 1080 1980 ﬁdelium
1110 1933 1419 1979 nostrorum
1454 1923 1861 1990 strenu‘itatem,

276 2026 383 2068 tam
424 2015 782 2084 presentium,
811 2030 972 2084 quam
1009 2029 1224 2084 quoque
1256 2014 1581 2078 futurorum,
1610 2014 1752 2084 quod
1782 2013 1865 2068 vir

273 2107 600 2162 venerabilis
645 2105 976 2177 Stephanus,
1002 2115 1204 2161 sancta:
1240 2105 1654 2161 Cameracensis
1677 2105 1863 2160 :ecele—

276 2197 370 2250 size
406 2197 613 2268 presnl,
646 2207 890 2250 nostram
935 2195 1122 2250 adiens
1175 2195 1632 2267 magnilicentiam
1663 2195 1866 2265 signiﬁ-

275 2285 415 2338 cavit
461 2285 642 2348 nobis,
695 2283 928 2338 clericos
968 2282 1079 2352 jam
1121 2283 1280 2337 dicta:
1311 2283 1456 2338 sedis
1500 2298 1610 2336 sua:
1661 2282 1862 2336 habere

274 2373 492 2441 quidem
525 2388 615 2426 res
658 2371 902 2440 ejusdem
944 2371 1202 2443 episcopii
1247 2385 1348 2427 suo
1373 2370 1536 2426 victui
1565 2369 1858 2441 delegatas,

273 2480 439 2534 super
486 2465 685 2534 quibus
720 2465 886 2518 etiam
940 2463 1119 2534 regale
1175 2471 1515 2533 preceptum,
1580 2461 1708 2517 olim
1746 2461 1854 2514 lar-

271 2555 458 2624 git-nte
506 2554 912 2609 Zuenteholcho
961 2569 1110 2624 rege,
1168 2554 1508 2617 habuerant;
1543 2551 1637 2605 sed
1667 2549 1858 2604 eadem

271 2645 496 2702 civitate
546 2645 866 2716 deﬂagrata,
940 2652 1254 2716 preceptum
1309 2659 1525 2714 quoque
1575 2641 1860 2696 voracibus

269 2731 510 2792 flammis
557 2738 904 2808 absumptum
969 2744 1073 2792 est.
1134 2734 1303 2806 llujus
1355 2749 1485 2804 ergo
1533 2733 1608 2788 rei
1643 2732 1860 2803 negotio

270 2838 476 2884 nostra:
516 2829 702 2899 pietati
736 2827 1056 2898 supplicavit
1087 2825 1383 2890 humiliter,
1411 2840 1517 2895 quo
1547 2823 1672 2878 illud
1707 2825 1860 2877 dam-

270 2937 440 2993 pnnm
508 2933 694 2976 nostra
761 2920 1187 2974 instauraretuns
1259 2917 1649 2972 muniﬁcentia.
1703 2915 1857 2983 Quod

271 3013 439 3067 etiam
490 3011 669 3065 facere
713 3026 812 3082 pro
857 3011 950 3066 Dei
993 3025 1178 3065 amore
1207 3024 1270 3064 ac
1307 3008 1534 3063 fratrum
1580 3007 1714 3061 inibi
1740 3007 1855 3061 Deo

1967 1827 2210 1881 obtineat
2241 1828 2498 1898 vigorem,
2528 1843 2686 1882 manu
2743 1843 2861 1881 eam
2904 1829 3276 1884 roboravimus
3307 1830 3544 1900 propria,

1966 1930 2020 1976 et
2042 1920 2186 1976 anuli
2220 1922 2391 1976 nostri
2428 1922 2588 1991 digna
2636 1921 2996 1976 illustratione
3037 1920 3299 1990 jussimus
3341 1923 3546 1978 conde-

1965 2009 2166 2065 corari.
2218 2009 2442 2079 Sigmnn
2500 2009 2684 2064 Karoli
2745 2011 2887 2080 regis
2940 2009 3334 2081 gloriosissimi.
3392 2011 3549 2083 llngo

1966 2102 2431 2173 regiaediguitatis
2486 2103 2727 2158 notarius
2775 2104 2842 2158 ad
2872 2103 3042 2158 vicem
3089 2103 3303 2160 llerivei
3369 2107 3548 2160 archi-

1963 2192 2197 2262 episc0pi
2227 2192 2556 2247 subnotavit.
2595 2193 2788 2247 Datum
2826 2194 2920 2248 l3.
2954 2193 3072 2248 Kal.
3107 2195 3370 2261 Januarii,
3410 2197 3549 2250 indi-

1963 2285 2141 2338 ctione
2188 2283 2278 2349 11,
2310 2299 2450 2338 anno
2474 2284 2560 2338 19.
2601 2294 2861 2355 regnante
2898 2285 3095 2340 Karolo
3124 2301 3250 2357 rege
3270 2287 3547 2358 gloriosis-

1963 2375 2128 2438 simo,
2177 2375 2580 2445 rcdintegraute
2650 2376 2742 2440 H,
2790 2376 3021 2448 largiore
3066 2393 3194 2432 vero
3241 2380 3548 2436 hereditate

1964 2466 2182 2536 indepta
2219 2467 2240 2520 1
2272 2467 2385 2537 (an.
2409 2467 2534 2532 911,
2565 2467 2685 2522 Dec.
2715 2467 2832 2538 20).
2869 2471 3059 2524 Actum
3101 2470 3222 2524 villa
3259 2470 3550 2527 Cruttiaco

1964 2558 2016 2612 iu
2047 2558 2138 2611 Dei
2168 2558 2386 2612 nomine
2410 2558 2660 2615 feliciter.
2689 2559 2880 2615 Amen.
2925 2579 2945 2614 ι

2033 2651 2121 2706 68.
2173 2651 2308 2723 (67.)
2361 2649 2686 2721 I’receptum,
2736 2652 2878 2721 quod
2934 2668 3027 2706 rex
3073 2670 3229 2722 super
3282 2654 3542 2722 abbatias,

1958 2757 2092 2811 quas
2149 2739 2366 2795 contulit
2418 2741 2486 2773 ¹⁰⁹
2542 2741 2664 2795 huic
2701 2743 2960 2812 epircOpo,
3007 2743 3355 2811 conﬁrmavit.
3399 2743 3551 2800 ldem‘

1961 2834 2126 2888 etiam
2150 2832 2380 2887 Karolus
2411 2847 2502 2886 rex
2533 2833 2798 2898 abbatias,
2825 2832 3098 2888 Marellias
3125 2834 3272 2905 (157)
3299 2833 3547 2890 videlicet

1960 2933 2015 2979 et
2043 2923 2259 2994 Crispin
2287 2923 2459 2996 (158),
2495 2925 2716 2980 obtentu
2741 2927 3004 2981 comitum
3049 2943 3183 2997 quos
3231 2927 3390 2997 paulo
3423 2937 3548 2999 post

1962 3016 2156 3070 dicturi
2193 3031 2402 3082 sumus,
2437 3017 2555 3070 viro
2593 3016 2718 3071 huic
2744 3018 3036 3082 concessit,
3087 3027 3142 3074 et
3178 3034 3340 3088 super
3386 3018 3548 3087 hujus

272 3103 652 3157 (atunlantium
686 3080 870 3156 libenti
894 3101 1268 3172 adquievimus
1295 3107 1475 3155 mente
1502 3108 1555 3152 et
1578 3115 1643 3152 ex
1667 3097 1852 3162 rebus,
1881 3080 1927 3143 C
1961 3108 2038 3162 rei
2079 3108 2352 3179 negotium
2391 3080 2720 3179 ’ρτορρριυηι
2770 3080 3043 3163 τοδοηνῆ
3092 3080 3396 3177 hujus-modi
3432 3080 3499 3141 εἷο
3531 3127 3545 3163 ε

275 3209 410 3262 quas
443 3194 705 3248 hactenus
733 3207 954 3262 quoquo
982 3193 1173 3246 ordine
1215 3189 1360 3259 juste
1388 3199 1442 3243 et
1470 3189 1714 3260 legaliter
1735 3202 1857 3258 pos-

276 3290 473 3354 sident,
535 3288 676 3342 hanc
720 3287 802 3341 eis
847 3286 1230 3340 auctoritatem
1267 3282 1512 3337 innovari
1562 3296 1660 3352 pro
1715 3287 1857 3333 tuta-

279 3389 463 3433 mento
501 3378 782 3448 jussimus.
816 3375 1185 3443 Precipieutes
1213 3389 1342 3444 ergo
1369 3373 1656 3435 edicimus,
1681 3369 1860 3440 quati-

281 3489 377 3528 nus
408 3472 627 3544 prel’atm
651 3471 836 3526 clerici
854 3470 1111 3525 azcclesiae
1138 3467 1327 3523 domos
1350 3466 1566 3537 quidem
1588 3463 1856 3536 proprias,

281 3579 411 3634 quas
467 3563 665 3618 habent
722 3561 775 3614 in
832 3560 1072 3623 civitate,
1126 3558 1430 3628 quibusque
1461 3554 1753 3618 voluerint,
1804 3553 1856 3605 in

281 3653 701 3725 congregatione
767 3662 947 3705 tamen
1011 3649 1254 3719 ejusdem
1309 3647 1466 3712 loci,
1529 3642 1859 3700 hereditario

279 3747 540 3800 duntaxat
592 3745 716 3815 jure
772 3744 890 3797 sive
917 3757 1012 3812 per
1041 3741 1406 3795 venditionem
1448 3746 1502 3792 et
1530 3734 1857 3804 emptionem

279 3851 371 3890 seu
400 3849 498 3904 per
537 3833 1022 3889 commutationem
1054 3839 1148 3885 aut
1194 3830 1352 3902 plane
1384 3843 1483 3899 per
1515 3826 1857 3881 traditionem

213 3966 216 3973 .
278 3926 379 3978 sibi
408 3924 635 3979 invicem
655 3904 839 3977 'lihere
874 3937 972 3992 pro
997 3930 1122 3975 voto
1152 3918 1471 3974 concedant.
1496 3916 1663 3971 Porro
1695 3915 1858 3970 terri-

280 4017 474 4070 torium
529 4014 866 4076 monasterii,
911 4012 1053 4082 quod
1081 4010 1358 4066 fuitextra
1389 4008 1617 4073 urbem;
1658 4007 1862 4077 pariter

279 4115 333 4160 et
355 4106 508 4160 villas
533 4105 644 4160 suis
677 4103 866 4159 usibus
912 4104 1217 4173 deputatas,
1249 4099 1456 4156 scilicet
1479 4115 1614 4170 pago
1643 4097 1860 4169 quidem

277 4196 656 4252 Canteracensi
703 4193 974 4248 Carneres
1024 4191 1206 4262 (151),
1259 4189 1350 4246 Lis
1385 4189 1534 4261 (159.)
1565 4231 1579 4254 ,
1614 4189 1859 4243 Venzen-

278 4287 588 4359 zias(l53),
629 4285 1020 4340 Muntiniacum
1072 4282 1243 4352 (151),
1297 4280 1644 4338 Gualtercurt
1689 4280 1857 4351 (155),

277 4381 648 4437 Gundreceias
692 4377 864 4450 (156),
913 4373 1201 4431 llainoensi
1253 4389 1381 4429 vero
1421 4372 1681 4427 comitatu
1727 4369 1860 4426 Oni-

277 4476 419 4528 nium
440 4474 531 4531 ¹⁰⁶.
587 4467 973 4527 Virmandensi
1026 4476 1208 4521 autem
1263 4463 1642 4528 'l‘oriniacum;
1693 4476 1856 4531 porro

276 4564 605 4622 Sucssonico
633 4561 958 4618 Carisiolum
978 4573 993 4624 ;
1015 4556 1314 4627 simul‘cum
1341 4553 1626 4622 mancipiis
1658 4551 1854 4606 utrius-

1964 3217 1983 3251 ι
2021 3198 2078 3252 1η
2111 3199 2328 3254 nomine
2356 3209 2562 3254 sanctae
2598 3208 2654 3254 et
2686 3200 2977 3255 individua:
3007 3200 3289 3255 Trinitatis
3314 3201 3549 3257 Karolus

1957 3287 2138 3341 divina
2171 3288 2500 3357 propitiante
2531 3288 2813 3344 clementia
2851 3305 2942 3343 rex
2993 3290 3349 3346 Francorum.
3391 3291 3549 3346 Clu-i-

1959 3376 2151 3431 stianre
2180 3377 2616 3432 conversationis
2660 3378 2849 3447 religio
2878 3378 3135 3447 bipertito
3162 3380 3374 3434 videtur
3403 3383 3548 3450 regi-

1960 3464 2108 3519 mine
2135 3463 2455 3531 subsistere,
2495 3464 2658 3536 regali
2694 3466 2883 3535 utique
2922 3475 2979 3522 et
3030 3469 3372 3523 sacerdotali.
3405 3469 3548 3537 Ergo

1959 3555 2298 3610 sacerdotale
2329 3556 2483 3610 decet
2529 3556 2694 3626 regiis
2747 3557 3089 3625 augmentari
3146 3572 3211 3613 ac
3263 3559 3544 3614 sublimari

1962 3648 2227 3702 honorum
2270 3645 2676 3711 muniﬁcentiis,
2728 3647 2872 3716 quod
2927 3647 3123 3718 regalis
3170 3649 3259 3702 diu
3315 3649 3550 3721 dignius

1962 3738 2196 3794 resideat
2229 3738 2280 3792 in
2323 3737 2458 3793 solio
2505 3738 2657 3809 regni
2709 3738 2808 3794 sub
2861 3740 3134 3808 aequitatis
3173 3742 3346 3812 virga,
3384 3744 3546 3814 juxta

1961 3827 2105 3897 quod
2146 3827 2286 3881 Deus
2315 3827 2382 3881 de
2422 3842 2481 3881 se
2534 3826 2586 3880 in
2633 3828 2896 3896 sapientia
2951 3829 3217 3899 loquitur:
3261 3849 3280 3882 ι
3317 3831 3420 3886 Per
3464 3849 3550 3887 me

1962 3931 2118 3987 reges
2147 3927 2370 3988 regnant
2395 3925 2449 3972 et
2469 3918 2679 3986 judiccs
2709 3919 2883 3990 legum
2912 3919 3129 3974 decreta
3153 3922 3487 3978 discernunt.
3523 3943 3543 3974 ι

1962 4007 2076 4063 llac
2110 4008 2176 4063 de
2213 4024 2376 4064 causa
2405 4010 2617 4064 noverit
2666 4011 2906 4065 omnium
2942 4021 3144 4066 sanctae
3169 4013 3259 4067 Dei
3289 4014 3550 4069 :ecclesia:

1963 4100 2199 4155 ﬁdelium
2229 4100 2573 4171 religiositas,
2607 4103 2732 4170 quia
2779 4103 3009 4158 comites
3061 4104 3398 4161 venerabiles
3423 4105 3550 4161 ’11³-

1961 4207 2101 4261 gano
2126 4205 2190 4245 ac
2219 4189 2486 4246 Rodull‘us
2516 4203 2760 4247 nostram
2792 4193 3051 4248 adeuntes
3072 4195 3419 4249 serenitatem
3449 4195 3549 4249 hu-

1963 4280 2165 4334 militer
2192 4281 2556 4350 expetierunt,
2586 4291 2644 4335 ut
2675 4292 2879 4337 sanctae
2905 4282 3320 4338 Cameracensis
3354 4285 3545 4340 :eccle-

1964 4373 2082 4435 site,
2109 4371 2194 4426 cui
2228 4381 2409 4443 preest
2439 4372 2622 4443 presul
2650 4372 2981 4442 Stephanus,
3010 4373 3094 4426 vir
3139 4373 3338 4442 quippe
3385 4375 3550 4430 totius

1965 4463 2115 4536 regni
2158 4471 2435 4530 strenuus,
2461 4464 2526 4519 ad
2557 4473 2799 4520 sanctam
2837 4461 2932 4517 Dei
2963 4463 3278 4534 genitricem
3327 4463 3550 4520 Mariam

1967 4554 2296 4626 largiremur
2352 4555 2418 4585 ¹¹¹
2470 4554 2573 4610 sub
2622 4560 2881 4626 perpetua
2954 4553 3122 4610 seculi
3192 4553 3550 4624 subiectione,

1558 4693 1796 4757 VARle
1827 4693 2236 4753 LECTIONES.

373 4820 444 4854 ¹⁹⁰
475 4821 555 4873 ita
585 4822 767 4872 charta
795 4813 1112 4888 originalis;
1146 4810 1474 4888 omniumnl.

1555 4809 1621 4840 ¹⁰⁹
1653 4807 1928 4863 commisit
1957 4829 1984 4863 ρ
2011 4827 2150 4867 corr.
2183 4825 2371 4862 manus
2398 4825 2441 4862 ε.
2478 4803 2650 4861 XIII.
2684 4805 2837 4860 habet
2868 4807 2918 4861 1.
2962 4806 3017 4862 4.
3094 4805 3162 4837 ¹¹⁰
3202 4805 3384 4859 charta
3439 4805 3556 4871 ipsa

264 4891 598 4947 intercidisse
632 4889 827 4942 videtur
848 4874 1258 4957 :vapographttttt
1285 4899 1328 4936 δ.
1360 4878 1636 4957 ΧΙΙιηιτί
1768 4876 1825 4929 V.
1858 4881 1967 4957 vidi
1999 4885 2051 4940 in
2077 4879 2286 4957 archiva
2315 4876 2608 4940 Insuleusi;
2634 4893 2794 4957 neque
2824 4874 3155 4932 Colvenerius
3177 4876 3363 4957 haltere
3388 4879 3556 4957 potuit

265 4941 705 5032 ﬁdissimum
724 4941 1168 5016 (duo’in'ar'chi'vo
1191 4952 1578 5007 Catneraceusi.
1655 4951 1720 4981 ¹¹¹
1754 4952 2230 5016 ροιιιηιίιιριοοιιιιιε
2260 4950 2310 5004 1.
2341 4964 2404 5002 ex
2426 4963 2564 5003 corr.
2597 4941 2829 5016 ejusdem
2852 4964 3036 5001 manus
3066 4961 3187 5001 accc.
3215 4941 3363 4997 XIII
3382 4941 3403 5010 ξ
3424 4954 3472 4998 et
3500 4945 3556 4998 5.

1814 5076 2070 5156 norm,
2091 5135 2098 5142 .

325 5205 484 5279 (l5!)
525 5197 866 5279 (ἓθτηίέΐθίεκ
987 5276 996 5279 _
1031 5264 1079 5279 ,ρ
1413 5262 1430 5279 .
1489 5263 1501 5276 .

326 5259 344 5349 ξ
355 5259 484 5345 152)
530 5273 646 5358 {tut
671 5259 875 5358 ‘Vies‘li's
903 5261 1004 5336 aut
1031 5262 1334 5358 Nett'veslis,
1364 5262 1629 5358 militum
1656 5259 1848 5328 Selles,

2074 5194 2218 5278 (et)
2253 5184 2855 5278 NPEE‘§“X°.-._.-_--.._.
3465 5249 3533 5278 υ,

2260 5249 2449 5315 Postea
2483 5249 2880 5322 Wahiercourt,
2918 5254 3040 5310 villa
3072 5252 3248 5308 diruta
3293 5249 3440 5330 inter
3465 5249 3564 5304 lti-

2195 5344 2222 5358 ..
2281 5338 2326 5358 ιιι
2381 5325 2652 5358 numam.
2695 5326 2822 5358 ηις...
2876 5328 2972 5358 ος...
3030 5323 3081 5358 ς..
3121 5333 3250 5358 ...ηιη
3275 5318 3564 5358 “unum,

2281 5338 2326 5358 AI
2381 5325 2652 5358 ὶΙιι-ιηηῖηη
2695 5326 2822 5358 nun-
2869 5318 2972 5358 '45:“)
3030 5323 3081 5358 :n
3121 5333 3250 5358 nam
3275 5318 3360 5358 ιηιί
3383 5318 3567 5358 επηηιο
