4052 5358
522 217 585 272 71
1469 215 1689 273 GESTA
1736 213 2148 273 PONTIFICUM
2176 216 2258 274 CA
2268 215 2780 277 MERACENSIUM.
3365 280 3383 295 ,
3712 227 3784 284 72

511 332 569 416 in
592 342 730 401 pago
765 327 1068 386 Ilainoense
1100 342 1266 399 super
1312 326 1511 384 ﬁueuta
1567 328 1777 399 llelpra:
1806 327 2091 384 abbatiun-
2120 334 2166 391 Α
2264 330 2352 384 69.
2394 331 2531 402 (68.)
2572 332 2803 386 Domum
2849 331 3147 401 Stephanus
3196 348 3356 388 cursu
3410 350 3776 392 consummato

509 424 685 479 culam
708 422 910 477 dictam
937 420 1206 479 Marellias
1240 421 1327 487 “',
1367 420 1457 476 ubi
1502 419 1650 488 jacet
1691 428 1913 475 sanctus
1942 418 2093 474 Hun-

508 515 696 569 hertus
727 526 974 582 corpore,
999 511 1053 566 in
1078 510 1326 567 aecclesia
1356 526 1476 582 qua:
1498 520 1582 564 est
1607 508 1662 564 in
1687 509 1893 566 honore
1918 511 2091 564 sancti

507 605 653 661 Petri
706 605 977 661 dedicata.
1032 603 1140 661 Nos
1186 604 1373 675 itaque
1443 602 1658 659 illatum
1706 610 2094 673 cognoscentes

505 712 797 766 congruam
822 710 943 752 esse
970 695 1309 767 petitionem,
1336 694 1529 749 devote
1557 692 1786 747 eandem
1811 691 2094 746 abbatiun-

505 789 682 842 eulam
712 803 835 843 cum
878 790 992 844 suis
1020 788 1273 843 omnibus
1307 784 1623 854 adjacentiis
1665 784 1977 855 delegamus
2023 785 2092 840 ad

505 879 803 946 predictam
856 879 1039 934 sedem
1088 888 1288 934 sancta:
1350 876 1536 932 Maria:
1584 876 1971 946 perpetualiter
2019 874 2089 929 ibi

505 968 827 1022 habendam.
878 967 1081 1023 Dehinc
1128 976 1185 1022 et
1239 965 1564 1021 venerabilis
1607 980 1791 1021 comes
1862 962 2092 1020 Sechar-

505 1059 604 1111 dus
628 1058 853 1128 expetiit
884 1056 1021 1128 ipse,
1047 1066 1105 1111 ut
1136 1057 1203 1121 _in
1237 1071 1375 1127 pago
1404 1055 1615 1125 prefato
1660 1055 1870 1111 Haiuou
1927 1069 2091 1124 super

503 1148 702 1204 ﬁumen
764 1151 877 1203 lion
926 1148 1366 1204 ahhatiunculam
1437 1148 1639 1203 dictam
1690 1147 1949 1217 Crispin‘,
1998 1146 2088 1202 ubi

500 1238 648 1309 jacet
673 1247 892 1291 sanctus
919 1237 1246 1293 Landelinus
1291 1237 1343 1290 in
1385 1236 1628 1292 mcclesia
1671 1237 1875 1290 honore
1914 1236 2087 1291 sancti

502 1328 649 1383 Petri
673 1329 873 1394 dicata,
903 1345 1066 1398 quam
1094 1329 1533 1384 abbatiunculam
1569 1330 1709 1384 idem
1761 1330 1939 1385 dictus
1988 1329 2089 1384 Se-

503 1417 739 1473 el:ardus
789 1419 1052 1473 beneﬁcio
1096 1419 1350 1484 habebat,
1403 1420 1825 1475 concederemus
1889 1429 2087 1475 sancte

501 1506 684 1563 Maria:
705 1508 770 1561 ad
798 1508 1150 1579 prescriptam
1184 1509 1367 1565 sedem
1396 1500 1869 1576 Cameracensem,
1892 1524 2085 1581 perpe-

500 1596 720 1663 tualiter
750 1596 821 1650 ibi
882 1597 1186 1651 habendam
1216 1597 1284 1629 “'
1314 1613 1438 1654 cum
1487 1600 1602 1653 suis
1641 1600 1892 1654 omnibus
1935 1598 2086 1667 adja-

2196 420 2438 490 migravit
2476 439 2508 474 a
2550 421 2745 476 seculo.
2798 421 3094 494 Episcopus
3133 423 3234 479 iste
3277 438 3345 480 ex
3390 426 3597 482 Alsatio
3634 444 3779 499 pago

2196 520 2376 574 natus,
2407 526 2473 565 ex
2505 512 2665 566 rebus
2711 513 2794 567 sui
2821 512 2957 582 juris
2987 513 3285 569 mcclesiam
3322 524 3527 571 sancta:
3551 516 3646 572 Dei
3677 534 3777 589 ge-

2194 600 2407 656 nitricis
2438 601 2642 667 Mariae,
2682 604 2766 658 cui
2791 603 2904 675 ipse
2934 605 3043 659 Deo
3075 614 3299 661 auctore
3349 616 3585 676 prccrat,
3618 607 3776 664 bere-

2193 689 2313 744 dem
2358 691 2500 745 fecit.
2547 692 2590 746 Α
2623 693 2839 764 regibus
2897 693 3064 748 multa
3117 695 3377 763 optinuit,
3433 712 3555 765 qua:
3597 698 3775 754 eidem

2191 783 2448 838 {ecclesiae
2493 784 2854 851 contradidit;
2913 784 3173 841 familiam
3231 788 3458 842 multam
3512 791 3774 857 contulit;

2192 886 2280 927 res
2317 881 2567 942 preterea
2608 877 2893 944 quasdam,
2936 892 3056 946 qua:
3095 877 3147 931 in
3177 878 3452 949 episcOpio
3481 882 3776 935 subtracta:

2190 961 2404 1016 fuerant
2427 962 2705 1028 mcclesim,
2733 964 3090 1035 redintegrari
3114 965 3395 1021 laboravit.
3421 967 3519 1023 llic
3547 968 3598 1022 in
3625 981 3771 1024 terra

2190 1052 2611 1109 nativitatissuae
2641 1064 2815 1109 morte
2845 1066 3156 1125 preveutus,
3187 1059 3250 1113 de
3273 1075 3377 1128 qua
3406 1074 3465 1113 se
3490 1060 3558 1115 ad
3582 1061 3770 1116 sedem

2188 1145 2461 1214 propriam
2489 1147 2753 1215 reportari
2774 1146 2954 1215 jussit,
2981 1147 3176 1202 clausit
3219 1149 3361 1203 diem
3402 1165 3543 1205 anno
3588 1152 3775 1207 Domi—

2189 1234 2323 1288 nica:
2355 1234 2742 1289 incarnationis
2766 1235 2891 1291 954.
2931 1236 2982 1290 3.
3017 1237 3141 1291 ldus
3173 1237 3453 1294 Februarii
3485 1239 3658 1311 (159).
3760 1220 3763 1225 ⁴

2195 1392 2198 1395 ,
2258 1326 2347 1379 70.
2420 1325 3032 1395 (69.)Subintroducitur
3106 1327 3390 1383 Fulbertus
3469 1333 3768 1402 episcopus.

2188 1414 2416 1470 Domino
2446 1414 2723 1485 Stephano
2762 1414 3051 1471 Fulbcrtus
3078 1419 3395 1483 succedens,
3440 1419 3670 1476 faventis
3712 1430 3771 1476 et

2186 1504 2533 1573 suﬁ‘ragantis
2560 1504 2852 1560 Gisleberti
2879 1506 3032 1562 ducis
3058 1509 3303 1575 obtentu,
3325 1509 3600 1564 cathedra}
3634 1526 3773 1580 pou-

2188 1594 2400 1650 titicalis
2434 1595 2846 1665 praerogativam
2874 1597 3103 1667 adeptus
3150 1607 3255 1652 est.
3305 1597 3404 1653 ilic
3431 1598 3498 1631 “'
3525 1614 3590 1655 ex
3630 1615 3773 1671 pago

499 1687 715 1742 centiis.
757 1686 825 1742 Et
850 1687 922 1742 ita
949 1687 1196 1744 fecimus.
1239 1689 1437 1745 Verum
1462 1698 1680 1760 precatu
1710 1690 2080 1762 predictorum

2185 1684 2526 1749 Brabatensi,
2575 1685 2640 1740 de
2681 1684 2804 1739 villa
2836 1685 3090 1740 videlicet
3127 1684 3342 1741 Wiluva
3399 1686 3549 1759 (l60)
3590 1699 3768 1753 ortus,

500 1776 758 1849 comitum
786 1778 1150 1847 permittimus
1178 1777 1248 1833 ob
1295 1779 1590 1834 remedium
1635 1782 1831 1835 anima:
1884 1790 2084 1835 nostra:
2185 1776 2269 1830 vir
2311 1778 2527 1846 quidem
2560 1778 2715 1833 bonis
2758 1779 3001 1833 moribus
3047 1778 3363 1845 instructus,
3415 1788 3617 1834 sam-ta:
3675 1780 3773 1835 Dei

497 1868 802 1937 prescripto
830 1858 1059 1922 antistiti
1092 1868 1391 1939 Stephano,
1423 1870 1475 1923 in
1507 1869 1641 1926 locis
1664 1886 1774 1925 suae
1807 1870 2084 1926 concessis
2184 1869 2443 1925 mcclesiae
2497 1871 2681 1927 sedem
2732 1868 2920 1926 multis
2964 1872 3262 1927 commodis
3303 1872 3514 1930 munire
3556 1886 3774 1944 semper

488 1956 753 2015 {ecclesia
788 1956 855 1988 ¹¹⁵
894 1958 997 2011 hoc
1032 1966 1116 2013 est
1161 1956 1432 2013 Marellias
1456 1974 1551 2013 seu
1584 1958 1819 2030 Crispin,
1875 1976 2084 2015 merca-

499 2057 612 2101 tum
646 2057 889 2104 statuere
915 2058 972 2104 et
1012 2049 1280 2106 teloneum
1329 2052 1454 2106 inde
1497 2067 1713 2122 capere.
1765 2052 1833 2107 Et
1874 2053 2080 2108 circum

498 2140 602 2194 ista
629 2140 1061 2212 loca,'quautum
1090 2142 1250 2197 unius
1276 2142 1447 2215 leuga:
1492 2144 1782 2199 tetenderit
1822 2144 2078 2214 spatium,

497 2243 675 2298 neque
704 2244 890 2285 comes
923 2245 1101 2302 neque
1148 2231 1257 2286 ulla
1306 2232 1591 2302 judiciaria
1638 2242 1880 2303 potestas
1928 2233 2079 2288 freda

494 2325 785 2382 exercendi
820 2332 1141 2393 potestatem
1186 2325 1417 2392 habeat;
1462 2340 1638 2395 neque
1682 2326 1910 2396 quilibet
1956 2342 2080 2397 pre-

493 2412 729 2466 sentimn
760 2412 842 2467 vel
873 2414 1279 2470 succedentium
1318 2415 1387 2470 de
1436 2415 1540 2471 illis
1575 2416 1734 2470 dictis
1787 2417 2077 2471 abbatiun-

491 2502 632 2558 culis
669 2513 868 2559 sancte
900 2504 1080 2560 Maria:
1106 2504 1519 2560 Cameracensis
1546 2503 1804 2559 aacclesize
1851 2512 2079 2576 temptet

490 2593 675 2647 facere
731 2593 1176 2660 abstractionem,
1248 2594 1672 2663 subreptionem,
1732 2593 2075 2659 divisionem,

492 2688 934 2758 refragationem,
960 2687 1409 2758 inquietudinem,
1428 2688 1935 2753 contradictionem,
1960 2703 2077 2758 pre-

485 2779 779 2847 judicium,
800 2778 1144 2843 violentiam;
1169 2779 1261 2835 sed
1291 2793 1410 2834 cum
1438 2778 1637 2834 villulis
1666 2778 1779 2834 suis
1799 2794 1862 2833 ac
1888 2794 2074 2833 earum

490 2867 866 2933 continentiis,
947 2867 1202 2923 videlicet
1245 2867 1528 2932 zecclesiis,
1589 2867 1854 2935 aediﬁciis,
1902 2866 2074 2932 silvis,

492 2960 948 3036 pratis,'pascuis,
971 2960 1155 3026 terris,
1179 2959 1337 3030 aquis
1358 2974 1729 3029 aquarumque
1757 2958 2075 3014 decursibus

489 3049 1234 3126 tfariuariis,piscationibus,
1283 3050 1504 3119 perviis,
1553 3049 1742 3111 vineis,
1793 3049 2077 3120 mancipiis

490 3144 721 3212 desuper
759 3143 1250 3207 commaneutibus,
1280 3150 1335 3197 et
1360 3141 1614 3211 quicquid
1644 3142 1717 3196 ibi
1748 3142 1800 3195 in
1827 3142 2077 3198 omnibus

490 3232 654 3300 rebus
670 3232 821 3301 juste
851 3242 906 3289 et
941 3233 1186 3303 legaliter
1223 3232 1503 3303 appendit,
1554 3232 1859 3287 habendum
1906 3233 2078 3303 possi-

488 3321 726 3376 dendum
770 3322 836 3354 ³³³
867 3332 1072 3378 sanctae
1132 3321 1316 3376 Mariae
1365 3322 1431 3376 ad
1472 3320 1836 3391 supradictam
1891 3322 2075 3376 sedem

489 3412 783 3479 tradimus;
837 3412 1151 3483 faciantque
1207 3426 1447 3467 rectores
1512 3412 1628 3481 ejus
1677 3411 1934 3467 aacclesize
1986 3410 2074 3477 ”‘,

486 3506 703 3571 exinde,
731 3510 1093 3578 quodcunque
1121 3524 1221 3561 sua
1246 3522 1579 3577 suorumque
1614 3507 1925 3577 poposcerit
1973 3506 2077 3561 uti.

488 3600 639 3653 titas.
670 3597 825 3654 Unde
864 3601 967 3654 hoc
994 3608 1307 3669 preceptum
1347 3599 1622 3652 ﬁrmitatis
1678 3598 1945 3653 industria
1995 3598 2077 3652 fa-

484 3696 657 3751 ctmn,
697 3702 859 3740 manu
885 3688 1164 3743 ﬁrmamus
1184 3696 1367 3742 nostra
1398 3688 1464 3742 ad
1504 3703 1638 3756 opus
1665 3696 1866 3743 εειηειςιξ
1896 3688 2076 3743 Maria:

496 3776 590 3840 “’,
615 3783 669 3828 et
692 3775 856 3831 anulo
880 3775 1341 3845 nostrojussimus
1366 3777 1613 3848 sigillari.
1641 3777 1863 3848 Signum
1892 3777 2073 3833 Karoli

487 3863 633 3933 regis
666 3863 863 3929 incliti,
898 3864 1229 3921 Ganzelinus
1256 3875 1474 3921 notator
1492 3866 1611 3922 vice
1640 3866 1860 3938 Rotgeri
1889 3869 2076 3923 archi-

487 3956 733 4027 episcopi
762 3958 1064 4028 summigue
1091 3958 1402 4014 cancellarii
1436 3960 1769 4031 recognovit.
1799 3961 1990 4016 Datum
2019 3962 2072 4018 6.

488 4048 616 4107 ldus
654 4048 1013 4120 Septembris,
1044 4050 1340 4108 indictione
1374 4052 1428 4116 8,
1474 4066 1618 4106 anno
1674 4051 1766 4110 28.
1821 4062 2077 4123 regnante

485 4141 691 4199 liarolo
750 4157 878 4213 rege
936 4143 1198 4213 glorioso,
1248 4145 1653 4216 rediutegrante
1707 4145 1800 4211 25,
1847 4146 2077 4217 largiore

487 4248 620 4287 vero
655 4233 961 4289 hereditate
988 4234 1212 4306 indepta
1237 4236 1271 4293 9
1293 4235 1407 4308 (an.
1436 4236 1563 4303 921,
1594 4236 1742 4307 Sept.
1773 4238 1849 4309 8).
1881 4239 2074 4294 Actum

483 4323 760 4392 inpalatio
789 4323 1085 4383 Heristallo
1118 4325 1370 4383 feliciter.
1403 4326 1595 4383 Amen.
1634 4347 1653 4381 ι

2185 1959 2468 2015 laboravit.

2254 2050 2339 2104 7l.
2367 2051 2502 2122 (70.)
2532 2048 2808 2107 Contentio
2842 2052 2979 2106 inter
3008 2050 3165 2107 Isaac
3214 2054 3492 2124 superbum
3525 2055 3770 2108 comitem

2180 2153 2228 2196 et
2256 2140 2568 2197 Fulbertum
2592 2144 2925 2215 episcopum;
2948 2155 3123 2200 tamen
3169 2146 3360 2200 victore
3388 2147 3626 2216 episcopo
3672 2164 3768 2201 co-

2180 2249 2287 2287 mes
2308 2234 2605 2303 expellitur.
2637 2234 2788 2289 Tunc
2815 2235 3073 2306 temporis
3102 2235 3252 2292 Isaac
3274 2253 3459 2293 comes
3482 2238 3772 2293 abbatiuu-

2181 2324 2355 2379 colam
2386 2324 2528 2380 beati
2560 2324 2843 2388 Hunberti,
2869 2326 2976 2389 cui,
3001 2336 3057 2381 ut
3077 2327 3234 2396 paulo
3260 2329 3507 2398 superius
3527 2329 3767 2384 diximus

2182 2416 2253 2485 (c.
2280 2415 2392 2484 68),
2420 2416 2733 2487 episcopum
2773 2416 3107 2486 Stephanqu
3164 2434 3257 2473 rex
3306 2417 3536 2475 Earolus
3587 2422 3768 2491 prefe-

2180 2515 2352 2571 cerat,
2384 2508 2712 2575 possidebat,
2739 2510 3019 2577 ipsamque
3073 2511 3273 2577 regiam
3319 2526 3385 2565 ac
3437 2510 3767 2580 locupletem

2180 2597 2451 2653 abbatiam
2479 2599 2802 2652 sanctissimi
2827 2596 3111 2668 Gaugerici
3134 2614 3255 2655 cum
3282 2600 3532 2655 omnibus
3560 2617 3772 2670 appen-

2178 2689 2334 2745 diciis
2362 2689 2463 2744 sibi
2508 2688 2882 2743 beneﬁciatam
2927 2692 2993 2744 de
3039 2690 3188 2760 regio
3234 2691 3358 2760 jure
3403 2693 3622 2745 tenebat
3671 2692 3762 2757 ω,

2179 2778 2461 2835 dimidium
2491 2779 2699 2835 scilicet
2726 2779 3034 2835 Carneraca:
3087 2779 3236 2835 urbis
3277 2780 3583 2846 castellum,
3636 2798 3760 2836 cum

2180 2871 2470 2925 medietate
2496 2882 2709 2939 quoque
2740 2869 3077 2939 publicorum
3112 2869 3454 2938 vectigalium
3487 2870 3758 2940 simulque

2179 2960 2343 3015 etiam
2370 2974 2492 3015 cum
2519 2960 2688 3014 altera
2723 2968 2957 3013 moneta.
2983 2957 3051 3013 Et
3091 2958 3215 3028 quia
3263 2962 3392 3015 urbs
3433 2961 3532 3015 sub
3581 2961 3762 3016 diver-

2178 3051 2340 3105 sitate
2375 3048 2597 3104 biremis
2623 3049 2842 3103 dominii
2874 3051 3158 3119 agebatur,
3205 3065 3267 3104 ea
3314 3051 3578 3122 siquidem
3626 3069 3761 3107 nau-

2179 3139 2425 3209 fragante
2451 3137 2738 3207 aliquando
2769 3146 3009 3193 rectores
3032 3138 3131 3209 ipsi
3162 3140 3304 3194 inter
3326 3154 3382 3195 se
3408 3141 3545 3195 ortis
3569 3141 3758 3195 simul—

2180 3232 2378 3287 tatibus
2421 3229 2834 3286 collidebantur.
2889 3229 3116 3301 Semper
3134 3232 3277 3284 enim
3311 3233 3452 3286 inter
3482 3232 3759 3287 ministros

2176 3336 2364 3377 eorum
2404 3335 2502 3391 pro
2554 3321 2715 3375 rebus
2746 3320 3028 3391 exigendis
3070 3321 3391 3377 audiebatur
3438 3321 3757 3393 confragosa

2177 3411 2391 3476 seditio,
2431 3424 2646 3480 semper
2690 3409 3042 3464 excrescebat
3076 3410 3309 3465 violenta
3367 3422 3529 3482 atque
3578 3413 3759 3480 gravis

2178 3506 2450 3575 utrimque
2482 3502 2861 3568 tumultuatio;
2895 3517 3014 3572 quae
3043 3501 3300 3573 paulatim
3328 3504 3575 3573 graviore
3605 3508 3757 3558 motu

2175 3596 2435 3657 excitata,
2468 3608 2533 3649 eo
2558 3609 2730 3663 usque
2757 3595 3020 3661 processit
3068 3603 3125 3647 ut
3154 3594 3205 3648 in
3245 3609 3394 3649 arma
3436 3595 3758 3667 plerumque

2178 3695 2542 3741 moverentur.
2567 3682 2691 3740 [late
2711 3676 2892 3755 itaque
2918 3696 2971 3739 et
2993 3684 3295 3753 huiusmodi
3328 3703 3508 3744 eomes
3532 3703 3757 3760 magna-

2178 3780 2356 3834 nimus
2386 3779 2730 3849 impatienter
2758 3778 3054 3847 accipiens,
3086 3777 3139 3833 in
3165 3779 3276 3834 iras
3304 3779 3628 3835 furibundus
3658 3796 3757 3850 pre

2177 3873 2341 3929 ttitnia
2401 3870 2769 3941 indignatione
2824 3871 3134 3937 excanduit,
3207 3872 3450 3942 tantique
3516 3872 3757 3943 turgoris

2177 3963 2442 4020 cervicem
2481 3962 2739 4017 adversus
2780 3961 3036 4017 domuum
3095 3962 3404 4033 pontificem
3456 3952 3650 4027 erexit,
3696 3971 3756 4017 ut

2176 4069 2299 4110 eum
2327 4051 2558 4122 quadam
2585 4051 2671 4106 die
2694 4066 2799 4105 una
2820 4066 2940 4105 cum
2968 4052 3079 4106 suis
3103 4052 3229 4106 sede
3254 4051 3437 4106 relicta
3468 4053 3754 4106 mandaret

2175 4147 2494 4219 quantotius
2521 4145 2805 4215 aufugere,
2850 4145 2997 4200 solus
3041 4144 3295 4201 videlicet
3333 4154 3522 4215 postea
3582 4146 3753 4201 totius

2178 4242 2330 4298 urbis
2364 4240 2656 4296 indiscrete
2694 4238 2909 4308 negotia
2947 4252 3314 4308 possessores.
3367 4237 3519 4293 Unde
3572 4236 3752 4306 presul

2091 4342 2139 4402 ι)
2164 4332 2508 4405 perterritus,
2535 4340 2713 4385 tamen
2737 4328 2833 4384 Dei
2861 4328 3146 4384 clementia
3176 4328 3328 4395 ﬁsus,
3364 4338 3470 4383 tam
3503 4327 3753 4398 superbae

1824 4484 1911 4541 VA
1923 4484 2061 4541 llle
2088 4485 2491 4544 LECTIONES.

559 4609 677 4692 (ης)
707 4612 781 4663 ita
814 4627 990 4692 omnes
1030 4614 1254 4692 codices,
1286 4624 1333 4670 et
1365 4614 1587 4692 a_l_ter3m
1609 4632 1675 4692 ea:
1700 4618 2025 4688 ‘apograpln's
2076 4621 2273 4692 (harae
2322 4637 2438 4692 quae
2463 4621 2588 4674 vidit
2619 4618 2971 4692 qolaenerius.
3038 4618 3322 4692 Maricolas
3355 4687 3367 4692 _
3391 4619 3749 4692 apographugi

796 4691 845 4734 et
879 4682 1443 4753 alteruprgColvenerii.
1478 4683 1609 4739 Post
1639 4680 1775 4741 Itan}:
1809 4680 1982 4742 itarem
2006 4689 2186 4744 eadem
2214 4691 2307 4745 illa
2334 4680 2526 4745 'manuo
2562 4708 2606 4744 ε.
2632 4689 2804 4743 XIII.
2848 4691 2993 4743 addit
3043 4689 3322 4753 tuendam;
3348 4680 3655 4742 idém'haliet
3694 4689 3746 4741 5.

481 4751 714 4829 ejusdem
741 4766 933 4829 atumet
960 4768 1007 4805 ι.
1037 4750 1184 4829 XIII
1201 4764 1295 4829 :_et
1320 4754 1375 4829 ὅ..
1403 4754 1456 4810 5.
1536 4755 1605 4787 ⁸⁸⁸
1645 4758 2039 4829 respiciendam
2070 4760 2175 4824 tle
2201 4777 2338 4815 corr.
2417 4760 2485 4793 ‘“
2509 4762 2585 4815 ita
2612 4761 2663 4814 l.
2688 4761 2987 4829 scripserat.
3021 4757 3123 4813 Sed
3153 4750 3465 4829 manusilla
3494 4774 3538 4812 ε.
3562 4758 3623 4828 ,Χ
3630 4756 3690 4829 II
3700 4757 3744 4810 I.

484 4820 844 4900 Erasiiperbis
866 4821 1319 4900 _ob:—_:ecclesi:r,
1348 4824 1403 4878 in
1432 4840 1619 4900 rasere
1648 4820 1853 4900 scripsit
1877 4827 1949 4882 ob
1976 4845 2025 4883 r.
2050 4844 2101 4882 a.
2125 4820 2195 4884 'n.
2226 4830 2437 4885 duabus
2460 4830 2770 4900 prescriptis
2791 4820 3061 4900 ecclesiis,
3093 4830 3195 4900 hoc
3212 4836 3290 4900 es_t
3321 4826 3390 4900 hi.
3419 4820 3571 4900 Ideni
3597 4828 3750 4900 habet

485 4891 541 4946 5.
623 4888 691 4920 ¹¹⁸
739 4891 903 4945 erasis
954 4891 1081 4945 hab.

1127 4907 1271 4960 poss.
1297 4910 1485 4971 manus
1509 4894 1601 4971 illa
1622 4894 1830 4971 scripsit
1860 4900 2310 4971 conservandum,
2341 4894 2802 4971 amplificandum.
2847 4898 2997 4971 Idem
3033 4898 3223 4971 habent
3252 4896 3395 4971 3._§.
3474 4896 3542 4928 “‘
3583 4898 3748 4971 erasis

459 4968 733 5051 Vrectores
748 4974 809 5051 le.
834 4976 894 5051 .a.
926 4960 1020 5015 illa
1040 4977 1264 5051 ,φανεὶς
1289 4965 1507 5051 εμὶρεξι.
1526 4960 1742 5051 fratres;
1780 4966 2018 5051 ipsarum
2068 4960 2448 5051 ecclesiarum:
2492 4970 2643 5051 Idem
2671 4970 2725 5024 3.
2754 4967 2821 5033 ,5.
2900 4968 2966 5000 “7
3031 4969 3197 5048 erasis
3222 4983 3267 5021 ο.
3314 4966 3385 5021 Μ.
3437 4982 3623 5021 manus
3654 4964 3748 5019 illo

485 5028 693 5098 Scripsit
746 5028 998 5085 fratrum.
1030 5029 1178 5086 Idem
1213 5032 1269 5086 5.
1307 5031 1373 5095 5.,
1440 5033 1508 5064 ’³⁸
1546 5032 1682 5091 [line
1721 5037 1774 5090 1.
1800 5028 1817 5036 ’
1852 5037 1918 5068 ¹¹⁹
1941 5038 2253 5108 possidebat
2279 5069 2351 5079 —
2376 5041 2593 5096 tenebat
2616 5040 2671 5094 in
2698 5030 2886 5094 rasura
2911 5047 3099 5093 auctor
3125 5038 3254 5107 ipse.

1992 5168 2221 5229 NOTIE.

556 5294 707 5358 (159)
734 5296 993 5353 Eundem
1026 5298 1169 5353 diem
1195 5297 1361 5353 habet
1405 5296 1619 5353 Necrol.
1664 5301 1841 5358 Beata:
1887 5306 2068 5358 Mal-im

2175 5307 2456 5358 nativitate
2476 5304 2702 5358 Christi.
2728 5318 2834 5358 non
2861 5318 2889 5358 a
2917 5303 3117 5358 pascha
3148 5303 3357 5358 incinit.
