4052 5358
255 346 322 399 75
1663 347 1862 405 LIBER
1905 349 1920 402 l
1948 348 2178 403 BllllIS.
3201 445 3204 450 Ι
3443 355 3521 452 ’ΝΑ

249 457 475 525 jnssioni
513 457 1011 528 obtemperaturum
1050 476 1104 516 se
1136 475 1256 517 esse
1297 465 1608 534 spopondit;
1659 466 1754 518 sed
1783 473 1838 516 ιιι
1871 475 1909 527 Α
1941 469 2064 512 \‘alo
2094 461 2305 524 (εθιιθὶιθ.
2339 459 2607 513 ειὺὺθίίᾶιη
2659 461 2828 515 ml“;
2880 461 3160 534 Guusrriri
3190 481 3252 518 ει
3285 465 3510 537 ῖιιιοκτί-

255 560 428 604 tamen
458 551 758 620 probrosus
780 553 860 605 sui
890 552 1118 624 perfugii
1149 557 1321 624 pudor
1347 558 1599 628 populum
1623 558 1833 623 lateret,

250 641 329 693 vel
359 655 535 710 usque
560 640 613 694 in
639 651 854 696 noctein
885 644 1120 698 indutias
1142 648 1405 715 poposcit.
1440 649 1539 715 Qui
1580 666 1678 704 nec
1707 649 1836 704 diﬁi-

248 731 349 786 cile
400 731 476 786 ita
515 734 763 796 accedit,
811 749 876 787 eo
914 749 1043 790 sane
1092 739 1273 807 tutior,
1323 742 1446 810 quia
1495 759 1832 813 nequaquam

245 840 365 878 eum
399 824 536 876 tanti
562 824 874 889 estimabat,
910 835 970 879 ut
1007 842 1100 881 sua
1125 829 1273 899 jussa
1329 834 1554 888 auderet
1595 835 1830 889 eludere.

247 915 354 969 Hoc
387 915 554 983 igitur
577 916 890 984 impetrato,
936 917 988 971 in
1044 920 1286 978 diversas
1315 933 1495 994 partes
1552 928 1832 996 episcopus

243 1006 536 1074 ancipitem
578 1007 822 1061 animum
872 1011 1036 1078 rapit;
1091 1014 1345 1081 quidnam
1389 1017 1540 1086 prius
1574 1020 1625 1073 in
1669 1024 1832 1076 tantis

241 1108 294 1149 et
344 1107 454 1150 tam
497 1099 698 1153 subitis
754 1103 1253 1170 perturbationibus
1301 1108 1583 1166 intendere
1640 1115 1829 1182 possit,

243 1187 452 1255 quaerit.
469 1187 582 1242 Nec
603 1205 778 1255 mora,
797 1192 978 1246 divino
1001 1197 1226 1250 consilio
1249 1214 1397 1264 usus,
1420 1214 1610 1256 omnes
1626 1204 1828 1258 amicos

245 1292 405 1345 atque
433 1277 624 1333 ﬁdeles
655 1279 800 1334 infra
829 1281 1141 1338 indutiolam
1167 1287 1305 1342 hanc
1329 1305 1451 1345 cum
1481 1292 1626 1346 omni
1652 1295 1830 1348 studio

235 1368 393 1436 jussit
444 1371 644 1424 tacitus
717 1375 1030 1438 convocari,
1084 1392 1380 1451 eorumque
1429 1382 1683 1455 suffragio
1721 1402 1830 1441 sute

237 1474 386 1513 cura:
418 1461 713 1516 consuluit.
744 1463 875 1517 Nam
901 1480 1004 1520 nox
1032 1468 1118 1522 illa
1153 1471 1284 1524 tanti
1327 1473 1536 1543 copiam
1559 1478 1830 1534 exercitus

238 1549 285 1602 ei
322 1551 557 1618 peperit,
588 1562 668 1617 ut,
703 1554 816 1608 Deo
843 1555 1080 1622 volente,
1108 1574 1264 1614 versa
1315 1564 1584 1618 sententia
1617 1566 1827 1622 hostem

240 1638 520 1694 incautum
547 1641 786 1698 diluculo
808 1655 962 1700 extra
991 1649 1266 1705 civitatem
1296 1653 1660 1724 compelleret,
1689 1656 1830 1726 ipsc-

236 1748 341 1801 que
368 1750 496 1789 cum
525 1737 638 1791 suis
660 1737 713 1791 in
735 1740 951 1808 propria
981 1743 1106 1797 sede
1133 1759 1333 1814 conpos
1353 1747 1516 1800 animi
1546 1750 1824 1804 resideret.

1941 558 2050 599 tate
2079 549 2507 617 supradictarum
2545 564 2746 613 rerum,
2791 552 2929 605 unde
2958 543 3206 608 videlicet
3238 563 3512 612 contentio

1939 649 2198 708 coeperat,
2253 639 2344 693 sed
2383 647 2438 693 et
2498 639 2724 694 alteram
2773 640 3065 708 abbatiam,
3130 633 3289 714 quam
3349 664 3512 720 supra

1939 730 2174 784 diximus
2236 731 2411 801 (161),
2480 744 2680 787 sancta:
2746 734 2839 788 Dei
2911 737 3168 793 :ccclesize
3234 741 3514 811 genitricis

1938 819 2118 874 Maria:
2149 821 2198 900 in
2241 834 2556 892 perpetuum
2611 826 2887 880 habendas
2938 834 3286 888 contradidit.
3339 833 3514 907 Super

1936 911 2076 978 quod
2123 894 2320 981 scripta
2366 916 2707 971 conﬁrmavit
2755 918 3100 987 hujusmodi:
3142 941 3159 974 ι
3209 927 3264 978 ln
3298 923 3514 979 nomine

1936 1013 2138 1057 sanctae
2173 1013 2228 1058 et
2277 1005 2566 1062 individua:
2593 1007 2903 1078 Trinitatis,
2931 1013 3087 1079 Otto,
3125 1017 3304 1070 divina
3333 1019 3515 1087 prOpi-

1935 1092 2113 1146 eiante
2142 1093 2425 1149 clementia
2460 1111 2576 1151 rex.
2609 1097 2866 1155 Noverint
2892 1117 3077 1156 omnes
3107 1104 3290 1159 ﬁdeles
3319 1107 3509 1169 nostri,

1934 1194 2227 1250 prcesyttes
2286 1186 2492 1242 scilicet
2517 1199 2573 1241 et
2621 1189 2688 1220 "°
2725 1189 2920 1254 futuri,
2973 1195 3210 1262 qualiter
3267 1211 3362 1264 pro
3417 1195 3507 1249 Dei

1933 1292 2118 1331 amore
2178 1287 2232 1332 et
2285 1289 2488 1334 sancta:
2525 1289 2577 1335 et
2624 1282 2958 1340 intemeratre
3005 1301 3219 1357 semper
3274 1288 3509 1360 Virginis

1933 1367 2134 1435 Mariae,
2162 1373 2438 1441 genitricis
2467 1373 2708 1441 ejusdem
2734 1376 2828 1431 Dei
2852 1387 2904 1432 et
2937 1378 3145 1434 Domini
3174 1385 3342 1436 nostri
3377 1383 3505 1438 Jesu

1932 1457 2156 1524 Christi,
2193 1476 2404 1515 necnon
2435 1472 2490 1518 et
2526 1465 2719 1519 animae
2746 1477 2945 1522 nostrae
2975 1470 3166 1536 salute,
3192 1471 3500 1527 interventu

1931 1565 2145 1620 quoque
2205 1553 2443 1609 ﬁdelium
2486 1567 2815 1626 nostrorum,
2857 1562 3064 1618 scilicet
3116 1564 3381 1622 Fridurici
3419 1584 3509 1621 ar-

1929 1640 2258 1713 chiepiscOpi
2295 1645 2558 1702 etdilerti
2609 1651 2851 1718 germani
2902 1654 3069 1708 nostri
3126 1655 3394 1712 Bruuonis
3449 1661 3507 1713 et

1929 1730 2198 1788 Cuonradi
2223 1737 2373 1791 ducis
2395 1747 2556 1808 atque
2583 1739 2896 1798 Herimanni
2935 1746 3085 1800 ducis
3115 1757 3169 1801 et
3199 1762 3502 1805 ceterorum

235 1821 366 1877 ροει
415 1824 536 1880 ωηο
573 1841 704 1881 γεω
747 1828 954 1899 aliqum
1013 1831 1202 1888 diebus
1264 1836 1593 1906 interpositis
1645 1855 1826 1898 comes
1861 1815 1901 1875 Β
1933 1822 2191 1889 ﬁdelium,
2243 1830 2593 1886 concedimus
2615 1848 2646 1886 a
2673 1833 2759 1888 die
2783 1848 3034 1905 presente
3065 1846 3118 1891 et
3148 1839 3278 1893 liora
3303 1850 3504 1896 sancta:

238 1929 518 1976 reversus,
551 1916 779 1972 collecta
833 1920 1006 1976 valida
1050 1939 1234 1990 manu,
1285 1930 1576 1998 resumptis
1621 1931 1826 1990 viribus

232 2005 424 2059 urbem
465 2009 703 2078 repetiit,
749 2011 1056 2084 multasque
1107 2016 1504 2086 inquietudines
1549 2023 1823 2094 ingerens,

230 2096 551 2167 episcopum
610 2101 926 2168 aliquandiu
989 2104 1278 2164 lacessivit.
1350 2111 1590 2182 Denique
1659 2117 1822 2172 etiam

232 2185 459 2241 alternis
521 2189 863 2247 conﬂictibus
899 2196 1078 2264 gravis
1116 2199 1257 2254 inter
1302 2216 1361 2256 se
1407 2208 1683 2261 contentio
1730 2209 1822 2264 ad-

230 2275 416 2329 olcvit.

298 2364 386 2418 72.
424 2367 567 2439 (71.)
610 2369 787 2435 Quod,
815 2374 900 2426 ubi
932 2375 1216 2446 imperator
1246 2381 1368 2437 Otto
1421 2388 1657 2453 precibus
1691 2392 1822 2460 regis

232 2455 504 2511 ιιαάυωὶίὶ
526 2477 685 2530 super
703 2465 877 2518 hostes
911 2468 1188 2537 satisfecit,
1220 2472 1478 2528 Ca’mraci
1508 2455 1819 2534 Fulbertnm

228 2552 477 2605 risitavil.
505 2555 713 2610 Interea
743 2560 856 2627 (an.
880 2559 1005 2630 958)
1033 2560 1306 2618 Gallorum
1342 2568 1616 2638 princeps,
1669 2571 1820 2645 llugo

229 2640 478 2697 videlicet
499 2644 590 2712 qui
631 2645 920 2702 dicebatur
965 2650 1209 2720 Magnus,
1269 2655 1572 2715 \‘l'illelinus
1602 2640 1819 2733 quoque

226 2731 715 2807 Rotomagensium
751 2740 860 2794 dux
892 2741 1288 2812 ferocissimus,
1322 2766 1499 2822 regem
1529 2769 1684 2810 suum
1717 2756 1820 2811 Lu-

225 2823 498 2880 duwicum
529 2828 746 2884 assidua
800 2830 1144 2890 infestatione
1184 2837 1569 2911 inpugnabant,
1621 2845 1821 2914 diuque

226 2919 364 2974 inter
391 2935 453 2975 se
484 2922 741 2996 utrinque
772 2926 891 2981 sine
916 2927 1319 2987 intermissione
1347 2934 1697 2993 dimicabant.
1731 2941 1819 2994 Vi-

222 3008 352 3061 dens
405 3017 590 3064 autem
636 3028 731 3067 rex
778 3030 886 3069 non
934 3032 1092 3086 posse
1131 3033 1190 3074 se
1231 3023 1434 3093 absque
1483 3025 1655 3082 aliena
1716 3045 1819 3102 ope

222 3099 575 3156 inimicorum
604 3119 864 3175 superare
889 3109 1172 3178 sazvitiam,
1213 3113 1613 3184 imperatorem,
1661 3099 1814 3178 Otto-

222 3205 345 3245 nem
387 3193 644 3249 videlicet
675 3195 916 3254 lleinrici
951 3201 1092 3273 regis
1136 3202 1324 3270 ﬁlium,
1373 3205 1526 3275 cujus
1571 3226 1815 3269 sororem

218 3281 556 3353 Gerbergam
574 3288 922 3346 matrimonio
941 3291 1112 3359 duxit,
1139 3294 1242 3350 sibi
1264 3294 1562 3365 adjutorem
1581 3303 1816 3359 adstrin-

218 3389 346 3443 gere
373 3376 674 3443 estimavit,
707 3380 994 3452 missisque
1035 3389 1342 3443 oratoribus
1386 3391 1454 3444 ad
1502 3392 1555 3447 id
1613 3397 1815 3466 negotii

217 3481 338 3520 cum
370 3470 633 3538 precibus
655 3471 924 3528 invitavit.
948 3475 1050 3542 Qui
1071 3479 1329 3536 continuo
1353 3481 1607 3540 fraternis
1636 3490 1810 3542 moni-

221 3558 364 3614 tibus
387 3557 739 3618 familiariter
764 3565 1067 3633 accinctus,
1095 3569 1261 3625 duces
1288 3585 1416 3627 suos
1441 3587 1504 3628 ac
1544 3577 1814 3648 principes

221 3650 359 3705 bello
386 3655 576 3722 parari
623 3658 902 3728 precepit;
965 3662 1273 3733 paratisque
1325 3664 1554 3728 viaticis.
1610 3669 1814 3740 absque

219 3742 478 3800 dilatione
525 3745 681 3814 juxta
739 3761 1021 3819 precatum
1068 3765 1245 3809 castra
1288 3758 1457 3811 movit
1507 3761 1617 3828 (an.
1649 3761 1809 3831 946);

211 3833 402 3904 sicque
426 3838 610 3908 primo
654 3840 941 3910 Parisium,
995 3845 1189 3903 deinde
1239 3847 1594 3921 Rotomagum
1642 3870 1813 3925 usque

215 3926 566 3990 perveniens,
599 3943 790 3986 omnes
825 3931 1052 3989 vicinias
1081 3935 1398 4003 devastavit,
1447 3939 1627 4010 ibique
1680 3946 1812 3998 satis

213 4013 589 4070 miserandam
616 4030 822 4088 pestem
852 4023 1042 4078 edidit.
1069 4025 1205 4080 Exin
1239 4043 1370 4083 vero
1401 4031 1683 4087 exhaustis
1731 4035 1810 4088 ul-

216 4103 362 4158 tione
390 4106 668 4172 hostibns,
693 4125 814 4166 cum
839 4116 1141 4183 repatriare
1181 4118 1422 4184 deberet,
1455 4121 1507 4175 in
1541 4124 1658 4193 ipso
1686 4126 1807 4195 qni-

213 4194 333 4249 dem
370 4197 558 4252 reditu
596 4201 646 4254 in
674 4204 862 4257 urbem
891 4204 1363 4265 Cameracensium
1395 4222 1572 4267 castra
1617 4218 1806 4270 metari

211 4283 512 4351 disposuit,
539 4288 856 4348 visitaturus
883 4295 1096 4367 quippe,
1130 4301 1400 4367 quomodo
1425 4296 1654 4358 domnus
1679 4305 1806 4359 Ful-

210 4375 401 4432 bertns
427 4380 721 4452 episcopus
747 4383 798 4437 in
834 4387 992 4443 rebus
1012 4389 1412 4447 :ecclesiasticis
1458 4407 1516 4447 se
1560 4395 1801 4450 haberet.

1928 1913 2107 1971 Maria:
2129 1919 2194 1971 ad
2223 1921 2404 1975 sedem
2443 1921 2853 1981 Cameracensis
2905 1928 3187 1996 :ecclesiae,
3230 1932 3317 1985 cui
3345 1948 3500 1990 vene-

1929 2007 2111 2062 rabilis
2136 2010 2417 2067 Fulliertus
2434 2014 2741 2086 episcopus,
2771 2017 2880 2072 Dea
2904 2028 3194 2086 annuente,
3224 2023 3503 2092 presidere

1928 2099 2158 2166 videtur,
2211 2104 2482 2160 abbatiam
2537 2110 2708 2162 sancti
2739 2108 3026 2181 Gaugerici
3074 2128 3289 2168 omnem
3329 2131 3396 2171 ex
3429 2118 3503 2170 it:-

1928 2203 2103 2262 tegro,
2159 2211 2280 2250 cum
2328 2199 2580 2254 omnibus
2629 2201 2790 2256 rebus
2831 2212 2880 2257 et
2904 2207 3335 2272 possessionibus
3357 2209 3498 2262 domi

1925 2295 2189 2356 extraque
2221 2292 2638 2359 pertinentibus,
2681 2295 2838 2349 sicuti
2860 2295 3003 2364 juris
3037 2301 3209 2354 nostri
3235 2299 3502 2356 hactenus

1918 2374 2064 2444 juste
2093 2393 2154 2430 ae
2195 2378 2438 2449 legaliter
2465 2384 2576 2436 visa
2627 2394 2710 2438 est
2761 2384 2956 2449 fuisse;
2988 2403 3248 2444 concessa
3296 2393 3502 2460 pariter

1925 2467 2067 2519 on‘tni
2093 2468 2305 2536 publica
2330 2470 2602 2527 functione
2642 2476 2722 2528 vel
2769 2478 3057 2534 exactione
3082 2481 3148 2534 ad
3181 2480 3295 2549 jam
3327 2482 3496 2536 fatum

1925 2560 2099 2613 sancti
2169 2566 2479 2618 monasterii
2547 2567 2722 2622 locum
2803 2573 3125 2638 pertinente.
3187 2574 3253 2630 Ut
3319 2575 3500 2640 nullus

1923 2663 2104 2703 comes
2138 2651 2218 2703 vel
2247 2653 2471 2720 quilibet
2527 2657 2601 2710 rei
2645 2657 2872 2726 publica:
2921 2663 3300 2719 ministerillie
3346 2678 3498 2733 pote-

1922 2747 2115 2792 statem
2155 2742 2351 2796 habeat
2388 2752 2477 2798 aut
2509 2747 2724 2800 mallum
2760 2751 2974 2804 tenendi
3006 2754 3088 2806 vel
3131 2756 3368 2810 bannum
3412 2758 3496 2810 vel

1923 2828 2073 2882 freda
2105 2831 2350 2901 exigendi
2384 2845 2477 2888 aut
2508 2836 2742 2907 aliquam
2788 2840 3179 2898 districtionem
3241 2845 3520 2914 faciendi,

1923 2918 2017 2972 sed
2052 2935 2146 2988 per
2173 2925 2354 2977 omnia
2388 2924 2458 2980 ita
2489 2927 2588 2980 sub
2617 2937 2882 2997 potestate
2930 2933 3039 2985 sint
3072 2933 3346 3005 episcopi,
3379 2939 3494 3008 qui.

1923 3007 2032 3063 Deo
2076 3019 2370 3078 prestante,
2399 3030 2495 3082 per
2547 3019 2946 3076 successionem
3002 3023 3176 3078 eidem
3233 3026 3498 3094 prefuerit.

1921 3099 2204 3167 arcclesize,
2262 3103 2517 3172 deinceps
2543 3117 2597 3159 et
2629 3108 2681 3160 in
2730 3111 2953 3178 perenni
3009 3123 3268 3184 tempore,
3332 3117 3496 3174 sicuti

1923 3203 2095 3258 usque
2143 3191 2304 3247 modo
2329 3193 2470 3262 juris
2523 3194 2742 3252 fuerunt
2774 3203 3060 3269 potestatis
3093 3217 3309 3261 nostraz.
3344 3209 3412 3263 Et
3439 3220 3498 3264 ut

1920 3280 2035 3334 haec
2085 3291 2284 3336 nostra:
2337 3289 2702 3343 concessionis
2755 3294 3050 3349 auctoritas
3077 3311 3175 3364 per
3203 3301 3468 3358 succeden

1919 3372 2052 3425 tium
2083 3373 2348 3428 curricula
2373 3387 2673 3447 temporum
2701 3380 3160 3451 inrefragabiliter
3191 3386 3494 3446 ﬁrmiorem

1918 3463 1970 3516 in
2005 3463 2094 3517 Dei
2127 3464 2342 3520 nomine
2366 3467 2606 3534 optineat
2635 3469 2897 3538 vigorem,
2930 3488 3089 3527 manu
3122 3479 3340 3546 propria
3397 3497 3493 3534 no-

1917 3564 2029 3608 stra
2059 3555 2248 3610 subtus
2273 3570 2391 3611 eam
2423 3557 2854 3625 ﬁrmavimus,et
2879 3563 3024 3617 anuli
3055 3568 3225 3621 nostri
3258 3585 3490 3640 impres—

1917 3648 2067 3702 sioue
2085 3649 2427 3704 corroborari
2461 3651 2812 3721 precipimus.
2842 3651 3070 3724 Signum
3113 3657 3296 3716 domui
3339 3663 3495 3717 Otto.

1916 3742 2356 3797 n'sinvietissimi
2416 3746 2576 3815 regis.
2634 3746 2780 3803 Brun
2837 3751 3196 3810 cancellarius
3224 3757 3290 3812 ad
3321 3759 3492 3814 vicem

1915 3833 2161 3888 ltotberti
2184 3836 2604 3906 archicapellani
2628 3844 2938 3914 recognovi.
2964 3843 3099 3899 Data
3122 3844 3156 3899 2
3200 3847 3320 3904 Kal.
3342 3849 3490 3915 Maii.

1915 3941 2058 3980 anno
2107 3926 2398 3984 Dominica:
2449 3930 2843 3989 lnearnationis
2891 3925 3036 3999 .947,
3091 3937 3384 3996 indictione
3435 3945 3490 4007 6,

1915 4029 2172 4088 regnante
2207 4021 2294 4091 pio
2329 4035 2452 4092 rege
2493 4022 2694 4078 Ottonc
2741 4041 2885 4082 anno
2916 4029 3002 4102 i5.
3058 4031 3251 4087 Actum
3297 4035 3493 4105 Aquis-
3537 4062 3542 4070 τ

1911 4110 2064 4178 grani
2093 4112 2283 4180 palacii
2321 4114 2373 4167 in
2410 4115 2646 4170 Domino
2681 4117 2933 4174 feliciter.
2960 4120 3151 4176 Amen.
3181 4142 3202 4174 ι

1985 4199 2070 4252 74.
2100 4200 2238 4272 (75.)
2267 4203 2596 4276 Amulricum
2621 4209 2856 4262 comitem
2879 4219 2927 4262 et
2951 4211 3118 4279 ﬁliam
3146 4212 3318 4278 Isaac,
3334 4233 3490 4288 quam

1911 4291 2243 4345 matrimonio
2278 4294 2379 4346 sibi
2405 4295 2577 4358 duxit,
2608 4297 2877 4360 episcopus
2904 4314 2996 4366 pro
3029 4309 3487 4372 consanguinitate

1909 4383 2157 4451 sejunxit.
2184 4384 2334 4438 Alter
2373 4385 2558 4439 itidem
2584 4402 2768 4442 comes
2791 4405 2855 4442 ex
2885 4405 3020 4460 pago
3042 4391 3273 4460 Hainou,
3297 4399 3485 4452 Amul-

281 4467 370 4522 75.
399 4471 545 4539 (72.)
572 4469 693 4525 Otto
719 4475 1002 4542 imperator
1026 4480 1292 4533 abbatiam
1324 4485 1491 4536 sancti
1525 4481 1803 4554 Gaugerici

1923 4479 2054 4527 ricus
2106 4475 2345 4538 nomine,
2377 4474 2458 4528 vir
2483 4490 2681 4545 genere
2731 4478 3101 4535 nobilissimus
3128 4495 3181 4536 et
3207 4485 3363 4551 juxta
3405 4504 3486 4544 se-

209 4557 453 4627 episcopo
487 4559 707 4627 confert,
739 4572 787 4614 et
816 4563 935 4619 inde
967 4579 1265 4636 preceptum
1313 4572 1602 4642 subjectum
1629 4589 1806 4627 corro-

211 4647 382 4701 borat.
443 4649 545 4704 Ubi
573 4667 696 4705 cum
757 4666 1071 4720 perventum
1101 4670 1206 4722 est,
1260 4662 1492 4716 domnus
1520 4663 1806 4734 episcopus

210 4751 372 4802 quam
414 4739 765 4796 familiariter
790 4759 912 4798 eum
961 4751 1193 4820 excepit,
1217 4754 1514 4822 amicisque
1531 4754 1806 4824 obsequiis

212 4841 428 4883 stunma
452 4846 576 4885 cum
620 4835 964 4892 veneratione
991 4840 1325 4905 deserviens,
1365 4845 1432 4899 de
1484 4844 1806 4900 incussioni-

211 4915 310 4970 bus
339 4924 604 4976 aeomite
658 4925 919 4993 prelibato
965 4931 1066 4985 sibi
1100 4930 1362 5000 inrogatis
1403 4950 1525 4989 cum
1571 4937 1800 5005 supplici

211 5011 556 5076 querimonia
615 5016 984 5084 proclamavit.
1032 5020 1133 5088 Qui
1164 5023 1342 5079 causis
1402 5027 1639 5087 auditis,
1697 5043 1804 5082 mo-

213 5095 400 5154 lestias
423 5104 684 5174 episcopo
714 5105 905 5173 illatas,
961 5113 1119 5168 sicuti
1151 5114 1301 5183 pius,
1364 5118 1588 5188 perinde
1640 5127 1804 5187 atque

1913 4564 2110 4617 enlaris
2134 4561 2317 4632 gloria:
2351 4578 2598 4635 pompam
2628 4566 3112 4637 fortunatissimus,
3138 4573 3298 4630 ﬁliam
3336 4577 3485 4635 Isaac

1911 4670 2064 4724 aeque
2098 4656 2311 4711 comitis
2366 4657 2557 4726 prefati
2609 4659 2760 4711 duxit
2807 4675 3055 4716 uxorem.
3101 4665 3279 4724 Multis
3301 4681 3479 4741 autem

1914 4749 2404 4806 internoscentibus
2479 4762 2639 4819 atque
2707 4752 3079 4811 deferentibus
3158 4750 3484 4831 conperiens
3550 4793 3554 4800 ι

1909 4837 2194 4893 Fulbertus
2246 4841 2569 4912 episcopus,
2628 4855 2752 4906 eos,
2821 4861 3079 4915 sponsum
3122 4850 3372 4907 videlicet
3427 4865 3483 4908 et
3530 4865 3554 4887 -‘

1906 4944 2178 4999 sponsam,
2207 4931 2468 5001 proxima:
2490 4933 2813 5002 cognitionis
2839 4941 3308 5011 consanguinitate
3353 4957 3480 5015 pro-
3553 4947 3556 4950 ’

1906 5022 2139 5091 pinquos
2175 5035 2231 5080 et
2253 5025 2371 5080 ideo
2401 5037 2590 5083 contra
2613 5025 2783 5098 legem
2819 5031 3120 5102 copulatos,
3171 5031 3318 5091 facto
3357 5050 3484 5090 con-

1907 5114 2028 5169 silio
2053 5120 2316 5173 canonice
2363 5119 2434 5172 ab
2471 5119 2696 5174 invicem
2730 5120 2987 5189 sejunxit,
3033 5126 3271 5192 datoque
3318 5129 3459 5192 βαδιεῖ
