4052 5358
509 333 574 386 ’15
1509 319 1728 376 GESTA
1770 317 2182 374 PONTIFICUM
2215 315 2820 373 CAMERACENSIUM.
3667 315 3736 368 76

503 447 747 502 dolenter
789 443 1043 500 ferentes,
1093 434 1252 490 modo
1305 435 1568 489 minarum
1629 434 1916 502 asperitate
1951 429 2065 498 epi—
2097 436 2139 492 Α
2171 429 2368 494 ciores,
2397 427 2589 498 quibus
2636 427 2862 482 affectus
2909 425 3096 495 patriae
3150 438 3319 478 ruma:
3363 432 3732 494 contemptum

501 551 720 607 scopum
759 528 1230 604 perterrefaciunt,
1261 595 1264 598 ί
1295 526 1452 581 modo
1489 533 1670 579 tamen
1717 522 1967 593 precibus
2013 529 2066 574 et

499 630 760 702 preeiosis
789 623 1102 680 muneribus
1131 618 1488 682 conveniunt;
1542 617 1670 686 quin
1719 615 1882 670 etiam
1909 614 2067 668 uber-

501 721 670 774 rimas
713 715 1040 772 hereditates
1076 717 1276 766 sanctae
1303 709 1398 764 Dei
1421 708 1680 764 aecclesia'
1722 705 2064 777 promittunt,

499 822 560 864 ut
588 810 701 866 sive
723 807 927 864 scilicet
972 817 1158 859 eorum
1201 800 1362 854 minis
1416 807 1653 861 coactus,
1683 798 1799 851 sive
1840 793 2066 862 promis-

502 915 684 956 sorum
712 912 994 953 munerum
1044 892 1384 949 affectatione
1437 891 1490 944 in
1541 889 1699 944 aliam
1743 888 2066 944 sententiam

503 993 694 1056 flexus,
731 989 1026 1058 disiunctus
1057 985 1288 1039 fortasse
1325 981 1755 1050 reconjungeret,
1789 980 2066 1034 inconvul-

503 1102 697 1158 sosque
722 1061 912 1142 amodo
961 1093 1179 1136 manere
1217 1075 1576 1148 permitteret.
1608 1071 1776 1141 llujus
1827 1073 1902 1126 rei
1942 1089 2066 1143 sug-

503 1179 745 1250 gestione
773 1174 1054 1245 episcopus
1101 1168 1420 1224 commotior
1459 1165 1652 1228 factus,
1707 1165 1832 1234 quia
1862 1165 2065 1236 igipso

503 1271 667 1324 timor
692 1264 899 1322 Domini
929 1259 1382 1334 preponderabat,
1438 1257 1614 1311 minas
1652 1255 1980 1325 posthabuit,
2013 1265 2068 1310 ct

501 1374 570 1414 ne
618 1375 647 1412 a
701 1369 887 1412 norma
939 1351 1213 1407 canonicze
1262 1347 1395 1418 legis
1441 1346 1615 1416 pretio
1662 1353 1875 1414 emptus
1925 1343 2065 1399 forte

502 1451 844 1512 descisceret,
895 1444 1158 1517 promissa
1203 1439 1462 1504 calcavit;
1492 1439 1656 1494 immo
1685 1447 1737 1493 et
1760 1437 1913 1506 juxta
1941 1451 2064 1506 pro-

499 1517 674 1614 pheta:
701 1539 1146 1608 increpationem,
1169 1532 1357 1589 nolens
1386 1531 1594 1586 animas
1619 1543 1736 1599 qua:
1763 1528 2066 1584 moriuntur

499 1637 776 1692 vivificare
803 1630 1017 1702 (Ezech.
1055 1643 1176 1693 xm,
1205 1626 1323 1694 19),
1355 1623 1608 1694 precibus
1629 1637 1816 1676 eorum
1843 1620 2064 1675 minime

500 1727 796 1800 adquievit,
827 1724 918 1780 sed
947 1722 1107 1776 totius
1145 1715 1481 1774 auctoritatis
1497 1714 1701 1784 judicio
1725 1713 1776 1768 in
1803 1719 2062 1784 perpetuo

500 1818 821 1892 segregavit.
855 1813 1004 1870 Unde
1024 1811 1225 1882 liquido
1253 1815 1476 1880 apparet
1519 1807 1662 1877 quod
1697 1804 1874 1859 nullus
1906 1802 2063 1858 turbo

499 1911 766 1964 minarum
797 1921 825 1960 a
853 1902 1128 1977 proposito
1153 1900 1286 1969 legis
1315 1912 1532 1953 movere
1555 1895 1786 1959 valebat,
1812 1893 2064 1964 nulloque

501 2001 734 2071 appetitu
755 1985 1034 2052 munerum
1063 1990 1398 2048 saecularium
1429 1987 1768 2058 captabatur,
1795 1984 2063 2055 quomodo

499 2093 576 2156 hi,
619 2105 752 2160 quos
782 2087 941 2142 hodie
986 2093 1080 2144 aut
1117 2096 1320 2140 terrore
1382 2079 1464 2136 vel
1519 2079 1704 2135 favore
1747 2077 2062 2150 potentioris

501 2199 743 2255 persona:
794 2188 1043 2244 coactos,
1108 2185 1202 2231 aut
1255 2175 1424 2230 lucris
1479 2172 1720 2228 avaritia:
1769 2170 2061 2236 inhiantes,

501 2275 672 2330 ausim
705 2273 904 2336 dicere,
925 2266 1317 2324 :ecclesiastica:
1346 2261 1700 2318 institutionis
1728 2259 2062 2330 disciplinam

499 2365 654 2420 malis
687 2362 938 2433 operibus
979 2360 1271 2429 depravare
1295 2369 1434 2426 saepe
1465 2351 1850 2422 conspicimus.

567 2458 816 2530 75.01.)
850 2455 1001 2524 Quod
1025 2453 1287 2524 Itungari,
1321 2455 1418 2506 hac
1458 2449 1646 2504 vicinia
1677 2448 1966 2512 devastata,
1995 2447 2064 2500 ad

497 2550 676 2604 urbem
703 2565 862 2618 usque
881 2554 1145 2602 venerunt.
1174 2543 1344 2609 Quam
1365 2559 1480 2596 cum
1503 2557 1603 2594 non
1642 2550 1850 2606 possent
1899 2553 2061 2608 expu-

499 2658 681 2712 gnare,
709 2654 857 2694 omne
883 2635 1186 2691 suburbium
1232 2649 1345 2685 cum
1375 2629 1561 2700 teinplo
1583 2630 1750 2683 sancti
1789 2627 2064 2698 Gaugerici

501 2732 907 2786 combussertml.
945 2725 1055 2780 Sub
1085 2724 1274 2778 iisdem
1312 2721 1504 2776 diebus
1529 2719 1639 2788 (an.
1670 2717 1794 2786 955)
1827 2717 2064 2786 llungari

501 2836 598 2891 per
671 2818 916 2889 regiones
981 2816 1140 2886 bujus
1197 2811 1486 2884 provincia:
1546 2809 1684 2866 male
1749 2809 2061 2874 sazviebant,

501 2911 842 2968 ('Lbristianos
874 2907 1240 2979 captivabant,
1265 2903 1673 2974 profanatisque
1707 2901 1876 2956 sacris
1901 2899 2062 2956 culti-

500 3007 624 3070 bus,
680 3001 952 3059 aecclesras
993 2997 1372 3052 incendebant.
1421 2995 1538 3062 Quo
1568 2992 1888 3064 perterritus
1940 2989 2064 3046 Ful-

501 3097 684 3151 bertus
709 3092 1010 3151 episcopus,
1037 3088 1262 3151 impigre
1289 3083 1656 3140 imminentem
1689 3082 1900 3138 ruinam
1939 3097 2066 3151 pre-

741 3097 1010 3162 piscopus,
1038 3097 1262 3158 impigre
1289 3097 1656 3140 imminentem
1689 3098 1900 3138 ruinam
1939 3097 2066 3152 pre-
2091 3120 2133 3180 Γ
2167 3097 2500 3149 conposnam
2533 3097 2936 3148 pretenuet‘unt,
2975 3097 3054 3142 ut,
3081 3097 3126 3131 δι
3152 3097 3398 3130 Vtuettcet
3432 3097 3532 3130 sun
3569 3097 3731 3145 capur

741 3187 922 3238 urbem
952 3181 1241 3235 attentiore
1265 3193 1390 3232 cura
1417 3175 1612 3230 muniri
1635 3175 1899 3239 exercuit,
1931 3183 1987 3227 et
2009 3173 2061 3227 in
2117 3161 2134 3182 ⁴
2166 3171 2504 3236 redderetur,
2535 3170 2634 3239 ipsi
2671 3183 2884 3224 omnem
2917 3168 3139 3237 predam
3165 3177 3218 3222 et
3243 3181 3434 3222 clunes
3465 3168 3731 3237 captivos,

498 3189 706 3250 videns,
736 3187 922 3238 urbem
952 3181 1241 3235 attentiore
1265 3193 1390 3232 cura
1417 3175 1612 3230 muniri
1635 3175 1899 3239 exercuit,
1931 3183 1987 3227 et
2009 3173 2061 3227 in

501 3275 885 3332 monasterium
921 3279 1120 3328 sanctae
1167 3268 1345 3322 Maria:
1381 3265 1754 3322 beatissimum
1799 3262 2061 3330 Gaugeri-

499 3385 641 3434 eum,
697 3368 1010 3422 thesaurum
1058 3361 1309 3416 videlicet
1357 3356 1838 3428 preciosissimum,
1877 3367 2064 3409 recon-

499 3461 671 3524 didit;
703 3471 940 3528 _prcsaga
994 3453 1258 3524 siquidem
1320 3458 1498 3506 mente
1543 3447 1870 3516 suspicatus,
1922 3444 2063 3514 quod

498 3567 620 3606 mox
649 3554 722 3604 rei
751 3548 997 3620 probavit
1021 3555 1268 3602 eventus.
1321 3539 1454 3595 Nam
1505 3538 1708 3608 aliquot
1729 3545 1848 3606 post
1875 3537 2065 3591 diebus

499 3642 824 3712 interlapsis,
853 3653 995 3706 anno
1051 3635 1300 3691 videlicet
1345 3633 1411 3687 ab
1453 3631 1831 3686 lncarnatione
1855 3626 2064 3682 Domini

499 3737 622 3800 953,
649 3735 681 3789 8
734 3733 854 3786 ldus
893 3729 1115 3800 Aprilis,
1173 3725 1274 3795 ipsi
1325 3723 1564 3794 Hungari
1608 3721 1938 3791 promptiore
1967 3721 2065 3774 im~

501 3835 624 3896 petu
653 3820 985 3878 bellatorium
1021 3817 1357 3887 disciplinam
1409 3813 1767 3883 preferentes,
1799 3812 1922 3866 huic
1946 3811 2064 3865 urbi

501 3915 854 3977 advolarunt,
911 3909 1194 3978 triduoque
1250 3906 1563 3970 inunorati,
1621 3903 1786 3959 totius
1849 3903 2064 3972 generis

499 4016 706 4078 pestem
743 4001 1056 4074 ediderunt.
1082 4000 1360 4070 Siquidem
1385 3997 1602 4062 nostris,
1627 3997 1752 4066 quia
1781 3995 2062 4050 adversum

504 4109 576 4154 tot
607 4105 761 4152 erant
796 4091 1129 4164 paucissimi,
1159 4090 1297 4144 intra
1331 4097 1442 4142 tuta
1486 4085 2060 4155 murorum-receptis,

501 4189 807 4246 suburbana
867 4185 1026 4240 nullis
1092 4180 1472 4237 resistentibus
1527 4179 1760 4234 adurunt
1814 4176 2060 4242 aedificia,

501 4283 758 4353 diripiunt
814 4277 1012 4334 civium
1081 4271 1428 4344 patrimonia;
1487 4269 1719 4340 denique
1789 4268 2064 4338 prosperis

501 4370 839 4428 successibus
885 4368 1012 4432 laeti,
1063 4365 1240 4420 studia
1293 4363 1448 4432 prelii
1496 4359 1884 4414 munitionibus
1915 4357 2062 4414 urbis

2167 519 2355 574 mortis
2404 517 2693 583 infuderat,
2729 517 2876 586 legit,
2911 517 3224 586 hostemque
3253 517 3308 570 in
3331 518 3737 585 compendiario

2168 607 2523 676 interceptum
2569 607 2783 662 tramite
2811 606 2987 662 subito
3025 615 3402 676 persecuntur.
3469 607 3572 674 Qui
3625 608 3739 661 cir—

2167 697 2444 753 cumfusus
2492 697 2861 760 multitudine,
2905 697 3032 751 dum
3078 697 3271 752 cedere
3330 697 3550 766 pudoris
3601 699 3742 753 esti-

2167 790 2355 856 mavit,
2403 799 2587 859 utpote
2610 789 2696 844 vir
2725 789 2889 844 animi
2936 789 3278 855 immodicus,
3337 789 3736 861 refugientibus

2167 880 2327 936 sociis
2355 880 2410 934 in
2439 880 2668 952 pretium
2711 881 2850 946 ruit;
2907 895 3138 950 moxque
3183 895 3214 934 a
3269 879 3444 936 latere
3498 881 3734 936 circum-

2166 983 2371 1034 veutus,
2398 982 2707 1028 nostrorum
2746 983 2924 1028 tamen
2967 972 3270 1040 dispendio,
3302 972 3514 1028 absciso
3553 971 3736 1040 capite

2164 1063 2532 1120 obtruncatur.
2585 1062 2738 1118 Unde
2796 1063 3078 1118 victoriam
3137 1063 3352 1134 adepti,
3393 1073 3552 1132 caput
3599 1073 3738 1118 astte

2165 1155 2396 1210 defixum
2427 1156 2479 1209 in
2501 1170 2709 1211 summo
2733 1170 2906 1220 muro,
2938 1155 3043 1209 illis
3065 1154 3264 1220 laetum,
3295 1153 3407 1209 suis
3433 1153 3738 1209 miserabile

2163 1244 2550 1314 spectaculum,
2600 1243 3014 1313 suspenderunt.
3061 1245 3279 1308 Audito,
3336 1259 3428 1298 rex
3457 1243 3739 1312 Bulgio—

2164 1336 2241 1390 sic
2269 1335 2410 1390 enim
2442 1335 2722 1392 dicebatur
2748 1334 3010 1389 —furore
3040 1349 3330 1399 accensus,
3361 1350 3547 1389 casum
3574 1334 3736 1389 amici

2163 1425 2539 1480 miserabiliter
2575 1426 2864 1496 ingemuit;
2911 1425 3180 1494 solitoque
3222 1425 3470 1479 acerbior
3516 1425 3738 1494 nepotis

2164 1523 2390 1568 mortem
2412 1513 2594 1570 ulcisci
2623 1515 2877 1584 gestiens,
2927 1515 3116 1570 urbem
3157 1528 3306 1570 cum:
3327 1514 3440 1570 suis
3499 1516 3734 1586 repetiit.

2163 1605 2298 1660 Tum
2326 1621 2452 1660 vero
2478 1605 2608 1661 satis
2631 1605 2830 1660 acriter
2859 1605 2962 1660 illis
2991 1605 3208 1676 quidem
3239 1605 3374 1660 foris
3403 1605 3734 1667 furentibus,

2165 1694 2282 1749 istis
2312 1709 2440 1748 vero
2465 1695 2610 1749 intus
2633 1694 2847 1750 fortiter
2903 1694 3301 1760 resistentibus,
3345 1695 3614 1764 utrimque
3641 1694 3738 1748 diu

2095 1785 2136 1843 Β
2165 1793 2422 1848 certatur,
2455 1787 2710 1857 omnique
2739 1801 2938 1857 genere
2972 1785 3202 1841 telorum
3249 1785 3580 1840 decernitur.
3611 1783 3738 1838 lllos

2166 1876 2318 1931 dolor
2346 1877 2568 1932 fraterni
2620 1879 2812 1948 capitis
2857 1878 3208 1948 pertinaciter
3263 1865 3608 1939 accendebat,
3653 1875 3739 1928 bis

2164 1981 2315 2020 amor
2349 1969 2536 2038 patria:
2580 1980 2635 2024 et
2675 1969 2861 2023 ultima
2889 1985 3013 2039 spes
3039 1969 3322 2024 audaciam
3366 1967 3736 2024 ministrabat.

2165 2059 2229 2114 Et
2257 2060 2382 2115 dum
2405 2061 2456 2116 id
2487 2062 2712 2132 geritur,
2747 2077 2962 2136 merens
3007 2062 3292 2132 cpiscopus
3322 2062 3480 2116 modo
3509 2061 3602 2116 Dei
3645 2076 3740 2130 ge-

2165 2160 2409 2216 nitricem
2462 2160 2714 2231 precibus
2775 2160 3046 2230 exagitat,
3103 2174 3393 2228 coramque
3435 2157 3780 2214 beatissimi

2163 2250 2446 2320 Gaugerici
2507 2251 2706 2306 feretro
2763 2249 3148 2321 procumbens,
3201 2250 3452 2320 dignetur
3485 2264 3604 2304 esse
3633 2249 3734 2304 de—

2165 2341 2346 2399 fensor
2367 2345 2528 2400 erebo
2555 2344 2879 2414 ingeminat;
2923 2343 3080 2399 modo
3108 2359 3236 2399 vero
3286 2359 3381 2414 per
3431 2357 3738 2413 pr0pugna-

2165 2435 2288 2490 cula
2335 2437 2624 2503 cursitans,
2659 2451 2786 2492 suos
2814 2436 3016 2490 viritim
3077 2435 3346 2492 confortat
3393 2443 3448 2490 et
3490 2435 3734 2501 instruit,

2164 2527 2395 2582 viriliter
2445 2529 2722 2593 dimicent,
2775 2527 3112 2582 invincibiles
3160 2535 3432 2596 pugnent;
3466 2527 3560 2582 Dei
3591 2529 3736 2583 enim

2165 2634 2286 2676 esse
2317 2627 2504 2674 contra
2536 2619 2865 2690 alienigenas
2913 2633 3165 2689 pugnam,
3199 2619 3273 2672 illi
3302 2617 3539 2672 futuram
3566 2619 3741 2675 victo-

2166 2711 2322 2765 riam.
2380 2711 2586 2766 Interea
2627 2711 2784 2766 fessis
2833 2710 2959 2766 dmn
3000 2709 3068 2764 ad
3117 2709 3561 2779 interruptionem
3601 2711 3739 2765 nihil

2167 2801 2506 2868 succederet,
2534 2803 2744 2858 solvere
2793 2801 3130 2856 obsidionem
3175 2801 3474 2856 consultius
3505 2803 3736 2857 estima-

2166 2903 2319 2960 runt;
2348 2910 2606 2964 suamque
2637 2893 2794 2948 fidem
2829 2893 2998 2948 venite
3019 2901 3074 2947 et
3103 2891 3292 2947 salutis
3335 2892 3577 2948 obsidem
3607 2892 3739 2948 oﬂ'e-

2167 2995 2366 3050 rentes,
2401 2987 2558 3042 istam
2609 2986 2937 3055 pactionem,
2983 2985 3248 3040 incertum
3300 2983 3496 3039 dolone
3518 2989 3584 3038 an
3629 2985 3737 3040 fide

2167 3078 2500 3149 conpositam
2533 3077 2936 3148 pretenderunt,
2974 3087 3054 3142 ut,
3081 3075 3126 3131 si
3152 3073 3398 3130 videlicet
3432 3076 3532 3130 sibi
3569 3085 3736 3145 caput

2165 3263 2256 3317 sed
2285 3271 2338 3318 et
2367 3263 2548 3317 omnia
2585 3275 2938 3334 quzecumque
2969 3261 3024 3314 in
3061 3260 3162 3315 hac
3191 3259 3385 3314 vicinia
3417 3269 3733 3330 rapuerant,

2166 3369 2334 3425 usque
2355 3354 2422 3409 ad
2444 3353 2724 3408 minimum
2747 3353 3120 3416 restituerent,
3142 3352 3316 3421 posita
3341 3351 3535 3428 deinde
3556 3367 3736 3422 pugna

2164 3433 2346 3515 pacein
2403 3446 2772 3515 composituri.
2804 3444 2867 3498 ili
2899 3460 3024 3498 vero
3067 3444 3236 3514 magis
3299 3442 3422 3497 dolo
3475 3446 3734 3513 suspecti,

2165 3546 2384 3592 exorata
2444 3536 2697 3592 refutant.
2727 3536 2844 3602 Quo
2881 3536 3120 3606 Hungari
3173 3535 3406 3606 amplius
3433 3544 3488 3590 et
3511 3536 3738 3591 inratio-

2167 3629 2418 3683 nabiliter
2441 3628 2680 3694 efferati,
2705 3629 2990 3684 incendere
3019 3627 3272 3696 templum
3305 3626 3488 3681 leviori
3519 3627 3738 3695 negotio

2167 3721 2414 3774 arbitrati
2473 3729 2630 3786 sunt;
2669 3733 3051 3788 murorumque
3095 3718 3540 3788 expugnationem
3564 3717 3738 3771 decli-

2166 3821 2374 3877 nantes,
2406 3813 2470 3868 ad
2499 3813 2708 3882 fastigia
2737 3811 2918 3880 templi
2950 3811 3052 3865 tela
3079 3811 3322 3866 ardentia
3367 3810 3614 3866 certatim
3641 3809 3732 3881 ja-
3813 3823 3816 3826 ί

2166 3903 2432 3959 colantur.
2461 3905 2542 3958 Ad
2574 3905 2675 3958 hoc
2697 3904 2898 3958 nostris
2927 3902 3147 3957 tandem
3176 3903 3422 3972 quaedam
3466 3903 3732 3958 mentium

2165 3994 2267 4050 fuit
2318 3995 2682 4051 consternatio
2715 4036 2729 4061 ,
2777 3996 3062 4066 gravisque
3109 4009 3206 4062 pre
3265 3993 3459 4048 timore
3497 3993 3734 4050 defectio

2165 4086 2438 4154 prevaierc
2461 4087 2663 4151 hostes,
2689 4101 2792 4142 non
2824 4086 3025 4141 habere
3047 4085 3150 4140 sibi
3175 4085 3351 4140 locum
3381 4083 3728 4141 defensionis.

2167 4179 2309 4234 Sane
2365 4179 2468 4234 illis
2518 4179 2635 4234 sine
2686 4177 3092 4233 intermissione
3140 4175 3543 4245 jac-ulantibus,
3615 4175 3730 4244 jam

2165 4272 2338 4326 vietor
2373 4271 2512 4341 ignis
2565 4285 2701 4340 pene
2747 4268 3252 4340 inrecuperabilitcr
3303 4277 3444 4322 tecta
3501 4276 3729 4334 teneret,

2167 4363 2268 4418 nisi
2298 4363 2513 4432 quidam
2533 4378 2600 4417 ex
2622 4362 2854 4430 clericis,
2879 4362 3162 4418 Serraldus
3179 4361 3416 4426 nomine,
3445 4360 3538 4414 Dei
3570 4359 3734 4416 credo

503 4465 788 4516 advertunt
815 4500 830 4527 ,
900 4464 1336 4526 temptantesque
1404 4451 1788 4520 iryuptionem,
1863 4449 2062 4504 nostris
2091 4470 2140 4530 ι)
2168 4455 2366 4509 virtute
2395 4453 2702 4518 roboratus,
2734 4463 2947 4525 sumpto
2975 4469 3158 4509 secum
3199 4465 3353 4523 aqua:
3382 4451 3602 4506 vasculo
3625 4452 3735 4506 cito

509 4567 686 4610 tamen
739 4553 940 4622 acriter
999 4547 1424 4612 defensantibus,
1479 4545 1700 4600 minime
1751 4543 2061 4614 proficiunt.

501 4646 683 4714 Itaque
709 4641 1060 4712 fatigati,non
1086 4639 1270 4710 procul
1292 4639 1358 4692 ab
1383 4637 1514 4692 urbe
1553 4637 1676 4691 fixis
1707 4635 1976 4700 tentoriis,
2010 4635 2062 4688 in

501 4745 658 4808 prata
706 4733 956 4802 videlicet
985 4721 1136 4802 juxta
1191 4729 1375 4784 Scaltb
1420 4726 1637 4782 fluvium
1677 4727 2062 4790 concedebant,

502 4830 684 4899 quiete
714 4827 939 4894 ciboque
963 4821 1207 4890 curandi,
1225 4823 1448 4894 posthac
1475 4819 1622 4874 urbis
1643 4819 1855 4874 excidio
1885 4832 2066 4872 rever-

502 4921 632 4976 suri.
675 4917 786 4972 Non
818 4927 1200 4984 usquequaque
1247 4921 1421 4974 tamen
1451 4910 1622 4965 nostri
1669 4909 1859 4964 octiosi
1891 4908 2062 4971 fuere,

501 5029 600 5050 ιιιπι
656 5011 819 5050 :nnlm
875 5007 1109 5050 nivitntic
1161 5005 1380 5050 nmninn
1433 5005 1578 5050 ητιςςί
1609 5001 1908 5050 disnendia.
1961 4999 2064 5050 Ubi

2143 5007 2598 5050 '2.".'::--mrinrtlm
2647 5007 2955 5050 dismarrpnc
3007 5016 3062 5050 nl.

2168 4561 2330 4616 super
2378 4545 2634 4615 templum
2685 4546 3019 4601 ascenderet.
3073 4545 3174 4613 Qui
3229 4544 3502 4599 resticulis
3549 4543 3730 4608 nixus,
3821 4555 3824 4558 '

2168 4653 2302 4708 quas
2360 4638 2591 4706 desuper
2651 4637 2892 4692 trabibus
2937 4637 3199 4707 clangorii
3247 4635 3392 4706 (162)
3445 4634 3735 4689 artiﬁciose

2169 4729 2644 4797 innexuit,sparso
2675 4729 2832 4785 latice
2863 4730 3036 4800 ignem
3077 4728 3447 4796 extinguebat,
3503 4727 3733 4780 volucri-

2168 4840 2270 4894 que
2295 4822 2474 4878 studio
2495 4836 2656 4891 super
2675 4822 2905 4876 culmina
2937 4822 3225 4882 cursitans,
3254 4834 3474 4887 operam
3515 4833 3730 4872 onmem

2169 4917 2401 4973 hostium
2431 4913 2696 4969 eludebat.
2721 4913 2961 4968 Mirabile
2987 4914 3152 4968 dictu.
3181 4911 3322 4966 Sane
3353 4909 3406 4963 in
3437 4919 3726 4980 conspectu

3117 5007 3319 5050 vnlnnri
3378 5015 3586 5050 natans-
3637 5007 3730 5050 sm]
