4052 5358
289 262 360 282 ...η

305 285 318 312 ι
341 282 354 304 ι
1715 287 1913 342 LIBER
1955 286 2226 345 PRlMUS.
3453 318 3520 371 73

292 375 353 426 ad
384 376 725 430 renitendum
762 378 1088 435 incomitum.
1145 385 1328 456 Itaque
1379 391 1556 446 hostes
1586 410 1704 448 cum
1754 399 1806 450 iu

1905 405 1930 458 \
1961 413 2045 450 ses
2071 409 2247 452 autem
2291 403 2514 456 consilio
2546 406 2758 460 saniore
2789 414 3062 478 preventi,
3104 418 3358 478 domuum
3389 427 3519 482 Ful-

285 465 693 534 possibilitatem
727 471 970 524 vincendi
1027 475 1133 527 ullo
1179 480 1336 533 modo
1368 497 1668 545 cernerent.
1725 504 1844 542 cum

284 558 481 624 pudore
511 568 569 612 et
598 560 786 615 dolore
810 563 875 616 ab
923 564 1202 621 obsidione
1247 571 1542 637 desistunt;
1585 576 1676 630 sed
1709 581 1848 646 quod

283 649 329 700 in
353 651 616 703 suburbio
650 651 906 706 intactum
957 665 1080 711 ante
1130 660 1486 729 reliquerant,
1517 683 1637 721 cum
1668 668 1848 724 furore

280 748 555 805 perurunt.
589 740 648 794 Si
676 758 812 810 quos
855 754 1030 798 autem
1089 747 1227 804 bello
1252 751 1454 808 habiles
1487 755 1624 812 forte
1653 759 1845 829 depre-

277 829 608 894 bendissent.
642 835 897 888 continuo
917 836 1268 908 jugulabant;
1314 848 1455 914 quod
1492 864 1622 904 vero
1650 855 1766 907 ueci
1792 867 1845 910 et

275 921 376 988 igni
411 925 794 992 superfuisset,
832 931 1125 999 captivitati
1159 940 1525 996 reservabant.
1557 943 1683 1000 Post
1729 947 1841 1003 lucc

273 1014 446 1075 etiam,
482 1017 629 1077 quod
675 1022 890 1088 gravius
922 1033 1004 1076 cst
1041 1035 1095 1078 et
1123 1030 1296 1098 magis
1336 1030 1643 1101 lugendum,
1677 1039 1838 1092 deco-

272 1119 375 1156 ram
411 1116 462 1158 et
497 1111 866 1165 venerabilem
901 1115 1177 1171 basilicam
1221 1124 1392 1176 sancti
1433 1123 1735 1197 Gaugcrici,
1781 1143 1838 1187 ut

269 1192 463 1247 scilicet
507 1200 762 1265 superbis
807 1201 1030 1258 ediﬁciis
1080 1209 1319 1264 exterius
1378 1212 1711 1283 insignitam,
1759 1222 1834 1275 ita

267 1283 418 1335 etiam
475 1285 710 1342 interius
743 1291 924 1346 multis
961 1298 1204 1363 pecuniis
1230 1303 1334 1355 rati
1361 1303 1648 1371 refertam,
1692 1309 1834 1366 facto

268 1377 470 1442 agmine
525 1380 846 1438 nitebantur
889 1387 1216 1459 irrumpere;
1277 1398 1368 1450 sed
1409 1400 1832 1462 obstinatissime

266 1465 616 1524 renitentibus
650 1476 929 1530 canonicis
967 1495 1087 1534 cum
1139 1485 1477 1544 multitudine
1507 1494 1670 1564 vulgi,
1723 1514 1828 1553 non

264 1564 500 1620 poterant
527 1561 782 1618 effectum
819 1564 1036 1623 habere.
1079 1571 1230 1628 Unde
1269 1578 1486 1645 quidam
1531 1561 1827 1640 incenden-

263 1644 374 1696 dum
401 1648 787 1717 minabantur;
821 1656 972 1710 multi
999 1674 1127 1714 vero
1152 1675 1369 1734 propter
1394 1668 1641 1737 plumbea
1685 1684 1824 1731 tecta

261 1732 621 1793 difﬁcultatem
653 1743 919 1810 videntes,
942 1750 1122 1815 potius
1151 1753 1558 1825 relinquendum
1600 1766 1820 1821 esﬁma-

270 1822 406 1877 bant.
429 1825 711 1884 Cedebant
733 1847 863 1904 ergo
887 1844 1048 1892 tanta:
1073 1822 1390 1910 ditIicultati,
1424 1857 1478 1901 et
1501 1850 1611 1918 jam
1639 1855 1823 1913 absce-

263 1911 470 1980 debant,
519 1933 646 1973 cum
688 1921 923 1978 furiosus
958 1929 1175 1997 quidam
1225 1948 1290 1988 ex
1345 1936 1557 1994 clericis
1585 1943 1636 1995 in
1667 1944 1821 2000 clan-

254 2004 391 2069 gorio
441 2007 643 2063 sedens
693 2011 746 2065 in
775 2015 960 2069 medio‘
1005 2020 1260 2088 sagittam
1297 2037 1658 2086 contorserat.
1704 2035 1819 2101 Quo

254 2092 438 2146 acriter
465 2101 784 2168 exasperati
850 2105 1109 2175 ampliore
1135 2126 1357 2168 numero
1384 2132 1482 2185 pro
1508 2120 1814 2182 ulciscenda

257 2182 427 2248 injuria
456 2187 526 2239 ad
576 2194 969 2249 monasterium
1009 2198 1268 2268 reﬂuunt;
1302 2203 1552 2278 factoque
1591 2214 1681 2268 diu
1713 2216 1812 2270 im-
1847 2247 1850 2253 -

252 2280 381 2340 petu,
412 2277 635 2332 tandem
665 2281 1058 2352 irrumpentes,
1097 2292 1295 2348 multos
1321 2295 1386 2351 de
1433 2303 1649 2369 populo,
1679 2321 1813 2374 quos

253 2364 378 2417 intus
435 2382 834 2438 reppererant,
888 2386 1168 2445 sternunt;
1225 2399 1291 2440 ex
1339 2388 1552 2446 clericis
1598 2410 1812 2466 quoque

250 2453 574 2521 Ansfridum,
617 2461 951 2529 Anselmum,
1004 2468 1373 2541 Grinbertum,
1432 2479 1805 2552 Teoderieum,

249 2540 551 2601 Gcntionem
619 2554 952 2610 exanimant.
1009 2557 1309 2618 Novissime
1360 2582 1486 2622 vero
1534 2572 1677 2628 intra
1737 2577 1807 2630 la-

247 2638 444 2699 quearia
474 2640 660 2710 ignem
690 2655 971 2713 ponentes,
1005 2657 1311 2712 venerabile
1340 2663 1592 2730 templum
1624 2678 1803 2723 tamen

238 2723 478 2782 .diutumo
501 2742 568 2785 et
591 2733 797 2790 difﬁcili
829 2741 1043 2810 negotio
1064 2745 1464 2816 subvertet-unt,
1489 2755 1620 2810 adeo
1651 2773 1800 2825 sane,

245 2827 292 2869 ut
312 2819 579 2875 ambustis
615 2826 864 2882 sublimis
892 2839 1178 2889 structurae
1217 2838 1482 2906 aediliciis,
1534 2844 1798 2903 lamenta-

242 2908 333 2961 bile
354 2910 519 2977 dictu,
552 2916 787 2972 culmina
829 2935 950 2976 cum
978 2934 1127 2980 vasta
1172 2930 1324 2984 ruina
1361 2935 1794 3007 devolverentur.

242 2995 558 3068 plumbique,
586 3019 694 3072 quo
723 3021 934 3064 summa
965 3013 1194 3084 desuper
1227 3027 1366 3075 tecta
1411 3028 1797 3095 cooperieban-

1961 486 2167 540 ber:um
2227 493 2530 557 poutiticem
2571 499 2911 567 suppliciter
2969 506 3239 577 adierunt;
3301 532 3517 588 sumque

1953 577 2338 645 deplorationis
2385 586 2582 640 seriem
2629 589 2989 660 inculcantes,
3026 600 3224 657 obnixe
3265 607 3520 677 implora-

1954 677 2109 730 runt,
2141 679 2201 722 ut
2244 673 2368 740 quia
2401 675 2468 728 de
2497 680 2784 744 parrochia
2818 682 2934 749 ejus
2977 691 3268 748 translatus
3303 673 3514 768 fuerat,

1952 757 2021 811 ibi
2070 761 2232 814 etiam
2265 780 2294 816 a
2341 766 2588 823 violentis
2618 781 2888 830 extortum
2939 791 3184 839 sanctum
3240 794 3516 849 martirem

1948 854 2210 917 reportari
2245 871 2366 909 cum
2398 860 2541 912 omni
2573 861 2759 917 labore
2785 873 3156 930 contenderet.
3188 879 3385 939 Hormo
3411 887 3516 940 ita-

1945 954 2048 1008 que
2075 958 2292 998 causam
2329 960 2722 1019 competentem
2754 962 3036 1026 previdens
3058 969 3369 1042 episcOpus,
3401 993 3518 1033 om-

1947 1032 2161 1088 nimodo
2193 1036 2490 1104 laboravit,
2543 1048 2892 1119 quoadusque
2941 1055 3079 1110 beati
3113 1066 3353 1120 martiris
3403 1071 3516 1140 gle-

1945 1123 2066 1176 bam
2102 1128 2169 1179 ad
2213 1132 2484 1198 proprium
2521 1134 2694 1190 locum
2745 1142 2940 1198 referri
2989 1153 3186 1221 coegit.
3235 1155 3340 1211 Pro
3380 1166 3546 1218 tanti-

1939 1226 2066 1282 ergo
2091 1216 2336 1274 beneficii
2369 1231 2868 1295 rccompeusatione
2901 1240 3127 1304 predicti
3179 1243 3378 1305 fratres
3408 1255 3507 1307 vil-

1940 1301 2073 1366 lam.
2123 1323 2242 1377 quae
2272 1311 2339 1365 ab
2373 1313 2563 1370 incolis
2607 1301 2917 1380 Newebova
2947 1329 3093 1402 (165)
3146 1301 3507 1410 nuncupatur,

1936 1405 2134 1451 sanctce
2158 1403 2314 1456 matri
2337 1405 2596 1462 tecclesia:
2616 1407 3088 1475 Cameracensium
3131 1424 3359 1484 libenter
3378 1449 3509 1490 con-

1937 1482 2192 1541 tulerunt.

2003 1576 2089 1630 77.
2120 1579 2255 1649 (76.)
2297 1583 2418 1638 Otto
2447 1603 2536 1641 rex
2581 1591 2936 1652 immunitates
2971 1614 3168 1660 sancta:
3204 1607 3391 1667 Maria:
3420 1633 3502 1670 re-

1931 1681 2147 1731 uocans,
2172 1673 2428 1728 leloneum
2454 1678 2612 1747 hujus
2633 1683 2856 1740 civitatis
2885 1707 3000 1745 cum
3032 1709 3237 1751 moneta
3267 1705 3503 1776 episcopo

2090 1756 2144 1776 ,.,
2228 1760 2263 1776 ..
2305 1771 2315 1776 -
2400 1773 2408 1776 Α
2499 1768 2508 1776 .

1853 1744 2165 1811 Beatus-lit.
2225 1760 2445 1819 Petente
2496 1744 2611 1837 ipso
2677 1776 2963 1845 pontifice,
3015 1782 3140 1838 Otto
3211 1744 3502 1861 ittzperatbr

1923 1849 2296 1905 auctoritatem
2347 1855 2735 1927 immunitatis,
2785 1881 2947 1935 quam
3003 1884 3315 1934 antecessor
3368 1899 3499 1937 suus

1921 1931 2149 1991 Karolus
2179 1954 2342 2010 super
2377 1947 2562 2002 sedem
2607 1949 3080 2018 Cameracensium
3131 1965 3277 2033 ﬁxit,
3312 1971 3493 2028 inreli-

1919 2027 2146 2091 gendam
2175 2031 2339 2086 etiam
2369 2038 2740 2109 confirmavit;
2775 2047 2934 2116 eique
2976 2052 3195 2125 insuper
3220 2075 3380 2117 omne
3414 2073 3495 2120 tc—

1922 2111 2136 2170 luneum
2185 2135 2305 2175 cum
2356 2137 2570 2182 moneta
2604 2129 2773 2198 ipsius
2833 2139 3071 2197 civitatis
3119 2153 3479 2215 contradens.

1917 2208 2257 2268 postmodum
2276 2227 2464 2268 omnes
2482 2216 2744 2276 ﬁscalium
2771 2223 3104 2286 functionum
3129 2240 3492 2301 mutilationes

1924 2308 2020 2360 per
2072 2297 2368 2366 subjectum
2420 2307 2723 2376 bujusmodi
2757 2323 3063 2377 testamenti
3110 2330 3491 2396 paginatu'se-

1919 2390 2222 2451 questravit
2253 2411 2265 2444 :
2308 2411 2326 2443 ι
2365 2394 2420 2448 In
2451 2400 2666 2454 nomine
2715 2416 2916 2462 sanctze
2956 2420 3012 2465 ct
3040 2390 3328 2475 individua
3363 2424 3484 2480 Tri-

1913 2475 2102 2531 nitatis
2131 2479 2257 2535 Otto
2285 2484 2464 2540 divina
2515 2493 2848 2560 propiciaute
2892 2499 3174 2562 clementia
3206 2526 3318 2567 rex.
3349 2515 3483 2573 Gum

1910 2565 2264 2630 petitionibus
2289 2589 2567 2632 servorum
2597 2579 2692 2636 Dei
2716 2583 2879 2652 justis
2926 2599 2979 2644 et
3027 2596 3440 2660 racionabilibus
3463 2645 3480 2672 ,

2722 2651 2727 2652 ν
3234 2651 3439 2660 ν---νηη
3463 2651 3480 2672 ν

1908 2651 2074 2708 divini
2128 2659 2304 2714 cultus
2349 2678 2534 2721 amore
2575 2667 2852 2740 favemus,
2883 2692 3116 2748 superna
3155 2690 3329 2756 gratia
3384 2710 3481 2749 nos

1906 2750 2104 2808 muuiri
2135 2767 2474 2826 nequaquam
2512 2762 2822 2822 difﬁdimus.
2875 2769 3108 2833 Proinde
3139 2750 3352 2834 noverit
3385 2782 3474 2837 in-

1904 2838 2109 2897 dustria
2153 2859 2247 2900 seu
2280 2851 2550 2918 sagacitas
2578 2857 2831 2918 omnium,
2863 2861 3105 2920 fidelium
3134 2877 3475 2939 nostrorum,

1905 2936 2011 2982 tam
2039 2936 2366 2999 presentium
2395 2954 2557 3010 quam
2587 2954 2642 2997 et
2673 2946 2998 3014 futurorum.
3035 2957 3161 3024 quia
3190 2959 3274 3012 vir
3305 2977 3468 3039 vene-

1902 3020 2086 3076 rabilis
2145 3024 2461 3095 Fulbertus,
2494 3031 2906 3095 Cameracensis
2952 3044 3102 3099 urbis
3145 3037 3427 3120 episcopos
3453 3095 3467 3116 .

2447 3087 2460 3095 .
2611 3087 2905 3095 πρην--η
2956 3087 3102 3099 πω...
3145 3087 3467 3120 ννωιυιηω,

241 3095 334 3149 tur,
359 3087 640 3158 liquefacti
669 3096 815 3151 rivus
865 3099 970 3156 buc
1019 3103 1146 3160 illuc
1193 3122 1291 3176 per
1313 3112 1540 3168 declivia
1571 3133 1795 3191 quaeque
1823 3118 1866 3180 C
1898 3113 2093 3168 obtuli:
2113 3117 2387 3177 obtutibus
2413 3125 2615 3182 nostris
2642 3128 3011 3188 immunitates
3054 3135 3224 3192 beatae
3267 3157 3472 3200 memo-

241 3175 507 3200 .ΙΑ....---..-
644 3184 656 3200 ι
701 3197 709 3200 -
757 3189 766 3198 -
930 3191 942 3200 .
967 3192 979 3200 .

238 3175 532 3245 decurrens,
607 3184 800 3253 plateis
851 3191 1066 3259 quidem
1122 3201 1457 3266 natantibus,
1497 3204 1669 3264 fossas
1699 3212 1796 3266 im-

237 3264 386 3329 pleret
430 3271 483 3325 in
523 3274 784 3332 circuitu.
847 3279 1092 3340 Posthrec
1141 3296 1484 3362 congregatis
1549 3303 1791 3372 captivis,

238 3370 341 3408 cum
366 3359 575 3416 inﬁnita
618 3367 781 3434 prcda
806 3371 1205 3431 abscesserunt.

296 3448 373 3503 76.
405 3453 542 3524 (75.)
585 3455 690 3510 Ubi
717 3472 955 3517 sanctum
988 3464 1282 3524 Hermetem
1317 3477 1536 3540 pristino
1564 3480 1678 3533 loco
1708 3500 1791 3537 re-

235 3539 424 3596 stituere
457 3547 686 3601 studuit.
719 3550 882 3606 Danis
923 3569 1136 3626 quoque
1169 3560 1314 3616 circa
1361 3565 1522 3620 istam
1568 3573 1791 3638 provin-

235 3627 352 3683 ciam
382 3649 486 3688 non
515 3638 699 3693 minus
726 3639 1058 3711 furentibus,
1092 3659 1146 3704 et
1173 3661 1230 3704 ut
1254 3651 1421 3723 liquet
1452 3658 1597 3728 ipsas
1616 3662 1786 3719 histo-

235 3718 324 3772 rias
369 3721 703 3792 legentibus,
749 3742 966 3787 sanctas
1013 3737 1100 3791 Dei
1155 3755 1308 3797 casas
1349 3744 1782 3823 incendentibus,
1821 3803 1823 3805 .

231 3809 399 3866 beatus
421 3814 864 3876 Hermesmartir
885 3825 1107 3893 Christi,
1135 3847 1454 3907 quempapa
1480 3809 1787 3902 Alexander

232 3897 390 3956 Romae
411 3905 734 3975 baptizavit,
759 3913 824 3968 de
848 3913 1091 3973 Rouasce
1113 3897 1262 3993 (1—65)
1285 3897 1408 3980 villa
1435 3897 1781 4002 Brabatettse,

228 3990 281 4043 de
306 4001 631 4054 nionasterio
664 4003 910 4060 videlicet
954 4012 1095 4077 quod
1126 3990 1320 4070 beatus
1348 4020 1625 4079 Amandus
1656 4043 1783 4082 con-

228 4089 428 4149 struxit,
452 4089 520 4140 ad
555 4093 944 4149 monasterium
967 4098 1104 4154 villae
1126 4101 1274 4160 Eude
1298 4106 1466 4177 (164),
1494 4129 1612 4182 quae
1626 4115 1781 4184 juxta

224 4169 601 4242 Aquisgranum
619 4180 720 4234 sita
744 4191 846 4249 est,
875 4187 1050 4254 primo
1075 4204 1411 4262 asportatur;
1438 4200 1630 4259 deinde
1654 4221 1779 4262 vero

222 4259 478 4319 Coloniam
506 4283 682 4336 usque
717 4273 1036 4341 translatus,
1070 4259 1174 4335 non
1210 4299 1382 4352 pauco
1411 4289 1604 4346 ibidem
1640 4303 1774 4351 tem-

221 4361 332 4414 pore
355 4353 691 4414 demoratur.
720 4361 873 4418 Unde
900 4365 1356 4431 intercedentibus
1381 4380 1585 4450 aliquot
1609 4401 1776 4443 anno-

220 4450 320 4491 rum
341 4443 651 4512 curriculis,
678 4448 820 4505 inter
841 4460 1125 4528 utrumque
1147 4461 1375 4528 clerum,
1408 4467 1459 4522 id
1495 4478 1598 4533 est,
1633 4473 1772 4529 inter
1803 4445 1851 4502 Β

218 4527 603 4594 Rotnascenses
638 4550 802 4612 atque
855 4547 1160 4618 Endeuscs,
1218 4572 1412 4628 magna
1461 4575 1646 4621 exorta
1687 4579 1770 4624 est

215 4621 533 4695 disceptatio.
591 4633 752 4690 Danis
797 4640 936 4694 enim
984 4647 1210 4701 remotis
1258 4649 1523 4722 rebusque
1568 4671 1767 4716 saneta;

217 4710 291 4766 Dei
317 4720 577 4776 accelesia:
620 4725 672 4778 iu
722 4731 1076 4798 prosperitate
1106 4738 1402 4802 restitutis,
1431 4743 1764 4804 Rmnascen-

213 4816 285 4857 ses
323 4823 475 4863 suum
530 4815 828 4872 moliuntur
877 4821 1075 4877 referre
1123 4835 1436 4897 patronum;
1489 4837 1762 4896 Eudeuses

211 4905 322 4950 vero
388 4903 724 4960 unanimiter
784 4909 1028 4982 refragati
1097 4918 1332 4975 retinere
1398 4932 1756 4998 contendunt,

212 4991 371 5052 lllpOte
411 4992 669 5048 videlicet
699 5001 999 5066 preciosum
1030 5007 1373 5068 thesaurum.
1427 5019 1550 5076 [huc
1600 5024 1761 5092 igitur

213 5075 466 5135 altercatio
506 5085 652 5138 inter
679 5104 734 5142 se
767 5090 1066 5161 aliquandiu
1104 5109 1386 5168 processit.
1421 5111 1754 5170 Rotnascen-

1900 3202 1993 3257 ria:
2028 3213 2389 3267 antecessoris
2439 3218 2610 3272 nostri
2642 3217 2823 3274 Karoli
2847 3263 2861 3285 ,
2895 3223 2946 3277 in
2997 3226 3191 3294 quibus
3221 3235 3462 3290 contine-

1897 3287 2054 3346 batur
2078 3295 2358 3366 insertum,
2382 3304 2618 3371 qualiter
2644 3311 2924 3377 predictus
2953 3326 3270 3375 antecessor
3289 3334 3472 3383 noster

1897 3386 2121 3445 Karolus
2153 3407 2250 3447 rex
2294 3399 2623 3455 nominatam
2660 3406 2841 3460 sedem
2865 3448 2879 3471 ,
2911 3425 3031 3478 qua:
3052 3423 3139 3468 .est
3175 3416 3226 3470 in
3257 3418 3464 3474 honore

1894 3490 2092 3533 sanctae
2117 3481 2208 3536 Dei
2242 3487 2522 3554 genitricis
2554 3490 2733 3549 Maria:
2763 3510 3083 3571 semperque
3101 3504 3335 3576 Virginis
3353 3549 3369 3574 ,
3394 3512 3464 3566 ob

1891 3580 2130 3624 amorem
2166 3573 2260 3627 Dei
2285 3583 2339 3630 et
2365 3581 2811 3650 tranquillitatem
2840 3587 3067 3646 fratrum
3100 3573 3301 3651 ibidem
3323 3573 3463 3655 con-

1890 3656 2194 3716 sistentium
2215 3706 2229 3729 ,
2261 3681 2476 3739 semper
2516 3673 2616 3728 sub
2644 3676 2954 3744 plenissima
3007 3685 3229 3743 tuitione
3276 3699 3329 3745 et
3358 3691 3463 3748 im-

1890 3749 2170 3807 munita‘tis
2224 3755 2537 3815 defensione
2583 3764 2960 3826 hahuisset‘“.
3033 3771 3137 3830 Pro
3199 3777 3456 3838 ﬁrmitate

1889 3844 2066 3894 tamen
2099 3844 2176 3897 rei
2203 3848 2491 3914 postulavit
2519 3867 2617 3908 nos
2646 3856 2887 3924 prefatus
2911 3863 3197 3935 cpiscopus
3233 3869 3458 3928 Fulber-

1889 3937 2003 3994 tus,
2059 3945 2116 3988 ut
2165 3936 2404 4005 ejusdem
2443 3945 2584 4014 regis
2633 3951 3010 4008 auctoritatem
3059 3957 3112 4012 in
3170 3975 3356 4017 amore
3404 3975 3460 4018 et

1886 4028 2186 4082 reverentia
2216 4041 2415 4087 sancta:
2463 4034 2554 4089 Dei
2599 4041 2876 4108 genitricis
2907 4043 3090 4101 Marias
3134 4061 3316 4106 nostra
3347 4069 3445 4106 au-

1883 4118 2133 4173 ctoritate
2161 4123 2629 4182 confirmaremus.
2663 4130 2814 4197 Quod
2847 4133 2922 4190 ita
2952 4153 3050 4206 per
3087 4139 3452 4200 interventum

1882 4208 2063 4265 dilecti
2113 4213 2557 4284 episc0pinostri
2607 4220 2856 4291 Rihharii
2905 4224 3054 4300 (166)
3099 4231 3332 4289 libenter
3359 4238 3450 4290 ad-

1879 4299 2214 4368 quievimus,
2245 4316 2298 4358 et
2330 4307 2402 4360 ita
2450 4313 2824 4369 concessimus
2857 4324 3019 4387 atque
3055 4336 3152 4390 per
3181 4324 3282 4380 hoc
3327 4342 3449 4395 pre-

1879 4394 2091 4458 ceptum
2146 4402 2346 4448 nostra:
2405 4399 2748 4456 auctoritatis
2818 4404 3208 4464 roboravimus.
3259 4413 3448 4470 Preci-

1878 4481 2087 4548 pientes
2112 4498 2241 4555 ergo
2279 4485 2532 4553 jubemus
2572 4499 2629 4545 ut
2674 4495 3031 4564 nullusjudex
3084 4504 3326 4571 publicus
3360 4509 3444 4562 vel

1875 4573 2131 4639 quislibet
2176 4591 2243 4630 ex
2291 4577 2578 4645 iudiciaria
2624 4593 2893 4651 potestate
2939 4589 2990 4642 in
3035 4593 3303 4650 aecclesias
3351 4608 3445 4651 aut

1876 4661 1991 4715 loca
2041 4663 2124 4716 vel
2157 4681 2314 4737 agros
2363 4683 2454 4724 seu
2509 4671 2744 4738 reliquas
2780 4681 3149 4744 possessiones
3193 4687 3444 4753 predictae

1872 4757 2160 4822 :ecclesize,
2226 4777 2358 4830 quas
2399 4765 2652 4819 moderno
2699 4777 2940 4837 tempore
2989 4773 3043 4827 in
3115 4778 3444 4844 quibuslibet

1869 4847 2022 4915 pagis
2049 4849 2132 4901 vel
2185 4851 2475 4907 territoriis
2523 4854 2660 4908 infra
2709 4856 2967 4915 ditionem
3021 4865 3228 4932 imperii
3271 4871 3438 4921 nostri
3483 4945 3486 4948 ἢ

1861 4931 2007 4997 justo
2035 4942 2089 4989 et
2115 4937 2361 5008 legaliter
2387 4954 2682 4998 memorata
2709 4955 2855 5004 tenet
2881 4951 2963 5003 vel
2988 4931 3227 5021 possidet.
3249 4957 3435 5011 aecclc-

1864 5024 1944 5076 sia
1968 5067 1981 5087 ,
2017 5026 2100 5080 vel
2128 5044 2188 5082 ea
2220 5043 2335 5095 qua:
2368 5032 2622 5104 deinceps
2652 5039 2764 5092 al“
2789 5041 3076 5100 catholicis
3105 5045 3236 5101 viris
3265 5047 3435 5101 eidem

1807 5167 1809 5169 ,
1862 5117 2050 5171 collata
2087 5119 2287 5172 fuerint
2327 5126 2620 5193 tecclesisc,
2657 5131 2720 5184 ad
2751 5147 2942 5188 causas
2991 5138 3310 5201 audiendas,
3345 5148 3435 5192 aut

1488 5247 1716 5300 VARLE
1758 5247 2158 5302 LEll'i't'ONES.

266 5300 662 5358 "‘ba‘buissent
699 5312 714 5358 ι
744 5354 755 5358 -
914 5321 1132 5358 ιηιιηηει
1170 5323 1184 5358 l
