4052 5358
442 406 514 462 ’Μ

451 521 602 577 {reda
634 516 716 572 vel
749 511 1058 570 mansiones
1080 506 1162 562 vel
1189 510 1407 574 paratas
1435 494 1712 553 faciendas
1731 533 1745 556 ,
1768 497 1863 545 aut
1892 485 2021 540 fidec
2050 483 2096 542 A

447 611 692 678 jussores
723 601 1007 665 tollendos,
1041 606 1131 652 aut
1161 593 1410 650 homines
1438 587 1607 660 ipsius
1634 580 1890 638 aecclesiaa
1913 587 2020 631 tam

462 703 725 770 ingenuos
758 707 920 764 quam
947 703 1134 745 servos
1165 699 1326 754 super
1349 690 1549 737 terram
1589 674 1760 745 ipsius
1785 681 2024 726 comma-

458 802 647 847 neutes
677 796 1018 856 nequaquam
1050 774 1457 846 distringendos
1475 811 1490 835 ,
1517 767 1604 824 vel
1632 765 1770 820 ullas
1796 760 2030 816 retribu-

459 883 633 938 tiones
660 887 754 934 aut
793 873 1029 930 inlicitas
1057 867 1376 923 occasiones
1412 856 1798 929 requirendas,
1833 847 2030 905 nostris

459 987 516 1032 et
563 973 760 1029 futuris
801 964 1135 1037 temporibus
1178 953 1385 1030 ingredi
1432 950 1659 1014 audeat,
1691 945 1774 999 vel
1803 959 1866 998 ea
1914 954 2032 1011 qua:

459 1081 624 1138 supra
649 1066 946 1118 memorata
967 1060 1116 1114 sunt,
1138 1029 1352 1119 penitus
1373 1041 1589 1110 exigere
1609 1043 1902 1108 prcsumat.
1928 1029 2034 1084 Sed

462 1162 624 1216 liceat
667 1158 969 1211 memorato
1006 1142 1206 1217 presuli
1259 1138 1481 1206 suisque
1511 1128 1920 1190 successoribus
1948 1137 2037 1177 res

463 1256 719 1328 predictae
743 1246 1032 1308 accelesizn,
1063 1254 1185 1297 cum
1232 1233 1439 1292 cellulis
1467 1239 1522 1286 et
1551 1228 1711 1282 rebus
1751 1222 1836 1278 vel
1867 1217 2041 1275 homi-

463 1351 621 1405 nibus
647 1345 746 1400 sibi
773 1340 1015 1412 legaliter
1038 1330 1318 1400 subjectis,
1337 1327 1437 1382 sub
1463 1317 1821 1380 immunitatis
1842 1320 2038 1369 nostra:

464 1437 778 1494 defensione
806 1431 989 1502 quieto
1037 1422 1226 1479 ordine
1271 1415 1575 1490 possidere,
1607 1418 1661 1465 et
1689 1414 1875 1461 nostro
1907 1402 2037 1457 fide-

466 1531 590 1585 liter
632 1498 840 1596 parere-
869 1515 1129 1586 imperio,
1170 1521 1332 1579 atque
1375 1519 1474 1576 pro
1509 1499 1808 1555 stabilitate
1847 1498 2034 1546 nostra

465 1620 552 1675 vel
585 1617 751 1674 totius
800 1607 1010 1680 imperii
1063 1619 1092 1657 a
1137 1602 1244 1654 Deo
1287 1596 1440 1651 nobis
1472 1590 1652 1648 collati
1692 1585 1773 1642 vel
1823 1596 2044 1638 conser-

467 1709 628 1766 vandi
661 1720 766 1759 una
812 1716 932 1757 cum
965 1697 1110 1752 eiero
1142 1701 1195 1745 et
1238 1686 1434 1759 populo
1465 1681 1566 1738 sibi
1601 1677 1844 1749 subjecto
1873 1672 2044 1726 libere

472 1801 567 1856 Dei
617 1790 1047 1852 misericordiam
1099 1795 1349 1836 exorare.
1405 1775 1473 1830 Et
1539 1767 1796 1841 quicquid
1849 1761 2044 1820 exinde

475 1897 636 1950 fiscus
667 1896 851 1943 uoster
875 1887 1090 1950 exigere
1119 1878 1330 1946 poterat
1349 1911 1363 1934 ,
1405 1869 1457 1922 in
1491 1861 1849 1919 luminaribus
1878 1854 2045 1925 ipsius

469 1980 729 2039 aecclesite
753 1969 1124 2033 conciunanda
1153 1959 1539 2035 perpetualiter
1585 1949 1954 2009 concessimus
1983 1943 2050 1997 ad

476 2070 801 2130 habendum.
852 2063 1076 2129 lusupcr
1119 2062 1302 2110 nostra
1356 2046 1642 2118 largitione
1702 2036 2051 2095 concedimus

484 2163 696 2237 prefato
744 2158 1000 2229 episcopo
1045 2160 1098 2205 et
1146 2140 1548 2202 successoribus
1577 2135 1695 2205 ejus
1729 2143 1888 2186 omne
1919 2124 2055 2179 telo-

481 2271 642 2312 neum
674 2267 797 2308 cum
830 2253 1043 2304 moneta
1090 2236 1323 2295 civitatis
1357 2246 1468 2288 suae
1513 2220 1960 2284 Cameracensis,
1991 2231 2056 2270 eo

480 2346 732 2404 videlicet
758 2351 974 2401 tenore,
1006 2341 1063 2388 ut
1091 2343 1278 2385 novem
1313 2331 1496 2395 partes
1521 2318 1899 2388 episcoporum
1940 2306 2052 2360 usi-

485 2442 586 2492 bus
613 2435 960 2503 deputentur,
989 2423 1199 2478 decima
1232 2431 1362 2471 vero
1398 2427 1524 2483 pars
1562 2407 1628 2462 ad
1659 2418 1789 2460 usus
1832 2399 2059 2454 fratrum

483 2525 722 2595 ejusdem
752 2510 1191 2588 congregationis
1225 2499 1620 2577 perpetualiter
1667 2495 1721 2549 in
1768 2486 2061 2547 elemosiua

485 2628 675 2673 nostra
727 2610 998 2682 proficiat.
1055 2603 1326 2658 Prteterea
1375 2588 1790 2649 constituimus,
1841 2597 1910 2636 ne
1943 2577 2064 2646 quis

487 2711 594 2762 dux
626 2702 711 2758 vel
737 2713 919 2755 comes
946 2704 1109 2764 atque
1132 2687 1374 2742 vicarius
1401 2697 1496 2738 seu
1547 2674 1804 2750 quislibet
1833 2686 1900 2726 ex
1919 2667 2063 2738 judi-

488 2798 655 2853 ciaria
693 2798 965 2865 potestate
1013 2793 1254 2839 nostram
1302 2775 1388 2831 vel
1419 2779 1823 2828 antecesserunt
1854 2768 2067 2816 nostro-

494 2904 610 2943 rum
668 2897 856 2955 regum
915 2876 1124 2932 violare
1179 2873 1459 2942 presumat
1513 2855 1954 2916 constitutionem
1975 2847 2067 2900 1⁸⁸.

483 2978 644 3046 Quod
678 2940 995 3031 siufecerit,
1044 2940 1227 3018 causis
1259 2951 1530 3026 regalibus
1573 2949 1645 3003 sit
1691 2940 1988 3002 obnoxius,
2018 2945 2074 2990 et

496 3073 721 3138 insuper
757 3059 946 3118 solidis
974 3051 1249 3112 sexcentis
1275 3041 1566 3114 eulpabilis
1591 3036 1896 3109 judicetur;
1926 3027 2074 3082 vide-

493 3163 628 3216 licet
654 3165 712 3212 ut
742 3155 859 3209 duae
885 3157 1068 3222 partes
1095 3145 1148 3198 in
1179 3139 1462 3196 archivum
1497 3131 1665 3201 ipsius
1690 3123 1950 3182 (ecclesia:
1980 3119 2073 3174 ad-

1425 381 1644 440 GESTA
1687 365 2044 432 PON'I'IFICU
2057 363 2100 418 .\l
2133 356 2612 445 CAMERAQENSI
2625 354 2740 410 ΒΜ.

3625 338 3694 392 80

2127 477 2280 532 dibus
2311 473 2543 530 conditis
2568 514 2583 537 ,
2621 467 2892 539 quandam
2939 461 3102 516 etiam
3148 454 3486 526 metropolim
3517 452 3694 523 Maga-

2127 571 2367 626 daburch
2395 563 2656 622 vocabulo
2678 557 2894 615 struxit.
2920 554 3015 609 Cui
3043 564 3164 606 cum
3188 550 3255 603 ab
3277 545 3548 617 episcopis
3575 545 3692 600 suis

2129 663 2294 718 multa
2343 667 2653 716 sanctorum
2704 653 2925 723 pignera
2969 647 3343 714 impetrasset,
3377 637 3693 692 Fulbertum

2130 755 2440 826 episcOpum
2468 758 2780 804 sanctorum
2807 737 3092 810 Gaugerici
3118 732 3368 788 videlicet
3393 738 3554 798 atque
3593 727 3706 782 Au-

2132 822 2274 904 berti
2300 822 2524 913 corpora
2549 839 2651 895 sibi
2676 835 2791 892 dari
2814 828 3140 903 postulavit;
3181 822 3547 880 felicissimam
3573 830 3708 874 sane

2132 938 2426 995 arbitratus
2455 947 2607 990 suam
2638 929 2756 984 fore
2797 921 3172 993 metropolim,
3209 917 3254 970 si
3287 921 3554 969 tantorum
3581 924 3712 963 con-

2133 1031 2402 1086 fessorum
2433 1021 2754 1095 patrociniis
2801 1016 3104 1072 fulciretur.
3138 1008 3309 1080 Hujus
3338 1020 3469 1061 vero
3497 1002 3712 1074 petitio-

2138 1136 2257 1176 nem
2289 1117 2576 1188 episcopus
2607 1111 2880 1168 declinare
2908 1103 3237 1166 formidans,
3288 1098 3494 1152 incerto
3525 1091 3713 1157 haesit;

2137 1213 2230 1269 sed
2258 1221 2435 1265 tamen
2465 1185 2776 1266 beneficiis.
2810 1213 2930 1270 quae
2965 1194 3134 1250 multa
3165 1190 3276 1260 jam
3303 1188 3352 1245 ei
3378 1185 3713 1257 prestiterat,

2138 1311 2197 1358 ut
2225 1301 2490 1363 diximus,
2521 1295 2672 1351 ne‘"
2714 1291 2991 1346 videretur
3018 1287 3292 1356 ingratus,
3323 1293 3434 1332 suae
3464 1273 3718 1346 petitioni

2140 1394 2388 1450 effectum
2417 1387 2686 1460 promisit.
2716 1383 2832 1450 Qua
2863 1381 2916 1435 in
2968 1393 3026 1434 re
3072 1372 3253 1447 presul
3298 1369 3518 1429 anxius.
3547 1366 3601 1420 in
3631 1363 3721 1417 di-

2141 1498 2299 1540 versa
2343 1488 2499 1552 parte
2543 1477 2782 1532 animum
2831 1471 3122 1540 ancipitem
3175 1463 3374 1525 ﬂectit;
3424 1460 3722 1525 vidensque

2143 1573 2508 1630 difﬁcultatem
2548 1567 2777 1638 negotii,
2810 1564 2925 1620 sive
2953 1561 3117 1616 donet
3142 1559 3255 1612 sive
3295 1560 3474 1624 neget,
3504 1557 3716 1604 utrum-

2145 1681 2249 1737 que
2276 1663 2378 1720 sibi
2407 1662 2522 1718 fore
2549 1658 2909 1729 periculosum
2959 1649 3213 1706 advertit.
3253 1646 3310 1702 Si
3354 1643 3498 1702 enim
3559 1643 3724 1709 neget

2148 1751 2495 1825 imperatoris
2522 1746 2889 1805 benivolentia
2917 1741 3184 1798 offensum
3222 1736 3319 1801 iri;
3370 1733 3415 1788 si
3463 1745 3594 1786 vero
3633 1731 3727 1784 do-

2075 1831 2120 1890 Β
2150 1854 2273 1910 net,
2313 1856 2424 1898 suae
2456 1839 2754 1910 provinciae
2802 1835 3040 1890 futuram
3088 1826 3378 1900 perniciem
3398 1863 3414 1888 ,
3443 1827 3628 1892 utpote
3654 1818 3732 1870 vi-

2154 1937 2330 1992 duatae
2380 1931 2659 2003 patronis,
2705 1941 2804 1998 per
2845 1937 2982 1994 quos
3031 1930 3084 1976 et
3134 1913 3483 1987 temporalem
3529 1908 3733 1964 meruit

2153 2026 2380 2083 salutem
2413 2031 2467 2077 et
2496 2020 2752 2076 celestem
2781 2021 2963 2085 sperat
2998 2006 3414 2065 beatitudinem.
3442 2001 3589 2055 Inter
3617 1999 3736 2054 haec

2156 2115 2364 2172 medius
2393 2109 2669 2181 pontifex,
2702 2106 2920 2159 tandem
2960 2100 3062 2155 sibi
3099 2095 3322 2168 provida
3371 2090 3579 2146 ratione
3601 2102 3738 2143 con-

2157 2206 2353 2269 suluit,
2401 2199 2699 2271 paucisque
2748 2207 2969 2250 suorum
3015 2189 3212 2259 quibus
3245 2190 3454 2240 secreta
3484 2177 3739 2234 credebat

2159 2293 2438 2356 abhibitis,
2465 2265 2861 2346 clam—duorum
2899 2279 3242 2338 sacerdotum
3273 2285 3534 2342 corpora,
3559 2265 3736 2322 sancti

2161 2384 2411 2441 videlicet
2441 2377 2727 2435 Teoderici
2764 2371 3039 2444 episcopi,
3069 2371 3138 2423 de
3170 2381 3278 2437 quo
3307 2377 3471 2432 supra
3499 2357 3741 2414 diximus

2164 2478 2233 2548 (c.
2279 2473 2371 2544 49)
2394 2513 2408 2538 ,
2438 2479 2494 2526 et
2526 2467 2751 2525 alterius
2793 2462 2946 2532 cujus
2977 2473 3173 2515 nomen
3203 2453 3408 2512 excidit
3440 2448 3622 2520 (167),
3652 2445 3742 2500 de-

2165 2569 2323 2626 tectis
2351 2561 2654 2636 sepulchris
2681 2557 2918 2626 accepit;
2954 2549 3276 2616 feretrisque
3321 2539 3618 2598 honorifice
3653 2537 3742 2591 iu-

2166 2658 2380 2720 voluta,
2412 2626 2536 2708 cum
2567 2650 2773 2718 aliquot
2799 2645 2964 2699 etiam
2992 2637 3236 2693 articulis
3264 2631 3437 2686 sancti
3465 2626 3742 2687 Autberti,

2169 2743 2480 2818 imperatori
2506 2716 2823 2805 concessit.]
2855 2730 3009 2798 Quod
3055 2727 3101 2782 si
3149 2724 3274 2795 quis
3299 2721 3462 2774 latius
3485 2717 3626 2773 scire
3652 2716 3745 2769 de.

2170 2841 2404 2901 siderat,
2434 2833 2631 2888 librum
2676 2839 2838 2897 quem
2877 2821 3165 2878 Fulbertus
3204 2815 3396 2870 doctor
3424 2807 3749 2864 karissimus

2171 2933 2240 2989 de
2286 2899 2400 2985 vita
2450 2922 2625 2981 sancti
2674 2911 3189 2980 Autberti,jubente
3241 2906 3438 2960 domno
3493 2899 3746 2969 episcot-o

2177 3022 2445 3087 Gerardo,
2477 3010 2837 3084 inscripserit,
2867 3007 3028 3075 legat.
3061 3001 3174 3057 [loc
3203 3005 3384 3052 autem
3415 2993 3620 3062 absque
3649 2987 3746 3040 Dei

2175 3116 2267 3188 pia
2314 3107 2668 3182 dispositione
2695 3097 2991 3168 contigisse
3023 3108 3130 3148 non
3177 3090 3379 3150 dicam,
3411 3099 3536 3140 cum
3583 3079 3749 3136 etiam

501 3171 628 3216 licet
654 3171 712 3212 ιιι
742 3171 859 3209 (ιιιω
885 3171 1068 3222 partes
1097 3171 1148 3198 Ill
1179 3171 1462 3196 ᾶιιιιηνυιιι
1498 3171 1665 3201 Iro-tu
1690 3171 1948 3182 ..νυν----ω
1984 3171 2005 3172 η
2024 3171 2046 3174 ν
2177 3171 2194 3188 ⁸
2402 3171 2418 3182 .

501 3253 808 3308 mittantur,
834 3251 888 3298 et
919 3238 1133 3296 tertiam
1171 3233 1334 3286 fiscus
1364 3223 1560 3297 regalis
1606 3228 1791 3277 noster
1815 3211 2068 3281 recipiat;
2101 3189 2146 3250 (ἶ
2178 3209 2372 3263 beatus
2400 3201 2486 3256 vir
2512 3193 2724 3252 Domini
2770 3185 3140 3245 Theodericus
3185 3183 3325 3236 hanc
3364 3171 3750 3233 remuneratio-

1933 3301 1960 3308 Δ
2061 3299 2074 3308 “
2393 3293 2432 3308 ﬁ
2450 3306 2460 3308 ‘
2477 3289 2616 3308 “3“
2650 3292 2697 3308 “
2723 3279 3128 3308 -Α-ιηιηιῖη-ηὶιιη
3155 3289 3181 3308 οι
3212 3268 3407 3308 mnnln
3431 3268 3750 3308 mEI‘PJ‘EllII'.

797 3299 902 3389 tale
928 3327 1056 3399 quid
1089 3323 1291 3379 audere
1315 3317 1572 3383 deinceps
1595 3313 1895 3382 prcsumat.
1924 3299 2076 3368 Quod

501 3434 577 3488 ita
604 3437 658 3484 et
684 3440 782 3481 nos
817 3437 911 3493 per
939 3421 1079 3473 hanc
1105 3421 1348 3468 nostram
1371 3403 1755 3462 auctoritatem
1787 3392 2081 3451 confirma-

505 3537 626 3578 mus
645 3561 657 3583 ,
681 3525 742 3572 ut
765 3516 905 3571 sicut
949 3526 980 3564 a
1025 3507 1197 3561 beata:
1223 3497 1498 3556 memoria:
1524 3501 1868 3549 antecessore
1896 3490 2080 3538 nostro

502 3612 761 3684 predietaa
789 3601 1048 3662 :ecclesite
1079 3595 1334 3651 collatum
1361 3598 1527 3656 atque
1558 3584 1829 3636 firmatum
1857 3581 1973 3636 est,
2004 3571 2083 3624 ita

507 3668 762 3767 deinceps
787 3687 1171 3748 inviolabiliter
1197 3687 1571 3736 conservetur.
1595 3671 1662 3725 Et
1686 3676 1744 3722 ut
1764 3668 1879 3720 haec
1899 3668 2083 3716 nostra

435 3802 438 3806 '
513 3790 810 3848 auctoritas
839 3801 868 3837 a
899 3780 1146 3834 fidelibus
1169 3779 1372 3826 sanctae
1399 3767 1491 3822 Dei
1513 3761 1776 3818 aecclesire
1801 3763 1856 3810 et
1883 3753 2086 3807 nostris

512 3881 696 3937 verius
738 3874 1052 3938 certiusque
1103 3863 1378 3923 credatur,
1422 3867 1586 3908 manu
1631 3845 1848 3919 propria
1902 3842 2088 3896 subter

518 3987 640 4027 eam
665 3964 996 4023 firmavimus
1013 3998 1029 4025 ,
1058 3965 1112 4012 et
1134 3951 1294 4008 anulo
1323 3955 1508 4003 nostro
1521 3941 1781 4012 jussimus
1805 3927 2085 4002 insignari.

519 4063 743 4131 Signum
775 4051 989 4110 Ottonis
1019 4039 1353 4104 serenissimi
1403 4035 1568 4105 regis.
1601 4031 1783 4085 Bruno
1827 4019 2090 4080 cancella-

523 4158 634 4210 rius
687 4152 752 4206 ad
810 4148 986 4204 vicem
1063 4130 1394 4193 llotbertim
1452 4117 1870 4192 archicapellani
1935 4125 2089 4168 reco-

521 4249 675 4321 gnovi
695 4246 782 4298 ηδ.
817 4243 974 4295 Anno
1005 4237 1038 4291 5
1082 4236 1345 4303 regnante
1373 4223 1568 4279 Ottone
1596 4209 1945 4272 serenissima
1969 4218 2096 4274 rege

521 4297 630 4401 (Cum
661 4337 808 4408 940).
838 4334 1032 4387 Actum
1065 4297 1592 4390 estvlngeleheim‘"
1640 4309 1693 4362 in
1741 4303 1836 4358 Dei
1879 4297 2096 4354 nomine

524 4431 773 4484 feliciter.
805 4423 1001 4478 Amen.
1048 4436 1067 4470 ι

599 4481 710 4591 [18.
743 4514 879 4587 (77.)
919 4507 1072 4576 Quod
1102 4502 1292 4574 petenti
1341 4497 1445 4568 regi
1483 4500 1719 4549 sanctum
1751 4481 2097 4554 Gaugericum

528 4623 573 4666 et
602 4618 840 4664 sanctum
861 4601 1166 4656 Autbertum
1187 4591 1454 4663 episcopus
1474 4593 1708 4640 sanctum
1727 4574 2099 4633 Theodericum

528 4664 576 4758 et
602 4701 703 4755 .alii
734 4697 831 4752 viri
855 4708 1040 4762 corpus
1069 4685 1287 4742 contulit
1313 4679 1408 4744 (γ.
1455 4673 1660 4742 Autb.).
1708 4671 1834 4728 Otto
1861 4669 1963 4724 iste
1988 4664 2104 4736 glo-

2180 3313 2305 3356 nem
2332 3310 2364 3349 a
2393 3289 2622 3350 Domino
2647 3292 2703 3340 et
2723 3279 3130 3338 venerationem
3155 3289 3184 3326 a
3212 3268 3407 3342 populo
3431 3268 3750 3321 mereretur,

2180 3399 2235 3447 et
2259 3403 2327 3444 ne
2356 3395 2542 3440 nosua
2571 3375 2849 3450 provincia
2874 3371 2986 3426 suis
3005 3363 3381 3422 defensoribus
3407 3358 3750 3428 privaretur;

2181 3496 2318 3554 quos
2342 3477 2510 3534 etiam
2535 3442 2588 3527 si
2612 3468 2917 3525 subducere
2941 3460 3122 3524 vellet,
3153 3457 3326 3511 fateor
3353 3448 3573 3522 quidem
3607 3442 3756 3498 nullo

2183 3574 2345 3629 modo
2389 3573 2593 3638 posset.
2626 3561 2798 3628 Quem
2829 3556 2975 3612 enim
3023 3563 3243 3607 sensum
3290 3544 3439 3600 cives
3477 3537 3760 3592 habituros

2184 3661 2500 3722 existimas,
2546 3654 2592 3708 si
2640 3652 2964 3706 advocatum
3017 3653 3174 3696 suum
3218 3629 3576 3702 Gaugericum
3623 3621 3761 3690 eripi

2187 3753 2287 3811 sibi
2317 3754 2761 3811 cernerent,per
2805 3748 2968 3805 quem
3020 3729 3150 3784 felix
3196 3725 3390 3780 civitas
3435 3716 3764 3773 Cameracus

2187 3845 2423 3903 feliciter
2450 3803 2718 3894 illustrata
2736 3870 2752 3897 ,
2780 3803 2978 3883 nomen
3027 3835 3182 3876 suum
3213 3808 3532 3886 propagavit
3557 3803 3762 3871 ubique

2189 3932 2470 4012 gentium?
2498 3929 2666 3984 immo
2694 3936 2764 3977 ne
2807 3917 2908 3988 ipsi
2937 3913 3155 3984 quidem
3187 3899 3534 3976 imperatori,
3562 3893 3731 3950 credo
3749 3929 3767 3954 ,

2188 4030 2295 4086 vivi
2321 4024 2599 4082 cederent.
3360 4037 3366 4044 .

2261 4075 2538 4193 lilii—78.)
2567 4104 2718 4174 Quod
2747 4103 2801 4156 in
2825 4097 3010 4155 sinodo
3049 4091 3188 4164 apud
3215 4081 3577 4158 Engulenhein
3629 4075 3776 4131 testi-

2703 4192 2734 4193 7’
2787 4191 2814 4193 ’⁴
2917 4189 2927 4193 “
2967 4187 2978 4193 ³
3083 4182 3128 4193 "
3557 4165 3773 4193 “11......

2193 4165 2364 4268 ingnio
2392 4165 2438 4260 et
2462 4165 2662 4256 auxilio
2689 4182 3194 4246 FulbertiArloldus
3212 4175 3524 4236 restituitur,
3551 4178 3597 4223 et
3613 4165 3774 4234 Hugo

2193 4256 2469 4373 Egilia}:
2499 4291 2688 4359 (Fxon.
2715 4300 2789 4349 tv,
2820 4279 2935 4350 35).
2963 4274 3118 4346 Apud
3163 4263 3533 4341 Engulenheiu
3585 4256 3779 4315 sinodo

2193 4349 2534 4466 congregata:
2561 4396 2743 4441 coram
2759 4349 3022 4432 ambobus
3047 4366 3281 4437 regibus,
3308 4359 3506 4417 Ottone
3528 4349 3781 4407 videlicet

2201 4437 2532 4466 πηδησηπ
2569 4437 2615 4441 --

2201 4497 2254 4544 et
2293 4479 2603 4541 Luduwico,
2655 4485 2777 4527 cum
2824 4463 3030 4519 Marino
3075 4457 3331 4512 Romanae
3377 4445 3520 4502 sedis
3573 4437 3782 4495 vicario

2208 4587 2418 4644 unaque
2439 4569 2602 4626 etiam
2634 4577 2756 4618 cum
2790 4553 2974 4611 multis
3017 4541 3352 4616 coepiscopis
3383 4536 3672 4592 Fulbertus
3701 4527 3783 4582 in-

3066 4640 3097 4644 --
3133 4641 3141 4644 _
3431 4631 3440 4641 ,
3485 4624 3627 4644 Au,‘
3683 4621 3758 4644 nn

2209 4621 2531 4732 $33.11;;
2557 4652 2719 4722 948);
2755 4648 2847 4703 ubi
2869 4644 3036 4701 series
3066 4640 3176 4694 litis
3204 4650 3303 4707 pro
3357 4624 3632 4702 cpiscopio
3683 4621 3788 4674 ne-

2210 4717 2478 4814 mensium
2509 4749 2652 4803 inter
2669 4717 2956 4798 lirtoldum
2985 4742 3040 4789 et
3067 4731 3347 4799 Hugonem
3391 4717 3649 4776 ventilata
3677 4719 3783 4767 est.

2210 4805 2466 4903 lilii-vero
2497 4852 2620 4894 eum
2653 4835 2764 4904 ipse
2788 4826 3062 4888 Artoldus,
3093 4822 3313 4875 absente
3335 4811 3549 4884 quidem
3564 4805 3789 4874 Hugone

2209 4938 2425 5002 :emulo,
2457 4944 2641 4989 coram
2665 4925 2883 4996 regibus
2914 4927 2967 4974 et
2991 4914 3242 4972 omnibus
3269 4908 3362 4979 qui
3403 4903 3630 4959 aderant
3677 4907 3792 4950 sua

1843 5099 2074 5159 VARUS
2118 5089 2518 5152 LECTIONES.

841 5266 854 5278 .
939 5260 970 5278 ιν
1071 5248 1445 5278 ιιιη..Α.1η,ι-ιοι
1480 5248 1655 5278 ιιωνοη
1698 5243 1810 5278 Atr-in

1909 5239 1974 5270 ηε
1993 5236 2213 5278 ηηιιιιηνε
2262 5233 2441 5278 charta
2498 5219 2787 5278 oriainaria
2827 5225 2950 5269 teste
2992 5205 3292 5262 Colvenerio
3327 5201 3522 5278 habet:
3549 5198 3681 5252 Data
3732 5191 3794 5244 111
