4052 5358
285 203 347 257 81
1673 208 1869 264 LIBER
1916 208 2190 264 l‘lllMUS.
3462 213 3530 267 82

288 319 684 376 reclamationis
709 319 954 392 querelas
981 322 1319 391 protulisset,
1343 323 1706 394 introgressus
1730 324 1844 394 qui-
1879 330 1924 386 Α
1955 324 2230 388 dientiam,
2278 323 2416 377 inter
2467 337 2525 378 sc
2567 324 2796 380 diﬂlcilis
2835 322 3111 378 oriebatur
3154 322 3377 388 seditio;
3426 324 3526 376 ali~

285 410 405 464 dam
430 409 773 481 Sigebaldus,
805 413 1053 481 premissi
1099 411 1338 482 Hngonis
1385 415 1634 480 clericus,
1683 415 1860 471 attulit

284 501 513 566 litteras,
545 517 682 571 quas
705 502 871 557 Roma
903 503 1192 569 detulerat,
1222 519 1463 574 quasque
1501 504 1613 574 jam
1651 506 1703 560 in
1754 507 1857 560 alia

285 592 471 648 sinodo
499 592 724 647 Μοδοωί
755 593 1165 664 propalaverat;
1204 610 1454 650 asserens
1510 597 1726 650 easdem
1766 596 1858 650 lit—

287 695 427 738 teras
454 683 558 737 sibi
589 681 775 740 Roma:
800 684 868 738 ab
891 685 1009 753 ipso
1036 684 1128 754 qui
1161 685 1348 741 aderat
1402 685 1609 740 Marino
1655 687 1860 742 vicario

284 776 446 830 datas.
474 775 578 842 Qui
602 777 834 833 domnus
865 778 1107 846 precepit
1132 776 1198 808 "'
1229 793 1321 832 eas
1349 792 1536 833 coram
1560 779 1750 833 sinodo
1772 794 1860 833 re-

282 866 451 919 citari.
481 865 539 919 ln
576 881 810 936 quarum
868 867 1188 924 recitatione
1225 879 1496 937 repertum
1551 879 1654 931 est,
1705 879 1862 938 prout

283 957 406 1026 ipsa
441 955 640 1011 littera
668 955 999 1024 fatebantur,
1041 960 1181 1027 quod
1213 960 1371 1014 Wido
1390 960 1673 1030 episcopus
1699 961 1862 1015 Sues-

285 1049 517 1115 sonicus,
551 1048 899 1119 Hildegarius
923 1066 1137 1120 quoque
1192 1051 1554 1117 Belvacensis,
1603 1051 1862 1107 Rodulfus

285 1137 654 1192 Laudunensis
683 1178 698 1203 ,
755 1140 1038 1196 Fulbcrtus
1091 1141 1499 1197 Cameracensis
1528 1183 1542 1206 ,
1590 1143 1864 1212 ceterique

285 1231 455 1284 cuncti
474 1227 768 1286 Remeusis
799 1232 1078 1288 dioceseos
1101 1233 1360 1303 episcopi,
1398 1234 1616 1288 easdem
1656 1235 1864 1290 litteras

288 1320 348 1373 ad
374 1319 558 1376 sedem
590 1321 960 1394 delegaverint
978 1323 1327 1394 apostolicam
1351 1339 1448 1395 pro
1472 1328 1864 1382 restauratione

288 1408 518 1480 [lagonis
545 1411 602 1466 in
641 1414 770 1468 sede
794 1413 1046 1471 llemensi
1064 1425 1120 1472 et
1144 1415 1458 1488 expulsione
1486 1417 1712 1474 Artoldi.
1741 1418 1866 1474 Post

288 1517 503 1570 quarum
539 1502 834 1560 lectionem
855 1521 1124 1576 exurgens
1153 1507 1441 1563 Fulbertus
1488 1524 1610 1564 cum
1641 1509 1866 1579 prefatis

288 1591 476 1648 ceteris
502 1593 836 1662 presulibus,
868 1595 960 1663 qui
991 1595 1045 1650 in
1068 1597 1271 1651 eisdem
1298 1597 1492 1652 litteris
1519 1599 1866 1654 nominaban-

291 1697 385 1749 tur,
415 1702 508 1742 eas
528 1687 742 1744 litteras
764 1689 1041 1754 refutavit,
1073 1700 1325 1746 astruens
1345 1692 1564 1763 quippe,
1591 1707 1683 1747 eas
1705 1703 1861 1747 antea
1897 1670 1938 1729 ίί

291 1793 572 1847 numquam
602 1793 665 1836 se
709 1780 912 1837 vidisse
943 1781 1027 1836 vel
1070 1781 1305 1847 audisse,
1347 1798 1522 1852 neque
1578 1784 1630 1837 in
1677 1798 1864 1837 earum

291 1867 614 1939 delegatione
663 1887 986 1928 consensum
1040 1873 1345 1943 prebuisse.
1398 1874 1494 1929 Cui
1546 1875 1672 1929 dum
1724 1876 1864 1930 idem

293 1961 505 2016 clericus
534 1963 820 2018 contraire
845 1978 950 2018 non
977 1973 1181 2035 posset,
1206 1963 1335 2019 licet
1364 1963 1415 2018 in
1439 1979 1533 2019 eos
1577 1965 1866 2020 calumniis

293 2052 619 2124 obstrepens,
650 2056 894 2126 precepit
917 2057 984 2111 do
1008 2072 1145 2110 unus
1175 2056 1412 2111 Marinus
1433 2073 1727 2128 suggerens
1748 2059 1867 2112 uni-

297 2157 450 2198 versa
469 2144 690 2210 sinodo,
712 2155 773 2200 ut
803 2145 905 2201 sibi
933 2146 1218 2203 consilium
1261 2155 1318 2201 et
1350 2157 1560 2202 rectum
1604 2147 1866 2216 judicium

294 2232 578 2303 proferrent
606 2250 774 2306 super
803 2236 1108 2305 hujusmodi
1139 2237 1535 2294 calumniatore
1557 2247 1614 2295 et
1659 2239 1864 2295 calum-

297 2323 486 2377 niarum
510 2323 563 2377 in
599 2325 888 2395 episcOpos
921 2326 1178 2383 delatore.
1210 2329 1279 2381 At
1309 2328 1404 2389 illi,
1456 2338 1740 2398 postquam
1770 2334 1864 2385 de~

299 2407 418 2464 lator
440 2411 656 2480 publice
681 2415 994 2471 confutatus
1012 2426 1097 2471 est
1128 2416 1258 2472 falsa
1283 2417 1563 2483 detulisse,
1602 2418 1754 2476 Ieczis
1778 2435 1867 2475 ca-

299 2501 463 2570 pitulis
487 2503 553 2559 de
582 2502 816 2572 hujusce
844 2505 1350 2573 calumniatoribus,
1383 2508 1630 2578 judicant
1657 2517 1710 2562 et
1733 2525 1868 2565 uua-

301 2590 495 2645 nimiter
513 2603 765 2658 censent,
793 2610 918 2650 eum
955 2611 1063 2666 quo
1110 2595 1393 2652 fruebatur
1423 2599 1627 2653 honore
1663 2599 1866 2671 privari

301 2679 475 2736 debere
498 2697 565 2740 ac
586 2684 895 2740 secundum
917 2687 1275 2756 capitulorum
1300 2697 1544 2744 tenorem
1573 2689 1866 2745 inexilium

302 2776 507 2831 retrudi.
541 2777 878 2834 Diaconatus
911 2779 1076 2848 igitur
1100 2795 1210 2851 quo
1247 2778 1576 2852 fungebatur
1627 2782 1870 2838 ministe-

305 2864 373 2917 rio
391 2866 670 2932 multatus,
699 2884 730 2922 a
752 2879 1047 2940 conspectu
1073 2871 1250 2927 sinodi
1270 2874 1590 2942 reprobatus
1611 2874 1863 2930 abcessit.

303 2953 502 3011 Artaldo
525 2971 664 3014 vero
692 2959 920 3029 presuli.
945 2961 1035 3030 qui
1058 2961 1309 3016 omnibus
1334 2976 1394 3016 se
1423 2963 1626 3018 sinodis
1646 2977 1866 3034 presen-

304 3041 498 3099 tabilem
525 3023 756 3110 fecerat,
814 3063 924 3102 non
961 3023 1241 3120 relugieus
1303 3051 1546 3106 sinodale
1584 3023 1868 3122 judicium,
1897 3023 1941 3086 δ

305 3132 619 3203 episcopium
684 3137 955 3194 Remense
1000 3139 1154 3210 juxta
1209 3155 1475 3196 canonum
1519 3142 1762 3198 instituta
1817 3153 1873 3198 et

306 3233 590 3280 sanctorum
619 3225 840 3282 Patrum
864 3230 1079 3286 decreta
1099 3232 1320 3287 omnino
1347 3233 1685 3290 retinendum
1711 3243 1874 3305 atque

307 3312 679 3382 disponendum
700 3319 1019 3385 decernunt,
1048 3321 1270 3377 laudant
1285 3331 1448 3393 atque
1467 3325 1870 3398 corroborant.]

366 3403 447 3458 80.
473 3407 609 3477 (79.)
649 3407 774 3463 Post
807 3409 1118 3466 Fulbertum
1144 3415 1374 3468 succedit
1417 3414 1767 3487 Bcrengarius
1819 3419 1874 3472 in

311 3495 412 3548 sede
437 3498 746 3566 pontiﬁcali.
779 3499 1137 3572 Bercngarius
1160 3504 1302 3559 hunc
1333 3505 1386 3559 in
1414 3506 1688 3576 episcopio
1715 3523 1870 3562 secu-

315 3591 388 3638 tus
430 3602 694 3642 summam
719 3591 1000 3660 regimiuis
1027 3595 1260 3664 sumpsit
1283 3594 1396 3665 (an.
1425 3595 1582 3666 956);
1609 3598 1874 3668 virsiqui-

315 3674 418 3728 dem
445 3691 508 3731 ex
536 3679 708 3734 nobili
738 3682 1017 3750 parentela
1047 3684 1354 3740 Germania
1379 3695 1532 3742 ortus
1562 3687 1732 3760 (168),
1779 3690 1875 3744 sed

315 3764 955 3840 etOttonisimperatoris
981 3774 1227 3843 proxime
1273 3777 1731 3846 consanguineus.
1773 3778 1876 3845 Qui

316 3862 544 3926 quoniam
569 3867 750 3936 magis
775 3868 1114 3924 secularibus
1159 3885 1320 3940 quam
1350 3870 1752 3928 acclesiasticis
1778 3887 1874 3927 ne-

317 3952 455 4018 gotiis
481 3954 810 4025 implicatus,
845 3972 943 4026 per
969 3959 1284 4014 excellentis
1317 3960 1582 4030 prosapia
1633 3961 1879 4016 sublimi-

319 4050 461 4097 tatem
490 4047 733 4101 animum
763 4048 1000 4117 quodam
1040 4049 1198 4118 pulsu
1245 4050 1522 4121 jactantia
1574 4051 1875 4118 attollebat,

322 4147 510 4190 tuorum
540 4146 595 4192 et
622 4139 748 4192 vita
775 4140 1265 4210 obpugnationibus
1291 4151 1506 4210 sumpto
1546 4141 1722 4197 cilicio
1751 4159 1878 4198 cono

325 4225 524 4280 traibat.
552 4226 651 4283 Hie
686 4229 850 4283 etiam
881 4238 1045 4285 tanta
1076 4230 1308 4286 feritatis
1359 4232 1607 4285 extitisse
1656 4232 1874 4296 dicitur,

323 4321 373 4365 ut
399 4331 496 4370 non
521 4319 683 4373 modo
713 4318 893 4390 lingua
918 4330 974 4375 et
998 4321 1240 4384 natione,
1295 4321 1387 4375 sed
1433 4322 1595 4375 etiam
1638 4323 1877 4378 moribus

328 4409 502 4476 populo
526 4427 626 4466 suo
657 4412 920 4468 barbarus
947 4429 1068 4468 esse
1097 4413 1392 4469 videretur.
1425 4414 1638 4480 Quanto
1676 4415 1874 4469 etenim

326 4501 442 4569 regii
473 4504 687 4572 generis
705 4505 754 4558 ei
783 4505 1060 4575 aspirabat
1087 4507 1406 4569 auctoritas,
1434 4515 1586 4559 tanto
1647 4505 1880 4561 ferocior

327 4594 557 4662 Populum
585 4612 729 4668 saepe
759 4599 1003 4654 vexabat.
1027 4599 1181 4671 Sape
1212 4601 1412 4670 itaque,
1453 4602 1644 4670 partim
1667 4608 1882 4672 propter

329 4682 429 4750 ejus
450 4687 612 4742 animi
644 4690 1048 4745 immoderatam
1086 4691 1359 4745 levitatem
1408 4691 1714 4760 partimque
1754 4707 1880 4759 pro-

329 4782 430 4840 pter
457 4777 653 4830 civium
682 4779 1089 4849 repugnantium
1121 4779 1460 4835 ferocitatem
1503 4789 1666 4849 atque
1698 4781 1885 4834 inube-

1961 415 2172 484 quando
2193 429 2320 470 vero
2348 415 2607 471 intererat
2629 415 2981 484 implacabilis
3002 413 3332 484 congressio.
3372 413 3524 478 Quod

1961 515 2140 560 autem
2167 515 2344 559 tantas
2370 504 2746 560 infestationes
2769 503 2985 567 edebat,
3021 503 3163 573 quod
3212 509 3391 555 tantas
3447 499 3532 555 in-

1960 595 2300 666 quietudiues
2329 596 2620 665 i:rogabat,
2650 596 2751 650 hoc
2775 595 3026 650 nimirum
3056 609 3162 648 non
3189 592 3370 664 potius
3424 591 3538 660 epi-

1963 691 2134 758 scopi,
2184 703 2344 758 quam
2398 688 2698 744 insolentiis
2741 704 2959 744 suorum
3011 687 3204 743 civium
3258 700 3541 758 possumus

1963 775 2253 848 imputare,
2279 792 2414 847 quos
2445 793 2657 848 semper
2693 794 2788 848 pre
2826 778 3109 833 ferocitate
3166 776 3537 832 inobedientcs

1961 870 2212 923 omnibus
2261 870 2372 924 suis
2423 871 2690 940 cpisc0pis
2746 870 3050 926 audivimus
3112 878 3274 940 atque
3319 865 3544 924 rebelles

1963 962 2220 1017 existere.

2034 1053 2122 1108 81.
2151 1050 2284 1123 (80.)
2319 1051 2415 1105 Ubi
2436 1053 2727 1122 principum
2759 1063 2973 1118 terrore,
3015 1069 3146 1123 quos
3174 1067 3345 1106 secum
3374 1049 3544 1104 addu-

1965 1145 2130 1210 cebat,
2162 1143 2292 1198 cives
2316 1144 2579 1197 humiliazi
2607 1145 2901 1214 episcopum
2928 1153 3246 1214 receperunt.
3303 1143 3542 1210 Quodam

1968 1248 2096 1289 vero
2139 1243 2401 1304 tempore,
2451 1248 2575 1288 cum
2619 1233 2672 1288 in
2717 1233 3057 1290 Germaniam
3107 1241 3325 1304 propter
3378 1233 3540 1287 obse-

1965 1327 2151 1397 quium
2168 1325 2392 1380 casatis
2422 1323 2697 1394 profectus
2720 1323 3030 1394 aliquandiu
3076 1331 3402 1388 moraretur,
3461 1323 3543 1376 iu-

1970 1418 2124 1473 terim
2152 1417 2300 1472 cives
2331 1433 2434 1471 una
2461 1416 2755 1486 eademque
2782 1416 3056 1471 voluntate
3085 1414 3316 1479 collecti,
3369 1413 3544 1468 facta-

1967 1524 2072 1578 que
2095 1506 2425 1560 unanimiter
2453 1505 2876 1576 cuuspiratione,
2929 1505 3064 1560 adeo
3120 1512 3246 1560 sunt
3289 1505 3431 1559 inter
3485 1520 3542 1557 se

1968 1599 2270 1661 constricti,
2291 1609 2350 1652 ut
2375 1597 2682 1669 pontiﬁcem
2709 1611 3052 1653 reversurum
3081 1604 3274 1666 negato
3304 1595 3547 1664 ingressu

1968 1689 2036 1744 ab
2067 1690 2198 1743 urbe
2224 1688 2592 1744 excluderent.
2620 1687 2863 1755 Quicqu
2905 1687 3135 1758 expletis
3163 1689 3324 1742 rebus
3366 1686 3544 1740 sedem

1968 1778 2329 1850 pontiﬁcalem
2357 1779 2720 1848 repeteret,in
2758 1778 2874 1849 ipso
2904 1779 3120 1848 quidem
3162 1777 3340 1832 reditu
3383 1776 3434 1831 ei
3468 1776 3546 1830 in~

1970 1868 2146 1923 notuit
2172 1868 2347 1923 civilis
2400 1869 2750 1938 conspiratio.
2817 1867 3012 1923 Statim
3054 1882 3204 1938 ergo,
3250 1865 3376 1936 quia
3419 1879 3544 1920 suos

1971 1969 2081 2014 tam
2113 1959 2309 2015 virtute
2330 1952 2492 2030 quam
2527 1973 2752 2015 numero
2776 1960 3036 2014 adversus
3060 1957 3192 2012 tanti
3223 1955 3400 2027 populi
3429 1964 3515 2009 tur
3539 1985 3547 1992 -

1967 2051 2088 2105 bam
2125 2048 2410 2103 inferiores
2433 2047 2668 2114 videbat,
2689 2063 2810 2104 cum
2835 2049 3055 2119 grandis
3095 2047 3401 2118 ignominia
3424 2061 3550 2116 pro-

1968 2140 2066 2193 bro
2095 2139 2197 2192 iter
2230 2136 2432 2193 factum
2455 2152 2736 2193 remensus
2760 2178 2775 2203 ,
2831 2138 3138 2192 Brunonem
3170 2145 3294 2192 tunc
3323 2144 3533 2204 tempo-

1967 2232 2044 2286 ris
2067 2231 2438 2285 monarcliiam
2465 2232 2613 2302 regni
2638 2233 2737 2286 sub
2752 2231 2916 2286 fratre
2934 2241 3206 2286 tenentem
3221 2231 3548 2302 aggreditur;

1969 2324 2188 2394 suisque
2213 2323 2390 2377 causis
2413 2324 2766 2378 declamando
2817 2324 3064 2393 prolatis,
3111 2322 3308 2378 obnixe
3368 2322 3552 2391 depre-

1967 2424 2142 2480 catur,
2175 2425 2234 2469 ut
2260 2430 2359 2469 suo
2385 2414 2629 2469 videlicet
2650 2410 2926 2483 juvamine
2955 2414 3120 2470 fultus
3181 2415 3364 2470 sedem
3397 2414 3548 2468 clau-

1970 2519 2084 2558 sam
2114 2505 2378 2560 violenter
2433 2505 2604 2574 possit
2635 2506 2959 2575 irrumpere,
3006 2506 3349 2574 debitamque
3391 2503 3552 2559 ultio-

1970 2610 2092 2649 nem
2119 2610 2219 2664 pro
2241 2605 2458 2664 accepta
2485 2593 2676 2662 injuria
2696 2595 2747 2648 iu
2773 2594 2967 2666 populo
2988 2595 3278 2649 rebellante
3299 2609 3543 2649 exerere.

1972 2686 2080 2740 Nec
2112 2685 2325 2741 dimcile
2353 2686 2572 2756 copioso
2621 2687 2908 2754 impetrato
2957 2685 3220 2750 exercitu,
3272 2683 3551 2738 Arnull‘um

1970 2790 2184 2845 quoque
2241 2774 2628 2829 Flandrensem
2677 2775 2932 2830 comitem
2987 2775 3193 2840 adivit,
3266 2773 3554 2842 villamque

1972 2865 2234 2920 Lambras
2255 2863 2405 2935 (169)
2432 2863 2724 2933 pollicitus,
2753 2879 2874 2917 cum
2897 2863 2999 2918 sibi
3026 2864 3356 2928 consocium,
3386 2861 3552 2916 immu

1973 2966 2028 3012 et
2063 2955 2367 3024 adjutorem
2397 2954 2665 3009 adhibuit.
2693 2953 2850 3008 Cives
2880 2967 3008 3008 vero
3033 2968 3153 3008 cum
3181 2961 3328 3006 tanto
3354 2951 3555 3006 auxilio

1975 3048 2172 3102 reverti
2223 3046 2600 3118 conperientes
2633 3085 2649 3111 ,
2721 3045 2824 3100 sibi
2887 3044 3170 3100 consulere
3211 3045 3554 3107 estimarunt,

1975 3140 2236 3208 longeque
2267 3136 2622 3195 dissimulatis
2682 3137 3002 3192 rebellionis
3053 3136 3306 3198 motibus,
3355 3134 3557 3204 absque

1973 3228 2283 3300 suspicione
2307 3227 2540 3293 veniret,
2573 3227 2802 3282 nuncios
2845 3226 3182 3296 ablegaruut.
3251 3224 3384 3277 Cum
3446 3223 3556 3276 suis

1977 3323 2159 3391 itaque
2195 3329 2420 3386 tantum,
2459 3320 2660 3374 ceteris
2688 3320 2956 3391 siquidem
2984 3319 3236 3382 reversis,
3263 3320 3448 3371 urbem
3473 3327 3557 3370 est

1975 3413 2180 3482 absque
2200 3409 2510 3465 diilicultate
2533 3426 2831 3480 regressus.

2046 3505 2132 3558 82.
2165 3503 2297 3574 (8L)
2325 3503 2512 3558 Comiti
2535 3501 2758 3572 Aruulfo
2789 3501 3042 3556 Lambms
3068 3502 3302 3561 cxtors’t,
3336 3508 3382 3551 et
3423 3500 3555 3550 duas

1975 3598 2127 3652 villas
2151 3596 2390 3667 Conreng
2446 3595 2512 3628 “’
2561 3605 2608 3651 et
2658 3593 2913 3650 Ferroras
2954 3593 3019 3647 ab
3060 3592 3275 3646 ecclesia
3326 3588 3554 3643 divulsit.
3628 3631 3637 3640 .

1978 3685 2088 3742 Nec
2113 3685 2282 3741 multo
2307 3694 2427 3758 post
2455 3701 2550 3757 pre
2578 3684 2796 3740 levitate
2848 3700 2956 3738 sua:
3009 3681 3308 3738 insolentia:
3351 3681 3558 3748 prefan

1977 3778 2162 3834 comiti
2184 3777 2432 3844 Aruulfo,
2464 3777 2618 3848 cujus
2643 3776 2845 3831 auxilio
2876 3775 3065 3830 urbem
3099 3773 3336 3843 repetiit,
3372 3771 3549 3823 villam

1978 3867 2257 3929 Lambras.
2287 3882 2390 3937 qua
2417 3882 2540 3921 eum
2571 3867 2844 3930 conduxit,
2875 3865 2924 3919 vi
2951 3863 3260 3925 reextmsit,
3321 3862 3554 3915 minutus

1979 3974 2130 4025 sane,
2163 3960 2304 4030 quod
2342 3961 2384 4014 si
2408 3974 2526 4014 eam
2557 3959 2835 4014 vindicare
2858 3965 3214 4028 presumeret,
3235 3964 3374 4009 totas
3398 3953 3556 4007 Flau-

1982 4050 2106 4106 dras
2129 4051 2179 4105 ei
2210 4050 2571 4106 combureret.
2599 4048 2850 4105 Preterea
2895 4049 3030 4102 duas
3082 4045 3254 4108 villas,
3310 4043 3556 4110 Coureug

1979 4150 2033 4196 et
2055 4141 2316 4196 Ferroras
2337 4139 2506 4210 (l70),
2550 4139 2618 4193 ab
2673 4139 2916 4194 acclesia
2968 4145 3166 4191 sancta
3215 4133 3307 4188 Dei
3367 4132 3554 4185 Matris

1981 4230 2198 4286 divulsit
2217 4241 2266 4285 et
2296 4231 2509 4285 cuidam
2534 4230 2688 4285 militi
2713 4227 3072 4284 beneﬁciavit.

2051 4323 2139 4377 85.
2164 4321 2301 4393 (82.)
2339 4319 2436 4375 Ubi
2460 4321 2590 4375 cives
2623 4321 2834 4384 invasit,
2863 4328 2910 4372 ct
2940 4317 3072 4370 alios
3099 4313 3376 4382 interfecit,
3425 4311 3557 4364 alios

1983 4413 2258 4467 cxcecavit.
2300 4411 2528 4465 Evoluto
2564 4421 2741 4465 autem
2772 4407 2952 4476 aliquo
2977 4405 3230 4474 temporis
3255 4400 3557 4461 intervallo,

1986 4505 2087 4559 sibi
2124 4520 2154 4558 a
2179 4503 2376 4574 populo
2403 4502 2560 4557 facta
2587 4497 3030 4557 dehonorationis
3071 4493 3440 4555 reminiscens,
3473 4503 3559 4543 so-

1988 4595 2072 4649 cia
2094 4594 2308 4664 agmina
2351 4593 2617 4657 evocavit,
2667 4591 2916 4657 civesque
2977 4587 3221 4641 incautos
3271 4581 3444 4638 subita
3481 4579 3558 4632 in-

1989 4687 2238 4741 cursione
2285 4686 2526 4750 invasit,
2572 4683 2923 4754 palantesque
2983 4676 3226 4735 feriendo
3277 4687 3444 4742 usque
3491 4670 3558 4722 ad

1994 4777 2383 4834 monasterium
2411 4776 2580 4832 sancti
2605 4773 2888 4844 Gaugerici
2940 4777 3252 4841 persecutus
3295 4773 3398 4820 est.
3449 4758 3554 4814 No-

1583 4916 1813 4972 VAlllA'J
1854 4915 2254 4973 LECTIONES.

395 5006 582 5060 “'hwc
605 5024 705 5061 rex
730 5009 867 5062 deest
890 5010 939 5064 l.
972 5011 1062 5094 qui
1102 5011 1153 5065 d.
1185 5026 1236 5063 e.
1268 5025 1318 5064 c.
1343 5025 1386 5064 s.
1423 5025 1466 5060 r.
1502 5006 1662 5074 jussit
1686 5009 1737 5062 5.
1768 5007 1935 5076 quid.
1981 5005 2226 5061 Marinus
2264 5004 2548 5072 proferens
2597 5005 2823 5077 litteras,
2867 5013 3002 5070 quas
3047 4994 3186 5048 idem
3241 4984 3562 5059 Sigcbaldus

395 5078 828 5109 ...Μυηιοιηιωηι
881 5094 912 5109 η
970 5080 1302 5109 unauna...
1404 5080 1543 5109 non.
1571 5078 1604 5109 α
1657 5077 2060 5109 ...Μηηεηηηκ
2089 5085 2163 5109 ...ο
2190 5073 2478 5109 ρωηινοιιη
2539 5075 2675 5109 ...κιο
2709 5074 2830 5109 ΓΛΙ..
2878 5069 3048 5109 “illum
3097 5079 3205 5109 esse
3249 5069 3392 5109 nutat
3416 5053 3562 5109 Gun-

337 5071 542 5148 llomam
566 5078 854 5142 detulerat,
881 5094 931 5146 p.
961 5069 1322 5135 Flodoardus.
1404 5080 1471 5112 “’
1493 5069 1544 5131 in
1571 5078 1624 5132 2.
1653 5069 2062 5148 superscriptum
2088 5085 2163 5130 est
2190 5069 2502 5146 Coitdreng,
2539 5075 2675 5132 unde
2709 5074 2850 5128 (Iole.
2878 5069 3048 5125 uillam
3097 5079 3205 5118 esse
3247 5069 3392 5132 putat
3416 5069 3535 5109 butt

1801 5213 2010 5271 ΝΟΤΛΕ
2021 5253 2036 5269 .

336 5144 542 5200 dreceias
563 5164 744 5215 supra,
780 5165 825 5201 c.
849 5144 932 5214 67,
961 5161 1323 5206 memoratam.

397 5305 530 5358 (168ὶ
568 5307 851 5358 Flodoardi
877 5313 1006 5358 Ann-
1047 5329 1092 5358 it-
1123 5330 1168 5358 τι.
1201 5314 1304 5358 956
1337 5331 1347 5358 τ
1379 5311 1657 5358 Fulberlna
1682 5310 1871 5358 (Zama-

1979 5307 2176 5358 loaium
2203 5307 2372 5358 beata
2404 5304 2591 5358 Maria:
2617 5299 3041 5358 Cameracensis,
3073 5309 3115 5348 s.
3144 5309 3216 5347 xtt
3255 5294 3325 5346 in.
3356 5287 3556 5358 habet”:
