4052 5358
481 325 554 382 83
1453 325 1676 381 CESTA
1710 318 2130 379 PONTIFICUM
2155 315 2758 374 CAMERACENSlL'lI.
3645 306 3676 358 8
3689 305 3715 356 ι

478 456 599 496 vum
622 456 786 512 genus
809 441 1130 509 spectaculi!
1164 441 1428 495 Continuo
1452 455 1681 508 namque
1730 437 1920 490 annali
1977 434 2042 487 li-
2073 435 2120 494 Α
2151 432 2352 486 relictis
2403 431 2618 500 quidem
2673 425 3070 498 pontificalibus
3121 413 3450 478 ornamentis
3501 419 3718 490 aufuge-

483 549 604 585 meu
639 531 993 584 sanctissimae
1014 531 1144 584 tedis
1171 530 1373 598 absque
1399 527 1715 581 reverentia:
1763 524 1920 578 modo
1973 523 2044 576 ir-

481 630 812 690 rumpentes,
841 619 973 674 alios
1003 619 1408 682 interfecerunt,
1439 617 1572 670 alios
1625 615 1884 670 rruttcatis
1940 628 2048 666 ma-

481 712 636 765 nibus
685 721 737 764 et
781 710 1002 778 pedibus
1045 707 1507 771 demembrarunt;
1549 705 1864 777 quibusdam
1921 717 2046 758 vero

485 801 670 854 oculos
697 799 993 864 fodiebant,
1029 799 1348 868 quibusdam
1379 796 1586 850 frontes
1639 795 1784 850 ferro
1826 795 2049 848 ardente

483 893 760 946 notabant.
828 891 1028 944 Deinde
1073 900 1250 944 autem
1293 889 1504 943 lanceas
1547 885 1951 942 interfectorum
1995 895 2049 939 et

484 983 709 1038 aliorum
736 989 942 1051 captas.
970 981 1129 1035 sicuti
1174 980 1412 1033 furiosus
1465 988 1602 1042 erat,
1673 984 1931 1045 carpento
1981 973 2048 1028 ad

484 1071 757 1127 cumulum
779 1071 961 1141 inponi
987 1069 1246 1138 precepit,
1306 1078 1358 1122 et
1389 1070 1455 1122 ad
1513 1066 1880 1121 insinuandam
1943 1080 2052 1118 sua:

485 1162 703 1217 ultionis
729 1171 889 1230 atque
917 1160 1159 1216 victoria:
1191 1175 1442 1229 pompam
1485 1158 1552 1212 ad
1587 1157 1829 1225 predium
1871 1171 2049 1220 suum,

484 1252 742 1309 inviilam
767 1252 1017 1307 videlicet
1043 1247 1145 1306 cui
1193 1265 1387 1304 nomen
1429 1249 1760 1304 Betendorth
1805 1248 1892 1314 ¹³⁰,
1941 1247 2053 1302 suis

479 1337 838 1422 familiaribus
861 1345 1074 1400 mittere
1103 1343 1400 1397 festinavit.

553 1440 640 1494 84.
671 1438 806 1508 (83.)
835 1436 986 1502 Quod
1009 1446 1156 1490 nocte
1184 1453 1216 1488 α
1245 1445 1426 1490 sancto
1455 1433 1748 1504 Gaugerico
1777 1450 2052 1504 percussus

485 1529 630 1583 obiit.
663 1528 772 1583 Nec
795 1527 954 1594 ludes
973 1527 1243 1596 pontiﬁcis
1290 1526 1490 1580 factum
1542 1524 1727 1579 desino
1777 1524 2052 1590 demit-ari,

485 1621 575 1690 qui
613 1619 868 1690 templum
895 1617 1192 1673 beatissimi
1217 1617 1546 1672 confessoris
1591 1615 1792 1670 violare
1839 1631 1944 1670 non
1992 1615 2057 1670 ti-

455 1757 457 1760 .
485 1713 641 1778 iuuit,
676 1727 832 1782 quem
866 1710 1140 1766 Walterus
1162 1709 1508 1774 castellauus,
1561 1709 1664 1762 tiro
1722 1708 2056 1763 inhumanis-

2148 533 2289 576 runt.

2219 614 2305 667 85.
2345 614 2480 682 (81.)
2521 612 2833 681 Engrumms
2863 609 3230 664 substituitur:
3271 603 3398 660 Post
3423 601 3580 670 hujus
3629 617 3724 656 ex-

2151 721 2358 760 cessum
2383 706 2722 776 Engraunus,
2755 712 2880 756 ante
2916 700 3222 756 Corbiensis
3277 695 3486 752 cenobii
3545 695 3720 748 sancti

2150 798 2292 851 Petri
2326 795 2887 860 utonacltus,'obtentu
2917 791 3182 844 Brunouis
3230 787 3420 858 prefati
3467 784 3722 852 archipa-

2155 891 2268 952 tris,
2295 905 2415 944 cum
2447 903 2552 957 quo
2581 902 2678 956 pro
2709 886 2869 941 rebus
2897 883 3146 948 fratrum,
3197 893 3329 950 quas
3376 888 3524 932 trans
3577 876 3724 930 Rhe-

2151 993 2278 1034 num
2295 979 2638 1048 procuraltat,
2675 977 2920 1031 notitiam
2947 983 3002 1028 et
3027 971 3446 1027 familiaritatem
3471 966 3724 1029 trahebat,

2151 1069 2219 1124 ad
2255 1067 2562 1138 episcopale
2585 1067 2776 1124 solium
2797 1071 3163 1136 promovetur.
3191 1061 3291 1116 Hic
3321 1067 3429 1114 tam
3453 1057 3726 1113 :ecelesia-

2154 1161 2306 1215 sticis
2335 1175 2497 1229 quam
2521 1157 2873 1214 saecularibus
2925 1152 3226 1224 disciplinis
3270 1149 3594 1205 sufficienter
3645 1148 3727 1200 in-

2155 1257 2416 1314 structus,
2448 1247 2588 1302 mira
2615 1261 2740 1317 erga
2772 1259 2988 1316 gregem
3017 1242 3246 1298 karitate
3271 1237 3530 1310 pollebat;
3557 1235 3729 1290 omni-

2155 1352 2260 1408 que
2300 1337 2713 1392 mansuctudine
2758 1335 2970 1406 plenus,
3021 1341 3168 1386 tanto
3203 1329 3406 1384 ambitu
3453 1325 3730 1396 religionis

2156 1430 2414 1502 episcOpii
2445 1429 2760 1499 dignitatem
2783 1425 3062 1495 implebat,
3092 1431 3146 1476 ut
3181 1419 3512 1491 propositum
3543 1429 3730 1470 mona-

2157 1527 2244 1582 chi
2267 1501 2413 1578 nullo
2441 1520 2598 1575 modo
2620 1517 2882 1573 excedere
2911 1515 3203 1569 videretur.
3257 1510 3482 1577 Semper
3498 1501 3734 1574 namque

2157 1620 2212 1674 in
2233 1612 2628 1674 meclesiastica:
2649 1608 2872 1664 culturae
2896 1605 3074 1661 studio
3121 1600 3428 1663 insudabat,
3479 1609 3728 1666 gregem-

2158 1724 2262 1778 que
2284 1706 2630 1762 commissum
2660 1697 2907 1768 exemplo
2937 1697 3058 1750 vitae
3087 1691 3390 1748 innocentis
3414 1697 3736 1754 morumque

486 1806 674 1868 simus,
703 1803 752 1857 in
779 1803 938 1859 simili
969 1803 1180 1872 negotio
1205 1803 1404 1858 nostris
1429 1802 1621 1858 diebus
1661 1819 1765 1857 non
1821 1803 2056 1856 revereri
2089 1767 2132 1824 Β
2161 1803 2426 1857 bonorum
2449 1793 2822 1850 informatione
2847 1786 3206 1844 doctrinabat.

488 1893 740 1949 nescivit.
771 1893 1010 1960 Quadam
1072 1907 1305 1962 namque
1354 1893 1441 1946 die
1481 1891 1730 1946 alicunde
1777 1907 1898 1946 cum
1949 1892 2062 1946 suis

485 1983 729 2044 veniens,
755 1983 887 2036 duos
915 1980 1137 2047 fratres,
1165 1981 1430 2036 Aldonem
1461 1981 1712 2036 videlicet
1739 1989 1794 2034 et
1849 1981 2063 2035 Baldui-

488 2086 614 2124 num
647 2070 746 2124 sibi
782 2071 1188 2126 inimicissimos
1219 2071 1356 2126 forte
1382 2071 1570 2142 obvios
1597 2071 1811 2136 habuit;
1831 2087 2063 2140 tnoxquc

487 2157 698 2236 caballo
723 2161 809 2215 eui
837 2160 1116 2216 insedebat
1140 2159 1441 2215 calcaribus
1464 2159 1610 2214 fosso
1654 2175 1748 2216 eos
1799 2159 2064 2226 involutis,

490 2253 753 2322 hastaque
791 2253 967 2306 dorsis
1007 2267 1146 2322 pene
1194 2254 1445 2322 contigua
1493 2251 1716 2321 jamjam
1757 2253 2066 2318 imminens,

484 2340 709 2412 jamjam
746 2351 971 2397 mortem
1005 2343 1283 2404 minitans,
1316 2342 1558 2412 adusque
1581 2343 1818 2397 radicem
1869 2343 2069 2398 montis

491 2423 753 2502 fugientes
779 2434 1144 2504 persequitur,
1192 2435 1452 2488 distantes
1483 2450 1613 2488 sane
1660 2451 1689 2488 a
1739 2435 2068 2489 inenasterio

491 2525 604 2580 fere
624 2541 816 2580 novem
846 2525 1112 2594 passibus.
1147 2525 1351 2581 Videas
1377 2535 1554 2581 autem
1576 2542 1669 2582 eos
1703 2527 1900 2598 etfugio
1953 2542 2070 2580 san-

492 2617 718 2672 ctissimi
749 2617 930 2686 templi
953 2618 1380 2686 propinquantes
1402 2630 1758 2688 sanctumque
1797 2619 2074 2674 confesso-

495 2721 612 2760 rem
643 2707 846 2762 auxilio
871 2707 1232 2777 gemmantes,
1271 2709 1424 2776 sequi
1453 2709 1680 2764 ulterius
1733 2707 2067 2772 formidavit,

499 2796 829 2866 tandemque
851 2811 1208 2866 prorumpens
1237 2797 1290 2850 in
1319 2798 1420 2852 hac
1443 2813 1594 2862 voce,
1621 2799 1696 2852 ait
1724 2817 1738 2852 :
1770 2797 1963 2852 Scitote
1983 2813 2070 2852 eos

498 2887 651 2940 hodie
678 2887 806 2939 milii
830 2895 1028 2955 ereptos
1051 2886 1186 2939 beati
1213 2885 1490 2956 ϐοηθεῖν·ἱεὶ
1517 2887 1806 2957 suffragio!
1859 2886 1914 2941 Si
1941 2900 2070 2950 ergo

497 2981 584 3032 vir
614 2979 796 3034 multa:
826 2978 1180 3034 immanitatis
1207 2979 1277 3033 ob
1310 2994 1548 3034 amorem
1577 2979 1672 3034 Dei
1700 2979 2072 3034 etveneratio-

507 3088 632 3126 nem
663 3072 746 3126 sui
772 3071 1100 3126 confessoris
1149 3072 1384 3127 inimicis
1433 3087 1660 3140 parcens
1691 3072 1892 3126 habere
1933 3071 2074 3126 tole-
2100 3111 2148 3175 ϐ

505 3163 736 3216 rantiam
763 3162 972 3228 didicit,
996 3172 1198 3232 quanto
1219 3163 1389 3231 magis
1415 3161 1658 3232 pontifex
1689 3163 1774 3216 vel
1833 3173 2074 3217 contem-

503 3254 742 3323 platione
754 3255 1104 3308 sacerdotalis
1115 3254 1297 3319 officii,
1311 3270 1417 3324 quo
1435 3253 1776 3323 fungebatur,
1799 3253 2078 3308 debuerit?

508 3345 761 3398 Attamen
788 3345 912 3412 quia
947 3353 1094 3400 tanto
1141 3344 1336 3400 sceleri
1375 3342 1634 3412 elfugium
1678 3353 1772 3397 aut
1817 3343 2080 3398 latebram

512 3433 596 3487 vel
625 3449 720 3504 per
745 3433 978 3502 aliquem
1017 3434 1352 3503 pmnitentiae
1403 3434 1621 3488 modum
1650 3448 1755 3488 non
1811 3431 2076 3500 qtnesivit,

513 3524 730 3592 dignum
764 3539 894 3578 sane
924 3525 1280 3594 conpendium
1305 3524 1554 3594 supplicii
1585 3539 1690 3578 non
1747 3523 1906 3592 longo
1961 3533 2082 3592 post

512 3627 752 3684 tempore
797 3615 974 3670 solvit.
1041 3616 1315 3670 Coloniam
1363 3631 1595 3686 uanique
1641 3612 1915 3685 profectus
1958 3631 2081 3669 cum

514 3706 746 3774 quadam
783 3713 940 3759 uOcte
967 3705 1018 3758 in
1047 3705 1241 3761 lectulo
1263 3715 1537 3774 pausaret,
1580 3707 1826 3775 apparuit
1849 3706 1896 3759 ei
1922 3705 2084 3759 semi-

435 3791 438 3794 ’
511 3794 757 3864 vigilanti
785 3794 974 3848 beatus
1003 3794 1356 3864 Gaugerieus,
1383 3798 1580 3865 quippe
1623 3796 1770 3849 visus
1823 3811 1946 3850 eum
1985 3810 2084 3864 pro

516 3885 766 3940 admissis
795 3885 1095 3954 increpare,
1127 3883 1456 3954 bacculoque
1490 3901 1648 3955 quem
1694 3902 1856 3940 manu
1907 3894 2086 3956 gesta-

515 3973 628 4040 bat,
657 3977 993 4044 postmodum
1019 3975 1252 4047 graviter
1277 3975 1508 4044 pulsare.
1585 3975 1686 4042 Qui
1713 3991 1832 4030 mox
1889 3990 2085 4044 exper-

517 4063 778 4136 gefactus,
827 4081 948 4120 cum
991 4067 1136 4137 gravi
1191 4067 1408 4137 planctu
1449 4067 1730 4137 ingemuit,
1773 4068 2086 4136 vocatisque

517 4154 861 4211 cubiculariis
882 4156 1144 4212 visionem
1166 4158 1220 4212 in
1249 4157 1441 4212 ordine
1470 4156 1732 4225 pandens,
1787 4173 1973 4212 casum
1999 4158 2082 4212 sui

513 4233 742 4314 periculi
775 4247 1054 4303 indicavit.
1106 4247 1185 4302 Ex
1239 4263 1344 4317 qua
1382 4261 1732 4316 percussrone
1774 4247 2088 4316 aliquandiu

515 4336 1036 4392 elaborans—certa
1067 4351 1156 4391 res
1183 4346 1462 4391 est—non
1505 4337 1672 4391 multo
1719 4347 1840 4408 post
1883 4339 2088 4392 interiit

519 4427 691 4496 (171),
727 4428 781 4482 in
813 4427 1033 4483 basilica
1058 4429 1274 4496 quidem
1308 4429 1478 4484 sancti
1508 4428 1770 4484 Gereonis
1821 4427 2084 4498 sepultus.

518 4520 790 4588 Capellani
813 4537 960 4586 vero,
989 4521 1206 4594 hujus(l
1219 4522 1308 4594 72)
1341 4523 1586 4577 videlicet
1606 4522 1861 4578 aecelesite
1881 4524 2086 4591 clerici,

525 4614 714 4668 nescio
770 4615 965 4682 quibus
1015 4616 1508 4673 insimulationibus
1567 4627 1766 4672 temere
1825 4620 2098 4689 suspecti,

2232 1887 2320 1944 86.
2352 1884 2590 1956 (85.)Ad
2614 1889 2916 1934 conventum
2967 1873 3258 1946 generalem
3313 1869 3487 1924 uillam
3545 1865 3736 1919 Perro-

2166 1997 2286 2034 nam
2313 1979 2631 2031 clamatum:
2653 1970 2904 2041 perrexit,
2934 1983 3128 2036 suoque
3153 1963 3362 2026 clerico,
3390 1960 3514 2029 quia
3553 1971 3736 2011 secum

2163 2079 2456 2143 preceptum
2488 2082 2590 2118 non
2611 2063 2786 2132 gessit,
2813 2058 3101 2114 (ecclesiam
3125 2053 3356 2108 abstulit.
3413 2048 3512 2103 Hic
3565 2046 3740 2143 etiam

2167 2136 2402 2234 propriis
2428 2157 2586 2212 rebus
2617 2152 2921 2208 aneclesiam
2957 2148 3206 2217 augebat,
3253 2153 3310 2198 et
3357 2141 3402 2196 si
3455 2155 3560 2209 qua
3611 2136 3742 2191 sub-

2171 2231 2534 2314 traherentur,
2569 2248 2784 2320 publico
2804 2243 3011 2315 judicio
3039 2239 3348 2296 evindicare
3371 2243 3426 2289 et
3453 2231 3741 2286 restituere

2170 2347 2472 2419 satagebat.
2498 2341 2779 2410 Siquidem
2801 2351 2874 2392 eo
2891 2344 3128 2402 tempore
3157 2329 3338 2384 Bruno
3367 2327 3488 2419 dux-
3513 2321 3626 2419 sive
3649 2333 3742 2416 ar-

2172 2410 2545 2504 chiepiscopus
2571 2434 2894 2484 conventum
2917 2419 3224 2494 generalem
3239 2431 3360 2471 cum
3383 2410 3564 2466 multis
3593 2410 3744 2504 prin-

2173 2502 2383 2597 cipibus
2407 2532 2464 2578 et
2513 2517 2780 2589 episcopis
2826 2515 2968 2582 apud
3013 2502 3543 2597 quandamvillam,
3589 2502 3750 2564 cujus

2173 2589 2366 2672 nomen
2391 2627 2494 2666 non
2525 2602 2962 2673 subvenit(l75),
2989 2598 3242 2653 habuisse
3267 2593 3486 2654 dicitur,
3529 2589 3584 2641 in
3635 2601 3742 2655 quo

2175 2710 2242 2762 de
2263 2719 2395 2774 pace
2418 2710 2472 2754 ct
2494 2697 2750 2765 religione
2801 2701 3002 2746 sancta:
3043 2688 3138 2741 Dei
3191 2682 3446 2739 aeeclesia:
3491 2688 3750 2774 statuque

2175 2765 2326 2868 regni
2347 2790 2636 2850 salubriter
2659 2795 2715 2842 et
2731 2789 3098 2852 competenter
3132 2781 3459 2868 tractatum.
3479 2779 3580 2824 cst.
3640 2765 3748 2821 Ubi-

2177 2859 2340 2942 ctiam
2363 2883 2682 2950 Engranuus
2707 2874 2988 2944 episcopus
3007 2869 3086 2922 ire
3113 2864 3398 2935 disposuit,
3414 2859 3750 2915 clamaturus

2175 2975 2426 3032 videlicet
2447 2971 2624 3025 villam
2649 2975 2850 3023 sancta:
2879 2961 3059 3016 Maria:
3082 2959 3375 3012 Perronam
3393 2950 3558 3020 (174),
3583 2961 3742 3016 quam

2177 3065 2574 3122 Hasbanienses
2598 3073 2747 3114 more
2766 3051 3064 3110 beneficiaii
3083 3049 3369 3122 tenebant;
3399 3040 3746 3113 precepitque

2181 3155 2396 3212 Widoni
2431 3168 2528 3208 suo
2556 3146 2900 3210 cancellario,
2946 3152 3002 3196 ut
3029 3141 3239 3195 kartam
3288 3135 3529 3205 ejusdem
3583 3127 3742 3192 villat,

2181 3264 2341 3320 quam
2371 3248 2426 3300 in
2455 3241 2674 3298 archivo
2697 3236 2952 3294 aacelesia:
2985 3235 3318 3302 reppererat,
3365 3237 3547 3280 secum
3572 3233 3748 3320 gere-

2183 3312 2286 3402 ret.
2311 3347 2366 3392 ut
2393 3351 2488 3406 per
2507 3335 2648 3390 hanc
2670 3329 2910 3400 apertius
2931 3323 3239 3390 certiusque
3271 3317 3508 3372 clamare
3535 3312 3748 3406 videre-

2185 3400 2288 3484 tur.
2327 3400 2444 3494 Quo
2468 3441 2588 3480 cum
2627 3418 2944 3492 perveniens
2970 3423 3022 3468 et
3053 3414 3121 3468 ad
3163 3406 3506 3465 evolvendam
3567 3400 3748 3456 decla-

2185 3491 2476 3576 mationem
2503 3491 2738 3584 paratus,
2803 3507 3012 3562 kartam
3061 3501 3338 3572 capellano
3383 3503 3593 3565 rogaret
3627 3509 3640 3543 :
3671 3491 3753 3544 ni—

2185 3615 2380 3668 mirum
2438 3624 2494 3664 se
2567 3604 2698 3659 erile
2773 3605 3081 3669 preceptum
3151 3589 3404 3647 oblivioni
3467 3584 3758 3639 tradidisse

2187 3711 2493 3768 advertens,
2525 3699 2730 3771 ingenti
2771 3706 2989 3764 stupore
3033 3689 3274 3759 diriguit,
3317 3683 3639 3749 tandemque
3695 3691 3754 3730 se

2187 3799 2410 3854 oblitum
2439 3794 2605 3848 fuisse
2631 3788 2926 3858 respondit.
2968 3784 3118 3839 Unde
3165 3777 3420 3835 confusus
3471 3773 3756 3842 episcopus

2189 3893 2254 3944 ad
2277 3905 2370 3943 sua
2395 3881 2652 3940 remeavit
2675 3897 2690 3944 ;
2718 3880 2923 3945 hocque
2943 3873 3268 3941 inpatienter
3320 3867 3520 3926 ferens,
3567 3862 3754 3931 capel-

2189 3983 2311 4036 lano
2337 3975 2657 4037 aicclc‘siam,
2689 3985 2808 4038 quae
2835 3977 2916 4021 est
2943 3967 2993 4020 in
3018 3963 3140 4018 villa
3172 3959 3403 4014 Salliaco
3435 3954 3606 4022 (175),
3635 3952 3760 4005 abs-

2192 4071 2333 4127 tulit.

2207 4225 2210 4228 ,
2261 4163 2350 4217 87.
2399 4157 2532 4228 (86.)
2583 4151 2786 4208 Ctausit
2827 4149 2963 4202 diem
2999 4145 3315 4213 Engramms
3361 4138 3656 4228 episcopus,
3695 4133 3762 4184 ab

2194 4223 2431 4320 iliidnifo
2485 4223 2908 4300 Noviomensium
2948 4239 3184 4306 episcopo
3223 4229 3471 4300 sepultus.
3521 4223 3770 4320 Denique-

2193 4359 2343 4406 vero,
2376 4315 2497 4394 eum
2547 4331 2934 4389 tnonasterium
2983 4335 3182 4382 sanetae
3223 4321 3403 4374 it-laria:
3446 4331 3567 4372 cum
3597 4315 3768 4368 totius

2195 4404 2356 4490 studii
2408 4429 2651 4484 accincta
2678 4425 2744 4476 ad
2768 4415 3156 4478 occidentalem
3201 4411 3411 4481 plagam
3457 4404 3761 4474 ampliat-ct,

2201 4525 2370 4593 culpis
2394 4521 2611 4590 quidem
2643 4515 2838 4568 civium
2871 4507 3228 4577 exigentibus,
3283 4508 3456 4554 morte
3477 4503 3768 4564 preventus

2201 4586 2334 4690 opus
2364 4586 2734 4684 imperfectum
2791 4604 3038 4672 reliquit;
3085 4597 3424 4662 triennioquc
3469 4586 3770 4643 :ecclesiaut

1785 4794 2016 4848 VARUE
2058 4790 2466 4850 LECTIONES.

621 4925 687 4956 ¹³⁰
720 4925 938 4978 ita-1.5.
971 4926 1293 4980 Βυιρηωιιιι
1327 4926 1665 4994 Cor.v..quod
1690 4927 1818 4992 foret
1861 4925 2222 4982 Bétltencourt
2246 4925 2378 4978 inter
2426 4920 2764 4974 Cameracum
2797 4924 2840 4966 et
2871 4901 3426 4965 Citteau-Catttbt-ésis.

2042 5086 2272 5143 ΝΟΤΔΕ.

603 5222 750 5286 (l7l)
785 5221 918 5276 Eum
947 5237 995 5274 a.
1028 5223 1132 5276 958
1177 5223 1346 5275 adhuc
1405 5219 1619 5278 vixisse.
1685 5218 1938 5271 discimus
1963 5233 1993 5272 e
2019 5217 2099 5271 di-

2203 5213 2442 5286 quatsivi.
