4052 5358
494 307 560 361 3ἳ
1477 307 1698 365 CESTA
1734 307 2142 365 l'ONTlFICUM
2177 305 2782 362 (JAMERACENSIL'M.
3670 312 3749 362 88

566 435 582 466 ι
614 415 798 470 Cieros
829 415 1014 479 eolice,
1041 414 1298 471 latialiter
1332 434 1449 472 sors
1475 421 1701 485 dicitur;
1741 419 1865 474 hinc
1897 431 2067 476 ctero-
2097 427 2142 482 Α
2175 420 2395 487 singulm
2421 417 2520 473 sibi
2547 419 2824 479 virtutum,
2853 417 3077 472 virtutes
3105 417 3262 488 legat.
3295 418 3472 472 Prima
3496 419 3744 488 quidem,

493 507 673 561 uomia
719 507 1015 571 hereditas,
1057 509 1398 564 cleronomus
1451 511 1641 575 heres;
1697 513 1820 565 inde
1879 511 2062 566 clerici

491 609 883 668 nuncupantur,
914 616 979 654 eo
1005 602 1148 670 quod
1179 603 1288 656 sint
1327 603 1392 657 de
1437 611 1583 658 sorte
1613 603 1846 658 Domini.
1878 602 2062 658 Canon

489 691 692 753 Grece,
717 689 910 744 Latine
950 691 1164 759 regula;
1197 691 1264 744 ab
1304 705 1368 744 eo
1399 691 1645 746 canonici
1670 691 1942 762 regulares
1967 708 2068 748 no-

491 783 787 836 minantur.
815 782 955 851 Ergo
982 783 1104 850 quia
1137 783 1276 836 idem
1305 799 1477 837 canon
1503 813 1573 823 —
1593 783 1849 852 quoniam
1881 798 1909 836 a
1942 797 2063 851 per-

491 874 611 928 ﬁdis
655 885 709 928 et
765 890 858 943 spe
911 875 1036 930 boni
1093 876 1402 930 carentibus
1464 875 1582 930 alea
1636 885 1849 944 reperta
1899 885 2062 945 atque

489 962 653 1035 prave
679 966 875 1020 usitata
915 977 997 1018 est
1021 997 1090 1005 —
1114 975 1171 1020 ut
1201 966 1550 1033 discordiam,
1590 965 1825 1035 perjuria
1853 976 2062 1021 cetera-

491 1072 596 1125 que
621 1057 769 1121 vitia,
805 1055 1032 1111 clericos
1063 1057 1338 1112 interdicit
1381 1057 1651 1112 aleatores
1699 1056 1852 1112 fore:
1904 1059 2062 1127 opido

489 1147 768 1214 contdecet,
818 1157 874 1202 ut
922 1148 1125 1202 relictis
1171 1148 1318 1200 vitiis
1353 1147 1682 1201 examussim
1711 1145 1816 1200 sibi
1861 1149 2062 1217 quique

486 1239 717 1293 virtutes
769 1239 1092 1293 sortiantur.
1147 1237 1303 1292 Libet
1362 1237 1563 1306 itaque,
1606 1252 1672 1291 ex
1717 1235 1907 1292 eadem
1957 1251 2061 1306 qua

486 1330 693 1399 praefati
745 1347 931 1385 sumus
975 1330 1092 1385 alea
1143 1332 1410 1400 quendam
1460 1330 1766 1385 clericalem
1803 1339 1859 1385 et
1898 1341 1956 1385 ut
1986 1331 2062 1387 ita

485 1422 784 1476 dixerimus
815 1421 1137 1490 regularem,
1169 1439 1276 1478 non
1306 1423 1590 1478 cavillaudi
1615 1422 1847 1494 aliquem
1875 1439 2058 1490 causa,

484 1512 576 1565 sed
610 1513 941 1566 exercitandi
997 1513 1190 1582 gratia,
1239 1526 1454 1567 comere
1506 1513 1716 1567 ludum.
1760 1512 2058 1568 Karitatezn

483 1605 726 1656 omnium
753 1605 1118 1673 principatum
1157 1605 1404 1660 obtinere
1450 1606 1731 1669 virtutum,
1767 1619 1926 1660 nemo
1968 1605 2060 1675 qui

483 1695 649 1748 verba
672 1695 946 1764 Evangelii
989 1695 1257 1750 dicentis:
1293 1715 1310 1750 ε
1344 1696 1401 1750 ln
1437 1697 1522 1751 his
1559 1696 1768 1751 duobus
1814 1696 2059 1750 universa

2168 511 2420 572 secunda,
2455 509 2641 564 ultima
2679 518 2735 564 et
2763 510 3052 578 penultima
3100 509 3339 580 singulas
3369 510 3546 580 (185);
3583 513 3748 567 tertia

2169 610 2224 656 et
2283 600 2702 670 antepeuultima
2750 598 2935 662 binas;
2990 613 3215 669 qumque
3259 600 3401 654 intra
3451 601 3565 670 ipsa
3589 583 3745 668 sunt,

2165 689 2415 743 similiter
2439 704 2467 742 a
2505 690 2770 759 principio
2813 699 2869 742 et
2913 689 3018 744 line
3065 705 3234 760 usque
3265 691 3331 744 ad
3359 702 3592 761 quatuor
3623 709 3714 746 me
3734 721 3748 733 τ

2165 779 2388 850 diasque
2412 795 2570 835 senas
2591 780 2812 850 junctae,
2867 790 3068 845 ternas,
3111 790 3404 850 quaternas
3433 782 3516 835 vel
3548 783 3748 853 quinas

2165 869 2431 937 rccipiunt
2481 869 2725 932 virtutes,
2773 879 2829 924 et
2866 869 3184 941 vigesimum
3228 871 3459 939 primum
3509 871 3560 924 in
3615 886 3745 925 sese

2167 958 2401 1012 invicem
2425 973 2639 1028 semper
2665 960 2976 1028 exprimunt
3000 975 3306 1014 numerum.
3337 958 3472 1014 Sunt
3500 960 3663 1029 igitur
3685 961 3742 1021 3,

2163 1048 2217 1114 4,
2250 1049 2317 1101 17
2343 1056 2398 1103 et
2431 1049 2513 1110 18,
2545 1050 2635 1119 qui
2686 1050 2929 1120 singulas
2981 1051 3302 1116 metiuntur,
3335 1051 3635 1106 Karitatem
3665 1051 3742 1104 vi-

2163 1138 2380 1206 delicet,
2417 1139 2625 1205 Fidem,
2659 1140 3058 1196 Continentiam
3111 1150 3168 1196 et
3195 1141 3595 1208 Humilitatem;
3627 1141 3661 1196 5
3689 1150 3749 1196 et

2165 1228 2252 1294 16,
2269 1229 2360 1297 qui
2384 1230 2561 1294 binas,
2585 1230 2745 1300 Spem
2768 1239 2822 1284 et
2843 1231 3481 1299 Fortitudinem,Fletum
3504 1242 3561 1288 et
3583 1233 3748 1288 Com-

2163 1321 2508 1390 passionem;
2537 1321 2570 1376 6
2598 1331 2652 1376 et
2684 1322 2748 1376 15
2775 1332 2976 1389 ternas,
3001 1323 3269 1378 Justitiam
3293 1325 3485 1380 Pacem
3507 1335 3560 1381 et
3589 1326 3748 1380 Com-

2163 1415 2507 1483 punctionem
2534 1429 2549 1477 ;
2583 1411 2990 1469 Confessionem
3018 1413 3444 1485 Suspiratiouem
3473 1425 3529 1470 et
3550 1415 3748 1470 Hilari-

2165 1512 2362 1570 tatem;
2413 1503 2445 1556 7
2489 1513 2542 1559 et
2573 1503 2660 1569 14,
2690 1512 3003 1574 quaternas,
3037 1504 3390 1560 Prudentiam
3419 1506 3744 1562 Castitatem

2163 1594 2435 1651 Timorem
2477 1605 2533 1652 et
2572 1595 2861 1662 Gaudium,
2906 1595 3291 1652 Reverenciam
3336 1597 3744 1654 Contriciouem

2163 1684 2536 1740 Constantiam
2571 1693 2627 1741 et
2665 1685 3028 1752 Intellectum;
3065 1686 3098 1740 8
3138 1697 3192 1741 et
3226 1688 3289 1742 15
3326 1689 3545 1758 quinas,
3578 1687 3744 1740 Tem-

485 1785 567 1840 lex
595 1787 792 1855 pendet
817 1796 869 1841 et
896 1787 1167 1856 propheta
1195 1787 1408 1859 (Matth.
1434 1803 1569 1854 χχιι,
1598 1787 1710 1858 10),
1747 1806 1766 1839 ι
1793 1787 2056 1858 intelligit,
2090 1771 2136 1831 Β
2163 1781 2462 1852 perantiam
2495 1780 2918 1837 lllisericordiam
2944 1779 3346 1836 Providentiam
3375 1781 3744 1836 Sobrietatem

485 1878 678 1930 nescit.
715 1875 811 1932 Ubi
841 1893 972 1947 ergo
1019 1887 1165 1933 tanta
1213 1877 1552 1949 profunditas
1600 1887 1802 1945 manet,
1852 1887 2059 1933 vastam

486 1965 925 2034 uberrimamque
971 1968 1232 2022 virtutum
1284 1967 1630 2038 propaginem
1657 1968 1722 2023 de
1750 1984 1808 2023 se
1835 1967 2057 2038 profert.

484 2053 674 2123 Itaque
695 2069 962 2122 ponamus
1009 2057 1307 2111 Karitatem
1342 2073 1465 2112 cum
1497 2073 1592 2112 sua
1621 2057 1937 2113 multimoda
1967 2075 2061 2114 su-

484 2144 606 2198 bole
628 2146 981 2206 nominatam.
1024 2156 1080 2202 et
1125 2149 1415 2220 singularis
1457 2149 1762 2220 quibusque
1807 2165 2061 2205 numeros

485 2233 724 2288 sortibus
755 2235 846 2289 tali
877 2237 1243 2292 moderamine
1283 2253 1549 2308 congruos
1571 2248 1838 2310 aptemus,
1874 2250 1932 2294 ut
1959 2241 2062 2296 isto

483 2327 772 2392 contineri,
807 2328 948 2395 quod
976 2328 1063 2382 illa
1091 2331 1427 2394 examinare,
1473 2346 1649 2400 neque
1679 2332 1783 2386 hac
1824 2333 2060 2396 ostendi,

484 2417 625 2486 quod
656 2418 740 2472 hic
777 2418 857 2472 fas
891 2420 961 2474 sit
1010 2429 1243 2488 nequeat
1286 2421 1529 2476 invenire
1572 2421 1742 2493 (180).
1783 2423 1828 2477 A
1858 2423 2062 2494 princi-

486 2508 588 2575 pali
622 2509 886 2577 siquidem
910 2510 1219 2580 principalis
1242 2511 1562 2581 principium
1584 2513 1837 2580 inicians,
1858 2529 2063 2586 perque

485 2598 751 2652 bin-arium
798 2615 862 2654 ac
911 2610 1120 2655 ceteros
1169 2617 1340 2671 usque
1389 2604 1456 2657 ad
1505 2605 1778 2659 senarium
1811 2621 2060 2673 currens,

484 2689 682 2744 suimet
708 2705 1006 2760 eorumque
1058 2694 1390 2750 revolutione
1438 2696 1732 2765 tripartita,
1762 2698 1832 2752 20
1862 2709 2062 2755 sancta:

490 2781 679 2836 matris
703 2781 978 2836 contineat
1022 2783 1157 2837 ﬁlias
1189 2795 1241 2838 et
1271 2784 1323 2838 in
1349 2784 1622 2855 Sapientia
1651 2786 1847 2842 limitet
1889 2789 2054 2861 (181).

486 2867 723 2938 Postque
767 2869 1008 2926 binarius
1057 2873 1463 2943 Conpunctione
1514 2875 1798 2946 inchoans,
1828 2880 1893 2934 15
1919 2880 2061 2948 ejus-

485 2959 630 3022 dem,
661 2958 1028 3026 llevereutim;
1071 2963 1194 3017 hinc
1242 2966 1534 3031 ternarius,
1575 2984 1602 3020 a
1645 2970 1909 3040 principio
1942 2971 2059 3026 Pie-

484 3049 653 3114 tatis,
711 3050 807 3114 10,
858 3051 1309 3124 Exniologeseos;
1366 3058 1552 3125 sicque
1599 3064 1979 3128 quaternarius
2024 3081 2052 3118 a

486 3141 813 3209 Maturilate,
842 3145 895 3211 6,
924 3146 1133 3211 Fletus;
1182 3148 1248 3202 ab
1295 3148 1578 3204 llilaritate
1621 3126 1838 3222 quoque
1864 3155 2056 3223 quina-
2084 3126 2126 3186 C

484 3231 626 3290 rius.
679 3232 712 3284 5
764 3235 1142 3304 conplectens,
1200 3239 1559 3294 Continentize
1612 3239 1719 3296 line
1779 3242 2057 3297 claudetur

485 3323 655 3393 (182).
671 3325 934 3382 Senarius
954 3343 1082 3383 vero
1103 3329 1342 3395 ultimus,
1365 3340 1423 3384 ut
1445 3332 1674 3400 primus.
1699 3333 2056 3402 Simplicitate

484 3414 722 3482 gaudens
756 3415 933 3486 (183);
960 3421 1236 3474 custodem
1281 3421 1540 3475 virtutum
1571 3423 1843 3492 possideat
1866 3417 2043 3478 llumi-

485 3505 710 3558 litatcm.
741 3507 868 3574 Quae
891 3510 1048 3564 simul
1077 3511 1278 3580 juncta:
1311 3513 1379 3567 56
1403 3513 1559 3568 ﬁunt.
1587 3513 1718 3567 Etsi
1745 3515 2056 3585 diligentius

487 3598 856 3664 respiciamus,
889 3601 1250 3668 intuebimur,
1299 3606 1441 3672 quod
1473 3605 1586 3660 haec
1618 3607 1924 3674 progressio
1958 3622 2048 3659 nu-

487 3703 784 3755 merorum,
831 3707 859 3744 a
912 3693 1148 3747 ternario
1201 3694 1548 3749 ocdenarinm
1592 3696 1855 3749 scandens
1885 3695 2053 3765 (18‘),

2162 1882 2216 1928 et
2247 1873 2540 1939 Astutiam,
2581 1872 2914 1942 Sapientiam
2947 1873 3321 1943 Virginitatem
3346 1872 3413 1905 ¹³¹
3444 1872 3741 1927 Mortiﬁca-

2164 1965 2362 2021 tionem
2399 1964 2769 2020 Innocentiam
2805 1973 2862 2019 et
2897 1963 3354 2030 Sollicitudinem;
3388 1964 3422 2020 9
3463 1973 3516 2019 et
3540 1965 3608 1996 m
3648 1965 3740 2029 10,

2161 2055 2220 2109 11
2260 2065 2314 2110 et
2345 2055 2411 2109 12
2441 2070 2599 2110 senas
2627 2055 2978 2119 discernunt,
3012 2053 3405 2108 Obmdientiam
3444 2053 3742 2109 Discretio-

2163 2162 2286 2201 nem
2317 2146 2618 2202 Bonitatcm
2648 2145 3066 2203 Delectationem
3098 2144 3506 2216 Simplicitatem
3534 2156 3590 2202 et
3620 2146 3744 2202 Pie-

2164 2247 2328 2293 tatem
2349 2279 2364 2303 ,
2410 2237 2875 2294 Perseverantiam
2907 2237 3222 2292 Modestiam
3266 2237 3597 2291 Suavitatem
3631 2237 3743 2292 llo-

2161 2328 2506 2397 spitalitatem
2565 2327 2889 2381 Patientiam
2944 2326 3151 2381 scilicet
3203 2336 3256 2381 et
3312 2326 3740 2396 ludulgeutiam,

2161 2419 2653 2490 Longanimitatem
2684 2419 3151 2474 Mansuetudinem
3184 2419 3510 2474 Parcitalcm
3547 2419 3736 2473 Zelum

2161 2509 2474 2565 Orationem
2513 2524 2726 2580 quoque
2751 2519 2801 2564 et
2832 2508 3135 2574 .ludicium,
3175 2508 3563 2580 Benignitatem
3602 2509 3742 2564 l’au-

2161 2610 2424 2671 pertatem
2453 2600 2757 2655 Lenitatem
2799 2601 3048 2656 Amorem
3091 2602 3430 2674 Vigilantiam
3467 2603 3652 2671 utique
3675 2619 3742 2657 ac

2163 2692 2548 2746 Maturitatem.
2606 2691 2674 2745 Et
2709 2701 2768 2746 ut
2808 2707 2904 2762 per
2949 2692 3158 2762 singula
3210 2693 3535 2746 redeamus:
3584 2692 3746 2760 cujus

2161 2797 2259 2852 per
2299 2782 2626 2848 ternarium,
2676 2782 2778 2836 nisi
2828 2783 3262 2838 sanctiﬁcatricis
3299 2794 3353 2837 et
3398 2783 3450 2837 in
3494 2783 3738 2853 ejusdem

2161 2875 2436 2930 redeuntis
2497 2874 2747 2944 principii
2809 2874 3072 2928 unitatem
3134 2874 3450 2929 vocabulum
3503 2874 3740 2945 signabi-

2159 2986 2278 3025 mus
2347 2969 2670 3024 Trinitatis?
2717 2969 2853 3036 Quid
2913 2978 3088 3023 autem
3146 2985 3240 3039 per
3287 2969 3740 3038 quaternarium,

2159 3060 2258 3114 nisi
2333 3071 2569 3129 quatuor
2635 3059 3084 3132 evangelistarum
3164 3060 3318 3114 tubas
3355 3058 3460 3111 "3?
3537 3056 3600 3111 lli
3667 3058 3740 3112 si-

2163 3151 2268 3205 mul
2330 3149 2544 3212 collati,
2614 3149 2759 3203 illam
2824 3148 3260 3211 sanctissimam,
3321 3146 3534 3215 plenam
3580 3145 3740 3200 donis

2161 3242 2555 3306 karismatum,
2636 3239 3002 3308 septiformem
3059 3239 3288 3310 gratiam
3345 3237 3737 3292 demonstrant.

2162 3333 2508 3403 Septenarius
2530 3347 2656 3386 vero
2686 3332 2770 3387 bis
2793 3331 2988 3394 dictus,
3025 3340 3079 3384 et
3100 3341 3373 3400 assumpto
3401 3328 3638 3383 ternario
3673 3326 3739 3380 17

2163 3424 2616 3494 quaternarioque
2653 3421 2738 3486 18,
2773 3435 2900 3476 ecce
2945 3422 3195 3490 qualiter,
3235 3422 3290 3484 5,
3329 3420 3358 3472 7
3402 3428 3563 3486 atque
3601 3417 3635 3470 Δ
3681 3417 3738 3471 in

2161 3530 2280 3571 sese
2304 3514 2550 3570 redeunt.
2579 3514 2872 3569 Possumus
2913 3513 3074 3566 etiam
3106 3511 3189 3575 10,
3230 3509 3470 3578 deealogi
3513 3508 3737 3561 manda-

2165 3615 2275 3660 tum
2313 3605 2456 3674 quod
2481 3605 2581 3658 sub
2618 3603 2734 3672 lege
2769 3604 3038 3672 quondam
3079 3611 3135 3655 ct
3173 3617 3313 3655 nunc
3337 3600 3402 3631 ’³⁵
3438 3600 3537 3654 sub
3564 3598 3736 3668 gratia

2163 3704 2434 3764 operatur,
2462 3705 2517 3748 et
2537 3695 2593 3760 8,
2616 3703 2860 3750 octavam
2897 3708 3014 3762 qua:
3041 3693 3266 3746 necdum
3299 3691 3474 3760 agitur
3496 3697 3732 3748 aetatem,

1765 3825 1992 3879 \‘Alile
2035 3827 2434 3882 LECTIONES.

557 3934 620 4004 Ψ
649 3935 972 4004 virginitatis
1005 3935 1054 3988 1.
1135 3937 1197 3966 ⁸³³
1231 3937 1288 3990 il.
1324 3954 1528 4001 omnes;
1566 3950 1790 3993 COl‘l’eItl
1822 3941 1968 3993 Lolv.

486 4019 538 4056 n.
571 4003 620 4058 5.
652 4003 755 4058 non
779 4004 850 4069 2;
879 4007 1100 4058 correxit
1137 4005 1278 4059 Colv.

2050 3940 2116 3970 ¹³³
2145 3940 2482 4009 evangelicas
2513 3941 2671 3996 tubas
2700 3941 2754 3994 3.
2789 3939 3147 4009 evangelistas
3180 3941 3364 3994 turbas
3395 3940 3441 3991 1.

3523 3937 3587 3966 13's
3615 3937 3651 3991 ﬁ
3679 3938 3734 3993 1.

1973 4099 2199 4154 NOTAE.

559 4235 707 4303 (180)
737 4235 1081 4288 (‘lonstructio
1113 4234 1226 4288 hzec
1252 4249 1372 4287 esse
1403 4235 1650 4288 videtur:
1707 4245 1760 4286 ut
1807 4235 1904 4287 ista
1936 4235 2054 4301 (nu-

487 4308 656 4376 mero)
685 4305 1209 4376 continerinequeat,
1247 4305 1385 4372 quod
1415 4303 1506 4356 illa
1547 4305 1709 4371 (sors)
1752 4305 2054 4376 examinare

487 4374 730 4447 nequeut;
755 4390 913 4447 neque
941 4375 1038 4447 hac
1079 4374 1269 4440 (sorte)
1317 4375 1516 4427 ostendi
1550 4376 1630 4443 fas
1658 4376 1764 4447 (sit,
1800 4374 1938 4447 quod
1969 4374 2051 4426 hic

2159 4264 2229 4274 —
2252 4234 2302 4290 6.
2335 4244 2444 4286 tum
2474 4248 2569 4301 per
2594 4233 2626 4286 3
2656 4250 2682 4285 a
2714 4235 2747 4285 5
2767 4263 2835 4272 -
2859 4234 2918 4296 6;
2967 4241 3021 4287 et
3064 4233 3143 4286 sic
3181 4231 3434 4301 deinceps
3463 4231 3600 4286 linea
3631 4234 3732 4287 tri-

2162 4304 2356 4373 partita
2405 4304 2724 4366 decurrens,
2774 4303 2834 4356 2|
2892 4302 3323 4357 combinationes
3383 4303 3499 4356 sive
3551 4313 3732 4358 sortes

2161 4372 2343 4436 edicit,
2372 4388 2491 4441 qua:
2538 4373 2817 4427 continent
2867 4373 2937 4428 20
2983 4373 3212 4427 virtutes
3261 4380 3460 4441 praeter
3500 4383 3729 4427 matrem

487 4442 789 4525 (nitntur-us)
816 4443 1040 4525 invenire
1067 4457 1319 4512 nequeat;
1351 4454 1405 4498 et
1441 4445 1703 4525 sententia
1732 4464 1745 4498 :
1773 4442 1902 4497 alere
1925 4460 2053 4525 quo:
2081 4444 2130 4503 D
2156 4442 2737 4525 ottiniun1_(;aritatem.

485 4516 606 4568 libet
630 4515 781 4568 modo
802 4514 960 4581 jncta:
985 4529 1249 4584 nunquam
1281 4530 1521 4567 numeros
1541 4515 1667 4567 dare
1689 4523 1926 4584 possunt,
1964 4514 2053 4581 qui

486 4603 587 4638 non
616 4587 771 4636 etiam
799 4585 850 4635 in
876 4599 977 4634 una
1001 4598 1065 4635 ea:
1089 4583 1157 4636 56
1203 4585 1426 4637 sortibus
1473 4585 1838 4648 inveniantur;
1888 4600 2052 4653 neque

485 4669 760 4724 qumquam
788 4668 863 4724 ex
895 4653 1236 4724 Itissortious
1275 4670 1514 4707 numeros
1559 4654 1779 4718 exhibet,
1824 4655 2052 4724 quinon

485 4721 641 4776 etiam
666 4725 718 4774 in
745 4721 872 4775 aleis
901 4721 1086 4775 cadere
1105 4723 1390 4792 aliquando
1430 4725 1665 4792 possint:
1710 4739 1800 4778 seu
1831 4721 1890 4777 ut
1927 4723 2050 4777 bre-

485 4797 624 4847 viter
674 4793 916 4845 dicamus
961 4811 974 4846 :
1017 4804 1142 4860 quot
1188 4792 1422 4846 olearum
1479 4795 1918 4855 combinationes,
1976 4804 2048 4846 tot

483 4875 646 4917 sortes
677 4862 947 4916 habentur.
978 4863 1196 4917 Boetius
1221 4863 1352 4930 Epo,
1384 4879 1413 4917 s
1440 4863 1756 4918 Colvenerio
1785 4864 2045 4922 laudatus.

483 4935 560 4988 ita
586 4932 761 4987 lorum
788 4931 1058 5002 explicat:
1096 4952 1113 4983 ι
1147 4935 1234 4987 Ait
1261 4933 1542 4988 Wiboldus
1562 4948 1619 4987 se
1646 4933 1839 5002 cuique
1865 4935 2048 4987 virtuti

483 5002 735 5056 daturum
765 5003 1339 5086 quuterum‘aliquem,
1365 5004 1453 5073 qui
1491 5005 1581 5086 uni
1623 5004 1722 5058 soli
1767 5012 2046 5086 congruat,

2227 4513 2371 4582 (182)
2402 4512 2457 4567 ld
2496 4522 2614 4567 est:
2677 4514 2902 4580 Postque
2951 4513 3214 4575 binarius,
3259 4529 3290 4564 a
3339 4509 3732 4582 Conpunctione

2152 4581 2424 4647 inc/tonus,
2455 4583 2752 4652 quindecim
2781 4583 3016 4652 ejusdem
3061 4582 3285 4652 (sancta;
3330 4583 3520 4635 matris
3567 4581 3728 4652 Kari-

2153 4653 2282 4706 tatis
2331 4651 2474 4706 tilias
2517 4653 2746 4723 virtutes
2797 4651 3204 4723 complectens),
3249 4651 3729 4723 Reverentia'_(iiue

2152 4723 2454 4791 claudetur)
2485 4737 2501 4788 ;
2566 4722 2686 4774 hinc
2746 4719 3006 4776 ternarias
3031 4763 3045 4785 ,
3100 4739 3131 4774 a
3163 4719 3171 4723 ⁷
3199 4721 3492 4791 principio_
3507 4719 3729 4791 Pietatis

2152 4787 2483 4862 (inchoatis),
2507 4793 2681 4845 decent
2721 4795 2967 4862 (virtutes
3011 4787 3413 4860 complectens),
3445 4787 3732 4862 Exomata-

2150 4857 2327 4932 Qeseos
2356 4857 2488 4933 (line
2517 4857 2852 4933 claudetur);
2903 4864 3077 4933 sicque
3116 4857 3516 4933 quaternarius,
3549 4876 3581 4912 α
3609 4857 3728 4933 Ma-

2150 4927 2732 5005 t_t_t_ritate'r(inchoans)
2759 4973 2774 4996 ,
2801 4927 2918 5005 ’ρετ
2974 4927 3238 5005 (virtutes
3300 4927 3727 5005 complectens),

2152 4998 2507 5080 [fletusﬂi'ne
2541 4998 2875 5080 claudetur);
2929 4998 3332 5080 ab'ﬁ'ilaritate
3372 5014 3575 5076 quoque
3622 4998 3727 5076 (ju-
