4052 5358
577 294 637 348 91
729 409 746 431 ἱ
825 412 836 424 ⁶
940 415 954 431 1
1268 416 1275 424 ⁹
1554 323 1777 382 CESTA
1804 330 2220 398 PONTIFICUM
2265 346 2867 413 CAMERkCENSlUM.
3754 377 3831 431 92

649 430 667 459 ι
704 409 797 465 llis
825 412 893 466 ita
922 415 1196 488 dispositis
1215 465 1228 487 ,
1262 416 1505 485 volumus
1534 444 1701 504 utrper
1721 439 1818 495 has
1853 452 1979 512 tres,
2005 450 2144 505 sicut

577 509 631 554 et
661 501 712 554 iu
737 502 947 570 prefato
970 507 1105 563 solet
1128 511 1273 579 ludo,
1301 521 1511 575 numeri
1536 501 1625 593 qui
1653 501 2144 607 supputandi‘suht,

574 606 736 664 prout
781 614 900 653 sors
936 602 1328 673 dictaverit”,
1366 628 1462 670 suo
1494 632 1705 688 semper
1737 625 1926 681 ordine
1966 602 2145 702 requi;

572 693 783 740 rantur.
820 685 865 740 Y
899 705 1027 746 vero
1064 706 1271 752 sextam
1307 703 1691 779 archivamque
1725 716 2004 784 vocalem,
2041 685 2144 779 non

573 774 770 843 solum,
804 780 944 847 quod
972 783 1130 838 modo
1168 788 1356 843 eadem
1385 774 1617 852 minime
1636 799 1937 873 indigemus
1964 774 2143 881 lingua

571 873 949 923 etnostratnm
994 876 1204 943 regulas
1256 881 1746 954 orthographorum
1801 895 1868 947 ad
1923 873 2140 966 plenum

472 1032 479 1038 ’
571 968 677 1007 non
738 956 1118 1027 observamus,
1189 967 1282 1022 sed
1346 973 1469 1040 quia
1533 956 1939 1047 compendiose.
1965 991 2143 1057 operis

570 1045 851 1103 studemus
892 1050 1289 1127 vulgariterque
1328 1064 1494 1118 nostri
1530 1045 1812 1125 ridiculum
1863 1045 2137 1148 exercere,

569 1140 1015 1227 praetermisimus
1048 1146 1217 1216 (189).
1248 1150 1499 1208 Ceterum
1524 1171 1900 1229 consonantes,
1925 1197 1994 1207 —
2014 1140 2143 1239 quo;

569 1222 712 1279 niam
758 1229 994 1285 sedecim
1047 1233 1098 1288 in
1150 1236 1384 1295 alfabeto
1430 1258 1748 1317 remanent,
1801 1222 2137 1327 excepta‘d,

563 1330 725 1382 quam
756 1324 1035 1389 gramatici
1065 1341 1451 1398 supervacuam
1479 1340 1758 1397 nominant
1787 1324 2138 1419 quamque’l"

565 1406 688 1463 ideo
707 1426 811 1465 non
830 1421 1325 1488 auuumeravimus,
1343 1428 1468 1495 quia
1492 1444 1558 1484 ex
1575 1444 1825 1491 currente
1847 1439 1947 1495 sibi
1966 1406 2132 1509 socia,

561 1497 813 1597 videlicet
850 1502 913 1568 V,
958 1506 1074 1562 sine
1113 1524 1216 1579 qua
1259 1514 1364 1569 vim
1402 1517 1594 1575 littera:
1618 1525 1840 1591 amittit,
1879 1497 2137 1597 perfacile

562 1586 654 1644 hic
689 1596 1067 1663 comprehendi
1098 1613 1293 1673 potest,
1325 1620 1379 1663 et
1410 1586 1909 1681 septenusdecimus
1949 1638 2137 1681 nume-

566 1692 660 1779 rus
698 1682 765 1735 ad
800 1690 1161 1779 peragendum
1191 1698 1332 1764 quod
1372 1702 1710 1773 volebamus,
1752 1712 1905 1779 quasi
1947 1714 2134 1771 erube—

565 1767 755 1875 lismus
815 1775 1117 1847 videbatur,
1152 1815 1219 1824 —
1250 1786 1415 1858 igitur
1463 1794 1602 1850 sicut
1641 1767 1853 1855 vocales
1899 1813 2130 1877 tetrago—
2164 1807 2204 1863 Β

565 1861 673 1926 nis,
700 1863 771 1918 ita
800 1882 1160 1931 consonantes
1199 1880 1289 1934 nui
1333 1889 1699 1944 tantummodo
1731 1881 1953 1962 trigona:
1981 1861 2129 1966 pira-

555 1952 721 2018 midi,
770 1972 887 2026 qua:
930 1973 1180 2032 quattuor
1220 1973 1533 2040 superﬁcies
1586 1979 1840 2049 haberet,
1890 1952 2130 2043 inserere

556 2054 774 2111 oportet
808 2049 880 2105 ita
910 2068 923 2106 :

812 2300 852 2353 Β
978 2305 1018 2361 C
1267 2320 1278 2331 ‘
1375 2315 1423 2369 Μ
1519 2319 1562 2373 Ν

891 2410 933 2462 1)
1167 2400 1209 2455 G
1445 2423 1484 2478 Ρ
1722 2465 1764 2518 Τ

885 2516 926 2569 F
1441 2527 1481 2581 Β
1826 2548 1829 2551 .

1719 2588 1763 2643 Χ

1052 2681 1093 2734 K
1163 2682 1204 2736 ll
1276 2686 1318 2738 L
1637 2692 1674 2746 S
1807 2697 1843 2748 Ζ

904 2794 2015 2823 ._.__.______________

619 2941 637 2973 ι
677 2922 806 2988 Quae
854 2931 1032 2977 tamen
1081 2924 1170 2979 tali
1212 2926 1330 2999 lege
1368 2928 1657 2993 tenebitur,
1696 2940 1754 2986 ut
1790 2932 1835 2988 si
1883 2934 1964 2988 vel
2010 2953 2115 2994 una

545 3016 862 3072 inferiorum
911 3017 1026 3086 ejus
1067 3021 1481 3075 consonantium
1528 3020 1580 3075 in
1620 3024 1834 3079 nomine
1878 3027 2113 3096 virtutis,

2173 460 2219 516 Α
2250 474 2366 512 nem
2380 477 2632 520 numeros
2650 483 2769 521 cum
2791 470 3072 528 virtutibus
3086 477 3469 538 continentem.
3487 483 3819 557 Eodemque,

2252 560 2307 603 ut
2345 553 2624 620 praal‘atum
2657 567 2776 623 est,
2816 561 3190 621 discretionem
3234 572 3405 627 vocali
3438 576 3527 630 nui
3563 577 3823 636 similiter

2251 641 2530 710 tripartita‘.
2557 658 2792 718 reperto,
2818 653 3067 709 virtutem
3098 672 3257 727 quam
3283 659 3350 693 ¹⁸⁸
3377 662 3544 720 latere
3570 666 3815 737 habebit,

2249 742 2437 790 notare
2465 737 2722 795 debemus
2741 781 2756 807 ,
2786 743 3103 815 vocalesque
3141 747 3281 806 illius
3320 754 3734 824 apparentibus,
3765 761 3815 816 si

2250 822 2526 892 valemus,
2576 844 2880 900 conponere
2943 835 3255 905 vocalibus,
3320 822 3399 898 et,
3433 845 3503 899 ita
3556 822 3811 916 privatim

2246 923 2520 976 compotes
2542 916 2608 950 "9
2646 920 2760 991 ejus
2789 936 2935 990 esse,
2971 936 3028 979 ut
3061 942 3219 996 pares
3260 932 3535 987 nobiseum
3566 936 3815 995 ludentes

2245 1017 2582 1074 nequaquam
2634 1012 2858 1066 eandem
2909 1013 3135 1072 ulterius
3181 1021 3234 1073 in
3286 1021 3473 1077 eodem
3531 1024 3654 1082 ludo
3708 1029 3809 1085 sibi

2241 1093 2454 1149 valeant
2483 1098 2775 1156 vindicare.
2809 1102 2923 1158 Tali
2962 1108 3147 1178 utique
3175 1111 3561 1182 disceptatione
3595 1120 3809 1177 vicisim

2242 1185 2560 1245 alternanth
2625 1197 2990 1269 gyramdoque
3036 1180 3280 1268 iocantes
3325 1180 3563 1266 Vvirtutcs
3619 1226 3811 1269 omnes

2240 1279 2475 1337 sortibus
2521 1285 2864 1354 partiautur;
2912 1298 2963 1345 et
3011 1292 3059 1346 si
3105 1308 3208 1348 non
3255 1309 3394 1364 equa
3424 1297 3579 1355 lance
3618 1313 3811 1359 mutuo

2232 1363 2572 1439 dividuntur,
2622 1376 2675 1430 hi
2721 1379 2812 1448 qui
2842 1379 2924 1435 vel
2957 1398 3061 1438 una
3095 1387 3290 1441 ceteris
3341 1384 3570 1459 amplius
3617 1408 3813 1459 super-

2237 1462 2720 1536 abundaverint‘”,
2742 1470 2869 1526 item
2896 1474 3224 1542 prelaturam
3256 1479 3309 1534 in
3334 1483 3529 1538 ceteris
3555 1485 3656 1540 sibi
3686 1502 3811 1541 ces-

2236 1554 2371 1611 sisse
2408 1554 2695 1626 gaudeant.
2745 1561 2822 1617 lta
2864 1565 3166 1636 dumtaxat,
3199 1579 3257 1624 ut
3287 1570 3510 1640 karitas,
3554 1592 3675 1645 qua:
3714 1594 3807 1647 ge-

2236 1652 2379 1706 mina
2407 1664 2513 1719 est,
2545 1656 2589 1710 si
2620 1660 2923 1727 oportuerit
2942 1661 3088 1732 (192)
3115 1679 3211 1733 pro
3239 1666 3442 1723 duabus
3463 1680 3812 1740 computetur

2234 1742 2540 1801 virtutibus.
2578 1746 2707 1815 Quae
2733 1751 2895 1805 etiam
2924 1753 2994 1808 ob
3033 1753 3189 1810 unius
3221 1759 3586 1815 tantummodo
3614 1759 3810 1817 litterae

2234 1835 2478 1906 eclipsin,
2510 1839 2562 1893 id
2597 1850 2680 1921 est
2717 1842 2783 1906 Α,
2813 1843 2935 1897 bina
2960 1844 3021 1877 ¹⁶¹
3054 1858 3172 1917 post
3200 1849 3431 1918 primam
3459 1853 3810 1909 examinetur

2231 1926 2563 1999 projectione
2590 1931 2762 2003 (195),
2789 1935 2931 2003 quod
2974 1938 3039 1992 de
3086 1941 3279 1996 ceteris
3321 1943 3645 2003 omnimodis
3685 1949 3805 2003 lieri

2230 2017 2554 2076 inhibemus.
2607 2021 2675 2076 Et
2720 2040 2886 2094 usque
2937 2028 3002 2081 ad
3043 2043 3193 2084 oram
3247 2031 3389 2087 illius
3435 2035 3542 2091 dici
3588 2048 3803 2094 sextam

2230 2111 2646 2180 eminentiores,
2702 2114 2985 2174 inferiores
3028 2119 3109 2174 sui
3162 2121 3449 2193 discipulos
3497 2138 3803 2194 vocantes,

2228 2204 2454 2262 suadere
2514 2206 2787 2262 debebunt
2817 2210 2904 2276 ⁸⁸³,
2957 2219 3015 2264 ut
3070 2211 3299 2270 virtutes
3344 2231 3462 2287 quae
3521 2219 3601 2275 eis
3653 2231 3805 2276 sorte

2227 2293 2439 2364 desunt,
2475 2296 2633 2354 bouis
2660 2299 2900 2355 moribus
2941 2311 3190 2374 satagant
3233 2304 3541 2375 impetrare.
3576 2307 3802 2364 Inferio-

2227 2401 2312 2440 res
2344 2401 2557 2456 quoque
2586 2387 2717 2444 niati
2747 2397 2949 2446 tessere
2984 2405 3401 2462 cognoscentes,
3430 2412 3493 2453 ac
3521 2399 3667 2454 velut
3692 2401 3797 2455 sibi

2222 2475 2447 2544 prelatis
2488 2517 2501 2531 .
2543 2516 2557 2530 .
2603 2517 2618 2533 .
2662 2517 2677 2531 .
2721 2520 2735 2533 .
2777 2518 2790 2533 .
2837 2521 2849 2532 .
2891 2520 2904 2534 .
2944 2482 3233 2554 pedagogis
3259 2485 3348 2551 ‘5’,
3378 2501 3483 2542 non
3514 2487 3674 2543 aliter
3700 2506 3799 2544 eos

2224 2581 2535 2636 nuncupare
2574 2570 2826 2636 audeant,
2871 2586 3033 2641 quam
3083 2575 3388 2644 magistros.
3428 2577 3497 2630 At
3535 2577 3582 2631 si
3619 2581 3797 2633 conti-

2222 2654 2382 2728 gerit,
2431 2670 2490 2716 ut
2531 2673 2722 2717 neuter
2772 2673 3022 2720 neutrum
3073 2682 3329 2736 superare
3366 2678 3553 2738 queat,
3598 2685 3794 2726 omnes

2221 2740 2580 2819 equanimiter
2610 2752 2824 2823 utrique
2864 2754 2918 2807 in
2958 2753 3275 2810 alterutrum
3305 2758 3643 2826 possidentes
3673 2762 3791 2814 vir-

2221 2849 2390 2907 tutes,
2432 2857 2536 2896 una
2579 2859 2792 2913 semper
2830 2845 2940 2899 sint
2976 2847 3200 2902 caritate
3234 2851 3548 2916 concordes,
3583 2860 3639 2906 et
3678 2853 3791 2907 lra-

2220 2942 2370 2989 terno
2385 2934 2720 3005 gratulentur
2737 2938 2970 2992 nomine.
2990 2938 3171 2995 Potest
3183 2940 3321 2995 idem
3346 2950 3399 2995 et
3420 2943 3524 2997 alio
3538 2944 3606 2975 ⁸⁸⁸
3629 2948 3791 3001 modo

2216 3023 2478 3080 efﬁcatior
2516 3025 2892 3098 lubentiorque
2940 3028 3168 3086 fortasse
3203 3031 3472 3101 aliquibus
3502 3034 3639 3101 ﬁeri,
3682 3053 3791 3107 quo

544 3123 665 3177 qua:
705 3109 917 3163 vocales
952 3111 1263 3176 secreverit,
1306 3121 1517 3182 reperta
1559 3114 1743 3182 fuerit,
1783 3132 1881 3185 pro
1920 3120 2114 3174 ceteris
2141 3141 2187 3203 ρ
2218 3117 2446 3187 quisque
2480 3118 2745 3189 proiectis
2778 3120 2948 3175 tribus
2992 3125 3363 3180 tantummodo
3397 3128 3647 3193 tesseris,
3682 3145 3788 3183 non

542 3199 791 3255 omnibus
811 3209 1159 3269 conputetur;
1188 3212 1241 3256 et
1265 3204 1406 3272 quod
1430 3206 1694 3274 tetragoui
1719 3208 1800 3261 sui
1829 3210 2112 3278 superﬁcie

540 3282 829 3358 superiori,
860 3291 960 3346 hoc
990 3291 1089 3346 ista
1117 3291 1377 3358 inferiori,
1407 3294 1458 3350 id
1483 3306 1563 3351 est
1590 3296 1708 3352 basi
1738 3312 1856 3363 sua,
1885 3301 2113 3358 demon-

539 3377 733 3433 strabit
771 3379 938 3451 (190).
992 3380 1099 3437 Nec
1141 3383 1424 3451 inmerito;
1462 3388 1660 3458 quippe
1709 3404 1831 3444 cum
1880 3406 2108 3463 corpus,

537 3468 689 3537 cujus
722 3469 837 3523 istae
866 3487 986 3540 quae
1029 3472 1436 3530 similitudinem
1482 3477 1588 3532 illis
1629 3479 1822 3535 animm
1867 3481 2108 3552 ﬁguran-

539 3560 685 3615 tibus
719 3561 987 3617 retineant
1012 3565 1184 3631 (l9l),
1214 3566 1331 3622 sive
1366 3570 1601 3623 naturali
1632 3573 2001 3641 conpositione
2027 3577 2109 3631 sui

536 3651 794 3706 decenter
815 3662 1099 3719 ornatum,
1131 3670 1226 3710 seu
1266 3656 1447 3725 aliqua
1479 3660 1723 3728 portione
1762 3662 2107 3731 diminutum,

536 3744 652 3797 sive
675 3743 741 3774 “7
774 3753 1112 3800 monstruosa
1150 3746 1517 3818 superﬂuitate
1544 3762 1963 3821 aucmentatum,
1999 3758 2108 3825 spi-

537 3833 704 3888 ritum
744 3844 836 3888 aut
866 3835 1132 3906 integrum
1158 3847 1249 3891 aut
1276 3839 1477 3895 nullum
1508 3842 1710 3898 habere
1738 3844 2022 3913 videatur;
2055 3856 2109 3901 et

533 3941 599 3980 eo
623 3925 964 3992 discedente,
993 3928 1095 3984 hoc
1125 3929 1311 3996 imum,
1341 3932 1481 3986 unde
1506 3943 1776 4004 sumptum
1802 3946 1919 4003 est,
1951 3953 2104 4008 repe-

536 4028 616 4072 tat
662 4017 975 4074 ilementum
1003 4020 1153 4086 ,ille
1203 4031 1504 4078 revertatur
1548 4025 1615 4080 ad
1678 4025 1963 4083 Dominum
2012 4030 2103 4100 qui

532 4110 678 4165 dedit
722 4111 870 4166 illum
920 4112 1146 4184 (Eccles.
1195 4130 1292 4180 xu,
1339 4116 1413 4186 7).
1461 4116 1551 4172 Sic
1593 4117 1845 4188 projectis
1880 4121 2041 4176 simul
2074 4138 2104 4176 e

532 4214 697 4253 manu
743 4201 895 4255 cubis
939 4218 1062 4256 cum
1107 4203 1394 4274 triangulo,
1446 4219 1741 4276 eorumque
1793 4208 2104 4279 singillatim

528 4288 725 4345 litteris
753 4292 1070 4361 perspectis,
1102 4306 1227 4348 mox
1260 4296 1645 4351 recurrendum
1672 4298 1774 4353 erit
1801 4299 1868 4353 ad
1902 4301 2102 4369 margi-

2218 3211 2283 3265 ad
2322 3210 2428 3264 vim
2466 3210 2838 3267 ilemeutorum
2886 3214 2978 3269 sed
3015 3214 3082 3268 ad
3128 3231 3388 3271 summam
3425 3218 3583 3273 simul
3617 3219 3787 3275 colla-

2218 3308 2326 3354 tam
2358 3300 2681 3370 respiciens,
2718 3313 2981 3373 quotquot
3008 3306 3098 3360 tali
3133 3308 3429 3378 reppererit
3455 3319 3512 3364 ut
3535 3312 3784 3380 praeliba-

2217 3403 2327 3446 tum
2356 3402 2458 3459 est,
2487 3409 2712 3449 numero
2740 3396 3038 3463 redimitas,
3065 3396 3384 3468 gloriabitur
3420 3415 3478 3456 se
3506 3404 3785 3472 possidere

2216 3474 2462 3536 virtutes.

2289 3589 2307 3622 ε
2352 3569 2681 3652 Haectaliter
2711 3569 2825 3639 tibi,
2859 3574 3057 3641 lector,
3088 3581 3466 3648 proponimus,
3495 3592 3552 3637 ut
3577 3585 3621 3638 si
3650 3584 3781 3654 quid

2211 3661 2365 3718 stilus
2412 3648 2597 3734 exigit,
2640 3664 2846 3719 utiliter
2894 3666 3149 3723 aduectas
3196 3669 3286 3735 ηδ,
3329 3681 3421 3726 aut
3459 3674 3781 3745 corrigendo

2212 3754 2493 3819 detrahas;
2521 3754 2651 3809 nihil
2681 3763 2860 3810 tamen
2889 3756 3232 3827 blasphemia:
3256 3761 3475 3828 inferas;
3502 3775 3558 3819 et
3585 3766 3628 3820 si
3660 3765 3779 3819 lau~

2211 3844 2341 3899 dare
2367 3844 2636 3911 nolueris,
2681 3860 2748 3900 ne
2775 3845 3073 3917 disperdas.
3103 3848 3259 3915 Quod
3298 3854 3341 3907 si
3379 3853 3537 3910 ludus
3570 3855 3780 3912 vilescit

2164 3942 2169 3949 '
2208 3944 2299 3989 aut
2327 3935 2508 3990 animo
2536 3934 2738 3991 tedium
2766 3937 2934 4008 gignit
2958 3979 2971 4003 ,
3003 3939 3190 3995 saltem
3238 3958 3582 3999 numerorum
3631 3948 3779 4002 utilis

2207 4027 2478 4097 coaptatio
2497 4028 2861 4098 virtutumque
2881 4030 3154 4101 diligibilis
3181 4033 3455 4102 inquisitio
3479 4051 3578 4091 nec
3600 4039 3775 4093 otiosa

2208 4117 2526 4173 exercitatio
2554 4108 2787 4172 mentem
2817 4118 2880 4171 ad
2905 4135 3025 4173 eum
3048 4131 3383 4187 convertant,
3410 4132 3465 4176 ut
3487 4125 3778 4183 collatione

2207 4221 2552 4263 numerorum
2579 4207 2927 4272 exerciteris,
2958 4208 3322 4280 virtutumque
3343 4212 3559 4268 cumulo
3586 4225 3774 4285 gratu-

2206 4298 2355 4353 leris.
2392 4298 2447 4352 In
2492 4297 2687 4367 quibus
2734 4297 3079 4367 adquirendis
3117 4299 3164 4355 si
3192 4300 3408 4367 vineas,
3442 4318 3547 4357 non
3582 4304 3774 4361 elatio-

1809 4413 2044 4471 VARIJE
2082 4411 2483 4471 LECTIONES.

597 4522 664 4554 ⁸⁵⁵
696 4522 948 4577 ditaverit
976 4525 1025 4579 1.

525 4591 669 4662 llolv.
699 4661 703 4662 ν
774 4592 839 4626 ιδ’
875 4596 905 4648 ὃ
935 4604 1107 4662 potest
1151 4596 1200 4648 l.
1229 4596 1283 4650 4.

1103 4524 1170 4557 ιδ’
1196 4535 1738 4615 τιξηιιιιιρκιηθξοθριτιςι.
1763 4530 1860 4599 per“
1881 4527 2777 4615 gramatieis.hn_._quiq.ue-11;“:
2821 4528 2900 4615 sip
2931 4528 3044 4615 -Ι
3062 4530 3276 4615 mgna;
3295 4548 3472 4613 omnes
3495 4550 3515 4598 ;
3543 4550 3608 4615 eo

1384 4598 1452 4630 "’°
1490 4599 1564 4651 ita
1602 4598 1780 4669 (ialm;
1815 4598 2270 4669 superabundavit
2295 4598 2358 4653 it'
2397 4598 2727 4669 prelaturarn
2756 4599 2807 4652 1.
2852 4599 2903 4650 ὅ.
2984 4600 3045 4669 ξδ’
3083 4598 3327 4669 eclipsin.
3361 4603 3459 4655 ix
3486 4618 3536 4657 a.
3557 4605 3685 4658 bina
3718 4608 3764 4660 1.

3062 4530 3135 4563 ¹“·
3150 4520 3276 4612 Quae
3295 4548 3472 4612 omnes
3495 4550 3515 4598 ;
3543 4536 3773 4612 correxit

526 4661 593 4692 ⁸⁵³
627 4661 761 4716 debe
842 4672 899 4717 ut
928 4661 1153 4745 virtutes
1196 4667 1244 4720 l.
1276 4667 1372 4745 ita,
1395 4669 1562 4745 spatio
1589 4661 2103 4745 aliquotjiu'erarum
2130 4671 2327 4745 relicto,
2350 4661 2681 4745 quasscfilra
2712 4668 2769 4720 in
2799 4668 3101 4745 exemplari,
3123 4661 3261 4740 qu'od
3281 4671 3574 4742 descripsit,
3599 4674 3769 4745 legere

523 4743 626 4785 mm
661 4743 883 4802 poterat.
917 4732 1143 4789 Prorsus
1192 4737 1371 4791 eodem
1410 4732 1562 4791 modo
1591 4739 1644 4793 5.

523 4800 649 4852 latis
750 4803 1037 4852 υθιίιιροαίς
1066 4806 1117 4852 1.
1147 4806 1220 4852 ita
1247 4809 1433 4852 iterum
1458 4810 1625 4852 suntin

544 4813 649 4856 atts

523 4888 625 4925 non
648 4873 833 4941 potuit.
856 4872 1055 4927 Eadem
1082 4890 1297 4942 prorsus
1325 4872 1554 4931 liabet'l’).
1588 4886 1793 4934 tessere
1816 4872 1955 4934 deest
1985 4878 2043 4934 2.
2076 4872 2299 4942 fortasse
2330 4872 2680 4934 nominatim?
2728 4872 2825 4907 "5‘
2862 4872 2961 4931 alia
3004 4880 3054 4932 1.
3092 4880 3143 4934 ’5.

1745 4739 1811 4770 ¹⁸³
1859 4736 2459 4821 sataguntjmpetrare.
2495 4736 2782 4823 inferiores
2828 4752 2899 4823 qq
2926 4736 3062 4823 ni-at‘i.
3088 4736 3288 4823 tessere
3315 4756 3365 4822 ς.
3397 4736 3531 4823 a.'_v.
3559 4736 3606 4799 ε.
3646 4736 3769 4823 pre,

750 4803 1037 4882 pedagogis
1066 4806 1117 4858 1.
1147 4806 1220 4859 ita
1247 4809 1433 4882 iterum
1457 4810 1625 4882 sp_atio
1669 4808 1879 4882 relicto;
1905 4803 2049 4882 twigs
2069 4803 2239 4882 igitur
2255 4818 2370 4879 post
2402 4821 2616 4882 quoque
2643 4817 2690 4882 et
2728 4803 3291 4882 post'prelatisnscriltq
3318 4811 3424 4880 ipse
3458 4812 3624 4882 legere
3646 4803 3769 4881 3am

3224 4880 3292 4911 ³⁸⁵
3330 4880 3579 4937 acnectas
3619 4880 3668 4937 1.
3711 4884 3764 4938 3.

2025 4954 2256 5027 nom;

588 5052 736 5104 H.89l
763 5055 934 5106 lunae
963 5073 977 5106 :
1029 5056 1071 5106 Υ
1102 5074 1215 5106 vero
1253 5069 1451 5106 seruam
1485 5061 1830 5106 Atr/tinnmmm
1859 5060 2087 5106 unnnlnm

2195 5072 2247 5106 et
2292 5080 2408 5106 num.
2444 5063 2771 5106 mutandum.
2805 5072 2897 5106 aut
2921 5064 3007 5106 ﬂ'i.
3044 5064 3077 5106 ί-
3116 5079 3145 5106 ρ
3193 5066 3344 5106 ποιηιί
3404 5068 3504 5106 Ima
3545 5082 3703 5106 una"
3745 5088 3759 5101 ο
