4052 5358
539 245 608 298 95
1598 265 1822 321 GESTA
1855 267 2270 325 remmota
2309 271 2915 331 CAMERACENSIUM.
3717 273 3794 331 96

539 358 794 464 utilirittm.
831 367 1184 426 Ordiuattenc
1217 383 1396 443 itaque
1433 387 1670 446 peracta,
1699 381 1779 433 vir
1819 380 1910 434 Dei
1951 399 2112 437 vene-
2141 387 2186 444 A
2218 385 2426 441 viribus
2457 387 2645 442 urbem
2677 398 2992 445 constanter
3021 390 3308 447 adversum
3340 393 3598 464 impetum
3643 393 3798 448 illius

543 450 750 517 rabilis,
783 460 1094 526 compositis
1133 467 1454 520 necessariis
1481 469 1674 534 rebus,
1719 487 1849 527 sane
1895 489 2110 543 gregem

541 543 888 600 commissum
942 550 1260 610 visitaturus
1308 558 1373 612 ad
1425 560 1605 614 sedem
1653 563 1755 618 sibi
1797 580 2112 620 concessam

543 629 777 686 devenit.
825 634 930 690 Sed
978 640 1064 693 vix
1115 657 1365 699 sermone
1411 648 1612 714 poterit
1655 651 1934 718 explicari,
1984 663 2116 723 quot

543 732 726 791 postea
761 727 1020 798 injurias,
1053 745 1182 803 quot
1211 741 1595 807 contumelias,
1632 755 1764 812 quot
1807 746 1972 800 etiam
2015 747 2111 802 ad-

540 818 829 875 versitates
857 837 884 874 a
913 825 1026 879 suis
1047 843 1335 897 perpessus
1364 833 1474 886 est!
1823 901 1826 904 λ

570 942 586 957 -
611 910 700 965 95.
743 912 879 984 (9Ξ.)
915 916 994 971 lle
1031 919 1274 988 injuriis,
1307 941 1440 994 quas
1473 927 1740 997 episcopus
1776 948 1808 984 a
1862 932 2110 986 militibus

538 1004 649 1057 suis
675 1008 942 1061 sustinuit.
973 1010 1085 1066 Sub
1122 1014 1310 1068 eodem
1349 1031 1584 1088 namque
1611 1028 1851 1091 tempore
1882 1031 2008 1077 erat.
2026 1024 2112 1078 vir

537 1096 756 1162 quidam
782 1097 1055 1159 Jobannes
1087 1107 1336 1174 neruine,
1368 1121 1561 1180 potens
1608 1123 1714 1168 tam
1753 1115 2112 1172 Cameracen-

535 1189 674 1240 sium
721 1203 881 1258 quam
917 1193 1398 1255 Vermandensium
1441 1217 1670 1274 genere,
1712 1207 1803 1276 qui
1843 1208 2111 1278 majordo-

536 1287 684 1333 Ltatu
718 1283 915 1338 ceteris
943 1290 1218 1356 prestabat
1249 1291 1301 1345 in
1329 1293 1462 1349 urbe
1486 1297 1586 1350 sub
1607 1299 1900 1365 pontiﬁcali
1923 1311 2110 1358 aucto-

534 1373 713 1430 ritate.
750 1375 864 1432 Sed-
887 1396 994 1449 quo
1023 1384 1194 1453 major
1215 1389 1412 1443 ceteris
1440 1399 1604 1460 atque
1633 1395 1926 1462 potentior,
1959 1403 2109 1452 tanto

533 1481 684 1534 pejor
716 1471 954 1540 pontiﬁci
985 1481 1148 1545 atque
1188 1478 1440 1535 ferocior.
1474 1483 1664 1550 Porro,
1699 1467 1757 1539 ut
1792 1487 1858 1541 de
1887 1486 2108 1558 reliquis

535 1563 764 1622 taceam,
811 1559 893 1614 vir
939 1561 1032 1617 Dei
1079 1567 1260 1634 presul
1310 1571 1649 1641 venerabilis,
1691 1574 1927 1645 lapidum
1971 1593 2106 1634 con-

531 1647 803 1716 gestiones
835 1659 891 1704 et
920 1651 1150 1720 calcem,
1187 1672 1398 1714 omnem
1429 1677 1645 1733 quoque
1679 1667 1962 1722 materiam
2005 1683 2104 1738 pa-

2216 479 2512 546 tyrannidis
2561 479 2903 547 defensaret,
2963 482 3246 553 ipsumque
3285 483 3561 555 frequenti
3614 500 3795 556 expu-

2217 568 2475 638 gnatione
2526 569 2860 625 devinceret.
2909 570 3092 638 Quare
3133 572 3274 628 lctus
3309 575 3594 644 episcopus
3629 573 3792 628 illum

2215 661 2454 729 recepit,
2495 663 2588 716 sed
2623 671 2679 716 et
2714 663 2856 732 quod
2895 665 3122 740 rogabat
3158 665 3364 736 absque
3393 663 3708 720 difﬁcultate
3736 665 3792 721 ei

2210 757 2560 812 contradidit.
2589 757 2688 824 Qui
2723 768 2900 812 tamen
2929 768 3118 828 postea
3153 760 3332 814 verbis
3367 759 3622 830 predictae
3657 775 3790 829 pro-

2217 849 2496 904 missionis
2548 850 2708 904 ﬁdem
2748 851 3044 922 derogans,
3084 866 3189 906 non
3225 859 3434 906 tantum
3471 852 3792 922 episc0pum

2212 955 2316 993 non
2342 940 2554 1009 juvavit
2587 941 2674 1004 ¹⁶⁰,
2705 941 2801 996 sed
2841 942 3002 996 etiam
3041 942 3225 1012 priore
3259 943 3557 1008 molestior,
3600 941 3792 1012 plures

2211 1040 2268 1086 et
2311 1031 2558 1088 diversas
2603 1031 2832 1101 injurias
2879 1032 3164 1088 adversum
3209 1033 3519 1103 pontiﬁcem
3560 1042 3616 1087 et
3659 1047 3794 1087 suc-

2212 1137 2462 1178 cessores
2491 1122 2610 1192 ejus
2638 1122 2904 1177 exercuit.
2933 1120 3210 1178 Iohannes
3253 1138 3382 1178 vero
3407 1124 3790 1194 possessiones

2213 1227 2342 1267 suas
2375 1213 2550 1270 alieno
2581 1214 2778 1269 herede
2819 1228 3076 1283 pervasus
3105 1213 3496 1285 ingemiscens,
3525 1214 3787 1284 asperior

2211 1305 2387 1361 factus
2417 1322 2524 1361 non
2551 1315 2679 1362 ante
2705 1306 3072 1376 compescuit,
3111 1306 3286 1362 donec
3325 1306 3614 1377 episcopus
3657 1321 3788 1362 cre-

2209 1397 2306 1452 bra
2337 1397 2688 1454 infestatione
2717 1406 2970 1463 coactus,
3001 1398 3330 1454 tantumdem
3357 1413 3510 1468 pmne
3530 1396 3788 1453 beneﬁcii

2208 1490 2256 1544 ei
2297 1489 2556 1548 restituit.

2278 1579 2364 1636 94.
2391 1579 2526 1650 (95.)
2555 1579 2630 1634 De
2653 1579 2795 1633 obitu
2827 1577 3032 1634 Ottonis
3059 1559 3384 1650 tut-peratoris
3411 1594 3457 1636 et
3487 1582 3550 1635 de
3579 1598 3789 1636 succes-

2206 1671 2350 1724 sione
2378 1670 2478 1738 ﬁlii
2507 1670 2590 1724 sui
2619 1669 2848 1724 Ottonis.
2885 1669 3088 1726 Eodem
3117 1679 3362 1742 tempore
3392 1671 3520 1728 Otto
3548 1673 3788 1743 impera-

531 1747 765 1834 raverat,
795 1741 937 1834 unde
964 1745 1262 1802 mcclesiam
1289 1747 1462 1806 beata:
1488 1752 1582 1808 Dei
1617 1755 1897 1824 genitricis
1926 1757 2107 1814 Mariae
2135 1743 2181 1804 Β
2212 1772 2295 1818 tor
2332 1764 2740 1830 sanctissimus,
2777 1772 2924 1818 tutor
2952 1741 3274 1830 ﬁdissimus,
3307 1779 3497 1820 norma
3521 1741 3784 1834 justitiaz,

531 1827 862 1920 ampliﬁcare
892 1833 1245 1903 disposuerat.
1275 1837 1380 1895 Sed
1402 1841 1544 1898 inter
1571 1847 1832 1915 agendum
1856 1846 2105 1920 exigente

531 1919 610 1973 rei
655 1925 976 1980 necessitate
1017 1927 1082 1982 ad
1119 1928 1500 2000 imperatorem
1549 1934 1823 2004 profectus
1867 1919 1969 1994 est.
2001 1938 2103 1996 Ubi

528 2025 680 2078 vero,
706 2014 830 2069 dum
862 2029 1195 2088 moraretur,
1229 2027 1446 2080 interim
1474 2029 1750 2096 predietus
1777 2033 2105 2090 castellanus

531 2100 676 2170 ipsas
716 2108 1023 2165 materiales
1059 2113 1306 2169 cumulos
1340 2115 1442 2170 sibi
1472 2121 1700 2175 convehi
1739 2121 1900 2188 fecit,
1936 2133 1992 2180 et
2026 2139 2092 2180 ex

528 2194 614 2250 his
649 2195 866 2252 domum
905 2216 1024 2256 cum
1062 2219 1273 2261 summo
1306 2209 1536 2265 aediﬁcio
1577 2213 1628 2267 in
1667 2215 1856 2270 eodem
1913 2227 2098 2274 castro

527 2283 766 2344 fundari.
798 2287 910 2344 Hoc
936 2291 1025 2347 ubi
1053 2291 1256 2351 factum
1284 2313 1502 2356 reverso
1529 2303 1768 2372 pontiﬁci
1797 2307 2097 2372 nuntiatur,

530 2376 698 2434 altius
751 2379 1052 2450 ingemuit,
1104 2384 1452 2460 divinumque
1499 2392 1844 2450 clementiam
1893 2397 2101 2452 diutina

528 2467 915 2527 lamentatione
956 2477 1022 2530 ad
1055 2476 1417 2536 ulciscendam
1452 2492 1612 2539 tantae
1644 2489 1967 2544 temeritatis
2003 2507 2100 2545 au-

527 2561 739 2617 daciam
781 2566 1057 2623 excitavit.
1103 2567 1212 2626 Nec
1263 2574 1434 2628 multo
1485 2585 1605 2646 post
1655 2588 1846 2634 coacto
1895 2582 2100 2652 copiosi

530 2652 804 2708 exercitus
840 2657 1071 2724 auxilio,
1109 2665 1492 2720 exterminavit
1528 2682 1649 2722 eum
1685 2669 1752 2724 ab
1792 2671 1940 2726 urbis
1973 2687 2101 2728 con-

528 2741 679 2797 ﬁnio.
734 2743 836 2811 Qui
889 2743 1103 2817 fugiens
1153 2751 1208 2806 in
1259 2769 1456 2825 pagum
1503 2755 1994 2830 Vermandensem,
2045 2763 2099 2819 in

528 2842 770 2889 castrum
817 2837 1074 2895 videlicet
1110 2845 1282 2898 sancti
1323 2845 1566 2913 Quintini
1591 2889 1605 2912 ,
1646 2851 1840 2907 amicis
1879 2855 2100 2922 quidem

526 2933 583 2978 et
611 2927 860 2996 cognatis
893 2929 1349 3003 suﬁ'ragantibus,
1381 2940 1483 2993 sub
1515 2939 1739 2996 Alberto
1771 2945 1970 3000 comite
2003 2945 2101 3000 ali-

527 3017 770 3084 quandiu
802 3029 1154 3090 receptator;
1191 3027 1372 3096 ibique
1407 3042 1596 3100 rogato
1626 3033 1861 3102 auxilio,
1894 3045 2097 3092 tantam

2205 1855 2381 1911 cultor
2430 1857 2659 1912 devotus
2705 1856 2984 1924 Ecclesim,
3022 1872 3146 1928 spes
3181 1859 3360 1930 pacis,
3401 1869 3614 1916 amator
3649 1859 3780 1914 reli-

2203 1947 2411 2014 gionis,
2447 1957 2738 2018 provectus
2777 1957 2938 2004 aetate
2973 1948 3272 2019 plenusque
3301 1949 3511 2005 dierum
3551 1948 3788 2004 feliciter

2203 2039 2457 2111 migravit
2489 2040 2556 2095 ad
2595 2039 2867 2096 Christum
2906 2041 3024 2112 (an.
3053 2039 3191 2108 975,
3229 2039 3361 2095 Mai.
3387 2041 3476 2113 Ἰ).
3519 2039 3648 2097 Post
3685 2057 3785 2096 cu-

2196 2125 2284 2197 jus
2317 2143 2601 2186 excessum
2637 2129 2763 2185 Otto
2801 2129 2941 2185 lilius
2986 2144 3115 2186 suus
3148 2130 3572 2202 gloriosissimus
3598 2173 3614 2198 ,
3649 2132 3784 2188 licet

2203 2220 2458 2289 primmvo
2508 2219 2641 2274 ﬂore
2697 2219 3049 2292 tyrunculus,
3089 2228 3266 2276 tamen
3305 2219 3533 2276 consilio
3569 2221 3778 2287 bonus,

2203 2311 2344 2366 bello
2375 2321 2662 2376 strenuus,
2691 2322 2763 2377 et,
2797 2319 2858 2365 ut
2887 2311 3080 2381 paucis
3109 2309 3445 2376 concludam,
3465 2311 3634 2381 patris
3666 2320 3781 2366 tam

2201 2411 2256 2458 et
2291 2403 2531 2458 moribus
2556 2417 2716 2473 quam
2757 2402 2977 2458 nomine
3012 2403 3257 2459 imitator
3289 2401 3634 2466 simillimus,
3674 2403 3780 2456 ha-

2203 2495 2370 2550 benas
2397 2495 2612 2564 imperii
2641 2493 3005 2549 moderandas
3031 2495 3288 2564 suscepit.
3317 2491 3424 2548 Sed
3448 2494 3572 2562 quia
3594 2493 3786 2564 junior

2202 2594 2350 2652 erat,
2385 2583 2653 2641 Henricus
2683 2584 2790 2639 dux
2827 2583 3194 2656 Bajoariorum
3223 2598 3347 2640 eum
3379 2583 3508 2638 totis
3534 2584 3626 2637 sed
3659 2597 3814 2652 pre--

2203 2676 2432 2746 sumptis
2471 2675 2742 2730 renisibus
2776 2683 2965 2730 contra
3005 2687 3063 2729 se
3090 2672 3358 2730 cervicem
3391 2673 3596 2738 erexit,
3629 2671 3784 2727 dedi-

2203 2776 2398 2837 gnatus
2446 2764 2657 2820 scilicet
2697 2763 2815 2833 ejus
2861 2764 3089 2835 imperio
3133 2763 3432 2835 subjugari.
3485 2763 3634 2818 Unde
3677 2761 3784 2816 ali-

2202 2865 2405 2925 quanto
2461 2854 2720 2925 temporis
2769 2854 3054 2910 intervallo
3105 2855 3246 2910 inter
3294 2870 3352 2910 se
3395 2854 3460 2886 ¹⁶¹
3503 2855 3784 2910 contentio

2212 2961 2382 3018 usque
2412 2947 2478 3001 ad
2509 2945 2712 3000 bellum
2745 2946 3007 3015 processit
3034 2961 3048 3011 ;
3081 2945 3174 3000 sed
3207 2959 3305 3000 nec
3333 2945 3496 3016 longo
3533 2955 3684 3015 post,
3720 2953 3782 3000 ut

2205 3039 2474 3108 posterius
2503 3037 2714 3103 dicam,
2745 3037 2836 3093 illo
2882 3039 2952 3093 ad
2993 3037 3282 3094 deditionis
3311 3035 3500 3110 iugum
3539 3036 3743 3092 reﬂexo
3765 3077 3780 3104 ,

531 3107 829 3199 satellitum
869 3113 1082 3182 copiam
1122 3117 1224 3172 sibi
1262 3099 1574 3190 conjunxit,
1605 3132 1663 3178 ut
1690 3099 1981 3195 aliquando
2009 3143 2101 3184 oc-
2129 3099 2173 3158 C
2205 3099 2344 3186 facta
2381 3145 2514 3199 pace
2539 3099 2830 3185 concordia
2860 3127 3192 3184 intercessit.

533 3197 695 3254 cultis
730 3199 943 3257 insidiis
983 3204 1128 3260 hunc
1164 3208 1231 3262 de
1269 3209 1563 3279 improviso
1591 3230 1911 3284 erumpens,
1945 3218 2101 3275 villas

529 3288 688 3358 hujus
728 3292 944 3348 vicinia:
993 3297 1190 3351 tniscra
1243 3301 1595 3370 pepulatione
1647 3315 1906 3362 vastaret.
1951 3306 2101 3366 Unde

526 3384 768 3452 pontifex
795 3385 1114 3460 plerumque
1136 3395 1428 3450 exterritus
1447 3436 1460 3460 ,
1489 3412 1722 3465 quonam
1749 3399 1909 3454 modo
1940 3410 2102 3456 tantae

531 3475 866 3533 inmanitatis
891 3478 1154 3537 latronem
1185 3487 1479 3554 reprimere
1505 3489 1702 3557 possit,
1726 3490 1954 3546 diversa:
1983 3507 2100 3546 mo-

509 3631 512 3634 _
536 3568 678 3622 tibus
704 3569 1070 3627 meditationis
1097 3575 1386 3630 excitatur.
1413 3577 1537 3632 Ιίωο
1568 3579 1716 3633 illum
1744 3581 2097 3651 cogitantem,

548 3657 820 3714 Walterus
850 3661 1065 3730 quidam
1091 3663 1350 3720 Lcnensis
1371 3669 1536 3723 castri
1562 3670 1707 3740 (I97)
1731 3671 1964 3726 vasallus
1981 3712 1994 3737 ,
2015 3673 2104 3742 ju-

529 3765 618 3804 x'a
651 3751 1000 3809 eminentiam
1031 3758 1295 3812 secularis
1323 3761 1576 3827 potentiae
1603 3762 1812 3829 clarus,
1845 3765 1940 3819 sed
1981 3781 2102 3820 ver-

533 3841 674 3894 sutia
709 3840 774 3873 ¹⁵⁹
803 3851 856 3896 et
885 3845 1179 3901 calliditate
1207 3849 1404 3916 ingenii
1429 3850 1618 3918 plenus
1637 3891 1650 3916 ,
1673 3851 1973 3907 factionum
1999 3855 2098 3908 sti-

525 3931 738 3998 pamine
761 3933 1141 4002 circumvenit,
1167 3939 1438 4008 pollicitus
1457 3957 1608 4008 sane,
1632 3945 1770 4012 quod
1793 3945 1836 3999 si
1864 3945 1972 4000 ﬁlio
1999 3962 2097 4002 suo

524 4027 803 4094 asquivoco
831 4029 1084 4098 quicquid
1109 4029 1382 4088 Johannes
1412 4036 1625 4090 tenebat
1653 4036 2058 4093 beneﬁciaverit
2077 4080 2090 4100 ,

523 4131 756 4186 cumque
803 4119 918 4174 vice
965 4118 1228 4178 Johannis
1279 4125 1586 4182 adsciscere
1637 4128 1902 4194 voluerit,
1961 4131 2089 4185 totis

2274 3223 2359 3278 95.
2395 3221 2530 3295 (94.)
2562 3222 2638 3276 De
2671 3221 2812 3274 rabie
2845 3219 3058 3275 Ruineri
3085 3229 3134 3274 et
3169 3217 3438 3275 Lantberti
3471 3230 3652 3274 contra
3681 3219 3752 3271 im

2202 3327 2517 3387 peratorem.
2550 3313 2748 3369 Audita
2781 3313 2946 3384 igitur
2975 3311 3132 3383 longe
3159 3312 3376 3381 lateque
3408 3321 3582 3366 morte
3615 3312 3782 3381 impe-

2207 3406 2435 3469 ratoris,
2478 3405 2748 3460 llainerus
2782 3411 2946 3473 atque.
2983 3403 3353 3468 Lantbertus,
3398 3403 3490 3456 ﬁlii
3527 3401 3782 3457 videlicet

2204 3495 2429 3551 Raineri
2483 3491 2636 3566 (198)
2669 3535 2684 3560 ,
2741 3509 2898 3563 quem
2951 3493 3166 3548 vivente
3217 3493 3396 3547 adhuc
3449 3493 3782 3562 imperatore

2207 3585 2650 3654 archiepiscopus
2683 3583 2898 3648 Bruno,
2936 3584 3026 3654 qui
3064 3583 3164 3639 sub
3200 3581 3368 3638 fratre
3405 3585 3775 3639 monarcbiam

2207 3675 2456 3740 tenebat,
2488 3689 2586 3744 pro
2617 3673 2946 3739 insolentiis,
2986 3687 3084 3742 pro
3125 3675 3324 3742 rapinis
3351 3714 3365 3738 ,
3405 3689 3503 3744 pro
3533 3675 3779 3730 ecclesim

2205 3764 2633 3826 incussionibus,
2679 3773 2778 3834 pro
2829 3764 3012 3818 multis
3065 3765 3227 3819 etiam
3279 3765 3575 3820 sceleribus
3631 3782 3776 3837 smpe

2203 3857 2478 3927 arguendo
2509 3856 2842 3927 corrigebat,
2875 3869 3014 3924 saepe
3046 3855 3322 3910 beneﬁciis
3351 3855 3468 3922 ejus
3497 3857 3774 3911 servitiam

2205 3949 2469 4020 placando
2508 3946 2783 4014 leniebat;
2828 3949 2920 4002 sed
2959 3962 3080 4002 cum
3127 3955 3303 4000 tamen
3345 3947 3459 4015 ejus
3505 3947 3774 4004 feritatem

2203 4040 2442 4096 siriatico
2473 4048 2690 4109 turgere
2723 4037 2958 4092 inﬂatam
3001 4037 3146 4092 nullo
3187 4038 3347 4092 modo
3387 4053 3636 4108 premere
3674 4054 3773 4108 po-

2201 4129 2399 4196 tuerit,
2429 4129 2480 4183 in
2505 4129 2668 4184 exilio
2700 4129 2913 4184 tandem
2945 4138 3203 4200 perpetuo
3233 4129 3584 4195 dampnatum
3614 4127 3774 4183 fratri

1803 4279 2033 4335 VARIAS
2077 4280 2473 4340 LECTIONES.

599 4407 664 4437 ⁸⁵⁵
691 4416 904 4462 versuta
939 4410 987 4461 Ι.
1051 4409 1116 4440 ¹⁶⁰
1140 4409 1350 4480 juvavit
1379 4427 1518 4467 corr.
1539 4412 1678 4484 juvit
1705 4415 1750 4468 l.
1821 4415 1882 4445 '“
1909 4429 2038 4468 ense
2059 4417 2108 4469 l.
2132 4417 2186 4471 5.

1937 4546 2163 4602 NOTAE.

520 4673 856 4751 pulsabatur.
883 4671 1181 4751 Episcopus
1217 4677 1392 4751 factus
1427 4693 1547 4751 cum
1578 4679 1748 4751 prima
1779 4679 1894 4751 vice
1921 4679 2093 4734 eccle-
2128 4667 2174 4724 υ
2200 4673 2323 4751 abi).
2379 4669 2536 4732 Lob.,
2561 4684 2639 4751 .c.
2688 4665 3010 4751 QﬁgnCodici
3055 4661 3769 4751 Evanﬂell9[99,99‘3l?5ii¥

520 4734 656 4820 siam
687 4734 948 4820 intrabat,
981 4734 1096 4813 ipse
1116 4763 1234 4820 eam
1273 4748 1547 4818 pulsabat,
1575 4734 2092 4820 jurejurandocon-
2192 4739 2604 4820 Cameracensis
2633 4754 2689 4792 n.
2709 4737 2851 4820 _'509n,
2881 4751 3010 4820 stne.
3039 4752 3112 4820 x,
3134 4734 3594 4820 man-usqumdlatn
3638 4749 3688 4788 s.
3733 4750 3767 4820 tt

523 4815 744 4888 ﬁrmans
766 4829 826 4867 se
851 4801 1395 4888 illa'm‘rcstituturum
1417 4801 1546 4872 cum
1569 4801 1712 4872 forte
1734 4801 2088 4874 rraaa'rJt-‘éi.
2197 4827 2284 4866 ex.
2329 4809 2413 4864 vel
2456 4826 2508 4864 χι
2555 4810 2662 4864 inc.
2707 4809 2762 4862 in
2803 4801 2908 4862 ﬁne
2945 4809 3059 4888 haec
3099 4801 3418 4888 inscripsi“:
3467 4801 3766 4888 θέης-³⁸⁸⁷³⁸

2198 4893 2410 4947 nomina
2448 4887 3008 4960 malefactorum,’qui
3047 4883 3292 4960 ecclesias
3333 4899 3524 4936 ms.....
3568 4883 3764 4960 ῖὲειέζη

519 4884 669 4963 ρυοά
703 4883 902 4963 factum
924 4895 1020 4963 est
1044 4901 1096 4963 a_.
1130 4887 1264 4963 1-596
1294 4897 1349 4942 et
1389 4888 1554 4955 1M6;
1587 4905 1694 4960 quo
1728 4905 1872 4945 anno
1913 4889 2092 4946 refusa
2198 4893 2410 4947 nomina
2433 4887 3008 4963 malefactorumtqui
3047 4883 3306 4963 ecclesias
3333 4899 3524 4936 ms.....
3568 4883 3735 4963 ῖέειέη

2197 4963 2384 5042 comite
2421 4950 2650 5042 Raine'ro
2685 4950 3061 5042 succenderunt
3087 4968 3106 5007 :
3135 4950 3763 5042 Albfr'tt‘tseotneshgiit‘i-

517 4957 658 5010 hanc
685 4957 897 5026 accepit
921 4956 1329 5028 inscriptionem
1358 4977 1370 5012 :
