4052 5358
229 359 290 412 97
1642 345 1838 401 manu
1882 345 2158 404 PRIMUS.
3418 353 3486 409 es

234 467 574 522 rnntradidit
637 468 763 536 (an.
793 465 967 535 957),
1020 470 1326 531 terramque
1379 475 1527 515 suam
1584 460 1816 529 prinmm
1849 466 1893 522 Α
1925 461 2033 514 fum
2054 502 2068 525 ,
2101 461 2241 515 facto
2269 462 2468 530 impetu
2503 462 2794 517 irruerunt.
2823 463 2900 516 Illi
2933 473 3109 520 tamen
3141 483 3246 520 non
3277 468 3484 523 minore

232 557 489 613 Richario
524 555 600 586 “‘
634 556 797 609 nobili
832 555 947 609 viro
968 594 981 617 ,
1011 553 1103 608 sed
1132 553 1235 606 hoc
1263 551 1516 606 defuncto
1547 550 1816 604 Warncro

229 659 282 703 et
318 647 651 718 Raynaldo,
688 646 885 716 quibus
911 646 1074 699 etiam
1107 642 1380 698 defunctis
1416 643 1598 714 (199),
1638 642 1812 698 Gode-

235 739 369 794 frido
398 748 575 806 atque
607 736 840 791 Arnulfo
867 737 1155 791 comitibus
1181 735 1528 790 nobilissimis
1556 734 1812 797 contulit,

232 828 476 895 ﬁliosque
505 825 632 894 ejus
662 827 920 898 praefatos
941 842 970 880 a
1011 827 1200 896 patriis
1247 826 1442 881 ﬁnibus
1467 841 1564 896 pro
1612 827 1813 880 eisdem

231 919 539 975 insolentiis
573 919 879 973 eliminavit
902 935 916 983 ;
941 947 1008 957 —
1029 918 1136 981 illi,
1160 917 1410 987 inquam,
1439 917 1617 970 audita
1642 927 1814 970 morte

230 1009 584 1080 imperatoris
607 1049 624 1070 ,
660 1008 1043 1063 revocantibus
1079 1008 1295 1076 quidem
1335 1007 1655 1076 quibusdam
1691 1022 1812 1061 sce-

233 1100 417 1154 lerosis
448 1114 658 1168 pacem
705 1099 829 1152 odio
870 1098 1224 1163 habentibus,
1266 1096 1390 1151 ﬁliis
1429 1097 1679 1152 videlicet
1714 1097 1813 1152 Be-

231 1190 344 1252 lial,
376 1190 604 1258 patrios
639 1189 777 1243 ﬁnes
812 1188 1040 1256 regressi
1063 1228 1076 1250 ,
1115 1197 1318 1242 terram
1352 1188 1522 1257 patris
1548 1187 1813 1241 violenter

238 1279 471 1332 volentes
513 1288 808 1348 repetere,
845 1293 1006 1347 super
1049 1276 1289 1348 Hagnam
1320 1277 1538 1330 fluvium
1569 1287 1811 1333 castrum

233 1367 431 1424 Bussud
468 1368 635 1440 (200)
668 1370 1016 1433 munierunt,
1047 1370 1227 1438 ibique
1254 1370 1386 1424 satis
1417 1380 1471 1424 et
1499 1385 1660 1439 super
1686 1371 1810 1423 dum

234 1459 296 1490 ¹⁶³
339 1458 499 1512 licuit
551 1458 859 1513 sevierunt.
910 1458 1024 1514 Hoc
1061 1468 1239 1514 autem
1270 1459 1488 1526 juvenis
1517 1461 1813 1530 imperator

235 1550 452 1605 audiens
478 1550 724 1605 collecto
753 1551 994 1606 exercitu
1026 1551 1312 1604 castellum
1339 1551 1621 1605 obsidione
1657 1551 1809 1605 clau-

233 1643 330 1706 sit,
370 1643 550 1696 diruit
581 1653 880 1712 captosque
916 1643 1143 1698 rebelles
1184 1644 1236 1696 in
1287 1643 1450 1697 exilio
1491 1644 1635 1697 misit
1673 1644 1805 1714 (an.

235 1732 355 1796 974,
388 1733 522 1788 Jan.
551 1733 596 1802 ).
629 1733 713 1787 Ad
747 1733 887 1788 hanc
915 1735 1078 1786 etiam
1109 1733 1446 1788 obsidionem
1478 1733 1668 1788 Tietdo
1694 1735 1808 1802 cpi-

1918 549 2108 617 spiritu
2139 550 2393 614 excitati,
2427 551 2539 603 suis
2569 567 2704 621 quos
2741 563 3025 622 prcsentes
3082 555 3353 610 habebant
3395 575 3486 613 co-

1917 639 2082 702 actis,
2113 649 2264 692 extra
2300 641 2648 694 munitionem
2669 655 2982 712 emergunt;
3016 657 3376 715 preruptoquc
3397 663 3488 717 pc.-

1917 729 2086 783 ricnlo
2131 745 2252 784 sese
2299 731 2622 796 offerentes,
2668 733 3013 803 inexpectato
3060 737 3203 789 omni
3245 739 3344 792 nisi
3390 738 3484 793 Dci

1919 827 2129 872 tantum
2165 821 2401 884 auxilio,
2436 837 2625 876 manus
2652 834 2979 890 conserunt,
3010 827 3207 896 diuque
3230 828 3484 899 utrinque

1916 920 2158 977 certato,
2203 924 2382 967 tamen
2430 914 2604 969 fructu
2649 915 2892 970 victoriae
2936 918 3237 985 potiuntur.
3289 919 3383 974 His
3413 921 3481 975 ad

1915 1016 2012 1056 sua
2040 1004 2302 1072 receptis,
2329 1019 2428 1058 nec
2453 1005 2668 1076 longum
2689 1047 2702 1071 ,
2734 1007 2861 1062 Otto
2894 1009 3040 1079 (20!)
3073 1011 3321 1078 prcdiuni
3355 1011 3482 1066 illud

1915 1089 2170 1160 Gogicum
2203 1091 2379 1160 (202),
2413 1095 2537 1162 quia
2571 1095 2674 1148 sibi
2703 1105 2846 1149 esset
2873 1099 3218 1168 contiguum,
3250 1100 3482 1154 Arnulfu

1919 1193 2230 1251 presumpta
2289 1185 2664 1239 vendicatione
2721 1189 2963 1256 eripuit,
3022 1189 3204 1259 ibique
3258 1193 3486 1245 castello

1915 1271 2150 1336 munito,
2207 1274 2392 1326 urbem
2439 1269 2608 1339 hanc,
2643 1277 2765 1344 quia
2808 1293 2906 1331 nec
2949 1278 3104 1349 longe
3137 1283 3335 1346 distat,
3381 1282 3488 1336 fre-

1912 1365 2094 1431 quenti
2125 1363 2432 1418 incursione
2462 1369 2776 1420 concitavit.

1989 1455 2076 1508 97.
2119 1455 2253 1527 (96.)
2297 1455 2409 1510 Rem
2447 1456 2780 1512 Karlensium
2815 1459 3091 1516 Lat/carius
3121 1463 3484 1532 imperatorem

1913 1545 2153 1600 Ottonem
2191 1549 2456 1601 incautum
2497 1551 2730 1614 invadit,
2763 1562 2808 1604 et
2846 1552 2962 1605 ideo
2994 1551 3116 1606 Otto
3147 1555 3360 1609 collecto
3389 1573 3482 1624 ag-

1909 1638 2048 1690 mine
2079 1654 2290 1708 regnum
2321 1640 2483 1708 ipsius
2511 1641 2813 1696 devastavit.
2849 1641 2975 1697 Post
3007 1644 3118 1697 haec
3151 1630 3328 1698 autem
3361 1646 3468 1700 im-

1909 1738 2146 1797 perator,
2185 1728 2297 1795 jam
2347 1740 2536 1800 pacato
2590 1746 2754 1802 regno
2799 1741 2854 1787 et
2894 1735 3146 1791 omnibus
3193 1736 3297 1791 sibi
3349 1747 3474 1792 ante

233 1837 418 1891 scapus
459 1797 742 1878 interfuit.
786 1824 880 1878 His
920 1824 994 1879 ita
1031 1827 1234 1894 gestis,
1281 1823 1567 1893 priefatum
1614 1825 1805 1878 ducem
1839 1797 1882 1856 Β
1917 1821 2294 1876 resistentibus
2321 1823 2521 1876 virtute
2549 1825 2788 1886 sedatis,
2822 1827 3036 1894 quietus
3084 1838 3139 1881 et
3183 1844 3303 1882 cum
3347 1845 3470 1898 pru-

237 1914 686 1982 Bajuvariorum,
744 1916 820 1971 illi
873 1926 932 1970 ut
979 1917 1214 1970 diximus
1267 1917 1638 1979 resistentem,
1685 1931 1806 1970 cum

235 2004 336 2057 suis
371 2005 568 2058 adiens
610 2007 848 2070 invasit,
887 2007 982 2061 sed
1026 2005 1255 2061 Domino
1287 2007 1504 2060 volente
1543 2008 1809 2063 citissime

239 2095 425 2148 victum
465 2107 522 2150 et
561 2099 634 2150 ad
665 2097 996 2151 deditionem
1032 2107 1285 2167 paratum
1334 2096 1563 2165 imperio
1615 2096 1807 2166 subju-

240 2189 386 2256 gavit.

303 2277 385 2331 96.
421 2277 566 2347 (95).
607 2275 707 2332 Ubi
741 2278 877 2332 idem
914 2279 1241 2348 rapinatores
1275 2288 1460 2333 contra
1492 2279 1671 2348 ﬁdeles
1711 2280 1810 2334 im-

249 2369 490 2435 peratoris
522 2369 586 2422 in
619 2369 784 2437 prelio
811 2372 1074 2438 congressi
1103 2381 1246 2440 tergo
1279 2381 1566 2424 verterunt.
1598 2370 1805 2425 Interea

243 2471 358 2510 vero
384 2459 623 2526 predicti
653 2457 853 2512 fratres
881 2460 1147 2514 ltainerus
1172 2472 1228 2514 et
1259 2460 1604 2524 Lantbertus,
1635 2462 1806 2516 coacti

252 2547 415 2616 inopia
449 2562 748 2617 moresque
775 2550 979 2618 patrios
1008 2551 1314 2617 imitantes,
1353 2552 1557 2621 rapinis
1593 2551 1808 2606 insiste-

243 2635 389 2699 bant,
428 2639 787 2706 quietemque
826 2639 1095 2706 publicam
1149 2639 1578 2710 interpolantes,
1628 2641 1806 2696 minus

245 2736 476 2794 potentes
525 2738 832 2798 utcumque
879 2735 1169 2785 vexabant.
1221 2733 1463 2804 Denique
1523 2735 1574 2786 in
1625 2744 1807 2802 partes

245 2814 582 2870 Karlensium
614 2819 1005 2886 concedentes,
1043 2821 1333 2887 Karoluni,
1378 2824 1518 2894 regis
1559 2823 1805 2880 Lotliarii

246 2909 453 2963 fratrem
485 2910 675 2979 pravis
707 2910 946 2964 moribus
987 2911 1227 2964 deditum
1249 2951 1264 2976 ,
1307 2914 1620 2982 pariterque
1657 2916 1808 2970 Otto-

249 3014 392 3066 nem,
421 3001 638 3056 Alberti
671 3000 1151 3058 Vermandensium
1193 3005 1408 3059 comitis
1453 3006 1653 3074 ﬁlium,
1683 3023 1805 3062 cum

1909 1913 2169 1979 speritate
2214 1927 2334 1981 qua:
2384 1913 2479 1967 Dei
2533 1922 2659 1967 sunt
2711 1925 2982 1981 tractans,
3033 1919 3172 1987 apud
3219 1919 3479 1988 palatium

1909 2003 2236 2072 Aquisgrani
2270 2004 2414 2057 circa
2454 2004 2806 2060 festivitatem
2850 2008 3020 2061 sancti
3067 2006 3328 2063 Johannis
3374 2025 3484 2064 mo-

1910 2096 2135 2150 rabatur
2188 2097 2319 2167 (an.
2363 2097 2532 2167 978);
2591 2114 2711 2151 cum
2773 2110 2994 2168 repente
3044 2099 3332 2155 Lotharius
3385 2116 3477 2155 rex

1909 2187 2288 2252 Karlcnsium,
2343 2203 2512 2259 nepos
2573 2189 2824 2244 videlicet
2877 2207 3043 2256 suus,
3099 2192 3248 2246 illum
3301 2192 3486 2247 volens

1909 2275 2123 2344 priVare
2154 2276 2404 2344 imperio,
2436 2277 2647 2330 occulta
2677 2278 3018 2346 expeditione
3046 2280 3176 2334 adeo
3209 2280 3485 2334 incautum

1907 2369 2120 2436 paravit
2162 2369 2445 2432 invadere,
2479 2381 2535 2421 ut
2566 2370 2738 2437 pridie
2769 2381 3058 2441 antequam
3094 2388 3489 2442 prcoccuparc—

1911 2466 2016 2521 tur,
2066 2466 2248 2526 posset
2298 2458 2562 2512 resiscere
2595 2457 2684 2509 ³⁸⁵.
2740 2460 2840 2524 Qui
2897 2460 3151 2528 quoniam
3201 2459 3361 2528 hujus
3406 2465 3483 2516 rei

1909 2545 2225 2614 inprovidus
2271 2548 2500 2617 putabat
2545 2561 2605 2602 se
2653 2563 2758 2600 non
2809 2547 3008 2602 habere
3057 2549 3108 2602 in
3140 2565 3367 2618 presens
3416 2551 3484 2604 ad

1909 2637 2247 2692 renitendum
2275 2639 2488 2707 copiam
2510 2679 2525 2703 ,
2560 2655 2787 2693 movens
2829 2653 2886 2693 se
2929 2655 2958 2692 a
3002 2640 3150 2705 loco,
3182 2657 3304 2694 cum
3335 2639 3484 2693 omni

1912 2728 2140 2781 secessit
2167 2726 2372 2781 familia
2404 2728 2682 2782 Coloniam
2709 2745 2723 2793 ;
2755 2745 2885 2783 sane
2912 2731 3209 2784 arbitratus
3239 2745 3298 2784 se
3323 2744 3488 2799 Opur-

1913 2832 2028 2876 tere
2057 2821 2274 2889 quidem
2305 2821 2371 2874 ad
2404 2830 2615 2888 tempus
2657 2823 2885 2885 cedere,
2929 2831 2988 2875 ut
3032 2823 3373 2891 postmodum
3419 2836 3487 2874 ex

1915 2911 2182 2967 industria
2226 2911 2409 2980 potius
2450 2921 2634 2980 posset
2681 2912 2960 2966 resistere.
3000 2912 3134 2965 Cum
3178 2921 3359 2966 autem
3388 2926 3484 2964 rex

1918 3001 2210 3056 Lotharius
2240 3000 2367 3053 illuc
2397 3002 2720 3069 perveniens
2740 3041 2754 3064 ,
2789 3002 2900 3055 suis
2929 3002 3146 3071 quidem
3177 3001 3488 3070 dispositio-

249 3089 356 3144 aliis
391 3106 612 3162 quoque
667 3091 852 3146 multis
899 3095 1208 3162 raptoribus
1251 3110 1350 3149 suo
1388 3097 1591 3152 auxilio
1629 3099 1808 3154 adsci-
1833 3132 1877 3195 Ο
1913 3092 2072 3144 nibus
2103 3090 2270 3144 elusis
2302 3089 2449 3143 illum
2482 3090 2704 3144 minime
2742 3089 3067 3155 offenderet,
3099 3091 3281 3159 ibique
3307 3088 3480 3144 Gallis

249 3191 464 3248 verunt;
492 3199 649 3236 suam
673 3185 871 3253 quippe
894 3184 1089 3240 callide
1114 3185 1456 3254 deplorantes
1481 3203 1761 3244 erumnam
1785 3207 1801 3245 :

246 3285 298 3324 se
321 3272 569 3328 videlicet
598 3274 898 3328 exheredes
923 3283 977 3328 et
1005 3284 1198 3330 exutos
1243 3277 1586 3346 patrimoniis
1630 3278 1806 3335 factos

248 3371 478 3417 extorres
503 3376 748 3433 paterna:
778 3365 1158 3432 habitationis,
1195 3375 1395 3420 terram
1440 3368 1492 3421 in
1537 3384 1641 3438 qua
1690 3371 1804 3425 nati

248 3453 344 3504 sint
382 3455 484 3508 sibi
529 3458 750 3525 negari,
782 3456 848 3508 ad
882 3455 1249 3512 ulciscendam
1276 3473 1407 3527 ergo
1435 3457 1688 3527 injuriam
1719 3476 1803 3516 so-

249 3547 320 3595 cia
347 3558 491 3599 arma
521 3547 760 3616 precari.
789 3545 886 3602 His
911 3562 1040 3617 ergo
1068 3546 1414 3604 fulcientibus
1444 3560 1606 3619 atque
1633 3553 1805 3606 comi-

252 3636 508 3702 tantibus,
567 3636 881 3691 reformatis
933 3638 1149 3706 quidem
1199 3639 1410 3695 bellicis
1463 3641 1686 3706 usibus,
1735 3642 1802 3696 ad

251 3737 464 3783 montem
479 3729 735 3784 Castrum
762 3739 1053 3799 properato
1073 3733 1436 3798 contendunt,
1461 3733 1641 3804 ibique
1662 3749 1804 3790 anno

250 3813 527 3872 Dominicae
557 3819 956 3874 lncarnationis
993 3818 1098 3874 976
1138 3835 1303 3890 super
1343 3821 1526 3876 ﬁdeles
1575 3823 1806 3893 impera-

253 3907 401 3975 toris,
445 3910 672 3965 comites
713 3909 968 3966 videlicet
1009 3909 1360 3966 Godefridum
1406 3923 1569 3983 atque
1610 3915 1802 3970 Arnul-

1909 3184 2264 3241 baehantibus
2317 3183 2382 3214 ⁸⁸⁸
2435 3191 2601 3251 atque
2651 3183 3134 3248 latrocinantibus,
3189 3181 3354 3235 multa
3389 3196 3489 3250 po-

1908 3274 2182 3344 pulatione
2224 3273 2358 3329 satis
2399 3274 2736 3329 desevisset:
2777 3273 2853 3328 illi
2892 3273 3147 3329 nimirum
3191 3270 3484 3330 revertenti

1909 3363 2034 3419 Otto
2061 3363 2384 3433 legationem
2413 3366 2648 3435 dirigere
2680 3365 2990 3430 festinavit,
3019 3375 3208 3434 aperte
3231 3362 3486 3417 videlicet

1909 3454 2239 3510 denuntians
2259 3495 2274 3521 ,
2311 3458 2454 3524 quod
2482 3465 2704 3525 propter
2734 3455 2990 3509 ultionem
3020 3470 3131 3509 sua:
3168 3462 3329 3508 tanta
3359 3467 3486 3521 per-

1913 3544 2052 3599 ﬁdia:
2096 3545 2270 3601 nullos
2310 3545 2359 3600 ei
2401 3546 2551 3600 dolos
2592 3554 2686 3599 aut
2726 3545 2955 3598 insidias
2995 3543 3325 3608 iunecteret,
3371 3560 3481 3598 non

1913 3635 2105 3691 fraude
2135 3635 2443 3706 subriperet
2467 3676 2481 3699 ,
2509 3635 2604 3690 sed
2637 3633 2865 3690 sublatis
2889 3633 3147 3687 omnibus
3173 3631 3485 3686 fraudulen-

1915 3727 2029 3790 tiis,
2064 3727 2320 3782 Kalendis
2345 3725 2671 3782 Octobribus
2701 3725 2768 3778 ad
2799 3723 3187 3778 debilitandum
3215 3723 3295 3779 sui
3328 3724 3482 3794 regni

1912 3817 2197 3884 imperium
2229 3817 2569 3886 procederet.
2599 3813 2812 3868 Interea
2841 3813 3023 3882 itaque
3051 3812 3344 3883 imperator
3370 3825 3482 3866 sua:

1918 3920 2079 3965 terra:
2105 3911 2270 3965 duces
2297 3919 2352 3965 et
2378 3908 2653 3980 principes
2693 3906 2834 3962 bello
2877 3905 3154 3960 accinctos
3193 3903 3480 3959 convocari

1501 4085 1728 4142 VARUE
1769 4087 2170 4145 LECTIONES.

314 4222 542 4298 ‘_'"ante
569 4225 829 4298 ltichario
861 4225 1044 4298 signo:
1094 4225 1265 4298 facta,
1318 4237 1504 4281 auctor
1554 4230 1662 4298 ipse
1710 4231 1875 4283 eidem
1920 4229 2066 4284 voci:
2123 4228 2243 4282 «luet
2287 4225 2580 4298 Goucfrido
2617 4223 3016 4298 superscripsit;
3063 4219 3312 4298 prirnum“
3339 4219 3477 4275 duce

248 4291 517 4348 Cedcfrido
565 4296 822 4348 Hicliario
863 4291 923 4348 ἓξ
963 4295 1014 4348 5.
1064 4291 1186 4352 (Ιύςί
1229 4296 1520 4354 Godel'rido
1568 4291 1701 4354 alias
1733 4301 1989 4355 lticliario
2016 4300 2070 4354 5.

251 4365 377 4417 seire
403 4365 455 4418 5.
500 4365 565 4398 ⁸⁸⁵
595 4367 630 4420 i.
663 4365 874 4418 francis
897 4367 1332 4421 debachantibus
1360 4368 1414 4421 8.

2150 4299 2216 4329 ¹⁶³
2245 4296 2524 4352 dumdum
2554 4297 2604 4348 l.
2682 4289 2750 4324 1“
2782 4289 3033 4348 resistere
3079 4289 3132 4342 2.
3178 4289 3232 4342 5.
3283 4289 3336 4344 8.
3387 4304 3476 4343 re-

1718 4474 1948 4530 ΝΟΤᾹΞ.

311 4593 446 4662 (199)
475 4595 864 4650 Contradicunt
901 4596 1135 4650 Annales
1180 4594 1540 4658 Leodienses,
1589 4589 1798 4643 Floref—
1829 4590 1873 4646 D
1903 4586 2138 4662 llainaut
2168 4588 2238 4653 ll,
2266 4587 2611 4662 208,__putat_
2636 4600 2756 4639 esse
2791 4584 2990 4662 ﬁlium
3040 4584 3209 4662 Isaaci
3257 4584 3478 4662 comitis

252 4659 507 4718 ﬁeuses‘et
533 4667 997 4729 Marchianenses,
1027 4682 1095 4720 ex
1123 4681 1229 4718 uno
1258 4664 1404 4718 fonte
1431 4663 1647 4716 deducti
1679 4674 1790 4712 om-

252 4744 337 4784 nes
357 4773 370 4793 ,
394 4749 441 4785 a.
465 4735 586 4789 973.
616 4735 822 4788 Bellum
847 4734 943 4801 fuit
973 4736 1024 4789 in
1056 4737 1292 4789 Perrona
1317 4736 1452 4787 inter
1476 4733 1796 4801 Raginerum

252 4811 292 4880 ει
315 4801 954 4880 ὶΫάηιᾳταηιῘ-ῌωίζουῃι
985 4817 1172 4861 nostro
1202 4807 1518 4880 §igebertus
1549 4808 1620 4857 ita
1654 4817 1798 4880 coa-

253 4865 384 4924 llavit
411 4875 508 4928 sub
533 4891 584 4928 a.
613 4875 718 4930 9Ἱὸ
747 4891 762 4927 :
800 4873 1088 4946 Hgginerus
1119 4887 1168 4930 et
1197 4865 1509 4930 Leutherius
1537 4871 1796 4946 paulatim

256 4947 506 5008 resumptis
534 4947 728 4998 viribus
760 4961 792 4997 a
822 4942 1054 5000 Francia
1088 4947 1303 5000 redeunt
1324 4987 1338 5011 ,
1371 4956 1417 5000 et
1461 4961 1578 4997 cum
1621 4942 1798 4997 Guar-

256 5024 362 5062 nero
390 5022 434 5063 et
463 5011 719 5067 Ruinaldo
741 5054 755 5078 ,
786 5016 873 5082 qui
902 5017 1206 5069 comitatum
1235 5019 1402 5084 patris
1432 5030 1611 5069 eorum
1642 5026 1800 5066 occu-

255 5092 511 5157 paverant,
534 5084 670 5157 _bcllo
695 5085 855 5157 apud
899 5085 1193 5140 Perronam
1209 5155 1220 5157 _
1231 5088 1522 5157 con/159mg!
1543 5124 1558 5148 ,
1580 5155 1587 5157 _
1610 5096 1799 5150 80³9³⁸⁸

257 5161 358 5226 εειηὲ
398 5152 571 5226 multis
596 5153 893 5226 perimunt,
925 5168 971 5210 et
1004 5171 1164 5224 super
1194 5152 1439 5226 Hagnant
1465 5155 1680 5223 [luvium
1710 5167 1802 5226 ca-

257 5217 388 5290 stello
436 5217 654 5276 Buxude
702 5217 902 5280 munito
949 5217 1346 5290 Lol'liaringia'm
1401 5217 1689 5290 infestant,
1743 5221 1796 5274 in

1903 4657 2307 4713 Cameracensis
2329 4667 2383 4712 et
2407 4656 2852 4711 V'alentianeusis.
2879 4657 3074 4708 Comes
3103 4656 3473 4716 Flaudrensis,

1906 4738 1962 4780 ut
1988 4729 2236 4798 Mejerus,
2264 4729 2483 4798 Lipsius
2501 4735 2553 4779 et
2578 4726 2674 4798 alii
2696 4726 3035 4798 velunt,esse
3072 4726 3255 4795 nequit
3274 4724 3384 4793 jam
3409 4728 3478 4780 ob

1905 4794 2140 4872 diploma
2169 4794 2381 4872 Ottouis
2409 4797 2546 4850 infra
2572 4811 2624 4849 c.
2655 4794 2765 4872 “2
2786 4794 3352 4872 relatiiiii‘anni‘lﬁul,
3386 4798 3474 4872 ubi

1907 4865 2031 4922 item
2060 4869 2318 4922 Amulius
2343 4882 2526 4923 comes
2553 4866 2824 4932 occurrit,
2853 4883 2976 4921 cum
3004 4865 3260 4921 Amulius
3287 4865 3479 4920 Junior

1905 4937 2256 4993 Flandrensis
2276 4939 2390 5008 jam
2423 4953 2470 4990 a.
2503 4937 2605 4991 988
2634 4936 2853 5008 abierit.

1975 5008 2124 5078 (200)
2158 5004 2408 5064 Beitssoit
2438 5021 2598 5078 super
2625 5006 2912 5078 ll._llaine,
2943 5019 3110 5078 prope
3140 5005 3361 5078 Bincbe.
3399 5004 3481 5060 ιε

1873 5074 2390 5135 νϐιζλῑζϐίιειηιηι
2420 5074 2512 5150 λι(
2556 5077 2620 5131 21
2678 5075 2800 5131 Jan.
2848 5074 2958 5150 jam
3016 5089 3230 5150 captum
3282 5074 3481 5150 fuisse.

1911 5151 2149 5204 ostendit
2182 5150 2368 5203 charta
2410 5145 2652 5211 Gitonis,
2697 5144 2864 5215 quani
2906 5144 3110 5204 Gauda:
3156 5147 3207 5199 in
3255 5144 3485 5197 archivo

1908 5217 2250 5289 AS.pBavonis
2294 5219 2594 5287 descripsi,
2640 5218 2765 5271 data
2818 5221 2882 5274 12
2929 5216 3063 5290 Kal.
3105 5215 3234 5269 Feb.
3267 5231 3318 5265 a.
3349 5221 3408 5269 rt.
3444 5219 3481 5268 i.
