  <div class='ocr_page' id='page_1' title='image "/cluster/home/n/w/nwhite01/storage/ocr_20150623/149/hvd.32044015473770/055.png"; bbox 0 0 4052 5358; ppageno 0'>
   <div class='ocr_carea' id='block_1_1' title="bbox 531 319 599 372">
    <p class='ocr_par' dir='ltr' id='par_1_1' title="bbox 531 319 599 372">
     <span class='ocr_line' id='line_1_1' title="bbox 531 319 599 372; baseline 0 0"><span class='ocrx_word' id='word_1_1' title='bbox 531 319 599 372; x_wconf 79' lang='lat'>99</span> 
     </span>
    </p>
   </div>
   <div class='ocr_carea' id='block_1_2' title="bbox 1554 311 2861 371">
    <p class='ocr_par' dir='ltr' id='par_1_2' title="bbox 1554 311 2861 371">
     <span class='ocr_line' id='line_1_2' title="bbox 1554 311 2861 371; baseline 0 -1"><span class='ocrx_word' id='word_1_2' title='bbox 1554 317 1592 370; x_wconf 69' lang='grc' dir='ltr'><strong>(ἱ</strong></span> <span class='ocrx_word' id='word_1_3' title='bbox 1605 315 1776 370; x_wconf 70' lang='lat' dir='ltr'><strong>ESTA</strong></span> <span class='ocrx_word' id='word_1_4' title='bbox 1815 313 2226 370; x_wconf 69' lang='lat' dir='ltr'><strong>PONTIF&#39;lCUM</strong></span> <span class='ocrx_word' id='word_1_5' title='bbox 2251 311 2832 371; x_wconf 69' lang='lat' dir='ltr'><strong>CAMERACENSIUM</strong></span> <span class='ocrx_word' id='word_1_6' title='bbox 2849 357 2861 370; x_wconf 94' lang='lat'><strong>.</strong></span> 
     </span>
    </p>
   </div>
   <div class='ocr_carea' id='block_1_3' title="bbox 3678 319 3788 374">
    <p class='ocr_par' dir='ltr' id='par_1_3' title="bbox 3678 319 3788 374">
     <span class='ocr_line' id='line_1_3' title="bbox 3678 319 3788 374; baseline 0.018 -2"><span class='ocrx_word' id='word_1_7' title='bbox 3678 319 3788 374; x_wconf 75' lang='lat' dir='ltr'><strong>lCO</strong></span> 
     </span>
    </p>
   </div>
   <div class='ocr_carea' id='block_1_4' title="bbox 528 426 3788 498">
    <p class='ocr_par' dir='ltr' id='par_1_4' title="bbox 528 426 3788 498">
     <span class='ocr_line' id='line_1_4' title="bbox 528 426 3788 498; baseline 0.003 -18"><span class='ocrx_word' id='word_1_8' title='bbox 528 430 764 498; x_wconf 82' lang='lat' dir='ltr'><strong>prcccpit</strong></span> <span class='ocrx_word' id='word_1_9' title='bbox 787 469 799 492; x_wconf 95' lang='lat'><strong>,</strong></span> <span class='ocrx_word' id='word_1_10' title='bbox 837 426 1146 497; x_wconf 83' lang='lat' dir='ltr'><strong>vocatisque</strong></span> <span class='ocrx_word' id='word_1_11' title='bbox 1177 426 1355 480; x_wconf 89' lang='lat' dir='ltr'><strong>omnis</strong></span> <span class='ocrx_word' id='word_1_12' title='bbox 1385 429 1462 481; x_wconf 90' lang='lat' dir='ltr'><strong>rei</strong></span> <span class='ocrx_word' id='word_1_13' title='bbox 1491 442 1708 482; x_wconf 89' lang='lat' dir='ltr'><strong>causam</strong></span> <span class='ocrx_word' id='word_1_14' title='bbox 1750 445 1868 483; x_wconf 88' lang='lat' dir='ltr'><strong>cum</strong></span> <span class='ocrx_word' id='word_1_15' title='bbox 1917 429 2094 498; x_wconf 76' lang='lat' dir='ltr'><strong>gravi-</strong></span> <span class='ocrx_word' id='word_1_16' title='bbox 2123 435 2168 490; x_wconf 77' lang='grc' dir='ltr'>Α</span> <span class='ocrx_word' id='word_1_17' title='bbox 2199 427 2363 496; x_wconf 86' lang='lat' dir='ltr'><strong>lapsis</strong></span> <span class='ocrx_word' id='word_1_18' title='bbox 2385 429 2590 482; x_wconf 89' lang='lat' dir='ltr'><strong>viribus</strong></span> <span class='ocrx_word' id='word_1_19' title='bbox 2625 429 2820 482; x_wconf 97' lang='lat' dir='ltr'><strong>mortui</strong></span> <span class='ocrx_word' id='word_1_20' title='bbox 2844 429 3231 498; x_wconf 84' lang='lat' dir='ltr'><strong>dimerguntnr.</strong></span> <span class='ocrx_word' id='word_1_21' title='bbox 3259 430 3376 498; x_wconf 79' lang='lat' dir='ltr'><strong>Ipsa</strong></span> <span class='ocrx_word' id='word_1_22' title='bbox 3398 433 3598 487; x_wconf 84' lang='lat' dir='ltr'><strong>etenim</strong></span> <span class='ocrx_word' id='word_1_23' title='bbox 3621 443 3788 490; x_wconf 85' lang='lat' dir='ltr'><strong>nocte</strong></span> 
     </span>
    </p>
   </div>
   <div class='ocr_carea' id='block_1_5' title="bbox 537 516 2092 588">
    <p class='ocr_par' dir='ltr' id='par_1_5' title="bbox 537 516 2092 588">
     <span class='ocr_line' id='line_1_5' title="bbox 537 516 2092 588; baseline 0 -18"><span class='ocrx_word' id='word_1_24' title='bbox 537 525 644 571; x_wconf 86' lang='lat' dir='ltr'><strong>tate</strong></span> <span class='ocrx_word' id='word_1_25' title='bbox 672 516 1115 588; x_wconf 90' lang='lat' dir='ltr'><strong>proclamationis</strong></span> <span class='ocrx_word' id='word_1_26' title='bbox 1149 517 1403 570; x_wconf 90' lang='lat' dir='ltr'><strong>intimans</strong></span> <span class='ocrx_word' id='word_1_27' title='bbox 1455 517 1542 580; x_wconf 72' lang='grc'><strong>³⁸⁸,</strong></span> <span class='ocrx_word' id='word_1_28' title='bbox 1581 519 1976 587; x_wconf 78' lang='lat' dir='ltr'><strong>expeditionem</strong></span> <span class='ocrx_word' id='word_1_29' title='bbox 2006 534 2092 572; x_wconf 91' lang='lat' dir='ltr'><strong>su-</strong></span> 
     </span>
    </p>
   </div>
   <div class='ocr_carea' id='block_1_6' title="bbox 527 608 2096 678">
    <p class='ocr_par' dir='ltr' id='par_1_6' title="bbox 527 608 2096 678">
     <span class='ocr_line' id='line_1_6' title="bbox 527 608 2096 678; baseline 0.002 -18"><span class='ocrx_word' id='word_1_30' title='bbox 527 625 628 678; x_wconf 94' lang='lat' dir='ltr'><strong>per</strong></span> <span class='ocrx_word' id='word_1_31' title='bbox 671 608 988 662; x_wconf 85' lang='lat' dir='ltr'><strong>Lotharium</strong></span> <span class='ocrx_word' id='word_1_32' title='bbox 1034 609 1233 662; x_wconf 90' lang='lat' dir='ltr'><strong>ducere</strong></span> <span class='ocrx_word' id='word_1_33' title='bbox 1271 609 1580 662; x_wconf 86' lang='lat' dir='ltr'><strong>destinavit.</strong></span> <span class='ocrx_word' id='word_1_34' title='bbox 1615 611 1694 664; x_wconf 79' lang='lat' dir='ltr'><strong>Ad</strong></span> <span class='ocrx_word' id='word_1_35' title='bbox 1724 609 1874 676; x_wconf 78' lang='lat' dir='ltr'><strong>cujus</strong></span> <span class='ocrx_word' id='word_1_36' title='bbox 1901 611 2096 664; x_wconf 76' lang='lat' dir='ltr'><strong>exhor-</strong></span> 
     </span>
    </p>
   </div>
   <div class='ocr_carea' id='block_1_7' title="bbox 528 698 2099 770">
    <p class='ocr_par' dir='ltr' id='par_1_7' title="bbox 528 698 2099 770">
     <span class='ocr_line' id='line_1_7' title="bbox 528 698 2099 770; baseline 0.003 -19"><span class='ocrx_word' id='word_1_37' title='bbox 528 699 788 752; x_wconf 89' lang='lat' dir='ltr'><strong>tationem</strong></span> <span class='ocrx_word' id='word_1_38' title='bbox 841 698 1022 752; x_wconf 90' lang='lat' dir='ltr'><strong>cuncti</strong></span> <span class='ocrx_word' id='word_1_39' title='bbox 1084 698 1300 754; x_wconf 90' lang='lat' dir='ltr'><strong>animos</strong></span> <span class='ocrx_word' id='word_1_40' title='bbox 1346 698 1598 764; x_wconf 86' lang='lat' dir='ltr'><strong>flectunt,</strong></span> <span class='ocrx_word' id='word_1_41' title='bbox 1649 701 2099 770; x_wconf 75' lang='lat' dir='ltr'><strong>indignantesque</strong></span> 
     </span>
    </p>
   </div>
   <div class='ocr_carea' id='block_1_8' title="bbox 527 787 2100 860">
    <p class='ocr_par' dir='ltr' id='par_1_8' title="bbox 527 787 2100 860">
     <span class='ocr_line' id='line_1_8' title="bbox 527 787 2100 860; baseline 0.001 -18"><span class='ocrx_word' id='word_1_42' title='bbox 527 789 628 844; x_wconf 86' lang='lat' dir='ltr'><strong>sibi</strong></span> <span class='ocrx_word' id='word_1_43' title='bbox 661 787 862 842; x_wconf 90' lang='lat' dir='ltr'><strong>factum</strong></span> <span class='ocrx_word' id='word_1_44' title='bbox 895 789 1164 852; x_wconf 80' lang='lat' dir='ltr'><strong>dedecus,</strong></span> <span class='ocrx_word' id='word_1_45' title='bbox 1209 804 1400 843; x_wconf 85' lang='lat' dir='ltr'><strong>omnes</strong></span> <span class='ocrx_word' id='word_1_46' title='bbox 1444 791 1774 845; x_wconf 80' lang='lat' dir='ltr'><strong>unanimiter</strong></span> <span class='ocrx_word' id='word_1_47' title='bbox 1815 791 1968 860; x_wconf 83' lang='lat' dir='ltr'><strong>quasi</strong></span> <span class='ocrx_word' id='word_1_48' title='bbox 2019 792 2100 845; x_wconf 89' lang='lat' dir='ltr'><strong>vir</strong></span> 
     </span>
    </p>
   </div>
   <div class='ocr_carea' id='block_1_9' title="bbox 531 881 2102 954">
    <p class='ocr_par' dir='ltr' id='par_1_9' title="bbox 531 881 2102 954">
     <span class='ocr_line' id='line_1_9' title="bbox 531 881 2102 954; baseline 0.004 -22"><span class='ocrx_word' id='word_1_49' title='bbox 531 895 672 934; x_wconf 86' lang='lat' dir='ltr'><strong>unus</strong></span> <span class='ocrx_word' id='word_1_50' title='bbox 701 881 932 936; x_wconf 85' lang='lat' dir='ltr'><strong>invicem</strong></span> <span class='ocrx_word' id='word_1_51' title='bbox 963 882 1418 950; x_wconf 83' lang='lat' dir='ltr'><strong>conspirationem</strong></span> <span class='ocrx_word' id='word_1_52' title='bbox 1451 884 1686 948; x_wconf 88' lang='lat' dir='ltr'><strong>faciunt,</strong></span> <span class='ocrx_word' id='word_1_53' title='bbox 1723 893 1776 938; x_wconf 91' lang='lat' dir='ltr'><strong>et</strong></span> <span class='ocrx_word' id='word_1_54' title='bbox 1803 900 1900 954; x_wconf 89' lang='lat' dir='ltr'><strong>pro</strong></span> <span class='ocrx_word' id='word_1_55' title='bbox 1931 885 2102 940; x_wconf 85' lang='lat' dir='ltr'><strong>ﬁdeli-</strong></span> 
     </span>
    </p>
   </div>
   <div class='ocr_carea' id='block_1_10' title="bbox 537 971 2100 1046">
    <p class='ocr_par' dir='ltr' id='par_1_10' title="bbox 537 971 2100 1046">
     <span class='ocr_line' id='line_1_10' title="bbox 537 971 2100 1046; baseline 0.004 -22"><span class='ocrx_word' id='word_1_56' title='bbox 537 981 645 1024; x_wconf 86' lang='lat' dir='ltr'><strong>tate</strong></span> <span class='ocrx_word' id='word_1_57' title='bbox 677 971 849 1040; x_wconf 86' lang='lat' dir='ltr'><strong>patris</strong></span> <span class='ocrx_word' id='word_1_58' title='bbox 872 1012 886 1036; x_wconf 94' lang='lat'><strong>,</strong></span> <span class='ocrx_word' id='word_1_59' title='bbox 916 973 1005 1041; x_wconf 90' lang='lat' dir='ltr'><strong>qni</strong></span> <span class='ocrx_word' id='word_1_60' title='bbox 1035 988 1129 1026; x_wconf 90' lang='lat' dir='ltr'><strong>eos</strong></span> <span class='ocrx_word' id='word_1_61' title='bbox 1157 972 1496 1028; x_wconf 70' lang='lat' dir='ltr'><strong>familiariter</strong></span> <span class='ocrx_word' id='word_1_62' title='bbox 1522 975 1806 1040; x_wconf 88' lang='lat' dir='ltr'><strong>enutrivit,</strong></span> <span class='ocrx_word' id='word_1_63' title='bbox 1835 991 2008 1046; x_wconf 84' lang='lat' dir='ltr'><strong>usque</strong></span> <span class='ocrx_word' id='word_1_64' title='bbox 2035 977 2100 1030; x_wconf 91' lang='lat' dir='ltr'><strong>ad</strong></span> 
     </span>
    </p>
   </div>
   <div class='ocr_carea' id='block_1_11' title="bbox 535 1064 2102 1137">
    <p class='ocr_par' dir='ltr' id='par_1_11' title="bbox 535 1064 2102 1137">
     <span class='ocr_line' id='line_1_11' title="bbox 535 1064 2102 1137; baseline 0.003 -20"><span class='ocrx_word' id='word_1_65' title='bbox 535 1064 738 1118; x_wconf 69' lang='lat' dir='ltr'><strong>exitum</strong></span> <span class='ocrx_word' id='word_1_66' title='bbox 789 1066 912 1118; x_wconf 76' lang='lat' dir='ltr'><strong>vita:</strong></span> <span class='ocrx_word' id='word_1_67' title='bbox 953 1079 1074 1120; x_wconf 84' lang='lat' dir='ltr'><strong>sese</strong></span> <span class='ocrx_word' id='word_1_68' title='bbox 1115 1065 1446 1120; x_wconf 88' lang='lat' dir='ltr'><strong>dcservitnm</strong></span> <span class='ocrx_word' id='word_1_69' title='bbox 1498 1066 1576 1121; x_wconf 90' lang='lat' dir='ltr'><strong>ire</strong></span> <span class='ocrx_word' id='word_1_70' title='bbox 1621 1069 1964 1137; x_wconf 87' lang='lat' dir='ltr'><strong>promittunt.</strong></span> <span class='ocrx_word' id='word_1_71' title='bbox 2008 1068 2102 1122; x_wconf 87' lang='lat' dir='ltr'><strong>llis</strong></span> 
     </span>
    </p>
   </div>
   <div class='ocr_carea' id='block_1_12' title="bbox 531 1143 2099 1226">
    <p class='ocr_par' dir='ltr' id='par_1_12' title="bbox 531 1143 2099 1226">
     <span class='ocr_line' id='line_1_12' title="bbox 531 1143 2099 1226; baseline 0.003 -18"><span class='ocrx_word' id='word_1_72' title='bbox 531 1171 660 1225; x_wconf 89' lang='lat' dir='ltr'><strong>ergo</strong></span> <span class='ocrx_word' id='word_1_73' title='bbox 692 1155 916 1209; x_wconf 81' lang='lat' dir='ltr'><strong>adscitis</strong></span> <span class='ocrx_word' id='word_1_74' title='bbox 945 1165 1108 1223; x_wconf 87' lang='lat' dir='ltr'><strong>atque</strong></span> <span class='ocrx_word' id='word_1_75' title='bbox 1137 1157 1374 1221; x_wconf 83' lang='lat' dir='ltr'><strong>coactis,</strong></span> <span class='ocrx_word' id='word_1_76' title='bbox 1411 1165 1574 1212; x_wconf 77' lang='lat' dir='ltr'><strong>tanta:</strong></span> <span class='ocrx_word' id='word_1_77' title='bbox 1603 1159 1773 1226; x_wconf 68' lang='lat' dir='ltr'><strong>copia:</strong></span> <span class='ocrx_word' id='word_1_78' title='bbox 1801 1143 2099 1214; x_wconf 49' lang='lat' dir='ltr'><strong>exercitum</strong></span> 
     </span>
    </p>
   </div>
   <div class='ocr_carea' id='block_1_13' title="bbox 531 1246 2100 1318">
    <p class='ocr_par' dir='ltr' id='par_1_13' title="bbox 531 1246 2100 1318">
     <span class='ocr_line' id='line_1_13' title="bbox 531 1246 2100 1318; baseline 0.003 -18"><span class='ocrx_word' id='word_1_79' title='bbox 531 1246 728 1310; x_wconf 87' lang='lat' dir='ltr'><strong>movit,</strong></span> <span class='ocrx_word' id='word_1_80' title='bbox 777 1255 836 1300; x_wconf 89' lang='grc' dir='ltr'><strong>ιιι</strong></span> <span class='ocrx_word' id='word_1_81' title='bbox 875 1261 1033 1300; x_wconf 86' lang='lat' dir='ltr'><strong>nemo</strong></span> <span class='ocrx_word' id='word_1_82' title='bbox 1079 1256 1282 1302; x_wconf 77' lang='lat' dir='ltr'><strong>tantam</strong></span> <span class='ocrx_word' id='word_1_83' title='bbox 1325 1257 1506 1318; x_wconf 85' lang='lat' dir='ltr'><strong>postea</strong></span> <span class='ocrx_word' id='word_1_84' title='bbox 1544 1249 1622 1300; x_wconf 91' lang='lat' dir='ltr'><strong>vel</strong></span> <span class='ocrx_word' id='word_1_85' title='bbox 1653 1258 1782 1304; x_wconf 85' lang='lat' dir='ltr'><strong>ante</strong></span> <span class='ocrx_word' id='word_1_86' title='bbox 1811 1251 2010 1305; x_wconf 86' lang='lat' dir='ltr'><strong>vidisse</strong></span> <span class='ocrx_word' id='word_1_87' title='bbox 2041 1266 2100 1304; x_wconf 91' lang='lat' dir='ltr'><strong>se</strong></span> 
     </span>
    </p>
   </div>
   <div class='ocr_carea' id='block_1_14' title="bbox 537 1335 2102 1411">
    <p class='ocr_par' dir='ltr' id='par_1_14' title="bbox 537 1335 2102 1411">
     <span class='ocr_line' id='line_1_14' title="bbox 537 1335 2102 1411; baseline 0.006 -25"><span class='ocrx_word' id='word_1_88' title='bbox 537 1335 846 1390; x_wconf 87' lang='lat' dir='ltr'><strong>meminisse</strong></span> <span class='ocrx_word' id='word_1_89' title='bbox 874 1339 1128 1404; x_wconf 88' lang='lat' dir='ltr'><strong>potuerit.</strong></span> <span class='ocrx_word' id='word_1_90' title='bbox 1167 1337 1229 1390; x_wconf 89' lang='lat' dir='ltr'><strong>Et</strong></span> <span class='ocrx_word' id='word_1_91' title='bbox 1257 1353 1324 1392; x_wconf 89' lang='lat' dir='ltr'><strong>ne</strong></span> <span class='ocrx_word' id='word_1_92' title='bbox 1353 1353 1448 1394; x_wconf 90' lang='lat' dir='ltr'><strong>sua</strong></span> <span class='ocrx_word' id='word_1_93' title='bbox 1475 1341 1740 1408; x_wconf 76' lang='lat' dir='ltr'><strong>promissa</strong></span> <span class='ocrx_word' id='word_1_94' title='bbox 1781 1341 1980 1411; x_wconf 83' lang='lat' dir='ltr'><strong>legatio</strong></span> <span class='ocrx_word' id='word_1_95' title='bbox 2020 1357 2102 1396; x_wconf 91' lang='lat' dir='ltr'><strong>re-</strong></span> 
     </span>
    </p>
   </div>
   <div class='ocr_carea' id='block_1_15' title="bbox 533 1426 2100 1502">
    <p class='ocr_par' dir='ltr' id='par_1_15' title="bbox 533 1426 2100 1502">
     <span class='ocr_line' id='line_1_15' title="bbox 533 1426 2100 1502; baseline 0.004 -22"><span class='ocrx_word' id='word_1_96' title='bbox 533 1441 652 1496; x_wconf 90' lang='lat' dir='ltr'><strong>gem</strong></span> <span class='ocrx_word' id='word_1_97' title='bbox 709 1426 1022 1482; x_wconf 85' lang='lat' dir='ltr'><strong>Lotharium</strong></span> <span class='ocrx_word' id='word_1_98' title='bbox 1076 1428 1258 1494; x_wconf 85' lang='lat' dir='ltr'><strong>fallat,</strong></span> <span class='ocrx_word' id='word_1_99' title='bbox 1309 1431 1610 1500; x_wconf 78' lang='lat' dir='ltr'><strong>proscripta</strong></span> <span class='ocrx_word' id='word_1_100' title='bbox 1651 1432 1868 1502; x_wconf 88' lang='lat' dir='ltr'><strong>quidem</strong></span> <span class='ocrx_word' id='word_1_101' title='bbox 1915 1433 2002 1488; x_wconf 90' lang='lat' dir='ltr'><strong>die</strong></span> <span class='ocrx_word' id='word_1_102' title='bbox 2047 1433 2100 1487; x_wconf 92' lang='lat' dir='ltr'><strong>in</strong></span> 
     </span>
    </p>
   </div>
   <div class='ocr_carea' id='block_1_16' title="bbox 534 1518 2100 1592">
    <p class='ocr_par' dir='ltr' id='par_1_16' title="bbox 534 1518 2100 1592">
     <span class='ocr_line' id='line_1_16' title="bbox 534 1518 2100 1592; baseline 0.004 -22"><span class='ocrx_word' id='word_1_103' title='bbox 534 1533 756 1587; x_wconf 85' lang='lat' dir='ltr'><strong>regnum</strong></span> <span class='ocrx_word' id='word_1_104' title='bbox 787 1518 902 1586; x_wconf 86' lang='lat' dir='ltr'><strong>ejus</strong></span> <span class='ocrx_word' id='word_1_105' title='bbox 932 1520 1218 1587; x_wconf 85' lang='lat' dir='ltr'><strong>pervenit;</strong></span> <span class='ocrx_word' id='word_1_106' title='bbox 1249 1522 1632 1592; x_wconf 86' lang='lat' dir='ltr'><strong>prosperisque</strong></span> <span class='ocrx_word' id='word_1_107' title='bbox 1657 1537 1787 1576; x_wconf 88' lang='lat' dir='ltr'><strong>usus</strong></span> <span class='ocrx_word' id='word_1_108' title='bbox 1831 1524 2100 1577; x_wconf 90' lang='lat' dir='ltr'><strong>successi-</strong></span> 
     </span>
    </p>
   </div>
   <div class='ocr_carea' id='block_1_17' title="bbox 531 1608 2102 1676">
    <p class='ocr_par' dir='ltr' id='par_1_17' title="bbox 531 1608 2102 1676">
     <span class='ocr_line' id='line_1_17' title="bbox 531 1608 2102 1676; baseline 0.003 -16"><span class='ocrx_word' id='word_1_109' title='bbox 531 1609 630 1662; x_wconf 89' lang='lat' dir='ltr'><strong>bus</strong></span> <span class='ocrx_word' id='word_1_110' title='bbox 651 1608 823 1676; x_wconf 86' lang='lat' dir='ltr'><strong>primo</strong></span> <span class='ocrx_word' id='word_1_111' title='bbox 853 1608 1220 1672; x_wconf 82' lang='lat' dir='ltr'><strong>Remensiutn,</strong></span> <span class='ocrx_word' id='word_1_112' title='bbox 1272 1611 1465 1666; x_wconf 89' lang='lat' dir='ltr'><strong>deinde</strong></span> <span class='ocrx_word' id='word_1_113' title='bbox 1507 1611 1964 1676; x_wconf 89' lang='lat' dir='ltr'><strong>Landunensium,</strong></span> <span class='ocrx_word' id='word_1_114' title='bbox 2009 1613 2102 1666; x_wconf 90' lang='lat' dir='ltr'><strong>sed</strong></span> 
     </span>
    </p>
   </div>
   <div class='ocr_carea' id='block_1_18' title="bbox 531 1699 2101 1773">
    <p class='ocr_par' dir='ltr' id='par_1_18' title="bbox 531 1699 2101 1773">
     <span class='ocr_line' id='line_1_18' title="bbox 531 1699 2101 1773; baseline 0.003 -20"><span class='ocrx_word' id='word_1_115' title='bbox 531 1709 586 1754; x_wconf 84' lang='lat' dir='ltr'><strong>et</strong></span> <span class='ocrx_word' id='word_1_116' title='bbox 624 1699 1116 1765; x_wconf 81' lang='lat' dir='ltr'><strong>Suessionensium,</strong></span> <span class='ocrx_word' id='word_1_117' title='bbox 1151 1703 1438 1758; x_wconf 76' lang='lat' dir='ltr'><strong>novissime</strong></span> <span class='ocrx_word' id='word_1_118' title='bbox 1460 1719 1586 1758; x_wconf 89' lang='lat' dir='ltr'><strong>vero</strong></span> <span class='ocrx_word' id='word_1_119' title='bbox 1638 1713 1818 1773; x_wconf 87' lang='lat' dir='ltr'><strong>partes</strong></span> <span class='ocrx_word' id='word_1_120' title='bbox 1867 1704 2101 1758; x_wconf 85' lang='lat' dir='ltr'><strong>Parisio-</strong></span> 
     </span>
    </p>
   </div>
   <div class='ocr_carea' id='block_1_19' title="bbox 2203 516 3776 592">
    <p class='ocr_par' dir='ltr' id='par_1_19' title="bbox 2203 516 3776 592">
     <span class='ocr_line' id='line_1_19' title="bbox 2203 516 3776 592; baseline 0.006 -24"><span class='ocrx_word' id='word_1_121' title='bbox 2203 516 2254 568; x_wconf 90' lang='lat' dir='ltr'><strong>iu</strong></span> <span class='ocrx_word' id='word_1_122' title='bbox 2285 525 2487 572; x_wconf 90' lang='lat' dir='ltr'><strong>tantum</strong></span> <span class='ocrx_word' id='word_1_123' title='bbox 2511 518 2750 572; x_wconf 79' lang='lat' dir='ltr'><strong>excrevit</strong></span> <span class='ocrx_word' id='word_1_124' title='bbox 2773 517 3028 583; x_wconf 89' lang='lat' dir='ltr'><strong>alvcolus,</strong></span> <span class='ocrx_word' id='word_1_125' title='bbox 3058 529 3116 573; x_wconf 91' lang='lat' dir='ltr'><strong>ut</strong></span> <span class='ocrx_word' id='word_1_126' title='bbox 3137 518 3446 574; x_wconf 77' lang='lat' dir='ltr'><strong>difﬁcultate</strong></span> <span class='ocrx_word' id='word_1_127' title='bbox 3469 522 3776 592; x_wconf 89' lang='lat' dir='ltr'><strong>inportuosi</strong></span> 
     </span>
    </p>
   </div>
   <div class='ocr_carea' id='block_1_20' title="bbox 2201 607 3786 682">
    <p class='ocr_par' dir='ltr' id='par_1_20' title="bbox 2201 607 3786 682">
     <span class='ocr_line' id='line_1_20' title="bbox 2201 607 3786 682; baseline 0.008 -24"><span class='ocrx_word' id='word_1_128' title='bbox 2201 607 2396 662; x_wconf 88' lang='lat' dir='ltr'><strong>littoris</strong></span> <span class='ocrx_word' id='word_1_129' title='bbox 2425 617 2614 662; x_wconf 90' lang='lat' dir='ltr'><strong>neuter</strong></span> <span class='ocrx_word' id='word_1_130' title='bbox 2647 609 2801 664; x_wconf 88' lang='lat' dir='ltr'><strong>alteri</strong></span> <span class='ocrx_word' id='word_1_131' title='bbox 2835 625 3052 664; x_wconf 90' lang='lat' dir='ltr'><strong>manum</strong></span> <span class='ocrx_word' id='word_1_132' title='bbox 3083 611 3332 666; x_wconf 88' lang='lat' dir='ltr'><strong>conferre</strong></span> <span class='ocrx_word' id='word_1_133' title='bbox 3376 615 3642 682; x_wconf 87' lang='lat' dir='ltr'><strong>potuerit;</strong></span> <span class='ocrx_word' id='word_1_134' title='bbox 3679 615 3786 670; x_wconf 88' lang='lat' dir='ltr'><strong>hoc</strong></span> 
     </span>
    </p>
   </div>
   <div class='ocr_carea' id='block_1_21' title="bbox 2207 700 3784 774">
    <p class='ocr_par' dir='ltr' id='par_1_21' title="bbox 2207 700 3784 774">
     <span class='ocr_line' id='line_1_21' title="bbox 2207 700 3784 774; baseline 0.005 -22"><span class='ocrx_word' id='word_1_135' title='bbox 2207 700 2276 753; x_wconf 91' lang='lat' dir='ltr'><strong>ita</strong></span> <span class='ocrx_word' id='word_1_136' title='bbox 2309 715 2462 764; x_wconf 87' lang='lat' dir='ltr'><strong>sane,</strong></span> <span class='ocrx_word' id='word_1_137' title='bbox 2494 701 2680 766; x_wconf 88' lang='lat' dir='ltr'><strong>credo,</strong></span> <span class='ocrx_word' id='word_1_138' title='bbox 2709 702 2802 756; x_wconf 88' lang='lat' dir='ltr'><strong>Dei</strong></span> <span class='ocrx_word' id='word_1_139' title='bbox 2841 702 3114 757; x_wconf 84' lang='lat' dir='ltr'><strong>voluntate</strong></span> <span class='ocrx_word' id='word_1_140' title='bbox 3153 703 3432 774; x_wconf 90' lang='lat' dir='ltr'><strong>disposito,</strong></span> <span class='ocrx_word' id='word_1_141' title='bbox 3464 718 3534 759; x_wconf 89' lang='lat' dir='ltr'><strong>ne</strong></span> <span class='ocrx_word' id='word_1_142' title='bbox 3565 715 3784 774; x_wconf 78' lang='lat' dir='ltr'><strong>strages</strong></span> 
     </span>
    </p>
   </div>
   <div class='ocr_carea' id='block_1_22' title="bbox 2203 789 3784 861">
    <p class='ocr_par' dir='ltr' id='par_1_22' title="bbox 2203 789 3784 861">
     <span class='ocr_line' id='line_1_22' title="bbox 2203 789 3784 861; baseline 0.004 -19"><span class='ocrx_word' id='word_1_143' title='bbox 2203 789 2610 844; x_wconf 84' lang='lat' dir='ltr'><strong>innumerabilis</strong></span> <span class='ocrx_word' id='word_1_144' title='bbox 2638 791 2886 846; x_wconf 87' lang='lat' dir='ltr'><strong>ederetur</strong></span> <span class='ocrx_word' id='word_1_145' title='bbox 2925 792 3212 861; x_wconf 88' lang='lat' dir='ltr'><strong>utrimque.</strong></span> <span class='ocrx_word' id='word_1_146' title='bbox 3259 793 3410 848; x_wconf 85' lang='lat' dir='ltr'><strong>Licet</strong></span> <span class='ocrx_word' id='word_1_147' title='bbox 3439 795 3582 850; x_wconf 88' lang='lat' dir='ltr'><strong>enim</strong></span> <span class='ocrx_word' id='word_1_148' title='bbox 3635 795 3784 849; x_wconf 82' lang='lat' dir='ltr'><strong>infe-</strong></span> 
     </span>
    </p>
   </div>
   <div class='ocr_carea' id='block_1_23' title="bbox 2203 877 3786 948">
    <p class='ocr_par' dir='ltr' id='par_1_23' title="bbox 2203 877 3786 948">
     <span class='ocr_line' id='line_1_23' title="bbox 2203 877 3786 948; baseline 0.005 -18"><span class='ocrx_word' id='word_1_149' title='bbox 2203 877 2314 930; x_wconf 91' lang='lat' dir='ltr'><strong>rior</strong></span> <span class='ocrx_word' id='word_1_150' title='bbox 2337 877 2644 942; x_wconf 83' lang='lat' dir='ltr'><strong>Lotltarius,</strong></span> <span class='ocrx_word' id='word_1_151' title='bbox 2671 889 2730 934; x_wconf 91' lang='lat' dir='ltr'><strong>ut</strong></span> <span class='ocrx_word' id='word_1_152' title='bbox 2757 879 2954 944; x_wconf 89' lang='lat' dir='ltr'><strong>ferunt,</strong></span> <span class='ocrx_word' id='word_1_153' title='bbox 2981 895 3098 936; x_wconf 83' lang='lat' dir='ltr'><strong>sese</strong></span> <span class='ocrx_word' id='word_1_154' title='bbox 3123 883 3406 938; x_wconf 85' lang='lat' dir='ltr'><strong>certamini</strong></span> <span class='ocrx_word' id='word_1_155' title='bbox 3447 884 3786 948; x_wconf 84' lang='lat' dir='ltr'><strong>miscuisset,</strong></span> 
     </span>
    </p>
   </div>
   <div class='ocr_carea' id='block_1_24' title="bbox 2201 967 3784 1044">
    <p class='ocr_par' dir='ltr' id='par_1_24' title="bbox 2201 967 3784 1044">
     <span class='ocr_line' id='line_1_24' title="bbox 2201 967 3784 1044; baseline 0.006 -24"><span class='ocrx_word' id='word_1_156' title='bbox 2201 967 2345 1034; x_wconf 87' lang='lat' dir='ltr'><strong>cepit</strong></span> <span class='ocrx_word' id='word_1_157' title='bbox 2401 975 2580 1022; x_wconf 90' lang='lat' dir='ltr'><strong>tamen</strong></span> <span class='ocrx_word' id='word_1_158' title='bbox 2627 967 2914 1042; x_wconf 85' lang='lat' dir='ltr'><strong>jnmenta,_</strong></span> <span class='ocrx_word' id='word_1_159' title='bbox 2955 970 3270 1036; x_wconf 87' lang='lat' dir='ltr'><strong>comminuit</strong></span> <span class='ocrx_word' id='word_1_160' title='bbox 3324 971 3598 1036; x_wconf 86' lang='lat' dir='ltr'><strong>vehicula,</strong></span> <span class='ocrx_word' id='word_1_161' title='bbox 3657 989 3784 1044; x_wconf 64' lang='lat' dir='ltr'><strong>qua:</strong></span> 
     </span>
    </p>
   </div>
   <div class='ocr_carea' id='block_1_25' title="bbox 2203 1059 3780 1132">
    <p class='ocr_par' dir='ltr' id='par_1_25' title="bbox 2203 1059 3780 1132">
     <span class='ocr_line' id='line_1_25' title="bbox 2203 1059 3780 1132; baseline 0.003 -19"><span class='ocrx_word' id='word_1_162' title='bbox 2203 1059 2376 1130; x_wconf 89' lang='lat' dir='ltr'><strong>magis</strong></span> <span class='ocrx_word' id='word_1_163' title='bbox 2427 1060 2576 1113; x_wconf 85' lang='lat' dir='ltr'><strong>oneri</strong></span> <span class='ocrx_word' id='word_1_164' title='bbox 2627 1075 2786 1129; x_wconf 88' lang='lat' dir='ltr'><strong>quam</strong></span> <span class='ocrx_word' id='word_1_165' title='bbox 2836 1062 2956 1116; x_wconf 91' lang='lat' dir='ltr'><strong>usui</strong></span> <span class='ocrx_word' id='word_1_166' title='bbox 2985 1063 3038 1116; x_wconf 93' lang='lat' dir='ltr'><strong>in</strong></span> <span class='ocrx_word' id='word_1_167' title='bbox 3093 1063 3346 1132; x_wconf 81' lang='lat' dir='ltr'><strong>periculis</strong></span> <span class='ocrx_word' id='word_1_168' title='bbox 3408 1063 3780 1120; x_wconf 88' lang='lat' dir='ltr'><strong>habebantur.</strong></span> 
     </span>
    </p>
   </div>
   <div class='ocr_carea' id='block_1_26' title="bbox 2205 1147 3786 1222">
    <p class='ocr_par' dir='ltr' id='par_1_26' title="bbox 2205 1147 3786 1222">
     <span class='ocr_line' id='line_1_26' title="bbox 2205 1147 3786 1222; baseline 0.008 -22"><span class='ocrx_word' id='word_1_169' title='bbox 2205 1147 2397 1202; x_wconf 84' lang='lat' dir='ltr'><strong>Parata</strong></span> <span class='ocrx_word' id='word_1_170' title='bbox 2427 1164 2555 1204; x_wconf 91' lang='lat' dir='ltr'><strong>vero</strong></span> <span class='ocrx_word' id='word_1_171' title='bbox 2577 1150 2844 1218; x_wconf 84' lang='lat' dir='ltr'><strong>navicula,</strong></span> <span class='ocrx_word' id='word_1_172' title='bbox 2877 1167 2974 1222; x_wconf 92' lang='lat' dir='ltr'><strong>per</strong></span> <span class='ocrx_word' id='word_1_173' title='bbox 3011 1153 3374 1210; x_wconf 89' lang='lat' dir='ltr'><strong>internuntios</strong></span> <span class='ocrx_word' id='word_1_174' title='bbox 3413 1155 3540 1210; x_wconf 90' lang='lat' dir='ltr'><strong>Otto</strong></span> <span class='ocrx_word' id='word_1_175' title='bbox 3577 1157 3786 1212; x_wconf 83' lang='lat' dir='ltr'><strong>Lotha-</strong></span> 
     </span>
    </p>
   </div>
   <div class='ocr_carea' id='block_1_27' title="bbox 2203 1241 3786 1316">
    <p class='ocr_par' dir='ltr' id='par_1_27' title="bbox 2203 1241 3786 1316">
     <span class='ocr_line' id='line_1_27' title="bbox 2203 1241 3786 1316; baseline 0.005 -22"><span class='ocrx_word' id='word_1_176' title='bbox 2203 1241 2284 1295; x_wconf 90' lang='lat' dir='ltr'><strong>rio</strong></span> <span class='ocrx_word' id='word_1_177' title='bbox 2312 1241 2528 1295; x_wconf 87' lang='lat' dir='ltr'><strong>mandat</strong></span> <span class='ocrx_word' id='word_1_178' title='bbox 2557 1251 2640 1306; x_wconf 92' lang='lat' dir='ltr'><strong>ut,</strong></span> <span class='ocrx_word' id='word_1_179' title='bbox 2672 1243 2718 1296; x_wconf 91' lang='lat' dir='ltr'><strong>si</strong></span> <span class='ocrx_word' id='word_1_180' title='bbox 2753 1243 2802 1297; x_wconf 89' lang='lat' dir='ltr'><strong>ei</strong></span> <span class='ocrx_word' id='word_1_181' title='bbox 2831 1244 3120 1298; x_wconf 89' lang='lat' dir='ltr'><strong>dimicandi</strong></span> <span class='ocrx_word' id='word_1_182' title='bbox 3153 1245 3410 1300; x_wconf 82' lang='lat' dir='ltr'><strong>sedulitas</strong></span> <span class='ocrx_word' id='word_1_183' title='bbox 3451 1257 3786 1316; x_wconf 83' lang='lat' dir='ltr'><strong>suppeteret,</strong></span> 
     </span>
    </p>
   </div>
   <div class='ocr_carea' id='block_1_28' title="bbox 2203 1331 3790 1402">
    <p class='ocr_par' dir='ltr' id='par_1_28' title="bbox 2203 1331 3790 1402">
     <span class='ocr_line' id='line_1_28' title="bbox 2203 1331 3790 1402; baseline 0.006 -20"><span class='ocrx_word' id='word_1_184' title='bbox 2203 1339 2296 1384; x_wconf 90' lang='lat' dir='ltr'><strong>aut</strong></span> <span class='ocrx_word' id='word_1_185' title='bbox 2329 1331 2418 1384; x_wconf 89' lang='lat' dir='ltr'><strong>ille</strong></span> <span class='ocrx_word' id='word_1_186' title='bbox 2439 1331 2678 1402; x_wconf 87' lang='lat' dir='ltr'><strong>profecto</strong></span> <span class='ocrx_word' id='word_1_187' title='bbox 2702 1333 2928 1402; x_wconf 89' lang='lat' dir='ltr'><strong>sumptis</strong></span> <span class='ocrx_word' id='word_1_188' title='bbox 2951 1333 3256 1399; x_wconf 86' lang='lat' dir='ltr'><strong>obsidibus,</strong></span> <span class='ocrx_word' id='word_1_189' title='bbox 3281 1349 3350 1388; x_wconf 85' lang='lat' dir='ltr'><strong>ne</strong></span> <span class='ocrx_word' id='word_1_190' title='bbox 3372 1332 3510 1390; x_wconf 87' lang='lat' dir='ltr'><strong>forte</strong></span> <span class='ocrx_word' id='word_1_191' title='bbox 3531 1335 3790 1392; x_wconf 83' lang='lat' dir='ltr'><strong>videlicet</strong></span> 
     </span>
    </p>
   </div>
   <div class='ocr_carea' id='block_1_29' title="bbox 2205 1419 3788 1492">
    <p class='ocr_par' dir='ltr' id='par_1_29' title="bbox 2205 1419 3788 1492">
     <span class='ocr_line' id='line_1_29' title="bbox 2205 1419 3788 1492; baseline 0.006 -20"><span class='ocrx_word' id='word_1_192' title='bbox 2205 1419 2384 1488; x_wconf 85' lang='lat' dir='ltr'><strong>aliqua</strong></span> <span class='ocrx_word' id='word_1_193' title='bbox 2415 1435 2632 1474; x_wconf 89' lang='lat' dir='ltr'><strong>suorum</strong></span> <span class='ocrx_word' id='word_1_194' title='bbox 2655 1430 2808 1490; x_wconf 86' lang='lat' dir='ltr'><strong>parte</strong></span> <span class='ocrx_word' id='word_1_195' title='bbox 2839 1430 3150 1486; x_wconf 88' lang='lat' dir='ltr'><strong>transacta,</strong></span> <span class='ocrx_word' id='word_1_196' title='bbox 3169 1422 3417 1492; x_wconf 84' lang='lat' dir='ltr'><strong>pluribus</strong></span> <span class='ocrx_word' id='word_1_197' title='bbox 3449 1439 3577 1481; x_wconf 88' lang='lat' dir='ltr'><strong>vero</strong></span> <span class='ocrx_word' id='word_1_198' title='bbox 3607 1434 3788 1481; x_wconf 81' lang='lat' dir='ltr'><strong>trans-</strong></span> 
     </span>
    </p>
   </div>
   <div class='ocr_carea' id='block_1_30' title="bbox 2205 1509 3786 1586">
    <p class='ocr_par' dir='ltr' id='par_1_30' title="bbox 2205 1509 3786 1586">
     <span class='ocr_line' id='line_1_30' title="bbox 2205 1509 3786 1586; baseline 0.005 -22"><span class='ocrx_word' id='word_1_199' title='bbox 2205 1509 2446 1580; x_wconf 85' lang='lat' dir='ltr'><strong>igendis,</strong></span> <span class='ocrx_word' id='word_1_200' title='bbox 2514 1511 2636 1566; x_wconf 91' lang='lat' dir='ltr'><strong>dolo</strong></span> <span class='ocrx_word' id='word_1_201' title='bbox 2705 1513 2810 1566; x_wconf 87' lang='lat' dir='ltr'><strong>iter</strong></span> <span class='ocrx_word' id='word_1_202' title='bbox 2865 1513 3326 1570; x_wconf 86' lang='lat' dir='ltr'><strong>intercludendum</strong></span> <span class='ocrx_word' id='word_1_203' title='bbox 3379 1516 3786 1586; x_wconf 84' lang='lat' dir='ltr'><strong>suspicaretur,</strong></span> 
     </span>
    </p>
   </div>
   <div class='ocr_carea' id='block_1_31' title="bbox 2203 1603 3788 1676">
    <p class='ocr_par' dir='ltr' id='par_1_31' title="bbox 2203 1603 3788 1676">
     <span class='ocr_line' id='line_1_31' title="bbox 2203 1603 3788 1676; baseline 0.006 -24"><span class='ocrx_word' id='word_1_204' title='bbox 2203 1612 2494 1672; x_wconf 86' lang='lat' dir='ltr'><strong>pugnatum</strong></span> <span class='ocrx_word' id='word_1_205' title='bbox 2543 1603 2771 1658; x_wconf 90' lang='lat' dir='ltr'><strong>transire</strong></span> <span class='ocrx_word' id='word_1_206' title='bbox 2803 1603 3115 1668; x_wconf 75' lang='lat' dir='ltr'><strong>festinaret;</strong></span> <span class='ocrx_word' id='word_1_207' title='bbox 3158 1613 3252 1658; x_wconf 87' lang='lat' dir='ltr'><strong>aut</strong></span> <span class='ocrx_word' id='word_1_208' title='bbox 3297 1614 3517 1660; x_wconf 86' lang='lat' dir='ltr'><strong>econtra</strong></span> <span class='ocrx_word' id='word_1_209' title='bbox 3555 1607 3670 1676; x_wconf 88' lang='lat' dir='ltr'><strong>ipse</strong></span> <span class='ocrx_word' id='word_1_210' title='bbox 3715 1609 3788 1662; x_wconf 80' lang='lat' dir='ltr'><strong>ab</strong></span> 
     </span>
    </p>
   </div>
   <div class='ocr_carea' id='block_1_32' title="bbox 2203 1695 3786 1765">
    <p class='ocr_par' dir='ltr' id='par_1_32' title="bbox 2203 1695 3786 1765">
     <span class='ocr_line' id='line_1_32' title="bbox 2203 1695 3786 1765; baseline 0.003 -17"><span class='ocrx_word' id='word_1_211' title='bbox 2203 1709 2268 1748; x_wconf 87' lang='lat' dir='ltr'><strong>eo</strong></span> <span class='ocrx_word' id='word_1_212' title='bbox 2299 1696 2525 1765; x_wconf 89' lang='lat' dir='ltr'><strong>sumptis</strong></span> <span class='ocrx_word' id='word_1_213' title='bbox 2555 1711 2770 1765; x_wconf 88' lang='lat' dir='ltr'><strong>quoque</strong></span> <span class='ocrx_word' id='word_1_214' title='bbox 2790 1695 3088 1760; x_wconf 88' lang='lat' dir='ltr'><strong>obsidibus,</strong></span> <span class='ocrx_word' id='word_1_215' title='bbox 3127 1712 3377 1752; x_wconf 88' lang='lat' dir='ltr'><strong>remenso</strong></span> <span class='ocrx_word' id='word_1_216' title='bbox 3401 1697 3562 1753; x_wconf 88' lang='lat' dir='ltr'><strong>fluvio</strong></span> <span class='ocrx_word' id='word_1_217' title='bbox 3591 1700 3786 1754; x_wconf 89' lang='lat' dir='ltr'><strong>adver-</strong></span> 
     </span>
    </p>
   </div>
   <div class='ocr_carea' id='block_1_33' title="bbox 531 1781 3784 1861">
    <p class='ocr_par' dir='ltr' id='par_1_33' title="bbox 531 1781 3784 1861">
     <span class='ocr_line' id='line_1_33' title="bbox 531 1781 3784 1861; baseline 0.003 -19"><span class='ocrx_word' id='word_1_218' title='bbox 531 1807 648 1842; x_wconf 90' lang='lat' dir='ltr'><strong>rum</strong></span> <span class='ocrx_word' id='word_1_219' title='bbox 679 1791 890 1844; x_wconf 89' lang='lat' dir='ltr'><strong>diversa</strong></span> <span class='ocrx_word' id='word_1_220' title='bbox 919 1801 1069 1860; x_wconf 83' lang='lat' dir='ltr'><strong>peste</strong></span> <span class='ocrx_word' id='word_1_221' title='bbox 1107 1795 1351 1846; x_wconf 82' lang='lat' dir='ltr'><strong>vastavit.</strong></span> <span class='ocrx_word' id='word_1_222' title='bbox 1385 1793 1632 1848; x_wconf 71' lang='lat' dir='ltr'><strong>l‘atcrnis</strong></span> <span class='ocrx_word' id='word_1_223' title='bbox 1663 1803 1836 1850; x_wconf 90' lang='lat' dir='ltr'><strong>tamen</strong></span> <span class='ocrx_word' id='word_1_224' title='bbox 1869 1795 2104 1849; x_wconf 88' lang='lat' dir='ltr'><strong>moribus</strong></span> <span class='ocrx_word' id='word_1_225' title='bbox 2137 1781 2178 1840; x_wconf 67' lang='grc' dir='ltr'><strong>Ῑῗ</strong></span> <span class='ocrx_word' id='word_1_226' title='bbox 2207 1803 2299 1842; x_wconf 78' lang='lat' dir='ltr'><strong>SIIS</strong></span> <span class='ocrx_word' id='word_1_227' title='bbox 2331 1789 2476 1842; x_wconf 78' lang='lat' dir='ltr'><strong>illum</strong></span> <span class='ocrx_word' id='word_1_228' title='bbox 2529 1797 2813 1852; x_wconf 46' lang='lat' dir='ltr'><strong>remearet</strong></span> <span class='ocrx_word' id='word_1_229' title='bbox 2867 1789 3260 1859; x_wconf 71' lang='lat' dir='ltr'><strong>commissaque</strong></span> <span class='ocrx_word' id='word_1_230' title='bbox 3307 1789 3534 1844; x_wconf 70' lang='grc' dir='ltr'><strong>ίηνίεθῐιὶ</strong></span> <span class='ocrx_word' id='word_1_231' title='bbox 3581 1806 3784 1861; x_wconf 70' lang='lat' dir='ltr'><strong>pugna.</strong></span> 
     </span>
    </p>
   </div>
   <div class='ocr_carea' id='block_1_34' title="bbox 533 1880 2107 1953">
    <p class='ocr_par' dir='ltr' id='par_1_34' title="bbox 533 1880 2107 1953">
     <span class='ocr_line' id='line_1_34' title="bbox 533 1880 2107 1953; baseline 0.004 -22"><span class='ocrx_word' id='word_1_232' title='bbox 533 1880 854 1944; x_wconf 86' lang='lat' dir='ltr'><strong>instructus,</strong></span> <span class='ocrx_word' id='word_1_233' title='bbox 885 1881 1154 1934; x_wconf 74' lang='lat' dir='ltr'><strong>zecclcsias</strong></span> <span class='ocrx_word' id='word_1_234' title='bbox 1183 1882 1509 1945; x_wconf 84' lang='lat' dir='ltr'><strong>observavit,</strong></span> <span class='ocrx_word' id='word_1_235' title='bbox 1557 1883 1722 1938; x_wconf 91' lang='lat' dir='ltr'><strong>immo</strong></span> <span class='ocrx_word' id='word_1_236' title='bbox 1747 1884 1909 1938; x_wconf 91' lang='lat' dir='ltr'><strong>etiam</strong></span> <span class='ocrx_word' id='word_1_237' title='bbox 1939 1899 2107 1953; x_wconf 85' lang='lat' dir='ltr'><strong>oppu-</strong></span> 
     </span>
    </p>
   </div>
   <div class='ocr_carea' id='block_1_35' title="bbox 531 1967 2106 2039">
    <p class='ocr_par' dir='ltr' id='par_1_35' title="bbox 531 1967 2106 2039">
     <span class='ocr_line' id='line_1_35' title="bbox 531 1967 2106 2039; baseline 0.005 -21"><span class='ocrx_word' id='word_1_238' title='bbox 531 1967 688 2022; x_wconf 86' lang='lat' dir='ltr'><strong>lentis</strong></span> <span class='ocrx_word' id='word_1_239' title='bbox 719 1970 1029 2024; x_wconf 89' lang='lat' dir='ltr'><strong>muneribus</strong></span> <span class='ocrx_word' id='word_1_240' title='bbox 1052 1971 1223 2024; x_wconf 89' lang='lat' dir='ltr'><strong>ditare</strong></span> <span class='ocrx_word' id='word_1_241' title='bbox 1246 1971 1424 2039; x_wconf 88' lang='lat' dir='ltr'><strong>potius</strong></span> <span class='ocrx_word' id='word_1_242' title='bbox 1443 1973 1732 2026; x_wconf 85' lang='lat' dir='ltr'><strong>estimavit.</strong></span> <span class='ocrx_word' id='word_1_243' title='bbox 1757 1972 1957 2026; x_wconf 88' lang='lat' dir='ltr'><strong>Deinde</strong></span> <span class='ocrx_word' id='word_1_244' title='bbox 1979 1987 2106 2027; x_wconf 85' lang='lat' dir='ltr'><strong>vero</strong></span> 
     </span>
    </p>
   </div>
   <div class='ocr_carea' id='block_1_36' title="bbox 531 2061 2105 2136">
    <p class='ocr_par' dir='ltr' id='par_1_36' title="bbox 531 2061 2105 2136">
     <span class='ocr_line' id='line_1_36' title="bbox 531 2061 2105 2136; baseline 0.004 -24"><span class='ocrx_word' id='word_1_245' title='bbox 531 2061 597 2114; x_wconf 89' lang='lat' dir='ltr'><strong>ad</strong></span> <span class='ocrx_word' id='word_1_246' title='bbox 648 2061 1002 2130; x_wconf 83' lang='lat' dir='ltr'><strong>pompandam</strong></span> <span class='ocrx_word' id='word_1_247' title='bbox 1046 2063 1282 2116; x_wconf 77' lang='lat' dir='ltr'><strong>victoria:</strong></span> <span class='ocrx_word' id='word_1_248' title='bbox 1330 2079 1439 2116; x_wconf 76' lang='lat' dir='ltr'><strong>sum</strong></span> <span class='ocrx_word' id='word_1_249' title='bbox 1491 2064 1716 2133; x_wconf 80' lang='lat' dir='ltr'><strong>gloriam</strong></span> <span class='ocrx_word' id='word_1_250' title='bbox 1753 2063 1986 2136; x_wconf 82' lang='lat' dir='ltr'><strong>llugoni,</strong></span> <span class='ocrx_word' id='word_1_251' title='bbox 2016 2065 2105 2134; x_wconf 84' lang='lat' dir='ltr'><strong>qui</strong></span> 
     </span>
    </p>
   </div>
   <div class='ocr_carea' id='block_1_37' title="bbox 527 2153 2104 2225">
    <p class='ocr_par' dir='ltr' id='par_1_37' title="bbox 527 2153 2104 2225">
     <span class='ocr_line' id='line_1_37' title="bbox 527 2153 2104 2225; baseline 0.003 -19"><span class='ocrx_word' id='word_1_252' title='bbox 527 2153 768 2208; x_wconf 80' lang='lat' dir='ltr'><strong>Parisius</strong></span> <span class='ocrx_word' id='word_1_253' title='bbox 797 2154 1087 2219; x_wconf 87' lang='lat' dir='ltr'><strong>residebat,</strong></span> <span class='ocrx_word' id='word_1_254' title='bbox 1115 2171 1209 2225; x_wconf 92' lang='lat' dir='ltr'><strong>per</strong></span> <span class='ocrx_word' id='word_1_255' title='bbox 1235 2156 1552 2224; x_wconf 77' lang='lat' dir='ltr'><strong>legationem</strong></span> <span class='ocrx_word' id='word_1_256' title='bbox 1579 2157 1936 2220; x_wconf 90' lang='lat' dir='ltr'><strong>denuncians,</strong></span> <span class='ocrx_word' id='word_1_257' title='bbox 1960 2157 2104 2225; x_wconf 84' lang='lat' dir='ltr'><strong>quod</strong></span> 
     </span>
    </p>
   </div>
   <div class='ocr_carea' id='block_1_38' title="bbox 532 2244 2104 2308">
    <p class='ocr_par' dir='ltr' id='par_1_38' title="bbox 532 2244 2104 2308">
     <span class='ocr_line' id='line_1_38' title="bbox 532 2244 2104 2308; baseline 0.003 -12"><span class='ocrx_word' id='word_1_258' title='bbox 532 2244 584 2296; x_wconf 89' lang='lat' dir='ltr'><strong>in</strong></span> <span class='ocrx_word' id='word_1_259' title='bbox 618 2253 820 2298; x_wconf 88' lang='lat' dir='ltr'><strong>tantam</strong></span> <span class='ocrx_word' id='word_1_260' title='bbox 851 2245 1238 2298; x_wconf 88' lang='lat' dir='ltr'><strong>sublimitatem</strong></span> <span class='ocrx_word' id='word_1_261' title='bbox 1263 2245 1486 2298; x_wconf 83' lang='lat' dir='ltr'><strong>Alleluia</strong></span> <span class='ocrx_word' id='word_1_262' title='bbox 1511 2244 1712 2300; x_wconf 87' lang='lat' dir='ltr'><strong>faceret</strong></span> <span class='ocrx_word' id='word_1_263' title='bbox 1736 2247 1784 2300; x_wconf 91' lang='lat' dir='ltr'><strong>ei</strong></span> <span class='ocrx_word' id='word_1_264' title='bbox 1807 2247 2104 2308; x_wconf 84' lang='lat' dir='ltr'><strong>decaatari,</strong></span> 
     </span>
    </p>
   </div>
   <div class='ocr_carea' id='block_1_39' title="bbox 531 2335 2106 2406">
    <p class='ocr_par' dir='ltr' id='par_1_39' title="bbox 531 2335 2106 2406">
     <span class='ocr_line' id='line_1_39' title="bbox 531 2335 2106 2406; baseline 0.002 -18"><span class='ocrx_word' id='word_1_265' title='bbox 531 2335 583 2388; x_wconf 91' lang='lat' dir='ltr'><strong>in</strong></span> <span class='ocrx_word' id='word_1_266' title='bbox 611 2343 810 2405; x_wconf 88' lang='lat' dir='ltr'><strong>quanta</strong></span> <span class='ocrx_word' id='word_1_267' title='bbox 843 2351 946 2389; x_wconf 92' lang='lat' dir='ltr'><strong>non</strong></span> <span class='ocrx_word' id='word_1_268' title='bbox 1004 2335 1252 2400; x_wconf 85' lang='lat' dir='ltr'><strong>audierit,</strong></span> <span class='ocrx_word' id='word_1_269' title='bbox 1287 2337 1475 2392; x_wconf 90' lang='lat' dir='ltr'><strong>accitis</strong></span> <span class='ocrx_word' id='word_1_270' title='bbox 1506 2337 1915 2406; x_wconf 87' lang='lat' dir='ltr'><strong>quampluribus</strong></span> <span class='ocrx_word' id='word_1_271' title='bbox 1951 2336 2106 2392; x_wconf 84' lang='lat' dir='ltr'><strong>cfeti-</strong></span> 
     </span>
    </p>
   </div>
   <div class='ocr_carea' id='block_1_40' title="bbox 527 2426 2107 2499">
    <p class='ocr_par' dir='ltr' id='par_1_40' title="bbox 527 2426 2107 2499">
     <span class='ocr_line' id='line_1_40' title="bbox 527 2426 2107 2499; baseline 0.001 -17"><span class='ocrx_word' id='word_1_272' title='bbox 527 2427 608 2482; x_wconf 76' lang='lat' dir='ltr'><strong>cis</strong></span> <span class='ocrx_word' id='word_1_273' title='bbox 639 2426 864 2482; x_wconf 81' lang='lat' dir='ltr'><strong>Alleluia</strong></span> <span class='ocrx_word' id='word_1_274' title='bbox 910 2437 958 2482; x_wconf 89' lang='lat' dir='ltr'><strong>te</strong></span> <span class='ocrx_word' id='word_1_275' title='bbox 1015 2429 1288 2482; x_wconf 82' lang='lat' dir='ltr'><strong>martirum</strong></span> <span class='ocrx_word' id='word_1_276' title='bbox 1336 2428 1388 2482; x_wconf 92' lang='lat' dir='ltr'><strong>in</strong></span> <span class='ocrx_word' id='word_1_277' title='bbox 1415 2429 1534 2484; x_wconf 77' lang='lat' dir='ltr'><strong>lom</strong></span> <span class='ocrx_word' id='word_1_278' title='bbox 1577 2430 1666 2499; x_wconf 87' lang='lat' dir='ltr'><strong>qui</strong></span> <span class='ocrx_word' id='word_1_279' title='bbox 1715 2430 1910 2484; x_wconf 90' lang='lat' dir='ltr'><strong>dicitur</strong></span> <span class='ocrx_word' id='word_1_280' title='bbox 1953 2444 2107 2483; x_wconf 86' lang='lat' dir='ltr'><strong>mons</strong></span> 
     </span>
    </p>
   </div>
   <div class='ocr_carea' id='block_1_41' title="bbox 529 2518 2105 2590">
    <p class='ocr_par' dir='ltr' id='par_1_41' title="bbox 529 2518 2105 2590">
     <span class='ocr_line' id='line_1_41' title="bbox 529 2518 2105 2590; baseline 0.003 -18"><span class='ocrx_word' id='word_1_281' title='bbox 529 2518 826 2583; x_wconf 85' lang='lat' dir='ltr'><strong>Martirum,</strong></span> <span class='ocrx_word' id='word_1_282' title='bbox 871 2519 923 2572; x_wconf 91' lang='lat' dir='ltr'><strong>in</strong></span> <span class='ocrx_word' id='word_1_283' title='bbox 951 2527 1156 2573; x_wconf 91' lang='lat' dir='ltr'><strong>tantum</strong></span> <span class='ocrx_word' id='word_1_284' title='bbox 1181 2520 1338 2574; x_wconf 90' lang='lat' dir='ltr'><strong>elatis</strong></span> <span class='ocrx_word' id='word_1_285' title='bbox 1369 2519 1588 2575; x_wconf 90' lang='lat' dir='ltr'><strong>vocibus</strong></span> <span class='ocrx_word' id='word_1_286' title='bbox 1621 2521 1895 2576; x_wconf 84' lang='lat' dir='ltr'><strong>decantari</strong></span> <span class='ocrx_word' id='word_1_287' title='bbox 1923 2537 2105 2590; x_wconf 87' lang='lat' dir='ltr'><strong>prece-</strong></span> 
     </span>
    </p>
   </div>
   <div class='ocr_carea' id='block_1_42' title="bbox 527 2607 2107 2678">
    <p class='ocr_par' dir='ltr' id='par_1_42' title="bbox 527 2607 2107 2678">
     <span class='ocr_line' id='line_1_42' title="bbox 527 2607 2107 2678; baseline 0.004 -18"><span class='ocrx_word' id='word_1_288' title='bbox 527 2607 622 2676; x_wconf 79' lang='lat' dir='ltr'><strong>pit.</strong></span> <span class='ocrx_word' id='word_1_289' title='bbox 664 2617 722 2662; x_wconf 90' lang='lat' dir='ltr'><strong>ut</strong></span> <span class='ocrx_word' id='word_1_290' title='bbox 744 2609 990 2662; x_wconf 88' lang='lat' dir='ltr'><strong>attonitis</strong></span> <span class='ocrx_word' id='word_1_291' title='bbox 1017 2609 1238 2662; x_wconf 87' lang='lat' dir='ltr'><strong>auribus</strong></span> <span class='ocrx_word' id='word_1_292' title='bbox 1264 2609 1374 2678; x_wconf 91' lang='lat' dir='ltr'><strong>ipse</strong></span> <span class='ocrx_word' id='word_1_293' title='bbox 1405 2609 1556 2678; x_wconf 83' lang='lat' dir='ltr'><strong>llugo</strong></span> <span class='ocrx_word' id='word_1_294' title='bbox 1586 2619 1640 2664; x_wconf 92' lang='lat' dir='ltr'><strong>et</strong></span> <span class='ocrx_word' id='word_1_295' title='bbox 1661 2611 1846 2666; x_wconf 88' lang='lat' dir='ltr'><strong>omnis</strong></span> <span class='ocrx_word' id='word_1_296' title='bbox 1875 2609 2107 2666; x_wconf 83' lang='lat' dir='ltr'><strong>Parisio-</strong></span> 
     </span>
    </p>
   </div>
   <div class='ocr_carea' id='block_1_43' title="bbox 529 2697 1264 2765">
    <p class='ocr_par' dir='ltr' id='par_1_43' title="bbox 529 2697 1264 2765">
     <span class='ocr_line' id='line_1_43' title="bbox 529 2697 1264 2765; baseline 0.003 -17"><span class='ocrx_word' id='word_1_297' title='bbox 529 2713 648 2750; x_wconf 87' lang='lat' dir='ltr'><strong>rum</strong></span> <span class='ocrx_word' id='word_1_298' title='bbox 677 2697 826 2765; x_wconf 91' lang='lat' dir='ltr'><strong>plebs</strong></span> <span class='ocrx_word' id='word_1_299' title='bbox 857 2698 1149 2751; x_wconf 88' lang='lat' dir='ltr'><strong>miraretur</strong></span> <span class='ocrx_word' id='word_1_300' title='bbox 1179 2699 1264 2750; x_wconf 72' lang='lat'><strong>“‘7.</strong></span> 
     </span>
    </p>
   </div>
   <div class='ocr_carea' id='block_1_44' title="bbox 597 2786 2100 2861">
    <p class='ocr_par' dir='ltr' id='par_1_44' title="bbox 597 2786 2100 2861">
     <span class='ocr_line' id='line_1_44' title="bbox 597 2786 2100 2861; baseline 0.001 -19"><span class='ocrx_word' id='word_1_301' title='bbox 597 2786 683 2842; x_wconf 85' lang='lat'><strong>98.</strong></span> <span class='ocrx_word' id='word_1_302' title='bbox 729 2789 865 2858; x_wconf 81' lang='lat'><strong>(97.)</strong></span> <span class='ocrx_word' id='word_1_303' title='bbox 909 2787 1007 2842; x_wconf 84' lang='lat' dir='ltr'><strong>Ubi</strong></span> <span class='ocrx_word' id='word_1_304' title='bbox 1045 2787 1323 2842; x_wconf 81' lang='lat' dir='ltr'><strong>Lotharius</strong></span> <span class='ocrx_word' id='word_1_305' title='bbox 1353 2788 1596 2843; x_wconf 82' lang='lat' dir='ltr'><strong>Ottonem</strong></span> <span class='ocrx_word' id='word_1_306' title='bbox 1640 2792 1949 2861; x_wconf 74' lang='lat' dir='ltr'><strong>insequitur,</strong></span> <span class='ocrx_word' id='word_1_307' title='bbox 1991 2793 2100 2854; x_wconf 73' lang='lat' dir='ltr'><strong>sed,</strong></span> 
     </span>
    </p>
   </div>
   <div class='ocr_carea' id='block_1_45' title="bbox 527 2879 2107 2948">
    <p class='ocr_par' dir='ltr' id='par_1_45' title="bbox 527 2879 2107 2948">
     <span class='ocr_line' id='line_1_45' title="bbox 527 2879 2107 2948; baseline 0.003 -18"><span class='ocrx_word' id='word_1_308' title='bbox 527 2879 714 2932; x_wconf 63' lang='lat' dir='ltr'><strong>Ancona</strong></span> <span class='ocrx_word' id='word_1_309' title='bbox 729 2879 888 2948; x_wconf 77' lang='lat' dir='ltr'><strong>ﬂuvio</strong></span> <span class='ocrx_word' id='word_1_310' title='bbox 901 2879 1301 2942; x_wconf 77' lang='lat' dir='ltr'><strong>intercurrente,</strong></span> <span class='ocrx_word' id='word_1_311' title='bbox 1317 2895 1488 2947; x_wconf 84' lang='lat' dir='ltr'><strong>pugna</strong></span> <span class='ocrx_word' id='word_1_312' title='bbox 1505 2879 1768 2947; x_wconf 71' lang='lat' dir='ltr'><strong>(li/fertur.</strong></span> <span class='ocrx_word' id='word_1_313' title='bbox 1787 2879 1887 2945; x_wconf 85' lang='lat' dir='ltr'><strong>Qui</strong></span> <span class='ocrx_word' id='word_1_314' title='bbox 1903 2894 2022 2934; x_wconf 86' lang='lat' dir='ltr'><strong>eum</strong></span> <span class='ocrx_word' id='word_1_315' title='bbox 2043 2881 2107 2912; x_wconf 75' lang='grc' dir='ltr'><strong>¹ε⁸</strong></span> 
     </span>
    </p>
   </div>
   <div class='ocr_carea' id='block_1_46' title="bbox 528 2967 2106 3037">
    <p class='ocr_par' dir='ltr' id='par_1_46' title="bbox 528 2967 2106 3037">
     <span class='ocr_line' id='line_1_46' title="bbox 528 2967 2106 3037; baseline 0.002 -14"><span class='ocrx_word' id='word_1_316' title='bbox 528 2970 660 3023; x_wconf 86' lang='lat' dir='ltr'><strong>satis</strong></span> <span class='ocrx_word' id='word_1_317' title='bbox 702 2969 960 3024; x_wconf 75' lang='lat' dir='ltr'><strong>exhausta</strong></span> <span class='ocrx_word' id='word_1_318' title='bbox 1003 2967 1204 3022; x_wconf 88' lang='lat' dir='ltr'><strong>ultione</strong></span> <span class='ocrx_word' id='word_1_319' title='bbox 1243 2984 1533 3037; x_wconf 82' lang='lat' dir='ltr'><strong>congruam</strong></span> <span class='ocrx_word' id='word_1_320' title='bbox 1579 2970 1999 3024; x_wconf 75' lang='lat' dir='ltr'><strong>vicissitudinem</strong></span> <span class='ocrx_word' id='word_1_321' title='bbox 2047 2985 2106 3026; x_wconf 88' lang='lat' dir='ltr'><strong>se</strong></span> 
     </span>
    </p>
   </div>
   <div class='ocr_carea' id='block_1_47' title="bbox 529 3057 2110 3127">
    <p class='ocr_par' dir='ltr' id='par_1_47' title="bbox 529 3057 2110 3127">
     <span class='ocr_line' id='line_1_47' title="bbox 529 3057 2110 3127; baseline 0.001 -17"><span class='ocrx_word' id='word_1_322' title='bbox 529 3057 844 3127; x_wconf 88' lang='lat' dir='ltr'><strong>rependisse</strong></span> <span class='ocrx_word' id='word_1_323' title='bbox 887 3066 1118 3126; x_wconf 86' lang='lat' dir='ltr'><strong>putaret,</strong></span> <span class='ocrx_word' id='word_1_324' title='bbox 1154 3057 1218 3110; x_wconf 88' lang='lat' dir='ltr'><strong>ad</strong></span> <span class='ocrx_word' id='word_1_325' title='bbox 1253 3057 1476 3110; x_wconf 88' lang='lat' dir='ltr'><strong>hiberna</strong></span> <span class='ocrx_word' id='word_1_326' title='bbox 1528 3066 1775 3126; x_wconf 85' lang='lat' dir='ltr'><strong>oportere</strong></span> <span class='ocrx_word' id='word_1_327' title='bbox 1817 3073 1876 3112; x_wconf 90' lang='lat' dir='ltr'><strong>se</strong></span> <span class='ocrx_word' id='word_1_328' title='bbox 1919 3072 2110 3112; x_wconf 84' lang='lat' dir='ltr'><strong>conce-</strong></span> 
     </span>
    </p>
   </div>
   <div class='ocr_carea' id='block_1_48' title="bbox 530 3149 2109 3218">
    <p class='ocr_par' dir='ltr' id='par_1_48' title="bbox 530 3149 2109 3218">
     <span class='ocr_line' id='line_1_48' title="bbox 530 3149 2109 3218; baseline 0.003 -16"><span class='ocrx_word' id='word_1_329' title='bbox 530 3150 657 3203; x_wconf 88' lang='lat' dir='ltr'><strong>dere</strong></span> <span class='ocrx_word' id='word_1_330' title='bbox 681 3159 851 3214; x_wconf 88' lang='lat' dir='ltr'><strong>ratns,</strong></span> <span class='ocrx_word' id='word_1_331' title='bbox 887 3149 1011 3204; x_wconf 89' lang='lat' dir='ltr'><strong>inde</strong></span> <span class='ocrx_word' id='word_1_332' title='bbox 1049 3149 1208 3204; x_wconf 90' lang='lat' dir='ltr'><strong>simul</strong></span> <span class='ocrx_word' id='word_1_333' title='bbox 1247 3157 1496 3203; x_wconf 86' lang='lat' dir='ltr'><strong>revocato</strong></span> <span class='ocrx_word' id='word_1_334' title='bbox 1526 3151 1792 3218; x_wconf 89' lang='lat' dir='ltr'><strong>equitatu,</strong></span> <span class='ocrx_word' id='word_1_335' title='bbox 1847 3152 1988 3205; x_wconf 89' lang='lat' dir='ltr'><strong>circa</strong></span> <span class='ocrx_word' id='word_1_336' title='bbox 2031 3150 2109 3206; x_wconf 84' lang='lat' dir='ltr'><strong>fe-</strong></span> 
     </span>
    </p>
   </div>
   <div class='ocr_carea' id='block_1_49' title="bbox 529 3238 2110 3310">
    <p class='ocr_par' dir='ltr' id='par_1_49' title="bbox 529 3238 2110 3310">
     <span class='ocr_line' id='line_1_49' title="bbox 529 3238 2110 3310; baseline 0 -16"><span class='ocrx_word' id='word_1_337' title='bbox 529 3240 822 3294; x_wconf 86' lang='lat' dir='ltr'><strong>stivitatem</strong></span> <span class='ocrx_word' id='word_1_338' title='bbox 853 3241 1024 3294; x_wconf 86' lang='lat' dir='ltr'><strong>sancti</strong></span> <span class='ocrx_word' id='word_1_339' title='bbox 1055 3239 1282 3293; x_wconf 67' lang='lat' dir='ltr'><strong>Andrecc</strong></span> <span class='ocrx_word' id='word_1_340' title='bbox 1305 3238 1464 3310; x_wconf 82' lang='lat' dir='ltr'><strong>(Nov.</strong></span> <span class='ocrx_word' id='word_1_341' title='bbox 1493 3240 1604 3310; x_wconf 72' lang='lat'><strong>29),</strong></span> <span class='ocrx_word' id='word_1_342' title='bbox 1627 3239 1738 3307; x_wconf 86' lang='lat' dir='ltr'><strong>jam</strong></span> <span class='ocrx_word' id='word_1_343' title='bbox 1772 3241 1944 3294; x_wconf 87' lang='lat' dir='ltr'><strong>hieme</strong></span> <span class='ocrx_word' id='word_1_344' title='bbox 1985 3242 2110 3294; x_wconf 91' lang='lat' dir='ltr'><strong>sub-</strong></span> 
     </span>
    </p>
   </div>
   <div class='ocr_carea' id='block_1_50' title="bbox 527 3329 2110 3400">
    <p class='ocr_par' dir='ltr' id='par_1_50' title="bbox 527 3329 2110 3400">
     <span class='ocr_line' id='line_1_50' title="bbox 527 3329 2110 3400; baseline 0.001 -16"><span class='ocrx_word' id='word_1_345' title='bbox 527 3339 712 3394; x_wconf 88' lang='lat' dir='ltr'><strong>eunte,</strong></span> <span class='ocrx_word' id='word_1_346' title='bbox 740 3331 968 3384; x_wconf 90' lang='lat' dir='ltr'><strong>reditum</strong></span> <span class='ocrx_word' id='word_1_347' title='bbox 1005 3329 1302 3399; x_wconf 89' lang='lat' dir='ltr'><strong>disposuit;</strong></span> <span class='ocrx_word' id='word_1_348' title='bbox 1333 3345 1690 3400; x_wconf 84' lang='lat' dir='ltr'><strong>remensoque</strong></span> <span class='ocrx_word' id='word_1_349' title='bbox 1725 3331 1935 3394; x_wconf 89' lang='lat' dir='ltr'><strong>itinere,</strong></span> <span class='ocrx_word' id='word_1_350' title='bbox 1969 3331 2110 3386; x_wconf 81' lang='lat' dir='ltr'><strong>bono</strong></span> 
     </span>
    </p>
   </div>
   <div class='ocr_carea' id='block_1_51' title="bbox 529 3421 2107 3491">
    <p class='ocr_par' dir='ltr' id='par_1_51' title="bbox 529 3421 2107 3491">
     <span class='ocr_line' id='line_1_51' title="bbox 529 3421 2107 3491; baseline 0 -15"><span class='ocrx_word' id='word_1_351' title='bbox 529 3437 780 3476; x_wconf 80' lang='lat' dir='ltr'><strong>SllCCCSSlI</strong></span> <span class='ocrx_word' id='word_1_352' title='bbox 821 3430 1094 3491; x_wconf 84' lang='lat' dir='ltr'><strong>gestarum</strong></span> <span class='ocrx_word' id='word_1_353' title='bbox 1133 3437 1313 3476; x_wconf 76' lang='grc' dir='ltr'><strong>ΙὊΙἪΙΗ</strong></span> <span class='ocrx_word' id='word_1_354' title='bbox 1359 3422 1616 3490; x_wconf 88' lang='lat' dir='ltr'><strong>gaudens,</strong></span> <span class='ocrx_word' id='word_1_355' title='bbox 1665 3437 1826 3490; x_wconf 75' lang='grc'><strong>8111101⁵</strong></span> <span class='ocrx_word' id='word_1_356' title='bbox 1863 3421 2107 3476; x_wconf 76' lang='lat' dir='ltr'><strong>Axonam</strong></span> 
     </span>
    </p>
   </div>
   <div class='ocr_carea' id='block_1_52' title="bbox 529 3513 2109 3584">
    <p class='ocr_par' dir='ltr' id='par_1_52' title="bbox 529 3513 2109 3584">
     <span class='ocr_line' id='line_1_52' title="bbox 529 3513 2109 3584; baseline 0.003 -19"><span class='ocrx_word' id='word_1_357' title='bbox 529 3513 748 3567; x_wconf 83' lang='lat' dir='ltr'><strong>fluvium</strong></span> <span class='ocrx_word' id='word_1_358' title='bbox 778 3523 954 3568; x_wconf 87' lang='lat' dir='ltr'><strong>castra</strong></span> <span class='ocrx_word' id='word_1_359' title='bbox 987 3513 1178 3568; x_wconf 88' lang='lat' dir='ltr'><strong>metari</strong></span> <span class='ocrx_word' id='word_1_360' title='bbox 1217 3513 1476 3582; x_wconf 90' lang='lat' dir='ltr'><strong>precepit.</strong></span> <span class='ocrx_word' id='word_1_361' title='bbox 1505 3513 1612 3568; x_wconf 86' lang='lat' dir='ltr'><strong>Sed</strong></span> <span class='ocrx_word' id='word_1_362' title='bbox 1640 3523 1816 3569; x_wconf 88' lang='lat' dir='ltr'><strong>tamen</strong></span> <span class='ocrx_word' id='word_1_363' title='bbox 1855 3516 1978 3584; x_wconf 84' lang='lat' dir='ltr'><strong>quia</strong></span> <span class='ocrx_word' id='word_1_364' title='bbox 2008 3515 2109 3570; x_wconf 90' lang='lat' dir='ltr'><strong>iste</strong></span> 
     </span>
    </p>
   </div>
   <div class='ocr_carea' id='block_1_53' title="bbox 537 3601 2106 3671">
    <p class='ocr_par' dir='ltr' id='par_1_53' title="bbox 537 3601 2106 3671">
     <span class='ocr_line' id='line_1_53' title="bbox 537 3601 2106 3671; baseline 0.003 -17"><span class='ocrx_word' id='word_1_365' title='bbox 537 3603 750 3668; x_wconf 89' lang='lat' dir='ltr'><strong>fluvius,</strong></span> <span class='ocrx_word' id='word_1_366' title='bbox 814 3602 858 3656; x_wconf 88' lang='lat' dir='ltr'><strong>si</strong></span> <span class='ocrx_word' id='word_1_367' title='bbox 907 3603 1123 3671; x_wconf 90' lang='lat' dir='ltr'><strong>quando</strong></span> <span class='ocrx_word' id='word_1_368' title='bbox 1170 3601 1372 3656; x_wconf 90' lang='lat' dir='ltr'><strong>imbres</strong></span> <span class='ocrx_word' id='word_1_369' title='bbox 1429 3603 1759 3668; x_wconf 88' lang='lat' dir='ltr'><strong>incumbant,</strong></span> <span class='ocrx_word' id='word_1_370' title='bbox 1801 3605 1853 3658; x_wconf 90' lang='lat' dir='ltr'><strong>in</strong></span> <span class='ocrx_word' id='word_1_371' title='bbox 1903 3613 2106 3658; x_wconf 86' lang='lat' dir='ltr'><strong>tantum</strong></span> 
     </span>
    </p>
   </div>
   <div class='ocr_carea' id='block_1_54' title="bbox 527 3673 2106 3764">
    <p class='ocr_par' dir='ltr' id='par_1_54' title="bbox 527 3673 2106 3764">
     <span class='ocr_line' id='line_1_54' title="bbox 527 3673 2106 3764; baseline 0.003 -18"><span class='ocrx_word' id='word_1_372' title='bbox 527 3707 848 3747; x_wconf 73' lang='lat' dir='ltr'><strong>exarescere</strong></span> <span class='ocrx_word' id='word_1_373' title='bbox 897 3694 1053 3756; x_wconf 89' lang='lat' dir='ltr'><strong>solet,</strong></span> <span class='ocrx_word' id='word_1_374' title='bbox 1103 3701 1160 3745; x_wconf 89' lang='grc' dir='ltr'><strong>ιιι</strong></span> <span class='ocrx_word' id='word_1_375' title='bbox 1207 3693 1412 3760; x_wconf 86' lang='lat' dir='ltr'><strong>absque</strong></span> <span class='ocrx_word' id='word_1_376' title='bbox 1461 3695 1672 3764; x_wconf 86' lang='lat' dir='ltr'><strong>navigio</strong></span> <span class='ocrx_word' id='word_1_377' title='bbox 1707 3673 1948 3750; x_wconf 71' lang='lat' dir='ltr'><strong>eﬂ&#39;rctari</strong></span> <span class='ocrx_word' id='word_1_378' title='bbox 2001 3711 2106 3751; x_wconf 89' lang='lat' dir='ltr'><strong>non</strong></span> 
     </span>
    </p>
   </div>
   <div class='ocr_carea' id='block_1_55' title="bbox 531 3783 2108 3852">
    <p class='ocr_par' dir='ltr' id='par_1_55' title="bbox 531 3783 2108 3852">
     <span class='ocr_line' id='line_1_55' title="bbox 531 3783 2108 3852; baseline 0.004 -18"><span class='ocrx_word' id='word_1_379' title='bbox 531 3784 698 3850; x_wconf 77' lang='lat' dir='ltr'><strong>pOSsit</strong></span> <span class='ocrx_word' id='word_1_380' title='bbox 737 3802 750 3836; x_wconf 88' lang='lat'><strong>:</strong></span> <span class='ocrx_word' id='word_1_381' title='bbox 783 3793 1100 3852; x_wconf 79' lang='lat' dir='ltr'><strong>suggerente</strong></span> <span class='ocrx_word' id='word_1_382' title='bbox 1150 3792 1310 3852; x_wconf 84' lang='lat' dir='ltr'><strong>atque</strong></span> <span class='ocrx_word' id='word_1_383' title='bbox 1339 3783 1660 3839; x_wconf 77' lang='lat' dir='ltr'><strong>exhortante</strong></span> <span class='ocrx_word' id='word_1_384' title='bbox 1689 3786 1886 3840; x_wconf 88' lang='lat' dir='ltr'><strong>comite</strong></span> <span class='ocrx_word' id='word_1_385' title='bbox 1931 3783 2108 3840; x_wconf 86' lang='lat' dir='ltr'><strong>Code-</strong></span> 
     </span>
    </p>
   </div>
   <div class='ocr_carea' id='block_1_56' title="bbox 533 3873 2108 3946">
    <p class='ocr_par' dir='ltr' id='par_1_56' title="bbox 533 3873 2108 3946">
     <span class='ocr_line' id='line_1_56' title="bbox 533 3873 2108 3946; baseline 0.004 -21"><span class='ocrx_word' id='word_1_386' title='bbox 533 3873 672 3928; x_wconf 85' lang='lat' dir='ltr'><strong>frido</strong></span> <span class='ocrx_word' id='word_1_387' title='bbox 689 3873 860 3944; x_wconf 75' lang='lat'><strong>(203),</strong></span> <span class='ocrx_word' id='word_1_388' title='bbox 878 3888 944 3927; x_wconf 87' lang='lat' dir='ltr'><strong>ne</strong></span> <span class='ocrx_word' id='word_1_389' title='bbox 961 3875 1086 3942; x_wconf 87' lang='lat' dir='ltr'><strong>quid</strong></span> <span class='ocrx_word' id='word_1_390' title='bbox 1113 3873 1360 3930; x_wconf 87' lang='lat' dir='ltr'><strong>videlicet</strong></span> <span class='ocrx_word' id='word_1_391' title='bbox 1385 3875 1732 3946; x_wconf 89' lang='lat' dir='ltr'><strong>inpedimenti</strong></span> <span class='ocrx_word' id='word_1_392' title='bbox 1761 3885 1920 3931; x_wconf 61' lang='lat' dir='ltr'><strong>tantae</strong></span> <span class='ocrx_word' id='word_1_393' title='bbox 1943 3877 2108 3946; x_wconf 76' lang='lat' dir='ltr'><strong>copia:</strong></span> 
     </span>
    </p>
   </div>
   <div class='ocr_carea' id='block_1_57' title="bbox 531 3965 2108 4038">
    <p class='ocr_par' dir='ltr' id='par_1_57' title="bbox 531 3965 2108 4038">
     <span class='ocr_line' id='line_1_57' title="bbox 531 3965 2108 4038; baseline 0.001 -18"><span class='ocrx_word' id='word_1_394' title='bbox 531 3967 762 4020; x_wconf 89' lang='lat' dir='ltr'><strong>militum</strong></span> <span class='ocrx_word' id='word_1_395' title='bbox 795 3968 848 4020; x_wconf 93' lang='lat' dir='ltr'><strong>in</strong></span> <span class='ocrx_word' id='word_1_396' title='bbox 873 3965 1070 4021; x_wconf 79' lang='lat' dir='ltr'><strong>difficili</strong></span> <span class='ocrx_word' id='word_1_397' title='bbox 1103 3967 1332 4020; x_wconf 89' lang='lat' dir='ltr'><strong>transitu</strong></span> <span class='ocrx_word' id='word_1_398' title='bbox 1357 3968 1714 4037; x_wconf 84' lang='lat' dir='ltr'><strong>contingeret,</strong></span> <span class='ocrx_word' id='word_1_399' title='bbox 1743 3969 2108 4038; x_wconf 63' lang='lat' dir='ltr'><strong>preter-legere</strong></span> 
     </span>
    </p>
   </div>
   <div class='ocr_carea' id='block_1_58' title="bbox 533 4057 2103 4128">
    <p class='ocr_par' dir='ltr' id='par_1_58' title="bbox 533 4057 2103 4128">
     <span class='ocr_line' id='line_1_58' title="bbox 533 4057 2103 4128; baseline 0.003 -18"><span class='ocrx_word' id='word_1_400' title='bbox 533 4059 830 4121; x_wconf 87' lang='lat' dir='ltr'><strong>festinavit,</strong></span> <span class='ocrx_word' id='word_1_401' title='bbox 862 4057 1050 4128; x_wconf 88' lang='lat' dir='ltr'><strong>paucis</strong></span> <span class='ocrx_word' id='word_1_402' title='bbox 1097 4066 1276 4112; x_wconf 90' lang='lat' dir='ltr'><strong>tamen</strong></span> <span class='ocrx_word' id='word_1_403' title='bbox 1310 4057 1631 4111; x_wconf 89' lang='lat' dir='ltr'><strong>famulorum</strong></span> <span class='ocrx_word' id='word_1_404' title='bbox 1681 4061 2103 4123; x_wconf 88' lang='lat' dir='ltr'><strong>remanentibns,</strong></span> 
     </span>
    </p>
   </div>
   <div class='ocr_carea' id='block_1_59' title="bbox 529 4145 2096 4217">
    <p class='ocr_par' dir='ltr' id='par_1_59' title="bbox 529 4145 2096 4217">
     <span class='ocr_line' id='line_1_59' title="bbox 529 4145 2096 4217; baseline 0.001 -19"><span class='ocrx_word' id='word_1_405' title='bbox 529 4147 622 4215; x_wconf 87' lang='lat' dir='ltr'><strong>qui</strong></span> <span class='ocrx_word' id='word_1_406' title='bbox 653 4147 1106 4216; x_wconf 84' lang='lat' dir='ltr'><strong>retrogradientcs</strong></span> <span class='ocrx_word' id='word_1_407' title='bbox 1133 4175 1200 4184; x_wconf 89' lang='lat'><strong>——</strong></span> <span class='ocrx_word' id='word_1_408' title='bbox 1227 4161 1348 4199; x_wconf 92' lang='lat' dir='ltr'><strong>nam</strong></span> <span class='ocrx_word' id='word_1_409' title='bbox 1384 4146 1626 4200; x_wconf 87' lang='lat' dir='ltr'><strong>sarcinas</strong></span> <span class='ocrx_word' id='word_1_410' title='bbox 1658 4145 1864 4201; x_wconf 75' lang='lat' dir='ltr'><strong>bellica:</strong></span> <span class='ocrx_word' id='word_1_411' title='bbox 1889 4147 2096 4217; x_wconf 84' lang='lat' dir='ltr'><strong>suppel-</strong></span> 
     </span>
    </p>
   </div>
   <div class='ocr_carea' id='block_1_60' title="bbox 535 4233 2105 4308">
    <p class='ocr_par' dir='ltr' id='par_1_60' title="bbox 535 4233 2105 4308">
     <span class='ocr_line' id='line_1_60' title="bbox 535 4233 2105 4308; baseline 0.001 -19"><span class='ocrx_word' id='word_1_412' title='bbox 535 4237 729 4292; x_wconf 88' lang='lat' dir='ltr'><strong>lectilis</strong></span> <span class='ocrx_word' id='word_1_413' title='bbox 761 4237 1153 4291; x_wconf 86' lang='lat' dir='ltr'><strong>convectabant</strong></span> <span class='ocrx_word' id='word_1_414' title='bbox 1175 4249 1358 4305; x_wconf 89' lang='lat' dir='ltr'><strong>—_pre</strong></span> <span class='ocrx_word' id='word_1_415' title='bbox 1387 4233 1699 4308; x_wconf 85' lang='lat' dir='ltr'><strong>fatigatione</strong></span> <span class='ocrx_word' id='word_1_416' title='bbox 1727 4237 1927 4299; x_wconf 89' lang='lat' dir='ltr'><strong>oneris,</strong></span> <span class='ocrx_word' id='word_1_417' title='bbox 1957 4241 2105 4290; x_wconf 85' lang='lat' dir='ltr'><strong>tene-</strong></span> 
     </span>
    </p>
   </div>
   <div class='ocr_carea' id='block_1_61' title="bbox 543 4323 2102 4395">
    <p class='ocr_par' dir='ltr' id='par_1_61' title="bbox 543 4323 2102 4395">
     <span class='ocr_line' id='line_1_61' title="bbox 543 4323 2102 4395; baseline -0.001 -16"><span class='ocrx_word' id='word_1_418' title='bbox 543 4327 656 4380; x_wconf 90' lang='lat' dir='ltr'><strong>bris</strong></span> <span class='ocrx_word' id='word_1_419' title='bbox 688 4323 1078 4395; x_wconf 89' lang='lat' dir='ltr'><strong>siquidemjam</strong></span> <span class='ocrx_word' id='word_1_420' title='bbox 1115 4325 1288 4379; x_wconf 91' lang='lat' dir='ltr'><strong>noctis</strong></span> <span class='ocrx_word' id='word_1_421' title='bbox 1320 4325 1772 4392; x_wconf 87' lang='lat' dir='ltr'><strong>incumbentibus,</strong></span> <span class='ocrx_word' id='word_1_422' title='bbox 1818 4327 2102 4380; x_wconf 91' lang='lat' dir='ltr'><strong>transitum</strong></span> 
     </span>
    </p>
   </div>
   <div class='ocr_carea' id='block_1_62' title="bbox 529 4415 2106 4486">
    <p class='ocr_par' dir='ltr' id='par_1_62' title="bbox 529 4415 2106 4486">
     <span class='ocr_line' id='line_1_62' title="bbox 529 4415 2106 4486; baseline 0 -18"><span class='ocrx_word' id='word_1_423' title='bbox 529 4416 586 4470; x_wconf 88' lang='lat' dir='ltr'><strong>in</strong></span> <span class='ocrx_word' id='word_1_424' title='bbox 614 4419 856 4472; x_wconf 81' lang='lat' dir='ltr'><strong>crastino</strong></span> <span class='ocrx_word' id='word_1_425' title='bbox 882 4416 1100 4471; x_wconf 82' lang='lat' dir='ltr'><strong>differre</strong></span> <span class='ocrx_word' id='word_1_426' title='bbox 1123 4416 1372 4470; x_wconf 88' lang='lat' dir='ltr'><strong>arbitrati</strong></span> <span class='ocrx_word' id='word_1_427' title='bbox 1403 4424 1544 4470; x_wconf 90' lang='lat' dir='ltr'><strong>sunt.</strong></span> <span class='ocrx_word' id='word_1_428' title='bbox 1573 4415 1829 4486; x_wconf 86' lang='lat' dir='ltr'><strong>Sequenti</strong></span> <span class='ocrx_word' id='word_1_429' title='bbox 1863 4430 1988 4469; x_wconf 89' lang='lat' dir='ltr'><strong>vero</strong></span> <span class='ocrx_word' id='word_1_430' title='bbox 2019 4415 2106 4468; x_wconf 90' lang='lat' dir='ltr'><strong>die</strong></span> 
     </span>
    </p>
   </div>
   <div class='ocr_carea' id='block_1_63' title="bbox 531 4503 2102 4574">
    <p class='ocr_par' dir='ltr' id='par_1_63' title="bbox 531 4503 2102 4574">
     <span class='ocr_line' id='line_1_63' title="bbox 531 4503 2102 4574; baseline -0.003 -14"><span class='ocrx_word' id='word_1_431' title='bbox 531 4505 773 4560; x_wconf 87' lang='lat' dir='ltr'><strong>collectis</strong></span> <span class='ocrx_word' id='word_1_432' title='bbox 809 4521 946 4574; x_wconf 89' lang='lat' dir='ltr'><strong>quos</strong></span> <span class='ocrx_word' id='word_1_433' title='bbox 995 4506 1186 4574; x_wconf 89' lang='lat' dir='ltr'><strong>potuit,</strong></span> <span class='ocrx_word' id='word_1_434' title='bbox 1221 4503 1528 4568; x_wconf 86' lang='lat' dir='ltr'><strong>Lotharius,</strong></span> <span class='ocrx_word' id='word_1_435' title='bbox 1573 4505 1698 4558; x_wconf 90' lang='lat' dir='ltr'><strong>licet</strong></span> <span class='ocrx_word' id='word_1_436' title='bbox 1742 4505 1962 4560; x_wconf 90' lang='lat' dir='ltr'><strong>inferior</strong></span> <span class='ocrx_word' id='word_1_437' title='bbox 2003 4521 2102 4557; x_wconf 91' lang='lat' dir='ltr'><strong>nu-</strong></span> 
     </span>
    </p>
   </div>
   <div class='ocr_carea' id='block_1_64' title="bbox 535 4596 2105 4666">
    <p class='ocr_par' dir='ltr' id='par_1_64' title="bbox 535 4596 2105 4666">
     <span class='ocr_line' id='line_1_64' title="bbox 535 4596 2105 4666; baseline 0 -16"><span class='ocrx_word' id='word_1_438' title='bbox 535 4611 708 4662; x_wconf 88' lang='lat' dir='ltr'><strong>mero,</strong></span> <span class='ocrx_word' id='word_1_439' title='bbox 744 4613 808 4652; x_wconf 74' lang='lat' dir='ltr'><strong>ex</strong></span> <span class='ocrx_word' id='word_1_440' title='bbox 844 4598 1062 4666; x_wconf 88' lang='lat' dir='ltr'><strong>pudoris</strong></span> <span class='ocrx_word' id='word_1_441' title='bbox 1091 4607 1268 4650; x_wconf 89' lang='lat' dir='ltr'><strong>tamen</strong></span> <span class='ocrx_word' id='word_1_442' title='bbox 1303 4596 1625 4650; x_wconf 89' lang='lat' dir='ltr'><strong>conscientia</strong></span> <span class='ocrx_word' id='word_1_443' title='bbox 1654 4597 2105 4666; x_wconf 74' lang='lat' dir='ltr'><strong>presumptiouem</strong></span> 
     </span>
    </p>
   </div>
   <div class='ocr_carea' id='block_1_65' title="bbox 535 4681 2114 4757">
    <p class='ocr_par' dir='ltr' id='par_1_65' title="bbox 535 4681 2114 4757">
     <span class='ocr_line' id='line_1_65' title="bbox 535 4681 2114 4757; baseline 0.001 -16"><span class='ocrx_word' id='word_1_444' title='bbox 535 4687 812 4757; x_wconf 80' lang='lat' dir='ltr'><strong>colligens,</strong></span> <span class='ocrx_word' id='word_1_445' title='bbox 842 4687 1052 4742; x_wconf 90' lang='lat' dir='ltr'><strong>occulte</strong></span> <span class='ocrx_word' id='word_1_446' title='bbox 1093 4702 1262 4754; x_wconf 88' lang='lat' dir='ltr'><strong>usque</strong></span> <span class='ocrx_word' id='word_1_447' title='bbox 1295 4687 1364 4740; x_wconf 89' lang='lat' dir='ltr'><strong>ad</strong></span> <span class='ocrx_word' id='word_1_448' title='bbox 1403 4686 1701 4756; x_wconf 86' lang='lat' dir='ltr'><strong>predictum</strong></span> <span class='ocrx_word' id='word_1_449' title='bbox 1747 4685 1961 4740; x_wconf 86' lang='lat' dir='ltr'><strong>fluvium</strong></span> <span class='ocrx_word' id='word_1_450' title='bbox 2009 4681 2114 4742; x_wconf 54' lang='lat' dir='ltr'><strong>bo?</strong></span> 
     </span>
    </p>
   </div>
   <div class='ocr_carea' id='block_1_66' title="bbox 535 4777 2108 4848">
    <p class='ocr_par' dir='ltr' id='par_1_66' title="bbox 535 4777 2108 4848">
     <span class='ocr_line' id='line_1_66' title="bbox 535 4777 2108 4848; baseline 0 -16"><span class='ocrx_word' id='word_1_451' title='bbox 535 4788 649 4832; x_wconf 89' lang='lat' dir='ltr'><strong>stes</strong></span> <span class='ocrx_word' id='word_1_452' title='bbox 694 4779 1058 4848; x_wconf 86' lang='lat' dir='ltr'><strong>prosequi-tur.</strong></span> <span class='ocrx_word' id='word_1_453' title='bbox 1100 4779 1264 4848; x_wconf 82' lang='lat' dir='ltr'><strong>Cujus</strong></span> <span class='ocrx_word' id='word_1_454' title='bbox 1311 4778 1584 4847; x_wconf 83' lang='lat' dir='ltr'><strong>inproviso</strong></span> <span class='ocrx_word' id='word_1_455' title='bbox 1633 4777 1833 4846; x_wconf 68' lang='lat' dir='ltr'><strong>impetu</strong></span> <span class='ocrx_word' id='word_1_456' title='bbox 1884 4778 1980 4846; x_wconf 88' lang='lat' dir='ltr'><strong>ipsi</strong></span> <span class='ocrx_word' id='word_1_457' title='bbox 2033 4779 2108 4832; x_wconf 87' lang='lat' dir='ltr'><strong>rei</strong></span> 
     </span>
    </p>
   </div>
   <div class='ocr_carea' id='block_1_67' title="bbox 539 4865 2109 4939">
    <p class='ocr_par' dir='ltr' id='par_1_67' title="bbox 539 4865 2109 4939">
     <span class='ocr_line' id='line_1_67' title="bbox 539 4865 2109 4939; baseline -0.001 -17"><span class='ocrx_word' id='word_1_458' title='bbox 539 4870 743 4925; x_wconf 63' lang='lat' dir='ltr'><strong>bellica:</strong></span> <span class='ocrx_word' id='word_1_459' title='bbox 771 4878 1080 4939; x_wconf 85' lang='lat' dir='ltr'><strong>portatores</strong></span> <span class='ocrx_word' id='word_1_460' title='bbox 1127 4867 1424 4937; x_wconf 90' lang='lat' dir='ltr'><strong>perterriti,</strong></span> <span class='ocrx_word' id='word_1_461' title='bbox 1465 4869 1588 4920; x_wconf 92' lang='lat' dir='ltr'><strong>dum</strong></span> <span class='ocrx_word' id='word_1_462' title='bbox 1623 4865 1721 4920; x_wconf 87' lang='lat' dir='ltr'><strong>sibi</strong></span> <span class='ocrx_word' id='word_1_463' title='bbox 1759 4875 1944 4919; x_wconf 71' lang='lat' dir='ltr'><strong>natatu</strong></span> <span class='ocrx_word' id='word_1_464' title='bbox 1983 4881 2109 4921; x_wconf 92' lang='lat' dir='ltr'><strong>con-</strong></span> 
     </span>
    </p>
   </div>
   <div class='ocr_carea' id='block_1_68' title="bbox 535 4956 2109 5024">
    <p class='ocr_par' dir='ltr' id='par_1_68' title="bbox 535 4956 2109 5024">
     <span class='ocr_line' id='line_1_68' title="bbox 535 4956 2109 5024; baseline 0 -14"><span class='ocrx_word' id='word_1_465' title='bbox 535 4959 714 5014; x_wconf 86' lang='lat' dir='ltr'><strong>sulere</strong></span> <span class='ocrx_word' id='word_1_466' title='bbox 771 4959 1126 5022; x_wconf 89' lang='lat' dir='ltr'><strong>estimarcnt,</strong></span> <span class='ocrx_word' id='word_1_467' title='bbox 1183 4957 1359 5012; x_wconf 90' lang='lat' dir='ltr'><strong>subito</strong></span> <span class='ocrx_word' id='word_1_468' title='bbox 1427 4956 1862 5011; x_wconf 79' lang='lat' dir='ltr'><strong>excrcsccnlibus</strong></span> <span class='ocrx_word' id='word_1_469' title='bbox 1917 4957 2109 5024; x_wconf 88' lang='lat' dir='ltr'><strong>undis,</strong></span> 
     </span>
    </p>
   </div>
   <div class='ocr_carea' id='block_1_69' title="bbox 2136 3117 2179 3177">
    <p class='ocr_par' dir='ltr' id='par_1_69' title="bbox 2136 3117 2179 3177">
     <span class='ocr_line' id='line_1_69' title="bbox 2136 3117 2179 3177; baseline 0 0"><span class='ocrx_word' id='word_1_470' title='bbox 2136 3117 2179 3177; x_wconf 92' lang='lat' dir='ltr'><strong><em>C</em></strong></span> 
     </span>
    </p>
   </div>
   <div class='ocr_carea' id='block_1_70' title="bbox 2207 1879 3782 1950">
    <p class='ocr_par' dir='ltr' id='par_1_70' title="bbox 2207 1879 3782 1950">
     <span class='ocr_line' id='line_1_70' title="bbox 2207 1879 3782 1950; baseline 0.001 -16"><span class='ocrx_word' id='word_1_471' title='bbox 2207 1880 2292 1934; x_wconf 89' lang='lat' dir='ltr'><strong>cui</strong></span> <span class='ocrx_word' id='word_1_472' title='bbox 2319 1881 2456 1934; x_wconf 88' lang='lat' dir='ltr'><strong>Deus</strong></span> <span class='ocrx_word' id='word_1_473' title='bbox 2479 1889 2761 1944; x_wconf 88' lang='lat' dir='ltr'><strong>annueret,</strong></span> <span class='ocrx_word' id='word_1_474' title='bbox 2779 1879 3052 1934; x_wconf 83' lang='lat' dir='ltr'><strong>laureatus</strong></span> <span class='ocrx_word' id='word_1_475' title='bbox 3073 1881 3223 1950; x_wconf 85' lang='lat' dir='ltr'><strong>regni</strong></span> <span class='ocrx_word' id='word_1_476' title='bbox 3251 1880 3474 1950; x_wconf 85' lang='lat' dir='ltr'><strong>imperio</strong></span> <span class='ocrx_word' id='word_1_477' title='bbox 3497 1881 3782 1949; x_wconf 88' lang='lat' dir='ltr'><strong>potiretur.</strong></span> 
     </span>
    </p>
   </div>
   <div class='ocr_carea' id='block_1_71' title="bbox 2207 1968 3786 2042">
    <p class='ocr_par' dir='ltr' id='par_1_71' title="bbox 2207 1968 3786 2042">
     <span class='ocr_line' id='line_1_71' title="bbox 2207 1968 3786 2042; baseline 0.003 -19"><span class='ocrx_word' id='word_1_478' title='bbox 2207 1968 2320 2024; x_wconf 90' lang='lat' dir='ltr'><strong>lloc</strong></span> <span class='ocrx_word' id='word_1_479' title='bbox 2349 1969 2554 2036; x_wconf 87' lang='lat' dir='ltr'><strong>audito,</strong></span> <span class='ocrx_word' id='word_1_480' title='bbox 2586 1985 2768 2025; x_wconf 90' lang='lat' dir='ltr'><strong>comes</strong></span> <span class='ocrx_word' id='word_1_481' title='bbox 2803 1970 3018 2040; x_wconf 90' lang='lat' dir='ltr'><strong>quidam</strong></span> <span class='ocrx_word' id='word_1_482' title='bbox 3047 1969 3352 2026; x_wconf 82' lang='lat' dir='ltr'><strong>Goisfridus</strong></span> <span class='ocrx_word' id='word_1_483' title='bbox 3375 1969 3524 2042; x_wconf 61' lang='lat'><strong>(204)</strong></span> <span class='ocrx_word' id='word_1_484' title='bbox 3564 1972 3786 2028; x_wconf 89' lang='lat' dir='ltr'><strong>nomine</strong></span> 
     </span>
    </p>
   </div>
   <div class='ocr_carea' id='block_1_72' title="bbox 2205 2057 3784 2128">
    <p class='ocr_par' dir='ltr' id='par_1_72' title="bbox 2205 2057 3784 2128">
     <span class='ocr_line' id='line_1_72' title="bbox 2205 2057 3784 2128; baseline 0.003 -19"><span class='ocrx_word' id='word_1_485' title='bbox 2205 2073 2562 2128; x_wconf 88' lang='lat' dir='ltr'><strong>prorumpens</strong></span> <span class='ocrx_word' id='word_1_486' title='bbox 2588 2059 2638 2112; x_wconf 94' lang='lat' dir='ltr'><strong>in</strong></span> <span class='ocrx_word' id='word_1_487' title='bbox 2663 2073 2792 2112; x_wconf 90' lang='lat' dir='ltr'><strong>voce</strong></span> <span class='ocrx_word' id='word_1_488' title='bbox 2817 2059 2891 2112; x_wconf 88' lang='lat' dir='ltr'><strong>ait</strong></span> <span class='ocrx_word' id='word_1_489' title='bbox 2919 2075 2932 2112; x_wconf 92' lang='lat'>:</span> <span class='ocrx_word' id='word_1_490' title='bbox 2965 2076 2984 2108; x_wconf 74' lang='grc' dir='ltr'><strong>ε</strong></span> <span class='ocrx_word' id='word_1_491' title='bbox 3016 2057 3153 2124; x_wconf 84' lang='lat' dir='ltr'><strong>Quid</strong></span> <span class='ocrx_word' id='word_1_492' title='bbox 3179 2059 3342 2114; x_wconf 91' lang='lat' dir='ltr'><strong>totab</strong></span> <span class='ocrx_word' id='word_1_493' title='bbox 3371 2067 3598 2128; x_wconf 84' lang='lat' dir='ltr'><strong>utraque</strong></span> <span class='ocrx_word' id='word_1_494' title='bbox 3624 2070 3784 2128; x_wconf 89' lang='lat' dir='ltr'><strong>parte</strong></span> 
     </span>
    </p>
   </div>
   <div class='ocr_carea' id='block_1_73' title="bbox 2207 2147 3786 2216">
    <p class='ocr_par' dir='ltr' id='par_1_73' title="bbox 2207 2147 3786 2216">
     <span class='ocr_line' id='line_1_73' title="bbox 2207 2147 3786 2216; baseline 0 -16"><span class='ocrx_word' id='word_1_495' title='bbox 2207 2148 2524 2201; x_wconf 59' lang='lat' dir='ltr'><strong>credentur?</strong></span> <span class='ocrx_word' id='word_1_496' title='bbox 2579 2147 2810 2202; x_wconf 73' lang='lat' dir='ltr'><strong>Veniant</strong></span> <span class='ocrx_word' id='word_1_497' title='bbox 2865 2147 3025 2200; x_wconf 85' lang='lat' dir='ltr'><strong>ambo</strong></span> <span class='ocrx_word' id='word_1_498' title='bbox 3053 2161 3208 2216; x_wconf 85' lang='lat' dir='ltr'><strong>reges</strong></span> <span class='ocrx_word' id='word_1_499' title='bbox 3249 2147 3303 2201; x_wconf 92' lang='lat' dir='ltr'><strong>in</strong></span> <span class='ocrx_word' id='word_1_500' title='bbox 3343 2162 3508 2201; x_wconf 91' lang='lat' dir='ltr'><strong>unum</strong></span> <span class='ocrx_word' id='word_1_501' title='bbox 3549 2157 3786 2202; x_wconf 87' lang='lat' dir='ltr'><strong>tantum-</strong></span> 
     </span>
    </p>
   </div>
   <div class='ocr_carea' id='block_1_74' title="bbox 2207 2239 3786 2310">
    <p class='ocr_par' dir='ltr' id='par_1_74' title="bbox 2207 2239 3786 2310">
     <span class='ocr_line' id='line_1_74' title="bbox 2207 2239 3786 2310; baseline 0 -16"><span class='ocrx_word' id='word_1_502' title='bbox 2207 2240 2386 2302; x_wconf 85' lang='lat' dir='ltr'><strong>modo,</strong></span> <span class='ocrx_word' id='word_1_503' title='bbox 2424 2240 2685 2308; x_wconf 90' lang='lat' dir='ltr'><strong>nobisque</strong></span> <span class='ocrx_word' id='word_1_504' title='bbox 2713 2239 2898 2308; x_wconf 90' lang='lat' dir='ltr'><strong>procul</strong></span> <span class='ocrx_word' id='word_1_505' title='bbox 2921 2240 3312 2308; x_wconf 85' lang='lat' dir='ltr'><strong>spectantibus,</strong></span> <span class='ocrx_word' id='word_1_506' title='bbox 3338 2255 3604 2294; x_wconf 83' lang='lat' dir='ltr'><strong>summam</strong></span> <span class='ocrx_word' id='word_1_507' title='bbox 3639 2241 3786 2310; x_wconf 86' lang='lat' dir='ltr'><strong>peri-</strong></span> 
     </span>
    </p>
   </div>
   <div class='ocr_carea' id='block_1_75' title="bbox 2208 2329 3780 2398">
    <p class='ocr_par' dir='ltr' id='par_1_75' title="bbox 2208 2329 3780 2398">
     <span class='ocr_line' id='line_1_75' title="bbox 2208 2329 3780 2398; baseline -0.003 -12"><span class='ocrx_word' id='word_1_508' title='bbox 2208 2331 2308 2386; x_wconf 81' lang='lat' dir='ltr'><strong>culi</strong></span> <span class='ocrx_word' id='word_1_509' title='bbox 2350 2331 2449 2386; x_wconf 86' lang='lat' dir='ltr'><strong>soli</strong></span> <span class='ocrx_word' id='word_1_510' title='bbox 2486 2331 2777 2384; x_wconf 88' lang='lat' dir='ltr'><strong>subeuntes</strong></span> <span class='ocrx_word' id='word_1_511' title='bbox 2823 2345 2929 2384; x_wconf 89' lang='lat' dir='ltr'><strong>una</strong></span> <span class='ocrx_word' id='word_1_512' title='bbox 2976 2329 3346 2394; x_wconf 88' lang='lat' dir='ltr'><strong>conferantur,</strong></span> <span class='ocrx_word' id='word_1_513' title='bbox 3393 2344 3609 2398; x_wconf 87' lang='lat' dir='ltr'><strong>unoque</strong></span> <span class='ocrx_word' id='word_1_514' title='bbox 3653 2329 3780 2384; x_wconf 88' lang='lat' dir='ltr'><strong>fuso</strong></span> 
     </span>
    </p>
   </div>
   <div class='ocr_carea' id='block_1_76' title="bbox 2207 2421 3781 2490">
    <p class='ocr_par' dir='ltr' id='par_1_76' title="bbox 2207 2421 3781 2490">
     <span class='ocr_line' id='line_1_76' title="bbox 2207 2421 3781 2490; baseline 0 -14"><span class='ocrx_word' id='word_1_515' title='bbox 2207 2423 2373 2478; x_wconf 78' lang='lat' dir='ltr'><strong>ceteri</strong></span> <span class='ocrx_word' id='word_1_516' title='bbox 2405 2423 2666 2478; x_wconf 84' lang='lat' dir='ltr'><strong>reservati</strong></span> <span class='ocrx_word' id='word_1_517' title='bbox 2690 2423 2882 2477; x_wconf 89' lang='lat' dir='ltr'><strong>victori</strong></span> <span class='ocrx_word' id='word_1_518' title='bbox 2911 2422 3288 2490; x_wconf 73' lang='lat' dir='ltr'><strong>subiiciantur.</strong></span> <span class='ocrx_word' id='word_1_519' title='bbox 3312 2442 3330 2474; x_wconf 79' lang='grc' dir='ltr'><strong>ι</strong></span> <span class='ocrx_word' id='word_1_520' title='bbox 3357 2421 3438 2476; x_wconf 79' lang='lat' dir='ltr'><strong>Ad</strong></span> <span class='ocrx_word' id='word_1_521' title='bbox 3463 2423 3576 2476; x_wconf 61' lang='lat' dir='ltr'><strong>hac</strong></span> <span class='ocrx_word' id='word_1_522' title='bbox 3601 2421 3781 2476; x_wconf 86' lang='lat' dir='ltr'><strong>Gode-</strong></span> 
     </span>
    </p>
   </div>
   <div class='ocr_carea' id='block_1_77' title="bbox 2209 2511 3783 2583">
    <p class='ocr_par' dir='ltr' id='par_1_77' title="bbox 2209 2511 3783 2583">
     <span class='ocr_line' id='line_1_77' title="bbox 2209 2511 3783 2583; baseline 0.001 -18"><span class='ocrx_word' id='word_1_523' title='bbox 2209 2512 2380 2566; x_wconf 85' lang='lat' dir='ltr'><strong>fridus</strong></span> <span class='ocrx_word' id='word_1_524' title='bbox 2409 2513 2591 2568; x_wconf 88' lang='lat' dir='ltr'><strong>itidem</strong></span> <span class='ocrx_word' id='word_1_525' title='bbox 2625 2528 2806 2568; x_wconf 91' lang='lat' dir='ltr'><strong>comes</strong></span> <span class='ocrx_word' id='word_1_526' title='bbox 2855 2529 2975 2568; x_wconf 91' lang='lat' dir='ltr'><strong>cum</strong></span> <span class='ocrx_word' id='word_1_527' title='bbox 3027 2513 3432 2583; x_wconf 82' lang='lat' dir='ltr'><strong>indignatione:</strong></span> <span class='ocrx_word' id='word_1_528' title='bbox 3465 2531 3485 2566; x_wconf 87' lang='grc'>‹</span> <span class='ocrx_word' id='word_1_529' title='bbox 3522 2511 3783 2583; x_wconf 89' lang='lat' dir='ltr'><strong>Semper,</strong></span> 
     </span>
    </p>
   </div>
   <div class='ocr_carea' id='block_1_78' title="bbox 2212 2601 3786 2674">
    <p class='ocr_par' dir='ltr' id='par_1_78' title="bbox 2212 2601 3786 2674">
     <span class='ocr_line' id='line_1_78' title="bbox 2212 2601 3786 2674; baseline 0.002 -18"><span class='ocrx_word' id='word_1_530' title='bbox 2212 2601 2408 2671; x_wconf 76' lang='lat' dir='ltr'><strong>inquit,</strong></span> <span class='ocrx_word' id='word_1_531' title='bbox 2441 2613 2680 2658; x_wconf 86' lang='lat' dir='ltr'><strong>vestrum</strong></span> <span class='ocrx_word' id='word_1_532' title='bbox 2711 2618 2888 2674; x_wconf 81' lang='lat' dir='ltr'><strong>regem</strong></span> <span class='ocrx_word' id='word_1_533' title='bbox 2918 2605 3070 2660; x_wconf 85' lang='lat' dir='ltr'><strong>vobis</strong></span> <span class='ocrx_word' id='word_1_534' title='bbox 3099 2603 3255 2658; x_wconf 85' lang='lat' dir='ltr'><strong>vilem</strong></span> <span class='ocrx_word' id='word_1_535' title='bbox 3277 2603 3464 2660; x_wconf 88' lang='lat' dir='ltr'><strong>haberi</strong></span> <span class='ocrx_word' id='word_1_536' title='bbox 3483 2603 3786 2659; x_wconf 81' lang='lat' dir='ltr'><strong>audivimus</strong></span> 
     </span>
    </p>
   </div>
   <div class='ocr_carea' id='block_1_79' title="bbox 2211 2693 3783 2764">
    <p class='ocr_par' dir='ltr' id='par_1_79' title="bbox 2211 2693 3783 2764">
     <span class='ocr_line' id='line_1_79' title="bbox 2211 2693 3783 2764; baseline 0 -16"><span class='ocrx_word' id='word_1_537' title='bbox 2211 2709 2316 2748; x_wconf 78' lang='lat' dir='ltr'><strong>non</strong></span> <span class='ocrx_word' id='word_1_538' title='bbox 2331 2696 2642 2760; x_wconf 80' lang='lat' dir='ltr'><strong>credentes;</strong></span> <span class='ocrx_word' id='word_1_539' title='bbox 2669 2711 2812 2750; x_wconf 89' lang='lat' dir='ltr'><strong>nunc</strong></span> <span class='ocrx_word' id='word_1_540' title='bbox 2835 2703 3032 2758; x_wconf 89' lang='lat' dir='ltr'><strong>autem,</strong></span> <span class='ocrx_word' id='word_1_541' title='bbox 3049 2694 3446 2764; x_wconf 81' lang='lat' dir='ltr'><strong>vobismetipsis</strong></span> <span class='ocrx_word' id='word_1_542' title='bbox 3471 2693 3783 2758; x_wconf 83' lang='lat' dir='ltr'><strong>fatentibus,</strong></span> 
     </span>
    </p>
   </div>
   <div class='ocr_carea' id='block_1_80' title="bbox 2209 2783 3786 2854">
    <p class='ocr_par' dir='ltr' id='par_1_80' title="bbox 2209 2783 3786 2854">
     <span class='ocr_line' id='line_1_80' title="bbox 2209 2783 3786 2854; baseline 0 -16"><span class='ocrx_word' id='word_1_543' title='bbox 2209 2785 2430 2840; x_wconf 80' lang='lat' dir='ltr'><strong>credere</strong></span> <span class='ocrx_word' id='word_1_544' title='bbox 2468 2785 2546 2838; x_wconf 85' lang='lat' dir='ltr'><strong>fas</strong></span> <span class='ocrx_word' id='word_1_545' title='bbox 2567 2794 2667 2840; x_wconf 89' lang='lat' dir='ltr'><strong>est.</strong></span> <span class='ocrx_word' id='word_1_546' title='bbox 2698 2785 3002 2854; x_wconf 84' lang='lat' dir='ltr'><strong>Numquam</strong></span> <span class='ocrx_word' id='word_1_547' title='bbox 3047 2785 3202 2838; x_wconf 88' lang='lat' dir='ltr'><strong>nobis</strong></span> <span class='ocrx_word' id='word_1_548' title='bbox 3237 2783 3640 2853; x_wconf 85' lang='lat' dir='ltr'><strong>quiescentibus</strong></span> <span class='ocrx_word' id='word_1_549' title='bbox 3685 2800 3786 2838; x_wconf 91' lang='lat' dir='ltr'><strong>no-</strong></span> 
     </span>
    </p>
   </div>
   <div class='ocr_carea' id='block_1_81' title="bbox 2211 2876 3781 2946">
    <p class='ocr_par' dir='ltr' id='par_1_81' title="bbox 2211 2876 3781 2946">
     <span class='ocr_line' id='line_1_81' title="bbox 2211 2876 3781 2946; baseline -0.001 -15"><span class='ocrx_word' id='word_1_550' title='bbox 2211 2889 2322 2931; x_wconf 83' lang='lat' dir='ltr'><strong>ster</strong></span> <span class='ocrx_word' id='word_1_551' title='bbox 2347 2877 2638 2946; x_wconf 81' lang='lat' dir='ltr'><strong>imperator</strong></span> <span class='ocrx_word' id='word_1_552' title='bbox 2673 2879 2949 2946; x_wconf 88' lang='lat' dir='ltr'><strong>pugnabit,</strong></span> <span class='ocrx_word' id='word_1_553' title='bbox 2981 2891 3273 2945; x_wconf 86' lang='lat' dir='ltr'><strong>numquam</strong></span> <span class='ocrx_word' id='word_1_554' title='bbox 3303 2876 3458 2930; x_wconf 91' lang='lat' dir='ltr'><strong>nobis</strong></span> <span class='ocrx_word' id='word_1_555' title='bbox 3485 2876 3781 2944; x_wconf 88' lang='lat' dir='ltr'><strong>sospitilms</strong></span> 
     </span>
    </p>
   </div>
   <div class='ocr_carea' id='block_1_82' title="bbox 2213 2965 3790 3038">
    <p class='ocr_par' dir='ltr' id='par_1_82' title="bbox 2213 2965 3790 3038">
     <span class='ocr_line' id='line_1_82' title="bbox 2213 2965 3790 3038; baseline -0.003 -16"><span class='ocrx_word' id='word_1_556' title='bbox 2213 2967 2266 3022; x_wconf 89' lang='lat' dir='ltr'><strong>in</strong></span> <span class='ocrx_word' id='word_1_557' title='bbox 2297 2967 2464 3036; x_wconf 90' lang='lat' dir='ltr'><strong>prelio</strong></span> <span class='ocrx_word' id='word_1_558' title='bbox 2492 2967 2898 3038; x_wconf 83' lang='lat' dir='ltr'><strong>periclitabitur.</strong></span> <span class='ocrx_word' id='word_1_559' title='bbox 2935 2967 3084 3022; x_wconf 85' lang='lat' dir='ltr'><strong>Haud</strong></span> <span class='ocrx_word' id='word_1_560' title='bbox 3111 2977 3286 3021; x_wconf 88' lang='lat' dir='ltr'><strong>tamen</strong></span> <span class='ocrx_word' id='word_1_561' title='bbox 3317 2981 3438 3022; x_wconf 89' lang='lat' dir='ltr'><strong>eum</strong></span> <span class='ocrx_word' id='word_1_562' title='bbox 3469 2965 3584 3022; x_wconf 90' lang='lat' dir='ltr'><strong>fore</strong></span> <span class='ocrx_word' id='word_1_563' title='bbox 3615 2966 3790 3020; x_wconf 87' lang='lat' dir='ltr'><strong>victu-</strong></span> 
     </span>
    </p>
   </div>
   <div class='ocr_carea' id='block_1_83' title="bbox 2213 3056 3780 3128">
    <p class='ocr_par' dir='ltr' id='par_1_83' title="bbox 2213 3056 3780 3128">
     <span class='ocr_line' id='line_1_83' title="bbox 2213 3056 3780 3128; baseline -0.001 -16"><span class='ocrx_word' id='word_1_564' title='bbox 2213 3075 2331 3112; x_wconf 88' lang='lat' dir='ltr'><strong>rum</strong></span> <span class='ocrx_word' id='word_1_565' title='bbox 2363 3057 2674 3122; x_wconf 74' lang='lat' dir='ltr'><strong>difﬁdimus,</strong></span> <span class='ocrx_word' id='word_1_566' title='bbox 2703 3060 2747 3112; x_wconf 94' lang='lat' dir='ltr'><strong>si</strong></span> <span class='ocrx_word' id='word_1_567' title='bbox 2771 3067 2947 3114; x_wconf 88' lang='lat' dir='ltr'><strong>vestro</strong></span> <span class='ocrx_word' id='word_1_568' title='bbox 2975 3073 3100 3114; x_wconf 91' lang='lat' dir='ltr'><strong>cum</strong></span> <span class='ocrx_word' id='word_1_569' title='bbox 3137 3073 3260 3128; x_wconf 77' lang='lat' dir='ltr'><strong>rege</strong></span> <span class='ocrx_word' id='word_1_570' title='bbox 3287 3056 3628 3112; x_wconf 82' lang='lat' dir='ltr'><strong>conferretur</strong></span> <span class='ocrx_word' id='word_1_571' title='bbox 3670 3058 3780 3111; x_wconf 89' lang='lat' dir='ltr'><strong>sin-</strong></span> 
     </span>
    </p>
   </div>
   <div class='ocr_carea' id='block_1_84' title="bbox 2212 3149 2858 3220">
    <p class='ocr_par' dir='ltr' id='par_1_84' title="bbox 2212 3149 2858 3220">
     <span class='ocr_line' id='line_1_84' title="bbox 2212 3149 2858 3220; baseline 0 -19"><span class='ocrx_word' id='word_1_572' title='bbox 2212 3149 2384 3220; x_wconf 85' lang='lat' dir='ltr'><strong>gulari</strong></span> <span class='ocrx_word' id='word_1_573' title='bbox 2408 3151 2802 3204; x_wconf 68' lang='lat' dir='ltr'><strong>certamine‘“.</strong></span> <span class='ocrx_word' id='word_1_574' title='bbox 2839 3169 2858 3201; x_wconf 74' lang='grc' dir='ltr'><strong>ι</strong></span> 
     </span>
    </p>
   </div>
   <div class='ocr_carea' id='block_1_85' title="bbox 2279 3239 3790 3312">
    <p class='ocr_par' dir='ltr' id='par_1_85' title="bbox 2279 3239 3790 3312">
     <span class='ocr_line' id='line_1_85' title="bbox 2279 3239 3790 3312; baseline 0.001 -19"><span class='ocrx_word' id='word_1_575' title='bbox 2279 3239 2366 3294; x_wconf 83' lang='grc'><strong>99.</strong></span> <span class='ocrx_word' id='word_1_576' title='bbox 2411 3239 2545 3309; x_wconf 88' lang='lat'><strong>(98.)</strong></span> <span class='ocrx_word' id='word_1_577' title='bbox 2579 3239 2762 3294; x_wconf 70' lang='lat' dir='ltr'><strong>Multis</strong></span> <span class='ocrx_word' id='word_1_578' title='bbox 2793 3241 3128 3294; x_wconf 58' lang='lat' dir='ltr'><strong>cautionibus</strong></span> <span class='ocrx_word' id='word_1_579' title='bbox 3159 3239 3317 3294; x_wconf 69' lang='grc' dir='ltr'><strong>Τριάο</strong></span> <span class='ocrx_word' id='word_1_580' title='bbox 3341 3241 3612 3311; x_wconf 77' lang='lat' dir='ltr'><strong>episcopus</strong></span> <span class='ocrx_word' id='word_1_581' title='bbox 3635 3251 3790 3312; x_wconf 71' lang='lat' dir='ltr'><strong>atque</strong></span> 
     </span>
    </p>
   </div>
   <div class='ocr_carea' id='block_1_86' title="bbox 2209 3329 3790 3401">
    <p class='ocr_par' dir='ltr' id='par_1_86' title="bbox 2209 3329 3790 3401">
     <span class='ocr_line' id='line_1_86' title="bbox 2209 3329 3790 3401; baseline 0.003 -19"><span class='ocrx_word' id='word_1_582' title='bbox 2209 3329 2462 3384; x_wconf 73' lang='lat' dir='ltr'><strong>molestiis</strong></span> <span class='ocrx_word' id='word_1_583' title='bbox 2493 3349 2524 3383; x_wconf 88' lang='lat' dir='ltr'><strong>a</strong></span> <span class='ocrx_word' id='word_1_584' title='bbox 2547 3333 2658 3386; x_wconf 73' lang='lat' dir='ltr'><strong>suis</strong></span> <span class='ocrx_word' id='word_1_585' title='bbox 2687 3331 2924 3386; x_wconf 71' lang='lat' dir='ltr'><strong>vasaallis</strong></span> <span class='ocrx_word' id='word_1_586' title='bbox 2954 3333 3265 3386; x_wconf 82' lang='lat' dir='ltr'><strong>concutitur.</strong></span> <span class='ocrx_word' id='word_1_587' title='bbox 3303 3331 3416 3386; x_wconf 88' lang='lat' dir='ltr'><strong>Hoc</strong></span> <span class='ocrx_word' id='word_1_588' title='bbox 3441 3331 3602 3401; x_wconf 86' lang='lat' dir='ltr'><strong>igitur</strong></span> <span class='ocrx_word' id='word_1_589' title='bbox 3625 3331 3790 3388; x_wconf 85' lang='lat' dir='ltr'><strong>modo</strong></span> 
     </span>
    </p>
   </div>
   <div class='ocr_carea' id='block_1_87' title="bbox 2214 3421 3792 3492">
    <p class='ocr_par' dir='ltr' id='par_1_87' title="bbox 2214 3421 3792 3492">
     <span class='ocr_line' id='line_1_87' title="bbox 2214 3421 3792 3492; baseline 0.004 -18"><span class='ocrx_word' id='word_1_590' title='bbox 2214 3421 2433 3490; x_wconf 83' lang='lat' dir='ltr'><strong>regibus</strong></span> <span class='ocrx_word' id='word_1_591' title='bbox 2464 3422 2605 3476; x_wconf 87' lang='lat' dir='ltr'><strong>inter</strong></span> <span class='ocrx_word' id='word_1_592' title='bbox 2633 3437 2692 3477; x_wconf 91' lang='lat' dir='ltr'><strong>se</strong></span> <span class='ocrx_word' id='word_1_593' title='bbox 2721 3423 3176 3490; x_wconf 79' lang='lat' dir='ltr'><strong>discordantibus,</strong></span> <span class='ocrx_word' id='word_1_594' title='bbox 3212 3422 3323 3492; x_wconf 89' lang='lat' dir='ltr'><strong>jam</strong></span> <span class='ocrx_word' id='word_1_595' title='bbox 3374 3423 3522 3478; x_wconf 85' lang='lat' dir='ltr'><strong>dictu</strong></span> <span class='ocrx_word' id='word_1_596' title='bbox 3570 3423 3792 3480; x_wconf 79' lang='lat' dir='ltr'><strong>difficile</strong></span> 
     </span>
    </p>
   </div>
   <div class='ocr_carea' id='block_1_88' title="bbox 2209 3513 3792 3584">
    <p class='ocr_par' dir='ltr' id='par_1_88' title="bbox 2209 3513 3792 3584">
     <span class='ocr_line' id='line_1_88' title="bbox 2209 3513 3792 3584; baseline 0.003 -18"><span class='ocrx_word' id='word_1_597' title='bbox 2209 3521 2314 3575; x_wconf 90' lang='lat' dir='ltr'><strong>est,</strong></span> <span class='ocrx_word' id='word_1_598' title='bbox 2339 3522 2468 3581; x_wconf 86' lang='lat' dir='ltr'><strong>quot</strong></span> <span class='ocrx_word' id='word_1_599' title='bbox 2503 3513 2755 3582; x_wconf 86' lang='lat' dir='ltr'><strong>procellis</strong></span> <span class='ocrx_word' id='word_1_600' title='bbox 2795 3513 3090 3568; x_wconf 86' lang='lat' dir='ltr'><strong>factionum</strong></span> <span class='ocrx_word' id='word_1_601' title='bbox 3131 3515 3498 3568; x_wconf 88' lang='lat' dir='ltr'><strong>intonantibus</strong></span> <span class='ocrx_word' id='word_1_602' title='bbox 3543 3515 3612 3569; x_wconf 90' lang='lat' dir='ltr'><strong>ab</strong></span> <span class='ocrx_word' id='word_1_603' title='bbox 3657 3515 3792 3584; x_wconf 86' lang='lat' dir='ltr'><strong>ipsis</strong></span> 
     </span>
    </p>
   </div>
   <div class='ocr_carea' id='block_1_89' title="bbox 2210 3603 3792 3682">
    <p class='ocr_par' dir='ltr' id='par_1_89' title="bbox 2210 3603 3792 3682">
     <span class='ocr_line' id='line_1_89' title="bbox 2210 3603 3792 3682; baseline 0.002 -25"><span class='ocrx_word' id='word_1_604' title='bbox 2210 3603 2320 3658; x_wconf 84' lang='lat' dir='ltr'><strong>suis</strong></span> <span class='ocrx_word' id='word_1_605' title='bbox 2360 3604 2585 3658; x_wconf 87' lang='lat' dir='ltr'><strong>vassalis</strong></span> <span class='ocrx_word' id='word_1_606' title='bbox 2640 3603 2868 3659; x_wconf 74' lang='lat' dir='ltr'><strong>adicitur</strong></span> <span class='ocrx_word' id='word_1_607' title='bbox 2917 3605 3124 3660; x_wconf 90' lang='lat' dir='ltr'><strong>Tethdo</strong></span> <span class='ocrx_word' id='word_1_608' title='bbox 3165 3605 3465 3674; x_wconf 79' lang='lat' dir='ltr'><strong>episcopus.</strong></span> <span class='ocrx_word' id='word_1_609' title='bbox 3521 3603 3792 3682; x_wconf 76' lang='lat' dir='ltr'><strong>Quoniam</strong></span> 
     </span>
    </p>
   </div>
   <div class='ocr_carea' id='block_1_90' title="bbox 2211 3693 3788 3762">
    <p class='ocr_par' dir='ltr' id='par_1_90' title="bbox 2211 3693 3788 3762">
     <span class='ocr_line' id='line_1_90' title="bbox 2211 3693 3788 3762; baseline 0.001 -17"><span class='ocrx_word' id='word_1_610' title='bbox 2211 3709 2446 3760; x_wconf 89' lang='lat' dir='ltr'><strong>namque</strong></span> <span class='ocrx_word' id='word_1_611' title='bbox 2494 3694 2893 3762; x_wconf 84' lang='lat' dir='ltr'><strong>imperatorem,</strong></span> <span class='ocrx_word' id='word_1_612' title='bbox 2925 3693 3186 3747; x_wconf 91' lang='lat' dir='ltr'><strong>malorum</strong></span> <span class='ocrx_word' id='word_1_613' title='bbox 3240 3693 3450 3748; x_wconf 88' lang='lat' dir='ltr'><strong>scilicet</strong></span> <span class='ocrx_word' id='word_1_614' title='bbox 3506 3703 3788 3758; x_wconf 89' lang='lat' dir='ltr'><strong>tortorem,</strong></span> 
     </span>
    </p>
   </div>
   <div class='ocr_carea' id='block_1_91' title="bbox 2211 3781 3792 3853">
    <p class='ocr_par' dir='ltr' id='par_1_91' title="bbox 2211 3781 3792 3853">
     <span class='ocr_line' id='line_1_91' title="bbox 2211 3781 3792 3853; baseline 0 -17"><span class='ocrx_word' id='word_1_615' title='bbox 2211 3783 2261 3836; x_wconf 93' lang='lat' dir='ltr'><strong>in</strong></span> <span class='ocrx_word' id='word_1_616' title='bbox 2291 3782 2519 3850; x_wconf 88' lang='lat' dir='ltr'><strong>predicti</strong></span> <span class='ocrx_word' id='word_1_617' title='bbox 2555 3783 2679 3836; x_wconf 90' lang='lat' dir='ltr'><strong>belli</strong></span> <span class='ocrx_word' id='word_1_618' title='bbox 2717 3784 2948 3853; x_wconf 88' lang='lat' dir='ltr'><strong>negotiis</strong></span> <span class='ocrx_word' id='word_1_619' title='bbox 2984 3791 3300 3852; x_wconf 89' lang='lat' dir='ltr'><strong>occupatum</strong></span> <span class='ocrx_word' id='word_1_620' title='bbox 3343 3791 3624 3846; x_wconf 89' lang='lat' dir='ltr'><strong>noverant,</strong></span> <span class='ocrx_word' id='word_1_621' title='bbox 3668 3781 3792 3836; x_wconf 80' lang='lat' dir='ltr'><strong>ideo</strong></span> 
     </span>
    </p>
   </div>
   <div class='ocr_carea' id='block_1_92' title="bbox 2210 3872 3792 3944">
    <p class='ocr_par' dir='ltr' id='par_1_92' title="bbox 2210 3872 3792 3944">
     <span class='ocr_line' id='line_1_92' title="bbox 2210 3872 3792 3944; baseline 0.001 -18"><span class='ocrx_word' id='word_1_622' title='bbox 2210 3872 2530 3942; x_wconf 88' lang='lat' dir='ltr'><strong>inpunitatis</strong></span> <span class='ocrx_word' id='word_1_623' title='bbox 2553 3873 2898 3944; x_wconf 68' lang='lat' dir='ltr'><strong>securitatem</strong></span> <span class='ocrx_word' id='word_1_624' title='bbox 2925 3873 3255 3943; x_wconf 78' lang='lat' dir='ltr'><strong>colligentes.</strong></span> <span class='ocrx_word' id='word_1_625' title='bbox 3294 3873 3574 3942; x_wconf 88' lang='lat' dir='ltr'><strong>episcopo,</strong></span> <span class='ocrx_word' id='word_1_626' title='bbox 3599 3887 3792 3942; x_wconf 75' lang='lat' dir='ltr'><strong>utpore</strong></span> 
     </span>
    </p>
   </div>
   <div class='ocr_carea' id='block_1_93' title="bbox 2208 3963 3792 4035">
    <p class='ocr_par' dir='ltr' id='par_1_93' title="bbox 2208 3963 3792 4035">
     <span class='ocr_line' id='line_1_93' title="bbox 2208 3963 3792 4035; baseline -0.001 -16"><span class='ocrx_word' id='word_1_627' title='bbox 2208 3963 2437 4033; x_wconf 83' lang='lat' dir='ltr'><strong>simplici</strong></span> <span class='ocrx_word' id='word_1_628' title='bbox 2461 3966 2578 4017; x_wconf 87' lang='lat' dir='ltr'><strong>viro</strong></span> <span class='ocrx_word' id='word_1_629' title='bbox 2599 3975 2652 4018; x_wconf 91' lang='lat' dir='ltr'><strong>et</strong></span> <span class='ocrx_word' id='word_1_630' title='bbox 2673 3963 2866 4032; x_wconf 67' lang='lat' dir='ltr'><strong>lingua:</strong></span> <span class='ocrx_word' id='word_1_631' title='bbox 2893 3965 3130 4034; x_wconf 82' lang='lat' dir='ltr'><strong>regionis</strong></span> <span class='ocrx_word' id='word_1_632' title='bbox 3157 3965 3362 4035; x_wconf 76' lang='lat' dir='ltr'><strong>ignaro,</strong></span> <span class='ocrx_word' id='word_1_633' title='bbox 3392 3963 3632 4018; x_wconf 90' lang='lat' dir='ltr'><strong>subdolis</strong></span> <span class='ocrx_word' id='word_1_634' title='bbox 3656 3979 3792 4030; x_wconf 79' lang='lat' dir='ltr'><strong>sug-</strong></span> 
     </span>
    </p>
   </div>
   <div class='ocr_carea' id='block_1_94' title="bbox 2209 4052 3792 4124">
    <p class='ocr_par' dir='ltr' id='par_1_94' title="bbox 2209 4052 3792 4124">
     <span class='ocr_line' id='line_1_94' title="bbox 2209 4052 3792 4124; baseline 0 -15"><span class='ocrx_word' id='word_1_635' title='bbox 2209 4053 2545 4124; x_wconf 82' lang='lat' dir='ltr'><strong>gestionibus</strong></span> <span class='ocrx_word' id='word_1_636' title='bbox 2596 4052 2821 4121; x_wconf 91' lang='lat' dir='ltr'><strong>injurias</strong></span> <span class='ocrx_word' id='word_1_637' title='bbox 2886 4069 3026 4124; x_wconf 65' lang='lat' dir='ltr'><strong>saepe</strong></span> <span class='ocrx_word' id='word_1_638' title='bbox 3091 4054 3422 4124; x_wconf 85' lang='lat' dir='ltr'><strong>irrogabant.</strong></span> <span class='ocrx_word' id='word_1_639' title='bbox 3483 4054 3792 4122; x_wconf 84' lang='lat' dir='ltr'><strong>Aliquando</strong></span> 
     </span>
    </p>
   </div>
   <div class='ocr_carea' id='block_1_95' title="bbox 2207 4143 3788 4215">
    <p class='ocr_par' dir='ltr' id='par_1_95' title="bbox 2207 4143 3788 4215">
     <span class='ocr_line' id='line_1_95' title="bbox 2207 4143 3788 4215; baseline -0.001 -16"><span class='ocrx_word' id='word_1_640' title='bbox 2207 4145 2408 4199; x_wconf 90' lang='lat' dir='ltr'><strong>ctenim</strong></span> <span class='ocrx_word' id='word_1_641' title='bbox 2437 4143 2723 4208; x_wconf 84' lang='lat' dir='ltr'><strong>Walterus,</strong></span> <span class='ocrx_word' id='word_1_642' title='bbox 2759 4145 2923 4198; x_wconf 89' lang='lat' dir='ltr'><strong>totius</strong></span> <span class='ocrx_word' id='word_1_643' title='bbox 2951 4145 3197 4199; x_wconf 85' lang='lat' dir='ltr'><strong>veritatis</strong></span> <span class='ocrx_word' id='word_1_644' title='bbox 3217 4143 3624 4215; x_wconf 57' lang='lat' dir='ltr'><strong>&#39;ell&#39;netustﬂflz‘i),</strong></span> <span class='ocrx_word' id='word_1_645' title='bbox 3645 4161 3788 4214; x_wconf 71' lang='lat' dir='ltr'><strong>prte-</strong></span> 
     </span>
    </p>
   </div>
   <div class='ocr_carea' id='block_1_96' title="bbox 2209 4235 3792 4306">
    <p class='ocr_par' dir='ltr' id='par_1_96' title="bbox 2209 4235 3792 4306">
     <span class='ocr_line' id='line_1_96' title="bbox 2209 4235 3792 4306; baseline -0.002 -14"><span class='ocrx_word' id='word_1_646' title='bbox 2209 4247 2356 4292; x_wconf 88' lang='lat' dir='ltr'><strong>tenta</strong></span> <span class='ocrx_word' id='word_1_647' title='bbox 2379 4251 2478 4306; x_wconf 90' lang='lat' dir='ltr'><strong>per</strong></span> <span class='ocrx_word' id='word_1_648' title='bbox 2503 4235 2682 4290; x_wconf 90' lang='lat' dir='ltr'><strong>dolum</strong></span> <span class='ocrx_word' id='word_1_649' title='bbox 2714 4237 2814 4291; x_wconf 88' lang='lat' dir='ltr'><strong>fide</strong></span> <span class='ocrx_word' id='word_1_650' title='bbox 2842 4236 3144 4292; x_wconf 84' lang='lat' dir='ltr'><strong>devotionis</strong></span> <span class='ocrx_word' id='word_1_651' title='bbox 3174 4244 3438 4290; x_wconf 88' lang='lat' dir='ltr'><strong>terrorem</strong></span> <span class='ocrx_word' id='word_1_652' title='bbox 3473 4235 3792 4290; x_wconf 83' lang='lat' dir='ltr'><strong>verisimilis</strong></span> 
     </span>
    </p>
   </div>
   <div class='ocr_carea' id='block_1_97' title="bbox 2205 4325 3792 4392">
    <p class='ocr_par' dir='ltr' id='par_1_97' title="bbox 2205 4325 3792 4392">
     <span class='ocr_line' id='line_1_97' title="bbox 2205 4325 3792 4392; baseline -0.003 -9"><span class='ocrx_word' id='word_1_653' title='bbox 2205 4343 2382 4383; x_wconf 78' lang='lat' dir='ltr'><strong>causa:</strong></span> <span class='ocrx_word' id='word_1_654' title='bbox 2413 4327 2678 4381; x_wconf 88' lang='lat' dir='ltr'><strong>incutiens</strong></span> <span class='ocrx_word' id='word_1_655' title='bbox 2699 4325 2986 4392; x_wconf 85' lang='lat' dir='ltr'><strong>illudebat;</strong></span> <span class='ocrx_word' id='word_1_656' title='bbox 3021 4325 3388 4380; x_wconf 90' lang='lat' dir='ltr'><strong>fraudulenter</strong></span> <span class='ocrx_word' id='word_1_657' title='bbox 3425 4339 3558 4379; x_wconf 88' lang='lat' dir='ltr'><strong>sane</strong></span> <span class='ocrx_word' id='word_1_658' title='bbox 3583 4325 3792 4380; x_wconf 88' lang='lat' dir='ltr'><strong>denun-</strong></span> 
     </span>
    </p>
   </div>
   <div class='ocr_carea' id='block_1_98' title="bbox 2209 4413 3792 4486">
    <p class='ocr_par' dir='ltr' id='par_1_98' title="bbox 2209 4413 3792 4486">
     <span class='ocr_line' id='line_1_98' title="bbox 2209 4413 3792 4486; baseline -0.004 -15"><span class='ocrx_word' id='word_1_659' title='bbox 2209 4419 2366 4480; x_wconf 88' lang='lat' dir='ltr'><strong>tians,</strong></span> <span class='ocrx_word' id='word_1_660' title='bbox 2416 4415 2730 4470; x_wconf 89' lang='lat' dir='ltr'><strong>Lotharium</strong></span> <span class='ocrx_word' id='word_1_661' title='bbox 2793 4431 2974 4486; x_wconf 86' lang='lat' dir='ltr'><strong>regem</strong></span> <span class='ocrx_word' id='word_1_662' title='bbox 3033 4416 3098 4469; x_wconf 86' lang='lat' dir='ltr'><strong>ad</strong></span> <span class='ocrx_word' id='word_1_663' title='bbox 3147 4415 3334 4469; x_wconf 89' lang='lat' dir='ltr'><strong>urbem</strong></span> <span class='ocrx_word' id='word_1_664' title='bbox 3399 4413 3792 4468; x_wconf 83' lang='lat' dir='ltr'><strong>incendendam</strong></span> 
     </span>
    </p>
   </div>
   <div class='ocr_carea' id='block_1_99' title="bbox 2209 4503 3792 4575">
    <p class='ocr_par' dir='ltr' id='par_1_99' title="bbox 2209 4503 3792 4575">
     <span class='ocr_line' id='line_1_99' title="bbox 2209 4503 3792 4575; baseline -0.004 -13"><span class='ocrx_word' id='word_1_665' title='bbox 2209 4507 2432 4562; x_wconf 88' lang='lat' dir='ltr'><strong>collecta</strong></span> <span class='ocrx_word' id='word_1_666' title='bbox 2457 4523 2618 4560; x_wconf 91' lang='lat' dir='ltr'><strong>manu</strong></span> <span class='ocrx_word' id='word_1_667' title='bbox 2663 4507 2844 4562; x_wconf 90' lang='lat' dir='ltr'><strong>venire</strong></span> <span class='ocrx_word' id='word_1_668' title='bbox 2875 4515 3148 4575; x_wconf 87' lang='lat' dir='ltr'><strong>paratum,</strong></span> <span class='ocrx_word' id='word_1_669' title='bbox 3195 4515 3250 4559; x_wconf 88' lang='lat' dir='ltr'><strong>et</strong></span> <span class='ocrx_word' id='word_1_670' title='bbox 3293 4520 3506 4559; x_wconf 84' lang='lat' dir='ltr'><strong>omnem</strong></span> <span class='ocrx_word' id='word_1_671' title='bbox 3534 4503 3792 4558; x_wconf 86' lang='lat' dir='ltr'><strong>viciniam</strong></span> 
     </span>
    </p>
   </div>
   <div class='ocr_carea' id='block_1_100' title="bbox 2212 4593 3790 4665">
    <p class='ocr_par' dir='ltr' id='par_1_100' title="bbox 2212 4593 3790 4665">
     <span class='ocr_line' id='line_1_100' title="bbox 2212 4593 3790 4665; baseline -0.004 -13"><span class='ocrx_word' id='word_1_672' title='bbox 2212 4599 2422 4652; x_wconf 71' lang='lat' dir='ltr'><strong>excidio</strong></span> <span class='ocrx_word' id='word_1_673' title='bbox 2475 4597 2817 4654; x_wconf 85' lang='lat' dir='ltr'><strong>collaturum.</strong></span> <span class='ocrx_word' id='word_1_674' title='bbox 2869 4595 2986 4663; x_wconf 86' lang='lat' dir='ltr'><strong>Qua</strong></span> <span class='ocrx_word' id='word_1_675' title='bbox 3036 4597 3100 4651; x_wconf 90' lang='lat' dir='ltr'><strong>de</strong></span> <span class='ocrx_word' id='word_1_676' title='bbox 3141 4610 3198 4650; x_wconf 92' lang='lat' dir='ltr'><strong>re</strong></span> <span class='ocrx_word' id='word_1_677' title='bbox 3223 4594 3402 4665; x_wconf 83' lang='lat' dir='ltr'><strong>prcsul</strong></span> <span class='ocrx_word' id='word_1_678' title='bbox 3441 4593 3790 4662; x_wconf 81' lang='lat' dir='ltr'><strong>perterritus,</strong></span> 
     </span>
    </p>
   </div>
   <div class='ocr_carea' id='block_1_101' title="bbox 2212 4679 3790 4754">
    <p class='ocr_par' dir='ltr' id='par_1_101' title="bbox 2212 4679 3790 4754">
     <span class='ocr_line' id='line_1_101' title="bbox 2212 4679 3790 4754; baseline -0.003 -14"><span class='ocrx_word' id='word_1_679' title='bbox 2212 4687 2514 4743; x_wconf 83' lang='lat' dir='ltr'><strong>Walterum</strong></span> <span class='ocrx_word' id='word_1_680' title='bbox 2548 4687 2714 4742; x_wconf 89' lang='lat' dir='ltr'><strong>multa</strong></span> <span class='ocrx_word' id='word_1_681' title='bbox 2739 4687 2985 4744; x_wconf 86' lang='lat' dir='ltr'><strong>mercede</strong></span> <span class='ocrx_word' id='word_1_682' title='bbox 3031 4687 3286 4750; x_wconf 86' lang='lat' dir='ltr'><strong>donabat,</strong></span> <span class='ocrx_word' id='word_1_683' title='bbox 3333 4685 3454 4754; x_wconf 91' lang='lat' dir='ltr'><strong>plus</strong></span> <span class='ocrx_word' id='word_1_684' title='bbox 3493 4679 3790 4754; x_wconf 76' lang='lat' dir='ltr'><strong>pollicitus,</strong></span> 
     </span>
    </p>
   </div>
   <div class='ocr_carea' id='block_1_102' title="bbox 2213 4772 3788 4846">
    <p class='ocr_par' dir='ltr' id='par_1_102' title="bbox 2213 4772 3788 4846">
     <span class='ocr_line' id='line_1_102' title="bbox 2213 4772 3788 4846; baseline -0.004 -15"><span class='ocrx_word' id='word_1_685' title='bbox 2213 4778 2257 4831; x_wconf 87' lang='lat' dir='ltr'><strong>si</strong></span> <span class='ocrx_word' id='word_1_686' title='bbox 2281 4777 2472 4846; x_wconf 86' lang='lat' dir='ltr'><strong>quovis</strong></span> <span class='ocrx_word' id='word_1_687' title='bbox 2492 4778 2651 4832; x_wconf 91' lang='lat' dir='ltr'><strong>modo</strong></span> <span class='ocrx_word' id='word_1_688' title='bbox 2675 4785 2835 4830; x_wconf 65' lang='lat' dir='ltr'><strong>tanta?</strong></span> <span class='ocrx_word' id='word_1_689' title='bbox 2852 4777 3018 4845; x_wconf 89' lang='lat' dir='ltr'><strong>pestis</strong></span> <span class='ocrx_word' id='word_1_690' title='bbox 3043 4775 3316 4828; x_wconf 88' lang='lat' dir='ltr'><strong>molimina</strong></span> <span class='ocrx_word' id='word_1_691' title='bbox 3339 4782 3590 4843; x_wconf 87' lang='lat' dir='ltr'><strong>epacaret</strong></span> <span class='ocrx_word' id='word_1_692' title='bbox 3613 4772 3788 4842; x_wconf 72' lang='grc'><strong>(206).</strong></span> 
     </span>
    </p>
   </div>
   <div class='ocr_carea' id='block_1_103' title="bbox 2215 4867 3791 4938">
    <p class='ocr_par' dir='ltr' id='par_1_103' title="bbox 2215 4867 3791 4938">
     <span class='ocr_line' id='line_1_103' title="bbox 2215 4867 3791 4938; baseline -0.002 -17"><span class='ocrx_word' id='word_1_693' title='bbox 2215 4869 2317 4935; x_wconf 87' lang='lat' dir='ltr'><strong>Qui</strong></span> <span class='ocrx_word' id='word_1_694' title='bbox 2371 4869 2579 4936; x_wconf 84' lang='lat' dir='ltr'><strong>fingens</strong></span> <span class='ocrx_word' id='word_1_695' title='bbox 2628 4883 2686 4924; x_wconf 90' lang='lat' dir='ltr'><strong>se</strong></span> <span class='ocrx_word' id='word_1_696' title='bbox 2735 4867 2948 4922; x_wconf 84' lang='lat' dir='ltr'><strong>mittere</strong></span> <span class='ocrx_word' id='word_1_697' title='bbox 2997 4867 3320 4938; x_wconf 80' lang='lat' dir='ltr'><strong>legationem</strong></span> <span class='ocrx_word' id='word_1_698' title='bbox 3371 4867 3437 4919; x_wconf 88' lang='lat' dir='ltr'><strong>ad</strong></span> <span class='ocrx_word' id='word_1_699' title='bbox 3486 4867 3692 4919; x_wconf 88' lang='lat' dir='ltr'><strong>amicos</strong></span> <span class='ocrx_word' id='word_1_700' title='bbox 3735 4873 3791 4917; x_wconf 79' lang='lat' dir='ltr'><strong>et</strong></span> 
     </span>
    </p>
   </div>
   <div class='ocr_carea' id='block_1_104' title="bbox 2215 4953 3786 5027">
    <p class='ocr_par' dir='ltr' id='par_1_104' title="bbox 2215 4953 3786 5027">
     <span class='ocr_line' id='line_1_104' title="bbox 2215 4953 3786 5027; baseline -0.003 -17"><span class='ocrx_word' id='word_1_701' title='bbox 2215 4957 2542 5026; x_wconf 87' lang='lat' dir='ltr'><strong>pr0pinquos</strong></span> <span class='ocrx_word' id='word_1_702' title='bbox 2602 4959 2656 5012; x_wconf 91' lang='lat' dir='ltr'><strong>in</strong></span> <span class='ocrx_word' id='word_1_703' title='bbox 2724 4958 2882 5014; x_wconf 88' lang='lat' dir='ltr'><strong>domo</strong></span> <span class='ocrx_word' id='word_1_704' title='bbox 2933 4959 3081 5027; x_wconf 86' lang='lat' dir='ltr'><strong>regia</strong></span> <span class='ocrx_word' id='word_1_705' title='bbox 3125 4964 3419 5018; x_wconf 90' lang='lat' dir='ltr'><strong>versantes,</strong></span> <span class='ocrx_word' id='word_1_706' title='bbox 3498 4953 3652 5010; x_wconf 72' lang='grc' dir='ltr'>σικιδί</span> <span class='ocrx_word' id='word_1_707' title='bbox 3729 4961 3786 5006; x_wconf 86' lang='grc' dir='ltr'><strong>ιιι</strong></span> 
     </span>
    </p>
   </div>
   <div class='ocr_carea' id='block_1_105' title="bbox 1823 5087 2505 5147">
    <p class='ocr_par' dir='ltr' id='par_1_105' title="bbox 1823 5087 2505 5147">
     <span class='ocr_line' id='line_1_105' title="bbox 1823 5087 2505 5147; baseline 0.003 -3"><span class='ocrx_word' id='word_1_708' title='bbox 1823 5087 2057 5144; x_wconf 70' lang='grc' dir='ltr'><strong>νΑΙΠᾸΞ</strong></span> <span class='ocrx_word' id='word_1_709' title='bbox 2107 5089 2505 5147; x_wconf 80' lang='lat' dir='ltr'><strong>LECTIONES.</strong></span> 
     </span>
    </p>
   </div>
   <div class='ocr_carea' id='block_1_106' title="bbox 615 5201 1654 5240">
    <p class='ocr_par' dir='ltr' id='par_1_106' title="bbox 615 5201 1654 5240">
     <span class='ocr_line' id='line_1_106' title="bbox 615 5201 1654 5240; baseline 0 0"><span class='ocrx_word' id='word_1_710' title='bbox 615 5205 680 5237; x_wconf 64' lang='lat'><strong>“5&quot;</strong></span> <span class='ocrx_word' id='word_1_711' title='bbox 707 5205 981 5240; x_wconf 63' lang='lat' dir='ltr'><strong>incinnnrc</strong></span> <span class='ocrx_word' id='word_1_712' title='bbox 1007 5206 1036 5240; x_wconf 70' lang='grc' dir='ltr'><strong>Ω</strong></span> <span class='ocrx_word' id='word_1_713' title='bbox 1140 5205 1202 5234; x_wconf 73' lang='grc' dir='ltr'><strong>ίῧτ</strong></span> <span class='ocrx_word' id='word_1_714' title='bbox 1235 5201 1594 5240; x_wconf 67' lang='grc' dir='ltr'>ιυίιιὶῖιισινιὶιην</span> <span class='ocrx_word' id='word_1_715' title='bbox 1621 5201 1654 5240; x_wconf 60' lang='grc' dir='ltr'><strong><em>Ω</em></strong></span> 
     </span>
    </p>
   </div>
   <div class='ocr_carea' id='block_1_107' title="bbox 1755 5202 2262 5240">
    <p class='ocr_par' dir='ltr' id='par_1_107' title="bbox 1755 5202 2262 5240">
     <span class='ocr_line' id='line_1_107' title="bbox 1755 5202 2262 5240; baseline -0.004 0"><span class='ocrx_word' id='word_1_716' title='bbox 1755 5202 1820 5233; x_wconf 62' lang='grc' dir='ltr'><strong>Μ’.</strong></span> <span class='ocrx_word' id='word_1_717' title='bbox 1853 5203 2147 5240; x_wconf 70' lang='lat' dir='ltr'><strong>imnnrotnr</strong></span> <span class='ocrx_word' id='word_1_718' title='bbox 2178 5202 2262 5238; x_wconf 66' lang='lat'>1!!!!</span> 
     </span>
    </p>
   </div>
   <div class='ocr_carea' id='block_1_108' title="bbox 2267 5202 2697 5238">
    <p class='ocr_par' dir='ltr' id='par_1_108' title="bbox 2267 5202 2697 5238">
     <span class='ocr_line' id='line_1_108' title="bbox 2267 5202 2697 5238; baseline -0.007 0"><span class='ocrx_word' id='word_1_719' title='bbox 2267 5217 2300 5238; x_wconf 70' lang='lat' dir='ltr'><strong>n</strong></span> <span class='ocrx_word' id='word_1_720' title='bbox 2329 5202 2360 5238; x_wconf 74' lang='grc' dir='ltr'><strong>Ω</strong></span> <span class='ocrx_word' id='word_1_721' title='bbox 2457 5203 2527 5236; x_wconf 74' lang='grc'><strong>189</strong></span> <span class='ocrx_word' id='word_1_722' title='bbox 2561 5204 2640 5236; x_wconf 68' lang='grc' dir='ltr'><strong><em>Ι-ἔρ</em></strong></span> <span class='ocrx_word' id='word_1_723' title='bbox 2669 5203 2697 5236; x_wconf 81' lang='grc' dir='ltr'><strong><em>Ω</em></strong></span> 
     </span>
    </p>
   </div>
   <div class='ocr_carea' id='block_1_109' title="bbox 2753 5201 3750 5236">
    <p class='ocr_par' dir='ltr' id='par_1_109' title="bbox 2753 5201 3750 5236">
     <span class='ocr_line' id='line_1_109' title="bbox 2753 5201 3750 5236; baseline -0.004 0"><span class='ocrx_word' id='word_1_724' title='bbox 2753 5203 2895 5236; x_wconf 64' lang='grc' dir='ltr'><strong>ηιδλὲο</strong></span> <span class='ocrx_word' id='word_1_725' title='bbox 2927 5217 2937 5228; x_wconf 89' lang='grc'>·</span> <span class='ocrx_word' id='word_1_726' title='bbox 2967 5201 3110 5236; x_wconf 62' lang='lat' dir='ltr'><strong>Ir.nt-</strong></span> <span class='ocrx_word' id='word_1_727' title='bbox 3137 5203 3248 5234; x_wconf 66' lang='grc' dir='ltr'><strong>ιιι-πη</strong></span> <span class='ocrx_word' id='word_1_728' title='bbox 3276 5201 3492 5234; x_wconf 56' lang='lat' dir='ltr'><strong>nitidam</strong></span> <span class='ocrx_word' id='word_1_729' title='bbox 3523 5201 3574 5234; x_wconf 75' lang='lat' dir='ltr'><strong>:n</strong></span> <span class='ocrx_word' id='word_1_730' title='bbox 3609 5201 3750 5232; x_wconf 71' lang='grc' dir='ltr'>-ιυιῖι-</span> 
     </span>
    </p>
   </div>
  </div>
