4052 5358
247 271 326 325 ωε
1623 270 1818 325 LIBER
1859 273 2128 331 PRIMUS.

3363 283 3382 336 Ι
3399 281 3465 334 υἱ).

239 395 406 452 regem
457 379 796 450 mitigarent,
845 377 1182 448 interpositis
1239 380 1442 448 aliquot
1489 381 1676 436 diebus
1726 384 1790 436 ad
1827 393 1864 447 Α
1899 401 2190 456 properans
2225 387 2430 440 diccbat
2461 405 2472 439 :
2505 407 2519 438 ι
2553 387 2688 454 Quid
2714 397 2802 452 tu,
2845 403 2876 442 ο
2917 390 3216 444 i'uiserrime
3249 391 3462 456 ΤυιΙιΙο,

239 474 542 542 episcopum
569 472 762 524 iterum
783 470 1051 533 veniebat,
1081 471 1298 540 suisque
1319 472 1570 541 precibus
1591 489 1794 542 suoque

241 563 440 634 ingenio
467 571 718 631 paratam
751 560 1179 628 expeditionem,
1221 576 1346 630 rege
1379 561 1594 630 quidem
1638 577 1792 616 man-

239 651 488 714 suefacto,
525 651 800 719 quievisse
828 649 1070 704 referens
1104 649 1406 718 jactitabat.
1455 649 1566 706 Hac
1609 651 1796 706 fraude

237 740 458 810 episcopi
506 740 744 808 gratiam
789 749 1046 810 captans,
1113 741 1404 792 maximam
1464 739 1794 810 epulentiam

239 833 486 884 deuorant
525 829 858 898 excipiebat,
885 831 1051 884 immo
1075 844 1202 882 vero
1229 845 1348 884 cum
1377 829 1496 884 aliis
1525 829 1796 886 beneficiis

239 922 402 974 villam
431 919 522 974 cui
569 935 765 974 nomen
813 919 1074 974 Lambras
1115 927 1434 976 extorserat.
1487 919 1544 974 Id
1587 934 1796 990 quoque

241 1013 580 1068 lleriwardus
610 1011 916 1080 aliquando.
949 1011 1048 1066 llic
1073 1019 1200 1066 ante
1227 1025 1324 1080 pre
1367 1008 1678 1065 infidelitate
1713 1025 1796 1064 rc-

242 1107 352 1158 licto
389 1104 674 1173 episcopo,
732 1103 1036 1172 raptoribus
1075 1117 1305 1172 quorum
1343 1103 1668 1156 mentionem
1683 1101 1796 1168 jam

243 1195 470 1258 fecimus,
497 1192 742 1246 Rainero
769 1191 1016 1246 videlicet
1038 1199 1200 1260 atque
1227 1190 1542 1254 Lantberto,
1571 1205 1628 1244 se
1649 1190 1798 1244 addi-

243 1287 332 1348 dit;
360 1293 720 1338 veruntamen
763 1283 860 1337 sub
903 1283 988 1336 his
1035 1297 1222 1351 parum
1261 1281 1566 1352 proficiens,
1615 1291 1795 1350 postea

241 1377 300 1430 ad
319 1375 634 1444 episcOpum
679 1373 781 1427 sub
826 1374 1001 1443 specie
1051 1373 1320 1428 fidelitatis
1365 1375 1644 1428 remeavit.
1697 1373 1796 1440 Qui

239 1469 383 1522 etiam
409 1468 644 1521 versutis
685 1465 1010 1520 factionibus
1041 1474 1202 1534 atque
1245 1465 1648 1520 adulationibus
1697 1465 1796 1520 sub

239 1561 450 1630 quadam
495 1560 680 1628 specie
727 1557 1111 1614 familiaritatis
1149 1559 1379 1628 gratiam
1419 1559 1652 1629 episcopi
1695 1559 1796 1614 sibi

239 1651 620 1715 emercabatur,
665 1650 828 1718 eique
870 1650 1156 1718 aliquando
1203 1650 1498 1720 suspiciosa
1527 1659 1581 1704 et
1609 1651 1798 1704 verisi-

239 1743 338 1794 mili
386 1741 850 1796 commentatione
899 1739 1050 1796 dolos
1093 1742 1799 1806 machinabatur,asserens

237 1833 467 1888 videlicet
525 1834 838 1904 Raynerum
900 1843 1062 1903 atque
1115 1835 1464 1890 Lantbertum
1527 1835 1590 1888 ad
1661 1835 1800 1890 bona

236 1923 456 1992 episcopi
493 1923 834 1978 devastanda
863 1925 1064 1994 parari.
1099 1923 1250 1979 Hanc
1289 1926 1470 1995 itaque
1496 1925 1630 1980 false
1656 1941 1802 1980 com-

239 2017 446 2086 positam
485 2015 898 2086 suggestionem
925 2016 1106 2088 presul
1139 2031 1266 2070 vere
1307 2017 1604 2086 accipiens,
1657 2017 1798 2072 hami

239 2108 484 2162 mediocri
533 2105 922 2160 sollicitatione
967 2108 1454 2174 constringebatur,
1501 2108 1702 2176 illique,
1755 2111 1800 2162 si

237 2210 328 2262 quo
359 2209 558 2264 genere
585 2195 784 2264 ingenii
815 2209 908 2250 eos
935 2195 1182 2265 mitigare
1219 2197 1422 2250 valeret
1463 2212 1532 2250 ne
1559 2197 1798 2262 veniant,

238 2288 698 2341 commutationem
753 2287 936 2341 multa:
977 2287 1242 2342 mercedis
1270 2287 1646 2356 pollicebatur.
1699 2288 1800 2354 Qui

247 2379 472 2443 pretinus
497 2377 574 2430 ad
607 2375 862 2430 falsitatis
889 2377 1048 2430 illatae
1073 2378 1430 2446 suspicionem
1477 2377 1802 2432 conﬁrman-

244 2469 352 2519 dam
399 2468 516 2520 illos
570 2467 792 2535 quidem
847 2467 1172 2537 mitigandos
1213 2468 1362 2522 adire
1403 2481 1464 2522 se
1517 2465 1798 2530 simulans,

239 2555 470 2608 aliorsum
495 2555 758 2618 declinat,
787 2565 842 2609 et
859 2555 1018 2624 paulo
1043 2563 1162 2626 post
1188 2569 1432 2609 remeans
1457 2555 1612 2624 quasi
1637 2556 1802 2622 impc—

240 2655 358 2700 trata
393 2663 548 2716 pace,
581 2647 854 2716 promissa
893 2647 992 2702 sibi
1031 2647 1284 2716 reposcit.
1343 2645 1480 2700 Huic
1525 2647 1706 2714 itaque
1747 2655 1804 2700 et

238 2737 340 2788 aliis
372 2738 676 2806 perniciose
702 2736 1046 2792 illudentibus
1073 2745 1220 2790 tanta
1245 2736 1528 2805 impendit,
1549 2745 1608 2790 ut
1629 2737 1804 2790 adhuc

239 2827 378 2881 sedes
401 2828 760 2897 episcopalis,
793 2829 886 2883 sed
912 2836 966 2882 et
1004 2830 1180 2883 omnis
1199 2828 1508 2897 parrochia,
1546 2841 1605 2881 se
1629 2827 1802 2881 divul-

237 2932 336 2970 sam
383 2919 744 2990 ingemiscere
791 2920 1060 2974 videatur.
1109 2919 1224 2974 Sub
1267 2922 1368 2974 hac
1412 2921 1573 2975 etiam
1621 2920 1804 2989 Specie

237 3007 334 3072 ipse
371 3007 720 3064 lleriwardus
765 3011 1070 3065 advocatias
1110 3011 1504 3079 aliquantarnm
1555 3010 1800 3063 villarum

237 3098 370 3160 quasi
393 3113 488 3166 pro
514 3098 836 3154 defensione
855 3101 1200 3170 presumpsit,
1234 3102 1326 3156 sed
1354 3101 1470 3170 plus
1498 3115 1659 3169 quam
1685 3101 1790 3154 ini-

235 3187 392 3242 micus
417 3191 602 3257 praedo
627 3189 866 3244 assiduis
889 3191 1262 3246 exactionibus
1302 3193 1622 3246 devastavit.

297 3277 410 3332 100.
451 3279 590 3348 (99.)
621 3279 702 3334 De
731 3278 877 3332 obitu
921 3278 1162 3334 Tetdonis
1196 3281 1442 3348 episcOpi,
1487 3291 1534 3334 et
1577 3281 1701 3350 quid
1745 3283 1800 3335 in

235 3367 565 3421 celebratione
589 3370 765 3422 missa:
793 3367 970 3422 divina
995 3370 1160 3438 pietas
1183 3371 1251 3423 ad
1275 3379 1456 3424 nutum
1480 3370 1592 3438 ejus
1616 3387 1800 3438 opera-

235 3469 324 3510 mr.
349 3457 458 3512 Sub
499 3458 664 3526 hujus
707 3469 892 3514 autem
931 3469 1194 3530 tempore,
1225 3461 1454 3516 Arnulfo
1480 3477 1608 3517 sene
1631 3461 1796 3514 Flau-

235 3548 488 3604 drensium
539 3551 739 3606 comite
785 3562 1020 3615 mortuo,
1073 3565 1198 3606 mox
1252 3552 1462 3606 irruens
1515 3552 1802 3606 Lotharius

235 3653 312 3692 rex
335 3641 501 3711 (9.07),
545 3642 912 3710 possessiones
935 3643 1098 3710 illius,
1124 3644 1367 3698 abbatias
1397 3645 1642 3700 videlicet
1673 3661 1800 3700 san-

231 3731 292 3784 cti
315 3732 571 3794 Amandi,
605 3733 890 3802 sanctique
915 3733 1135 3789 Vedasti
1167 3749 1290 3788 eum
1329 3734 1566 3794 castello.
1607 3735 1800 3790 Dnvai-

232 3837 338 3875 cum
367 3838 610 3893 quoque,
641 3824 738 3878 sed
779 3831 836 3878 et
879 3823 1058 3878 omnia
1103 3839 1274 3894 usque
1323 3826 1388 3878 ad
1445 3824 1662 3879 ﬂuvium
1709 3826 1800 3880 Lis

231 3927 337 3964 cum
362 3915 510 3967 onmi
566 3913 924 3983 occupatione
965 3914 1184 3968 invasit.
1239 3913 1392 3980 Quod
1441 3923 1588 3970 certe
1632 3916 1802 3970 maxi-

231 4020 360 4058 mum
395 4015 609 4060 metum
639 4006 867 4060 incussit
894 4006 1166 4075 episcopo,
1207 4006 1512 4076 conjicienti
1556 4007 1802 4062 videlicet

233 4093 366 4148 illum
399 4111 586 4166 regem
619 4109 746 4150 mox
773 4095 1005 4152 fortasse
1033 4113 1186 4152 suam
1214 4097 1374 4152 etiam
1414 4097 1624 4162 urbem,
1659 4097 1800 4166 quod

229 4187 460 4252 proxima
529 4196 710 4252 esset,
756 4201 877 4242 esse
934 4196 1347 4256 occupaturum.
1393 4187 1488 4242 His
1535 4190 1698 4258 igitur
1746 4199 1801 4244 et

231 4274 522 4345 bujusmodi
547 4276 786 4332 motibus
807 4293 1020 4346 semper
1039 4277 1283 4344 aﬂ'eclus,
1311 4291 1544 4334 mmrore
1567 4280 1802 4334 tabesce-

1898 479 2024 546 quid
2059 489 2110 532 tu
2141 481 2311 547 patria
2341 481 2524 534 relic-ta
2551 481 2689 534 inter
2715 481 2970 535 barbaros
2999 482 3258 536 dcvcnisli
3281 485 3304 536 ’ἔ
3329 485 3464 540 Ecce

1899 571 2002 622 tuis
2036 569 2214 638 plana,
2249 572 2340 624 sed
2369 579 2420 622 ct
2444 571 2604 638 iligna
2640 573 3048 641 recoupensatio
3076 573 3303 638 meritis,
3327 575 3468 644 quod

1899 669 2044 712 tuum
2075 667 2276 729 patrem
2314 669 2562 714 sanctum
2597 661 2914 715 Severinum
2955 664 3234 733 reliquisti.
3273 683 3290 714 ι
3324 663 3468 718 Inter

1899 751 2012 804 hinc
2041 765 2168 820 ergo
2193 752 2496 820 episcopus,
2529 769 2557 805 a
2585 761 2732 806 tanto
2761 753 3042 824 naufragio
3063 765 3283 810 enatare
3312 772 3468 810 cona-

1901 849 2004 905 tus,
2035 839 2307 894 Coloniam
2351 843 2665 904 revertitur;
2698 851 2750 896 et
2799 857 2864 896 ne
2902 843 3102 898 diutius
3153 845 3315 898 tantis
3343 861 3466 899 vcr-

1898 929 2116 984 berihus
2152 939 2499 999 quateretur,
2542 933 2720 992 credo.
2773 932 2878 985 Deo
2935 934 3225 988 miserante
3283 936 3470 989 morbo

1897 1030 2174 1088 correptus
2213 1021 2466 1091 migravit
2507 1037 2534 1074 a
2566 1023 2782 1084 szeculo,
2831 1025 2966 1077 etin
3025 1025 3246 1079 basilica
3297 1029 3468 1080 sancti

1899 1108 2140 1164 Severini
2183 1111 2422 1180 sepultus
2473 1119 2574 1165 cst.
2617 1111 2724 1166 Nec
2751 1114 2818 1144 "°
2849 1116 3287 1181 pretercumlum,
3329 1117 3470 1184 quod

1899 1197 1946 1252 ei
1973 1213 2002 1250 a
2032 1213 2260 1268 superna
2305 1202 2504 1268 pietate
2541 1215 2856 1255 concessum
2883 1218 2910 1254 a
2939 1203 3102 1256 certis
3151 1204 3473 1258 relatorilms

1899 1287 2220 1356 accepimus.
2250 1288 2491 1354 Quadam
2521 1305 2754 1358 namque
2782 1292 2888 1353 die,
2913 1291 3036 1346 dum
3065 1293 3114 1346 in
3143 1295 3472 1348 monasterio

1898 1388 2100 1432 sanctae
2135 1375 2318 1432 Mariae
2345 1394 2506 1448 super
2531 1379 2702 1433 altare
2731 1380 2900 1434 sancti
2933 1379 3226 1436 Salvatoris
3253 1399 3468 1436 sacrum

1897 1469 2212 1538 mysterium
2245 1471 2564 1535 celebraret,
2595 1479 2651 1524 et
2685 1471 2774 1526 ubi
2803 1481 3044 1536 ventum,
3080 1475 3223 1543 quod
3264 1489 3460 1545 corpus

1897 1557 2232 1612 Dominicum
2257 1559 2322 1613 de
2345 1575 2496 1614 more
2543 1561 2856 1615 sacerdotali
2885 1563 2951 1616 ad
2995 1577 3055 1616 os
3099 1562 3472 1620 oﬂerredebe-

1899 1660 1980 1700 ret
2014 1665 2026 1700 :
2060 1663 2184 1701 mox
2213 1649 2406 1704 mirum
2438 1650 2490 1705 in
2523 1651 2740 1706 modum
2770 1652 2882 1722 ipsa
2911 1655 3240 1708 sacrosancti
3281 1671 3472 1725 corpo~

1829 1723 1872 1782 Β
1903 1741 1976 1796 ris
2003 1739 2272 1796 confectio
2309 1744 2374 1796 ad
2417 1753 2605 1798 nutum
2645 1744 2878 1814 episcopi
2919 1745 3126 1800 czelitus
3163 1723 3467 1810 snblevata,

1899 1831 2148 1886 ulantibus
2175 1832 2314 1900 ejus,
2337 1833 2600 1886 ministris
2634 1833 2976 1900 mirantibus,
3011 1835 3237 1890 insiluit.

1971 1921 2092 1974 101.
2119 1921 2288 1993 (100.)
2313 1921 2542 1976 Karolus
2566 1923 2674 1976 dua:
2695 1940 2854 1976 causa
2877 1925 3108 1978 tuitionis
3132 1923 3482 1979 Cameracumi

1901 2012 2163 2081 ingressus
2205 2011 2371 2064 multa
2423 2012 2564 2066 mala
2607 2013 2790 2066 edidit.
2839 2013 2956 2080 Quo
2986 2013 3260 2078 defuncto,
3301 2015 3472 2068 multo

1901 2102 2196 2170 asperioris
2253 2103 2572 2170 pestilentia:
2614 2117 2778 2158 causa
2819 2105 3082 2168 exoritur,
3127 2105 3298 2160 multo
3337 2113 3476 2160 tem-

1901 2192 2342 2262 pestuosioribus,
2389 2193 2639 2262 procellis
2696 2195 2940 2248 mcclesia
2997 2194 3470 2250 Cameracensium

1903 2283 2272 2354 naufragatur.
2302 2284 2578 2352 Siquidem
2605 2287 2900 2354 imperator
2921 2303 2950 2340 a
2979 2288 3172 2342 finibus
3197 2289 3278 2342 sui
3310 2289 3462 2358 regni

1901 2373 2089 2442 procul
2137 2383 2408 2437 remotus,
2459 2389 2620 2443 super
2668 2375 2960 2430 Sclavones
3002 2391 3138 2445 quos
3187 2381 3472 2431 adversum

1905 2465 2042 2516 ierat
2080 2465 2470 2532 expugnandos
2519 2467 2860 2530 morabatur;
2896 2466 3178 2534 relictique
3204 2468 3474 2536 principes

1905 2551 2366 2616 Lotharicnsium,
2421 2554 2680 2621 quidnam
2731 2555 2796 2608 de
2849 2555 3190 2610 restitutione
3235 2557 3472 2624 episcopi

1902 2642 2164 2705 facerent,
2217 2643 2584 2710 ambigebant.
2616 2641 2733 2696 1am
2767 2659 2896 2698 vero
2929 2643 3245 2698 Lotharium
3290 2659 3472 2716 regem

1905 2750 1992 2788 res
2053 2733 2428 2788 Atrebatensis
2491 2734 2750 2804 episcopii
2805 2749 3100 2804 occupasse
3161 2737 3469 2801 audierant,

1903 2825 2132 2893 ideoque
2181 2823 2335 2877 illum
2391 2823 2622 2878 fortasse
2687 2825 2868 2880 subita
2921 2826 3234 2881 incursione
3281 2829 3472 2881 urbem

1901 2911 2372 2968 Catneraccnsium
2395 2927 2746 2982 pervasurum
2760 2929 2877 2968 esse
2900 2913 3278 2970 formidabant.
3295 2917 3474 2984 Quare

1906 3004 2154 3066 comites,
2184 3003 2506 3059 Godefridus
2533 3004 2802 3068 videlicet,
2833 3020 2940 3074 quo
2967 3006 3230 3074 dignitate
3257 3021 3466 3060 morum

1910 3093 2046 3146 alter
2077 3093 2357 3158 illustrior,
2397 3093 2533 3148 alter
2568 3109 2671 3148 non
2709 3104 2829 3147 erat
2858 3095 3088 3148 consilio
3117 3095 3469 3164 prestantior,

1899 3186 2156 3239 Arnull‘us
2208 3201 2455 3255 quoque,
2521 3186 2804 3240 admodum
2853 3187 3159 3250 sollicitati,
3213 3187 3468 3240 Karolum

1902 3282 2090 3334 ducem
2115 3279 2259 3348 regis
2289 3278 2532 3333 Lotharii
2564 3279 2808 3342 fratrem,
2838 3293 3000 3348 quem
3029 3281 3155 3334 Otto
3179 3279 3474 3348 imperator

1903 3371 2092 3426 multis
2127 3363 2406 3426 beneficiis
2438 3373 2780 3436 conductum,
2833 3381 2890 3424 ut
2939 3371 3194 3425 fraternis
3243 3373 3474 3424 motibus

1901 3475 2083 3515 secum
2117 3461 2313 3515 fortior
2349 3461 2644 3524 resisteret,
2699 3461 2937 3514 citeriori
2984 3459 3344 3528 Lotharingize
3371 3462 3472 3514 sub

1901 3567 1960 3606 se
1998 3551 2297 3620 prefecerat
2334 3553 2592 3616 —-bune,
2651 3552 2889 3620 inquam,
2949 3551 3146 3607 collato
3198 3551 3470 3620 utrimque

1902 3642 2130 3698 consilio
2179 3643 2358 3698 adorsi
2413 3651 2757 3708 monuerunt,
2806 3653 2864 3698 ιιι
2908 3645 3094 3699 urbem
3123 3657 3220 3697 suo
3252 3652 3470 3712 pastore

1901 3735 2148 3788 orbatam
2181 3733 2502 3789 festinanter
2533 3735 2826 3804 ingressus,
2855 3735 2924 3789 ab
2951 3733 3260 3789 incursione
3288 3733 3473 3788 fratris

1903 3825 2200 3890 inmunem,
2253 3827 2344 3879 sed
2374 3841 2402 3878 a
2432 3827 2642 3879 cunctis
2689 3841 2904 3895 quoque
2951 3825 3332 3895 pervasoribtts
3372 3825 3468 3878 dc-

1902 3913 2179 3978 fensaret,
2229 3914 2568 3983 vasallosque
2617 3915 2854 3983 ejusdem
2905 3915 3008 3970 loci
3040 3917 3106 3970 ad
3155 3915 3492 3968 fidelitatem

1904 4005 2253 4076 imperatoris
2289 4015 2632 4060 sacramento
2657 4015 2714 4060 et
2741 4007 3017 4060 obsidibus
3052 4006 3469 4076 constringeret,

1905 4097 2032 4150 dum
2084 4097 2382 4167 imperator
2423 4112 2738 4152 reversurus
2775 4099 2826 4151 in
2860 4098 3109 4167 patriam,
3157 4098 3466 4167 episcopum

1921 4188 2214 4242 redibcret.
2257 4185 2394 4242 Iluic
2425 4187 2658 4242 consilio
2699 4187 2931 4241 Kal-olus
2971 4187 3201 4241 libenter
3228 4187 3471 4254 accessit

1903 4278 1996 4332 sed
2047 4277 2188 4331 male
2244 4286 2680 4341 tractaus,-non
2729 4293 2896 4346 aequae
2949 4275 3288 4331 executionis
3343 4283 3468 4328 actu

231 4365 331 4431 bat,
361 4369 578 4438 sibique
623 4368 913 4437 aliquando
960 4385 1086 4424 cum
1115 4368 1276 4424 flebili
1315 4369 1654 4439 querimonia
1691 4371 1793 4424 im-
1825 4387 1872 4444 ο
1904 4367 2141 4422 libravit.
2179 4365 2311 4421 Nam
2341 4368 2558 4435 cepioso
2589 4368 2804 4436 agmine
2833 4365 3120 4420 comitatus
3145 4379 3266 4419 cum
3293 4361 3470 4434 prefu-

1519 4482 1752 4538 VARl/E
1791 4479 2186 4538 LISCTIONES.

293 4598 354 4629 ”°
379 4593 798 4651 Nec—insiluit
825 4601 1008 4646 anclor
1035 4593 1143 4662 ipse
1175 4604 1349 4661 postea
1376 4595 1428 4648 in
1461 4594 1692 4662 margine
1718 4593 2000 4663 supplerit;
2031 4593 2118 4645 sed
2143 4609 2299 4662 quum
2327 4595 2488 4647 codex
2517 4613 2548 4647 a
2573 4594 2851 4662 bibliopegn
2884 4592 3260 4656 concideretur,
3288 4591 3469 4663 primm

235 4667 472 4736 cujusque
510 4667 660 4718 linea:
706 4665 890 4736 litterae
920 4664 1308 4736 absciswsunt,
1339 4667 1390 4718 in
1419 4661 1718 4736 primdeee
1745 4661 1879 4732 p','in
1902 4663 2128 4715 secunda
2146 4661 2292 4736 quod
2335 4664 2381 4736 ei
2412 4681 2460 4727 a,
2487 4665 2539 4717 in
2571 4661 2733 4716 tertia
2753 4661 2806 4736 te
2841 4663 3042 4736 c0n_,_in
3087 4673 3275 4731 quarta
3308 4661 3464 4736 relal,

231 4731 396 4790 εἴθις’
431 4737 693 4804 deinceps.
741 4734 938 4786 Damus
991 4735 1088 4786 has
1137 4732 1374 4792 lacunas,
1402 4731 1552 4803 prout
1589 4731 1918 4804 Calvenerins
1941 4749 2026 4784 eas
2052 4732 2192 4804 (31:2.
2229 4733 2509 4802 supplevit;
2531 4737 2584 4788 5.
2623 4735 2696 4785 ita
2718 4733 2868 4786 habet
2897 4751 2910 4786 :
2939 4731 3052 4786 Non
3094 4731 3334 4804 prquod
3371 4745 3466 4782 su-

231 4817 381 4869 perna
420 4823 472 4874 p.
503 4821 550 4858 c.
585 4801 635 4856 a'.
666 4821 714 4858 c.
762 4804 1056 4873 majoribus
1086 4819 1135 4874 a.
1171 4803 1235 4868 ρ.
1261 4801 1460 4874 ιι.νι1.“ιί.
1493 4805 1526 4856 i.
1557 4819 1626 4856 ιιι.
1660 4819 1704 4856 s.
1743 4803 1798 4856 ii.

1900 4813 1959 4854 :te
1986 4818 2036 4854 ιι.
2064 4816 2109 4874 s.
2145 4803 2200 4866 S,
2240 4817 2282 4854 s.
2311 4801 2382 4856 in.
2413 4821 2461 4857 c.
2503 4820 2550 4858 e.
2585 4819 2637 4854 ιι.
2659 4818 2714 4874 v.
2748 4814 2908 4866 esset,
2933 4817 2987 4871 q.
3029 4818 3076 4856 c.
3137 4801 3464 4874 dominicum

239 4889 374 4928 more
418 4871 465 4927 ἐ.
524 4875 720 4927 offerre
757 4876 808 4926 d.
847 4871 1053 4926 inirum
1101 4873 1153 4925 in
1193 4889 1263 4925 tu.
1303 4873 1366 4927 de
1397 4874 1724 4928 sacrosancti
1758 4889 1805 4926 c.
1855 4873 2110 4942 mysterio
2139 4875 2205 4926 ad
2239 4888 2289 4924 ιι.
2323 4874 2556 4944 episcopi
2595 4873 2815 4941 reliqua,
2875 4877 3083 4937 desunt,
3137 4873 3292 4925 unius
3318 4871 3502 4934 linere,

231 4947 387 5008 spatio
429 4945 628 4997 relicto.

1728 5053 1952 5112 NOTAE.

295 5168 457 5242 (207),
484 5167 607 5242 ilic_
627 5168 866 5242 quaedam
893 5165 1208 5242 __confundi_t
1271 5167 1796 5242 noster._;‘\rn_ulfus

232 5235 382 5291 senet
411 5235 548 5292 obiit
579 5235 728 5289 (ΝΠ
752 5237 924 5291 Martii
950 5237 1073 5301 965,
1103 5246 1160 5289 ct
1181 5235 1458 5307 Lotharius
1485 5237 1792 5292 Flamiriam

1903 5165 2296 5233 Aquisgranum
2353 5181 2540 5223 versus
2586 5175 2912 5233 susceptam.
2967 5163 3134 5218 Porro
3179 5159 3470 5233 Tetdonem

1905 5231 2050 5290 tnetu
2069 5231 2314 5308 Lotharii
2335 5236 2614 5292 Coloniam
2641 5231 2931 5308 secessisse
2960 5235 3137 5308 ibique
3163 5231 3472 5308 tight-"9mm
