4052 5358
537 183 636 236 ίῦὂ

1523 178 1744 234 (Il-ISTA
1781 176 2196 234 PONTIFICUM
2235 175 2845 232 CAMEllACl‘INSllTM.

3676 183 3782 240 104

532 303 603 357 tis
656 308 818 354 etiam
876 299 1167 353 comitibus
1200 298 1252 352 in
1291 296 1477 350 urbem
1531 297 1705 359 ven‘t;
1755 297 1848 347 sed
1897 302 2095 353 tamen,
2131 301 2173 356 Α
2205 302 2442 346 castrum
2493 293 2703 346 munire
2741 293 3058 356 festinabat;
3109 302 3162 348 et
3190 292 3402 350 fecisset
3444 298 3681 366 quidem,
3727 300 3780 354 ni

535 389 696 444 siculi
745 389 1061 460 eratinepti
1113 399 1273 459 atque
1327 387 1460 442 tardi
1503 387 1721 457 ingenii,
1756 386 2102 440 detestaudas

533 482 913 550 usurpationes
942 481 1208 545 exercuit,
1250 481 1384 535 adeo
1423 491 1482 534 ut
1522 491 1703 548 raptor
1732 479 1907 546 petius
1941 492 2102 542 quam

533 582 720 637 tutor,
781 574 960 642 potius
1032 581 1328 626 temerator
1390 586 1552 640 quam
1608 571 1926 623 observator
1985 582 2105 622 esse

529 663 819 716 videretur.
863 661 1016 716 Unde
1049 662 1306 729 indignati
1338 659 1546 728 prscfati
1574 659 1798 712 comites
1828 667 1882 710 et
1910 657 1960 708 in
1996 657 2103 708 iras

529 754 682 816 moti,
717 753 804 807 illo
833 753 1050 821 quidem
1096 768 1160 806 eo
1207 752 1308 804 loci
1365 751 1580 813 relicto,
1630 749 1697 802 ad
1747 764 1843 803 sua
1896 747 2100 802 reversi

528 854 674 896 sunt.
707 843 876 898 Porro
920 843 1006 897 ille
1046 843 1300 908 deinceps
1330 841 1749 908 oportunitatem
1782 847 1835 892 et
1867 837 2099 906 gratiam

531 936 636 989 loci
690 945 852 1005 atque
909 933 1284 988 suﬂicientiam
1343 933 1508 987 totius
1566 931 1808 985 alimenti
1871 939 2099 993 nactus,

529 1042 754 1080 uxorem
817 1025 918 1078 sibi
981 1024 1290 1076 adfuturam
1355 1037 1474 1077 esse
1530 1021 1845 1086 mandavit,
1908 1019 1994 1072 cui
2047 1018 2099 1072 in

525 1116 776 1170 cubiculo
828 1115 1066 1184 episcopi
1121 1131 1242 1170 cum
1286 1123 1392 1168 tota
1427 1112 1845 1182 praesumptione
1898 1110 2098 1164 lectum

529 1209 696 1261 sterni
738 1208 1008 1278 precepit;
1058 1222 1355 1275 omnesque
1402 1221 1534 1274 opes
1563 1206 1615 1259 in
1652 1205 1837 1258 usibus
1863 1201 2099 1272 episc0pi

530 1302 863 1356 exhibendas
929 1303 981 1356 in
1041 1300 1325 1370 superﬂuis
1385 1298 1924 1355 commessatiombus
1989 1306 2100 1353 tota

534 1387 792 1443 cmtsione
815 1391 1172 1458 consumpsit.
1211 1388 1546 1444 Thesaurum
1585 1388 1841 1443 accclesite
1870 1387 2102 1454 dissipa-

532 1479 644 1541 bat,
695 1479 1000 1546 prehendas
1056 1479 1362 1540 vendebat,
1422 1479 1587 1531 immo
1629 1487 1684 1532 et
1731 1476 2101 1532 mcclesiastici

537 1571 829 1625 ministerii
868 1573 1083 1641 negotia
1131 1581 1347 1639 emptus
1394 1571 1568 1640 pretio
1614 1569 1796 1639 largiri
1855 1583 2102 1624 mercan-

2207 382 2492 450 episcopus
2523 395 2764 452 tempore
2810 383 3133 439 rescivisset.
3186 385 3279 440 Illo
3317 403 3548 456 namque
3580 389 3632 444 id
3665 407 3782 444 mu-

2207 475 2388 528 niente
2417 482 2470 528 et
2497 474 2710 528 diversa
2745 475 3072 544 Operositate
3115 478 3464 546 pertinaciter
3497 481 3778 547 moliente,

2207 566 2428 620 sinistro
2457 567 2652 620 mmcio
2676 566 2914 636 pontifex
2941 568 3230 633 excitatus,
3281 586 3380 623 nec
3417 585 3591 637 mora,
3635 589 3781 642 prato

2206 657 2332 711 fatis
2377 657 2666 711 comitibus
2705 657 2998 714 Godefrido
3038 669 3201 729 atque
3248 661 3474 716 Arnulfo
3503 680 3624 717 cum
3659 666 3782 720 aliis

2203 747 2648 804 Lothariensibus
2668 749 2990 819 legationem
3037 752 3203 816 misit,
3257 761 3338 819 ut,
3365 764 3556 808 coacto
3585 755 3781 820 milite,

2205 842 2270 894 ad
2303 841 2690 896 destruendum
2727 857 2862 912 Opus
2894 841 2996 896 sibi
3029 842 3308 898 inimicum
3340 844 3527 898 venire
3549 844 3778 899 festina-

2204 939 2343 984 rent.
2370 929 2472 996 Qui
2502 940 2659 986 caute
2689 932 2894 1000 absque
2932 934 3498 1002 comperendinatione
3545 936 3782 1003 sumptis

2204 1022 2390 1075 euneis
2423 1031 2580 1076 nocte
2603 1022 2668 1075 ad
2695 1023 3006 1091 episcopum
3033 1023 3281 1088 veniunt,
3318 1023 3476 1093 eique
3513 1025 3780 1078 auxilium

2203 1112 2366 1166 nimis
2390 1114 2666 1182 copiosum
2698 1124 2862 1183 atque
2898 1115 3062 1169 armis
3105 1117 3530 1171 munitissimum
3571 1117 3779 1173 ferunt.

2205 1203 2363 1259 Mane
2393 1206 2574 1274 itaque
2598 1203 2765 1270 facto,
2797 1206 3082 1276 episcopus
3108 1214 3254 1261 tanta
3283 1223 3385 1277 ope
3412 1217 3778 1276 sustentatus,

2204 1295 2414 1350 civibus
2434 1311 2648 1364 quoque
2676 1297 2790 1352 suis
2816 1306 2979 1366 atque
3005 1297 3227 1352 rusticis
3253 1299 3564 1363 comitatus.
3599 1299 3780 1353 locum

2202 1388 2521 1443 munitionis
2573 1389 2800 1452 invasit,
2850 1398 3201 1459 castrumque
3249 1391 3504 1444 turritum
3557 1400 3616 1446 et
3662 1391 3779 1460 jam

2204 1494 2339 1548 pene
2383 1478 2711 1549 perfectum,
2745 1479 2854 1533 Deo
2902 1477 3231 1546 adiuvante,
3284 1480 3539 1536 demolito
3581 1497 3783 1552 aggere

2205 1571 2273 1602 "'
2329 1571 2630 1640 coaequavit
2681 1571 2884 1626 arenis.
2936 1570 3051 1626 Hoc
3102 1572 3153 1625 ei
3208 1572 3501 1625 maximam
3556 1573 3782 1627 virtutis

523 1665 674 1718 tibus
719 1667 1056 1734 usurpabat;
1105 1665 1290 1732 sicque
1343 1665 1503 1718 totius
1549 1663 1782 1716 infamia:
1828 1662 2098 1714 sarcinam
2135 1654 2174 1713 Β
2204 1663 2431 1732 gloriam
2457 1662 2685 1732 peperit.
2722 1661 2852 1717 Dein
2886 1675 3017 1716 vero
3046 1671 3335 1732 tyrannum
3373 1663 3533 1718 modo
3569 1664 3782 1719 viribus

522 1756 722 1809 tamdiu
767 1758 955 1827 gessit,
993 1757 1165 1811 donec
1200 1757 1503 1824 imperator
1535 1769 1783 1809 reversus
1811 1753 1877 1806 ad
1907 1751 2099 1806 melius

522 1847 778 1901 restituit.

595 1940 719 1994 102.
791 1941 964 2010 (101.)
1028 1939 1327 1993 Rotltardus
1394 1937 1737 2008 episcoymlem
1795 1935 2096 1990 cathedram

527 2034 774 2101 suscepit.
831 2032 951 2088 Jam
1017 2048 1144 2086 vero
1191 2031 1452 2086 brumalis
1511 2029 1852 2098 intemperiei
1891 2028 2100 2098 pruinis

525 2120 996 2184 incumbentibus,
1045 2123 1340 2191 imperator
1385 2128 1639 2175 revocata
1671 2134 1846 2186 manu
1877 2132 1907 2171 a
1934 2116 2096 2181 bello,

519 2211 587 2264 ad
636 2211 816 2264 villam
867 2211 1127 2275 Polidam,
1176 2210 1453 2280 propriam
1499 2208 1749 2262 videlicet
1794 2207 2000 2272 sedem,
2043 2207 2097 2260 in

526 2299 708 2354 natale
733 2301 945 2356 Domini
970 2311 1053 2355 est
1074 2293 1326 2356 reversus
1352 2299 1498 2370 {208)
1527 2298 1640 2370 (an.
1664 2298 1816 2369 979).
1845 2297 1944 2352 Ubi
1976 2312 2097 2352 cum

519 2389 566 2442 ei
598 2391 805 2444 vacatio
837 2391 1250 2446 Cameracensis
1290 2390 1551 2445 ecclesia:
1584 2389 1912 2460 suggeritur,
1946 2402 2096 2440 com-

524 2481 674 2532 muni
732 2480 1016 2550 suﬂ‘ragio,
1067 2490 1122 2535 et
1176 2481 1571 2534 acclamatione
1624 2478 2096 2540 Lotharieusium,

524 2571 692 2623 immo
719 2583 775 2624 et
826 2573 1049 2626 obtentu
1094 2570 1325 2626 Nocheri
1371 2571 1797 2625 Leodeceusium
1837 2569 2098 2638 episcopi,

519 2659 800 2716 Rothardo
855 2678 922 2717 ex
974 2663 1226 2733 prosapia
1280 2663 1446 2716 nobili
1494 2671 1656 2727 orto,
1701 2662 1805 2731 piis
1853 2661 2100 2716 moribus

521 2752 812 2816 adornato,
871 2751 1094 2807 infulam
1143 2753 1448 2822 presnlatus
1498 2754 1837 2824 impertivit;
1897 2755 2098 2825 quippe

531 2841 810 2894 :estimans
858 2840 1005 2894 illum
1053 2841 1346 2896 lenitudine
1384 2843 1585 2912 ingenii
1629 2843 1850 2897 sevitias
1902 2843 2095 2898 Came.

522 2931 822 2984 raceusium
846 2947 1003 3000 posse
1025 2947 1338 3001 pressurqu
1366 2932 1538 3001 (209).
1564 2931 1734 3000 llujus
1761 2933 1885 2988 doni
1930 2935 2095 2988 sulti-

518 3021 708 3074 mitate
757 3021 969 3091 adepta,
1027 3023 1172 3077 circa
1228 3023 1444 3076 initium
1492 3023 1923 3094 quadragesitme
1971 3024 2090 3093 (an.
2125 3009 2167 3068 (ἶ

520 3113 648 3179 980)
679 3113 1026 3166 commissum
1057 3128 1274 3184 gregem
1315 3113 1516 3178 visens,
1548 3114 1735 3168 urbem
1770 3114 1958 3182 petiit;
1999 3129 2101 3168 nec

521 3204 693 3257 multo
731 3213 853 3273 post
899 3204 969 3258 ab
1011 3205 1286 3259 Alberone
1318 3203 1666 3259 Remensium
1696 3204 2100 3274 archiepiscopo

520 3311 734 3347 snuuna
762 3311 885 3348 cum
912 3295 1268 3350 veneraeione
1295 3295 1580 3350 ordinatus
1605 3303 1712 3359 est,
1751 3304 1936 3364 utpote
1975 3312 2097 3349 cum

517 3399 627 3451 quo
653 3384 950 3438 amicitiam
974 3394 1031 3438 et
1055 3383 1482 3440 familiaritatem
1511 3400 1542 3439 a
1569 3401 1738 3456 puero
1769 3387 2004 3451 tenebat,
2032 3401 2097 3440 ex

523 3494 631 3546 quo
655 3478 907 3533 videlicet
939 3479 991 3532 in
1029 3477 1228 3533 scholis
1255 3477 1570 3548 Gorgiensis
1600 3478 1749 3549 (2m)
1779 3479 2095 3533 monasterii

515 3570 722 3638 pariter
751 3569 1105 3638 condiscipuli
1133 3570 1449 3625 extiterant.
1801 3602 1812 3610 -

593 3660 717 3712 105.
759 3661 931 3730 (102.)
976 3659 1129 3725 Quod
1172 3661 1309 3714 idem
1342 3663 1608 3730 episcopus
1648 3659 1921 3715 castellum
1975 3660 2098 3714 Vin-

515 3748 725 3803 riacum
777 3750 966 3803 diruit.
1027 3749 1338 3820 Suscipieus
1395 3751 1580 3819 itaque
1635 3751 1717 3804 vir
1772 3751 2098 3805 venerabilis

523 3833 798 3894 sutntnam
835 3840 1133 3910 regimiuis,
1168 3841 1621 3895 contumeliarum
1653 3843 2098 3897 exacerbatioues

520 3931 730 3984 anultas
761 3941 816 3986 et
853 3929 1257 4000 inexplicabiles
1295 3931 1553 4000 repperit.
1585 3929 1723 3986 Urbs
1752 3933 1953 3986 etenim
1989 3942 2095 3986 tota

529 4022 745 4077 diverso
771 4022 929 4077 modo
972 4037 1079 4076 non
1119 4033 1330 4078 tantum
1375 4026 1599 4088 exteris,
1645 4025 1738 4080 sed
1787 4027 1948 4079 etiam
2001 4029 2096 4080 (ξος

522 4113 764 4168 mesticis
804 4112 1225 4176 incussionihus,
1259 4121 1318 4166 ut
1349 4128 1511 4182 supra
1543 4115 1746 4168 dictum
1778 4122 1860 4169 est
1899 4115 1968 4186 (c.
2001 4115 2092 4181 95,

510 4205 635 4275 99),
682 4203 990 4270 laborabat;
1053 4203 1196 4258 nulla
1255 4219 1359 4273 pax
1399 4205 1811 4260 interveniebat.
1866 4205 1996 4271 Sed,
2037 4216 2096 4261 ut

517 4296 728 4364 reliqua
760 4307 992 4360 taceam,
1021 4295 1153 4348 nihil
1175 4296 1415 4365 gravius,
1441 4310 1600 4363 quam
1627 4304 1814 4349 contra
1842 4296 2091 4351 Ottonem

517 4384 788 4452 prelatum
835 4383 1150 4454 Gogicensis
1204 4384 1367 4438 castri
1401 4384 1488 4450 ⁸⁷⁸,
1522 4383 1754 4448 ferebat,
1805 4386 1897 4454 qui
1943 4395 2092 4440 tanta

519 4486 574 4527 et
602 4485 707 4528 tam
733 4476 922 4529 crebra
961 4476 1274 4530 incursione
1303 4477 1547 4547 urgebat,
1578 4487 1633 4530 ttt
1662 4493 1852 4532 omnes
1883 4479 2091 4548 agrico-

520 4566 604 4620 las
635 4566 901 4630 villarum,
956 4568 1048 4622 sed
1078 4577 1131 4622 et
1182 4569 1344 4624 totius
1388 4571 1536 4624 urbis
1578 4571 1824 4627 homines
1866 4572 2086 4628 fecisset

519 4659 626 4711 sibi
662 4659 992 4713 tributarios.
1025 4660 1162 4725 Quin
1198 4663 1360 4716 etiam
1393 4672 1450 4716 ut
1479 4663 1708 4732 graviori
1737 4663 2075 4720 infestatione

519 4759 816 4816 premeret,
835 4748 988 4815 juxta
1014 4750 1266 4817 viculum,
1293 4753 1381 4820 qui
1407 4767 1598 4806 nomen
1627 4753 1910 4809 Vinciacus
1937 4756 2017 4824 (2|
2043 4758 2090 4826 l)

522 4869 591 4876 —
621 4839 788 4894 distat
837 4849 1015 4894 autem
1056 4842 1122 4895 ab
1155 4843 1287 4897 urbe
1337 4845 1436 4899 hac
1484 4853 1739 4914 quattuor
1789 4847 2093 4902 milibus—-

2205 1755 2552 1819 tcrrillcans,
2604 1754 2764 1808 modo
2817 1754 3133 1809 muneribus
3180 1754 3430 1821 lactans,
3482 1757 3782 1811 novissime

2200 1844 2512 1899 omnimodo
2537 1845 2806 1898 devictum
2850 1844 2951 1898 sibi
2992 1845 3240 1913 pacavit;
3282 1846 3470 1915 sicque
3502 1863 3690 1917 pacem
3721 1859 3782 1902 et

2201 1935 2436 2002 quietem
2483 1933 2752 2004 publicam
2793 1934 3118 2000 reformatis,
3174 1951 3311 2005 pene
3355 1939 3595 1991 omnium
3623 1939 3687 2002 in
3718 1953 3782 1992 se

2201 2024 2646 2090 benivolentiam,
2675 2035 2858 2095 preter
2878 2025 3181 2082 Walterum
3215 2043 3370 2082 suum
3397 2029 3776 2094 castellanum,

2201 2118 2489 2172 convertit.
2517 2117 2685 2174 Porro
2714 2118 2814 2172 iste
2840 2119 3037 2172 multas
3067 2119 3342 2176 molestias
3370 2123 3628 2176 adversus
3653 2124 3776 2191 epi-

2201 2225 2424 2279 scopum
2469 2209 2764 2274 excitavit,
2807 2209 3005 2264 multas
3047 2209 3446 2279 iuquietudines
3495 2212 3774 2282 irrogavit,

2201 2300 2452 2368 quamvis
2505 2299 2554 2353 ei
2608 2299 2894 2368 cpiscopus
2943 2299 3111 2352 multa
3167 2301 3422 2356 donasset
3478 2301 3775 2370 multisque

2202 2386 2478 2443 beneficiis
2498 2403 2624 2443 suas
2649 2389 3018 2458 possessiones
3043 2390 3302 2444 auxisset.
3316 2389 3508 2445 Postea
3533 2393 3776 2460 pontifex

2203 2479 2529 2534 venerabilis
2580 2479 2968 2534 monasterium
3037 2489 3238 2534 sanctae
3287 2479 3469 2536 Maria:
3523 2480 3769 2550 perfecit,

2201 2569 2364 2638 quod,
2416 2577 2476 2622 ut
2531 2569 2765 2624 diximus
2812 2571 2883 2640 (c.
2943 2569 3058 2639 87),
3110 2571 3436 2641 Engrannus
3485 2573 3774 2642 episc0pns

2202 2661 2390 2729 etrapit,
2431 2661 2526 2716 sed
2557 2661 2762 2716 eisdem
2794 2663 3093 2731 prenotatis
3139 2663 3492 2720 seditionibus
3519 2667 3774 2735 prepedi-

2203 2759 2288 2804 tus
2312 2765 2375 2805 ac
2398 2752 2580 2806 statim
2613 2759 2786 2806 morte
2812 2762 3123 2822 preventus,
3155 2754 3508 2824 inperfectum
3535 2756 3772 2826 reliquit.

2201 2842 2365 2895 Aram
2405 2849 2606 2896 sancta:
2637 2841 2729 2896 Dei
2770 2842 3048 2912 genitricis
3082 2843 3264 2898 Maria:
3301 2859 3463 2899 aurea
3493 2846 3675 2901 tabula
3706 2863 3772 2902 ex

2201 2931 2468 3002 lapidibus
2502 2933 2764 3004 preciosis
2792 2935 3045 3006 insignita
3069 2936 3316 3003 vestivit;
3351 2935 3574 2992 calicem
3607 2940 3773 2994 etiam

2203 3023 2463 3092 majorem
2505 3039 2628 3079 cum
2680 3034 2876 3095 patena
2920 3026 3211 3096 purissimo
3244 3027 3370 3082 fecit
3394 3043 3460 3082 ex
3488 3044 3642 3084 auro.
3669 3029 3774 3084 Ge-

2203 3116 2377 3170 minas
2423 3130 2639 3186 quoque
2683 3131 2982 3186 campanas
3014 3132 3237 3187 magnas
3265 3125 3430 3188 atque
3457 3121 3589 3174 satis
3615 3134 3776 3174 sono-

2204 3218 2312 3268 ras,
2359 3218 2480 3273 qua:
2524 3205 2704 3259 adhuc
2756 3205 2810 3258 in
2858 3205 2991 3260 turri
3021 3221 3181 3275 quam
3217 3207 3414 3262 struxit
3446 3207 3772 3278 dependent,

2200 3311 2266 3349 ex
2299 3295 2532 3366 propriis
2577 3296 2883 3365 sumptibus
2920 3294 3232 3352 fabricavit.
3270 3296 3468 3353 Villam
3499 3315 3630 3356 vero
3655 3316 3777 3370 qua:

2201 3386 2402 3439 dicitur
2429 3384 2646 3440 Villaris
2673 3385 2846 3457 (212),
2888 3385 3046 3441 altari
3077 3387 3249 3441 sancti
3271 3384 3536 3444 Johannis
3565 3389 3619 3443 in
3657 3391 3772 3444 usi-

2201 3475 2300 3531 bus
2352 3476 2580 3532 fratrum
2613 3477 2856 3548 ejusdem
2887 3476 3160 3549 :ecclesite.
3180 3486 3381 3534 sancta:
3403 3478 3584 3535 Mariae
3605 3480 3776 3550 depu-

2203 3570 2356 3623 tavit.

2273 3660 2394 3716 105.
2429 3662 2600 3732 (105.)
2650 3663 2947 3734 Imperator
2997 3673 3180 3718 contra
3228 3662 3550 3722 Sarracenos
3579 3666 3774 3721 bellum

2198 3757 2363 3811 iniens
2387 3759 2632 3823 vincitur,
2662 3774 2755 3814 nec
2782 3756 2948 3812 multo
2985 3768 3098 3828 post
3127 3758 3271 3812 obiit.
3307 3758 3561 3814 Decursis
3586 3770 3772 3814 autem

2201 3857 2499 3917 temporum
2529 3848 2750 3918 spaciis,
2790 3845 2916 3903 Otto
2954 3848 3246 3918 imperator
3267 3857 3321 3903 et
3351 3864 3444 3903 rex
3473 3849 3775 3906 Lotharius

2199 3939 2340 3992 inter
2384 3954 2445 3994 se
2487 3938 2713 3994 federati
2759 3949 3044 4010 pacantur,
3095 3948 3150 3994 et
3197 3947 3486 4010 utrumque
3541 3956 3770 4012 regnum

2198 4031 2337 4086 facta
2373 4031 2759 4102 tranquillitate
2803 4031 3009 4101 quievit
3048 4033 3160 4102 (an.
3202 4032 3351 4102 980).
3387 4032 3596 4088 Interea
3643 4033 3772 4089 Otto

2200 4123 2425 4177 Romam
2489 4121 2764 4192 profectus
2815 4123 3148 4178 Sarracenos
3197 4139 3294 4194 per
3342 4135 3513 4180 terras
3560 4127 3771 4195 Apulia:

2197 4214 2445 4269 desevire
2477 4215 2756 4280 audierat;
2805 4223 2860 4270 et
2904 4215 3061 4270 sicuti
3107 4213 3324 4284 juvenis
3372 4218 3566 4281 audax,
3605 4235 3768 4272 manu

2197 4306 2424 4372 validus,
2455 4308 2634 4362 animo
2660 4317 2942 4373 exaestuat,
2970 4325 3147 4363 moras
3172 4311 3459 4381 precipitat
3481 4313 3589 4381 (an.
3616 4314 3768 4384 98l).

2201 4397 2302 4463 Qui
2349 4413 2448 4452 nec
2495 4413 2668 4462 mora,
2710 4413 2812 4453 non
2843 4399 3024 4455 multis
3055 4415 3190 4468 quos
3221 4413 3498 4470 presentes
3528 4403 3770 4460 habebat

2202 4488 2386 4552 fultus,
2425 4487 2569 4544 facto
2602 4489 2796 4545 itinere
2827 4489 2953 4545 illuc
2982 4493 3326 4562 pertransiit;
3355 4509 3456 4550 nec
3491 4511 3683 4565 passus
3711 4513 3771 4551 se

2197 4589 2482 4649 expectare
2512 4595 2640 4634 suos
2669 4595 2764 4649 per
2795 4580 3078 4635 intervalla
3114 4582 3367 4637 itinerum
3420 4593 3768 4654 sequntur-os,

2201 4683 2326 4721 mox
2367 4677 2556 4722 contra
2602 4670 2810 4724 hostem
2857 4671 3084 4741 prelium
3132 4674 3430 4728 inconsulte
3472 4677 3765 4729 commisit.

2197 4758 2454 4813 Armabat
2501 4761 2645 4814 enim
2689 4763 3021 4819 consuetudo
3071 4765 3314 4820 vincendi
3363 4777 3420 4820 et
3464 4768 3766 4835 ignorantia

2199 4852 2443 4907 cedendi.
2479 4850 2754 4921 Siquidem
2791 4868 3076 4922 congressu
3109 4855 3294 4910 habito
3319 4859 3429 4924 (an.
3457 4856 3608 4926 98:2),
3641 4856 3770 4911 licet

1817 4973 2047 5031 VAIUA’.
2099 4978 2498 5035 LECTlONES.

590 5085 650 5114 ¹⁷¹
685 5085 938 5138 excidisse
975 5085 1175 5138 videtur
1207 5084 1528 5149 invasorent,
1556 5089 1632 5140 vel
1655 5087 1757 5141 tale
1779 5092 1936 5158 quid;
1961 5092 2029 5160 (ι’.
2062 5109 2106 5144 c.
2143 5092 2228 5145 96.

2309 5094 2374 5122 ¹⁷²
2405 5107 2562 5160 agere
2594 5092 2636 5143 Ι.

2035 5219 2268 5278 ΝΟΤ.Ε.

589 5328 734 5358 lant“
774 5326 900 5358 ntln
927 5327 964 5358 ΙΙ
1001 5327 1051 5358 in
1082 5327 1282 5358 nnlnlin
1310 5327 1470 5358 DALIA
1520 5331 1598 5358 In.»
1635 5331 1820 5358 Μηλι-
1869 5335 2077 5358 Π-.--ξ-.2

2269 5339 2409 5358 [antu
2451 5339 2518 5358 ‘I’
2607 5342 2617 5358 Ι
