4052 5358
205 241 308 302 105

1597 237 1798 294 L'llEl'l
1829 231 2104 292 PRIMUS.

3383 215 3484 288 ius

211 373 442 414 numero
469 357 640 430 longe
666 357 911 422 inferior,
941 355 1168 411 multam
1193 355 1403 412 cladem
1427 353 1662 408 hostium
1692 353 1806 406 edi-
1836 357 1884 414 Α
1914 357 2210 412 mutantes,
2243 347 2464 416 etquod
2501 355 2652 417 patre
2699 347 2822 400 vivo
2871 361 2976 401 non
3019 357 3284 418 poterant,
3325 351 3486 402 modo

209 447 310 514 dit,
341 451 442 506 aed
472 459 664 506 tamen
707 451 936 522 gloriam
985 449 1226 504 victoria:
1272 455 1560 516 superatus
1603 445 1804 500 amisit.

207 533 344 596 Nam
385 541 514 596 sine
545 540 780 596 consilio
809 541 1071 596 fortitudo
1105 540 1156 594 in
1199 539 1502 594 temeritate
1539 537 1804 592 converti-

211 639 318 686 tur.
372 632 484 700 Qui
539 633 612 664 ’⁷³
663 631 964 701 transfugio
1021 631 1122 684 sibi
1170 629 1452 683 consulere
1504 627 1803 692 :estimans,

211 723 333 793 quia
365 735 519 778 terra
549 723 786 779 evadere
815 737 920 796 non
950 730 1154 791 posset,
1195 719 1458 776 velociter
1487 735 1544 774 se
1575 719 1722 773 tnisit
1749 718 1803 772 in

217 817 375 880 mari,
399 816 692 884 visamque
719 805 1022 868 naviculam
1045 809 1410 876 inimicorum,
1435 826 1598 880 quam
1625 819 1810 880 preter

221 901 384 957 ullam
421 903 788 972 suspitionem
817 900 956 957 forte
987 915 1092 954 non
1123 901 1311 970 procul
1341 917 1370 954 a
1407 901 1562 954 litore
1585 915 1810 970 conspe-

221 1004 414 1059 xerat,
467 991 639 1048 alacri
695 991 792 1047 sed
841 1001 897 1046 et
941 989 1252 1046 diﬂicillimo
1304 1001 1490 1045 natatu
1543 990 1807 1045 ascendit.

225 1081 378 1138 Hunc
401 1082 551 1136 enim
575 1080 694 1149 jam
733 1095 884 1150 parte
929 1080 1324 1150 lapsabundum
1368 1079 1607 1134 miserati
1649 1080 1810 1132 remi-

221 1191 335 1246 ges,
365 1175 588 1229 admoto
623 1173 840 1242 navigio
865 1181 1238 1240 susceperunt,
1275 1171 1540 1240 longeque
1571 1169 1810 1224 dissimi-

223 1267 328 1320 lem
351 1273 410 1318 et
437 1265 678 1332 ignotum
719 1261 1072 1326 arbitrantes,
1114 1277 1311 1316 causas
1340 1259 1621 1314 infortunii
1655 1275 1814 1330 roga-

231 1363 450 1410 verunt;
481 1355 572 1409 ille
595 1367 726 1408 vero
749 1353 966 1408 tandem
995 1367 1182 1406 eorum
1208 1351 1434 1406 barbara
1460 1350 1814 1406 collocatione

233 1446 526 1501 advertens
563 1461 624 1501 se
653 1445 906 1501 hostibus
947 1445 1166 1499 incaute
1214 1444 1478 1506 oblatum,
1527 1459 1650 1498 mox
1705 1457 1814 1512 prae

231 1535 522 1589 formidine
575 1533 766 1588 fallere
813 1533 1024 1596 doctus,
1079 1543 1264 1603 utpote
1303 1533 1444 1588 inter
1479 1533 1664 1588 hostes
1691 1534 1814 1588 vita:

229 1625 568 1694 naufragus,
613 1640 831 1694 quoquo
883 1627 1042 1680 modo
1093 1621 1284 1694 potuit"
1315 1625 1587 1680 evasionis
1645 1641 1804 1696 Opem

1910 441 2188 512 superstiti
2231 439 2402 494 libero
2449 439 2727 508 :eqnivoro
2759 438 2908 508 regni
2945 438 3358 510 praerogativam
3381 439 3488 494 erl-

1909 547 2040 601 pere
2099 519 2372 594 nitentes,
2432 531 2498 584 ad
2565 529 2864 598 usurpandi
2929 529 3142 599 imperii
3185 531 3489 600 potentiant

1911 625 2194 680 intendere
2237 625 2582 678 estimarunt.
2620 623 2758 678 Huic
2811 625 2953 678 enim
3007 625 3329 694 proximitas
3363 627 3486 692 loci,

1911 713 1988 770 illi
2067 731 2196 770 vero
2267 715 2613 770 necessitudo
2687 716 2902 786 generis
2985 717 3278 787 aspirabat.
3365 719 3482 775 Dux

1913 805 2174 860 nimirum
2229 805 2516 861 lleinricus
2581 809 2790 879 regium
2848 823 3074 878 puerum
3121 809 3346 866 factiose
3399 825 3486 866 ra-

1911 904 2064 966 ptum
2146 896 2367 952 tenebat
2443 899 2496 951 in
2585 899 2935 965 custodiam,
3017 903 3216 972 eique,
3295 905 3490 958 ceteris

1911 986 2250 1058 principibus
2315 987 2500 1042 invitis
2574 997 2739 1058 atque
2796 987 3144 1056 dolentibus,
3230 991 3487 1060 imperia-

1915 1079 2020 1132 lem
2079 1081 2312 1150 gratiam
2366 1081 2661 1136 adimebat.
2719 1082 2928 1138 Interea
2995 1091 3209 1138 mortuo
3261 1083 3496 1138 Wifrido

1915 1167 2346 1224 V’irdunensium
2399 1171 2657 1240 episcopo
2687 1173 2818 1241 .(an.
2849 1173 2949 1226 982
2999 1171 3074 1226 re!
3127 1174 3274 1242 9873),
3316 1173 3500 1228 multis

1914 1259 2159 1330 profecto
2219 1261 2606 1331 episcopalium
2663 1263 2898 1316 militum
2951 1264 3357 1328 resistentibus,
3397 1265 3495 1318 aii-

1915 1361 2048 1422 quot
2081 1369 2223 1416 _vero
2259 1353 2746 1414 consentientiims,
2787 1356 2974 1406 urbem
3017 1369 3138 1408 cum
3175 1363 3490 1424 prcsumpt‘a

1919 1445 2298 1498 vendicatione
2355 1446 2646 1498 Lollarltts
2697 1443 2998 1513 ingreditur
3045 1445 3496 1516 (an.98£).1)eiu

1917 1549 2135 1602 quoque
2161 1533 2533 1604 episc0patum
2587 1533 3063 1612 (Iatnera'eensium
3096 1549 3154 1588 se
3200 1543 3496 1602 occupatu-

1919 1641 2036 1678 rum
2066 1641 2185 1680 esse
2216 1625 2472 1678 minatur.
2528 1623 2642 1690 Qua
2699 1624 2752 1678 in
2801 1639 2859 1678 re
2901 1623 3210 1678 Rothardus
3257 1625 3500 1693 pontifex.

233 1717 505 1786 quaesivit.
529 1715 883 1771 Finxitenim
913 1731 970 1772 se
997 1717 1272 1786 qnendam
1305 1715 1420 1770 fore
1447 1717 1717 1770 hominem
1742 1731 1808 1771 ex
1845 1729 1886 1788 Β
1919 1719 2061 1771 haud
2120 1717 2381 1772 mediocri
2437 1727 2650 1772 terrore
2697 1725 3001 1771 commotus
3031 1758 3045 1780 ,
3093 1717 3499 1788 sapientissimo

225 1809 336 1876 ipsa
383 1808 494 1861 Bar
539 1807 818 1860 maritima
865 1808 1000 1862 urbe
1037 1807 1222 1862 multis
1247 1809 1444 1878 Opibus
1482 1801 1812 1874 alliuentcm,

227 1913 636 1953 verumerrore
665 1898 766 1950 vize
795 1897 1053 1952 incidisse
1083 1897 1446 1969 naufragium.
1481 1899 1602 1954 lllos
1634 1907 1814 1954 tamen

225 1991 460 2044 ditatum
499 1991 565 2045 iri
599 2003 702 2062 pro
733 1989 1062 2059 conpendio,
1094 1991 1138 2046 si
1173 1991 1398 2046 illaesum
1431 1993 1812 2062 perducerent.

227 2081 346 2148 Quo
378 2081 618 2149 remiges
643 2081 815 2152 empti
851 2097 971 2135 cum
998 2082 1064 2135 ad
1093 2091 1276 2134 votum
1307 2083 1526 2137 cresaris
1557 2083 1816 2152 predictte

227 2172 433 2226 civitati
471 2173 852 2226 admovissent
883 2173 1207 2238 naviculam,
1241 2173 1425 2227 statim
1457 2173 1612 2228 laetus
1644 2175 1815 2246 impc-

227 2271 376 2317 rator
429 2261 732 2318 Teoderico
785 2261 1129 2317 Mettensium
1187 2263 1442 2333 episc0po
1497 2263 1818 2333 carterisque

231 2356 344 2409 suis
365 2355 730 2426 principibus,
753 2355 850 2424 qui
881 2353 933 2406 in
961 2353 1132 2424 ipsius
1157 2353 1307 2408 urbis
1338 2355 1566 2408 tuitione
1589 2355 1815 2423 recepti,

231 2445 370 2514 regis
395 2445 698 2514 periculum
732 2443 1110 2508 condolentes,
1151 2443 1325 2512 ipsum
1355 2445 1571 2514 quidem
1598 2453 1816 2512 captum

234 2538 704 2606 putabant,tolius
719 2537 800 2590 rei
819 2535 1016 2591 seriem
1039 2551 1136 2606 per
1159 2536 1520 2590 internuntios
1545 2536 1706 2590 tacite
1733 2537 1819 2590 iu-

231 2629 480 2694 cnlcavit,
528 2637 582 2684 et
627 2637 692 2682 ut
733 2630 892 2698 quasi
922 2629 988 2684 ad
1023 2629 1464 2684 remunerandus
1491 2637 1686 2684 nautas
1717 2629 1819 2684 sibi

229 2721 452 2791 pramia
499 2719 756 2775 all‘errent
803 2719 998 2776 callide
1045 2720 1364 2775 amtnonuit.
1397 2719 1498 2786 Qui
1529 2735 1674 2786 mox,
1702 2719 1820 2774 ino-

229 2811 350 2881 pina
385 2811 640 2866 mandata
673 2813 974 2882 gaudenter
1009 2811 1266 2882 amplexi,
1307 2812 1505 2866 scrinia
1547 2821 1816 2866 ceteram-

233 2915 336 2968 que
391 2901 786 2971 supellectilem
843 2902 1048 2970 regiam
1110 2903 1178 2955 ad
1251 2903 1432 2956 navim
1503 2901 1819 2970 imperatori

234 2989 516 3055 tulerunt,
579 2999 798 3060 ttua‘qtte
865 2989 1027 3044 etiam
1085 2991 1490 3045 velocissimum
1548 2991 1818 3045 caballum

233 3075 608 3142 adduxerunt;
641 3080 823 3132 nautis
855 3093 984 3134 vero
1010 3079 1076 3133 ad
1106 3081 1364 3135 convecta
1391 3095 1614 3136 munera
1645 3083 1820 3137 inten-
1845 3063 1892 3126 Ο

234 3163 510 3232 dentibus,
559 3167 857 3237 imperator
887 3177 1044 3222 extra
1073 3169 1377 3225 naviculam
1423 3171 1684 3226 vivaciter
1707 3173 1822 3227 exi-

237 3253 316 3319 lit,
366 3269 619 3326 equoque
663 3271 917 3322 ascenso,
949 3259 1021 3312 ita
1068 3255 1274 3314 delusis
1332 3259 1599 3325 hostibus,
1639 3271 1824 3330 preter

235 3360 404 3413 spem,
439 3348 626 3413 credo,
658 3346 951 3416 adiuvante
981 3351 1208 3405 Domino
1236 3351 1420 3406 iilesus
1447 3353 1638 3407 evasit.
1673 3351 1824 3407 Unde

237 3449 354 3489 cum
377 3437 581 3504 probro
626 3437 953 3505 abscedens,
1001 3441 1206 3509 pudore
1253 3457 1569 3505 succensus,
1613 3443 1821 3497 meliori

237 3529 464 3582 consilio
490 3527 783 3584 militarem
811 3531 1024 3598 copiam
1058 3531 1156 3584 sibi
1187 3533 1254 3585 ad
1288 3534 1646 3602 reparandum
1695 3547 1821 3601 pre-

237 3617 368 3672 lium
453 3633 704 3689 quaerere
772 3611 1069 3676 estimavit.
1148 3623 1534 3690 Verumtamen
1607 3625 1823 3678 interitu

237 3717 414 3763 morte
473 3719 792 3780 preventus,
864 3713 1026 3782 paulo
1069 3721 1190 3782 post
1241 3715 1527 3769 intervallo
1573 3717 1827 3771 occubuit

239 3806 348 3868 (an.
379 3799 510 3867 985,
541 3801 670 3857 Dec.
705 3803 788 3874 7),
825 3802 1011 3859 Ilomte
1053 3805 1271 3874 quidem
1305 3805 1354 3858 in
1396 3805 1604 3861 Dorticu
1654 3807 1826 3862 sancti

241 3889 384 3946 Petri
417 3893 687 3964 sepultus.
1189 3946 1195 3952 .
1605 3885 1608 3888 ’

308 3981 436 4036 1υ5.
491 3983 666 4053 (104.)
705 3983 992 4038 Lotbarius
1027 4001 1119 4039 rex
1153 3977 1488 4039 Kariensium
1510 3993 1556 4038 et
1581 3981 1828 4040 Einricus

245 4073 352 4128 diu
375 4073 750 4144 Bajoariorum
771 4078 990 4147 quisque
1016 4095 1110 4147 pro
1135 4095 1188 4132 se
1215 4077 1430 4132 tendunt
1463 4077 1530 4130 ad
1556 4079 1828 4147 imperium

245 4163 691 4230 Lothariemium,
749 4185 983 4238 puerque
1037 4170 1206 4238 regius
1249 4169 1314 4222 ab
1361 4168 1573 4223 Eittrico
1604 4173 1826 4240 rapitur,

249 4257 333 4310 sed
363 4268 545 4327 postea
573 4261 622 4312 vi
645 4257 888 4328 eripitur.
917 4257 1036 4326 Quo
1058 4261 1258 4330 passim
1286 4269 1588 4330 comperto,
1609 4269 1831 4331 repente

249 4351 458 4416 gemina
488 4349 639 4406 labes
669 4351 796 4405 mali
829 4367 998 4422 regno
1028 4353 1293 4406 exoritur.
1322 4351 1457 4406 Nam
1489 4363 1549 4407 ut
1577 4367 1635 4408 se
1662 4353 1831 4410 habet

1923 1819 2106 1862 tamen
2139 1809 2368 1862 consilio
2405 1823 2554 1870 usus,
2601 1824 2782 1877 regem
2833 1807 3116 1863 humiliter
3161 1811 3497 1880 aggreditur,

1918 1905 1972 1952 et
1997 1897 2048 1950 in
2077 1905 2284 1950 tantum
2316 1896 2433 1965 ejus
2462 1897 2690 1966 gratiam
2735 1897 2881 1952 molli
2922 1911 3082 1967 prece
3115 1909 3410 1960 mercatur.
3442 1913 3502 1956 ut

1919 1985 2072 2053 prius
2095 1987 2228 2040 urbe
2256 1985 2681 2042 Leodecensium
2713 1997 2892 2057 capta,
2917 1989 3174 2058 priusque
3209 1991 3505 2061 aliquantis

1919 2078 2224 2148 principum
2277 2077 2716 2134 Lothariensium
2760 2079 3078 2150 subjugatis,
3130 2081 3245 2150 ipse
3288 2091 3504 2153 quoque

1919 2171 2267 2240 postmodum
2301 2171 2506 2240 absque
2564 2169 2882 2226 difﬁcultate
2930 2171 3309 2242 subjiceretur.
3356 2175 3499 2230 Pace

1923 2260 2104 2328 itaque
2131 2259 2440 2328 impetrata,
2471 2273 2564 2328 spe
2596 2268 2774 2313 tamen
2802 2276 3083 2330 suspensa,
3110 2263 3324 2318 interim
3348 2268 3504 2334 quie-

1921 2350 2017 2412 vit,
2041 2349 2168 2403 dum
2209 2349 2438 2403 Domino
2487 2349 2775 2420 adjuvante
2825 2366 3051 2419 puerum
3079 2363 3297 2422 captum
3329 2355 3502 2424 inme-

1923 2442 2121 2496 ratoris
2171 2441 2337 2494 lilium
2373 2441 2454 2494 sui
2495 2441 2769 2511 principes
2797 2441 2862 2496 de
2909 2457 3070 2496 manu
3125 2446 3358 2500 tenentis
3381 2461 3504 2499 cunt

1923 2534 2125 2590 virtute
2180 2535 2512 2589 extorserint
2557 2548 2610 2588 et
2653 2535 2707 2589 in
2733 2533 2858 2604 jure
2905 2545 3134 2606 paterno
3181 2540 3505 2595 locaverint.

1925 2623 2023 2678 llic
2047 2623 2194 2694 (215)
2209 2631 2418 2694 postea,
2456 2633 2564 2677 tam
2595 2624 2792 2678 virtute
2821 2641 2980 2694 quam
3011 2636 3171 2682 aetate
3195 2629 3506 2698 proﬁciens,

1925 2713 2062 2767 adeo
2099 2713 2274 2782 viguit
2320 2719 2379 2766 ut
2408 2713 2456 2766 ei
2514 2727 2606 2768 rex
2658 2713 2947 2770 Lotharius
2979 2717 3170 2772 urbem
3205 2718 3508 2774 Virdunen-

1925 2805 2063 2858 sium
2085 2817 2296 2874 captam
2320 2819 2374 2860 et
2391 2805 3011 2863 Godel‘ridumco.nitem
3045 2811 3504 2885 reddideritt'itl-l)

1927 2892 2039 2964 [απ.
2065 2893 2215 2966 985].

1997 2985 2120 3040 106.
2163 2985 2334 3057 (105.)
2399 2983 2638 3056 Epistula
2705 3001 2860 3058 quam
2903 2989 3218 3046 Laubienscs
3272 2995 3514 3048 titonar‘hi

1925 3077 2178 3131 miserunt
2244 3079 2494 3148 episcopis
2566 3077 2839 3134 Rotltardo
2908 3079 3362 3138 Camrmrensfum
3396 3127 3411 3154 ,
3464 3099 3514 3141 et

1927 3166 2170 3222 Nochero
2202 3167 2630 3223 Leodeccnrinm.
2673 3169 2784 3225 Nec
2830 3171 3123 3226 absurdum
3156 3175 3323 3230 videri
3355 3189 3515 3248 puta:-

1923 3279 2043 3317 tnus
2067 3264 2307 3317 inserere
2348 3263 2490 3332 quod
2519 3263 2848 3318 Laubienses
2879 3267 3147 3327 monachi.
3173 3267 3285 3335 jam
3309 3271 3510 3326 dudum

1922 3365 2141 3425 pastore
2165 3355 2374 3409 viduati
2401 3395 2415 3421 ,
2459 3355 2714 3410 domuum
2746 3357 3080 3413 Ilothardum
3124 3361 3430 3432 episcopum
3461 3373 3518 3420 et

1922 3441 2229 3500 Nocherum
2267 3445 2690 3502 Leodecensinm
2733 3447 3094 3518 epistolariter
3123 3455 3363 3523 aggressi
3396 3455 3510 3526 (an.

1924 3533 2089 3604 990),
2144 3534 2426 3606 subrogari
2474 3536 2576 3590 sibi
2629 3537 2879 3593 abbatem
2933 3529 3255 3610 licrigerum
3308 3543 3510 3614 scripto

1925 3621 2230 3694 huiusmodi
2277 3626 2552 3695 petierunt
2598 3635 2612 3679 :
2666 3646 2684 3678 ι
2723 3629 2965 3686 Dominis
3018 3639 3070 3685 et
3121 3633 3366 3700 patribus
3401 3637 3516 3706 epis

1925 3715 2102 3784 scopis
2139 3715 2536 3771 venerabilihus
2569 3717 2848 3774 Rothardo
2895 3730 2950 3775 et
2979 3719 3216 3778 Nolkero
3243 3765 3258 3789 ,
3296 3725 3518 3783 humilis

1926 3803 2272 3860 Lobiensium
2303 3815 2522 3862 caterva
2563 3809 2906 3864 devotissima
2940 3809 3178 3866 ﬁdelium
3207 3813 3514 3870 orationum

1928 3898 2132 3951 munia.
2166 3895 2489 3952 iamdudum
2539 3909 2756 3969 pastore
2789 3899 3011 3967 viduali,
3054 3903 3354 3958 diutissime
3388 3922 3518 3960 vero

1931 3987 2158 4041 rectoris
2197 3986 2413 4042 solliciti
2459 3987 2736 4058 diligentia
2785 3989 3066 4056 destituti,
3121 4003 3357 4047 vestram
3389 4010 3517 4049 con-

1928 4078 2175 4134 venimus
2221 4079 2606 4149 paternitatem
2648 4081 2900 4137 submissi
2937 4123 2951 4146 ,
2992 4084 3245 4153 quoniam
3298 4086 3518 4155 quidem

1931 4169 2159 4223 alterum
2209 4179 2449 4225 vestrum
2504 4171 2830 4238 animabus,
2887 4171 3116 4228 alterum
3165 4176 3306 4230 Deus
3351 4177 3523 4231 voluit

1931 4262 2314 4317 subintendere
2344 4262 2664 4332 corporibus
2693 4263 2858 4334 (215),
2905 4271 2964 4318 ut
3007 4279 3125 4318 eum
3157 4267 3313 4322 nobis
3336 4271 3519 4336 pravi-

1931 4351 2109 4405 deatis
2160 4351 2436 4419 abbatem,
2479 4353 2572 4422 qui
2601 4353 2702 4410 hoc
2748 4354 2819 4407 sit
2867 4353 3010 4422 quod
3040 4353 3276 4423 dicatur,
3324 4357 3374 4410 id
3407 4368 3515 4424 est,

251 4437 563 4507 iuquietudo
612 4455 828 4495 morum
851 4475 867 4506 ,
925 4441 1090 4495 immo
1135 4449 1227 4495 aut
1258 4442 1535 4496 saecularis
1581 4443 1824 4510 ambitio,
1858 4413 1908 4473 ι)
1936 4451 1994 4496 ut
2019 4450 2073 4496 et
2107 4443 2427 4510 corporibus
2457 4453 2682 4513 paterno
2724 4441 2918 4498 allecto
2947 4444 3308 4499 necessariam
3336 4463 3524 4503 curam

249 4523 535 4586 Lotharius
578 4547 696 4595 rex,
741 4531 1007 4586 Henricus
1037 4548 1255 4602 quoque
1291 4535 1399 4588 dux
1446 4531 1826 4602 Bajoariorum

253 4617 304 4673 in
331 4625 510 4691 prisca
539 4624 658 4677 odia
688 4623 1072 4679 recrudescunt
1107 4625 1192 4691 "it,
1227 4641 1411 4696 pacem
1443 4627 1658 4700 quidem
1683 4627 1825 4684 bello

1935 4534 2230 4604 impendat,
2262 4543 2317 4588 et
2359 4536 2663 4590 animarum
2708 4535 2934 4590 salutem
2985 4535 3218 4606 pastoris
3245 4537 3526 4608 vigilantia

1935 4643 2041 4682 non
2088 4626 2366 4697 neglegat;
2395 4629 2574 4699 sitque
2607 4627 2927 4684 interiorum
2975 4644 3162 4684 curam
3193 4627 3248 4685 in
3290 4632 3526 4686 exterio-

1531 4824 1767 4885 VAlll/E
1807 4825 2216 4890 LECTIONES.

328 4957 392 5037 ¹τ³
413 4961 517 5028 Qui
541 4985 610 5037 -ις
630 4955 1210 5037 illesus‘evasitpriruo
1246 4981 1350 5020 non
1389 4975 1539 5021 erant
1563 4965 1618 5037 in
1647 4966 1698 5037 i_.
1725 4967 1816 5020 sed
1844 4969 2022 5022 statim
2046 4965 2287 5037 pergebat
2317 4969 2672 5026 convertitur.
2707 4955 2866 5027 Unde
2894 4985 3018 5028 cum
3043 4969 3242 5037 probro
3271 4981 3318 5022 et
3336 4981 3524 5022 cetera.

262 5025 360 5084 Sed
384 5025 570 5114 auctor
589 5031 882 5114 ipseverlga
921 5025 1074 5090 Unde
1099 5053 1320 5114 cu_m_--
1349 5036 1626 5114 estintavit
1660 5033 1813 5090 lineis
1845 5025 2164 5114 transductis
2189 5036 2397 5114 delevit,
2433 5051 2490 5114 et
2543 5025 2696 5114 signa
2735 5043 2792 5105 ῴ
2819 5025 2948 5112 post,
2971 5025 3310 5114 convertitur
3337 5041 3528 5114 inserto

265 5104 427 5185 omnia
463 5101 710 5185 illa-Qui
733 5131 806 5185 :-
831 5101 1009 5185 illesus
1027 5108 1209 5185 evasit
1231 5107 1524 5185 discedam
1552 5115 1738 5160 assuta
1768 5107 2048 5185 supplevit,
2077 5106 2296 5185 pra’ﬁtro
2343 5101 2526 5168 eadem
2560 5101 2710 5185 signa
2856 5115 2924 5171 In
2966 5114 3026 5169 2.
3058 5107 3113 5164 8.
3150 5110 3300 5164 verba
3359 5107 3531 5170 Under

265 5171 781 5228 cuin—~estimavit
815 5171 1020 5244 desunt,
1059 5179 1152 5232 sed
1176 5177 1234 5232 5.
1275 5176 1328 5231 5.
1375 5180 1566 5234 habent
1586 5191 1672 5230 ea.

1775 5175 1845 5208 ³⁷⁸
1866 5175 2246 5232 retrudescunt
2267 5177 2320 5231 l.

1762 5304 1996 5358 NOTAE.
