4052 5358
547 213 660 304 ἰρι

1548 239 1770 295 GESTA
1805 232 2220 293 PONTIFICL‘M
2244 234 2854 292 CAMHL-XCENSICM.

3722 236 3826 293 108

559 386 683 426 rum
717 365 1070 437 occupatione
1099 378 1204 419 non
1247 364 1518 427 minuens,
1562 370 1618 415 et
1667 358 1996 415 exteriorum
2022 370 2146 427 pro-
2172 357 2221 416 Α
2253 357 2566 414 timentibus
2617 335 2785 414 Deum
2836 357 3008 428 (l’sal.
3046 375 3215 413 xum
3241 400 3257 424 ,
3299 359 3406 428 l0).
3443 379 3460 411 ι
3493 359 3558 416 Ει
3591 378 3605 414 :
3638 378 3659 412 ι
3706 357 3826 414 Non

561 460 854 517 videntium
875 459 928 513 in
954 457 1271 512 interiorum
1296 452 1658 509 sollicitudine
1679 465 1786 505 non
1809 449 2142 512 relinquens,

561 569 631 608 ne
658 562 752 606 aut
778 547 1139 605 exterioribus
1180 547 1391 601 deditus
1425 545 1492 598 ab
1532 541 1738 596 intimis
1779 548 2021 603 corruat,
2051 545 2145 591 aut

554 642 697 720 solis
725 639 1076 695 interioribus
1105 646 1420 706 occupatus,
1451 649 1571 703 qua:
1597 632 1731 688 loris
1756 631 1936 695 debet,
1963 628 2146 698 proxi-

561 733 672 787 mis
715 747 820 786 non
867 730 1166 800 impendat;
1203 726 1550 796 cujusjussio
1578 725 1664 778 vel
1711 724 1956 778 doctrina
2001 721 2148 775 velut

566 813 893 877 fermentum
919 821 1111 875 divinae
1126 817 1348 886 justitia}
1375 817 1426 870 in
1455 814 1842 883 discipulorum
1873 811 2146 866 mentibus

562 919 982 981 conspergatur;
1047 907 1140 978 qui
1208 915 1261 959 ct
1304 904 1518 959 studeat
1568 903 1690 972 plus
1746 901 1916 956 amari
1981 914 2144 968 quam

570 1003 769 1066 timeri,
800 1013 855 1056 et
901 1001 953 1054 in
1003 999 1243 1070 imperiis
1274 998 1387 1050 suis
1413 1036 1428 1062 ,
1471 995 1584 1050 sive
1632 993 1926 1049 secundum
1977 990 2143 1044 Deum

564 1079 678 1148 sive
707 1091 999 1144 secundum
1025 1086 1290 1150 seculum,
1314 1084 1567 1155 providus
1590 1084 1658 1138 sit
1679 1091 1731 1136 et
1751 1081 2142 1142 consideratus,

565 1193 858 1253 ceteraque
882 1195 912 1232 a
940 1180 1102 1233 beato
1129 1176 1419 1231 Benedicto
1462 1174 1778 1244 deprompta
1834 1186 1931 1239 pro
1974 1168 2146 1237 possi-

564 1274 790 1328 bilitatis
819 1277 1067 1325 humanae
1105 1267 1424 1323 sollicitctur
1449 1262 1702 1318 all'eetare
1747 1258 2142 1316 convenientia.

564 1362 646 1417 Ad
694 1377 812 1430 quae
867 1368 1159 1426 utcumque
1201 1353 1501 1408 aliectanda
1533 1350 1731 1418 nullum
1763 1349 1865 1403 hoc
1904 1357 2147 1414 tempore

565 1452 830 1522 aptiorem
871 1447 1113 1502 invenire
1140 1444 1413 1514 potuimus
1437 1483 1452 1508 ,
1494 1455 1656 1510 quam
1697 1438 1951 1492 domuum
1988 1434 2146 1488 Heri-

563 1557 778 1610 gerum,
810 1541 984 1591 virum
1024 1532 1115 1600 ‘7‘,
1149 1533 1258 1588 Deo
1291 1542 1450 1598 teste,
1481 1545 1586 1585 non
1643 1528 1935 1583 secundum
1991 1541 2144 1579 suam

563 1633 660 1686 sed
691 1621 984 1686 secundum
1024 1637 1263 1682 nostram
1315 1623 1710 1678 cstimationcm
1737 1661 1753 1686 ,
1804 1627 1928 1672 ante
1974 1631 2146 1670 annos

2247 446 2450 517 allligct
2479 448 2738 502 Dominus
2768 447 2912 502 fame
2941 448 3179 506 animam
3214 447 3346 515 justi
3379 446 3566 522 (Prov.
3590 450 3755 518 ινδ).
3793 471 3826 504 ι)

2247 536 2311 590 Ει
2341 554 2356 590 :
2394 556 2412 587 ι
2442 535 2633 592 Junior
2662 536 2736 592 fui
2759 577 2775 603 ,
2811 537 3010 592 etenim
3041 539 3193 592 senui
3219 578 3235 602 ,
3265 548 3320 594 et
3349 555 3455 594 non
3487 543 3592 596 vidi
3615 542 3828 608 justum

2249 630 2565 684 derelictum
2598 646 2699 687 nec
2747 646 2934 686 semen
2963 630 3080 700 ejus
3127 647 3373 701 quaerens
3412 650 3604 703 panem
3650 635 3828 706 (Paul.

2247 738 2458 785 xxxvi,
2512 721 2650 792 25).
2712 741 2732 773 ι
2806 721 3035 794 Propter
3115 723 3216 778 hoc
3290 725 3521 792 primum
3602 729 3834 796 qumrite

2251 827 2474 881 regnum
2508 813 2601 865 Dei
2639 821 2692 866 et
2730 811 2996 880 justitiam
3025 812 3159 880 ejus,
3208 823 3263 867 et
3305 815 3420 870 haec
3471 819 3655 872 omnia
3691 818 3833 887 adji-

2249 903 2463 955 cientnr
2509 901 2660 955 vobis
2711 901 2925 969 (Matth.
2976 917 3051 969 vt,
3093 904 3206 962 5'5).
3263 923 3282 955 ι
3333 907 3415 960 Ad
3449 906 3694 962 ultimum
3727 912 3834 963 sub

2248 993 2613 1046 obtestatione
2671 993 2835 1047 divini
2893 994 3104 1049 timoris
3155 995 3448 1064 objecimus
3501 999 3629 1053 illud
3683 1001 3832 1054 beati

2247 1099 2400 1152 papae
2429 1083 2673 1154 Gregorii
2707 1082 2854 1153 (Cur.
2887 1097 3023 1154 past.
3061 1085 3112 1151 l,
3141 1086 3214 1156 5).
3246 1090 3312 1142 dc
3340 1088 3424 1141 his
3451 1090 3541 1156 qui
3569 1091 3836 1159 prodesse

2250 1184 2476 1244 possunt
2501 1188 2555 1229 et
2585 1190 2802 1244 preesse
2847 1175 3142 1244 refugiunt.
3191 1195 3208 1226 ι
3250 1175 3543 1232 Tantorum
3583 1200 3603 1232 ι
3654 1180 3837 1249 inquit

2229 1281 2276 1331 «ι
2315 1265 2368 1318 in
2400 1265 2681 1320 tremendo
2705 1264 2908 1333 judicno
2956 1267 3034 1321 rei
3085 1266 3254 1322 futuri
3286 1278 3414 1324 sunt
3437 1309 3456 1333 ,
3492 1271 3713 1339 quantis
3741 1272 3836 1326 hic

2251 1357 2510 1427 prodesse
2554 1366 2866 1426 potuerunt.
2903 1376 2922 1410 ι
2965 1357 3047 1412 Ad
3081 1359 3194 1416 lucc
3222 1358 3494 1428 praebente
3526 1359 3618 1414 illo
3645 1377 3838 1416 asseu-

2251 1466 2392 1512 suzu,
2442 1459 2493 1504 et
2545 1466 2644 1505 nos
2694 1453 2796 1507 sub
2844 1459 3026 1506 vestro
3066 1461 3120 1504 et
3169 1461 3475 1506 ceterorum
3520 1454 3838 1508 testiinonio

2250 1541 2618 1609 prcrriittiinus
2645 1542 2691 1596 ei
2724 1552 2922 1597 nostra:
2966 1541 3259 1596 secundum
3304 1541 3544 1611 regulam
3571 1543 3837 1598 obedien-

2253 1630 2338 1682 tia:
2375 1631 2595 1693 bonum,
2629 1639 2707 1695 et,
2741 1630 2891 1685 salva
2913 1630 2966 1684 in
2998 1629 3250 1684 omnibus
3277 1641 3456 1684 vestra
3483 1631 3838 1695 auctoritate,

565 1717 766 1776 multos
799 1725 855 1773 et
883 1716 1160 1773 uobiscum
1187 1711 1463 1770 socialiter
1495 1721 1552 1766 ut
1597 1709 1822 1765 fratrem
1855 1721 2140 1763 conversa-

2253 1719 2384 1774 satis
2413 1736 2512 1774 nos
2560 1720 2609 1775 ei
2650 1721 2894 1776 facturos
2925 1721 2992 1776 de
3027 1731 3213 1775 neStra
3243 1711 3542 1776 secundum
3588 1721 3840 1790 proposi-

563 1819 678 1866 ‘tum
709 1849 726 1875 ,
799 1807 1090 1877 multisque
1152 1804 1532 1861 emolumentis
1585 1803 1741 1858 nobis
1789 1800 2090 1871 prolicnum
2125 1838 2140 1861 ,

550 1891 812 1972 'pluribus
864 1915 994 1956 vero
1047 1908 1356 1954 nostrorum
1427 1896 1672 1966 magistri
1722 1904 1776 1949 et
1841 1890 2146 1948 educatoris

565 2005 802 2048 strenua:
829 1990 1211 2062 adimpleutcm
1243 1987 1498 2042 ollicium.
1548 1986 1644 2041 Cui
1694 1985 1817 2038 licet
1864 1983 2001 2037 desit
2049 1997 2144 2034 sua

566 2083 917 2138 attestatioue
962 2080 1244 2150 catalogus
1292 2080 1551 2134 virtutum
1598 2095 1626 2132 a
1671 2078 1828 2131 beato
1859 2073 2148 2129 Benedicto

566 2173 620 2228 in
649 2174 897 2229 abbatem
924 2168 1233 2234 deﬂoratus,
1257 2178 1436 2224 tamen
1459 2167 1525 2220 ad
1550 2166 1664 2221 haec
1687 2165 1970 2234 aspiranda
1997 2166 2148 2217 bonae

545 2259 883 2320 intentionis
933 2276 1150 2331 semper
1181 2258 1333 2314 alluit
1377 2258 1604 2312 intuitus
1630 2297 1646 2322 ,
1693 2256 1986 2310 secundum
2019 2253 2150 2308 illud

548 2356 934 2426 'evangelicum
960 2370 974 2408 :
1007 2372 1026 2404 ι
1057 2353 1114 2407 Si
1138 2351 1326 2408 oculus
1356 2359 1483 2405 tuus
1506 2348 1667 2405 fuerit
1695 2347 1942 2416 simplex,
1981 2354 2149 2400 totum

548 2459 763 2517 'co‘rpus
820 2455 969 2500 tuum
1000 2441 1237 2498 lucidum
1267 2441 1372 2496 erit
1408 2438 1626 2511 (Matth.
1665 2453 1737 2503 vi,
1767 2435 1895 2504 9.2);
1936 2453 1954 2486 ι
1987 2433 2039 2488 id
2068 2440 2152 2486 est

563 2536 845 2608 quodlibet
875 2535 946 2590 sit
974 2550 1112 2605 opus
1145 2533 1198 2586 iu
1231 2531 1472 2602 publico,
1519 2530 1661 2584 bona
1694 2538 1874 2582 tamen
1922 2523 2151 2580 intentio

505 2657 516 2664 ν
569 2633 786 2680 maneat
837 2625 892 2677 in
940 2620 1175 2677 occulto.
1227 2619 1285 2674 lu
1334 2617 1490 2688 cujus
1547 2616 1865 2672 electionem
1896 2613 2154 2670 novezitis

543 2721 676 2772 Vnou
724 2717 914 2771 deesse
961 2722 1202 2768 nostram
1246 2698 1678 2773 unanimitatem,
1729 2704 2024 2762 secundzru
2059 2719 2153 2757 no-

565 2818 694 2863 strae
726 2807 924 2877 regulae
950 2805 1364 2866 institutionem,
1397 2817 1518 2871 quae
1555 2800 1792 2871 precepit
1825 2799 1906 2852 vel
1930 2795 2152 2852 omnino

559 2903 894 2958 concordem
929 2899 982 2953 in
1013 2899 1116 2953 hoc
1141 2896 1256 2950 lieri
1286 2894 1781 2965 congregationem,
1823 2890 1909 2945 vel
1952 2887 2151 2944 saniori

565 2994 796 3050 consilio
829 2993 990 3046 etiam
1020 2989 1269 3060 quamvis
1321 2986 1596 3041 minimam
1622 2993 1849 3054 partem.
1884 2979 2018 3035 Nam
2049 2978 2150 3033 etsi

567 3086 637 3140 sit
684 3081 881 3152 aliquis
925 3080 1052 3136 huic
1095 3077 1348 3135 electioni
1397 3091 1504 3130 non
1551 3082 1978 3137 consentaneus,
2027 3068 2151 3122 licet

569 3170 836 3238 occultus,
867 3172 957 3227 hic
992 3171 1047 3227 in
1081 3185 1138 3226 se
1169 3169 1291 3224 tulit
1317 3165 1664 3232 sententiam,
1713 3179 1819 3220 non
1848 3161 2156 3231 refragante

574 3263 738 3318 etiam
789 3271 968 3318 vestra
1033 3257 1369 3316 conscientia
1401 3297 1415 3321 ,
1471 3254 1615 3324 quod
1673 3252 1895 3307 omnino
1951 3247 2158 3304 inutilis

543 3352 708 3412 'velit.
749 3369 870 3410 esse
915 3361 971 3408 et
1010 3349 1359 3421 inprolicuus.
1390 3347 1472 3401 Ad
1507 3347 1608 3400 hoc
1642 3355 1820 3398 autem
1853 3341 2156 3396 animarum

568 3450 816 3522 regimen
889 3445 1158 3517 aspirasse
1227 3457 1349 3496 eum
1409 3439 1642 3510 pecunia
1699 3437 1780 3490 vel
1837 3433 2153 3493 ambitione,

573 3557 694 3611 qua:
733 3539 904 3608 prima
960 3545 1046 3590 cst
1089 3535 1156 3589 de
1207 3531 1599 3601 quadripartita
1653 3525 1944 3596 pastoralis
2007 3538 2154 3578 cura:

573 3610 963 3690 subdiviSione,
1003 3625 1184 3678 Jesum
1233 3629 1494 3674 testamur
1545 3628 1600 3670 et
1652 3613 1989 3668 tremendum
2041 3610 2158 3679 ejus

573 3718 875 3790 judicium,
928 3715 983 3768 in
1039 3721 1229 3767 nostra
1283 3706 1508 3763 scientia
1561 3719 1666 3759 non
1723 3717 1862 3758 esse.
1918 3700 2159 3767 Qualiter

577 3819 758 3864 autem
789 3807 999 3871 doceat,
1031 3804 1088 3860 id
1118 3812 1201 3858 est
1245 3811 1303 3856 ut
1329 3799 1466 3854 sciat
1495 3798 1634 3852 unde
1664 3795 1902 3866 proferat
1942 3808 2076 3847 nova
2104 3801 2158 3846 et

579 3911 784 3962 vetera,
815 3906 1026 3952 certum
1054 3903 1136 3950 est
1175 3902 1226 3947 et
1265 3891 1416 3947 vobis
1449 3898 1502 3945 et
1528 3889 1705 3951 nobis,
1735 3887 1784 3942 ei
1833 3883 2161 3940 snlIicieuter

576 3987 821 4044 subesse.
872 3986 976 4042 Sed
1019 3993 1074 4041 et
1113 3983 1344 4055 qualiter
1389 3982 1575 4046 vivat,
1617 3979 1760 4050 quod
1811 3976 2156 4048 potissimum

580 4096 704 4135 esse
753 4077 1119 4150 pel-sensimus
1155 4075 1299 4146 quod
1345 4073 1461 4143 ejus
1511 4067 1903 4126 conscientiam
1959 4083 2159 4122 remor-

583 4172 729 4236 deat,
765 4168 1157 4225 iuculcavi'mus
1200 4165 1248 4220 ei
1280 4164 1478 4234 quique
1509 4159 1742 4216 sanioris
1788 4159 1987 4212 luimus
2032 4175 2158 4214 con-

581 4260 712 4325 silii,
743 4260 886 4316 beati
924 4256 1198 4312 Benedicti
1234 4252 1623 4318 consolatoria,
1660 4266 1778 4323 quae
1808 4259 1934 4303 sunt
1961 4249 2014 4302 in
2046 4250 2161 4304 ha-c

580 4355 746 4408 verba
799 4369 813 4405 :
872 4373 889 4403 ι
937 4350 1072 4406 Dum
1133 4369 1152 4402 ι
1194 4349 1367 4418 inquit
1426 4365 1446 4398 ι
1504 4347 1569 4402 de
1619 4341 1810 4400 alienis
1862 4342 2159 4398 ratiociniis

2249 1819 2359 1864 tum
2429 1819 2671 1865 nostrum
2741 1811 3097 1880 subjectione.
3165 1809 3280 1866 Non
3327 1819 3508 1866 autem
3560 1812 3840 1866 existimet

2246 1902 2562 1958 excellentia
2608 1913 2799 1956 vestra:
2847 1901 3120 1966 solertite,
3171 1901 3224 1954 iii
3282 1900 3383 1954 hac
3431 1915 3528 1955 nos
3568 1899 3842 1956 electione

2250 1993 2428 2049 verbis
2454 2002 2663 2046 tantum
2710 1991 2905 2046 fucatis
2946 2000 3000 2046 et
3037 2000 3263 2046 coturno
3290 1989 3612 2059 eloquentiae
3651 1992 3841 2046 deser-

2250 2088 2367 2141 vire
2393 2085 2648 2148 voluisse,
2694 2085 2790 2139 sed
2832 2084 3010 2154 potius
3037 2098 3099 2136 ea
3129 2098 3248 2154 quze
3282 2081 3600 2139 desolationi
3636 2094 3842 2138 nostra:

2249 2187 2306 2232 et
2347 2176 2446 2246 ipsi
2499 2175 2674 2230 electo
2734 2173 2938 2228 scimus
2994 2174 3304 2228 necessaria
3375 2172 3491 2228 fore
3523 2215 3543 2238 ,
3588 2188 3675 2228 ex.
3707 2191 3842 2229 vero

2250 2277 2306 2323 et
2363 2282 2469 2322 non
2539 2265 2666 2320 ﬂeto
2730 2265 2893 2320 corde
2925 2273 3116 2319 vestra:
3183 2263 3542 2334 magnitudini
3591 2264 3844 2335 deprom-

2252 2374 2442 2427 psisse.
2474 2375 2492 2409 ι
3659 2411 3664 2420 _
3692 2406 3706 2422 ,

2326 2451 2448 2504 107.
2517 2447 2690 2517 (106.)
2754 2447 2830 2502 De
2868 2447 3262 2518 inregularitate
3320 2445 3550 2502 Fulradi
3606 2448 3838 2514 abbatis,

2252 2552 2298 2596 et
2328 2540 2466 2610 quod
2496 2539 2801 2594 inimiccbat
2842 2539 3075 2592 comitem
3114 2536 3524 2590 Flaudrcmium
3550 2547 3596 2590 et
3628 2539 3836 2608 episca-

2252 2647 2375 2700 pnm
2426 2628 2774 2682 Rotlmrdum.
2826 2627 2884 2680 lu
2935 2627 3024 2682 illo
3077 2640 3202 2682 vero
3245 2636 3484 2696 tempore
3530 2625 3844 2691 Fulradus,

2255 2723 2390 2778 falso
2453 2722 2672 2777 nomine
2721 2721 3059 2784 monachus,
3106 2719 3336 2774 abbatire
3385 2727 3603 2790 preerat
3665 2719 3847 2774 sancti

2259 2814 2472 2870 Vedasti
2505 2854 2520 2877 ,
2593 2812 2706 2882 qui,
2779 2810 3157 2880 inrcgulariter
3202 2809 3390 2865 vivens
3421 2847 3440 2873 ,
3485 2807 3845 2879 prolationem

2253 2902 2428 2958 sancti
2489 2901 2723 2957 nominis
2786 2899 3021 2955 exuebat
3069 2897 3328 2970 dignitate
3384 2896 3626 2952 honoris.
3685 2895 3848 2953 Curis

2256 3009 2486 3063 namque
2515 2992 2802 3064 pastoralis
2837 2990 3090 3046 sollertiae
3137 2988 3276 3043 male
3323 2985 3670 3058 posthabitis,
3719 2985 3848 3057 plus

2182 3091 2225 3151 C
2259 3088 2425 3142 nimio
2451 3085 2800 3142 molaribus
2834 3082 3066 3154 negotiis
3097 3081 3456 3150 inplicabatur
3482 3119 3500 3146 ,
3541 3094 3608 3133 ac
3641 3078 3850 3133 lenoci-

2258 3188 2422 3233 nante
2494 3175 2677 3232 carnis
2721 3174 2991 3230 desiderio
3021 3213 3038 3238 ,
3086 3173 3283 3228 horreo
3333 3171 3556 3234 dicere,
3603 3170 3848 3240 speciem

2257 3268 2428 3322 sancti
2462 3265 2679 3322 habitus
2727 3263 2952 3320 omnino
3001 3261 3383 3316 mentiebatur.
3429 3259 3581 3327 Quod
3613 3259 3761 3312 enim
3794 3258 3851 3311 in

2259 3360 2446 3415 usibus
2501 3357 2761 3414 aecclesite
2811 3356 2926 3411 sive
2968 3353 3201 3408 fratrum
3247 3352 3471 3416 deberet
3515 3349 3848 3419 expendere,

2258 3454 2363 3508 hoc
2413 3451 2667 3506 nimirum
2703 3488 2720 3512 ,
2769 3446 2938 3502 attat!
2989 3459 3089 3516 per
3143 3442 3442 3497 amicarum
3487 3437 3848 3496 conciliabula

2260 3543 2489 3612 turpiter
2531 3537 2869 3610 proﬂigabat.
2914 3534 3032 3602 Qua
3078 3533 3144 3587 de
3188 3547 3244 3586 re
3285 3532 3352 3586 ab
3395 3529 3652 3599 episcopo
3701 3541 3851 3597 scepe

2259 3630 2397 3684 clam
2425 3639 2666 3692 vocatus,
2695 3625 2938 3681 districto
2961 3623 3250 3692 judicatur,
3297 3620 3534 3690 graviter
3559 3617 3848 3687 arguitur;

2259 3720 2355 3774 sed
2398 3733 2547 3783 cum,
2591 3714 2947 3784 iucorrigibili
2997 3713 3177 3784 rigore
3207 3711 3470 3771 duratus,
3519 3707 3587 3761 ab
3631 3707 3854 3775 incepto

2261 3811 2437 3866 minus
2467 3809 2773 3868 desisteret,
2799 3804 3008 3874 publice
3039 3801 3418 3872 reprehensus,
3449 3797 3598 3868 virga
3627 3803 3852 3864 aposto-

2260 3901 2377 3964 lica:
2404 3897 2748 3954 auctoritatis
2784 3895 2906 3966 jure
2935 3892 3146 3948 ferltur.
3183 3891 3375 3944 Postea
3407 3899 3585 3942 tamen
3610 3884 3851 3954 speciem

2259 3988 2590 4062 poenitentiae
2640 3987 2892 4049 inducns,
2947 3984 3013 4038 ad
3058 3981 3486 4037 satisfactionem
3539 3990 3850 4040 recurrens,

2259 4082 2538 4137 confessus
2565 4079 2778 4148 culpam
2805 4119 2822 4144 ,
2854 4091 3049 4146 rogans
3076 4075 3285 4130 veniam
3309 4114 3326 4140 ,
3367 4071 3709 4127 absolutione
3755 4069 3854 4123 do-

2261 4185 2436 4230 natur.
2467 4172 2794 4227 Procedente
2839 4186 2968 4225 vero
3014 4179 3253 4236 tempore
3296 4166 3540 4236 pristinae
3587 4159 3851 4234 pravitati

2262 4281 2447 4321 rursus
2475 4263 2781 4328 adhmrens,
2815 4270 2873 4316 ut
2905 4261 3018 4316 suis
3064 4259 3281 4331 quidem
3335 4255 3641 4312 feculentiis
3671 4253 3857 4308 laxior

2262 4357 2432 4427 possit
2483 4355 2772 4418 insistere,
2822 4353 2989 4421 cmpit
3041 4352 3182 4405 inter
3243 4349 3554 4420 episcOpum
3602 4355 3656 4401 et
3706 4346 3857 4400 inter

581 4457 755 4510 cavet,
789 4446 1029 4502 redditur
1071 4445 1136 4500 de
1176 4443 1288 4499 suis
1327 4442 1616 4506 sollicitus;
1643 4449 1698 4495 ct
1733 4440 1858 4494 dum
1891 4439 1957 4493 de
1984 4437 2151 4492 inoni-

2267 4445 2549 4501 Arnull‘um
2621 4443 2767 4514 (2H3)
2829 4429 3242 4497 Flaudrensinm
3295 4439 3547 4493 comitem
3611 4447 3855 4502 suosque

582 4535 818 4588 tionibus
859 4534 973 4588 suis
1014 4533 1444 4589 emendationem
1473 4529 1595 4584 aliis
1620 4528 2016 4589 subministrat,
2045 4526 2158 4596 ipse

580 4621 810 4679 eilicitur
835 4637 865 4677 a
889 4623 1034 4678 vitiis
1057 4623 1392 4678 emendatus.
1435 4619 1604 4674 Nimis
1633 4626 1714 4672 est
1740 4618 1882 4672 enim
1908 4615 2159 4670 ethnicus

583 4722 638 4768 et
662 4713 984 4783 publicanus
1021 4713 1112 4781 qui
1139 4752 1155 4776 ,
1187 4712 1319 4767 alios
1370 4707 1786 4780 reprehendens,
1840 4704 1973 4760 ttulit
2015 4703 2157 4758 inre-

583 4805 962 4876 prehensibilis
1017 4819 1180 4870 esse,
1225 4818 1346 4859 cum
1409 4804 1548 4856 idem
1598 4799 1787 4854 beatus
1838 4797 2157 4876 Benedictus

583 4897 728 4952 dicat
759 4913 771 4948 :
809 4914 827 4947 ι
874 4895 1238 4964 Quaecumque
1279 4891 1566 4961 diScipulos
1607 4873 1997 4944 docuerit‘csse
2027 4903 2160 4941 con-

585 4991 775 5050 traria,
809 4986 861 5040 in
901 4985 1015 5041 suis
1051 4985 1264 5039 actibus
1293 4982 1499 5051 judicet
1545 4997 1650 5035 nou
1686 4980 1908 5052 agenda.
1944 4999 1962 5031 ι
1997 4979 2062 5033 Et
2093 4979 2158 5032 de

585 5077 780 5132 minori
805 5073 1109 5133 substantia
1135 5073 1453 5130 sollicitum:
1487 5091 1506 5123 ι
1527 5071 1668 5128 Nihil
1697 5090 1716 5122 ι
1746 5070 1922 5141 inquit
1952 5087 1970 5122 ι
2007 5069 2160 5124 deest

2267 4536 2453 4590 lideles
2503 4549 2695 4588 novam
2763 4533 3008 4588 odiorum
3062 4530 3342 4585 materiam
3400 4526 3734 4588 interferre,
3786 4531 3852 4577 ut.

2267 4626 2445 4698 prcsul
2481 4624 2731 4679 videlicet
2777 4621 3072 4676 inimicitiis
3117 4617 3334 4674 toruitis
3383 4615 3686 4678 sollicitus,
3731 4609 3857 4680 ejus

2265 4717 2534 4788 nequitias
2568 4715 2779 4770 desinat
2825 4712 3119 4781 corrigere.
3161 4708 3272 4763 lloc
3323 4706 3568 4777 [refecto
3597 4711 3858 4757 versutus

2265 4811 2510 4866 incentor
2570 4809 2636 4862 ad
2676 4804 3010 4875 ampliandas
3037 4800 3331 4857 discordias
3363 4812 3484 4853 cum
3535 4792 3760 4850 subdola
3795 4801 3858 4846 et

2267 4901 2543 4957 verisimili
2597 4898 2895 4953 assertione
2937 4894 3189 4957 addebat,
3235 4907 3293 4946 se
3343 4890 3541 4945 habere
3593 4885 3856 4940 videlicet
3929 4903 3933 4911 ι

2265 4991 2439 5047 sancti
2475 4987 2770 5043 Vinditiaui
2810 4984 3048 5052 ejusdem
3089 4982 3236 5036 sedis
3263 4979 3496 5050 episcopi
3545 4971 3855 5047 privilegia,

2269 5079 2563 5152 apostolica
2592 5077 2918 5133 auctoritate
2945 5073 3291 5138 confirmata,
3327 5074 3379 5122 in
3418 5068 3618 5138 quibus
3654 5063 3856 5118 decre-

1867 5199 2097 5255 VARUE
2139 5207 2541 5266 LECTIONES.

659 5279 726 5311 ¹¹¹⁸
765 5281 842 5332 ita
875 5277 1110 5342 correxi;
1141 5291 1324 5330 verum
1361 5275 1406 5326 l.
1442 5272 1552 5324 rell.
