  <div class='ocr_page' id='page_1' title='image "/cluster/home/n/w/nwhite01/storage/ocr_20150623/149/hvd.32044015473770/060.png"; bbox 0 0 4052 5358; ppageno 0'>
   <div class='ocr_carea' id='block_1_1' title="bbox 242 386 341 447">
    <p class='ocr_par' dir='ltr' id='par_1_1' title="bbox 242 386 341 447">
     <span class='ocr_line' id='line_1_1' title="bbox 242 386 341 447; baseline -0.02 0"><span class='ocrx_word' id='word_1_1' title='bbox 242 386 341 447; x_wconf 69' lang='grc'><strong>109</strong></span> 
     </span>
    </p>
   </div>
   <div class='ocr_carea' id='block_1_2' title="bbox 1624 363 2133 424">
    <p class='ocr_par' dir='ltr' id='par_1_2' title="bbox 1624 363 2133 424">
     <span class='ocr_line' id='line_1_2' title="bbox 1624 363 2133 424; baseline -0.012 0"><span class='ocrx_word' id='word_1_2' title='bbox 1624 366 1825 424; x_wconf 78' lang='lat' dir='ltr'><strong>LIBER</strong></span> <span class='ocrx_word' id='word_1_3' title='bbox 1855 363 2133 421; x_wconf 75' lang='lat' dir='ltr'><strong>PRiMiiS.</strong></span> 
     </span>
    </p>
   </div>
   <div class='ocr_carea' id='block_1_3' title="bbox 3399 348 3513 407">
    <p class='ocr_par' dir='ltr' id='par_1_3' title="bbox 3399 348 3513 407">
     <span class='ocr_line' id='line_1_3' title="bbox 3399 348 3513 407; baseline -0.009 0"><span class='ocrx_word' id='word_1_4' title='bbox 3399 348 3513 407; x_wconf 72' lang='lat'><strong>110</strong></span> 
     </span>
    </p>
   </div>
   <div class='ocr_carea' id='block_1_4' title="bbox 245 469 3516 561">
    <p class='ocr_par' dir='ltr' id='par_1_4' title="bbox 245 469 3516 561">
     <span class='ocr_line' id='line_1_4' title="bbox 245 469 3516 561; baseline -0.009 -8"><span class='ocrx_word' id='word_1_5' title='bbox 245 510 352 553; x_wconf 88' lang='lat' dir='ltr'><strong>tum</strong></span> <span class='ocrx_word' id='word_1_6' title='bbox 400 504 572 561; x_wconf 90' lang='lat' dir='ltr'><strong>esset,</strong></span> <span class='ocrx_word' id='word_1_7' title='bbox 631 493 930 550; x_wconf 75' lang='lat' dir='ltr'><strong>monachos</strong></span> <span class='ocrx_word' id='word_1_8' title='bbox 982 489 1158 547; x_wconf 88' lang='lat' dir='ltr'><strong>sancti</strong></span> <span class='ocrx_word' id='word_1_9' title='bbox 1202 487 1423 545; x_wconf 82' lang='lat' dir='ltr'><strong>Vedasti</strong></span> <span class='ocrx_word' id='word_1_10' title='bbox 1471 500 1578 541; x_wconf 92' lang='lat' dir='ltr'><strong>non</strong></span> <span class='ocrx_word' id='word_1_11' title='bbox 1626 484 1824 539; x_wconf 80' lang='lat' dir='ltr'><strong>debere</strong></span> <span class='ocrx_word' id='word_1_12' title='bbox 1852 480 2071 553; x_wconf 65' lang='lat' dir='ltr'><strong>Avioni</strong></span> <span class='ocrx_word' id='word_1_13' title='bbox 2100 478 2169 512; x_wconf 79' lang='lat'>&quot;&#39;</span> <span class='ocrx_word' id='word_1_14' title='bbox 2198 475 2337 533; x_wconf 89' lang='lat' dir='ltr'><strong>male</strong></span> <span class='ocrx_word' id='word_1_15' title='bbox 2386 473 2671 539; x_wconf 78' lang='lat' dir='ltr'><strong>tradebat,</strong></span> <span class='ocrx_word' id='word_1_16' title='bbox 2718 470 2811 543; x_wconf 90' lang='lat' dir='ltr'><strong>qui</strong></span> <span class='ocrx_word' id='word_1_17' title='bbox 2859 481 3048 528; x_wconf 90' lang='lat' dir='ltr'><strong>contra</strong></span> <span class='ocrx_word' id='word_1_18' title='bbox 3094 469 3403 543; x_wconf 89' lang='lat' dir='ltr'><strong>evangelica</strong></span> <span class='ocrx_word' id='word_1_19' title='bbox 3457 479 3516 525; x_wconf 90' lang='lat' dir='ltr'><strong>et</strong></span> 
     </span>
    </p>
   </div>
   <div class='ocr_carea' id='block_1_5' title="bbox 245 575 1832 657">
    <p class='ocr_par' dir='ltr' id='par_1_5' title="bbox 245 575 1832 657">
     <span class='ocr_line' id='line_1_5' title="bbox 245 575 1832 657; baseline -0.009 -13"><span class='ocrx_word' id='word_1_20' title='bbox 245 588 441 645; x_wconf 87' lang='lat' dir='ltr'><strong>habere</strong></span> <span class='ocrx_word' id='word_1_21' title='bbox 467 584 542 619; x_wconf 75' lang='grc'><strong>⁸⁷⁸</strong></span> <span class='ocrx_word' id='word_1_22' title='bbox 565 593 880 657; x_wconf 75' lang='lat' dir='ltr'><strong>respectum</strong></span> <span class='ocrx_word' id='word_1_23' title='bbox 904 582 971 638; x_wconf 88' lang='lat' dir='ltr'><strong>ad</strong></span> <span class='ocrx_word' id='word_1_24' title='bbox 1010 576 1321 652; x_wconf 81' lang='lat' dir='ltr'><strong>pontificem</strong></span> <span class='ocrx_word' id='word_1_25' title='bbox 1352 577 1610 634; x_wconf 71' lang='lat' dir='ltr'><strong>aecclesize</strong></span> <span class='ocrx_word' id='word_1_26' title='bbox 1637 575 1832 631; x_wconf 83' lang='lat' dir='ltr'><strong>Came-</strong></span> 
     </span>
    </p>
   </div>
   <div class='ocr_carea' id='block_1_6' title="bbox 243 668 1830 743">
    <p class='ocr_par' dir='ltr' id='par_1_6' title="bbox 243 668 1830 743">
     <span class='ocr_line' id='line_1_6' title="bbox 243 668 1830 743; baseline -0.009 -9"><span class='ocrx_word' id='word_1_27' title='bbox 243 678 591 743; x_wconf 87' lang='lat' dir='ltr'><strong>racensium;</strong></span> <span class='ocrx_word' id='word_1_28' title='bbox 644 692 713 731; x_wconf 77' lang='lat' dir='ltr'><strong>ex</strong></span> <span class='ocrx_word' id='word_1_29' title='bbox 749 676 853 731; x_wconf 91' lang='lat' dir='ltr'><strong>hoc</strong></span> <span class='ocrx_word' id='word_1_30' title='bbox 901 690 1033 729; x_wconf 82' lang='lat' dir='ltr'><strong>sane</strong></span> <span class='ocrx_word' id='word_1_31' title='bbox 1070 672 1262 727; x_wconf 81' lang='lat' dir='ltr'><strong>falsam</strong></span> <span class='ocrx_word' id='word_1_32' title='bbox 1308 668 1830 740; x_wconf 75' lang='lat' dir='ltr'><strong>argumentationem</strong></span> 
     </span>
    </p>
   </div>
   <div class='ocr_carea' id='block_1_7' title="bbox 245 763 1832 838">
    <p class='ocr_par' dir='ltr' id='par_1_7' title="bbox 245 763 1832 838">
     <span class='ocr_line' id='line_1_7' title="bbox 245 763 1832 838; baseline -0.009 -13"><span class='ocrx_word' id='word_1_33' title='bbox 245 771 515 835; x_wconf 80' lang='lat' dir='ltr'><strong>trahens,</strong></span> <span class='ocrx_word' id='word_1_34' title='bbox 579 767 727 838; x_wconf 88' lang='lat' dir='ltr'><strong>quod</strong></span> <span class='ocrx_word' id='word_1_35' title='bbox 783 767 974 821; x_wconf 85' lang='lat' dir='ltr'><strong>beatus</strong></span> <span class='ocrx_word' id='word_1_36' title='bbox 1030 763 1372 817; x_wconf 83' lang='lat' dir='ltr'><strong>Vinditianus</strong></span> <span class='ocrx_word' id='word_1_37' title='bbox 1435 776 1535 815; x_wconf 87' lang='lat' dir='ltr'><strong>suo</strong></span> <span class='ocrx_word' id='word_1_38' title='bbox 1590 766 1832 827; x_wconf 74' lang='lat' dir='ltr'><strong>tempere</strong></span> 
     </span>
    </p>
   </div>
   <div class='ocr_carea' id='block_1_8' title="bbox 242 846 1830 928">
    <p class='ocr_par' dir='ltr' id='par_1_8' title="bbox 242 846 1830 928">
     <span class='ocr_line' id='line_1_8' title="bbox 242 846 1830 928; baseline -0.01 -12"><span class='ocrx_word' id='word_1_39' title='bbox 242 870 435 917; x_wconf 83' lang='lat' dir='ltr'><strong>omnes</strong></span> <span class='ocrx_word' id='word_1_40' title='bbox 484 858 901 928; x_wconf 90' lang='lat' dir='ltr'><strong>inquietudines</strong></span> <span class='ocrx_word' id='word_1_41' title='bbox 944 871 975 909; x_wconf 93' lang='lat' dir='ltr'><strong>a</strong></span> <span class='ocrx_word' id='word_1_42' title='bbox 1024 853 1356 910; x_wconf 88' lang='lat' dir='ltr'><strong>monasterio</strong></span> <span class='ocrx_word' id='word_1_43' title='bbox 1408 851 1581 907; x_wconf 80' lang='lat' dir='ltr'><strong>sancti</strong></span> <span class='ocrx_word' id='word_1_44' title='bbox 1613 846 1830 904; x_wconf 80' lang='lat' dir='ltr'><strong>Vedasti</strong></span> 
     </span>
    </p>
   </div>
   <div class='ocr_carea' id='block_1_9' title="bbox 244 943 1832 1023">
    <p class='ocr_par' dir='ltr' id='par_1_9' title="bbox 244 943 1832 1023">
     <span class='ocr_line' id='line_1_9' title="bbox 244 943 1832 1023; baseline -0.008 -15"><span class='ocrx_word' id='word_1_45' title='bbox 244 956 450 1023; x_wconf 86' lang='lat' dir='ltr'><strong>scripto</strong></span> <span class='ocrx_word' id='word_1_46' title='bbox 504 963 767 1023; x_wconf 86' lang='lat' dir='ltr'><strong>precepto</strong></span> <span class='ocrx_word' id='word_1_47' title='bbox 796 950 1045 1015; x_wconf 76' lang='lat' dir='ltr'><strong>exclusit,</strong></span> <span class='ocrx_word' id='word_1_48' title='bbox 1097 958 1156 1002; x_wconf 92' lang='lat' dir='ltr'><strong>ut</strong></span> <span class='ocrx_word' id='word_1_49' title='bbox 1193 949 1374 1017; x_wconf 85' lang='lat' dir='ltr'><strong>quiete</strong></span> <span class='ocrx_word' id='word_1_50' title='bbox 1427 954 1482 999; x_wconf 92' lang='lat' dir='ltr'><strong>et</strong></span> <span class='ocrx_word' id='word_1_51' title='bbox 1532 943 1832 999; x_wconf 89' lang='lat' dir='ltr'><strong>secundum</strong></span> 
     </span>
    </p>
   </div>
   <div class='ocr_carea' id='block_1_10' title="bbox 246 1030 1833 1115">
    <p class='ocr_par' dir='ltr' id='par_1_10' title="bbox 246 1030 1833 1115">
     <span class='ocr_line' id='line_1_10' title="bbox 246 1030 1833 1115; baseline -0.009 -15"><span class='ocrx_word' id='word_1_52' title='bbox 246 1045 489 1115; x_wconf 83' lang='lat' dir='ltr'><strong>regulam</strong></span> <span class='ocrx_word' id='word_1_53' title='bbox 546 1044 723 1099; x_wconf 91' lang='lat' dir='ltr'><strong>sancti</strong></span> <span class='ocrx_word' id='word_1_54' title='bbox 787 1040 1061 1097; x_wconf 83' lang='lat' dir='ltr'><strong>Benedicti</strong></span> <span class='ocrx_word' id='word_1_55' title='bbox 1131 1038 1382 1095; x_wconf 83' lang='lat' dir='ltr'><strong>monachi</strong></span> <span class='ocrx_word' id='word_1_56' title='bbox 1432 1037 1675 1090; x_wconf 89' lang='lat' dir='ltr'><strong>viventes</strong></span> <span class='ocrx_word' id='word_1_57' title='bbox 1721 1030 1833 1087; x_wconf 89' lang='lat' dir='ltr'><strong>Deo</strong></span> 
     </span>
    </p>
   </div>
   <div class='ocr_carea' id='block_1_11' title="bbox 246 1126 1831 1197">
    <p class='ocr_par' dir='ltr' id='par_1_11' title="bbox 246 1126 1831 1197">
     <span class='ocr_line' id='line_1_11' title="bbox 246 1126 1831 1197; baseline -0.009 -9"><span class='ocrx_word' id='word_1_58' title='bbox 246 1137 546 1197; x_wconf 73' lang='lat' dir='ltr'><strong>servirent;</strong></span> <span class='ocrx_word' id='word_1_59' title='bbox 581 1149 690 1188; x_wconf 91' lang='lat' dir='ltr'><strong>non</strong></span> <span class='ocrx_word' id='word_1_60' title='bbox 720 1142 778 1187; x_wconf 92' lang='lat' dir='ltr'><strong>ut</strong></span> <span class='ocrx_word' id='word_1_61' title='bbox 820 1131 1126 1187; x_wconf 86' lang='lat' dir='ltr'><strong>inordinate</strong></span> <span class='ocrx_word' id='word_1_62' title='bbox 1162 1128 1229 1161; x_wconf 76' lang='grc'><strong>³⁷⁷</strong></span> <span class='ocrx_word' id='word_1_63' title='bbox 1258 1138 1314 1183; x_wconf 93' lang='lat' dir='ltr'><strong>et</strong></span> <span class='ocrx_word' id='word_1_64' title='bbox 1344 1126 1573 1195; x_wconf 91' lang='lat' dir='ltr'><strong>turpiter</strong></span> <span class='ocrx_word' id='word_1_65' title='bbox 1601 1136 1831 1178; x_wconf 91' lang='lat' dir='ltr'><strong>conver-</strong></span> 
     </span>
    </p>
   </div>
   <div class='ocr_carea' id='block_1_12' title="bbox 246 1212 1835 1287">
    <p class='ocr_par' dir='ltr' id='par_1_12' title="bbox 246 1212 1835 1287">
     <span class='ocr_line' id='line_1_12' title="bbox 246 1212 1835 1287; baseline -0.008 -10"><span class='ocrx_word' id='word_1_66' title='bbox 246 1226 452 1287; x_wconf 80' lang='lat' dir='ltr'><strong>santes,</strong></span> <span class='ocrx_word' id='word_1_67' title='bbox 488 1223 655 1277; x_wconf 77' lang='lat' dir='ltr'><strong>veluti</strong></span> <span class='ocrx_word' id='word_1_68' title='bbox 686 1221 790 1277; x_wconf 89' lang='lat' dir='ltr'><strong>iste</strong></span> <span class='ocrx_word' id='word_1_69' title='bbox 824 1237 945 1275; x_wconf 90' lang='lat' dir='ltr'><strong>cum</strong></span> <span class='ocrx_word' id='word_1_70' title='bbox 977 1220 1091 1275; x_wconf 83' lang='lat' dir='ltr'><strong>suis</strong></span> <span class='ocrx_word' id='word_1_71' title='bbox 1118 1259 1133 1285; x_wconf 89' lang='lat'><strong>,</strong></span> <span class='ocrx_word' id='word_1_72' title='bbox 1172 1235 1201 1272; x_wconf 91' lang='lat' dir='ltr'><strong>a</strong></span> <span class='ocrx_word' id='word_1_73' title='bbox 1246 1216 1522 1287; x_wconf 89' lang='lat' dir='ltr'><strong>proposito</strong></span> <span class='ocrx_word' id='word_1_74' title='bbox 1568 1212 1835 1268; x_wconf 86' lang='lat' dir='ltr'><strong>descisce-</strong></span> 
     </span>
    </p>
   </div>
   <div class='ocr_carea' id='block_1_13' title="bbox 247 1304 1835 1381">
    <p class='ocr_par' dir='ltr' id='par_1_13' title="bbox 247 1304 1835 1381">
     <span class='ocr_line' id='line_1_13' title="bbox 247 1304 1835 1381; baseline -0.008 -14"><span class='ocrx_word' id='word_1_75' title='bbox 247 1322 386 1367; x_wconf 84' lang='lat' dir='ltr'><strong>rent.</strong></span> <span class='ocrx_word' id='word_1_76' title='bbox 448 1312 623 1367; x_wconf 87' lang='lat' dir='ltr'><strong>Porro</strong></span> <span class='ocrx_word' id='word_1_77' title='bbox 671 1314 796 1378; x_wconf 91' lang='lat' dir='ltr'><strong>iste,</strong></span> <span class='ocrx_word' id='word_1_78' title='bbox 854 1312 944 1381; x_wconf 89' lang='lat' dir='ltr'><strong>qui</strong></span> <span class='ocrx_word' id='word_1_79' title='bbox 994 1310 1359 1366; x_wconf 82' lang='lat' dir='ltr'><strong>contendebat</strong></span> <span class='ocrx_word' id='word_1_80' title='bbox 1392 1304 1729 1374; x_wconf 89' lang='lat' dir='ltr'><strong>disciplinam</strong></span> <span class='ocrx_word' id='word_1_81' title='bbox 1780 1311 1835 1356; x_wconf 91' lang='lat' dir='ltr'><strong>et</strong></span> 
     </span>
    </p>
   </div>
   <div class='ocr_carea' id='block_1_14' title="bbox 246 1402 1836 1473">
    <p class='ocr_par' dir='ltr' id='par_1_14' title="bbox 246 1402 1836 1473">
     <span class='ocr_line' id='line_1_14' title="bbox 246 1402 1836 1473; baseline -0.006 -15"><span class='ocrx_word' id='word_1_82' title='bbox 246 1402 680 1473; x_wconf 88' lang='lat' dir='ltr'><strong>increpationem</strong></span> <span class='ocrx_word' id='word_1_83' title='bbox 719 1403 957 1473; x_wconf 85' lang='lat' dir='ltr'><strong>episcopi</strong></span> <span class='ocrx_word' id='word_1_84' title='bbox 1009 1402 1304 1463; x_wconf 81' lang='lat' dir='ltr'><strong>declinare,</strong></span> <span class='ocrx_word' id='word_1_85' title='bbox 1342 1408 1397 1454; x_wconf 91' lang='lat' dir='ltr'><strong>et</strong></span> <span class='ocrx_word' id='word_1_86' title='bbox 1440 1406 1629 1453; x_wconf 88' lang='lat' dir='ltr'><strong>contra</strong></span> <span class='ocrx_word' id='word_1_87' title='bbox 1677 1410 1836 1449; x_wconf 78' lang='lat' dir='ltr'><strong>evan-</strong></span> 
     </span>
    </p>
   </div>
   <div class='ocr_carea' id='block_1_15' title="bbox 242 1489 1834 1565">
    <p class='ocr_par' dir='ltr' id='par_1_15' title="bbox 242 1489 1834 1565">
     <span class='ocr_line' id='line_1_15' title="bbox 242 1489 1834 1565; baseline -0.008 -14"><span class='ocrx_word' id='word_1_88' title='bbox 242 1496 433 1565; x_wconf 59' lang='lat' dir='ltr'><strong>gelicae</strong></span> <span class='ocrx_word' id='word_1_89' title='bbox 491 1504 548 1550; x_wconf 91' lang='lat' dir='ltr'><strong>et</strong></span> <span class='ocrx_word' id='word_1_90' title='bbox 615 1496 928 1564; x_wconf 71' lang='lat' dir='ltr'><strong>apostolica:</strong></span> <span class='ocrx_word' id='word_1_91' title='bbox 986 1494 1341 1550; x_wconf 89' lang='lat' dir='ltr'><strong>institutionis</strong></span> <span class='ocrx_word' id='word_1_92' title='bbox 1390 1489 1834 1545; x_wconf 88' lang='lat' dir='ltr'><strong>auctoritatema</strong></span> 
     </span>
    </p>
   </div>
   <div class='ocr_carea' id='block_1_16' title="bbox 240 1577 1837 1656">
    <p class='ocr_par' dir='ltr' id='par_1_16' title="bbox 240 1577 1837 1656">
     <span class='ocr_line' id='line_1_16' title="bbox 240 1577 1837 1656; baseline -0.005 -17"><span class='ocrx_word' id='word_1_93' title='bbox 240 1587 369 1655; x_wconf 59' lang='lat' dir='ltr'><strong>jugo</strong></span> <span class='ocrx_word' id='word_1_94' title='bbox 420 1587 663 1656; x_wconf 79' lang='lat' dir='ltr'><strong>episcopi</strong></span> <span class='ocrx_word' id='word_1_95' title='bbox 699 1588 966 1642; x_wconf 80' lang='lat' dir='ltr'><strong>cervicem</strong></span> <span class='ocrx_word' id='word_1_96' title='bbox 1015 1585 1307 1641; x_wconf 85' lang='lat' dir='ltr'><strong>deditionis</strong></span> <span class='ocrx_word' id='word_1_97' title='bbox 1354 1590 1649 1645; x_wconf 80' lang='lat' dir='ltr'><strong>excutere,</strong></span> <span class='ocrx_word' id='word_1_98' title='bbox 1696 1577 1837 1632; x_wconf 89' lang='lat' dir='ltr'><strong>male</strong></span> 
     </span>
    </p>
   </div>
   <div class='ocr_carea' id='block_1_17' title="bbox 246 1671 1835 1751">
    <p class='ocr_par' dir='ltr' id='par_1_17' title="bbox 246 1671 1835 1751">
     <span class='ocr_line' id='line_1_17' title="bbox 246 1671 1835 1751; baseline -0.008 -16"><span class='ocrx_word' id='word_1_99' title='bbox 246 1671 584 1751; x_wconf 82' lang='lat' dir='ltr'><strong>intelligebat</strong></span> <span class='ocrx_word' id='word_1_100' title='bbox 606 1679 936 1735; x_wconf 86' lang='lat' dir='ltr'><strong>sententiam</strong></span> <span class='ocrx_word' id='word_1_101' title='bbox 971 1678 1147 1734; x_wconf 81' lang='lat' dir='ltr'><strong>sancti</strong></span> <span class='ocrx_word' id='word_1_102' title='bbox 1197 1674 1512 1737; x_wconf 86' lang='lat' dir='ltr'><strong>Benedicti,</strong></span> <span class='ocrx_word' id='word_1_103' title='bbox 1561 1671 1672 1736; x_wconf 87' lang='lat' dir='ltr'><strong>ubi,</strong></span> <span class='ocrx_word' id='word_1_104' title='bbox 1722 1678 1835 1724; x_wconf 87' lang='lat' dir='ltr'><strong>tra-</strong></span> 
     </span>
    </p>
   </div>
   <div class='ocr_carea' id='block_1_18' title="bbox 244 1762 1832 1831">
    <p class='ocr_par' dir='ltr' id='par_1_18' title="bbox 244 1762 1832 1831">
     <span class='ocr_line' id='line_1_18' title="bbox 244 1762 1832 1831; baseline -0.007 -6"><span class='ocrx_word' id='word_1_105' title='bbox 244 1780 405 1825; x_wconf 62' lang='lat' dir='ltr'><strong>Ctans</strong></span> <span class='ocrx_word' id='word_1_106' title='bbox 459 1773 528 1825; x_wconf 89' lang='lat' dir='ltr'><strong>de</strong></span> <span class='ocrx_word' id='word_1_107' title='bbox 580 1769 887 1825; x_wconf 88' lang='lat' dir='ltr'><strong>ordinando</strong></span> <span class='ocrx_word' id='word_1_108' title='bbox 940 1769 1135 1823; x_wconf 87' lang='lat' dir='ltr'><strong>abbate</strong></span> <span class='ocrx_word' id='word_1_109' title='bbox 1164 1807 1180 1831; x_wconf 97' lang='lat'><strong>,</strong></span> <span class='ocrx_word' id='word_1_110' title='bbox 1234 1768 1378 1821; x_wconf 88' lang='lat' dir='ltr'><strong>inter</strong></span> <span class='ocrx_word' id='word_1_111' title='bbox 1428 1772 1611 1820; x_wconf 88' lang='lat' dir='ltr'><strong>cetera</strong></span> <span class='ocrx_word' id='word_1_112' title='bbox 1657 1762 1832 1815; x_wconf 88' lang='lat' dir='ltr'><strong>dicit:</strong></span> 
     </span>
    </p>
   </div>
   <div class='ocr_carea' id='block_1_19' title="bbox 1932 564 3512 642">
    <p class='ocr_par' dir='ltr' id='par_1_19' title="bbox 1932 564 3512 642">
     <span class='ocr_line' id='line_1_19' title="bbox 1932 564 3512 642; baseline -0.004 -16"><span class='ocrx_word' id='word_1_113' title='bbox 1932 570 2226 642; x_wconf 84' lang='lat' dir='ltr'><strong>apostolica</strong></span> <span class='ocrx_word' id='word_1_114' title='bbox 2277 569 2493 625; x_wconf 89' lang='lat' dir='ltr'><strong>decreta</strong></span> <span class='ocrx_word' id='word_1_115' title='bbox 2543 567 2798 638; x_wconf 82' lang='lat' dir='ltr'><strong>episcopo</strong></span> <span class='ocrx_word' id='word_1_116' title='bbox 2832 565 3107 637; x_wconf 87' lang='lat' dir='ltr'><strong>subjugari</strong></span> <span class='ocrx_word' id='word_1_117' title='bbox 3148 564 3512 621; x_wconf 81' lang='lat' dir='ltr'><strong>detrectabat.</strong></span> 
     </span>
    </p>
   </div>
   <div class='ocr_carea' id='block_1_20' title="bbox 1929 654 3517 723">
    <p class='ocr_par' dir='ltr' id='par_1_20' title="bbox 1929 654 3517 723">
     <span class='ocr_line' id='line_1_20' title="bbox 1929 654 3517 723; baseline -0.006 -7"><span class='ocrx_word' id='word_1_118' title='bbox 1929 659 2123 716; x_wconf 83' lang='lat' dir='ltr'><strong>Postea</strong></span> <span class='ocrx_word' id='word_1_119' title='bbox 2154 668 2334 713; x_wconf 90' lang='lat' dir='ltr'><strong>tamen</strong></span> <span class='ocrx_word' id='word_1_120' title='bbox 2373 658 2541 712; x_wconf 89' lang='lat' dir='ltr'><strong>multa</strong></span> <span class='ocrx_word' id='word_1_121' title='bbox 2570 656 2893 711; x_wconf 86' lang='lat' dir='ltr'><strong>auctoritate</strong></span> <span class='ocrx_word' id='word_1_122' title='bbox 2923 654 3197 723; x_wconf 77' lang='lat' dir='ltr'><strong>subjectus</strong></span> <span class='ocrx_word' id='word_1_123' title='bbox 3222 667 3343 708; x_wconf 89' lang='lat' dir='ltr'><strong>esse</strong></span> <span class='ocrx_word' id='word_1_124' title='bbox 3387 668 3517 708; x_wconf 88' lang='lat' dir='ltr'><strong>con-</strong></span> 
     </span>
    </p>
   </div>
   <div class='ocr_carea' id='block_1_21' title="bbox 1930 742 3513 818">
    <p class='ocr_par' dir='ltr' id='par_1_21' title="bbox 1930 742 3513 818">
     <span class='ocr_line' id='line_1_21' title="bbox 1930 742 3513 818; baseline -0.006 -14"><span class='ocrx_word' id='word_1_125' title='bbox 1930 751 2196 815; x_wconf 84' lang='lat' dir='ltr'><strong>vincitur;</strong></span> <span class='ocrx_word' id='word_1_126' title='bbox 2224 749 2547 818; x_wconf 87' lang='lat' dir='ltr'><strong>tandemque</strong></span> <span class='ocrx_word' id='word_1_127' title='bbox 2570 747 2896 816; x_wconf 89' lang='lat' dir='ltr'><strong>resipiscens</strong></span> <span class='ocrx_word' id='word_1_128' title='bbox 2914 746 2980 799; x_wconf 89' lang='lat' dir='ltr'><strong>ad</strong></span> <span class='ocrx_word' id='word_1_129' title='bbox 2995 744 3284 801; x_wconf 77' lang='lat' dir='ltr'><strong>deditionis</strong></span> <span class='ocrx_word' id='word_1_130' title='bbox 3298 742 3513 815; x_wconf 91' lang='lat' dir='ltr'><strong>jugum,</strong></span> 
     </span>
    </p>
   </div>
   <div class='ocr_carea' id='block_1_22' title="bbox 1929 835 3513 914">
    <p class='ocr_par' dir='ltr' id='par_1_22' title="bbox 1929 835 3513 914">
     <span class='ocr_line' id='line_1_22' title="bbox 1929 835 3513 914; baseline -0.006 -17"><span class='ocrx_word' id='word_1_131' title='bbox 1929 844 2176 914; x_wconf 81' lang='lat' dir='ltr'><strong>quamvis</strong></span> <span class='ocrx_word' id='word_1_132' title='bbox 2205 843 2423 904; x_wconf 84' lang='lat' dir='ltr'><strong>invitus,</strong></span> <span class='ocrx_word' id='word_1_133' title='bbox 2451 839 2780 904; x_wconf 89' lang='lat' dir='ltr'><strong>reflectitur;</strong></span> <span class='ocrx_word' id='word_1_134' title='bbox 2816 838 2942 908; x_wconf 86' lang='lat' dir='ltr'><strong>quia</strong></span> <span class='ocrx_word' id='word_1_135' title='bbox 2967 837 3296 907; x_wconf 89' lang='lat' dir='ltr'><strong>quicumque</strong></span> <span class='ocrx_word' id='word_1_136' title='bbox 3318 835 3513 905; x_wconf 83' lang='lat' dir='ltr'><strong>jugum</strong></span> 
     </span>
    </p>
   </div>
   <div class='ocr_carea' id='block_1_23' title="bbox 1930 927 3519 1003">
    <p class='ocr_par' dir='ltr' id='par_1_23' title="bbox 1930 927 3519 1003">
     <span class='ocr_line' id='line_1_23' title="bbox 1930 927 3519 1003; baseline -0.004 -16"><span class='ocrx_word' id='word_1_137' title='bbox 1930 934 2168 1003; x_wconf 88' lang='lat' dir='ltr'><strong>episcopi</strong></span> <span class='ocrx_word' id='word_1_138' title='bbox 2195 932 2470 987; x_wconf 86' lang='lat' dir='ltr'><strong>declinare</strong></span> <span class='ocrx_word' id='word_1_139' title='bbox 2498 930 2792 993; x_wconf 84' lang='lat' dir='ltr'><strong>contendit,</strong></span> <span class='ocrx_word' id='word_1_140' title='bbox 2830 929 2995 984; x_wconf 90' lang='lat' dir='ltr'><strong>etiam</strong></span> <span class='ocrx_word' id='word_1_141' title='bbox 3035 927 3239 984; x_wconf 81' lang='lat' dir='ltr'><strong>Christi</strong></span> <span class='ocrx_word' id='word_1_142' title='bbox 3269 927 3519 999; x_wconf 75' lang='lat' dir='ltr'><strong>refugere</strong></span> 
     </span>
    </p>
   </div>
   <div class='ocr_carea' id='block_1_24' title="bbox 1929 1019 3520 1092">
    <p class='ocr_par' dir='ltr' id='par_1_24' title="bbox 1929 1019 3520 1092">
     <span class='ocr_line' id='line_1_24' title="bbox 1929 1019 3520 1092; baseline -0.003 -12"><span class='ocrx_word' id='word_1_143' title='bbox 1929 1024 2291 1080; x_wconf 90' lang='lat' dir='ltr'><strong>convincitur.</strong></span> <span class='ocrx_word' id='word_1_144' title='bbox 2340 1021 2509 1077; x_wconf 84' lang='lat' dir='ltr'><strong>Nemo</strong></span> <span class='ocrx_word' id='word_1_145' title='bbox 2554 1022 2697 1075; x_wconf 92' lang='lat' dir='ltr'><strong>enim</strong></span> <span class='ocrx_word' id='word_1_146' title='bbox 2745 1021 2950 1092; x_wconf 85' lang='lat' dir='ltr'><strong>absque</strong></span> <span class='ocrx_word' id='word_1_147' title='bbox 2995 1019 3316 1091; x_wconf 88' lang='lat' dir='ltr'><strong>episcopalis</strong></span> <span class='ocrx_word' id='word_1_148' title='bbox 3359 1019 3520 1075; x_wconf 87' lang='lat' dir='ltr'><strong>mini-</strong></span> 
     </span>
    </p>
   </div>
   <div class='ocr_carea' id='block_1_25' title="bbox 1932 1110 3515 1181">
    <p class='ocr_par' dir='ltr' id='par_1_25' title="bbox 1932 1110 3515 1181">
     <span class='ocr_line' id='line_1_25' title="bbox 1932 1110 3515 1181; baseline -0.003 -12"><span class='ocrx_word' id='word_1_149' title='bbox 1932 1115 2083 1169; x_wconf 87' lang='lat' dir='ltr'><strong>sterii</strong></span> <span class='ocrx_word' id='word_1_150' title='bbox 2128 1113 2439 1169; x_wconf 91' lang='lat' dir='ltr'><strong>conditione</strong></span> <span class='ocrx_word' id='word_1_151' title='bbox 2476 1112 2541 1166; x_wconf 91' lang='lat' dir='ltr'><strong>ad</strong></span> <span class='ocrx_word' id='word_1_152' title='bbox 2593 1111 2856 1165; x_wconf 89' lang='lat' dir='ltr'><strong>unitatem</strong></span> <span class='ocrx_word' id='word_1_153' title='bbox 2903 1111 3159 1167; x_wconf 70' lang='lat' dir='ltr'><strong>mcclesim</strong></span> <span class='ocrx_word' id='word_1_154' title='bbox 3207 1110 3515 1181; x_wconf 84' lang='lat' dir='ltr'><strong>colligitur;</strong></span> 
     </span>
    </p>
   </div>
   <div class='ocr_carea' id='block_1_26' title="bbox 1932 1201 3520 1275">
    <p class='ocr_par' dir='ltr' id='par_1_26' title="bbox 1932 1201 3520 1275">
     <span class='ocr_line' id='line_1_26' title="bbox 1932 1201 3520 1275; baseline -0.003 -16"><span class='ocrx_word' id='word_1_155' title='bbox 1932 1205 2235 1275; x_wconf 67' lang='lat' dir='ltr'><strong>praesertim</strong></span> <span class='ocrx_word' id='word_1_156' title='bbox 2280 1219 2404 1258; x_wconf 90' lang='lat' dir='ltr'><strong>cum</strong></span> <span class='ocrx_word' id='word_1_157' title='bbox 2454 1203 2570 1272; x_wconf 89' lang='lat' dir='ltr'><strong>ipse</strong></span> <span class='ocrx_word' id='word_1_158' title='bbox 2601 1201 2874 1271; x_wconf 80' lang='lat' dir='ltr'><strong>iegislator</strong></span> <span class='ocrx_word' id='word_1_159' title='bbox 2920 1201 3179 1256; x_wconf 88' lang='lat' dir='ltr'><strong>Dominus</strong></span> <span class='ocrx_word' id='word_1_160' title='bbox 3227 1217 3350 1257; x_wconf 89' lang='lat' dir='ltr'><strong>cum</strong></span> <span class='ocrx_word' id='word_1_161' title='bbox 3405 1202 3520 1257; x_wconf 85' lang='lat' dir='ltr'><strong>suis</strong></span> 
     </span>
    </p>
   </div>
   <div class='ocr_carea' id='block_1_27' title="bbox 1934 1290 3521 1364">
    <p class='ocr_par' dir='ltr' id='par_1_27' title="bbox 1934 1290 3521 1364">
     <span class='ocr_line' id='line_1_27' title="bbox 1934 1290 3521 1364; baseline -0.005 -14"><span class='ocrx_word' id='word_1_162' title='bbox 1934 1293 2210 1364; x_wconf 84' lang='lat' dir='ltr'><strong>discipulis</strong></span> <span class='ocrx_word' id='word_1_163' title='bbox 2238 1291 2512 1361; x_wconf 88' lang='lat' dir='ltr'><strong>subjectus</strong></span> <span class='ocrx_word' id='word_1_164' title='bbox 2535 1291 2702 1345; x_wconf 90' lang='lat' dir='ltr'><strong>fuisse</strong></span> <span class='ocrx_word' id='word_1_165' title='bbox 2729 1291 3101 1346; x_wconf 83' lang='lat' dir='ltr'><strong>sacerdotibus</strong></span> <span class='ocrx_word' id='word_1_166' title='bbox 3140 1291 3194 1345; x_wconf 92' lang='lat' dir='ltr'><strong>in</strong></span> <span class='ocrx_word' id='word_1_167' title='bbox 3236 1290 3521 1361; x_wconf 84' lang='lat' dir='ltr'><strong>evangelio</strong></span> 
     </span>
    </p>
   </div>
   <div class='ocr_carea' id='block_1_28' title="bbox 1934 1381 3521 1455">
    <p class='ocr_par' dir='ltr' id='par_1_28' title="bbox 1934 1381 3521 1455">
     <span class='ocr_line' id='line_1_28' title="bbox 1934 1381 3521 1455; baseline -0.003 -14"><span class='ocrx_word' id='word_1_168' title='bbox 1934 1384 2228 1441; x_wconf 87' lang='lat' dir='ltr'><strong>multifarie</strong></span> <span class='ocrx_word' id='word_1_169' title='bbox 2253 1384 2578 1455; x_wconf 86' lang='lat' dir='ltr'><strong>reperiatur,</strong></span> <span class='ocrx_word' id='word_1_170' title='bbox 2608 1382 2725 1451; x_wconf 91' lang='lat' dir='ltr'><strong>ipso</strong></span> <span class='ocrx_word' id='word_1_171' title='bbox 2752 1390 3065 1448; x_wconf 89' lang='lat' dir='ltr'><strong>attestante,</strong></span> <span class='ocrx_word' id='word_1_172' title='bbox 3093 1382 3184 1452; x_wconf 92' lang='lat' dir='ltr'><strong>qui</strong></span> <span class='ocrx_word' id='word_1_173' title='bbox 3207 1382 3313 1436; x_wconf 89' lang='lat' dir='ltr'><strong>ait:</strong></span> <span class='ocrx_word' id='word_1_174' title='bbox 3345 1400 3362 1432; x_wconf 74' lang='grc' dir='ltr'>ι</span> <span class='ocrx_word' id='word_1_175' title='bbox 3400 1381 3521 1436; x_wconf 87' lang='lat' dir='ltr'><strong>Non</strong></span> 
     </span>
    </p>
   </div>
   <div class='ocr_carea' id='block_1_29' title="bbox 1936 1470 3517 1544">
    <p class='ocr_par' dir='ltr' id='par_1_29' title="bbox 1936 1470 3517 1544">
     <span class='ocr_line' id='line_1_29' title="bbox 1936 1470 3517 1544; baseline -0.004 -16"><span class='ocrx_word' id='word_1_176' title='bbox 1936 1475 2058 1529; x_wconf 86' lang='lat' dir='ltr'><strong>veni</strong></span> <span class='ocrx_word' id='word_1_177' title='bbox 2090 1473 2261 1544; x_wconf 75' lang='lat' dir='ltr'><strong>legem</strong></span> <span class='ocrx_word' id='word_1_178' title='bbox 2290 1472 2525 1538; x_wconf 88' lang='lat' dir='ltr'><strong>solvere,</strong></span> <span class='ocrx_word' id='word_1_179' title='bbox 2553 1472 2648 1527; x_wconf 88' lang='lat' dir='ltr'><strong>sed</strong></span> <span class='ocrx_word' id='word_1_180' title='bbox 2676 1470 2976 1541; x_wconf 89' lang='lat' dir='ltr'><strong>adimplere</strong></span> <span class='ocrx_word' id='word_1_181' title='bbox 3017 1470 3233 1541; x_wconf 81' lang='lat' dir='ltr'><strong>(Matth.</strong></span> <span class='ocrx_word' id='word_1_182' title='bbox 3264 1486 3320 1537; x_wconf 88' lang='lat' dir='ltr'><strong>v,</strong></span> <span class='ocrx_word' id='word_1_183' title='bbox 3348 1471 3458 1540; x_wconf 86' lang='lat' dir='ltr'><strong>l7).</strong></span> <span class='ocrx_word' id='word_1_184' title='bbox 3496 1490 3517 1521; x_wconf 73' lang='grc' dir='ltr'><strong>ι</strong></span> 
     </span>
    </p>
   </div>
   <div class='ocr_carea' id='block_1_30' title="bbox 1934 1561 3522 1635">
    <p class='ocr_par' dir='ltr' id='par_1_30' title="bbox 1934 1561 3522 1635">
     <span class='ocr_line' id='line_1_30' title="bbox 1934 1561 3522 1635; baseline -0.003 -16"><span class='ocrx_word' id='word_1_185' title='bbox 1934 1565 2016 1619; x_wconf 79' lang='lat' dir='ltr'><strong>Ad</strong></span> <span class='ocrx_word' id='word_1_186' title='bbox 2065 1563 2359 1635; x_wconf 86' lang='lat' dir='ltr'><strong>discipulos</strong></span> <span class='ocrx_word' id='word_1_187' title='bbox 2386 1572 2564 1618; x_wconf 89' lang='lat' dir='ltr'><strong>autem</strong></span> <span class='ocrx_word' id='word_1_188' title='bbox 2598 1562 2869 1630; x_wconf 80' lang='lat' dir='ltr'><strong>subjectos</strong></span> <span class='ocrx_word' id='word_1_189' title='bbox 2918 1562 3103 1631; x_wconf 88' lang='lat' dir='ltr'><strong>pravis</strong></span> <span class='ocrx_word' id='word_1_190' title='bbox 3146 1561 3522 1617; x_wconf 85' lang='lat' dir='ltr'><strong>sacerdotibus</strong></span> 
     </span>
    </p>
   </div>
   <div class='ocr_carea' id='block_1_31' title="bbox 1938 1652 3523 1722">
    <p class='ocr_par' dir='ltr' id='par_1_31' title="bbox 1938 1652 3523 1722">
     <span class='ocr_line' id='line_1_31' title="bbox 1938 1652 3523 1722; baseline -0.002 -12"><span class='ocrx_word' id='word_1_191' title='bbox 1938 1656 2068 1710; x_wconf 86' lang='lat' dir='ltr'><strong>dicit</strong></span> <span class='ocrx_word' id='word_1_192' title='bbox 2103 1665 2115 1708; x_wconf 82' lang='lat'><strong>‘:</strong></span> <span class='ocrx_word' id='word_1_193' title='bbox 2152 1674 2169 1705; x_wconf 86' lang='grc'><strong>‹</strong></span> <span class='ocrx_word' id='word_1_194' title='bbox 2206 1654 2359 1722; x_wconf 83' lang='lat' dir='ltr'><strong>Quod</strong></span> <span class='ocrx_word' id='word_1_195' title='bbox 2388 1655 2593 1718; x_wconf 88' lang='lat' dir='ltr'><strong>dicunt,</strong></span> <span class='ocrx_word' id='word_1_196' title='bbox 2644 1653 2807 1707; x_wconf 90' lang='lat' dir='ltr'><strong>facite</strong></span> <span class='ocrx_word' id='word_1_197' title='bbox 2831 1693 2846 1717; x_wconf 94' lang='lat'><strong>,</strong></span> <span class='ocrx_word' id='word_1_198' title='bbox 2903 1652 3045 1722; x_wconf 89' lang='lat' dir='ltr'><strong>quod</strong></span> <span class='ocrx_word' id='word_1_199' title='bbox 3088 1662 3267 1708; x_wconf 90' lang='lat' dir='ltr'><strong>autem</strong></span> <span class='ocrx_word' id='word_1_200' title='bbox 3314 1652 3523 1707; x_wconf 83' lang='lat' dir='ltr'><strong>faciunt</strong></span> 
     </span>
    </p>
   </div>
   <div class='ocr_carea' id='block_1_32' title="bbox 1937 1743 2946 1815">
    <p class='ocr_par' dir='ltr' id='par_1_32' title="bbox 1937 1743 2946 1815">
     <span class='ocr_line' id='line_1_32' title="bbox 1937 1743 2946 1815; baseline -0.006 -13"><span class='ocrx_word' id='word_1_201' title='bbox 1937 1747 2104 1802; x_wconf 84' lang='lat' dir='ltr'><strong>nolite</strong></span> <span class='ocrx_word' id='word_1_202' title='bbox 2129 1746 2307 1800; x_wconf 86' lang='lat' dir='ltr'><strong>facere</strong></span> <span class='ocrx_word' id='word_1_203' title='bbox 2334 1744 2548 1815; x_wconf 77' lang='lat' dir='ltr'><strong>(Matth.</strong></span> <span class='ocrx_word' id='word_1_204' title='bbox 2578 1759 2773 1811; x_wconf 74' lang='lat' dir='ltr'><strong>xxvut,</strong></span> <span class='ocrx_word' id='word_1_205' title='bbox 2797 1743 2875 1814; x_wconf 76' lang='grc' dir='ltr'><strong>ὅ).</strong></span> <span class='ocrx_word' id='word_1_206' title='bbox 2924 1759 2946 1796; x_wconf 76' lang='grc' dir='ltr'><strong><em>ι</em></strong></span> 
     </span>
    </p>
   </div>
   <div class='ocr_carea' id='block_1_33' title="bbox 251 1833 1836 1931">
    <p class='ocr_par' dir='ltr' id='par_1_33' title="bbox 251 1852 1835 1931">
     <span class='ocr_line' id='line_1_33' title="bbox 251 1852 1835 1931; baseline -0.005 -18"><span class='ocrx_word' id='word_1_207' title='bbox 251 1881 271 1913; x_wconf 70' lang='grc' dir='ltr'><strong>α</strong></span> <span class='ocrx_word' id='word_1_208' title='bbox 304 1860 629 1931; x_wconf 83' lang='lat' dir='ltr'><strong>Episcopus,</strong></span> <span class='ocrx_word' id='word_1_209' title='bbox 660 1861 729 1915; x_wconf 93' lang='lat' dir='ltr'><strong>ad</strong></span> <span class='ocrx_word' id='word_1_210' title='bbox 760 1859 913 1928; x_wconf 83' lang='lat' dir='ltr'><strong>cujus</strong></span> <span class='ocrx_word' id='word_1_211' title='bbox 941 1859 1201 1914; x_wconf 85' lang='lat' dir='ltr'><strong>diocesim</strong></span> <span class='ocrx_word' id='word_1_212' title='bbox 1240 1858 1416 1927; x_wconf 88' lang='lat' dir='ltr'><strong>ipsum</strong></span> <span class='ocrx_word' id='word_1_213' title='bbox 1446 1852 1835 1909; x_wconf 84' lang='lat' dir='ltr'><strong>monasterium</strong></span> 
     </span>
    </p>
   </div>
   <div class='ocr_carea' id='block_1_34' title="bbox 1939 1833 3525 1931">
    <p class='ocr_par' dir='ltr' id='par_1_34' title="bbox 2014 1833 3525 1906">
     <span class='ocr_line' id='line_1_34' title="bbox 2014 1833 3525 1906; baseline -0.003 -14"><span class='ocrx_word' id='word_1_214' title='bbox 2014 1837 2132 1892; x_wconf 90' lang='lat' dir='ltr'><strong>i08.</strong></span> <span class='ocrx_word' id='word_1_215' title='bbox 2164 1836 2333 1906; x_wconf 72' lang='lat' dir='ltr'><strong>(l07.)</strong></span> <span class='ocrx_word' id='word_1_216' title='bbox 2366 1835 2736 1889; x_wconf 85' lang='lat' dir='ltr'><strong>lmmunitates</strong></span> <span class='ocrx_word' id='word_1_217' title='bbox 2758 1851 2915 1904; x_wconf 81' lang='lat' dir='ltr'><strong>super</strong></span> <span class='ocrx_word' id='word_1_218' title='bbox 2937 1834 3086 1889; x_wconf 83' lang='lat' dir='ltr'><strong>rebus</strong></span> <span class='ocrx_word' id='word_1_219' title='bbox 3108 1833 3317 1889; x_wconf 80' lang='lat' dir='ltr'><strong>Sancta:</strong></span> <span class='ocrx_word' id='word_1_220' title='bbox 3334 1834 3525 1888; x_wconf 72' lang='lat' dir='ltr'><strong>Maria:</strong></span> 
     </span>
    </p>
   </div>
   <div class='ocr_carea' id='block_1_35' title="bbox 246 1944 1838 2021">
    <p class='ocr_par' dir='ltr' id='par_1_35' title="bbox 246 1944 1838 2021">
     <span class='ocr_line' id='line_1_35' title="bbox 246 1944 1838 2021; baseline -0.006 -15"><span class='ocrx_word' id='word_1_221' title='bbox 246 1955 507 2021; x_wconf 84' lang='lat' dir='ltr'><strong>pertinet.</strong></span> <span class='ocrx_word' id='word_1_222' title='bbox 550 1974 569 2006; x_wconf 73' lang='grc' dir='ltr'><strong>ι</strong></span> <span class='ocrx_word' id='word_1_223' title='bbox 602 1951 756 2019; x_wconf 85' lang='lat' dir='ltr'><strong>Quod</strong></span> <span class='ocrx_word' id='word_1_224' title='bbox 784 1951 915 2017; x_wconf 89' lang='lat' dir='ltr'><strong>quid</strong></span> <span class='ocrx_word' id='word_1_225' title='bbox 946 1950 1037 2015; x_wconf 91' lang='lat' dir='ltr'><strong>sit,</strong></span> <span class='ocrx_word' id='word_1_226' title='bbox 1094 1950 1140 2003; x_wconf 90' lang='lat' dir='ltr'><strong>si</strong></span> <span class='ocrx_word' id='word_1_227' title='bbox 1170 1949 1255 2004; x_wconf 92' lang='lat' dir='ltr'><strong>cui</strong></span> <span class='ocrx_word' id='word_1_228' title='bbox 1288 1948 1466 2002; x_wconf 86' lang='lat' dir='ltr'><strong>ocium</strong></span> <span class='ocrx_word' id='word_1_229' title='bbox 1494 1954 1579 1999; x_wconf 64' lang='lat' dir='ltr'><strong>est</strong></span> <span class='ocrx_word' id='word_1_230' title='bbox 1613 1944 1838 2014; x_wconf 84' lang='lat' dir='ltr'><strong>diligen-</strong></span> 
     </span>
    </p>
   </div>
   <div class='ocr_carea' id='block_1_36' title="bbox 248 2034 1834 2114">
    <p class='ocr_par' dir='ltr' id='par_1_36' title="bbox 248 2034 1834 2114">
     <span class='ocr_line' id='line_1_36' title="bbox 248 2034 1834 2114; baseline -0.006 -17"><span class='ocrx_word' id='word_1_231' title='bbox 248 2052 328 2097; x_wconf 88' lang='lat' dir='ltr'><strong>ter</strong></span> <span class='ocrx_word' id='word_1_232' title='bbox 376 2045 621 2110; x_wconf 85' lang='lat' dir='ltr'><strong>intueri,</strong></span> <span class='ocrx_word' id='word_1_233' title='bbox 670 2044 913 2114; x_wconf 81' lang='lat' dir='ltr'><strong>ejusdem</strong></span> <span class='ocrx_word' id='word_1_234' title='bbox 963 2040 1253 2096; x_wconf 89' lang='lat' dir='ltr'><strong>voluminis</strong></span> <span class='ocrx_word' id='word_1_235' title='bbox 1316 2038 1515 2107; x_wconf 84' lang='lat' dir='ltr'><strong>scripta</strong></span> <span class='ocrx_word' id='word_1_236' title='bbox 1561 2034 1834 2090; x_wconf 88' lang='lat' dir='ltr'><strong>discutiat.</strong></span> 
     </span>
    </p>
   </div>
   <div class='ocr_carea' id='block_1_37' title="bbox 245 2123 1839 2204">
    <p class='ocr_par' dir='ltr' id='par_1_37' title="bbox 245 2123 1839 2204">
     <span class='ocr_line' id='line_1_37' title="bbox 245 2123 1839 2204; baseline -0.004 -17"><span class='ocrx_word' id='word_1_237' title='bbox 245 2130 437 2188; x_wconf 74' lang='lat' dir='ltr'><strong>infelix</strong></span> <span class='ocrx_word' id='word_1_238' title='bbox 465 2136 683 2204; x_wconf 87' lang='lat' dir='ltr'><strong>quidem</strong></span> <span class='ocrx_word' id='word_1_239' title='bbox 733 2134 875 2187; x_wconf 89' lang='lat' dir='ltr'><strong>male</strong></span> <span class='ocrx_word' id='word_1_240' title='bbox 904 2147 1146 2188; x_wconf 90' lang='lat' dir='ltr'><strong>ememor</strong></span> <span class='ocrx_word' id='word_1_241' title='bbox 1176 2130 1354 2185; x_wconf 86' lang='lat' dir='ltr'><strong>factus</strong></span> <span class='ocrx_word' id='word_1_242' title='bbox 1382 2136 1584 2199; x_wconf 90' lang='lat' dir='ltr'><strong>quanta</strong></span> <span class='ocrx_word' id='word_1_243' title='bbox 1616 2123 1839 2180; x_wconf 88' lang='lat' dir='ltr'><strong>humili-</strong></span> 
     </span>
    </p>
   </div>
   <div class='ocr_carea' id='block_1_38' title="bbox 248 2218 1836 2296">
    <p class='ocr_par' dir='ltr' id='par_1_38' title="bbox 248 2218 1836 2296">
     <span class='ocr_line' id='line_1_38' title="bbox 248 2218 1836 2296; baseline -0.004 -18"><span class='ocrx_word' id='word_1_244' title='bbox 248 2226 359 2282; x_wconf 85' lang='lat' dir='ltr'><strong>tate</strong></span> <span class='ocrx_word' id='word_1_245' title='bbox 378 2237 435 2280; x_wconf 89' lang='lat' dir='ltr'><strong>et</strong></span> <span class='ocrx_word' id='word_1_246' title='bbox 461 2236 665 2296; x_wconf 88' lang='lat' dir='ltr'><strong>quanta</strong></span> <span class='ocrx_word' id='word_1_247' title='bbox 708 2226 1014 2281; x_wconf 86' lang='lat' dir='ltr'><strong>reverentia</strong></span> <span class='ocrx_word' id='word_1_248' title='bbox 1053 2224 1137 2279; x_wconf 87' lang='lat' dir='ltr'><strong>sui</strong></span> <span class='ocrx_word' id='word_1_249' title='bbox 1160 2232 1536 2277; x_wconf 88' lang='lat' dir='ltr'><strong>antecessores</strong></span> <span class='ocrx_word' id='word_1_250' title='bbox 1567 2218 1836 2289; x_wconf 90' lang='lat' dir='ltr'><strong>quondam</strong></span> 
     </span>
    </p>
   </div>
   <div class='ocr_carea' id='block_1_39' title="bbox 248 2310 1839 2383">
    <p class='ocr_par' dir='ltr' id='par_1_39' title="bbox 248 2310 1839 2383">
     <span class='ocr_line' id='line_1_39' title="bbox 248 2310 1839 2383; baseline -0.004 -14"><span class='ocrx_word' id='word_1_251' title='bbox 248 2317 532 2372; x_wconf 86' lang='lat' dir='ltr'><strong>dominum</strong></span> <span class='ocrx_word' id='word_1_252' title='bbox 573 2317 971 2373; x_wconf 82' lang='lat' dir='ltr'><strong>Theodoricum</strong></span> <span class='ocrx_word' id='word_1_253' title='bbox 1034 2314 1274 2383; x_wconf 87' lang='lat' dir='ltr'><strong>ejusdem</strong></span> <span class='ocrx_word' id='word_1_254' title='bbox 1328 2312 1470 2368; x_wconf 89' lang='lat' dir='ltr'><strong>sedis</strong></span> <span class='ocrx_word' id='word_1_255' title='bbox 1526 2310 1839 2381; x_wconf 86' lang='lat' dir='ltr'><strong>episc0pum</strong></span> 
     </span>
    </p>
   </div>
   <div class='ocr_carea' id='block_1_40' title="bbox 249 2399 1837 2477">
    <p class='ocr_par' dir='ltr' id='par_1_40' title="bbox 249 2399 1837 2477">
     <span class='ocr_line' id='line_1_40' title="bbox 249 2399 1837 2477; baseline -0.004 -17"><span class='ocrx_word' id='word_1_256' title='bbox 249 2408 529 2474; x_wconf 82' lang='lat' dir='ltr'><strong>adierunt,</strong></span> <span class='ocrx_word' id='word_1_257' title='bbox 561 2409 908 2464; x_wconf 78' lang='lat' dir='ltr'><strong>covidelicet</strong></span> <span class='ocrx_word' id='word_1_258' title='bbox 948 2416 1189 2477; x_wconf 86' lang='lat' dir='ltr'><strong>tempore</strong></span> <span class='ocrx_word' id='word_1_259' title='bbox 1246 2420 1355 2475; x_wconf 89' lang='lat' dir='ltr'><strong>quo</strong></span> <span class='ocrx_word' id='word_1_260' title='bbox 1403 2403 1538 2459; x_wconf 90' lang='lat' dir='ltr'><strong>Dani</strong></span> <span class='ocrx_word' id='word_1_261' title='bbox 1581 2416 1677 2472; x_wconf 91' lang='lat' dir='ltr'><strong>per</strong></span> <span class='ocrx_word' id='word_1_262' title='bbox 1704 2399 1837 2455; x_wconf 87' lang='lat' dir='ltr'><strong>vici-</strong></span> 
     </span>
    </p>
   </div>
   <div class='ocr_carea' id='block_1_41' title="bbox 248 2490 1841 2569">
    <p class='ocr_par' dir='ltr' id='par_1_41' title="bbox 248 2490 1841 2569">
     <span class='ocr_line' id='line_1_41' title="bbox 248 2490 1841 2569; baseline -0.008 -15"><span class='ocrx_word' id='word_1_263' title='bbox 248 2496 395 2555; x_wconf 86' lang='lat' dir='ltr'><strong>niam</strong></span> <span class='ocrx_word' id='word_1_264' title='bbox 488 2499 649 2569; x_wconf 86' lang='lat' dir='ltr'><strong>hujus</strong></span> <span class='ocrx_word' id='word_1_265' title='bbox 717 2498 999 2553; x_wconf 86' lang='lat' dir='ltr'><strong>dioceseos</strong></span> <span class='ocrx_word' id='word_1_266' title='bbox 1096 2494 1480 2552; x_wconf 81' lang='lat' dir='ltr'><strong>miserabiliter</strong></span> <span class='ocrx_word' id='word_1_267' title='bbox 1559 2490 1841 2546; x_wconf 88' lang='lat' dir='ltr'><strong>seviebant</strong></span> 
     </span>
    </p>
   </div>
   <div class='ocr_carea' id='block_1_42' title="bbox 251 2580 1837 2663">
    <p class='ocr_par' dir='ltr' id='par_1_42' title="bbox 251 2580 1837 2663">
     <span class='ocr_line' id='line_1_42' title="bbox 251 2580 1837 2663; baseline -0.006 -18"><span class='ocrx_word' id='word_1_268' title='bbox 251 2593 387 2663; x_wconf 72' lang='lat' dir='ltr'><strong>(ride</strong></span> <span class='ocrx_word' id='word_1_269' title='bbox 417 2607 470 2647; x_wconf 91' lang='lat' dir='ltr'><strong>c.</strong></span> <span class='ocrx_word' id='word_1_270' title='bbox 502 2593 626 2663; x_wconf 66' lang='lat'><strong>44);</strong></span> <span class='ocrx_word' id='word_1_271' title='bbox 674 2590 1009 2660; x_wconf 88' lang='lat' dir='ltr'><strong>inplorantes</strong></span> <span class='ocrx_word' id='word_1_272' title='bbox 1056 2603 1187 2644; x_wconf 86' lang='lat' dir='ltr'><strong>sane</strong></span> <span class='ocrx_word' id='word_1_273' title='bbox 1218 2596 1301 2653; x_wconf 89' lang='lat' dir='ltr'><strong>ut,</strong></span> <span class='ocrx_word' id='word_1_274' title='bbox 1346 2585 1473 2656; x_wconf 85' lang='lat' dir='ltr'><strong>quia</strong></span> <span class='ocrx_word' id='word_1_275' title='bbox 1515 2590 1678 2637; x_wconf 77' lang='lat' dir='ltr'><strong>tanta:</strong></span> <span class='ocrx_word' id='word_1_276' title='bbox 1711 2580 1837 2637; x_wconf 91' lang='lat' dir='ltr'><strong>moli</strong></span> 
     </span>
    </p>
   </div>
   <div class='ocr_carea' id='block_1_43' title="bbox 248 2674 1840 2753">
    <p class='ocr_par' dir='ltr' id='par_1_43' title="bbox 248 2674 1840 2753">
     <span class='ocr_line' id='line_1_43' title="bbox 248 2674 1840 2753; baseline -0.007 -15"><span class='ocrx_word' id='word_1_277' title='bbox 248 2684 493 2753; x_wconf 88' lang='lat' dir='ltr'><strong>impares</strong></span> <span class='ocrx_word' id='word_1_278' title='bbox 544 2682 926 2737; x_wconf 55' lang='lat' dir='ltr'><strong>tam&#39;arduam</strong></span> <span class='ocrx_word' id='word_1_279' title='bbox 993 2695 1213 2735; x_wconf 89' lang='lat' dir='ltr'><strong>causam</strong></span> <span class='ocrx_word' id='word_1_280' title='bbox 1263 2678 1469 2747; x_wconf 85' lang='lat' dir='ltr'><strong>absque</strong></span> <span class='ocrx_word' id='word_1_281' title='bbox 1516 2674 1840 2730; x_wconf 83' lang='lat' dir='ltr'><strong>auctoritate</strong></span> 
     </span>
    </p>
   </div>
   <div class='ocr_carea' id='block_1_44' title="bbox 246 2766 1839 2843">
    <p class='ocr_par' dir='ltr' id='par_1_44' title="bbox 246 2766 1839 2843">
     <span class='ocr_line' id='line_1_44' title="bbox 246 2766 1839 2843; baseline -0.004 -16"><span class='ocrx_word' id='word_1_282' title='bbox 246 2773 495 2843; x_wconf 86' lang='lat' dir='ltr'><strong>episcopi</strong></span> <span class='ocrx_word' id='word_1_283' title='bbox 566 2781 895 2842; x_wconf 87' lang='lat' dir='ltr'><strong>attemptare</strong></span> <span class='ocrx_word' id='word_1_284' title='bbox 946 2769 1363 2834; x_wconf 88' lang='lat' dir='ltr'><strong>formidabant,</strong></span> <span class='ocrx_word' id='word_1_285' title='bbox 1417 2782 1615 2838; x_wconf 87' lang='lat' dir='ltr'><strong>corpus</strong></span> <span class='ocrx_word' id='word_1_286' title='bbox 1661 2766 1839 2822; x_wconf 89' lang='lat' dir='ltr'><strong>sancti</strong></span> 
     </span>
    </p>
   </div>
   <div class='ocr_carea' id='block_1_45' title="bbox 248 2860 1840 2936">
    <p class='ocr_par' dir='ltr' id='par_1_45' title="bbox 248 2860 1840 2936">
     <span class='ocr_line' id='line_1_45' title="bbox 248 2860 1840 2936; baseline -0.003 -18"><span class='ocrx_word' id='word_1_287' title='bbox 248 2863 474 2921; x_wconf 77' lang='lat' dir='ltr'><strong>Vedasti</strong></span> <span class='ocrx_word' id='word_1_288' title='bbox 522 2866 807 2936; x_wconf 59' lang='lat' dir='ltr'><strong>quasitum</strong></span> <span class='ocrx_word' id='word_1_289' title='bbox 860 2880 892 2919; x_wconf 91' lang='lat' dir='ltr'><strong>a</strong></span> <span class='ocrx_word' id='word_1_290' title='bbox 939 2863 1057 2921; x_wconf 91' lang='lat' dir='ltr'><strong>loco</strong></span> <span class='ocrx_word' id='word_1_291' title='bbox 1110 2868 1391 2928; x_wconf 87' lang='lat' dir='ltr'><strong>moveret,</strong></span> <span class='ocrx_word' id='word_1_292' title='bbox 1441 2869 1497 2917; x_wconf 79' lang='lat' dir='ltr'><strong>et</strong></span> <span class='ocrx_word' id='word_1_293' title='bbox 1547 2860 1840 2931; x_wconf 90' lang='lat' dir='ltr'><strong>inpositum</strong></span> 
     </span>
    </p>
   </div>
   <div class='ocr_carea' id='block_1_46' title="bbox 247 2950 1839 3027">
    <p class='ocr_par' dir='ltr' id='par_1_46' title="bbox 247 2950 1839 3027">
     <span class='ocr_line' id='line_1_46' title="bbox 247 2950 1839 3027; baseline -0.006 -15"><span class='ocrx_word' id='word_1_294' title='bbox 247 2958 457 3015; x_wconf 77' lang='lat' dir='ltr'><strong>feretm</strong></span> <span class='ocrx_word' id='word_1_295' title='bbox 486 2973 585 3027; x_wconf 86' lang='lat' dir='ltr'><strong>pro</strong></span> <span class='ocrx_word' id='word_1_296' title='bbox 611 2966 755 3011; x_wconf 89' lang='lat' dir='ltr'><strong>metu</strong></span> <span class='ocrx_word' id='word_1_297' title='bbox 779 2956 1057 3012; x_wconf 90' lang='lat' dir='ltr'><strong>Danorum</strong></span> <span class='ocrx_word' id='word_1_298' title='bbox 1100 2954 1167 3009; x_wconf 88' lang='lat' dir='ltr'><strong>ad</strong></span> <span class='ocrx_word' id='word_1_299' title='bbox 1194 2952 1549 3009; x_wconf 90' lang='lat' dir='ltr'><strong>deferendum</strong></span> <span class='ocrx_word' id='word_1_300' title='bbox 1580 2950 1839 3006; x_wconf 89' lang='lat' dir='ltr'><strong>aliorsum</strong></span> 
     </span>
    </p>
   </div>
   <div class='ocr_carea' id='block_1_47' title="bbox 244 3041 1837 3121">
    <p class='ocr_par' dir='ltr' id='par_1_47' title="bbox 244 3041 1837 3121">
     <span class='ocr_line' id='line_1_47' title="bbox 244 3041 1837 3121; baseline -0.007 -17"><span class='ocrx_word' id='word_1_301' title='bbox 244 3058 494 3121; x_wconf 81' lang='lat' dir='ltr'><strong>pararet.</strong></span> <span class='ocrx_word' id='word_1_302' title='bbox 540 3044 640 3115; x_wconf 84' lang='lat' dir='ltr'><strong>Qui</strong></span> <span class='ocrx_word' id='word_1_303' title='bbox 687 3062 908 3102; x_wconf 88' lang='lat' dir='ltr'><strong>suorum</strong></span> <span class='ocrx_word' id='word_1_304' title='bbox 940 3054 1060 3103; x_wconf 83' lang='lat' dir='ltr'><strong>vota</strong></span> <span class='ocrx_word' id='word_1_305' title='bbox 1112 3051 1482 3114; x_wconf 87' lang='lat' dir='ltr'><strong>competenter</strong></span> <span class='ocrx_word' id='word_1_306' title='bbox 1529 3041 1837 3113; x_wconf 76' lang='lat' dir='ltr'><strong>providens,</strong></span> 
     </span>
    </p>
   </div>
   <div class='ocr_carea' id='block_1_48' title="bbox 247 3130 1839 3210">
    <p class='ocr_par' dir='ltr' id='par_1_48' title="bbox 247 3130 1839 3210">
     <span class='ocr_line' id='line_1_48' title="bbox 247 3130 1839 3210; baseline -0.006 -17"><span class='ocrx_word' id='word_1_307' title='bbox 247 3154 486 3210; x_wconf 65' lang='lat' dir='ltr'><strong>quasque</strong></span> <span class='ocrx_word' id='word_1_308' title='bbox 536 3137 801 3208; x_wconf 79' lang='lat' dir='ltr'><strong>rogabant</strong></span> <span class='ocrx_word' id='word_1_309' title='bbox 849 3136 1195 3191; x_wconf 78' lang='lat' dir='ltr'><strong>familiariter</strong></span> <span class='ocrx_word' id='word_1_310' title='bbox 1240 3133 1521 3203; x_wconf 89' lang='lat' dir='ltr'><strong>implevit,</strong></span> <span class='ocrx_word' id='word_1_311' title='bbox 1551 3130 1839 3199; x_wconf 90' lang='lat' dir='ltr'><strong>studioque</strong></span> 
     </span>
    </p>
   </div>
   <div class='ocr_carea' id='block_1_49' title="bbox 246 3221 1837 3300">
    <p class='ocr_par' dir='ltr' id='par_1_49' title="bbox 246 3221 1837 3300">
     <span class='ocr_line' id='line_1_49' title="bbox 246 3221 1837 3300; baseline -0.008 -12"><span class='ocrx_word' id='word_1_312' title='bbox 246 3246 364 3288; x_wconf 69' lang='lat' dir='ltr'><strong>sua:</strong></span> <span class='ocrx_word' id='word_1_313' title='bbox 440 3229 785 3285; x_wconf 80' lang='lat' dir='ltr'><strong>auctoritatis</strong></span> <span class='ocrx_word' id='word_1_314' title='bbox 849 3229 938 3283; x_wconf 92' lang='lat' dir='ltr'><strong>illo</strong></span> <span class='ocrx_word' id='word_1_315' title='bbox 1007 3228 1412 3300; x_wconf 89' lang='lat' dir='ltr'><strong>preciosissimo</strong></span> <span class='ocrx_word' id='word_1_316' title='bbox 1468 3225 1721 3279; x_wconf 89' lang='lat' dir='ltr'><strong>thesauro</strong></span> <span class='ocrx_word' id='word_1_317' title='bbox 1770 3221 1837 3277; x_wconf 87' lang='lat' dir='ltr'><strong>ad</strong></span> 
     </span>
    </p>
   </div>
   <div class='ocr_carea' id='block_1_50' title="bbox 246 3309 1839 3377">
    <p class='ocr_par' dir='ltr' id='par_1_50' title="bbox 246 3309 1839 3377">
     <span class='ocr_line' id='line_1_50' title="bbox 246 3309 1839 3377; baseline -0.008 0"><span class='ocrx_word' id='word_1_318' title='bbox 246 3320 557 3377; x_wconf 69' lang='lat' dir='ltr'><strong>ecclesiam</strong></span> <span class='ocrx_word' id='word_1_319' title='bbox 624 3317 1035 3375; x_wconf 79' lang='lat' dir='ltr'><strong>Belva‘censium</strong></span> <span class='ocrx_word' id='word_1_320' title='bbox 1115 3315 1443 3373; x_wconf 85' lang='lat' dir='ltr'><strong>circumfusa</strong></span> <span class='ocrx_word' id='word_1_321' title='bbox 1497 3309 1839 3369; x_wconf 86' lang='lat' dir='ltr'><strong>multitudine</strong></span> 
     </span>
    </p>
   </div>
   <div class='ocr_carea' id='block_1_51' title="bbox 245 3406 1839 3484">
    <p class='ocr_par' dir='ltr' id='par_1_51' title="bbox 245 3406 1839 3484">
     <span class='ocr_line' id='line_1_51' title="bbox 245 3406 1839 3484; baseline -0.008 -17"><span class='ocrx_word' id='word_1_322' title='bbox 245 3413 426 3484; x_wconf 83' lang='lat' dir='ltr'><strong>plebis</strong></span> <span class='ocrx_word' id='word_1_323' title='bbox 454 3411 740 3478; x_wconf 84' lang='lat' dir='ltr'><strong>translato,</strong></span> <span class='ocrx_word' id='word_1_324' title='bbox 775 3406 845 3465; x_wconf 89' lang='lat' dir='ltr'><strong>ab</strong></span> <span class='ocrx_word' id='word_1_325' title='bbox 891 3408 1094 3466; x_wconf 87' lang='lat' dir='ltr'><strong>eisdem</strong></span> <span class='ocrx_word' id='word_1_326' title='bbox 1138 3408 1401 3463; x_wconf 80' lang='lat' dir='ltr'><strong>fratribus</strong></span> <span class='ocrx_word' id='word_1_327' title='bbox 1424 3406 1612 3461; x_wconf 84' lang='lat' dir='ltr'><strong>laudes</strong></span> <span class='ocrx_word' id='word_1_328' title='bbox 1634 3413 1688 3458; x_wconf 91' lang='lat' dir='ltr'><strong>et</strong></span> <span class='ocrx_word' id='word_1_329' title='bbox 1717 3417 1839 3472; x_wconf 87' lang='lat' dir='ltr'><strong>gra-</strong></span> 
     </span>
    </p>
   </div>
   <div class='ocr_carea' id='block_1_52' title="bbox 249 3491 1836 3570">
    <p class='ocr_par' dir='ltr' id='par_1_52' title="bbox 249 3491 1836 3570">
     <span class='ocr_line' id='line_1_52' title="bbox 249 3491 1836 3570; baseline -0.007 -14"><span class='ocrx_word' id='word_1_330' title='bbox 249 3505 451 3559; x_wconf 86' lang='lat' dir='ltr'><strong>tiarum</strong></span> <span class='ocrx_word' id='word_1_331' title='bbox 478 3503 722 3559; x_wconf 86' lang='lat' dir='ltr'><strong>actiones</strong></span> <span class='ocrx_word' id='word_1_332' title='bbox 755 3501 1023 3557; x_wconf 79' lang='lat' dir='ltr'><strong>maximas</strong></span> <span class='ocrx_word' id='word_1_333' title='bbox 1046 3499 1374 3570; x_wconf 89' lang='lat' dir='ltr'><strong>competenti</strong></span> <span class='ocrx_word' id='word_1_334' title='bbox 1412 3496 1534 3565; x_wconf 87' lang='lat' dir='ltr'><strong>jure</strong></span> <span class='ocrx_word' id='word_1_335' title='bbox 1577 3491 1836 3562; x_wconf 87' lang='lat' dir='ltr'><strong>suscepit.</strong></span> 
     </span>
    </p>
   </div>
   <div class='ocr_carea' id='block_1_53' title="bbox 249 3584 1835 3663">
    <p class='ocr_par' dir='ltr' id='par_1_53' title="bbox 249 3584 1835 3663">
     <span class='ocr_line' id='line_1_53' title="bbox 249 3584 1835 3663; baseline -0.008 -12"><span class='ocrx_word' id='word_1_336' title='bbox 249 3591 380 3650; x_wconf 85' lang='lat' dir='ltr'><strong>Post</strong></span> <span class='ocrx_word' id='word_1_337' title='bbox 427 3592 807 3648; x_wconf 85' lang='lat' dir='ltr'><strong>dissitudinem</strong></span> <span class='ocrx_word' id='word_1_338' title='bbox 858 3588 1004 3663; x_wconf 74' lang='grc'>(217)</span> <span class='ocrx_word' id='word_1_339' title='bbox 1040 3607 1169 3647; x_wconf 92' lang='lat' dir='ltr'><strong>vero</strong></span> <span class='ocrx_word' id='word_1_340' title='bbox 1211 3588 1510 3659; x_wconf 79' lang='lat' dir='ltr'><strong>longissimi</strong></span> <span class='ocrx_word' id='word_1_341' title='bbox 1559 3584 1835 3654; x_wconf 85' lang='lat' dir='ltr'><strong>temporis,</strong></span> 
     </span>
    </p>
   </div>
   <div class='ocr_carea' id='block_1_54' title="bbox 252 3675 1835 3759">
    <p class='ocr_par' dir='ltr' id='par_1_54' title="bbox 252 3675 1835 3759">
     <span class='ocr_line' id='line_1_54' title="bbox 252 3675 1835 3759; baseline -0.008 -19"><span class='ocrx_word' id='word_1_342' title='bbox 252 3684 419 3740; x_wconf 90' lang='lat' dir='ltr'><strong>terris</strong></span> <span class='ocrx_word' id='word_1_343' title='bbox 448 3680 665 3754; x_wconf 84' lang='lat' dir='ltr'><strong>quidem</strong></span> <span class='ocrx_word' id='word_1_344' title='bbox 710 3682 987 3738; x_wconf 88' lang='lat' dir='ltr'><strong>Danorum</strong></span> <span class='ocrx_word' id='word_1_345' title='bbox 1016 3683 1268 3738; x_wconf 87' lang='lat' dir='ltr'><strong>abscessu</strong></span> <span class='ocrx_word' id='word_1_346' title='bbox 1300 3679 1515 3749; x_wconf 89' lang='lat' dir='ltr'><strong>quietis,</strong></span> <span class='ocrx_word' id='word_1_347' title='bbox 1547 3690 1666 3730; x_wconf 90' lang='lat' dir='ltr'><strong>cum</strong></span> <span class='ocrx_word' id='word_1_348' title='bbox 1695 3675 1835 3759; x_wconf 83' lang='lat' dir='ltr'><strong>idem</strong></span> 
     </span>
    </p>
   </div>
   <div class='ocr_carea' id='block_1_55' title="bbox 249 3770 1839 3852">
    <p class='ocr_par' dir='ltr' id='par_1_55' title="bbox 249 3770 1839 3852">
     <span class='ocr_line' id='line_1_55' title="bbox 249 3770 1839 3852; baseline -0.007 -20"><span class='ocrx_word' id='word_1_349' title='bbox 249 3778 511 3833; x_wconf 85' lang='lat' dir='ltr'><strong>monachi</strong></span> <span class='ocrx_word' id='word_1_350' title='bbox 560 3786 811 3833; x_wconf 87' lang='lat' dir='ltr'><strong>sanctum</strong></span> <span class='ocrx_word' id='word_1_351' title='bbox 843 3790 1038 3846; x_wconf 90' lang='lat' dir='ltr'><strong>corpus</strong></span> <span class='ocrx_word' id='word_1_352' title='bbox 1074 3775 1147 3852; x_wconf 24' lang='lat' dir='ltr'><strong>ad.</strong></span> <span class='ocrx_word' id='word_1_353' title='bbox 1188 3773 1472 3843; x_wconf 89' lang='lat' dir='ltr'><strong>pristinam</strong></span> <span class='ocrx_word' id='word_1_354' title='bbox 1515 3770 1699 3825; x_wconf 87' lang='lat' dir='ltr'><strong>sedem</strong></span> <span class='ocrx_word' id='word_1_355' title='bbox 1754 3780 1839 3821; x_wconf 81' lang='lat' dir='ltr'><strong>re-</strong></span> 
     </span>
    </p>
   </div>
   <div class='ocr_carea' id='block_1_56' title="bbox 246 3858 1837 3937">
    <p class='ocr_par' dir='ltr' id='par_1_56' title="bbox 246 3858 1837 3937">
     <span class='ocr_line' id='line_1_56' title="bbox 246 3858 1837 3937; baseline -0.006 -17"><span class='ocrx_word' id='word_1_356' title='bbox 246 3866 399 3922; x_wconf 88' lang='lat' dir='ltr'><strong>ferre</strong></span> <span class='ocrx_word' id='word_1_357' title='bbox 430 3867 800 3937; x_wconf 86' lang='lat' dir='ltr'><strong>disponerent,</strong></span> <span class='ocrx_word' id='word_1_358' title='bbox 849 3866 1007 3921; x_wconf 85' lang='lat' dir='ltr'><strong>beato</strong></span> <span class='ocrx_word' id='word_1_359' title='bbox 1050 3864 1305 3935; x_wconf 90' lang='lat' dir='ltr'><strong>pontifice</strong></span> <span class='ocrx_word' id='word_1_360' title='bbox 1353 3859 1690 3916; x_wconf 84' lang='lat' dir='ltr'><strong>Theodorico</strong></span> <span class='ocrx_word' id='word_1_361' title='bbox 1725 3858 1837 3927; x_wconf 88' lang='lat' dir='ltr'><strong>jam</strong></span> 
     </span>
    </p>
   </div>
   <div class='ocr_carea' id='block_1_57' title="bbox 252 3949 1839 4021">
    <p class='ocr_par' dir='ltr' id='par_1_57' title="bbox 252 3949 1839 4021">
     <span class='ocr_line' id='line_1_57' title="bbox 252 3949 1839 4021; baseline -0.006 -11"><span class='ocrx_word' id='word_1_362' title='bbox 252 3956 458 4011; x_wconf 85' lang='lat' dir='ltr'><strong>dudum</strong></span> <span class='ocrx_word' id='word_1_363' title='bbox 486 3956 761 4021; x_wconf 87' lang='lat' dir='ltr'><strong>defuncto,</strong></span> <span class='ocrx_word' id='word_1_364' title='bbox 801 3955 1115 4011; x_wconf 89' lang='lat' dir='ltr'><strong>Dodilouem</strong></span> <span class='ocrx_word' id='word_1_365' title='bbox 1144 3964 1510 4008; x_wconf 87' lang='lat' dir='ltr'><strong>successorem</strong></span> <span class='ocrx_word' id='word_1_366' title='bbox 1538 3949 1655 4017; x_wconf 90' lang='lat' dir='ltr'><strong>ejus</strong></span> <span class='ocrx_word' id='word_1_367' title='bbox 1676 3962 1839 4018; x_wconf 85' lang='lat' dir='ltr'><strong>quar-</strong></span> 
     </span>
    </p>
   </div>
   <div class='ocr_carea' id='block_1_58' title="bbox 251 4039 1834 4114">
    <p class='ocr_par' dir='ltr' id='par_1_58' title="bbox 251 4039 1834 4114">
     <span class='ocr_line' id='line_1_58' title="bbox 251 4039 1834 4114; baseline -0.004 -16"><span class='ocrx_word' id='word_1_368' title='bbox 251 4053 367 4098; x_wconf 75' lang='lat' dir='ltr'><strong>tum</strong></span> <span class='ocrx_word' id='word_1_369' title='bbox 420 4045 491 4100; x_wconf 89' lang='lat' dir='ltr'><strong>ad</strong></span> <span class='ocrx_word' id='word_1_370' title='bbox 552 4045 710 4114; x_wconf 89' lang='lat' dir='ltr'><strong>hujus</strong></span> <span class='ocrx_word' id='word_1_371' title='bbox 760 4045 838 4099; x_wconf 93' lang='lat' dir='ltr'><strong>rei</strong></span> <span class='ocrx_word' id='word_1_372' title='bbox 887 4043 1160 4113; x_wconf 77' lang='lat' dir='ltr'><strong>negotium</strong></span> <span class='ocrx_word' id='word_1_373' title='bbox 1212 4042 1447 4097; x_wconf 85' lang='lat' dir='ltr'><strong>invitare</strong></span> <span class='ocrx_word' id='word_1_374' title='bbox 1488 4039 1834 4104; x_wconf 89' lang='lat' dir='ltr'><strong>estimarunt;</strong></span> 
     </span>
    </p>
   </div>
   <div class='ocr_carea' id='block_1_59' title="bbox 250 4133 1841 4206">
    <p class='ocr_par' dir='ltr' id='par_1_59' title="bbox 250 4133 1841 4206">
     <span class='ocr_line' id='line_1_59' title="bbox 250 4133 1841 4206; baseline -0.006 -15"><span class='ocrx_word' id='word_1_375' title='bbox 250 4134 586 4206; x_wconf 87' lang='lat' dir='ltr'><strong>directisque</strong></span> <span class='ocrx_word' id='word_1_376' title='bbox 610 4138 677 4191; x_wconf 87' lang='lat' dir='ltr'><strong>ad</strong></span> <span class='ocrx_word' id='word_1_377' title='bbox 706 4152 830 4192; x_wconf 88' lang='lat' dir='ltr'><strong>eum</strong></span> <span class='ocrx_word' id='word_1_378' title='bbox 858 4136 1129 4206; x_wconf 86' lang='lat' dir='ltr'><strong>precibus,</strong></span> <span class='ocrx_word' id='word_1_379' title='bbox 1161 4133 1537 4189; x_wconf 87' lang='lat' dir='ltr'><strong>auctoritatem</strong></span> <span class='ocrx_word' id='word_1_380' title='bbox 1565 4140 1677 4185; x_wconf 60' lang='lat' dir='ltr'><strong>sua</strong></span> <span class='ocrx_word' id='word_1_381' title='bbox 1704 4141 1841 4197; x_wconf 63' lang='lat' dir='ltr'><strong>prai—</strong></span> 
     </span>
    </p>
   </div>
   <div class='ocr_carea' id='block_1_60' title="bbox 251 4219 1841 4298">
    <p class='ocr_par' dir='ltr' id='par_1_60' title="bbox 251 4219 1841 4298">
     <span class='ocr_line' id='line_1_60' title="bbox 251 4219 1841 4298; baseline -0.006 -15"><span class='ocrx_word' id='word_1_382' title='bbox 251 4229 448 4284; x_wconf 64' lang='lat' dir='ltr'><strong>sentiz</strong></span> <span class='ocrx_word' id='word_1_383' title='bbox 480 4228 846 4298; x_wconf 85' lang='lat' dir='ltr'><strong>postularunt.</strong></span> <span class='ocrx_word' id='word_1_384' title='bbox 900 4226 1019 4292; x_wconf 84' lang='lat' dir='ltr'><strong>ilic,</strong></span> <span class='ocrx_word' id='word_1_385' title='bbox 1069 4241 1291 4281; x_wconf 87' lang='lat' dir='ltr'><strong>suorum</strong></span> <span class='ocrx_word' id='word_1_386' title='bbox 1321 4223 1592 4283; x_wconf 89' lang='lat' dir='ltr'><strong>desiderio</strong></span> <span class='ocrx_word' id='word_1_387' title='bbox 1621 4219 1841 4278; x_wconf 88' lang='lat' dir='ltr'><strong>satisfa-</strong></span> 
     </span>
    </p>
   </div>
   <div class='ocr_carea' id='block_1_61' title="bbox 252 4318 1839 4390">
    <p class='ocr_par' dir='ltr' id='par_1_61' title="bbox 252 4318 1839 4390">
     <span class='ocr_line' id='line_1_61' title="bbox 252 4318 1839 4390; baseline -0.004 -14"><span class='ocrx_word' id='word_1_388' title='bbox 252 4322 433 4386; x_wconf 90' lang='lat' dir='ltr'><strong>ciens,</strong></span> <span class='ocrx_word' id='word_1_389' title='bbox 466 4322 533 4376; x_wconf 89' lang='lat' dir='ltr'><strong>ad</strong></span> <span class='ocrx_word' id='word_1_390' title='bbox 580 4319 885 4377; x_wconf 67' lang='lat' dir='ltr'><strong>mcclesiam</strong></span> <span class='ocrx_word' id='word_1_391' title='bbox 931 4328 1382 4390; x_wconf 87' lang='lat' dir='ltr'><strong>prememoratam</strong></span> <span class='ocrx_word' id='word_1_392' title='bbox 1432 4318 1839 4374; x_wconf 85' lang='lat' dir='ltr'><strong>Beivacensium</strong></span> 
     </span>
    </p>
   </div>
   <div class='ocr_carea' id='block_1_62' title="bbox 250 4414 1838 4485">
    <p class='ocr_par' dir='ltr' id='par_1_62' title="bbox 250 4414 1838 4485">
     <span class='ocr_line' id='line_1_62' title="bbox 250 4414 1838 4485; baseline -0.006 -15"><span class='ocrx_word' id='word_1_393' title='bbox 250 4415 529 4485; x_wconf 80' lang='lat' dir='ltr'><strong>perrexit;</strong></span> <span class='ocrx_word' id='word_1_394' title='bbox 561 4424 867 4484; x_wconf 88' lang='lat' dir='ltr'><strong>sanctoque</strong></span> <span class='ocrx_word' id='word_1_395' title='bbox 914 4414 1165 4468; x_wconf 89' lang='lat' dir='ltr'><strong>thesauro</strong></span> <span class='ocrx_word' id='word_1_396' title='bbox 1208 4427 1418 4468; x_wconf 88' lang='lat' dir='ltr'><strong>summa</strong></span> <span class='ocrx_word' id='word_1_397' title='bbox 1457 4426 1578 4465; x_wconf 91' lang='lat' dir='ltr'><strong>cum</strong></span> <span class='ocrx_word' id='word_1_398' title='bbox 1610 4423 1838 4464; x_wconf 83' lang='lat' dir='ltr'><strong>venera-</strong></span> 
     </span>
    </p>
   </div>
   <div class='ocr_carea' id='block_1_63' title="bbox 1940 1924 3527 1998">
    <p class='ocr_par' dir='ltr' id='par_1_63' title="bbox 1940 1924 3527 1998">
     <span class='ocr_line' id='line_1_63' title="bbox 1940 1924 3527 1998; baseline -0.001 -15"><span class='ocrx_word' id='word_1_399' title='bbox 1940 1929 2271 1984; x_wconf 86' lang='lat' dir='ltr'><strong>corroborari</strong></span> <span class='ocrx_word' id='word_1_400' title='bbox 2318 1928 2473 1998; x_wconf 84' lang='lat' dir='ltr'><strong>regiis</strong></span> <span class='ocrx_word' id='word_1_401' title='bbox 2510 1927 2762 1997; x_wconf 83' lang='lat' dir='ltr'><strong>preceptis</strong></span> <span class='ocrx_word' id='word_1_402' title='bbox 2805 1926 3049 1979; x_wconf 83' lang='lat' dir='ltr'><strong>obtinuit.</strong></span> <span class='ocrx_word' id='word_1_403' title='bbox 3100 1924 3354 1980; x_wconf 90' lang='lat' dir='ltr'><strong>Predium</strong></span> <span class='ocrx_word' id='word_1_404' title='bbox 3394 1940 3527 1981; x_wconf 88' lang='lat' dir='ltr'><strong>vero</strong></span> 
     </span>
    </p>
   </div>
   <div class='ocr_carea' id='block_1_64' title="bbox 1940 2016 3525 2091">
    <p class='ocr_par' dir='ltr' id='par_1_64' title="bbox 1940 2016 3525 2091">
     <span class='ocr_line' id='line_1_64' title="bbox 1940 2016 3525 2091; baseline -0.001 -17"><span class='ocrx_word' id='word_1_405' title='bbox 1940 2019 2084 2091; x_wconf 89' lang='lat' dir='ltr'><strong>quod</strong></span> <span class='ocrx_word' id='word_1_406' title='bbox 2143 2019 2333 2074; x_wconf 91' lang='lat' dir='ltr'><strong>dicunt</strong></span> <span class='ocrx_word' id='word_1_407' title='bbox 2380 2018 2653 2074; x_wconf 86' lang='lat' dir='ltr'><strong>Fontanas</strong></span> <span class='ocrx_word' id='word_1_408' title='bbox 2704 2016 2909 2087; x_wconf 74' lang='lat' dir='ltr'><strong>(2l8),</strong></span> <span class='ocrx_word' id='word_1_409' title='bbox 2957 2031 3055 2072; x_wconf 93' lang='lat' dir='ltr'><strong>nec</strong></span> <span class='ocrx_word' id='word_1_410' title='bbox 3098 2016 3287 2087; x_wconf 88' lang='lat' dir='ltr'><strong>procul</strong></span> <span class='ocrx_word' id='word_1_411' title='bbox 3339 2016 3525 2083; x_wconf 87' lang='lat' dir='ltr'><strong>abest,</strong></span> 
     </span>
    </p>
   </div>
   <div class='ocr_carea' id='block_1_65' title="bbox 1939 2108 3530 2179">
    <p class='ocr_par' dir='ltr' id='par_1_65' title="bbox 1939 2108 3530 2179">
     <span class='ocr_line' id='line_1_65' title="bbox 1939 2108 3530 2179; baseline -0.003 -12"><span class='ocrx_word' id='word_1_412' title='bbox 1939 2112 2197 2167; x_wconf 69' lang='lat' dir='ltr'><strong>tecelesiae</strong></span> <span class='ocrx_word' id='word_1_413' title='bbox 2247 2120 2449 2167; x_wconf 72' lang='lat' dir='ltr'><strong>sancta:</strong></span> <span class='ocrx_word' id='word_1_414' title='bbox 2497 2110 2591 2164; x_wconf 91' lang='lat' dir='ltr'><strong>Dei</strong></span> <span class='ocrx_word' id='word_1_415' title='bbox 2641 2109 2830 2164; x_wconf 89' lang='lat' dir='ltr'><strong>matris</strong></span> <span class='ocrx_word' id='word_1_416' title='bbox 2879 2108 3191 2179; x_wconf 90' lang='lat' dir='ltr'><strong>adquisivit,</strong></span> <span class='ocrx_word' id='word_1_417' title='bbox 3224 2124 3434 2165; x_wconf 90' lang='lat' dir='ltr'><strong>necnon</strong></span> <span class='ocrx_word' id='word_1_418' title='bbox 3471 2117 3530 2164; x_wconf 87' lang='lat' dir='ltr'><strong>et</strong></span> 
     </span>
    </p>
   </div>
   <div class='ocr_carea' id='block_1_66' title="bbox 1942 2201 3531 2272">
    <p class='ocr_par' dir='ltr' id='par_1_66' title="bbox 1942 2201 3531 2272">
     <span class='ocr_line' id='line_1_66' title="bbox 1942 2201 3531 2272; baseline 0.001 -15"><span class='ocrx_word' id='word_1_419' title='bbox 1942 2203 2309 2258; x_wconf 87' lang='lat' dir='ltr'><strong>immunitates</strong></span> <span class='ocrx_word' id='word_1_420' title='bbox 2334 2202 2595 2258; x_wconf 70' lang='lat' dir='ltr'><strong>azcclesim</strong></span> <span class='ocrx_word' id='word_1_421' title='bbox 2622 2201 2690 2255; x_wconf 91' lang='lat' dir='ltr'><strong>ab</strong></span> <span class='ocrx_word' id='word_1_422' title='bbox 2712 2203 3158 2257; x_wconf 87' lang='lat' dir='ltr'><strong>antecedentibus</strong></span> <span class='ocrx_word' id='word_1_423' title='bbox 3187 2202 3531 2272; x_wconf 76' lang='lat' dir='ltr'><strong>imperatori-</strong></span> 
     </span>
    </p>
   </div>
   <div class='ocr_carea' id='block_1_67' title="bbox 1940 2292 3531 2366">
    <p class='ocr_par' dir='ltr' id='par_1_67' title="bbox 1940 2292 3531 2366">
     <span class='ocr_line' id='line_1_67' title="bbox 1940 2292 3531 2366; baseline 0.001 -17"><span class='ocrx_word' id='word_1_424' title='bbox 1940 2295 2042 2349; x_wconf 90' lang='lat' dir='ltr'><strong>bus</strong></span> <span class='ocrx_word' id='word_1_425' title='bbox 2072 2296 2375 2366; x_wconf 89' lang='lat' dir='ltr'><strong>insignitas,</strong></span> <span class='ocrx_word' id='word_1_426' title='bbox 2422 2296 2492 2350; x_wconf 88' lang='lat' dir='ltr'><strong>ab</strong></span> <span class='ocrx_word' id='word_1_427' title='bbox 2526 2292 2722 2348; x_wconf 92' lang='lat' dir='ltr'><strong>Ottone</strong></span> <span class='ocrx_word' id='word_1_428' title='bbox 2761 2293 2926 2347; x_wconf 87' lang='lat' dir='ltr'><strong>etiam</strong></span> <span class='ocrx_word' id='word_1_429' title='bbox 2973 2294 3134 2349; x_wconf 93' lang='lat' dir='ltr'><strong>tertio</strong></span> <span class='ocrx_word' id='word_1_430' title='bbox 3180 2294 3531 2350; x_wconf 89' lang='lat' dir='ltr'><strong>corroborari</strong></span> 
     </span>
    </p>
   </div>
   <div class='ocr_carea' id='block_1_68' title="bbox 1940 2384 3531 2456">
    <p class='ocr_par' dir='ltr' id='par_1_68' title="bbox 1940 2384 3531 2456">
     <span class='ocr_line' id='line_1_68' title="bbox 1940 2384 3531 2456; baseline 0.001 -16"><span class='ocrx_word' id='word_1_431' title='bbox 1940 2401 2039 2455; x_wconf 91' lang='lat' dir='ltr'><strong>per</strong></span> <span class='ocrx_word' id='word_1_432' title='bbox 2084 2394 2466 2441; x_wconf 85' lang='lat' dir='ltr'><strong>testamentum</strong></span> <span class='ocrx_word' id='word_1_433' title='bbox 2513 2384 2819 2454; x_wconf 71' lang='lat' dir='ltr'><strong>huiusmodi</strong></span> <span class='ocrx_word' id='word_1_434' title='bbox 2867 2386 3079 2456; x_wconf 76' lang='lat' dir='ltr'><strong>pagina:</strong></span> <span class='ocrx_word' id='word_1_435' title='bbox 3108 2400 3123 2438; x_wconf 93' lang='lat'><strong>:</strong></span> <span class='ocrx_word' id='word_1_436' title='bbox 3157 2402 3176 2436; x_wconf 77' lang='grc' dir='ltr'>ι</span> <span class='ocrx_word' id='word_1_437' title='bbox 3217 2384 3275 2440; x_wconf 89' lang='lat' dir='ltr'><strong>in</strong></span> <span class='ocrx_word' id='word_1_438' title='bbox 3305 2385 3531 2441; x_wconf 87' lang='lat' dir='ltr'><strong>nomine</strong></span> 
     </span>
    </p>
   </div>
   <div class='ocr_carea' id='block_1_69' title="bbox 1940 2476 3531 2533">
    <p class='ocr_par' dir='ltr' id='par_1_69' title="bbox 1940 2476 3531 2533">
     <span class='ocr_line' id='line_1_69' title="bbox 1940 2476 3531 2533; baseline 0.002 -3"><span class='ocrx_word' id='word_1_439' title='bbox 1940 2486 2140 2532; x_wconf 70' lang='lat' dir='ltr'><strong>sancta:</strong></span> <span class='ocrx_word' id='word_1_440' title='bbox 2183 2486 2240 2532; x_wconf 92' lang='lat' dir='ltr'><strong>et</strong></span> <span class='ocrx_word' id='word_1_441' title='bbox 2284 2476 2574 2533; x_wconf 84' lang='lat' dir='ltr'><strong>individuae</strong></span> <span class='ocrx_word' id='word_1_442' title='bbox 2604 2476 2906 2531; x_wconf 87' lang='lat' dir='ltr'><strong>Trinitatis.</strong></span> <span class='ocrx_word' id='word_1_443' title='bbox 2939 2476 3066 2531; x_wconf 89' lang='lat' dir='ltr'><strong>Otto</strong></span> <span class='ocrx_word' id='word_1_444' title='bbox 3102 2477 3283 2531; x_wconf 90' lang='lat' dir='ltr'><strong>divina</strong></span> <span class='ocrx_word' id='word_1_445' title='bbox 3311 2476 3531 2533; x_wconf 80' lang='lat' dir='ltr'><strong>favente</strong></span> 
     </span>
    </p>
   </div>
   <div class='ocr_carea' id='block_1_70' title="bbox 1938 2567 3527 2639">
    <p class='ocr_par' dir='ltr' id='par_1_70' title="bbox 1938 2567 3527 2639">
     <span class='ocr_line' id='line_1_70' title="bbox 1938 2567 3527 2639; baseline 0 -16"><span class='ocrx_word' id='word_1_446' title='bbox 1938 2568 2226 2623; x_wconf 82' lang='lat' dir='ltr'><strong>clementia</strong></span> <span class='ocrx_word' id='word_1_447' title='bbox 2266 2582 2378 2623; x_wconf 79' lang='lat' dir='ltr'><strong>rex.</strong></span> <span class='ocrx_word' id='word_1_448' title='bbox 2421 2568 2554 2623; x_wconf 90' lang='lat' dir='ltr'><strong>Cum</strong></span> <span class='ocrx_word' id='word_1_449' title='bbox 2598 2567 2947 2637; x_wconf 82' lang='lat' dir='ltr'><strong>petitionibus</strong></span> <span class='ocrx_word' id='word_1_450' title='bbox 2990 2583 3272 2623; x_wconf 88' lang='lat' dir='ltr'><strong>servorum</strong></span> <span class='ocrx_word' id='word_1_451' title='bbox 3313 2568 3408 2624; x_wconf 89' lang='lat' dir='ltr'><strong>Dei</strong></span> <span class='ocrx_word' id='word_1_452' title='bbox 3434 2569 3527 2639; x_wconf 87' lang='lat' dir='ltr'><strong>ju-</strong></span> 
     </span>
    </p>
   </div>
   <div class='ocr_carea' id='block_1_71' title="bbox 1942 2659 3522 2716">
    <p class='ocr_par' dir='ltr' id='par_1_71' title="bbox 1942 2659 3522 2716">
     <span class='ocr_line' id='line_1_71' title="bbox 1942 2659 3522 2716; baseline 0.001 -2"><span class='ocrx_word' id='word_1_453' title='bbox 1942 2660 2045 2715; x_wconf 89' lang='lat' dir='ltr'><strong>stis</strong></span> <span class='ocrx_word' id='word_1_454' title='bbox 2080 2669 2133 2714; x_wconf 90' lang='lat' dir='ltr'><strong>et</strong></span> <span class='ocrx_word' id='word_1_455' title='bbox 2173 2660 2587 2715; x_wconf 90' lang='lat' dir='ltr'><strong>rationabilibus</strong></span> <span class='ocrx_word' id='word_1_456' title='bbox 2615 2659 2783 2715; x_wconf 87' lang='lat' dir='ltr'><strong>divini</strong></span> <span class='ocrx_word' id='word_1_457' title='bbox 2831 2660 3008 2715; x_wconf 90' lang='lat' dir='ltr'><strong>cultus</strong></span> <span class='ocrx_word' id='word_1_458' title='bbox 3054 2675 3241 2715; x_wconf 89' lang='lat' dir='ltr'><strong>amore</strong></span> <span class='ocrx_word' id='word_1_459' title='bbox 3274 2660 3522 2716; x_wconf 88' lang='lat' dir='ltr'><strong>favemus</strong></span> 
     </span>
    </p>
   </div>
   <div class='ocr_carea' id='block_1_72' title="bbox 1941 2750 3527 2823">
    <p class='ocr_par' dir='ltr' id='par_1_72' title="bbox 1941 2750 3527 2823">
     <span class='ocr_line' id='line_1_72' title="bbox 1941 2750 3527 2823; baseline 0.002 -18"><span class='ocrx_word' id='word_1_460' title='bbox 1941 2766 2178 2822; x_wconf 89' lang='lat' dir='ltr'><strong>superna</strong></span> <span class='ocrx_word' id='word_1_461' title='bbox 2208 2752 2381 2822; x_wconf 90' lang='lat' dir='ltr'><strong>gratia</strong></span> <span class='ocrx_word' id='word_1_462' title='bbox 2435 2767 2533 2806; x_wconf 91' lang='lat' dir='ltr'><strong>nos</strong></span> <span class='ocrx_word' id='word_1_463' title='bbox 2580 2751 2781 2807; x_wconf 89' lang='lat' dir='ltr'><strong>muniri</strong></span> <span class='ocrx_word' id='word_1_464' title='bbox 2817 2750 3106 2807; x_wconf 69' lang='lat' dir='ltr'><strong>dimdimus</strong></span> <span class='ocrx_word' id='word_1_465' title='bbox 3159 2768 3527 2823; x_wconf 88' lang='lat' dir='ltr'><strong>nequaquam.</strong></span> 
     </span>
    </p>
   </div>
   <div class='ocr_carea' id='block_1_73' title="bbox 1941 2842 3529 2900">
    <p class='ocr_par' dir='ltr' id='par_1_73' title="bbox 1941 2842 3529 2900">
     <span class='ocr_line' id='line_1_73' title="bbox 1941 2842 3529 2900; baseline 0 -2"><span class='ocrx_word' id='word_1_466' title='bbox 1941 2842 2175 2900; x_wconf 86' lang='lat' dir='ltr'><strong>Proinde</strong></span> <span class='ocrx_word' id='word_1_467' title='bbox 2214 2844 2425 2899; x_wconf 89' lang='lat' dir='ltr'><strong>noverit</strong></span> <span class='ocrx_word' id='word_1_468' title='bbox 2456 2844 2723 2899; x_wconf 84' lang='lat' dir='ltr'><strong>industria</strong></span> <span class='ocrx_word' id='word_1_469' title='bbox 2753 2844 2996 2899; x_wconf 92' lang='lat' dir='ltr'><strong>omnium</strong></span> <span class='ocrx_word' id='word_1_470' title='bbox 3038 2844 3281 2898; x_wconf 87' lang='lat' dir='ltr'><strong>fidelium</strong></span> <span class='ocrx_word' id='word_1_471' title='bbox 3309 2852 3529 2899; x_wconf 80' lang='lat' dir='ltr'><strong>nostro-</strong></span> 
     </span>
    </p>
   </div>
   <div class='ocr_carea' id='block_1_74' title="bbox 1942 2934 3533 3006">
    <p class='ocr_par' dir='ltr' id='par_1_74' title="bbox 1942 2934 3533 3006">
     <span class='ocr_line' id='line_1_74' title="bbox 1942 2934 3533 3006; baseline 0.001 -18"><span class='ocrx_word' id='word_1_472' title='bbox 1942 2950 2063 2989; x_wconf 92' lang='lat' dir='ltr'><strong>rum</strong></span> <span class='ocrx_word' id='word_1_473' title='bbox 2088 2944 2198 2990; x_wconf 87' lang='lat' dir='ltr'><strong>tam</strong></span> <span class='ocrx_word' id='word_1_474' title='bbox 2228 2936 2564 3006; x_wconf 87' lang='lat' dir='ltr'><strong>presentium</strong></span> <span class='ocrx_word' id='word_1_475' title='bbox 2603 2949 2768 3004; x_wconf 89' lang='lat' dir='ltr'><strong>quam</strong></span> <span class='ocrx_word' id='word_1_476' title='bbox 2809 2944 2865 2991; x_wconf 89' lang='lat' dir='ltr'><strong>et</strong></span> <span class='ocrx_word' id='word_1_477' title='bbox 2908 2934 3235 2999; x_wconf 89' lang='lat' dir='ltr'><strong>futurorum,</strong></span> <span class='ocrx_word' id='word_1_478' title='bbox 3277 2935 3402 3004; x_wconf 89' lang='lat' dir='ltr'><strong>quia</strong></span> <span class='ocrx_word' id='word_1_479' title='bbox 3442 2935 3533 2990; x_wconf 85' lang='lat' dir='ltr'><strong>vir</strong></span> 
     </span>
    </p>
   </div>
   <div class='ocr_carea' id='block_1_75' title="bbox 1941 3023 3530 3096">
    <p class='ocr_par' dir='ltr' id='par_1_75' title="bbox 1941 3023 3530 3096">
     <span class='ocr_line' id='line_1_75' title="bbox 1941 3023 3530 3096; baseline 0.004 -21"><span class='ocrx_word' id='word_1_480' title='bbox 1941 3024 2269 3079; x_wconf 73' lang='lat' dir='ltr'><strong>venerabilis</strong></span> <span class='ocrx_word' id='word_1_481' title='bbox 2294 3023 2605 3079; x_wconf 80' lang='lat' dir='ltr'><strong>Rothardus</strong></span> <span class='ocrx_word' id='word_1_482' title='bbox 2631 3023 3041 3080; x_wconf 85' lang='lat' dir='ltr'><strong>Cameracensis</strong></span> <span class='ocrx_word' id='word_1_483' title='bbox 3065 3025 3217 3080; x_wconf 89' lang='lat' dir='ltr'><strong>urbis</strong></span> <span class='ocrx_word' id='word_1_484' title='bbox 3242 3024 3530 3096; x_wconf 89' lang='lat' dir='ltr'><strong>episcopus</strong></span> 
     </span>
    </p>
   </div>
   <div class='ocr_carea' id='block_1_76' title="bbox 1942 3114 3531 3173">
    <p class='ocr_par' dir='ltr' id='par_1_76' title="bbox 1942 3114 3531 3173">
     <span class='ocr_line' id='line_1_76' title="bbox 1942 3114 3531 3173; baseline 0.003 -4"><span class='ocrx_word' id='word_1_485' title='bbox 1942 3116 2138 3172; x_wconf 89' lang='lat' dir='ltr'><strong>obtulit</strong></span> <span class='ocrx_word' id='word_1_486' title='bbox 2161 3117 2445 3171; x_wconf 90' lang='lat' dir='ltr'><strong>obtutibus</strong></span> <span class='ocrx_word' id='word_1_487' title='bbox 2488 3115 2693 3171; x_wconf 90' lang='lat' dir='ltr'><strong>nostris</strong></span> <span class='ocrx_word' id='word_1_488' title='bbox 2736 3114 3107 3171; x_wconf 88' lang='lat' dir='ltr'><strong>immunitates</strong></span> <span class='ocrx_word' id='word_1_489' title='bbox 3126 3116 3297 3171; x_wconf 70' lang='lat' dir='ltr'><strong>beatae</strong></span> <span class='ocrx_word' id='word_1_490' title='bbox 3328 3131 3531 3173; x_wconf 84' lang='lat' dir='ltr'><strong>memo-</strong></span> 
     </span>
    </p>
   </div>
   <div class='ocr_carea' id='block_1_77' title="bbox 1948 3205 3531 3278">
    <p class='ocr_par' dir='ltr' id='par_1_77' title="bbox 1948 3205 3531 3278">
     <span class='ocr_line' id='line_1_77' title="bbox 1948 3205 3531 3278; baseline 0.003 -17"><span class='ocrx_word' id='word_1_491' title='bbox 1948 3209 2041 3263; x_wconf 67' lang='lat' dir='ltr'><strong>ria:</strong></span> <span class='ocrx_word' id='word_1_492' title='bbox 2071 3208 2156 3263; x_wconf 88' lang='lat' dir='ltr'><strong>avi</strong></span> <span class='ocrx_word' id='word_1_493' title='bbox 2179 3208 2353 3263; x_wconf 79' lang='lat' dir='ltr'><strong>nostri</strong></span> <span class='ocrx_word' id='word_1_494' title='bbox 2377 3207 2592 3263; x_wconf 89' lang='lat' dir='ltr'><strong>Ottonis</strong></span> <span class='ocrx_word' id='word_1_495' title='bbox 2620 3214 2679 3262; x_wconf 91' lang='lat' dir='ltr'><strong>et</strong></span> <span class='ocrx_word' id='word_1_496' title='bbox 2704 3205 2821 3276; x_wconf 89' lang='lat' dir='ltr'><strong>ejus</strong></span> <span class='ocrx_word' id='word_1_497' title='bbox 2844 3207 3105 3278; x_wconf 77' lang='lat' dir='ltr'><strong>azquivoci</strong></span> <span class='ocrx_word' id='word_1_498' title='bbox 3140 3209 3404 3277; x_wconf 88' lang='lat' dir='ltr'><strong>genitoris</strong></span> <span class='ocrx_word' id='word_1_499' title='bbox 3431 3224 3531 3265; x_wconf 83' lang='lat' dir='ltr'><strong>no-</strong></span> 
     </span>
    </p>
   </div>
   <div class='ocr_carea' id='block_1_78' title="bbox 1939 3300 3532 3372">
    <p class='ocr_par' dir='ltr' id='par_1_78' title="bbox 1939 3300 3532 3372">
     <span class='ocr_line' id='line_1_78' title="bbox 1939 3300 3532 3372; baseline 0 -17"><span class='ocrx_word' id='word_1_500' title='bbox 1939 3301 2037 3355; x_wconf 89' lang='lat' dir='ltr'><strong>stri</strong></span> <span class='ocrx_word' id='word_1_501' title='bbox 2071 3301 2457 3371; x_wconf 88' lang='lat' dir='ltr'><strong>imperatorum</strong></span> <span class='ocrx_word' id='word_1_502' title='bbox 2482 3311 2870 3372; x_wconf 87' lang='lat' dir='ltr'><strong>augustorum;</strong></span> <span class='ocrx_word' id='word_1_503' title='bbox 2902 3300 2954 3356; x_wconf 92' lang='lat' dir='ltr'><strong>in</strong></span> <span class='ocrx_word' id='word_1_504' title='bbox 2988 3300 3182 3371; x_wconf 89' lang='lat' dir='ltr'><strong>quibus</strong></span> <span class='ocrx_word' id='word_1_505' title='bbox 3214 3301 3532 3358; x_wconf 89' lang='lat' dir='ltr'><strong>contineba-</strong></span> 
     </span>
    </p>
   </div>
   <div class='ocr_carea' id='block_1_79' title="bbox 1939 3391 3529 3463">
    <p class='ocr_par' dir='ltr' id='par_1_79' title="bbox 1939 3391 3529 3463">
     <span class='ocr_line' id='line_1_79' title="bbox 1939 3391 3529 3463; baseline 0.002 -17"><span class='ocrx_word' id='word_1_506' title='bbox 1939 3400 2032 3446; x_wconf 87' lang='lat' dir='ltr'><strong>tur</strong></span> <span class='ocrx_word' id='word_1_507' title='bbox 2058 3391 2323 3447; x_wconf 80' lang='lat' dir='ltr'><strong>insertum</strong></span> <span class='ocrx_word' id='word_1_508' title='bbox 2366 3393 2600 3462; x_wconf 91' lang='lat' dir='ltr'><strong>qualiter</strong></span> <span class='ocrx_word' id='word_1_509' title='bbox 2642 3392 2872 3461; x_wconf 89' lang='lat' dir='ltr'><strong>predicti</strong></span> <span class='ocrx_word' id='word_1_510' title='bbox 2922 3392 3276 3462; x_wconf 88' lang='lat' dir='ltr'><strong>imperatores</strong></span> <span class='ocrx_word' id='word_1_511' title='bbox 3312 3394 3529 3463; x_wconf 84' lang='lat' dir='ltr'><strong>augusti</strong></span> 
     </span>
    </p>
   </div>
   <div class='ocr_carea' id='block_1_80' title="bbox 1940 3484 3530 3553">
    <p class='ocr_par' dir='ltr' id='par_1_80' title="bbox 1940 3484 3530 3553">
     <span class='ocr_line' id='line_1_80' title="bbox 1940 3484 3530 3553; baseline 0.001 -14"><span class='ocrx_word' id='word_1_512' title='bbox 1940 3484 2275 3539; x_wconf 87' lang='lat' dir='ltr'><strong>nominatam</strong></span> <span class='ocrx_word' id='word_1_513' title='bbox 2318 3486 2524 3550; x_wconf 89' lang='lat' dir='ltr'><strong>sedem,</strong></span> <span class='ocrx_word' id='word_1_514' title='bbox 2555 3499 2675 3553; x_wconf 70' lang='lat' dir='ltr'><strong>qua:</strong></span> <span class='ocrx_word' id='word_1_515' title='bbox 2725 3492 2810 3539; x_wconf 90' lang='lat' dir='ltr'><strong>est</strong></span> <span class='ocrx_word' id='word_1_516' title='bbox 2851 3484 2906 3537; x_wconf 89' lang='lat' dir='ltr'><strong>in</strong></span> <span class='ocrx_word' id='word_1_517' title='bbox 2947 3484 3152 3540; x_wconf 87' lang='lat' dir='ltr'><strong>honore</strong></span> <span class='ocrx_word' id='word_1_518' title='bbox 3194 3493 3397 3540; x_wconf 79' lang='lat' dir='ltr'><strong>sancta:</strong></span> <span class='ocrx_word' id='word_1_519' title='bbox 3432 3486 3530 3542; x_wconf 90' lang='lat' dir='ltr'><strong>Dei</strong></span> 
     </span>
    </p>
   </div>
   <div class='ocr_carea' id='block_1_81' title="bbox 1938 3575 3530 3647">
    <p class='ocr_par' dir='ltr' id='par_1_81' title="bbox 1938 3575 3530 3647">
     <span class='ocr_line' id='line_1_81' title="bbox 1938 3575 3530 3647; baseline 0.001 -17"><span class='ocrx_word' id='word_1_520' title='bbox 1938 3576 2220 3647; x_wconf 89' lang='lat' dir='ltr'><strong>genitricis</strong></span> <span class='ocrx_word' id='word_1_521' title='bbox 2266 3575 2450 3630; x_wconf 64' lang='lat' dir='ltr'><strong>Mariae</strong></span> <span class='ocrx_word' id='word_1_522' title='bbox 2504 3589 2825 3646; x_wconf 87' lang='lat' dir='ltr'><strong>semperque</strong></span> <span class='ocrx_word' id='word_1_523' title='bbox 2876 3576 3123 3647; x_wconf 87' lang='lat' dir='ltr'><strong>virginis,</strong></span> <span class='ocrx_word' id='word_1_524' title='bbox 3169 3579 3240 3632; x_wconf 91' lang='lat' dir='ltr'><strong>oh</strong></span> <span class='ocrx_word' id='word_1_525' title='bbox 3286 3588 3530 3633; x_wconf 88' lang='lat' dir='ltr'><strong>amorem</strong></span> 
     </span>
    </p>
   </div>
   <div class='ocr_carea' id='block_1_82' title="bbox 1940 3667 3529 3739">
    <p class='ocr_par' dir='ltr' id='par_1_82' title="bbox 1940 3667 3529 3739">
     <span class='ocr_line' id='line_1_82' title="bbox 1940 3667 3529 3739; baseline 0.002 -16"><span class='ocrx_word' id='word_1_526' title='bbox 1940 3668 2039 3725; x_wconf 88' lang='lat' dir='ltr'><strong>Dei</strong></span> <span class='ocrx_word' id='word_1_527' title='bbox 2064 3676 2120 3723; x_wconf 89' lang='lat' dir='ltr'><strong>et</strong></span> <span class='ocrx_word' id='word_1_528' title='bbox 2144 3668 2591 3739; x_wconf 89' lang='lat' dir='ltr'><strong>tranquillitatem</strong></span> <span class='ocrx_word' id='word_1_529' title='bbox 2626 3667 2857 3723; x_wconf 85' lang='lat' dir='ltr'><strong>fratrum</strong></span> <span class='ocrx_word' id='word_1_530' title='bbox 2885 3670 3083 3725; x_wconf 82' lang='lat' dir='ltr'><strong>ibidem</strong></span> <span class='ocrx_word' id='word_1_531' title='bbox 3110 3673 3529 3727; x_wconf 88' lang='lat' dir='ltr'><strong>consistentium</strong></span> 
     </span>
    </p>
   </div>
   <div class='ocr_carea' id='block_1_83' title="bbox 1940 3761 3529 3832">
    <p class='ocr_par' dir='ltr' id='par_1_83' title="bbox 1940 3761 3529 3832">
     <span class='ocr_line' id='line_1_83' title="bbox 1940 3761 3529 3832; baseline 0.001 -15"><span class='ocrx_word' id='word_1_532' title='bbox 1940 3775 2157 3831; x_wconf 88' lang='lat' dir='ltr'><strong>semper</strong></span> <span class='ocrx_word' id='word_1_533' title='bbox 2198 3762 2299 3817; x_wconf 91' lang='lat' dir='ltr'><strong>sub</strong></span> <span class='ocrx_word' id='word_1_534' title='bbox 2339 3761 2654 3832; x_wconf 88' lang='lat' dir='ltr'><strong>plenissima</strong></span> <span class='ocrx_word' id='word_1_535' title='bbox 2700 3762 2928 3817; x_wconf 90' lang='lat' dir='ltr'><strong>tuitione</strong></span> <span class='ocrx_word' id='word_1_536' title='bbox 2954 3771 3011 3819; x_wconf 84' lang='lat' dir='ltr'><strong>et</strong></span> <span class='ocrx_word' id='word_1_537' title='bbox 3042 3764 3400 3820; x_wconf 90' lang='lat' dir='ltr'><strong>immunitatis</strong></span> <span class='ocrx_word' id='word_1_538' title='bbox 3430 3764 3529 3819; x_wconf 88' lang='lat' dir='ltr'><strong>de-</strong></span> 
     </span>
    </p>
   </div>
   <div class='ocr_carea' id='block_1_84' title="bbox 1940 3854 3531 3926">
    <p class='ocr_par' dir='ltr' id='par_1_84' title="bbox 1940 3854 3531 3926">
     <span class='ocr_line' id='line_1_84' title="bbox 1940 3854 3531 3926; baseline 0.001 -17"><span class='ocrx_word' id='word_1_539' title='bbox 1940 3854 2188 3910; x_wconf 89' lang='lat' dir='ltr'><strong>fensione</strong></span> <span class='ocrx_word' id='word_1_540' title='bbox 2208 3855 2546 3911; x_wconf 87' lang='lat' dir='ltr'><strong>habuissent.</strong></span> <span class='ocrx_word' id='word_1_541' title='bbox 2574 3854 2681 3909; x_wconf 90' lang='lat' dir='ltr'><strong>Pro</strong></span> <span class='ocrx_word' id='word_1_542' title='bbox 2706 3855 2965 3911; x_wconf 85' lang='lat' dir='ltr'><strong>firmitate</strong></span> <span class='ocrx_word' id='word_1_543' title='bbox 2990 3866 3170 3913; x_wconf 88' lang='lat' dir='ltr'><strong>tamen</strong></span> <span class='ocrx_word' id='word_1_544' title='bbox 3195 3857 3271 3912; x_wconf 87' lang='lat' dir='ltr'><strong>rei</strong></span> <span class='ocrx_word' id='word_1_545' title='bbox 3296 3854 3531 3926; x_wconf 85' lang='lat' dir='ltr'><strong>postula-</strong></span> 
     </span>
    </p>
   </div>
   <div class='ocr_carea' id='block_1_85' title="bbox 1939 3947 3523 4017">
    <p class='ocr_par' dir='ltr' id='par_1_85' title="bbox 1939 3947 3523 4017">
     <span class='ocr_line' id='line_1_85' title="bbox 1939 3947 3523 4017; baseline 0.001 -16"><span class='ocrx_word' id='word_1_546' title='bbox 1939 3947 2018 4001; x_wconf 86' lang='lat' dir='ltr'><strong>vit</strong></span> <span class='ocrx_word' id='word_1_547' title='bbox 2045 3962 2144 4001; x_wconf 90' lang='lat' dir='ltr'><strong>nos</strong></span> <span class='ocrx_word' id='word_1_548' title='bbox 2169 3948 2459 4017; x_wconf 73' lang='lat' dir='ltr'><strong>przedictus</strong></span> <span class='ocrx_word' id='word_1_549' title='bbox 2488 3947 2778 4017; x_wconf 89' lang='lat' dir='ltr'><strong>episcopus</strong></span> <span class='ocrx_word' id='word_1_550' title='bbox 2815 3948 3126 4004; x_wconf 78' lang='lat' dir='ltr'><strong>Rothardus</strong></span> <span class='ocrx_word' id='word_1_551' title='bbox 3174 3957 3232 4003; x_wconf 89' lang='lat' dir='ltr'><strong>ut</strong></span> <span class='ocrx_word' id='word_1_552' title='bbox 3280 3948 3523 4017; x_wconf 79' lang='lat' dir='ltr'><strong>ejusdem</strong></span> 
     </span>
    </p>
   </div>
   <div class='ocr_carea' id='block_1_86' title="bbox 1940 4039 3531 4111">
    <p class='ocr_par' dir='ltr' id='par_1_86' title="bbox 1940 4039 3531 4111">
     <span class='ocr_line' id='line_1_86' title="bbox 1940 4039 3531 4111; baseline 0.001 -16"><span class='ocrx_word' id='word_1_553' title='bbox 1940 4040 2085 4111; x_wconf 85' lang='lat' dir='ltr'><strong>regis</strong></span> <span class='ocrx_word' id='word_1_554' title='bbox 2108 4042 2508 4107; x_wconf 83' lang='lat' dir='ltr'><strong>auctoritatem,</strong></span> <span class='ocrx_word' id='word_1_555' title='bbox 2555 4054 2743 4095; x_wconf 88' lang='lat' dir='ltr'><strong>amore</strong></span> <span class='ocrx_word' id='word_1_556' title='bbox 2773 4049 2830 4095; x_wconf 86' lang='lat' dir='ltr'><strong>et</strong></span> <span class='ocrx_word' id='word_1_557' title='bbox 2860 4042 3162 4097; x_wconf 88' lang='lat' dir='ltr'><strong>reverentia</strong></span> <span class='ocrx_word' id='word_1_558' title='bbox 3200 4051 3404 4098; x_wconf 64' lang='lat' dir='ltr'><strong>sancte</strong></span> <span class='ocrx_word' id='word_1_559' title='bbox 3432 4039 3531 4097; x_wconf 87' lang='lat' dir='ltr'><strong>Dei</strong></span> 
     </span>
    </p>
   </div>
   <div class='ocr_carea' id='block_1_87' title="bbox 1940 4133 3526 4206">
    <p class='ocr_par' dir='ltr' id='par_1_87' title="bbox 1940 4133 3526 4206">
     <span class='ocr_line' id='line_1_87' title="bbox 1940 4133 3526 4206; baseline -0.003 -15"><span class='ocrx_word' id='word_1_560' title='bbox 1940 4135 2222 4206; x_wconf 87' lang='lat' dir='ltr'><strong>genitricis</strong></span> <span class='ocrx_word' id='word_1_561' title='bbox 2253 4133 2460 4199; x_wconf 75' lang='lat' dir='ltr'><strong>Mariae,</strong></span> <span class='ocrx_word' id='word_1_562' title='bbox 2500 4141 2685 4188; x_wconf 90' lang='lat' dir='ltr'><strong>nostra</strong></span> <span class='ocrx_word' id='word_1_563' title='bbox 2712 4133 3037 4189; x_wconf 86' lang='lat' dir='ltr'><strong>auctoritate</strong></span> <span class='ocrx_word' id='word_1_564' title='bbox 3058 4133 3526 4188; x_wconf 86' lang='lat' dir='ltr'><strong>conflrmaremus.</strong></span> 
     </span>
    </p>
   </div>
   <div class='ocr_carea' id='block_1_88' title="bbox 1940 4222 3530 4295">
    <p class='ocr_par' dir='ltr' id='par_1_88' title="bbox 1940 4222 3530 4295">
     <span class='ocr_line' id='line_1_88' title="bbox 1940 4222 3530 4295; baseline -0.001 -16"><span class='ocrx_word' id='word_1_565' title='bbox 1940 4223 2095 4291; x_wconf 75' lang='lat' dir='ltr'><strong>Quod</strong></span> <span class='ocrx_word' id='word_1_566' title='bbox 2134 4225 2207 4279; x_wconf 91' lang='lat' dir='ltr'><strong>ita</strong></span> <span class='ocrx_word' id='word_1_567' title='bbox 2234 4240 2330 4295; x_wconf 91' lang='lat' dir='ltr'><strong>per</strong></span> <span class='ocrx_word' id='word_1_568' title='bbox 2353 4224 2715 4278; x_wconf 72' lang='lat' dir='ltr'><strong>interventum</strong></span> <span class='ocrx_word' id='word_1_569' title='bbox 2742 4223 2981 4294; x_wconf 91' lang='lat' dir='ltr'><strong>episcopi</strong></span> <span class='ocrx_word' id='word_1_570' title='bbox 3022 4222 3167 4277; x_wconf 86' lang='lat' dir='ltr'><strong>illius</strong></span> <span class='ocrx_word' id='word_1_571' title='bbox 3190 4223 3530 4292; x_wconf 82' lang='lat' dir='ltr'><strong>aliorumque</strong></span> 
     </span>
    </p>
   </div>
   <div class='ocr_carea' id='block_1_89' title="bbox 1941 4313 3531 4380">
    <p class='ocr_par' dir='ltr' id='par_1_89' title="bbox 1941 4313 3531 4380">
     <span class='ocr_line' id='line_1_89' title="bbox 1941 4313 3531 4380; baseline -0.002 -9"><span class='ocrx_word' id='word_1_572' title='bbox 1941 4315 2179 4371; x_wconf 90' lang='lat' dir='ltr'><strong>fidelium</strong></span> <span class='ocrx_word' id='word_1_573' title='bbox 2207 4327 2537 4380; x_wconf 89' lang='lat' dir='ltr'><strong>nostrorum,</strong></span> <span class='ocrx_word' id='word_1_574' title='bbox 2563 4313 2861 4369; x_wconf 84' lang='lat' dir='ltr'><strong>Hildebaidi</strong></span> <span class='ocrx_word' id='word_1_575' title='bbox 2889 4313 3313 4369; x_wconf 84' lang='lat' dir='ltr'><strong>Wormaciensis</strong></span> <span class='ocrx_word' id='word_1_576' title='bbox 3338 4314 3531 4369; x_wconf 67' lang='lat' dir='ltr'><strong>aaccle~</strong></span> 
     </span>
    </p>
   </div>
   <div class='ocr_carea' id='block_1_90' title="bbox 1942 4406 3530 4478">
    <p class='ocr_par' dir='ltr' id='par_1_90' title="bbox 1942 4406 3530 4478">
     <span class='ocr_line' id='line_1_90' title="bbox 1942 4406 3530 4478; baseline 0 -15"><span class='ocrx_word' id='word_1_577' title='bbox 1942 4409 2036 4463; x_wconf 74' lang='lat' dir='ltr'><strong>site</strong></span> <span class='ocrx_word' id='word_1_578' title='bbox 2083 4407 2412 4463; x_wconf 87' lang='lat' dir='ltr'><strong>venerabilis</strong></span> <span class='ocrx_word' id='word_1_579' title='bbox 2458 4408 2730 4478; x_wconf 88' lang='lat' dir='ltr'><strong>episcopi,</strong></span> <span class='ocrx_word' id='word_1_580' title='bbox 2767 4415 2821 4463; x_wconf 90' lang='lat' dir='ltr'><strong>et</strong></span> <span class='ocrx_word' id='word_1_581' title='bbox 2867 4406 3126 4475; x_wconf 78' lang='lat' dir='ltr'><strong>Nothgeri</strong></span> <span class='ocrx_word' id='word_1_582' title='bbox 3176 4406 3530 4463; x_wconf 81' lang='lat' dir='ltr'><strong>Leodiceusis</strong></span> 
     </span>
    </p>
   </div>
   <div class='ocr_carea' id='block_1_91' title="bbox 254 4500 3529 4572">
    <p class='ocr_par' dir='ltr' id='par_1_91' title="bbox 254 4500 3529 4572">
     <span class='ocr_line' id='line_1_91' title="bbox 254 4500 3529 4572; baseline -0.001 -13"><span class='ocrx_word' id='word_1_583' title='bbox 254 4505 402 4561; x_wconf 90' lang='lat' dir='ltr'><strong>tione</strong></span> <span class='ocrx_word' id='word_1_584' title='bbox 454 4507 526 4559; x_wconf 92' lang='lat' dir='ltr'><strong>ad</strong></span> <span class='ocrx_word' id='word_1_585' title='bbox 571 4521 727 4561; x_wconf 92' lang='lat' dir='ltr'><strong>suum</strong></span> <span class='ocrx_word' id='word_1_586' title='bbox 776 4504 952 4559; x_wconf 89' lang='lat' dir='ltr'><strong>locum</strong></span> <span class='ocrx_word' id='word_1_587' title='bbox 990 4503 1178 4567; x_wconf 88' lang='lat' dir='ltr'><strong>relato,</strong></span> <span class='ocrx_word' id='word_1_588' title='bbox 1218 4504 1443 4558; x_wconf 87' lang='lat' dir='ltr'><strong>verbum</strong></span> <span class='ocrx_word' id='word_1_589' title='bbox 1479 4501 1603 4557; x_wconf 92' lang='lat' dir='ltr'><strong>inde</strong></span> <span class='ocrx_word' id='word_1_590' title='bbox 1634 4500 1839 4556; x_wconf 82' lang='lat' dir='ltr'><strong>faciens</strong></span> <span class='ocrx_word' id='word_1_591' title='bbox 1869 4512 1919 4572; x_wconf 83' lang='grc' dir='ltr'><strong>ι)</strong></span> <span class='ocrx_word' id='word_1_592' title='bbox 1944 4501 2202 4557; x_wconf 73' lang='lat' dir='ltr'><strong>aecclesite</strong></span> <span class='ocrx_word' id='word_1_593' title='bbox 2228 4501 2527 4556; x_wconf 90' lang='lat' dir='ltr'><strong>honorandi</strong></span> <span class='ocrx_word' id='word_1_594' title='bbox 2553 4500 2822 4571; x_wconf 81' lang='lat' dir='ltr'><strong>praesulis,</strong></span> <span class='ocrx_word' id='word_1_595' title='bbox 2854 4500 3253 4570; x_wconf 89' lang='lat' dir='ltr'><strong>adquievimus,</strong></span> <span class='ocrx_word' id='word_1_596' title='bbox 3284 4510 3338 4557; x_wconf 89' lang='lat' dir='ltr'><strong>et</strong></span> <span class='ocrx_word' id='word_1_597' title='bbox 3366 4502 3439 4556; x_wconf 92' lang='lat' dir='ltr'><strong>ita</strong></span> <span class='ocrx_word' id='word_1_598' title='bbox 3471 4501 3529 4557; x_wconf 91' lang='lat' dir='ltr'><strong>in</strong></span> 
     </span>
    </p>
   </div>
   <div class='ocr_carea' id='block_1_92' title="bbox 252 4591 1841 4667">
    <p class='ocr_par' dir='ltr' id='par_1_92' title="bbox 252 4591 1841 4667">
     <span class='ocr_line' id='line_1_92' title="bbox 252 4591 1841 4667; baseline -0.003 -18"><span class='ocrx_word' id='word_1_599' title='bbox 252 4597 317 4650; x_wconf 89' lang='lat' dir='ltr'><strong>ad</strong></span> <span class='ocrx_word' id='word_1_600' title='bbox 345 4596 629 4667; x_wconf 91' lang='lat' dir='ltr'><strong>populum,</strong></span> <span class='ocrx_word' id='word_1_601' title='bbox 654 4611 894 4650; x_wconf 89' lang='lat' dir='ltr'><strong>annuam</strong></span> <span class='ocrx_word' id='word_1_602' title='bbox 923 4596 1065 4650; x_wconf 90' lang='lat' dir='ltr'><strong>diem</strong></span> <span class='ocrx_word' id='word_1_603' title='bbox 1096 4594 1375 4650; x_wconf 90' lang='lat' dir='ltr'><strong>relationis</strong></span> <span class='ocrx_word' id='word_1_604' title='bbox 1403 4593 1573 4649; x_wconf 90' lang='lat' dir='ltr'><strong>sancti</strong></span> <span class='ocrx_word' id='word_1_605' title='bbox 1597 4591 1841 4661; x_wconf 88' lang='lat' dir='ltr'><strong>corporis</strong></span> 
     </span>
    </p>
   </div>
   <div class='ocr_carea' id='block_1_93' title="bbox 253 4684 1839 4760">
    <p class='ocr_par' dir='ltr' id='par_1_93' title="bbox 253 4684 1839 4760">
     <span class='ocr_line' id='line_1_93' title="bbox 253 4684 1839 4760; baseline -0.002 -17"><span class='ocrx_word' id='word_1_606' title='bbox 253 4684 389 4758; x_wconf 76' lang='lat' dir='ltr'><strong>(Jul.</strong></span> <span class='ocrx_word' id='word_1_607' title='bbox 423 4689 517 4759; x_wconf 70' lang='grc'><strong>15)</strong></span> <span class='ocrx_word' id='word_1_608' title='bbox 554 4696 829 4760; x_wconf 71' lang='lat' dir='ltr'><strong>perpetuae</strong></span> <span class='ocrx_word' id='word_1_609' title='bbox 858 4684 1158 4743; x_wconf 85' lang='lat' dir='ltr'><strong>celebritati</strong></span> <span class='ocrx_word' id='word_1_610' title='bbox 1190 4703 1288 4742; x_wconf 87' lang='lat' dir='ltr'><strong>sua</strong></span> <span class='ocrx_word' id='word_1_611' title='bbox 1331 4685 1624 4757; x_wconf 89' lang='lat' dir='ltr'><strong>episcopali</strong></span> <span class='ocrx_word' id='word_1_612' title='bbox 1651 4693 1839 4740; x_wconf 83' lang='lat' dir='ltr'><strong>aucto-</strong></span> 
     </span>
    </p>
   </div>
   <div class='ocr_carea' id='block_1_94' title="bbox 251 4775 1837 4846">
    <p class='ocr_par' dir='ltr' id='par_1_94' title="bbox 251 4775 1837 4846">
     <span class='ocr_line' id='line_1_94' title="bbox 251 4775 1837 4846; baseline -0.003 -12"><span class='ocrx_word' id='word_1_613' title='bbox 251 4780 419 4835; x_wconf 86' lang='lat' dir='ltr'><strong>ritate</strong></span> <span class='ocrx_word' id='word_1_614' title='bbox 447 4778 869 4833; x_wconf 79' lang='lat' dir='ltr'><strong>commendavit.</strong></span> <span class='ocrx_word' id='word_1_615' title='bbox 900 4777 1052 4834; x_wconf 91' lang='lat' dir='ltr'><strong>Unde</strong></span> <span class='ocrx_word' id='word_1_616' title='bbox 1075 4780 1264 4833; x_wconf 87' lang='lat' dir='ltr'><strong>beatus</strong></span> <span class='ocrx_word' id='word_1_617' title='bbox 1285 4775 1525 4846; x_wconf 80' lang='lat' dir='ltr'><strong>pontifex</strong></span> <span class='ocrx_word' id='word_1_618' title='bbox 1546 4776 1614 4830; x_wconf 89' lang='lat' dir='ltr'><strong>ab</strong></span> <span class='ocrx_word' id='word_1_619' title='bbox 1635 4775 1837 4830; x_wconf 89' lang='lat' dir='ltr'><strong>eisdem</strong></span> 
     </span>
    </p>
   </div>
   <div class='ocr_carea' id='block_1_95' title="bbox 256 4869 1839 4943">
    <p class='ocr_par' dir='ltr' id='par_1_95' title="bbox 256 4869 1839 4943">
     <span class='ocr_line' id='line_1_95' title="bbox 256 4869 1839 4943; baseline 0 -19"><span class='ocrx_word' id='word_1_620' title='bbox 256 4871 523 4928; x_wconf 84' lang='lat' dir='ltr'><strong>fratribus</strong></span> <span class='ocrx_word' id='word_1_621' title='bbox 550 4872 934 4943; x_wconf 91' lang='lat' dir='ltr'><strong>obsequiorum</strong></span> <span class='ocrx_word' id='word_1_622' title='bbox 976 4872 1312 4929; x_wconf 83' lang='lat' dir='ltr'><strong>exhibitione</strong></span> <span class='ocrx_word' id='word_1_623' title='bbox 1341 4872 1572 4926; x_wconf 85' lang='lat' dir='ltr'><strong>donatur</strong></span> <span class='ocrx_word' id='word_1_624' title='bbox 1595 4909 1610 4932; x_wconf 91' lang='lat'><strong>,</strong></span> <span class='ocrx_word' id='word_1_625' title='bbox 1662 4869 1839 4924; x_wconf 89' lang='lat' dir='ltr'><strong>muni-</strong></span> 
     </span>
    </p>
   </div>
   <div class='ocr_carea' id='block_1_96' title="bbox 256 4961 1835 5035">
    <p class='ocr_par' dir='ltr' id='par_1_96' title="bbox 256 4961 1835 5035">
     <span class='ocr_line' id='line_1_96' title="bbox 256 4961 1835 5035; baseline -0.003 -16"><span class='ocrx_word' id='word_1_626' title='bbox 256 4965 488 5035; x_wconf 82' lang='lat' dir='ltr'><strong>ficisque</strong></span> <span class='ocrx_word' id='word_1_627' title='bbox 535 4964 785 5022; x_wconf 84' lang='lat' dir='ltr'><strong>laudibus</strong></span> <span class='ocrx_word' id='word_1_628' title='bbox 818 4965 1109 5022; x_wconf 85' lang='lat' dir='ltr'><strong>honorifice</strong></span> <span class='ocrx_word' id='word_1_629' title='bbox 1140 4963 1465 5019; x_wconf 89' lang='lat' dir='ltr'><strong>cumulatur.</strong></span> <span class='ocrx_word' id='word_1_630' title='bbox 1504 4961 1613 5018; x_wconf 82' lang='lat' dir='ltr'><strong>Has</strong></span> <span class='ocrx_word' id='word_1_631' title='bbox 1656 4970 1835 5016; x_wconf 87' lang='lat' dir='ltr'><strong>autem</strong></span> 
     </span>
    </p>
   </div>
   <div class='ocr_carea' id='block_1_97' title="bbox 256 5052 1841 5125">
    <p class='ocr_par' dir='ltr' id='par_1_97' title="bbox 256 5052 1841 5125">
     <span class='ocr_line' id='line_1_97' title="bbox 256 5052 1841 5125; baseline -0.003 -15"><span class='ocrx_word' id='word_1_632' title='bbox 256 5052 642 5112; x_wconf 81' lang='lat' dir='ltr'><strong>benivolentiae</strong></span> <span class='ocrx_word' id='word_1_633' title='bbox 689 5065 744 5111; x_wconf 89' lang='lat' dir='ltr'><strong>et</strong></span> <span class='ocrx_word' id='word_1_634' title='bbox 790 5055 1136 5123; x_wconf 85' lang='lat' dir='ltr'><strong>subjectionis</strong></span> <span class='ocrx_word' id='word_1_635' title='bbox 1181 5056 1540 5121; x_wconf 86' lang='lat' dir='ltr'><strong>reverentias,</strong></span> <span class='ocrx_word' id='word_1_636' title='bbox 1591 5069 1726 5125; x_wconf 91' lang='lat' dir='ltr'><strong>quas</strong></span> <span class='ocrx_word' id='word_1_637' title='bbox 1758 5053 1841 5109; x_wconf 89' lang='lat' dir='ltr'><strong>sui</strong></span> 
     </span>
    </p>
   </div>
   <div class='ocr_carea' id='block_1_98' title="bbox 260 5147 1839 5176">
    <p class='ocr_par' dir='ltr' id='par_1_98' title="bbox 260 5147 1839 5176">
     <span class='ocr_line' id='line_1_98' title="bbox 260 5147 1839 5176; baseline 0 0"><span class='ocrx_word' id='word_1_638' title='bbox 260 5156 635 5176; x_wconf 64' lang='grc' dir='ltr'><strong>’.κΙΑΑΑι-ι-Α-Λρ</strong></span> <span class='ocrx_word' id='word_1_639' title='bbox 684 5148 928 5176; x_wconf 58' lang='grc' dir='ltr'>Αωηῖιιιια</span> <span class='ocrx_word' id='word_1_640' title='bbox 1003 5148 1268 5176; x_wconf 61' lang='grc' dir='ltr'><strong>Ασιξηηιιηῖη</strong></span> <span class='ocrx_word' id='word_1_641' title='bbox 1337 5148 1493 5176; x_wconf 60' lang='grc' dir='ltr'><strong>τηιςξ--ιι</strong></span> <span class='ocrx_word' id='word_1_642' title='bbox 1565 5147 1839 5176; x_wconf 63' lang='grc' dir='ltr'><strong>λῖΑΛΑηΛΛα</strong></span> 
     </span>
    </p>
   </div>
   <div class='ocr_carea' id='block_1_99' title="bbox 1946 4594 3530 4666">
    <p class='ocr_par' dir='ltr' id='par_1_99' title="bbox 1946 4594 3530 4666">
     <span class='ocr_line' id='line_1_99' title="bbox 1946 4594 3530 4666; baseline -0.001 -16"><span class='ocrx_word' id='word_1_643' title='bbox 1946 4596 2197 4651; x_wconf 89' lang='lat' dir='ltr'><strong>omnibus</strong></span> <span class='ocrx_word' id='word_1_644' title='bbox 2222 4594 2592 4649; x_wconf 88' lang='lat' dir='ltr'><strong>concessimus</strong></span> <span class='ocrx_word' id='word_1_645' title='bbox 2626 4602 2789 4662; x_wconf 89' lang='lat' dir='ltr'><strong>atque</strong></span> <span class='ocrx_word' id='word_1_646' title='bbox 2825 4608 2922 4662; x_wconf 90' lang='lat' dir='ltr'><strong>per</strong></span> <span class='ocrx_word' id='word_1_647' title='bbox 2964 4594 3065 4647; x_wconf 88' lang='lat' dir='ltr'><strong>hoc</strong></span> <span class='ocrx_word' id='word_1_648' title='bbox 3090 4602 3403 4666; x_wconf 88' lang='lat' dir='ltr'><strong>preceptum</strong></span> <span class='ocrx_word' id='word_1_649' title='bbox 3432 4609 3530 4649; x_wconf 84' lang='lat' dir='ltr'><strong>no-</strong></span> 
     </span>
    </p>
   </div>
   <div class='ocr_carea' id='block_1_100' title="bbox 1946 4686 3529 4758">
    <p class='ocr_par' dir='ltr' id='par_1_100' title="bbox 1946 4686 3529 4758">
     <span class='ocr_line' id='line_1_100' title="bbox 1946 4686 3529 4758; baseline -0.001 -14"><span class='ocrx_word' id='word_1_650' title='bbox 1946 4698 2075 4745; x_wconf 58' lang='lat' dir='ltr'><strong>atra:</strong></span> <span class='ocrx_word' id='word_1_651' title='bbox 2130 4689 2471 4743; x_wconf 89' lang='lat' dir='ltr'><strong>auctoritatis</strong></span> <span class='ocrx_word' id='word_1_652' title='bbox 2522 4686 2917 4743; x_wconf 88' lang='lat' dir='ltr'><strong>roboravimus.</strong></span> <span class='ocrx_word' id='word_1_653' title='bbox 2976 4687 3345 4758; x_wconf 88' lang='lat' dir='ltr'><strong>Precipientes</strong></span> <span class='ocrx_word' id='word_1_654' title='bbox 3397 4702 3529 4758; x_wconf 90' lang='lat' dir='ltr'><strong>ergo</strong></span> 
     </span>
    </p>
   </div>
   <div class='ocr_carea' id='block_1_101' title="bbox 1940 4772 3530 4847">
    <p class='ocr_par' dir='ltr' id='par_1_101' title="bbox 1940 4772 3530 4847">
     <span class='ocr_line' id='line_1_101' title="bbox 1940 4772 3530 4847; baseline -0.002 -14"><span class='ocrx_word' id='word_1_655' title='bbox 1940 4777 2193 4847; x_wconf 88' lang='lat' dir='ltr'><strong>jubemus</strong></span> <span class='ocrx_word' id='word_1_656' title='bbox 2221 4786 2281 4831; x_wconf 93' lang='lat' dir='ltr'><strong>ut</strong></span> <span class='ocrx_word' id='word_1_657' title='bbox 2322 4776 2675 4846; x_wconf 84' lang='lat' dir='ltr'><strong>nullusjudex</strong></span> <span class='ocrx_word' id='word_1_658' title='bbox 2714 4777 2961 4847; x_wconf 90' lang='lat' dir='ltr'><strong>publicus</strong></span> <span class='ocrx_word' id='word_1_659' title='bbox 2998 4786 3090 4831; x_wconf 83' lang='lat' dir='ltr'><strong>aut</strong></span> <span class='ocrx_word' id='word_1_660' title='bbox 3119 4772 3315 4846; x_wconf 90' lang='lat' dir='ltr'><strong>aliquis</strong></span> <span class='ocrx_word' id='word_1_661' title='bbox 3345 4792 3530 4833; x_wconf 81' lang='lat' dir='ltr'><strong>coutcs</strong></span> 
     </span>
    </p>
   </div>
   <div class='ocr_carea' id='block_1_102' title="bbox 1948 4869 3529 4941">
    <p class='ocr_par' dir='ltr' id='par_1_102' title="bbox 1948 4869 3529 4941">
     <span class='ocr_line' id='line_1_102' title="bbox 1948 4869 3529 4941; baseline 0.001 -19"><span class='ocrx_word' id='word_1_662' title='bbox 1948 4872 2030 4926; x_wconf 84' lang='lat' dir='ltr'><strong>vel</strong></span> <span class='ocrx_word' id='word_1_663' title='bbox 2079 4869 2334 4941; x_wconf 90' lang='lat' dir='ltr'><strong>quislibet</strong></span> <span class='ocrx_word' id='word_1_664' title='bbox 2378 4886 2444 4925; x_wconf 82' lang='lat' dir='ltr'><strong>ex</strong></span> <span class='ocrx_word' id='word_1_665' title='bbox 2476 4869 2763 4939; x_wconf 90' lang='lat' dir='ltr'><strong>judiciaria</strong></span> <span class='ocrx_word' id='word_1_666' title='bbox 2818 4878 3104 4941; x_wconf 89' lang='lat' dir='ltr'><strong>potestate,</strong></span> <span class='ocrx_word' id='word_1_667' title='bbox 3148 4871 3203 4924; x_wconf 92' lang='lat' dir='ltr'><strong>in</strong></span> <span class='ocrx_word' id='word_1_668' title='bbox 3250 4870 3529 4927; x_wconf 79' lang='lat' dir='ltr'><strong>:ecclesias</strong></span> 
     </span>
    </p>
   </div>
   <div class='ocr_carea' id='block_1_103' title="bbox 1946 4960 3532 5032">
    <p class='ocr_par' dir='ltr' id='par_1_103' title="bbox 1946 4960 3532 5032">
     <span class='ocr_line' id='line_1_103' title="bbox 1946 4960 3532 5032; baseline 0.001 -17"><span class='ocrx_word' id='word_1_669' title='bbox 1946 4970 2041 5015; x_wconf 90' lang='lat' dir='ltr'><strong>aut</strong></span> <span class='ocrx_word' id='word_1_670' title='bbox 2068 4961 2184 5015; x_wconf 90' lang='lat' dir='ltr'><strong>ioca</strong></span> <span class='ocrx_word' id='word_1_671' title='bbox 2227 4960 2310 5014; x_wconf 90' lang='lat' dir='ltr'><strong>vel</strong></span> <span class='ocrx_word' id='word_1_672' title='bbox 2353 4972 2512 5031; x_wconf 89' lang='lat' dir='ltr'><strong>agros</strong></span> <span class='ocrx_word' id='word_1_673' title='bbox 2556 4976 2649 5014; x_wconf 88' lang='lat' dir='ltr'><strong>seu</strong></span> <span class='ocrx_word' id='word_1_674' title='bbox 2700 4961 2936 5032; x_wconf 89' lang='lat' dir='ltr'><strong>reliquas</strong></span> <span class='ocrx_word' id='word_1_675' title='bbox 2963 4960 3331 5032; x_wconf 87' lang='lat' dir='ltr'><strong>possessiones</strong></span> <span class='ocrx_word' id='word_1_676' title='bbox 3360 4962 3532 5030; x_wconf 88' lang='lat' dir='ltr'><strong>ipsius</strong></span> 
     </span>
    </p>
   </div>
   <div class='ocr_carea' id='block_1_104' title="bbox 1947 5051 3532 5127">
    <p class='ocr_par' dir='ltr' id='par_1_104' title="bbox 1947 5051 3532 5127">
     <span class='ocr_line' id='line_1_104' title="bbox 1947 5051 3532 5127; baseline -0.001 -19"><span class='ocrx_word' id='word_1_677' title='bbox 1947 5054 2225 5118; x_wconf 69' lang='lat' dir='ltr'><strong>aecclesim,</strong></span> <span class='ocrx_word' id='word_1_678' title='bbox 2249 5068 2383 5123; x_wconf 87' lang='lat' dir='ltr'><strong>quas</strong></span> <span class='ocrx_word' id='word_1_679' title='bbox 2410 5053 2671 5109; x_wconf 87' lang='lat' dir='ltr'><strong>tnoderno</strong></span> <span class='ocrx_word' id='word_1_680' title='bbox 2708 5061 2952 5127; x_wconf 88' lang='lat' dir='ltr'><strong>tempore</strong></span> <span class='ocrx_word' id='word_1_681' title='bbox 2978 5054 3033 5108; x_wconf 90' lang='lat' dir='ltr'><strong>in</strong></span> <span class='ocrx_word' id='word_1_682' title='bbox 3068 5051 3396 5122; x_wconf 84' lang='lat' dir='ltr'><strong>quibuslibet</strong></span> <span class='ocrx_word' id='word_1_683' title='bbox 3438 5068 3532 5123; x_wconf 89' lang='lat' dir='ltr'><strong>pa-</strong></span> 
     </span>
    </p>
   </div>
   <div class='ocr_carea' id='block_1_105' title="bbox 1950 5144 3533 5176">
    <p class='ocr_par' dir='ltr' id='par_1_105' title="bbox 1950 5144 3533 5176">
     <span class='ocr_line' id='line_1_105' title="bbox 1950 5144 3533 5176; baseline 0 0"><span class='ocrx_word' id='word_1_684' title='bbox 1950 5145 2030 5176; x_wconf 71' lang='grc' dir='ltr'><strong>ηἶο</strong></span> <span class='ocrx_word' id='word_1_685' title='bbox 2060 5144 2142 5176; x_wconf 65' lang='grc' dir='ltr'><strong>σθαι</strong></span> <span class='ocrx_word' id='word_1_686' title='bbox 2176 5145 2465 5176; x_wconf 64' lang='grc' dir='ltr'><strong>ίοννῖιηνιῖἶη</strong></span> <span class='ocrx_word' id='word_1_687' title='bbox 2493 5145 2628 5176; x_wconf 59' lang='lat' dir='ltr'><strong>:nf&#39;...‘</strong></span> <span class='ocrx_word' id='word_1_688' title='bbox 2659 5146 2919 5176; x_wconf 59' lang='lat' dir='ltr'><strong>A:&#39;:l\-\A~</strong></span> <span class='ocrx_word' id='word_1_689' title='bbox 2949 5146 3156 5176; x_wconf 65' lang='grc' dir='ltr'><strong>ἶΜηΔ-ιῖἷ</strong></span> <span class='ocrx_word' id='word_1_690' title='bbox 3190 5145 3357 5176; x_wconf 65' lang='grc' dir='ltr'><strong>ἰλιιΙηῖ</strong></span> <span class='ocrx_word' id='word_1_691' title='bbox 3390 5144 3533 5176; x_wconf 63' lang='grc' dir='ltr'><strong>ἶβις-1ο</strong></span> 
     </span>
    </p>
   </div>
  </div>
