4052 5358
550 339 652 404 ιιι
737 311 744 318 ’

546 542 754 598 fuerint
779 540 1058 605 :ecclesite,
1093 539 1160 592 ad
1186 553 1378 591 causas
1409 537 1726 600 audiendas,
1757 541 1849 590 aut
1877 533 2028 590 freda
2055 535 2138 588 vel

545 632 862 688 mansiones
911 629 992 682 vel
1044 636 1260 699 paratas
1311 625 1605 688 faciendas,
1651 633 1744 678 aut
1791 623 2138 693 ﬁdeiussores

545 723 834 788 tollendos,
860 729 954 774 aut
982 719 1230 774 homines
1251 718 1420 788 ipsius
1451 716 1708 771 :ecclesize
1729 725 1839 770 tam
1875 715 2136 786 ingenuos

547 829 711 882 quam
751 826 938 868 servos
961 825 1125 880 super
1167 819 1364 864 terram
1399 807 1566 876 ipsius
1607 819 2016 862 commancntes
2043 823 2138 861 ne-

541 915 817 972 quaquam
859 897 1292 969 distringendos,
1318 896 1402 951 vel
1441 897 1579 950 ullas
1611 896 1998 952 retributiones
2041 905 2136 950 aut

549 999 785 1054 inlicitas
839 997 1153 1052 occasiones
1195 994 1572 1063 requirendas,
1603 995 1804 1048 nostris
1848 1002 1902 1048 et
1941 991 2138 1046 futuris

549 1089 889 1159 temporibus
921 1086 1130 1158 ingredi
1162 1087 1377 1148 audeat,
1411 1086 1493 1140 vel
1525 1101 1588 1139 ea
1613 1086 1817 1155 quaem
1831 1101 1993 1155 supra
2023 1099 2136 1140 me-

545 1191 761 1238 morata
808 1189 934 1235 sunt
977 1179 1192 1249 penitus
1233 1179 1450 1248 exigere
1493 1187 1800 1250 praestuuat.
1829 1179 1936 1234 Sed
1977 1178 2136 1234 liceat

547 1282 850 1330 memorato
909 1271 1108 1342 presuli
1157 1273 1382 1341 suisque
1423 1273 1834 1328 successoribus
1884 1289 1970 1327 res
2017 1287 2137 1342 pre-

543 1363 702 1418 dicttc
736 1361 1022 1426 :ecclesiar,
1047 1377 1170 1418 cum
1205 1362 1409 1418 cellulis
1437 1373 1492 1418 et
1521 1365 1684 1418 rebus
1709 1365 1794 1419 vel
1830 1364 2138 1420 hominibus

539 1453 642 1507 sibi
693 1451 938 1522 lcgaliter
979 1451 1260 1522 subjectis,
1300 1453 1402 1506 sub
1431 1453 1792 1507 immunitatis
1821 1462 2018 1528 nostra:
2046 1453 2139 1506 de-

539 1540 783 1596 fensione
811 1541 997 1612 quieto
1026 1541 1224 1596 ordine
1257 1542 1555 1612 possidere,
1600 1552 1656 1597 et
1687 1552 1872 1598 nostro
1909 1542 2137 1596 ﬁdeliter

539 1645 736 1700 parere
761 1632 1008 1700 imperio,
1033 1640 1194 1700 atque
1216 1647 1315 1700 pro
1339 1633 1636 1688 stabilitate
1659 1643 1842 1688 nostra
1867 1632 1948 1688 vel
1973 1633 2138 1686 totius

541 1719 762 1789 imperii
791 1736 820 1774 a
851 1720 962 1774 Deo
989 1721 1146 1776 nobis
1179 1721 1359 1775 collati
1393 1721 1472 1774 vel
1495 1723 1850 1776 conservandi
1877 1738 1982 1776 una
2012 1737 2135 1775 cum

1525 333 1747 390 GESTA
1789 341 1918 390 cum
1939 330 2204 388 ttFlCUM
2233 327 2842 390 CAMERACENSIUM.

545 461 608 509 ea
655 467 774 523 qua:
829 451 1085 520 deinceps
1133 461 1162 502 a
1215 446 1502 504 catholicis
1539 447 1671 502 viris
1725 446 1900 501 eidem
1947 445 2139 502 collata
2169 449 2214 508 Α
2245 446 2634 501 incarnationis
2669 447 2792 510 991,
2823 447 3114 502 indictione
3165 483 3218 514 -.,

3739 339 3842 396 ΗΞ

3270 473 3413 504 ..ιιειυ
3455 464 3636 504 autem
3687 453 3840 508 tertii

2241 533 2456 589 Ottonis
2509 537 2788 607 regnantis
2850 537 2904 592 8.
2969 538 3164 592 Actum
3226 538 3526 610 Novituago
3581 539 3836 598 feliciter.

2239 625 2278 678 Α
2291 640 2434 678 men.

2317 716 2382 748 ³⁸⁸
2411 717 2584 786 (198.)
2620 718 2706 772 «lu
2735 719 2952 774 nomine
2985 731 3184 774 sanctrc
3209 731 3263 776 et
3291 721 3577 778 individua
3601 724 3842 780 Trinitao

2244 805 2332 868 tis,
2361 805 2486 860 Otto
2526 807 2704 860 divina
2746 808 2963 862 favente
3007 809 3292 864 clementia
3335 828 3448 866 rex.
3494 801 3548 866 Si
3596 831 3694 870 nos
3733 817 3840 886 piis

2243 897 2761 970 lideliumprccibus
2812 900 2968 955 facile
3007 903 3298 972 prcbcmus
3345 906 3669 972 exorabiles,
3717 924 3842 963 cre-

2237 988 2474 1042 dcndum
2505 997 2590 1044 est
2647 990 2701 1043 in
2731 991 3034 1062 principatu
3077 994 3300 1050 stabiles
3337 1005 3390 1051 et
3418 1007 3618 1052 aeterna
3653 999 3837 1056 beati-

2241 1079 2428 1134 tudine
2453 1095 2740 1137 mansuros
2777 1081 2892 1138 fore
2929 1087 3317 1154 perdurabilcs.
3347 1087 3687 1159 Quapropter
3713 1107 3840 1146 om-

2238 1169 2387 1223 nium
2413 1168 2647 1224 ﬁdelium
2679 1183 2990 1226 nostrorum
3010 1214 3024 1238 ,
3054 1177 3389 1243 presentium
3421 1177 3630 1234 scilicet
3659 1195 3723 1232 ac
3751 1179 3840 1234 fu-

2239 1275 2508 1332 turorum,
2589 1269 2804 1322 noverit
2849 1269 3116 1324 industria
3169 1271 3407 1342 qualiter
3463 1290 3560 1328 nos
3609 1273 3838 1344 Notgeri

2237 1358 2474 1428 episcopi
2523 1374 2731 1415 necnon
2776 1369 2830 1415 et
2879 1360 3180 1416 Hildeboldi
3231 1355 3646 1434 ceterorumque
3693 1365 3834 1421 ﬁde-

2237 1445 2369 1502 lium
2415 1447 2728 1518 petitionem
2776 1449 3154 1518 adimplentes,
3205 1451 3450 1507 dedimus
3481 1469 3644 1508 unum
3677 1453 3834 1509 fora-

2237 1548 2378 1596 stum
2409 1539 2684 1594 Rothardo
2715 1539 2972 1610 episcopo
3001 1539 3408 1596 Cameracensis
3451 1543 3730 1608 περιθεῖεν,
3761 1544 3838 1598 ad

2237 1630 2536 1686 :ccclesiam
2567 1639 2768 1686 sanctae
2806 1630 3010 1694 Mariae,
3047 1632 3115 1686 ob
3147 1633 3443 1688 remedium
3495 1635 3690 1688 animae
3732 1651 3836 1688 no—

2239 1729 2365 1776 stra:
2401 1729 2820 1790 nostrorumque
2861 1733 3164 1792 parentum,
3213 1725 3437 1778 tendens
3484 1725 3536 1778 in
3593 1725 3836 1796 longitu-

539 1808 688 1866 clero
729 1819 784 1864 et
827 1811 1022 1881 populo
1059 1811 1162 1866 sibi
1193 1811 1436 1880 subjecto
1477 1813 1644 1868 libere
1683 1813 1776 1868 Dei
1827 1813 2136 1868 miscricor-
2167 1791 2214 1851 Β
2243 1811 2369 1865 dine
2393 1826 2422 1864 a
2450 1809 2738 1865 Sauvlouir
2763 1791 2944 1864 monte
2975 1812 3121 1880 (2l9)
3154 1827 3327 1883 usque
3373 1815 3425 1868 in
3470 1814 3619 1868 illum
3648 1791 3832 1870 hic...“

539 1901 686 1957 diam
719 1901 785 1936 ⁸⁸⁸
806 1899 1165 1958 exorare.'Et
1207 1905 1463 1976 quicquid
1508 1905 1704 1960 exinde
1743 1906 1908 1961 ﬁscus
1951 1916 2137 1963 uoster

537 1993 760 2061 exigere
787 2003 1024 2063 poterat,
1055 1995 1108 2048 in
1140 1995 1498 2050 luminaribus
1527 1996 1694 2066 ipsius
1719 1996 1978 2052 mcclesize
2006 2013 2136 2052 con-

541 2083 828 2138 cinnandis
843 2083 907 2114 ¹⁸¹
925 2085 1314 2153 perpetualiter
1333 2085 1702 2140 concessimus
1720 2086 1786 2139 ad
1809 2085 2131 2142 habendum.

539 2169 769 2241 Insuper
797 2183 982 2228 nostra
1015 2173 1298 2242 largitione
1320 2175 1386 2208 ³⁸³
1407 2176 1758 2230 concedimus
1783 2175 1994 2245 prcfato
2019 2179 2134 2248 epi-

549 2273 824 2332 scopo_et
879 2266 1290 2320 successoribus
1325 2264 1444 2334 ejus
1495 2280 1656 2320 onuie
1691 2265 1960 2322 teloucum
2011 2285 2134 2324 eum

547 2361 764 2409 moneta
795 2354 1030 2409 civitatis
1053 2369 1166 2410 suae
1207 2355 1634 2420 Cameracensis,
1679 2369 1746 2409 eo
1781 2355 2026 2411 videlicet
2059 2367 2138 2414 te-

543 2458 684 2500 nore
725 2453 786 2499 ut
817 2460 1006 2500 novem
1040 2454 1220 2514 partes
1247 2447 1624 2516 episcoporum
1655 2446 1842 2500 usibus
1872 2445 2136 2515 deputen-

543 2541 654 2600 tur,
689 2534 900 2591 decima
952 2550 1080 2588 vero
1131 2551 1258 2605 pars
1311 2536 1380 2590 ad
1440 2551 1570 2590 usus
1620 2535 1846 2588 fratrum
1896 2533 2136 2604 ejusdem

545 2625 982 2696 congregationis
1050 2625 1432 2694 perpetualiter
1493 2628 1547 2680 in
1607 2625 1961 2680 elemosinam
2035 2640 2137 2680 no-

541 2721 718 2768 stram
795 2715 1064 2784 proﬁciat.
1124 2714 1396 2771 Praeterea
1462 2715 1840 2770 constituimus
1899 2731 1968 2772 ne
2015 2719 2137 2785 quis

547 2806 658 2860 dux
683 2803 770 2860 vel
797 2821 980 2860 comes
1008 2815 1172 2876 atque
1215 2807 1450 2863 vicarius
1479 2823 1572 2863 seu
1604 2808 1858 2877 quislibet
1895 2824 1962 2864 es
1994 2809 2138 2879 judi-

553 2895 720 2950 ciaria
749 2903 1038 2966 potestate,
1069 2908 1310 2952 nostram
1343 2898 1426 2952 vel
1463 2908 1676 2968 patrum
1709 2908 2016 2954 nostrorum
2047 2913 2133 2954 re-

545 2983 765 3054 gulum
793 2985 993 3040 violare
1043 2996 1338 3057 prcsumat.
1389 2988 1538 3053 Quod
1577 2991 1622 3042 si
1681 2989 1898 3054 fecerit,
1959 2989 2138 3046 causis

539 3077 814 3147 regalibus
847 3079 916 3134 sit
951 3079 1240 3144 obnoxius,
1271 3089 1326 3136 et
1369 3081 1591 3150 insuper
1631 3080 1820 3136 solidis
1859 3082 2132 3138 sexcentis

531 3167 834 3237 .culpabilis
855 3169 1148 3239 judicclur,
1175 3171 1422 3225 videlicet
1441 3181 1500 3226 ut
1519 3173 1638 3226 dua:
1653 3180 1838 3241 partes
1869 3172 1922 3227 in
1949 3174 2130 3230 archi-

545 3273 672 3314 vum
697 3259 868 3329 ipsius
890 3260 1148 3315 mcclesite
1172 3261 1546 3325 admittuntur,
1578 3271 1634 3316 et
1661 3262 1874 3316 tertiam
1892 3262 1958 3296 ³⁸⁵
1971 3263 2134 3319 ﬁscus

541 3347 743 3418 regalis
771 3359 956 3406 noster
1003 3351 1257 3420 recipiat;
1309 3361 1365 3406 ut
1394 3353 1574 3410 nullus
1615 3355 1718 3408 tale
1763 3355 1888 3425 quid
1932 3356 2132 3410 audere

539 3435 797 3510 deinceps
847 3450 1162 3509 praesumat.
1213 3441 1364 3508 Quod
1395 3444 1468 3498 ita
1515 3453 1569 3500 et
1609 3460 1708 3499 nos
1734 3460 1832 3514 per
1865 3446 2006 3500 hanc
2035 3461 2133 3501 no-

537 3538 706 3588 stram
747 3533 1132 3589 auctoritatem
1177 3533 1586 3600 conﬁrmamus,
1628 3546 1684 3590 ut
1735 3537 1876 3590 sicut
1904 3552 1934 3592 a
1959 3537 2132 3592 beatae

541 3621 820 3676 memoria;
847 3638 948 3676 avo
971 3633 1158 3678 nostro
1187 3636 1240 3680 et
1269 3627 1511 3695 genitore
1539 3635 1725 3682 nostro
1746 3627 2000 3696 pred-ieta:
2029 3643 2133 3682 ξιξε-

537 3707 718 3766 elesiae
745 3711 998 3766 collatum
1029 3722 1205 3783 atque
1235 3714 1506 3770 ﬁrmatum
1535 3723 1636 3780 est,
1669 3716 1744 3772 ita
1769 3717 2024 3788 deinceps
2053 3720 2133 3774 in-

538 3800 869 3858 violabiliter
891 3814 1266 3860 conservetur.
1308 3806 1376 3860 Et
1399 3814 1456 3861 ut
1481 3807 1594 3862 haec
1617 3815 1804 3862 nostra
1837 3795 2132 3867 auctoritas

535 3904 569 3944 a
597 3891 846 3950 ﬁdelibus
884 3903 1086 3952 sancta:
1131 3897 1226 3952 Dei
1273 3898 1530 3954 aecclesiaa
1552 3909 1608 3956 et
1633 3901 1700 3930 ¹³⁶
1725 3903 1924 3958 nostris
1953 3903 2133 3959 verius

538 3983 848 4054 certiusque
886 3987 1161 4052 credatur,
1207 4003 1368 4044 manu
1413 3992 1632 4062 propria
1667 3991 1852 4049 subter
1881 4007 2000 4048 eam
2040 3993 2128 4048 ﬁr-

535 4072 830 4140 mavimus,
855 4083 910 4130 et
934 4075 1096 4132 anulo
1123 4078 1580 4147 nostrojnssimus
1611 4081 1876 4152 insigniri.
1905 4083 2129 4154 Signum

537 4160 720 4218 domni
767 4162 981 4221 Ottonis
1021 4166 1392 4236 gloriosissimi
1445 4170 1602 4239 regis.
1647 4169 1991 4228 liildebaldns
2018 4173 2132 4242 epi-

535 4266 734 4322 scopus
780 4263 836 4310 et
871 4256 1230 4313 cancellarius
1277 4259 1394 4313 vice
1435 4259 1688 4331 Willigisi
1733 4264 2124 4332 archiepiscopi

537 4345 846 4414 recognovi.
879 4345 1014 4401 Data
1061 4345 1096 4400 5
1143 4347 1410 4404 Kalendas
1461 4349 1608 4416 Julii,
1653 4367 1798 4406 anno
1843 4353 2125 4408 dominicae

2236 1898 2328 1952 ubi
2356 1899 2474 1952 dum
2501 1898 2676 1967 Elprze
2712 1900 2912 1953 cadunt
2961 1901 3012 1954 in
3064 1899 3384 1966 Sambram;
3432 1903 3486 1956 in
3537 1902 3834 1956 latitudine

2236 1996 2418 2044 autem
2445 2004 2472 2043 a
2503 1988 2627 2042 villa
2665 2005 2785 2058 quae
2813 1991 3013 2045 dicitur
3048 1991 3240 2047 Basius
3267 1993 3439 2063 (220),
3469 2003 3526 2048 et
3571 1995 3690 2049 loco
3732 1997 3830 2064 qui

2236 2088 2465 2135 vocatur
2494 2077 2812 2149 Gurguuces
2841 2080 3016 2148 (221),
3049 2081 3120 2135 ita
3153 2091 3212 2136 ut
3241 2081 3468 2136 Sambra
3501 2083 3740 2156 decurrit
3771 2094 3836 2138 et

2236 2171 2357 2226 dua:
2403 2169 2600 2239 Elprae,
2628 2185 2798 2239 usque
2845 2171 2912 2224 ad
2961 2171 3282 2227 interiorem
3327 2174 3498 2244 ripam
3547 2174 3832 2230 ulterioris

2235 2259 2430 2330 Elprte.
2475 2261 2783 2330 Nostroque
2830 2259 3008 2316 banno
3057 2263 3412 2329 ﬁrmavimus,
3455 2280 3518 2319 ea
3572 2266 3832 2319 videlicet

2235 2351 2446 2406 ratione
2485 2359 2542 2405 ιιι
2597 2351 2741 2404 nulla
2775 2353 3038 2422 majorum
3087 2355 3465 2423 minorumque
3498 2371 3729 2424 persona
3769 2358 3828 2410 in

2235 2441 2490 2511 bivangio
2512 2442 2736 2510 predicti
2770 2440 2980 2507 forasti,
3021 2444 3125 2497 nisi
3176 2459 3298 2498 cum
3371 2445 3581 2499 licentia
3627 2445 3826 2514 pre-fati

2235 2531 2470 2601 episcOpi
2507 2530 2762 2586 Rothardi
2791 2531 3015 2601 ejusque
3043 2537 3649 2602 succcssornm,‘venari
3684 2553 3828 2606 pne-

2236 2631 2447 2686 sumat;
2481 2621 2573 2674 sed
2607 2621 2720 2690 ipse
2747 2622 2968 2692 ejusque
2996 2639 3337 2679 successores
3367 2641 3432 2679 ex
3459 2639 3644 2680 nostro
3675 2628 3828 2697 reg’o

2237 2711 2379 2765 dono
2409 2711 2712 2766 venationis
2741 2713 3062 2780 potestative
3100 2723 3336 2778 teneant,
3366 2723 3443 2781 et,
3473 2715 3830 2783 quilmscam-

2237 2818 2342 2873 qne
2365 2804 2592 2874 placeat,
2619 2808 2847 2860 vcnamli
2882 2808 3155 2862 licentiam
3187 2810 3503 2863 concedant.
3541 2809 3604 2863 Et
3635 2819 3693 2862 ut
3721 2811 3829 2864 hoc

2236 2904 2435 2952 nostra:
2482 2897 2788 2952 donationis
2841 2914 3034 2954 munus
3086 2901 3300 2954 ﬁrmum
3359 2901 3661 2968 consist.;t,
3717 2901 3829 2957 hac

2237 2997 2547 3058 preceptum
2589 2990 2714 3044 inde
2755 2992 3116 3060 conscriptum
3166 2993 3323 3062 sigilli
3371 2993 3539 3048 nostri
3585 2993 3828 3062 impres-

2239 3079 2391 3135 sione
2435 3082 2648 3152 signare
2687 3083 2968 3153 jussimus,
2995 3099 3264 3152 manuque
3291 3085 3530 3154 propria,
3579 3093 3638 3138 ut
3681 3085 3824 3138 intra

2239 3169 2449 3226 videtur
2498 3173 2986 3227 corroboravimus.
3065 3173 3286 3243 Signum
3353 3175 3534 3228 domni
3605 3173 3828 3229 Ottonis

2235 3261 2605 3332 gloriosissimi
2639 3263 2998 3332 imperatoris.
3049 3263 3386 3319 llildiboldus
3427 3265 3714 3332 episcopus
3767 3274 3825 3318 et

2235 3353 2588 3409 cancellarius
2634 3354 2748 3410 vice
2793 3354 3019 3425 Villigisi
3074 3355 3464 3424 archiepiscopi
3503 3356 3820 3426 recognovi.

2231 3445 2368 3498 Arta
2398 3443 2431 3498 8
2456 3443 2572 3497 Kal.
2602 3443 2746 3509 Maii,
2771 3459 2911 3498 anno
2941 3444 3222 3498 dominica:
3249 3444 3640 3500 incarnationis
3669 3443 3823 3515 [997]

2237 3531 2324 3598 ³⁸⁷,
2365 3533 2655 3586 indictione
2685 3531 2739 3596 8,
2768 3547 2909 3586 anno
2939 3532 3004 3564 ¹⁸⁸
3033 3541 3210 3586 autem
3235 3533 3260 3586 1
3294 3532 3506 3588 Ottonis
3549 3535 3824 3604 imperan-

2237 3624 2306 3678 tis
2352 3623 2546 3677 Actum
2568 3634 2650 3678 est
2675 3623 2878 3677 Graitui
2909 3623 3056 3693 (2‘2?)
3081 3624 3262 3692 palatii
3287 3623 3538 3678 feliciter.
3565 3623 3765 3680 Amen.
3797 3645 3816 3678 ι

2307 3710 2428 3764 199.
2467 3709 2545 3763 De
2571 3711 2712 3764 obitu
2755 3711 3016 3765 Rat/tardi
3051 3713 3293 3782 episcopi.
3343 3713 3550 3767 Interea
3583 3714 3824 3768 Bothar-

2235 3806 2334 3862 dus
2373 3806 2656 3876 cpiscopus
2691 3805 2758 3858 ad
2791 3805 3279 3859 remunerationem
3311 3806 3390 3857 sui
3425 3805 3627 3859 laboris
3663 3822 3824 3859 voca-

2236 3908 2339 3964 tus,
2371 3898 2618 3968 migratit
2651 3913 2678 3951 a
2723 3898 2918 3950 smcnlo
2949 3895 3060 3968 [πη.
3111 3895 3235 3967 993]
3265 3895 3436 3966 (2°25),
3469 3897 3822 3966 sepultusque

2233 3996 2316 4042 est
2336 3987 2492 4057 juxta
2529 3987 2915 4042 monasterium
2967 3995 3168 4038 sanctm
3207 3983 3386 4039 Maria:
3420 3985 3484 4038 ad
3526 3985 3824 4040 australem

2231 4091 2463 4149 partem.
2489 4079 2662 4146 Super
2701 4075 2854 4144 cujus
2886 4075 3144 4128 tumulum
3183 4075 3402 4144 quidam
3431 4089 3561 4129 suus
3589 4074 3824 4128 familia.

2231 4171 2309 4222 ris
2329 4168 2669 4240 praepositus,
2701 4166 2784 4220 cui
2817 4182 3012 4221 nomen
3042 4163 3354 4230 Godelinus,
3383 4163 3662 4218 aediﬁcavit
3697 4181 3826 4218 ora-

2236 4259 2436 4315 torium
2465 4257 2833 4328 apostolorum
2861 4255 3100 4312 Simonis
3143 4263 3199 4310 et
3238 4253 3389 4309 Juda:
3423 4261 3478 4308 et
3512 4254 3686 4320 sancti
3721 4253 3824 4309 Se-

2233 4365 2427 4404 VCI'IIII.

1825 4497 2059 4556 VARUE
2099 4500 2502 4558 LECTIONES.

613 4627 682 4659 ’⁷⁸
703 4626 842 4682 deest
875 4630 926 4683 1.

539 4696 796 4778 gitionem
831 4697 883 4752 1.
1031 4701 1101 4778 "ﬁ
1119 4707 1312 4778 sciiicel
1341 4696 1722 4778 auctor-tuimur,
1761 4709 1830 4778 cf.
1874 4726 1921 4764 c.
1951 4696 2038 4764 6:1.

1076 4633 1141 4664 “5°
1176 4636 1234 4688 Ι).
1273 4651 1344 4688 m.
1389 4637 1599 4702 desunt,
1635 4641 1805 4707 spatio
1845 4655 1938 4694 sea:
1983 4640 2092 4709 fere
2137 4641 2430 4695 litterarum
2455 4639 2632 4693 relicto
2657 4639 2708 4691 l.
2733 4639 2786 4694 5.

1079 4702 1097 4732 ³
1119 4707 1312 4757 δείίὶιπει
1341 4719 1722 4762 auctet-dotem.
1761 4709 1830 4762 cf.
1874 4726 1921 4762 c.
1951 4709 2038 4762 64.
2189 4711 2256 4744 m
2286 4711 2440 4762 tertia
2469 4709 2522 4762 1.
2638 4709 2706 4740 ¹⁸⁵
2736 4725 2786 4762 es

2286 4720 2440 4764 terlta
2469 4720 2492 4762 1
2507 4747 2522 4762 .

2937 4640 3000 4671 ¹⁸¹
3039 4641 3366 4696 concilianda
3395 4641 3448 4694 1.
3473 4642 3527 4694 5.
3587 4640 3654 4670 ¹⁸²
3707 4641 3821 4694 lar-

2638 4709 2706 4740 ¹⁸⁵
2736 4717 2818 4763 est
2856 4709 2904 4762 1.
2928 4778 2948 4780 _
3014 4709 3081 4741 "’5
3119 4711 3350 4779 Sequens
3398 4711 3628 4780 diploma
3667 4711 3722 4780 in
3763 4712 3814 4764 1.

544 4775 730 4850 fugacior
754 4767 862 4835 ipse
897 4773 1242 4850 post_oddidi_t_
1265 4775 1316 4826 in
1369 4777 1601 4850 δραίᾳὶαᾷ
1621 4767 1738 4850 join
1762 4767 2066 4850 deperdita,
2122 4781 2211 4834 sed
2235 4779 2536 4834 Colvcnerio
2563 4779 2734 4850 adhuc
2762 4783 2889 4833 risu.
2917 4778 3068 4850 Deest
3112 4780 3176 4844 5;
3201 4767 3318 4834 'sed
3365 4767 3628 4850 Iegitttrirt
3667 4779 3723 4833 2.
3755 4781 3816 4833 5.

543 4835 611 4866 ³⁸⁷
645 4851 856 4918 "ttinere
885 4835 1109 4918 spatium
1151 4844 1463 4918 relicturum
1493 4835 1640 4918 L2:
1659 4848 1721 4918 5.
1865 4835 2238 4918 tribus'lmjus
2279 4851 2474 4902 charta?
2513 4849 2912 4918 exemplaribus.
2959 4835 3228 4902 (ἔθυιεν-(ἆσέ
3255 4835 3482 4918 tempore
3523 4848 3817 4904 Coleenen'i

539 4906 778 4986 seruatis,
804 4907 1196 4988 duomubebaut
1219 4930 1270 4988 ᾳ.
1302 4914 1422 4988 995.
1449 4916 1827 4988 tertiant__985.
1850 4916 2081 4988 Itzdictz'o
2121 4906 2173 4974 8'.
2203 4921 2300 4988 fuit
2329 4935 2468 4988 anno
2497 4919 2630 4980 993;
2661 4906 2764 4972 ’θεά
2803 4931 2925 4972 tunc
2958 4919 3077 4972 Otto
3121 4906 3472 4988 nattdum'fuit
3505 4919 3813 4987 imperator,

540 4975 1143 5070 figi-ﬂoreum”
1166 4981 1263 5070 fuit
1288 4985 1499 5070 demum
1523 4985 1612 5038 21.
1645 4984 1776 5066 didii
1805 4985 1926 5040 996.
1975 4989 2131 5068 Alam
2178 4975 2361 5070 sirenae?
2396 4987 2539 5070 dicio
2747 4989 2869 5070 Otto
2923 5005 3094 5070 revera
3141 4991 3309 5070 Aquis.
3347 4975 3594 5070 degebat}
3648 4975 3817 5055 quare

541 5045 774 5094 chartam
803 5046 922 5094 huic
957 5065 1096 5094 (111110
1125 5045 1532 5094 (ιίίςΗ-ἱΙνρνρηιηε
1622 5055 1676 5094 ηῐ
1714 5066 1886 5094 unctor
1924 5045 2097 5094 olnl;;n

2190 5059 2362 5094 Iulos-.1!
2410 5057 2659 5094 ΙδιιΙῙηηιλΑδ
2703 5059 2755 5094 δη
2800 5060 2894 5094 luu-

2934 5057 3115 5094 rllnc-Iu
3173 5057 3421 5094 u-nnn'nnhi
3466 5073 3812 5094 ("annectit-nan
