4052 5358
497 342 600 411 ns

1413 419 1436 442 .
1480 340 1707 398 GESTA
1742 341 2160 402 PONTIFICUM
2185 343 2788 407 CAMERACENSIUM.

3651 341 3778 416 ne

493 453 674 510 banno
709 459 764 508 et
809 450 976 508 totius
1003 449 1231 522 publicae
1257 449 1338 508 rei
1373 453 1712 522 ministeriis,
1736 455 1790 510 in
1842 455 2072 524 quadam
2103 458 2148 518 Α
2177 457 2463 526 episcopus
2515 472 2638 512 cum
2683 453 2910 510 Arnulfo
2936 467 3158 520 comite,
3206 460 3392 525 utpote
3420 468 3544 510 eum
3599 468 3754 510 como

493 543 828 619 proprietate
853 549 1054 598 sancta:
1105 541 1518 600 Kameracensis
1561 544 1840 610 tecclesiae,
1869 545 1923 600 in
1952 544 2072 600 loco

493 637 585 710 qui
617 645 842 694 vocatur
869 635 1152 692 castellum
1187 645 1389 692 sanctae
1431 636 1634 704 Mariae,
1666 638 1808 708 quod
1837 637 2071 694 vocaba-

493 737 584 781 tur
629 735 788 782 antea
819 726 1170 797 Vendelgeias
1205 767 1220 792 ,
1258 729 1401 798 quod
1429 728 1496 760 ¹⁹²
1524 729 1688 786 situm
1741 737 1826 785 est
1847 730 1901 784 in
1935 743 2073 799 pago

493 814 884 874 Kameracensi
943 831 1008 872 ac
1053 816 1310 872 comitatu
1367 816 1574 872 Amulli
1623 817 1840 878 comitis
1899 817 2070 890 (255).

489 906 672 974 Atque
695 907 1005 976 praedictum
1033 907 1391 972 merchatum,
1413 915 1706 972 monetam.
1740 909 2070 974 theloneum,

489 995 756 1062 hannum,
797 1011 920 1052 cum
965 1006 1075 1052 tota
1123 996 1335 1068 publica
1382 997 1682 1063 funCtioue,
1714 1002 1770 1052 in
1794 999 2070 1068 proprium

492 1087 843 1144 concedimus
905 1095 1107 1142 sanctae
1171 1085 1557 1144 Kameracensi
1623 1087 1882 1160 recclesia:
1911 1126 1926 1152 ,
1981 1086 2072 1142 tali

491 1187 684 1236 tenore
735 1187 792 1236 ut
838 1179 1017 1236 nullus
1069 1177 1197 1246 dux,
1267 1177 1526 1242 marchio,
1575 1178 1688 1232 sive
1719 1191 1923 1243 comes,
1977 1192 2072 1234 seu

495 1269 687 1339 aliquis
719 1269 881 1328 homo
929 1268 1092 1324 ullam
1139 1277 1464 1339 poteSIatem
1512 1267 1706 1324 habeat
1756 1280 1918 1339 super
1961 1282 2076 1322 me—

490 1369 760 1418 moratum
818 1359 1191 1426 merchatum,
1237 1361 1340 1414 nisi
1393 1375 1513 1422 cum
1565 1360 1782 1422 licentia
1835 1360 2072 1429 episcOpi

487 1450 746 1509 Erlewini
793 1465 1124 1522 suorumque
1175 1466 1572 1510 successorum.
1610 1449 1762 1506 Unde
1809 1449 2072 1521 imperiali

483 1541 739 1614 jubemus
786 1551 952 1611 atque
979 1542 1267 1602 statuimus
1293 1543 1532 1614 potentia
1571 1549 1630 1595 ut
1673 1555 1862 1600 omnes
1909 1540 2077 1600 horni-

489 1647 590 1693 nes
639 1633 752 1702 jam
808 1632 1012 1688 dictum
1071 1631 1408 1688 merchatum
1465 1632 1782 1698 visitantes,
1844 1639 2072 1695 euntes,

489 1723 834 1794 negotiantes
871 1733 1034 1792 atque
1077 1732 1498 1787 commorantes,
1522 1723 1699 1782 eundo
1721 1730 1776 1782 et
1803 1721 2076 1778 redeundo

491 1813 654 1870 talem
693 1815 972 1876 obtineant
997 1830 1212 1886 pacem,
1255 1815 1468 1886 qualem
1507 1815 1655 1885 jnste
1693 1816 1940 1872 detinent
1987 1828 2080 1870 ne-

491 1905 792 1980 gotiatores
819 1905 874 1962 in
919 1907 1199 1966 merthato
1239 1891 1648 1962 Kameraccnsis
1681 1905 1934 1962 civitatis.
1969 1905 2076 1976 lgi-

489 2007 584 2054 tur
611 1997 940 2068 quicumque
973 1998 1278 2069 predictum
1313 2000 1654 2058 merchatum
1698 1998 1951 2072 frangere
1978 2015 2074 2057 seu

487 2089 698 2150 violare
745 2091 1126 2161 temptaverit,
1172 2101 1447 2164 conponat
1494 2092 1654 2154 talem
1711 2095 1885 2150 nostri
1933 2093 2076 2163 juris

494 2182 759 2250 hannum,
791 2183 1006 2262 qualem
1056 2191 1220 2261 prout
1249 2183 1334 2238 lex
1365 2183 1532 2255 exigit
1557 2224 1574 2248 ,
1605 2184 1697 2255 qui
1726 2184 1934 2242 solvere
1977 2187 2060 2242 de-

491 2272 650 2343 bent,
687 2275 781 2344 qui
822 2274 952 2336 illud
993 2273 1391 2338 Kameraccnse
1424 2275 1759 2332 merchatum
1786 2277 2076 2334 temerarie

490 2365 936 2435 inquietaverint.
969 2366 1038 2430 Et
1063 2375 1124 2422 ut
1159 2367 1275 2425 haec
1321 2375 1520 2422 nostrae
1563 2367 1932 2424 concessionis
1978 2383 2076 2422 au-

489 2456 717 2520 ctoritas
771 2458 982 2522 ﬁrmior
1029 2465 1381 2528 permaneat,
1424 2459 1564 2518 hanc
1611 2459 1862 2529 paginam
1911 2475 2073 2518 manu

485 2547 708 2624 propria
768 2549 1090 2613 roborantes
1117 2589 1133 2614 ,
1189 2548 1428 2619 sigillare
1485 2547 1774 2617 jussimus.
1843 2550 2074 2619 Signum

487 2635 674 2697 doutui
721 2635 936 2701 Ottonis
977 2637 1196 2698 casaris
1224 2637 1429 2695 invicti.
1459 2637 1778 2696 Heribertus
1810 2639 2076 2694 cancella-

486 2723 603 2782 rius
629 2726 748 2788 vice
763 2725 1014 2798 Willigisi
1041 2727 1435 2796 archiepiscopi
1467 2730 1802 2798 recognovit.
1831 2730 1959 2784 Data
1987 2731 2072 2785 11.

488 2813 614 2876 Kal.
643 2813 771 2872 Mai.
817 2816 974 2870 Anno
1007 2816 1294 2872 dominica:
1334 2817 1724 2873 incarnationis
1763 2819 1892 2873 1001
1921 2857 1938 2883 ,
1993 2821 2077 2874 in-

489 2905 732 2962 dictione
767 2906 854 2960 14.
889 2909 1047 2962 Anno
1076 2907 1222 2962 tertii
1246 2906 1462 2964 Ottonis
1487 2908 1639 2979 regni
1662 2909 1747 2964 17.
1783 2909 1992 2981 imperii
2019 2910 2072 2966 5.

487 2999 683 3061 Actum
719 2998 992 3060 Ravennae
1016 2997 1266 3068 feliciter,
1295 3013 1473 3056 amen.
1503 3017 1525 3054 ι

563 3091 687 3156 113.
731 3090 806 3148 De
845 3093 1058 3166 injuriis
1105 3094 1330 3157 militum
1366 3134 1382 3160 ,
1430 3104 1482 3148 et
1529 3095 1670 3164 quod
1705 3098 2076 3158 monasterium

488 3184 663 3281 sancti
697 3183 936 3245 Διαιρεηί
977 3184 1248 3256 ampliauit
1277 3195 1326 3239 et
1367 3188 1708 3256 episcopatum
1747 3189 1960 3246 domum
1986 3206 2075 3242 ω-
2104 3222 2147 3281 C

492 3272 746 3334 elimavit.
791 3274 877 3338 Ab
901 3277 1034 3345 ipsis
1061 3291 1194 3338 vero
1239 3277 1354 3336 suis
1385 3277 1667 3344 militibus,
1698 3295 1836 3349 quos
1884 3281 1936 3334 in
1991 3283 2073 3337 sui

492 3363 705 3424 castelli
753 3367 1008 3428 custodes
1053 3367 1347 3434 ordinavit,
1379 3368 1666 3440 plerasque
1719 3371 1947 3438 injurias
1975 3389 2074 3426 ex-

491 3453 676 3528 cepit;
727 3456 824 3516 sed
879 3464 1058 3514 tamen
1105 3457 1310 3520 eisdem
1377 3459 1626 3526 devictis,
1683 3461 2076 3519 interveniente

491 3544 788 3608 concordia
819 3552 874 3600 et
908 3545 1228 3616 interposita
1271 3562 1406 3616 pace
1441 3550 1666 3618 quievit.
1723 3551 1892 3619 Hujus
1941 3568 2079 3621 prae-

492 3633 746 3710 ceptione
799 3631 1126 3698 Godefridus
1177 3652 1308 3694 suus
1370 3641 1592 3709 quidam
1659 3642 2077 3701 archidiaconus

491 3725 884 3788 monasterium
938 3726 1112 3786 sancti
1163 3727 1440 3792 Autberti,
1493 3730 1638 3798 quod
1693 3730 1834 3784 intra
1895 3747 2078 3788 muros

493 3812 646 3873 urbis
669 3821 774 3876 est,
815 3814 1194 3882 amplioravit;
1223 3824 1280 3870 et
1325 3817 1442 3886 ipse
1467 3819 1755 3888 episcopus
1779 3820 1830 3873 in
1875 3821 2078 3890 stipem

495 3901 664 3966 dat-iis
701 3903 934 3966 fratrum
975 3904 1110 3960 duas
1141 3905 1316 3972 villas,
1364 3922 1530 3972 unam
1577 3908 1789 3970 Avesna
1821 3910 1968 3980 (254)
1999 3912 2080 3965 vi-

495 3991 698 4054 delicet
750 3994 1024 4062 reddidit,
1081 3995 1310 4060 alteram
1369 4011 1500 4056 vero
1562 3997 1854 4060 Tiliodium
1907 4001 2076 4072 (255)

495 4083 750 4150 contulit.
775 4091 834 4146 ut
865 4086 1100 4148 servitus
1113 4087 1206 4145 Dei
1235 4098 1546 4160 augeretur,
1567 4105 1826 4150 numerus
1847 4091 2075 4152 fratrum

493 4177 972 4254 multiplicaretur.
1018 4179 1136 4251 ipse
1183 4181 1350 4244 etiam
1421 4183 1666 4253 pontifex
1717 4185 2078 4256 episcopalem

495 4270 717 4336 domum
748 4272 996 4343 superbis
1027 4273 1274 4338 aedificiis
1301 4273 1648 4338 sublintatam
1685 4275 1968 4336 fundavit.-

569 4361 698 4424 114.
729 4361 809 4427 De
838 4363 982 4424 obitu
1007 4364 1157 4418 :ercii
1196 4362 1422 4430 Ottonis,
1447 4375 1496 4420 et
1527 4367 1592 4422 de
1622 4366 1924 4424 succedente
1949 4365 2080 4422 Ein-

492 4449 624 4508 rica.
657 4450 869 4514 interea
891 4467 1020 4506 vero
1044 4452 1250 4510 obortis
1269 4452 1634 4516 simultatibus
1657 4455 1800 4514 inter
1817 4456 2074 4520 comites,

492 4537 818 4636 {Saluti-intum
839 4539 987 4636 (356)
1009 4540 1262 4602 videlicet
1283 4540 1669 4636 Flandrensem
1695 4551 1857 4614 atque
1883 4545 2078 4604 Arnul-
2107 4577 2157 4636 ο

493 4627 608 4686 funt
652 4630 1143 4694 Valentianensem.
1169 4633 1470 4704 asperrima
1513 4639 1752 4696 excrevit
1781 4639 2071 4706 discordia.

495 4735 619 4788 quae
680 4735 854 4798 usque
905 4723 974 4786 ad
1023 4723 1222 4790 bellum
1273 4725 1571 4794 procedens
1633 4727 1866 4796 quietem
1917 4730 2075 4798 hujus

493 4812 730 4874 civitatis
752 4813 1070 4894 plerumque
1100 4815 1468 4896 interpolavit.
1499 4815 1634 4871 Nam
1664 4819 1789 4890 quia
1823 4819 2074 4882 Erluinus

2175 548 2356 604 munis
2380 547 2674 620 deditionis
2702 549 2804 604 sub
2850 544 3184 618 imperatore
3203 547 3483 614 eonsocio,
3515 545 3753 602 familia-

2173 639 2390 693 ritatem
2439 637 2694 704 habebat,
2748 637 3040 692 Balduinus
3097 638 3306 694 civitati
3361 637 3488 692 huic
3549 635 3752 692 multas

2174 730 2642 786 incommoditates
2712 729 3009 800 irrogabat.
3073 729 3303 784 Gravius
3347 728 3511 783 etiam
3575 726 3752 784 furori

2173 820 2452 884 incubuit,
2508 819 2598 874 ubi
2635 829 2866 874 mortem
2926 819 3268 892 imperatoris
3327 817 3480 873 tercii
3533 815 3754 871 Ottonis

2172 911 2421 968 audierit.
2467 909 2746 980 Siquidem
2797 909 2864 941 ³⁸³
2909 909 3096 964 eodem
3155 917 3396 976 tempore
3437 904 3549 976 (an.
3587 903 3754 974 1000)

2174 1003 2487 1076 imperator,
2535 1001 2762 1058 Romam
2815 1001 3130 1072 profectus,
3163 1002 3216 1056 in
3267 1000 3491 1070 antiquo
3535 997 3756 1070 palacio

2177 1092 2320 1160 quod
2349 1101 2431 1147 est
2457 1093 2512 1152 in
2558 1100 2742 1149 monte
2779 1091 3048 1152 Aventino
3089 1091 3405 1148 versabatur
3431 1104 3450 1156 ;
3481 1098 3538 1144 et
3587 1088 3756 1146 sicuti

2171 1181 2408 1252 juvenis,
2441 1191 2551 1240 tam
2594 1183 2804 1239 viribus
2847 1183 3022 1242 audax
3069 1195 3230 1252 quam
3279 1194 3476 1250 genere
3515 1187 3756 1250 potens,

2176 1287 2432 1344 magnum
2476 1275 2756 1350 quiddam,
2792 1273 2958 1332 immo
3006 1281 3062 1328 et
3105 1269 3436 1346 impossibile
3465 1271 3710 1344 cogitans
3735 1307 3754 1334 ,

2175 1365 2429 1418 virtutem
2484 1364 2716 1420 Romani
2772 1363 2986 1432 imperii
3037 1363 3105 1416 ad
3154 1361 3453 1438 potentiam
3504 1368 3756 1416 veterum

2181 1469 2366 1522 regum
2401 1453 2648 1512 attollere
2669 1453 2989 1510 conabatur.
3015 1452 3194 1512 Mores
3223 1451 3384 1508 etiam
3409 1447 3759 1508 atcclesiasti-

2177 1559 2289 1610 cos,
2327 1557 2462 1613 quos
2505 1543 2736 1598 avari‘cia
2779 1543 3148 1599 Romanorum
3191 1541 3376 1614 pravis
3429 1553 3755 1600 conmerca-

2180 1638 2384 1692 tionum
2416 1637 2603 1692 usibus
2632 1636 2929 1706 viciabant,
2966 1636 3037 1691 ad
3062 1650 3308 1690 normam
3335 1633 3535 1704 prioris
3561 1630 3758 1702 gratia:

2181 1729 2479 1786 reformare
2521 1729 2834 1790 estimabat.
2867 1727 2934 1787 Ut
2971 1737 3154 1782 autem
3187 1725 3460 1784 efﬁcacius
3495 1724 3596 1779 hoc
3635 1737 3764 1793 per-

2186 1821 2422 1888 fecisset,
2462 1836 2728 1878 summam
2773 1818 3164 1876 familiaritatis
3201 1818 3431 1889 gratiam
3463 1815 3763 1872 exhibebat

2185 1913 2484 1980 Romanis;
2525 1914 2801 1984 ipsosque,
2834 1919 2896 1966 ut
2937 1911 3176 1967 locorum
3211 1909 3426 1964 accolas
3451 1916 3506 1962 et
3541 1919 3761 1962 morum

2173 2019 2238 2062 ac
2251 2003 2703 2060 consuetudinum
2723 2017 2945 2076 gnaros,
2970 2001 3084 2057 suis
3105 1999 3418 2056 Teutonicis
3440 1996 3758 2068 preferens,

2174 2094 2511 2150 consiliarios
2537 2093 2642 2150 sibi
2685 2092 2919 2150 habebat
2955 2100 3010 2146 et
3053 2090 3276 2162 primos.
3329 2087 3592 2148 Diimirum
3619 2087 3762 2144 bene

2173 2193 2227 2241 et
2257 2185 2388 2242 satis
2421 2193 2582 2240 caute
2615 2183 2962 2256 dispositum,
2997 2183 3042 2236 si
3085 2179 3338 2240 etiectum
3388 2177 3752 2246 contingeret.

2175 2275 2284 2330 Sed
2343 2283 2594 2331 neutrum
2657 2273 2924 2330 habitum.
2973 2273 3090 2342 Quo
3150 2271 3294 2328 enim
3360 2267 3760 2324 inclinatiorem

2173 2367 2433 2424 Romanis
2490 2367 2770 2438 prestabat
2827 2363 3076 2440 gratiam,
3137 2369 3287 2420 tanto
3345 2355 3759 2413 cervicatiorent

2173 2460 2462 2531 prodidere
2532 2455 2865 2528 superbiam.
2908 2451 3236 2526 Plerumque
3291 2447 3491 2504 etenim
3519 2443 3760 2500 maxima

2173 2548 2514 2604 familiaritas
2559 2551 2928 2616 contemptum
2965 2541 3130 2614 parit.
3161 2539 3332 2614 Porro
3371 2550 3495 2596 cum
3542 2541 3599 2588 et
3623 2531 3762 2604 legis

2174 2636 2580 2694 observantiam
2630 2643 2685 2690 et
2723 2632 2958 2702 justicim
3001 2643 3251 2687 normam
3300 2641 3456 2703 aequo
3503 2623 3758 2680 modera-

2175 2728 2322 2784 mine
2368 2734 2684 2790 exerceret,
2713 2739 2841 2778 mox
2890 2723 3082 2779 oborta
3135 2718 3470 2790 indignatio,
3517 2728 3643 2770 mox
3691 2711 3762 2766 de

2175 2832 2360 2874 amore
2389 2817 2441 2870 in
2479 2815 2601 2870 odia
2645 2813 2878 2881 efferati,
2905 2821 2965 2866 ut
3005 2825 3064 2868 se
3095 2809 3257 2865 habet
3299 2821 3486 2863 eorum
3539 2802 3762 2860 effrenis

2175 2907 2516 2978 inaequalitas
2546 2921 2789 2972 morum,
2823 2902 3120 2958 amicitiam
3151 2900 3417 2958 seditione
3458 2901 3756 2950 mutarunt.

2178 2999 2461 3069 Tantoque
2491 3012 2748 3069 processu
2773 2994 2947 3052 crevit
2973 2991 3242 3048 discordia
3263 3032 3276 3055 ,
3304 2997 3362 3043 nt
3388 2987 3531 3043 facto
3555 2987 3760 3054 impetu

2179 3093 2498 3158 Mazelinum
2549 3090 2820 3161 quendam
2861 3087 3168 3158 preclarum
3209 3083 3487 3152 juvenem,
3519 3080 3759 3148 impera-

2181 3185 2282 3240 tori
2325 3183 2669 3244 familiarem,
2717 3179 3072 3252 perimerent.
3107 3173 3350 3248 Denique
3375 3179 3431 3227 et
3481 3170 3658 3241 ipsum
3691 3165 3760 3198 m

2179 3277 2563 3344 imperatorem
2594 3280 2782 3326 coacta
2805 3284 2964 3330 manu
2994 3267 3165 3320 valida
3189 3266 3242 3320 in
3257 3263 3369 3332 jam
3393 3262 3536 3320 dicto
3557 3258 3762 3330 palatio

2178 3368 2254 3424 ita
2279 3367 2524 3422 clausere
2549 3379 2646 3434 per
2673 3363 2932 3426 triduum,
2955 3369 3016 3414 ut
3044 3374 3143 3414 nec
3164 3358 3212 3411 ei
3235 3356 3490 3412 alimenta
3513 3351 3644 3415 ferri
3668 3351 3760 3417 η’,

2179 3473 2279 3514 nec
2319 3457 2441 3529 quis
2490 3464 2585 3511 aut
2638 3455 2791 3509 exire
2821 3460 2914 3506 aut
2962 3449 3192 3506 introire
3237 3447 3304 3502 ad
3340 3445 3488 3500 illum
3525 3441 3765 3514 potuerit

2179 3549 2312 3622 (An.
2345 3546 2706 3618 iOOi,Jun.).
2755 3543 2969 3618 Vixque
3016 3541 3279 3596 evasisset
3327 3535 3664 3608 periculum,
3705 3534 3764 3588 ni

2178 3631 2428 3694 Einricus
2455 3637 2564 3692 dux
2592 3635 2875 3716 Bajoarite,
2897 3633 2988 3712 qui
3007 3674 3022 3700 ,
3053 3631 3186 3686 utin
3212 3626 3678 3696 consequentibus
3695 3624 3765 3655 ²⁹⁸

2179 3730 2370 3800 liquet,
2411 3738 2535 3798 post
2581 3729 2726 3784 hunc
2779 3723 2980 3781 infulas
3033 3721 3184 3793 regni
3237 3719 3441 3781 induit,
3499 3716 3768 3788 Hugoque

2180 3821 2422 3876 marchio
2460 3819 2630 3874 Italia:
2679 3825 2921 3887 tempore
2948 3812 3316 3869 subvenirent.
3347 3807 3432 3862 Hii
3483 3806 3764 3870 nimirum,

2179 3914 2322 3969 sicut
2348 3913 2400 3967 in
2429 3911 2542 3966 suis
2581 3909 2777 3965 castris
2815 3905 3136 3963 exterius‘”
3166 3909 3342 3965 erant,
3371 3898 3548 3954 subita
3581 3910 3767 3950 rerum

2180 4004 2532 4059 conversione
2575 3999 2812 4064 attoniti,
2845 3997 2974 4068 quid
3023 3993 3367 4056 intenderent
3395 3986 3718 4042 addubitant
3747 4024 3763 4044 .

2178 4101 2602 4164 preruptamque
2655 4087 2892 4144 hostium
2924 4084 3204 4139 audaciam
3245 4079 3428 4135 verbis
3464 4073 3768 4164 consultius

2179 4162 2530 4253 mitigandam
2598 4195 2760 4250 quam
2826 4175 2996 4231 armis
3071 4173 3332 4226 estitnattt
3395 4162 3764 4229 excitandam.

2105 4297 2108 4302 λ
2181 4275 2384 4330 Horum
2431 4272 2612 4341 itaque
2657 4272 2900 4324 furorem
2931 4263 3155 4336 pacifice
3189 4257 3594 4320 convenientes,
3641 4267 3768 4307 ver—

2179 4365 2370 4419 borum
2411 4361 2646 4416 mollicie
2678 4359 2906 4422 lactant,
2945 4357 3296 4420 dicentesque
3337 4363 3397 4403 se
3443 4357 3631 4416 pacem
3687 4341 3770 4394 in.

2183 4451 2640 4524 terposituros‘”,
2665 4449 2869 4508 aditum
2898 4447 3070 4502 soluta
3097 4441 3378 4497 obsidione
3400 4439 3765 4506 inpetrarunt,

2182 4547 2284 4615 Qui
2331 4548 2396 4602 ad
2451 4547 2719 4602 seniorem
2781 4540 3040 4611 ingressi,
3105 4550 3327 4594 manum
3397 4527 3766 4590 obsidentium

2181 4637 2569 4702 iuvincibilem,
2601 4635 2801 4690 nullam
2828 4633 2930 4688 sibi
2963 4639 3132 4688 tutam
3155 4641 3305 4695 spem
3333 4621 3437 4678 nisi
3462 4617 3680 4688 aufugio
3697 4616 3766 4648 ⁸³⁸

2179 4729 2548 4792 intimarunt;
2602 4725 2829 4793 ideoque
2885 4722 3061 4792 ipsum
3113 4717 3252 4772 clam
3311 4711 3559 4768 hostibus
3615 4705 3765 4760 foras

2180 4818 2376 4876 callide
2428 4818 2753 4878 eduxerunt.
2781 4815 2874 4871 Sic
2913 4813 3093 4882 itaque
3131 4809 3428 4886 imperator
3471 4816 3596 4858 cum
3630 4798 3768 4854 Ger-

1785 4931 1870 4996 VA
1879 4933 2016 4998 [WE
2057 4931 2464 5000 LECTIONES.

566 5043 632 5074 ¹⁹⁹
682 5059 783 5108 que
815 5046 868 5100 1.
945 5045 1014 5079 ⁸³³
1036 5045 1318 5115 Sequentia
1338 5047 1528 5102 eodem
1563 5077 1630 5119 τ-
1660 5057 1885 5119 cometas
1933 5059 2300 5119 apparuerunt
2327 5051 2496 5119 primo
2533 5063 2638 5100 non
2665 5045 2878 5113 fuerunt
2920 5042 2973 5094 in
3004 5041 3060 5104 1.
3097 5037 3378 5119 “dim”,
3416 5013 3768 5119 ἓίίιῆιίάθῗῖέ

499 5099 798 5198 inliteratpr
825 5099 936 5169 una
969 5099 2307 5198 tantu'muoa:septem:ferevti-iteraruntr(leuati;th
2327 5099 2518 5178 Γλθιῖᾖε
2547 5099 2741 5170 almam-
2759 5127 2943 5198 νοσεπῖ
2975 5099 3304 5198 Ευθθνλίξδθ
3548 5099 3766 5198 ζ

3473 5191 3498 5198 -
3548 5169 3734 5198 -.πιδηέσέο
