4052 5358
283 147 382 212 ll7

1671 149 1872 206 LIBER
1905 147 2182 206 PRIMUS.

279 271 436 322 berto
483 281 660 336 papa,
709 267 798 338 qui
835 267 1316 339 cognominabatur
1357 269 1635 332 Silvester,
1665 285 1769 322 una
1797 267 1868 298 ’⁸³
1898 267 1945 326 Α
1976 281 2040 318 ex
2077 265 2323 320 Balduini
2373 265 2560 334 primis
2591 265 2870 330 militibus,
2908 267 3040 322 adeo
3073 265 3388 322 Balduinum
3431 287 3558 339 per-

275 373 556 427 egrcssus,
591 358 907 415 Ravennam
939 369 992 416 et
1036 360 1170 415 alias
1197 361 1490 430 provincim
1519 362 1678 416 urbes
1717 377 1874 432 pera-

276 459 440 520 grat,
469 459 528 505 et
574 451 642 506 ad
675 451 1046 506 ulciscendam
1095 453 1386 521 irrogatam
1439 453 1686 521 iniuriam
1729 451 1872 520 cogit

273 540 569 596 auxilium.
597 543 740 597 Dum
772 543 886 598 lucc
921 559 1052 599 vero
1093 543 1422 606 intendebat,
1461 543 1650 597 morbo
1691 556 1873 596 corre-

277 643 430 698 ptus,
461 643 646 688 morte
673 643 983 704 preventus,
1011 649 1153 687 anno
1177 633 1460 688 dominica:
1485 633 1871 688 incarnationis

277 721 417 776 IOO‘Z
447 723 718 779 mdiem
778 725 990 780 clausit.
1037 724 1161 794 ipso
1207 740 1339 780 vero
1387 741 1529 780 anno
1582 735 1868 796 antequam

277 823 616 878 moreretur,
641 815 810 868 multa
857 815 1101 885 prodigia
1139 817 1194 870 in
1245 817 1375 871 caelo
1403 817 1513 871 visa
1558 829 1700 872 sunt.
1739 817 1868 872 Nam

271 903 510 973 quadam
541 905 630 960 die
671 905 760 960 l9.
791 905 918 960 Kal.
957 905 1196 960 Januarii
1225 909 1348 978 (Λη.
1401 907 1557 972 1002,
1585 909 1708 962 Jan.
1753 909 1865 976 25),

276 996 420 1048 circa
463 993 655 1049 horam
683 995 739 1050 9.
791 997 944 1066 quasi
971 991 1232 1068 quaedam
1265 997 1439 1052 facula
1494 1001 1689 1054 ardens
1739 1001 1868 1054 fisso

273 1082 545 1136 aulaeum
566 1082 731 1154 longo
757 1093 930 1140 tractu
957 1086 1128 1141 instar
1143 1085 1371 1158 fulguris
1393 1089 1554 1142 terris
1578 1089 1864 1154 delabitur,

271 1183 426 1227 tanto
487 1189 618 1228 sane
671 1175 982 1246 splendore,
1013 1185 1074 1231 ut
1119 1193 1224 1232 non
1277 1179 1436 1234 modo
1480 1181 1570 1250 qui
1623 1177 1768 1236 foras
1811 1181 1864 1235 iu

272 1265 443 1332 agris,
475 1281 660 1320 verum
691 1269 856 1320 etiam
883 1269 931 1322 in
967 1270 1154 1334 tectis,
1189 1271 1398 1340 irrupto
1417 1273 1488 1302 ⁸⁰¹
1516 1289 1612 1342 per
1638 1289 1865 1346 qumque

273 1357 518 1420 patentia
561 1357 786 1422 lumine,
821 1359 960 1414 oculi
989 1359 1060 1392 ⁹⁰⁸
1092 1357 1410 1418 ferit-eatur.
1441 1365 1554 1433 Ipsa
1589 1381 1718 1420 vero
1749 1367 1862 1422 (δειξιί

273 1443 466 1497 lissura
505 1448 628 1500 dum
670 1447 964 1503 elementis
1009 1449 1060 1502 in
1109 1465 1168 1504 se
1217 1453 1447 1506 invicem
1501 1457 1864 1526 propinquan-

270 1534 414 1590 tibus
439 1537 512 1566 ³⁸⁸
562 1539 762 1593 sensim
826 1551 1227 1608 evanesceret,
1287 1543 1546 1612 interim,
1612 1549 1860 1604 mirabile

1974 355 2270 420 terrcfecit,
2299 366 2354 410 ut
2395 373 2518 410 mox
2549 373 2678 412 suus
2724 357 2968 422 effectus,
3027 359 3092 414 ad
3145 359 3306 412 totius
3341 361 3556 428 generis

1972 445 2400 502 satisfactionem
2441 448 2666 503 veniens
2689 489 2703 513 ,
2737 447 3014 502 castellum
3059 449 3468 504 Valentia'nense
3501 453 3552 506 ei

1971 535 2313 601 reddiderit,
2365 537 2618 606 datisque
2677 538 2958 594 obsidibus
3024 554 3146 594 cum
3213 549 3558 594 sacramenta

1971 641 2187 698 quoque
2233 629 2544 684 ﬁdelitatem
2593 637 2648 684 et
2697 645 2888 700 pacem
2941 631 2992 686 ei
3047 640 3388 686 servaturum
3433 647 3558 687 esse

1971 717 2189 772 inantea
2259 719 2630 788 spoponderit.
2697 719 2888 774 Postea
2946 727 3126 774 tamen
3186 721 3442 790 gravib‘us
3495 731 3554 774 et

1971 807 2156 862 multis
2203 809 2556 862 sellium-ribus
2597 811 2881 879 premitur,
2909 819 2963 863 et
3010 811 3130 865 ideo
3161 810 3446 875 llaldninn,
3493 822 3558 864 ut

1971 897 2070 952 sibi
2131 907 2276 953 esset
2331 899 2574 964 auxilio,
2620 901 2906 956 castellum
2965 901 3066 956 hoc
3131 901 3554 956 Valentianenso

1969 989 2332 1044 beneficiavit.

2047 1084 2167 1136 H6.
2211 1084 2284 1138 De
2325 1085 2468 1139 rabie
2525 1083 2752 1140 Fulmdi
2808 1085 3033 1150 abbatis,
3073 1097 3120 1140 et
3157 1087 3319 1156 quod,
3351 1085 3556 1155 dejecto

1967 1175 2082 1239 illo,
2115 1175 2324 1230 abbatia
2354 1177 2586 1230 donatur
2629 1175 2914 1232 Ricltardo.
2957 1175 3110 1230 Unde
3147 1175 3384 1248 pontifex
3443 1177 3550 1228 ali-

1968 1267 2204 1334 quandill
2235 1281 2422 1335 pacem
2460 1271 2708 1337 adeptus,
2739 1269 2832 1322 sed
2859 1268 2926 1322 ab
2955 1267 3253 1322 insolentiis
3294 1267 3555 1336 prcmissi‘

1967 1355 2184 1412 Fnlradi
2219 1357 2441 1413 minime
2469 1357 2785 1424 feriabatur,
2825 1359 2914 1428 qui
2942 1361 3159 1414 easdem
3187 1359 3548 1428 turpitudines

1965 1463 2100 1516 quas
2153 1446 2461 1504 Rotbartius
2506 1451 2745 1519 sopierat
2805 1450 3172 1520 redintegrare
3243 1447 3554 1503 nullatenus

1967 1538 2214 1592 cessabat
2243 1555 2260 1605 ;
2307 1549 2362 1594 et
2387 1539 2512 1610 quia
2535 1541 2822 1611 episcopus
2868 1555 2991 1596 eum
3025 1555 3166 1612 saepe
3191 1549 3440 1596 vocatum
3463 1541 3566 1594 di'w

267 1626 452 1680 dictu!
481 1628 634 1696 quasi
667 1629 720 1684 in
747 1631 1098 1690 similitudine
1123 1635 1407 1705 serpentis,
1441 1610 1719 1693 crescente
1741 1641 1859 1709 qui-
1893 1610 1935 1669 Β
1963 1630 2149 1684 stricte
2175 1639 2230 1686 et
2253 1632 2511 1687 canonice
2542 1633 2820 1700 arguebat.
2849 1633 2992 1687 inter
3024 1633 3172 1687 illum
3202 1639 3257 1688 et
3290 1632 3568 1687 comitemn-

265 1717 388 1770 dem
405 1719 480 1750 '°'
507 1721 686 1790 capite
706 1738 830 1782 cum
861 1723 1091 1782 ceruicis
1117 1729 1342 1798 pedibus
1363 1727 1477 1784 visa
1501 1741 1585 1784 est
1613 1731 1856 1802 ﬁgurari.

265 1807 334 1862 Et
355 1809 464 1864 hoc
492 1827 600 1866 non
623 1813 742 1869 sine
771 1815 964 1886 grandi
1004 1817 1363 1875 admiratione
1403 1821 1587 1877 multis
1615 1833 1861 1893 Spectan-

264 1901 408 1955 tibus
439 1901 600 1972 paulo
637 1913 762 1974 post
801 1907 1088 1977 disparuit.
1117 1909 1234 1979 Ipso
1259 1911 1423 1968 etiam
1463 1931 1604 1969 anno
1633 1925 1858 1972 cometa:

263 2003 654 2062 apparuerunt.
685 1997 992 2068 Imperator
1022 2011 1212 2056 contra
1245 2003 1520 2062 Romanos
1543 2023 1662 2064 cum
1689 2010 1856 2066 multa

261 2084 608 2154 expeditione
629 2091 977 2147 committere
998 2093 1198 2148 bellum
1225 2095 1519 2166 profectus,
1534 2101 1674 2155 diem
1699 2103 1854 2168 obiit,

260 2175 350 2228 sed
375 2175 506 2231 inde
541 2193 570 2230 a
603 2179 942 2250 principibus
985 2185 1118 2251 suis,
1153 2185 1379 2244 ducibus
1401 2228 1414 2248 .
1450 2191 1720 2261 episcOpis
1761 2195 1856 2250 lio-

259 2265 482 2322 noritice
509 2279 789 2340 revectus,
820 2273 874 2328 in
900 2275 1140 2332 mcclesia
1171 2279 1500 2350 Aquisgrani
1529 2285 1769 2354 sepultus
1799 2287 1852 2340 in

257 2372 384 2426 pace
411 2361 639 2430 quievit.
663 2363 793 2421 Post
821 2367 976 2438 cujus
1005 2369 1288 2427 decessum
1333 2375 1606 2445 principes
1641 2377 1848 2432 Lotlia-

257 2447 514 2504 riensium
567 2449 883 2510 Heinricum
909 2497 924 2522 ,
963 2457 1200 2515 Heinrici
1249 2465 1512 2532 prtemissi
1559 2466 1711 2521 ducis
1753 2467 1851 2522 Ba~

249 2535 550 2603 joariorum
586 2541 782 2612 ﬂlium,
828 2547 930 2602 sibi
983 2548 1170 2620 legunt
1211 2554 1276 2607 ad
1324 2555 1475 2626 regni
1523 2557 1846 2626 imperium,

255 2629 426 2682 virum
465 2629 718 2690 videlicet
760 2637 1005 2694 moribus
1033 2642 1178 2714 pium
1206 2683 1222 2708 ,
1266 2647 1493 2702 consilio
1525 2651 1808 2718 providum
1830 2693 1844 2717 ,

252 2719 386 2773 lello
428 2733 734 2790 strenuum,
777 2729 1016 2784 defuncti
1052 2733 1395 2802 imperatoris
1424 2741 1670 2806 proxime
1717 2756 1848 2800 con-

251 2811 633 2880 sanguineum.
663 2845 734 2856 ———-
763 2817 882 2887 Ipse
929 2837 1058 2876 vero
1089 2822 1382 2880 Balduinus
1412 2828 1626 2882 interim
1678 2829 1846 2887 multa

251 2915 410 2956 manu
433 2903 660 2960 collecta
687 2908 1108 2970 Valcntiancnse
1156 2927 1392 2971 castrum
1415 2921 1647 2986 obsedit,
1675 2933 1836 2993 atque

251 2991 499 3060 Arnulfo,
548 2998 674 3067 quia
721 2999 880 3071 longe
913 3019 1140 3060 numero
1179 3019 1300 3064 erat
1343 3011 1588 3077 inferior,
1610 2991 1832 3084 expulso

251 3085 539 3140 vendicare
583 3094 935 3162 presumpsit.
982 3095 1186 3163 Quibus
1219 3099 1291 3153 ita
1344 3103 1508 3170 gestis
1547 3103 1834 3162 lleinricus

251 3185 336 3225 rex
365 3175 666 3244 excitatus,
701 3179 1024 3238 Balduinum
1069 3200 1211 3258 saepe
1249 3189 1314 3244 ad
1354 3190 1488 3260 justi
1517 3191 1622 3248 iam
1673 3209 1838 3250 voca-

249 3265 346 3326 vit;
385 3265 484 3320 sed
537 3283 756 3340 semper
811 3274 1052 3329 renitens
1081 3277 1394 3333 vocationes
1440 3280 1558 3350 ejus
1605 3284 1828 3352 sprevit.

252 3349 354 3404 Rex
385 3353 571 3426 imque
595 3360 782 3428 paucis
813 3373 939 3431 post
975 3364 1186 3430 diebus,
1220 3349 1563 3424 tnultitudine
1609 3349 1832 3429 suorum

248 3443 549 3534 principum
602 3447 792 3518 fultus,
837 3454 1003 3509 immo
1039 3457 1200 3510 etiam
1246 3475 1368 3512 cum
1397 3461 1656 3518 Rotberto
1707 3479 1834 3534 rege

247 3529 607 3603 Karleusium,
651 3541 744 3594 sed
776 3549 832 3596 et
872 3543 1074 3612 pariter
1100 3563 1220 3600 cum
1253 3547 1524 3605 Richardo
1562 3551 1698 3607 duce
1729 3529 1832 3608 ilb-

247 3625 642 3694 tomagensium
708 3630 855 3685 idem
923 3635 1204 3689 castellum
1275 3653 1398 3692 cum
1462 3639 1833 3710 indignatione

243 3728 550 3786 aggressus,
581 3733 746 3788 super
784 3721 1106 3780 Balduiuum
1139 3727 1336 3794 irruit;
1366 3730 1458 3784 sed
1494 3731 1833 3802 exigentibus

243 3805 478 3872 peceatis
532 3809 752 3878 populi,
795 3813 962 3868 immo
991 3824 1045 3870 et
1094 3816 1301 3887 aliquot
1359 3835 1582 3880 suorum
1643 3825 1832 3884 fraude

243 3897 691 3968 detrectantibus,
731 3901 992 3960 frustrata
1021 3923 1117 3978 spe
1155 3910 1288 3968 lllltll
1323 3913 1612 3982 proficiens
1649 3917 1700 3972 in
1731 3935 1832 3976 sua

245 3989 502 4044 remeavit
527 3991 650 4062 (Au.
687 3993 850 4065 1035)

307 4079 429 4134 “5.
473 4080 685 4137 Timent
718 4085 1040 4142 Balduinum
1079 4092 1350 4166 episcopus
1377 4095 1446 4146 ad
1475 4113 1644 4168 regem
1667 4099 1827 4153 vadit.

243 4167 428 4225 Postea
471 4171 634 4240 hujus
663 4175 966 4236 obsidionis
1007 4181 1338 4237 incentnrem
1395 4187 1671 4244 Erluinum
1717 4191 1831 4262 epi-

1962 1721 2302 1787 Balduinum,
2331 1731 2560 1794 utsupra
2589 1725 2824 1779 diximus
2843 1721 3548 1796 (257)3falsascommenta2-

1961 1815 2134 1868 tiones
2157 1815 2550 1870 discordiarum
2574 1817 2896 1882 seminabat,
2935 1831 3068 1873 sane
3088 1817 3272 1872 comiti
3296 1817 3574 1872 deferens.

1957 1905 2160 1960 habere
2197 1921 2256 1960 se
2299 1922 2459 1976 supra
2491 1907 2633 1962 dicta
2687 1908 2986 1979 privilegia.
3033 1907 3226 1964 Infelix
3277 1907 3392 1962 ille!
3447 1907 3562 1978 qui‘

1957 1994 2175 2050 beatum
2225 1997 2588 2068 Augustinum
2619 2013 2724 2054 non
2775 1999 3092 2056 advertebat
3125 1999 3402 2053 memoria:
3455 1999 3558 2052 di-x

1955 2099 2168 2146 centem
2212 2091 2350 2146 male
2379 2091 2496 2148 illos
2525 2093 2804 2164 disputare
2830 2101 3020 2148 contra
3041 2093 3222 2150 claves
3257 2091 3558 2157 mcclesim,

1954 2179 2044 2247 qui
2077 2181 2460 2235 auctoritatem
2489 2183 2956 2248 :ecclesiasticam,
2985 2197 3148 2252 quam
3189 2182 3243 2236 in
3269 2181 3560 2253 episcopis.

1954 2277 2170 2322 constat
2221 2267 2402 2335 fateri,
2439 2271 2773 2326 contendunt
2803 2271 3115 2337 adnullare;
3155 2271 3394 2342 alioquin
3427 2287 3552 2326 ωας.

1953 2359 2116 2414 etesia
2149 2377 2270 2431 qum
2311 2361 2366 2416 in
2419 2361 2709 2432 episcopali
2765 2363 3086 2419 auctoritate
3135 2363 3390 2428 habetur,
3439 2377 3554 2430 po-L

1955 2459 2206 2507 testatem
2253 2451 2454 2522 ligandi
2501 2461 2664 2523 atque
2703 2453 2946 2509 solvendi
2987 2455 3301 2525 neutiquam
3335 2455 3556 2510 habere:

1951 2543 2178 2598 valeret.
2227 2544 2318 2600 ille
2365 2553 2544 2600 autem
2575 2559 2758 2600 sacros
2801 2545 3040 2602 monitus
3080 2546 3318 2617 episcopi
3351 2547 3538 2617 parvi:

1950 2633 2190 2702 pendens
2218 2671 2234 2698 ,
2268 2633 2442 2703 magis
2495 2634 2776 2704 magisque
2819 2634 3104 2691 lenociniis
3153 2635 3436 2692 insistebat
3477 2647 3552 2692 et;

1949 2724 2019 2776 ab
2051 2723 2278 2793 inceptis
2319 2723 2681 2794 pravitatibus
2723 2723 2945 2780 minime
2991 2723 3340 2780 desciscebat.
3381 2725 3544 2781 Unde

1946 2814 2017 2866 ab
2045 2813 2270 2868 Erluino
2293 2829 2400 2868 non
2437 2814 2618 2870 minus
2647 2830 2810 2885 quam
2839 2825 2997 2870 antea
3026 2831 3056 2870 a
3086 2815 3361 2872 Rotbardo
3389 2830 3540 2886 smper

1945 2903 2160 2972 publice
2193 2905 2575 2975 reprehensus,
2602 2907 2696 2961 sed
2728 2915 3046 2962 constanter
3079 2906 3349 2962 resultans
3375 2913 3432 2962 et
3471 2921 3542 2962 se

1939 2997 2158 3067 procaci
2211 2997 2512 3054 calliditate
2559 2998 2853 3054 defendens
2880 3038 2896 3066 ,
2923 3007 3104 3054 tamen
3151 2997 3372 3056 vinculo
3408 3012 3546 3052 anas.

1936 3089 2195 3144 thematis
2237 3089 2528 3160 obligatur.
2563 3090 2818 3146 Preterea
2849 3105 2980 3145 vero
3009 3090 3076 3144 ad
3125 3089 3398 3145 cumulum
3437 3091 3548 3144 sui?

1933 3183 2136 3240 furoris
2163 3193 2218 3240 et
2261 3184 2326 3238 ad
2355 3195 2703 3254 augmentum
2732 3199 2844 3240 sum
2887 3185 3311 3254 dampnationis,
3341 3187 3426 3239 inc
3463 3201 3540 3239 ηε,

1935 3283 2054 3330 tore
2086 3275 2302 3344 quidem
2357 3273 2571 3329 diabolo
2605 3283 2784 3328 motus
2836 3275 3123 3328 adversum
3182 3274 3542 3342 pontiﬁcem»

1935 3366 2074 3420 tanti
2131 3364 2367 3434 turgoris
2423 3365 2690 3424 cervicem
2755 3363 2972 3429 erexit,
3021 3371 3083 3417 ut
3129 3363 3298 3418 multa
3359 3379 3538 3420 mante

1934 3465 2147 3521 coacta,
2195 3455 2568 3510 consentiente
2614 3455 2812 3510 comite
2867 3453 3163 3520 Baldulno,
3191 3467 3354 3524 super
3381 3453 3528 3510 bona

1933 3546 2050 3616 ejus
2077 3561 2197 3615 qua:
2241 3544 2296 3600 in
2334 3544 2610 3600 territorio
2650 3543 2998 3598 Atrebateusl
3047 3551 3228 3610 erant,
3269 3543 3526 3598 incendia

1933 3638 2345 3711 perpetraverit.
2363 3637 2552 3691 Divina
2577 3645 2756 3691 tamen
2773 3635 3058 3694 clementia
3075 3635 3524 3710 dispensamem.

1933 3731 2232 3786 etmrmitas
2253 3745 2473 3785 suorum
2497 3727 2762 3783 scelerum
2778 3742 3118 3798 nequaquam
3141 3727 3228 3782 ditt
3247 3727 3295 3782 la
3305 3739 3417 3784 tere
3432 3745 3532 3800 po.

1935 3824 2035 3878 tuit
2064 3821 2316 3878 comitem
2349 3835 2363 3887 ;
2391 3819 2486 3875 sed
2514 3818 2674 3892 plane
2709 3815 3098 3887 deprehensus,
3125 3817 3524 3880 calumniarum

1932 3913 2176 3984 precium
2231 3911 2349 3966 lult.
2408 3911 2604 3966 Comes
2655 3923 2890 3978 namque
2947 3906 3091 3962 illius
3155 3911 3518 3978 nequitiarum

1931 4005 2110 4059 studia
2151 4005 2366 4059 tandem
2425 4003 2752 4072 advertens,
2803 3999 2892 4053 diu
2942 4011 3000 4052 se
3045 4004 3516 4074 circumscriptum

1931 4094 2158 4150 fallaciis
2200 4095 2452 4151 conscius
2481 4095 2740 4166 indoluit;
2775 4099 3024 4170 illiusque
3064 4095 3359 4152 delationes
3400 4109 3522 4156 tua...

1931 4188 2013 4256 gis
2035 4187 2158 4241 dolo
2203 4198 2488 4256 congestas
2529 4205 2691 4258 quam
2721 4187 2824 4244 fide
2863 4188 3108 4244 sull'nltas
3164 4183 3469 4253 intelllgens
3494 4223 3512 4248 ,

239 4274 453 4357 scopum
483 4261 780 4322 Balduinus
829 4269 1140 4340 existimat,
1190 4275 1420 4345 ideoque
1469 4279 1523 4334 in
1575 4261 1829 4350 ipsumet
1859 4306 1904 4364 ι)
1934 4277 1987 4330 in
2018 4277 2190 4346 ipsmn
2217 4277 2515 4333 delatorem
2558 4295 2747 4335 omnes
2794 4295 2984 4338 causas
3019 4279 3142 4354 jure
3201 4273 3534 4334 transfudit,‘

239 4347 282 4400 in
313 4351 524 4406 viscera
550 4354 715 4409 totius
749 4356 902 4414 urbis
943 4359 1240 4418 districtum
1274 4366 1532 4426 ultionem
1563 4347 1623 4424 se
1654 4369 1826 4430 facu-

237 4453 260 4489 r
279 4455 344 4492 nu
376 4456 501 4496 esse
525 4445 784 4502 minatur.
811 4445 964 4505 Unde
989 4454 1182 4522 prmsnl
1207 4461 1526 4528 perterritus
1547 4501 1562 4526 ,
1586 4463 1823 4520 civitatis

234 4539 424 4586 statum
480 4543 536 4588 ct
589 4538 668 4596 rei
715 4539 944 4608 publica:
997 4548 1276 4614 negotium
1323 4551 1718 4610 arcltidiaconis
1765 4566 1822 4614 et

231 4624 409 4689 primis
477 4627 712 4688 militum
772 4640 1212 4706 commendavit,
1268 4649 1324 4696 et
1367 4659 1436 4700 ne
1483 4646 1699 4703 incaute
1747 4650 1816 4706 ab

233 4713 336 4780 ipso
383 4716 601 4780 minacc
649 4722 864 4780 tiranno
887 4730 1309 4799 opprimeretur,
1342 4749 1520 4806 regem
1566 4741 1812 4808 expetiit.

233 4805 324 4863 Ubi
349 4825 488 4866 sane
519 4813 728 4872 tamdiu
764 4815 1070 4879 demoratus
1096 4835 1180 4881 est
1226 4805 1675 4892 donecividelice—t
1721 4851 1815 4894 rex

227 4909 402 4956 coacto
429 4903 610 4958 multo
633 4905 802 4962 milite
823 4921 1057 4966 castrum
1093 4915 1412 4975 Gandavum
1441 4923 1508 4978 ad
1530 4923 1804 4980 devastan-

226 4989 333 5046 duu
382 5001 598 5049 terram
631 4993 834 5054 invadit
885 5003 1006 5076 (An.
1043 5004 1238 5077 1007).
1273 5013 1554 5092 captisque
1605 5013 1812 5086 aliquot

1930 4366 2173 4437 Namque
2200 4367 2442 4423 Atrebati
2489 4369 2544 4424 in
2573 4370 2690 4440 ipso
2720 4369 2957 4424 claustro
2985 4361 3370 4422 monacliorum
3400 4375 3512 4421 sta-

1929 4467 2044 4514 tuto
2073 4457 2300 4514 consilio
2345 4460 2469 4530 (An.
2504 4458 2664 4531 1004)
2709 4460 3051 4536 episcopum,
3100 4465 3284 4528 utpote
3327 4449 3530 4527 prece;

1921 4561 2132 4619 ptorem
2153 4559 2206 4606 et
2233 4551 2552 4623 magistrum
2579 4551 2862 4620 recclesize,
2882 4550 3166 4616 invitavit;
3195 4563 3510 4620 ponensque

1921 4643 2186 4700 rationem
2207 4659 2330 4699 cum
2357 4641 2642 4710 fratribus,
2666 4642 2899 4714 qualiter
2941 4643 3207 4700 Fulradus
3233 4644 3512 4702 abbatiaru

1921 4745 2147 4792 eatenus
2177 4737 2492 4792 moderatus
2530 4743 2633 4801 est,
2663 4736 2915 4814 episcopo
2945 4736 3198 4794 audiente
3235 4736 3507 4806 quaesivit.

1921 4828 2194 4902 Conperto
2263 4825 2458 4884 autem’
2496 4843 2605 4898 quo
2647 4827 2777 4884 nihil
2833 4827 3104 4908 religionis
3145 4826 3374 4880 interius
3415 4825 3512 4881 do-

1917 4921 2270 4988 ctrinaverit,
2321 4919 2674 4992 exteriusque
2725 4919 2866 4975 bona
2934 4918 3074 4979 male
3117 4917 3508 4986 dissipa-verit.

1917 5017 2161 5084 legaliter
2185 5025 2242 5070 et
2279 5013 2560 5072 canonice.
2591 5015 2979 5090 reprehensum
3026 5011 3080 5070 iu
3118 5009 3363 5066 custodia
3399 5011 3510 5086 epi-

1537 5165 1776 5223 VARIAE
1817 5165 2221 5229 LECTIONES.

277 5261 1056 5358 nimium.biremi-us
1081 5276 1212 5329 anni
1240 5277 1376 5332 dces!
1399 5281 1448 5336 5.
1479 5282 1656 5356 spatia
1681 5283 1881 5338 relicto.
1957 5282 2027 5328 ’9‘
2061 5283 2368 5358 irrumpens
2393 5281 2446 5340 ἆ.
2529 5287 2597 5318 ²⁰³
2625 5283 2810 5342 oculos
2829 5286 2886 5339 ἓ.
2965 5281 3035 5314 ὀδ
3059 5277 3426 5336 remeantibus
3446 5278 3498 5335 2.

215 5329 274 5358 Ill
301 5333 382 5358 ....:
409 5333 442 5358 Ἰ
553 5331 632 5358 ηε
667 5331 846 5358 ..Διι-ιΑ-.
867 5355 876 5358 -
