4052 5358
510 146 614 213 U9

1464 143 1689 199 GESTA
1726 138 2140 197 PONTIFICUM
2171 138 2785 201 CAMERACENSIUM.

3667 148 3779 217 ιω

501 272 709 325 scopas
740 255 903 321 misit,
935 269 1311 325 summamque
1348 256 1578 311 abbati-ae
1617 255 1932 311 llcribertus
1964 254 2091 310 boni
2118 258 2167 318 Α
2195 255 2312 326 ejus
2350 257 2599 312 sevitiam
2643 273 2859 314 cessare
2891 257 3122 326 videbat,
3154 259 3333 315 villam
3377 267 3777 333 reextorquere

510 347 804 413 testimonii
857 348 1152 427 monachus
1182 348 1431 418 sumpsit.
1473 348 1571 403 llic
1621 346 1871 417 perfecta:
1910 354 1967 401 et
2009 346 2086 402 in-

509 440 971 511 reprarhensibilis
1014 442 1446 505 conversationis
1479 456 1544 496 ac
1594 441 1855 513 religiosa:
1883 439 2091 509 simpli-

508 531 691 597 citatis
718 530 1040 600 plenus,sed
1063 532 1128 586 ad
1153 540 1301 587 tanta
1323 532 1619 601 reparanda
1636 541 1690 587 et
1707 531 2087 605 reordinanda,

507 635 631 690 quae
682 636 812 675 suus
867 631 1182 676 antecessor
1235 622 1539 686 destruxit,
1596 621 1773 687 uinus
1839 621 2084 685 idoneus.

512 713 695 779 Quare
728 720 784 766 et
810 712 934 771 huic
963 721 1198 779 amotam
1241 712 1518 777 abbatiam
1556 711 1828 769 Richardo
1874 710 2087 782 religio—

506 803 726 858 sissime
755 803 871 857 viro
899 802 1047 873 (238)
1074 817 1279 867 comes,
1307 804 1624 873 providente
1645 803 1900 873 episcopo
1923 812 2088 872 atque

513 892 819 956 ordinante,
848 891 1234 960 moderandam
1266 894 1557 953 commisit.
1615 893 1715 962 Qui
1771 894 1825 963 in
1874 899 2086 951 tantum

505 978 705 1034 fratres
734 994 920 1042 norma
962 979 1315 1050 disciplinam:
1357 982 1634 1053 religionis
1680 984 2006 1050 extruserit,
2030 990 2088 1038 et

506 1068 562 1133 in
620 1077 823 1131 tantum
873 1083 962 1124 res
1003 1069 1383 1139 stipendiarias
1428 1073 1790 1145 multiplicare
1842 1073 2087 1129 exterius

504 1156 847 1223 laboraverit,
898 1165 956 1213 ut
1006 1158 1058 1213 in
1104 1160 1306 1215 nostris
1341 1161 1586 1228 vieiniis,
1632 1163 1743 1219 Deo
1773 1173 2086 1230 annuente,

504 1246 649 1315 nulla
689 1248 902 1307 abbatia
958 1249 1216 1319 religione
1264 1250 1332 1305 sit
1380 1253 1724 1323 praestantior
1765 1263 1858 1308 aut
1897 1252 2087 1324 opibcs

501 1336 841 1406 locupletior.
888 1337 987 1400 llic
1031 1341 1219 1412 etiam,
1262 1341 1500 1398 extincta
1562 1342 1779 1399 Fulradi
1827 1344 2039 1400 malicia
2069 1382 2088 1413 ι

500 1440 716 1501 semper
742 1430 938 1484 domno
985 1432 1237 1500 episcopo
1271 1447 1391 1487 cum
1442 1441 1552 1488 tota
1601 1434 1907 1491 reverentia
1961 1433 2089 1497 sub-

493 1518 673 1591 jectus
710 1521 909 1587 extitit,
940 1522 1097 1595 eique
1136 1524 1187 1576 in
1235 1524 1507 1591 omnibus,
1532 1525 1688 1580 sicuti
1720 1525 1898 1592 decet,
1946 1525 2088 1582 inte-

2187 347 2482 417 qumrebat.
2512 347 2605 404 llle
2655 358 2835 405 autem
2862 350 3110 419 quamvis
3152 352 3338 420 morti,
3367 353 3557 410 morbo
3586 355 3772 412 inme-

2186 437 2486 493 dicabiliter
2510 438 2789 509 fatigante,
2820 442 3173 513 prepinquus,
3208 452 3389 501 tamen
3425 445 3574 503 nullo
3601 448 3772 507 modo

2184 528 2586 588 emendaeionis
2615 530 2862 600 resipuit,
2885 547 3122 603 suosque
3136 534 3335 594 milites
3352 536 3421 599 ad
3448 550 3511 598 se
3536 552 3771 606 vocans,

2185 620 2253 685 ad
2305 619 2618 677 ﬁdelitatem
2683 622 2767 678 sui
2826 623 2924 677 ﬁlii
2985 636 3329 696 sacramento
3394 629 3769 695 constrinxit;

2184 726 2413 768 monens
2434 713 2633 784 quippe
2671 721 2729 769 et
2755 713 3048 771 eohortans
3076 725 3153 783 ut,
3189 716 3235 772 si
3266 717 3407 773 forte
3435 727 3771 788 moreretur,

2185 802 2355 858 ﬁlium
2391 820 2546 860 suum
2576 813 2686 861 tota
2713 806 2986 864 deditione
3012 822 3137 862 cum
3175 807 3279 864 ﬁde
3306 817 3363 864 et
3392 809 3772 866 benivolentia

2184 893 2569 961 observarent,
2624 896 2990 966 adversusque
3042 898 3355 969 episcopum
3408 899 3774 968 pertinaciter

2183 994 2570 1051 sustentarent,
2592 986 2855 1057 Denique,
2877 986 3248 1042 intercedente
3270 986 3450 1059 aliquo
3482 987 3772 1058 temporis,

2184 1074 2493 1144 episcopum
2518 1089 2734 1144 quoque
2763 1073 3076 1131 inﬁrmitate
3103 1075 3437 1133 laborantem
3463 1072 3771 1135 Balduinus

2186 1178 2367 1219 comes
2414 1164 2634 1221 visitare
2680 1164 3015 1229 advenerat,
3065 1180 3225 1236 quem
3274 1164 3548 1227 Walterus
3592 1166 3775 1224 ferme

2187 1255 2427 1331 moriens
2481 1255 2686 1317 auxilio
2725 1256 2807 1313 sui
2859 1254 2953 1318 lilii
3004 1256 3258 1325 precibus
3300 1265 3618 1309 attraxerat.
3656 1254 3770 1322 Qui

2185 1344 2464 1407 Walterus
2491 1363 2601 1411 non
2642 1346 2816 1412 multo
2844 1356 2967 1417 post
2994 1363 3121 1402 cum
3172 1356 3322 1406 tanta
3371 1345 3609 1412 malieia,
3638 1346 3776 1402 dato

2186 1435 2292 1492 ﬁne
2319 1437 2606 1507 malorum,
2638 1437 2691 1492 in
2723 1437 2840 1511 ipso
2868 1436 3088 1507 langore
3121 1435 3291 1490 vitam
3321 1434 3513 1490 ﬁnivit.

2260 1527 2382 1583 118.
2416 1528 2495 1582 De
2523 1545 2582 1583 eo
2625 1526 2696 1560 ²⁰⁸
2721 1508 2861 1598 quod
2902 1527 3154 1580 moriente
3196 1525 3456 1596 episcopo,
3496 1508 3787 1583 Waller“.

500 1623 710 1667 merato
740 1615 942 1670 amoris
970 1615 1244 1686 sign-:cnlo
1278 1617 1662 1673 obsecundavit
1698 1618 1788 1672 “7.
1821 1616 2086 1675 Fulradus
2116 1609 2161 1671 Β
2186 1617 2331 1687 ﬁlius
2360 1616 2584 1674 Walteri
2634 1619 2849 1672 domum
2883 1614 3229 1686 episcopalem
3273 1616 3485 1671 invasit.
3514 1615 3777 1681 Pontifex

503 1721 655 1775 vero,
687 1714 842 1776 rapta
881 1722 1063 1765 secum
1106 1709 1334 1776 pecunia
1377 1725 1538 1778 quam
1591 1709 1657 1764 de
1698 1710 1861 1764 rebus
1906 1709 2083 1764 sancti

502 1794 719 1865 Yedasti
768 1798 911 1853 furto
960 1799 1349 1868 subtraxerat,
1391 1799 1689 1857 (ecclesiam
1739 1799 2082 1865 Remensium

499 1887 730 1957 expetit,
778 1888 1183 1961 dcploratisque
1233 1903 1452 1947 suarum
1490 1904 1838 1946 erumnarum
1892 1904 2081 1944 neces-

500 1980 826 2047 situdinibus
855 2020 871 2046 ,
919 1980 1206 2039 Arnult‘um
1259 1982 1699 2052 archiprmsulem
1735 2022 1750 2048 ,
1805 1982 1897 2052 qui
1956 1992 2083 2037 tunc

499 2072 759 2151 temporis
789 2071 1048 2126 {ecclesiae
1087 2081 1328 2142 preerat,
1356 2088 1454 2128 suo
1492 2073 1720 2129 consilio
1748 2073 1945 2128 oblatis
1968 2089 2084 2127 mu-

500 2164 721 2228 neribus
764 2162 985 2233 ﬁectere
1035 2166 1324 2228 estimavit.
1372 2154 1523 2237 illum
1565 2182 1798 2238 namque
1838 2177 1893 2221 et
1927 2166 2083 2221 mini-

497 2269 639 2309 SLI‘OS
686 2254 803 2323 ejus
849 2255 1228 2325 oppignormit
1272 2257 1479 2326 preeio,
1535 2267 1594 2312 ut
1636 2259 1761 2323 sibi,
1807 2259 1957 2328 quasi
1987 2274 2085 2329 per

496 2345 849 2421 prejudieium
903 2347 1169 2423 deposito,
1206 2346 1344 2402 forte
1396 2363 1651 2404 recursus
1700 2351 1763 2403 ad
1815 2350 2081 2425 privatam

496 2434 727 2516 gratiam
777 2437 945 2507 ipsius
981 2439 1309 2494 auctoritate
1338 2448 1568 2509 pateret.
1610 2440 1740 2494 Erat
1775 2442 1919 2494 enim
1970 2440 2084 2509 ipse

496 2528 937 2598 archiepiscopus
985 2530 1221 2600 degener
1254 2531 1451 2597 animi;
1496 2540 1577 2596 et,
1619 2531 1865 2599 quamvis
1886 2546 2083 2600 supra-

497 2616 655 2683 dicta:
712 2617 1067 2679 institutionis
1116 2618 1456 2676 consultibus
1525 2619 1866 2690 prejudicare
1938 2621 2085 2677 nullo

499 2707 663 2763 modo
698 2694 958 2773 valeret,
997 2717 1178 2779 tamen
1237 2710 1500 2765 donorum
1547 2710 1737 2767 avidus
1791 2712 2089 2782 recipiebat

497 2797 702 2867 oblata,
729 2814 841 2854 sum
867 2800 1084 2870 quidem
1109 2800 1359 2857 avarieiae
1387 2802 1561 2874 magis
1586 2818 1748 2873 quam
1788 2803 1933 2859 illius
1955 2820 2103 2860 con-,

498 2886 683 2942 solens
727 2903 926 2951 causa.
981 2888 1039 2959 In
1086 2890 1239 2959 cujus
1282 2891 1503 2949 ferendo
1530 2890 1786 2965 suﬁragio
1821 2893 1947 2948 dum
1992 2894 2087 2963 ali-

2184 1725 2420 1782 quoque,
2465 1710 2676 1766 diutino
2708 1710 2901 1765 morbo
2945 1708 3219 1774 laborans,
3252 1707 3397 1763 diem
3436 1723 3548 1762 suae
3596 1718 3777 1767 voca-r

2183 1804 2346 1861 tionis
2371 1802 2714 1874 expectabat.
2755 1801 3031 1858 Walterus
3062 1816 3192 1856 vero
3240 1808 3351 1855 tam
3379 1800 3572 1861 sevitia
3598 1816 3789 1873 quam:

2184 1900 2376 1953 natura
2426 1897 2730 1967 patrissans
2775 1894 2945 1967 (242).
2990 1902 3199 1964 patrem
3245 1891 3409 1947 etiam
3459 1893 3779 1956 omnimodo

2184 1988 2443 2053 referens,
2473 1987 2734 2042 adversus
2764 1986 3081 2056 episcopum
3131 1984 3372 2039 insanire
3423 1998 3776 2059 nequaquam

2145 2074 2159 2085 ’
2187 2081 2455 2139 cessabat.
2495 2080 2811 2151 Egritudine
2852 2078 2997 2132 enim
3028 2076 3265 2146 episcopi
3302 2075 3590 2130 crescebat
3616 2075 3779 2136 Ἥξει-ε

2183 2175 2286 2229 teri
2324 2172 2602 2227 ferocitas.
2636 2170 2814 2238 Quare
2838 2168 3033 2240 praesul
3076 2184 3239 2238 saepe,
3288 2168 3532 2240 graviter
3566 2175 3787 2243 motus,

2184 2262 2524 2332 usurpatoris
2570 2250 2914 2316 insolentiam
2964 2259 3115 2330 virga
3176 2267 3451 2329 perpetua:
3507 2259 3777 2330 dampna-

2185 2352 2348 2408 tionis
2405 2350 2572 2405 ferire
2618 2348 2926 2419 disposuit,
2982 2347 3078 2403 sed
3141 2348 3499 2418 quorumdam
3546 2362 3780 2419 suorum

2184 2440 2476 2510 precibus,
2523 2452 2588 2493 ac
2654 2438 2908 2508 precipue
2974 2436 3187 2492 Seiheri
3242 2436 3547 2511 Lenensis,
3611 2437 3778 2507 hujus

2186 2530 2436 2585 videlicet
2485 2530 2707 2600 patrui,
2760 2528 2970 2594 flexus,
3018 2528 3350 2599 aliquamdiu
3395 2529 3624 2586 distulit.
3672 2530 3781 2589 Hic

2188 2617 2482 2686 Seiherus,
2532 2618 2792 2687 providus
2827 2616 3130 2682 consultor,
3182 2617 3394 2687 nepotis
3459 2619 3778 2690 superbiam

2187 2709 2347 2763 modo
2375 2722 2535 2778 prece
2570 2707 2728 2761 modo
2758 2708 3024 2760 minarum
3057 2705 3351 2775 asperitate
3394 2707 3776 2777 conprimens,

2187 2800 2327 2854 iram
2353 2813 2483 2853 vero
2524 2798 2759 2868 episcopi
2786 2798 2909 2867 jure
2955 2797 3245 2863 excitatam
3275 2812 3497 2873 precum
3545 2795 3779 2856 lenitate

2188 2888 2469 2943 humiliter
2490 2888 2717 2953 lactans,
2745 2902 2839 2941 eos
2861 2886 3116 2941 nimirum
3142 2888 3385 2956 pacavit;
3415 2902 3480 2942 eo
3507 2886 3780 2959 siquidem

498 2987 703 3047 quanto
741 2980 1001 3048 temporis
1064 2980 1416 3037 intentionem
1460 2984 1570 3052 spei
1619 2962 1991 3052 suspenderat,
2028 2985 2081 3040 in
2110 2980 2156 3041 C
2188 2988 2342 3049 pacto
2399 2988 2459 3030 ut
2483 2962 2763 3031 Walterns
2811 2989 2908 3044 pro
2936 2975 3203 3050 admissis,
3236 2975 3428 3046 νῖείηιῖ
3479 2976 3646 3033 libras
3686 2993 3779 3033 af-

497 3070 615 3139 ipsa
648 3069 780 3124 urbe
832 3079 1041 3142 turpem
1089 3073 1561 3130 conversationem
1600 3074 1825 3145 agebat,
1879 3084 2082 3131 etcum

497 3160 686 3231 Judeis
756 3164 970 3233 negotia
1036 3167 1343 3221 exercebat.
1403 3166 1620 3221 Interim
1675 3177 1853 3221 tamen
1922 3168 2085 3221 miser

497 3263 671 3307 morte
698 3237 1034 3327 praeventus,
1066 3255 1244 3319 divina
1296 3255 1499 3311 ultione
1544 3271 1853 3326 percussus,
1909 3259 2080 3328 input-

499 3332 679 3412 pitens
710 3358 808 3397 nec
836 3342 1119 3399 confessus
1148 3346 1290 3399 diem
1332 3346 1467 3403 obiit
1496 3346 1619 3417 (An.
1655 3348 1833 3415 1005).

570 3432 692 3486 H7.
722 3432 798 3495 De
826 3435 967 3487 obitu
991 3422 1214 3489 l'Valteri
1236 3436 1535 3490 castellani.
1568 3437 1781 3507 [nterea
1812 3439 2087 3495 Walterus

500 3524 832 3581 castellanos
858 3525 1008 3599 gravi
1035 3525 1254 3594 langore
1282 3537 1587 3596 correptus,
1619 3526 1760 3581 facta
1795 3529 2083 3598 legatione,

501 3615 811 3684 episcopum
842 3601 1094 3682 precatus
1148 3624 1232 3670 est
1265 3624 1325 3686 ut
1355 3616 1464 3669 filio
1491 3631 1591 3672 suo
1616 3616 1857 3672 Waltero
1883 3627 2084 3672 terram

501 3716 660 3759 suam
710 3702 1081 3771 beneﬁciaret,
1117 3704 1276 3772 eique
1322 3703 1464 3767 ﬁlius
1510 3706 1658 3761 salvo
1700 3721 1799 3760 usu
1847 3718 2085 3776 paternae

502 3794 824 3850 hereditatis
857 3794 1132 3849 militaret.
1161 3796 1462 3867 Episc0pus
1489 3812 1618 3851 vero
1643 3808 1798 3867 patre
1829 3799 2086 3857 intolera-

503 3885 596 3941 bili
624 3884 791 3938 filium
816 3884 1006 3954 procul
1028 3876 1505 3942 intolerabiliorem
1523 3886 1787 3954 futurum,
1812 3898 1871 3944 ut
1896 3898 2083 3958 postea

501 3974 1013 4052 probaviteventus,
1029 3976 1370 4043 existimans,
1391 3977 1535 4047 quod
1559 3977 1850 4049 rogabatur
1872 3981 2081 4048 abnuit;

505 4064 599 4125 sed
633 4074 811 4119 tamen
857 4065 1134 4136 paululum
1180 4064 1371 4133 ilexus,
1418 4068 1492 4123 ita
1539 4067 1811 4124 facturum
1857 4085 1917 4137 se
1961 4085 2083 4141 esse

505 4156 803 4227 respondit,
841 4142 884 4211 si
914 4157 1068 4227 prius
1110 4157 1159 4212 ei
1208 4159 1686 4226 praevaricationes
1738 4175 1872 4231 quas
1893 4171 2080 4215 contra

503 4248 801 4315 accelesiam
850 4257 905 4302 et
950 4264 1217 4319 pauperes
1259 4249 1460 4305 Christi
1514 4250 1718 4307 fecerat
1774 4267 1946 4322 usque
2012 4252 2079 4307 ad

2186 3078 2501 3139 genteorum
2534 3067 2857 3132 revadiaret,
2891 3081 2954 3119 ac
2980 3065 3196 3119 inantea
3228 3080 3286 3119 se
3310 3067 3622 3134 quieturum
3652 3081 3781 3123 esse

2186 3159 2550 3228 promitteret.
2587 3157 2797 3212 Deinde
2846 3155 3041 3225 praesul
3092 3156 3287 3211 blande
3323 3172 3387 3211 ac
3440 3157 3636 3212 leniter
3681 3174 3781 3214 ex-

2187 3253 2436 3306 hortatur
2501 3259 2557 3302 ut
2621 3249 2779 3303 ﬁdem
2825 3247 2983 3302 dictis
3030 3247 3324 3308 adhibeat,
3377 3256 3454 3318 et,
3506 3248 3550 3301 si
3599 3258 3782 3317 morte

2186 3349 2479 3415 proventus
2505 3338 2556 3392 in
2583 3340 2696 3408 ipso
2720 3337 2938 3407 langore
2955 3336 3227 3395 hominem
3251 3336 3448 3401 exiret,
3467 3336 3776 3392 accele'siam

2186 3429 2418 3484 fideliter
2448 3436 2502 3482 et
2540 3427 2770 3493 viriliter
2798 3434 2980 3480 teneat
3025 3424 3196 3480 donec
3242 3424 3381 3485 alter
3415 3432 3608 3495 pastor
3643 3439 3776 3491 sue-

2185 3520 2361 3574 cedat.
2391 3517 2504 3573 Hoc
2526 3527 2703 3572 autem
2729 3516 2869 3569 male
2890 3515 3234 3578 oblitterans,
3258 3513 3515 3568 subduxit
3534 3513 3774 3583 effectui,

2188 3610 2382 3665 Paucis
2433 3623 2665 3678 namque
2723 3608 2911 3661 diebus
2980 3607 3352 3674 interpositis,
3403 3605 3778 3663 invalescente

2187 3702 2417 3763 morbo,
2466 3699 2532 3752 ad
2582 3697 2988 3752 dissolutionem
3059 3697 3303 3765 corpOris
3354 3697 3591 3767 episcopi
3660 3708 3778 3761 tota

2187 3793 2380 3847 domus
2408 3789 2694 3860 increpuit,
2736 3789 2809 3841 ita
2858 3795 2917 3854 ut
2952 3796 3198 3841 mortuus
3225 3786 3355 3841 foris
3396 3789 3771 3844 estimaretur.

2184 3883 2386 3939 Audito
2422 3883 2699 3939 Walterus
2736 3883 2993 3939 continuo
3041 3881 3215 3947 betas,
3256 3897 3379 3936 eum
3425 3881 3779 3944 multitudine

2185 3991 2403 4031 suorum
2444 3983 2708 4040 armatus,
2736 3974 2925 4030 fractis
2957 3974 3164 4028 foribus
3202 3973 3396 4028 domos
3441 3971 3773 4035 clericorum

2182 4066 2501 4133 furilnmdus
2527 4067 2740 4136 irrupit,
2776 4081 2913 4136 quas
2939 4073 2993 4121 et
3018 4064 3224 4120 stabula
3260 4080 3477 4135 quoque
3530 4065 3778 4136 episcopi

2185 4159 2355 4225 raptis
2382 4152 2607 4212 caballis
2637 4156 2925 4227 direptioni
2957 4155 3200 4213 contulit.
3235 4156 3314 4213 Ad
3344 4154 3499 4223 cujus
3526 4155 3769 4210 furorem

2183 4247 2489 4317 episcopus,
2530 4244 2642 4313 jam
2672 4245 2892 4315 quidem
2940 4245 3305 4303 marcentibus
3336 4244 3527 4310 oculis,
3560 4244 3780 4301 viribus

506 4339 934 4403 satisfactionem
965 4340 1480 4411 emenifaret,immo
1503 4342 1744 4396 etvillam
1769 4341 2084 4410 Salliacum,
2113 4340 2165 4400 Ι)
2191 4337 2485 4401 destitutis,
2519 4351 2642 4391 cum
2675 4335 2840 4391 nimia
2878 4332 3197 4389 difﬁcultate
3245 4349 3407 4389 aures
3458 4334 3773 4398 intendens,

506 4444 667 4499 quam
697 4430 864 4486 invito
891 4430 1144 4501 episcOpo
1170 4433 1410 4509 tenebat,
1438 4434 1703 4490 redderet.
1731 4433 1900 4488 Porro
1924 4433 2082 4488 istam

507 4517 690 4570 villam
741 4534 852 4572 sum
891 4519 1041 4590 (259)
1070 4522 1228 4574 uxori
1274 4522 1381 4577 hoc
1425 4532 1583 4591 pacto
1627 4524 1896 4599 prmstitit,
1930 4534 1987 4578 ιιι
2030 4525 2081 4579 ei

508 4604 658 4676 (210)
686 4605 934 4662 femineis
962 4611 1218 4677 Operibus
1263 4612 1582 4679 deserviret,
1617 4614 1807 4684 suique
1854 4615 2084 4669 seniosis

506 4698 656 4771 (241)
687 4698 889 4753 malitia
920 4699 1245 4770 quiesceret.
1278 4703 1476 4759 Veram
1506 4705 1630 4774 quia
1682 4706 1922 4776 pontifex
1970 4706 2085 4777 ipse

504 4789 751 4845 neutrius
776 4788 943 4843 ullam
970 4793 1429 4849 eonmutationem
1447 4796 1698 4863 habebat,
1724 4795 1774 4855 id
1804 4805 1885 4851 est
1911 4812 2085 4866 neque

510 4890 650 4951 uxor
691 4880 1019 4957 promissum
1063 4883 1383 4955 obsequium
1434 4886 1745 4951 exhibebat,
1781 4902 1953 4957 neque
1978 4888 2082 4941 viri

2191 4429 2293 4485 sibi
2329 4429 2503 4484 adhuc
2544 4427 2749 4483 viventi
2796 4425 3044 4481 insultari
3086 4426 3195 4481 alto
3238 4426 3472 4495 suspirio
3532 4426 3781 4503 graviter

2191 4520 2488 4584 infremuit,
2520 4520 2876 4588 manibusque
2922 4518 3195 4587 paululum
3249 4518 3366 4572 celo
3423 4518 3665 4581 directis,
3698 4517 3780 4570 la-

2194 4623 2402 4668 tronem
2447 4614 2591 4667 hunc
2640 4612 2693 4679 in
2739 4612 2825 4671 die
2854 4611 3074 4665 ultionis
3115 4626 3300 4664 eorum
3332 4624 3546 4665 summo
3588 4609 3778 4678 judice

2192 4705 2696 4774 condempnandum
2739 4705 3019 4766 invocans,
3052 4704 3276 4772 pos:hac
3306 4716 3430 4756 cum
3478 4701 3581 4755 hac
3627 4699 3772 4753 indi-

2192 4797 2448 4870 gnatione
2484 4796 2517 4849 5
2544 4795 2722 4849 Nonas
2778 4793 3059 4855 Februarii
3084 4794 3335 4863 spiritum
3361 4790 3599 4856 exalavit
3621 4790 3775 4864 (245)

2194 4890 2306 4959 (an.
2343 4887 2524 4959 tota).
3122 4872 3125 4879 ’

480 4972 496 5038 .1
544 4972 547 4975 ’
720 5062 725 5067 ἡ
1791 4999 2023 5055 \‘AltlZE
2063 4999 2466 5069 LECTIONES.

578 5105 646 5147 ⁸⁰⁷
672 5104 957 5175 Sequenlia
980 5123 1141 5176 usque
1162 5107 1232 5161 ad
1252 5084 1410 5179 ﬁnem
1433 5110 1618 5181 capitis
1647 5122 1834 5165 ατη-ιον
1871 5113 1979 5182 ipse
2012 5113 2065 5164 in
2096 5112 2330 5181 margine
2355 5109 2629 5180 supplevit.
2694 5108 2764 5146 ’θα
2789 5109 2929 5172 deest
2953 5107 3004 5179 1.

582 5333 728 5358 [nam
769 5333 947 5358 ..1.1...ιξ
981 5335 1014 5358 L‘
1079 5334 1256 5358 1724--.!
1291 5334 1635 5358 IY!...I_-_-_-'.

2021 5223 2227 5280 NOTAE
2241 5265 2254 5278 .

2270 5335 2411 5358 Inll\
2450 5334 2467 5358 Ι
2521 5350 2543 5358 Α
2599 5332 2777 5358 ...ιι-,ξιξ
