4052 5358
256 130 344 188 121

1586 131 1786 188 LIBER
1821 133 2198 192 SECUNDUS;

3412 143 3516 198 £22

323 247 443 302 "9.
478 244 562 301 De
588 244 939 300 tumulatione
965 245 1214 316 episcopi.
1239 243 1449 302 Interea
1482 247 1594 302 suis
1627 263 1838 303 meren~
1868 257 1912 314 Α
1945 252 2170 308 miseros
2200 265 2258 306 se
2289 266 2393 306 non
2441 252 2639 306 habere
2686 253 3126 320 patronumﬁsed
3159 256 3514 324 expilatorem

258 337 393 392 tibus
422 333 593 389 [unus
637 334 910 406 exequiali
942 334 1089 390 cultu
1137 346 1379 405 paratur,
1426 353 1730 407 corpusque
1783 339 1835 393 in

257 425 590 482 monasterio
610 435 817 481 sanetae
840 424 1024 479 Maria:
1043 425 1114 458 ³⁸⁸
1139 441 1261 481 cum
1285 427 1464 480 debita
1487 430 1838 483 veneratione

258 515 512 571 defertur.
543 516 604 569 ln
636 514 796 582 cujus
827 515 1164 584 depositione
1209 518 1410 571 celeris
1451 517 1834 586 bejulantibus,

257 608 531 662 Walter-us
561 624 674 677 pra:
698 609 898 677 gaudio
933 617 1283 677 perstrepens
1307 607 1658 669 debaebatur.
1697 618 1839 666 totus

255 698 522 767 siqui.1em
555 697 852 767 direptioni
879 707 933 752 et
963 696 1266 752 latrociniis
1299 698 1531 754 deditus.
1557 699 1838 756 Postremo

255 806 398 852 vero,
426 805 500 848 ne
533 788 695 858 ettjiis
743 789 998 856 nequitiae
1043 804 1214 858 genus
1247 791 1695 858 pretermitteret,
1722 791 1840 847 Sei-

253 883 382 936 ltero
407 880 704 937 fratresibi
721 882 984 944 adhibito,
1006 881 1060 935 in
1078 882 1464 937 monasterium
1487 883 1576 938 ubi
1599 886 1841 954 exequiae

254 972 608 1026 ﬁebantcum
644 971 832 1026 furore
883 981 1128 1026 armatus
1173 972 1466 1036 concessit,
1515 981 1591 1038 et,
1641 973 1841 1030 nullius

253 1066 573 1119 rcverent'aa
645 1063 844 1119 i~..tuitu
915 1077 1241 1130 revocatus,
1291 1066 1603 1136 capellanos
1654 1069 1840 1124 ultima

252 1158 509 1225 obsequia
556 1158 850 1212 reddentcs
891 1159 1086 1213 stricto
1132 1159 1312 1228 gladio
1357 1175 1528 1228 usque
1576 1160 1640 1214 ad
1671 1161 1841 1216 alt-tre

254 1257 454 1300 suam
502 1246 689 1300 Maria!
739 1247 1033 1302 miserabili
1085 1249 1397 1317 spectaculo
1439 1249 1714 1318 cﬂ'ugavit.
1747 1249 1841 1305 llis

255 1336 324 1389 ita
365 1337 605 1392 turbatis
654 1337 991 1407 sepulturam
1036 1339 1274 1403 distulit,
1317 1341 1489 1396 donec
1538 1342 1839 1401 [tit-bardus

255 1438 703 1500 lii-rememoratus
733 1429 901 1482 abbas
932 1429 1307 1484 Atrebatensis
1335 1431 1567 1485 cmnobii
1596 1432 1838 1497 veniens,

257 1520 306 1571 in
345 1521 680 1576 monasterio
707 1521 882 1577 sancti
913 1522 1161 1576 Autberti
1194 1522 1261 1577 ad
1308 1522 1679 1592 aquilonarem
1732 1524 1835 1593 plac

257 1628 368 1682 gain
399 1612 715 1666 tumulavit.

319 1703 447 1757 120.
486 1703 566 1758 De
608 1704 794 1758 εει-ἰείη
835 1702 1079 1757 Walten‘.
1123 1703 1242 1759 Jam
1274 1718 1405 1758 vero
1450 1701 1664 1758 diliicile
1692 1703 1838 1756 dictu

251 1805 332 1847 est
367 1810 533 1864 quam
563 1795 748 1864 gravis
771 1803 1068 1863 tempestas
1081 1795 1335 1849 desolate
1351 1793 1555 1848 civitati
1573 1792 1836 1854 incubuit,

250 1893 455 1952 quanta
509 1886 664 1938 ruina
715 1884 795 1938 rei
863 1883 1089 1954 publica:
1145 1893 1348 1939 statum
1401 1883 1650 1939 involvit.
1701 1881 1840 1936 Nam

252 1978 555 2039 Walterus,
595 1977 763 2032 totius
796 1978 1136 2046 tempestatis
1179 1978 1424 2041 materia,
1475 1976 1618 2032 intra
1651 1974 1839 2029 urbem

251 2070 490 2134 ingenita
561 2069 842 2123 ferocitate
901 2070 1180 2134 seviebat,
1234 2071 1445 2138 sibique
1513 2069 1582 2123 ad
1633 2077 1838 2123 tantam

250 2161 515 2215 malitiam
573 2161 893 2216 Rotbertum
944 2162 1335 2218 Perroncnscm
1383 2163 1715 2225 adsciscens,
1745 2162 1842 2215 do-

251 2269 398 2316 mum
426 2253 794 2322 episcopalem
842 2253 1048 2308 alienus
1093 2255 1255 2309 lieres
1288 2270 1555 2324 occupare
1583 2270 1844 2322 przcsnm-

251 2347 378 2414 psit.
413 2346 515 2409 Qui
565 2345 738 2414 magis
785 2345 1066 2414 magisque
1107 2343 1387 2410 efferatus,
1425 2345 1621 2416 patriis
1655 2344 1843 2399 usibus

253 2438 557 2500 temeratis,
593 2437 964 2492 intolerabiles
1013 2437 1241 2506 injurias
1271 2439 1489 2494 miseris
1512 2440 1760 2494 exercuit
1783 2439 1839 2492 in

251 2528 478 2581 civibus.
520 2528 624 2594 Qui
655 2529 802 2583 enim
835 2529 1119 2598 pecuniam
1148 2545 1253 2584 non
1287 2530 1474 2594 dabat,
1511 2530 1564 2586 in
1611 2531 1842 2585 vinculis

250 2619 590 2686 rapiebatur.
626 2616 737 2672 Nec
777 2618 958 2672 minus
993 2619 1158 2672 etiam
1191 2627 1441 2688 raptores
1469 2620 1668 2682 exteri,
1697 2619 1842 2674 lihe-

249 2727 362 2764 mn
413 2711 516 2763 sibi
568 2709 934 2765 latrocinandi
984 2711 1339 2765 securitatem
1393 2711 1445 2764 in
1493 2709 1842 2766 defunctiozze

247 2802 484 2869 episcopi
517 2809 930 2869 praesumentes,
966 2801 1114 2856 circa
1141 2802 1395 2860 viciniam
1426 2803 1838 2872 grassabantur,

247 2891 650 2948 labefartabant
713 2894 918 2949 omnia.
991 2893 1144 2960 Quod
1193 2909 1356 2963 quam
1414 2894 1486 2949 sit
1546 2894 1832 2964 iniquum,

243 2982 448 3051 judicio
476 2984 726 3038 omnium
756 2984 1005 3052 relinquo
1032 2983 1396 3039 estimandum
1429 2998 1444 3036 :
1487 2984 1659 3053 ipsum
1689 2985 1836 3039 vide-

249 3073 389 3136 licet,
423 3087 483 3128 ut
525 3075 1009 3144 dominum,juxta
1053 3077 1335 3132 libidinem
1378 3086 1573 3131 cuncta
1622 3091 1834 3146 rapere,
1885 3100 1891 3106 -

248 3181 347 3219 nec
393 3167 464 3218 ab
511 3166 636 3220 aliis
679 3167 875 3221 saltem
921 3167 1273 3236 praedonibus
1311 3167 1615 3223 defensare.
1670 3167 1838 3223 Nemo

248 3257 405 3309 etiam
442 3255 511 3309 ab
537 3257 754 3324 injuriis
781 3255 1009 3312 Walteri
1035 3257 1350 3320 feriabatur,
1383 3257 1482 3311 nisi
1514 3257 1604 3325 qui
1629 3272 1750 3310 cum
1772 3271 1838 3310 eo

248 3347 437 3415 quovis
487 3350 652 3402 modo
701 3349 908 3402 semire
953 3349 1257 3402 videbatur.
1306 3349 1645 3402 Domesticos
1708 3362 1840 3402 sane

249 3438 686 3506 exsumptttabat,
710 3437 1073 3508 locupletabat
1096 3437 1520 3508 alienigenas,ut
1543 3451 1836 3508 percarum

249 3526 450 3582 scilicet
510 3528 948 3596 predicationem
1016 3530 1068 3583 in
1123 3530 1389 3585 barbaros
1446 3546 1616 3599 usque
1687 3531 1840 3583 bona;

247 3618 514 3684 opinionis
564 3619 797 3686 gloriam
847 3631 1196 3690 propagaret.
1255 3621 1602 3677 Creberrime
1655 3623 1841 3690 deplo-

249 3709 473 3776 rantium
505 3711 713 3767 civium
743 3714 1168 3783 conquestiones
1195 3714 1428 3769 invicem
1458 3714 1836 3778 coufetatntur,

1938 343 2236 411 publicum;
2274 343 2476 396 nullum
2504 341 2649 395 aliud
2673 343 2773 397 sibi
2804 343 3042 398 futurum
3071 347 3366 402 remedium
3411 349 3514 403 nisi

1939 433 2153 503 longius
2180 434 2361 502 aliquo
2390 432 2704 488 secederent
2734 444 2786 488 et
2821 444 2982 492 tanta:
3019 435 3206 492 bestia:
3235 437 3404 492 fumri
3433 439 3517 494 vel

1940 523 2062 593 fuga
2122 532 2522 578 exemercntur.
2573 523 2756 578 Videri
2813 527 2956 579 enim
3022 527 3125 582 sibi
3179 529 3517 585 tolerabilius

1938 616 2166 685 quodvis
2193 615 2433 679 exilium,
2463 631 2625 685 quam
2662 617 2992 672 domicilium
3019 619 3373 674 domesticum
3423 623 3515 677 ubi

1940 705 2056 758 dies
2088 705 2140 758 iu
2166 705 2490 774 direptione,
2533 715 2723 762 noctes
2751 723 2878 762 vero
2909 710 3284 780 transiguntur
3315 711 3366 765 in
3403 711 3516 765 for-

1940 795 2162 852 Inidine.

2015 887 2136 941 1‘21.
2173 884 2274 940 Ubi
2314 886 2562 942 Seihcrus
2590 887 2756 957 frater
2780 887 3004 943 Walteri
3035 891 3100 943 ab
3140 890 3390 961 episcopii
3428 907 3518 961 τρο

1939 979 2151 1033 decidit.
2200 977 2269 1032 Ut
2323 981 2485 1032 etiam
2535 978 2842 1033 liberiorem
2903 980 3070 1034 furori
3136 983 3516 1038 auctoritatem

1940 1083 2067 1138 para
2080 1077 2178 1126 ret.
2204 1078 2524 1137 pnesumpta
2555 1069 2935 1123 adiuvet‘nione
2980 1069 3262 1125 Seiherum
3291 1073 3516 1128 fratrem

1940 1159 2007 1213 ad
2037 1159 2415 1226 imperatorem
2447 1157 2614 1222 misit,
2649 1159 2925 1227 pontiﬁcio
2959 1161 3376 1217 sublimandum.
3411 1162 3516 1230 Qui

1941 1264 2070 1302 vero
2114 1249 2165 1302 in
2201 1249 2318 1317 ipso
2367 1263 2627 1318 processu
2669 1249 2880 1304 itineris
2925 1251 3110 1305 audito
3157 1253 3308 1323 (244)
3359 1253 3518 1308 alteri

1941 1341 2221 1406 collatum,
2261 1356 2355 1411 spe
2400 1342 2620 1411 quidem
2670 1340 2984 1410 frustratus,
3033 1347 3101 1401 ad
3149 1361 3244 1401 sua
3270 1361 3520 1403 reversus

1938 1445 2016 1490 98'
2028 1475 2040 1489 .
2972 1449 2981 1462 ‘

2013 1529 2132 1585 122.
2166 1529 2242 1583 Ab
2271 1529 2552 1583 ambitione
2591 1545 2793 1599 quoque
2824 1529 2984 1598 hujus
3038 1529 3285 1600 epist-apii
3333 1529 3524 1602 legatio

1869 1594 1914 1654 Β
1945 1621 2147 1677 Azelim'
2185 1620 2427 1691 pellitur;
2483 1594 2719 1673 Gerardo
2757 1594 3008 1674 traditur.
3041 1594 3121 1676 Ad
3159 1594 3262 1676 hoc
3307 1594 3528 1693 quoque

1939 1712 2196 1768 Azelinus
2215 1711 2652 1766 ambitiosissime
2670 1710 2780 1779 jam
2802 1709 2998 1763 dudtnn
3027 1711 3338 1775 anhelabat,
3361 1727 3522 1780 quem

1941 1812 2061 1874 post
2091 1801 2350 1856 Rotbardi
2379 1801 2661 1856 decessum
2693 1799 2893 1870 Sophia
2923 1800 3141 1857 favente
3190 1802 3521 1870 episcopatui

1942 1894 2181 1948 inhiasse
2212 1893 2547 1962 prediximus
2575 1891 2643 1961 (c.
2671 1891 2816 1960 “0).
2851 1891 2955 1958 Qui
2985 1892 3148 1945 etiam
3181 1891 3343 1960 paulo
3371 1899 3528 1946 ante-

1941 2000 2102 2054 quam
2131 1984 2362 2038 domnus
2393 1982 2712 2037 Erluwinus
2742 1997 2810 2036 ex
2860 1981 2963 2037 hoc
2988 1983 3174 2036 seculo
3207 1982 3522 2044 decederet.

1941 2091 2052 2131 sua:
2083 2074 2366 2129 ambitioni
2409 2073 2696 2129 consulere
2722 2073 3005 2139 estimans,
3036 2088 3163 2127 suos
3209 2073 3524 2142 imperatori

1941 2164 2148 2234 legatos
2171 2164 2404 2235 dirigere
2434 2163 2731 2226 festinatit,
2755 2176 2854 2232 per
2887 2177 3025 2231 quos
3056 2160 3171 2228 ejus
3212 2162 3517 2216 benivolen-

1943 2258 2070 2311 tiam
2116 2257 2347 2312 fortasse
2381 2264 2662 2325 empturus
2723 2253 2791 2308 ad
2829 2253 3088 2322 episcopii
3121 2254 3522 2322 prerogativam

1943 2348 2296 2418 pet-lingeret.
2330 2341 2864 2416 llujusitaquejussa
2892 2353 3244 2410 exequantes,
3279 2342 3514 2411 impera-

1943 2441 2077 2496 toris
2133 2439 2474 2510 prtescntiam
2509 2435 2748 2508 aggressi
2779 2443 2935 2499 sunt;
2963 2434 3332 2502 domnumque
3361 2432 3522 2487 Erlu-

1940 2533 2142 2595 winnm
2171 2531 2329 2584 morti
2353 2528 2590 2584 vicinum
2623 2527 2959 2588 intimantes,
2989 2525 3275 2596 promissis
3304 2525 3521 2597 magnis

1942 2623 2255 2677 muneribus
2289 2620 2486 2673 donum
2517 2617 2776 2687 episcopii
2810 2614 3411 2684 Azelinocxpostulant,
3441 2622 3524 2684 ut,

1940 2714 2084 2788 quod
2130 2721 2246 2781 post
2287 2709 2624 2770 liotbartlum
2663 2709 3000 2777 nequiverat,
3044 2707 3234 2761 saltem
3268 2713 3390 2774 post
3426 2703 3524 2758 Er-

1942 2803 2147 2857 luinum
2179 2802 2454 2870 inpetrare
2500 2814 2659 2869 posse
2685 2816 2743 2852 se
2775 2797 3024 2867 gaudeat.
3074 2796 3174 2860 Oui
3209 2812 3327 2849 cum
3363 2793 3527 2850 linem

1942 2894 2179 2968 episc0pi
2210 2903 2502 2963 expectare
2530 2891 2704 2962 rogati
2726 2906 2850 2946 cum
2874 2890 3208 2958 aliquantula
3243 2904 3338 2958 spe
3372 2904 3526 2958 repa-

1945 2987 2194 3050 triarent,
2214 2977 2798 3054 inter'repatriandum
2834 2981 3100 3052 siquidem
3132 2981 3524 3050 depositionem

1945 3075 2149 3132 Erluini
2173 3075 2476 3139 audientes,
2502 3074 2696 3128 iterum
2729 3088 2979 3129 remenso
3007 3073 3198 3126 itinere
3234 3072 3530 3140 imperato-

1945 3185 2061 3223 rem
2089 3168 2358 3228 adierunt,
2393 3166 2790 3236 prtesulemque
2833 3164 3147 3219 defunctum
3192 3165 3527 3226 nuntiantes,

1943 3259 2141 3316 oblatis
2167 3257 2430 3329 preciosis
2461 3257 2776 3311 muneribus
2828 3256 3025 3310 donum
3052 3254 3275 3309 honoris
3303 3252 3533 3308 Azelino

1945 3351 2144 3408 obnixe
2175 3356 2560 3420 poposcerunt.
2597 3347 2692 3402 liis
2737 3356 2920 3401 autem
2973 3345 3221 3416 repulsis,
3251 3343 3533 3400 communi

1946 3457 2168 3498 suorum
2207 3457 2337 3496 usus
2363 3439 2616 3503 consilio,
2651 3440 2832 3508 potius
2875 3437 3176 3493 Gerardum
3229 3452 3384 3502 suum
3437 3450 3530 3490 ca-

1946 3535 2213 3604 pollonum
2245 3533 2517 3587 estinmvit
2566 3533 2876 3589 donandum
2938 3532 3046 3605 (an.
3100 3529 3377 3602 l0l2),de
3425 3542 3538 3608 quo

1951 3629 2004 3682 in
2047 3629 2208 3682 tertio
2231 3627 2372 3682 libro
2399 3625 2731 3682 narrabitur.

981 3846 1298 3907 EXPLICIT
1332 3848 1538 3903 LIBER
1577 3847 1840 3904 PRIMUS
1874 3847 1963 3904 DE
1999 3847 2247 3904 GESTIS
2275 3845 2783 3905 EPISCOPORUM.

1309 3997 1775 4138 INCIPIT
1846 4046 2460 4136 SECUNDUS

873 4245 967 4313 DE
1033 4243 1500 4311 MONASTERIIS
1559 4239 1724 4310 QUAS
1785 4240 1996 4296 INFRA
2053 4236 2466 4296 EPISCOPIUM
2525 4233 2911 4292 CONSTANT.

849 4422 1246 4493 PRAEFATIO.

318 4521 391 4574 De
417 4523 586 4593 gestis
617 4522 1008 4590 episcoporum
1055 4529 1215 4589 prout
1247 4517 1509 4572 memoria
1538 4513 1841 4572 occurrerit

245 4614 312 4644 ²¹⁶
341 4615 590 4678 ιῐίςιο,θῑ
643 4617 714 4668 de
759 4613 994 4666 diversis
1065 4626 1253 4668 eorum
1311 4610 1542 4672 actibus,
1574 4594 1858 4679 quantum'

245 4709 465 4762 ariditas
515 4707 779 4779 ingenioli
827 4705 1050 4776 patitur,
1081 4719 1254 4775 usque
1295 4704 1361 4758 ad
1405 4705 1838 4774 postremitatem

247 4799 390 4869 (ii-'5)
420 4802 602 4856 domui
631 4799 867 4856 Gcrardi
897 4798 1158 4868 episcOpi,
1187 4797 1281 4866 qui
1315 4812 1458 4851 nunc
1489 4805 1593 4859 est,
1628 4807 1838 4866 pertra-

245 4872 416 4959 cmto,
445 4886 656 4962 prinius
681 4893 825 4948 liber
846 4891 1003 4946 linem
1032 4889 1363 4962 expostulat.
1396 4888 1682 4944 Secundus
1707 4902 1838 4942 vero

1869 4405 1924 4466 ἶ)
1950 4427 2010 4472 ut
2053 4419 2120 4473 ab
2153 4418 2269 4488 ipso
2305 4417 2506 4472 domno
2554 4414 2806 4486 episcopo
2848 4393 3092 4482 incipiat,
3139 4411 3354 4466 videtur
3401 4409 3536 4467 ordo

1946 4515 2185 4583 exigere.
2218 4512 2322 4568 Sed
2345 4553 2361 4579 ,
2389 4528 2454 4567 eo
2477 4511 2544 4565 ad
2587 4520 2796 4576 tempus
2833 4507 3044 4569 relicto,
3075 4505 3142 4559 de
3187 4505 3538 4568 monasteriis
3603 4569 3608 4573 η

1946 4623 2069 4676 qua:
2110 4607 2246 4662 infra
2295 4607 2556 4661 ditionem
2606 4601 2868 4670 episcopii
2917 4608 3066 4659 sunt,
3126 4597 3266 4659 facta
3321 4597 3537 4662 interim

1945 4701 2154 4756 ordinis
2208 4699 2606 4768 interruptione
2654 4694 2996 4748 decrevimus
3047 4691 3341 4753 disserere,
3384 4706 3540 4744 Ilion.-

1946 4805 2184 4850 strantes
2225 4810 2353 4848 sane
2396 4792 2484 4862 qui
2525 4791 2698 4850 locus,
2733 4788 2826 4858 qui
2857 4788 3278 4852 cultus,~qua:ve
3317 4792 3544 4843 sanctos

1946 4902 2071 4942 rum
2119 4901 2388 4956 corpora,
2444 4881 2530 4936 vel
2579 4879 2734 4951 cujus
2780 4881 2999 4952 generis
3049 4883 3176 4931 sunt
3216 4872 3545 4937 servientes,

1547 5000 1784 5057 VARUE
1827 5000 2233 5060 LECTIONES.

306 5121 378 5153 ²⁹⁹
402 5121 681 5175 memoria:
717 5119 771 5173 1.
845 5119 911 5151 ²²⁶
945 5120 1177 5178 occurrit
1205 5118 1260 5173 6.

1775 5227 2010 5286 NOT/E.
