4052 5358
531 250 636 305 ηδ

1480 252 1706 309 GESTA
1739 247 2154 309 PONTIFICUM
2185 248 2794 312 CAMERACE'NSIUM.

3691 261 3800 318 124

529 364 736 440 Dicturi
775 365 959 433 itaque
985 363 1053 418 de
1091 366 1337 436 singulis,
1370 383 1398 420 a
1441 368 1774 422 monasterio
1832 368 2002 422 beatae
2044 376 2098 420 et
2131 368 2179 426 Α
2207 372 2353 418 malo
2381 364 2527 436 (218)
2562 382 2732 436 usque
2755 368 2824 422 ad
2853 367 3408 441 locumcampanarii
3433 381 3642 430 vastam
3659 390 3790 434 eum

527 455 776 524 gloriosa:
802 457 892 513 Dei
923 458 1202 529 genitricis
1225 458 1405 514 Maria:
1426 461 1708 515 exordium
1730 463 2030 532 capiamus,
2055 473 2112 519 ut

527 548 670 615 quod
698 550 946 605 videlicet
991 551 1209 619 capitali
1258 553 1412 606 titulo
1441 555 1640 608 ceteris
1679 567 1883 624 prestat
1908 558 1996 623 ’“,
2021 573 2112 613 ce-

527 643 660 697 teris
688 644 851 696 etiam
879 644 1002 713 jure
1032 645 1361 715 preferatnr.

599 734 652 788 ‘l.
697 734 878 789 Primo
902 736 966 788 de
988 738 1308 792 monasterio
1343 750 1540 793 sancta'
1569 740 1778 805 Μανία»,
1813 753 1860 796 et
1890 743 1954 795 de
1979 761 2110 814 quo-

526 823 650 877 dam
680 825 888 880 homine
914 826 1040 880 inibi
1080 826 1372 896 periclitata
1402 839 1448 882 et
1484 839 1661 898 postea
1696 834 1970 900 sospitate.
2016 833 2110 887 Ni-

528 915 724 969 mirum
758 916 857 970 iste
909 917 1057 972 locus
1085 919 1153 950 ²¹¹
1185 919 1382 973 divinis
1413 921 1689 976 miraculis
1723 925 1789 976 ad
1817 923 2028 977 laudem
2055 933 2109 980 et

531 1005 795 1060 honorem
852 1007 1039 1063 Matris
1070 1009 1281 1064 Domini
1313 1011 1631 1082 plerumque
1659 1015 1963 1069 audivimus
1992 1017 2110 1070 illn-

529 1098 732 1163 strari;
772 1100 865 1154 sed
912 1115 1009 1168 per
1067 1103 1449 1173 negligentiam
1502 1106 1824 1175 scriptorum
1867 1109 2108 1164 obsoleta

523 1191 798 1244 memoriae
819 1191 1063 1248 subtrahi
1093 1195 1442 1251 condolemtts
1472 1198 1561 1252 ¹¹³.
1595 1198 1703 1254 Nos
1722 1209 1900 1254 autem
1936 1217 2104 1271 pauca

524 1277 592 1333 de
632 1277 836 1342 multis,
877 1297 998 1350 quae
1022 1293 1164 1338 auta
1191 1284 1497 1341 videntibus
1551 1289 1861 1358 accepimus
1890 1300 1981 1345 aut
2005 1292 2103 1362 ipsi

524 1384 696 1437 nuper
721 1371 970 1436 vidimus,
1006 1384 1182 1430 tacere
1231 1393 1338 1432 non
1388 1380 1641 1449 patimur.
1681 1381 1814 1436 Nam
1863 1395 2106 1455 tempore

523 1456 735 1514 Erluini
793 1463 1031 1534 episcopi
1085 1465 1281 1522 accidit
1339 1477 1392 1522 ιιι
1467 1471 1686 1540 quidam
1739 1477 2104 1532 cemeutarins

522 1554 636 1609 sive
660 1559 1054 1626 carpentarius,
1075 1559 1345 1617 Helft'idus
1369 1566 1606 1631 nomine,
1631 1568 1883 1640 exigente
1914 1571 1988 1624 rei
2009 1587 2101 1625 ne-

523 1648 780 1704 cessitate
806 1653 1212 1720 campanarium
1241 1658 1552 1711 monasterii
1585 1657 1744 1729 hujus
1789 1661 2097 1725 scanderet,

521 1737 657 1804 pede
687 1751 816 1792 vero
842 1737 1058 1794 fallente
1088 1757 1185 1812 per
1211 1743 1417 1799 lubrica
1446 1745 1649 1817 lapsus,
1677 1749 2014 1806 semianimis
2042 1753 2096 1807 in

522 1824 643 1894 ipso
672 1828 840 1884 choro
911 1831 1095 1887 multis
1148 1838 1518 1904 spectantibus
1578 1839 1728 1896 humi
1797 1855 2099 1911 corrueret,

520 1927 673 1974 tanto
701 1935 834 1993 sane
860 1923 1062 1994 impetu
1094 1926 1399 1996 devolutus,
1423 1933 1554 1988 utsi
1584 1933 1707 2004 quis
1733 1936 1936 1992 ariolus
1969 1953 2096 1992 eum

518 2010 792 2068 victurum
821 2014 961 2072 forte
985 2020 1352 2089 promitteret,
1381 2025 1616 2081 scissura
1647 2025 1826 2082 etlossi
1853 2028 1921 2060 ⁸⁸⁸
1944 2030 2097 2101 pavi-

518 2102 708 2194 menti,
750 2106 840 2162 ubi
893 2110 1111 2178 cecidit,
1151 2114 1456 2186 presagium
1487 2119 1678 2187 procul
1733 2121 1898 2176 dubio
1939 2138 2099 2194 posse

518 2193 767 2253 refellere
803 2199 1100 2260 videretur.
1143 2204 1436 2262 Dissolutio
1465 2210 1610 2264 enim
1635 2193 1952 2280 pavimenti,
1975 2229 2096 2285 qua:

517 2285 610 2340 diu
633 2286 808 2355 aﬂuit,
831 2293 1137 2348 testabatur
1162 2295 1532 2355 difﬁcultatem
1560 2302 1807 2370 periculi,
1833 2313 2096 2360 mortem-

515 2393 622 2448 que
651 2380 882 2437 vicinam
915 2384 1202 2456 desperata
1236 2391 1459 2446 omnino
1495 2393 1668 2450 salute
1709 2397 1889 2466 potius
1926 2401 2094 2454 vada-

513 2469 694 2526 batur.
746 2472 826 2529 Ad
883 2475 1028 2532 hunc
1080 2493 1204 2534 mox
1257 2480 1549 2550 derepente
1601 2500 1722 2539 cum
1778 2497 2000 2556 stupore
2037 2497 2094 2543 ct

514 2561 708 2618 aﬂectu
736 2566 986 2624 humana:
1026 2571 1392 2630 miserationis
1420 2581 1782 2646 concurritur,
1814 2591 1868 2636 et
1895 2583 1947 2636 in
1981 2593 2089 2638 tam

513 2651 693 2706 subito
727 2669 858 2710 casu
889 2659 1272 2716 miserabiliter
1293 2665 1632 2722 condoletur.
1667 2669 1835 2740 Hujus
1858 2687 1984 2728 vero
2010 2672 2092 2726 fa-

507 2743 748 2800 miliares
777 2763 1000 2806 maerore
1025 2751 1222 2818 affecti,
1256 2755 1539 2812 Dominum
1576 2761 1727 2815 triste
1752 2762 2089 2829 incusabant,

509 2850 575 2890 ac
603 2838 836 2892 maxime
871 2841 923 2894 iu
949 2852 1190 2898 sanctam
1224 2846 1448 2902 Mariam
1479 2851 1753 2920 eulogiose
1801 2855 1951 2924 (2M3)
1982 2856 2088 2912 fre-

511 2926 753 2993 mebant,
778 2930 1022 2990 dicentes
1051 2955 1066 2989 :
1103 2955 1120 2988 ι
1154 2937 1330 3005 Quare
1359 2941 1430 2995 illi
1459 2943 1777 3015 obsequium
1817 2949 2085 3015 exhiberi,
2141 3015 2146 3019 ν

508 3032 627 3086 quae
656 3021 982 3078 servientem
1011 3028 1110 3082 sibi
1142 3030 1433 3099 periclitari
1471 3036 1763 3112 sustinuit?
1797 3057 1813 3089 ι
1846 3039 2084 3108 Denique
2119 3075 2160 3131 Ο

508 3113 877 3180 apprehensus
903 3118 955 3171 in
985 3118 1124 3174 lecto
1147 3123 1380 3191 ponitur,
1408 3141 1472 3178 ac
1503 3142 1608 3181 non
1641 3143 1733 3196 spe
1755 3130 1963 3196 salutis,
1994 3132 2086 3186 sed

508 3205 690 3270 potius
720 3205 912 3262 all'ectu
946 3210 1301 3268 humanitatis
1329 3217 1742 3273 medicinalibus
1773 3225 1921 3278 curis
1967 3225 2088 3278 dili-

507 3303 698 3364 genter
725 3304 779 3350 et
808 3297 1027 3368 inpense
1055 3307 1393 3376 perungitur,
1435 3309 1802 3381 paulatimque
1852 3315 2081 3383 refotus,

504 3395 692 3454 postea
732 3397 910 3446 tamen
957 3395 1166 3450 meritis
1214 3399 1377 3453 credo
1431 3412 1630 3458 sanctre
1661 3402 1843 3460 Maria:
1884 3406 2083 3463 subve-

502 3476 772 3533 nientibus
799 3482 957 3538 saluti
989 3487 1294 3551 restitutus,
1329 3490 1486 3560 longo
1516 3503 1636 3560 post
1665 3505 1905 3564 tempore
1929 3500 2081 3554 vixit.

503 3566 695 3625 Multos
724 3574 888 3628 etiam
914 3590 944 3628 a
975 3579 1141 3632 variis
1176 3580 1421 3638 cladibus
1453 3583 1671 3640 liberari
1715 3589 1854 3643 fama
1893 3593 2082 3647 certis-

501 3657 640 3711 sima
667 3670 899 3716 constat.

575 3751 630 3804 2.
677 3751 750 3806 De
805 3759 1146 3824 cantpanario
1199 3762 1436 3827 cadente,
1487 3769 1581 3819 sed
1630 3769 1826 3822 meritis
1885 3783 2084 3827 sanctte

505 3841 697 3900 Maria:
741 3846 794 3900 in
835 3851 1088 3906 erectione
1119 3856 1352 3911 reducto.
1396 3856 1578 3928 Nuper
1606 3877 1734 3916 vero
1758 3865 1905 3933 (247)
1933 3867 2084 3922 dom-

503 3951 605 3989 nus
629 3935 904 3995 Gerardus
931 3943 1216 4015 episcOpus
1237 3960 1400 4019 caput
1426 3955 1741 4008 monasterii
1766 3971 1887 4012 eum
1908 3959 2080 4028 cripta

501 4027 781 4098 ampliare,
800 4041 872 4097 et,
901 4044 954 4087 ttt
977 4035 1089 4105 jam
1114 4053 1270 4106 poene
1300 4053 1676 4098 consummato
1704 4046 1886 4103 labore
1918 4066 2082 4120 appa-

505 4128 606 4182 ret,
633 4121 921 4180 meliurare
967 4128 1281 4197 disponens,
1317 4141 1531 4190 vetusta
1571 4138 1795 4194 tcdtlicia
1841 4140 2080 4198 funditus

492 4207 655 4304 jussit
683 4218 851 4272 everti
884 4221 994 4289 (an.
1027 4220 1157 4275 1021
1192 4224 1268 4278 vel
1296 4226 1476 4296 1025).
1505 4228 1640 4285 Cum
1687 4248 1815 4302 ergo
1842 4239 2076 4304 operarii

496 4299 662 4370 juxta
684 4307 1002 4378 dispositum
1022 4328 1127 4367 uno
1146 4317 1448 4389 eodemque
1477 4323 1655 4378 stttdio
1685 4299 2079 4384 all-till'l‘lelltlos

2214 457 2380 510 nimio
2411 455 2625 528 fragore
2677 468 2890 514 traxere
2927 461 3162 517 ruinam.
3195 463 3315 530 Quo
3361 464 3579 536 fragore
3607 467 3796 524 clerici

2215 561 2279 601 ac
2324 546 2468 611 laici,
2504 548 2682 616 pusilli
2729 557 2784 603 et
2821 552 3001 620 magni
3031 567 3222 608 omnes
3267 555 3504 619 attoniti,
3536 551 3718 612 subito
3759 573 3804 610 ει.

2212 636 2463 691 domibus
2488 639 2793 705 prosiliunt,
2836 655 2902 694 ac
2927 641 3259 698 imminentis
3290 644 3461 699 ruinae
3490 647 3795 714 periculum

2211 727 2611 796 conspicantes,
2644 731 2816 800 magis
2844 732 2898 785 iu
2935 748 3062 790 casu
3095 738 3428 806 campanarii
3459 740 3797 795 contristan-

2215 826 2322 872 tur.
2361 817 2534 888 l-lujus
2561 822 2705 875 enim
2745 823 2914 880 moles
2959 841 3068 895 quo
3105 828 3305 882 editior
3329 839 3384 884 et
3411 845 3518 900 quo
3558 833 3795 902 amplius

2211 923 2595 979 campauarum
2627 915 2864 984 pondere
2895 919 3247 986 gravabatur,
3290 931 3441 976 tanto
3489 925 3799 993 promptio-

2213 1015 2349 1065 rem,
2407 1004 2500 1056 sed
2540 1013 2595 1056 et
2644 1006 2948 1074 graviorem
2999 1010 3209 1064 ruinam
3261 1013 3588 1068 minabatur.
3641 1018 3798 1071 Adeo

2211 1092 2412 1146 ctenim
2441 1092 2493 1152 iu
2524 1094 2788 1150 orientem
2831 1112 2889 1152 se
2921 1098 3082 1153 vertit
3128 1102 3359 1171 pendula
3404 1106 3700 1173 gravitate,
3733 1117 3797 1160 ut

2210 1196 2369 1236 nemo
2388 1183 2656 1253 aspiciens
2671 1184 2944 1252 jacturam
2970 1188 3116 1244 illius
3141 1191 3394 1260 propiore
3416 1193 3657 1262 periculo
3687 1194 3796 1248 du-

2209 1271 2383 1326 bitare
2409 1277 2662 1343 potuerit.
2690 1275 2894 1346 Populo
2919 1288 3101 1334 autem
3131 1279 3403 1337 clamante
3425 1293 3480 1336 et
3509 1283 3602 1337 Dei
3627 1283 3797 1339 mise-

2208 1362 2496 1418 ricordiam
2527 1367 2851 1434 postulante,
2883 1385 3006 1424 mox
3034 1371 3228 1426 mirum
3260 1373 3314 1426 in
3339 1373 3576 1437 modum,
3618 1377 3795 1430 tueri-

2209 1454 2278 1510 tis
2300 1465 2358 1509 ut
2381 1457 2652 1512 credimus
2681 1467 2738 1513 et
2767 1460 3156 1517 intercessione
3173 1462 3421 1534 gloriosa:
3440 1463 3530 1517 Dei
3568 1465 3786 1532 Matris,

2206 1563 2468 1619 suspenso
2493 1551 2770 1620 paululum
2803 1569 2931 1609 casu
2986 1555 3037 1608 in
3065 1556 3343 1611 erectione
3389 1557 3538 1627 (249)
3572 1559 3794 1614 reduci-

2209 1649 2318 1707 tur,
2348 1648 2660 1712 tectumque
2689 1645 2958 1714 reliquum
2986 1657 3234 1704 cessante
3263 1649 3447 1705 fusura
3482 1651 3628 1721 (230)
3655 1652 3792 1707 soli-

2134 1715 2178 1773 Β
2209 1733 2384 1787 datur.
2427 1733 2632 1790 Trabes
2655 1750 2783 1791 vero
2810 1739 2875 1792 de
2911 1741 3284 1809 superioribus
3309 1715 3554 1797 aedificiis
3579 1715 3794 1797 divelli-

2206 1833 2310 1889 tur,
2333 1833 2390 1880 et
2407 1840 2571 1897 super
2605 1843 2774 1884 cornu
2804 1829 2993 1885 altaris
3019 1840 3222 1886 sanctae
3265 1832 3470 1896 Mariae,
3498 1834 3643 1903 quod
3670 1835 3793 1904 epi-

2203 1929 2400 1985 scopus
2426 1916 2685 1972 intactum
2715 1934 2934 1974 manere
2955 1923 3231 1992 praecepit,
3254 1937 3416 1978 ornnc
3441 1925 3789 1979 couuuiuuit.

2202 2008 2322 2076 Quo
2347 2008 2490 2076 fuso,
2535 2012 2762 2082 pignera
2797 2022 3133 2080 sanctorum,
3171 2030 3291 2085 quae
3332 2017 3460 2070 olim
3493 2017 3546 2072 in
3592 2033 3792 2073 conse-

2200 2102 2445 2158 cratione
2499 2105 2670 2174 ipsius
2707 2106 2892 2162 altaris
2921 2107 3097 2177 posita
3147 2107 3386 2176 fuerant,
3437 2109 3619 2165 divino
3650 2120 3786 2167 nutu

2200 2191 2350 2249 illesa
2373 2196 2780 2266 repperiuntur.

2268 2287 2324 2340 5.
2365 2285 2442 2340 De
2469 2285 2634 2347 fratre
2661 2288 2889 2356 epircOpi
2918 2288 3044 2343 inibt
3074 2300 3282 2345 curato.
3317 2289 3429 2347 lllic
3459 2291 3627 2346 etiam
3659 2305 3786 2346 mo-

2197 2376 2380 2433 dernis
2401 2379 2592 2434 diebus
2616 2379 2864 2435 Elbertus
2891 2380 3062 2437 frater
3087 2383 3350 2453 episcopi,
3392 2382 3462 2438 tle
3493 2383 3632 2439 laico
3657 2397 3809 2438 nio-.

2199 2470 2405 2525 nachus
2439 2469 2612 2526 factus
2659 2472 2827 2543 (251),
2879 2482 2938 2526 ιιι
2969 2489 3067 2528 nos
3096 2474 3196 2544 ipsi
3223 2475 3399 2545 palam
3430 2475 3682 2540 vidimus,
3715 2476 3784 2530 de

2197 2561 2353 2632 longa
2386 2562 2698 2618 infirmitate
2728 2564 2974 2632 sospitati
3004 2565 3244 2620 redditus
3265 2575 3369 2620 est.
3401 2565 3498 2620 llic
3521 2565 3781 2619 nimirum

2197 2654 2368 2723 gratia
2401 2652 2656 2710 fraternae
2683 2657 3010 2711 visitationis
3049 2656 3406 2713 Cameracqu
3451 2658 3638 2712 venire
3665 2657 3781 2711 dis-

2195 2760 2424 2814 ponens,
2449 2745 2575 2799 dum
2600 2746 2704 2800 iter
2729 2757 2998 2818 carperet,
3033 2758 3185 2804 tanto
3215 2750 3436 2819 langore
3462 2752 3783 2820 corripitur,

2196 2845 2252 2890 ut
2285 2839 2571 2906 pervenire
2621 2855 2727 2894 non
2774 2850 2978 2908 posset,
3027 2843 3122 2897 sed
3156 2843 3208 2896 in
3255 2843 3370 2912 ipso
3402 2843 3594 2898 itinere
3637 2845 3785 2913 apud

2194 2931 2582 2982 monasterium
2611 2928 2841 3000 Prejecti
2869 2933 3109 2987 martiris
3144 2933 3295 3003 (252)
3327 2945 3585 3006 exceptus
3618 2951 3647 2989 a
3676 2936 3780 2990 fra-

2196 3017 2397 3082 tribus,
2452 3019 2720 3073 diutinqu
2781 3030 2990 3092 tempus
3044 3024 3145 3078 sub
3215 3024 3538 3079 inlolerabili
3592 3026 3785 3081 dolore

2194 3110 2452 3180 exigeret.
2490 3111 2555 3166 lit
2587 3127 2713 3166 vero
2739 3127 2928 3181 parum
2966 3115 3273 3170 medieinali
3307 3131 3407 3186 ape
3439 3119 3648 3172 refotus
3690 3118 3785 3172 vix

2171 3217 2331 3270 -eqno
2355 3203 2591 3256 insidere
2617 3205 2868 3273 potuerit,
2897 3206 2964 3259 ad
2988 3206 3235 3270 fratrem,
3257 3222 3359 3260 non
3390 3207 3549 3262 facile
3575 3217 3781 3272 tamen,
3840 3199 3851 3222 ⁷

2193 3293 2315 3348 fecit
2369 3309 2427 3348 se
2475 3293 2741 3363 bajulari;
2784 3296 2871 3350 ubi
2905 3297 3066 3350 etiam
3099 3297 3187 3352 diu
3223 3308 3328 3351 tam
3359 3299 3600 3366 graviter
3622 3298 3783 3352 clan—
3837 3372 3841 3374 _

2191 3386 2325 3455 guit,
2352 3395 2409 3438 ut
2441 3401 2562 3438 mox
2591 3387 2927 3440 moriendum
2953 3398 3287 3443 asserereut.
3330 3389 3570 3460 Contigit
3595 3401 3782 3445 autem

2191 3486 2250 3530 ut
2277 3485 2398 3545 post
2418 3475 2631 3547 longam
2651 3477 3036 3546 egritudinem,
3062 3488 3219 3533 nocte
3235 3479 3460 3534 solemni
3495 3482 3781 3535 beatorum

2189 3570 2559 3625 confessorntn
2596 3572 2800 3626 scilicet
2860 3571 3075 3627 Vedasti
3105 3582 3270 3642 atque
3299 3573 3548 3635 Atuaudi,
3598 3582 3785 3628 matu-

2193 3665 2333 3718 tinos
2398 3665 2808 3731 celebraturus,
2875 3667 3268 3721 monasterium
3325 3677 3528 3722 sanctze
3589 3665 3780 3723 Maria:

2189 3757 2417 3826 sumptis
2449 3757 2656 3811 baculis
2687 3757 2893 3827 ingredi
2927 3757 3227 3813 estimaret.
3256 3758 3358 3826 Qui
3391 3758 3717 3814 mirabiliter
3743 3774 3778 3813 a

2189 3850 2298 3903 Deo
2341 3849 2586 3904 visitatus
2631 3851 2768 3904 adeo
2795 3849 3179 3917 convaluitjut,
3219 3850 3456 3906 dimissis
3495 3850 3775 3921 paululum

2187 3943 2393 3998 baculis
2459 3943 2656 4012 quibus
2708 3944 3138 4006 sustentabatur,
3199 3950 3437 4005 erectus,
3501 3943 3616 4012 ipso
3683 3943 3778 3998 die

2187 4037 2487 4092 remedium
2536 4037 2706 4092 morbi
2756 4051 2862 4091 non
2904 4037 3021 4091 sine
3065 4036 3354 4090 multorum
3409 4035 3776 4090 admiratione

2186 4129 2434 4183 sentiret.
2459 4127 2610 4194 Quod
2643 4127 2840 4184 donum
2889 4128 3100 4181 meritis
3131 4135 3332 4181 sancta:
3378 4125 3472 4181 Dei
3502 4126 3695 4180 matris
3717 4134 3777 4180 et

2185 4221 2570 4293 prelibatorum
2625 4219 2993 4276 confessorutn
3025 4234 3180 4290 posse
3220 4217 3454 4274 adscribi
3506 4233 3614 4273 non
3672 4217 3778 4272 du-

2187 4316 2276 4370 bitt
2285 4332 2334 4369 nt
2367 4325 2470 4373 est.

495 4396 734 4463 parietes
761 4400 850 4454 diu
885 4401 1227 4460 lnctareutur
1259 4423 1274 4463 :
1305 4409 1416 4475 jam
1467 4425 1619 4481 parte
1648 4417 1912 4488 siquidem
1941 4437 2075 4476 cou-

2258 4409 2312 4464 4.
2352 4408 2430 4462 De
2457 4408 2560 4461 situ
2591 4405 2894 4459 monasterii
2923 4403 3092 4457 sancti
3131 4401 3412 4472 Gaugcrici
3456 4402 3623 4472 patris
3653 4401 3770 4472 glo-

497 4479 674 4545 vulsa,
718 4485 897 4542 subito
941 4491 1148 4546 crebris
1183 4493 1378 4550 ictibus
1400 4479 1626 4555 vetusta:
1676 4479 1925 4561 maceria:
1964 4523 2074 4576 prie

500 4573 824 4644 antiquitate
853 4588 1124 4650 nutantes,
1173 4587 1410 4645 culmine
1447 4592 1709 4664 disrupto,
1767 4599 1890 4668 plus
1938 4573 2070 4656 esti-

2185 4500 2478 4557 riosissimi.
2513 4498 2640 4552 Post
2687 4495 3074 4553 monasterium
3127 4502 3330 4548 sancta:
3382 4493 3588 4559 Mariae,
3624 4495 3772 4549 beati

2184 4596 2348 4650 etiam
2377 4590 2686 4664 Gaugerici,
2715 4587 3090 4662 gloriosissimi
3123 4586 3453 4668 confessoris
3481 4584 3685 4643 Christi
3715 4596 3773 4644 et

1777 4735 2010 4790 vanu;
2053 4721 2453 4793 LECTIONES.

567 4823 635 4855 '”
675 4835 855 4891 preest
881 4827 933 4880 4.

493 4899 563 4947 ad
592 4911 638 4948 ε.
666 4894 721 4950 ι.
751 4898 922 4952 omisit
950 4899 1003 4958 6.
1079 4902 1152 4935 '“
1185 4904 1336 4962 effusi
1360 4909 1410 4967 1.

1011 4831 1192 4919 ¹¹²ηἱμι
1475 4840 1524 4898 ὅ.
1576 4856 1622 4899 et
1651 4863 1680 4900 a
1707 4849 1880 4917 prima
1910 4868 2066 4906 manu
2093 4852 2143 4906 6.
2185 4852 2276 4906 sed
2316 4852 2399 4904 hic
2426 4850 2651 4905 correxit
2692 4846 2852 4903 istum
2900 4845 3098 4900 locum.
3174 4846 3244 4879 ³⁸³
3287 4843 3569 4916 Seqttentia
3605 4864 3772 4919 usque

1988 5008 2221 5067 ΝΟΤΑΞ.

564 5118 712 5194 (Qui)
747 5120 794 5194 l_
818 5135 869 5177 e.
893 5122 1144 5194 elegtqse.

565 5191 715 5275 ﬁt?)
755 5191 1005 5275 Donrnus'
1026 5192 1294 5275 σπανίζεις
1321 5215 1378 5275 a_
1407 5200 1564 5275 1021,
1590 5209 1924 5275 pontiﬁcatus
1954 5228 2071 5266 two

491 5261 577 5314 uti
611 5261 701 5344 10,
715 5274 888 5358 oea'pn't
920 5267 1228 5358 monasterii
1337 5268 1436 5358 Dei
1465 5261 1563 5353 gen
1585 5261 2074 5358 iricislﬁiariietial

2248 5139 2476 5212 (248M.
2509 5154 2559 5194 e.
2591 5139 2764 5209 magis
2793 5154 2955 5208 quam
2986 5140 3371 5196 testimaretur.
3405 5141 3571 5198 Cocv.

2250 5211 2399 5279 (249)
2442 5212 2479 5266 Ι.
2513 5226 2564 5264 e.
2600 5219 2798 5263 statum
2825 5220 3054 5266 rectum.
3137 5230 3140 5232 ν

2249 5281 2396 5352 (250)
2503 5296 2554 5334 e.
2584 5279 2761 5346 ruina,
2787 5287 2844 5334 ut
2886 5280 3070 5336 statim
3097 5281 3237 5336 infra
3269 5298 3372 5352 quo
3388 5283 3507 5352 fuso
3535 5299 3636 5354 pro
3655 5301 3764 5356 quo
