4052 5358
234 243 334 302 ηδ

1525 232 1722 294 LIBER
1761 227 2142 286 SECUNDUS.

3391 227 3494 282 126

233 349 473 432 ejusdem
499 357 656 414 urbis
680 356 941 428 episcopi,
967 354 1204 411 secundo
1249 355 1302 408 in
1331 353 1450 407 loco
1485 365 1589 405 non
1629 351 1814 404 incon-
1845 352 1891 409 Α
1923 345 2027 400 Sed
2052 354 2360 414 postquam,
2390 349 2446 396 ut
2477 341 2527 395 in
2558 339 2732 409 primo
2759 337 2898 394 .ibro
2924 340 3164 395 breviter
3193 340 3489 411 tetigimus,

232 453 522 508 venienter
569 452 891 507 subnectere
931 447 1301 502 estimavimus
1329 445 1420 497 ’¹³.
1453 443 1673 497 Multum
1703 451 1814 496 ete-

233 543 342 598 nim
367 542 532 596 decet
549 543 614 594 'et
640 541 778 596 bene
804 552 1097 608 congruum
1117 546 1199 589 est
1224 544 1299 596 ut,
1333 533 1486 603 cujus
1515 531 1816 602 patrocinio

233 633 333 690 sub
354 632 660 702 prelatione
685 629 875 684 ﬁatris
899 626 1187 681 Dominicae
1203 625 1396 680 civitas
1407 621 1816 676 Kamcracensis

235 729 605 784 sustentatur,
663 716 817 786 cujus
846 716 1080 772 nominis
1107 715 1378 786 praeconio
1416 713 1682 768 illustrata
1727 726 1817 764 su-

234 810 521 875 blimatur,
554 807 673 876 ejus
697 821 912 879 quoque
932 806 1150 861 domum
1179 805 1232 858 in
1258 804 1358 858 hoc
1381 801 1638 872 Opuscnlo
1659 801 1816 870 juxta

235 899 456 971 domum
486 896 731 963 ejusdem
763 895 994 952 dominae
1033 893 1270 963 Virginis
1305 902 1698 960 consequenter
1717 906 1816 959 po-

205 980 448 1044 'namus.
482 987 755 1057 Tempore
783 1000 1018 1055 namque
1043 983 1202 1054 hujus
1236 984 1531 1053 pontiﬁcis,
1561 991 1621 1036 ut
1650 981 1818 1051 ipsius

235 1081 399 1135 vitam
430 1078 583 1148 (253)
609 1077 916 1149 legentibus
944 1077 1130 1145 liquet,
1162 1075 1216 1129 in
1245 1075 1448 1129 vertice
1477 1074 1677 1128 montis
1726 1073 1816 1127 ubi

239 1186 378 1231 nunc
408 1169 803 1225 monasterium
835 1177 939 1233 est,
972 1167 1272 1222 habebatur
1298 1165 1498 1220 veteris
1531 1164 1817 1220 dementiae

237 1258 409 1321 lucus.
457 1258 651 1312 ritibus
673 1257 924 1312 videlicet
953 1255 1250 1311 demonicis
1271 1254 1465 1323 priscis
1490 1251 1817 1321 temporibus

237 1350 302 1405 ad
326 1349 736 1405 subversionem
770 1349 1071 1402 animarum
1100 1347 1170 1402 ab
1218 1346 1464 1401 idolatris
1512 1345 1812 1399 dedicatus.

244 1441 393 1498 Unde
435 1443 522 1496 vir
568 1440 780 1496 Domini
835 1441 1133 1510 gaudenter
1177 1437 1580 1502 memorandus,
1635 1437 1818 1491 divino

239 1533 466 1587 consilio
516 1532 746 1597 amatus,
797 1531 976 1584 lucum
1021 1530 1300 1585 succidere
1335 1528 1628 1594 estimavit,
1658 1535 1817 1596 atque

238 1624 395 1681 idolis
446 1624 690 1695 stirpitus
731 1623 963 1689 eversis,
998 1621 1278 1677 basilicam
1321 1621 1378 1677 in
1433 1620 1636 1676 honore
1670 1618 1813 1673 beati

239 1713 477 1769 Helardi
530 1712 834 1769 construxit
879 1712 1042 1777 (circa
1089 1728 1178 1766 an.
1207 1709 1354 1780 600).
1400 1709 1599 1778 Sicque
1639 1708 1813 1762 locum

237 1800 514 1870 spurcitiis
531 1798 772 1856 deditum
801 1801 929 1857 fecit
949 1800 1212 1856 orationis
1227 1809 1282 1854 et
1303 1799 1551 1854 sacriﬁcii
1573 1799 1814 1864 domum,

236 1903 364 1944 sane
391 1889 498 1944 sibi
524 1889 812 1958 providens
836 1889 966 1944 inibi
994 1904 1104 1944 sua:
1126 1889 1464 1944 dormitionis
1487 1887 1836 1944 mausoleum.

235 1987 286 2032 et
307 1986 480 2048 gratae
505 1976 805 2032 mansionis
836 1977 1201 2034 habitaculum
1233 1978 1321 2031 ⁸¹⁶.
1351 1976 1483 2032 Cum
1511 1977 1654 2032 enim
1697 1985 1818 2047 post

236 2067 571 2138 trigesimum
601 2082 806 2124 nonum
861 2069 943 2124 sui
988 2069 1247 2140 episcopii
1301 2083 1502 2122 annum
1535 2069 1818 2138 cunctipo—

236 2167 350 2213 tens
376 2157 520 2223 Rex,
543 2157 641 2214 sed
665 2167 722 2213 et
754 2159 1069 2230 dispunctor
1113 2159 1450 2229 largissimus
1481 2175 1638 2214 suum
1669 2159 1815 2213 mili-

235 2254 340 2301 teut
368 2245 729 2303 fortissimum
773 2247 1061 2304 sudoribus
1089 2250 1204 2305 suis
1235 2264 1592 2320 responsurus
1620 2249 1688 2304 ad
1732 2263 1816 2304 re-

236 2339 662 2393 munerationem
691 2347 940 2394 vocasset
969 2352 985 2394 :
1019 2339 1072 2393 in
1105 2339 1298 2395 eadem
1324 2339 1570 2404 basilica,
1598 2346 1657 2392 ut
1686 2346 1816 2396 ante

236 2429 622 2494 destinaverat,
676 2429 974 2486 honoriﬁce
1041 2433 1338 2488 tumulatus
1404 2431 1815 2488 resurrectionis

236 2518 370 2573 diem
398 2527 677 2596 expectat.
711 2519 834 2576 Mox
865 2520 1028 2590 igitur
1057 2537 1210 2593 reges
1239 2531 1295 2576 et
1321 2522 1594 2592 principes
1621 2537 1685 2578 ac
1711 2537 1811 2593 po-

236 2607 523 2666 tentissimi
551 2609 777 2679 quique,
835 2610 1003 2680 signis
1050 2620 1105 2665 et
1143 2612 1400 2682 prodigiis
1439 2611 1635 2681 quibus
1687 2621 1815 2670 ante

232 2696 436 2753 obitum
483 2698 780 2773 multifarie
817 2710 1198 2756 coruscaverat
1246 2702 1486 2761 excitati.
1523 2717 1587 2757 ac
1640 2702 1813 2758 multo

233 2787 608 2858 amplioribus,
641 2804 762 2859 qua:
787 2805 885 2860 per
909 2791 1025 2858 ejus
1054 2793 1244 2848 merita
1285 2792 1595 2848 misericors
1623 2801 1677 2848 et
1714 2794 1814 2850 mi-

231 2887 444 2934 serator
470 2878 734 2934 Dominus
780 2890 906 2950 post
943 2881 1146 2936 obitum
1185 2882 1555 2937 indesinenter
1598 2881 1812 2950 operari

232 2968 484 3039 dignatus
514 2978 617 3034 est,
639 2971 878 3036 attoniti,
902 2971 968 3026 ad
994 2973 1320 3028 sanctissimi
1343 2972 1442 3026 viri
1466 2972 1810 3042 sepulchrum

231 3057 458 3113 diversis
486 3072 554 3112 ex
584 3059 832 3128 partibus
861 3059 1257 3128 confluxerunt,
1292 3061 1534 3130 tantique
1578 3061 1674 3116 viri
1713 3079 1811 3133 pa-

233 3147 463 3201 trocinio
492 3161 615 3202 sese
651 3148 830 3218 juvari
865 3149 1236 3219 implorantes,
1263 3151 1669 3220 opulentissima
1697 3169 1814 3207 mu-

231 3249 360 3292 nera
386 3234 725 3292 obtulerunt.
756 3237 1060 3308 Statimque
1088 3255 1154 3295 ex
1179 3240 1448 3295 allluentia
1483 3256 1661 3315 rerum
1690 3260 1813 3298 cum

231 3326 372 3379 omni
405 3326 696 3382 sedulitate
727 3332 1115 3386 monasterium
1143 3334 1448 3404 ampliatur,
1475 3337 1814 3407 fratrumque
1858 3319 1862 3325 ’

233 3431 524 3471 numerosa
547 3417 743 3475 cohors
768 3418 836 3473 ad
868 3420 1212 3476 serviendum
1245 3424 1354 3479 Deo
1383 3435 1438 3480 et
1463 3443 1560 3481 suo
1583 3427 1814 3481 sanctis-

233 3507 364 3561 simo
392 3507 692 3563 confessori
724 3508 1120 3582 impcrpetuum
1146 3513 1440 3586 delegatur.
1478 3515 1604 3573 llaec
1633 3527 1813 3574 autem

233 3596 443 3660 domus,
496 3597 550 3651 in
580 3599 780 3652 montis
831 3600 1117 3667 supercilio
1145 3601 1268 3668 sita,
1307 3612 1495 3673 aperte
1539 3605 1813 3662 insinuare

233 3687 444 3741 videtur
493 3686 668 3755 ipsum
703 3688 951 3744 videlicet
977 3705 1278 3746 mansorem
1302 3694 1574 3764 egregium
1599 3710 1814 3764 semper

235 3786 443 3832 terrena
475 3777 735 3842 calcasse,
769 3779 1076 3835 caelestibus
1108 3790 1219 3837 toto
1249 3783 1514 3839 desiderio
1554 3785 1808 3841 inhiasse.

233 3867 360 3921 Exin
397 3884 527 3922 vero
546 3868 694 3923 locus
719 3885 785 3924 ex
814 3871 1010 3946 diversi
1042 3873 1256 3942 generis
1281 3889 1381 3944 ope
1409 3874 1636 3938 ditatur,
1670 3875 1811 3929 mul-

234 3957 404 4028 tisque
433 3958 711 4014 beneficiis
745 3961 984 4015 virorum
1018 3962 1281 4017 bonorum
1330 3965 1464 4020 adeo
1494 3977 1812 4036 augmenta-

235 4057 333 4112 tnr,
364 4057 427 4101 ut
457 4064 563 4103 non
587 4051 744 4105 modo
761 4051 967 4107 circum
987 4061 1041 4107 et
1065 4054 1207 4109 circa
1239 4055 1489 4110 viciniam
1513 4057 1810 4114 crassiores

233 4139 617 4208 uberioresque
661 4141 914 4196 villarum
979 4143 1240 4210 colonias,
1300 4160 1486 4200 verum
1547 4146 1601 4200 in
1654 4147 1810 4220 longe

235 4231 451 4286 remotis
474 4233 806 4304 regionibus,
831 4242 890 4288 ut
923 4235 1123 4306 scripta
1145 4252 1266 4306 qua:
1289 4237 1340 4291 in
1372 4239 1591 4294 archivo
1615 4240 1810 4294 :ecclc-

234 4321 322 4376 size
342 4331 472 4378 sunt
497 4333 848 4399 attestantur.
877 4325 1084 4382 diversa
1127 4337 1184 4382 et
1225 4337 1285 4382 ut
1324 4329 1398 4384 ita
1431 4329 1607 4386 dicam
1643 4331 1808 4386 t'otius

234 4413 444 4480 generis
469 4413 836 4469 emolumenta
871 4415 1156 4472 donarent.
1191 4417 1294 4485 Qui
1337 4419 1488 4476 locus
1517 4420 1644 4476 olim
1697 4429 1804 4477 tam

231 4502 484 4572 efigantia
511 4519 672 4574 quam
717 4514 831 4560 tota
879 4510 1246 4577 oportunitate
1285 4511 1645 4581 preeminens,
1691 4513 1808 4567 uni-

233 4608 399 4648 κει-ξω
444 4598 733 4664 provinciae
773 4599 1000 4668 gratiam
1031 4601 1380 4672 multiplicem
1417 4613 1471 4658 et
1515 4605 1807 4660 maximum

233 4683 485 4740 honorem
515 4689 815 4757 prestabat,
865 4693 1159 4762 urbemque
1201 4695 1517 4750 excellentia
1547 4712 1658 4752 suae
1688 4698 1816 4768 dig-~

235 4777 417 4831 uitatis
447 4780 901 4850 quamplurimum
925 4783 1241 4854 insignibat.
1286 4785 1416 4840 Erat
1453 4788 1596 4842 enim
1641 4803 1807 4843 vene-

235 4866 398 4922 tanda
453 4880 614 4939 atque
661 4869 860 4939 regalis
908 4875 1145 4944 abbatia,
1194 4891 1261 4930 ex
1295 4877 1440 4929 omni
1487 4878 1806 4934 sufficientia

233 4955 446 5024 ﬂorens,
463 4960 618 5030 cujus
642 4961 922 5032 multiplici
944 4968 1132 5039 gratiae
1146 4967 1281 5023 nihil
1296 4968 1544 5024 conferre
1567 4982 1805 5041 putares.

1915 441 2016 495 sub
2051 437 2519 508 persecutionibus
2549 434 2725 504 primo
2751 449 3105 504 paganorum,
3127 435 3322 490 deinde
3346 434 3492 489 llun-

1915 544 2187 598 garorum,
2231 543 2354 583 cum
2385 527 2583 582 ceteris
2612 541 2827 595 quoque
2874 525 3173 581 Galliarum
3205 526 3488 590 aacclcsiis,

1917 619 2222 672 mortalium
2271 617 2441 686 culpis
2489 617 2852 688 exigentibus,
2890 633 3012 672 cum
3055 618 3200 672 omni
3238 618 3490 671 thesauro

1917 706 2302 760 miserabiliter
2338 706 2587 776 populata
2631 707 2964 761 subvertitur
3006 724 3020 762 :
3060 721 3165 761 non
3217 707 3388 762 solum
3423 709 3491 762 ad

1919 799 2149 868 gratiam
2181 798 2376 866 prioris
2407 808 2578 853 status
2608 798 2894 853 reformari
2932 813 3037 853 non
3069 800 3265 868 potuit,
3302 814 3491 854 verum

1916 899 1972 947 et
1999 890 2139 959 quod
2183 888 2473 944 dolendum
2513 897 2618 954 est,
2669 891 2839 960 magis
2875 891 3153 961 magisque
3199 889 3404 959 deiecta
3438 891 3491 944 in

1917 980 2274 1052 praecipitium
2306 980 2434 1036 ruit.
2488 978 2622 1047 Quia
2668 982 2812 1037 enim
2845 991 3116 1038 rectorum
3149 982 3493 1037 imbecillitas

1918 1081 2026 1127 tam
2053 1073 2230 1128 varias
2254 1081 2311 1127 et
2347 1081 2454 1125 tam
2499 1071 2554 1126 in
2584 1071 2813 1127 diversis
2841 1073 3083 1143 partibus
3122 1074 3492 1143 possessiones

1919 1161 2073 1232 longe
2125 1161 2426 1232 diremptas
2467 1171 2524 1215 et
2573 1176 2736 1230 prope
2763 1163 2966 1230 positas
3008 1178 3101 1216 sua
3155 1161 3492 1231 providentia

1919 1250 2079 1305 simul
2109 1250 2366 1306 cohibere
2391 1267 2496 1306 non
2525 1259 2739 1320 poterat
2766 1265 2781 1304 :
2812 1252 2970 1306 vicini
3010 1261 3256 1324 raptores
3287 1252 3492 1322 impro-

1919 1341 2128 1398 bissimi
2157 1343 2356 1412 quique
2377 1342 2566 1398 vitiato
2587 1341 2698 1411 jam
2722 1342 2938 1413 quidem
2963 1344 3183 1408 saeculo,
3208 1342 3349 1412 quod
3366 1340 3492 1397 boui

1918 1451 2016 1506 pro
2040 1435 2214 1490 salute
2243 1443 2296 1490 et
2328 1435 2582 1490 remediis
2623 1435 2926 1490 animarum
2955 1433 3320 1499 contulerant,
3349 1443 3408 1486 ttt
3433 1448 3493 1488 se

1919 1528 2082 1582 habet
2108 1541 2262 1582 amor
2290 1527 2541 1583 humanae
2585 1527 2918 1594 ambitionis,
2946 1527 3304 1582 abstulerant.
3338 1527 3492 1595 Quod

1919 1615 2083 1670 etiam
2114 1614 2267 1685 pejus
2295 1624 2402 1680 est,
2451 1632 2520 1671 ne
2567 1616 2668 1686 ipsi
2699 1616 2915 1685 quidem
2968 1623 3210 1671 rectores
3251 1614 3491 1684 quidam,

1846 1677 1890 1736 Β
1917 1706 2046 1776 quin
2068 1677 2342 1776 raperent,
2371 1677 2645 1777 cleperent
2673 1677 2846 1777 (2'55),
2871 1706 3241 1768 detraherent,
3269 1677 3492 1760 fraudu;

1916 1797 2095 1853 lentize
2129 1807 2342 1854 tecnam
2375 1799 2797 1853 declinaverant.
2829 1797 2898 1853 Et
2924 1798 3054 1868 quid
3101 1796 3314 1853 dicam?
3363 1795 3493 1850 olim

1916 1885 2252 1955 frequentior
2279 1901 2540 1943 numerus
2588 1886 2838 1953 fratrum,
2869 1904 3013 1943 nunc
3057 1889 3123 1942 ad
3156 1887 3494 1956 quinquage-

1917 1989 2015 2029 nos
2061 1988 2172 2045 prae
2202 1974 2379 2045 inopia
2411 1975 2708 2064 derivatu.r,
2738 1975 2830 2047 qui
2873 1977 3070 2032 domno
3115 1974 3358 2030 Gerardo
3381 1974 3465 2044 epi

1915 2082 2080 2139 scopo
2125 2075 2427 2138 satagente,
2464 2068 2796 2124 cotidianum
2844 2067 3044 2124 victum
3101 2068 3154 2122 in
3208 2066 3494 2123 refectorio

1914 2162 2271 2217 communiter
2297 2171 2536 2218 sumunt.
2577 2160 2632 2216 In
2685 2158 2843 2230 hujus
2886 2169 3066 2214 autem
3103 2159 3274 2230 patris
3319 2158 3492 2214 nostri

1915 2251 2173 2306 memoria
2203 2259 2257 2305 et
2283 2250 2632 2305 veneratione
2663 2249 3010 2312 monasteria,
3033 2250 3129 2304 sed
3157 2257 3211 2304 et
3237 2248 3494 2316 frequen-

1919 2341 2084 2396 tiores
2135 2340 2368 2397 basilicze
2416 2354 2522 2396 non
2584 2348 2694 2394 tam
2745 2338 2799 2393 in
2843 2351 3013 2410 prope
3044 2353 3206 2410 quam
3239 2337 3291 2392 in
3335 2336 3492 2407 longe

1915 2432 2109 2503 positis
2163 2429 2473 2502 regionibus
2528 2436 2855 2486 constructa!
2885 2437 3058 2504 ‘sunt,
3111 2428 3199 2482 ubi
3231 2427 3492 2482 beneficia

1914 2521 2223 2593 petentibus
2256 2520 2437 2574 divina
2466 2527 2792 2590 praestantur
2843 2527 2899 2574 et
2940 2518 3008 2573 ad
3051 2517 3262 2574 laudem
3293 2525 3348 2572 et
3376 2514 3492 2586 glo-

1916 2617 2053 2669 riam
2083 2611 2408 2668 confessoris
2451 2611 2784 2668 sanctissimi
2813 2610 2979 2666 multa
3025 2620 3082 2665 et
3110 2607 3493 2664 inenarrabilia

1913 2706 2174 2759 virtutum
2199 2702 2440 2773 prodigia
2466 2701 2648 2757 divina
2671 2701 2954 2758 clementia
2979 2701 3190 2772 operari
3214 2700 3492 2770 dignatur.

1915 2795 1989 2853 Ea
2017 2809 2146 2848 vero
2179 2808 2297 2865 qua:
2325 2792 2428 2846 huc
2467 2800 2562 2846 aut
2586 2807 2616 2846 a
2653 2792 2819 2846 certis
2849 2791 3172 2846 relatoribus
3198 2790 3494 2860 contigisse

1916 2885 2243 2954 accepimus,
2281 2892 2374 2938 aut
2423 2897 2522 2939 nos
2571 2883 2888 2954 contingere
2936 2897 3152 2952 semper
3195 2882 3494 2945 cernimus,

1915 2975 2133 3029 modum
2172 2989 2266 3044 pre
2312 2973 2618 3044 pluralitate
2648 2976 2936 3040 excedunt,
2989 2989 3086 3030 nec
3134 2975 3242 3029 ullo
3281 2973 3493 3028 numeri

1918 3063 2146 3118 termino
2184 3063 2358 3118 claudi
2389 3074 2632 3134 possunt.
2688 3065 2763 3120 De
2794 3067 2990 3134 quibus
3039 3065 3329 3119 maximam
3373 3079 3496 3138 pare

1916 3162 2025 3207 tem
2058 3153 2252 3207 invida:
2281 3169 2426 3208 aurae
2449 3167 2508 3208 se
2538 3153 2779 3224 rapuisse
2815 3153 3062 3217 laetantur
3084 3153 3252 3223 (255),
3284 3153 3496 3222 paucis-

1915 3243 2049 3296 sima
2081 3258 2232 3308 vero,
2257 3259 2375 3312 quae
2401 3259 2506 3298 non
2537 3253 2762 3316 potuere
2800 3243 2962 3298 celari
3014 3243 3066 3297 in
3101 3244 3275 3315 primo
3317 3243 3496 3297 libello

1915 3335 2194 3388 succincte
2243 3335 2692 3406 perstrinximus;
2743 3333 3055 3406 plenissime
3104 3343 3286 3387 tamen
3318 3333 3371 3384 in
3403 3332 3496 3387 illo

1915 3422 2210 3487 volumine,
2243 3423 2386 3492 quod
2435 3423 2502 3477 de
2530 3425 2639 3477 vita
2695 3424 2864 3496 ipsius
2891 3422 3206 3478 inscribitur
3238 3421 3414 3494 (256),
3444 3420 3493 3476 si

1913 3513 2000 3569 cui
2033 3513 2182 3578 libet,
2207 3514 2406 3584 poterit
2434 3512 2698 3567 invenire.

1983 3603 2036 3659 5.
2067 3604 2142 3658 De
2157 3605 2481 3674 inergumino
2505 3617 2711 3658 sanato.
2745 3603 2853 3660 Sed
2893 3612 2952 3659 ut
2981 3604 3098 3659 lucc
3139 3602 3334 3674 pagina
3364 3617 3495 3658 san-

1913 3704 2058 3751 ctum
2089 3705 2144 3750 ct
2166 3695 2480 3766 gaudiosum
2516 3711 2708 3749 nomen
2739 3712 2797 3751 se
2843 3695 3043 3751 habere
3088 3695 3301 3750 ltetetur
3340 3705 3397 3748 et
3421 3694 3494 3748 ri~

1914 3787 2057 3852 deat,
2098 3801 2267 3856 pauca
2303 3802 2367 3841 ex
2393 3787 2477 3840 his
2500 3802 2620 3856 qua:
2647 3786 2726 3840 vel
2756 3788 2866 3858 ipse
2887 3785 3210 3855 juvenculus
3235 3785 3496 3841 moderno

1913 3885 2153 3946 tempore
2180 3877 2309 3942 vidi,
2350 3888 2643 3932 auuectere
2672 3887 2848 3932 ratum
2891 3876 3040 3931 duxi.
3077 3876 3267 3932 Prcter
3297 3892 3495 3946 quam-

1911 3966 2172 4037 plurimos
2198 3982 2430 4037 namque
2465 3968 2746 4038 utriusque
2769 3982 2932 4023 sexus
2985 3965 3298 4030 freneticos,
3353 3982 3491 4036 quos

1912 4055 2038 4110 illuc
2064 4056 2300 4112 videram
2332 4058 2642 4127 sospitatos,
2689 4072 2854 4113 unum
2882 4071 3126 4112 seorsum
3157 4057 3355 4120 dicam,
3404 4056 3493 4111 cui

1913 4145 2115 4201 nullum
2147 4161 2257 4216 prae
2278 4147 2559 4203 nimietate
2587 4147 2787 4204 furoris
2821 4148 3015 4204 estimo
3045 4148 3492 4215 comparandum.

1911 4239 2018 4295 Iste
2047 4255 2279 4310 namque
2306 4255 2402 4294 ore
2429 4255 2706 4310 spumans,
2741 4241 2992 4296 dentibus
3033 4237 3314 4302 frendens,
3370 4237 3495 4294 licet

1834 4369 1884 4428 Β
1912 4346 2104 4386 manus
2137 4339 2258 4401 post
2301 4338 2446 4398 terga
2476 4331 2748 4386 revinctus
2783 4339 2838 4384 et
2865 4345 2895 4383 a
2932 4329 3044 4384 suis
3071 4329 3268 4383 misere
3296 4343 3492 4391 caesus,

1909 4421 2000 4476 vix
2025 4429 2200 4475 tamen
2233 4421 2401 4475 teneri
2426 4430 2658 4490 poterat,
2698 4421 2826 4490 quin
2874 4435 2937 4475 ex
2965 4421 3088 4475 totis
3118 4419 3325 4475 viribus
3345 4418 3495 4476 omni

1908 4512 2186 4568 bachania:
2217 4496 2630 4581 inperterritus,
2675 4510 2889 4566 diabolo
2940 4511 3248 4565 violentiam
3299 4525 3495 4581 sugge-

1910 4616 2084 4672 rente,
2133 4613 2372 4660 vacaret.
2431 4606 2662 4674 Semper
2710 4605 2854 4659 enim
2911 4602 3098 4659 illicita
3139 4602 3490 4674 loquebatur,

1911 4700 2204 4770 derepente
2257 4698 2501 4754 insiliens
2529 4732 2574 4764 ,-
2609 4697 2852 4754 homines
2897 4695 3146 4750 incautos
3179 4695 3497 4764 plerumque

1913 4791 2214 4846 mordebat.
2239 4789 2320 4844 Ad
2361 4789 2750 4844 monasterium
2774 4803 2904 4843 vero
2935 4785 3236 4843 beatissimi
3283 4784 3499 4840 confes-

1915 4879 2056 4934 soris
2083 4895 2278 4949 magna
2315 4877 2627 4934 dillicultate
2669 4879 2980 4953 perductus,
3026 4894 3132 4935 non
3181 4875 3362 4931 minus
3400 4891 3502 4947 per

1916 4968 2124 5038 aliquot
2145 4968 2260 5023 dies
2279 4967 2457 5024 sevire
2480 4968 2788 5038 videbatur,
2813 4969 2889 5026 ita
2909 4977 2969 5027 ut
3001 4982 3160 5026 nemo
3212 4978 3273 5021 se
3298 4963 3375 5018 illi
3401 4967 3504 5022 ob-

1525 5083 1616 5145 VA
1629 5084 1768 5144 Rl/E
1807 5079 2211 5142 LECTIONES.

303 5182 378 5236 "9
411 5184 730 5240 estimamus
753 5183 806 5237 6.
876 5189 946 5221 ²¹⁶
964 5194 1232 5265 sequentia
1265 5209 1424 5265 usque
1447 5194 1518 5248 ad
1547 5212 1594 5251 c.
1618 5197 1653 5254 9
1673 5198 1861 5252 desum
1885 5189 1939 5246 6ο

1701 5277 1940 5342 NOTE.
