4052 5358
541 367 638 420 127

1489 367 1714 423 GESTA
1740 363 2154 422 PONTIFICUM
2181 361 2794 425 CAMERACENSIUM.

3697 377 3798 434 128

536 497 681 535 \‘lltm
711 481 839 535 dare
869 482 1112 536 auderet.
1136 479 1244 534 Nec
1270 481 1482 548 longum
1517 489 1717 544 tamen,
1751 479 1838 548 pio
1865 479 2102 534 interce-
2138 483 2183 538 Λ
2216 479 2377 535 tionis
2423 484 2830 551 perturbatione
2880 481 3110 540 sollicito
3140 481 3378 540 occurrit
3419 487 3634 542 tandem
3703 505 3793 545 sa-

537 576 694 627 deute
717 583 944 642 patrono
971 589 997 626 a
1042 588 1276 642 superno
1299 573 1506 627 medico
1527 571 1953 626 misericorditer
1979 571 2108 623 visi-

537 673 702 726 tatus,
735 679 880 717 sanae.
911 673 962 718 et
995 665 1219 734 integra:
1268 662 1460 718 mentis
1492 677 1648 730 opem
1693 662 1929 730 recepit,
1975 661 2114 714 suis-

533 769 640 821 que
668 767 788 807 eum
817 755 1012 824 gaudio
1039 755 1102 807 ad
1154 769 1247 808 sua
1281 754 1534 816 reversis,
1586 753 2020 834 ipse‘Gerardus
2043 779 2112 788 —

533 845 639 900 hoc
682 845 826 900 enim
869 845 946 900 illi
999 845 1312 900 vocabulum
1346 874 1418 888 -ο
1449 846 1499 898 in
1535 845 1868 900 monasterio
1907 846 2018 899 Deo
2059 849 2113 894 ct

534 947 634 989 suo
700 935 1044 992 sanctissimo
1105 933 1400 988 confessori
1464 933 1823 988 famulaturus
1891 949 2112 988 manere

533 1027 823 1080 cstimavit.
855 1023 952 1080 Ubi
1001 1041 1122 1080 cmn
1152 1025 1242 1076 diu
1271 1039 1478 1079 summa
1507 1025 1789 1079 devotione
1832 1025 2112 1078 familiari.

534 1127 616 1172 ter
639 1118 954 1180 deserviret,
1009 1116 1260 1186 contigit,
1293 1125 1352 1172 ut
1391 1131 1514 1170 eum
1537 1113 1768 1185 quadam
1822 1117 1908 1174 die
1937 1117 2108 1187 gratia

532 1209 679 1281 (257)
733 1207 980 1262 visitaudi
1033 1217 1315 1277 paternam
1365 1207 1629 1262 coloniam
1689 1208 1960 1262 invitaret.
2031 1209 2112 1262 Ad

530 1315 688 1368 quam
721 1315 840 1352 cum
859 1301 1120 1364 tenderet,
1145 1313 1243 1352 uec
1267 1299 1422 1368 longe
1447 1298 1663 1366 quidem
1677 1299 1853 1352 adhuc
1883 1299 2110 1365 distans,

529 1391 861 1445 sacerdotem
894 1389 1095 1445 canitie
1119 1391 1395 1452 decorum,
1433 1389 1578 1442 vultu
1609 1390 1907 1460 habituque
1939 1406 2109 1444 venu-

529 1491 692 1550 stum,
732 1491 790 1536 ut
826 1483 941 1552 ipse
989 1481 1190 1537 referre
1229 1482 1465 1547 solebat,
1491 1483 1708 1538 obvium
1741 1483 1969 1548 habuit,
2018 1483 2110 1558 qui

529 1591 650 1630 cum
695 1575 1045 1645 interpellans
1080 1575 1259 1630 verbis
1307 1575 1656 1644 hujusmodi:
1695 1594 1712 1626 ι
1756 1575 1873 1642 Quo
1897 1576 2096 1630 tendis?

529 1665 724 1734 inquit.
751 1665 814 1718 Et
855 1665 944 1720 ille
989 1681 1004 1719 :
1041 1663 1158 1719 Jam
1190 1665 1388 1719 dudum
1433 1674 1538 1732 est,
1572 1667 1789 1724 domine
1827 1667 1923 1734 mi,
1967 1667 2110 1736 quod

530 1757 875 1810 sanctissimo
917 1757 1052 1826 patri
1106 1749 1406 1826 Gaugerico
1447 1771 1546 1826 pro
1594 1757 1800 1812 collatis
1835 1758 2110 1812 beneficiis

531 1849 794 1912 deservio,
833 1863 973 1904 nunc
1001 1857 1180 1902 autem
1214 1857 1460 1917 pa'cntcs
1494 1849 1621 1917 quid
1649 1849 2102 1910 faciautvisitatu-

532 1953 622 1991 rus
645 1979 660 2003 ,
693 1939 760 1991 ad
791 1939 1022 2006 patriam
1059 1953 1304 1992 remeare
1354 1948 1618 1994 exa‘stuo.
1656 1939 1846 1994 Melius
1892 1948 1996 2012 cat,
2031 1941 2109 1996 iu-

529 2030 676 2102 quit,
719 2029 835 2094 tibi,
880 2039 938 2084 ut
966 2045 1209 2094 maneas,
1235 2047 1302 2084 ne
1335 2030 1472 2086 forte
1521 2031 1701 2085 collati
1741 2031 1988 2086 beneficii
2035 2031 2112 2085 vi-

530 2125 710 2178 dearis
737 2125 999 2193 ingratus.
1017 2145 1033 2176 ι
1081 2124 1178 2180 llic
1209 2135 1389 2179 autem
1411 2126 1692 2195 conceptis
1719 2133 1964 2194 paterna:
1987 2141 2114 2196 gra-

530 2215 618 2268 tia:
645 2213 948 2280 affectibus,
975 2215 1130 2270 (latos
1181 2225 1512 2286 postponens
1543 2219 1797 2282 monitus,
1833 2217 1958 2272 dum
1987 2235 2114 2289 pan-

529 2305 1050 2376 hdamproccdcrct,
1080 2321 1206 2360 mox
1239 2307 1410 2361 multo
1459 2305 1612 2376 pejus
1651 2323 1812 2376 quam
1861 2317 2020 2362 antea
2081 2327 2110 2363 a

527 2399 778 2453 tlcmouio
803 2399 1116 2468 corripitur,
1175 2399 1310 2452 adeo
1354 2399 1602 2454 videlicet
1651 2397 1994 2454 dentcntatus
2055 2409 2112 2454 ut

525 2497 879 2543 occurrentes
912 2489 1012 2543 sibi
1045 2503 1290 2558 quosque
1321 2488 1564 2558 lapidare
1595 2503 1819 2558 prorsus
1860 2491 2112 2544 intende—

527 2591 631 2642 ret.
664 2582 704 2633 Α
736 2581 918 2633 multis
957 2595 1087 2633 vero
1119 2596 1222 2632 non
1256 2578 1411 2632 facile
1437 2589 1652 2648 captus,
1693 2581 1821 2634 loris
1851 2596 2020 2634 nexus
2044 2583 2108 2634 ad

527 2683 911 2728 monasterium
933 2674 1457 2731 Iterumattrahitur,
1483 2681 1558 2736 et,
1579 2673 1702 2740 quia
1732 2681 1920 2726 contra
1951 2673 2108 2725 fidem

525 2763 849 2816 catholicam
878 2765 1112 2817 convitia
1145 2763 1361 2816 diabolo
1409 2763 1631 2816 doctore
1663 2759 1934 2828 iactabat,
1969 2777 2111 2815 miuc

527 2853 689 2905 tniuis
721 2853 989 2912 ttmlitur,
1048 2867 1190 2905 nunc
1245 2851 1466 2921 flagellis
1513 2852 1786 2920 quatitur;
1839 2868 1996 2906 nemo
2025 2862 2110 2906 ta-

525 2958 649 2996 men
685 2943 850 2996 rabidi
879 2943 990 2996 oris
1031 2941 1310 2996 faLiﬁcazu
1357 2945 1734 3012 garrulitatem
1780 2959 2111 3014 conpescere.

526 3034 721 3102 potuit,
750 3034 920 3090 donec
951 3035 1092 3088 inter
1141 3034 1346 3104 flagella
1393 3045 1448 3090 et
1495 3036 1705 3092 vincula
1751 3045 1876 3092 ante
1935 3037 2110 3090 sancti

2215 585 2341 624 num
2370 585 2434 626 ac
2459 573 2675 626 salubre
2702 571 2982 626 consilium
3001 613 3014 635 ,
3047 581 3101 626 ut
3127 573 3266 627 beati
3297 575 3548 630 videlicet
3577 577 3796 648 Gange-

2213 662 2310 714 rici
2357 669 2637 729 expeteret
2703 661 3024 715 medieiuale
3089 661 3444 732 suffragium;
3511 679 3644 722 sane
3701 667 3796 723 ubi

2215 753 2412 807 iutirmi
2443 767 2682 824 persaepe
2732 753 2967 808 solerent
3007 753 3254 822 accipere
3295 753 3613 820 sanitatem,
3639 756 3791 812 iner-

2214 843 2418 914 gumini
2449 845 2652 912 quique
2704 843 2818 897 sive
2871 843 3090 898 lunalici
3157 843 3538 899 liberarentur.
3596 845 3796 902 Statim

2213 949 2342 1004 ergo
2358 933 2498 988 facta
2517 933 2921 998 deliberatione,
2952 941 3213 1004 aegrotum
3235 933 3482 989 vehiculo
3500 935 3800 1006 inpositum

2214 1027 2280 1079 ad
2311 1027 2695 1081 monasterium
2720 1026 2898 1079 attulit
2916 1041 2928 1090 ;
2947 1039 3260 1098 ponensque
3275 1033 3400 1080 ante
3419 1027 3798 1096 sepulchrum,

2215 1117 2386 1188 ipsum
2417 1119 2651 1186 quidem,
2677 1117 2721 1170 si
2755 1117 2912 1172 saluti
2969 1116 3310 1180 redderetur,
3340 1116 3620 1187 obsequiis
3669 1119 3800 1174 hea-

2217 1209 2406 1262 tissimi
2437 1207 2723 1278 Gaugerici
2755 1208 3077 1278 iuperpetuo
3107 1207 3522 1278 mancipaudum
3555 1209 3795 1265 devovit.

2213 1296 2322 1353 Cur
2379 1301 2669 1370 producam
2747 1297 3190 1353 sermunculum?
3245 1298 3522 1367 paululum
3592 1298 3798 1368 jacuit,

2215 1389 2408 1444 divintc
2445 1389 2670 1444 medela:
2710 1390 2935 1458 adeptus
2965 1397 3048 1441 est
3099 1387 3362 1458 gratiam;
3393 1404 3491 1459 pro
3549 1390 3802 1459 tantique

2215 1479 2458 1534 beneﬁcii
2513 1479 2813 1548 conpendio
2867 1479 3186 1532 monasticis
3222 1479 3407 1534 usibus
3457 1479 3800 1548 deserviens,

2213 1579 2398 1640 postea
2429 1570 2480 1624 in
2509 1570 2840 1625 monasterio
2865 1579 3239 1624 conversatur.

2285 1661 2339 1714 7.
2377 1661 2450 1714 De
2505 1662 2748 1714 incendio
2789 1661 2988 1714 meritis
3029 1661 3196 1715 sancti
3223 1659 3506 1732 Cattgcrici
3543 1663 3798 1718 extincto.

2215 1751 2369 1806 Auno
2421 1751 2704 1806 dominicm
2753 1751 3140 1806 incarnationis
3201 1751 3334 1806 1027
3381 1755 3472 1814 ¹¹’¹,
3539 1753 3620 1807 l.l.
3669 1753 3800 1809 Julii

2215 1843 2400 1897 oborta
2424 1853 2506 1898 est
2534 1843 2587 1897 in
2615 1844 2728 1914 ipsa
2752 1845 2972 1900 civitate
2995 1855 3142 1899 vasta
3172 1847 3341 1915 pestis
3385 1845 3645 1908 incendii,
3677 1863 3803 1916 qua:

2207 1931 2318 2000 jam
2373 1935 2610 1989 civitatis
2662 1951 2856 2005 magna
2913 1945 3066 2006 parte
3123 1937 3436 2000 combusta,
3487 1937 3804 1994 furentibus

2214 2027 2477 2098 siquidem
2505 2027 2754 2094 ﬂammis,
2789 2033 2963 2084 ventis
2987 2031 3336 2100 agitantibus,
3361 2029 3701 2084 iuvalesceus
3731 2031 3802 2084 ad

2215 2107 2404 2175 domos
2439 2123 2600 2176 etiam
2639 2139 2807 2192 prope
2848 2123 3020 2178 sancti
3071 2123 3170 2176 viri
3220 2123 3608 2176 monasterium
3657 2123 3797 2176 sitas

2215 2227 2384 2280 usque
2415 2224 2764 2281 pervenerat,
2795 2229 2860 2268 ac
2907 2213 3292 2269 inevitabiliter
3337 2222 3617 2282 correptas
3643 2213 3802 2268 edaci

2213 2305 2557 2374 populatione
2607 2307 2927 2362 involverat.
2976 2305 3096 2361 Jam
3157 2321 3286 2361 vero
3329 2305 3550 2373 majoris
3603 2313 3788 2360 metus

2214 2395 2452 2450 causade
2475 2407 2720 2467 StISpecta
2739 2399 2918 2468 templi
2944 2397 3366 2468 conﬂagratione
3387 2395 3650 2450 exoritur.
3671 2393 3794 2450 Non

2213 2487 2357 2542 enim
2430 2488 2661 2545 fortasse
2706 2491 2924 2545 dubimn
2963 2491 3118 2562 quin,
3158 2491 3199 2544 si
3237 2489 3480 2558 proxima
3524 2487 3802 2542 domicilia

2214 2591 2607 2644 cremarentur,
2639 2581 2809 2650 ipsum
2837 2593 2887 2635 et
2927 2581 3310 2636 monasterium
3342 2581 3461 2650 igne
3489 2589 3798 2648 raperetur.

2227 2665 2484 2722 Flaminis
2511 2681 2687 2725 autem
2714 2673 3185 2736 invalesccnlibus,
3233 2681 3406 2726 metus
3447 2669 3678 2740 amplior
3709 2669 3800 2722 in-

2215 2759 2420 2824 cubuit,
2444 2761 3227 2832 globisquevolantilms,totus
3249 2771 3356 2816 tam
3377 2761 3606 2832 populus
3630 2776 3802 2830 quam

2213 2849 2389 2904 clerus
2415 2853 2627 2908 sublato
2653 2855 2705 2908 in
2737 2856 2924 2910 caelum
2956 2855 3193 2910 clamore
3225 2853 3524 2907 infremuit.
3559 2851 3800 2922 Moxque

2213 2939 2319 2994 duo
2365 2957 2429 2996 ex
2471 2944 2684 3000 clericis
2728 2947 2794 3001 de
2841 2947 3111 3002 sententia
3161 2953 3496 3010 ceterorum,
3541 2951 3802 2999 sanctum

2213 3034 2558 3103 sepulchrum
2583 3037 2835 3094 celeriter
2885 3039 3163 3102 adeuntes,
3215 3045 3531 3107 presumpta
3576 3035 3800 3104 quidem

525 3125 626 3178 viri
660 3125 1002 3195 sepulchrum
1033 3139 1304 3198 pro-[rato
1337 3131 1403 3162 ³⁸⁷
1436 3146 1500 3185 ex
1543 3131 1860 3186 lassitudine
1887 3146 2110 3186 somnus
2138 3148 2186 3212 ο
2215 3123 2281 3178 de
2321 3125 2512 3181 timore
2539 3129 2789 3196 audacia,
2836 3131 3046 3184 thecam
3104 3139 3416 3201 argenteam
3441 3125 3800 3182 .sanctissimi

525 3217 786 3288 obrepsit.
822 3219 922 3287 Qui
953 3238 1074 3278 cum
1103 3239 1230 3276 vero
1269 3233 1387 3292 post
1416 3224 1810 3293 aliquantulum
1845 3241 2110 3294 experge-

525 3309 702 3368 factus
757 3316 1116 3380 surrcxisset,
1161 3333 1284 3371 mox
1324 3318 1581 3374 divinitus
1633 3329 1813 3374 mente
1867 3331 2108 3388 recepta,

524 3405 736 3459 cunctis
759 3405 1154 3461 admirantibus
1187 3419 1244 3461 ct
1279 3424 1388 3477 pra:
1411 3409 1609 3479 gaudio
1635 3409 2106 3476 “lacrimantibus,

523 3509 646 3548 cmn
701 3511 890 3565 magna
932 3497 1248 3552 c0nfusione
1271 3500 1493 3568 pmloris
1525 3509 1582 3556 et
1626 3503 1959 3569 pmnitcntiae
1983 3513 2111 3558 ante

523 3586 868 3654 sepulchrum
897 3591 1278 3657 prosternitur;
1311 3589 1592 3645 confessus
1633 3593 1864 3662 culpam,
1895 3594 2114 3660 veniam

522 3679 727 3732 erroris
761 3681 1102 3748 deprecatur.
1147 3673 1386 3751 Denique
1407 3699 1632 3750 compos
1667 3685 1836 3738 animi
1884 3684 2110 3738 onmino

524 3767 774 3832 effectus,
808 3771 1120 3824 tm'masticis
1157 3788 1214 3826 sc
1236 3774 1508 3840 obsequiis
1558 3773 1787 3828 fideliter
1839 3775 2111 3844 mancipa-

523 3859 624 3920 vit,
653 3874 758 3911 non
790 3876 954 3914 ausus
995 3877 1266 3930 quoquam
1294 3863 1430 3916 ultra
1467 3867 1745 3926 secedere,
1771 3863 1944 3920 donec
1991 3875 2111 3934 post

524 3947 752 4002 multum
771 3952 1027 4020 temporis
1052 3953 1358 4010 afratribus
1399 3965 1611 4024 sumpta
1639 3955 1853 4010 licentia
1887 3955 2110 4010 Romam

524 4039 1026 4110 obtinuitpergere.
1061 4041 1365 4098 Notandum
1397 4061 1524 4100 vero
1577 4046 1795 4100 beatum
1847 4045 2110 4114 Gangeti-

526 4144 648 4182 cum
681 4133 866 4200 procul
896 4133 1060 4190 dubio
1083 4137 1332 4192 extitisse
1356 4141 1478 4190 eum
1507 4137 1718 4192 scilicet
1767 4141 2110 4194 sacerdotem

525 4234 686 4287 quem
718 4221 790 4275 illi
821 4223 979 4292 paulo
1015 4235 1140 4280 ante
1171 4226 1408 4282 diximus
1427 4228 1752 4282 occurrisse.

595 4309 647 4364 6.
675 4311 750 4366 De
771 4325 1036 4369 contracto
1064 4328 1272 4372 sanato.
1305 4319 1398 4373 Est
1420 4320 1594 4374 adlmc
1621 4321 1780 4376 homo
1810 4320 1862 4374 in
1919 4337 2110 4376 mona-

527 4403 698 4455 sterio
729 4404 996 4470 serviens,
1029 4406 1635 4476 Hildebertusnomine,
1657 4427 1816 4479 quem
1847 4423 1964 4482 post
1995 4413 2111 4466 lon-

525 4509 647 4560 gum
695 4493 1068 4562 aegritudinem
1133 4501 1342 4556 meritis
1395 4502 1568 4556 sancti
1627 4503 1726 4558 viri
1787 4504 2108 4573 sospitatunt

524 4585 921 4650 cognoscimus.
954 4587 1051 4642 llic
1078 4589 1334 4644 nimirum
1363 4604 1458 4659 per
1491 4599 1658 4644 totum
1689 4589 1803 4647 fere
1832 4593 1959 4647 anni
2011 4594 2112 4650 cir-

526 4671 704 4724 culum
737 4677 918 4729 nescio
957 4679 1112 4748 cujus
1149 4679 1366 4749 generis
1409 4680 1598 4736 morbo
1620 4682 1756 4736 adeo
1786 4683 2110 4754 angebatur,

527 4771 606 4826 ut,
624 4761 857 4816 maxima
879 4775 1032 4834 parte
1051 4769 1294 4837 corporis
1315 4778 1651 4837 premortua,
1672 4771 1818 4826 circa
1843 4772 2110 4828 humano-

527 4869 644 4907 rum
683 4870 875 4908 usuum
915 4859 1090 4910 studia
1142 4860 1286 4914 nullo
1340 4845 1515 4914 ollicio
1545 4860 1886 4932 fungeretur.
1939 4863 2110 4932 Hujus

526 4959 623 5014 pro
649 4947 985 5001 resti;utiotte
1009 4947 1198 5004 salutis
1223 4959 1376 5021 pater
1403 4953 1848 5024 infrequentibus
1873 4956 2111 5012 medico-

529 5053 716 5088 eorum
771 5041 1222 5088 (fmullmlimtilitta
1267 5047 1569 5090 nnrlimmm
1599 5063 1709 5090 sum
1739 5047 2110 5090 cultelnntinlen

2215 3217 2456 3286 corporis
2502 3221 2822 3287 extrahunt,
2865 3221 3178 3291 cursimque
3246 3221 3510 3282 tollentes,
3563 3217 3802 3276 llatnmis

2213 3305 2514 3366 furentibus
2568 3314 2784 3367 obviam
2823 3315 3020 3368 ferunt.
3053 3315 3248 3368 Statim
3287 3330 3438 3382 ergo,
3468 3313 3649 3367 divina
3689 3315 3802 3370 cle—

2213 3400 2412 3454 mentia
2444 3415 2704 3471 operante
2747 3405 3062 3474 meritisque
3089 3405 3260 3460 sancti
3291 3405 3394 3459 viri
3443 3403 3802 3473 suifraganti-

2211 3487 2332 3558 bus,
2357 3491 2427 3546 ita
2461 3502 2604 3549 totus
2657 3497 2796 3567 ignis
2845 3497 3114 3551 submisso
3155 3495 3339 3552 furore
3385 3497 3682 3566 obtorpuit,
3741 3505 3805 3554 ut

2213 3583 2492 3640 rorulento
2517 3587 2754 3657 desuper
2771 3589 2942 3642 imbre
2961 3603 3270 3658 respersmu
3295 3589 3606 3644 estimares.
3633 3587 3802 3644 Multa

2212 3675 2376 3729 etiam
2432 3689 2730 3734 occurrunt
2782 3679 3092 3746 referenda,
3143 3681 3236 3737 sed
3292 3691 3518 3752 angusta
3559 3682 3802 3738 brevitas

2213 3761 2376 3820 libelli
2409 3785 2512 3823 non
2539 3771 2759 3839 patitur.
2777 3772 2916 3842 Quid
2943 3788 3070 3828 vero
3093 3773 3159 3826 de
3185 3773 3530 3829 multitudine
3549 3774 3801 3830 diverso-

2215 3872 2331 3912 rum
2361 3859 2724 3931 languentium
2751 3867 2960 3934 loquar,
2985 3865 3074 3934 qui
3103 3865 3226 3920 illuc
3249 3866 3448 3920 cotidie
3462 3865 3803 3922 confluentes

2213 3953 2498 4008 sanitatem
2531 3959 2845 4027 recipiunt?
2874 3958 3010 4026 Qui]
3043 3959 3156 4012 lucc
3180 3959 3380 4022 dicam,
3412 3974 3536 4012 cum
3561 3957 3801 4027 amplius

2213 4044 2332 4098 visu
2377 4062 2539 4116 quam
2580 4051 2725 4104 dictu
2771 4065 2986 4121 semper
3025 4051 3349 4120 appareant?
3377 4048 3560 4118 Nuper
3585 4063 3722 4102 sane
3747 4057 3806 4104 et

2215 4151 2301 4190 me
2361 4137 2532 4206 ipsum
2567 4140 2810 4196 febribus
2872 4139 3284 4195 intolerabiliter
3327 4139 3663 4194 laborantem
3713 4153 3806 4192 so-

2214 4231 2419 4296 spitali,
2451 4233 2564 4285 Deo
2593 4236 2820 4302 gratias,
2853 4232 3112 4288 restituit.

2283 4319 2334 4374 8.
2389 4323 2626 4391 Scriptor
2680 4341 2830 4378 suam
2873 4323 3128 4392 subinfert
3175 4321 3490 4376 molestiam.
3567 4319 3804 4374 Maxima

2214 4409 2628 4470 incommoJitas
2657 4414 2844 4480 febris,
2871 4431 2992 4484 qua:
3015 4429 3100 4468 me
3125 4413 3216 4468 ditt
3236 4413 3430 4474 tenuit,
3457 4411 3618 4466 verba
3642 4413 3806 4466 modo

2145 4483 2194 4544 Β
2219 4503 2536 4574 succingere
2559 4507 2720 4576 cogit.
2753 4505 2908 4560 Licet
2951 4504 3098 4560 enim
3152 4505 3310 4558 modo
3343 4495 3496 4571 pulsa
3523 4499 3804 4566 molestia,

2220 4593 2330 4650 Deo
2351 4598 2576 4667 gratias,
2603 4597 2874 4668 paulisper
2897 4597 3190 4666 incorpore
3204 4593 3602 4656 convalescam,
3627 4591 3806 4648 adhuc

2221 4695 2396 4742 tamen
2431 4689 2545 4758 ipso
2583 4691 2788 4748 recenti
2833 4689 3018 4746 dolore
3057 4703 3212 4744 mens
3259 4686 3499 4740 sauciata
3547 4683 3802 4746 labascit,

2218 4793 2320 4833 nec
2349 4779 2398 4833 ei
2428 4781 2599 4836 virtus
2633 4781 2840 4850 integra
2877 4780 2944 4834 ad
2987 4778 3149 4849 plene
3195 4775 3544 4833 scribendum
3579 4769 3800 4828 sufﬁcit.

2219 4867 2387 4938 "llius
2410 4886 2537 4941 ergo
2571 4871 2816 4941 opusculi
2842 4872 3114 4944 negotium
3131 4869 3320 4925 stricto
3341 4865 3560 4932 kalamo
3575 4863 3802 4922 interim

2215 4978 2627 5032 prosequamur.
3359 5019 3364 5024 .

2289 5055 2321 5092 (δ
2368 5055 2437 5092 na
2462 5066 2640 5092 eunnln
2671 5055 2911 5092 Auli-larua
2959 5053 3142 5092 ςεὶηριῖ
3171 5050 3386 5092 Anlmrli
3407 5047 3800 5092 mnnaslnrinm
