4052 5358
229 337 327 394 129

1484 327 1686 386 LIBER
1738 327 2129 386 SECUNDUS.
3406 337 3510 394 139

228 460 301 514 et,
332 449 440 503 Deo
465 455 816 518 coeperante,
843 445 910 500 ad
935 445 1018 501 sui
1046 443 1614 514 confessorisglnriam
1645 443 1814 496 multa
1846 450 1892 508 Α
1922 444 2038 497 licis
2084 458 2188 497 non
2217 443 2544 514 adquievere
2592 443 2838 501 consilio.
2890 443 3127 502 Necdum
3159 446 3306 502 enim
3337 450 3509 504 tribus

229 539 357 595 linat
385 540 659 610 prodigia,
687 554 809 609 quae
863 538 1091 592 raritate
1138 536 1467 605 scriptorum
1499 546 1555 588 et
1588 533 1816 604 ignavia

229 633 496 688 uicinorize
515 640 734 686 certum
764 639 846 685 est
875 643 996 685 esse
1023 627 1253 683 sublata.

293 724 378 777 10.
420 716 500 777 De
531 721 898 777 Hunulchort.
925 720 1290 775 Transeamus
1317 718 1384 772 ad
1418 717 1807 773 monasterium

229 815 389 868 sancti
434 814 583 868 Petri
625 815 680 868 in
713 815 836 869 villa
896 811 1237 867 Hunulchurt
1280 812 1374 874 m,
1425 809 1515 863 ubi
1569 817 1814 864 sanctam

227 907 485 962 Pnllinam
512 908 878 976 requiescere.
907 906 1110 973 scripto
1135 903 1368 974 repperi.
1400 901 1513 956 Hoc
1549 901 1812 955 nimirum

230 996 445 1053 illustris
485 1001 589 1062 vir,
626 997 958 1052 Amalt‘ridus
982 995 1219 1054 nomine,
1248 1010 1374 1049 cum
1406 1008 1576 1051 uxore
1597 993 1816 1048 Childe—

230 1090 446 1143 bertaua
473 1089 729 1144 {undavit
757 1090 868 1154 (on.
900 1088 1046 1156 677).
1083 1085 1464 1155 deputatisque
1521 1083 1816 1137 sanctimo-

230 1180 452 1234 nialibus
486 1180 657 1234 tiliam
708 1195 864 1234 suam
918 1177 1213 1230 Aurianam
1271 1174 1546 1245 praefecit;
1600 1174 1814 1244 fuitque

231 1272 345 1325 olim
382 1273 649 1342 religione
669 1271 870 1326 ﬂorens
898 1279 950 1323 et
976 1269 1190 1339 opibus,
1223 1281 1367 1322 nunc
1407 1275 1621 1332 autem,
1667 1276 1812 1336 post-

227 1377 376 1431 quam
399 1364 536 1419 viris
571 1363 904 1419 militaribus
949 1360 1329 1417 beneﬁciatum
1363 1368 1469 1425 est,
1513 1360 1579 1413 ad
1605 1373 1811 1428 paucos

228 1453 518 1508 canonicos
540 1453 845 1508 derivatur.

290 1545 373 1599 ll.
412 1545 484 1576 ³⁸⁸
515 1545 597 1600 De
619 1545 744 1599 villa
777 1542 998 1598 Βαναία.
1054 1543 1110 1597 lu
1140 1542 1260 1598 vico
1284 1542 1451 1597 etiam
1484 1541 1574 1612 qui
1622 1540 1810 1593 Baralu

227 1637 364 1708 (258)
413 1639 483 1693 ab
517 1638 717 1693 incolis
751 1652 944 1690 nomen
969 1637 1200 1705 accepit,
1235 1636 1625 1689 monasterium
1648 1649 1812 1686 catm—

227 1730 353 1784 nicar
375 1729 830 1800 congregationis
852 1727 1052 1791 extitit,
1087 1741 1116 1779 a
1146 1725 1418 1780 Clodoveo
1441 1725 1656 1794 quidem
1687 1740 1812 1793 rege

1921 534 2140 590 milibus
2168 534 2275 589 iter
2305 535 2374 588 ab
2397 537 2531 590 urbe
2560 535 2930 600 confecerant,
2957 552 3080 590 cum
3109 537 3177 591 ab
3208 537 3499 607 inprovisi:

1921 626 2166 682 hostibus
2188 626 2495 697 intercepti,
2526 626 2703 697 gladio
2723 628 3061 682 ceciderunt.
3118 628 3504 684 Monasterium

1918 731 2134 785 quoque
2167 731 2324 770 suum
2385 716 2652 783 diruitur;
2709 726 2820 774 tota
2853 717 3051 772 vicinia
3080 718 3286 773 circum
3328 728 3383 773 ct
3409 721 3512 773 cir-

1918 823 2002 872 ca,
2035 817 2231 877 praeter
2261 808 2621 876 munitiones,
2655 810 2796 866 male
2849 811 3134 880 deripitur.
3177 811 3511 867 Ecclesiola:

1917 913 2046 953 vero
2078 899 2414 954 reaedilicatze
2445 916 2584 955 unus
2629 910 2840 955 tantum
2875 903 3130 957 sacerdos
3153 912 3338 972 postea
3393 919 3512 972 pre-

1918 985 2040 1051 l'uit,
2100 988 2336 1058 illudque
2382 1005 2594 1044 sacrum
2646 991 2927 1046 brachium
2988 993 3130 1060 apud
3175 1007 3273 1048 nos
3328 994 3511 1048 taliter

1919 1077 2079 1130 hodie
2109 1092 2278 1146 usque
2307 1081 2590 1134 remansit.

1989 1167 2171 1219 12'".
2208 1167 2286 1222 De
2339 1168 2461 1222 villa
2512 1168 2744 1224 Sanctis.
2800 1170 2912 1227 Nec
2951 1171 3139 1241 procul
3181 1171 3309 1226 hinc
3370 1174 3510 1243 apud

1917 1255 2146 1312 Sanctos
2180 1258 2326 1330 (259)
2357 1289 2425 1298 —-
2474 1259 2527 1313 id
2580 1260 2698 1315 loco
2735 1262 3052 1316 vocabulum
3093 1292 3164 1302 ——
3208 1263 3510 1332 puel'arum

1914 1349 2160 1413 basilica,
2198 1350 2288 1404 ubi
2322 1360 2514 1405 sancta
2550 1351 2841 1406 Saturuina
2873 1353 3124 1422 quiescit,
3161 1354 3394 1408 traditur
3420 1369 3514 1408 ex.

1915 1439 2110 1493 titissc.
2150 1439 2320 1493 Porro
2355 1441 2468 1494 haec
2502 1441 2651 1510 virgo
2679 1442 2744 1496 de
2779 1441 3074 1496 Germania
3105 1443 3385 1512 praeclaris
3417 1459 3515 1497 na-

1917 1530 2114 1585 talibus
2163 1542 2308 1594 orta,
2339 1546 2366 1584 a
2407 1533 2640 1599 pueritia
2687 1547 2842 1587 suam
2873 1533 3236 1604 virginitatem
3284 1533 3512 1588 Domino

1851 1631 1855 1638 '
1915 1623 2086 1675 vovit.
2119 1621 2292 1687 Quam
2345 1638 2466 1675 cum
2515 1631 2765 1692 parentes
2789 1622 2944 1692 juxta
2992 1625 3156 1679 ritum
3199 1623 3511 1679 saecularem

1920 1713 2177 1766 maritare
2225 1713 2596 1782 disponerent,
2639 1715 3004 1782 integritatem
3042 1716 3267 1785 pudoris
3309 1715 3511 1770 ca-lesti

225 1829 278 1874 ut
318 1820 498 1875 ferunt
545 1820 851 1880 conditum,
904 1826 957 1872 et
997 1833 1026 1871 a
1061 1817 1218 1870 beato
1241 1814 1477 1870 Vedasto
1511 1815 1562 1868 in
1609 1815 1812 1870 honore

1917 1819 2114 1872 sponso
2135 1818 2352 1860 servare
2386 1805 2634 1871 malleus,
2662 1806 2844 1861 viriles
2878 1807 3144 1862 thalamos
3173 1808 3360 1877 procul
3410 1807 3510 1861 οι»,

227 1912 387 1967 sancti
447 1911 672 1982 Georgii
743 1923 1142 1964 consecratum.
1191 1907 1304 1962 llhc
1342 1907 1489 1961 cnim
1527 1906 1810 1961 brachium

226 1999 452 2066 ejusdem
490 2001 744 2055 martiris
767 1999 1086 2053 habebatur.
1125 1998 1236 2052 lioc
1275 2007 1456 2052 autem
1505 1998 1815 2067 locupletis.

227 2090 406 2144 simum
429 2099 484 2144 et
505 2090 825 2144 veneralnlc
845 2091 1107 2144 columna:
1135 2103 1478 2154 marmoreze,
1511 2095 1564 2142 et
1588 2093 1810 2158 antiqua

227 2181 433 2252 pulchra
488 2182 729 2237 aedilicia
764 2196 886 2251 qum
929 2180 1106 2234 adhuc
1159 2191 1477 2249 supersunt,
1529 2177 1697 2234 fuisse
1738 2190 1819 2235 te-

229 2283 450 2328 stantur.
479 2275 546 2328 In
573 2273 767 2328 diebus
790 2270 1515 2342 autemDodilouiscpiscopi
1541 2271 1702 2335 (circa
1726 2288 1814 2324 an.

228 2360 340 2426 881)
389 2363 646 2418 videntes
695 2361 948 2416 canonici
997 2359 1432 2415 Normauuorum
1494 2360 1816 2416 bachaniam

229 2453 357 2508 circa
371 2455 532 2509 istam
552 2454 890 2525 provinciam
908 2453 1104 2522 ubique
1118 2452 1381 2518 desevire,
1397 2462 1472 2517 et,
1491 2463 1546 2506 ut
1564 2453 1816 2522 superius

231 2563 680 2612 memoravimus.
737 2546 1040 2615 profanatis
1091 2560 1266 2600 sacris
1320 2545 1558 2599 cultibus
1597 2554 1816 2599 sanctas

232 2637 312 2691 Dci
327 2653 474 2692 casas
503 2639 804 2692 incendere
819 2678 834 2703 ,
853 2651 1037 2690 sacras
1055 2635 1315 2704 reliquias
1327 2650 1450 2690 cum
1467 2650 1578 2689 suis
1592 2636 1816 2703 quibus-

229 2742 322 2797 que
351 2729 682 2783 necessuiis
717 2730 771 2782 in
808 2738 1046 2782 nostram
1070 2725 1369 2781 meelesmm
1401 2734 1716 2783 attulerunt.
1751 2725 1818 2777 al)

231 2819 331 2888 ipso
367 2820 900 2890 uimirumepiscopo
928 2819 1164 2873 humane
1193 2818 1450 2883 suscepti.
1483 2816 1580 2872 Ubi
1604 2833 1688 2886 per
1720 2817 1816 2870 ali-

228 2917 355 2982 quod
373 2913 638 2984 temporis
661 2912 930 2967 demorati
975 2926 1095 2966 cum
1115 2916 1252 2981 jam,
1274 2911 1707 2965 adversariorum
1732 2911 1819 2963 de-

229 3006 507 3061 cessionem
533 3005 964 3066 arbitrautes,ad
985 3018 1082 3058 sua
1100 3002 1394 3074 repedandi
1421 3001 1698 3057 licentiam
1717 3000 1817 3054 lla-

228 3099 491 3166 gitasseut,
510 3098 708 3151 nolens
723 3096 1100 3167 episcopuseis
1122 3095 1491 3164 adqmcscere.
1510 3096 1574 3146 ad
1604 3104 1816 3162 tempus

1917 1895 2147 1948 horruit.
2179 1894 2378 1950 Videns
2427 1905 2609 1950 autem
2665 1898 2790 1966 quia
2838 1906 2932 1951 aut
2986 1897 3252 1953 voluntati
3317 1913 3515 1967 parens

1918 1995 2030 2037 tum
2086 2000 2190 2037 non
2236 1994 2414 2054 posset
2455 1988 2710 2041 resistere
2751 1997 2845 2042 aut
2892 1990 3128 2058 protervi
3178 1989 3360 2059 sponsi
3420 2005 3516 2058 ap-

1918 2075 2144 2144 petitum
2186 2076 2440 2140 evadere,
2485 2091 2512 2128 a
2549 2079 2792 2144 paternis
2831 2079 3039 2134 mdibus
3071 2080 3307 2135 latenter
3331 2095 3515 2152 egres-

1917 2179 1977 2218 sa
2037 2163 2214 2234 fugam
2254 2165 2402 2231 iniit;
2458 2178 2543 2230 ct,
2596 2167 2662 2221 a'd
2715 2169 2853 2224 hanc
2886 2170 3138 2225 viciniam
3187 2188 3357 2242 usque
3391 2188 3516 2242 per-

1920 2253 2163 2318 veniens,
2197 2253 2350 2322 juxta
2392 2255 2692 2324 predictum
2737 2257 2912 2311 vicum
2948 2273 3168 2313 cursum
3203 2261 3330 2314 vita:
3371 2275 3515 2314 mar-

1923 2341 2047 2396 tirio
2072 2345 2488 2396 consuuunavit.
2518 2343 2652 2396 Nam
2705 2346 2784 2398 vir
2816 2343 2905 2399 ille
2936 2347 3021 2400 cui
3059 2356 3215 2416 pacta
3244 2362 3274 2401 a
3320 2362 3513 2418 percito

1921 2432 2062 2487 tibus
2110 2440 2248 2498 erat,
2279 2433 2547 2502 palantem
2593 2450 2763 2502 usque
2803 2436 2870 2488 ad
2896 2436 3071 2504 ipsum
3106 2437 3284 2492 locum
3317 2452 3508 2507 perse-

1917 2535 2076 2580 cutus
2104 2535 2206 2579 est.
2242 2524 2413 2591 Quem
2443 2542 2563 2580 cum
2598 2537 2717 2595 post
2758 2539 2966 2597 tergum
3009 2529 3158 2600 virgo
3188 2530 3512 2584 venerabilis

1918 2613 2130 2668 eminus
2161 2615 2549 2682 prospexisset,
2583 2625 2691 2669 tota
2727 2617 3031 2684 iutrenmit,
3065 2628 3121 2674 et
3157 2621 3428 2689 quomodo
3453 2636 3512 2675 se

1917 2707 2188 2759 morsibus
2221 2705 2526 2762 infestantis
2567 2708 2753 2762 bestia:
2801 2721 3104 2776 exemerct,
3148 2711 3340 2765 nescit.
3370 2713 3513 2779 Quid

1917 2811 2064 2850 enim
2102 2793 2346 2851 taceret?
2376 2796 2520 2862 Mox,
2551 2799 2628 2851 uti
2663 2807 2783 2852 erat
2816 2801 3017 2855 animal
3047 2801 3298 2871 simplex,
3332 2809 3516 2872 pasto-

1919 2887 2068 2942 ribus
2113 2889 2205 2957 qui
2251 2888 2376 2944 illuc
2409 2904 2626 2959 gregem
2669 2894 2988 2960 pascebant,
3031 2893 3415 2949 abscondenda
3452 2909 3514 2950 se

1917 2978 2218 3043 interserit,
2284 2981 2575 3051 talitcrque
2617 2993 2954 3051 quaerentem
3003 2985 3173 3042 latere
3214 2988 3508 3042 estimavit.

1916 3067 2070 3134 Quod
2115 3078 2294 3124 tamen
2322 3073 2540 3142 juvenis
2590 3085 2917 3144 aucupatus.
2951 3087 3009 3130 ut
3060 3077 3216 3148 lupus
3268 3080 3512 3133 esuriens

227 3187 418 3240 monuit
445 3187 809 3242 differendum
847 3205 860 3240 :
891 3201 1020 3242 sane
1053 3188 1286 3241 llOSlllllll
1330 3200 1623 3256 precavcre
1649 3185 1812 3253 perti-

1921 3177 2082 3230 super
2135 3164 2476 3219 innocentem
2537 3168 2804 3220 oviculam
2874 3170 3052 3235 irruit,
3117 3172 3514 3240 evagimtoque

227 3276 522 3341 diam,coru
537 3297 586 3332 ιιι
615 3280 823 3333 reditus
851 3291 1131 3348 suspectos
1151 3277 1282 3343 doli;
1315 3292 1384 3331 ne
1407 3287 1608 3330 temere
1622 3277 1813 3330 crede-

228 3379 492 3425 rentvaua:
519 3372 791 3440 epiuioui,
823 3382 1027 3426 certam
1064 3370 1412 3425 securitatem
1429 3370 1607 3440 potius
1621 3383 1816 3437 cxpec-

228 3470 406 3516 tarcnt.
449 3461 752 3515 Audientes
797 3477 926 3531 ergo
979 3461 1058 3516 sic
1105 3462 1440 3530 episcopum.
1496 3467 1817 3514 manserunt

228 3551 542 3621 aliquandiu.
601 3552 797 3606 Paucis
857 3568 984 3606 vero
1049 3562 1171 3623 post
1224 3552 1414 3606 diebus
1455 3549 1812 3620 interpositis,

229 3657 406 3697 uerum
464 3644 670 3698 adeunt
701 3645 1038 3713 cpiscOpum,
1064 3651 1373 3698 asserentes
1404 3643 1614 3698 hostem
1644 3658 1811 3698 exce-

229 3732 360 3796 dere,
391 3737 578 3788 omnia
610 3744 746 3800 tuta,
778 3751 1028 3790 securum
1059 3737 1222 3792 etiam
1249 3734 1350 3790 sibi
1390 3742 1578 3805 patere
1630 3750 1814 3790 reces-

229 3837 354 3876 sum.
397 3825 478 3879 Ad
531 3841 673 3894 quos
723 3827 1010 3896 episcopus
1045 3845 1057 3880 :
1099 3826 1428 3892 «Quaenam,
1461 3827 1677 3896 inquit,
1722 3843 1816 3882 vos

227 3922 389 3968 movet
439 3915 766 3969 temeritas?
807 3915 956 3981 Quod
1019 3917 1287 3982 asseritis,
1319 3931 1423 3969 non
1483 3917 1668 3980 credo,
1717 3916 1811 3969 sed

228 4005 442 4060 fortasse
469 4023 572 4061 vos
619 4006 759 4061 fallit
801 4008 1024 4077 OpllIlO;
1077 4018 1290 4064 tuanete
1343 4008 1543 4074 adhuc,
1600 4024 1813 4074 moueo,

225 4102 371 4157 state,
402 4097 535 4151 nihil
574 4097 721 4167 apud
752 4114 839 4152 me
880 4099 1074 4154 vestris
1099 4099 1283 4154 usibus
1308 4099 1526 4153 interim
1559 4099 1812 4154 defuerit.

224 4183 378 4242 Porro
393 4205 527 4259 gens
568 4189 656 4243 illa
693 4188 842 4244 ferox
873 4199 955 4244 est
980 4199 1033 4245 et
1058 4191 1283 4255 callida,
1315 4190 1444 4245 nulli
1489 4206 1742 4261 parcens;
1769 4173 1815 4244 si

226 4272 413 4331 incauti
468 4278 804 4343 incideritis,
861 4280 1127 4334 maturior
1162 4294 1327 4334 ausus
1379 4281 1641 4334 seriorem
1699 4281 1811 4333 luet

225 4368 623 4434 paenitentiam.
640 4388 659 4421 ι
681 4368 791 4423 lilis
810 4378 987 4424 autem
1003 4379 1192 4425 contra
1205 4369 1402 4425 obnixe
1420 4369 1813 4441 ﬂagitantibus,

223 4467 271 4511 et
307 4461 483 4515 omnia
514 4471 634 4515 tuta
673 4461 1046 4532 proculdubio
1089 4462 1527 4532 astipulantibus.
1583 4464 1810 4533 adjecit:

224 4549 340 4605 Cum
363 4554 472 4607 lucc
497 4555 573 4608 ita
603 4557 670 4609 sit
702 4565 869 4610 vestra
896 4555 1170 4620 sententia,
1195 4565 1304 4608 esto
1328 4555 1348 4609 ,ν
1371 4557 1423 4609 in
1449 4567 1617 4610 vestra
1643 4572 1805 4609 manu

226 4638 639 4699 deliberationem
668 4645 967 4710 constituo;
999 4645 1135 4698 illud
1173 4654 1348 4698 tamen
1371 4647 1560 4714 pignus
1585 4646 1808 4715 preciosi

227 4730 408 4786 brachii
432 4734 578 4804 apud
617 4751 699 4788 me
728 4737 990 4801 retinebo;
1041 4737 1143 4789 hoc
1172 4735 1406 4805 quodam
1439 4737 1687 4807 presagio
1731 4736 1805 4791 ita

229 4821 520 4890 disponens,
574 4827 665 4888 ne,
720 4824 764 4879 si
817 4825 1086 4890 videlicet,
1129 4825 1273 4894 quod
1311 4837 1492 4894 postea
1552 4827 1803 4897 probavit

229 4923 467 4977 eventus,
522 4915 820 4969 adversarii
873 4916 1257 4979 iucursarent,
1315 4918 1598 4971 thesaurus
1668 4918 1800 4972 tanti

231 5003 468 5066 ponderis
541 5005 850 5074 disperiret.
927 5008 1166 5077 Accepta
1235 5008 1416 5077 itaque
1491 5008 1802 5077 huiusmodi

231 5087 451 5153 licentia.
482 5097 688 5164 paratis
717 5097 944 5161 viaticis,
968 5115 1090 5153 cum
1141 5107 1288 5152 tanta
1321 5100 1684 5154 obstinatione
1715 5116 1800 5154 rc-

234 5196 398 5240 meare
424 5197 742 5256 coeperunt,
775 5187 1072 5256 dementes,
1123 5191 1214 5260 qui
1258 5192 1600 5264 supraposito
1621 5192 1800 5262 ponti.-

1919 3252 2097 3322 gladio
2123 3254 2423 3309 de‘collavit.
2461 3259 2592 3322 Quae
2633 3273 2780 3320 mox.
2809 3269 2866 3311 ut
2891 3263 3188 3329 antiquitas
3213 3263 3510 3318 relatorum

1919 3343 2082 3395 audet
2125 3357 2393 3404 asserere.
2425 3347 2704 3415 proprium
2753 3357 2910 3417 caput
2960 3351 3209 3404 manibus
3260 3353 3509 3420 sumpsit,

1917 3439 2220 3502 populoque
2240 3445 2519 3503 spectante
2545 3453 2716 3507 usque
2744 3440 2794 3492 in
2823 3440 3120 3494 aecclesiam
3169 3457 3288 3509 qua:
3312 3444 3364 3495 in
3395 3443 3512 3512 ipsa

1917 3523 2040 3576 villa
2083 3524 2137 3576 in
2176 3524 2384 3579 honore
2425 3529 2598 3581 sancti
2665 3527 2894 3600 Remigii
2946 3531 3135 3585 aderat
3181 3531 3510 3602 deportavit.

1916 3611 1999 3665 Ad
2029 3613 2185 3683 cujus
2221 3627 2350 3685 ergo
2383 3617 2788 3674 venerationem
2830 3636 2860 3674 a
2911 3621 3160 3676 fidelibus
3201 3623 3513 3680 christiani!

1919 3701 2064 3758 facto
2101 3707 2464 3764 monasterio.
2496 3709 2753 3777 puellaris
2802 3714 3153 3784 congregatio
3208 3713 3511 3785 delegatur,

1921 3800 2038 3866 sed,
2066 3800 2327 3869 predictis
2372 3803 2552 3858 causis
2590 3805 3080 3877 intercipientihus,
3114 3808 3178 3861 ad
3209 3808 3368 3864 unius
3390 3825 3516 3879 pre-

1919 3892 2107 3946 sbiteri
2143 3893 2464 3959 obsequimu
2506 3897 2786 3968 redigitur.
2830 3899 2924 3953 Est
2958 3910 3136 3954 autem
3172 3903 3390 3970 antiqua
3426 3917 3513 3956 re-

1920 3982 2050 4038 latio
2099 3985 2243 4053 quod
2293 3985 2452 4054 longo
2503 3998 2624 4056 post
2669 3998 2910 4060 tempore
2949 3991 3210 4057 Saxones,
3246 3993 3516 4048 incertum

1919 4089 2026 4144 qua
2073 4090 2258 4142 causa,
2298 4079 2365 4132 ad
2419 4079 2555 4133 hanc
2600 4080 2856 4134 viciniam
2919 4082 3287 4149 devenerunt,
3319 4092 3373 4137 et
3416 4097 3516 4152 per

1922 4165 2096 4234 ipsum
2153 4167 2334 4220 vicum
2405 4177 2791 4236 transeuntes,
2844 4173 3028 4226 audita
3088 4173 3304 4241 quidem
3357 4189 3514 4229 sacra

1919 4255 2212 4324 opinione,
2261 4266 2472 4328 partem
2518 4262 2764 4330 corporis
2815 4278 2985 4317 sacrae
3035 4263 3264 4333 virginis
3317 4280 3513 4336 aspor-

1921 4361 2130 4408 larunt.

1993 4446 2080 4500 l5.
2122 4446 2199 4501 De
2226 4448 2542 4502 monasterio
2591 4459 2790 4502 sancta:
2831 4448 3021 4503 Maria:
3066 4449 3508 4505 Atrebatensium.

1845 4503 1892 4564 θ
1923 4535 2217 4592 Veniamus
2258 4551 2400 4592 nunc
2446 4539 2512 4592 ad
2539 4538 2900 4594 Atrebateuse
2943 4538 3299 4604 territorium,
3328 4539 3512 4595 Mona-

1916 4628 2146 4683 sterium
2203 4643 2442 4698 namque
2473 4638 2675 4686 sancta:
2714 4631 2915 4696 Mariae,
2951 4632 3041 4688 ubi
3067 4633 3338 4702 quondam
3379 4649 3514 4704 pou-

1917 4721 2134 4776 tilicalis
2192 4721 2463 4777 cathedra:
2509 4723 2848 4793 principatus
2898 4722 3100 4788 fuerat,
3150 4727 3509 4798 quadraginta

1913 4811 2210 4866 canonicos
2246 4810 2430 4866 habet.
2477 4811 2610 4866 lllud
2671 4827 2799 4867 vero
2847 4813 3121 4869 modernis
3168 4816 3356 4870 diebus
3403 4815 3510 4871 llo.

1911 4903 2114 4968 dulfus,
2147 4903 2315 4973 ipsius
2366 4903 2608 4958 ecclesia:
2639 4905 3031 4972 tbesaurarius,
3065 4905 3294 4961 concilio
3324 4907 3509 4962 domui

1911 4995 2143 5052 Gerardi
2173 4995 2414 5064 episcopi
2445 4995 2752 5064 ampliavit;
2793 5007 3045 5065 essetque
3090 4996 3238 5051 locus
3281 5013 3509 5052 venera-

1913 5091 2036 5146 bilis
2062 5099 2114 5145 et
2145 5089 2326 5143 minus
2369 5089 2637 5160 indigens,
2668 5091 2771 5144 uisi
2817 5090 3050 5146 fastuosa
3097 5088 3508 5146 Flandreusium

1913 5184 2130 5238 comitis
2167 5177 2512 5247 excellentia,
2546 5197 2664 5253 quae
2701 5183 2857 5254 juxta
2897 5181 3284 5253 supereminet,
3318 5184 3510 5237 adver-

1539 5303 1564 5328 1
1597 5304 1618 5328 Α
1638 5303 1698 5328 :2:
1722 5301 1770 5328 .11.‘
1791 5308 1795 5311 ι
1818 5301 1837 5328 τ
1861 5293 2207 5328 ιη’·’ῐπιηκιΐς
