4052 5358
297 314 396 368 155

1565 325 1760 382 LlBER
1800 320 2180 388 SECUNDUS.

3440 354 3542 410 i3l

299 402 493 462 dlcnnt.
543 405 842 465 Notandum
874 424 997 465 vero
1046 412 1189 482 quod
1233 413 1383 470 locus
1430 416 1531 474 iste
1570 421 1868 489 antiquitus
1892 427 1943 486 Α
1969 422 2112 480 libus
2155 424 2471 496 regulariter
2505 425 2791 500 institutis,
2821 432 3148 494 abbatissam
3192 443 3407 500 nomine

297 497 424 550 adeo
446 495 804 568 preminebat.
827 511 884 555 ut
911 502 978 554 ab
1007 517 1073 556 oo
1109 505 1288 560 omnis
1309 516 1493 562 nostra
1521 510 1669 581 regio
1695 505 1860 568 etiam

298 601 455 654 usque
491 587 547 640 in
573 602 798 656 presens
822 587 1033 658 Belgica
1063 592 1355 648 diceretur.

355 677 444 731 25.
488 677 564 732 De
588 680 702 732 uico
724 678 984 735 Humum.
1017 681 1076 736 lu
1125 683 1246 738 vico
1275 685 1439 740 etiam
1482 702 1643 757 quem
1679 690 1865 746 dicunt

295 765 522 820 llasnum
547 768 767 823 abbatia
790 771 961 825 fuerat
991 773 1187 841 regalis
1211 773 1339 828 olim
1381 785 1541 846 atque
1571 778 1858 846 ditissima,

293 858 377 912 ubi
418 875 482 913 ex
515 862 754 915 maxima
794 873 942 932 parte
988 867 1334 934 requiescunt
1373 882 1600 938 corpora
1649 885 1862 928 sancto-

294 962 400 1002 rqu
424 949 722 1006 Marcellini
752 963 803 1005 et
835 952 992 1008 Pctri'.
1028 953 1178 1012 Nunc
1204 968 1384 1012 autem
1424 959 1706 1031 degeneris
1758 979 1858 1019 sae-

293 1039 384 1092 culi
421 1041 667 1094 moribus
715 1043 943 1108 vlciatis,
969 1045 1057 1099 ubi
1106 1056 1230 1100 tunc
1273 1048 1452 1103 clerici
1480 1049 1636 1118 pauci
1677 1053 1858 1107 descr-

290 1130 447 1195 viunt,
490 1131 792 1186 desolatam
823 1143 876 1187 et
908 1135 1118 1205 inopem
1143 1139 1511 1195 cotnloletnus.

348 1221 431 1276 26.
474 1221 552 1275 De
591 1222 895 1279 Marcenils.
969 1228 1123 1296 Apud
1167 1227 1349 1286 villam
1390 1249 1604 1303 quoque
1645 1236 1855 1294 Marce-

285 1312 392 1366 nias
441 1311 640 1382 (271),
692 1316 842 1386 virgo
885 1315 954 1347 ¹¹⁸
1005 1317 1098 1372 Dei
1153 1319 1389 1390 gloriosa
1455 1325 1726 1384 Rictrudis
1784 1345 1852 1386 ex

283 1399 507 1468 propriis
548 1401 748 1469 opibus
786 1409 840 1456 et
880 1405 1094 1472 praediis
1133 1409 1361 1463 consilio
1398 1414 1570 1467 sancti
1600 1414 1848 1484 Amamli,

281 1490 363 1558 qui
399 1498 525 1544 tunc
565 1493 822 1562 temporis
861 1495 1082 1564 insignis
1119 1497 1436 1568 habebatur,
1465 1509 1846 1564 monasterium

282 1578 487 1644 struxit,
518 1579 608 1632 ubi
640 1582 1144 1639 sanctimonialibus
1167 1588 1234 1640 ad
1261 1589 1602 1647 serviendum
1638 1595 1851 1666 delega-

283 1666 362 1728 tis,
393 1665 504 1735 ipsa
535 1668 702 1722 etiam
748 1671 1020 1727 abbatissa
1061 1674 1302 1731 habenas
1343 1680 1620 1747 regiminis
1657 1665 1844 1741 mode-

1963 515 2302 571 mentrudem
2332 517 2593 586 praefecit.

2031 602 2120 658 29.
2172 603 2252 660 De
2300 607 2422 662 villa
2468 607 2701 680 Haspro.
2776 613 2894 682 Quo
2943 627 3183 686 tempore
3240 619 3533 676 Normanui

1961 694 2194 749 maxime
2245 697 2460 766 quidem
2509 699 2609 755 Rol
2662 711 2891 773 tyranno
2943 706 3221 765 incentore
3278 727 3372 780 per
3427 711 3530 767 hoc

1962 796 2207 848 regnum,
2248 797 2306 838 ut
2343 803 2438 855 per
2467 788 2590 854 alia,
2623 793 2968 861 desevierint,
2997 806 3052 852 et
3079 812 3176 853 ceu
3207 815 3366 870 supra
3397 802 3534 856 dixi-

1961 887 2080 926 mus
2108 874 2170 943 (t,
2194 875 2303 945 6i),
2333 877 2502 947 culpis
2533 881 2952 939 christianorum
2978 889 3317 959 exigentibus
3339 892 3532 948 asceis-

1955 960 2068 1014 sias
2096 973 2408 1018 sanctorum
2439 969 2640 1034 passim
2670 971 3068 1030 combusserint
3098 995 3111 1030 :
3145 986 3304 1033 tanta:
3345 981 3530 1034 forati-

1957 1048 2103 1105 dinis
2136 1061 2455 1122 tempestate
2490 1071 2712 1128 corpora
2753 1072 3084 1128 sanctorum,
3111 1065 3343 1137 Aycadri
3385 1070 3530 1125 vide-

1953 1138 2078 1197 licet
2129 1154 2290 1213 atque
2335 1143 2609 1218 Hugonis,
2649 1153 2715 1204 de
2759 1152 3016 1226 Gemegio
3070 1157 3234 1228 (274)
3282 1163 3529 1226 cenobio,

1954 1234 2098 1302 quod
2127 1251 2288 1306 super
2326 1237 2546 1294 [luvium
2577 1239 2898 1310 Sequanam
2926 1262 3030 1302 non
3069 1251 3254 1317 procul
3294 1253 3362 1306 ab
3399 1254 3531 1308 urbe

1955 1323 2252 1396 Rotomago
2294 1326 2456 1381 situm
2495 1339 2598 1393 est,
2632 1334 2698 1386 ad
2747 1333 2924 1389 villam
2974 1337 3264 1408 llasprum,
3297 1357 3420 1410 quae
3461 1346 3533 1399 ab

1953 1415 2086 1470 urbe
2115 1427 2298 1472 nostra
2331 1434 2436 1474 non
2472 1421 2594 1490 plus
2623 1439 2784 1493 quam
2813 1428 2997 1482 decem
3035 1430 3251 1486 milibus
3281 1433 3529 1502 dispara-

1953 1503 2406 1570 tur,al|ata,sunt.
2433 1509 2606 1576 Quam
2643 1513 3019 1569 villamutrunt
3045 1519 3282 1574 abantea
3311 1536 3528 1590 posses-

1952 1612 2068 1652 sam
2097 1599 2434 1669 subjacuisse
2461 1604 2743 1672 przelibato
2767 1609 3117 1674 monasterio,
3143 1627 3209 1665 an
3242 1621 3367 1668 tunc
3400 1623 3530 1670 tem-

1951 1686 2098 1755 poris
2125 1698 2217 1742 aut
2239 1703 2268 1741 a
2297 1705 2422 1758 rege
2450 1700 2542 1746 aut
2572 1707 2604 1746 a
2634 1693 2874 1762 quolibet
2896 1697 3138 1766 principe
3164 1714 3262 1767 pro
3290 1703 3529 1758 remedio

281 1766 387 1810 rata
422 1767 523 1812 est.
553 1759 608 1812 ln
650 1759 806 1828 cujus
835 1762 942 1817 vita
983 1764 1295 1833 plurimmn,
1319 1777 1373 1823 et
1401 1781 1522 1840 post
1552 1773 1718 1829 vitam
1754 1777 1843 1830 ali-
1880 1775 1928 1835 Β
1953 1778 2145 1831 animae
2175 1782 2522 1848 receptationi
2548 1759 2858 1838 sanctorum
2896 1759 3150 1842 traditam
3194 1787 3358 1844 fuisse
3381 1791 3528 1846 dica-

279 1849 584 1915 quantulum
644 1852 834 1922 religio
884 1856 1087 1921 crevit,
1142 1872 1379 1928 ususque
1436 1862 1849 1921 :ecclesiasticus

279 1927 586 2006 regulariter
617 1942 872 1997 adolevit.
902 1945 1096 2000 Seculo
1131 1957 1310 2003 autem
1354 1966 1588 2022 semper,
1625 1965 1684 2009 ut
1713 1956 1849 2010 dixi-

277 2046 404 2095 mus,
437 2033 488 2087 in
524 2034 769 2090 deterius
799 2038 1018 2105 vieiato,
1053 2041 1288 2111 ipsarum
1335 2046 1500 2101 etiam
1543 2050 1845 2119 puellarum

275 2124 395 2178 ordo
436 2125 627 2179 viciari
675 2136 728 2182 et
774 2128 1056 2198 depravari
1103 2145 1372 2204 cmperat;
1407 2136 1627 2208 jamque
1671 2143 1845 2210 magis

277 2229 332 2268 ac
373 2217 538 2285 magis
587 2218 912 2288 depravatus
959 2238 1077 2278 mos
1125 2226 1178 2280 in
1229 2228 1482 2298 degeneri
1527 2234 1844 2300 posteritate

264 2319 427 2376 usque
471 2310 524 2362 in
575 2326 801 2378 presens
835 2313 1146 2371 duraverat.
1184 2317 1366 2388 Nuper
1395 2335 1524 2374 vero
1550 2321 1842 2389 jamdictus

273 2396 422 2452 abbas
457 2397 813 2466 Leduwiuus,
853 2401 1095 2460 Gerardo
1137 2408 1388 2478 episcopo
1431 2417 1485 2464 et
1529 2413 1841 2467 marchione

271 2485 516 2544 Balduino
577 2491 978 2560 satagentibus,
1036 2494 1264 2552 feminas
1317 2499 1550 2568 turpiter
1596 2501 1840 2556 viventes

272 2581 509 2636 mundato
561 2582 682 2639 loco
725 2587 1052 2654 exturbavit,
1085 2604 1148 2644 ac
1195 2593 1490 2646 monachos
1521 2595 1612 2664 qui
1648 2595 1839 2652 melius

268 2679 318 2723 et
337 2670 638 2742 religiosius
657 2675 730 2707 ’³⁸⁵
746 2677 858 2734 Deo
882 2687 938 2732 et
954 2679 1229 2748 prelibata:
1252 2682 1472 2754 virgini,
1493 2700 1612 2754 qua:
1639 2686 1836 2741 ibidem

267 2761 495 2829 quiescit.
532 2763 873 2831 deserviant,
906 2769 1209 2824 constituit.

325 2851 408 2904 27.
448 2853 530 2908 De
585 2853 893 2927 Hamatgia.
969 2857 1080 2915 Nec
1142 2861 1328 2928 procul
1384 2863 1540 2930 hinc,
1594 2864 1648 2918 in
1711 2864 1837 2922 villa

266 2937 534 3011 liamatgia
603 2944 807 3015 (272),
870 2946 1026 3003 beata
1093 2965 1306 3020 quoque
1361 2952 1562 3008 Christi
1635 2953 1836 3009 famula

265 3027 512 3097 Eusebia,
557 3036 816 3103 predictae
861 3039 1069 3094 scilicet
1109 3041 1336 3111 virginis
1376 3043 1515 3108 lilia,
1562 3059 1628 3099 ex
1677 3045 1836 3099 rebus

1951 1885 2092 1934 mus,
2119 1871 2382 1926 incertum
2409 1880 2510 1928 est.
2546 1873 2623 1928 Ex
2671 1875 2756 1930 his
2797 1886 2945 1931 certe
2982 1878 3171 1934 beatus
3203 1881 3524 1950 Aycadrius,

1949 1973 1981 2013 a
2031 1972 2218 2016 sancto
2259 1963 2519 2019 Filibcrto
2561 1965 2799 2035 ejusdem
2849 1970 3058 2024 cenobli
3102 1971 3294 2027 abbate
3327 1973 3525 2042 proba-

1950 2053 2157 2110 tissimo
2203 2055 2370 2111 abbas
2416 2057 2578 2112 etiam
2627 2060 2988 2125 constitutus,
3030 2063 3266 2132 regimen
3311 2080 3524 2120 sacrum

1946 2144 2160 2212 agebat,
2186 2146 2415 2216 vitzeque
2462 2149 2706 2204 moribus
2750 2159 2805 2204 et
2849 2152 3104 2206 \irtutum
3152 2155 3526 2210 coruscatione

1944 2231 2202 2301 fulgebat.
2234 2233 2313 2288 Ad
2348 2235 2497 2303 cujus
2528 2237 2668 2305 piam
2699 2240 3161 2294 conversationem
3196 2251 3412 2295 sanctus
3444 2242 3528 2296 vir

1943 2319 2158 2375 Domini
2199 2321 2354 2392 llugo
2396 2323 2810 2393 Rotomagensis
2840 2327 3144 2395 episcopus,
3176 2329 3522 2386 Karlemauni

1944 2411 2086 2480 regis
2136 2411 2296 2476 illius,
2337 2413 2518 2466 divina
2569 2415 2925 2483 inspiratione
2966 2431 3282 2480 succensus,
3320 2418 3523 2473 relictis

1942 2501 2203 2570 siquidem
2237 2503 2577 2572 episcopatus
2616 2505 2841 2560 habenis
2877 2507 3137 2576 curisque
3166 2509 3516 2564 saecularibus

1942 2593 2228 2656 abdicatis,
2274 2593 2608 2663 disciplinam
2655 2597 3043 2652 monachorum
3077 2610 3133 2654 et
3170 2601 3410 2656 habitum
3451 2619 3517 2658 ex

1944 2695 2053 2740 toto
2081 2685 2348 2739 desiderio
2373 2686 2655 2755 appetivit;
2687 2689 2966 2758 sacrisque
2995 2693 3239 2762 magistri
3269 2696 3512 2751 moribus

1941 2773 2283 2839 informatus,
2304 2776 2451 2830 onmi
2473 2776 2730 2830 virtutum
2757 2792 2954 2846 genere
2979 2779 3249 2850 perfectus
3273 2785 3515 2840 emicuit.

1938 2865 2114 2921 Ambo
2142 2875 2320 2922 autem
2367 2867 2462 2934 qui
2490 2876 2541 2920 et
2587 2868 2773 2936 quales
2801 2870 3102 2936 extiterint,
3133 2888 3320 2928 eorum
3363 2874 3516 2931 Vitas

1940 2955 2238 3026 legentibus
2287 2956 2566 3012 evidenter
2611 2958 2870 3014 occurrit.
2923 2959 3020 3016 liis
3073 2962 3326 3016 nimirum
3375 2965 3518 3035 apud

1940 3047 2080 3100 hanc
2103 3046 2281 3100 villam
2303 3046 2528 3114 posthac
2550 3048 2977 3115 remanentibus,
3000 3052 3328 3108 monasterio
3348 3051 3514 3120 facto,

263 3121 599 3181 hereditariis
620 3128 920 3186 :ecclesiam
947 3132 1168 3198 struxit,
1197 3150 1381 3203 quam,
1411 3136 1835 3192 sanctimoniali-
1859 3125 1905 3186 Ο
1941 3138 2220 3191 monachis
2258 3137 2531 3208 delcgatis,
2572 3141 2640 3194 ad
2670 3139 2884 3196 laudem
2927 3157 3114 3197 eorum
3158 3143 3278 3212 pius
3319 3156 3374 3200 et
3415 3147 3516 3201 mi-

263 3211 352 3268 bus
391 3218 726 3284 constitutis,
757 3219 922 3275 etiam
963 3222 1079 3292 ipsa
1121 3225 1395 3280 abbatissa
1429 3241 1528 3295 pro
1563 3230 1723 3282 modo
1754 3227 1840 3282 fa-

261 3303 466 3362 cultatis
513 3309 686 3364 multa
722 3324 827 3382 ope
865 3310 1100 3378 dotavit;
1141 3329 1259 3384 qua
1303 3330 1447 3369 nunc
1482 3332 1580 3386 per
1614 3317 1836 3372 srecttla-

262 3396 460 3451 ritatem
529 3399 760 3455 multum
816 3401 1068 3473 delapsa,
1124 3405 1213 3460 vix
1273 3420 1477 3474 paucos
1542 3406 1834 3462 canonicos

259 3482 428 3541 habet.

317 3576 404 3631 28.
444 3578 522 3633 De
564 3579 805 3652 Duneng.
885 3584 1090 3641 Rursus
1160 3602 1378 3657 quoque
1431 3587 1486 3642 in
1545 3587 1668 3644 vico
1721 3587 1833 3643 Du-

259 3683 386 3738 neng
416 3669 568 3741 (273)
597 3672 753 3729 beata
785 3674 1092 3734 Rainfredis
1121 3668 1187 3733 ex
1231 3681 1314 3734 sui
1346 3679 1486 3749 juris
1525 3680 1690 3736 rebus
1726 3683 1835 3736 cel-

257 3756 352 3813 lam
393 3760 666 3829 fundavit,
699 3775 775 3830 et,
809 3768 1305 3824 sanctimonialibus
1349 3771 1678 3833 constitutis,
1715 3773 1829 3841 ipsa

256 3850 403 3906 etiam
443 3856 720 3911 abbatissa
757 3859 1115 3928 regimonium
1153 3862 1324 3917 duxit.
1367 3862 1606 3919 l-lanc'“|
1647 3873 1826 3920 autem

255 3953 424 4008 pOStea
455 3945 804 4003 incumbente
831 3949 1010 4018 inopia
1039 3951 1350 4020 inclinatam
1380 3954 1535 4026 pauci
1575 3955 1821 4010 canonici

257 4031 567 4104 incolebant,
607 4038 779 4094 donec
819 4041 1050 4096 consilio
1087 4043 1266 4099 domui
1311 4044 1536 4100 Gerardi
1584 4046 1820 4116 episcopi

255 4131 302 4175 et
334 4123 607 4183 Leduwini
642 4131 886 4194 abbatis,
932 4133 1193 4188 moderno
1239 4143 1478 4205 tempore
1526 4135 1822 4192 Balduinus

256 4227 420 4271 comes
448 4218 515 4272 ad
545 4221 838 4288 priStinum
868 4230 1068 4278 statum
1097 4225 1357 4291 restituit,
1389 4224 1571 4296 ibique
1615 4226 1823 4279 monia-

1936 3227 2171 3282 sericors
2199 3227 2340 3282 Deus
2375 3227 2566 3292 multa,
2598 3229 2766 3284 immo
2791 3238 2846 3284 et
2873 3230 3223 3286 celeberrima
3255 3233 3514 3286 virtutum

1937 3313 2177 3385 prodigia
2223 3316 2476 3386 dignatus
2522 3327 2606 3372 est
2643 3319 2883 3388 operari,
2924 3320 2978 3374 in
3020 3329 3225 3376 tantum
3273 3339 3402 3377 sane
3455 3331 3516 3378 ut

1937 3422 2096 3462 nemo
2147 3423 2212 3462 ex
2262 3409 2455 3464 vicinis
2500 3412 2809 3479 potentibus
2863 3421 2956 3467 aut
3009 3413 3062 3467 in
3117 3415 3512 3483 expeditionem

1935 3499 2223 3567 aliquando
2244 3499 2671 3561 transeuntibus,
2699 3499 2860 3554 ullam
2884 3503 3340 3571 presumptiunem
3365 3514 3514 3559 ante-

1933 3586 2034 3642 hac
2073 3587 2270 3641 amicat
2316 3587 2575 3658 irrogare.
2615 3587 2720 3643 Sed
2754 3588 2880 3658 quia
2915 3590 3301 3644 monachorum
3343 3590 3514 3647 abbas

1933 3673 2088 3745 lenge
2119 3675 2327 3740 aberat,
2357 3691 2556 3745 eosque
2598 3677 2873 3732 rarissime
2910 3693 3008 3749 pro
3043 3677 3358 3734 dilIicultate
3393 3679 3512 3737 lou-

1931 3764 2250 3836 ginquitatis
2277 3765 2497 3820 visitare
2527 3767 2755 3832 solebat,
2788 3769 2839 3822 in
2873 3769 3125 3824 libertate
3154 3771 3314 3826 soluti
3342 3789 3512 3828 s:ecu-

1929 3855 2037 3910 lum
2068 3857 2434 3922 sectabantur,
2469 3857 2953 3929 inregulariterque
2979 3862 3221 3918 viventes
3246 3879 3414 3933 usque
3439 3865 3511 3920 ad

1932 3955 2142 4016 tempus
2191 3945 2415 4001 Gerardi
2472 3948 2738 4019 episcopi,
2793 3959 2976 4019 utpote
3024 3953 3225 4023 absque
3277 3965 3508 4021 rectore,

1930 4037 2400 4107 periclitabantur.
2432 4038 2584 4106 Quod
2617 4042 2805 4095 videns
2833 4042 3138 4112 episcopus,
3168 4044 3416 4101 abbatem
3449 4059 3509 4102 ut

1930 4131 2033 4186 hoc
2071 4131 2370 4201 corrigeret
2403 4146 2544 4199 same
2584 4134 2946 4198 commonuit;
2978 4137 3072 4188 sed
3099 4137 3244 4204 quia,
3278 4147 3334 4190 ut
3368 4136 3508 4190 dixi-

1930 4237 2070 4289 mus,
2102 4221 2258 4292 longe
2287 4222 2496 4288 aberat,
2525 4223 2916 4278 correctionem
2960 4225 3287 4279 morabatur.
3323 4224 3505 4281 Conti-

1521 4400 1754 4456 VARle
1796 4398 2202 4456 LECTIONES.

313 4504 381 4602 ’ξ’
398 4523 606 4602 era'sum
631 4509 680 4563 l.
705 4522 1020 4582 expunctum
1050 4513 1102 4567 2.
1131 4514 1296 4568 Marc.
1331 4513 1562 4584 gloriosa
1595 4523 1842 4566 matrona
1865 4512 2038 4566 Rictr.
2063 4512 2116 4565 5.
2151 4510 2222 4578 cf.
2253 4511 2395 4580 infra
2427 4510 2544 4578 III,
2569 4514 2601 4569 8
2630 4523 2676 4568 et
2688 4511 2936 4582 Ducange
2963 4529 3005 4566 ε.
3033 4530 3078 4567 ιν.
3101 4511 3282 4602 ‘Virgo.
3326 4514 3499 4602 .mnita

407 4592 460 4602 ,Α
487 4579 686 4602 .-εφη
716 4581 731 4602 .
839 4582 912 4602 ...
943 4583 1029 4602 ..-,
1072 4600 1149 4602 _,,
1201 4587 1253 4602 ..
1320 4586 1334 4602 .
1989 4596 2000 4602 ,
2038 4582 2186 4602 ..-μ

252 4569 298 4624 2.
325 4574 371 4626 6.
407 4578 690 4647 religiosus
714 4569 784 4635 1.’Δ
839 4582 912 4614 ³⁸⁸
935 4583 1031 4635 hoc
1060 4594 1213 4652 caput
1235 4587 1289 4664 in
1315 4569 1363 4638 iv.
1397 4585 1564 4664 pritth
1590 4585 1663 4636 ita
1689 4582 1952 4664 desinebat
1983 4596 2000 4632 :
2038 4569 2192 4664 Hane
2218 4569 2395 4634 autem
2422 4621 2435 4634 .
2469 4620 2482 4636 .
2515 4569 2578 4664 .'.
2611 4623 2624 4637 .
2656 4623 2669 4636 .
2705 4569 2918 4664 2...“...
2953 4621 2966 4635 .
3001 4621 3016 4637 .
3045 4621 3060 4636 .
3092 4569 3363 4641 mittimitti.
3393 4587 3498 4641 Sed

254 4646 407 4698 scriba
448 4646 575 4715 ipse,
606 4668 711 4702 non
752 4662 956 4713 auctor,
989 4646 1152 4706 erasis
1183 4646 1409 4723 quinque
1447 4653 1522 4708 vel
1558 4669 1652 4723 sea;
1682 4652 1889 4723 vocibus
1939 4668 2056 4723 qua:
2095 4653 2230 4704 inter
2265 4666 2451 4723 autem
2479 4663 2525 4706 et
2552 4652 2797 4708 canonici
2827 4651 3056 4720 fuerant,
3092 4668 3291 4708 rasum
3317 4671 3500 4723 super.-

254 4716 442 4782 scripsit

518 4730 664 4773 ostca
696 4721 731 4772 i.
762 4722 795 4773 i.
829 4721 978 4782 incli,
1009 4720 1209 4790 reliqua
1234 4720 1413 4776 natatu
1438 4721 1758 4794 —7prcl'ecit
1781 4722 1833 4774 in
1862 4720 2100 4790 margine
2122 4720 2372 4789 supplevit
2403 4724 2581 4794 eodem
2602 4739 2815 4794 prorsus
2837 4733 3127 4794 atramento
3169 4740 3270 4794 qua
3295 4720 3496 4794 reliqua

256 4786 434 4838 omnia.
477 4785 662 4841 Vocem
693 4791 940 4844 canenici
966 4785 1138 4844 delere
1161 4793 1348 4846 oblitus
1370 4804 1462 4846 est.
1493 4785 1740 4862 sequenti
1774 4785 2147 4872 verojer'npore
2166 4785 2324 4871 quant
2353 4790 2520 4880 cladem.
2537 4810 2568 4844 a
2596 4785 3498 4880 nbibliopegajconcideretur,pzimlre

256 4852 463 4880 ριιὲιιομέ-
505 4856 651 4880 12η-..
686 4857 866 4880 ΙΣ..---...
909 4861 1067 4880 μΙ--νΞΑ
1097 4877 1117 4880 κ-
1177 4879 1182 4880 ,
1248 4874 1258 4880 .
1388 4862 1436 4880 σι·
1488 4873 1516 4880 ν.
1604 4872 1647 4880 ᾼ.
1710 4878 1716 4880 _
1812 4878 1821 4880 _
1850 4877 1913 4880 -.-
1991 4862 2141 4880 l_,.__
2215 4876 2323 4880 *-υ-
2426 4877 2442 4880 -
2552 4877 2567 4880 _
2616 4878 2713 4880 _,___,
2794 4879 2851 4880 ,,,
2910 4877 2924 4880 ᾼ

255 4852 463 4944 ςιύιηυὶε
502 4856 651 4910 linere
678 4857 866 4913 littera
898 4861 1118 4914 abscisa:
1143 4874 1259 4916 sunt
1283 4902 1296 4920 .
1324 4862 1516 4916 scilicet
1563 4852 1764 4944 natam,
1811 4852 2188 4944 uicindenec,
2215 4861 2326 4913 mni
2369 4859 2467 4944 Ge,
2503 4852 2981 4944 Letlu‘wi,'m'oder,
3023 4873 3129 4944 etc.
3173 4861 3302 4944 [iam
3347 4863 3400 4916 2.
3439 4866 3495 4919 6.

255 4917 470 5001 legerunt
509 4927 680 4980 adhuc
721 4939 875 4997 atque
922 4931 1184 5001 exhibent,
1212 4917 1383 4999 premi
1427 4948 1586 5000 supra
1619 4917 1896 4994 dedimus;
1927 4917 1984 4985 ᾖ.
2010 4930 2128 5001 jam
2164 4917 2353 4984 manca
2398 4917 2472 4984 ita
2510 4917 2756 4985 exhibet}
2790 4949 2840 5001 p.
2872 4932 2908 4984 i.
2952 4917 3298 5001 inclinantem
3340 4947 3395 5000 p.
3441 4949 3492 4988 e.

256 4986 541 5056 incolebant
577 5034 592 5049 .
627 5034 642 5048 .
682 5033 698 5049 .
735 5037 747 5048 .
781 4986 1008 5052 consilio
1039 5001 1091 5053 d.
1124 4986 1190 5055 ϐ.
1212 4986 1268 5054 ἐξ.
1301 5011 1356 5055 et
1388 5039 1402 5053 .
1432 5038 1445 5053 .
1482 4986 1500 5054 ί
1529 5040 1542 5053 .
1573 5038 1590 5054 .
1620 5002 1837 5056 abbatis
1877 4986 1891 5052 ί
1925 5039 1938 5054 .
1970 4986 2034 5054 ,ἶ

989 5072 1146 5146 pauci
1179 5085 1229 5124 e.
1268 5071 1301 5125 Ξ-
1335 5088 1456 5146 ςρέειε
1486 5072 1715 5146 consilio
1747 5069 1929 5146 domui
1963 5070 2028 5126 G.
2057 5086 2107 5146 e.
2141 5080 2192 5125 et
2221 5070 2299 5146 L._
2323 5085 2374 5122 a.
2417 5078 2762 5146 mrtcmpore

254 5053 298 5146 il:
324 5060 466 5146 habet
500 5081 516 5118 :
545 5081 598 5146 p.
635 5067 676 5145 i.
704 5067 883 5146 inopia

2083 5010 2329 5082 temp-pre
2361 5039 2376 5056 .
2411 5041 2424 5053 .
2459 5041 2473 5054 .
2611 5040 2623 5054 .
2658 5039 2674 5054 .
2710 5041 2726 5056 .
2864 5040 2880 5054 .
2909 5038 2924 5054 .
2961 5001 3050 5054 DE
3090 4999 3494 5082 γιμρεξεεεά

2905 5069 3176 5146 comeset!
3206 5069 3495 5146 pristinum
