4052 5358
493 337 598 394 135

1457 331 1684 388 casm
1721 316 2137 388 PON‘l‘tHc'U-M
2171 319 2782 385 CAMERACENSIUM.

3652 321 3758 378 1'56

493 453 570 521 git
593 455 775 504 autem
827 435 1138 515 episcopum
1169 456 1267 512 pro
1294 443 1673 500 meclesiastica
1708 443 2067 499 sollicitudine

2243 460 2331 514 3|.
2371 459 2445 514 Dc
2483 458 2798 511 monasterio
2836 456 3002 510 sancti
3042 454 3225 511 Saleii.
3258 453 3367 510 Nec
3404 455 3592 526 procul
3628 457 3756 510 hinc

491 542 635 596 forte
674 555 771 609 per
814 539 952 593 hanc
976 533 1154 588 villam
1198 536 1485 590 transitum
1518 535 1713 599 facere,
1742 535 2077 606 prcefatoque

495 630 680 688 abbati
711 628 952 685 Leduino
978 647 1047 669 νει
1076 642 1260 682 comes
1293 628 1435 682 enim
1478 637 1598 682 erat
1637 628 1848 684 itineris
1874 658 1945 668 —
1974 627 2075 683 ob~

498 735 717 775 scenam
759 717 1150 772 monachorum
1189 715 1652 771 conversationem
1685 717 1944 772 indicare.
1981 717 2080 771 Sa-

493 807 634 863 iuhri
659 807 846 870 etiam,
877 805 1042 861 immo
1081 804 1408 874 competenti
1448 804 1678 859 consilio
1717 805 1965 860 hortatus
1995 815 2079 859 est

495 900 647 955 illum
676 907 757 964 ut,
803 898 848 952 si
891 901 1027 967 quas
1060 911 1148 951 res
1183 897 1354 950 sancti
1389 896 1603 952 Vedasti
1639 897 1690 950 in
1721 897 1916 951 vicinia
1958 912 2080 967 pre-

496 989 648 1044 libati
683 987 893 1042 ccnobii
928 987 1173 1050 haberet,
1205 1000 1298 1040 eas
1330 986 1597 1056 siquidem
1628 1002 1727 1057 pro
1759 987 1862 1042 hoc
1895 1005 2082 1044 mona-

497 1077 693 1140 sterio,
744 1073 887 1144 quod
943 1075 1045 1129 sibi
1101 1084 1248 1129 esset
1307 1075 1656 1145 contiguum,
1717 1084 2079 1142 conmutnret,

498 1169 752 1237 huncque
772 1163 850 1198 ’“
877 1159 1055 1220 locum
1102 1181 1199 1235 pro
1248 1166 1551 1235 conpendio
1589 1173 1805 1220 interna:
1835 1181 2083 1221 remune-

507 1259 736 1313 rationis
777 1256 1064 1312 meliorare
1113 1265 1406 1325 satageret.
1444 1255 1544 1321 Qui
1585 1255 1726 1310 inter
1778 1255 2080 1326 huiusmodi

499 1348 767 1418 colloquia
800 1347 1008 1403 incerto
1034 1347 1210 1411 luesit,
1241 1353 1296 1400 et
1327 1354 1506 1400 tamen
1542 1345 1653 1400 acsi
1683 1345 1897 1402 diﬂicile
1932 1363 2077 1401 recu-

439 1454 456 1462 '
497 1439 660 1493 savit.
709 1439 820 1493 Nec
873 1437 1042 1492 multo
1092 1445 1213 1507 post
1263 1446 1446 1491 autem
1491 1437 1754 1507 temporis
1799 1437 2084 1492 intervallo

497 1529 667 1583 abbas
695 1526 990 1582 salubriter
1018 1526 1320 1590 consultus,
1352 1527 1488 1581 bene
1529 1536 1586 1582 et
1628 1527 1918 1598 diligenter
1955 1545 2085 1584 con-

500 1609 741 1672 sldErata
789 1615 1186 1686 oportunitate,
1251 1623 1439 1670 notum
1500 1615 1630 1671 fecit
1682 1618 1972 1688 episcopo,
2027 1633 2085 1674 se

499 1717 851 1764 executorem
880 1707 995 1762 l‘ore
1025 1706 1355 1769 monitionis.
1389 1708 1433 1762 si
1475 1709 1543 1763 ab
1581 1709 1696 1780 ipso
1726 1710 1920 1765 abbate
1949 1709 2086 1766 Teo-

500 1799 686 1853 derico
749 1798 1226 1853 commutationem
1297 1799 1588 1869 impetrare
1649 1800 1875 1856 valeret.
1911 1794 2162 1856 .UndeB

501 1881 644 1941 lctus
674 1887 982 1957 episcopus,
1011 1887 1271 1943 continuo
1295 1889 1499 1944 directa
1530 1889 1796 1960 legatione
1837 1891 2088 1945 abbatem

502 1973 861 2032 Teodoricum
894 1979 1122 2032 adorsus
1151 1987 1254 2045 est,
1284 1987 1595 2034 monstrans
1638 1981 1832 2035 anima:
1874 1981 2089 2051 pericu-

510 2067 644 2132 lum,
675 2068 728 2122 ni
771 2077 1013 2139 tempore
1061 2071 1162 2122 sibi
1208 2071 1535 2125 consuleret.
1566 2072 1700 2128 Cum
1750 2073 1908 2144 longe
1949 2083 2094 2129 esset

512 2158 743 2224 positus,
775 2157 951 2212 locum
987 2170 1322 2214 commutare
1353 2160 1602 2228 deberet;
1655 2163 1798 2231 quod
1827 2164 1870 2217 si
1905 2161 2090 2228 nollet,

511 2250 769 2319 adjuncto
798 2251 902 2305 sibi
947 2251 1206 2304 Balduino
1251 2252 1566 2308 marchione
1607 2252 1770 2309 falsos
1799 2255 2092 2308 monachos

503 2341 823 2410 expelleret,
853 2341 1140 2410 locumque"
1186 2344 1475 2398 emendare
1512 2359 1635 2399 cum
1677 2345 1823 2399 omni
1854 2345 2092 2399 auctori-

507 2437 618 2484 tate
647 2438 936 2501 satageret.
965 2430 1140 2500 Super
1169 2433 1312 2501 quod
1337 2434 1504 2488 abbas
1533 2436 1837 2504 conpetenti
1868 2435 2094 2489 consilio

506 2533 659 2584 usus,
687 2520 961 2574 tnandatis
981 2521 1216 2590 episcopi
1246 2521 1564 2577 satisfacere
1585 2524 1876 2588 estimavit,
1909 2526 2096 2579 rebus-

507 2626 614 2678 que
641 2612 813 2666 sancti
835 2610 1076 2674 Vedasti.
1103 2628 1222 2680 qua:
1252 2613 1304 2666 in
1330 2629 1426 2666 sua
1455 2614 1653 2667 vicinia
1686 2614 2092 2684 circumjacent,

509 2703 803 2772 susceptis,
840 2702 1022 2754 villam
1071 2703 1335 2771 Hasprtun
1375 2703 1616 2758 Leduino
1656 2705 1838 2758 abbati
1880 2716 2096 2759 contra-

512 2792 652 2846 tlidit
703 2792 827 2860 (an.
869 2791 1061 2862 1024).
1107 2791 1232 2846 ihcc
1283 2802 1464 2846 autem
1513 2795 1864 2850 commutatio
1913 2810 2094 2848 coram

509 2884 773 2942 Botberto
829 2900 954 2957 rege
1011 2886 1345 2940 Francorum
1406 2900 1699 2956 coramque
1771 2886 2095 2950 comitibus,

509 2979 774 3034 Balduino
817 2980 1070 3035 videlicet
1114 2979 1524 3034 Flandreusium
1570 2989 1624 3034 et
1669 2979 1900 3035 Ricardo
1940 2981 2098 3035 Roto—

511 3072 871 3140 tnagensium,
921 3069 1062 3124 facta
1091 3080 1193 3136 est,
1227 3079 1280 3124 ct
1309 3071 1510 3124 eisdem
1547 3071 1894 3125 corroborata
1925 3071 2092 3141 (9T0).

2179 551 2306 605 olim
2337 550 2552 620 quidem
2584 549 2755 604 sancti
2787 547 3000 602 Martini
3045 548 3364 612 arcclesiola,
3397 565 3538 604 nunc
3575 560 3760 603 autem

2181 643 2567 698 monasterium
2595 639 2912 695 canonicale
2941 640 2995 694 in
3017 640 3367 695 veneratione
3393 642 3555 694 etiam
3585 643 3762 696 sancti

2182 733 2349 788 Salvii
2381 732 2614 802 episcOpi
2652 738 2706 783 et
2751 731 2989 784 martiris
3017 740 3246 785 constat.
3287 729 3406 802 [(V.
3439 730 3608 802 Salv.)
3642 733 3763 802 Ipso

2182 838 2414 894 namque
2464 833 2706 891 tempore
2751 834 2972 892 sanctus
3021 820 3262 887 Salvius,
3321 829 3465 876 totus
3514 831 3764 892 superna:

2181 916 2372 986 patria:
2416 913 2648 976 inhians,
2677 927 2838 966 causa
2877 906 3326 982 peregrinationis
3361 913 3600 968 habenas
3639 915 3766 985 reli-

2182 1008 2300 1077 quit
2334 1005 2624 1075 episcopii,
2671 1003 3048 1074 profectusque
3085 1019 3342 1074 peregre,
3393 1005 3764 1073 praedicationi

2183 1113 2404 1168 operam
2433 1097 2561 1151 dare
2584 1097 2878 1151 estimavit.
2911 1095 3079 1164 Igitur
3107 1100 3174 1150 de
3203 1095 3322 1150 loco
3342 1095 3409 1149 ad
3436 1096 3612 1150 locum
3639 1110 3766 1164 pro-

2185 1190 2404 1253 cedens,
2431 1189 2653 1240 verbum
2696 1185 2790 1240 Dei
2831 1187 3024 1256 populo
3068 1185 3410 1258 suggerebat,
3441 1195 3495 1240 cl.
3531 1187 3768 1240 maxime

2185 1279 2645 1334 Celebrationibus
2693 1279 2980 1332 missarum
3013 1279 3268 1333 instabat.
3319 1278 3515 1332 Verum
3564 1278 3654 1332 ubi
3698 1279 3766 1330 ad

2186 1368 2359 1440 ipsam
2392 1369 2645 1424 viciniam
2677 1368 2974 1434 deveniret,
2999 1384 3062 1424 ac
3099 1370 3330 1439 quadam
3365 1370 3451 1424 die
3477 1369 3542 1424 de
3569 1369 3768 1425 Valens

2189 1462 2435 1515 tiancnse
2488 1470 2643 1530 portu
2695 1461 2762 1515 ad
2818 1461 2994 1514 vicum
3048 1459 3350 1516 Coudatum
3390 1461 3686 1528 transiret,
3736 1477 3767 1514 a

2187 1552 2422 1621 quedam
2460 1550 2718 1620 pestifero
2748 1550 2907 1606 iactis
2944 1551 3158 1607 insidiis
3194 1560 3401 1621 captus,
3435 1553 3487 1606 in
3522 1554 3769 1608 custodia

2189 1643 2466 1714 religatur,
2523 1643 2797 1713 raptisque
2853 1643 3183 1698 indumentis
3233 1643 3661 1699 sacerdotalibus
3715 1655 3774 1698 ct

2187 1733 2524 1788 ornamentis
2574 1732 2997 1802 episcopalibus,
3044 1748 3163 1802 qua:
3208 1749 3390 1788 secum
3439 1744 3807 1804 portaverat,

2195 1825 2570 1881 obtruncatur.
2600 1825 2962 1896 Sepultusque
2989 1842 3020 1879 α
3052 1826 3181 1880 viris
3209 1826 3476 1896 religiosis
3497 1825 3550 1880 in
3581 1841 3775 1895 supra-

2196 1919 2342 1973 dicta
2387 1918 2560 1973 sancti
2610 1917 2824 1972 Martini
2868 1918 3132 1983 aecclesia,
3175 1928 3301 1974 tunc
3345 1919 3412 1972 ad
3453 1932 3692 1988 przesens
3720 1927 3777 1975 et

2194 2017 2382 2079 postea
2437 2007 2620 2064 multis
2659 2008 3144 2077 praeconizantibus
3173 2007 3467 2073 miraculis,
3495 2009 3680 2077 quanti
3720 2018 3779 2062 et

2194 2101 2371 2170 qualis
2417 2101 2594 2155 meriti
2645 2101 2914 2156 extitisset
2971 2100 3240 2169 apparuit,
3277 2109 3336 2154 ut
3381 2099 3690 2170 plenissime
3720 2101 3778 2156 iu

2195 2190 2334 2245 libro
2371 2205 2482 2246 sua
2518 2190 2784 2260 passionis
2818 2191 3139 2260 repperitur.
3168 2189 3318 2245 Unde
3340 2191 3598 2245 attonitus
3629 2191 3780 2260 prin-

2195 2295 2325 2350 ceps
2363 2281 2600 2349 regionis
2629 2279 3094 2344 Karlomartellus,
3126 2295 3223 2348 pro
3256 2280 3432 2336 salute
3471 2281 3664 2334 animae
3708 2283 3777 2336 de’

2196 2374 2312 2444 ipso
2335 2374 2465 2428 lisco
2489 2372 2907 2428 Valentianense
2934 2381 2988 2427 et
3016 2374 3084 2428 de
3109 2373 3228 2427 aliis
3253 2373 3415 2428 rebus
3440 2372 3612 2428 locum
3641 2387 3777 2442 aug-

2196 2463 2480 2526 mentavit,
2507 2472 2892 2531 sumptumque
2923 2461 3332 2532 stipendiarium
3365 2462 3647 2532 deputans,
3677 2477 3776 2526 cae

2197 2553 2421 2609 nonicos
2448 2550 2780 2624 constituit.]

2267 2685 2356 2741 52.
2399 2685 2474 2740 De
2511 2686 2813 2740 Marecolis.
2857 2685 3089 2741 Smctus
3123 2700 3338 2755 quoque
3371 2686 3452 2739 vir
3484 2685 3578 2740 Dei
3611 2685 3783 2740 liuntc

2197 2780 2406 2845 bertus,
2446 2781 2733 2834 sanctitate
2780 2779 3106 2849 conspicuus
3152 2788 3208 2832 et
3252 2793 3355 2832 non
3401 2779 3609 2832 modice
3657 2793 3786 2846 pre-‘-

2199 2872 2394 2934 diatus,
2434 2885 2499 2923 ex
2543 2870 2716 2938 patria
2759 2866 3118 2924 Laudunense
3167 2868 3458 2929 decedens,
3503 2869 3554 2921 in
3601 2859 3784 2922 villam

2201 2960 2483 3015 Marcclias
2531 2960 2678 3030 (277)
2720 2959 2896 3014 locum
2945 2975 3057 3014 sum
3107 2967 3308 3013 sancta:
3355 2961 3785 3014 conversationis

2204 3051 2392 3120 elegit;
2428 3051 2609 3119 ibique
2639 3051 2704 3103 de
2737 3049 2896 3104 rebus
2926 3049 3159 3119 propriis
3187 3058 3238 3104 et
3267 3051 3480 3120 praediis
3507 3061 3782 3104 monastec

508 3163 696 3220 Abbas
743 3163 924 3232 itaque
961 3161 1252 3221 Leduinus,
1287 3170 1345 3214 ul
1383 3163 1662 3216 etliiicalor
1703 3163 1951 3217 videlicet
1981 3164 2093 3216 ido-
2125 3132 2169 3192 ﬂ
2201 3142 2339 3195 rium
2369 3143 2421 3196 in
2453 3141 2799 3195 νοθθτίηίθηθ
2829 3151 3029 3195 Sm'cm’
3061 3143 3150 3196 Dei
3183 3143 3458 3213 Scllimds
3487 3151 3540 3196 οι
3565 3151 3787 3197 sanam

514 3269 669 3318 nens,
701 3255 878 3310 locum
909 3268 1030 3308 cum
1054 3270 1263 3308 summo
1294 3253 1496 3318 studio,
1527 3254 1589 3306 ad
1623 3253 1832 3308 laudem
1857 3263 1909 3307 ct
1942 3269 2099 3308 vene-

513 3346 784 3400 rationem
811 3354 1118 3400 sanctorum
1175 3345 1264 3414 qui
1296 3344 1490 3398 ibidem
1516 3345 1822 3414 quiescunt,
1853 3345 2100 3398 emenda-

511 3438 612 3500 vit,
641 3438 902 3507 novisque
937 3435 1167 3491 ediliciis
1197 3444 1250 3490 et
1288 3435 1525 3490 claustro
1570 3434 1804 3506 regulari
1841 3435 2100 3504 insignire

514 3528 779 3582 exercuit.

583 3617 672 3672 30.
717 3617 790 3670 De
828 3615 1168 3672 Valentianis.
1237 3617 1294 3671 ln
1334 3627 1518 3672 castro
1552 3617 1954 3673 Valcntianensi
1989 3634 2102 3672 mo-

518 3709 817 3764 nasterium
864 3718 944 3762 est
983 3710 1394 3774 canonicorum,
1433 3709 1574 3779 quod
1620 3709 1876 3762 Arnult’us
1922 3725 2102 3764 comes

521 3797 749 3851 consilio
798 3804 852 3849 ct
895 3798 1218 3850 auctoritate
1269 3797 1529 3850 llotbardi
1575 3797 1810 3867 episc0pi
1855 3799 2001 3867 (278)
2045 3799 2096 3852 iu

521 3887 728 3941 honore
759 3885 929 3939 sancti
964 3882 1230 3940 Johannis
1262 3886 1512 3954 Baptista:
1545 3887 1869 3950 censtruxit,
1904 3887 2096 3943 rebus-

520 3992 625 4048 que
663 3992 760 4048 pro
796 3977 1157 4046 oportunitate
1205 3978 1435 4045 collatis,
1484 3980 1766 4036 duodecim
1804 3981 2096 4036 canonicos

521 4069 817 4139 deputavit.

2203 3250 2321 3287 rum
2361 3234 2722 3302 apoutolorum
2772 3234 2917 3289 Petri
2949 3247 3000 3289 ct
3032 3234 3179 3288 Pauli
3212 3235 3503 3304 apostolica
3545 3236 3788 3290 auctori-

2205 3332 2314 3377 tate
2358 3324 2665 3378 construxit
2695 3323 2862 3392 (2'18).
2910 3323 3144 3392 lllucque
3191 3324 3449 3378 fratribus
3490 3327 3557 3378 ad
3595 3326 3786 3380 deser-

2202 3413 2453 3466 vieudum
2495 3412 2731 3478 statutis,
2769 3413 2881 3482 ipse
2916 3413 3078 3468 etiam
3121 3413 3346 3467 Domino
3382 3414 3647 3476 serviens,
3674 3415 3789 3467 vir-

2207 3510 2378 3554 tutum
2402 3502 2570 3571 signis
2595 3511 2650 3555 et
2671 3501 2932 3556 doctrina:
2959 3503 3188 3570 vitmque
3216 3502 3425 3556 meritis
3447 3502 3580 3555 satis
3603 3503 3790 3556 clarus

2208 3590 2462 3653 emicuit,
2504 3591 2687 3658 ibique
2725 3589 2961 3643 laborem
3006 3591 3164 3659 hujus
3208 3591 3328 3643 vita:
3379 3604 3790 3654 consummatis,

2211 3680 2454 3749 sepultus
2487 3680 2539 3733 in
2573 3695 2704 3748 pace
2738 3681 2987 3749 quiescit.
3020 3679 3169 3736 Hauc
3212 3681 3475 3748 siquidem
3514 3679 3790 3735 abbatiam

2198 3772 2416 3842 primus
2439 3771 2564 3826 Otto
2589 3774 2900 3843 imperator,
2933 3773 3167 3828 Heinrici
3197 3774 3336 3843 regis
3360 3773 3498 3827 [ilius
3525 3773 3696 3843 (9.79),
3732 3783 3794 3827 ut

2208 3864 2262 3917 in
2301 3864 2476 3933 primo
2527 3864 2662 3919 libro
2703 3865 2864 3920 latius
2907 3868 3245 3936 digessimus,
3279 3876 3516 3936 tempore
3547 3866 3795 3923 Fulberti

2202 3958 2440 4027 episcopi
2472 3959 2770 4014 habendam
2803 3961 3024 4016 tradidit
3044 3971 3246 4018 sancta:
3269 3960 3359 4016 Dei
3384 3959 3572 4015 matris
3595 3957 3796 4015 ιιι-ρειαί

2203 4051 2296 4105 sia:
2323 4053 2807 4106 Cautcraccnsium.

1856 4183 2086 4240 VARIAE
2126 4182 2521 4240 LECTIONICS.

523 4301 593 4331 ¹¹⁶
617 4301 863 4372 duncque
889 4301 940 4355 l.

2003 4386 2235 4448 ΝΟΤιΕ.

599 4525 745 4595 (2'75)
786 4523 936 4580 Hanc
984 4525 1460 4580 commutationem
1499 4541 1640 4580 anno
1671 4523 1808 4582 10M
1848 4526 2108 4582 adscribit

527 4593 743 4654 Mirteus
769 4595 1112 4667 obﬂt'hartam
1156 4595 1399 4667 Leduiui,
1432 4599 1630 4667 editam
1671 4599 1722 4650 in
1759 4599 1894 4667 Opp.
1930 4597 2105 4667 diplo-

530 4677 660 4738 mat.
691 4667 730 4732 l,
765 4665 1008 4738 265,_ttbi
1042 4667 1194 4738 _b:1:c_
1223 4665 1472 4738 leguntur
1511 4684 1523 4719 :
1567 4665 1817 4738 Principii
1845 4665 2107 4720 menum-

530 4733 616 4790 tis.
650 4777 664 4789 .
700 4778 710 4790 .
746 4772 758 4786 .
795 4775 808 4788 .
873 4734 983 4804 Ego
1035 4733 1298 4789 Ledninus
1347 4737 1524 4789 abbas.
1563 4774 1577 4788 .
1614 4777 1626 4789 .
1660 4777 1673 4790 .
1703 4777 1716 4790 .
1749 4733 1878 4791 'Serl
1931 4747 2106 4789 nostro

531 4815 779 4874 tempore,
802 4805 916 4875 dico
945 4822 996 4856 η.
1025 4807 1061 4858 i.
1093 4807 1282 4858 summi
1305 4815 1353 4859 et
1382 4807 1485 4860 veri
1518 4808 1777 4875 pontiﬁcis
1814 4807 1863 4859 1.
1898 4807 1957 4858 C.
1997 4805 2110 4858 mil-

533 4873 712 4929 lesimo
755 4874 1150 4945 quadragesimo
1177 4886 1381 4944 quarto,
1413 4873 1834 4944 per'Gerardum
1863 4876 2110 4929 Camera-

534 4959 734 5016 censem
753 4943 801 4998 et
831 4943 1215 4997 Atrebatensem
1237 4943 1527 5014 episcopum
1549 4947 1824 5016 qnutsitum
1851 4957 1947 5005 εει,
1973 4961 2109 5016 qum-

535 5014 694 5066 rendo
719 5015 1232 5104 atqueqretmctundo
1271 5015 1579 5096 anaerzstrum
1607 5015 1680 5066 sic
1712 5014 1992 5083 peractum
2013 5024 2110 5076 eat,

2215 4524 2630 4595 congregationis
2655 4525 2838 4594 frater.
2882 4523 3068 4581 Actum
3096 4521 3360 4589 Rodomis,
3387 4540 3558 4584 mense
3586 4523 3800 4588 Janua-

2217 4597 2295 4668 rio
2337 4597 2393 4668 in
2435 4598 2973 4668 aetatm“epiplmnia:3
3014 4599 3296 4651 indictione
3320 4601 3352 4652 6
3380 4611 3624 4668 regnante
3659 4619 3799 4655 sere-

2217 4666 2431 4738 nissima
2453 4681 2575 4738 rege
2594 4665 2920 4720 Franrorum
2946 4667 3188 4730 Roberto,
3213 4684 3351 4722 anno
3373 4665 3576 4738 im'perii
3593 4673 3676 4723 sui
3699 4672 3795 4726 528.

2217 4735 2578 4806 Verumillud
2607 4737 3007 4806 quadragesimo
3041 4745 3224 4806 aperte
3261 4735 3572 4792 mendosum
3605 4751 3708 4799 est.
3743 4753 3800 4794 et

2219 4804 2532 4874 mutandum
2565 4804 2626 4858 in'
2645 4804 2920 4874 vigesiino;
2950 4804 3123 4860 annus
3145 4806 3285 4860 enim
3308 4806 3434 4860 28‘"
3466 4809 3683 4862 liobcrti
3711 4822 3800 4864 est

2219 4873 2390 4947 ψῃ)
2424 4890 2584 4943 porro
2614 4873 2881 4947 Bobcrtus
2907 4877 3354 4947 part‘biepiscopus
3382 4877 3515 4931 obiit
3545 4895 3595 4930 a.
3631 4880 3793 4934 i057.

2217 4943 2475 4997 Wtirinus
2518 4960 2572 4998 a.
2616 4945 2772 5008 1050,
2803 4956 2857 5000 et
2903 4943 3265 5000 Theodericus
3303 4947 3468 5001 abbas
3503 4947 3616 5012 jam
3663 4962 3798 5004 ante

2219 5028 2418 5065 annum
2441 5013 2993 5112 giQQSOalie‘etg‘igitur
3019 5015 3369 5112 Colvencrins
3397 5033 3596 5112 annun‘i
3634 5020 3798 5112 hujus

2404 5085 2656 5112 aIIn':nn:n
2698 5086 2825 5112 ΙΙΙΟΙ
2860 5085 2994 5112 rn-nn
3035 5086 3217 5112 Αιιιιιιῖο
3242 5101 3254 5112 ο
3312 5095 3359 5112 Δ.
3412 5087 3514 5112 :.--..
3568 5085 3793 5112 ‘ﬁ‘cs.‘.---

2219 5086 2656 5112 na\ux.n\-Ilntznn:n
