4052 5358
229 344 313 400 137

1498 325 1696 392 LIBER
1724 331 2107 389 SECUNDUS.

3350 331 3452 389 l38

284 431 363 486 35.
399 429 473 484 De
517 429 638 484 uiua
676 428 938 483 Waslero.
995 427 1057 482 .ln
1096 429 1220 483 villa
1259 442 1474 498 quoque
1519 427 1770 482 Waslero
1798 432 1846 489 Α
1877 425 2300 478 domesticorum
2331 423 2665 492 subripiente
2697 423 2898 495 inopia,
2925 427 3066 480 ordo
3119 429 3454 486 monachalis

228 522 354 594 (9.80)
390 521 577 577 beatus
621 520 948 576 Landeliuus
1004 521 1395 575 monasterium
1449 519 1514 573 ad
1571 533 1773 589 paucos

227 615 398 670 fratres
419 613 683 677 condidit,
728 611 814 666 cui
846 620 1096 666 sanctum
1130 613 1404 667 Dodonem
1457 612 1612 666 bona:
1658 624 1776 665 me-

228 703 388 760 morie
412 703 589 757 virum
619 701 863 773 prefecit.
894 701 994 757 Hic
1037 702 1295 757 nimirum
1336 701 1512 757 sacris
1538 701 1779 756 moribus

226 798 424 863 elusus,
481 795 610 850 vita:
665 795 1028 850 innocentiam
1077 795 1250 859 duxit,
1303 795 1485 864 ibique
1535 795 1779 866 deposito

227 901 367 944 eriere
394 886 726 955 fragilitatis,
744 886 975 942 feliciter
1001 887 1054 941 in
1079 902 1214 957 pace
1242 888 1495 958 quiescit.

284 977 362 1030 34.
400 977 476 1031 De
500 977 630 1031 villa
663 975 889 1031 Fescau.
919 977 996 1031 ln-
1016 977 1140 1031 villa
1185 978 1350 1034 etiam
1393 978 1599 1034 Fescau
1630 979 1779 1050 (εει)

229 1070 594 1123 monasterium
647 1080 753 1135 est,
804 1070 892 1124 ubi
947 1055 1081 1125 sane
1127 1081 1351 1126 sanctus
1415 1072 1500 1125 vir
1543 1072 1781 1139 Domini,

219 1141 362 1212 neno
387 1159 642 1214 videlicet
665 1159 876 1223 Scottis,
905 1159 1084 1215 divina
1127 1162 1464 1232 providentia
1494 1164 1781 1233 dirigenle,

227 1250 513 1315 devenieus,
539 1251 824 1320 aliquanto
851 1260 1092 1320 tempore
1123 1264 1482 1309 conversatus
1511 1265 1631 1320 est;
1663 1265 1783 1310 tan-

228 1340 431 1410 demque
479 1355 712 1395 cursum
762 1355 872 1395 suae
925 1343 1378 1414 peregrinationis
1427 1345 1643 1410 finiens,
1684 1347 1788 1401 mi-

224 1431 378 1501 gravit
396 1433 460 1486 ad
483 1431 794 1486 Christum.
821 1433 902 1487 Ad
931 1431 1085 1501 cujus
1117 1435 1369 1490 meritum
1405 1437 1784 1493 declarandum

227 1523 384 1576 divina
405 1523 585 1593 pietas
617 1521 785 1578 multa
831 1525 1046 1596 dignata
1085 1535 1170 1580 est
1197 1528 1411 1596 operari
1466 1530 1828 1585 documenta°

225 1614 482 1669 virtutum.
525 1614 688 1670 Unde
714 1616 929 1685 quidam
984 1632 1052 1670 ex
1099 1617 1366 1688 religiosis
1416 1619 1549 1674 viris
1598 1631 1788 1676 sancto

223 1706 326 1761 viro
371 1716 643 1761 tantorum
706 1706 1067 1762 emolumenta
1117 1709 1382 1765 honorum
1427 1712 1788 1780 tradiderunt,

223 1805 276 1850 ut
297 1797 491 1869 aliquot
525 1799 822 1854 canonicos
853 1800 1220 1856 admitterent.

279 1886 362 1941 35.
401 1888 476 1942 De
507 1890 830 1943 monasterio
859 1890 997 1961 quod
1038 1900 1114 1944 est
1164 1892 1217 1945 in
1256 1891 1377 1947 villa
1421 1893 1540 1947 Allo
1589 1893 1787 1950 Monte.

225 1976 319 2032 Nec
367 1988 689 2048 praeteream
732 1996 931 2046 vrcum,
972 1998 1133 2051 quem
1164 1983 1346 2039 Altum
1379 1985 1614 2042 Montem
1640 1989 1790 2060 (282)

227 2068 410 2134 dicunt,
441 2084 546 2125 nec
593 2071 854 2126 inmerito
884 2073 963 2128 sic
1002 2075 1340 2130 nominatum
1373 2093 1387 2141 ;
1431 2093 1557 2132 cum
1603 2079 1794 2134 beatus

227 2158 550 2225 Vincentius,
577 2175 704 2217 cum
747 2163 934 2219 multis
959 2166 1092 2222 viris
1133 2166 1426 2238 religiosis,
1457 2171 1548 2239 qui
1577 2186 1700 2226 cum
1728 2187 1795 2226 eo

219 2247 438 2316 fuerant,
473 2267 575 2306 sua
616 2255 1033 2311 conversatione
1079 2257 1377 2313 reddiderit
1419 2260 1792 2316 sublimatum.

227 2341 306 2414 (V.
331 2345 508 2414 Anth.)
547 2343 743 2417 [Porro
783 2347 885 2405 iste
932 2348 1247 2406 Vincentius
1289 2367 1472 2407 comes
1523 2355 1792 2424 egregius,

224 2434 454 2490 videlicet
481 2445 693 2491 sanctae
713 2436 1084 2494 Waldetrudis
1115 2439 1362 2504 maritus,
1390 2441 1547 2512 juxta
1578 2443 1796 2512 quidem

217 2529 528 2585 saecularem
562 2528 916 2584 eminentiam
939 2538 994 2584 et
1016 2531 1178 2587 rebus
1215 2540 1271 2587 et
1296 2547 1494 2604 genere
1535 2536 1799 2604 potentis-

226 2619 400 2686 simus,
456 2621 774 2678 eruditione
829 2607 1008 2676 tamen
1055 2631 1110 2677 et
1162 2623 1372 2679 crebris
1408 2625 1799 2682 monitionibus

216 2709 350 2764 beati
386 2710 644 2766 Autberti
667 2709 944 2780 pontificis
994 2709 1342 2778 informatus,
1391 2713 1667 2769 saecularis
1698 2715 1798 2768 mi-

228 2799 343 2855 litiae
388 2817 651 2873 pompam
700 2801 891 2875 procul
945 2803 1251 2870 abhorruit,
1282 2805 1486 2876 Deique
1526 2807 1800 2877 obsequiis

225 2889 521 2960 mancipare
555 2905 614 2946 se
643 2891 828 2962 potius
857 2891 1179 2964 estimavit.]
1207 2892 1373 2964 lgitur
1401 2895 1528 2949 dum
1568 2895 1636 2950 de
1679 2895 1799 2951 loco

219 2995 318 3034 sua:
361 2981 804 3041 conversationis
852 2987 1156 3057 expetendo
1193 2986 1458 3044 sollicitus
1493 3005 1682 3044 curam
1711 3005 1802 3060 ge-

215 3081 372 3138 reret,
411 3087 521 3130 non
571 3075 744 3130 defuit
793 3075 976 3130 divina
1005 3078 1202 3146 pietas,
1229 3079 1402 3135 sancti
1457 3079 1556 3135 viri
1589 3080 1797 3136 deside-

1878 514 1944 566 ad
1997 513 2365 567 canonicalcm
2421 513 2696 580 redactus,
2754 516 2834 570 sic
2884 516 2950 571 ad
3003 528 3213 590 tempus
3269 520 3454 578 ἀοιιωὶ

1876 605 2104 658 Gerardi
2127 603 2364 673 episcopi
2389 619 2559 674 usque
2581 607 2866 662 remansit.
2900 606 3052 676 Quod
3080 626 3205 666 vero
3226 628 3457 672 cernens

1877 695 2187 763 episcopus,
2215 703 2485 766 przecepto
2530 695 2772 752 Heinrici
2827 698 3171 770 imperatoris
3199 706 3456 762 consilio-

1881 801 1986 856 que
2016 785 2292 841 llerimani
2346 788 2561 844 comitis
2592 789 2761 859 (285),
2818 807 2883 846 ac
2912 793 3188 849 voluntate
3226 798 3308 852 sui
3350 797 3461 856 fra-

1883 877 1983 932 tris
2043 877 2325 933 Godefridi
2359 919 2374 943 ,
2430 879 2615 934 fratris
2659 883 2914 937 videlicet
2956 885 3214 956 episcopi,
3267 891 3361 959 qui
3391 905 3460 948 ex

1877 976 2036 1038 parte
2070 967 2386 1023 llerimanni
2410 971 2628 1026 comitis
2658 971 2833 1041 ipsum
2867 972 3043 1027 locum
3072 975 3124 1028 in
3156 975 3288 1032 fisco
3313 988 3463 1034 tene.-

1884 1059 1995 1126 bat,
2025 1060 2385 1127 emelioravit,
2411 1070 2484 1125 et,
2515 1061 2659 1117 facto
2703 1065 2897 1119 abbate
2932 1065 3213 1133 Fulcoino,
3260 1069 3312 1122 in
3346 1073 3463 1140 pri-

1885 1152 2088 1204 stinum
2111 1152 2320 1207 ordinis
2363 1161 2563 1206 statum
2611 1152 2928 1210 reformavit
2974 1158 3096 1226 (an.
3154 1160 3334 1230 1016).
3359 1160 3462 1216 llic

1879 1253 2068 1296 autem
2091 1243 2174 1296 vir
2207 1241 2362 1298 bon-.e
2397 1243 2673 1298 memoria:
2695 1244 2862 1299 abbas
2889 1261 3010 1300 cum
3044 1264 3256 1304 summo
3286 1253 3464 1306 studio

1863 1344 1941 1400 .et
1968 1333 2158 1388 labore
2179 1335 2417 1388 nominis
2443 1334 2525 1389 sui
2557 1333 2792 1390 officium
2831 1336 3054 1403 librans,
3085 1349 3138 1392 et
3172 1356 3327 1396 usum
3374 1358 3464 1399 re-

1887 1423 2025 1493 gula:
2054 1424 2280 1478 interius
2301 1425 2506 1488 docuit,
2523 1436 2577 1479 et
2601 1425 2779 1480 locum
2795 1441 3007 1482 omnem
3032 1445 3130 1497 pro
3160 1433 3318 1486 modo
3334 1443 3466 1488 tem-

1889 1515 2054 1584 poris,
2069 1524 2253 1585 utpote
2268 1516 2444 1570 adhuc
2463 1515 2710 1571 videlicet
2736 1519 3018 1582 novitium,
3036 1522 3275 1588 pulchris
3299 1525 3467 1580 :edifl-

1889 1607 1988 1661 ciis
2000 1614 2054 1661 et
2065 1608 2181 1661 usui
2195 1608 2582 1661 monachorum
2597 1608 3161 1667 netossariisexterius
3175 1614 3465 1686 insignivit.

1961 1697 2052 1754 56.
2117 1699 2189 1752 De
2244 1697 2596 1752 Melbodt‘ense
2659 1702 2996 1755 monasterio.
3050 1704 3341 1760 Dicendum
3383 1721 3474 1763 est

1824 1783 1866 1840 ὓ
1894 1806 2110 1859 quoque
2135 1791 2187 1844 in
2241 1789 2507 1845 Melbodio
2539 1791 2687 1861 (284)
2716 1795 3104 1848 monasterium
3149 1798 3470 1866 puellarum,

1897 1882 1916 1954 [
1943 1880 2034 1953 (γ.
2063 1882 2246 1945 Antb.)
2271 1884 2415 1952 quod
2455 1885 2611 1938 beata
2645 1885 2848 1940 Christi
2879 1887 3032 1957 virgo
3053 1889 3385 1960 Aldegundis
3404 1894 3474 1948 ad

1894 1989 2032 2044 opus
2062 1989 2174 2028 sua:
2195 1975 2628 2030 conversationis
2653 1991 2717 2030 ex
2743 1977 2978 2047 propriis
3005 1980 3205 2046 prcdiis
3231 1984 3431 2038 struxit
3454 2000 3470 2049 ;

1895 2067 2039 2134 quod
2091 2067 2256 2120 etiam
2312 2067 2503 2121 beatus
2544 2067 2862 2134 Autbertus,
2918 2071 3101 2124 multis
3131 2071 3262 2127 viris
3288 2087 3476 2130 secum

1895 2159 2174 2222 adhibitis,
2210 2159 2501 2213 dedicavit.
2530 2158 2657 2214 Haec
2693 2160 2951 2215 nimirum
2982 2163 3138 2233 virgo
3161 2163 3474 2230 laudabilis,

1897 2265 2055 2304 soror
2083 2259 2285 2306 sancta:
2313 2251 2615 2320 .prazlibataa
2651 2250 3041 2320 Waldetrudis,
3077 2270 3106 2308 a
3139 2256 3298 2312 beato
3336 2259 3475 2315 Aut-

1897 2339 2053 2393 lierto
2099 2340 2403 2394 doctrinata
2461 2341 2704 2396 velamen
2758 2343 2864 2412 pia:
2916 2343 3192 2413 religionis
3245 2352 3478 2420 accepit,

1898 2430 2080 2498 ibique
2108 2445 2232 2485 cum
2261 2430 2497 2500 plurima
2546 2440 2728 2486 turma
2774 2448 3026 2508 sororum
3059 2447 3224 2506 'purae
3252 2441 3375 2495 vitae
3397 2442 3480 2496 in-

1897 2520 2204 2576 nocentiam
2228 2521 2450 2587 ducens,
2479 2522 2722 2592 deposita
2771 2525 3016 2594 corporis
3065 2527 3240 2598 gleba,
3293 2530 3482 2588 celesti

1899 2627 2099 2684 sponso
2130 2628 2252 2667 cum
2279 2614 2490 2668 ardenti
2510 2613 2761 2684 lampade
2788 2617 3003 2674 obviam
3031 2623 3293 2688 perrexit.

1967 2705 2060 2759 37.
2099 2703 2178 2756 De
2221 2702 2508 2758 Laubiensi
2558 2705 2809 2760 caerwbio.
2856 2706 3268 2766 Transeundum
3297 2715 3484 2769 estad

1900 2795 2205 2850 Laubiense
2229 2787 2531 2850 'cenobium
2572 2795 2747 2867 (285),
2777 2798 2920 2866 quod
2950 2799 3125 2854 sacris
3156 2801 3323 2856 initiis
3350 2819 3482 2858 sau-

1901 2888 1974 2942 cti
2006 2887 2287 2942 Landeliui
2318 2887 2386 2941 ad
2432 2886 2564 2940 tanti
2594 2887 2841 2954 honoris,
2891 2890 2984 2958 qui
3025 2906 3170 2946 nunc
3196 2901 3304 2959 est,
3349 2909 3484 2964 pan-

1901 2979 2052 3049 latim
2081 2986 2404 3049 pervenerat
2425 2976 2663 3030 titulum.
2692 2975 2819 3048 [(V.
2843 2978 3027 3049 Autb.)
3047 2979 3202 3036 Hunc
3223 2983 3483 3038 nimirum

1900 3066 2259 3121 Landelinum
2287 3065 2340 3120 in
2369 3065 2613 3134 primeva
2655 3067 2873 3135 quidem
2904 3077 3065 3122 :etate
3109 3084 3140 3122 a
3171 3071 3331 3126 beato
3352 3072 3488 3128 Aut-

218 3161 344 3215 rium
359 3130 733 3233 completum.
759 3164 895 3219 Nam
923 3130 1796 3238 quadamﬁnoctevpluitDominus
1820 3130 1870 3192 ε
1901 3157 2057 3212 δετιο
2092 3157 2349 3227 90'“iﬁce
2378 3156 2578 3211 “ueris
2618 3165 2674 3211 ει
2717 3157 2958 3212 moribus
2995 3161 3168 3214 εθίτίδ
3199 3161 3487 3231 "libum".

221 3255 407 3316 nivem,
435 3263 491 3309 et
519 3271 743 3311 omnem
791 3257 1066 3327 regionem
1113 3257 1318 3312 circum
1365 3269 1421 3314 et
1451 3260 1596 3315 circa
1639 3261 1796 3316 niveo

220 3359 328 3400 rore
365 3347 657 3416 respersit,
681 3356 914 3416 excepto
949 3348 1170 3417 paululo
1193 3347 1321 3414 loci,
1350 3351 1496 3420 quod
1529 3351 1582 3406 in
1612 3366 1798 3422 supra-

212 3434 348 3490 dicto
369 3437 490 3493 vico
518 3439 580 3492 in
612 3439 832 3492 modum
865 3437 1114 3494 videlicet
1159 3440 1334 3495 crucis
1378 3443 1797 3511 respergendum

219 3531 525 3584 reservavit.
563 3529 720 3597 Quod
749 3530 834 3585 vir
867 3530 960 3586 Dei
990 3547 1089 3586 suo
1117 3533 1389 3588 desiderio
1433 3534 1626 3590 celitus
1669 3552 1800 3591 eou-

211 3607 390 3690 itigisse
406 3621 615 3678 altiore
647 3622 881 3678 consilio
929 3623 1232 3688 intellexit;
1284 3624 1574 3693 divinoque
1603 3626 1801 3681 indicio

217 3714 405 3768 certior
425 3713 639 3781 factus,
669 3729 798 3769 mox
839 3713 1028 3769 eodem
1081 3715 1136 3769 in
1178 3713 1294 3770 loco
1325 3717 1711 3770 monasterium
1734 3733 1801 3772 ex

217 3805 424 3874 preprio
452 3813 683 3875 sumptu
728 3803 1013 3870 fundavit;
1062 3805 1206 3875 quod
1253 3805 1416 3858 etiam
1472 3822 1603 3861 suus
1639 3807 1802 3878 magi-

219 3901 320 3946 ster
338 3895 667 3959 Autbertus,
725 3896 860 3950 viris
911 3910 1097 3950 secum
1130 3896 1395 3966 religiosis
1444 3898 1720 3964 adhibitis,
1747 3900 1803 3954 in

218 3983 412 4041 honore
431 3987 820 4058 apostolorum
863 3986 1012 4043 Petri
1035 3997 1090 4042 et
1115 3987 1270 4042 Pauli
1299 3987 1589 4044 dedicavit.
1620 3990 1806 4059 Ibique

219 4075 293 4128 vir
331 4088 565 4135 sanctus
616 4077 854 4134 feliciter
903 4089 1299 4146 conversatus,
1348 4081 1635 4137 laudabilis
1679 4085 1806 4139 vita:

218 4171 559 4226 sanctitatem
590 4161 792 4226 ducere
836 4170 1130 4226 adstuduit.
1164 4171 1248 4225 Ad
1276 4171 1435 4241 cujus
1477 4172 1624 4241 piam
1672 4189 1807 4230 con-

222 4263 584 4317 versationem
633 4261 790 4316 multi
837 4262 938 4316 viri
988 4262 1224 4332 religiosi
1251 4260 1644 4329 confluxerant,
1692 4271 1808 4318 tra-

223 4350 448 4420 ditisque
475 4353 706 4423 praediis
755 4361 812 4406 et
852 4353 1087 4421 propriis
1119 4351 1281 4407 rebus
1325 4367 1449 4406 cum
1487 4367 1644 4408 sacro
1690 4354 1808 4408 viro

1897 3258 2090 3319 postea
2120 3263 2249 3301 vero
2272 3247 2493 3301 fallente
2519 3247 2732 3301 diabolo
2760 3248 2834 3316 pii
2877 3249 3123 3316 magistri
3153 3253 3486 3325 profugiam,

1900 3348 2087 3408 spreto
2137 3340 2398 3394 clericatu
2461 3341 2644 3394 manui
2698 3341 3039 3409 praedatoriae
3087 3344 3140 3396 in
3186 3345 3326 3400 libro
3364 3350 3492 3404 vita:

1903 3431 2074 3501 ipsius
2123 3433 2352 3503 legimus
2387 3433 2678 3486 sociatum.
2712 3434 2886 3497 llunc,
2927 3435 3170 3504 inquam,
3202 3451 3490 3510 postquam

1903 3523 2169 3593 magister
2218 3522 2638 3592 benignissimus
2687 3523 2944 3578 diuturna
2993 3525 3383 3585 lamentatione
3433 3543 3492 3587 et

1899 3615 2013 3687 jugi
2042 3629 2201 3686 prece
2232 3617 2300 3670 ab
2341 3631 2528 3700 errore
2560 3627 2876 3671 revocatum
2929 3620 3088 3687 quasi
3133 3632 3291 3691 pater
3315 3623 3489 3680 filium

1904 3709 2256 3778 suscepisset,
2293 3722 2356 3762 ac
2376 3708 2619 3762 saucium
2645 3707 2786 3765 dulci
2809 3712 3226 3768 correctioueac
3241 3715 3491 3771 benivola

1905 3799 2272 3854 consolatione
2294 3808 2614 3864 recreasset,
2629 3798 2683 3852 iu
2699 3798 2978 3868 prtelibato
3000 3801 3118 3856 loco
3140 3809 3264 3856 tunc
3287 3813 3490 3874 tempu-

1909 3893 1985 3946 ris
2005 3891 2245 3946 solitario
2271 3891 2525 3946 secedere
2548 3891 2773 3958 monuit,
2800 3900 2859 3947 ut
2891 3893 3284 3967 disciplinatius
3304 3898 3492 3953 videli-

1907 3993 1993 4038 cet
2024 3993 2205 4038 errata
2231 3983 2532 4052 corrigeret
2565 3992 2617 4038 et
2641 3987 2980 4041 emendatius
3012 3988 3232 4042 viveret.
3262 3989 3490 4048 Peraczo

1909 4076 2092 4144 itaque
2138 4075 2492 4129 habitationis
2533 4074 2766 4130 aedilicio
2809 4085 2864 4130 et
2894 4077 2948 4130 in
2987 4081 3337 4135 vmeratioue
3365 4099 3494 4152 apo-

1909 4165 2173 4219 stolorum
2202 4163 2349 4218 Petri
2383 4172 2436 4218 et
2465 4162 2622 4217 Pauli
2653 4175 2975 4219 consecrato
3008 4166 3178 4235 (286),
3213 4198 3282 4207 —
3303 4173 3492 4238 paucis

1911 4257 2178 4327 siquidem
2210 4257 2341 4316 viris
2388 4255 2574 4310 nitida:
2603 4255 2729 4310 vitae
2776 4272 2959 4312 secum
2995 4260 3248 4326 receptis,
3277 4289 3350 4300 —-
3380 4278 3498 4317 mo-

1909 4350 2151 4404 nitioues
2175 4356 2231 4403 et
2265 4347 2519 4402 mandata
2553 4347 2801 4418 magistri
2851 4362 3003 4422 aequa
3057 4350 3213 4404 laute
3240 4353 3408 4408 moris
3443 4364 3502 4409 et

223 4437 490 4510 degentes,
520 4443 594 4496 ad
619 4442 742 4495 vita:
769 4442 1033 4511 regularis
1055 4456 1302 4496 normam
1324 4456 1442 4496 sese
1459 4444 1805 4500 constrinxe-
1838 4468 1885 4525 υ
1912 4443 2094 4514 operis
2117 4423 2449 4525 adimplevit,
2496 4449 2552 4495 et
2580 4440 2648 4496 de
2687 4440 2777 4496 die
2817 4441 2869 4494 in
2907 4440 3048 4495 diem
3082 4444 3394 4512 proficiens,
3427 4450 3496 4500 ad

219 4544 352 4586 rant.
392 4534 535 4589 Cum
595 4544 778 4588 autem
844 4533 997 4589 locus
1042 4549 1073 4587 a
1132 4534 1348 4604 regibus
1389 4543 1444 4590 et
1475 4536 1806 4607 principibus

217 4627 556 4696 augmentari
587 4636 646 4682 et
673 4627 980 4698 frequentia
1017 4627 1248 4683 fratrum
1281 4629 1573 4698 populosus
1607 4632 1805 4701 cmpis-

223 4729 296 4771 set
322 4721 518 4776 haberi
560 4739 574 4774 :
607 4730 664 4775 ut
701 4721 928 4776 liberius
949 4709 1061 4776 Deo
1089 4731 1335 4787 vacaret,
1376 4723 1428 4776 in
1460 4727 1806 4781 secretiorem

219 4805 394 4862 locum
419 4811 683 4876 secessit,
713 4826 876 4885 quem
917 4811 1080 4866 etiam
1119 4811 1294 4867 locum
1345 4812 1504 4884 paulo
1539 4818 1813 4885 posterius

223 4899 408 4956 dicant.
442 4900 627 4970 l‘lujus
652 4917 783 4958 vero
815 4902 988 4958 forma
1021 4912 1078 4958 et
1115 4904 1365 4974 exemplo
1409 4907 1600 4978 religio
1627 4923 1811 4963 mona-

219 4991 436 5049 chorum
491 5005 687 5064 postea
734 4995 904 5049 multo
957 5005 1202 5064 tempore
1258 4995 1527 5062 adolevit,
1573 4997 1668 5054 Sed
1714 5014 1811 5067 per

222 5081 465 5142 incursus
497 5085 813 5158 gentilium,
834 5085 1014 5156 immo
1039 5095 1094 5140 et
1138 5097 1242 5155 per
1265 5086 1486 5142 crebras
1514 5087 1809 5146 seditiones

1915 4537 2038 4590 vita:
2066 4523 2425 4589 sanctissima:
2443 4531 2657 4587 culmen
2684 4533 3040 4588 transcendit.
3075 4533 3172 4590 Ubi
3202 4550 3329 4591 vero
3345 4537 3500 4593 locus

1917 4627 2018 4682 viri
2054 4626 2226 4681 sancti
2251 4625 2337 4694 pia
2368 4623 2782 4678 conversatione
2817 4623 3012 4679 florere
3041 4627 3319 4696 cmpisset,
3349 4639 3405 4683 et
3431 4643 3500 4684 ex

1919 4716 2305 4772 rnuniliceutiis
2369 4729 2557 4784 regum
2619 4714 2734 4769 sive
2792 4723 3071 4783 potentum
3135 4719 3504 4787 quorumlibet

1918 4813 2124 4874 quanto
2173 4806 2336 4861 rebus
2358 4805 2622 4869 exterius,
2666 4811 2820 4858 tanto
2859 4805 3025 4860 etiam
3055 4823 3281 4863 numero
3316 4823 3506 4863 mena.

1920 4900 2146 4954 chorum
2194 4885 2422 4953 interius
2450 4894 2790 4952 habundaret
2834 4915 2848 4951 :
2901 4913 3024 4953 mox
3079 4900 3204 4954 inde
3241 4910 3500 4960 remotus.

1917 4995 2184 5064 siquidem
2229 5003 2288 5050 ut
2322 4993 2433 5046 Deo
2493 4992 2738 5049 strictius
2789 4994 3213 5062 manciparetur,
3244 4995 3506 5050 secretio-

1922 5102 2033 5140 rem
2083 5085 2282 5151 locum,
2330 5097 2492 5151 quem
2551 5081 2710 5153 paulo
2753 5092 2878 5153 post
2921 5085 3187 5150 dicemus,
3245 5094 3504 5156 expetere

1737 5253 1970 5326 NOTAE.
