4052 5358
577 295 649 350 ‘59
1496 281 1717 338 GliSTA
1759 274 2170 333 PONTIFICUM
2203 269 2806 328 CAMERACENSIL'M.

3703 263 3808 318 fit)

548 411 848 466 ertimavit.
881 409 975 483 (V.
1007 406 1296 477 Ursmuri.)
1329 407 1655 460 Secessurus
1678 413 1878 465 autem,
1922 413 1987 453 eo
2019 394 2119 449 ioci
2157 395 2197 453 Α
2229 391 2545 462 inspirante,
2595 389 2807 444 calcare
2862 388 3100 442 seculum
3159 391 3454 458 estimavit,
3511 403 3810 465 sanctoque

553 504 795 572 praefecit
827 505 1042 558 beatum
1064 501 1238 554 virtun
1265 498 1358 554 Dei
1389 497 1724 556 Ursniarum,
1755 491 1857 559 piis
1885 487 2127 544 moribus

549 595 857 664 praeditum,
887 593 942 646 in
971 591 1238 645 functoria
1285 597 1492 643 tantum
1547 583 1928 656 praedicatione
1978 579 2125 650 (287)

547 694 822 740 sacraiam
875 683 1189 752 episcopum
1239 681 1350 750 (an.
1393 677 1539 748 689).
1592 677 1690 730 llic
1734 676 1898 729 etiam
1944 673 2026 726 vir
2061 672 2127 726 de

543 775 669 832 villa
698 775 862 830 Fleon
901 773 1074 845 (288),
1104 787 1224 840 qua:
1247 769 1385 824 infra
1413 769 1602 823 silvam
1636 766 1946 820 Terasciain
1975 761 2126 832 t289)

544 867 652 921 sita
693 873 796 928 est,
828 863 1112 926 oriundus,
1155 861 1382 915 formam
1422 857 1730 912 innocentis
1761 855 1884 908 vita:
1943 852 2128 906 fratri-

547 959 650 1011 bus
682 955 951 1019 exhibuit,
981 954 1202 1024 diesque
1246 967 1374 1006 suos
1411 950 1464 1003 in
1505 948 1662 1002 bonis
1693 945 1946 1016 Operibus
1971 941 2125 1014 egit.]

546 1047 662 1104 Hoc
694 1047 860 1118 igitur
908 1045 1151 1107 doctore,
1196 1053 1250 1097 et
1295 1042 1418 1096 dein
1472 1039 1632 1094 beato
1679 1036 1900 1091 Ermino
1948 1049 2130 1088 succe-

552 1141 737 1205 dente,
770 1139 836 1194 de
879 1133 1471 1208 quorum'monaslerio
1519 1132 1910 1199 subsequenter
1948 1141 2130 1180 narra-

547 1233 746 1297 bimus,
776 1228 1007 1285 eﬂioruit
1051 1227 1224 1292 locus,
1256 1235 1311 1280 et
1343 1225 1408 1278 ad
1437 1223 1529 1278 Dei
1589 1223 1838 1292 gloriam,
1873 1229 1928 1274 ut
1960 1233 2129 1288 usque

543 1322 600 1376 in
633 1335 874 1391 presens
911 1325 1154 1388 apparet,
1213 1329 1328 1369 mos
1378 1312 1532 1382 plene
1589 1310 1821 1365 adolevit
1866 1307 2134 1362 (ecclesia-

545 1412 735 1467 sticus.

2230 481 2470 534 debriata
2501 479 2714 549 spiritu,
2763 495 2790 532 a
2823 477 2981 534 beato
3033 481 3298 537 Autberto
3335 483 3664 552 cont‘ortata,
3711 487 3812 541 ha~

2230 572 2399 626 bitum
2427 571 2602 625 sancti
2635 571 2918 626 voluminis
2943 573 3192 642 sumpsit.
3219 574 3424 629 Deinde
3449 591 3580 631 vero
3605 593 3670 630 ex
3697 579 3814 632 suis

2229 663 2494 718 dotalibus
2519 663 2793 718 beneficiis
2833 673 2888 719 et
2912 667 3144 734 propriis
3167 681 3261 736 pre
3279 667 3368 722 liis
3415 669 3587 737 ipsum
3617 685 3814 724 mona-

2228 753 2454 806 sterium
2503 753 2557 806 in
2607 753 2812 808 honore
2863 763 3065 808 sanetae
3114 753 3314 814 Mariis.
3346 773 3412 811 ex
3455 759 3726 822 sententia
3759 771 3816 814 et

2229 843 2550 898 auctoritate
2601 845 2771 898 sancti
2819 845 3070 898 Autberti
3130 849 3342 915 patroni
3394 851 3498 914 sui,
3545 851 3813 904 condidit.

2231 933 2330 989 Ubi
2363 936 2524 989 etiam
2555 936 2779 990 adscitis
2818 953 2922 990 non
2952 941 3140 1006 paucis
3171 938 3529 996 familiaribus
3569 941 3811 1004 feminis,

2229 1026 2518 1096 puritatem
2569 1028 2690 1081 vita:
2745 1028 3030 1084 laudabilis
3083 1031 3308 1095 ducens,
3363 1033 3550 1088 eelesti
3611 1051 3818 1106 sponso

2229 1117 2442 1171 obviam
2499 1118 2661 1182 itura,
2706 1118 3004 1190 lampadem
3061 1120 3296 1176 lucernae
3340 1124 3442 1178 sibi
3487 1124 3819 1198 inextingui-

2229 1205 2352 1260 bilis
2375 1208 2730 1280 preparavit.]
2759 1210 3002 1264 Alterum
3033 1225 3160 1265 vero
3201 1215 3586 1269 monasterium
3612 1225 3697 1272 est
3724 1234 3816 1272 ea-

2231 1298 2549 1352 nonieorum
2583 1301 2755 1354 sancti
2785 1299 3066 1356 Germani.

2271 1389 2386 1442 «40.
2425 1389 2502 1442 De
2529 1391 2658 1444 cella
2709 1393 2878 1445 sancti
2910 1393 3134 1447 Cislam‘.
3181 1394 3288 1450 Nec
3340 1397 3528 1467 procul
3577 1399 3728 1464 hinc,
3759 1400 3817 1454 in

611 1501 703 1556 58.
745 1500 822 1556 De
850 1499 1164 1554 monaﬂerio
1196 1509 1497 1552 sanctorum
1549 1495 1791 1552 Ursmari
1819 1504 1864 1548 et
1900 1493 2124 1547 Ermini.

2236 1481 2348 1536 loco
2379 1482 2624 1537 videlicet
2657 1499 2816 1552 quem
2843 1486 3028 1540 dicunt
3049 1487 3274 1556 Cellain,
3303 1491 3692 1566 monasterium
3729 1503 3821 1548 est

547 1591 752 1646 ﬂorum
795 1591 979 1659 itaque
1025 1589 1309 1644 beatorum
1361 1589 1458 1644 Dei
1506 1587 1878 1644 confessorem
1927 1585 2128 1640 dormi-

549 1681 713 1736 tionis
741 1681 1115 1736 habitaculum
1157 1679 1569 1751 subjungamus.
1603 1679 1735 1733 Erat
1763 1690 1995 1745 namque
2027 1690 2124 1729 tue-

545 1775 708 1830 clesia
747 1773 1072 1843 parocliialis
1103 1772 1387 1843 subiacens
1433 1772 1696 1842 prelibato
1725 1769 1969 1832 ceuobio,
2007 1785 2125 1837 qua:
2163 1766 2200 1821 li

540 1864 720 1935 juxta,
749 1864 956 1920 scilicet
979 1865 1031 1918 in
1061 1863 1267 1918 vertice
1307 1863 1528 1926 montis,
1577 1863 1676 1916 sita
1722 1869 1804 1915 est
1837 1877 1851 1924 ;
1903 1859 1992 1912 ubi
2029 1859 2128 1926 ipsi

545 1957 822 2020 nionachi,
856 1955 948 2009 sed
1003 1962 1056 2010 et
1083 1969 1272 2008 omnes
1301 1953 1652 2010 collimitanei
1681 1953 1883 2007 circum
1907 1961 1958 2006 et
1985 1951 2128 2005 circa

543 2045 844 2116 degentes,
901 2044 1199 2100 tumulandi
1257 2042 1591 2098 ferebantur.
1649 2043 1728 2096 Ad
1779 2043 1918 2096 hanc
1966 2041 2128 2095 etiam

547 2135 849 2190 beatissimi
883 2135 982 2188 viri
1045 2134 1336 2190 Ursmarus
1380 2143 1542 2204 atque
1578 2133 1852 2196 Erminus,
1885 2148 2003 2187 cum
2035 2132 2128 2186 de-

545 2226 717 2280 functi
775 2234 924 2290 sunt,
973 2233 1260 2294 portantur
1291 2223 1592 2290 humandi;
1644 2239 1874 2292 quorum
1919 2223 2130 2277 meritis

545 2315 886 2370 declarandis
921 2314 1102 2368 divina
1163 2313 1336 2383 pictas
1381 2313 1546 2367 multa
1595 2313 1857 2367 miracula
1911 2313 2128 2384 dignata

539 2415 629 2462 est
655 2407 890 2478 Operari.
921 2407 1027 2462 Sed
1051 2406 1176 2476 quia
1224 2421 1386 2476 supra
1439 2407 1504 2462 de
1537 2415 1724 2461 sancto
1751 2405 2012 2462 Ursmaro
2039 2421 2133 2476 pa-

547 2516 667 2555 rum
699 2503 977 2571 tetigimus
1025 2503 1095 2570 (c.
1125 2501 1236 2570 57),
1272 2517 1377 2554 non
1413 2500 1802 2568 incongruum,
1835 2499 1878 2553 si
1911 2499 1977 2554 de
2004 2515 2131 2552 san-

544 2600 635 2644 eto
655 2605 870 2660 quomte
893 2591 1114 2644 Erinino
1133 2591 1333 2659 aliquid
1360 2590 1712 2659 explicemus.
1730 2588 1848 2659 [(V.
1881 2587 2130 2656 Ermini.)

546 2681 652 2738 llic
685 2683 942 2736 nimirum
967 2684 1048 2736 vir
1085 2679 1207 2736 vitae
1235 2683 1538 2747 laudabilis,
1564 2691 1619 2736 et
1644 2697 1748 2736 non
1777 2696 1966 2752 parum
1991 2694 2128 2748 prs:-

547 2770 750 2837 diatus,
802 2773 868 2826 de
901 2787 1038 2842 pago
1073 2772 1418 2828 Laudunensi
1451 2774 1711 2827 oriundus
1741 2772 1941 2836 extitit,
1972 2779 2027 2824 et
2068 2769 2133 2824 de

547 2863 638 2919 die
663 2865 715 2918 in
747 2864 888 2918 diem
947 2865 1000 2920 in
1052 2864 1208 2918 bonis
1237 2863 1490 2933 cperibus
1535 2861 1843 2933 proficiens,
1892 2861 2131 2914 omnium

547 2954 809 3010 virtutum
849 2953 1064 3009 cluebat
1091 2955 1444 3010 connnertiis.
1471 2957 1639 3022 Quem
1667 2955 1791 3023 quia
1815 2953 1949 3007 odor
1977 2952 2131 3007 bona:

546 3044 816 3116 Opinionis
875 3045 1016 3101 illius
1076 3045 1232 3116 longe
1295 3045 1511 3114 lateque
1567 3043 1838 3098 increbuit
1873 3083 1888 3108 ,
1941 3042 2133 3097 beatus

2231 1575 2620 1629 monachorum
2697 1579 2871 1632 sancti
2929 1579 3156 1634 Gislani.
3209 1581 3420 1653 [(ibid.)
3469 1583 3576 1638 Iste
3653 1585 3819 1640 nimi-

2233 1682 2372 1732 rum,
2403 1667 2646 1738 angelica
2699 1669 2905 1724 visione
2945 1673 3200 1736 monitus,
3245 1676 3312 1728 ab
3356 1675 3580 1730 Athenis
3613 1677 3822 1745 digres-

2232 1773 2344 1824 sus,
2375 1775 2592 1814 cursum
2625 1777 2736 1815 sua:
2767 1764 3220 1832 peregrinationis
3248 1767 3302 1820 in
3347 1768 3459 1836 ipsa
3487 1780 3640 1838 parte
3672 1771 3820 1824 dire-

2233 1852 2329 1919 xit,
2365 1851 2601 1922 illudque
2627 1857 3017 1910 monasterium
3051 1859 3375 1915 auctoritate
3396 1863 3566 1916 sancti
3599 1879 3820 1934 quoque

2231 1941 2504 2006 Autherti,
2536 1943 2630 1998 sed
2665 1953 2720 1998 et
2752 1955 2939 2001 sancta
2969 1945 3342 2015 Waldetrude,
3373 1952 3456 2005 cui
3507 1961 3632 2006 tunc
3681 1964 3822 2008 tein-

2233 2032 2380 2100 poris
2443 2033 2693 2089 familiari
2741 2036 3030 2090 dilectione
3085 2039 3414 2107 inha'serat,
3473 2043 3818 2111 opitulante,

2234 2123 2479 2180 fundavit
2525 2129 2690 2195 (circa
2736 2145 2827 2183 an.
2855 2129 3032 2202 640).]
3063 2131 3165 2198 Qui
3217 2143 3455 2202 quantus
3505 2135 3586 2191 vel
3637 2139 3821 2208 qualis

2234 2216 2448 2282 vixerit,
2477 2218 2614 2276 liber
2642 2222 2734 2290 qui
2763 2223 2827 2276 de
2853 2223 2972 2279 Vita
3005 2224 3175 2293 ipsius
3206 2229 3567 2296 componitur,
3594 2229 3822 2301 largiter

2234 2309 2484 2365 edixerit.

2303 2403 2394 2455 41.
2437 2402 2514 2455 De
2575 2403 2837 2474 Crispiuio
2883 2407 3012 2459 vico.
3063 2405 3120 2460 In
3177 2407 3296 2462 \ico
3341 2407 3609 2479 Crispinio
3666 2409 3821 2481 (292)

2233 2496 2626 2550 trionasterium
2679 2498 3132 2564 canonichorum,
3175 2501 3264 2554 ubi
3329 2512 3554 2557 sanctus
3607 2503 3688 2556 vir
3725 2505 3820 2558 Dei

2235 2586 2580 2648 Laudclinus,
2617 2599 2671 2642 ut
2709 2588 2822 2659 jam
2867 2591 3027 2660 paulo
3071 2593 3316 2660 superius
3343 2594 3580 2648 diximus
3603 2599 3672 2666 (c.
3703 2596 3822 2662 37),

2235 2693 2334 2749 pro
2382 2679 2684 2749 frequentia
2745 2683 2973 2737 fratrum
3018 2683 3205 2738 relicto
3233 2685 3520 2741 Laubiensi
3549 2688 3822 2750 i-teiiobio,

2235 2771 2619 2825 commendato
2672 2773 2786 2828 viro
2847 2773 2940 2827 Dei
2997 2773 3255 2830 Ursniaro
3298 2778 3559 2846 regimine
3601 2779 3826 2850 suisque

2237 2861 2339 2916 rite
2370 2863 2637 2918 ordinatis
2661 2867 2846 2928 rebus,
2870 2866 3118 2931 secessit,
3149 2869 3365 2936 viteque
3393 2870 3664 2924 nitidioris
3695 2887 3824 2940 pei-

2235 2949 2470 3007 fectione
2515 2961 2706 3006 exacta
2751 2953 2991 3024 migrans
3022 2955 3087 3008 ad
3124 2953 3428 3022 Christum,
3472 2958 3524 3011 in
3569 2973 3704 3028 pace
3732 2975 3826 3014 se-

2235 3042 2417 3111 pultus
2439 3042 2625 3098 multis
2649 3044 2942 3099 virtutibus
2966 3047 3292 3100 coruscavit.
3324 3045 3448 3101 lixae
3485 3056 3668 3102 autem
3718 3049 3824 3102 ah-

553 3114 869 3197 Ursmarus,
905 3114 1273 3202 supradictum
1313 3133 1702 3188 monasterium
1735 3131 1882 3202 t290)
1915 3146 2128 3202 regens,
2160 3114 2204 3175 (ἶ
2235 3131 2461 3196 batioia,
2513 3142 2571 3186 ut
2621 3135 2672 3186 in
2725 3135 2902 3202 primo
2960 3134 3098 3190 libro
3141 3136 3194 3190 in
3235 3139 3504 3206 prceeptis
3553 3135 3828 3208 regalibus

547 3224 732 3295 sepius
765 3223 1080 3288 accersivit,
1114 3223 1364 3294 diemque
1394 3238 1503 3279 sua:
1533 3222 1830 3277 vocationis
1853 3222 2133 3276 imminere

547 3313 886 3386 intelligens,
911 3315 1084 3386 ipsum
1107 3326 1374 3371 rectorem
1399 3315 1710 3371 monasterii
1750 3317 1818 3346 ⁸³⁷
1865 3313 2133 3385 ofﬁciique

549 3405 632 3460 sui
665 3415 788 3476 post
835 3419 894 3460 se
946 3421 1232 3477 suppurent
1263 3417 1318 3462 et
1369 3408 1681 3464 ministrum
1715 3407 2132 3478 pontificemque

545 3495 746 3566 delegit
773 3496 884 3561 (ait.
907 3498 1054 3568 7H).
1088 3499 1143 3553 In
1174 3501 1450 3556 functione
1493 3501 1658 3570 igitur
1687 3501 1887 3554 vicaria
1943 3501 2134 3556 subro-

544 3597 722 3656 gatus,
745 3595 914 3641 totum
942 3603 999 3643 se
1023 3591 1075 3643 in
1106 3590 1301 3644 divinis
1332 3591 1565 3645 cultibus
1617 3591 1942 3661 propensius
1972 3607 2132 3646 man-

547 3675 770 3744 etpavit,
795 3676 988 3745 suique
1037 3679 1281 3748 magistri
1339 3679 1515 3733 forma
1566 3681 1884 3743 instructus,
1921 3681 1986 3734 de
2015 3695 2133 3735 ere-

547 3764 678 3819 ditis
705 3766 808 3820 sibi
832 3767 1022 3822 ovibus
1048 3781 1234 3821 curam
1283 3768 1512 3824 sollicite
1558 3767 1771 3840 δεθείη
1805 3769 1938 3822 illud
1969 3770 2130 3822 etiam

547 3858 798 3928 predium
825 3875 982 3914 suum
1033 3860 1177 3914 Ercii
1237 3862 1290 3915 in
1337 3862 1524 3916 usibus
1577 3861 1806 3914 fratrum
1853 3861 2128 3929 expendit.

545 3947 842 4020 Postquam
891 3965 1022 4006 vero
1071 3953 1231 4007 ambo
1280 3953 1345 4008 ad
1390 3952 1882 4008 remunerationem
1931 3950 2129 4015 vocati,

547 4047 724 4116 primo
751 4045 972 4116 quidem
1029 4045 1222 4102 beatus
1253 4045 1544 4102 Ursmarus
1577 4045 1686 4115 (an.
1714 4045 1866 4114 713),
1897 4044 2020 4098 dein
2049 4043 2133 4096 vir

551 4139 644 4194 Dei
678 4138 931 4193 Erminus
971 4139 1083 4208 (an.
1123 4139 1268 4210 757),
1295 4139 1347 4193 in
1369 4140 1480 4210 jam
1505 4139 1647 4194 dicta
1677 4135 2003 4208 parrochiali
2031 4151 2133 4190 :ec-

545 4228 714 4284 elesia
741 4227 990 4283 tumulati
1031 4227 1286 4294 fuissent,
1333 4237 1412 4283 tot
1455 4237 1509 4283 et
1543 4229 1707 4282 tantis
1749 4224 2132 4282 munificentiis

551 4319 704 4376 locus
735 4320 824 4374 ille
847 4319 1106 4384 donatur,
1150 4331 1211 4374 ut
1255 4319 1527 4374 modernis
1569 4316 1903 4386 temporibus
1943 4329 2132 4369 mona-

547 4416 718 4468 sterio
743 4415 908 4481 Iacto,
931 4415 1174 4470 canonici
1201 4415 1564 4472 mitterentur.
1613 4441 1616 4444 ν

2238 3224 2616 3294 videripmcst
2665 3227 2727 3294 (ι,
2773 3226 2887 3296 08),
2940 3237 3144 3281 sancta:
3193 3229 3281 3282 Dei
3333 3229 3520 3284 matris
3560 3229 3830 3285 mceiesia:

2235 3313 2709 3368 Cameracensiuin
2739 3316 3019 3383 subjacere
3067 3317 3265 3371 debere
3295 3319 3568 3384 traditur;
3613 3320 3708 3374 sed
3735 3319 3826 3374 in-

2238 3402 2622 3459 festationibus
2651 3407 2889 3475 gentium
2915 3405 3362 3476 subripientibus,
3418 3419 3512 3463 aut
3555 3411 3608 3464 in
3640 3423 3828 3465 muta-

2236 3496 2382 3550 tione
2404 3497 2556 3566 regni
2585 3497 2743 3552 modo
2769 3496 3002 3562 divulsa,
3034 3499 3362 3554 militaribus
3387 3499 3521 3554 viris
3556 3500 3828 3555 beneficio

2236 3587 2532 3643 infiscatur.

2303 3677 2393 3731 42.
2439 3677 2514 3732 De
2549 3680 2672 3734 ri.’la
2705 3678 2962 3736 Conditio.
3020 3683 3175 3753 Apud
3227 3684 3406 3738 villam
3437 3700 3651 3755 quoque
3682 3669 3852 3740 Conl'

2235 3767 2418 3822 datum
2451 3769 2745 3839 (293)01im
2781 3771 2974 3841 regalis
3005 3783 3058 3827 et
3085 3775 3235 3830 dives
3289 3775 3343 3828 in
3378 3775 3584 3829 honore
3615 3785 3828 3830 sanctis

2235 3858 2419 3913 Mariae
2447 3860 2664 3914 abbalia
2715 3861 2896 3917 fuerat
2949 3865 3291 3933 puellarum;
3347 3882 3488 3920 nunc
3527 3876 3709 3919 autem
3741 3875 3830 3920 est

2237 3952 2651 4016 monasterium,
2687 3969 2798 4021 pra:
2845 3955 3045 4022 inopia,
3075 3971 3378 4028 paucorum
3409 3957 3825 4010 canonicoruin.

2237 4038 2334 4094 Ubi
2364 4056 2494 4094 sane
2525 4053 2748 4096 sanctus
2780 4044 2862 4096 vir
2913 4045 3004 4099 Dei
3049 4045 3388 4114 Wasnulfns,
3439 4061 3638 4117 genere
3679 4043 3825 4102 Sco-

2238 4139 2347 4194 tus,
2402 4139 2564 4183 Cursu
2623 4132 3079 4202 peregrinationis
3127 4146 3526 4202 consummato,
3577 4135 3829 4205 sepultus

2235 4235 2356 4275 cum
2388 4221 2634 4288 patribus
2678 4223 2728 4276 in
2785 4237 2920 4291 pace
2971 4224 3301 4279 obdormivit
3341 4228 3502 4296 (circa
3549 4245 3638 4282 an.
3669 4227 3825 4300 700),

2237 4310 2502 4379 iuniusque
2561 4313 2770 4367 meritis
2821 4329 3038 4368 onmem
3088 4314 3266 4369 locum
3322 4315 3614 4371 illustravit
3655 4317 3826 4372 mira-

2236 4404 2389 4458 culis.

620 4505 710 4559 59.
858 4468 1379 4561 ingurgitata-ag
1407 4468 1472 4561 tn
1507 4468 1634 4560 villa
1655 4500 2128 4572 Castrilocoﬁm)
2161 4468 2208 4526 υ
2303 4493 2392 4547 45.
2435 4492 2513 4547 De
2561 4493 2688 4547 villa
2745 4493 2963 4550 Lulosa.
3021 4497 3118 4551 Est
3165 4499 3547 4552 monasterium
3603 4513 3826 4570 tutoque

551 4593 660 4649 duo
685 4609 904 4666 quoque
959 4598 1287 4652 monasteria
1346 4597 1636 4661 habentur,
1697 4610 1862 4650 unum
1914 4593 2129 4662 quidem

553 4685 880 4757 puellarum,
935 4685 1070 4758 [(V.
1108 4687 1292 4760 Auib.)
1324 4689 1467 4759 quod
1495 4696 1682 4742 sancta
1743 4683 2130 4746 Waldetrudis,

555 4773 792 4844 eonjunx
821 4779 995 4832 sancti
1027 4779 1274 4848 prelibati
1302 4779 1564 4835 Vincenlii
1597 4787 1759 4846 atque
1789 4790 1941 4830 soror
1967 4776 2138 4828 beata:

549 4866 906 4938 Aldegundis,
953 4869 1247 4924 editieavit.
1289 4869 1427 4925 Cum
1474 4871 1618 4925 enim
1675 4870 1760 4922 vir
1791 4883 1918 4922 suus
1948 4866 2139 4920 beatus

559 4957 872 5016 Vincentius
901 5001 916 5027 ,
971 4961 1164 5016 relicto
1213 4965 1396 5017 mundi
1449 4961 1772 5032 naufragio,
1821 4956 2139 5015 monasterii

555 5059 768 5121 portum
820 5051 1125 5122 cxpelierit,
1183 5053 1297 5122 ipsa
1353 5069 1570 5122 quoque
1622 5053 1802 5106 divina
1852 5047 2136 5103 clementia

2235 4583 2619 4638 canonicorum
2643 4585 2698 4638 iu
2729 4586 2932 4641 honore
2962 4587 3328 4656 apostolorum
3362 4589 3507 4644 Petri
3560 4599 3614 4643 et
3641 4589 3825 4655 Pauli,

2237 4677 2290 4730 ia
2315 4675 2432 4729 vico
2476 4676 2567 4744 qui
2614 4676 2818 4732 dicitur
2855 4677 3056 4734 Lntosa
3102 4679 3272 4750 (294),
3324 4679 3468 4752 quod
3513 4684 3828 4736 construxit

2238 4769 2430 4821 beatus
2459 4766 2778 4834 Amandus;
2810 4778 2972 4824 etest
2999 4771 3150 4827 dives
3178 4773 3420 4841 abbatia,
3461 4774 3553 4828 ubi
3601 4777 3683 4828 vir
3723 4775 3825 4829 Dei

2237 4858 2565 4914 venerabilis
2609 4859 2816 4916 Baidilo
2865 4863 3181 4932 requiescit,
3216 4867 3308 4935 qui
3360 4880 3560 4936 corpus
3615 4875 3828 4921 sancta:

2239 4950 2422 5004 Maria:
2445 4949 2771 5022 Magdalenm
2796 4953 2862 5008 de
2905 4954 3240 5012 Hierusalem
3281 4957 3336 5011 in
3365 4957 3728 5027 Burgundiam
3763 4949 3824 5010 in

2251 5043 2367 5099 loco
2393 5044 2725 5099 Yercelliaco
2754 5048 2996 5103 attulisse
3021 5047 3208 5102 fertur.

1847 5153 2079 5218 ’ἔΛΙὶΙὶΕ
2119 5157 2527 5213 LEC'I‘IONES.

627 5237 695 5266 ’²⁷
727 5237 1115 5291 monasterium
1151 5239 1195 5289 l.

2085 5325 2224 5358 κηνι·
2243 5325 2293 5358 xl?
