4052 5358
563 210 665 265 113

1500 204 1541 256 G
1553 202 1721 257 ESTA
1766 199 2180 256 PONTIFICUM
2213 201 2295 255 CA
2307 201 2740 259 MERACENSIU
2753 205 2816 258 li.

3720 208 3822 263 Ηιῑ

562 325 770 386 Mat'izc,
805 334 988 375 secum
1032 318 1329 389 imperator
1369 319 1639 383 detinuit;
1682 317 1842 370 tertio
1886 330 2015 368 vero
2051 315 2140 368 die
2171 324 2213 379 Λ
2245 319 2535 373 secundum
2571 321 2834 374 monitum
2883 321 2959 375 ire
2996 321 3324 391 disponeret,
3380 336 3502 375 cum
3544 322 3827 378 suis-ﬁde-

563 415 834 470 licentiam
860 414 1168 468 discedendi
1201 414 1639 477 accommodans,
1680 411 1966 465 abbatibus
1996 409 2141 464 vide-

565 512 691 565 licet
723 507 998 563 Richardo
1049 506 1220 577 t305),
1255 505 1628 560 et-Bcrthaldo
1660 502 1920 566 Endcnsi,
1967 501 2142 556 sedet

565 599 893 653 [lerimanno
935 595 1119 650 comiti
1171 593 1319 666 (506)
1363 609 1460 665 per
1503 592 1826 663 legationem
1881 589 2139 660 precepit,

563 693 623 746 ut
642 688 942 745 Gerardum
962 687 1282 742 comitantes
1298 687 1362 740 ad
1388 685 1576 738 urbem
1599 681 1943 738 commissam
1974 697 2143 751 usque

564 783 914 837 deducerent.
949 779 1064 834 iliis
1120 792 1251 848 ergo
1299 776 1705 840 comitantibus,
1761 791 1882 830 cum
1915 774 2017 828 iter
2061 773 2140 827 fa-

564 873 716 929 ciens
736 869 1159 927 Valeutianense
1203 878 1442 922 castrum
1503 882 1641 937 pene
1666 866 1895 931 subiret,
1918 865 2140 919 Baldui-

566 975 668 1017 nus
693 975 873 1017 comes
911 959 1083 1031 (507),
1132 958 1316 1012 audito
1369 957 1443 1012 rei
1495 958 1667 1021 exitu,
1715 957 1877 1012 etiam
1924 957 2146 1010 comita-

566 1044 720 1106 tnrus
747 1062 1040 1105 occurrere
1069 1046 1347 1102 festinavit
1374 1063 1390 1112 ;
1421 1057 1675 1114 tantaque
1698 1045 1851 1115 copia
1885 1043 2050 1098 fultus
2089 1046 2140 1098 in

567 1146 757 1199 urbem
780 1141 1060 1213 pervenit,
1083 1157 1113 1195 a
1142 1139 1340 1210 populo
1359 1138 1609 1193 videlicet
1633 1146 1688 1192 et
1708 1135 1855 1191 clero
1884 1151 2009 1190 eum
2034 1135 2140 1189 leta

564 1243 619 1288 et
661 1232 1053 1288 oﬁiciOsissima
1108 1228 1424 1284 celebritate
1473 1232 1771 1295 susceptus.
1818 1223 1971 1279 Missi
2012 1237 2142 1277 vero

563 1327 697 1398 regii
727 1326 1033 1395 prediclam
1063 1321 1126 1394 (ι,
1173 1319 1297 1390 120)
1341 1317 1568 1374 Walteri
1610 1317 1859 1371 sevitiam
1915 1315 2142 1370 audien-

563 1425 664 1482 tes,
701 1414 1030 1471 mordaciter
1079 1411 1229 1466 illum
1286 1419 1340 1465 et
1390 1425 1511 1464 cum
1550 1408 1920 1480 indignatione
1960 1421 2144 1477 repre-

565 1507 862 1569 hendunt;
915 1504 1080 1558 immo
1131 1513 1184 1556 et
1237 1516 1345 1570 quo
1395 1499 1588 1570 spiritu
1646 1514 1768 1553 cum
1821 1498 1940 1552 aliis
1986 1495 2142 1551 malis

563 1595 728 1648 etiam
769 1593 988 1646 domum
1050 1588 1414 1659 episcopalem
1472 1600 1741 1656 occupare
1799 1599 2142 1655 presumpse—

2245 410 2386 465 libus
2417 412 2583 464 etiam
2634 411 2956 476 Walterum,
2994 421 3050 465 ut
3100 428 3282 466 secum
3335 423 3602 483 pergeret,
3637 415 3824 482 parari

2230 502 2504 571 'precepit.
2535 500 2654 568 Quo
2685 512 2962 566 renuente,
3015 502 3130 570 ipse
3162 501 3353 569 prmsul
3400 515 3522 556 eum
3545 502 3668 556 suis
3699 501 3828 556 aliis

2245 594 2297 647 in
2327 592 2512 647 urbem
2542 593 2990 658 Leodecensium,
3025 592 3340 663 prmscripto
3385 592 3616 648 termino
3646 592 3824 664 (511),

2246 683 2557 752 imperatori
2597 697 2886 738 occurrere
2919 682 3218 747 festinavit,
3255 681 3605 750 debitumque
3658 683 3826 737 obse-

2244 775 2428 844 quium
2457 774 2739 840 exhibens,
2773 789 2934 843 super
2986 773 3213 827 Walteri
3253 773 3504 844 iniuriam
3533 783 3586 826 et
3643 773 3830 828 inobe-

2245 864 2502 918 dicntiam
2534 865 2880 919 exclamavit.
2917 865 3046 920 Post
3091 867 3206 920 lucc
3241 882 3369 921 vero
3410 867 3620 920 monuit
3671 865 3826 920 illum

2245 953 2559 1023 imperator,
2594 963 2652 1007 ut
2675 969 2858 1009 secum
2889 956 2954 1009 ad
2980 971 3176 1010 novum
3204 955 3535 1025 episcopium
3568 955 3826 1010 dedican-

2243 1045 2390 1109 dum,
2423 1046 2476 1099 in
2503 1045 2793 1100 civitatem
2823 1045 3072 1101 videlicet
3122 1046 3456 1117 Bavenberg,
3498 1061 3603 1100 una
3653 1045 3825 1116 proﬁ-

2243 1133 2564 1198 ciseeretur,
2593 1133 2773 1204 ibique
2805 1134 2857 1188 in
2890 1149 2985 1188 sua
3035 1133 3301 1204 presentia
3338 1148 3367 1186 a
3399 1134 3579 1189 missis
3608 1143 3827 1204 aposto-

2244 1223 2362 1278 licis
2405 1226 2694 1295 multisque
2722 1226 3054 1296 coepiscopis
3083 1227 3195 1280 sive
3219 1225 3523 1292 abbatibus,
3555 1227 3645 1295 qui
3692 1225 3826 1280 illuc

2245 1315 2312 1370 ad
2372 1317 2596 1370 encenia
2658 1316 2805 1388 (δη)
2885 1316 3067 1386 templi
3139 1317 3432 1376 convenire
3481 1315 3825 1381 deberent,

2243 1408 2590 1464 ordinaretur
2637 1408 2942 1480 episcopus.
2995 1407 3096 1475 Qui
3150 1419 3205 1464 et
3253 1409 3296 1463 si
3351 1407 3725 1464 honorabilius
3768 1419 3830 1464 et

2242 1499 2636 1570 disciplinatius
2679 1514 2861 1554 coram
2913 1501 3058 1571 regia
3119 1515 3317 1572 pompa
3367 1508 3422 1555 et
3473 1499 3825 1556 Lotharicnsi

2245 1591 2485 1647 sollertia
2515 1591 2680 1647 sciret
2711 1606 2771 1648 se
2805 1591 3164 1648 ordinandum
3195 1611 3208 1646 :
3247 1601 3430 1647 tamen
3481 1593 3826 1655 loci-amore.

568 1684 660 1746 rit,
704 1690 917 1753 rogant.
941 1679 1042 1747 Qui
1090 1695 1211 1735 mox
1251 1677 1441 1732 falsam
1470 1675 1838 1732 defensionem
1857 1674 2138 1744 objiciens.
2175 1692 2220 1751 Β
2249 1699 2355 1753 quo
2385 1683 2844 1750 ηιιιτίιυε-τιιοηιι,
2875 1677 3086 1755 captus,
3131 1699 3163 1738 ε
3202 1684 3349 1739 "uno
3394 1686 3614 1755 quidem
3651 1685 3758 1740 nisi
3791 1701 3825 1739 ε

567 1773 836 1828 fallaciter
859 1770 1163 1841 conposuit,
1205 1769 1348 1840 quod
1381 1768 1454 1822 ita
1511 1780 1570 1820 se
1613 1765 1793 1819 facere
1849 1779 1954 1819 non
1981 1778 2142 1819 causa

565 1865 789 1935 rapinaz,
829 1863 924 1920 sed
956 1861 1200 1918 tuitionis
1241 1859 1503 1915 adversus
1530 1857 1775 1912 Balduini
1806 1857 2020 1912 comitis
2045 1856 2145 1910 im-

565 1965 777 2027 petum,
828 1955 915 2011 cui
972 1953 1114 2008 male
1178 1961 1466 2024 suspectus
1517 1958 1658 2016 erat,
1695 1949 1978 2019 disposuit.
2033 1946 2147 2002 Hoc

563 2059 744 2102 autem
770 2047 929 2118 longe
951 2061 981 2100 a
1009 2045 1086 2100 rei
1139 2045 1371 2099 veritate
1409 2040 1701 2106 seclusum,
1741 2054 1807 2095 ac
1821 2039 2004 2110 magis
2024 2038 2146 2096 dolo

562 2154 726 2210 quam
757 2137 860 2194 ﬁde
883 2134 1156 2197 sttﬁ‘ultum
1197 2134 1313 2194 fore
1336 2129 1990 2202 respondent,.presertim
2023 2143 2146 2183 cum

563 2245 694 2286 suas
739 2243 875 2302 Opes
918 2228 1151 2282 intactas
1190 2224 1489 2296 reliquerit,
1535 2221 1868 2294 episcopales
1904 2235 2031 2275 vero
2055 2219 2146 2275 ab-

567 2320 746 2378 normi
807 2317 1072 2376 ellusione
1138 2314 1564 2386 consumpserit.
1621 2311 1968 2380 Tandemque
2022 2325 2146 2366 eum

565 2413 861 2486 asperitate
909 2423 1140 2466 erroneo
1186 2407 1501 2471 consulunt,
1552 2412 1832 2477 monentes
1873 2410 1933 2457 ut
1962 2401 2148 2458 melio-

563 2515 715 2560 ratus
762 2503 829 2557 ab
860 2499 1163 2556 insolentiis
1206 2497 1506 2552 desisceret
1561 2492 1734 2564 (508).
1781 2491 2148 2561 correctisque

562 2593 876 2666 prteteritis,
917 2590 1229 2645 ﬁdelitatem
1267 2586 1504 2656 episcopi
1547 2586 1600 2639 in
1660 2585 1926 2653 reliquum
1963 2582 2148 2637 obser-

566 2692 740 2740 varet.
797 2682 852 2736 Id
900 2681 1159 2736 continuo
1207 2691 1370 2745 quam
1426 2683 1615 2730 sancte
1654 2673 1921 2750 promisit,
1960 2674 2052 2727 sed
2088 2681 2149 2726 ut

561 2774 833 2847 posterius
862 2769 1044 2825 multis
1078 2766 1252 2833 modis
1280 2764 1581 2828 videbitur,
1619 2761 1778 2818 ﬁdem
1806 2760 2148 2816 sermonibus

561 2863 862 2933 derogavit.

619 2959 686 3011 ἓ.
740 2953 1078 3010 Procedente
1122 2963 1250 3004 vero
1297 2951 1476 3018 aliquo
1515 2957 1771 3017 temporis
1818 2949 1928 3016 (an.
1982 2943 2140 2999 lOl‘2.

2248 1776 2665 1846 metropolitano
2701 1777 3046 1831 Remensium
3077 1777 3486 1847 archiepiscopo
3517 1794 3576 1834 se
3598 1779 3825 1834 ordina-

2249 1875 2364 1920 tum
2404 1866 2471 1921 iri
2527 1866 2665 1922 velle
2704 1867 3022 1937 respondit;
3074 1862 3278 1937 quippe
3325 1868 3460 1921 satis
3489 1869 3712 1938 provide
3759 1884 3829 1924 ac

2247 1965 2618 2028 competenter
2645 1973 2866 2014 causam
2893 1959 3272 2026 considerans,
3303 1975 3371 2014 ne
3410 1959 3549 2015 forte
3574 1961 3833 2016 videlicet

2246 2061 2313 2103 eo
2368 2049 2532 2103 etiam
2599 2049 2714 2119 ipse
2771 2050 3143 2106 consuetudini
3201 2051 3346 2106 sedis
3393 2052 3834 2122 instrepolitame

2249 2141 2522 2197 contraire
2557 2141 2836 2198 videretur
2855 2183 2870 2208 ,
2901 2143 3045 2213 quod
3073 2144 3303 2198 domnus
3330 2143 3586 2197 Erluinus
3613 2143 3833 2212 episco-

2246 2233 2838 2303 pusobsupradictam
2889 2233 3294 2288 contentionem
3325 2235 3387 2302 (ι,
3438 2234 3586 2298 111),
3637 2233 3833 2287 Bonna

2247 2322 2640 2378 ordinationem
2703 2331 3037 2394 susceperat.
3098 2323 3217 2392 Quo
3268 2324 3473 2386 audito,
3533 2324 3833 2392 imperator

2248 2413 2458 2477 altioris
2486 2413 2695 2470 consilii
2727 2413 2874 2469 illum
2905 2414 3214 2480 advertens,
3271 2413 3504 2469 libenter
3531 2413 3832 2484 acquievit,

2249 2503 2484 2574 dataque
2533 2504 2738 2560 reditus
2787 2503 3002 2559 licentia
3035 2545 3050 2570 ,
3104 2503 3330 2575 largitus
3382 2514 3469 2560 est
3520 2505 3568 2559 ei
3622 2503 3831 2558 librum

2249 2595 2685 2649 consecrationes
2714 2594 3035 2670 clericorum
3065 2603 3121 2650 et
3159 2596 3559 2650 ordinationem
3587 2594 3832 2665 episcopi

2251 2685 2644 2749 continentem,
2699 2693 2761 2738 ut
2812 2699 2910 2754 per
2953 2684 3099 2739 hunc
3155 2685 3409 2739 videlicet
3452 2692 3830 2747 consecratus,

2251 2775 2396 2829 haud
2433 2772 2664 2828 fortasse
2697 2775 2912 2843 quidem
2963 2773 3383 2843 indisciplinatis
3416 2773 3658 2827 moribus
3686 2772 3828 2827 Κατ-ο

2252 2867 2481 2922 lensium
2538 2865 2915 2936 inregularitcr
2961 2866 3325 2919 ordinaretur.
3386 2864 3539 2920 Unde
3573 2878 3697 2918 mox
3759 2864 3832 2918 ad

2251 2973 2347 3013 sna
2401 2971 2522 3011 cum
2574 2956 2781 3010 honore
2845 2964 2900 3010 et
2954 2957 3317 3024 prosperitate
3373 2955 3664 3011 concessit.
3701 2951 3832 3007 ‘Nec

566 3049 777 3118 Mart),
810 3047 922 3116 ipse
954 3047 1182 3099 domnus
1211 3041 1504 3104 Gerardlls.
1535 3039 1799 3094 ordinalis
1829 3040 1944 3094 suis
1985 3039 2143 3093 I‘Bblls
2173 3048 2217 3106 C
2251 3047 2422 3101 multo
2447 3057 2567 3116 post
2595 3045 2798 3116 paratis
2819 3044 3029 3100 viaticis
3052 3059 3172 3098 cum
3200 3059 3418 3099 suorum
3471 3043 3830 3114 primoribus,

563 3138 914 3207 vassallisque
955 3149 1017 3189 ac
1048 3125 1260 3187 clericis
1291 3130 1390 3184 sibi
1431 3136 1772 3184 sacramento
1811 3127 2145 3190 constrictis,

525 3235 528 3238 ’
565 3229 631 3281 ad
660 3228 1039 3296 imperatorem
1068 3221 1122 3276 in
1142 3219 1322 3274 villam
1350 3216 1599 3271 videlicet
1616 3213 1966 3286 Novimagum
1999 3213 2146 3284 (509)

563 3335 622 3374 se
653 3315 902 3380 contulit,
934 3322 991 3368 et
1025 3327 1147 3368 cum
1179 3309 1300 3364 aliis
1329 3306 1674 3378 imperatoris
1703 3303 1952 3360 ﬁdelibus
1979 3307 2148 3362 etiam

561 3408 883 3465 Balduinum
907 3405 1160 3462 comitem
1190 3402 1394 3472 pariter
1423 3399 1615 3464 duxit;
1649 3398 1739 3451 ubi
1770 3398 1818 3453 ei
1853 3399 2147 3468 imperator

562 3500 745 3553 villam
775 3496 921 3568 (510)
967 3494 1216 3548 Walcras
1268 3490 1633 3545 beneﬁciavit.
1691 3487 1804 3542 [loc
1861 3497 2042 3542 autem
2093 3489 2145 3542 in

556 3590 682 3646 loco
712 3591 884 3659 ipsum
913 3587 1168 3641 domuum
1201 3582 1500 3639 Gerardum
1533 3580 1586 3633 in
1617 3594 1712 3633 sua
1755 3580 2028 3648 presentia
2063 3579 2144 3635 fc-

563 3681 639 3735 cit
673 3678 914 3733 ordinari
971 3675 1371 3745 presbyterum.
1425 3671 1666 3741 Denique
1702 3670 1800 3738 ipsi
1838 3685 2144 3725 accommo-

565 3773 688 3830 data
739 3767 1012 3824 remeandi
1071 3765 1312 3828 licentia,
1365 3763 1586 3816 mandat
1646 3760 1788 3815 utin
1844 3762 1928 3816 die.
1975 3762 2145 3816 sancti

555 3863 781 3934 pascha:
833 3861 934 3920 sibi
993 3857 1375 3913 famulaturus.
1413 3854 1656 3912 Waltero
1705 3869 1886 3908 secum
1946 3855 2146 3924 pariter

560 3953 798 4008 adducto
831 3991 846 4017 ,
897 3950 967 4004 ad
1011 3948 1310 4004 tecelesiam
1364 3945 1787 4001 Leodccensium
1839 3948 2141 4002 adveniret.

563 4045 656 4102 Sic
692 4058 963 4107 reversus,
997 4041 1167 4096 multa
1198 4041 1394 4094 iterum
1438 4037 1579 4092 mala
1602 4039 1890 4108 ,repperit;
1947 4038 2144 4109 quippe

555 4137 801 4207 querulis
827 4149 1122 4207 pauperum
1161 4131 1491 4187 clamoribus
1522 4129 1676 4186 triste
1702 4129 1966 4198 pulsatus,
1998 4145 2134 4198 mio-

561 4244 682 4283 rum
709 4226 983 4281 Walterus
1024 4224 1160 4278 alios
1210 4221 1552 4286 verberabat,
1597 4219 1736 4274 alios
1793 4220 2020 4274 insuetis
2049 4235 2142 4275 ex.

562 4317 865 4372 actionibus
880 4331 1093 4385 semper
1115 4313 1364 4369 vexabat.
1386 4311 1564 4381 Super
1578 4312 1692 4366 haec
1711 4326 1841 4383 ergo
1867 4312 2139 4366 tirannum

2249 3146 2477 3208 excepto
2523 3135 2789 3200 Waltc'ro,
2841 3135 3139 3189 mcclesiam
3194 3131 3541 3199 Bernensium
3591 3143 3828 3204 petens,

2251 3241 2460 3282 summa
2489 3240 2613 3279 cum
2668 3225 3021 3279 veneratione
3060 3224 3300 3294 pontifex
3359 3225 3643 3278 ordinatur
3676 3222 3829 3294 (515)

2254 3319 2403 3390 [Apta
2435 3316 2551 3388 27].
2588 3317 2680 3371 Sic
2715 3317 2897 3385 itaque
2951 3317 3294 3381 sublimatus,
3346 3330 3475 3371 oves
3530 3316 3630 3370 sibi
3661 3332 3832 3371 com-

2257 3412 2456 3466 missas
2505 3411 2692 3464 revisit
2761 3409 3126 3478 quantocius;
3195 3410 3290 3464 sed
3357 3417 3702 3479 nequaquam
3759 3407 3831 3462 ab

2253 3502 2550 3558 insolentiis
2602 3501 2830 3554 “alteri
2891 3499 3133 3555 feriatur.
3194 3501 3446 3556 Ceterum
3496 3515 3656 3556 aures
3717 3515 3831 3555 sua}

2251 3590 2608 3660 querimoniis
2639 3602 2936 3659 pauperum
2967 3606 3071 3643 non
3102 3591 3393 3656 vacabant,
3455 3603 3642 3644 comm
3679 3587 3829 3644 scili-

2250 3693 2338 3736 cet
2367 3696 2504 3752 quos
2527 3679 2829 3747 Walterus,
2853 3689 2912 3734 ut
2937 3680 3139 3736 dictum
3171 3689 3273 3746 est,
3306 3680 3562 3749 injuriose
3607 3689 3830 3748 torque-

2253 3773 2386 3838 batf;
2415 3786 2551 3842 quos
2581 3771 2747 3824 etiam
2777 3772 3016 3838 pessime
3045 3770 3289 3835 allectos,
3320 3771 3547 3840 direptis
3567 3770 3831 3824 substan-

2249 3861 2427 3925 tiolis,
2493 3861 2544 3914 in
2604 3860 2834 3915 vinculis
2881 3861 3253 3931 .mancipabat.
3327 3860 3483 3916 Unde
3531 3861 3832 3930 imperator

2245 3951 2587 4008 exclamante
2612 3952 2808 4006 iterum
2838 3953 3091 4021 episcopo
3117 3952 3358 4022 graviter
3386 3951 3684 4015 excitatus,
3725 3949 3824 4004 sed

2243 4054 2299 4099 et
2327 4044 2703 4099 recordatione
2725 4042 3033 4112 hujusmodi
3062 4044 3580 4105 controversiarum,
3606 4058 3748 4114 quas
3771 4042 3827 4098 in

2244 4135 2522 4192 Erluiuum
2574 4150 2787 4204 quoque
2861 4136 3060 4191 dudum
3116 4146 3467 4200 exercuerat,
3533 4134 3826 4199 elferatus,

2246 4227 2480 4281 illustres
2523 4227 2668 4280 viros
2714 4226 2978 4290 comites,
3027 4225 3376 4280 Godefridum
3425 4224 3631 4280 scilicet
3670 4223 3827 4294 (3H)

2244 4324 2429 4384 postea
2474 4315 2686 4379 ducem,
2713 4313 3043 4383 fratremque
3066 4313 3476 4377 ﬂerimannum,
3521 4312 3647 4368 huic
3702 4312 3826 4368 urbi

563 4409 850 4478 increpans
877 4447 893 4473 ,
947 4407 1141 4462 anima:
1183 4403 1419 4476 pericula
1472 4410 1758 4457 monstrat.
1807 4404 2001 4458 Verum
2055 4387 2463 4471 illeDdirexit,
2489 4415 2544 4461 et
2575 4414 2633 4460 ut
2676 4405 2743 4460 ad
2766 4420 2825 4460 se
2866 4413 3027 4460 tanta:
3056 4405 3410 4460 immanitatis
3451 4403 3624 4459 virum
3678 4401 3829 4458 face.

563 4497 937 4554 inobedienter
966 4499 1192 4552 audiens
1219 4495 1457 4550 monitus
1487 4493 1876 4549 saluberrimos
1915 4495 2137 4550 omnino

563 4592 843 4657 depravat.
875 4586 1011 4641 Cum
1039 4595 1224 4641 autem
1258 4585 1458 4654 pascha
1487 4583 1884 4653 propinquante
1915 4585 1981 4638 ad
2018 4601 2138 4654 pre-

561 4690 732 4746 fatam
788 4686 1088 4743 tecclesiam
1125 4685 1410 4754 episcopus
1465 4682 1780 4750 imperatori
1835 4682 2136 4738 serviturus

2243 4504 2364 4552 rent
2392 4497 2492 4561 ire,
2529 4496 2834 4562 mandavit;
2871 4504 3019 4553 certe
3044 4496 3180 4551 satis
3201 4496 3499 4562 admirans,
3525 4494 3672 4563 quod
3697 4510 3826 4550 cum

2242 4604 2300 4643 se
2321 4589 2674 4653 castellanulm
2705 4590 3136 4658 advocatumque
3159 4588 3401 4643 civitatis
3425 4586 3630 4652 aiebat,
3657 4601 3826 4641 num-

2241 4695 2402 4748 quam
2481 4681 2658 4734 aulam
2727 4681 2929 4750 regiam
2983 4679 3375 4750 frequentaret.
3427 4679 3530 4746 Qui
3590 4679 3828 4736 comites

2077 4861 2303 4916 NOTAE.

655 5005 779 5076 505)
820 5003 878 5076 S.
909 4999 1531 5076 VitoniYirdttneusis.‘
1602 5067 1616 5076 _
1683 5067 1706 5076 Α
1883 5049 1888 5058 ,

642 5067 782 5141 (506)
823 5072 1127 5130 Eihamensi
1160 5088 1174 5135 ;
1204 5068 1277 5126 cf.
1311 5085 1368 5131 tt,
1396 5067 1561 5132 lll,‘2,
1591 5067 1645 5134 4,
1677 5067 1728 5131 0,
1753 5068 1812 5120 8.
1843 5105 1850 5113 .
1895 5113 1898 5128 ε

634 5146 782 5216 (507)
821 5144 1119 5216 Flandriae,
1134 5141 1414 5203 Barbatus.

632 5213 781 5278 (⁷508)
818 5215 856 5268 1.
893 5228 944 5268 e.
976 5213 1323 5272 descisceret.

634 5147 757 5216 (507
821 5146 1109 5206 Flandriae,
1136 5146 1414 5203 Barbatus.

632 5217 759 5278 (508
818 5215 856 5268 1.
893 5228 944 5268 e.
976 5213 1323 5272 descisceret.

632 5146 782 5358 (309;
821 5284 1147 5354 Nimwegen.
1191 5279 1266 5334 lbi
1312 5292 1404 5332 rex
1450 5292 1634 5337 mense
1679 5276 1869 5336 Martio
1897 5291 1946 5328 a.
1997 5276 2134 5330 10|2

2236 4996 2525 5050 venerabile
2555 4998 2942 5050 monasterium.
2965 5038 2976 5047 .
3001 5035 3013 5048 .
3045 4997 3099 5050 Ξ.
3137 4996 3275 5051 Νοη.
3303 4997 3434 5051 Maii
3457 5011 3826 5056 consecratum

2238 5077 2332 5138 est.
2361 5066 2502 5138 Anti.
2556 5065 2722 5138 Leod.
2775 5066 2930 5120 “MS.
2980 5066 3262 5122 Heinricus
3313 5083 3404 5122 rex
3448 5070 3647 5138 pascha
3679 5071 3826 5126 cede-

2239 5136 2400 5188 bravit
2435 5134 2629 5187 Leodii.

2314 5204 2461 5274 (512)
2503 5205 2924 5274 Dcdicationem.
2949 5221 2978 5259 a
3009 5206 3196 5269 καινός,
3224 5223 3404 5260 novus.

2316 5273 2465 5358 (515)
2478 5273 2898 5358 ngltroniconS.
2929 5276 3158 5358 Andreae
3183 5277 3402 5358 (Σπειώ-[ἱ
3431 5279 3820 5358 Cameracesii,
