4052 5358
236 334 338 392 HS

1564 334 1764 391 Linen
1807 334 2128 413 Tunjrtus.

3410 344 3510 401 “6

230 448 495 504 herilibus
527 451 977 518 obtemperantes
1006 448 1266 518 jussibus,
1297 448 1599 504 \Valterum
1621 462 1820 502 convc-
1853 457 1898 513 Α
1926 447 2242 518 dragesimxe
2304 449 2413 518 (an.
2471 448 2634 521 10l3)
2673 449 2896 506 reducto
2945 449 3187 506 Waltero
3234 463 3514 522 precatum

230 540 404 604 uiunt,
430 555 500 594 ac
528 539 782 609 pristina:
815 541 1276 597 reconciliationis
1303 541 1575 612 ingratum
1605 549 1661 595 et
1687 539 1830 594 inso-

230 631 410 686 lentiae
455 646 616 686 reum
667 633 811 687 haud
864 633 1116 689 mollibus
1157 633 1546 705 indignationis
1594 632 1830 688 molibus

231 723 648 794 redarguentes,
681 723 971 795 plurimum
1011 725 1254 796 dequesti
1296 735 1463 781 sunt:
1503 740 1626 780 eum
1673 725 1828 780 vide-

229 814 354 868 licet
396 829 524 869 non.
557 814 736 870 solum
789 816 1113 886 promissam
1141 816 1581 873 emendationem
1615 816 1829 872 irritam

230 903 453 968 fecisse,
506 904 724 958 sed-ad
787 914 1138 977 augmentum
1197 922 1308 962 sua:
1357 905 1646 961 tirannidis
1692 905 1828 960 iram

227 994 471 1065 episcopi
515 993 756 1066 amplius
776 1011 1136 1066 provocasse.
1182 995 1296 1053 Sibi
1335 998 1482 1053 enim
1537 997 1702 1053 totius
1751 997 1826 1051 rei

228 1091 653 1155 prepotestatem
676 1085 891 1154 penitus
912 1102 1196 1158 usurpare,
1221 1089 1476 1160 episcOpo
1501 1103 1629 1143 vero
1655 1087 1827 1144 solum

231 1191 428 1230 nomen
454 1190 518 1230 ac
541 1177 781 1246 Speciem
809 1178 1035 1233 honoris
1065 1179 1391 1250 relinquere.
1417 1180 1498 1235 Ad
1521 1180 1826 1236 districtum

228 1281 357 1337 ergo
396 1266 670 1337 judicium
724 1268 1065 1339 imperatoris
1127 1271 1422 1326 contendat
1474 1281 1825 1328 monuerunt.

229 1361 306 1414 Ad
329 1361 451 1418 haec
477 1359 568 1418 ille
598 1365 944 1432 perterritus,
978 1379 1106 1420 mox
1130 1365 1465 1421 incredibilis
1492 1365 1830 1436 paenitentia:

228 1451 470 1522 speciem
520 1453 715 1522 induit,
755 1465 810 1511 et
846 1471 1009 1526 quem
1048 1457 1302 1514 crederes
1342 1456 1572 1513 ulterius
1619 1472 1827 1528 nequa-

227 1557 295 1612 qn
315 1559 389 1597 .m
436 1560 561 1600 esse
591 1544 890 1615 lapsorum,
927 1547 1210 1603 obsidibus
1245 1547 1465 1618 quidem
1496 1564 1621 1603 cum
1646 1563 1828 1604 sacra-

225 1645 414 1690 mento
470 1636 687 1700 oblatis,
743 1637 1016 1709 congestis
1073 1639 1238 1694 etiam
1285 1639 1576 1709 precibus,
1626 1639 1692 1694 ad
1742 1649 1827 1695 to-

227 1727 334 1781 tius
376 1725 530 1800 (513)
563 1730 780 1800 generis
810 1731 1236 1788 satisfactionem
1273 1741 1381 1788 tota
1433 1747 1492 1788 se
1523 1733 1829 1789 humilitate

1932 547 2212 604 venerant,
2266 555 2329 597 ac
2377 555 2597 611 precum
2638 540 3082 597 deliuimentom
3115 543 3252 598 iram
3275 544 3514 616 episcopi

1931 628 2266 700 mitigantes,
2318 644 2506 685 omnes
2546 629 2598 684 in
2630 643 2820 700 preces
2855 631 3270 687 descenderant.
3312 631 3515 689 Horum

1931 719 2112 789 itaque
2148 720 2458 792 rogationes
2493 720 2801 791 episcopus,
2829 737 2990 792 quem
3027 732 3248 794 putares
3274 724 3518 780 obstina-

1893 813 1902 824 '
1932 811 2200 867 tissimum
2225 823 2280 868 et
2307 812 2720 879 inexorabilem,
2745 828 2852 868 non
2877 814 3209 883 vilipendere
3233 815 3304 846 ’⁸³
3337 825 3514 870 ratum

1928 903 2105 970 duxit,
2131 905 2225 962 sed
2256 905 2678 962 domesticarum
2713 906 3208 964 necessitudinibus
3244 922 3516 964 aerumna-

1931 1013 2048 1053 rum
2087 999 2413 1056 altrinsecus
2441 1000 2757 1071 deploratis,
2795 1016 2982 1056 eorum
3032 1002 3284 1072 precibus
3334 1016 3519 1057 assen-

1929 1103 2049 1144 sum
2111 1089 2390 1159 porrexit,
2468 1089 2774 1161 hujusmodi
2837 1099 3015 1145 tamen
3071 1089 3520 1150 conventionibus

1929 1196 2150 1234 suorum
2182 1181 2483 1236 amicorum
2523 1191 2865 1236 sacramento
2892 1182 3124 1238 collatis.

1998 1270 2052 1324 4.
2106 1270 2258 1326 Tunc
2297 1271 2462 1327 etiam
2521 1272 2780 1342 temporis
2828 1272 2882 1327 in
2922 1273 3255 1330 monasterio
3314 1283 3518 1330 sancta:

1931 1363 2606 1420 Marize'Atrebatensium
2655 1362 2808 1433 juxta
2850 1363 3020 1420 altare
3058 1366 3349 1422 multorum
3401 1381 3518 1422 san-

1929 1467 2141 1510 etorum
2157 1454 2421 1524 reliquias
2440 1455 2716 1526 preciosas
2737 1455 2962 1527 contigit
2985 1455 3212 1514 inveniri
3228 1456 3322 1528 (cf.
3337 1457 3516 1528 it,1'5).

1930 1544 2010 1600 Ad
2037 1560 2273 1615 quarum
2317 1545 2536 1616 quidem
2567 1546 2760 1602 merita
2797 1545 3129 1618 propalanda
3177 1548 3357 1604 divina
3409 1549 3554 1605 cle-'

1931 1639 2134 1693 meutia
2171 1638 2374 1694 diversi
2403 1637 2622 1709 generis
2653 1638 2808 1710 signa
2855 1647 2908 1695 et
2947 1638 3193 1712 prodigia
3237 1650 3517 1710 operante;

1934 1743 2038 1782 non
2065 1727 2242 1784 solum
2271 1744 2336 1783 ex
2376 1729 2587 1795 vicinis,
2619 1730 2714 1785 sed
2741 1730 2907 1785 etiam
2942 1729 3100 1802 longe
3125 1731 3316 1800 positis
3347 1731 3522 1801 regim-

222 1815 450 1884 dejecit;
479 1820 617 1874 adeo
648 1834 801 1886 sane,
844 1830 902 1876 ut
927 1822 1088 1877 etiam
1119 1823 1233 1895 ipse
1264 1823 1496 1880 domnus
1518 1825 1826 1896 episc0pus,
1862 1817 1903 1877 ll
1934 1819 2092 1874 nibus
2121 1831 2218 1887 per
2259 1827 2429 1874 tutum
2480 1817 2596 1874 fere”
2635 1819 2910 1874 biennium
2963 1819 3520 1875 multitmlo'maxima

225 1910 582 1967 miseratione
634 1913 906 1983 pulsatus,
947 1916 1118 1972 iratos
1160 1919 1388 1972 comites
1421 1917 1672 1987 precibus
1719 1917 1823 1972 mi-

226 1998 441 2076 tigaret.
523 2000 641 2068 Quo
715 2012 936 2071 petente
1012 2005 1241 2060 comites
1309 2005 1578 2071 emolliti,
1639 2021 1825 2077 suspe-

221 2099 365 2143 ctum
438 2107 604 2146 omne
677 2095 1198 2166 pra~tergrediuntur
1270 2098 1379 2164 ³³⁸,
1453 2100 1824 2168 susceptisque

220 2181 459 2250 quinque
487 2183 717 2253 majoris
756 2187 914 2254 pretii
954 2187 1257 2256 obsidibus,
1296 2187 1525 2244 Walteri
1570 2190 1821 2260 precibus

223 2274 480 2329 accedere
509 2276 870 2343 estimarunt;
904 2295 968 2333 eo
995 2279 1243 2335 videlicet
1272 2290 1462 2352 pacto,
1495 2292 1552 2336 ut
1591 2282 1642 2336 ni
1687 2281 1823 2335 infra

222 2367 580 2421 constitutum
626 2367 886 2438 placitum
937 2372 1194 2444 episcopo
1252 2375 1627 2438 satisfaceret,
1673 2376 1819 2443 judi-

223 2459 428 2511 c;indus
459 2461 811 2528 postmodum
858 2464 1190 2532 presentiam
1245 2466 1588 2535 imperatoris
1625 2467 1820 2522 adiret.

225 2546 547 2602 l‘loeaatem
577 2558 632 2604 et
663 2550 764 2618 ipsi
793 2551 1008 2606 obsides
1040 2569 1225 2608 coram
1258 2557 1405 2610 omni
1436 2555 1634 2627 populo
1679 2555 1826 2626 deje-

228 2647 440 2705 rarnut,
479 2642 625 2710 quod
666 2643 711 2697 si
767 2653 983 2713 pactum
1038 2646 1149 2702 ullo
1181 2648 1343 2703 modo
1392 2647 1648 2713 solveret,
1697 2664 1822 2704 mox

225 2730 538 2801 episcopum
567 2735 829 2799 secuturi,
856 2735 1002 2791 illum
1029 2740 1252 2794 omnino
1273 2740 1606 2794 desererent.

293 2819 346 2872 5.
391 2820 510 2875 lliis
540 2822 614 2876 ita
645 2824 834 2892 gestis.
885 2843 983 2882 nec
1011 2827 1171 2898 longo
1203 2839 1344 2898 post,
1399 2829 1672 2886 Walterus
1714 2848 1822 2888 non

230 2910 404 2965 solum
432 2914 727 2968 evaenavit
763 2918 1120 2986 promissum,
1147 2923 1240 2975 sed
1271 2921 1437 2976 etiam
1480 2922 1650 2976 multo
1670 2923 1824 2994 pejus

229 3003 308 3055 sui
331 3003 543 3059 furoris
571 3006 857 3076 ampliavit
885 3009 1182 3067 incursum.
1210 3011 1346 3066 Nam
1371 3013 1500 3067 dum
1534 3014 1823 3086 episcopus

227 3093 508 3153 Gerardus
552 3098 621 3154 ad
674 3093 1402 3160 obsidionem?Mettensiutn
1450 3107 1686 3162 civitatis
1732 3109 1824 3163 ali.

226 3189 487 3256 quamdiu
503 3203 635 3246 cum
651 3193 982 3264 imperatore
999 3206 1312 3253 moraretur
1325 3198 1444 3268 (an.
1461 3199 1617 3266 1012,
1636 3199 1818 3272 Aug.),
1851 3168 1895 3229 δ

227 3276 514 3336 Waherus‘
528 3282 717 3338 nescio
741 3283 872 3354 quid
897 3285 1036 3342 male
1057 3296 1404 3359 suspectans,
1428 3304 1552 3345 mox
1571 3289 1686 3347 fide
1707 3307 1823 3346 mu.

229 3379 359 3435 tata,
386 3371 533 3426 bona
562 3373 808 3444 episcopi
837 3376 1110 3432 exteriora
1135 3380 1399 3446 vastavit,
1430 3380 1598 3438 immo
1619 3390 1674 3437 et
1695 3382 1824 3437 sub-

227 3461 452 3516 urbium
470 3462 873 3538 civitatis-igne
895 3471 1250 3540 co'nsumpsit.
1280 3471 1435 3539 Quod
1457 3472 1549 3527 ubi
1584 3471 1822 3527 delatum

227 3551 366 3607 foret
438 3554 742 3626 episeopo,
777 3591 779 3593 ι
819 3573 918 3613 cur
979 3561 1081 3617 hoc
1146 3562 1364 3619 fecisset
1437 3563 1572 3618 satis
1636 3579 1824 3635 supera

226 3658 332 3713 que
351 3645 668 3718 obstupuit,
697 3653 986 3719 presertim
1024 3669 1147 3708 cum
1173 3653 1347 3724 ipsum
1377 3653 1545 3710 nichil
1580 3653 1821 3722 lzederet,

226 3748 418 3792 verum
451 3738 732 3797 inviolato
796 3742 921 3798 ﬁdei
977 3754 1136 3814 pacto
1204 3745 1517 3801 condictum
1568 3745 1828 3816 placitum

224 3836 562 3895 expectaret.
583 3829 863 3887 Walterus
883 3847 950 3887 an
961 3843 1065 3888 tem
1091 3833 1254 3888 soluti
1273 3834 1474 3889 federis
1499 3835 1824 3904 pretendens

227 3919 632 3986 ptetiitentiam,
663 3937 776 3977 suae
793 3925 1205 3994 praesumptioni
1231 3915 1496 3994 oportuna
1522 3925 1826 3980 calliditate

225 4011 500 4079 prasvidit.
538 4011 658 4080 Quo
684 4015 852 4070 enirn
896 4017 1114 4087 gravius
1161 4017 1410 4072 advertite
1428 4031 1491 4072 se
1530 4015 1823 4072 offendisse

225 4101 567 4172 episcopium,
601 4114 754 4160 tanto
781 4105 993 4162 altioris
1025 4107 1260 4178 praesidii
1291 4108 1484 4178 quaerit
1515 4107 1618 4163 sibi
1651 4106 1823 4162 sulfu-

225 4194 372 4264 ginm
412 4194 509 4248 ²³ι.
550 4194 684 4250 Nam
714 4196 1036 4253 Rotbertum
1082 4214 1260 4268 regem
1298 4207 1352 4254 et
1376 4197 1618 4254 Odouem
1655 4199 1823 4254 comi-

229 4292 336 4338 tem
388 4285 562 4357 (316)
616 4296 933 4357 precatores
987 4289 1089 4346 sibi
1141 4299 1198 4348 et
1260 4288 1534 4359 adjutores
1587 4291 1821 4361 paravit,

227 4382 283 4429 et
321 4383 381 4428 ut
412 4376 674 4432 domuum
706 4379 1020 4450 episcopum
1057 4381 1356 4452 placaturi,
1387 4397 1500 4438 sua:
1528 4382 1822 4438 temeritati

228 4467 444 4522 veniam
496 4479 768 4541 rogarent,
809 4471 1066 4528 obtinuit.
1097 4473 1301 4528 Verum
1337 4474 1414 4529 hii
1454 4474 1599 4530 circa
1648 4491 1817 4547 nego-

227 4557 369 4613 cium
395 4559 544 4614 aliud
570 4562 848 4633 occupati,
878 4561 1215 4620 llarduinum
1246 4564 1662 4630 Noviomensem
1701 4567 1815 4638 epi-

227 4664 451 4720 scopum
505 4668 626 4707 cum
659 4655 784 4708 aliis
817 4655 982 4709 etiam
1029 4657 1337 4712 oratoribus
1372 4674 1468 4712 usu
1504 4658 1710 4713 vicario
1749 4659 1815 4712 ad

226 4734 530 4794 Gerardum
579 4742 895 4812 pontificem
947 4743 1281 4815 delegarunt.
1335 4746 1438 4812 Qui
1478 4758 1691 4818 tempus
1721 4763 1814 4803 ac-

230 4831 492 4900 ceptabile
521 4835 917 4905 penitentibus
946 4838 1221 4908 aucupati,
1248 4837 1393 4894 circa
1427 4841 1641 4895 initium
1685 4855 1815 4909 qua-

1930 1907 2254 1964 conﬂuebat.

1998 2001 2051 2054 5.
2092 2000 2212 2072 Ipso
2247 2015 2375 2056 vero
2427 2000 2479 2055 in
2533 2011 2794 2071 tempore,
2853 2016 2977 2057 eum
3035 2008 3158 2071 post
3208 1999 3520 2057 Nochcrum

1927 2105 2130 2150 sancite
2179 2094 2456 2150 memoria:
2489 2094 2825 2164 episcopum,
2853 2093 3137 2150 Baldricus
3169 2092 3521 2149 ‘Leodicensis

1931 2185 2190 2241 tccclesia:
2227 2187 2453 2256 adeptus
2491 2194 2574 2240 est
2611 2186 2927 2256 dignitatem
2965 2186 3079 2258 (an.
3113 2184 3306 2255 1008),
3359 2185 3523 2239 Lant-

1926 2279 2138 2332 bcrtum
2166 2277 2426 2332 comitem
2460 2278 2610 2346 (517)
2641 2291 2920 2332 assumere
2956 2275 3011 2330 in
3051 2275 3353 2331 amicitiam
3386 2274 3518 2330 esti-

1927 2366 2112 2432 mavit,
2164 2375 2349 2436 utpote
2401 2367 2867 2436 consanguineum
2921 2373 2977 2419 et
3035 2365 3158 2420 ideo
3211 2362 3516 2433 adjutorem

1925 2457 2114 2526 patriae
2151 2456 2414 2513 futurum.
2455 2456 2625 2524 Hujus
2682 2465 2860 2510 autem
2913 2441 3198 2526 perfidiam
3244 2454 3520 2510 Gerardus

1923 2548 2210 2619 episcopus
2261 2547 2583 2618 plerumque
2634 2555 2970 2616 compertam
3021 2545 3314 2612 intimavi’t,
3369 2553 3424 2601 et
3449 2560 3519 2602 ne

1926 2641 2078 2695 illum
2133 2639 2236 2694 sibi
2287 2638 2638 2706 adscisceret,
2699 2645 3009 2703 exortatur;
3072 2636 3348 2692 hominem
3399 2650 3520 2691 esse

1925 2733 2070 2786 enim
2103 2731 2410 2796 subdolum,
2437 2731 2542 2785 [ide
2569 2744 2833 2796 vacuum;
2865 2728 3133 2784 timendas
3159 2725 3278 2796 ejus
3307 2725 3520 2781 callidi-

1927 2834 2088 2879 tates.
2125 2822 2278 2890 Quod
2328 2822 2574 2894 profecto
2614 2831 2804 2892 postea
2849 2822 2923 2877 ita
2966 2819 3217 2892 probavit
3268 2827 3515 2874 eventus.

1926 2914 2222 2984 Episcopus
2258 2915 2402 2970 enim
2424 2929 2547 2968 cum
2581 2914 2634 2967 in
2678 2913 2803 2967 villa
2831 2911 3116 2966 lluvardas
3143 2911 3292 2981 (318)
3321 2910 3518 2965 castel-

1925 3006 2035 3060 lum
2064 3006 2321 3072 muniret,
2351 3006 2417 3061 ad
2452 3005 2766 3061 firmitatem
2794 3004 3045 3062 videlicet
3072 3005 3244 3074 pacis,
3289 3005 3356 3058 ad
3402 3017 3517 3058 mas

1927 3096 2112 3152 leficos
2161 3096 2492 3152 territandos
2543 3113 2554 3148 :
2611 3095 2731 3166 ipse
2781 3093 3134 3172 Lantbertus,
3181 3093 3382 3150 furoris
3429 3092 3516 3148 sui

1927 3185 2268 3242 obstaculum
2314 3186 2525 3252 videns,
2581 3200 2706 3240 mox
2753 3185 2857 3241 fide
2908 3193 3141 3251 mutata,
3187 3191 3515 3256 congregata

1927 3277 2103 3333 valida
2157 3291 2344 3344 manu,
2387 3275 2654 3339 Rotberto
2681 3274 2752 3308 ω
2781 3275 3140 3332 Namurcensi
3180 3275 3381 3330 cernite
3407 3274 3514 3330 sibi

1926 3369 2191 3435 abhibito,
2219 3385 2325 3426 non
2346 3368 2565 3424 erubuit
2592 3367 2877 3437 przesulem
2911 3366 3198 3429 invadere;
3227 3365 3511 3421 omnibus-

1925 3478 2032 3533 que
2111 3461 2308 3534 fugatis
2338 3502 2354 3529 ,
2411 3459 2800 3516 Herimannum
2885 3457 3261 3514 tantummodo
3337 3456 3511 3513 comi-

1929 3564 2034 3610 tem
2082 3553 2254 3624 (319),
2291 3553 2376 3609 cui
2415 3560 2534 3606 erat
2582 3550 2772 3621 pudori
2823 3548 3033 3621 fugere,
3076 3548 3149 3604 ibi
3183 3548 3239 3604 in
3264 3546 3509 3604 teeclesia

1926 3644 2096 3700 sancti
2126 3642 2409 3714 Gorgonii,
2441 3641 2532 3696 ubi
2557 3640 2802 3712 quidem,
2831 3655 2928 3711 spe
2951 3637 3242 3710 resistendi
3269 3636 3507 3715 sublata,

1927 3741 2052 3812 quia
2100 3737 2347 3811 fugerant
2383 3737 2588 3804 cuncti,
2612 3744 2931 3799 secesserat,
2979 3743 3200 3806 captum
3250 3732 3518 3790 Rotberdi

1925 3831 2142 3888 comitis
2163 3829 2426 3886 custodia:
2459 3827 2868 3885 commendavit
2895 3830 3011 3898 (an.
3042 3826 3200 3892 1015,
3231 3825 3352 3881 Oct.
3396 3826 3516 3893 10)..

1926 3919 2078 3988 Quod
2128 3919 2376 3990 quamvis
2406 3919 2599 3973 amicis
2640 3915 2776 3986 ejus,
2829 3916 3058 3972 multum
3099 3915 3404 3972 dolentibus
3444 3931 3515 3970 ne

1926 4013 2015 4066 diu
2043 4018 2344 4078 teneretur,
2393 4017 2702 4079 suspectum
2747 4006 2888 4063 foret
2922 4006 3152 4068 :divina
3193 4015 3372 4060 tamen
3402 4003 3514 4060 cle-

1927 4106 2154 4172 meritia,
2201 4119 2322 4175 qua:
2353 4113 2479 4160 vota
2523 4103 2766 4170 omnium
2818 4100 3164 4172 supervadit,
3215 4098 3272 4169 in
3317 4097 3511 4153 melius

1926 4197 2284 4268 prosperavit.
2317 4196 2550 4252 Rotbodi
2601 4209 2835 4266 namque
2883 4191 3099 4249 comitis
3126 4198 3303 4246 mater
3332 4187 3507 4259 (5‘20),

1926 4306 2062 4348 sano
2093 4306 2190 4346 usa
2213 4289 2458 4353 consilio,
2484 4287 2875 4344 Herimanuum
2903 4286 3154 4342 comitem
3183 4281 3298 4338 suis
3317 4280 3509 4336 amicis

1926 4398 1986 4440 se
2011 4384 2280 4440 redditum
2308 4383 2388 4438 ire
2411 4381 2682 4452 promisit,
2708 4381 2754 4436 si
2788 4394 2886 4449 pro
2917 4387 3062 4432 tanta
3085 4374 3506 4432 commutatione

1923 4475 2026 4534 sibi
2057 4475 2288 4546 gratiam
2320 4474 2620 4529 amicorum
2655 4471 2826 4542 ipsius
2850 4467 3164 4522 Herimanui
3190 4475 3244 4520 et
3273 4465 3507 4534 impera~

1925 4570 2074 4634 toris,
2105 4584 2268 4639 quem
2287 4566 2607 4631 oll‘enderat,
2635 4563 2982 4642 resarcirent.
3012 4560 3166 4628 Quod
3185 4574 3311 4614 cum
3338 4556 3522 4612 resei-.

1923 4658 2301 4728 rentepiscopi
2332 4657 2609 4713 Gerardus
2647 4663 2811 4724 atque
2857 4650 3170 4714 Baldricus,
3220 4649 3505 4716 imperato-

1925 4764 2036 4804 rem
2079 4749 2132 4803 in
2182 4747 2302 4802 loco
2343 4748 2431 4818 qui
2475 4741 2810 4800 Conﬂuentia
2848 4740 3049 4796 dicitur
3079 4738 3328 4794 siuodutn
3363 4733 3503 4790 cele—

1923 4841 2170 4894 brantem
2221 4837 2393 4908 (521)
2445 4847 2500 4893 et
2557 4837 2621 4892 de
2667 4834 2922 4904 episcopo
2972 4831 3355 4893 Mettensium,
3405 4823 3500 4896 qui

1548 4973 1783 5029 VARle.
1824 4975 2225 5031 LECTIONES.

302 5075 371 5108 ,⁸
393 5079 466 5122 illi
491 5079 544 5122 λ-
575 5079 609 5122 Κ
665 5082 1187 5122 ηνρρῆιισιιριιῖηηιιη·
1217 5086 1238 5122 ⁸
1311 5083 1344 5121 ο
1521 5085 1592 5116 ’δι
1641 5084 1953 5122 ειιηναηίηιη
1986 5087 2014 5122 ί
2117 5087 2186 5117 ’³.
2223 5087 2517 5122 Alnus-lania
2567 5092 2599 5122 Ἰ
2659 5088 2950 5122 ιιιὶιῖηὶᾼηιο
2979 5093 3037 5122 οδ

3153 5087 3223 5118 1³³
3262 5086 3335 5122 ‘In
3377 5097 3435 5122 In
3443 5096 3504 5122 η-
