4052 5358
585 268 687 325 HT

1501 279 1724 335 GESTA
1777 279 2192 348 PONTIFICUM
2233 287 2314 341 CA
2327 281 2834 352 \lERACENSlUM.

3745 309 3848 365 1ἷ8

581 385 818 441 inimicis
847 387 961 442 suis
989 387 1302 456 itilizeurrat,
1338 387 1660 448 tractantem
1687 399 1890 464 aggressi
1928 411 2075 462 sunt,
2107 408 2162 452 et
2192 403 2232 460 Α
2265 403 2598 473 dignitatem.
2652 407 2797 463 Inter
2851 427 3011 480 quem
3070 422 3126 467 et
3185 413 3536 472 Ltetbcrlum
3585 421 3844 476 comitem

579 488 640 534 ut
669 482 942 536 comitissa
977 486 1256 551 pos-edint,
1289 487 1336 539 ei
1383 488 1725 556 imperatoris
1753 494 1981 560 gratiam
2015 495 2162 562 inpe-

579 579 811 626 trarunt.
885 573 1084 643 Sicque
1165 591 1350 631 comes
1435 579 1794 637 llerimannus
1887 587 2160 640 nesciente

581 657 934 716 Lantbcrto-a
959 665 1213 732 captione
1235 667 1440 722 solutus
1464 679 1568 723 est.

647 747 700 802 6.
733 749 827 802 Est
879 763 1058 808 autem
1107 758 1497 812 monasterium
1541 759 1591 814 in
1645 779 1784 834 pago
1831 764 2060 830 llainon,
2103 755 2194 820 ia.

575 842 792 896 villam
847 861 966 913 quae
1013 847 1214 902 dicitur
1255 849 1591 917 Altusmons,
1655 858 1820 924 quod,
1867 869 1924 912 ut.
1979 872 2159 927 poste-

581 930 696 986 rius
717 931 866 1004 (522)
907 934 1095 996 lectori
1121 941 1383 1006 occurrit,
1403 951 1623 996 sanctus
1659 944 1992 1010 Vincentius,
2018 947 2156 1002 beati

573 1020 826 1076 Autberti
850 1025 1220 1091 prcdicatione
1251 1030 1316 1082 de
1347 1031 1484 1086 laico
1523 1031 1822 1090 monachus
1863 1037 2060 1102 factus,
2092 1055 2156 1092 ex

573 1109 733 1166 rebus
756 1111 835 1166 sui
851 1111 990 1180 juris
1010 1116 1108 1170 sub
1134 1121 1523 1176 monachorum
1548 1123 1808 1193 religione
1831 1130 2155 1189 construxit,

572 1213 638 1252 ac
673 1199 774 1254 sub
818 1203 961 1273 regia
991 1219 1152 1261 manu
1179 1220 1274 1274 per
1302 1210 1504 1266 multos
1535 1228 1706 1267 annos
1739 1231 1842 1269 non
1878 1217 2158 1272 rnediocri-

570 1299 656 1343 ter
692 1290 889 1346 ﬂoruit.
935 1293 1453 1366 Supervenientibds
1485 1305 1664 1360 autem
1696 1307 1875 1361 causis
1907 1305 2157 1364 diversa;

569 1397 688 1436 rnm
724 1393 1123 1456 tempestatum,
1157 1407 1294 1460 quas
1325 1394 1568 1465 legimus,
1601 1399 1890 1454 comitibus
1917 1401 1968 1454 in
1995 1402 2159 1456 bene-

567 1474 752 1530 lirium
793 1479 1046 1532 traditum
1084 1492 1190 1548 est,
1225 1492 1279 1538 et
1311 1486 1376 1539 ad
1417 1495 1627 1542 tantum
1679 1504 1863 1544 casum
1897 1493 2154 1560 paulatim

567 1563 894 1638 devolvitur,
929 1577 1006 1633 ut,
1039 1574 1321 1638 monachis
1368 1575 1584 1645 quidem
1639 1589 1880 1648 egestate
1927 1583 2153 1646 coactis,

569 1671 864 1724 paucorum
891 1661 1218 1719 clericorum
1242 1668 1502 1722 custodim
1543 1672 1912 1727 mandaretur.
1961 1675 2156 1730 Proce-

567 1748 730 1806 dente
761 1768 890 1806 vero
929 1764 1171 1824 tempore
1204 1760 1429 1830 contigit
1467 1762 1696 1818 Arnulfo
1720 1805 1733 1826 ,
1777 1766 1916 1834 patri
1972 1767 2154 1820 domui
2190 1745 2228 1801 Β

563 1838 826 1912 episcopi,
876 1861 906 1898 a
945 1852 1144 1903 comite
1177 1851 1508 1906 iierizaanno
1537 1856 1589 1908 in
1622 1857 1888 1913 beneficio
1920 1872 2158 1926 conpen-

565 1932 698 1986 sari.
742 1932 840 1989 llic
887 1937 1130 2005 profecto
1162 1941 1346 1995 audito
1387 1943 1456 1997 de
1489 1946 1818 2015 antiquitate
1855 1958 1911 2003 et
1941 1965 2154 2003 summa

564 2026 916 2082 veneratione
938 2027 1066 2096 loci,
1095 2031 1253 2086 sicuti
1280 2033 1362 2086 vir
1380 2049 1564 2094 sanus.
1591 2039 1658 2092 ad
1695 2039 1982 2108 pristinum
2031 2057 2156 2110 gra-

565 2115 692 2171 dum
719 2118 887 2174 voluit
914 2121 1241 2191 reformare;
1269 2126 1360 2180 εθιΙ
1386 2127 1814 2198 subripientibus
1837 2133 2018 2186 causis
2039 2134 2156 2188 hel-

563 2203 740 2260 lorum
767 2224 876 2264 non
897 2212 1092 2280 potuit.
1129 2213 1254 2268 Post
1283 2213 1436 2282 cujus
1461 2233 1771 2283 excessum,
1798 2237 1920 2276 cum
1954 2225 2152 2278 Amul-

493 2321 498 2325 ·
562 2297 600 2354 fl
627 2299 698 2332 ⁸⁸⁸
757 2300 868 2356 filio
917 2303 1066 2374 (5&5)
1115 2307 1447 2366 hereditarie
1477 2311 1664 2376 cessit,
1707 2313 1866 2382 hujus
1897 2315 2151 2370 nimirum

561 2394 848 2451 meliorare
907 2397 1140 2456 volentis
1216 2402 1544 2458 desiderium
1605 2406 1786 2459 divina
1863 2405 2150 2464 clementia

559 2488 896 2542 secundavit.
942 2491 1060 2559 Ipso
1126 2494 1272 2546 enim
1321 2505 1562 2565 tempore
1616 2497 1726 2567 (an.
1779 2499 1934 2568 l0l2)
1981 2499 2152 2556 frater

561 2595 692 2636 suus
731 2582 796 2635 ad
849 2585 1182 2652 pontificium
1216 2590 1568 2656 sublimatur;
1598 2593 1750 2659 cujus
1781 2603 1888 2649 tam
1923 2597 2152 2654 consilio

559 2685 721 2738 quam
780 2673 984 2728 auxilio
1047 2676 1213 2743 pulsis
1275 2680 1492 2747 quidem
1553 2684 1874 2746 canonicis,
1943 2685 2146 2741 denuo

559 2759 756 2814 abbate
782 2761 1018 2818 Ricardo
1045 2765 1212 2834 (521),
1269 2772 1660 2828 monachorum
1715 2776 1899 2844 religio
1926 2791 2148 2831 revoca-

559 2858 647 2906 tur
673 2852 814 2924 (an.-
835 2856 1015 2927 1016).
1047 2857 1148 2924 Qui
1179 2859 1444 2916 Ricardus
1479 2873 1666 2933 postea
1697 2865 2016 2922 Fulcuinttm
2048 2869 2146 2922 ab-

557 2937 737 2998 batem
766 2945 866 3000 sibi
896 2947 1224 3004 substituere
1249 2954 1544 3010 estimavit.
1580 2955 1732 3011 llunc
1755 2973 1884 3030 ergo
1913 2961 2145 3018 domnus

557 3035 850 3105 episcopus
870 3036 1147 3095 Gerardus
1173 3057 1388 3114 unaque
1417 3046 1586 3102 abbas
1617 3047 1882 3106 Ricardus
1913 3053 2145 3124 impera-

557 3125 664 3179 tori
703 3137 1091 3194 presentarunt
1130 3132 1346 3188 abbatia
1379 3135 1710 3192 donandum.
1752 3141 1968 3196 Nullum
1999 3145 2142 3199 enim

557 3215 802 3272 abbatias
832 3229 1032 3290 prtcter
1063 3223 1450 3294 imperatorem
1475 3239 1567 3284 aut
1590 3231 1901 3302 episcopum
1934 3235 2141 3306 largiri,

557 3307 805 3377 cuiquam
855 3311 935 3364 fas
969 3321 1071 3378 est,
1119 3309 1370 3384 quamvis
1417 3322 1716 3376 advocatim
1751 3341 1938 3380 earum
1989 3327 2144 3384 laieis

555 3402 1024 3457 commendantur.
1053 3403 1388 3477 Subrogatus
1419 3410 1602 3480 itaque
1627 3411 1939 3481 Fulcuinns,
1973 3419 2142 3473 multa

557 3485 742 3544 labore
755 3495 1168 3562 monasterium,
1184 3500 1326 3568 quod
1340 3502 1612 3557 desertmn
1629 3505 1926 3574 invenerat,
1945 3512 2143 3567 domno

553 3579 809 3651 episcopo
838 3581 1150 3653 adjuvante,
1187 3599 1294 3644 tam
1327 3593 1566 3650 claustro
1589 3605 1643 3651 et
1666 3601 1862 3654 ceteris
1897 3602 2140 3660 :edificiis

553 3681 717 3737 quam
769 3674 1002 3742 regulari
1043 3676 1272 3732 fratrum
1304 3684 1564 3740 servitute
1599 3687 1847 3742 munivit.
1877 3689 2029 3756 Quod
2063 3693 2136 3748 ita

553 3759 911 3831 innovatum,
974 3766 1230 3826 Kalendis
1276 3772 1400 3826 Maii
1456 3775 1508 3828 in
1571 3777 1776 3833 honore
1827 3793 2136 3838 sanctorum

555 3853 922 3920 apostolorum
969 3858 1110 3914 Petri
1143 3871 1196 3916 et
1231 3853 1405 3929 Pauli,
1450 3875 1505 3920 ut
1532 3878 1656 3922 ante
1683 3869 1879 3938 fuerat,
1909 3874 2137 3931 domnus

551 3945 834 4019 episcopus
889 3959 1246 4012 consecravit.
1319 3959 1500 4016 Abbas
1569 3973 1748 4018 autem
1810 3967 2131 4026 clericorum

557 4038 832 4107 incursus,
887 4046 974 4113 qui
1033 4047 1188 4114 ejecti
1231 4049 1475 4117 fuerant,
1533 4053 1677 4110 ferre
1739 4073 1844 4112 non
1898 4071 2128 4131 poterat,

546 4127 651 4184 nisi
678 4130 905 4188 domnus
930 4135 1213 4206 episcopus
1237 4139 1435 4195 virtute
1459 4159 1848 4214 compesceret.

621 4221 674 4276 7.
710 4222 912 4280 Eodem
945 4241 1074 4281 vero
1108 4235 1348 4297 tempore
1370 4231 1608 4289 defuncti
1632 4239 1782 4292 ducis
1806 4241 1953 4310 (525)
1979 4242 2129 4300 Otto-

549 4313 640 4371 εἰς
689 4317 802 4388 (an;
855 4319 1012 4384 1013,
1048 4323 1124 4376 vel
1161 4323 1356 4395 1014),
1403 4325 1494 4380 filii
1552 4327 1753 4396 Karoli,
1806 4333 2128 4392 Godefridus

2256 494 2571 562 jaunludum
2595 509 2752 556 vetus
2780 500 3022 556 fervebat
3059 504 3329 558 discordia
3357 521 3370 569 ;
3397 523 3534 576 quos
3563 507 3845 566 Gerardus

2262 587 2586 657 episcOpus,
2657 589 2780 644 li.-et
2857 591 3138 647 Lantberti
3198 595 3512 663 proiiuviam
3565 600 3726 654 tidem
3791 613 3848 655 et

2263 676 2565 734 instabilem
2594 681 2832 736 animum
2857 692 3102 750 noverat,
3129 693 3307 740 tamen
3333 703 3400 742 ne
3421 704 3525 758 qua
3547 691 3846 747 calliditate

2261 771 2556 826 Godefrido
2589 774 2640 828 in
2669 783 2778 828 tam
2826 791 2966 832 novo
2996 779 3204 832 honore
3226 779 3485 844 oﬂiceret,
3517 783 3842 853 interposita

2262 879 2394 930 pare
2424 865 2698 919 amicavit.
2726 866 2823 923 llic
2847 867 3027 940 itaque
3050 871 3114 924 ad
3143 879 3351 927 tantum
3381 874 3594 930 culmen
3622 890 3848 944 promo-

2263 963 2368 1016 tus,
2419 945 2540 1009 cum
2597 957 2800 1013 honore
2858 970 2913 1013 et
2973 963 3208 1017 maxima
3265 959 3466 1020 virtute
3527 966 3845 1025 fidelitatem

2263 1049 2602 1116 imperatoris
2661 1054 2880 1122 agebat;
2925 1071 3056 1112 sane
3105 1059 3262 1124 adeo,
3327 1069 3386 1114 ut
3441 1077 3599 1116 nemo
3648 1065 3847 1122 melius

2261 1153 2448 1207 pacem
2503 1141 2689 1210 patriar
2743 1142 3031 1206 dilataret,
3089 1147 3225 1200 bella
3299 1149 3529 1205 sedaret.
3585 1145 3697 1208 ’1110
3771 1157 3848 1209 si-

2260 1229 2476 1297 quidem
2549 1241 2758 1286 rcctore
2823 1235 3070 1300 consilii,
3143 1239 3436 1306 imperator
3485 1245 3854 1313 superbormu'

2261 1321 2500 1376 cervices
2530 1323 2812 1393 subigebat
2841 1325 3130 1397 hostesque
3155 1329 3424 1385 vincebat.

2331 1435 2382 1488 8.
2413 1433 2574 1488 Juxta
2623 1443 2864 1492 castrum
2911 1439 3145 1495 Montem
3194 1443 3487 1501 fonticulus
3537 1458 3620 1502 est
3657 1449 3842 1520 (527),

2260 1541 2357 1593 per
2417 1526 2616 1606 inultos
2665 1543 2835 1584 annos
2859 1530 2927 1584 ab
2970 1531 3164 1588 incolis
3221 1547 3422 1590 sanctte
3463 1539 3842 1596 Waldetrudis

2263 1618 2606 1672 veneratione
2663 1629 2952 1685 servatus,
3025 1624 3112 1677 ubi
3167 1626 3364 1680 infirmi
3407 1629 3607 1696 perfusi
3661 1635 3846 1700 sospi-

2261 1717 2425 1763 tatem
2482 1709 2689 1764 meritis
2747 1723 2950 1767 sancta:
3003 1715 3236 1785 Virginis
3262 1718 3332 1750 ’⁸⁷
3387 1735 3711 1790 recuperare
3761 1721 3848 1778 fe-

2267 1808 2476 1854 runtur.
2535 1798 2637 1854 Ubi
2706 1815 2828 1854 cum
2897 1817 2962 1857 eo
3024 1813 3269 1874 tempore
3339 1809 3582 1878 quaedam
3637 1810 3844 1866 femina

2261 1903 2508 1962 pergeret
2542 1907 2642 1961 pro
2698 1892 3014 1951 infirmitate
3059 1897 3334 1964 lavatum,
3396 1905 3634 1972 repperit
3681 1907 3850 1974 quasi

2263 1985 2466 2039 recenti
2497 1999 2690 2042 cruore
2739 2003 3067 2058 respersum,
3119 1997 3174 2043 et
3228 1991 3352 2044 dum
3387 1991 3680 2063 lavaretur,
3725 1997 3848 2051 visa

2259 2085 2344 2130 est
2395 2076 2534 2133 facie
2586 2080 3017 2149 sanguinolenta.
3057 2080 3174 2147 Quo
3197 2083 3441 2154 prodigio
3471 2085 3702 2142 domnus
3725 2089 3848 2158 epi-

2258 2182 2454 2239 scopus
2495 2169 2634 2225 bella
2689 2171 2954 2226 inminere
2993 2172 3255 2242 predixit;
3295 2176 3438 2243 quod
3468 2175 3540 2228 ita
3592 2177 3708 2246 ipsa
3753 2193 3849 2232 res

2257 2270 2444 2329 postea
2475 2261 2752 2316 indicavit.

2328 2384 2380 2438 9.
2421 2383 2660 2454 Denique
2693 2401 2818 2440 vero
2855 2395 3094 2456 tempore
3143 2397 3471 2457 procedente
3505 2391 3616 2462 (an.
3651 2395 3844 2464 1015),

2255 2477 2588 2532 Lantbertus
2640 2479 2753 2548 jam
2806 2481 2982 2536 dictus
3030 2497 3152 2536 cum
3207 2481 3443 2536 Rainero
3470 2497 3666 2553 nepote
3716 2505 3846 2556 suo,

2257 2567 2474 2621 itaineri
2521 2568 2650 2634 tilio,
2707 2570 3045 2627 inimicitiam
3094 2575 3382 2631 adversum
3438 2579 3627 2634 ducem
3657 2581 3844 2635 Gude-

2254 2657 2448 2710 fridnm
2475 2668 2528 2730 et
2564 2659 2948 2716 llerimannum
2983 2662 3226 2728 fratrem,
3267 2667 3443 2722 soluto
3471 2669 3698 2736 fmdere,
3734 2670 3840 2734 ite-

2253 2767 2376 2806 rum
2411 2751 2688 2815 excitavit,
2726 2752 3064 2825 alternisque
3111 2756 3354 2826 pulsihus
3381 2761 3658 2814 contentio
3695 2761 3842 2818 invi-

2251 2861 2368 2898 cem
2417 2861 2482 2900 co
2520 2861 2692 2917 usque
2729 2849 3015 2918 processit,
3067 2851 3192 2905 dum
3238 2851 3290 2906 in
3346 2869 3595 2924 campum
3653 2855 3842 2910 Flori-

2249 2949 2472 2991 nensem
2519 2939 2936 3004 convenientes,
2979 2956 3228 3011 asperam
3256 2959 3488 3014 pugnam
3525 2949 3842 3004 committe-

2251 3037 2367 3082 rent
2401 3027 2565 3098 (Sept.
2593 3029 2831 3095 19.);Dei
2867 3040 3045 3086 tamen
3087 3031 3238 3102 justo
3261 3033 3466 3102 judicio
3501 3037 3844 3095 Lantbertus

2249 3134 2372 3172 cum
2403 3119 2568 3172 multa
2625 3136 2840 3192 quoque
2869 3138 3088 3176 suorum
3135 3133 3320 3192 strage
3343 3141 3515 3183 caesus
3541 3130 3842 3184 occumbe-

2250 3220 2348 3264 ret.
2376 3193 2578 3264 iPostea
2613 3212 2752 3266 idem
2798 3212 3074 3268 Rainerus
3117 3223 3172 3270 et
3209 3216 3498 3274 lleinricus
3549 3219 3838 3278 Lantberti

2245 3304 2410 3366 tilins,
2439 3311 2694 3372 paternos
2713 3303 2932 3373 quidem
2967 3320 3144 3359 mores
3167 3308 3390 3363 omnino
3421 3308 3638 3374 imitati,
3665 3327 3840 3383 super

2245 3393 2430 3448 fideles
2458 3393 2812 3462 imperatoris
2840 3393 3124 3464 plerosque
3157 3398 3390 3468 impetus
3437 3398 3736 3466 faciebant,
3769 3419 3838 3457 ac

2247 3484 2499 3538 luunanis
2533 3483 2606 3516 ’³³
2633 3484 2891 3552 operibus
2920 3501 3240 3556 morumque
3269 3489 3570 3546 insolentiis
3593 3491 3838 3563 impera-

2245 3586 2416 3630 torem
2474 3575 2612 3628 male
2663 3573 3027 3631 othnderant.
3072 3576 3272 3634 Videas
3325 3589 3504 3636 autem
3552 3581 3838 3640 Gerardus

2240 3665 2526 3735 episcopus
2551 3664 2812 3720 donmum
2845 3667 3231 3736 imperatorem
3283 3670 3430 3724 circa
3474 3669 3576 3724 alia
3607 3675 3832 3743 negotia

2240 3747 2582 3824 occupatum,
2641 3757 2692 3810 in
2741 3765 3001 3826 quantum
3027 3761 3203 3828 potuit
3233 3760 3464 3816 salutem
3497 3765 3694 3832 patria:
3731 3781 3830 3820 sa-

2241 3848 2454 3916 pienter
2478 3848 2740 3916 previdit;
2777 3848 2992 3918 sibique
3032 3851 3386 3920 coepiscOpus
3418 3853 3646 3908 Albaldo
3673 3856 3832 3926 (528)

2239 3939 2492 3993 videlicet
2539 3949 2593 3993 et
2631 3938 2894 3994 llaimone
2927 3941 3076 4012 (59.9)
3109 3943 3388 4008 adhibitis,
3437 3947 3670 4015 gratiam
3721 3949 3830 4004 im-

2237 4032 2504 4098 peratoris
2551 4030 2682 4100 ipsis
2730 4031 3170 4090 malefactoribus
3219 4051 3354 4105 pace
3417 4037 3830 4100 interveniente

2233 4121 2484 4190 Optinuit.

2308 4249 2394 4302 10.
2435 4249 2552 4302 iliis
2575 4248 2648 4302 ita
2675 4251 2866 4318 gestis,
2889 4251 3158 4307 Bainerus
3184 4255 3252 4307 ad
3281 4255 3656 4323 integrandam
3681 4259 3826 4314 ami-

2232 4341 2418 4395 citiam
2451 4341 2616 4395 filiam
2663 4341 2980 4398 Herimanni
3037 4345 3253 4399 comitis
3282 4345 3384 4399 sibi
3415 4348 3664 4415 qumsivi‘t
3695 4355 3840 4403 n:a-'

549 4419 708 4464 antea
735 4413 909 4466 dictus
935 4413 1104 4486 (526),
1139 4408 1526 4475 intercessione
1555 4421 1782 4478 Gerardi
1808 4428 2042 4498 episcopi
2070 4439 2125 4484 et
2155 4452 2202 4510 ι)
2233 4433 2486 4486 trimonio
2537 4433 2800 4502 copulari.
2863 4433 2966 4488 Sel
3017 4433 3138 4498 hoc,
3197 4449 3293 4504 pro
3333 4438 3817 4507 consanguinitate

543 4501 764 4556 obtentu
787 4504 1048 4570 maior-1n
1077 4509 1316 4565 fidelium
1345 4511 1689 4581 imperatoris
1709 4555 1722 4579 ,
1763 4519 1987 4586 adeptus
2040 4531 2140 4576 cst-

2231 4539 2351 4593 quae
2405 4523 2718 4588 dicebatur,
2771 4539 2892 4578 esse
2951 4523 3196 4578 illicitum
3260 4525 3504 4581 Gerardo
3555 4529 3822 4598 episcopo

1825 4651 2056 4708 varum
2095 4619 2499 4710 πέπτωκες.

619 4743 686 4776 ⁸⁸⁵
710 4748 845 4801 valle
873 4751 948 4804 ε’.
1027 4753 1096 4784 ’³⁵
1142 4754 1210 4807 i’a
1273 4759 1496 4810 correxit
1566 4757 1709 4812 (Iole.
1786 4760 2012 4814 Arnulfo
2074 4765 2227 4816 codd.

547 4817 721 4870 multis
746 4822 955 4889 conjici!
984 4823 1126 4875 Cofr.

2350 4764 2417 4794 ’⁵⁷
2450 4772 2708 4817 matrona:
2753 4767 2803 4820 5.
2835 4765 2905 4834 cf.
2937 4763 3020 4828 11,
3053 4765 3141 4820 96.
3257 4768 3426 4828 ’³³,ἱῑα
3457 4769 3612 4824 codd.
3645 4770 3812 4826 inhu-

2051 4965 2283 5023 NOTAE.

537 5035 664 5156 gum
736 5045 960 5112 habuit,
1024 5045 1388 5102 Thiedoricum
1457 5051 1737 5108 Metensem
1783 5096 1794 5108 .
1839 5097 1851 5109 .
1889 5098 1901 5110 .
1956 5076 2116 5112 causa
2229 5061 2395 5115 frater
2437 5059 2750 5115 licrimanni
2801 5062 3014 5118 comitis
3069 5063 3402 5122 Eihamcnsis
3438 5083 3550 5122 .seu
3603 5066 3832 5138 Virdu-_

573 5119 841 5156 nurmmJi
1157 5135 1160 5138 ν
1317 5133 1320 5136 ’
2232 5147 2324 5156 ..λη
2366 5133 2406 5156 r-
3839 5148 3850 5156 .

532 5110 844 5168 damnandi.

610 5184 757 5260 (5‘22)
809 5187 846 5238 Ι.
896 5197 1162 5260 (ιηῖειντη
1204 5190 1410 5244 scilicet
1459 5196 1635 5260 prouti
1680 5197 1820 5250 enim
1868 5199 2112 5252 lectorin

534 5253 761 5336 legeiido
783 5253 1051 5336 procedit,
1075 5261 1428 5336 ρςέᾳρίξιιειιιίξι
1461 5253 1574 5336 post
1615 5268 1970 5336 serelinquit.

607 5323 758 5358 Ιῖὒῗὶ
787 5323 1088 5358 Υἶηιιηΐιιῖιιιξ
1115 5327 1411 5358 ΙΓΙιιηε..η...-ἒ
1461 5323 1550 5358 ’,ι’
1597 5335 1632 5358 η
1688 5335 1753 5358 τ’·

2277 5149 2427 5185 Ξιικις.

2337 5157 2356 5178 ~
2385 5149 2427 5183 S.

2227 5147 2444 5270 neii‘i‘ii?)
2501 5199 2598 5254 llic
2645 5200 2762 5270 fons
2795 5201 2851 5254 S.
2902 5201 3260 5258 Waldetrndis
3291 5206 3586 5260 etiamnum
3617 5205 3830 5264 exstat

2227 5271 2278 5324 in
2309 5269 2510 5340 inagna
2538 5271 2670 5323 silva
2699 5269 2958 5326 Montensi
2986 5275 3262 5345 a__ilext|'is
3295 5277 3392 5328 via:
3423 5292 3528 5345 qua
3562 5277 3792 5332 Bruxel-
