4052 5358
235 339 332 394 N9
1511 327 1710 384 LIBER
1747 325 2070 382 TERTIUS.

3399 313 3500 368 130

229 455 514 510 cstimanti
549 453 774 508 omnino
797 451 1088 523 displicuit.
1119 451 1184 505 Et
1227 459 1405 504 tamen
1435 457 1620 518 postea
1643 447 1821 502 cousi-
1855 451 1898 508 Α
1931 458 2128 498 acervo
2179 443 2413 512 lapidum
2445 435 2762 500 insiderent,
2796 435 2847 490 in
2896 435 3017 489 albo
3060 433 3276 504 quidem
3305 428 3496 502 panni—

229 559 302 612 lio
329 557 782 628 coepiscoporum
811 572 960 620 usus,
999 555 1201 608 invitus
1251 551 1420 614 siluit,
1452 549 1650 620 quippe
1697 565 1820 618 pro-

229 657 554 728 pauculium
609 655 756 709 beati
819 653 1060 725 Gregorii
1116 653 1352 708 monitus
1401 665 1500 704 suo
1559 649 1820 718 discipulo

231 756 540 826 Augustino
591 755 842 810 collatos.
874 755 994 820 Cui,
1046 770 1168 808 eum
1209 753 1410 824 Anglos
1451 751 1820 822 predicatione

235 857 503 912 ltotninici
551 857 706 910 verbi
755 858 1008 912 erudiens
1033 855 1098 910 ad
1149 855 1308 910 ﬁdem
1341 856 1666 912 Christiante
1695 853 1820 908 reli-
1875 903 1888 918 ,

233 957 408 1026 gionis
433 956 737 1019 exeoleret,
759 957 802 1010 si
833 957 1010 1010 virum
1037 971 1102 1012 ac
1151 955 1438 1012 mulierem
1470 969 1564 1010 seu
1611 962 1818 1023 quarta:

233 1076 322 1114 seu
373 1059 586 1128 quintae
639 1059 956 1128 propaginis
997 1057 1218 1126 jnnetos
1273 1057 1568 1120 inveniret,
1602 1053 1818 1122 juncms

231 1159 392 1210 etiam
423 1157 470 1212 si
503 1157 716 1211 nollent
741 1157 888 1225 (350)
919 1165 1224 1225 pateretur,
1273 1155 1593 1218 ammonuit,
1645 1151 1816 1224 gratia

231 1257 485 1312 videlicet
515 1259 878 1328 propaganda:
907 1272 1058 1310 nova:
1105 1254 1554 1310 Christianitatis.
1599 1251 1816 1306 Prolem

230 1357 376 1410 enim
417 1371 540 1410 esse
593 1355 849 1416 futuram,
905 1371 1028 1426 quae
1071 1357 1260 1410 melius
1303 1355 1476 1425 legem
1509 1363 1812 1406 servarem.

231 1456 344 1512 Hoc
375 1471 508 1527 ergo
539 1457 725 1527 potius
751 1457 1063 1510 consentire
1097 1455 1304 1518 deberi,
1334 1470 1402 1509 ne
1441 1453 1580 1506 forte
1619 1453 1819 1522 aliquid

230 1565 374 1611 esset
403 1557 749 1628 dispendium
795 1557 1033 1626 antiquae
1071 1555 1524 1612 Christianitatis.
1579 1555 1634 1609 Si
1677 1573 1818 1610 cmm

233 1657 365 1711 tanti
393 1657 494 1712 viri
525 1673 698 1728 gener
722 1657 893 1722 ﬁeret,
924 1673 1076 1726 spem
1105 1655 1220 1712 fore
1267 1655 1452 1726 pacis;
1483 1656 1564 1710 sin
1611 1663 1816 1718 autem,

233 1755 576 1828 naufragium
605 1757 818 1827 patriar.

315 1849 400 1902 ll.
443 1847 576 1902 Item
595 1849 762 1902 etiam
785 1863 969 1904 comes
990 1849 1210 1918 quidam
1233 1847 1505 1902 Gerardus
1535 1847 1708 1918 (551),
1731 1862 1820 1900 se—

231 1939 472 1995 cundum
489 1937 672 1994 secula
683 1955 796 1994 rem
815 1955 1064 2010 pompam
1085 1940 1222 1994 utale
1237 1939 1531 2002 fastuosus,
1548 1938 1820 2008 plerisque

229 2031 534 2088 assultibus
600 2031 984 2102 imperatorem
1047 2033 1350 2098 irritabat;
1415 2033 1600 2102 illique
1659 2031 1816 2102 quasi

229 2123 394 2190 capiti
421 2132 480 2177 et
507 2123 732 2178 domino
755 2123 998 2178 omnium
1041 2123 1328 2188 malorum,
1359 2123 1540 2178 cuncti
1589 2123 1818 2178 rebelles

227 2225 284 2266 et
308 2212 557 2269 inﬁdeles
585 2214 932 2284 imperatoris
977 2215 1230 2284 subjecti,
1260 2225 1456 2272 cuncta
1509 2215 1648 2270 mala
1696 2233 1820 2286 per-

229 2303 538 2372 petrabant.
573 2304 673 2370 Qui
703 2315 892 2374 parata
932 2307 1107 2360 valida
1163 2322 1346 2373 manu,
1389 2307 1532 2362 circa
1561 2307 1818 2362 viciniam

231 2393 392 2447 ducis
419 2391 722 2458 Godt-fridi,
759 2393 906 2448 illum
959 2395 1178 2464 quidem
1233 2396 1508 2450 incautqu
1535 2395 1816 2460 cstimans,

233 2483 475 2548 quadam
507 2481 594 2538 die
626 2498 746 2538 cum
773 2484 1040 2539 incendiis
1063 2496 1116 2538 et
1146 2485 1642 2556 depraedationibus
1663 2485 1820 2540 dese—

233 2574 350 2628 vire
372 2575 630 2628 accessit.
655 2574 726 2628 At
752 2576 934 2630 subito
964 2577 1072 2630 dux
1119 2577 1324 2631 nuntiis
1367 2577 1658 2640 excitatus,
1704 2577 1818 2632 col-

233 2665 384 2720 lectis
413 2682 554 2736 quos
580 2675 862 2736 presentes
886 2667 1139 2732 habebat,
1185 2669 1240 2722 in
1281 2666 1539 2722 ﬁdelitate
1589 2667 1820 2736 impera-

233 2755 366 2809 toris
393 2757 494 2810 sed
527 2765 582 2810 et
611 2757 662 2810 in
687 2755 783 2810 Dei
817 2757 1104 2811 clementia
1131 2758 1280 2820 ﬁsus,
1298 2757 1584 2812 adversum
1609 2757 1818 2812 hostem

235 2843 402 2910 ierat;
455 2844 768 2914 bellumque
813 2846 1012 2910 iniens,
1059 2845 1302 2900 Gerardo
1332 2845 1516 2914 fugato
1557 2857 1612 2900 et
1659 2847 1820 2900 unico

234 2937 340 2991 ﬁlio
391 2937 546 3006 (332)
595 2937 884 2992 vulnerato
930 2947 1108 3008 capto,
1161 2939 1508 3008 postmodum
1555 2953 1682 2993 vero
1727 2938 1822 2992 de-

235 3029 436 3096 iuncto,
483 3030 768 3085 victoriam
796 3031 1024 3100 adeptus
1051 3041 1135 3088 est
1163 3031 1274 3102 (an.
1329 3031 1488 3094 1017,
1519 3031 1650 3102 Aug.
1703 3031 1818 3099 27).

235 3123 364 3188 Quae
414 3136 584 3176 causa
645 3122 866 3192 reliquis
923 3123 1229 3180 inﬁdelibus
1277 3139 1530 3194 magnum
1593 3125 1818 3180 incussit

1926 541 2046 596 culo
2097 539 2366 594 involutae.
2437 535 2632 592 Statim
2688 549 2872 590 comes
2927 532 3134 588 viribus
3183 529 3498 594 destitutus,

1924 641 2179 698 occubuit
2199 655 2388 696 c:esus.
2419 637 2701 706 Quomodo
2737 649 2866 690 vero
2913 633 3156 702 reliquiae
3183 631 3502 686 exiluissent

1923 759 2064 798 unus
2131 758 2198 796 ex
2253 737 2702 810 persequentibus
2750 737 3006 791 comitem
3057 733 3318 798 intuitus,
3371 732 3504 784 dum

1923 841 2104 896 cteteri
2161 837 2494 893 interﬁciunt
2539 837 2779 898 hostem,
2829 833 3076 886 inventas
3115 830 3167 884 in
3213 843 3310 884 sua
3339 843 3498 884 ocrea

1925 939 2246 994 festinanter
2279 935 2578 990 abscondit.
2611 933 2744 988 Post
2780 931 2978 986 bellum
3003 945 3132 986 vero
3163 929 3378 984 rediens
3405 927 3500 982 do-

1925 1055 2094 1102 mum,
2123 1039 2176 1092 in
2210 1038 2322 1106 ipsa
2350 1050 2484 1090 coxa
2525 1034 2688 1104 cmpit
2737 1031 2978 1102 graviter
3027 1029 3316 1092 inﬁrmari,
3349 1041 3498 1081 mor-

1925 1143 2100 1208 boque
2155 1145 2440 1192 crescente
2489 1143 2727 1197 coaetus,
2783 1130 3192 1201 qualiter'iliud
3249 1136 3496 1183 sanctum

1923 1239 2116 1309 pignus
2149 1236 2438 1298 invenerit,
2491 1232 2772 1288 cenl‘essus
2827 1239 2928 1284 est.
2988 1229 3138 1296 Quod
3182 1243 3303 1282 cum
3353 1225 3497 1280 fama

1921 1335 2136 1392 comitis
2181 1333 2526 1396 Ilerimanni,‘
2573 1329 2726 1398 cujus
2755 1329 2908 1384 miles
2935 1339 3073 1392 erat,
3103 1327 3323 1380 auribus
3349 1325 3499 1378 detu-

1922 1435 2092 1498 lisset,
2113 1451 2236 1489 cum
2259 1431 2406 1488 omni
2425 1429 2695 1486 desiderio
2715 1427 2969 1497 reliquias
2991 1426 3245 1496 quaesitas
3275 1423 3493 1487 habuit;

1922 1547 1976 1593 et
2005 1547 2183 1591 tamen
2235 1541 2418 1606 postea
2455 1529 2770 1602 imperatori
2815 1530 2912 1582 has
2955 1526 3166 1598 roganti
3208 1523 3497 1583 concessi‘l.

1927 1637 2164 1689 Domuus
2206 1641 2387 1686 autem
2439 1631 2726 1700 episcopus
2779 1627 2910 1684 illud
2941 1621 3204 1684 incestum
3251 1626 3502 1696 superius

1923 1737 2125 1790 dictum
2151 1732 2374 1788 credere
2405 1747 2509 1784 non
2543 1729 2738 1802 potuit,
2769 1730 2942 1784 donec
2969 1727 3084 1798 ipse
3112 1742 3234 1782 cum
3253 1725 3502 1780 Baldrico

1875 1815 2177 1895 lepismpo
2227 1825 2280 1878 in
2337 1822 2530 1878 eodem
2565 1820 2896 1876 monasterio
2937 1833 3156 1873 causam
3194 1815 3506 1886 diligentius

1923 1919 2228 1974 ventilavit.
2284 1917 2389 1972 libi
2439 1917 2658 1988 quidem
2722 1912 2975 1970 monialis
3029 1911 3224 1967 rubore
3276 1909 3502 1974 suﬁ'usa,

1923 2012 2138 2066 tandem
2162 2009 2374 2080 culpam
2407 2018 2486 2064 est
2516 2005 2784 2062 confessa.

1995 2122 2082 2176 15.
2125 2120 2252 2174 Post
2275 2119 2474 2176 bellum
2505 2131 2636 2172 vero
2663 2114 2894 2172 Gcrardi
2943 2113 3084 2182 quod
3105 2110 3218 2180 jam
3247 2110 3502 2174 diximus,

1923 2213 2041 2270 illas
2070 2213 2387 2275 seditiones,
2421 2225 2560 2281 quas
2585 2207 2782 2264 sororii
2811 2204 3158 2276 imperatoris
3185 2203 3334 2273 (554)
3365 2216 3500 2256 con-

1924 2315 2004 2362 tra
2039 2317 2238 2360 statum
2276 2303 2428 2374 regni
2453 2301 2650 2372 saepius
2681 2297 3004 2356 incitabant,
3027 2295 3262 2350 donmus
3289 2292 3500 2362 episeo-

1922 2411 2020 2466 pus
2078 2396 2292 2464 duxque
2349 2391 2676 2448 Godel‘ridus
2737 2403 2840 2442 una
2897 2403 3020 2442 cum
3076 2384 3198 2438 aliis
3257 2381 3504 2438 ﬁdelibus

1924 2485 2269 2556 imperatoris
2301 2484 2468 2552 multo
2495 2483 2685 2536 labore
2723 2479 3030 2548 sopierant;
3059 2474 3290 2542 ducique
3315 2469 3530 2539 Bajoa-.

1923 2577 2128 2630 riorum
2157 2573 2484 2628 Herimanno
2507 2569 2678 2642 (555),
2703 2568 2796 2639 qui
2821 2566 3066 2638 privatus
3094 2565 3296 2626 luerat,
3333 2561 3502 2618 duca-

1923 2676 2036 2718 tum
2061 2673 2246 2734 postea
2269 2657 2840 2732 impetrarunt(Dec.).

1995 2777 2080 2831 14.
2127 2776 2326 2831 Eodem
2375 2783 2620 2843 tempore
2671 2778 2886 2825 mortuo
2925 2767 3174 2822 Baldrico
3201 2762 3504 2819 Leodiceno

1923 2868 2064 2922 sium
2093 2867 2348 2936 episcopo
2373 2863 2484 2936 (an.
2510 2861 2672 2926 1018,
2711 2858 2826 2914 Jul.
2856 2859 2971 2926 29),
3021 2855 3266 2925 Vulpodo
3314 2851 3505 2908 subro»

1923 2963 2100 3026 gatur,
2126 2969 2188 3010 ac
2206 2953 2430 3022 iubente
2455 2953 2780 3022 imperatore
2828 2962 2858 3002 a
2883 2946 3128 3002 Gerardo
3151 2944 3406 3012 episcopo
3435 2941 3502 2993 ad

1923 3046 2150 3102 eandem
2175 3045 2476 3100 aecclesiam
2500 3044 2718 3106 ductus,
2745 3040 2888 3095 dono
2917 3036 3174 3108 episcopii
3205 3033 3506 3088 introniza-

1925 3145 2033 3190 tur.
2064 3135 2168 3190 iste
2185 3133 2454 3204 siquidem
2489 3131 2636 3186 omni
2673 3129 2932 3198 religione
2955 3125 3234 3196 praeditus,
3259 3135 3502 3177 normam

235 3214 506 3276 timorem,
565 3229 626 3267 ac
677 3216 866 3284 patri-.0
921 3215 1104 3270 intulit
1143 3215 1295 3286 pacis
1337 3225 1390 3270 et
1436 3215 1634 3284 quietis
1675 3225 1820 3270 trau-

1922 3225 2144 3292 justitias
2161 3225 2276 3280 suis
2299 3222 2564 3287 exhibuit,
2589 3234 2910 3288 morumque
2935 3231 3000 3272 ac
3049 3217 3172 3270 vita:
3199 3212 3504 3270 innocentis

231 3291 580 3371 qtlillitatem.

305 3414 394 3468 12.
433 3413 644 3470 Dehinc
669 3419 1086 3490 vcroineampo
1133 3419 1436 3476 Floriuensi
1487 3419 1690 3476 factum
1739 3427 1822 3474 est

233 3503 432 3560 bellum
467 3505 576 3574 (an.
635 3508 789 3572 1015,
835 3507 980 3578 Sept.
1021 3509 1134 3580 12),
1170 3511 1260 3566 ubi
1283 3509 1614 3566 Lautbertus
1637 3523 1820 3564 comes

231 3612 428 3662 etesus,
485 3595 650 3652 ﬁnem
703 3599 832 3654 fecit
877 3615 990 3655 Siue
1033 3601 1340 3664 tirannidis,
1375 3617 1480 3656 una
1511 3600 1678 3656 etiam
1713 3615 1820 3655 non

233 3685 422 3752 paucis
451 3687 776 3744 altrinsecus
812 3687 1138 3744 interfectis.
1173 3691 1248 3745 De
1267 3705 1376 3760 quo
1410 3690 1536 3760 quia
1563 3689 1818 3759 quiddam

233 3776 432 3832 mirum
487 3793 554 3834 ac
596 3780 952 3835 memorabile
1005 3782 1238 3838 domnus
1277 3783 1568 3853 episcopus
1609 3782 1816 3838 referre

227 3865 464 3932 solebat,
505 3879 696 3923 uozare
745 3885 1046 3941 congruum
1097 3871 1378 3926 estimavi.
1431 3872 1549 3942 Ipsa
1587 3888 1820 3943 namque

231 3967 416 4022 nocte,
441 3973 564 4013 cum
589 3961 656 4014 ad
683 3959 938 4016 Florinas
961 3965 1208 4018 tenderet
1231 3963 1552 4030 bellaturus,
1585 3965 1822 4020 incestus
1849 4013 1852 4016 .

227 4051 496 4122 siquidem
528 4054 670 4122 apuj
692 4053 960 4108 Nivellam
987 4073 1106 4110 cum
1135 4058 1372 4126 quadam
1426 4056 1664 4111 moniale
1695 4056 1822 4110 dor-
1853 4091 1856 4094 ~

231 4143 402 4208 mivit,
435 4160 558 4214 quae
585 4145 638 4200 ei
661 4144 716 4200 in
758 4146 922 4202 ﬁbula
955 4162 1066 4202 suae
1087 4150 1332 4204 camisize
1391 4149 1652 4220 reliquias
1697 4163 1820 4218 pre-

229 4233 410 4288 Ciosas
439 4236 712 4300 innexuit.
753 4250 811 4292 ut
856 4253 958 4309 per
993 4255 1182 4294 earum
1234 4242 1428 4295 merita
1478 4242 1728 4297 videlicet
1765 4243 1816 4296 in

235 4322 350 4391 ipso
373 4326 546 4408 pretio
569 4327 874 4396 periculum
907 4329 1192 4384 evasisset.
1245 4329 1346 4384 Ubi
1377 4347 1508 4385 vero
1537 4346 1660 4385 cum
1689 4346 1819 4386 ven-

237 4423 342 4466 tum
375 4425 662 4486 est,supcr
688 4427 906 4474 ceteras
934 4427 1111 4475 vestes
1130 4410 1294 4476 etiam
1312 4422 1536 4478 loricam
1557 4423 1814 4486 induitur,

1923 3317 2164 3387 exempla
2201 3315 2441 3384 reliquit.

1995 3429 2082 3483 15.
2123 3425 2235 3482 Sub
2285 3425 2517 3480 hiisdem
2549 3422 2740 3478 diebus
2783 3417 3176 3492 Engebrandus
3207 3413 3504 3470 monachus

1922 3517 2154 3572 abbatiaa
2207 3513 2528 3570 Laubiensis
2580 3511 2838 3566 tecelesiae
2886 3515 3121 3578 prteerat
3177 3505 3289 3576 (an.
3334 3501 3500 3558 1007-

1925 3607 2114 3675 1020);
2165 3603 2260 3659 sed
2289 3605 2391 3658 sub
2429 3601 2612 3672 specie
2649 3599 2910 3671 regularis
2941 3597 3159 3652 habitus
3187 3593 3506 3650 seculariter

1923 3689 2128 3762 viv-Ens,
2172 3711 2366 3750 nomen
2404 3693 2566 3749 oﬁieii
2609 3691 2960 3762 inpugnabat.
2999 3687 3174 3743 Nichil
3205 3688 3347 3742 enim
3373 3685 3502 3740 reli-

1922 3789 2097 3858 gionis
2127 3786 2368 3842 interius
2393 3784 2770 3846 doctrinahat,
2807 3790 2860 3835 et
2887 3779 3130 3834 exterius
3155 3779 3294 3832 bona
3319 3775 3503 3830 met-le-

1923 3881 2016 3934 sia:
2047 3878 2278 3948 turpiter
2305 3875 2626 3945 dissipabat.
2645 3873 2800 3928 Unde
2821 3871 3080 3941 quidnam
3111 3869 3505 3939 agerentambo

1921 3969 2180 4039 episcopi,
2227 3968 2502 4022 Gerardus
2541 3964 2796 4018 videlicet
2846 3973 2903 4016 et
2953 3959 3222 4030 Vulpodo,
3273 3958 3502 4012 invicem

1921 4060 2293 4123 consulentes,
2325 4059 2431 4112 iste
2459 4057 2584 4125 quia
2613 4057 2664 4110 in
2691 4069 2788 4110 sua
2817 4051 3102 4124 parrochia
3131 4057 3214 4104 est
3237 4047 3503 4109 arcela-sia,

1922 4150 2012 4206 ille
2055 4149 2182 4220 quia
2215 4150 2270 4203 in
2320 4163 2419 4203 suo
2460 4146 2673 4201 abbatia
2703 4153 2788 4200 est
2813 4143 3106 4207 territorio,
3135 4155 3258 4196 eum
3310 4138 3506 4206 ejicere
3539 4139 3544 4148 ‘

1922 4242 2238 4305 moliuntur,
2271 4248 2326 4294 et
2359 4238 2574 4293 tandem
2613 4235 2868 4290 cﬁ‘ectum
2897 4233 3100 4301 adepti,
3128 4231 3220 4285 sed
3253 4243 3357 4283 non
3389 4227 3507 4281 sine

1923 4347 2118 4402 magno
2145 4331 2351 4394 labore,
2406 4327 2731 4399 pepulerunt
2780 4327 2894 4393 (an.
2940 4322 3124 4391 1υ20).
3167 4319 3270 4386 Qui
3321 4329 3504 4388 postea

1921 4419 2226 4488 depositum
2245 4433 2305 4472 se
2326 4419 2538 4486 absque
2569 4413 2727 4486 legali
2757 4412 2963 4482 judicio
2991 4418 3276 4472 attestans,
3301 4406 3505 4462 tamdiu

237 4513 306 4570 et,
334 4517 392 4560 ut
418 4511 586 4590 moris
615 4522 699 4564 est
731 4511 1078 4576 bellantium,
1125 4515 1293 4582 capiti
1349 4515 1636 4584 inpositam
1667 4516 1816 4587 (555)
1851 4523 1893 4580 ι)
1921 4511 2180 4564 adversus
2209 4507 2492 4575 episcopos
2520 4504 2790 4558 clamores
2811 4498 3102 4566 excitavit,
3131 4497 3257 4552 dum
3301 4495 3508 4550 indicto

239 4593 413 4652 lorica:
441 4600 676 4653 strictim
729 4601 1028 4668 commisit,
1067 4604 1260 4659 subtus
1307 4608 1529 4674 quidem
1569 4607 1816 4676 reliquiis

243 4685 294 4738 in
322 4687 481 4742 ﬁbula
525 4691 774 4744 camisia:
803 4706 872 4745 ex
907 4693 1170 4748 industria
1213 4697 1521 4751 reservatis.
1551 4695 1668 4764 Quo
1701 4714 1817 4752 mu-

245 4775 430 4832 nimine
458 4779 650 4844 fretus,
687 4781 1106 4850 inpenetrabilis
1143 4785 1290 4840 ferro
1348 4786 1548 4842 bellum
1601 4788 1816 4858 agebat,

250 4867 404 4924 duuec
430 4889 492 4926 ex
525 4875 618 4930 Dei
645 4875 934 4929 voluntate
963 4887 1162 4934 sanctae
1211 4877 1452 4947 reliquiis
1492 4897 1589 4950 per
1615 4882 1818 4935 medias

251 4971 408 5018 Vestes
435 4975 487 5020 et
540 4982 640 5038 per
701 4965 932 5020 loricam
986 4968 1162 5024 subito
1214 4982 1582 5040 erumpentes,
1634 4973 1818 5040 proud

1925 4599 2125 4666 placito
2151 4598 2290 4652 idem
2317 4596 2560 4668 episcopi
2591 4597 2784 4651 iterum
2836 4609 2960 4648 cum
2992 4589 3175 4646 multis
3223 4585 3507 4643 abbatibus

1929 4689 2300 4768 convenirent,
2361 4687 2619 4756 illumque
2647 4699 2830 4741 coram
2862 4683 3006 4740 omni
3051 4682 3250 4754 populo
3294 4678 3507 4735 confes-

1926 4798 2044 4837 sum
2077 4791 2131 4837 et
2161 4781 2432 4836 devictum
2450 4779 2712 4846 canonice
2739 4779 2806 4832 ab
2829 4775 3005 4834 cilicio
3025 4774 3150 4844 jure
3181 4773 3505 4844 privassent.

1925 4875 1980 4928 In
2035 4873 2186 4942 cujus
2235 4873 2352 4926 vice
2417 4870 2754 4925 Richardum
2807 4883 3036 4922 summa:
3102 4861 3378 4935 religionis
3431 4859 3512 4913 vi-

1928 4982 2042 5019 rmn
2098 4939 2288 5035 t556),
2358 4962 2536 5016 divina
2609 4959 2780 5032 gratia
2841 4956 3258 5028 praeordinantc,
3306 4951 3508 5006 substi-
3545 4939 3554 5018 ί

1657 5207 1664 5214 .
1715 5128 1718 5130 ’
1765 5160 1990 5215 sorite.

308 5295 436 5358 (550)
459 5299 588 5356 Scil.
620 5295 894 5358 disjungi.
919 5297 1082 5352 (.ioLv,

1917 5289 2148 5346 ratrieis.
2186 5287 2311 5343 llaec
2341 5287 2504 5342 habet
2543 5289 2841 5344 Tbietmar.
2873 5299 2990 5347 vm,
3016 5282 3073 5358 9,
3102 5277 3204 5332 sub
3227 5276 3512 5356 an.i_0l8:
