4052 5358
494 314 591 368 151

1387 314 1612 368 CESTA
1656 311 2067 395 PONTIFICUM
2114 313 2719 387 CAMEBACENSIUM.

3645 325 3669 379 1
3680 325 3755 379 52

491 428 651 475 tunnt
676 419 840 491 (Sept.
871 419 986 488 22),
1013 421 1102 489 qui
1126 430 1179 475 et
1200 421 1572 491 spiritualibns
1595 422 1857 476 doctrinis
1880 438 2069 475 mona-
2099 427 2145 484 Α
2177 422 2390 477 abbatis
2440 422 2695 478 Ricbardi
2749 426 3045 496 regimonio
3098 432 3504 496 commendata,
3558 436 3651 487 sed
3697 447 3755 490 et

489 512 622 566 chos
668 511 1049 575 tedilicaverat,
1100 521 1151 565 et
1200 528 1289 566 res
1323 512 1585 578 exterius,
1619 522 1676 566 ut
1723 512 1892 567 videri
1924 528 2068 567 nunc

489 610 690 672 potest,
726 602 1093 673 multiplicare
1113 605 1417 659 studuerat.

565 696 654 751 16.
699 696 773 750 Ea
810 695 973 750 etiam
1005 705 1323 767 tempestate
1366 699 1670 754 Richardus
1697 702 1886 766 abbas,
1916 709 1975 754 ut
2015 710 2069 755 et

490 789 712 843 liberius
741 787 852 842 Deo
879 788 1085 844 servire
1112 791 1400 859 potuisset,
1430 800 1485 845 et
1527 807 1625 861 pro
1655 791 1861 868 caelesti
1890 794 2069 863 potius

489 896 653 949 quam
700 896 800 951 pro
849 881 1084 937 humana
1116 882 1458 939 affectatione
1504 899 1563 939 se
1593 900 1731 940 onus
1775 886 2069 955 sumpsisse
2114 922 2130 937 .

488 972 702 1027 cunctis
726 973 1057 1038 notiﬁcaret,
1091 989 1119 1028 a
1155 976 1453 1047 regimonio
1485 976 1858 1033 Atrebatensis
1883 978 2069 1033 accele-

488 1063 585 1117 sia:
643 1078 704 1119 se
769 1064 1017 1119 relaxare
1081 1066 1387 1135 disposuit,
1447 1068 1785 1138 consilioque
1839 1066 2069 1123 Gerardi

485 1152 723 1221 episcopi
748 1153 805 1207 in
828 1170 925 1210 sua
959 1156 1074 1212 vice
1097 1154 1421 1221 Ledninum,
1452 1172 1519 1212 ex
1549 1158 1690 1213 laico
1721 1159 1824 1227 piae
1852 1158 2071 1230 religio“

489 1240 576 1295 nis
608 1242 932 1314 monachum
952 1243 1180 1309 factum,
1215 1243 1516 1300 substituit.

560 1332 645 1385 17.
686 1331 952 1390 Defuncto
1001 1343 1181 1390 autem
1230 1334 1516 1391 Heriberto
1564 1339 1857 1405 venerabili
1906 1338 2067 1395 Colo-

489 1423 694 1478 niensis
740 1426 1003 1482 :ecclesiae
1036 1429 1291 1498 episcopo
1345 1428 1456 1500 (an.
1514 1429 1697 1500 1021),
1748 1431 2069 1503 Peregrinus

487 1508 838 1599 subrogatur,
866 1520 918 1573 in
944 1520 1169 1589 ipsaque
1197 1521 1442 1576 tecclesia
1483 1523 1535 1578 in
1579 1518 1745 1579 natali
1794 1508 2067 1596 apoStolo-

488 1620 607 1658 rum
642 1606 791 1663 Petri
826 1618 881 1663 et
911 1609 1084 1674 Pauli,
1118 1626 1303 1666 coram
1334 1613 1685 1683 imperatore,
1730 1616 2070 1672 adstantibus

486 1694 703 1762 qnidem
760 1699 942 1754 multis
996 1701 1267 1771 episcopis
1300 1704 1612 1775 pariterque
1654 1706 1815 1760 etiam
1872 1708 2069 1761 domno

2171 514 2353 582 magni
2416 514 2758 584 imperatoris
2826 517 3061 579 Heinrici
3125 525 3452 579 auctoritate
3512 527 3750 593 firmata,

2170 607 2335 672 ctrpit
2362 604 2575 667 florere,
2613 622 2675 661 ac
2706 617 2889 677 postea
2939 612 3111 681 magis
3152 615 3457 685 magisque,
3482 617 3593 672 Deo
3624 635 3752 689 gra-

2171 698 2298 762 tias,
2333 706 2441 751 tam
2490 697 2763 753 afﬂuentia
2800 717 2977 756 rerum
3020 719 3182 772 quam
3225 707 3517 763 sanctitate
3561 726 3753 764 mona-

2167 789 2389 843 chorum
2418 787 2669 843 eﬂloruit.

2238 879 2327 932 19.
2370 879 2500 933 Erat
2541 881 2705 935 etiam
2739 881 2890 938 locus
2929 884 3146 953 quidam
3177 886 3329 941 silvis
3360 902 3425 942 ac
3463 889 3753 958 paludibus

2169 970 2539 1026 inhabitabilis
2561 972 2653 1037 ω,
2686 974 2776 1042 (ιυί
2808 975 2876 1027 ab
2908 974 3097 1031 incolis
3141 966 3439 1033 Merevveda
3473 980 3622 1051 (540)
3653 998 3749 1038 no-

2169 1076 2294 1114 men
2326 1063 2558 1132 accepit,
2588 1063 2679 1118 ubi
2724 1064 2977 1121 videlicet
3005 1064 3152 1121 Mosa
3204 1078 3261 1123 et
3294 1067 3415 1122 Wal
3446 1068 3642 1125 fluvius
3682 1072 3757 1127 de

2170 1152 2361 1207 Rheno
2400 1154 2623 1217 eludens
2668 1155 2872 1225 pariter
2919 1156 3284 1213 corrivantur.
3331 1157 3631 1229 Nullusque
3676 1162 3757 1217 ibi

2170 1254 2367 1313 prmter
2430 1257 2720 1303 venatores
2786 1262 2851 1303 ac
2907 1247 3207 1318 piscatores
3273 1249 3527 1307 habitare
3588 1260 3757 1306 antea

2170 1345 2557 1402 consueverat,
2607 1346 2838 1410 eratque
2876 1339 3257 1410 episcoporum
3304 1339 3647 1399 Trevirensis
3672 1342 3759 1398 vi-

2172 1426 2373 1481 delicet
2422 1442 2486 1484 ac
2515 1427 2881 1494 Coloniensis.
2925 1432 3112 1487 sedet
3154 1432 3359 1504 aliquot
3386 1433 3667 1500 abbatum,
3697 1434 3755 1489 in

2168 1516 2470 1586 piscatione
2510 1528 2566 1573 et
2621 1520 2908 1576 venatione
2947 1522 3254 1577 communis
3291 1524 3583 1592 possessio.
3638 1525 3759 1580 Huc

2172 1607 2427 1664 nimirum
2459 1610 2850 1677 Theodericus,
2882 1612 3090 1666 Arnulti
3141 1611 3449 1669 Gandensis
3492 1615 3659 1681 filius,
3685 1646 3759 1655 —

2170 1702 2262 1769 qui
2319 1703 2662 1774 participium
2707 1704 3035 1759 monarcbia:
3076 1704 3365 1760 Frisonum
3410 1706 3653 1772 tenebat,
3687 1739 3766 1747 —

488 1785 730 1843 Gerardo
756 1782 1032 1862 episcopo,
1080 1794 1363 1859 ordinatur
1410 1796 1562 1868 (Jun.
1609 1799 1719 1870 50).
1752 1798 2067 1870 Postquam

2176 1793 2300 1861 quia
2332 1792 2589 1848 Frisones
2627 1809 2726 1863 pro
2768 1803 2940 1848 morte
2970 1794 3140 1861 patris
3170 1811 3330 1865 quem
3365 1795 3768 1851 interfecerant

490 1876 888 1953 ordinationem
937 1874 1237 1951 imperator
1267 1884 1658 1956 Noviomagum
1684 1890 1859 1958 petiit,
1887 1890 2069 1959 ibique

488 1969 621 2033 suis,
651 1986 787 2040 quos
827 1974 987 2031 Grecl
1022 1977 1074 2031 in
1128 1979 1379 2047 partibus
1431 1980 1657 2050 Apuliae,
1716 1984 1863 2036 circa
1910 1984 2069 2037 urbes

488 2058 740 2123 videlicet
801 2062 1106 2131 Salernam,
1150 2067 1543 2134 Beneventum,
1603 2070 1843 2139 Capuam
1899 2073 2068 2126 deba-

488 2150 715 2209 ehantes
746 2148 1080 2226 premebant,
1126 2177 1185 2217 se
1214 2164 1530 2219 subvectum
1561 2166 1629 2220 iri
1657 2167 1939 2236 diSposuit.
1966 2166 2069 2220 Pa-

496 2246 632 2301 ratis
670 2244 803 2319 ergo
840 2251 1054 2309 viaticis
1100 2254 1205 2310 iter
1253 2256 1520 2326 arripiens
1564 2257 1768 2328 (Aug.),
1816 2258 2071 2312 domuum

486 2333 788 2396 Gerardum
821 2346 1133 2415 episc0pum
1187 2363 1361 2418 usque
1412 2350 1479 2405 ad
1510 2348 1897 2405 monasterium
1930 2350 2070 2406 San-

484 2438 607 2485 ctas
634 2430 782 2505 (557)
816 2428 998 2491 secum
1032 2439 1276 2503 adduxit,
1306 2441 1590 2511 ipsumque
1622 2443 1831 2511 magnis
1855 2452 1908 2497 et
1932 2442 2071 2511 opti-

488 2520 595 2575 mis
617 2527 958 2592 muneribus,
985 2529 1038 2581 in
1063 2545 1197 2583 auro
1227 2528 1492 2593 videlicet,
1528 2531 1580 2584 in
1626 2528 1824 2599 palliis,
1866 2531 1919 2585 in
1946 2544 2073 2600 pre—

490 2610 641 2668 eioso
668 2616 835 2669 etiam
869 2633 999 2673 vase
1027 2628 1309 2689 argenteo,
1359 2619 1659 2675 honorifice
1690 2620 1916 2685 donans,
1950 2635 2071 2674 cum

493 2717 680 2758 amore
694 2714 749 2759 et
771 2706 1138 2763 benivolentia
1165 2710 1231 2763 ad
1251 2725 1346 2766 sua
1377 2724 1621 2764 remeare
1642 2710 1909 2780 permisit.
1936 2710 2071 2764 Exin

491 2806 628 2849 vero
655 2808 878 2851 emenso
927 2798 1123 2853 itinere
1163 2815 1327 2870 super
1347 2800 1552 2856 Grecos
1588 2802 1833 2867 inruens,
1858 2800 2073 2870 Trojano

492 2884 773 2942 civitatem
822 2890 1104 2951 obsidione
1152 2892 1374 2947 vallavit
1419 2893 1487 2928 “’
1530 2894 1643 2963 (an.
1694 2893 1857 2960 1022,
1888 2893 2075 2965 Maii);

490 2976 726 3049 illucque
751 2981 935 3043 domui
962 2984 1188 3040 Gerardi
1211 2986 1452 3056 episcopi
1476 2987 1815 3043 mentionem
1838 2987 2069 3052 faciens.

491 3071 541 3124 ei
572 3086 800 3127 munera
828 3074 1024 3135 iterum
1056 3077 1225 3143 misit,
1256 3093 1391 3133 sane
1416 3080 1679 3135 mandans
1724 3080 1892 3135 totius
1918 3081 2075 3136 beni-

492 3159 747 3216 volentiae
766 3165 1116 3221 commercia.

2174 1893 2456 1952 suspectos
2501 1884 2766 1949 habebat,
2822 1894 3152 1952 secesserat;
3212 1885 3465 1957 factoque
3518 1886 3761 1956 quodam

2174 1975 2501 2045 municipio,
2567 1975 2775 2030 alienus
2842 1976 3065 2030 invasor
3127 1978 3297 2048 ipsam
3358 1989 3559 2031 terram
3619 1993 3765 2046 pne-

2177 2076 2485 2135 snmpscrat
2511 2068 2812 2137 possidere,
2840 2069 2933 2122 sed
2966 2078 3020 2122 et
3055 2069 3421 2138 negotiatores
3449 2067 3577 2121 inibi
3608 2068 3765 2121 navi-

2177 2165 2388 2226 gantes,
2418 2158 2736 2227 gravissimo
2762 2172 2924 2212 censu
2958 2160 3349 2230 constringere.
3386 2158 3541 2216 Unde
3587 2160 3765 2229 impe-

2177 2259 2324 2302 rator
2349 2249 2614 2304 Henricus
2644 2249 2879 2305 clamore
2904 2250 3176 2305 excitatus
3200 2266 3263 2305 ac
3288 2251 3518 2304 maxime
3543 2250 3763 2306 Albaldi

2175 2339 2412 2408 episcopi
2439 2339 2609 2410 (541),
2644 2340 2732 2393 cui
2780 2339 2953 2409 major
2999 2350 3176 2410 portio
3208 2340 3272 2395 de
3314 2341 3429 2410 ipsa
3474 2339 3761 2394 communi

2179 2431 2519 2500 possessione
2567 2430 2823 2495 cedebat,
2882 2430 3183 2486 monitione
3238 2429 3580 2500 compulsus,
3631 2427 3762 2482 duci

2178 2523 2495 2587 Godefrido,
2553 2522 2646 2576 sed
2692 2530 2747 2576 et
2795 2522 3063 2592 episcopis
3109 2520 3531 2587 Coloniensium,
3570 2517 3759 2589 Troje-

2177 2612 2942 2679 ctensinm,Leodinensium,
2992 2622 3050 2666 ut
3086 2612 3384 2681 exercitum
3434 2612 3764 2675 adunarent,

2180 2708 2351 2763 edixit
2380 2707 2490 2777 (an.
2529 2706 2711 2775 1018).
2740 2706 2849 2772 Qui
2881 2720 3004 2761 cum
3039 2704 3192 2775 juxta
3224 2706 3503 2760 decretum
3550 2702 3767 2773 regium

2181 2802 2287 2855 iter
2330 2798 2611 2864 facerent,
2661 2799 2806 2853 inter
2857 2799 3123 2868 agendum
3168 2796 3366 2851 accidit
3412 2792 3769 2866 prodigium,

2180 2890 2326 2961 quod
2375 2890 2509 2944 mibi
2559 2904 2667 2944 non
2718 2889 2934 2944 videtur
2978 2903 3098 2943 esse
3149 2886 3433 2949 silendum.
3479 2883 3767 2945 Baldricus

2182 2984 2327 3039 enim
2355 2983 2643 3054 epiSCOpus
2680 2983 2733 3037 in
2777 2983 2897 3037 vico
2944 2968 3277 3050 Trejectensi
3327 2979 3379 3033 in
3427 2975 3766 3031 monasterio

2183 3084 2383 3129 sancta:
2414 3073 2597 3128 Maria:
2628 3073 2871 3129 condidit
2908 3073 3164 3142 criptam,
3194 3070 3428 3140 desuper
3456 3068 3570 3139 jam
3598 3065 3765 3119 alzari

2180 3171 2385 3218 erecto.
2413 3162 2568 3219 Unde
2594 3178 2717 3218 cum
2745 3162 2863 3233 ipso
2890 3163 2977 3217 die
3003 3170 3128 3233 post
3154 3162 3455 3215 orationem
3481 3170 3763 3228 egressus,

564 3251 652 3306 18.
693 3252 942 3325 Episcopi
993 3271 1127 3312 vero
1148 3268 1306 3327 patre
1360 3258 1634 3325 defuncto,
1678 3260 1792 3330 ipse
1846 3262 2081 3316 domnus
2182 3270 2305 3310 cum
2335 3254 2389 3307 in
2420 3253 2603 3308 navim
2635 3253 2847 3308 intrare
2871 3252 3095 3307 deberet
3118 3251 3283 3304 etiam
3310 3264 3433 3304 cum
3465 3248 3583 3317 ipso
3604 3258 3757 3300 exe»

498 3342 786 3415 episcopus
815 3347 956 3415 apud
1000 3348 1271 3415 Florinas,
1303 3367 1400 3420 pro
1455 3352 1761 3407 reverentia
1807 3352 2075 3421 siquidem

496 3432 601 3488 loci
646 3449 757 3505 quo
809 3446 969 3493 natus
1000 3439 1200 3505 fuerat,
1246 3442 1414 3496 immo
1449 3451 1504 3498 et
1532 3458 1631 3513 pro
1675 3443 1852 3498 salute
1882 3442 2077 3497 animae

494 3527 691 3593 patris,
736 3538 792 3585 et
841 3530 968 3587 illud
1000 3536 1391 3589 monasterium
1434 3536 1607 3590 sancti
1638 3534 1894 3605 Gingulﬁ,
1931 3534 2076 3604 quod

494 3625 651 3685 pater
675 3620 1034 3690 inperfectum
1066 3626 1379 3694 reliquerat,
1406 3627 1474 3681 ad
1519 3627 1682 3689 ﬁnem
1706 3626 1981 3695 perduxit,
2023 3634 2079 3679 el

499 3707 730 3765 alterum
773 3715 948 3768 sancti
994 3714 1261 3773 Johannis
1282 3734 1349 3773 ex
1379 3719 1542 3774 rebus
1588 3720 1704 3774 suis
1756 3729 1811 3775 et
1845 3718 2076 3774 fratrum

501 3814 723 3861 suorum
756 3818 863 3860 non
905 3814 1018 3860 tam
1062 3808 1289 3877 pulchra
1336 3810 1686 3866 aedificiorum
1738 3826 1900 3881 quam
1951 3811 2077 3867 forti

498 3890 831 3957 operositate
854 3892 1116 3951 fundavit.
1151 3896 1257 3953 Sed
1284 3898 1385 3955 hoc
1416 3900 1634 3970 quidem
1664 3899 1811 3971 (558)
1851 3900 2078 3955 clerico-

500 3995 641 4045 rum,
677 3983 970 4045 illudvero
1011 3992 1420 4054 monachorum,
1476 4001 1765 4063 utrumque
1806 4000 2080 4048 annuente

500 4069 754 4137 Baldrico
774 4076 1189 4134 Leodicensium
1214 4081 1489 4152 episcopo,
1522 4084 1578 4137 in
1600 4081 1751 4150 cujus
1783 4083 2072 4151 parrochia

499 4171 647 4228 sunt,
677 4169 1034 4224 consecravit.
1072 4168 1313 4240 Denique
1340 4173 1428 4227 illa
1458 4173 1673 4228 abbatia
1700 4171 1853 4244 (559)
1890 4171 2073 4232 domui

2181 3347 2290 3402 citu
2321 3344 2687 3417 profecturus,
2726 3344 2976 3399 mirabile
3005 3343 3174 3407 dictu,
3223 3341 3342 3395 fuso
3389 3336 3546 3394 altari
3590 3346 3765 3392 totum

2183 3440 2312 3494 illud
2356 3454 2493 3510 opus
2538 3438 2799 3492 diruitur.
2833 3435 2971 3491 Hine
3006 3448 3135 3505 ergo
3170 3433 3369 3489 malum
3400 3445 3560 3486 omen
3603 3426 3765 3482 multi

2180 3530 2566 3601 Opinabantur,
2597 3529 2711 3583 sive
2748 3527 3021 3598 publicum
3051 3527 3167 3581 sive
3192 3525 3460 3594 privatqu
3498 3519 3765 3591 episcopi,

2181 3630 2244 3676 ut
2272 3620 2431 3690 paulo
2458 3630 2580 3690 post
2609 3620 2859 3688 probavit
2883 3626 3128 3673 eventus.
3164 3616 3281 3685 Ipse
3311 3615 3453 3668 enim
3485 3628 3608 3667 cum
3640 3611 3773 3667 aliis

2184 3712 2349 3767 etiam
2376 3720 2594 3780 arrepto
2626 3711 2842 3775 itinere,
2872 3725 2996 3764 mox
3026 3708 3335 3763 inﬁrmitate
3362 3712 3675 3776 proventus,
3710 3704 3767 3757 in

2184 3802 2310 3857 villa
2359 3818 2480 3873 qua:
2524 3801 2885 3859 llerewardus
2934 3802 3084 3874 (542)
3135 3800 3331 3855 dicitur
3356 3798 3423 3831 ’δι
3475 3796 3769 3853 remansit.

2184 3894 2362 3950 Ceteri
2419 3909 2549 3949 vero
2610 3909 2732 3949 cum
2800 3893 3182 3949 innumerabili
3238 3890 3585 3946 multitudine
3635 3904 3770 3959 per-

2185 3995 2451 4049 meantes,
2484 3986 2840 4041 Teodericnm
2882 4000 3005 4039 cum
3036 3983 3235 4055 'paucis
3272 3981 3590 4038 Erisonibns
3627 3994 3773 4048 quos

2185 4094 2367 4134 secum
2402 4080 2658 4145 habebat,
2703 4080 2878 4135 adorti
2908 4087 3034 4134 sunt
3062 4078 3231 4149 (313),
3278 4074 3467 4146 procul
3514 4072 3681 4128 dubio
3708 4086 3773 4126 se

2184 4172 2427 4227 victuros
2462 4188 2583 4229 esse
2622 4182 2893 4242 putantes.
2924 4172 3057 4240 Quis
3085 4171 3229 4227 enim
3264 4178 3471 4224 tantum
3504 4181 3568 4221 ac
3602 4172 3773 4219 tanta:

1814 4280 2049 4335 VARle
2089 4281 2496 4337 LECTIONES.

574 4392 641 4425 ’³⁸
670 4391 1038 4469 βέῃ-ζιεηιίὺμε-
1062 4395 1301 4469 omnibus
1350 4376 1561 4451 omissis
1599 4400 1649 4453 5.
1686 4400 1876 4452 abhinc
1912 4397 2089 4469 statim
2124 4396 2194 4469 ad
2219 4413 2265 4469 (ξ.
2296 4396 2384 4451 49.
2410 4402 2609 4469 transit
2644 4400 2717 4454 ita
2742 4418 2760 4454 :
2795 4402 3024 4457 Omissis
3049 4401 3266 4469 qutdem
3299 4411 3429 4467 ergo
3467 4395 3652 4469 multis
3686 4395 3775 4450 in-

503 4460 886 4540 festationibus
921 4464 989 4519 ab
1027 4466 1419 4540 ipsoWaltero
1462 4470 1680 4522 domino
1718 4470 1966 4540 Gerardo
2012 4466 2198 4540 illatis,
2231 4466 2946 4540 ipsedomnusGerardus,
2978 4460 3257 4540 postquam
3290 4460 3523 4540 primum
3572 4468 3780 4540 urbem.

503 4534 849 4588 connuissam
868 4574 882 4597 ,
936 4546 1033 4589 etc.

504 4608 593 4652 tur
614 4600 667 4654 ιι.

1124 4537 1193 4568 ’⁸ο
1234 4548 1348 4607 post
1407 4538 1599 4594 incolis
1645 4540 1903 4594 collocant
1941 4539 2019 4592 2⁸.
2070 4536 2123 4590 5.
2171 4537 2226 4589 4.

2316 4536 2383 4568 m
2434 4539 2505 4590 ειη
2549 4538 2694 4594 colu.
2742 4542 2821 4595 2'.
2872 4535 3044 4597 fertur
3086 4535 3138 4594 5Ῐ.
3188 4535 3510 4594 llercvvarda
3555 4545 3617 4590 ut
3659 4535 3772 4591 fer-

2002 4735 2233 4793 NOTAE.

751 4816 1355 4893 §ainstles-Marquimt.
1390 4840 1418 4879 c
1446 4865 1458 4877 .
1499 4843 1558 4889 ιι,
1592 4827 1676 4880 12.

573 4887 887 4965 (358)_Scil_.
916 4888 1100 4965 Sancti
1119 4887 1417 4965 Géugullii;
1441 4887 1580 4965 apud
1598 4898 1857 4953 Sanctum
1878 4900 2078 4956 Johan-

504 4972 628 5039 nem
658 4959 814 5041 enim
835 4959 903 5041 ab
923 4961 1098 5041 initio
1108 4959 1358 5041 regulam
1521 4966 1814 5041 Benedicti
1839 4972 2077 5041 viguisse

507 5028 653 5107 satis.
669 5038 897 5082 constat.
921 5029 978 5084 ln
1000 5028 1199 5107 codice
1214 5028 2074 5107 Sigebertioriginario‘Ge‘inbla-

506 5098 654 5152 censi
678 5113 868 5153 manus
883 5114 988 5154 una
1019 5102 1199 5157 saeculi
1230 5098 1304 5156 ιιῖ
1333 5106 1493 5159 medii
1524 5098 1635 5161 haec
1661 5111 1863 5164 notavit
1887 5114 1952 5166 ad
1979 5130 2069 5166 an.

508 5167 645 5221 1010
677 5183 692 5219 :
727 5166 793 5220 In
816 5172 1025 5247 cenobio
1051 5170 1471 5247 Florinensipro
1500 5176 1723 5242 clericis,
1757 5182 1846 5247 qui
1879 5184 1947 5235 ad
1976 5185 2071 5236 hoc

506 5254 667 5307 usque
711 5250 909 5307 tempus
955 5243 1307 5295 deserviebant
1340 5244 1429 5308 ibi,
1471 5243 1849 5304 monac/risum
1877 5255 2071 5307 consli-

506 5309 638 5358 Παίς
666 5310 724 5354 ad
749 5326 833 5354 an,
873 5310 1010 5358 1015
1039 5329 1053 5358 ε
1084 5311 1359 5358 Rnldricus
1404 5314 1671 5358 eniammu
1724 5318 2077 5358 ΙτἸηπ-ῐηωηηη.

2184 4825 2447 4899 Balderici
2487 4846 2575 4899 ep.
2623 4829 2790 4885 Leod.
2825 4830 3076 4892 sciamus,
3114 4830 3256 4884 illam
3296 4829 3772 4887 consecrationem

2184 4897 2380 4971 factam
2412 4897 2653 4970 tempore
2686 4901 2947 4955 Balderici
3002 4900 3262 4971 episcopi,
3310 4900 3403 4969 qui
3444 4900 3581 4956 obiit
3612 4902 3665 4954 d.
3694 4902 3771 4956 29

2182 4964 2612 5108 szieggiséaneti
2660 5038 2904 5093 Joannis.
2943 5040 3245 5094 Riehardus
3296 5047 3382 5093 est
3426 5038 3645 5094 celeber
3678 5040 3773 5094 ille

2179 5106 2350 5229 abbas
2385 5106 2459 5165 'S.
2525 5109 2731 5172 \‘itoni,
2788 5110 2844 5163 S.
2919 5108 3135 5164 Vedasti
3190 5120 3246 5164 ct
3304 5110 3361 5164 S.
3417 5109 3560 5163 Petri
3619 5108 3769 5165 Lau-

2219 5190 2405 5235 tensis.

2257 5246 2404 5319 (510)
2447 5248 2734 5319 Merwede.
2766 5249 2911 5303 inter
2950 5249 3190 5305 Gorkum
3238 5257 3294 5304 et
3329 5248 3651 5319 Dordrecht.
3683 5249 3768 5304 Ad

2185 5323 2355 5358 lnlllrn
2377 5317 2534 5358 han"!
2560 5318 2620 5358 pf
2666 5318 2907 5358 Alnn-I‘“
2932 5320 3007 5358 'L:
3036 5320 3126 5358 div
3179 5329 3323 5358 [omn
3370 5336 3406 5358 Il
3459 5317 3531 5358 9“
3580 5319 3775 5358 ΊῚιῖρΙ-
