4052 5358
287 240 382 294 153

1625 233 1820 288 LIBER
1862 231 2178 293 τειιτιιιδ.

3437 239 3540 296 lli-1
3555 271 3558 280 -

285 349 818 405 virtutiscxrrcitum
857 345 1138 417 prevalcrc
1173 346 1412 418 ambiget
1431 347 1524 410 “’,
1555 345 1852 416 prazscrtim
1883 347 1932 404 Α
1961 347 2093 402 riter
2125 349 2332 414 vivens,
2381 363 2469 404 res
2516 349 2778 404 Ecclesiae
2823 347 3180 402 distrahebat.
3229 347 3358 404 Post
3385 349 3540 424 cujus

283 459 400 502 cum
431 457 530 498 usu
561 441 752 494 bellico
778 451 830 494 et
855 439 1136 508 disciplina
1177 437 1398 492 militari
1429 445 1764 508 prestarent,
1803 445 1878 490 et-

285 531 594 603 imperatori
627 531 809 588 studio
851 529 1098 600 placendi
1136 529 1538 586 inniterentur?
1568 528 1702 584 Cum
1729 541 1886 598 ergo,

283 624 577 688 comminus
637 621 1032 688 conﬂixissent,
1074 621 1366 690 derepente
1419 620 1682 678 incertum
1734 619 1858 688 quis

283 719 330 786 ιιι
369 716 548 770 bolico
578 716 842 770 instinctu
873 723 1102 776 vexatus
1131 715 1186 768 in
1225 714 1336 768 hac.
1357 727 1490 768 voce
1518 713 1602 766 bis
1631 713 1860 766 horreu—

283 809 402 860 dum
427 804 608 874 erupit
637 822 652 856 :
695 802 910 876 Fugite,
943 803 1126 874 fugite.
1177 801 1296 870 Quo
1341 801 1728 856 Lotharienses
1758 816 1858 854 ex-

283 897 472 960 territi,
521 895 799 950 nescimus
847 909 954 964 quo
1005 894 1095 952 Dei
1140 894 1355 949 octnlto
1391 893 1618 962 judicio,
1667 907 1860 946 omnes

281 985 456 1056 fugam.
483 985 727 1040 inierunt
751 985 894 1056 (Jul.
925 985 1040 1056 29).
1071 985 1146 1042 lix
1175 986 1371 1054 quibus
1401 1001 1562 1054 quant
1601 983 1766 1038 multa
1797 999 1858 1038 ac

281 1093 431 1146 quam
459 1076 800 1132 miserabilis
825 1074 1000 1132 aedes
1029 1074 1170 1130 facta
1202 1087 1308 1142 est,
1341 1091 1446 1130 non
1477 1083 1560 1130 est
1587 1073 1860 1144 prcsentis

283 1167 470 1238 negotii
499 1167 802 1238 explicare.
832 1165 944 1224 Nec
993 1176 1102 1220 tam
1129 1177 1308 1224 tamen
1341 1166 1408 1221 ab
1439 1167 1688 1222 hostibus
1717 1166 1860 1220 ferro

279 1276 430 1330 quam
479 1259 680 1314 timore
717 1258 926 1324 vexati,
972 1258 1115 1314 inter
1155 1273 1324 1314 naves
1367 1259 1494 1314 dum
1528 1259 1774 1329 fugerent
1805 1259 1858 1314 in

281 1367 498 1406 numero
553 1350 706 1421 (5H)
758 1350 1234 1422 periclitabantur,
1293 1350 1585 1406 manifesto
1643 1349 1858 1420 quidem

281 1445 412 1513 quod
447 1445 718 1513 scriptum
749 1455 868 1500 est:
901 1443 1026 1513 quia
1057 1442 1368 1514 unusmille
1397 1453 1444 1498 et
1469 1443 1577 1498 duo
1605 1443 1858 1512 fugarunt

279 1534 440 1588 decem
469 1533 625 1586 milia
651 1532 837 1606 (Deut.
868 1547 1046 1599 χχιιι,
1071 1531 1190 1606 ‘30).
1234 1531 1374 1587 Dux.
1397 1542 1578 1588 autem
1612 1531 1862 1590 Godefri-

279 1625 394 1686 dtis.
418 1641 582 1694 quem
615 1624 856 1680 secunda
903 1623 1170 1678 bellorum
1203 1626 1588 1690 accenderant,
1622 1623 1860 1694 undique

281 1685 658 1778 sit-cumfusum,
688 1715 828 1776 dum,
852 1713 1042 1790 fugere
1088 1714 1308 1791 pudoris
1338 1685 1584 1786 estimat,
1609 1685 1852 1788 fugienti-
1885 1685 1936 1746 Β

277 1807 369 1874 bus
410 1807 578 1870 sociis
629 1806 778 1868 solus
823 1806 878 1860 in
931 1805 1162 1875 prclium
1212 1809 1355 1874 ruit;
1409 1807 1690 1876 caesisque.
1721 1823 1884 1882 quos;

277 1883 570 1974 adversum
595 1898 756 1960 ierat,
789 1915 817 1952 a
859 1897 1028 1954 latere
1072 1898 1500 1962 circumventus,
1550 1908 1730 1954 tamen
1765 1915 1858 1952 ca-

277 1991 410 2059 pitur
431 1991 498 2022 ²⁸³
527 1990 874 2046 vulneratus.
893 1989 1117 2046 Timens
1139 2001 1318 2046 autem
1345 1989 1674 2046 Tendericus
1698 2000 1862 2045 tanta:

277 2076 657 2147 magnitudinis
689 2078 868 2132 virum
910 2077 962 2134 in
995 2077 1262 2146 captione
1295 2086 1502 2140 tenere,
1547 2092 1658 2130 sua:
1688 2085 1860 2132 teme-

279 2167 410 2222 ritati
432 2166 735 2228 consulu't,
765 2181 1017 2234 eumque,
1040 2175 1098 2220 ut
1123 2166 1222 2222 sibi
1257 2166 1600 2236 imperatoris
1631 2167 1858 2236 gratiam

279 2267 598 2322 eazercetur,
648 2259 802 2316 abire
850 2258 1140 2318 concessit.
1192 2257 1312 2326 Ipso
1360 2273 1491 2312 vero
1545 2257 1652 2322 die,
1683 2266 1757 2321 et,
1806 2268 1865 2312 ut

281 2335 418 2414 multi
459 2349 808 2419 coniectant,
855 2351 1045 2412 eadem
1095 2349 1230 2404 hora
1280 2365 1386 2419 qua
1418 2347 1618 2404 bellum
1661 2345 1860 2402 factum

281 2450 374 2505 (st,
411 2440 707 2508 Baldricus
747 2440 1038 2510 episcopus
1071 2439 1127 2494 in
1169 2439 1408 2510 predicta
1437 2439 1564 2492 villa
1591 2437 1736 2508 (545)
1768 2438 1866 2492 ho-

280 2533 462 2608 minem
505 2532 712 2596 exivit,
763 2531 1008 2602 Letgiam
1056 2532 1340 2592 tamenad
1371 2531 1737 2602 sepeliendum
1771 2533 1864 2586 de-

279 2633 468 2696 vectus.
529 2625 618 2682 Ad
665 2641 834 2696 quem
888 2624 1543 2680 tumulandumdomnus
1590 2624 1864 2680 Gerardus

280 2716 558 2786 episcopus
587 2729 692 2790 per
729 2697 1056 2786 legationem
1099 2722 1342 2779 vocatus,
1376 2713 1455 2769 ire
1495 2729 1602 2768 non
1632 2712 1862 2778 distulit,

281 2806 365 2861 sed
392 2805 642 2868 fraterno
675 2808 876 2862 ductus
913 2823 1099 2863 amore
1135 2823 1232 2878 per
1278 2817 1446 2864 totam
1477 2815 1688 2862 noctem
1723 2808 1867 2864 cele-

283 2897 404 2952 riter
443 2897 736 2968 cquitavit.
786 2896 920 2952 Cum
963 2911 1094 2954 vero
1141 2897 1288 2952 circa
1341 2897 1574 2954 Montem
1625 2907 1864 2958 castrum

283 2991 376 3060 iter
395 2993 879 3064 carperet,.adbuc
923 2991 1142 3062 quidem
1187 2991 1344 3061 prelii
1387 2992 1530 3060 quod
1575 2989 1752 3046 fuerat
1777 2990 1862 3048 fa-

284 3176 422 3232 ducis
441 3187 758 3248 acceperat.
790 3178 1002 3249 Duplici
1024 3193 1154 3249 ergo
1179 3193 1420 3234 metnore
1445 3177 1690 3245 aﬁ'ectus,
1719 3181 1864 3236 viam

282 3269 464 3326 metire
516 3269 784 3335 festinat,
834 3285 1158 3340 semperque
1205 3287 1578 3343 quoscumque
1629 3272 1866 3328 habebat

283 3360 476 3434 obvios,
514 3364 582 3418 de
633 3363 810 3434 prelio
851 3363 1186 3418 consulebat.
1220 3365 1524 3436 Antequam
1570 3379 1700 3420 vero
1733 3364 1863 3420 Let-

284 3453 412 3530 gifam
471 3453 856 3524 pervenisset,
907 3455 1226 3514 adrumalur
1288 3457 1338 3510 ei
1390 3457 1584 3511 ducem
1636 3457 1864 3512 redisse.

285 3541 396 3597 llos
421 3559 552 3616 ergo
593 3545 884 3615 repentina
909 3561 1112 3604 rerum
1161 3547 1517 3604 conversione
1547 3564 1651 3603 non
1690 3547 1864 3604 solum

286 3636 578 3708 episcopus,
637 3641 734 3693 sed
785 3647 840 3694 et
884 3639 1038 3694 multi
1093 3639 1208 3706 alii,
1265 3656 1536 3696 merorem
1584 3657 1746 3712 quem
1797 3641 1866 3698 de

285 3726 422 3782 obitu
451 3730 704 3799 episcopi
735 3739 1142 3802 conceperant,
1185 3731 1380 3802 gaudio
1411 3735 1553 3802 quod
1599 3733 1870 3790 habebant

285 3813 346 3896 de
377 3817 528 3874 ducis
556 3819 972 3884 incolumitate,
1011 3830 1312 3876 mutarunt.
1341 3822 1420 3876 Ad
1451 3838 1610 3891 quem
1641 3823 1870 3880 festinus
1903 3863 1906 3868 -

286 3906 554 3978 episcopus
601 3910 666 3964 in
717 3919 956 3966 castrum
1009 3913 1264 3976 videlicet
1309 3913 1666 3985 Argeutolum
1712 3918 1864 3988 (546)

287 4003 612 4068 permeavit;
683 4017 714 4057 a
781 4019 889 4074 quo
937 4007 1156 4074 quidem
1209 4007 1510 4064 honoriﬁce
1559 4021 1864 4081 susceptus,

289 4101 486 4144 omnem
537 4092 796 4148 ordinem
861 4095 986 4150 belli
1034 4097 1261 4152 audivit.
1329 4097 1620 4156 Sciendum
1683 4113 1866 4174 tamen

290 4179 416 4247 quod
461 4191 592 4240 ante
658 4183 788 4239 illud
839 4186 1076 4256 preliunt
1111 4188 1262 4260 (54η
1317 4188 1433 4246 fere
1483 4206 1582 4267 per
1633 4204 1906 4262 quatuor.

289 4283 486 4350 menses
531 4285 757 4330 cometa
785 4278 910 4338 visa
952 4289 1055 4344 est,
1106 4281 1268 4336 solito
1308 4291 1486 4338 tamen
1537 4285 1864 4355 mirabilior,

289 4357 336 4438 in
365 4366 523 4420 modo
553 4367 820 4422 videlicet
843 4373 1260 4438 quammaxima
1285 4375 1472 4429 trabis.

329 4435 432 4509 ‘20.
473 4456 528 4510 In
558 4459 676 4528 illis
712 4435 930 4527 diebus,
960 4464 1292 4518 monasterio
1334 4467 1510 4538 sancti
1559 4466 1766 4524 Gisleni
1813 4471 1866 4526 in

289 4541 402 4598 villa
435 4545 606 4611 Cella,
656 4551 800 4608 unde
829 4568 990 4621 supra
1017 4555 1350 4634 locutionem
1381 4554 1608 4628 fecimus
1637 4559 1724 4631 (ιι,
1747 4560 1863 4632 40),

293 4649 496 4710 preerat
529 4643 758 4714 quidam
803 4647 968 4728 abbas
999 4651 1220 4708 nomine
1269 4647 1484 4716 Simon,
1515 4652 1606 4722 qui
1651 4653 1866 4712 secula-

1961 453 2244 504 excessum
2289 439 2402 510 (an.
2450 437 2614 508 1015)
2657 438 2724 494 ad
2773 447 2992 492 tantam-
3021 446 3398 509 paupertatem
3441 441 3542 494 de-

1960 528 2134 600 duxit,
2160 537 2218 582 ut
2242 529 2330 584 vix
2357 539 2594 600 quatuor
2619 529 2870 588 monachi
2899 539 3266 586 remanerent.
3297 531 3540 588 Domnus

1961 619 2454 690 aptemepiscopus
2499 621 2600 676 hoc
2627 621 2933 690 ptevidens,
2979 621 3226 698 quaesivit
3255 621 3540 688 abbatem;

1961 719 2324 790 sanctumque
2373 713 2550 766 virum
2595 711 2914 768 Wenricum
2959 712 3177 768 nomine
3223 712 3546 782 imperatori.

1961 802 2160 860 obtulit
2191 803 2454 871 dignitate
2496 803 2830 860 donandum.
2863 803 3294 872 Quamvislenim
3320 805 3539 860 abbatia
3565 857 3568 864 .

1961 907 2166 964 pauper
2205 894 2278 948 sit
2306 903 2364 950 et
2397 895 2618 966 exigtta,
2645 895 2844 966 pendet
2869 905 3050 952 tamen
3079 897 3146 950 de
3173 911 3334 952 manu
3369 897 3536 968 regia.

1961 984 2062 1054 Qui
2089 985 2256 1042 abbas
2273 986 2602 1054 .factus.,(an.
2641 985 2780 1040 l015
2811 985 2888 1041 vel
2921 985 3110 1056 1018),
3134 1001 3259 1042 cum
3295 987 3364 1042 ad
3393 1002 3542 1042 cotu-

1963 1077 2188 1134 missum
2237 1077 2630 1134 monasterium
2663 1077 3020 1148 pervenisset,
3057 1077 3240 1134 omnia
3281 1077 3554 1147 dissipata-

1963 1167 2224 1234 miratur;
2253 1178 2308 1228 et
2337 1183 2442 1228 non
2490 1177 2696 1226 tantum
2745 1169 3034 1240 praesentia
3085 1168 3319 1240 dantpna
3357 1169 3542 1246 deplo-

1964 1268 2064 1323 rat,
2090 1274 2278 1314 verum
2306 1261 2472 1318 etiam
2517 1260 2720 1320 multas
2751 1260 3090 1316 incursiones
3122 1259 3413 1326 latronum,
3447 1261 3540 1330 qui

1965 1348 2088 1406 illuc
2137 1349 2524 1422 quamplurimi
2573 1361 2988 1416 conversantur,
3034 1359 3222 1422 postea
3253 1365 3572 1422 perpessus.

1962 1449 2064 1498 est.
2109 1440 2350 1508 Quorum
2379 1459 2568 1507 unus,
2611 1443 2830 1500 nomine
2871 1442 3030 1508 Aldo,
3057 1442 3576 1508 .uomiuatissimns.

1963 1542 2166 1604 raptor,
2213 1535 2408 1592 multas
2431 1535 2724 1606 ,inrogabat
2768 1533 3012 1602 injurias,
3057 1534 3110 1588 in
3145 1542 3292 1588 tanta
3323 1535 3542 1605 quidem

1967 1627 2370 1698 presumptione
2395 1627 2666 1690 sublatus,
2695 1636 2756 1682 ut
2797 1626 2934 1682 infra
2977 1626 3274 1682 claustrum
3303 1641 3425 1680 cum
3455 1639 3544 1678 ra-

1961 1717 2104 1787 pinis
2133 1728 2186 1772 et
2216 1719 2384 1792 armis
2413 1719 2704 1788 aliquando
2747 1727 3082 1772 versaretur.
3137 1715 3288 1772 Unde
3333 1716 3546 1798 episco-

1961 1825 2066 1880 pus
2115 1813 2374 1868 contitem
2428 1812 2726 1872 Rainerum
2775 1811 2943 1881 (348)
2993 1809 3264 1880 frequenti
3309 1808 3547 1866 clamore

1961 1903 2216 1974 pulsavit,
2259 1905 2669 1970 sanesurdum,
2699 1903 2828 1974 quia
2873 1912 2930 1956 et
2973 1902 3086 1972 ipse
3129 1906 3548 1970 raptor,-raplo-

1963 1996 2113 2050 ribus
2149 1995 2333 2054 favere
2363 1977 2743 2050 consueverat.
2779 1993 3022 2064 Contigit
3056 1999 3258 2054 autem,
3287 1990 3545 2044 domumu

1965 2089 2273 2158 episcOpum
2320 2088 2428 2142 alio
2478 2087 2786 2142 tendentem
2833 2101 2931 2155 per
2977 2083 3108 2138 illud
3157 2081 3544 2138 monasterium

1965 2179 2254 2232 transitum
2293 2177 2500 2230 facere.
2533 2174 2634 2230 Ubi
2677 2189 2798 2229 cum
2842 2173 3198 2244 pervenisset,
3246 2170 3546 2240 predictum
3579 2223 3582 2226 Α

1965 2273 2230 2340 latronem
2289 2269 2534 2334 invenit,
2591 2275 2916 2338 captumque
2969 2264 3196 2320 Albaldo
3247 2261 3553 2328 Trejecleu-

1965 2366 2108 2422 sinm
2134 2363 2390 2433 episcopo
2431 2359 2852 2420 commendavit.
2883 2358 3014 2413 Post
3054 2355 3218 2412 unius
3257 2371 3387 2410 vero
3419 2352 3544 2406 anni

1965 2433 2320 2516 curriculum,
2365 2448 2914 2518 domnusepiscopus
2961 2446 3254 2500 multorum
3293 2443 3546 2514 precibus

1966 2543 2226 2618 delinitus
2269 2541 2448 2596 redire
2470 2539 2738 2610 permisit,
2785 2537 3190 2606 promittentem
3221 2531 3472 2588 videlicet
3494 2539 3552 2588 et
3577 2589 3582 2594 ,

1967 2647 2156 2694 sancte
2205 2635 2542 2706 dejerautem
2597 2633 2740 2704 quod
2803 2631 3008 2700 rapinis
3061 2643 3121 2684 se
3159 2627 3582 2692 subtrahere“.

1969 2732 2141 2788 fidelis
2159 2730 2422 2804 aecclesiaa
2443 2743 2568 2790 cum
2593 2726 2741 2782 omni
2784 2723 3072 2780 devotione
3095 2731 3406 2774 mansurus.
3437 2715 3550 2772 lloc
3581 2777 3584 2780 _

1969 2839 2101 2882 vero
2127 2823 2343 2878 irritum
2389 2819 2616 2884 faciens,
2647 2825 2833 2888 postea
2859 2815 2928 2870 ab
2975 2809 3261 2868 insolentis
3291 2823 3396 2862 non
3431 2821 3550 2862 ces.

1969 2916 2130 2970 savit.
2163 2913 2270 2968 Sed
2299 2911 2458 2984 paulo
2490 2919 2610 2982 post
2639 2923 2734 2980 per
2774 2902 3206 2960 misericordiam
3252 2897 3552 2958 Dei-morte

1890 3036 1939 3102 Ο
1970 3015 2281 3076 correptus,
2307 3004 2362 3058 in
2395 3003 2512 3074 ipso
2553 3009 2738 3055 tamen
2784 2995 3076 3100 cimiterio,
3114 2989 3288 3102 mu‘lto
3327 3003 3554 3102 suanm:

283 3091 418 3138 ctum
446 3085 702 3155 ignarus,
732 3094 864 3140 tunc
889 3085 1123 3154 primum
1151 3083 1218 3140 de
1247 3083 1420 3154 prelio
1447 3092 1502 3138 et
1524 3083 1589 3138 de
1613 3085 1866 3154 captione
1893 3083 1902 3140 ἶ

1969 3105 2214 3168 precatu,
2258 3093 2354 3150 sed
2393 3091 2674 3148 nesciente
2714 3087 3005 3160 episcopo,
3042 3080 3362 3142 tumulatur.
3394 3077 3552 3168 Quod

1966 3167 2132 3258 illlam
2164 3183 2435 3242 nefarium
2465 3181 2632 3238 fuerit
2672 3178 2854 3234 divina
2897 3172 3184 3232 clementia
3205 3167 3550 3240 .propalavit.

1965 3279 2100 3340 Post
2137 3275 2418 3332 biennium
2449 3273 2618 3338 enim,
2651 3285 2774 3326 cum
2813 3267 2906 3322 alii
2947 3261 3222 3320 bnmando
3268 3259 3436 3328 ipsius
3469 3268 3552 3312 tu-

1968 3369 2147 3426 mulus
2172 3367 2470 3429 foderetur,
2497 3363 2564 3417 de
2593 3371 2706 3416 toto
2729 3367 2876 3414 certe
2898 3367 3127 3422 corpore
3155 3350 3360 3406 nullum
3389 3347 3552 3402 vesti-

1968 3437 2116 3531 gium
2147 3465 2342 3528 praeter
2364 3468 2528 3508 ιιιιιιιιι
2565 3446 2920 3506 subtolarium
2946 3442 3096 3514 (διεδ)
3129 3438 3416 3531 reperitur.
3442 3435 3551 3492 Per

1969 3529 2076 3609 hoc
2104 3565 2238 3620 ergo
2263 3546 2476 3603 cunctis
2507 3542 2808 3612 intelligere
2848 3539 3009 3593 datur
3034 3539 3257 3606 quanta:
3294 3529 3552 3599 dampna-

1973 3643 2106 3700 tioui
2129 3643 2184 3696 in
2213 3646 2421 3696 tartaro
2453 3635 2604 3705 impii
2627 3633 2978 3702 deputantur.
3097 3621 3100 3624 ’

2039 3737 2138 3791 2t.
2185 3733 2318 3800 Post
2371 3729 2582 3786 obitum
2629 3739 2760 3780 vero
2813 3720 2996 3778 domui
3041 3715 3254 3774 abbatis
3306 3711 3554 3772 Wenrici

1971 3829 2108 3882 duos
2152 3825 2402 3886 abbates,
2429 3820 2663 3876 alterum
2691 3823 2810 3888 post
2839 3813 3096 3880 alterunt,
3119 3822 3305 3866 comes
3347 3804 3550 3860 Baiae—

1970 3935 2064 3974 rus
2101 3915 2410 3982 substituit;
2443 3913 2547 3968 hoc
2591 3908 2858 3980 siquidem
2903 3903 3062 3959 modo
3102 3899 3372 3956 abbatiam
3421 3910 3552 3950 ven-

1971 4013 2154 4068 dicare
2189 4021 2529 4081 presumens.
2559 4002 2720 4074 Quod,
2759 4000 2884 4070 quia
2917 3996 3070 4052 nefas
3109 4001 3275 4056 esset,
3315 3993 3558 4045 domnus

1969 4103 2256 4173 episcopus
2303 4112 2400 4152 sua
2449 4092 2782 4158 auctoritate
2829 4086 3037 4173 rejecit,
3094 4097 3249 4173 curn_,_
3285 4088 3344 4132 ut
3387 4092 3556 4173 supra

1969 4165 2206 4247 diximus
2250 4187 2320 4256 (ο.
2369 4183 2448 4254 b‘),
2497 4171 3112 4244 abbatiamquamlibet
3143 4165 3320 4220 nullus
3369 4169 3586 4256 preter.

1973 4254 2356 4354 imperatorem
2405 4282 2500 4328 aut
2546 4272 2862 4342 episcopum
2906 4264 3101 4354 debeat
3141 4254 3548 4354 commendare.

1897 4387 1946 4446 ι)
1975 4343 2166 4440 Postea
2211 4386 2342 4426 vero
2386 4368 2686 4436 imperator
2728 4373 2894 4430 quem
2938 4352 3128 4424 voluit,
3171 4343 3554 4446 Herbrandum

1971 4435 2224 4522 videlicet
2269 4461 2364 4532 qui
2413 4435 2557 4513 nunc
2607 4463 2692 4512 est
2717 4451 2888 4533 (550),
2921 4453 3174 4508 monente
3213 4442 3410 4533 domno
3437 4435 3552 4533 epi-

1969 4572 2156 4626 scopo,
2189 4562 2250 4608 ut
2283 4526 2503 4621 dignum
2535 4553 2642 4612 est,
2685 4526 3018 4598 sublimavit.
3053 4534 3152 4594 Hic
3185 4526 3554 4600 etiammulta

1970 4647 2110 4712 mala
2131 4656 2436 4716 perpessus.
2454 4649 2589 4694 esta
2618 4632 2814 4692 comite
2843 4629 3106 4684 Raincro.

1559 4847 1792 4904 VARIE
1839 4849 2240 4906 LECTIONES.

358 4973 422 5006 ‘“
459 4977 768 5051 ambigeret
859 4981 934 5035 2⁸.
980 4995 1025 5038 et
1058 5003 1121 5040 ex
1159 5002 1302 5040 corr.
1345 4984 1396 5039 ιι.

1475 4989 1543 5020 ’³³
1577 4992 1651 5044 ita
1689 4991 1911 5044 correxit
1955 4991 2101 5047 Cofu.
2151 5007 2350 5062 capere
2385 4991 2430 5044 Ι.
2461 4986 2517 5040 9...
2544 4985 2622 5040 2⁸.
2656 4985 2709 5039 3.
2743 4983 2958 5038 tandem
2987 4979 3164 5048 capite
3195 4975 3249 5028 4.

1801 5179 2028 5237 NOTAE.
