4052 5358
465 301 566 356 13⁸5

531 413 620 468 22.
663 413 809 468 Inter
835 413 932 468 hoc
960 411 1121 466 etiam
1169 412 1299 466 illud
1327 413 1602 465 mentm-ite
1643 413 2033 466 contutendau-
2067 419 2111 473 Α

463 509 588 563 dum
621 519 723 574 est,
757 509 898 576 quod
944 507 996 560 in
1037 509 1165 576 ipsis
1193 507 1381 561 diebus
1414 509 1464 560 itt
1499 508 1614 560 vico
1641 508 1873 576 quodam
1902 505 2041 560 Tre-

456 601 717 671 jectensis
762 601 1040 654 dioceseos
1077 600 1339 654 accidisse
1369 599 1601 652 domnus
1633 600 1918 668 episcopus
1945 613 2042 651 uo-

463 695 548 749 bis
581 706 805 746 narrare
849 692 1058 745 solebat
1105 690 1205 743 sibi
1257 699 1404 744 certe
1457 691 1524 744 ab
1576 691 1830 759 episcopo
1861 689 2039 743 Albal-

463 787 531 840 do
561 784 707 856 ('55!)
752 783 1002 836 relatum.
1037 781 1170 847 Qttia
1211 797 1440 850 namque
1485 781 1870 850 Aquaticorum
1915 779 2039 834 Fri-

462 891 654 932 soumtt
687 875 828 929 circa
875 875 1044 944 ipsam
1095 871 1438 942 parrochiam
1489 873 1653 925 moris
1681 883 1782 931 est,
1831 879 1922 922 aut
1951 869 2038 922 vix

459 982 662 1038 paucos
694 974 784 1020 aut
813 957 1394 1018 nulloseucharistiam
1426 963 1476 1015 itt
1504 963 1592 1016 die
1613 961 1788 1016 sancti
1821 961 2036 1029 paschae
2063 953 2066 956 ⁴

459 1060 596 1114 velle
629 1069 890 1130 gustare:
931 1058 1042 1125 ipsa
1085 1056 1348 1124 siquidem
1392 1057 1476 1108 die
1515 1056 1768 1108 sacerdos
1814 1055 1864 1108 itt
1905 1069 2039 1124 quo-

459 1151 580 1204 dam
609 1149 858 1204 videlicet
891 1149 1008 1202 vico
1047 1146 1287 1214 ejusdem
1329 1147 1625 1208 dioceseos,
1657 1145 1911 1215 populum
1949 1160 2038 1199 ce-

457 1242 574 1296 lesti
626 1241 883 1295 alimonia
933 1239 1277 1299 refecturus,
1331 1238 1666 1306 plebeculam
1725 1251 2036 1291 ammonere

457 1333 687 1394 curavit,
737 1341 792 1385 ttt
845 1331 911 1385 ad
963 1330 1366 1399 percipiendum
1418 1328 1633 1382 celestis
1672 1328 1797 1381 vilze
1847 1343 2034 1382 saera-

455 1432 693 1475 mentum
735 1421 1004 1475 venirent.
1057 1419 1264 1485 Quibus
1309 1421 1374 1473 de
1425 1433 1574 1472 more
1631 1418 2030 1482 cunctantilus,

455 1527 593 1566 unus
627 1513 716 1581 qui
749 1511 923 1579 major
970 1512 1166 1566 ceteris
1200 1511 1409 1573 aderat,
1463 1509 1720 1564 instinctu
1767 1509 2033 1564 diabolico

454 1603 712 1674 agitatus,
765 1603 1064 1658 mistet-ium
1121 1601 1322 1658 Christi
1383 1602 1912 1675 blaspltcmare’nou
1967 1603 2031 1655 ti-

457 1699 613 1762 utuit,
643 1698 825 1751 dicens
857 1697 1016 1751 malle
1040 1698 1138 1750 sibi
1169 1697 1473 1766 peccariutn
1497 1696 1644 1766 (352)
1675 1695 1888 1765 plenum
1911 1713 2030 1752 cer-

452 1787 625 1852 visite,
664 1802 822 1857 quam
853 1787 980 1842 illttd
1013 1787 1226 1842 celestis
1252 1787 1467 1856 epulum
1501 1803 1722 1840 mensae.
1753 1785 1823 1840 Ut
1848 1797 2023 1840 autem
2061 1805 2100 1858 ῃ

451 1878 713 1947 majorem
771 1878 1162 1932 lttesitatiouem
1217 1879 1486 1934 intulisset
1530 1879 1758 1942 celeris,
1802 1878 2024 1942 addidit,

452 1984 641 2024 omnes
685 1969 800 2038 ipso
844 1985 986 2022 anno
1033 1970 1344 2034 morituros,
1375 1979 1637 2038 quotquot
1683 1979 1864 2026 essent
1915 1971 2029 2038 ipso

451 2061 536 2114 die
582 2059 832 2115 celestem
879 2059 1186 2114 alimoniam
1225 2063 1576 2130 assumpturi.
1610 2062 1726 2128 Quo
1775 2063 2026 2116 nimirum

451 2169 642 2209 omnes
669 2154 936 2216 exterriti,
983 2153 1140 2208 sicuti
1197 2154 1374 2214 rudes,
1415 2154 1704 2208 Dominicat
1735 2169 1933 2206 mensa:
1970 2169 2028 2206 se

449 2245 853 2298 sul-.traserunt.
915 2243 1006 2298 llle
1061 2259 1186 2297 vero
1245 2243 1590 2312 blaspltetttus
1639 2243 1703 2296 ad
1737 2243 2025 2318 .qttandaut

452 2334 730 2388 tabernam
792 2335 858 2389 de
905 2350 1054 2389 more
1107 2335 1416 2404 profectus,
1473 2335 1756 2388 cervisiam
1805 2331 2024 2388 nimiam

449 2423 785 2486 iuconcavit;
812 2424 996 2492 sicque
1026 2425 1301 2478 debriatus
1338 2439 1564 2479 ascenso
1589 2439 1748 2493 equo,
1774 2425 1897 2484 dum
1923 2425 2026 2478 alio

448 2531 571 2569 rum
625 2533 721 2571 suo
775 2517 1046 2584 armigero
1097 2517 1371 2580 tenderet,
1421 2532 1548 2569 mox
1599 2516 1778 2568 divina
1825 2515 2026 2568 ultione

449 2623 738 2675 percussus
789 2609 855 2662 de
907 2609 1115 2662 caballo
1173 2623 1468 2672 corruens,
1519 2607 1714 2662 collum
1761 2607 2023 2674 siquidem

447 2699 654 2755 fractus
703 2701 950 2770 spiritum
1001 2701 1268 2763 exalavit;
1305 2703 1376 2775 .iu
1429 2701 1570 2754 atrio
1623 2699 1769 2770 (553)
1824 2707 2022 2763 tamen,

448 2793 572 2863 quia
620 2793 791 2860 major
837 2793 986 2864 (551)
1035 2803 1154 2846 erat
1203 2793 1418 2857 villulae,
1468 2795 1826 2848 subterratus.
1873 2790 2024 2858 Quod

448 2895 706 2952 quantum
743 2884 892 2938 nefas
929 2885 1124 2951 fuerit,
1156 2886 1333 2939 divina
1371 2885 1657 2940 clementia
1705 2901 1809 2937 non
1859 2884 2025 2938 multo

447 2984 570 3044 post
615 2975 938 3030 mirabiliter
981 2977 1259 3030 indicavit.
1305 2977 1410 3031 Sed
1445 2993 1542 3030 nec
1579 2977 2022 3046 pretereundum,

446 3064 588 3132 quod
621 3065 856 3135 armiger
904 3070 958 3118 ltt
1004 3067 1116 3135 ipsa
1154 3067 1306 3130 hora,
1357 3083 1461 3136 qua
1504 3067 1753 3120 dominus
1801 3083 1928 3121 suus
1959 3067 2023 3120 de

1453 301 1679 356 Gt-lSTA
1731 298 2146 356 PONTIFICUM
2188 301 2800 359 CAMERACENSIUM.

3595 308 3724 364 ’ίῖζξῖ

2342 411 2470 466 Item
2499 427 2658 480 quam
2687 411 2972 464 mirilleum
2997 411 3094 466 sub
3123 411 3225 466 illis
3261 405 3449 470 diebus
3501 415 3726 472 Alberto

2147 505 2537 560 Vermandensi
2587 507 2792 570 comiti,
2828 507 2980 559 fratri
3039 505 3292 562 videlicet
3343 507 3576 572 Ottonis,
3630 511 3720 578 qui

2143 613 2284 651 nunc
2328 605 2410 651 est
2457 595 2628 665 (555),
2685 597 2902 666 dignum
2934 596 3148 666 quidem
3185 609 3610 668 reconpens‘ante
3641 601 3724 654 di-

2143 688 2264 740 vina
2288 687 2600 752 cletttentia,
2633 687 2919 752 accidisse,
2948 687 3146 742 domno
3184 689 3437 759 episcolto
3465 703 3724 744 narrante

2139 779 2513 849 cngnovimus,
2547 778 2794 834 nolumus
2842 779 3138 848 prattcrire.
3197 779 3295 834 llic
3341 781 3592 834 nimirum
3637 781 3760 835 eo?

2141 885 2255 924 mes
2285 871 2432 924 omni
2461 869 2684 924 malitia:
2715 869 2948 933 deditus,
2981 869 3214 924 ofﬁcium
3239 871 3434 942 lingua:
3459 872 3511 925 itt
3536 873 3725 926 detra-

2139 969 2340 1032 ctione,
2368 966 2418 1019 in
2450 965 2729 1035 perjuriis,
2761 965 2813 1018 in
2850 965 3201 1028 scnrrilitate,
3231 965 3323 1018 sed
3371 975 3424 1018 et
3465 965 3515 1018 itt
3570 966 3723 1020 omni

2137 1072 2334 1128 genere
2365 1055 2654 1125 pravitatis
2685 1055 2953 1109 exercuit.
2983 1053 3135 1120 Quod
3168 1071 3288 1108 eum
3337 1055 3425 1107 ditt
3479 1055 3723 1116 fecisset,

2131 1149 2278 1216 justo
2303 1148 2396 1203 Dei
2417 1148 2624 1218 judicio
2657 1145 2872 1201 tandem
2931 1145 3080 1214 gravi
3125 1155 3178 1200 et
3229 1145 3551 1200 intolerabili
3603 1145 3726 1197 lau-

2135 1254 2302 1309 guure
2345 1253 2658 1308 percussus,
2708 1251 2900 1305 pteuas
2953 1235 3082 1300 luit,
3113 1245 3164 1288 ct
3189 1251 3251 1289 ex
3285 1237 3724 1290 consideratione

2134 1343 2353 1382 Sthi‘llln
2378 1325 2641 1380 scelerum
2667 1326 3010 1394 perterritus,
3051 1339 3119 1364 —-‘
3157 1325 3244 1394 pie
3283 1325 3550 1394 siquidem
3597 1341 3714 1378 uto-

2135 1429 2292 1474 ttente
2336 1419 2602 1472 monacho
2631 1417 2943 1480 Walerano,
2989 1418 3080 1487 qui
3139 1427 3262 1471 tunc
3303 1419 3402 1471 sub
3443 1417 3724 1470 Ricltardo

2134 1510 2327 1563 abbate
2359 1508 2889 1563 ntonasteriisanctze
2917 1507 3270 1578 llunegundis
3291 1506 3439 1572 (556)
3467 1509 3720 1576 preposi-

2135 1607 2220 1652 tus
2251 1606 2390 1662 erat,
2435 1613 2578 1652 nunc
2622 1605 2823 1660 autem,
2857 1597 2968 1651 Deo
3016 1597 3236 1668 gratias,
3263 1597 3387 1651 boui
3419 1597 3718 1650 testimonii

2131 1685 2582 1742 abbas—falsam
2611 1686 2987 1754 paenitentiam
3021 1686 3221 1750 induit,
3253 1694 3437 1754 postea
3465 1686 3564 1739 sub
3593 1701 3722 1738 mo-

2133 1777 2342 1834 naehali
2373 1779 2560 1833 habitu
2591 1777 2820 1832 Domino
2863 1777 3166 1833 serviturus
3206 1779 3366 1846 (circa
3394 1796 3482 1832 an.
3529 1778 3716 1846 1016).

2133 1872 2312 1926 Tonso
2342 1871 2508 1943 igitur
2537 1863 2735 1941 capite,
2769 1873 3054 1941 adsumpto
3089 1871 3296 1934 habitu,
3331 1887 3392 1926 ex
3445 1871 3531 1925 illa
3563 1871 3721 1924 inlit-

2131 1963 2320 2016 mitate.
2367 1963 2760 2032 aliquantisper
2808 1962 3110 2028 convaluit;
3159 1977 3392 2032 moxque
3451 1963 3714 2016 instinctu
3763 1975 3768 1978 '

2131 2055 2346 2118 diaboli,
2377 2055 2460 2108 cui
2511 2062 2654 2109 totus
2695 2053 3003 2118 inhaeserat,
3063 2053 3306 2122 relapsus
3331 2053 3396 2106 ad
3425 2052 3712 2118 vomitum,

2130 2146 2353 2202 consilio
2404 2146 2594 2200 matris
2647 2145 2984 2216 aliorumque
3015 2145 3300 2210 fautorum,
3333 2145 3423 2216 qui
3457 2145 3559 2199 hoc
3584 2160 3710 2198 eunt

2130 2257 2225 2310 per
2257 2241 2522 2294 insaniam
2555 2239 2747 2294 fecisse
2770 2239 3039 2302 dicebant,
3069 2238 3292 2292 militari
3342 2237 3572 2291 clamide
3615 2237 3714 2292 ite-

2129 2347 2248 2385 rum
2271 2342 2481 2399 sumpta
2507 2330 3052 2384 mtttavitcucullam.
3089 2327 3283 2382 Statim
3329 2343 3459 2381 vero
3508 2327 3708 2380 iterum

2130 2419 2422 2475 inevitabili
2478 2420 2669 2475 morbo
2725 2419 3040 2488 corripitur,
3086 2427 3140 2472 et
3197 2427 3256 2472 ut
3305 2417 3464 2488 digna
3501 2417 3712 2472 meritis
3755 2427 3760 2432 ‘

2129 2515 2240 2568 suis
2267 2517 2701 2586 recompensatio
2748 2509 2998 2571 omnibus
3029 2520 3328 2584 appareret,
3364 2513 3544 2582 lingua
3591 2511 3712 2580 ejus

2128 2605 2308 2661 divino
2344 2607 2464 2677 igne
2497 2607 2746 2661 succendi
2774 2608 2987 2675 re'perta
3016 2616 3119 2661 est.
3151 2606 3249 2660 Cui
3283 2621 3402 2658 cum
3427 2605 3582 2660 δοται
3609 2619 3709 2658 ex-

2127 2697 2260 2750 itum
2285 2707 2626 2760 maturassel,
2655 2698 2801 2752 stulti
2831 2697 3076 2752 canonici
3107 2711 3302 2764 corpus
3328 2695 3535 2750 Domini
3557 2695 3712 2748 detu-

2129 2787 2322 2842 lerunt.
2352 2787 2501 2855 Quod
2549 2805 2670 2844 cum
2721 2797 3012 2858 gustasset,
3044 2805 3163 2842 mox
3199 2789 3250 2842 in
3285 2789 3390 2842 hiis
3419 2788 3598 2842 verbis
3629 2788 3712 2840 ul-

2129 2877 2351 2933 tissimis
2405 2879 2652 2948 spiritum
2709 2878 2942 2932 exalavit
2979 2895 2989 2930 :
3021 2877 3272 2940 Ferrum,
3326 2879 3520 2947 inquit,
3567 2878 3708 2947 quod

2127 2968 2254 3021 mihi
2282 2969 2457 3021 clerici
2485 2967 2554 2998 ’³⁵
2574 2967 2894 3031 detulerunt,
2927 2984 3008 3021 me
3033 2967 3242 3020 occidit.
3275 2968 3441 3032 Quem
3461 2967 3713 3020 visituu-

2107 3080 2218 3132 ,rus
2243 3081 2364 3118 cum
2403 3063 2694 3132 jantdietus
2727 3063 3025 3117 monachus
3061 3064 3253 3116 iterum
3289 3061 3596 3122 adveniret,
3631 3059 3706 3112 la-

447 3155 656 3210 c:tballo
703 3157 928 3221 corruit,
976 3157 1235 3212 divinitus
1267 3159 1338 3213 sit
1376 3167 1682 3218 excecatus,
1715 3159 1806 3212 sed
1837 3167 2019 3226 postea
2051 3147 2093 3206 C
2130 3168 2327 3214 tentem
2358 3161 2531 3229 ignem
2557 3161 2608 3213 in
2639 3174 2734 3213 ore
2759 3159 2942 3212 volens
2967 3171 3310 3234 cognoscere,
3331 3155 3709 3211 utoribttttduttt
3755 3153 3758 3158 ’

446 3247 715 3315 peniteus,
748 3249 838 3302 Dei
875 3249 1219 3302 miseratione
1249 3250 1427 3302 btuteu
1463 3251 1681 3318 recepit.
1710 3249 1858 3302 Tunc
1892 3259 2022 3302 tetr-

445 3339 592 3406 poris
639 3354 768 3392 vero
818 3339 1075 3392 Albaltlus
1127 3341 1412 3409 episeolms
1451 3341 1590 3409 apud
1641 3341 2020 3409 imperatorem

445 3427 736 3482 llenriCum
772 3428 822 3482 itt
871 3427 1108 3482 Saxouia
1158 3431 1490 3484 morabatur.
1539 3430 1638 3485 Ubi
1684 3446 1804 3484 cunt
1839 3431 2018 3483 audita

444 3517 748 3586 hujusmoﬁi
783 3507 967 3582 causa,
997 3519 1163 3587 ipsius
1193 3521 1491 3591 blasphemi
1523 3521 1929 3574 tumulationeut
1969 3521 2018 3574 in

445 3608 946 3675 atrio‘acccpissct,
992 3609 1154 3662 altius
1195 3611 1476 3680 ingemuit,
1521 3613 1764 3680 satisque
1809 3612 1910 3662 huc
1940 3613 2021 3662 itt-

445 3697 662 3765 diguum
691 3695 962 3766 judicans,
1007 3707 1065 3751 ttt
1109 3699 1344 3753 infidelis
1383 3701 1453 3753 sit
1485 3701 1754 3769 particeps
1787 3701 2019 3753 fidelium

445 3785 850 3850 defunctorum,
885 3787 1063 3841 statim
1098 3789 1422 3843 detumttlari
1459 3792 1731 3859 praecepit.
1765 3789 1869 3843 Sed
1899 3791 2021 3860 quia

447 3877 548 3930 hoc
589 3891 746 3930 nemo
786 3893 894 3947 pra:
942 3877 1136 3934 timore
1178 3880 1347 3950 ipsius
1379 3881 1664 3948 parentela:
1705 3881 1884 3936 facere
1929 3899 2024 3936 au-

445 3966 616 4029 deret,
657 3968 770 4036 ipsc
819 3969 1107 4039 episcopus
1134 3969 1201 4025 ab
1240 3973 1564 4040 imperatore
1591 3957 1902 4040 discedens,
1929 3991 2024 4044 per

446 4059 675 4112 eundem
709 4061 889 4114 vicum
941 4063 1228 4116 transitum
1264 4063 1491 4130 faciens,
1525 4067 1897 4134 blaspltcmum
1927 4069 2021 4123 dc-

447 4146 554 4202 fodi
587 4147 730 4212 fecit,
765 4149 1147 4220 defossumque
1184 4167 1280 4221 per
1305 4153 1492 4221 pedem
1526 4154 1650 4208 fune
1679 4155 1840 4226 ligato
1871 4158 2024 4224 longe

450 4238 585 4292 trahi
623 4240 882 4310 precepit.
917 4239 1018 4308 Qui
1053 4257 1172 4295 cum
1207 4243 1534 4310 traheretur,
1558 4245 1685 4300 licet
1715 4247 2020 4315 quindecim

447 4327 559 4383 fere
586 4329 774 4384 diebus
804 4333 904 4386 sub
937 4333 1143 4386 ttnuttlo
1163 4332 1444 4401 jacuisset,
1481 4352 1576 4406 per
1603 4340 1837 4408 spatium
1866 4341 2023 4396 unius

449 4419 690 4484 miliarii,
735 4423 980 4476 mirabile
1009 4423 1175 4488 diem,
1221 4427 1506 4480 cervisiaut
1539 4443 1602 4482 ac
1645 4437 1687 4482 si
1721 4445 1911 4485 recens
1941 4433 2020 4486 bi-

2125 3267 2186 3306 os
2220 3249 2530 3305 diﬂicillime
2556 3251 2772 3305 cultello
2803 3249 3045 3314 reclusit,
3077 3259 3132 3304 et
3180 3250 3414 3320 linguam
3443 3264 3614 3317 usque
3644 3248 3713 3301 ad

2127 3343 2384 3414 palatum,
2415 3343 2726 3397 miserabile
2747 3343 2887 3409 visu,
2924 3352 3223 3397 crematam
3265 3342 3422 3395 matri
3456 3357 3520 3396 ac
3551 3340 3712 3394 fratri

2125 3445 2178 3489 et
2203 3435 2400 3490 ceteris
2426 3435 2765 3489 adstantibus
2786 3443 2974 3504 aperte
3001 3433 3348 3498 monstravit;
3377 3441 3528 3487 certe
3573 3431 3710 3486 insi-

2127 3541 2299 3581 nuans
2321 3525 2669 3581 mattifestttm
2699 3525 2788 3579 Dei
2809 3527 3097 3595 judicium,
3132 3535 3186 3580 et
3233 3526 3331 3579 hoc
3365 3523 3572 3578 meritis
3595 3523 3714 3576 suis

2127 3617 2288 3684 digne
2325 3633 2694 3685 cumpeusum,
2722 3618 2838 3687 qui,
2865 3619 3041 3689 quoad
3083 3619 3238 3682 vixit,
3283 3619 3514 3687 linguam
3557 3618 3710 3671 omni

2129 3707 2339 3762 malicia
2365 3707 2700 3777 depravavit.
2747 3709 2900 3777 Quod
2943 3711 3068 3779 quia
3101 3717 3280 3763 certus
3323 3708 3545 3771 relator,
3595 3709 3714 3776 ipse

2129 3800 2375 3854 videlicet
2405 3803 2720 3869 monachus,
2769 3805 2965 3857 domno
3021 3805 3272 3872 episcopo
3319 3803 3606 3866 iutimavit,
3641 3801 3712 3856 ad

2129 3891 2384 3947 honorent
2416 3893 2614 3948 domini
2655 3895 2822 3950 nostri
2853 3895 2980 3949 Jesu
3020 3896 3218 3950 Christi
3251 3896 3522 3949 memoriae
3553 3909 3712 3948 com-
3749 3963 3756 3968 _

2127 3981 2395 4046 mendavi,
2425 3992 2482 4036 ttt
2518 3983 2844 4055 quicumque
2884 3985 3152 4039 audierint
3205 3985 3432 4054 improbi
3461 3994 3714 4039 terrean-

2129 4080 2238 4136 tur,
2266 4073 2388 4127 boni
2407 4089 2535 4128 Vero
2559 4075 2754 4128 ttterito
2783 4074 3136 4143 gratulentur.

2197 4163 2289 4216 24.
2327 4165 2400 4218 Ea
2434 4173 2754 4233 tempestate
2802 4181 2922 4219 cum
2973 4165 3096 4219 aliis
3151 4163 3330 4218 multis
3375 4164 3714 4234 coepiscopis

2129 4255 2371 4310 interfuit
2400 4257 2563 4310 etiam
2613 4257 2844 4310 domnus
2873 4257 3158 4326 episcopus
3183 4257 3580 4310 eonsecrationi
3609 4255 3715 4310 Be-
3751 4241 3756 4250 ’

2129 4347 2262 4400 roldi
2295 4345 2706 4404 Sessonensium
2732 4349 2990 4418 episc0pi,
3021 4350 3072 4402 in
3103 4349 3214 4416 ipsa
3247 4349 3498 4403 videlicet
3518 4347 3716 4403 arcete-

2129 4436 2208 4489 sia
2239 4437 2582 4492 Sessonensi.
2634 4437 2735 4492 Ubi
2769 4439 3032 4507 siquident
3075 4439 3330 4494 Azelinus
3381 4439 3714 4494 Lauduneu-
3749 4435 3756 4444 ’

447 4513 646 4577 bisset,
682 4515 938 4569 etontuit.
975 4517 1128 4582 Quod
1152 4521 1276 4588 quia
1320 4522 1545 4575 domnus
1573 4517 1856 4593 episcopus
1882 4541 2022 4595 saepe
2053 4491 2100 4550 ο
2129 4527 2266 4580 siutn
2311 4529 2596 4598 episeOpus
2653 4527 2982 4581 Harduinum
3023 4527 3460 4582 Noviomensium
3493 4529 3714 4598 episco-
3749 4597 3756 4602 π

449 4605 723 4670 narrabat,
753 4607 991 4661 scribere
1015 4618 1192 4662 ratum
1218 4610 1364 4674 duxi,
1394 4627 1460 4664 ne
1483 4622 1730 4680 posteros
1755 4614 2015 4676 latuisset,

449 4704 506 4748 ut
531 4697 772 4752 infideles
801 4700 1000 4769 quique
1026 4711 1379 4770 quaterentur
1407 4714 1637 4770 terrore,
1675 4707 1857 4762 ﬁdeles
1892 4723 2022 4762 vero

451 4789 642 4844 merito
675 4789 989 4846 letarcntur.

521 5053 588 5084 “"
626 5056 872 5110 canonici
914 5056 969 5110 2.
1048 5059 1117 5088 ’ἰδ
1154 5067 1395 5112 extorret
1433 5059 1574 5112 Cuir.

2129 4633 2254 4687 pum
2313 4619 2457 4672 omni
2516 4619 2810 4673 calliditate
2858 4629 2910 4672 et
2955 4619 3312 4673 fraudulentia
3364 4621 3712 4680 criminatus.

2129 4710 2310 4780 procul
2334 4721 2603 4764 extorrem
2623 4711 2692 4742 ⁸³⁵
2717 4721 2769 4765 et
2793 4712 3066 4780 indignum
3093 4713 3328 4766 fraterna
3351 4714 3714 4766 conventione
3751 4731 3754 4734 ·

2132 4815 2314 4854 coram
2344 4803 2675 4872 coepiscopis
2719 4803 2808 4872 qui
2840 4803 3058 4858 aderant
3083 4803 3423 4858 exclatttavit.
3456 4805 3534 4856 Ad
3557 4803 3716 4872 cujus

1730 4949 1963 5004 ΥΛΙὶΙΑΞ
2008 4952 2408 5008 LECTIONES.

1983 5175 2210 5234 NOTAE.

521 5303 666 5350 ιειξςιι
713 5303 1039 5350 ΑιΙεὶΙΙιηΙιΙιις
1077 5308 1361 5350 ριιῖρρηηιις
1385 5306 1478 5350 fuit
1515 5325 1539 5350 ει
1603 5311 1733 5350 ltHﬂ
1777 5315 1904 5350 Illa)":

2275 5337 2288 5350 .
2310 5317 2507 5350 ’Κινηιιηυ

2133 5318 2206 5350 I:n
2275 5318 2507 5350 n‘v-n'nl‘l
2721 5319 2885 5350 nla'nnn
2920 5319 3049 5350 ΛΙιῖἶσ
3086 5334 3111 5349 Α
3179 5319 3311 5350 Ini”.
3347 5329 3583 5350 Λιεηιιιὶοῆ
